4198 6198
370 325 489 383 419

1473 317 1658 381 που
1670 316 1722 378 Μ
1731 318 1830 378 EN
1838 317 1886 378 ll
1931 315 2238 378 ΤΗΙΟΟιΕ
2282 317 2657 378 EPlSCOPI.

3655 318 3771 382 420

370 458 431 513 in
465 473 564 514 eos
598 455 696 527 qui
729 470 846 509 non
889 452 962 508 ad
1011 450 1466 508 similitudinem
1522 450 2014 523 transgressionis

2131 447 2385 518 τηκότας.
2421 452 2544 510 Πῶς
2576 447 2674 522 γὰρ
2709 439 2776 504 ⁸ἃν
2837 448 3018 527 ἐξῆγε,
3072 447 3198 511 τοὺς
3261 447 3476 521 μᾶλλον
3536 448 3780 515 ἐοικότας

371 546 558 602 Adam
581 544 981 612 deliquerunt.
1018 562 1045 590 »
1105 559 1227 597 non
1286 559 1386 598 eos
1447 543 1652 598 eximit
1705 542 1805 614 qui
1847 541 1918 596 ab
1952 556 2019 596 eo

372 641 636 702 tempore
659 632 731 686 ad
755 632 1053 686 Christum
1076 649 1259 702 usque
1284 639 1687 704 peccaverant.
1713 634 1855 686 Nam
1879 647 2021 701 quo-

370 721 543 776 modo
573 720 705 773 illos
737 720 1040 786 eximeret,
1070 737 1203 774 cum
1264 721 1385 776 suis
1447 719 2022 794 transgressionibus

372 809 690 863 similiores
720 807 855 862 facti
881 809 1002 863 sint
1022 809 1462 881 peecatoipsius
1490 809 1674 864 Adam
1693 809 1720 863 ?
1741 810 1866 863 Non
1883 824 2020 879 ergo

371 898 531 967 ipsos
565 898 768 952 eximit
797 914 830 952 a
863 914 1041 970 regno
1074 915 1141 953 ac
1176 898 1408 953 domino
1465 898 1692 954 mortis.
1727 897 1882 952 266
1915 895 2020 950 sed

371 1003 478 1058 per
506 986 615 1040 hoc
639 987 798 1056 quod
831 987 930 1045 ait.
959 1010 985 1034 ‹‹
1013 987 1188 1042 etiam
1209 988 1268 1041 in
1301 1003 1402 1041 eos
1425 987 1522 1058 qui
1555 1003 1674 1040 non
1705 985 1778 1041 ad
1806 985 2019 1040 simili-

371 1075 638 1129 tudinem
657 1075 837 1130 Adam
855 1075 1236 1146 deliquerunt
1267 1101 1286 1125 ι
1308 1073 2021 1144 adjectioneconjunctio—

373 1164 468 1218 nis
498 1163 612 1229 καῖ,
641 1163 698 1218 id
727 1171 833 1220 est.
865 1169 1053 1230 etiam,
1088 1165 1222 1219 illos
1244 1165 1619 1237 potissimum
1647 1163 2016 1236 significavit.

375 1256 459 1307 Ac
493 1253 539 1308 si
574 1253 858 1308 dixisset:
893 1256 1018 1309 Non
1051 1255 1110 1308 in
1171 1254 1329 1309 solos
1385 1270 1487 1308 eos
1543 1253 1807 1326 regnavit
1838 1269 2017 1318 mors,

377 1343 478 1413 qui
512 1343 582 1398 ad
617 1344 1070 1398 similitudinem
1122 1343 1305 1398 Adam
1363 1343 1760 1414 deliquerant,
1819 1359 2019 1398 verum

375 1433 551 1489 etiam
585 1433 642 1487 in
677 1450 797 1492 eos.
822 1433 920 1503 qui
941 1449 1057 1486 non
1085 1431 1157 1486 ad
1181 1432 1633 1487 similitudinem
1659 1433 1788 1503 ejus
1810 1447 2021 1503 pecca-

373 1527 604 1576 verant.
635 1521 876 1576 Authoc
911 1521 1084 1575 modo
1116 1521 1434 1577 dicendum
1456 1527 1563 1589 est,
1589 1527 1654 1576 ut
1684 1537 1788 1592 per
1813 1522 2022 1592 hyper-

372 1610 548 1665 baton
575 1609 976 1682 intelligamus
1007 1609 1165 1680 quod
1195 1610 1419 1665 dictum
1453 1616 1560 1670 est.
1593 1633 1619 1660 «
1651 1614 1713 1663 ln
1748 1609 2023 1664 similitu-

369 1698 604 1752 dinem:
653 1719 676 1747 ιι
713 1705 770 1752 et
793 1698 963 1770 juxta
993 1699 1151 1754 hunc
1181 1705 1413 1772 tropum
1448 1698 1833 1770 explanemus
1863 1696 2021 1768 quod

371 1787 596 1843 dictum
631 1793 738 1853 est,
774 1810 802 1837 «ι
839 1787 1118 1860 Regnavit
1146 1805 1305 1844 mors
1335 1788 1406 1844 ab
1440 1788 1625 1843 Adam
1660 1788 1718 1842 in
1751 1787 2023 1842 similitu-

369 1875 566 1930 dinem
592 1878 1079 1949 transgressionis
1099 1877 1283 1932 Adam
1306 1893 1493 1948 usque
1515 1876 1588 1932 ad
1612 1875 2018 1940 Mosen,etiam

368 1965 430 2018 in
465 1982 564 2020 eos
597 1966 697 2031 qni
730 1983 847 2020 non
883 1972 1292 2037 peccaverunt.
1324 1989 1348 2014 ››
1381 1966 1463 2022 lta
1495 1983 1630 2039 ergo
1659 1963 2016 2030 ordinando,

367 2071 612 2109 sensum
648 2056 880 2127 aperire
942 2063 1192 2128 Oportet.
1220 2088 1284 2096 —
1319 2056 1462 2111 Vide
1494 2063 1694 2111 autem
1755 2071 1933 2126 quam
1964 2069 2026 2109 se

365 2145 596 2198 muniat
625 2144 939 2216 Apostolus
967 2162 979 2199 :
1005 2146 1152 2200 nein
1174 2151 1472 2216 posterum
1501 2145 1722 2216 injuria
1753 2143 2010 2200 afﬁcivi-

2131 543 2251 600 ταῖς
2283 533 2612 614 παραϐάσεσι
2642 541 2710 610 τῇ
2743 542 2836 591 τοῦ
2869 538 3048 610 Ἀδάμ
3079 540 3318 610 ἁμαρτίᾳ
3352 559 3365 608 ;
3415 539 3532 597 Οὐκ
3599 539 3774 614 ἐξάγει

2129 627 2309 682 τοίνυν
2340 628 2568 688 τοῦτους
2596 634 2694 697 τῆς
2725 631 2821 682 τοῦ
2880 627 3106 688 θανάτου
3168 629 3448 703 βασιλείας
3514 629 3603 684 καὶ
3660 627 3778 685 ἐπι-

2131 717 2403 791 κρατείας,
2436 715 2582 772 ἀλλά
2614 713 2700 770 διά
2727 717 2824 771 τοῦ
2857 717 3047 785 εἶπέν,
3082 741 3111 769 ‹‹
3142 718 3228 771 καὶ
3265 717 3352 774 ἐπὶ
3374 719 3500 779 τοὺς
3535 719 3612 790 μή
3643 718 3780 773 κατὰ

2131 805 2434 876 ὁμοιότητα
2471 809 2568 860 τοῦ
2601 803 2778 878 Ἀδὰμ
2820 806 3257 879 ἁμαρτήσαντας,
3295 830 3321 856 »
3375 809 3443 879 τῇ
3477 811 3775 882 προσρήσει

2130 898 2247 959 τοῦ,
2289 894 2376 949 καὶ
2434 893 2666 956 ἐκείνους
2727 893 2964 966 μάλιστα
3021 891 3430 970 παρεδήλωσεν.
3495 897 3649 960 Οἶον,
3701 896 3779 953 Οὐ

2134 984 2299 1054 μόνον
2337 983 2419 1037 ἐπὶ
2453 989 2563 1038 τῶν
2592 985 2729 1038 κατὰ
2783 985 3088 1055 ὁμοιότητα
3143 989 3239 1038 τοῦ
3291 983 3472 1057 Ἀδάμ
3529 987 3778 1062 ἁμαρτη-

2131 1073 2334 1126 σάντων
2361 1067 2704 1128 ἐϐασίλευσεν
2757 1074 2785 1127 ὁ
2813 1073 3057 1138 θάνατος,
3092 1072 3236 1128 ἁλλὰ
3266 1073 3354 1128 καὶ
3412 1074 3498 1128 ἐπὶ
3547 1079 3655 1130 τῶν
3692 1077 3767 1147 μὴ

2129 1160 2324 1234 ἐπὶτῷ
2383 1161 2698 1234 ὁμοιώματι
2763 1162 2931 1218 αὐτοῦ
2998 1164 3446 1238 ἁμαρτησάντων.
3489 1165 3555 1220 Ἢ
3609 1165 3782 1228 οὕτως

2131 1249 2347 1324 ῥητέον,
2405 1251 2441 1322 ἦ
2500 1251 2551 1306 ἐν
2602 1246 2889 1323 ὑπερϐατῷ
2936 1253 3254 1322 νοήσαντας,
3313 1254 3396 1320 τὸ,
3432 1277 3460 1306 ‹‹
3524 1255 3643 1312 Ἐπὶ
3695 1259 3773 1328 τῷ

2130 1341 2468 1412 ὁμοιώματι,
2502 1364 2530 1392 ››
2563 1339 2652 1395 καὶ
2684 1341 3100 1420 συμφράσαντας
3118 1341 3180 1396 τὸ
3212 1341 3375 1418 ρητὸν
3432 1343 3524 1398 τὸν
3576 1342 3778 1420 τρόπον

2127 1431 2341 1482 τοῦτον·
2379 1453 2408 1481 ‹‹
2441 1425 2600 1484 Ἀλλ’
2630 1423 2974 1484 ἐϐασίλευσεν
3008 1429 3036 1484 6
3071 1429 3296 1493 θάνατος
3327 1431 3432 1486 ἀπὸ
3482 1429 3660 1506 Ἀδάμ
3689 1430 3777 1488 ἐπὶ

2128 1519 2208 1588 τῷ
2257 1517 2571 1589 ὁμοιώματι
2628 1523 2728 1585 τῆς
2786 1511 3144 1592 παραϐάσεως
3196 1515 3377 1593 Ἀδάμ
3429 1518 3596 1596 μέχρι
3650 1528 3776 1579 Μω-

2130 1604 2288 1669 σέως,
2321 1606 2410 1660 καὶ
2444 1605 2529 1661 ἐπὶ
2561 1606 2688 1668 τοὺς
2731 1607 2808 1678 μή
2875 1606 3314 1677 ἁμαρτήσαντας.
3350 1633 3378 1660 ››
3436 1609 3626 1671 Οὕτως
3686 1610 3778 1664 οῦν

2132 1697 2505 1769 συντάξαντας,
2538 1695 2619 1752 δεῖ
2662 1695 2752 1752 τὸν
2799 1699 2927 1750 νοῦν
2982 1695 3298 1769 ἀναπτύξαι.
3330 1732 3398 1742 -
3437 1701 3775 1775 [ΟΙΚΟΥΜ.]

2129 1788 2267 1860 *Ορα
2300 1782 2357 1840 δὲ
2385 1787 2482 1856 τὴν
2535 1786 2829 1861 ἀσφάλειαν
2885 1787 2982 1841 τοῦ
3039 1785 3408 1844 Ἀποστὸλου·
3451 1787 3543 1844 ’ίνα
3577 1791 3651 1862 μή
3687 1787 3778 1844 δό-

2126 1875 2306 1946 ξωμεν
2355 1873 2548 1930 λοιπὸν
2606 1872 2926 1944 ἁδιιεῖσθαι,
2996 1874 3066 1932 δι’
3117 1875 3288 1932 ἄλλον
3348 1879 3779 1950 ἀποθνήσκοντες

2127 1964 2298 2018 εἶπεν·
2334 1987 2361 2015 ‹‹
2393 1963 2661 2038 Ἀμαρτία
2691 1966 2754 2034 ἦν
2799 1964 2850 2020 ἐν
2881 1964 3092 2040 κόσμῳ,
3149 1966 3194 2021 εί
3234 1968 3323 2021 καὶ
3385 1969 3460 2041 μή
3525 1966 3768 2042 ἐλογίζε-

2125 2072 2210 2107 το.
2235 2075 2264 2106 ››
2295 2057 2592 2128 Τοιγαροῦν
2627 2051 2688 2108 οὐ
2723 2053 2891 2125 μόνον
2951 2052 3040 2109 ad
3091 2055 3182 2110 τὸν
3241 2052 3441 2129 Ἀδάμ,
3472 2054 3621 2112 ἀλλὰ
3677 2054 3768 2110 καὶ

2132 2137 2220 2195 διά
2249 2141 2346 2210 τήν
2377 2141 2642 2214 ἁμαρτίαν
2680 2141 3117 2217 ἀποθνήσκομεν.

365 2234 632 2298 deamur,
668 2234 824 2304 quod
857 2240 1096 2306 propter
1127 2235 1306 2290 alium
1342 2235 1670 2290 moriamur
1700 2233 1882 2289 dixit:
1917 2256 1943 2282 «
1981 2232 2297 2288 Peccatum
2329 2239 2454 2288 erat
2484 2233 2545 2288 in
2581 2231 2800 2289 mundo
2833 2233 2942 2289 etsi
2975 2249 3094 2289 non
3127 2232 3548 2305 imputabatur.
3584 2256 3605 2284 ι
3654 2235 3778 2290 Ita-

364 2339 476 2393 que
509 2338 626 2376 non
651 2329 890 2394 propter
920 2324 1112 2379 solum
1141 2323 1343 2385 Adam,
1379 2323 1481 2379 sed
1510 2330 1567 2380 et
1595 2330 1838 2396 propter
1868 2326 2136 2377 nostrum
2167 2329 2474 2392 peccatum
2510 2322 2814 2378 morimur.

445 2411 749 2476 ν,13,14.
801 2415 1086 2467 Pcrcalum
1144 2420 1324 2467 autem
1381 2430 1490 2468 non
1550 2415 1862 2484 imputatur
1917 2409 2014 2466 ubi

361 2515 470 2552 non
504 2504 578 2553 est
618 2499 724 2554 (ex.
765 2500 871 2554 Sed
909 2504 1162 2570 regnavit
1216 2518 1355 2556 mors
1385 2502 1452 2556 ab
1487 2503 1673 2556 A'lam
1727 2517 1898 2572 usque
1937 2500 2011 2554 ad

365 2589 544 2642 Mosen
575 2591 739 2642 etiam
771 2605 935 2660 super
965 2606 1052 2644 eos
1082 2593 1179 2660 qui
1218 2607 1326 2645 non
1359 2591 1714 2661 deliquerunt
1760 2590 1834 2644 ad
1861 2590 2015 2644 simi-

370 2677 653 2732 litudinem
714 2679 1160 2748 transgressionis
1207 2682 1405 2743 Adam,
1456 2681 1553 2751 qui
1609 2686 1685 2735 est
1719 2683 1902 2750 ﬁgura
1924 2681 2016 2747 fu-

375 2768 507 2823 turi.

444 2858 560 2929 Ego
591 2857 850 2913 arbitror
875 2865 1181 2932 peccatum
1214 2860 1311 2916 hic
1342 2859 1630 2931 appellari
1662 2859 1817 2931 quod
1853 2859 1917 2914 fit
1947 2875 2018 2915 ex

373 2948 840 3020 transgressione
873 2949 1018 3022 legis
1049 2950 1222 3005 Mosis
1252 2967 1318 3005 ac
1342 2955 1770 3022 prmceptorum
1806 2966 1935 3020 qua:
1955 2949 2016 3003 in

366 3051 435 3090 ea
463 3044 635 3091 sunt:
663 3045 804 3109 puta
826 3039 982 3109 quod
1010 3045 1280 3110 oporteat
1309 3039 1674 3106 circumcidi;
1701 3038 1857 3110 quod
1890 3036 2019 3094 sab-

363 3123 568 3178 batum
603 3141 834 3181 servare
861 3126 1052 3196 :quod
1071 3127 1194 3181 haec
1227 3125 1420 3195 edere,
1455 3126 1526 3182 ab
1561 3126 1680 3180 illis
1706 3141 1839 3180 vero
1881 3123 2012 3179 abs-

365 3215 575 3270 tinere.
606 3216 748 3270 Cum
801 3217 955 3272 enim
994 3218 1408 3273 unix-ersaliter
1438 3223 1496 3272 et
1552 3217 1772 3289 ubique
1804 3231 2014 3288 pecca-

368 3310 492 3360 tum
525 3311 702 3373 esset,
737 3311 794 3360 et
823 3322 890 3361 ex
933 3307 1242 3362 hominum
1276 3313 1486 3361 natura
1531 3311 2008 3379 cognosceretur,

370 3401 426 3449 et
457 3401 582 3450 erat
613 3402 671 3450 et
700 3395 1122 3467 imputabatur,
1174 3396 1351 3451 veluti
1410 3397 1823 3458 homicidium.
1883 3395 2009 3450 fur-

364 3490 510 3548 tum,
546 3503 863 3556 puerorum
907 3487 1320 3557 corruptio.'et
1349 3487 1569 3542 similia
1603 3504 1614 3540 :
1679 3487 2010 3556 horumque

363 3581 545 3630 testes
577 3581 715 3630 sunt
744 3575 905 3631 Cain.
943 3576 1216 3642 Lamech,
1249 3577 1308 3630 hi
1361 3578 1459 3648 qui
1519 3581 1690 3631 erant
1748 3581 2010 3646 tempore

363 3664 588 3728 diluvii,
645 3664 980 3720 Sodomitm.
1043 3666 1232 3738 Super
1286 3667 1380 3722 his
1440 3683 1696 3738 namque
1755 3665 2012 3738 peccatis

367 3756 542 3810 etiam
580 3755 869 3811 naturalis
908 3755 1000 3810 lex
1035 3757 1224 3828 posita
1254 3761 1396 3812 erat.
1457 3757 1698 3812 Creator
1755 3769 2011 3826 namque

367 3845 672 3900 hominem
705 3846 779 3901 ad
811 3862 938 3901 esse
955 3845 1310 3918 producens,
1333 3852 1456 3901 tum
1477 3862 1681 3901 eorum
1707 3861 1836 3916 quas
1861 3844 2014 3898 facta

362 3941 520 4000 sunt,
549 3940 669 3989 tum
703 3935 942 3990 illorum
989 3953 1125 4007 quae
1178 3942 1319 3991 sunt
1376 3942 1618 4003 mterna,
1678 3932 2013 3989 naturalem

364 4023 681 4093 quamdam
707 4023 1346 4097 indiditcognitionem.
1368 4026 1754 4080 Aiuntautem
1775 4025 2013 4078 Patrum

368 4111 612 4182 quidam
643 4112 798 4166 inter
829 4131 976 4184 quos
1017 4120 1106 4169 est
1159 4121 1217 4170 et
1270 4115 1601 4188 Gregorius,
1638 4114 1699 4167 in
1754 4110 2015 4167 hominis

362 4201 663 4258 creatione
699 4203 1045 4259 mandatum
1077 4203 1228 4259 iltud
1275 4204 1416 4258 Adm
1471 4202 1775 4269 traditum,
1834 4215 1910 4255 ne
1943 4197 2014 4255 de

364 4291 525 4362 ligno
556 4292 818 4348 scientia:
851 4292 990 4348 boni
1051 4300 1107 4348 et
1140 4292 1281 4348 mali
1335 4291 1556 4356 ederet,
1593 4292 1770 4346 etiam
1825 4289 2016 4362 legem

363 4381 572 4448 fuisse,
607 4399 736 4453 quas
768 4382 826 4436 in
861 4383 1200 4438 universum
1224 4381 1349 4436 hinc
1377 4386 1618 4452 peccata
1641 4379 2013 4452 prohiberet:

365 4470 597 4543 lignum
630 4472 789 4526 enim
823 4471 980 4543 quod
1012 4471 1323 4525 scientiam
1356 4469 1496 4524 boni
1537 4475 1597 4525 et
1643 4469 1783 4524 mali
1816 4469 2016 4524 efﬁce-

366 4567 460 4614 ret
487 4566 797 4630 peccatum
827 4576 955 4614 esse
988 4559 1427 4614 intellexerunt.

448 4670 473 4699 α
506 4649 618 4704 Sed
657 4649 921 4721 regnavit
954 4664 1111 4702 mors
1167 4647 1240 4703 ab
1293 4647 1498 4703 Adam.
1534 4668 1560 4699 ιι
1623 4647 1770 4704 Ωϐἵ
1811 4645 2016 4702 Debito
2052 4633 2093 4696 D

365 4737 597 4800 ordine.
633 4743 868 4808 sumpta
899 4738 1369 4810 transgressione
1418 4738 1629 4801 Adam,
1680 4738 1879 4792 Mosen
1910 4752 2015 4808 ap-

364 4826 550 4898 pellat
583 4842 757 4880 omne
790 4834 954 4882 vetus
987 4827 1450 4884 instrumentum
1485 4845 1497 4882 :
1551 4827 1704 4882 sicut
1734 4825 1814 4881 ibi
1849 4843 1861 4880 :
1896 4849 1922 4874 ‹‹
1959 4824 2016 4880 Si

366 4918 566 4972 Mosen
604 4931 723 4969 non
757 4916 1008 4970 audiunt
1040 4916 1100 4972 ιθ.
1137 4941 1163 4967 ››
1215 4919 1467 4990 Tempus
1500 4917 1698 4988 itaque
1731 4931 1919 4986 usque
1946 4913 2020 4970 ad

361 5004 586 5058 Christi
621 5003 937 5060 adventum
974 5006 1117 5061 dicit
1155 5007 1371 5061 Mosen.
1408 5006 1504 5060 Ait
1547 5021 1684 5076 ergo
1717 5003 1872 5076 quod
1924 5020 2021 5058 us-

369 5111 485 5166 que
516 5094 587 5149 ad
622 5101 784 5150 vetus
826 5102 1246 5151 testamentum
1307 5095 1561 5150 habebat
1617 5111 1778 5148 mors
1828 5093 2020 5148 domi-

369 5203 512 5240 num
543 5203 555 5252 ;
591 5203 750 5241 nunc
778 5187 936 5242 enim
970 5187 1030 5242 in
1064 5204 1209 5242 novo
1243 5204 1346 5258 per
1373 5185 1588 5241 Christi
1620 5185 1868 5257 gratiam
1899 5183 2020 5239 dis-

368 5275 565 5330 soluta
598 5281 705 5330 est.
743 5293 810 5332 ac
870 5277 968 5330 Dei
1027 5277 1214 5330 nostri
1275 5275 1564 5348 sanguine
1614 5289 1834 5329 eversa.
1894 5274 2021 5327 Non

367 5373 682 5435 peccantes
714 5372 911 5420 autem
944 5366 1089 5420 dicit
1110 5382 1210 5420 eos
1243 5366 1342 5436 qui
1373 5365 1616 5419 fuerunt
1635 5370 1773 5418 ante
1805 5362 2015 5434 legem.

365 5483 434 5494 —
452 5455 580 5509 Non
607 5455 762 5528 quod
782 5455 843 5510 hi
870 5456 969 5526 qui
995 5455 1185 5529 legem
1207 5459 1636 5526 praecesserant
1657 5468 1778 5507 non
1808 5467 2022 5522 pecca-

440 5627 486 5664 ¹⁹
510 5623 644 5684 Luc.
679 5645 785 5697 xw,
815 5629 904 5685 31.

2197 2411 2471 2486 Ἀμαρτία
2551 2406 2608 2465 δὶ
2674 2409 2772 2464 οῦκ
2830 2408 3137 2485 ἐλλογεῖται
3172 2454 3186 2475 ,
3250 2413 3325 2482 μή
3387 2411 3541 2472 ὄντος
3601 2410 3775 2483 νόμου

2127 2496 2283 2555 Ἀλλ’
2366 2494 2705 2554 ἐϐασίλευσεν
2758 2499 2785 2552 6
2839 2503 3062 2561 θάνατος
3146 2499 3250 2553 ἀπὸ
3335 2497 3515 2572 Ἀδάμ
3610 2502 3777 2577 μεχρι

2126 2589 2424 2654 Μωυσέως,
2458 2588 2548 2643 καὶ
2599 2586 2685 2644 ἐπὶ
2743 2588 2870 2650 τοὺς
2933 2589 3008 2660 μὴ
3079 2589 3492 2664 ἁμαρτήσαντας
3545 2587 3633 2644 ἐπὶ
3690 2593 3771 2660 τῷ

2127 2678 2442 2750 ὁμοιώματι
2489 2683 2591 2746 τῆς
2647 2671 3005 2752 παραϐάσεως
3045 2677 3245 2749 Ἀδάμ,
3303 2678 3362 2741 ὃς
3428 2677 3539 2733 ἐστι
3604 2677 3780 2740 τύπος

2124 2769 2223 2821 τοῦ
2267 2765 2594 2837 μέλλοντος.

2196 2856 2352 2930 [ΤΟΥ
2387 2858 2628 2912 ΑΥΤΟΥ.
2664 2855 2682 2928 ]
2715 2853 2862 2928 Ἐγὼ
2893 2853 3103 2926 νομίζω
3143 2855 3408 2928 ἁμαρτίαν
3443 2854 3625 2930 λέγειν
3684 2854 3776 2910 αὸ-

2124 2943 2215 2999 τὸν
2255 2944 2478 3000 ἐνταῦθα
2533 2945 2632 3013 τήν
2681 2944 2741 2998 ἐκ
2805 2949 2904 3012 τῆς
2945 2938 3305 3016 παραϐάσεως
3362 2949 3459 3000 τοῦ
3530 2943 3772 3006 Μωσέως

2123 3034 2297 3106 νόμου
2363 3034 2450 3089 καὶ
2511 3038 2620 3088 τῶν
2687 3033 2856 3087 ἒκεῖσε
2912 3029 3292 3106 ἐπιταγμάτων
3373 3033 3782 3108 συνισταμένην.

2127 3125 2280 3194 Οἶον,
2310 3129 2408 3179 τοῦ
2468 3121 2575 3179 δεῖν
2636 3117 3066 3198 περιτέμνεσθαι,
3117 3128 3222 3178 τοῦ
3300 3119 3785 3194 σαϐϐατίζειν,καὶ

2124 3211 2252 3269 τάδε
2293 3215 2388 3287 μὶν
2447 3213 2664 3281 ἐσθίειν,
2722 3208 2893 3268 τῶνδε
2945 3207 3003 3271 δὶ
3059 3212 3343 3289 ἀπέχεσαι.
3389 3214 3538 3270 Ἐπεὶ
3570 3216 3604 3284 ἡ
3635 3215 3767 3269 καθ·

2125 3301 2264 3360 όλου
2297 3303 2531 3378 ἁμαρτία
2561 3305 2626 3373 ἧν
2660 3305 2748 3358 καὶ
2780 3304 2914 3376 αὖτὴ
2975 3310 3042 3380 τῇ
3105 3309 3209 3359 τῶν
3271 3304 3572 3378 ἀνθρώπων
3615 3302 3772 3382 φῦσει

2119 3396 2509 3468 γινοσκομὲνη,
2539 3391 2628 3447 καὶ
2659 3394 2727 3462 ἦν
2757 3395 2842 3448 καὶ
2876 3393 3205 3470 ἐνεκογεῖτο,
3264 3395 3380 3448 οἷον
3421 3389 3773 3472 ἁνδροιρονία,

2116 3483 2325 3551 κλοπὴ,
2379 3480 2746 3556 παιδοφθορία
2812 3485 2900 3538 καὶ
2957 3485 3024 3540 τά
3076 3483 3264 3556 ὅμοια.
3329 3482 3432 3540 Καὶ
3495 3482 3763 3557 μάρτυρες

2115 3570 2323 3626 τούτων
2359 3574 2507 3639 Κάϊν,
2565 3571 2782 3646 Λάμεχ,
2843 3574 2893 3627 οἱ
2953 3571 3040 3627 ἐπὶ
3098 3576 3196 3627 τοῦ
3253 3567 3666 3638 κατακλυσμοῦ,
3714 3569 3766 3622 οἱ

2119 3656 2437 3732 Σοδομῖται.
2472 3657 2593 3714 Έπί
2641 3659 2742 3734 γάρ
2791 3660 2997 3715 τούτων
3024 3665 3133 3715 τῶν
3167 3661 3447 3733 ἁμαρτιῶν
3479 3657 3572 3713 καὶ
3603 3658 3632 3712 ὁ
3664 3677 3770 3735 {pu-

2119 3748 2268 3809 σικὸς
2300 3742 2472 3802 ἔκειτο
2497 3746 2682 3818 νόμος.
2715 3749 2775 3803 Ὀ
2797 3748 2900 3823 γὰρ
2962 3749 3310 3823 Δημιουργὸς
3365 3747 3625 3824 παράγων
3685 3745 3762 3806 εἷς

2121 3833 2320 3892 δὲνεσιν
2351 3837 2440 3891 τὸν
2472 3834 2776 3910 ἄνθρωπον,
2806 3837 2914 3891 τῶν
2961 3859 3019 3893 τε
3076 3839 3386 3914 πρακτέων,
3441 3841 3548 3892 τῶν
3614 3855 3672 3890 τε
3703 3833 3763 3888 οὐ

2120 3928 2423 3999 πρακτέων,
2484 3927 2713 4003 φυσικήν
2775 3946 2894 3981 τινα
2950 3931 3148 4001 γνῶσιν
3206 3925 3454 3982 ἐνέθεικε.
3515 3923 3652 3980 Φασὶ
3713 3918 3770 3977 δέ

2119 4034 2261 4075 τινες
2293 4017 2400 4070 τῶν
2447 4011 2722 4089 Ματέρων,
2783 4015 2855 4069 ὧν
2915 4015 3025 4070 ἔστι
3079 4015 3169 4070 καὶ
3229 4015 3551 4090 Γρηγὸριος,
3605 4013 3660 4069 ἓν
3689 4015 3768 4084 τῷ

2120 4107 2218 4158 τοῦ
2241 4102 2531 4176 ἀνθρώπου
2582 4104 2881 4175 ποιήματι,
2940 4102 3028 4158 καί
3085 4101 3188 4172 τήδ
3251 4103 3477 4171 ἐντολὴν
3535 4104 3634 4172 τήν
3693 4106 3772 4175 τῷ

2121 4191 2302 4264 ’Λδὰμ
2332 4189 2600 4258 δοθεῖσαν,
2654 4193 2730 4264 μή
2764 4197 2954 4270 φαγεῖν
3015 4191 3073 4248 ἐκ
3109 4197 3207 4248 τοῦ
3265 4193 3546 4271 γινώσκειν
3604 4189 3771 4246 καλὸν

2122 4282 2208 4338 καὶ
2246 4280 2483 4356 πονηρὸν
2519 4279 2706 4353 ξύλου,
2735 4282 2905 4355 νόμον
2953 4284 3109 4353 εἶναι,
3143 4285 3423 4357 ἁμαρτιῶν
3453 4282 3658 4337 τούτων
3702 4279 3770 4351 δὴ

2121 4377 2230 4427 τῶν
2262 4369 2502 4435 καθόλου
2533 4371 2876 4448 ἀπείργοντα.
2909 4372 2986 4429 Τὸ
3017 4374 3121 4448 γὰρ
3160 4371 3321 4446 ξύλον
3379 4372 3440 4427 τὸ
3471 4372 3768 4442 ποιητικὴν

2121 4467 2224 4531 τῆς
2246 4460 2496 4536 γνώσεως
2525 4465 2622 4516 τοῦ
2650 4459 2824 4517 καλοῦ
2863 4461 2954 4517 καί
3013 4465 3277 4536 πονηροῦ,
3337 4460 3604 4537 ἁμαρτίαν
3635 4460 3775 4516 εἶναι

2127 4548 2391 4623 ἐδέξαντο.

2197 4638 2419 4696 «Ἀλλ’
2485 4634 2828 4696 ἐϐασίλευσεν
2912 4642 2940 4695 6
3027 4642 3253 4704 θάνατος
3343 4639 3447 4694 ἀπὸ
3507 4637 3700 4712 Ἀδάμ.
3747 4662 3774 4691 ιι

2129 4728 2357 4805 Ε’ίρμὸν,
2401 4725 2587 4785 λαϐὼν
2638 4731 2738 4800 τήν
2794 4734 2891 4785 τοῦ
2957 4725 3130 4804 Ἀδάμ
3185 4724 3510 4805 παράϐασιν,
3579 4727 3776 4786 Muci:

2127 4819 2282 4899 φησὶ,
2320 4825 2492 4875 πᾶσαν
2544 4820 2645 4889 τὴν
2697 4816 2954 4890 παλαιάν,
3018 4819 3093 4882 ὡς
3150 4818 3278 4886 ἐκεῖ,
3323 4844 3351 4872 ‹(
3409 4819 3476 4874 ΕΤ
3534 4816 3775 4880 Μωσέως

2125 4910 2228 4964 οὐκ
2275 4907 2554 4965 ἀκούουσι.
2586 4932 2614 4960 ››
2675 4908 2781 4964 Τὸν
2835 4907 2928 4962 οῦν
2988 4907 3119 4983 ἄχρι
3175 4915 3275 4978 τῆς
3327 4906 3625 4979 ἐπιδημίας
3677 4908 3776 4961 τοῦ

2127 5002 2367 5076 Χριστοῦ
2417 4997 2647 5076 χρόνον,
2680 4995 2878 5052 Μωσὲα
2909 4995 3074 5070 λέγει.
3143 4997 3318 5067 Φήσῖν
3370 4995 3485 5061 οῦν,
3517 4995 3601 5052 δτι
3641 4993 3776 5071 ἄχρι

2126 5096 2227 5157 τῆς
2286 5085 2520 5148 παλαιᾶς
2603 5083 2870 5156 διαθήκης
2957 5083 3233 5161 ἐπεκράτει
3293 5087 3322 5141 6
3376 5087 3625 5148 θάνατος·
3689 5090 3778 5140 νῦν

2128 5179 2232 5253 γάρ
2264 5177 2315 5230 ἐν
2343 5179 2411 5248 τῇ
2468 5176 2578 5245 νεα,
2636 5177 2824 5249 χάριτι
2879 5176 3109 5246 Χριστοῦ
3168 5173 3390 5230 λέλυται
3451 5179 3530 5246 τῷ
3587 5172 3776 5247 α’ἶματι

2129 5272 2225 5323 τοῦ
2277 5269 2408 5322 Θεοῦ
2466 5267 2649 5338 ἡμῶν.
2700 5265 2787 5332 Μή
2840 5265 3255 5338 ἁμαρτήσαντας
3311 5261 3370 5319 δὲ
3426 5286 3582 5342 φησι,
3644 5263 3771 5324 τοὺς

2127 5356 2234 5431 πρὸ
2263 5358 2358 5408 τοῦ
2386 5352 2582 5425 νόμου.
2624 5385 2684 5396 -ιο
2715 5353 3047 5426 [ΟΙΚΟΥΜ.]
3078 5350 3190 5410 Οὐκ
3219 5351 3405 5423 ἐπειδή
3441 5353 3492 5407 οἱ
3534 5353 3640 5427 πρὸ
3679 5352 3774 5404 τοῦ

2128 5446 2300 5518 νόμου
2352 5441 2460 5517 οὐχ
2515 5441 2830 5517 ἡμάρτανον
2878 5485 2892 5512 ,
2949 5439 3190 5514 (μᾶλλον
3247 5443 3346 5517 γάρ
3410 5441 3605 5496 ὁκιῖνοι
3665 5442 3773 5494 τῶν
