4198 6198
364 296 481 359 421

1465 295 1869 358 COMMEN’I‘.
1921 295 1992 353 IN
2043 297 2285 359 EPIS'l‘.
2340 299 2441 356 Al)
2489 297 2671 357 ΡιΟΜ.

3663 302 3780 360 422

372 425 509 500 μετά
537 425 630 481 τὸν
662 423 1046 500 νόμον.)ἀλλὰ
1087 423 1176 481 διὰ
1230 428 1330 497 τὴν
1377 425 1551 482 αἰτίαν
1606 426 1674 497 ἥν
1720 428 1878 490 αὐτὸς
1935 428 2015 483 εἶ-

2140 427 2295 494 bant,
2329 428 2623 500 siquidem
2655 429 2742 484 illi
2776 431 2961 503 magis
3019 429 3466 501 delinquebant,
3504 450 3681 504 quam
3713 434 3774 489 hi

369 536 490 577 πεν.
522 515 609 570 ’ὁτι
649 517 889 590 ἁμαρτία
924 518 1019 588 μέν
1075 517 1142 585 ἧν
1209 520 1298 571 καὶ
1357 515 1641 591 ἐνηργεῖτο
1693 519 1836 593 παρᾶ
1918 523 2022 573 τῶν

370 605 705 680 ἀνθρώπων,
732 605 830 658 οὐκ
859 602 1135 680 ἐλογίζετο
1170 603 1226 660 δὲ
1257 605 1462 672 αὐτοῖς,
1526 605 1616 662 διά
1667 608 1729 662 τὸ
1765 609 1842 681 μὴ
1889 607 2024 662 εἶναι

372 695 547 766 νόμον
596 693 691 748 τὸν
749 695 850 760 τήν
910 694 1176 768 ἁμαρτίαν
1237 696 1660 770 ἀπαγορεῦοντα.
1717 704 1877 751 ᾯσον
1937 697 2026 751 οὖν

379 784 518 859 πρὸς
549 781 611 836 τό
643 785 717 856 μὴ
743 779 1056 857 λογίζεσθαι
1087 785 1192 858 πρὸ
1222 789 1319 839 τοῦ
1352 788 1523 857 νόμου
1569 788 1670 855 τὴν
1739 786 2024 862 ἁμαρτίαν,

371 873 635 946 (άμιρτὶα
696 872 821 947 γὰρ,
891 874 1072 949 φησῖν,
1133 873 1233 928 05x
1325 873 1640 951 iA‘xovsi‘tzt
1731 878 1806 945 μὴ
1870 873 2026 934 ὄντος

373 961 595 1032 νόμουσ)
627 961 1000 1034 ἀναμάρτητοι
1031 963 1168 1030 ἦσαν
1197 962 1259 1016 τὸ
1323 961 1578 1033 τηνικάδε
1629 965 1680 1017 οἱ
1727 962 2026 1038 ἅνθρωποι,

372 1051 554 1105 καίτοι
588 1050 1001 1124 ἁμαρτάνοντες.
1037 1053 1190 1112 «Ὃς
1249 1049 1360 1107 ἐστι
1420 1053 1588 1115 τόπος
1644 1057 1739 1106 τοῦ
1794 1053 2026 1120 μέλλον-

372 1159 492 1199 τος.
529 1163 558 1190 ››
589 1141 705 1207 “QQ,
735 1138 924 1215 φησὶν,
980 1136 1176 1213 Ἀδὰμ,
1232 1140 1399 1202 τόπος
1444 1142 1512 1210 ἦν
1568 1147 1668 1196 τοῦ
1729 1139 2030 1214 μέλλοντος

372 1222 654 1306 ἔρχεσθαι,
738 1230 1004 1298 τουτέστι,
1054 1234 1151 1285 τοῦ
1236 1235 1496 1305 Χριστοῦ.
1582 1235 1703 1292 Πῶς
1752 1250 1765 1299 ;
1824 1229 2027 1305 ὥσπερ,

372 1321 454 1389 τῷ
513 1319 723 1390 θανάτῳ
779 1323 876 1372 τοῦ
945 1315 1124 1392 Ἀδάμ
1192 1324 1380 1382 πάντες
1443 1321 1800 1388 ἀπέθνησκον,
1858 1320 2032 1382 οὕτως

375 1411 454 1478 τῷ
487 1409 695 1479 θανάτῳ
733 1411 829 1460 τοῦ
933 1408 1190 1481 Χριστοῦ,
1295 1410 1490 1471 πάντες
1590 1409 1864 1482 ζησόμεθα
1938 1408 2028 1464 καὶ

380 1495 816 1568 ἁναστησόμεθα·
852 1496 908 1549 Ὀ
941 1496 1034 1550 οῦν
1075 1497 1267 1568 τύπος,
1329 1497 1386 1552 ἐκ
1439 1503 1536 1553 τοῦ
1592 1498 1834 1553 ἐναντίου
1893 1518 2029 1570 συμ-

381 1577 638 1653 ϐέϐηκεν.
697 1616 762 1626 -
821 1585 1220 1660 [ἸΩΑΝΝυΥ.]
1298 1593 1498 1661 Ὥσπερ
1547 1587 1745 1648 ἐκεῖνος
1811 1592 1930 1648 τοῖς
1978 1585 2028 1655 ἐξ

375 1673 546 1728 αὐτοῦ
576 1672 754 1726 καίτοι
785 1693 845 1748 γε
869 1675 946 1746 μή
1005 1678 1262 1752 φαγοῦσιν
1291 1674 1398 1730 ἀπὸ
1453 1673 1550 1730 τοῦ
1605 1676 1772 1746 ξῦΛου
1811 1677 2030 1753 γέγονεν

383 1759 558 1822 αἶ’τ.ος
611 1763 838 1824 θανάτου
897 1759 985 1817 διὰ
1033 1766 1133 1831 τὴν
1193 1764 1396 1838 βρῶσιν
1461 1763 1826 1839 εἰσαχθέντος·
1888 1759 2031 1818 οὕτω
2065 1802 2108 1866 Β

454 1849 466 1864 .
531 1851 543 1866 .
586 1852 626 1866 ς,
767 1853 777 1866 .
925 1855 947 1866 ..
1035 1851 1085 1866 ...
1183 1852 1194 1866 .
1275 1856 1298 1866 -
1411 1851 1423 1866 .
1733 1855 1745 1866 .
1820 1849 1844 1866 ι.

374 1849 466 1905 καί
523 1851 552 1904 ὁ
586 1852 818 1920 Χριστὸς
858 1855 976 1912 τοῖς
1035 1851 1086 1921 ἑξ
1135 1852 1302 1906 αὐτοῦ
1332 1851 1512 1907 καίτοι
1561 1874 1622 1930 γε
1678 1855 1755 1926 μή
1817 1849 2028 1907 δικαιο-

379 1941 716 2016 πραγήσασι,
751 1938 942 2015 γέγονε
983 1940 1239 2014 πρόξενος
1293 1937 1662 2012 δικαιοσῦνης.
1693 1975 1762 1985 -ο
1820 1941 2030 2015 [ΦΩΤ]

383 2029 523 2103 Τρία
555 2028 695 2083 ἐστὶν
748 2028 799 2084 ἐν
855 2028 1073 2092 τούτοις
1128 2036 1247 2091 τοῖς
1304 2025 1697 2106 παραϐολικῶς
1756 2029 2033 2099 ἀλλήλοις

376 2119 774 2191 παρατεθείσιν,
853 2119 1121 2191 ὁμοιότης
1193 2139 1296 2190 τις,
1373 2118 1704 2190 ἐναντιότης,
1749 2114 2030 2194 ὑπερϐολή

377 2209 518 2262 κατά
543 2209 646 2275 τὴν
677 2207 1000 2280 ὁμοιότητα.
1037 2209 1378 2279 Ἐναντιότης
1439 2211 1560 2282 μὲν,
1619 2209 1875 2284 ἁμαρτία,
1909 2208 2034 2263 ἀνα-

383 2297 684 2372 μάρτητον,
739 2295 912 2376 ἔχθρα
965 2298 1101 2372 πρὸς
1159 2300 1310 2366 Θεὸν,
1368 2299 1459 2354 καὶ
1501 2298 1824 2376 καταλλαγὴ
1894 2297 2032 2372 πρὸς

379 2387 530 2455 Θεὸν,
588 2386 919 2460 κατάκριμα,
1001 2384 1299 2459 δικαίωμα*
1379 2385 1628 2442 ἀπώλεια
1674 2387 1763 2442 καὶ
1830 2391 2032 2458 πτῶμα

376 2475 468 2530 καὶ
528 2475 776 2544 Θάνατος,
827 2475 1070 2552 σωτηρία
1113 2477 1203 2531 καὶ
1265 2478 1378 2546 ζωὴ
1435 2476 1524 2532 καὶ
1593 2477 1897 2538 ἀνάστασις.
1966 2477 2032 2532 Ἡ

388 2566 483 2640 μὶν
541 2566 632 2620 05v
684 2566 992 2637 ἐναντιότης
1070 2567 1122 2622 ἑν
1181 2568 1418 2630 τούτοις.
1487 2569 1546 2625 ῚΙ
1627 2565 1684 2624 δὲ
1739 2568 2030 2642 ὁμοιότης,

381 2655 568 2728 ὥσπερ
599 2653 668 2710 δι’
699 2655 815 2717 ἑνὸς
843 2663 961 2718 τοῖς
993 2662 1122 2711 πᾶσι
1153 2657 1220 2711 τά
1276 2659 1451 2732 χείρω
1511 2660 1812 2724 συνέπεσεν,
1855 2658 2030 2719 οὕτως

387 2741 460 2797 δι’
499 2744 616 2803 ἰνὸς
656 2744 722 2798 τὰ
776 2745 983 2819 ἀμείνω
1041 2749 1158 2806 τοῖς
1214 2749 1374 2800 πᾶσιν
1422 2745 1754 2823 ἑπιγέγονεν,
1832 2747 1895 2804 Ἠ
1973 2743 2031 2801 δὲ

384 2829 690 2909 ὑπερϐολὴ,
724 2835 807 2889 ’ὁτι
838 2833 926 2889 ἐπὶ
962 2835 1056 2908 μὶν
1088 2839 1194 2889 τῶν
1258 2837 1524 2910 χειρόνων
1573 2836 1898 2910 συνέπραξαν
1951 2832 2030 2907 τῷ

381 2923 453 2978 ἐνὶ
487 2925 538 2977 οἱ
570 2921 798 2992 πολλοὶ,
833 2922 920 2978 ἐπὶ
951 2929 1030 2996 τῷ
1091 2930 1382 2998 μετασχεῖν
1413 2925 1610 2987 αὐτοὺς
1667 2929 1776 2980 τῶν
1823 2929 2025 2980 κακῶν.

383 3013 506 3070 Ἐπὶ
557 3011 614 3068 δὲ
659 3017 769 3068 τῶν
826 3014 1149 3087 ἀμεινόνων,
1209 3010 1388 3075 οὐδεὶς
1472 3015 1809 3090 συνέπραξεν,
1885 3013 2032 3068 ἀλλᾶ

387 3103 558 3176 μόνου
587 3106 683 3157 τοῦ
714 3103 831 3164 ἑνὸς
863 3106 1100 3177 Χριστοῦ
1165 3104 1228 3158 τὸ
1285 3105 1534 3178 χάρισμα
1589 3103 1827 3179 γέγονεν,
1890 3103 2029 3158 ὥστε

382 3191 493 3266 οὐχ
521 3191 726 3263 ὁμοίως
759 3193 844 3246 καὶ
879 3189 1090 3262 ἐπίσης,
1123 3191 1268 3247 ἀλλά
1295 3194 1412 3256 καθ’
1468 3187 1780 3266 ὑπερϐολὴν
1825 3193 1916 3246 καὶ
1970 3189 2030 3245 ἑκ

383 3277 694 3354 περισσείας
751 3281 785 3348 ἡ
828 3280 1112 3353 ὁμοιότης.
1176 3280 1349 3335 Ηάλιν
1411 3277 1499 3334 διὰ
1543 3285 1640 3334 τοῦ
1701 3277 1878 3352 Ἀδάμ
1926 3282 2034 3333 τῶν

387 3369 654 3443 χειρόνων
716 3368 1098 3443 εἷ’σαχθέντων,
1165 3369 1264 3424 οὐκ
1348 3369 1574 3443 ἀνῃρέθη
1647 3369 1813 3440 μόνον
1871 3371 2036 3424 ταῦτα

384 3460 544 3533 (ὅπερ
574 3458 649 3519 ὡς
684 3456 946 3518 ἐναντίοις
977 3457 1172 3531 ὅμοιον
1230 3458 1320 3513 καὶ
1379 3455 1683 3533 ἀνάλογον),
1744 3456 1889 3513 ἁλλᾶ
1946 3455 2036 3510 καὶ

391 3545 622 3617 ἐπεδόθη
666 3547 815 3622 παρὰ
845 3551 1084 3622 Χριστοῦ
1139 3547 1206 3602 τά
1243 3546 1472 3620 ἀμείνω.
1503 3553 1674 3622 Ὅπερ
1729 3548 1827 3616 τήν
1885 3547 2041 3620 ὑπερ-

405 3630 580 3702 ϐολὴν
631 3635 721 3690 καὶ
771 3636 870 3703 τήν
943 3637 1248 3707 περισσείαν
1299 3636 1643 3710 παρίστησιν.
1704 3636 1796 3692 Διό
1850 3655 2033 3716 φησιν’

401 3748 429 3778 ι(
462 3722 628 3782 Ἀλλ’
659 3725 769 3800 οὐχ
801 3725 872 3787 ὡς
901 3725 964 3780 τὸ
997 3726 1364 3801 παράπτωμα.
1395 3750 1423 3777 ››
1458 3726 1552 3781 Καὶ
1586 3725 1684 3802 δρα
1715 3725 1765 3780 τί
1796 3722 2037 3800 λέγειΕἰ

398 3815 572 3878 οὕτως
605 3815 810 3890 ἰσχύει,
842 3815 997 3890 φησί,
1049 3817 1112 3870 τὸ
1143 3816 1490 3890 παράπτωμα
1529 3819 1628 3871 τοῦ
1690 3815 1743 3872 Ἀ
1759 3812 1889 3887 δάμ,
1949 3814 2037 3868 καί

390 3924 485 3958 τοι
515 3904 728 3964 ἀσθενὲς
779 3905 837 3958 ’ὸν
888 3905 976 3958 καὶ
1031 3906 1168 3959 κατά
1222 3904 1364 3961 πολὺ
1417 3906 1730 3979 ἡττώμενον
1751 3908 1848 3958 τοῦ
1875 3903 2037 3979 χαρί-

396 4013 601 4065 σματος
631 3998 726 4048 τοῦ
757 3997 914 4062 Θεοῦ,
967 3993 1106 4049 ὥστε
1159 3995 1249 4048 καὶ
1308 3994 1433 4055 τοὺς
1491 3995 1566 4066 μή
1627 3995 2037 4069 ἁμαρτήσαντας

395 4087 723 4151 θανατῶσαι,
781 4081 936 4155 πόσῳ
980 4080 1191 4156 μᾶλλον
1265 4082 1616 4162 ὑπερισχύσει
1673 4083 1736 4137 τὸ
1793 4082 2039 4159 χάρισμα

389 4176 487 4226 τοῦ
513 4175 672 4240 Θεοῦ,
703 4171 794 4226 καὶ
825 4173 951 4236 τοὺς
985 4174 1060 4246 μή
1101 4172 1546 4248 κατορθώσαντας
1604 4175 1941 4241 ζωοποιῆσαι
1969 4174 2039 4246 τῇ

393 4259 700 4316 ἀναστάσεμ

391 4348 546 4408 Ἀλλ’
580 4349 693 4426 οὐχ
752 4347 827 4411 ὡς
884 4351 946 4405 τὸ
995 4352 1364 4426 παράπτωμα,
1426 4350 1604 4411 οὕτως
1657 4351 1744 4404 καὶ
1826 4349 1888 4403 τὸ
1936 4348 2039 4428 χά-

465 4460 646 4516 ρισμα.
685 4439 750 4496 bi
787 4441 890 4516 γάρ
987 4445 1066 4513 τῷ
1157 4439 1254 4496 τοῦ
1291 4441 1405 4503 ἑνὸς
1509 4439 1914 4514 παραπτώματι
1989 4439 2042 4494 οἳ

2135 519 2233 590 qui
2269 520 2456 590 legem
2490 520 2676 574 secuti
2712 526 2884 574 sunt:
2922 520 3023 574 sed
3056 521 3129 574 ob
3163 538 3399 575 causam
3435 539 3610 592 quam
3651 525 3776 596 ipse

2134 607 2594 679 praedixitquod
2620 615 2926 679 peccatum
2951 610 3191 679 quidem
3225 617 3369 669 erat.
3397 617 3452 665 et
3481 612 3553 665 ab
3587 615 3776 669 homi-

2135 696 2311 750 nibus
2337 697 2806 767 perpetrabatur.
2831 698 2933 751 sed
2966 699 3086 752 illis
3115 716 3232 752 non
3264 700 3682 770 imputabatur,
3717 718 3784 758 eo

2136 785 2292 856 quod
2325 786 2416 840 lex
2450 803 2569 840 non
2611 793 2769 841 esset
2799 804 2930 856 qum
2962 795 3269 858 peccatum
3304 796 3541 844 vetaret.
3578 789 3782 854 Quoad

2135 875 2245 928 hoc
2260 891 2396 947 ergo
2411 874 2567 945 quod
2587 892 2702 928 non
2720 876 3110 946 imputaretur
3125 883 3425 948 peccatum
3444 885 3579 932 ante
3598 879 3782 951 legem

2133 964 2300 1030 (Nam
2326 969 2654 1034 peccatum.
2677 964 2890 1034 inquit,
2925 981 3043 1018 non
3077 965 3402 1036 imputatur
3433 967 3532 1020 ubi
3558 985 3675 1022 non
3701 974 3791 1024 est

2135 1051 2272 1119 lex),
2305 1053 2433 1106 sine
2470 1060 2708 1123 peccato
2741 1059 2910 1107 erant
2940 1054 3038 1123 qui
3061 1060 3199 1108 tunc
3230 1055 3786 1111 vivebanthomines

2137 1141 2370 1196 etiamsi
2404 1143 2748 1213 peccabant.
2781 1164 2806 1194 ιι
2838 1143 2946 1208 Qui
2979 1149 3068 1197 est
3125 1146 3311 1215 figura
3357 1145 3558 1200 futuri.
3601 1169 3626 1193 ››
3657 1147 3786 1213 Qui,

2137 1229 2352 1300 inquit,
2385 1230 2571 1285 Adam
2605 1238 2732 1285 erat
2755 1231 2939 1302 ﬁgura
2969 1232 3099 1301 ejus
3155 1233 3253 1302 qui
3311 1238 3593 1287 venturus
3639 1240 3785 1299 erat,

2137 1315 2248 1371 hoc
2281 1324 2370 1371 est
2399 1317 2632 1372 Christi.
2665 1319 2931 1382 Quonam
2963 1317 3182 1372 modo?
3213 1319 3374 1373 Sicut
3394 1325 3582 1374 morte
3604 1320 3790 1374 Adam

2137 1421 2344 1460 omnes
2376 1405 2805 1472 moriebantur,
2838 1406 2918 1460 ita
2948 1407 3163 1460 Christi
3197 1415 3384 1462 morte
3417 1411 3792 1465 omnesvive-

2138 1511 2273 1550 mus
2304 1502 2362 1550 et
2391 1511 2786 1568 resurgemus.
2830 1497 3040 1568 Figura
3072 1513 3206 1570 ergo
3245 1515 3313 1552 ex
3371 1498 3616 1554 adverso
3652 1517 3790 1555 con-

2137 1585 2385 1656 gruit.—
2408 1585 2917 1649 Quemadmodum
2943 1585 3042 1640 ille
3074 1586 3147 1641 iis
3179 1587 3280 1657 qui
3311 1603 3345 1642 a
3367 1603 3428 1642 se
3461 1587 3788 1643 descende.

2139 1679 2291 1738 rent,
2326 1673 2558 1728 etiamsi
2614 1673 2684 1728 de
2736 1673 2896 1742 ligno
2959 1691 3079 1728 non
3139 1675 3420 1739 edissent,
3453 1676 3565 1730 fuit
3611 1693 3792 1732 causa

2143 1761 2349 1816 mortis
2373 1778 2503 1832 quae
2540 1778 2646 1832 per
2700 1778 2866 1817 esum
2926 1763 3168 1817 inducta
3224 1764 3497 1820 eratzita
3553 1781 3790 1836 quoque

2140 1852 2408 1908 Christus
2441 1870 2502 1908 se
2536 1854 2952 1924 sequentibus.
2985 1855 3162 1909 etiam
3198 1855 3246 1910 si
3286 1857 3452 1926 justa
3499 1873 3618 1911 non
3651 1856 3796 1928 egis-

2141 1948 2274 1996 sent
2295 1942 2793 2013 opera,justitiam
2827 1943 3184 1997 conciliavit.
3211 1974 3277 1983 —
3297 1945 3428 1998 Tria
3447 1952 3584 1999 sunt
3608 1944 3668 1998 in
3699 1945 3792 1998 his

2142 2047 2272 2104 qua:
2305 2031 2640 2102 parabolice
2664 2032 2774 2086 sibi
2811 2033 3062 2087 invicem
3094 2033 3458 2104 respondent
3491 2052 3503 2089 :
3539 2040 3681 2105 puta
3711 2034 3792 2088 si-

2141 2119 2416 2176 militudo
2449 2120 3142 2190 qumdam,contrarietas
3164 2128 3223 2176 et
3240 2137 3516 2176 excessus
3540 2123 3600 2176 in
3624 2122 3788 2176 simi-

2143 2209 2416 2264 litudine.
2451 2211 2852 2266 Contrarietas
2884 2211 3123 2282 quidem
3156 2219 3458 2281 peccatum
3493 2220 3551 2268 et
3579 2229 3789 2268 carens

2142 2305 2407 2370 peccato,
2440 2300 2756 2354 inimicitia
2785 2301 3065 2356 adversus
3117 2302 3322 2365 Deum,
3355 2308 3414 2355 et
3443 2302 3793 2358 reconcilia-

2141 2387 2222 2442 tio
2257 2404 2394 2460 erga
2452 2389 2656 2449 Deum,
2689 2389 3110 2444 condemnatio
3144 2397 3201 2443 et
3223 2390 3612 2462 justiﬁcatio;
3660 2408 3790 2462 per-

2141 2476 2308 2542 ditio,
2340 2493 2534 2538 casus.
2570 2495 2750 2545 mors,
2785 2479 2946 2533 salus
2977 2484 3036 2534 et
3065 2480 3419 2534 resurrectio
3479 2497 3613 2536 cum
3645 2482 3780 2536 vita.

2145 2567 2352 2638 Itaque
2385 2568 2445 2621 in
2478 2567 2571 2622 his
2603 2575 2694 2622 est
2744 2569 3152 2624 contrarietas.
3199 2570 3378 2624 Porro
3413 2570 3738 2626 similitudo
3776 2587 3790 2625 :

2141 2655 2301 2712 Sicut
2330 2673 2435 2728 per
2466 2673 2672 2721 unum,
2695 2658 2852 2712 mala
2868 2657 3144 2712 omnibus
3159 2658 3552 2730 contigerunt,
3587 2659 3666 2714 ita
3686 2675 3791 2730 per

2138 2761 2325 2800 unum
2383 2745 2539 2801 bona
2595 2747 2872 2802 omnibus
2914 2753 3255 2802 evenerunt.
3304 2749 3588 2802 Excessus
3628 2764 3788 2816 vero,

2139 2835 2279 2905 quia
2299 2835 2360 2889 in
2393 2836 2563 2890 malis
2585 2836 2752 2890 multi
2787 2842 2924 2890 sunt
2947 2837 3049 2891 uni
3071 2837 3449 2906 cooperatiut
3470 2837 3786 2907 participes

2138 2929 2339 2977 essent
2367 2923 2677 2988 malorum,
2703 2924 2764 2977 in
2797 2923 2971 2978 bonis
2999 2930 3196 2978 autem
3221 2923 3786 2995 nulluscooperatus

2148 3016 2258 3077 est,
2292 3012 2394 3066 sed
2421 3011 2597 3066 unius
2618 3012 2752 3066 Jesu
2784 3011 3000 3066 Christi
3023 3012 3246 3065 donum
3270 3011 3399 3065 fuit.
3433 3014 3636 3082 Itaque
3666 3029 3787 3067 non

2140 3098 2416 3154 similiter
2434 3106 2492 3154 et
2521 3117 2587 3153 ex
2620 3099 2921 3170 aequo,sed
2945 3116 3049 3170 per
3071 3116 3376 3156 excessum
3398 3108 3456 3156 et
3472 3101 3787 3157 abundan-

2142 3186 2286 3242 tiam
2309 3194 2400 3242 est
2429 3187 2780 3242 similitudo.
2819 3190 3070 3243 Rursum
3104 3206 3220 3243 non
3254 3190 3447 3244 solum
3475 3190 3631 3245 mala
3662 3191 3787 3246 hinc

2140 3292 2272 3348 qum
2296 3275 2538 3331 inducta
2562 3283 2731 3330 erant
2752 3292 2856 3348 per
2888 3276 3097 3336 Adam.
3123 3285 3428 3349 perempta
3448 3285 3606 3345 sunt,
3627 3279 3787 3350 quod

2144 3364 2326 3420 veluti
2360 3365 2420 3419 in
2453 3363 2769 3418 contrariis
2800 3365 3130 3420 similitudo
3151 3371 3273 3421 erat
3297 3383 3364 3421 ac
3382 3367 3786 3438 proportiona~

2139 3453 2489 3511 bile.verum
2513 3453 2692 3508 etiam
2725 3453 2927 3508 addita
2958 3461 3095 3508 sunt
3125 3471 3157 3509 a
3189 3455 3417 3510 Christo
3441 3455 3784 3523 dona,‘268

2140 3545 2299 3616 quod
2332 3560 2640 3600 excessum
2684 3561 2751 3599 ac
2779 3543 3205 3599 abundantiam
3230 3546 3472 3616 profert.
3507 3546 3644 3601 Ideo
3663 3548 3783 3602 ait:

2139 3657 2164 3684 (ι
2183 3637 2252 3688 At
2278 3650 2398 3688 non
2425 3633 2580 3688 sicut
2605 3640 2912 3704 peccatum
2945 3657 2970 3682 »
2987 3634 3056 3688 Et
3073 3635 3202 3689 vide
3221 3635 3364 3706 quid
3383 3636 3622 3690 dicat.Si
3639 3636 3784 3691 adeo

2139 3722 2402 3778 validum
2435 3728 2543 3782 est.
2577 3723 2792 3793 inquit,
2836 3729 3143 3794 peccatum
3202 3723 3388 3778 Adam
3421 3728 3788 3794 (quanquam

2142 3810 2336 3867 debile
2359 3828 2427 3867 ac
2457 3811 2644 3866 multo
2664 3812 3027 3868 imbecillius
3057 3813 3153 3866 Dei
3175 3812 3446 3881 dono).ut
3467 3813 3643 3866 etiam
3667 3829 3788 3867 non

2142 3907 2456 3972 peccantes
2487 3900 2818 3956 occideret:
2853 3909 3073 3972 quanto
3097 3901 3352 3972 amplius
3391 3901 3647 3972 majores
3681 3902 3784 3957 ha-

2141 3989 2304 4044 bebit
2333 3991 2482 4044 vires
2511 3990 2612 4046 Dei
2644 3989 2887 4056 donum,
2922 3997 2985 4043 ut
3017 3989 3106 4042 his
3137 3989 3314 4044 etiam
3348 3989 3446 4060 qui
3477 3990 3633 4044 bona
3664 4007 3785 4045 non

2145 4086 2394 4152 egerunt
2411 4095 2612 4152 opera,
2647 4079 2823 4134 vitam
2855 4078 3120 4133 conferat
3166 4094 3382 4149 eosque
3416 4079 3678 4135 suscitet.

2225 4346 2290 4412 V,
2328 4344 2411 4399 15.
2441 4345 2518 4399 At
2547 4359 2658 4398 non
2689 4345 2829 4398 sicut
2863 4349 3168 4412 peccatum.
3201 4343 3284 4398 ita
3313 4350 3364 4398 et
3393 4343 3614 4398 donum.
3649 4345 3788 4400 Nam

2145 4438 2191 4492 si
2220 4437 2383 4490 unius
2413 4434 2610 4488 delicto
2641 4431 2803 4487 multi
2830 4435 3034 4487 mortui
3061 4443 3210 4498 sunt,
3243 4433 3414 4487 multo
3448 4435 3628 4502 magis
3657 4450 3787 4503 gra-

460 4527 669 4585 πολλοὶ
724 4528 1007 4600 ἀπέθανον,
1070 4528 1271 4603 πολλῷ
1329 4527 1543 4604 μᾶλλον
1615 4531 1649 4599 ἡ
1711 4529 1873 4604 χάρις
1944 4525 2034 4584 τοῦ

2150 4525 2232 4581 tia
2267 4525 2386 4591 Dei,
2419 4529 2471 4577 et
2493 4521 2696 4576 donum
2727 4524 2785 4576 in
2812 4523 3025 4592 gratia,
3053 4537 3181 4593 qua:
3209 4525 3322 4590 fuit
3361 4523 3525 4578 unius
3556 4522 3790 4579 hominis

463 4617 617 4689 Θεοῦ,
647 4617 1006 4695 καὶὴδωρεὰ
1043 4617 1094 4675 ἰν
1157 4622 1367 4700 χάριτι,
1440 4623 1510 4694 τῇ
1583 4622 1680 4674 τοῦ
1751 4619 1869 4680 ἑνὸς
1945 4616 2039 4673 ἁν-

462 4707 681 4781 θρώπου
757 4709 936 4779 Ἰησοῦ
1039 4711 1279 4784 Χριστοῦ
1353 4708 1430 4773 εἷς
1505 4706 1751 4771 πολλοὺς
1827 4707 2040 4783 ἐπερίσ-

473 4815 652 4852 σευσεν
665 4840 677 4853 .

465 4885 728 4941 Βούλεται
790 4883 957 4957 δεῖξαι
1045 4885 1264 4960 μείζονα
1351 4885 1718 4962 ἐνεργήσασαν
1788 4887 1885 4954 τὴν
1941 4889 2039 4940 τοῦ

394 4973 636 5046 Χριστοῦ
667 4975 854 5048 χάριν.
885 4972 1027 5051 ἤπερ
1052 4976 1316 5050 ἐνήργησε
1360 4976 1423 5030 τὸ
1478 4997 1574 5030 του
1631 4971 1808 5048 Ἀδὰμ
1863 4977 2039 5049 παρά-

391 5083 615 5134 πτωμα.
652 5064 751 5119 Καὶ
802 5069 917 5119 πῶς
980 5069 1189 5131 10510;
1235 5065 1325 5119 καὶ
1382 5065 1485 5140 γάρ
1534 5067 1748 5139 ὁρῶμεν
1829 5066 1896 5118 τά
1953 5063 2039 5118 ξ’σα

395 5151 778 5225 ἰνεργγζσαντα,
813 5151 977 5207 εἶκαὶ
1031 5152 1239 5208 ἐναντία
1295 5154 1360 5208 τά
1417 5153 1782 5227 ἐνεργηθένταο
1837 5158 2036 5226 Ὥσπερ

388 5239 553 5315 γάρὴ
589 5240 798 5307 ὑπακοὴ
855 5247 953 5295 τοῦ
1009 5244 1244 5314 Χριστοῦ
1299 5241 1373 5304 είς
1459 5244 1660 5302 πάντας
1717 5241 2037 5315 ἀνθρώπους

385 5329 708 5403 παρέπεμψε
734 5332 830 5398 τήν
882 5333 1025 5399 {acip
1085 5333 1174 5386 xxi
1241 5337 1341 5399 τήν
1402 5332 1710 5397 ἀνάστασιν,
1768 5332 1861 5384 τὸν
1920 5327 2034 5384 ἷ’σον

384 5420 586 5492 τρόπον
616 5419 705 5472 καὶ
757 5421 790 5488 ἡ
824 5423 1072 5495 παρακοή
1101 5426 1197 5476 105
1228 5420 1409 5496 Ἀδάμ
1466 5420 1542 5481 εἷς
1575 5420 1778 5481 πάντας
1828 5420 2039 5495 ἀνθρὼ-

390 5529 528 5572 πους
553 5511 876 5585 παρέπεμψε
905 5513 998 5567 τὸν
1030 5512 1274 5570 θάνατον.
1312 5517 1432 5575 Ιιῶς
1490 5512 1584 5566 οὖν
1633 5532 1819 5592 φςσιν,
1855 5535 1883 5562 ‹‹
1916 5509 2039 5588 υῦχ

393 5595 465 5661 ὡς
492 5599 554 5654 τὸ
585 5599 955 5674 παράπτωμα,
1012 5599 1184 5663 οὕτως
1215 5599 1305 5657 καὶ
1351 5601 1416 5658 τὸ
1447 5600 1717 5677 χάρισμα.
1759 5622 1787 5652 ››
1823 5631 1888 5642 -
1920 5599 2040 5673 [οι-

2146 4616 2273 4672 Jesu
2296 4613 2504 4670 Christi
2528 4613 2586 4666 in
2608 4611 2804 4668 multos
2825 4612 3167 4667 exuberavit.

2223 4881 2358 4938 Vult
2403 4877 2718 4935 ostendere
2755 4877 2913 4948 quod
2946 4877 3174 4949 majora
3203 4877 3547 4949 prmstiterit
3577 4877 3793 4933 Christi

2147 4973 2333 5047 gratia
2365 4985 2541 5041 quam
2576 4974 2882 5038 peccatum
2913 4966 3101 5021 Adam
3171 4969 3463 5023 effecerat.
3501 4967 3561 5021 ld
3593 4974 3794 5022 autem

2149 5061 2443 5134 quomodo
2470 5063 2490 5111 ?
2515 5056 2812 5128 siquidem
2871 5072 2941 5111 ea
2999 5075 3129 5128 qum
3174 5059 3498 5112 elfecerunt
3529 5058 3794 5112 videmus

2148 5149 2424 5222 aequalia,
2458 5162 2802 5216 quanquam
2825 5147 3124 5201 contraria
3149 5147 3267 5200 sint
3298 5147 3402 5202 illa
3424 5165 3555 5218 qua:
3589 5149 3799 5201 effecta

2148 5247 2285 5297 sunt
2313 5233 2822 5302 Quemadmodum
2847 5235 3004 5288 enim
3027 5235 3238 5290 Christi
3266 5236 3603 5290 obedientia
3622 5237 3797 5289 vitam

2148 5347 2215 5387 ac
2239 5325 2742 5382 resurrectionem
2802 5323 2862 5378 in
2920 5340 3128 5378 omnes
3179 5325 3553 5379 transmisit:
3615 5323 3797 5378 simili

2149 5417 2322 5475 modo
2338 5422 2396 5469 et
2419 5413 2600 5468 Adam
2624 5411 3027 5468 inobedientia
3041 5420 3289 5467 mortem
3307 5413 3365 5467 in
3383 5430 3588 5467 omnes
3605 5419 3798 5466 trans-

2147 5506 2328 5565 misit.
2355 5501 2656 5569 Quomodo
2690 5517 2828 5574 ergo
2885 5501 3005 5557 ait:
3034 5524 3063 5552 «
3096 5503 3223 5558 Non
3267 5503 3420 5556 sicut
3465 5507 3795 5574 peccatum,

2148 5599 2232 5656 ita
2261 5600 2320 5653 et
2347 5591 2572 5652 donum
2589 5592 2618 5649 ?
2638 5589 2830 5659 nQuia
2860 5591 2970 5650 etsi
2994 5591 3326 5651 itaseseres
3347 5589 3798 5663 habeat,quem-
