4222 6194
453 281 566 342 423

1519 270 1945 333 (ECUMENII
1989 267 2294 330 ΤίὶΙΟΟιΕ
2333 265 2706 328 EPISCOPI.

3744 273 3862 332 424

450 415 768 472 admodum
800 409 1017 476 dixisti,
1051 409 1244 481 majus
1303 413 1391 463 est
1443 406 1602 478 quod
1664 405 1860 460 effecit
1915 402 2091 476 gratia

2217 400 2452 472 KOI‘M.]
2513 404 2628 456 *Ὁτι
2685 400 2778 457 καὶ
2835 402 3008 466 οὓτως
3071 401 3296 478 ἔχοντος
3364 409 3462 460 τοῦ
3546 405 3870 480 πράγματος

451 506 572 560 Dei.
601 505 713 558 Nec
746 499 1073 556 secundum
1107 501 1218 553 hoc
1249 499 1447 568 majus
1505 497 1634 552 dico
1696 494 1854 567 quod
1901 499 2104 564 posset

449 592 742 663 quispiam
775 590 1135 650 existimare,
1162 587 1316 658 quod
1353 587 1471 642 vita
1497 587 1688 656 major
1721 591 1782 639 et
1811 583 2106 638 excellen-

449 681 564 736 tior
596 681 673 734 sit
704 687 924 734 morte:
956 679 1058 733 sed
1086 678 1244 749 quod
1278 677 1474 748 reipsa
1510 692 1577 730 ac
1609 673 1882 729 efﬁcacia
1914 671 2112 742 majus

447 775 689 841 cperata
720 777 810 823 est
833 768 1046 823 Christi
1081 766 1448 830 obedientia,
1486 781 1669 836 quam
1717 760 2110 826 transgressio

445 858 654 914 Adam.
688 859 952 922 Quonam
989 857 1204 911 modo?
1234 855 1381 920 Quia
1416 871 1574 908 mors
1607 857 1844 923 sumpto
1868 848 2110 921 quidem

445 963 514 1003 ex
544 947 732 1002 Adam
755 947 1068 1019 principio,
1100 963 1426 1018 c00perans
1449 944 1666 1000 habuit
1693 947 1960 997 nostram
1983 955 2112 994 om-

443 1041 608 1094 nium
642 1047 974 1112 peccatum,
1006 1045 1074 1094 ut
1111 1039 1416 1093 adversam
1464 1051 1674 1092 omnes
1719 1030 2106 1105 praevaleret:

450 1131 677 1200 alioqui
731 1131 892 1185 enim
942 1147 1062 1184 non
1103 1129 1418 1200 praevaluis
1470 1133 1547 1194 et,
1583 1125 1630 1179 si
1670 1123 1800 1196 puri
1843 1121 1915 1175 ab
1947 1129 2108 1183 omni

448 1220 620 1276 sorde
672 1220 1032 1276 mansissent
1073 1219 1366 1274 homines.
1433 1215 1652 1272 Christi
1705 1229 1840 1267 vero
1899 1207 2105 1283 gratia,

450 1311 626 1365 etiam
647 1311 776 1364 sine
797 1315 1002 1364 nostra
1019 1307 1353 1378 cooperatio
1369 1323 1464 1374 ne,
1485 1305 1556 1360 ad
1575 1319 1782 1358 omnes
1805 1298 2106 1372 pervenit:

451 1400 630 1471 idque
661 1399 1042 1454 manifestum
1073 1397 1216 1452 facit
1242 1397 1430 1469 gratia
1463 1389 1937 1456 resurrectionis,
1977 1403 2110 1458 qum

450 1488 657 1544 nonin
689 1488 832 1542 solis
862 1487 1147 1542 duntaxat
1191 1485 1470 1542 ﬁdelibus
1519 1485 1796 1540 effectum
1843 1477 2106 1544 habebit,

448 1579 548 1648 qui
575 1576 754 1632 ﬁdem
777 1576 1057 1632 videntur
1074 1576 1397 1631 contulisse
1420 1591 1432 1629 :
1455 1590 1658 1628 verum
1691 1572 1750 1625 in
1781 1566 2106 1624 incredulis

446 1682 706 1736 quoque,
761 1672 905 1736 puta
949 1665 1167 1719 Judmis
1218 1681 1284 1720 ac
1336 1663 1570 1718 Graecis.
1616 1660 1801 1732 Majus
1847 1673 1982 1729 ergo
2017 1661 2106 1710 est

2223 489 2405 552 καθὼς
2439 489 2616 556 εἶπας,
2675 497 2860 563 μεῖζον
2919 491 3208 567 ἐνήργησεν
3249 496 3284 562 ἡ
3343 493 3507 569 χάρις
3563 499 3657 549 τοῦ
3714 500 3870 552 Θεοῦ.

2229 577 2322 634 Καὶ
2355 579 2414 633 οὐ
2447 581 2582 634 κατὰ
2610 585 2771 636 τοῦτο
2804 579 2948 655 λέγω
2977 589 3166 655 μεῖζον
3225 583 3324 656 (ὡς
3382 583 3441 638 ἄν
3497 606 3579 646 τις
3614 584 3870 656 οἰηθείη),

2221 670 2354 724 καθὸ
2391 670 2588 741 μείζων
2617 669 2703 725 καέ
2757 669 3130 750 διαφορωτὲρα
3189 675 3224 742 ἡ
3289 679 3402 742 ζωη
3461 679 3560 727 τοῦ
3619 675 3870 744 θανάτου,

2223 755 2348 812 ἀλλ’
2381 757 2462 814 ὅτι
2497 758 2586 814 καὶ
2620 759 2766 830 αύτῷ
2804 765 2884 831 τῷ
2941 759 3084 836 ἔργῳ
3147 762 3236 818 καὶ
3291 766 3360 836 τῇ
3419 761 3658 837 ἐνεργείᾳ
3687 769 3870 836 μεῖζον

2363 847 2373 864 ρ
2454 869 2479 880 ⁸
2735 871 2744 888 ο
2787 873 2816 884 μ
2859 854 2882 864 -ν
2945 851 2958 868 ν
3048 873 3058 882 _
3123 853 3136 870 ς
3226 859 3291 886 ,ν
3384 854 3396 872 9
3456 849 3504 870 ἢκ
3770 848 3832 874 Pr

2259 851 2578 922 .ργασα.οὴ
2643 855 2886 924 Χρ.σ.ου
2940 872 3168 920 υπακοη,
3237 873 3327 922 ιης
3405 863 3564 926 Αοαμ
3619 871 3870 928 παραθα-

2222 957 2376 1000 σεως.
2413 943 2536 1001 Πῶς
2571 941 2736 1007 ;’Ότι
2767 940 2796 994 6
2831 941 2926 1014 μὲν
2957 941 3181 1004 θάνατος
3215 943 3242 997 6
3279 943 3380 1011 τήν
3442 942 3622 1018 ἀρχῆν
3682 943 3740 999 ἐκ
3767 948 3865 998 τοῦ

2219 1025 2396 1102 Ἀδὰμ
2428 1025 2636 1100 λαϐὼν,
2671 1033 2976 1108 συνεργείαν
3011 1031 3142 1112 ἔσχε
3172 1032 3262 1088 καὶ
3291 1034 3391 1102 τήν
3421 1036 3580 1107 ἡμῶν
3609 1034 3860 1090 ἁπάντων

2219 1117 2509 1193 ἁμαρτίαν,
2575 1118 2664 1174 ἵνα
2721 1121 2858 1176 κατά
2909 1122 3122 1177 πάντων
3182 1122 3418 1202 ἴσχύσῃ,
3504 1123 3566 1178 οὗ
3649 1123 3860 1187 πάντως

2221 1205 2429 1286 ἶσχύειν
2463 1207 2706 1282 μέλλων,
2740 1210 2788 1265 εἴ·
2814 1212 3042 1287 καθαροὶ
3073 1215 3271 1274 παντὸς
3305 1212 3479 1288 ῥύπου
3538 1210 3750 1284 ἔμειναν
3811 1215 3862 1268 οἱ

2218 1296 2514 1372 ἅνθρωποι.
2558 1299 2617 1356 ἹΙ
2672 1297 2729 1354 δέ
2775 1321 2835 1376 γε
2891 1303 3134 1377 Χριστοῦ
3191 1303 3379 1380 χάρις,
3437 1303 3526 1357 καὶ
3584 1301 3708 1356 ἄνευ
3763 1309 3860 1372 τῆς

2217 1390 2378 1460 ἡμῶν
2433 1390 2752 1464 συνεργεεας,
2807 1390 2882 1452 εἷς
2968 1391 3166 1455 πάντας
3224 1393 3470 1472 ἀφίκετο.
3533 1394 3635 1450 Καὶ
3703 1397 3861 1448 τοῦτο

2218 1474 2388 1548 δηλοῖ
2413 1479 2476 1533 τὸ
2505 1480 2604 1548 τὴν
2662 1479 2823 1554 χάριν
2871 1487 2971 1550 τῆς
3027 1483 3386 1551 ἀναστάσεως,
3450 1484 3525 1557 μὴ
3575 1483 3738 1558 μόνον
3785 1483 3861 1544 εἷς

2211 1566 2346 1630 τοὺς
2395 1567 2619 1632 πιστοὺς
2679 1569 3032 1648 ἐνεργεῖσθαι,
3091 1571 3223 1635 τοὺς
3281 1575 3396 1628 οἷον
3459 1570 3710 1643 δόξαντας
3765 1575 3865 1644 τὴν

2213 1655 2394 1712 πίστιν
2455 1659 2838 1737 συνεισφέρειν,
2901 1659 3048 1716 ἀλλὰ
3109 1661 3199 1718 καὶ
3253 1663 3330 1722 εἰς
3395 1663 3522 1724 τοὺς
3581 1662 3863 1732 ἀπίστους,

445 1755 610 1827 quod
635 1771 668 1810 a
689 1755 860 1809 nobis
885 1771 1003 1808 non
1034 1753 1257 1826 expetit
1275 1752 1564 1808 auxilium
1588 1750 1692 1804 illo
1717 1747 1874 1819 quod
1901 1751 2091 1800 nostra

2219 1745 2336 1800 οἷον
2395 1743 2694 1808 Ἰουδαίους
2751 1749 2842 1803 καὶ
2899 1748 3202 1820 Ἕλληνας.
3263 1757 3460 1820 Μεῖζον
3521 1750 3614 1806 οῦν
3661 1753 3723 1807 τὸ
3784 1755 3860 1824 μή

443 1844 668 1916 indiget
683 1845 1102 1916 c00peratione
1123 1850 1191 1898 ut
1210 1843 1427 1898 habeat
1451 1839 1798 1896 efﬁcaciam.
1831 1859 1852 1888 ι
1879 1838 2024 1892 Nam
2047 1834 2096 1889 si

441 1935 617 1989 unius
666 1933 899 1988 delicto.
936 1957 962 1983 υ
997 1966 1068 1974 ——
1107 1938 1247 1987 Cum
1322 1931 1570 1986 dixisset
1617 1928 1802 1983 Adam
1845 1926 2095 1998 ﬁguram

434 2023 616 2080 fuisse
649 2023 887 2088 Christi,
919 2025 1168 2095 ﬁguram
1191 2020 1464 2076 videlicet
1499 2037 1566 2075 ex
1585 2017 1900 2074 contrario.
1930 2015 2094 2084 (Nam

435 2113 590 2168 sicut
635 2114 735 2167 ille
781 2113 1126 2168 hominibus
1177 2112 1288 2166 fuit
1337 2127 1516 2166 causa
1563 2107 1792 2170 mortis,
1828 2105 1978 2162 269
2015 2103 2096 2156 ita

431 2202 697 2258 Christus
731 2203 1073 2257 hominibus
1099 2202 1210 2256 l‘uit
1240 2217 1422 2256 causa
1455 2197 1948 2256 resurrectionis.\
1985 2189 2092 2249 Ubi

431 2309 569 2366 ergo
601 2293 748 2348 dixit
779 2291 936 2364 quod
971 2293 1160 2347 Adam
1202 2299 1328 2346 erat
1361 2291 1546 2362 ﬁgura
1576 2288 1793 2343 Christi
1827 2293 1914 2350 (ut
1941 2285 2094 2340 dixi-

435 2383 611 2448 mus),
642 2380 780 2452 quia
811 2380 922 2436 hoc
965 2380 1319 2452 probaturus
1351 2385 1462 2442 est,
1503 2393 1624 2432 non
1657 2373 2090 2432 similtudinem

437 2477 666 2526 tantum
693 2471 1063 2526 demonstrat
1083 2487 1150 2525 ac
1177 2469 1446 2540 ﬁguram,
1475 2467 1579 2522 sed
1603 2465 1782 2522 etiam
1806 2480 1961 2526 eum,
1987 2463 2090 2534 qui

431 2569 558 2618 erat
587 2562 646 2616 in
675 2561 862 2634 ﬁgura
891 2578 958 2616 ac
989 2559 1407 2627 similitudine,
1439 2573 1751 2614 excessum
1800 2560 1859 2610 et
1898 2554 2088 2610 abun-

435 2652 720 2709 dantiam.
755 2651 1027 2708 Ostendit
1073 2651 1233 2705 enim
1265 2649 1376 2704 hoc
1408 2665 1479 2704 ex
1510 2664 1577 2702 eo
1611 2646 1769 2718 quod
1801 2646 1920 2702 ait:
1963 2666 1987 2696 α
2019 2647 2092 2698 At

435 2759 556 2798 non
571 2742 1040 2812 sicutpeccatum
1059 2759 1111 2806 ς»
1139 2754 1524 2809 rursumque:
1543 2762 1570 2786 ‹‹
1590 2739 1661 2791 Et
1679 2752 1798 2790 non
1822 2735 2091 2804 sicutper

434 2848 622 2887 unum
645 2831 744 2902 qui
771 2829 1075 2902 peccavit.)
1105 2852 1131 2876 n
1164 2828 1311 2893 Quia
1329 2844 1464 2900 ergo
1491 2826 1745 2882 confecit
1773 2823 2090 2896 Apostolus

442 2928 877 2994 argumentum,
901 2918 1450 2976 dissimilitudinem
1478 2914 1913 2988 quodammodo
1937 2915 1996 2967 in
2016 2913 2087 2968 si-

441 3011 781 3066 militudine
813 3009 1149 3081 implicans,
1182 3013 1248 3063 ut
1277 3006 1551 3062 ostendat
1579 3004 1874 3077 quomodo
1907 3003 1966 3057 id
2000 3002 2089 3058 fa-

443 3110 603 3158 ctum
645 3103 722 3158 sit
768 3119 926 3156 nunc
958 3101 1198 3171 quidem
1245 3098 1402 3154 idem
1452 3097 1687 3170 repetit,
1739 3095 2092 3167 simpliciter

437 3197 638 3246 tamen
671 3191 932 3246 ostendit
962 3189 1556 3255 similitudinem,nec
1589 3183 2090 3258 permiscet,quod

436 3280 510 3334 ad
543 3278 718 3333 verba
739 3279 1254 3348 attineLaliquam
1287 3275 1794 3332 dissimilitudinis
1819 3291 2090 3348 pugnan-

439 3366 836 3421 tiam.Deinde
867 3367 968 3420 ubi
1003 3367 1314 3420 manifeste
1336 3367 1447 3420 hoc
1477 3373 1535 3419 et
1557 3382 1700 3436 pure
1719 3365 2088 3419 demonstra-

434 3456 536 3521 vit,
569 3453 732 3508 addit
772 3453 930 3524 quod
990 3454 1144 3508 sicut
1201 3471 1306 3524 per
1361 3469 1548 3508 unum
1597 3453 1859 3524 regnavit
1907 3467 2087 3516 mors,

433 3543 623 3600 multo
647 3542 832 3614 magis
855 3542 1046 3596 invita
1071 3541 1404 3612 regnabunt
1429 3558 1534 3612 per
1553 3557 1739 3596 unum
1767 3541 2086 3594 Christum:

433 3639 717 3703 tanquam
776 3629 1162 3695 concludens,
1217 3635 1275 3684 et
1328 3646 1664 3684 sermonem
1698 3629 1770 3683 ad
1823 3628 1881 3682 id
1931 3625 2088 3698 quod

429 3722 622 3778 adhuc
653 3720 1033 3776 manifestius
1067 3725 1157 3774 est
1187 3736 1254 3773 ac
1290 3718 1651 3772 contractius
1683 3716 1998 3782 reducens,
2032 3721 2090 3770 et

431 3813 550 3868 ait:
586 3835 614 3864 (ι
648 3813 852 3883 Itaque
910 3809 1062 3864 sicut
1094 3825 1198 3879 per
1229 3808 1409 3863 unius
1439 3807 1720 3862 delictum
1775 3807 1834 3860 in
1877 3822 2086 3860 omnes

431 3902 710 3956 homines
739 3901 812 3955 ad
837 3899 1458 3964 condemnationem,»
1491 3903 1596 3952 etc.
1627 3896 1849 3952 Deinde
1871 3895 2008 3966 quia
2031 3901 2090 3950 et

433 3991 496 4044 in
529 3989 718 4061 primo
751 3989 1198 4060 compositoque
1227 3993 1594 4060 argumento,
1629 3993 1688 4041 et
1717 3987 1778 4041 in
1823 3983 2084 4042 secundo

431 4083 866 4150 repurgatoque
894 4094 960 4132 ac
973 4077 1403 4148 repetitorio,et
1423 4075 1484 4130 in
1504 4093 1570 4130 eo
1591 4075 1749 4147 quod
1767 4077 1828 4130 in
1845 4073 2085 4130 modum

427 4168 828 4224 conclusionis
847 4167 1094 4222 allatum
1119 4166 1642 4226 erat.mentionem
1669 4165 1740 4220 de
1765 4169 2006 4237 peccato
2031 4169 2088 4218 et

425 4257 614 4330 gratia
643 4255 1385 4324 fecerat,condemnatione
1417 4271 1484 4310 ac
1512 4255 2084 4327 dono,justiﬁcatio-

427 4363 622 4418 neque
648 4362 716 4401 ac
747 4345 1093 4414 simili.quia
1123 4343 1653 4414 con-reSpondentia
1676 4345 1800 4398 haec
1819 4343 2085 4400 nondum

429 4437 688 4493 indicata
714 4441 858 4494 erat.
879 4435 988 4490 hoc
1019 4435 1212 4506 ipsum
1235 4449 1392 4488 nunc
1424 4434 1616 4504 aperit
1637 4440 1694 4488 et
1718 4433 2082 4500 manifestat,

2209 1832 2542 1910 προσδεηθὲν
2573 1843 2673 1906 τῆς
2704 1837 2794 1916 ἀφ’
2845 1841 3005 1912 ἡμῶν
3065 1840 3386 1914 συμμαχίας
3429 1838 3525 1896 τοῦ
3581 1838 3860 1912 δεηθέντος

2201 1924 2292 1978 καὶ
2348 1931 2450 1994 τῆς
2507 1928 2666 1998 ἡμῶν
2718 1927 2894 1983 αὐτῶν
2959 1927 3034 1990 εἷς
3120 1929 3184 1984 τὸ
3245 1929 3467 1986 ἰσχύσαι
3527 1931 3858 2006 συνεργείας.

2203 2038 2230 2064 ‹‹
2267 2013 2329 2070 Ei
2383 2015 2486 2090 γὰρ
2518 2019 2597 2088 τῷ
2637 2021 2734 2071 τοῦ
2769 2018 2890 2078 ἑνὸς
2947 2019 3375 2093 παραπτώματι.
3441 2046 3459 2070 ι
3523 2053 3587 2063 —
3647 2021 3857 2094 [ΦΩΤ.]

2203 2103 2386 2160 Εἰπὼν
2439 2109 2522 2161 ὅτι
2578 2107 2748 2171 τύπος
2807 2112 2872 2178 ἧν
2921 2112 2949 2165 6
2997 2108 3179 2185 Ἀδὰμ
3235 2115 3332 2166 τοῦ
3389 2113 3640 2186 Χριστοῦ,
3692 2113 3858 2174 τύπος

2201 2189 2258 2247 δὲ
2308 2193 2569 2264 δηλονότι
2654 2196 2714 2252 ἐκ
2771 2203 2868 2254 τοῦ
2956 2199 3234 2266 ἐναντίου,
3295 2201 3391 2270 (ὡς
3475 2201 3580 2274 γὰρ
3653 2199 3858 2263 ἐκεῖνος

2197 2281 2372 2346 αἶ’τιος
2451 2285 2763 2360 ἀνθρώποις
2845 2289 3109 2358 θανάτου,
3214 2290 3389 2352 οὕτως
3498 2291 3525 2344 6
3603 2291 3854 2364 Χριστὸς,

2198 2369 2372 2462 αἴτιος
2474 2374 2784 2450 ἀνθρώποις
2883 2376 3273 2448 ἀναστάσεως)
3347 2379 3514 2434 εἰπὼν
3589 2378 3704 2448 οῦν,
3783 2379 3858 2440 ὡς

2197 2463 2430 2540 εφημεν,
2507 2463 2592 2519 ὅτι
2664 2465 2836 2529 τύπος
2935 2469 2999 2536 ἦν
3075 2467 3103 2521 6
3180 2464 3358 2540 Ἀδὰμ
3429 2473 3527 2523 τοῦ
3600 2471 3856 2543 Χριστοῦ,

2199 2549 2386 2622 ἐπειδὴ
2469 2551 2692 2626 μέλλων
2769 2555 2902 2610 αὐτὸ
2977 2557 3419 2627 κατασκευάζειν,
3521 2559 3583 2613 ού

2195 2643 2295 2710 τήν
2398 2642 2702 2714 ὁμοιότητα
2803 2646 3192 2716 κατασκευάζει
3284 2647 3373 2702 καὶ
3477 2648 3572 2703 τὸν

2196 2728 2343 2786 ἀλλᾶ
2371 2733 2591 2800 καὶτῆν
2625 2731 2678 2787 ἐν
2721 2737 2799 2804 τῷ
2856 2734 3014 2807 τύπῳ
3069 2736 3158 2790 καὶ
3215 2737 3508 2810 ὁμοιότητι
3568 2737 3850 2818 ὑπεροχήν

2195 2821 2286 2874 καὶ
2367 2821 2698 2896 περισσείαν.
2757 2827 2946 2896 (Τοῦτο
3005 2823 3104 2899 γὰρ
3193 2823 3518 2882 ἐνδείκνυται
3588 2823 3675 2880 διὰ
3751 2831 3849 2883 τοῦ

2197 2908 2396 2986 λέγειν,
2423 2936 2450 2964 α
2485 2911 2640 2968 Ἀλλ’
2672 2913 2782 2988 οὐχ
2811 2913 2886 2976 ὡς
2929 2915 2990 2969 τὸ
3041 2915 3414 2990 παράπτωμα·
3450 2941 3477 2968 n
3511 2919 3600 2972 καὶ
3657 2917 3847 2990 πάλιν,

2197 3027 2223 3054 ‹‹
2255 3001 2360 3056 Καὶ
2393 3001 2504 3077 οὐχ
2535 3002 2608 3064 ὡς
2643 3000 2712 3057 δι’
2753 3003 2866 3064 ἑνὸς
2901 3003 3398 3078 ἁμαρτήσαντος.)›ι
3432 3007 3581 3062 Ἐπεὶ
3605 3007 3696 3061 οῦν
3727 3010 3852 3062 σύν-

2203 3101 2354 3154 θετον
2386 3092 2534 3162 αὐτῷ
2563 3114 2680 3154 πως
2714 3091 2906 3166 γέγονε
2952 3093 3014 3147 τὸ
3067 3092 3428 3168 ἐπιχείρημα,
3482 3095 3854 3170 ἀνομοιότητα

2203 3201 2318 3242 πως
2351 3179 2401 3234 ἐν
2433 3182 2726 3252 ὁμοιότητι
2779 3178 3147 3252 διαπλέκοντι,
3206 3187 3294 3238 νῦν
3352 3180 3854 3258 ἐπαναλαμϐάνεται

2240 3269 2256 3286 κ
2361 3269 2372 3286 ς
2479 3269 2492 3290 ,
2553 3269 2568 3290 κ
2831 3275 2856 3285 ..
2991 3271 3006 3288 ς
3124 3273 3138 3288 ε
3670 3274 3680 3292 υ

2200 3291 2292 3341 μεν
2321 3291 2382 3324 το
2435 3291 2590 3340 αυτο,
2651 3273 2898 3345 καθαρως
2959 3269 3017 3326 δε
3077 3293 3176 3340 την
3235 3273 3540 3344 ὁμοιότητα
3601 3270 3856 3340 δεικνυσι,

2191 3360 2403 3414 καὶούκ
2445 3358 2755 3416 ἐπιπλέκων
2815 3361 2939 3416 ὅσον
2995 3361 3102 3416 ἀπὸ
3159 3365 3258 3427 τῆς
3316 3359 3518 3434 λέξεώς
3577 3385 3697 3420 τινα
3773 3365 3858 3419 ἆν-

3214 2290 3389 2352 οὕτως

3691 2559 3852 2633 μόνον

3661 2649 3851 2718 τύπον,

2192 3449 2529 3522 ομοιὸτητος
2565 3451 2773 3526 μάχην,
2821 3451 2955 3507 Εἶτα
2987 3455 3169 3524 σαφῶς
3227 3455 3391 3507 τοῦτο
3456 3455 3543 3508 καὶ
3605 3459 3856 3529 καθαρῶς

2190 3535 2584 3611 ἐνδειξάμενος,
2620 3539 2700 3593 ὅτι
2731 3539 2911 3615 ὣσπερ
2947 3537 3016 3594 δι’
3045 3541 3168 3601 ἑνὸς
3200 3536 3545 3597 ἐϐασίλευσεν
3605 3543 3632 3596 6
3691 3544 3851 3597 ϐανα-

2187 3625 2530 3697 τος.πολλῷ
2565 3625 2780 3699 μᾶλλον
2855 3627 2908 3683 ἐν
2987 3633 3101 3702 ζωῇ
3181 3628 3568 3705 βασιλεύσουσι
3601 3629 3669 3686 δι’
3729 3631 3845 3694 ἐνὸς

2189 3717 2447 3786 Χριστοῦ,
2491 3715 2703 3793 ἐπάγει,
2764 3719 2946 3792 ὥσπερ
3009 3721 3538 3792 συμπαραινόμενος,
3595 3723 3682 3776 καὶ
3762 3721 3843 3783 εἷς

2186 3805 2248 3859 τὸ
2306 3803 2385 3858 ἔτι
2444 3805 2765 3880 σαφέστερον
2821 3808 2910 3862 καὶ
2979 3807 3406 3883 συνεσταλμένον
3462 3809 3663 3882 ἀνάγων
3739 3809 3832 3863 τὸν

2190 3891 2374 3969 λόγον,
2449 3894 2535 3950 καί
2570 3916 2752 3966 φησιν·
2792 3921 2813 3950 α
2850 3899 2990 3971 ’Λρα
3029 3899 3118 3952 οὗν
3169 3900 3242 3959 ὡς
3341 3896 3410 3953 δι’

2188 3984 2488 4057 πτώματος
2519 3985 2595 4047 εἷς
2618 3987 2823 4048 πάντας
2873 3987 3192 4062 ἀνθρώπους
3295 3989 3371 4052 εἷς
3443 3987 3772 4060 κατάκριμα,
3811 4011 3838 4039 ››

2189 4074 2278 4128 καὶ
2311 4075 2454 4146 ἑξῆς.
2486 4076 2622 4131 Εἶτα
2653 4073 2842 4146 ἐπειδή
2875 4076 2966 4131 καὶ
3023 4075 3078 4131 ὲν
3135 4081 3216 4148 τῷ
3271 4080 3473 4152 πρώτῳ
3545 4078 3637 4131 καὶ
3713 4097 3839 4132 συν-

2189 4163 2327 4236 θέτῳ
2359 4162 2776 4238 ἐπιχειρήματι,
2809 4163 2900 4219 καὶ
2935 4163 2986 4219 ἐν
3019 4169 3100 4237 τῷ
3159 4163 3391 4242 δευτέρῳ
3451 4168 3538 4222 καὶ
3601 4165 3846 4221 διακεκα-

2189 4253 2441 4326 θαρμένῳ
2471 4253 2559 4308 καὶ
2593 4251 3040 4326 ἐπαναληπτικῷ,
3073 4255 3164 4309 καὶ
3217 4254 3269 4310 ἐν
3323 4261 3406 4328 τῷ
3465 4256 3646 4329 ὥσπερ
3703 4277 3840 4329 συμ-

2186 4343 2492 4416 περάσματι
2569 4341 2923 4406 ἐπενεχθὲντι,
3001 4345 3441 4418 παραπτώματος
3545 4345 3640 4418 μὲν
3741 4344 3839 4398 καὶ

2191 4431 2552 4506 χαρίσματος,
2582 4431 2672 4485 καὶ
2721 4431 3143 4506 κατακρίματος,
3203 4433 3290 4487 καῖ
3325 4431 3674 4506 δωρήματος,
3749 4447 3840 4500 καὶ

3483 3898 3594 3959 ἑνὸς
3669 3919 3840 3972 παρα-

432 4543 498 4582 ac
529 4526 690 4590 dicit,
726 4525 884 4597 quod
918 4541 988 4579 ea
1016 4539 1144 4594 quae
1178 4528 1346 4576 erant
1376 4537 1444 4576 ex
1475 4522 1882 4577 inobedientia
1914 4523 2076 4580 efﬂu~

2200 4518 2700 4590 δικαιώματος,καῖ
2756 4521 3018 4576 τοιούτων
3061 4522 3412 4594 μνημονεύει,
3469 4523 3584 4576 ὅθεν
3641 4519 3698 4576 δὲ
3733 4523 3834 4589 τήν

432 4621 803 4686 xerunt,quae
827 4629 962 4668 vero
978 4629 1047 4667 ex
1067 4610 1405 4666 obedientia
1423 4610 1864 4666 ﬂoruerunt.Sit
1885 4611 2084 4681 itaque

434 4703 560 4758 haec
572 4703 922 4774 compositio
942 4699 1271 4773 argumenti
1288 4699 1445 4769 quod
1467 4700 1708 4770 ﬁguram
1726 4715 1792 4756 ac
1805 4700 2084 4756 similitu—

431 4791 634 4846 dinem
657 4793 1132 4850 conﬁrmat.cum
1147 4789 1580 4844 dicitzuEtenim
1599 4790 1644 4844 si
1667 4790 1960 4860 perunius
1978 4789 2081 4845 de-

433 4881 636 4936 lictum
655 4887 984 4946 mors,»etc.
1010 4883 1132 4935 Non
1153 4896 1288 4950 ergo
1312 4895 1545 4934 rursum
1561 4878 1620 4932 in
1635 4877 1896 4933 hisidem
1913 4895 2079 4952 repe-

433 4969 506 5024 tit
522 4969 754 5023 divinus
777 4968 1114 5038 Apostolus.
1141 4968 1243 5022 sed
1264 4967 1437 5040 plane
1463 4967 1781 5022 admodum
1804 4973 1863 5022 et
1880 4975 2080 5024 exacte

433 5057 849 5130 complectitur
874 5073 940 5111 ac
971 5058 1276 5127 componit
1303 5058 1422 5111 vim
1470 5057 1750 5128 capitum.
1785 5056 1938 5112 Illud
1969 5057 2077 5130 igi-

433 5155 528 5203 tur
558 5165 570 5202 :
605 5171 632 5198 ς(
667 5151 740 5202 At
761 5163 881 5201 non
914 5147 1066 5200 sicut
1087 5145 1423 5206 delictum.»
1451 5153 1585 5212 etc.,
1619 5145 1694 5200 ad
1725 5163 1860 5201 eum
1891 5163 2078 5217 usque

431 5235 771 5292 locum.«Ex
793 5233 998 5289 multis
1013 5233 1242 5288 delictis
1266 5233 2079 5307 adjustiﬁcationem,»argu-

432 5332 698 5380 mentum
729 5330 910 5388 δείλη
931 5323 1208 5392 diximus,
1231 5323 1432 5397 ﬁgurae
1454 5341 1520 5378 ac
1541 5323 1952 5378 similitudinis
1976 5324 2080 5380 de-

429 5413 1018 5478 monstrativum,sed
1039 5412 1478 5484 quodammodo
1499 5411 1866 5484 implicatum
1891 5419 1948 5467 et
1975 5430 2082 5486 per

429 5503 978 5560 dissimilitudinem
999 5501 1722 5576 compositum;indigebat
1739 5519 1874 5576 ergo
1891 5503 2079 5560 mani-

429 5593 744 5651 festatione
767 5610 834 5649 ac
857 5593 1299 5664 repurgatione,
1331 5592 1509 5662 idque
1531 5591 1673 5646 facit
1702 5606 1960 5662 sequens
1983 5609 2080 5650 ar-

2189 4607 2373 4683 ἀεχὴν
2408 4607 2631 4680 ε”ληφεν
2669 4609 2894 4683 ἑκατέρα
2942 4613 3050 4664 τῶν
3112 4609 3363 4664 ἐναντίων
3438 4613 3472 4678 ἠ
3550 4609 3838 4688 συστοιχία

2191 4697 2326 4770 αὕτη
2362 4696 2575 4754 οὐδέπω
2625 4699 3036 4771 ἐπεσημήνατο,
3093 4704 3184 4754 νῦν
3241 4701 3372 4755 αὐτὸ
3424 4705 3586 4756 τοῦτο
3646 4697 3837 4754 διασα-

2191 4793 2278 4867 φεῖ
2335 4787 2422 4842 καὶ
2482 4787 2878 4852 ἀποκαλύπτει,
2909 4789 2998 4844 καί
3057 4810 3242 4866 φησιν,
3271 4788 3355 4843 ὅτι
3403 4790 3471 4844 τᾶ
3517 4789 3613 4862 μὲν
3647 4789 3706 4844 ἐκ
3731 4810 3836 4844 πα-

2191 4884 2393 4946 ρακοῆς
2453 4877 2644 4952 ἐρῥύη,
2691 4879 2758 4933 τα
2819 4874 2875 4932 δὲ
2934 4877 2986 4948 ἐξ
3047 4879 3291 4948 ὑπακοῆς
3349 4878 3601 4948 ἤνθησεν.
3677 4882 3840 4933 Ὥστε

2188 4969 2678 5034 κατασκευάζοντος
2707 4967 2798 5020 τὸι
2840 4965 3008 5021 τύπον
3065 4967 3154 5020 καὶ
3209 4969 3308 5034 τήν
3341 4967 3669 5041 ὁμοιότητα,
3722 4969 3838 5022 οἷον

2187 5057 2304 5110 τοῦ.
2336 5079 2364 5106 «
2402 5055 2462 5111 Ei
2489 5055 2592 5128 γὰρ
2621 5059 2700 5125 τῷ
2728 5059 2825 5110 τοῦ
2857 5055 2974 5116 ἑνὸς
3003 5057 3408 5129 παραπτώματι
3465 5058 3493 5111 ὁ
3524 5058 3774 5128 θείνατος,
3807 5082 3836 5110 ››

2187 5145 2274 5200 καὶ
2309 5147 2450 5216 ἑξῆς.
2482 5147 2558 5203 Οὖ
2589 5145 2923 5224 ταυτολογεῖ
2950 5147 3156 5213 τοίνυν,
3189 5147 3266 5209 ὡς
3296 5146 3355 5202 ἄν
3395 5169 3480 5211 τις
3509 5147 3748 5219 οἰηθείη,
3809 5148 3836 5200 ὁ

2189 5241 2331 5299 θεῖος
2359 5234 2694 5298 Ἀπόστολος
2727 5235 2776 5290 ἐν
2830 5235 3073 5304 τούτοις,
3133 5234 3279 5292 ἃ).λᾶ
3321 5242 3506 5313 σαφῶς
3570 5237 3686 5294 λίαν
3743 5235 3832 5289 καὶ

2189 5319 2643 5399 διηκριϐιυμὲνως
2677 5323 3032 5396 ἀλληλουχεῖ
3088 5327 3174 5382 καὶ
3212 5325 3448 5382 ἐντάττει
3506 5331 3611 5381 τῶν
3669 5345 3832 5401 κεφα-

2189 5414 2356 5470 λαίων
2411 5417 2510 5485 τὴν
2544 5413 2762 5490 δύναμι.
2793 5417 2976 5472 Ἐστιν
3009 5417 3102 5470 οῦν
3131 5415 3192 5470 τὸ
3237 5416 3354 5490 μὲν,
3413 5439 3440 5468 ‹‹
3495 5411 3646 5471 Ἀλλ’
3724 5411 3834 5490 οὐχ

2189 5501 2264 5565 ὡς
2285 5501 2348 5558 τὸ
2377 5503 2748 5580 παράπτωμα,
2781 5527 2810 5556 ››
2842 5503 2931 5560 καὶ
2963 5505 3108 5576 ἑξῆς,
3137 5500 3242 5566 ἕως
3274 5507 3392 5574 τοῦ,
3422 5526 3450 5554 ‹‹
3479 5503 3576 5558 Ἐκ
3605 5497 3831 5556 πολλῶν

2187 5590 2644 5668 παραπτωμάτων
2685 5591 2760 5656 είς
2792 5590 3091 5666 δικαίωμα,
3124 5615 3153 5645 ››
3187 5591 3526 5667 ἐπιχείρημα
3588 5588 3705 5662 μὲν,
3757 5591 3836 5652 ὡς
