4198 6198
341 339 465 399 425

1433 337 1842 401 COMMENT.
1890 336 1969 397 IN
2015 318 2261 398 EPIST.
2308 339 2410 398 AD
2458 339 2645 401 ΗΘΜ.

3642 348 3762 411 426

342 470 578 556 ἔφημεν,
642 469 908 529 δεικτικὸν
961 476 1058 528 τοῦ
1113 470 1288 528 τόπου
1343 472 1434 528 καὶ
1490 478 1590 542 τῆς
1640 468 1993 545 ὁμοιότητος,

2108 478 2481 547 gumentum.
2514 475 2673 546 quod
2711 476 2937 535 dictum
2984 483 3109 536 erat
3146 485 3423 553 repetens
3452 500 3519 540 ac
3548 502 3762 557 repur-

344 562 492 619 ἀλλα
522 560 993 638 διαπεπλεγμένον
1057 583 1176 626 πως
1230 560 1323 617 καὶ
1376 564 1781 635 συντεθειμένον
1815 557 1887 614 δι’
1914 558 2003 613 ἀν-

340 653 703 728 ομοιότητος.
739 650 950 709 Ἐδεῖτο
981 652 1073 708 οὗν
1126 650 1417 729 σαφηνείας
1455 649 1546 705 καὶ
1579 648 2000 726 διακαθάρσεως,

338 743 623 800 καὶτοῦτο
679 747 850 809 ποιεῖ,
908 743 972 797 τὸ
1030 741 1217 823 ἐφεξῆς
1274 739 1635 816 ἐπιχείρημα,
1684 736 2000 811 ἐπαναλαμ-

337 827 503 888 ϐάνον
562 832 626 888 τὸ
686 829 1085 908 προειρημένον
1145 832 1232 887 καὶ
1295 828 1666 905 διάκαθαῖρον,
1708 826 1799 883 καὶ
1833 826 1907 890 εἰς
1939 828 2002 882 τὸ

339 922 507 1002 σαιρὲς
529 919 609 977 ἀπ
628 922 776 998 [ἀγα]
801 943 922 998 γον.
947 918 1104 979 Ἀλλ’
1128 918 1234 976 ἔδει
1256 919 1345 975 καὶ
1367 923 1529 974 τοῦτο
1557 911 1743 974 λαϐεῖν
1764 915 2000 1002 ἀξίωμα,

337 1001 433 1067 καὶ
504 1011 582 1084 μὴ
649 1009 699 1081 ἐξ
768 1011 1075 1072 ὑποθέσεως
1144 1008 1518 1085 προτείνεσθαι
1605 1006 1790 1081 μόνον.
1861 1001 2001 1064 Οὐδὲ

339 1104 506 1156 τοῦτο
536 1102 774 1175 παρορᾷ,
832 1096 962 1155 ἀλλ’
1020 1097 1202 1174 ὥσπερ
1262 1095 1762 1174 συμπεραινόμενος
1808 1094 1894 1150 καὶ
1928 1097 1997 1168 τῇ

338 1195 439 1246 τοῦ
481 1189 649 1266 λόγου
706 1188 918 1266 θαρρῶν
978 1188 1230 1261 ἀληθείᾳ,
1292 1189 1425 1263 μετὰ
1486 1182 1831 1263 βεϐαιώσεως
1862 1185 1996 1241 ἀπο-

340 1280 605 1360 φαίνεται.
663 1304 692 1331 ‹‹
723 1280 862 1354 ’Ἄρα
920 1277 1010 1335 οὖν
1066 1279 1141 1343 ὡς
1200 1274 1268 1333 δι’
1320 1277 1437 1341 ἑνὸς
1470 1278 1932 1351 παραπτώματος,
1967 1299 1990 1330 ι

336 1369 429 1422 καὶ
462 1368 605 1438 ἑξῆς.
647 1369 781 1425 Εἶτα
837 1367 952 1423 ἐπεὶ
1010 1368 1113 1423 οὐκ
1162 1367 1229 1438 ἦν
1289 1367 1458 1423 εἳπὼν
1490 1365 1544 1423 έν
1574 1364 1854 1430 τοσούτοις
1877 1362 1995 1420 ἐπι-

335 1460 507 1538 χειρή
521 1478 680 1531 μασιν
706 1454 973 1530 οὐδαμοῦ,
1019 1458 1181 1524 πόθεν
1230 1454 1387 1532 ἔσχεν
1425 1458 1605 1533 ἀρχὴν
1633 1457 1693 1510 τὸ
1721 1451 1996 1530 δικαίωμα

333 1547 425 1602 καὶ
485 1548 546 1602 τὸ
595 1546 927 1626 κατάκριμα,
987 1544 1114 1603 οὐδὲ
1168 1552 1331 1603 τοῦτο
1380 1550 1615 1623 παρορᾷ,
1647 1542 1793 1600 ἀλλὰ
1824 1564 1993 1620 προσ-

334 1639 537 1710 είθησι,
572 1639 767 1716 λέγων’
803 1665 830 1694 ‹‹
863 1643 1068 1717 Ὥσπερ
1101 1641 1205 1716 γὰρ
1238 1636 1328 1695 διὰ
1373 1646 1475 1709 τῆς
1504 1644 1810 1710 παρακοῆς,
1844 1660 1870 1687 ››
1903 1633 1993 1691 καὶ

246 1794 253 1800 _
333 1729 483 1799 ἑξῆς.
525 1751 546 1780 ι
575 1727 785 1802 Πολλῷ
818 1727 1036 1804 μᾶλλον
1069 1732 1105 1799 ἡ
1138 1729 1300 1805 χάρις
1328 1732 1425 1784 τοῦ
1457 1733 1589 1784 Θεοῦ
1628 1726 1715 1782 καὶ
1748 1728 1783 1797 ἢ
1817 1724 1993 1802 δωρεὰ

2114 578 2280 636 gens,
2315 562 2704 638 deferensque
2729 567 2804 622 ad
2826 571 3110 640 majorem
3146 570 3360 627 lucem.
3386 574 3541 629 270
3573 575 3683 630 Sed
3707 581 3767 632 et

2114 651 2225 707 hoc
2256 653 2601 727 dignitatem
2628 674 2862 713 sumere
2890 661 3171 730 oportuit.
3197 666 3256 716 et
3276 679 3394 717 non
3431 668 3662 718 tantum
3698 681 3767 719 ex

2114 740 2431 815 hypothesi
2466 746 2806 817 procedere.
2831 750 3031 819 Neque
3053 749 3166 805 hoc
3190 751 3453 824 negligit,
3475 752 3577 808 sed
3600 754 3767 824 quasi

2114 832 2446 889 terminans
2473 840 2531 889 et
2560 837 2856 891 sermonis
2887 837 3115 893 veritati
3144 840 3474 901 conﬁdens.
3497 858 3603 913 per
3626 859 3769 897 con-

2113 920 2514 979 firmationem
2548 924 2837 980 enuntiat.
2872 948 2898 975 ‹‹
2923 927 3125 998 Itaque
3158 927 3311 983 sicut
3334 946 3440 1001 per
3464 931 3642 986 unius
3663 930 3767 986 de-

2109 1007 2338 1076 lictum,
2362 1035 2388 1062 n
2414 1013 2756 1071 etc.Deinde
2780 1015 2919 1087 quia
2941 1033 3234 1088 nusquam
3258 1018 3319 1073 in
3341 1017 3435 1074 his
3457 1036 3766 1093 argumen-

2112 1099 2185 1155 tis
2217 1100 2446 1157 dixerat
2493 1103 2650 1160 unde
2678 1105 3038 1178 principium
3084 1106 3373 1163 haberent
3412 1109 3762 1181 justificatio

2109 1193 2168 1244 et
2186 1190 2606 1249 condemnatio
2627 1210 2640 1248 :
2665 1210 2739 1251 ne
2763 1192 2877 1251 hoc
2898 1196 3137 1267 quidem
3162 1196 3427 1270 negligit,
3451 1197 3552 1254 sed
3576 1198 3760 1265 addit,

2106 1282 2340 1339 dicens:
2364 1305 2389 1333 ‹‹
2405 1283 2725 1340 sicutenim
2741 1285 3388 1357 perinobedientiam,»
3404 1292 3515 1344 etc.
3537 1311 3557 1337 ι
3581 1288 3760 1343 Multo

2106 1370 2292 1444 magis
2309 1373 2497 1444 gratia
2518 1373 2619 1429 Dei
2640 1379 2698 1428 et
2719 1373 2941 1430 donum
2974 1376 3035 1431 in
3066 1376 3412 1450 gratia,quze
3442 1378 3554 1432 fuit
3582 1377 3761 1433 unius

2104 1460 2365 1516 hominis
2394 1463 2533 1519 Jesu
2562 1463 2799 1519 Christi.
2839 1487 2865 1513 »
2899 1467 3023 1520 Non
3076 1467 3290 1529 solum,
3328 1468 3543 1539 inquit,
3575 1471 3764 1542 gratia

2108 1548 2529 1615 Patris,verum
2555 1550 2733 1607 etiam
2752 1552 3031 1608 Filii.Hoc
3057 1561 3256 1609 autem
3284 1556 3762 1612 conﬁrmativum

2110 1643 2199 1693 est
2220 1641 2520 1710 potentia).
2550 1642 2693 1696 Nam
2716 1643 2921 1715 gratia,
2945 1643 3160 1715 inquit,
3185 1646 3375 1702 Patris
3397 1665 3463 1703 ac
3486 1649 3758 1704 Filii.Ubi

2105 1733 2303 1784 autem
2337 1730 2509 1785 Pater
2534 1747 2601 1786 ac
2627 1730 2832 1795 Filius,
2858 1732 3033 1803 plane
3065 1735 3449 1791 manifestum
3481 1743 3571 1793 est
3601 1738 3758 1810 quod

332 1817 387 1873 έν
435 1818 624 1895 χάριτι
674 1801 892 1893 τῇτοῦ
924 1819 1042 1882 ἑνὸς
1091 1801 1380 1893 ἀνόρώπου
1432 1818 1613 1890 Ἰησοῦ
1664 1801 1924 1892 Χριστοῦ.
1961 1839 1990 1868 η

2106 1824 2156 1874 et
2187 1818 2440 1890 Spiritus
2473 1826 2714 1876 sanctus
2746 1801 2954 1877 omnes
2986 1822 3211 1879 salvare
3241 1831 3456 1896 potest.

333 1907 412 1965 Οὐ
448 1908 638 1981 μόνον,
672 1907 855 1988 φησὶν,
890 1911 925 1979 ἡ
956 1909 1122 1984 χάρις
1154 1912 1252 1964 τοῦ
1305 1907 1538 1983 Πατρὸς,
1596 1905 1740 1962 ἀλλὰ
1799 1903 1866 1975 δὴ
1922 1904 2013 1960 καὶ
2070 1908 2106 1975 ἡ
2163 1910 2260 1961 τοῦ
2324 1907 2466 1963 Γίοῦ.
2499 1910 2677 1964 Τοῦτο
2710 1905 2767 1963 δὲ
2805 1911 3294 1967 κατασκευαστικὸν
3325 1911 3436 1968 ἐστι
3467 1917 3562 1968 τοῦ
3594 1910 3759 1969 δυνα-

331 1995 455 2058 τοῦ.
489 1997 597 2067 ὅτι,
629 1998 787 2078 φησὶ,
819 2000 989 2076 Χάρις
1016 2002 1114 2054 τοῦ
1150 1998 1359 2077 ιΙατρὸς
1390 1996 1481 2054 καὶ
1544 1997 1685 2055 Υἱοῦ.
1745 1996 1922 2054 Ὀπου
1980 1991 2037 2050 δὲ
2095 1996 2284 2072 Πατὴρ
2340 1995 2429 2051 καὶ
2487 1997 2633 2068 Υἱὸς,
2688 1993 2921 2069 εὔδηλον
2960 1999 3044 2055 ὅτι
3073 2000 3163 2055 καὶ
3195 2001 3257 2057 τὸ
3291 2006 3509 2077 Πνεῦμα
3539 2001 3759 2060 δύναται

338 2089 545 2151 πάντας
571 2092 764 2145 σῶσαι.

410 2178 513 2235 Καὶ
572 2177 687 2254 οὐχ
745 2177 821 2241 ὡς
883 2175 953 2233 δι’
992 2178 1109 2241 ἑνὸς
1168 2179 1581 2253 ἁμαρτήσαντος
1634 2176 1694 2231 τὸ
1735 2174 1991 2251 δώρημα.

337 2267 416 2326 Τὸ
475 2266 570 2340 μὶν
626 2267 730 2343 γὰρ
796 2272 976 2345 κρῖμα
1041 2267 1091 2337 ἐξ
1163 2267 1282 2331 ἑνὸς
1352 2266 1430 2330 εἷς
1485 2270 1816 2339 κατάκριμα,
1841 2264 1902 2319 τὸ
1934 2260 1991 2318 δὶ

339 2357 617 2436 χάρισμα,
674 2356 733 2412 ἐκ
806 2354 1035 2413 πολλῶν
1109 2357 1557 2430 καταπτωμάτων
1623 2354 1699 2417 εἷς
1765 2351 1991 2409 δικαίω-

341 2468 444 2520 μα.
511 2446 574 2502 Ei
625 2445 728 2523 γὰρ
786 2451 866 2520 τῷ
920 2451 1019 2502 τοῦ
1076 2446 1193 2510 ἑνὸς
1238 2440 1641 2522 παραπτώματι
1691 2445 1719 2499 ὁ
1767 2443 1990 2505 θάνατος

338 2529 657 2591 ἐϐασίλευσε
714 2533 803 2592 διὰ
860 2541 959 2592 τοῦ
1017 2537 1154 2599 ἑνός’
1237 2535 1437 2609 πολλῷ
1516 2533 1729 2609 μᾶλλον
1782 2534 1834 2588 οἱ
1894 2533 1994 2601 τὴν

336 2628 644 2702 περισσείαν
728 2633 828 2696 τῆς
896 2627 1125 2703 ’χάριτος
1184 2625 1274 2683 καὶ
1329 2632 1429 2696 τῆς
1483 2623 1687 2701 δωρεᾶς
1748 2625 1849 2693 τῆς
1909 2620 1990 2678 δι·

333 2715 628 2787 καιοσόνης
729 2710 1102 2791 λαμϐάνοντες
1205 2713 1258 2771 ἐν
1362 2718 1500 2789 ζωῇ,
1607 2712 1990 2791 βασιλεύσουσι

341 2802 435 2860 διὰ
488 2810 590 2860 τοῦ
647 2803 766 2862 ἐνὸς
844 2806 1026 2864 Ἰησοῦ
1101 2806 1359 2881 Χριστοῦ.
1432 2805 1579 2881 ’Ἄρα
1634 2802 1725 2858 οῦν
1787 2802 1861 2866 ὡς
1917 2800 1987 2858 δι’

346 2894 465 2956 ἑνὸς
536 2895 980 2970 παραπτώματος
1056 2895 1133 2958 εἷς
1238 2897 1444 2958 πάντας
1519 2891 1839 2969 ἀνθρώπους
1916 2890 1992 2954 εἷς

342 2982 676 3058 κατάκριμα,
754 2983 896 3040 οὕτω
970 2984 1061 3040 καὶ
1137 2982 1205 3040 δι’
1281 2984 1397 3047 ἑνὸς
1466 2981 1838 3056 δικαιώματος
1914 2980 1992 3043 είς

334 3074 545 3136 πάντας
621 3073 943 3149 ἀνθρώπους
1015 3072 1094 3138 εἷς
1197 3072 1476 3129 δικαίωσιν
1552 3078 1714 3143 ζωῆς.
1791 3073 1993 3147 Ὥσπερ

2175 2177 2269 2243 ν,ι
2284 2178 2425 2231 6-19.
2439 2179 2511 2231 Et
2524 2194 2635 2233 non
2652 2181 2791 2234 sicut
2810 2197 2913 2251 per
2936 2197 3106 2237 unum
3126 2184 3225 2253 qui
3230 2186 3477 2253 peccavit
3497 2187 3574 2240 ita
3596 2192 3649 2242 et
3667 2186 3759 2242 d0-

2102 2282 2253 2321 num.
2268 2266 2305 2320 J
2306 2266 2551 2322 udicium
2564 2268 2832 2338 siquidem
2846 2287 2915 2325 βω
2926 2287 3036 2327 uno
3053 2272 3252 2327 delicto
3265 2274 3339 2328 ad
3354 2275 3759 2331 condemnatio-

2099 2357 2451 2423 nem,donum
2474 2364 2656 2413 autem
2676 2376 2745 2414 ea:
2764 2361 2948 2415 multis
2961 2362 3174 2417 delictis
3189 2363 3263 2417 ad
3268 2364 3753 2433 justiﬁcationem.

2100 2445 2238 2500 Nam
2257 2444 2308 2500 si
2328 2448 2491 2503 unius
2502 2447 2701 2503 delicto
2722 2465 2866 2505 mors
2878 2456 3129 2521 regnavit
3138 2468 3242 2522 per
3253 2455 3624 2521 unum,mutto
3644 2473 3757 2511 ma-

2100 2536 2184 2604 gis
2204 2536 2248 2588 ii
2267 2537 2364 2605 qui
2383 2536 2801 2592 exuberantiam
2822 2542 3021 2610 gratia:
3051 2546 3100 2595 et
3131 2541 3335 2596 donum
3349 2543 3588 2613 justitiae
3610 2547 3755 2600 acci-

2094 2625 2264 2694 piunt
2286 2626 2342 2679 in
2362 2624 2815 2696 vita,regnabunt
2833 2645 2935 2699 per
2954 2645 3127 2685 unum
3145 2631 3327 2687 Jesum
3351 2632 3759 2689 Christum.Ita-

2102 2728 2207 2784 que
2225 2714 2367 2768 sicut
2383 2731 2488 2784 per
2508 2717 2671 2771 unius
2692 2715 2953 2772 delictum
2976 2720 3036 2773 in
3057 2734 3238 2773 omnes
3262 2718 3507 2775 homines
3528 2721 3600 2775 ad
3618 2737 3751 2775 con-

2101 2803 2621 2868 demnationem,ita
2645 2812 2699 2860 et
2714 2823 2816 2878 per
2835 2807 3460 2877 uniusjustiﬁcationem
3480 2810 3538 2863 in
3569 2823 3752 2863 omnes

2103 2892 2350 2949 homines
2380 2896 2453 2948 ad
2462 2895 2919 2964 justiﬁcationem
2941 2896 3255 2953 vitze.Sicut
3276 2896 3421 2952 enim
3437 2914 3539 2969 per
3564 2898 3755 2953 inobe-

2103 2983 2367 3037 dientiam
2386 2986 2549 3039 unius
2562 2984 2797 3039 hominis
2805 2991 3120 3055 peccatores
3134 2988 3420 3041 constituti
3429 2993 3555 3041 sunt
3574 2986 3759 3056 multi,

2104 3073 2182 3126 ita
2202 3077 2253 3126 et
2261 3088 2366 3142 per
2386 3072 2758 3128 obedientiam
2778 3075 2960 3138 unius,
2976 3075 3121 3144 justi
3141 3074 3546 3131 constituentur
3563 3076 3747 3134 multi.

340 3160 446 3240 γὰρ
479 3160 567 3218 διὰ
596 3168 696 3234 τῆς
726 3171 1007 3242 παρακοῆς
1038 3168 1136 3221 τοῦ
1169 3164 1282 3227 ἑνὸς
1316 3163 1602 3236 ἀνθρώπου
1633 3158 1956 3237 ἁμαρτωλοὶ
1986 3158 2381 3230 κατεστάθησαν
2429 3160 2482 3213 οἱ
2530 3158 2757 3230 πολλοὶ,
2791 3160 2964 3224 οὕτως
2995 3163 3085 3217 καὶ
3118 3159 3206 3218 διὰ
3244 3169 3346 3233 τῆς
3385 3162 3631 3234 ὑπακοῆς
3661 3167 3759 3220 τοῦ

344 3252 484 3319 ἑνὸς,
519 3248 720 3308 δικαιοι
750 3256 1248 3324 κατασταθήσονται
1279 3254 1330 3310 οἱ
1361 3252 1589 3310 πολλοί.

1609 3346 1635 3358 ν

419 3339 521 3398 Καὶ
555 3342 666 3417 οὐχ
720 3340 903 3419 ὥσπερ
953 3346 988 3414 ἡ
1040 3343 1296 3420 ἁμαρτία,
1354 3343 1510 3419 φησὶ,
1541 3346 1639 3398 τοῦ
1666 3338 1871 3415 ’Δόὰμ,
1903 3340 1994 3395 οὕ-

2172 3342 2243 3395 Et
2270 3356 2391 3395 non
2423 3340 2576 3397 sicut
2603 3348 2913 3414 peccatum
2943 3342 3152 3409 Adam,
3187 3344 3403 3417 inquit,
3436 3345 3519 3401 ita
3556 3346 3670 3400 fuit
3699 3350 3758 3402 et

335 3452 449 3493 τως
479 3431 570 3486 καὶ
621 3434 658 3502 ἡ
715 3430 893 3507 δωρεὰ
947 3438 1045 3491 τοῦ
1095 3439 1251 3504 Θεοῦ,
1299 3431 1426 3490 ἀλλ’
1484 3436 1519 3504 ἡ
1575 3431 1750 3509 δωρεὰ
1784 3431 1990 3506 μείζον.

336 3523 510 3589 υῶςς
557 3521 636 3577 Τὸ
667 3521 761 3594 μὲν
796 3520 899 3599 γὰρ
930 3528 1123 3598 κρῖμα,
1154 3521 1401 3579 τουτέστι
1457 3524 1520 3579 τὸ
1570 3520 1900 3596 κατάκριμα,
1934 3518 1995 3574 ἐκ

334 3613 434 3663 τοῦ
464 3609 582 3673 ἑνὸς
608 3608 785 3685 Ἀδὰμ
838 3610 915 3675 είς
973 3617 1176 3675 πάντας
1234 3612 1401 3683 ἦλθεν
1459 3612 1798 3687 ἀνθρώπους.
1830 3608 1905 3667 Τὸ
1937 3605 1994 3664 δὲ

335 3698 589 3775 χάρισμα
612 3701 768 3771 καὶὴ
805 3698 981 3775 δωρεά
1036 3707 1132 3757 τοῦ
1188 3707 1323 3759 Θεοῦ
1381 3707 1638 3759 τοσοῦτον
1695 3700 1996 3775 ὑπερίσγυ-

338 3808 451 3857 σεν,
512 3785 653 3845 ὥστε
710 3789 799 3845 καὶ
860 3789 1028 3861 αὐτὴν
1088 3792 1188 3861 τήν
1240 3796 1337 3848 τοῦ
1392 3790 1570 3866 Ἀδὰμ
1624 3791 1886 3867 ἁμαρτίαν
1920 3790 1997 3861 ἐξ·

335 3878 588 3953 αλεῖψαι,
645 3880 735 3935 καὶ
798 3880 862 3935 o6
928 3880 1089 3953 μόνον
1153 3880 1378 3950 ἐκείνην,
1419 3880 1564 3937 ἀλλὰ
1613 3881 1699 3937 καὶ
1729 3880 1796 3936 τὰ
1827 3879 1995 3937 λοιπᾶ

336 3968 714 4041 ἁμαρτήματα
770 3974 878 4025 τῶν
940 3970 1267 4045 ἀνθρώπων,
1321 3969 1456 4044 ’ἅπερ
1519 3971 1655 4046 μετα
1690 3972 1789 4039 τήν
1818 3971 1998 4045 ἀμαρ-

332 4056 454 4112 τίαν
512 4055 721 4127 ἐκείνην
770 4055 1046 4135 ἥμαρτον.
1116 4062 1214 4115 Καὶ
1271 4058 1334 4115 06
1382 4063 1542 4115 τοῦτο
1605 4059 1793 4133 μόνον,
1853 4059 1997 4115 ἀλλὰ

334 4147 424 4202 καὶ
482 4145 557 4209 εἷς
615 4144 913 4219 δικαίωμα,
975 4147 1250 4206 τουτέστιν
1309 4148 1386 4211 εἷς
1446 4146 2000 4219 δικαιοσῦνηνᾶπαν-

334 4254 433 4298 τας
460 4235 647 4312 ἤγαγε,
708 4236 865 4294 Πολὺ
920 4233 978 4293 δὲ
1037 4238 1100 4294 τὸ
1161 4239 1324 4314 μέσον
1382 4237 1689 4313 ἀμνηστίας
1720 4238 1999 4311 ἁμαρτιῶν

330 4326 424 4382 καὶ
474 4323 844 4398 δικαιοσῦνης.
905 4328 971 4386 Ἡ
1032 4326 1090 4385 δὲ
1147 4329 1420 4399 σύνταξιςο
1482 4328 1588 4385 Καὶ
1642 4327 1751 4404 οὐχ
1805 4326 1999 4410 οὕτως,

334 4414 493 4494 φησέ,
523 4416 586 4471 τὸ
617 4412 883 4491 δώρημα,
939 4417 1013 4480 ὡς
1072 4418 1108 4489 ἡ
1169 4415 1260 4474 διὰ
1313 4422 1412 4474 τοῦ
1442 4418 1560 4479 ἑνὸς
1589 4418 2001 4492 ἁμαρτήσαντος

347 4500 652 4580 παράϐασις
682 4505 773 4562 καὶ
825 4506 1083 4582 ἁμαρτία,
1134 4506 1266 4564 ἀλλ’
1309 4510 1344 4578 ἡ
1387 4505 1585 4577 δωρεὰ,
1617 4505 1772 4585 φησὶ,
1803 4504 2002 4579 πολΛῷ

336 4595 413 4667 μᾶ
437 4590 590 4651 λλον,
628 4617 657 4647 κ
691 4593 753 4651 Εἰ
795 4594 898 4672 γὰρ
949 4599 1029 4669 τῷ
1072 4593 1171 4651 τοῦ
1200 4596 1317 4660 ἑνὸς
1349 4593 1750 4671 παραπτώματι
1784 4596 1813 4651 ὁ
1842 4595 2005 4650 θάνα-

2101 3426 2324 3483 donum
2348 3428 2483 3483 Dei:
2519 3428 2621 3484 sed
2648 3430 2840 3501 majus
2865 3430 2977 3486 fuit
3007 3431 3250 3488 donum.
3280 3433 3587 3498 Quomodo
3609 3433 3636 3489 ?
3656 3434 3753 3490 Ει-

2099 3517 2260 3572 enim
2284 3517 2603 3589 judicium,
2629 3519 2737 3575 hoc
2764 3526 2851 3575 est
2876 3520 3296 3578 condemnatio
3319 3539 3391 3578 ex
3413 3541 3532 3579 uno
3566 3524 3753 3581 Adam

2098 3607 2172 3662 ad
2202 3624 2412 3664 omnes
2438 3609 2704 3680 pervenit
2726 3610 2996 3667 homines
3019 3628 3032 3666 :
3064 3613 3253 3684 gratia
3276 3630 3412 3668 vero
3443 3618 3503 3668 et
3531 3613 3753 3669 donum

2098 3705 2263 3756 tanto
2288 3699 2542 3772 majores
2565 3700 2772 3756 habuit
2788 3701 2960 3768 vires,
2986 3709 3050 3757 ut
3070 3703 3267 3775 ipsum
3290 3720 3524 3775 quoque
3544 3720 3722 3775 pecca
3738 3733 3753 3745 -

2100 3796 2226 3846 tum
2259 3788 2443 3845 Adam
2466 3797 2856 3864 expurgaret:
2890 3808 2999 3847 nec
3022 3792 3170 3847 illud
3202 3791 3417 3859 solum,
3443 3791 3548 3847 sed
3579 3798 3639 3846 et
3667 3807 3753 3845 re-

2099 3880 2265 3951 liqua
2296 3878 2599 3935 hominum
2631 3886 2892 3952 peccata,
2935 3881 3151 3952 quibus
3183 3887 3316 3952 post
3354 3880 3503 3935 illud
3535 3897 3752 3952 pecca-

2103 3975 2228 4025 tum
2254 3969 2650 4041 deliquerant.
2673 3971 2872 4040 Neque
2897 3969 2956 4023 id
2981 3976 3234 4033 tantum,
3256 3986 3457 4025 verum
3482 3970 3659 4025 etiam
3679 3970 3753 4026 ad

2095 4059 2611 4130 justiﬁcationem,
2650 4058 2705 4112 id
2757 4062 2865 4124 est,
2902 4058 3197 4128 justitiam
3232 4075 3440 4115 omnes
3470 4059 3752 4114 adduxit:

2102 4148 2360 4204 multum
2375 4154 2572 4203 autem
2588 4147 2909 4202 interestin
2921 4153 3008 4202 ter
3020 4147 3377 4204 oblivionem
3393 4154 3760 4221 peccatorum

2104 4236 2497 4307 etjustitiam.
2525 4236 2760 4291 Litterae
2791 4252 2926 4291 vero
2949 4234 3247 4293 ordinatio
3280 4243 3387 4292 est.
3421 4239 3490 4292 Et
3518 4254 3639 4292 non
3673 4237 3757 4291 ita

2104 4331 2194 4381 est
2214 4324 2436 4380 donum
2458 4325 2613 4379 sicut
2632 4325 3023 4399 transgressio
3048 4331 3103 4381 et
3126 4332 3431 4398 peccatum
3452 4342 3559 4398 per
3579 4341 3761 4381 unum

2106 4414 2208 4487 qui
2242 4414 2385 4471 271
2424 4414 2704 4486 peccavit,
2748 4414 2851 4470 sed
2883 4414 3126 4481 donum,
3161 4416 3375 4487 inquit,
3409 4415 3597 4471 multo
3629 4431 3759 4470 ma-

2097 4504 2219 4578 jus.
2254 4526 2282 4555 ‹‹
2316 4505 2460 4560 Nam
2493 4503 2542 4559 si
2575 4504 2753 4559 unius
2786 4504 3001 4561 delicto
3035 4522 3195 4562 mors
3226 4505 3511 4578 regnavit.
3546 4526 3575 4554 ››
3608 4506 3758 4560 Bur-

2107 4610 2239 4653 sum
2271 4593 2428 4650 idem
2453 4594 2789 4662 conﬁrmat,
2810 4600 2869 4651 et
2890 4596 2999 4651 ait:
3026 4596 3081 4651 Si
3104 4596 3264 4651 enim
3296 4599 3536 4666 peccato
3570 4594 3757 4650 Adam

330 4700 424 4745 τος
454 4677 805 4740 ἐϐασίλευσε.
841 4706 871 4736 ι)
926 4684 1095 4740 Πάλιν
1156 4684 1219 4740 τὸ
1276 4684 1407 4741 αὐτὸ
1461 4683 1866 4756 κατασκευάζει,
1909 4689 1994 4744 καὶ

586 4772 646 4786 η.
767 4772 781 4786 .
936 4777 965 4786 ..
1291 4774 1301 4786 .
1581 4771 1607 4783 -
1680 4769 1797 4786 ..μ
1916 4768 1941 4786 .
1975 4771 1989 4786 .

2110 4700 2272 4741 mors
2302 4674 2566 4758 regnavit
2594 4701 2701 4757 per
2727 4702 2913 4741 unum
2946 4684 3143 4757 ipsum
3169 4702 3181 4739 :
3213 4684 3400 4740 multo
3434 4683 3621 4758 magis
3649 4700 3758 4738 nos

330 4790 517 4849 φησιν·
586 4772 651 4829 Εἴ
718 4772 831 4850 γάρ
898 4777 978 4847 τῷ
1041 4774 1450 4850 παραπτώματι
1514 4771 1611 4829 τοῦ
1680 4769 1859 4845 Ἀδὰμ
1913 4768 2001 4828 διὸ

328 4859 422 4915 τὸν
460 4856 552 4916 ἕνα
583 4860 745 4917 αὐτὸν
798 4863 826 4918 ὁ
878 4863 1113 4926 θάνατος
1158 4857 1491 4934 ἐϐασίλευσε,
1547 4861 1746 4936 πολλῷ
1780 4859 1994 4936 μᾶλλον

329 4951 499 5023 ἡμεῖς
528 4951 580 5006 οἱ
608 4951 712 5023 τὴν
734 4952 897 5028 χάριν
930 4948 1193 5017 λαϐόντες
1238 4954 1329 5009 καὶ
1381 4955 1482 5025 τήν
1532 4950 1737 5031 δωρεὰν
1773 4953 1865 5010 καὶ
1895 4955 1998 5023 τήν

331 5036 717 5112 δικαιοσύνην,
750 5043 862 5119 οὐχ
909 5044 1342 5119 ὑπαχθησόμεθα
1390 5044 1623 5117 θανάτῳ,
1654 5041 1800 5101 ἀλλὰ
1834 5045 1994 5114 ζήσο-

334 5150 454 5204 μεν.
493 5153 523 5183 ‹‹
564 5129 771 5204 Πολλῷ
823 5130 1043 5207 μᾶλλον
1101 5133 1154 5188 ot
1209 5135 1309 5204 τὴν
1358 5135 1666 5210 περισσείαν
1694 5140 1794 5204 τῆς
1827 5133 1994 5211 χάρις

330 5238 447 5281 τος.
497 5244 519 5271 ι
552 5221 866 5296 ΙΙερισσείαν
925 5222 1058 5300 φησὶ
1110 5224 1210 5292 τήν
1263 5219 1563 5297 δαψίλειαν.
1608 5225 1780 5280 Τοῦτο
1812 5219 1869 5277 δὲ
1894 5243 1996 5277 κα-

2113 4780 2355 4848 accepta
2377 4774 2865 4848 gratia,donoque
2890 4775 3209 4847 acjuslitia
3231 4791 3353 4831 non
3371 4774 3760 4845 subjiciemur

2106 4866 2305 4934 morti,
2338 4864 2441 4921 sed
2472 4865 2751 4921 vivemus.
2788 4887 2816 4915 ‹‹
2851 4865 3030 4921 Multo
3064 4865 3251 4939 magis
3302 4865 3342 4919 ii
3402 4866 3503 4937 qui
3536 4865 3761 4921 exube-

2105 4955 2361 5011 rantiam
2384 4954 2605 5027 gratiae.
2623 4977 2652 5005 »
2672 4954 3130 5010 Exuberantiam
3150 4954 3295 5010 dicit
3310 4952 3755 5010 abundantiam.

2105 5043 2167 5100 1d
2199 5050 2397 5100 autem
2428 5044 2904 5100 confirmativum
2936 5044 3100 5100 illius
3122 5051 3213 5101 est
3234 5043 3392 5117 quod
3415 5044 3657 5100 omnino
3686 5044 3747 5098 in

2104 5135 2221 5190 vita
2250 5133 2601 5206 regnabunt,
2623 5151 2758 5189 cum
2780 5134 2959 5190 etiam
2991 5136 3179 5208 gratia
3207 5152 3328 5190 non
3360 5151 3535 5207 parce
3560 5150 3754 5206 neque

2104 5222 2179 5280 ad
2210 5237 2552 5278 mensuram
2585 5222 2723 5278 data
2754 5223 2847 5285 sit.
2882 5223 2985 5279 sed
3017 5223 3431 5280 exuberanter.

337 5308 759 5365 τασκευσστικόν
788 5310 900 5367 ἐστι
927 5315 1025 5368 τοῦ
1050 5314 1264 5376 πάντως
1294 5311 1347 5368 ἐν
1382 5315 1496 5387 ζωῇ
1530 5309 1874 5389 βασιλεῦσαι,
1905 5310 2017 5387 ὅσῳ
2061 5311 2153 5368 καὶ
2200 5310 2235 5381 ἠ
2287 5310 2449 5387 χάρις
2498 5309 2560 5365 o6
2611 5308 2898 5391 φειδωλῶς
2929 5306 3055 5368 οὐδὲ
3104 5315 3533 5389 μεμετρημένως
3565 5308 3752 5384 ἐδόθη,

331 5394 462 5452 ἀλλ’
493 5396 554 5452 ἐκ
574 5401 913 5475 περισσείας.

401 5485 505 5545 Καὶ
538 5485 750 5552 ἄλλως.
786 5489 864 5548 O6
898 5489 1063 5564 μόνον
1116 5487 1206 5547 ἵνα
1266 5492 1516 5567 ζήσωμεν
1560 5488 1722 5563 ἐδόθη
1755 5493 1791 5562 ἡ
1823 5490 1986 5569 χάρις

322 5579 425 5633 τοῦ
481 5582 639 5651 Θεοῦ,
696 5581 788 5637 καὶ
845 5583 883 5653 ἡ
940 5579 1178 5660 ἁμαρτία
1234 5580 1493 5659 ἀνῃρέθη,
1547 5581 1640 5640 καὶ
1681 5583 1718 5655 ἡ
1755 5581 1983 5646 κόλασις

323 5669 682 5747 συνανῃρέθη,
742 5667 870 5727 ἀλλ’
919 5671 1013 5728 ἳνα
1065 5669 1157 5727 καί
1207 5667 1319 5726 υἱοὶ
1373 5674 1507 5728 Θεοῦ
1553 5669 1859 5751 γενώμεθα,
1890 5668 1980 5728 καὶ

651 5803 886 5864 Pyram
905 5850 921 5866 .
966 5802 1079 5866 Gn.
1125 5804 1383 5869 CXVIII.

2168 5492 2299 5547 Alio
2354 5507 2571 5562 quoque
2618 5491 2797 5549 modo.
2844 5493 2969 5549 Non
3003 5491 3196 5549 solum
3227 5499 3294 5549 ut
3321 5492 3753 5550 vivamusdata

2093 5587 2184 5639 est
2212 5581 2402 5656 gratia
2432 5581 2555 5650 Dei,
2585 5589 3017 5658 peccatumque
3049 5589 3445 5658 peremptum,
3480 5581 3662 5641 simul
3693 5588 3751 5639 et

2094 5670 2453 5743 supplicium
2507 5669 2844 5731 sublatum:
2901 5689 3105 5729 verum
3165 5673 3343 5730 etiam
3388 5678 3454 5728 ut
3502 5670 3608 5727 ﬁlii
3642 5670 3746 5727 Dei

3428 5802 3504 5861 14
