4222 6194
487 290 607 352 427

485 516 609 580 des,
642 531 709 569 ac
734 509 1004 582 ejusdem
1041 525 1178 562 cum
1209 507 1356 562 Filio
1389 508 1923 579 corporis,aliaque
1957 509 2135 562 innu-

481 619 646 658 mera
675 601 834 656 bona
863 613 1321 668 consequamur.
1357 599 1678 668 Propterea
1727 597 1908 652 dicit:
1968 619 1994 646 «
2027 595 2132 661 Qui

481 689 928 747 exuberantiam
941 686 1143 761 gratia;
1158 687 1480 758 accipiunt.
1493 711 1512 738 ι
1525 717 1592 727 -
1605 707 1624 734 ι
1645 686 1846 758 Itaque
1864 685 2016 741 sicut
2031 700 2137 756 per

480 781 658 836 unius
681 777 984 834 delictum.
1015 801 1042 826 υ
1065 776 1289 832 Rursus
1314 775 1524 832 eodem
1551 775 1814 832 decertat
1835 790 2132 830 sermone.

481 868 628 934 Quia
651 867 813 924 enim
871 863 1289 922 admirandum
1343 863 1671 931 videbatur,
1723 879 1937 934 nempe
1975 861 2136 934 quod

481 959 596 1012 vita
649 963 708 1012 et
764 956 918 1012 dono
979 971 1047 1009 ac
1101 954 1253 1009 bono
1311 969 1488 1025 opere
1547 953 1724 1008 unius
1751 953 1888 1008 Jesu
1917 952 2133 1008 Christi

485 1064 664 1104 omne
693 1063 880 1116 genus
910 1044 1222 1100 hominum
1245 1043 1589 1108 salvaretur,
1609 1043 1830 1098 idcirco
1855 1043 2132 1113 frequen-

487 1145 576 1194 ter
605 1136 762 1192 idem
793 1135 1022 1190 astruit.
1047 1156 1075 1184 ‹‹
1100 1133 1261 1189 Sicut
1283 1133 1440 1188 enim
1476 1150 1578 1205 per
1609 1132 2132 1188 inobedientiam.»

487 1229 604 1283 Hoc
633 1227 826 1299 ipsum
859 1225 1054 1280 denuo
1087 1224 1298 1296 repetit
1325 1230 1756 1295 argumentum.
1788 1247 1815 1272 ι(
1857 1223 2136 1278 Peccato-

483 1335 578 1372 res
609 1315 914 1372 constituti
943 1321 1082 1369 sunt
1111 1313 1302 1367 multi.
1339 1335 1366 1362 ››
1421 1313 1539 1367 Hoc
1571 1319 1659 1367 est
1689 1315 1864 1368 morti
1896 1311 2132 1383 suppli-

483 1409 692 1478 cioque
723 1405 964 1461 obnoxii
995 1422 1006 1459 :
1041 1421 1108 1458 eo
1133 1403 1290 1474 quod
1317 1403 1470 1458 serie
1496 1420 1562 1458 ac
1591 1403 1800 1459 ordine
1833 1404 1892 1457 in
1926 1419 2132 1458 omnes

483 1498 582 1568 qui
616 1497 744 1566 ejus
777 1499 978 1550 essent
1006 1493 1240 1566 generis
1275 1499 1538 1548 transeat
1576 1499 1882 1564 peccatum
1914 1509 2130 1565 proge-

481 1585 730 1641 nitoris:
759 1599 894 1638 cum
927 1599 1134 1638 omnes
1163 1581 1493 1637 imitatione
1527 1581 1780 1654 quadam
1807 1599 1873 1636 ac
1897 1597 2134 1638 succes-

481 1675 648 1728 sione
679 1673 838 1728 idem
871 1677 1300 1744 perpetrarent.
1333 1694 1360 1722 ιι
1395 1675 1480 1727 Ita
1511 1678 1568 1726 et
1597 1687 1702 1743 per
1729 1671 2130 1726 obedientiam

479 1763 744 1818 unius.»
795 1763 952 1818 Patri
1001 1761 1296 1832 siquidem
1349 1761 1462 1815 fuit
1514 1760 1797 1816 obediens
1828 1776 2019 1832 usque
2057 1757 2128 1815 ad

481 1857 754 1919 mortem,
788 1857 1040 1906 mortem
1072 1857 1270 1906 autem
1304 1851 1519 1906 crucis.

557 1943 616 2009 V,
649 1945 737 2010 20,
766 1944 852 1994 2t.
889 1965 916 1990 ιι
952 1942 1064 1996 Lex
1103 1945 1302 1996 autem
1351 1939 1543 1996 obiter
1585 1941 1825 1996 intravit
1849 1945 1916 1996 ut
1945 1939 2132 1994 abun-

479 2057 506 2082 ι(
541 2033 709 2088 daret
738 2031 1042 2086 delictum.
1075 2031 1180 2087 Ubi
1209 2037 1406 2086 autem
1438 2031 1776 2086 exuberavit
1799 2035 2129 2103 peccatum,

477 2149 506 2172 ιι
539 2123 620 2178 ibi
650 2123 836 2196 magis
885 2122 1224 2178 exuberavit
1274 2123 1480 2194 gratia.
1517 2123 1588 2178 Ut
1630 2122 2132 2194 quemadmodum

477 2235 504 2261 ‹‹
537 2212 802 2284 regnavit
831 2218 1138 2284 peccatum
1169 2229 1274 2284 per
1314 2217 1588 2278 mortem,
1623 2212 1704 2267 ita
1735 2217 1794 2268 et
1820 2212 2008 2280 gratia
2037 2226 2132 2265 re-

475 2327 504 2352 (ι
535 2309 743 2375 gnaret
763 2301 1176 2374 perjustitiam
1203 2301 1276 2356 ad
1297 2302 1476 2356 vitam
1495 2307 1779 2356 aeternam
1801 2317 1908 2372 per
1931 2301 2130 2355 Iesum

475 2415 504 2440 «
536 2391 832 2446 Christum
863 2392 1178 2446 Dominum
1215 2395 1557 2446 nostrum.»

548 2503 576 2532 ‹‹
613 2481 724 2536 Lex
755 2487 950 2536 autem
983 2480 1176 2535 obiter
1209 2481 1467 2535 intravit.
1503 2501 1530 2530 ››
1585 2479 1647 2534 Id
1681 2479 1824 2534 dicit
1853 2478 2010 2552 quod
2043 2479 2132 2534 fa-

477 2576 639 2626 ctum
670 2576 796 2626 est:
831 2587 940 2624 nec
963 2575 1160 2624 tamen
1189 2569 1378 2640 legem
1401 2570 1484 2624 ait
1505 2585 1746 2624 causam
1777 2569 1960 2624 fuisse
1993 2584 2128 2640 pec-

479 2657 592 2714 cati
623 2675 635 2712 :
669 2675 736 2712 ac
769 2658 818 2712 si
849 2657 1107 2712 diceret:
1145 2657 1256 2712 Lex
1307 2663 1506 2712 autem
1555 2657 1747 2712 obiter
1779 2657 2040 2722 intravit,
2074 2659 2131 2710 et

477 2747 798 2803 abundavit
827 2745 1129 2802 delictum.
1157 2747 1300 2802 Nam
1333 2747 1524 2802 hocin
1552 2747 1832 2818 operibus
1855 2745 2132 2816 apparuit

477 2844 532 2893 et
547 2835 1095 2892 actionibus.Simul
1110 2837 1286 2890 etiam
1305 2853 1409 2907 per
1427 2836 1668 2892 modum
1690 2835 1782 2906 obj
1794 2835 2040 2908 urgandi
2056 2834 2130 2889 ad

473 2926 708 2982 Iudaeos
733 2926 954 2982 dictum
989 2931 1097 2986 est.
1131 2925 1202 2982 ad
1237 2925 1370 2980 illos
1397 2926 1558 2980 enim
1590 2943 1782 2980 sermo
1815 2925 2126 2998 dirigitur:

475 3021 534 3072 et
563 3017 651 3071 illi
682 3015 752 3071 de
785 3015 912 3088 lege
943 3015 1260 3070 immodice
1293 3013 1711 3070 efferebantur.
1739 3015 1890 3070 272
1915 3013 2130 3083 Objur-

471 3104 663 3178 gando
697 3121 832 3177 ergo
865 3105 1112 3160 obscure
1161 3104 1386 3158 indicat
1434 3103 1592 3174 quod
1642 3103 1860 3158 frustra
1891 3103 1961 3157 de
1995 3103 2124 3174 lege

471 3193 618 3248 adeo
651 3193 1114 3248 extollerentur:
1149 3192 1316 3258 Quod
1365 3193 1524 3247 enim
1555 3191 1628 3247 ad
1661 3199 1872 3259 vestra,
1907 3192 2119 3262 inquit,

470 3288 698 3352 spectat
728 3299 926 3352 opera,
959 3282 1052 3336 lex
1083 3281 1274 3336 obiter
1305 3282 1544 3337 intravit
1575 3288 1638 3335 ut
1667 3281 2000 3336 abundaret
2028 3279 2124 3334 de-

467 3368 698 3423 lictum.
735 3369 853 3422 Hoc
884 3377 1080 3424 autem
1113 3386 1274 3424 nunc
1321 3370 1489 3434 dixit,
1523 3371 1662 3440 quia
1711 3371 2120 3425 calamitatum

469 3457 845 3524 meminerat,
879 3475 1008 3528 quae
1071 3475 1139 3511 ex
1193 3458 1378 3513 Adam
1439 3465 1852 3530 provenerant,
1905 3459 2120 3512 horum

469 3545 886 3600 liberationem
915 3545 1108 3599 solum
1143 3545 1371 3600 dixerat
1419 3563 1546 3600 esse
1593 3547 1950 3600 Salvatorem
1979 3545 2123 3600 effe-

471 3639 653 3689 ctum.
689 3635 768 3688 Ne
801 3649 938 3706 ergo
981 3633 1220 3688 dicant:
1280 3633 1430 3698 Quid
1463 3633 1687 3706 igitur?
1720 3633 1870 3688 nihil
1903 3633 2122 3706 profuit

471 3723 564 3780 lex
587 3725 659 3780 ad
683 3724 896 3779 horum
917 3723 1332 3779 liberationem
1357 3725 1375 3776 ἓ
1403 3723 1512 3777 hoc
1541 3723 1738 3794 itaque
1767 3723 1934 3794 ponit
1961 3723 2120 3794 quod

473 3815 599 3869 Non
623 3813 816 3870 solum
838 3813 992 3869 nihil
1015 3814 1176 3870 vobis
1198 3813 1469 3880 contulit,
1487 3813 1588 3869 sed
1613 3820 1899 3886 quantum
1923 3813 1996 3869 ad
2019 3831 2118 3870 vos

466 3904 696 3970 attinet,
757 3903 904 3958 illud
967 3920 1202 3976 quoque
1261 3903 1544 3958 delictum
1605 3902 1909 3958 abundare
1959 3903 2114 3960 fecit.

465 3991 644 4046 Porro
673 3990 829 4062 quod
873 3993 992 4047 ait:
1051 4015 1078 4042 ιι
1112 3991 1312 4048 Obiter
1371 3993 1628 4061 intravit,
1665 4015 1692 4040 ››
1729 3992 2116 4064 temporalem

461 4079 761 4152 signiﬁcat
809 4081 935 4152 ejus
996 4081 1390 4137 durationem.
1427 4103 1454 4130 ‹‹
1490 4081 1562 4137 Ut
1607 4079 1940 4136 abundaret
1970 4081 2114 4137 deli-

459 4172 704 4224 ctum.»
767 4169 928 4242 Legis
987 4169 1237 4242 gloriam
1309 4171 1558 4226 evertit:
1621 4187 1758 4226 nam
1836 4170 2116 4226 adversus

454 4257 687 4312 Iudaeos
719 4258 808 4313 illi
841 4264 1143 4314 certamen
1175 4265 1320 4325 erat,
1343 4265 1400 4314 et
1421 4259 1602 4316 dicit:
1633 4261 1756 4315 Non
1792 4259 1984 4316 solum
2015 4277 2115 4315 vos

454 4345 784 4418 nihiljuvit
834 4347 948 4410 lex,
1009 4365 1210 4404 verum
1273 4349 1451 4404 etiam
1509 4366 1579 4405 ex
1639 4351 2112 4422 transgressione

457 4437 620 4492 auxit
651 4443 912 4510 peccata.
946 4437 1298 4510 Conjunctio
1325 4435 1438 4503 ἵνα,
1463 4437 1522 4494 id
1552 4445 1660 4504 est,
1686 4447 1767 4498 ut.
1791 4453 1912 4494 non
1943 4437 2117 4510 poni-

1583 281 1996 344 GCUMENII
2039 279 2348 342 TRICCE
2391 281 2746 347 EPISCOPI

486 426 818 484 efﬁciamur
845 427 904 477 et
943 419 1158 475 Christi
1208 417 1569 486 cohaaredes,
1597 419 1907 490 Patrisque
1937 417 2122 472 ller-

2241 413 2656 493 συγληρονόμοι
2715 421 2972 494 Χριστοῦ,
3039 417 3126 476 καὶ
3213 415 3562 494 κληρονόμοι

3779 285 3900 348 428

3659 423 3803 495 Πατρ
3817 419 3897 492 ὸς,

2246 504 2338 558 καὶ
2373 507 2654 581 σύσσωμοι
2685 513 2782 564 τοῦ
2812 511 2964 578 Υίοῦ,
3022 509 3112 564 καὶ
3169 507 3314 564 ἄλλα
3377 509 3540 582 μυρία
3572 509 3766 586 ἀγαθέ.
3802 511 3899 564 Διὰ

2247 594 2407 648 τοῦτό
2439 617 2628 674 φησιν,
2685 622 2710 649 α
2748 599 2814 655 Οἱ
2868 600 2966 668 τήν
3019 597 3322 670 περισσείαν
3355 605 3453 668 τῆς
3488 599 3714 673 χέριτος
3748 597 3894 670 λαμ-

2248 675 2523 747 ϐάνοντες.
2561 710 2588 736 ››
2638 719 2706 729 -
2747 687 2889 762 ’Ἆρα
2934 687 3026 741 οὗν
3084 686 3157 748 ὡς
3219 684 3287 742 δι’
3345 687 3460 751 ἑνὸς
3517 688 3894 764 παραπτώμα-

2245 792 2358 836 τος.
2395 799 2421 826 υ
2459 774 2626 830 Πάλιν
2687 779 2769 850 τῷ
2825 775 2972 848 αὑτῷ
3026 777 3418 854 ἐπαγωνίζεται
3460 775 3635 852 λόγῳ.
3669 775 3890 848 Ἐπειδη

2247 861 2350 938 γὰρ
2411 861 2712 939 παράδοξον
2763 861 2957 934 ἐδόκει,
3015 867 3084 938 τῇ
3143 869 3239 920 τοῦ
3299 867 3412 928 ἑνὸς
3451 867 3632 937 Ἰησοῦ
3663 869 3894 939 Χριστοῦ

2249 953 2362 1024 ζωῇ
2419 952 2508 1006 καὶ
2571 951 2746 1025 δωρεᾷ
2821 953 2912 1008 καὶ
2991 955 3378 1028 κατορθώματι
3431 949 3570 1012 ἁπαν
3630 957 3892 1025 σώζεσθαι

2245 1039 2306 1094 τὸ
2345 1039 2500 1115 γένος
2529 1045 2638 1096 τῶν
2669 1042 2990 1118 ἀνθρώπων,
3039 1041 3346 1118 πολλαχῶς
3389 1045 3524 1100 αὐτὸ
3563 1047 3896 1101 κατασκευὰ-

2245 1135 2345 1200 ζει.
2409 1133 2668 1207 «Ὠσπερ
2729 1132 2834 1210 γαρ
2893 1131 2979 1188 διὰ
3033 1140 3135 1204 τῆς
3189 1141 3490 1208 παρακοῆς.
3549 1157 3573 1189 ι
3633 1137 3704 1189 Τὸ
3761 1133 3892 1190 αὑτὸ

2244 1215 2408 1273 πάλιν
2466 1217 2608 1296 λέγει
2669 1219 3026 1298 ἐπιχείρημα.
3087 1221 3504 1298 ‹‹·⁹Αμαρτωλοὶ
3563 1225 3894 1295 κατεστάθη-

2245 1328 2340 1362 σαν
2399 1307 2450 1363 0i.
2507 1309 2732 1370 πολλοί,
2771 1337 2790 1362 ι
2847 1307 3127 1368 Τουτέστιν
3188 1313 3474 1368 ὑπεύθυνοι
3535 1313 3745 1386 θανάτῳ
3802 1313 3890 1370 καὶ

2243 1394 2491 1466 κολάσει,
2551 1396 2639 1453 διὰ
2694 1399 2755 1454 τὸ
2809 1401 2954 1470 ταξει
3011 1402 3099 1456 καί
3159 1401 3335 1476 εἱρμῶ
3397 1403 3471 1466 εἷς
3527 1402 3726 1466 πάντας
3763 1403 3890 1467 τοὺς

2241 1485 2559 1561 τοῦγένους
2619 1485 2874 1560 διαϐῆναι
2931 1492 3031 1561 τήν
3079 1495 3176 1546 τοῦ
3229 1488 3542 1568 πρόπατρος
3598 1493 3886 1566 ἁμαρτίαν,

2241 1573 2460 1629 πάντων
2491 1577 2629 1631 κατά
2659 1597 2778 1632 τινα
2813 1579 3048 1652 μίμησιν
3081 1578 3170 1634 καὶ
3225 1576 3460 1656 διδαχὴν
3495 1579 3887 1636 ἐπιτελούντων

2241 1664 2426 1736 αὑτήν.
2489 1691 2518 1718 ι(
2555 1663 2740 1730 Οὕτως
2791 1669 2882 1724 καὶ
2932 1667 3020 1723 διὰ
3071 1677 3169 1740 τῆς
3232 1671 3476 1742 ὑπακοῆς
3531 1677 3626 1728 τοῦ
3683 1672 3818 1734 ἐνος.
3863 1697 3885 1724 ι

2240 1755 2505 1824 Ὑπήκοος
2539 1756 2641 1834 γὰρ
2673 1757 2866 1835 γέγονε
2919 1762 2999 1830 τῷ
3059 1763 3226 1834 Πατρι
3291 1761 3456 1836 μέχρι
3513 1761 3766 1830 θανάτου,
3795 1772 3894 1824 θα·-

2237 1841 2400 1897 νάτου
2434 1840 2490 1897 δὲ
2521 1850 2773 1920 σταυροῦ.

2308 1933 2493 2006 Νόμος
2552 1930 2610 1989 δὲ
2667 1935 3032 2011 παρεισῆλθεν
3101 1933 3192 1996 ’ίνα
3257 1935 3534 2014 πλεονάσῃ
3593 1939 3654 1994 τὸ
3713 1941 3892 2014 παρᾶ-

2237 2041 2456 2095 πτωμα.
2533 2023 2610 2081 Οὗ
2697 2021 2752 2079 δὲ
2835 2024 3157 2082 ἐπλεόνασεν
3219 2028 3254 2098 ἠ
3313 2029 3572 2102 ἁμαρτία,
3633 2030 3888 2102 ὑπερεπε-

2239 2111 2507 2185 ρίσσευσεν
2533 2113 2566 2183 ἠ
2596 2111 2783 2189 χάρις,
2809 2113 2899 2170 ’ίνα
2931 2113 3112 2192 ὥσπερ
3155 2111 3496 2173 ἐϐασιλευσεν
3557 2121 3592 2187 ἡ
3648 2119 3888 2193 ἁμαρτία

2235 2197 2288 2254 ἐν
2311 2205 2390 2272 τῷ
2423 2201 2654 2276 θανάτῳ,
2702 2203 2875 2267 οὕτως
2923 2204 3012 2260 καὶ
3060 2206 3093 2276 ἠ
3142 2207 3303 2281 χάρις
3361 2205 3656 2282 βασιλεύσῃ
3687 2205 3773 2262 ’διὰ
3805 2205 3887 2262 δι-

2235 2289 2526 2360 καιοσῦνης
2557 2291 2633 2352 εἷς
2677 2295 2821 2363 ζωήν
2869 2294 3088 2350 αἰώνιον
3142 2291 3230 2350 διὰ
3281 2296 3462 2366 Ἰησοῦ
3513 2297 3750 2370 Χριστοῦ
3791 2299 3886 2351 τοῦ

2239 2379 2445 2456 Κυρίου
2475 2380 2660 2452 ἡμῶν.

2309 2495 2335 2522 (ι
2371 2472 2557 2544 Νόμος
2589 2468 2644 2526 δέ
2676 2471 3061 2546 παρεισῆλθεν,
3099 2499 3127 2525 ››
3184 2475 3259 2532 Τὸ
3311 2474 3529 2550 γεγονὸς
3579 2474 3747 2550 λέγει,
3799 2473 3890 2530 καὶ

2237 2557 2337 2612 οὑκ
2395 2558 2568 2614 αἲτιτεν
2633 2581 2793 2636 ιρησιν
2853 2563 2943 2616 τὸν
3015 2561 3184 2635 νόμον
3241 2569 3339 2632 τῆς
3399 2563 3685 2636 ἁμαρτίας,
3747 2563 3886 2633 οἷον,

2236 2647 2420 2719 Νόμος
2497 2645 2554 2703 δὲ
2628 2649 2981 2724 παρεισῆλθε,
3065 2650 3154 2706 καὶ
3241 2649 3529 2707 ἐπλεόνασε
3583 2654 3645 2707 τὸ
3711 2655 3889 2728 παρὰ-

2233 2757 2414 2808 τωμα’
2475 2741 2648 2796 Τοῦτο
2709 2741 2813 2816 γὰρ
2867 2740 2951 2796 ἐπ’
3008 2741 3183 2796 αὑτῶν
3243 2739 3399 2822 ὤφθη
3448 2747 3556 2798 τῶν
3590 2735 3761 2817 ἔργων
3797 2742 3888 2798 καὶ

2235 2829 2500 2902 πράξεων.
2563 2831 2716 2902 ’Ἅμα
2801 2827 2877 2900 δὲ,
2937 2831 3027 2885 καὶ
3095 2830 3506 2902 ἐπιπληκτικῶς
3567 2833 3702 2908 πρὸς
3762 2831 3888 2895 τοὺς

2235 2913 2534 2982 Ἰουδαίους
2591 2918 2823 2990 εἶ’ρηται.
2887 2922 3029 2996 Πρὸς
3085 2921 3191 2999 γὰρ
3242 2920 3480 2984 ἐκείνους
3527 2922 3884 2991 ἀποτείνεται,

2233 3007 2322 3060 καὶ
2400 3005 2595 3062 ἐκεῖνοι
2655 3009 2789 3077 ἦσαν
2847 3009 2900 3064 οἳ
2957 3011 3227 3086 ὑπέρογκα
3281 3016 3358 3084 τῷ
3411 3011 3566 3085 νόμῳ
3623 3015 3886 3088 φρονοῦν-

2231 3119 2340 3160 τες.
2399 3099 2782 3170 Ἐπιπλτςττων
2841 3099 2934 3154 οὖν
2991 3101 3376 3168 ὑπαινίττεται,
3438 3103 3522 3157 δτι
3583 3102 3770 3172 Μάτην
3803 3105 3882 3172 τῷ

2233 3187 2390 3258 νόμῳ
2425 3189 2560 3262 μέγα
2616 3193 2882 3264 φρονεῖτε·
2943 3189 3054 3262 ’ὀσῳ
3110 3189 3212 3265 γὰρ
3270 3189 3359 3245 ἐπὶ
3418 3195 3535 3252 ταῖς
3600 3188 3884 3264 ὑμετέραις

2231 3275 2530 3352 ἐργασίαις,
2593 3279 2620 3332 ὁ
2675 3279 2840 3350 νόμος
2899 3278 3262 3352 παρεισῆλθεν
3343 3279 3426 3334 ἵνα
3493 3278 3763 3353 πλεονάσῃ
3817 3281 3880 3334 τὸ

2228 3363 2594 3438 παράπτωμα.
2631 3369 2810 3424 Τοῦτο
2867 3365 2924 3422 δέ
2982 3372 3068 3422 νῦν
3125 3363 3252 3448 ἔφη,
3311 3366 3499 3438 ἐπειδὴ
3531 3375 3639 3425 τῶν
3693 3369 3752 3424 ἐκ
3781 3373 3878 3424 τοῦ

2233 3451 2412 3527 Ἀδὰμ
2441 3454 2702 3533 χαλεπῶν
2749 3455 3083 3531 ἐπεμνήσθη,
3140 3457 3230 3512 καὶ
3289 3458 3499 3514 ταὺτων
3547 3458 3879 3535 ἀπαλλαγήν

2235 3543 2395 3616 μόνον
2453 3543 2552 3620 ἔφη
2607 3547 2848 3619 γενέσθαι
2903 3547 2997 3602 τὸν
3053 3553 3310 3622 Σωτῆρα.
3369 3549 3486 3602 ’Ἱνα
3541 3549 3616 3620 μή
3653 3547 3878 3622 λέγωσι·

2229 3635 2298 3690 Τί
2346 3634 2476 3704 οὗν;
2534 3636 2560 3690 ὁ
2616 3636 2783 3708 νόμος
2843 3635 2995 3691 οὐδέν
3049 3633 3370 3693 συνεϐάλετο
3420 3637 3494 3698 είς
3531 3639 3630 3707 τήν
3663 3637 3882 3693 ἐκείνων

2229 3720 2599 3801 ἁπαλλαγήν;
2655 3726 2836 3796 τίθησι
2899 3729 3026 3800 γοῦν
3079 3729 3261 3795 τοῦτο,
3293 3725 3376 3782 ὅτι
3420 3726 3496 3783 Οὐ
3532 3727 3694 3800 μόνον
3725 3725 3877 3782 οὑδὶν

2227 3815 2569 3888 συνήνεγκεν,
2623 3811 2750 3870 ἀλλ’
2809 3814 2908 3870 ὅσα
2959 3813 3040 3895 ἐφ’
3099 3817 3249 3889 ὑμῖν,
3305 3818 3390 3870 καὶ
3451 3813 3743 3872 ἐπλεόνασε
3781 3819 3880 3887 τήν

2229 3901 2492 3976 ἁμαρτίαν
2523 3901 2750 3973 ἐκείνην.
2803 3905 2876 3959 Τὸ
2935 3900 3011 3974 δὲ,
3073 3931 3100 3958 «
3135 3903 3519 3980 Παρεισῆλθεν,
3555 3929 3582 3956 ››
3617 3905 3678 3961 τὸ
3709 3907 3878 3980 πρόσ-

2225 4010 2412 4066 καιρον
2471 3995 2634 4046 αυτοῦ
2693 3990 2981 4052 δείκνυσιν.
3049 4020 3068 4044 ιι
3121 3997 3238 4050 Ἵνα
3291 3993 3563 4069 πλεονάσῃ
3610 3997 3673 4050 τὸ
3702 3995 3879 4071 παρά-

2223 4099 2442 4154 πτωμα.
2507 4105 2535 4131 »
2595 4083 2856 4156 Καθαιρεῖ
2908 4085 3004 4139 τοὺ
3082 4083 3254 4156 νόμου
3339 4085 3439 4152 τὴν
3505 4080 3661 4154 δόξαν
3719 4085 3880 4160 (πρὸς

2223 4164 2516 4228 Ἰουδαίους
2571 4169 2672 4243 γαρ
2729 4171 2795 4240 ἧν
2865 4171 3016 4244 αὑτῷ
3068 4173 3095 4226 ὁ
3153 4171 3352 4248 ἀγὼν),
3407 4174 3498 4228 καὶ
3557 4193 3738 4252 φησιν’
3799 4171 3877 4230 Οὑ

2225 4256 2390 4327 μόνον
2421 4254 2573 4312 οὐδὲν
2628 4259 2776 4332 ἡμᾶς
2835 4256 3036 4331 ὤνησεν
3085 4261 3112 4314 ὁ
3144 4263 3335 4334 νόμος,
3383 4259 3526 4318 ἀλλὰ
3555 4261 3644 4316 καὶ
3672 4259 3880 4332 ηὕξησι

2219 4345 2312 4404 τὰς
2369 4347 2634 4418 ἁμαρτίας
2695 4347 2754 4402 ἐκ
2808 4353 2905 4403 τοῦ
2981 4343 3432 4424 παραϐαίνεσοαι.
3497 4351 3572 4408 Τὸ
3633 4347 3710 4420 δὲ,
3761 4348 3878 4423 ἵνα,

2222 4433 2321 4489 οὐκ
2351 4433 2740 4510 αἷτιολογικῶς
2793 4443 2990 4508 κεῖται,
3044 4436 3192 4495 ἀλλὰ
3243 4441 3330 4506 τὸ,
3363 4441 3511 4505 ὅπως
3541 4435 3718 4514 ἐξέϐη,
3769 4438 3876 4511 δη-

459 4531 553 4582 tur
583 4529 923 4597 causaliter,
958 4528 1060 4583 sed
1119 4545 1234 4600 quo
1293 4534 1463 4600 pacto
1517 4529 1835 4601 contigerit
1865 4529 2117 4584 manife—

2234 4521 2336 4580 λοῖ.
2398 4523 2477 4581 Οὑ
2535 4525 2638 4602 γὰρ
2700 4523 2790 4580 διὰ
2842 4531 3003 4582 τοῦτο
3064 4527 3224 4598 ἐδόθη
3285 4527 3372 4584 ἳνα
3437 4528 3712 4606 πλεονάσῃ
3773 4531 3872 4600 τήν

457 4623 609 4685 stat;
636 4633 828 4690 neque
853 4618 1014 4673 enim
1040 4623 1351 4690 propterea
1372 4617 1509 4672 data
1532 4624 1621 4672 est
1643 4617 1734 4672 lex
1759 4623 1823 4672 ut
1845 4617 2108 4673 abunda-

457 4712 544 4760 ret
577 4713 883 4776 peccatum
912 4723 924 4762 :
948 4706 1103 4762 absit
1127 4705 1138 4760 l
1163 4707 1286 4762 Imo
1309 4711 1376 4760 ut
1397 4706 1648 4762 salvaret
1672 4713 1728 4760 et
1747 4707 2108 4774 instrueret;

457 4800 654 4848 tamen
687 4811 808 4850 non
838 4796 1145 4851 observata
1165 4796 1329 4850 auxit
1351 4801 1658 4867 peccatum
1687 4813 1698 4850 :
1734 4811 1855 4850 non
1882 4810 1951 4849 ex
1975 4811 2113 4866 pro-

455 4883 585 4954 pria
637 4889 868 4952 natura,
925 4883 1028 4940 sed
1085 4893 1327 4957 propter
1365 4885 1606 4939 illorum
1667 4883 1982 4957 segnitiem
2042 4901 2109 4940 ac

455 4973 987 5042 transgressionem
1017 4974 1117 5044 qui
1149 4989 1276 5029 eam
1310 4991 1429 5028 non
1461 4975 1944 5029 observaverunt.

523 5061 658 5115 Item
685 5062 796 5115 alio
825 5063 1003 5116 modo.
1041 5063 1156 5116 Hoc
1187 5064 1382 5118 simile
1413 5063 1500 5118 illi
1531 5069 1620 5118 est
1651 5063 1806 5134 quod
1840 5063 1902 5117 in
1935 5065 2109 5134 Epis-

455 5149 576 5204 tola
605 5151 678 5206 ad
709 5151 941 5206 Galatas
973 5151 1242 5207 habetur.
1295 5177 1322 5202 τι
1357 5154 1470 5208 Lex
1502 5160 1743 5226 propter
1775 5161 2108 5226 transgres-

454 5241 652 5297 siones
683 5241 883 5297 addita
913 5241 1040 5296 fuit.
1077 5265 1104 5292 ››
1137 5243 1438 5314 Siquidem
1469 5245 1954 5316 coniunctionem
1995 5241 2106 5310 ἳνα,

453 5330 514 5385 id
545 5337 654 5398 est,
687 5337 767 5396 ut,
801 5333 998 5402 posuit
1033 5333 1210 5388 etiam
1260 5335 1432 5404 juxta
1488 5335 1746 5389 idioma:
1807 5334 2109 5406 signiﬁcat

452 5420 610 5476 enim
641 5420 806 5476 aliud
836 5429 1222 5478 consecutum
1254 5437 1403 5478 esse.
1434 5425 1576 5478 Nam
1609 5423 1672 5478 in
1704 5423 1980 5477 omnibus
2005 5423 2106 5494 qui

449 5515 584 5585 post
604 5510 790 5569 Adam
811 5513 1071 5584 fuerunt,
1091 5513 1210 5568 imo
1234 5517 1295 5568 et
1313 5513 1374 5568 in
1399 5513 1525 5585 ipso
1551 5513 1730 5568 etiam
1763 5511 1948 5568 Adam
1972 5512 2109 5569 data

447 5601 576 5675 lege
597 5601 919 5660 abundavit
944 5601 1247 5660 delictum.
1267 5601 1500 5660 Etenim
1523 5607 1744 5674 quanto
1773 5601 1947 5673 plura
1968 5607 2108 5660 sunt

2219 4611 2508 4687 ἁμαρτίαν,
2567 4611 2760 4691 ἔπαγε,
2814 4613 2944 4670 ἀλλ’
2995 4614 3086 4671 ’ἕνα
3144 4620 3292 4693 σώσῃ
3337 4619 3426 4674 καὶ
3456 4617 3744 4694 παιδεῦσῃ.
3777 4619 3869 4688 Μή

2221 4698 2516 4776 συλαχθεῖς
2571 4700 2628 4756 δὲ
2685 4701 2888 4774 ηὔξησε
2941 4707 3040 4774 τήν
3096 4707 3391 4780 ἁμαρτίαν,
3451 4709 3514 4763 οὐ
3571 4709 3717 4784 παρὰ
3771 4708 3870 4776 τήν

2221 4787 2422 4844 οἰκείαν
2467 4789 2648 4866 φύσιν,
2704 4789 2849 4848 ἀλλὰ
2905 4794 3050 4870 παρὰ
3105 4800 3202 4863 τήν
3263 4800 3368 4852 τῶν
3409 4798 3485 4870 μὴ
3519 4797 3869 4878 φυλαξάντων

2221 4875 2377 4932 αὑτὸν
2408 4877 2673 4954 ῥᾳθυμίαν
2705 4881 2792 4936 καὶ
2828 4877 3157 4958 παράϐασιν.

2289 5056 2392 5114 Καὶ
2449 5055 2636 5121 ἄλλως
2699 5061 3038 5136 [ΓΕΝΝΑΔ.]
3128 5063 3314 5119 Ἕοικε
3385 5068 3546 5120 τοῦτο
3605 5071 3672 5142 τῇ
3736 5067 3872 5144 πρὸς

2222 5144 2482 5208 Γαλάτας.
2543 5149 2661 5206 «'0
2699 5150 2868 5223 νόμος
2925 5155 3030 5206 τῶν
3091 5149 3444 5228 παραϐάσεων
3507 5155 3670 5232 χάριν
3701 5179 3874 5233 προσ-

2219 5237 2393 5306 ετέθη.
2431 5263 2452 5290 ιι
2514 5239 2592 5293 Τὸ
2641 5239 2766 5314 γὰρ,
2819 5239 2926 5312 ἳνα,
2983 5243 3254 5297 κανταῦθα
3325 5245 3462 5298 κατὰ
3517 5247 3579 5301 τὸ
3669 5244 3872 5318 ἰδίωμα

2215 5325 2436 5380 τέθεικε·
2473 5325 2722 5399 σημαίνει
2781 5327 2884 5402 γὰρ
2941 5330 3006 5383 τὸ
3063 5331 3385 5391 ἀκόλουθον.
3436 5337 3568 5394 Τοῖς
3598 5341 3698 5408 γαρ
3733 5335 3868 5405 μετὰ

2215 5413 2306 5468 τὸν
2369 5409 2564 5486 Ἀδὲμ,
2629 5415 2817 5489 φησὶν,
2875 5419 3063 5488 ἅπασι,
3137 5419 3352 5492 μᾶλλον
3415 5419 3471 5475 δὲ
3551 5421 3640 5475 καὶ
3715 5420 3865 5494 αὐτῷ

2213 5506 2292 5576 τῷ
2323 5497 2522 5576 Ἀδὰμ,
2554 5504 2732 5578 νόμου
2765 5502 3042 5580 δοθέντος,
3073 5509 3368 5586 ἐπλεόνασε
3399 5511 3460 5565 τὸ
3491 5506 3862 5586 παράπτωμά.

2213 5597 2364 5666 Ὀσῳ
2410 5592 2514 5672 γὰρ
2569 5593 2636 5649 τά
2691 5595 3128 5676 παραγγέλματα
3183 5585 3378 5671 πλείω,
3411 5585 3654 5674 τοσοὺτῳ
3685 5619 3870 5678 παρα-
