4222 6194
312 296 439 384 μεθ

1407 298 1933 362 (ΞΟΜΜΕΝΊἻΙΝ
1982 296 2233 359 EPIST.
2281 299 2383 361 AD
2428 298 2621 362 ΗΘΜ.

3626 302 3746 365 430

320 426 660 505 ϐαινομένων
687 431 864 487 αὐτῶν
894 431 985 488 καὶ
1015 433 1082 488 τὰ
1122 434 1561 508 παραπτώματα.
1595 430 1819 494 Πολλὰς
1867 431 1970 507 γὰρ

2100 438 2404 506 praecepta,
2432 440 2595 491 tanto
2614 435 2794 491 etiam
2817 451 3021 491 eorum
3044 434 3145 506 qui
3180 434 3283 490 illa
3302 437 3747 509 transgrediun.

326 519 454 583 δοὺς
488 518 709 584 ἐντολὰς
740 522 768 576 ὁ
796 521 989 595 νόμος,
1021 517 1360 595 παραϐαθεὶς
1391 522 1731 578 ἐπλεόνασεν.
1761 548 1788 574 ‹‹
1821 520 1897 579 Οὗ
1931 517 1988 575 δὲ

324 611 653 669 ἐπλεόνασεν
683 616 719 684 ἡ
754 614 1009 689 ἁμαρτία.
1033 638 1059 667 »
1084 616 1172 683 Μὴ
1205 609 1759 693 φοϐηθῇς,φησὶν,ὂτι
1787 610 1986 668 ἐπλεό-

326 723 485 757 νασεν
515 706 550 773 ἡ
583 703 843 779 ἁμαρτία.
879 703 979 761 Καὶ
1012 706 1112 779 γὰρ
1142 701 1211 779 τῇ
1242 708 1349 759 τῶν
1382 703 1683 777 ἀνθρώπων
1735 694 1984 776 παραϐά-

331 812 435 862 σει,
467 791 545 854 εἷς
578 788 698 847 δέον
729 794 819 847 καὶ
852 794 1127 869 συμφέρον
1170 791 1470 872 ἐχρήσατο,
1502 793 1670 867 πόρον
1698 796 1814 853 τοῖς
1848 787 1984 845 ἀπό-

330 902 450 955 ροις
514 881 912 957 μηχανώμενος
944 883 971 936 ὁ
1005 882 1153 944 Θεός.
1216 886 1313 939 Ἐκ
1369 883 1471 957 γὰρ
1528 881 1725 937 τούτου
1757 882 1793 949 ἡ
1820 878 1985 955 ’χάρις

331 967 424 1027 διὰ
482 971 721 1045 Χριστοῦ
781 970 981 1044 μείζων
1038 970 1129 1027 καὶ
1177 969 1322 1027 πολὺ
1377 971 1617 1041 ποθητέα
1672 966 1982 1045 γεγένηται.

332 1066 436 1121 Ἢς
470 1057 648 1121 οὕτως
707 1058 1032 1135 γενομένης,
1088 1063 1123 1130 ἡ
1182 1061 1364 1123 πίστις
1423 1058 1637 1134 μᾶλλον
1693 1055 1981 1114 ἐπέδωκεν.

332 1148 543 1208 Οὐκοῦν
604 1148 664 1204 ἐκ
718 1153 817 1205 τοῦ
873 1148 1217 1223 πλεονασμοῦ
1278 1156 1379 1220 τῆς
1460 1148 1729 1226 ἁμαρτίας
1788 1146 1898 1221 οὐχ
1945 1148 1980 1217 ἡ

332 1238 564 1302 κολασις
623 1236 983 1310 ἐπλεονσὶσθη,
1041 1237 1168 1295 ἀλλ’
1215 1241 1250 1310 ἡ
1285 1238 1527 1314 σωτηρία
1584 1237 1800 1315 γέγονεν
1860 1235 1981 1310 ἔρα-

332 1328 634 1401 σμιωτέρα.
668 1326 747 1384 Οὐ
775 1327 878 1403 γὰρ
913 1328 1076 1402 μόνον
1104 1333 1212 1383 τῶν
1269 1327 1679 1402 ἁμαρτημάτων
1731 1322 1986 1397 ἀπήλλα-

333 1419 440 1489 ξεν,
473 1414 621 1472 ἀλλᾶ
656 1415 746 1471 καὶ
809 1417 976 1493 μυρία
1031 1416 1201 1494 ἀγαθᾶ
1258 1413 1510 1475 δέδωκεν,
1548 1440 1574 1469 u
1604 1409 1979 1472 Ἐϐασίλευσεν

332 1510 366 1577 ἡ
441 1506 684 1582 ἁμαρτία
740 1504 791 1559 ἐν
848 1507 929 1579 τῷ
983 1507 1210 1580 θανάτῳ.
1267 1531 1295 1559 ››
1351 1508 1415 1564 Ἦ
1477 1506 1581 1581 γὰρ
1640 1503 1878 1580 ἁμαρτία
1930 1501 1983 1557 ἐν

332 1596 479 1665 ταξει
513 1592 807 1669 βασιλέως,
842 1597 869 1651 ὁ
918 1592 974 1651 δὲ
1030 1599 1277 1662 θάνατος,
1334 1592 1386 1650 ἒν
1442 1594 1587 1664 τάξει
1647 1593 1982 1668 στρατιώτου

333 1685 425 1743 καὶ
453 1684 733 1758 ὑπουργοῦ
762 1685 1069 1760 γεγένηται.
1100 1687 1190 1742 Ἐν
1219 1688 1298 1758 τῷ
1331 1685 1565 1757 θανάτῳ,
1598 1680 1687 1737 διὰ
1740 1686 1837 1738 τοῦ
1887 1692 1981 1746 θα-

329 1777 517 1834 νάτου.
553 1802 579 1831 ‹‹
614 1777 803 1837 Οὕτως
833 1775 924 1830 καὶ
956 1777 990 1845 ἡ
1024 1775 1186 1850 χάρις
1220 1772 1550 1850 βασιλεύσει.
1588 1796 1609 1824 ι
1664 1772 1834 1847 Χάρις
1886 1770 1980 1844 μὶν

332 1871 433 1946 γὰρ
473 1870 759 1946 καὶχὸίρις
791 1869 924 1921 Θεοῦ
970 1864 1061 1920 καὶ
1105 1861 1421 1935 δικαιοσύνη
1482 1861 1674 1931 λείζων
1725 1862 1984 1935 κατορθοῖ

334 1957 606 2032 ἁμαρτίας
637 1955 729 2012 καὶ
772 1955 1023 2010 θανάτου.
1082 1953 1277 2024 ’Ὀμως
1333 1950 1490 2013 αὐτὸς
1557 1948 1617 2006 ἐκ
1670 1948 1984 2024 περιουσίας

335 2047 479 2103 εῗπεν
514 2046 690 2107 οὕτως
720 2044 802 2105 τὸ,
838 2068 866 2097 ‹‹
904 2040 1235 2119 βασιλεύσει.
1272 2063 1297 2093 ν
1336 2074 1396 2084 -
1430 2039 1643 2115 [ΦΩΤ.]
1699 2063 1727 2092 ‹‹
1758 2037 1856 2092 Διὰ
1903 2032 1984 2091 δι-

332 2135 653 2207 καιοσύνης,
685 2132 760 2196 εἷς
793 2135 942 2204 ζωὴν
993 2129 1214 2187 α”ώνιον
1247 2126 1337 2185 διὰ
1379 2131 1561 2200 Ἰησοῦ
1619 2130 1857 2203 Χριστοῦ
1885 2128 1983 2181 τοῦ

337 2225 538 2295 Κυρίου
568 2226 753 2295 ἡμῶν.
786 2247 810 2276 ιι
850 2222 947 2278 Διὲι
975 2227 1074 2289 τῆς
1104 2223 1202 2274 τοῦ
1228 2219 1464 2293 Χριστοῦ
1497 2213 1760 2288 δηλονότι
1783 2213 1987 2271 δικαιο-

338 2315 619 2386 σίνης,ἹΙ
653 2313 895 2384 σύνταξς
944 2308 1020 2366 δέ·
1076 2308 1174 2364 Διὰ
1232 2304 1603 2377 δικαιοσύνης,
1656 2303 1745 2361 διὰ
1803 2306 1987 2376 Ἰησοῦ

335 2407 578 2482 Χριστοῦ
610 2402 1048 2475 ἐπιτελεσθείσης
1081 2399 1171 2456 καὶ
1200 2399 1701 2476 καταπραχθείσης.

404 2582 474 2641 Τί
543 2582 637 2639 οὖν
706 2579 935 2656 ἐροῦμεν
990 2597 1006 2649 ;
1074 2577 1437 2652 ἐπιμενοῦμεν
1528 2579 1598 2641 τῆ
1695 2572 1986 2649 ἁμαρτίας

339 2676 415 2749 μὴ
486 2672 703 2748 γένοιτο
760 2671 773 2728 ί
845 2668 1043 2730 οῗτινες
1135 2666 1470 2740 ἀπεθάνομεν
1562 2667 1633 2740 τῇ
1728 2662 1987 2740 ἁμαρτίᾳ,

336 2765 459 2828 πῶς
487 2761 566 2819 ἔτι
600 2763 850 2835 ζήσωμεν
885 2760 937 2815 ἐν
965 2760 1102 2834 αύτῇ
1127 2775 1142 2827 ;

406 2852 476 2910 Τί
506 2848 626 2921 οὖν,
659 2850 815 2928 φησὶ,
848 2847 937 2905 διὰ
986 2850 1086 2918 τὴν
1140 2851 1249 2903 τῶν
1303 2845 1607 2922 εἰρημένων
1665 2842 1991 2909 ἀκολουθίαν

338 2938 588 3014 ἔλθωμεν
623 2938 699 3001 εἰς
729 2936 912 2994 τοιάδε
935 2936 1191 3012 dmum;
1240 2934 1332 2990 καὶ
1391 2934 1536 3011 λέγει
1575 2938 1727 2993 ποῖα.
1781 2959 1808 2987 ιι
1838 2933 1992 2988 Ἑπι-

343 3033 614 3102 μενοῦμεν
642 3032 711 3103 τῇ
741 3024 1021 3102 ἁμαρτίας
1058 3050 1086 3077 υ
1117 3020 1340 3093 Ἐπειδὴ
1384 3022 1532 3080 εἶπεν
1583 3020 1715 3093 ἅνω,
1767 3046 1795 3075 ‹‹
1829 3021 1901 3076 Οὗ
1933 3018 1991 3076 δὲ

338 3117 667 3174 ἐπλεόνασεν
698 3119 733 3187 ἡ
766 3117 1028 3192 ἁμαρτία,
1084 3114 1594 3191 ὑπερεπερίσσευσεν
1646 3114 1682 3183 ἡ
1742 3110 1924 3188 χάρις.
1958 3133 1986 3163 η

2097 528 2192 578 tur
2219 524 2392 596 plura
2421 530 2560 580 sunt
2588 531 2850 597 peccata.
2884 525 2997 581 Lex
3030 541 3165 597 ergo
3199 541 3330 595 qum
3363 529 3552 581 multa
3580 526 3747 583 dedit

2095 619 2409 685 prmcepta,
2482 615 3053 688 transgressionibus
3138 614 3477 672 abundavit.
3540 639 3560 665 ο
3635 616 3743 672 Ubi

2093 708 2293 758 autem
2327 704 2670 760 exuberavit
2715 710 3047 776 peccatum.
3084 726 3111 754 ››
3171 707 3250 760 Ne
3310 705 3463 773 ideo,
3525 705 3740 777 inquit,

2094 793 2372 849 terrearis
2405 794 2563 865 quod
2596 793 2983 850 abundaverit
3046 800 3377 867 peccatum.
3437 795 3740 866 Siquidem

2092 881 2402 937 hominum
2437 884 2905 956 transgressione
2936 882 3010 939 ad
3040 883 3101 939 id
3129 900 3273 939 usus
3290 889 3380 939 est
3401 882 3742 956 Deus,qnod

2094 971 2312 1028 decens
2342 972 2453 1028 fuit
2484 978 2543 1027 et
2571 973 2715 1028 utile
2742 990 2755 1028 :
2796 973 2890 1028 bis
2922 973 3022 1044 qui
3055 973 3216 1029 omni
3266 972 3743 1030 destituebantur

2093 1062 2342 1117 consilio
2375 1062 2708 1118 remedium
2740 1063 3097 1136 excogitans.
3129 1064 3211 1117 Ex
3231 1063 3343 1118 hoc
3374 1062 3533 1117 enim
3555 1063 3744 1135 gratia

2092 1166 2199 1221 per
2228 1151 2525 1207 Christum
2556 1152 2749 1224 major
2776 1151 3083 1222 multoque
3115 1150 3572 1207 desiderabilior
3590 1151 3745 1207 facta

2094 1244 2203 1308 est,
2238 1257 2356 1310 qua
2386 1240 2467 1296 ita
2499 1241 2960 1308 communicata,
2995 1241 3182 1313 magis
3213 1239 3416 1296 addita
3451 1245 3542 1295 est
3573 1239 3743 1295 fides.

2091 1330 2173 1384 Ex
2201 1329 2568 1386 abundantia
2599 1332 2801 1402 itaque
2842 1326 3067 1403 peccati
3100 1348 3222 1386 non
3254 1329 3576 1386 abundavit
3605 1346 3745 1401 sup-

2089 1418 2358 1489 plicium,
2394 1420 2498 1475 sed
2529 1419 2729 1492 potius
2760 1420 2922 1476 salus
2950 1420 3107 1476 facta
3127 1426 3217 1475 est
3241 1419 3594 1476 amabilior:
3619 1435 3742 1475 non

2092 1507 2283 1562 solum
2317 1508 2476 1563 enim
2508 1525 2542 1564 a
2574 1510 2835 1581 peccatis
2866 1508 3157 1575 liberavit,
3186 1509 3290 1565 sed
3321 1516 3376 1564 et
3399 1508 3554 1564 bona
3579 1506 3745 1564 dedit

2090 1597 3067 1671 innumera.«Regnavitpeccatum
3082 1615 3187 1671 per
3200 1602 3472 1654 mortem.
3485 1596 3743 1653 nEtenim

2091 1693 2399 1759 peccatum
2426 1688 2580 1759 regis
2610 1704 2853 1743 munere
2886 1687 3258 1761 fungebatur,
3281 1705 3444 1744 mors
3472 1704 3608 1744 vero
3630 1686 3741 1742 mi-

2096 1775 2219 1831 litis
2250 1792 2317 1831 ac
2360 1776 2703 1832 ministerii.
2737 1776 2808 1831 Εν
2837 1778 2916 1847 τῷ
2947 1775 3183 1847 θανάτῳ,
3216 1776 3328 1833 hoc
3362 1783 3471 1841 est,
3508 1772 3597 1830 διὰ
3643 1775 3741 1830 τοῦ

2096 1864 2347 1927 θανάτου,
2380 1883 2486 1938 per
2518 1872 2790 1922 mortem.
2830 1890 2850 1916 ι
2886 1868 2973 1922 Ita
3039 1873 3098 1923 et
3142 1866 3331 1940 gratia
3383 1870 3678 1940 regnaret.
3711 1886 3739 1916 ››

2095 1955 2249 2012 273
2282 1956 2586 2027 Siquidem
2609 1956 2797 2029 gratia
2828 1961 2887 2011 et
2918 1956 3017 2012 Dei
3046 1956 3233 2029 gratia
3256 1955 3574 2027 acjustitia
3605 1971 3739 2011 ma-

2086 2044 2241 2117 joris
2259 2051 2347 2100 est
2361 2045 2638 2101 efficaciae
2654 2062 2829 2118 quam
2848 2052 3154 2118 peccatum
3177 2052 3426 2101 etmors.
3442 2047 3524 2100 Ex
3549 2044 3742 2102 abun-

2096 2134 2260 2191 danti
2295 2141 2492 2191 tamen
2526 2135 2673 2190 dixit
2704 2135 3041 2208 Apostolus,
3087 2159 3114 2187 ‹‹
3149 2136 3235 2191 lta
3277 2141 3573 2209 regnaret.
3607 2156 3635 2185 υ
3666 2163 3738 2179 -

2102 2248 2122 2274 ι
2159 2225 2583 2295 Perjustitiam
2617 2225 2690 2280 ad
2710 2225 2887 2281 vitam
2919 2232 3201 2282 aeternam
3226 2241 3331 2298 per
3348 2226 3549 2281 Jesum
3571 2224 3743 2280 Chri-

2097 2318 2253 2370 stum
2286 2313 2605 2370 Dominum
2636 2319 2929 2370 nostrum.
2965 2338 2992 2363 ››
3052 2314 3162 2369 Per
3211 2315 3426 2370 Christi
3471 2313 3748 2371 videlicet

2090 2404 2410 2475 justitiam.
2443 2404 2597 2460 Ordo
2621 2410 2821 2461 autem
2853 2410 2981 2461 est:
3015 2405 3124 2460 Per
3144 2405 3444 2477 justitiam
3476 2421 3607 2478 quin
3640 2420 3747 2477 per

2097 2494 2296 2550 Jesum
2324 2494 2621 2550 Christum
2655 2494 2919 2566 perfecta
2944 2501 3034 2550 est
3061 2500 3118 2551 et
3151 2501 3510 2551 transancta.

2173 2583 2262 2651 VI,
2297 2587 2347 2649 1,
2381 2584 2434 2637 2.
2467 2584 2612 2649 Quid
2639 2600 2767 2655 ergo
2798 2584 3037 2640 dicemus
3059 2586 3087 2639 ?
3114 2585 3457 2640 Manebimus
3512 2585 3573 2638 in
3609 2600 3748 2656 pec-

2100 2674 2269 2728 cato?
2297 2673 2626 2739 absit/Qui
2681 2677 2887 2730 mortui
2934 2691 3117 2731 sumus
3176 2681 3427 2746 peccato,
3474 2675 3748 2746 quomodo

2100 2763 2326 2834 posthac
2354 2765 2594 2819 vivemus
2619 2766 2677 2820 in
2706 2767 2823 2836 ipso
2843 2766 2871 2819 Ρ

2174 2851 2322 2918 Quid
2354 2869 2513 2925 ergo,
2543 2853 2756 2924 inquit,
2790 2870 2898 2926 per
2925 2869 2995 2909 ea
3025 2870 3157 2924 quae
3197 2851 3357 2909 dicta
3382 2858 3520 2908 sunt
3545 2866 3752 2908 conseo

2103 2941 2362 3011 quentia:
2394 2941 2567 2996 nobis
2599 2942 2712 2996 erit
2739 2941 2813 2997 ad
2844 2941 2986 2997 talia
3017 2940 3240 2997 verba?
3276 2947 3335 2997 et
3375 2941 3577 3012 qualia
3629 2941 3751 2997 sint

2104 3029 2425 3103 subjungit.
2464 3052 2485 3082 α
2523 3030 2891 3085 Manebimus
2914 3029 2974 3085 in
3000 3036 3241 3102 peccato
3265 3029 3293 3085 ?
3316 3053 3339 3077 ι»
3364 3030 3755 3102 Quandoqui-

2104 3118 2239 3174 dem
2265 3119 2537 3190 superius
2553 3119 2809 3174 dixerat:
2833 3142 2858 3168 ‹‹
2892 3119 2999 3175 Ubi
3024 3125 3224 3176 autem
3248 3119 3589 3176 exuberavit
3618 3136 3754 3192 pec-

333 3208 425 3262 ἳνα
458 3208 538 3281 μὴ
568 3212 686 3268 τοῖς
741 3206 997 3277 ἀνοήτοις
1048 3203 1180 3260 εἶναι
1220 3201 1349 3278 δόξῃ
1409 3201 1478 3258 τὰ
1529 3201 1792 3277 εἰρημένα
1846 3220 1989 3276 προ-

2102 3214 2325 3275 catum,
2357 3208 2438 3263 ibi
2470 3208 2659 3282 magis
2686 3208 3028 3265 exuberavit
3054 3209 3276 3283 gratia;
3303 3232 3330 3259 ››
3356 3226 3432 3266 ne
3463 3209 3757 3282 insipien-

340 3298 523 3373 τροπὴ
580 3295 873 3369 ἁμαρτίας,
931 3297 1140 3370 ἀναιρεῖ
1205 3293 1362 3350 αὐτοὶ.
1427 3316 1455 3345 ‹‹
1510 3292 1603 3360 Μὴ
1662 3289 1899 3365 γένοιτο.
1962 3312 1990 3340 n

334 3389 517 3463 ’Όπερ
544 3385 635 3441 ἐπὶ
663 3389 772 3440 τῶν
825 3381 1286 3461 ὡμολογημένων
1342 3381 1416 3444 ὡς
1476 3380 1694 3436 ἀτόπων
1724 3378 1991 3451 εῗώθαμεν

336 3475 544 3554 λέγειν.
606 3499 634 3527 (ι
696 3473 906 3536 Οἲτινες
965 3472 1303 3544 ἀπεθάνομεν
1359 3473 1429 3544 τῇ
1497 3468 1753 3544 ἁμαρτίᾳ.
1818 3492 1846 3519 ι)
1902 3464 1991 3522 καὶ

337 3566 595 3640 ἱξῆς.⁹Ἠ
636 3564 722 3619 ὅτι
775 3564 839 3619 τὸ
898 3564 1088 3634 αὐτῆς,
1148 3561 1303 3643 φησὶ,
1370 3558 1533 3635 μέρος
1592 3557 1989 3632 ἐνεκρώθημεν*

338 3659 459 3717 πῶς
517 3650 616 3710 οῦν
675 3647 820 3708 ἔστιν
878 3650 939 3707 ἐκ
985 3658 1086 3722 τῆς
1142 3651 1310 3721 αὐτῆς
1364 3649 1457 3704 καὶ
1532 3648 1847 3724 νεκροῦσθαι
1902 3644 1991 3702 καὶ

345 3742 564 3820 ζῇνςῆ
620 3743 708 3799 ’ὁτι
764 3741 968 3818 νεκροὶ,
1029 3741 1185 3820 φησὶ,
1244 3738 1544 3815 γεγόναμεν
1609 3741 1679 3811 τῇ
1736 3736 1993 3811 ἁμαρτίᾳ,

343 3833 730 3895 πιστεύσαντες
774 3836 857 3905 τῷ
911 3833 1129 3904 Χριστῷ
1177 3828 1268 3883 καὶ
1331 3824 1731 3904 βαπτισθέντες.
1779 3827 1855 3883 Ou
1914 3822 1997 3881 δεῖ

346 3924 462 3992 οῦν,
496 3925 653 3999 φησὶ,
685 3921 813 3984 τοὺς
867 3921 962 3989 τήν
1020 3922 1292 3994 σωτήριον
1348 3916 1608 3993 νέκρωσιν
1666 3916 1993 3990 ὑπομείναν-

333 4035 459 4077 τας,
491 4019 653 4084 ζῆσαι
686 4014 786 4082 τήν
816 4011 987 4079 κακὴν
1046 4010 1190 4078 ζωὴν
1245 4014 1345 4077 τῆς
1402 4006 1691 4083 ἁμαρτίας.
1732 4005 1995 4080 Ἐνεκρώο

342 4117 518 4177 θημεν
552 4101 610 4159 δὲ
639 4107 707 4177 τῇ
739 4100 999 4178 ἁμαρτίᾳ.
1057 4102 1216 4167 "iis;
1275 4097 1352 4160 εἰς
1410 4099 1473 4154 τὸ
1542 4098 1618 4171 μή
1680 4095 1993 4166 ὑπακούειν,

335 4196 527 4271 φησὶν,
560 4193 749 4264 αύτῆς.

979 4321 1246 4374 ΚΕΦΑΛ.
1291 4316 1370 4372 H'.

345 4426 480 4504 Περὶ
544 4432 646 4497 τῆς
715 4422 1082 4512 ὀφειλομένης
1151 4420 1242 4512 ἕτξί
1325 4424 1394 4496 τῇ
1483 4418 1663 4475 πίστει
1749 4418 1994 4492 πράξεως

1048 4500 1281 4572 ἀγαθῆς-

412 4627 487 4684 ⁹Η
556 4623 799 4701 ἀγνοεῖτε
865 4621 949 4678 ὅτι
1011 4621 1130 4677 ὅσοι
1199 4614 1602 4692 ἐϐαπτίσθημεν
1698 4617 1776 4681 εἷς
1816 4618 1991 4701 7X9:-

340 4718 467 4772 στὸν
527 4700 762 4786 Ἰησοῦν,
852 4711 930 4775 εἷς
1019 4710 1113 4765 τὸν
1184 4706 1408 4774 θάνατον
1513 4707 1678 4763 αὐτοῦ
1770 4700 1994 4761 ἐϐαπτί-

342 4817 602 4878 σθημεν;
663 4802 1049 4882 Συνετάφημεν
1103 4795 1194 4855 οῦν
1254 4796 1404 4871 αύτῷ
1484 4794 1575 4851 διὰ
1627 4800 1725 4852 τοῦ
1805 4794 1995 4872 βαπτί-

343 4914 554 4969 σματος
622 4891 699 4956 είς
789 4893 883 4947 τὸν
979 4890 1228 4946 θάνατον.
1319 4889 1434 4944 Ἰνα
1525 4884 1709 4962 ὥσπερ
1791 4884 1994 4962 ἠγέρθη

344 4985 584 5059 Χριστὸς
651 4981 712 5038 ἐκ
775 4984 979 5056 νεκρῶν
1047 4977 1136 5034 διὰ
1187 4985 1287 5047 τῆς
1353 4973 1515 5048 δόξης
1584 4979 1681 5030 τοῦ
1769 4976 1997 5050 Πατρός,

344 5073 522 5138 οὕτως
579 5072 671 5130 καὶ
736 5074 904 5147 ἡμεῖς
969 5068 1021 5125 ἐν
1091 5068 1378 5137 καινότητι
1463 5071 1609 5136 ζωῆς
1693 5068 1999 5141 περιπατή-

347 5185 555 5237 σωμεν.
613 5161 676 5219 Εἰ
732 5162 835 5237 γαρ
913 5158 1185 5232 σύμφυτοι
1264 5155 1564 5231 γεγόναμεν
1634 5158 1715 5227 τῷ
1799 5154 2002 5229 ὁμοιώ-

353 5273 482 5327 ματι
512 5255 611 5308 τοῦ
642 5249 874 5305 θανάτου
915 5248 1102 5319 αὐτοῦ,
1160 5245 1307 5303 ἀλλὰ
1360 5246 1452 5300 καὶ
1508 5251 1610 5314 τῆς
1662 5244 1999 5309 ἀναστάσεως

349 5342 611 5417 ἐσόμεθα.

428 5458 450 5484 ε
485 5430 582 5493 Εἰς
610 5430 705 5486 τὸν
735 5428 960 5485 θάνατον
1018 5426 1184 5483 αὐτοῦ
1233 5421 1662 5499 ἰόαπτίσθημεν.
1706 5450 1729 5480 ι
1788 5424 1885 5487 Εἰς
1939 5426 2003 5483 τὸ

350 5519 740 5597 παραπλήσιον
802 5518 973 5576 αὐτοῦ
1050 5518 1274 5582 θάνατον
1328 5514 1634 5588 ἀποθανεῖν,
1719 5516 1757 5588 ἢ
1814 5515 1893 5581 είς
1942 5515 2004 5572 τὰ

352 5609 563 5668 τέλειον
626 5608 786 5665 αὐτὸν
840 5606 931 5664 καὶ
990 5604 1435 5663 λυσιτελέστατον
1494 5603 1741 5684 ὀρθῆναιο
1802 5610 2005 5688 γίνιται

2105 3297 2260 3353 tibus
2293 3296 2625 3353 exhortatio
2667 3297 2741 3354 ad
2798 3305 3107 3371 peccatum
3150 3299 3464 3354 videantur
3509 3315 3581 3354 ea
3619 3315 3753 3370 qum

2103 3385 2260 3442 dicta
2277 3392 2436 3453 sunt,
2455 3387 2649 3443 aufert
2677 3387 2800 3441 illa.
2829 3412 2847 3435 α
2877 3387 3077 3443 Absit!
3105 3412 3127 3440 ι
3165 3386 3563 3459 inquit:quod
3585 3387 3646 3442 in
3660 3386 3754 3442 his

2104 3495 2234 3552 qum
2266 3478 2422 3551 apud
2449 3495 2657 3534 omnes
2679 3478 2937 3535 absurda
2963 3478 3258 3535 habentur
3278 3479 3475 3535 dicere
3504 3494 3755 3534 consue-

2103 3571 2312 3625 vimus.
2341 3593 2368 3620 «
2397 3570 2502 3636 Qui
2531 3569 2747 3626 mortui
2772 3587 2978 3625 sumus
3000 3576 3304 3642 peccato,»
3331 3576 3441 3625 etc.
3473 3569 3569 3626 Vel
3593 3569 3753 3642 quod

2105 3674 2173 3715 ex
2192 3658 2320 3730 ejus
2342 3665 2508 3731 parte
2532 3658 2873 3715 mortilicati
2895 3675 3102 3715 sumus
3127 3675 3141 3713 :
3162 3657 3457 3730 quomodo
3472 3674 3609 3730 ergo
3623 3657 3756 3713 ﬁeri

2105 3753 2319 3819 potest,
2352 3754 2418 3804 ut
2448 3763 2517 3804 ex
2548 3748 2753 3805 eadem
2788 3755 2954 3821 parte
2986 3754 3044 3805 et
3096 3748 3357 3803 vivamus
3402 3751 3461 3802 et
3507 3745 3760 3802 mortifi-

2106 3837 2219 3893 cati
2254 3837 2438 3893 simus
2460 3837 2487 3893 ?
2518 3837 2616 3893 Vel
2643 3839 2785 3909 quia
2818 3837 3035 3893 mortui
3070 3853 3275 3892 sumus
3308 3839 3570 3907 peccato,
3620 3849 3757 3890 cum

2105 3926 2335 3982 Christo
2371 3926 2736 3983 credidimus
2762 3927 3157 3997 baptizatique
3190 3941 3417 3982 sumus.
3456 3926 3582 3980 Non
3615 3940 3752 3997 ergo

2106 4021 2355 4087 oportet.
2382 4016 2597 4087 inquit,
2632 4033 2732 4071 eos
2766 4016 2864 4087 qui
2889 4013 3210 4071 salutarem
3234 4014 3755 4071 mortiﬁcationem

2106 4103 2265 4176 passi
2296 4110 2452 4167 sunt,
2488 4104 2645 4160 mala
2666 4105 2891 4176 peccati
2916 4105 3033 4160 vita
3051 4104 3273 4169 vivere,
3301 4111 3541 4177 peccato
3554 4110 3755 4159 autem

2108 4193 2448 4250 mortificati
2483 4209 2707 4249 sumus.
2736 4194 3006 4261 Quonam
3038 4193 3216 4251 modo
3239 4192 3267 4249 ?
3295 4200 3359 4250 ut
3387 4193 3497 4262 illi,
3531 4192 3753 4265 inquit,

2108 4299 2229 4338 non
2261 4282 2764 4354 obtemperemus.

2713 4408 2945 4466 CAPUT
2986 4410 3131 4468 VIII.

2108 4514 2185 4567 De
2214 4513 2477 4568 bonorum
2506 4527 2733 4582 operum
2763 4514 2977 4568 actione
3034 4528 3154 4584 qua
3204 4511 3366 4583 ﬁdem
3410 4511 3608 4568 debent
3659 4524 3752 4566 co-

2816 4586 3029 4641 mitari.

2177 4710 2267 4775 VI,
2300 4711 2411 4765 3-5.
2449 4712 2537 4766 An
2587 4713 2862 4782 ignoratis
2918 4711 3066 4783 quod
3114 4712 3429 4782 quicunque
3486 4706 3758 4780 baptizati

2107 4814 2288 4857 sumus
2312 4801 2373 4855 in
2406 4799 2681 4856 Christum
2699 4801 2907 4870 Jesum,
2941 4798 2999 4856 in
3029 4807 3259 4856 mortem
3285 4801 3458 4872 ipsius
3489 4799 3762 4869 baptizati

2106 4906 2289 4947 sumus
2308 4891 2337 4944 ?
2359 4889 2672 4961 Conseputti
2702 4893 2846 4945 enim
2875 4905 3058 4945 sumus
3085 4891 3136 4946 ei
3184 4905 3289 4961 per
3329 4888 3663 4959 baptismum
3697 4889 3760 4943 in

2108 4987 2386 5036 mortem:
2440 4986 2503 5034 ut
2559 4978 3017 5050 quemadmodum
3098 4981 3342 5034 surrexit
3396 4979 3638 5035 Christus
3693 4992 3763 5034 eo:

2107 5070 2340 5124 mortuis
2365 5084 2468 5137 per
2503 5067 2741 5138 gloriam
2775 5070 2975 5133 Patris,
3010 5067 3091 5123 ita
3121 5075 3173 5124 et
3201 5085 3297 5124 nos
3323 5084 3426 5139 per
3454 5068 3762 5124 novitatem

2107 5160 2233 5214 vitae
2264 5156 2621 5213 ambulemus.
2658 5160 2794 5214 Nam
2854 5160 2902 5213 si
2958 5158 3323 5229 compluntati
3384 5160 3526 5227 facti
3578 5172 3765 5215 sumus

2109 5246 2477 5304 similitudine
2515 5250 2707 5303 mortis
2745 5248 2884 5320 ejus,
2938 5248 3205 5304 nimirum
3251 5254 3304 5303 et
3346 5247 3767 5315 resurrectionis

2114 5339 2335 5393 erimus.

2185 5444 2341 5501 274
2373 5464 2400 5493 «
2434 5444 2500 5499 In
2532 5450 2786 5501 mortem
2826 5445 3014 5517 ipsius
3043 5443 3320 5518 baptizati
3367 5459 3593 5500 sumus.
3627 5464 3654 5492 ι»
3691 5440 3765 5498 Ut

2114 5532 2396 5591 similiter
2435 5531 2507 5590 ad
2530 5540 2781 5591 mortem
2810 5535 2999 5608 ipsius
3031 5550 3423 5604 moraremur,
3455 5532 3545 5588 vel
3569 5535 3638 5587 ut
3660 5529 3764 5586 illa

2115 5623 2378 5697 perfecta
2408 5638 2475 5680 ac
2506 5622 2829 5681 utilissima
2857 5630 3177 5697 appareat:
3211 5625 3337 5682 haec
3359 5626 3556 5690 autem
3578 5618 3763 5677 inha-
