4198 6198
451 331 573 394 431

1582 319 2005 382 (ECUMENII
2051 315 2354 381 TRICCIE
2396 320 2750 390 EPISCOPI

3749 331 3870 392 432

439 473 718 546 ptismate
757 465 1128 538 contingunt.
1165 461 1308 518 Nam
1329 459 1608 532 baptizati
1641 461 1882 532 peccata
1914 455 2098 546 depo-

2221 451 2270 546 δὲ
2299 462 2468 514 ταῦτα
2509 458 2599 516 διὰ
2653 465 2748 516 τοῦ
2809 462 3206 538 βαπτίσματος.
3265 462 3678 537 Βαπτιςόμενοι
3736 463 3868 541 γὰρ,

447 565 654 616 nimus
685 575 697 612 :
732 554 1136 628 quod;Christi
1167 569 1327 608 mors
1359 551 1536 623 coepit
1588 549 1844 606 efﬁcere.
1877 545 2110 602 Etenim

449 668 556 723 pro
593 648 814 703 nostris
837 653 1106 702 mortuus
1130 649 1220 698 est
1239 641 1519 714 peccatis.
1552 639 1756 696 volens
1780 655 1890 693 nos
1917 636 1990 691 ab
2019 635 2112 690 his

453 740 700 794 reddere
734 737 974 794 liberos.
1011 739 1166 790 Mors
1225 735 1426 804 itaque
1467 731 1682 786 Christi
1730 734 1973 800 operata
2023 739 2112 781 es“

445 835 790 886 nostrorum
813 826 1248 900 depositionem
1271 841 1338 880 ac
1363 821 1888 878 mortiﬁcationem
1907 811 2112 889 pecca‘

457 926 674 986 torum,
709 925 768 976 et
796 924 1086 990 quantum
1117 918 1180 974 in
1209 917 1338 988 ipsa
1364 921 1490 970 erat
1516 913 1759 969 omnino
1794 909 2036 966 diremit
2057 923 2116 996 et

458 1010 738 1084 alligavit.
781 1008 918 1064 Sola
949 1023 1088 1078 ergo
1123 1023 1281 1062 nunc
1331 1004 1655 1076 requiritur
1695 999 1841 1057 ﬁdes
1887 1005 2112 1082 nostra,

458 1102 693 1157 animus
723 1116 789 1156 ac
821 1099 1120 1154 voluntas.
1155 1097 1289 1151 Haec
1339 1101 1538 1152 autem
1589 1109 1695 1165 per
1751 1090 2114 1162 baptismum

461 1191 952 1245 demonstrantur
981 1205 994 1244 :
1032 1202 1148 1258 quo
1183 1191 1422 1256 peracto
1455 1183 1700 1254 planum
1731 1180 2116 1250 ﬁt'tiquantum

459 1279 682 1334 Christi
712 1294 872 1333 mors
913 1281 1179 1332 nostram
1231 1271 1592 1344 promoverit
1639 1269 1928 1324 salutem.‘
1959 1267 2116 1322 Bene

461 1387 598 1438 ergo
629 1370 749 1424 ait:
785 1391 810 1416 ‹‹
845 1369 908 1422 ln
942 1367 1196 1420 mortem
1227 1361 1442 1416 Christi
1497 1358 1773 1430 baptizati
1824 1373 2049 1412 sumus.
2087 1377 2115 1404 »

460 1438 601 1529 puta
629 1463 693 1511 ut
724 1455 1002 1510 similiter
1029 1450 1474 1524 propemodum
1507 1449 1724 1504 mortui
1759 1447 1832 1502 ad
1866 1451 2116 1501 mortem

459 1547 669 1618 ipsius,
705 1549 948 1615 peccata.
979 1543 1041 1596 in
1091 1542 1445 1612 baptismate
1495 1539 1875 1610 sepeliamus.
1927 1537 2117 1606 thue

462 1633 838 1688 manifestius
871 1631 974 1686 ﬁat
1003 1631 1238 1686 lucrum
1272 1629 1549 1685 salutaris
1573 1628 1780 1684 mortis
1800 1626 1990 1698 ipsius
2013 1641 2119 1696 per

467 1739 674 1777 omnes
698 1722 1170 1777 demonstratum
1191 1737 1340 1787 esse,
1361 1719 1682 1774 dummodo
1705 1735 1814 1772 nos
1840 1717 1912 1772 ad
1937 1717 2118 1773 haere-

2216 543 2581 622 ἇποτιθέμεθα
2639 553 2732 614 τὰς
2801 553 3090 627 ἁμαρτίας,
3148 553 3278 626 ὅπερ
3331 549 3532 627 ἤρξατο
3607 554 3875 628 κατεργα-

2218 639 2452 705 ζεσθαιὸ
2493 640 2720 704 θάνατος
2777 646 2872 696 τοῦ
2931 644 3187 718 Χριστοῦ.
3251 643 3352 700 Καὶ
3410 643 3513 718 γὰρ
3572 643 3708 719 ὑπὲρ
3765 649 3873 700 τῶν

2218 725 2506 801 ἡμετέρων
2563 729 2822 797 ἀπέθανεν
2883 735 3188 808 ἁμαρτιῶν,
3247 733 3606 806 ἐλευθερῶσαι
3667 733 3874 794 τούτων

2221 819 2369 889 ἡμᾶς
2431 819 2798 896 βουλόμενος.
2862 827 3198 901 Ἐνηργησεν
3262 823 3352 879 οὗν
3412 825 3439 879 6
3497 825 3724 886 θάνατος
3781 825 3880 880 τοῦ

2221 909 2460 983 Χριστοῦ
2491 911 2591 980 τήν
2628 911 2882 968 ἁποθεσιν
2941 914 3032 968 καὶ
3090 913 3350 989 νέκρωσιν
3403 917 3512 969 τῶν
3573 915 3878 988 ἁμαρτιῶν,

2221 998 2470 1054 καὶδσον
2527 999 2607 1078 ἐφ’
2671 1001 2848 1074 ἑαυτῷ
2903 1003 2964 1057 τὸ
3024 1003 3152 1058 ’ὀλον
3210 1002 3514 1078 ἀπήρτησε.
3576 1001 3760 1058 Λείπει
3821 999 3879 1057 δὲ

2226 1087 2361 1162 μόνη
2426 1091 2460 1159 ἡ
2523 1092 2685 1163 ἡμῶν
2740 1093 2924 1154 πίστις
2981 1093 3073 1147 καὶ
3128 1093 3324 1168 γνώμη
3388 1093 3478 1149 καὶ
3537 1093 3877 1168 προαίρεσις,

2222 1181 2407 1235 Ταῦτα
2435 1177 2490 1233 δὲ
2523 1177 2614 1234 δια
2663 1183 2760 1236 τοῦ
2822 1181 3199 1256 βαπτίσματος
3261 1179 3653 1246 ἐπιδείκνυται,
3713 1181 3883 1257 οὗπερ

2223 1266 2669 1343 ἐπιτελουμένου,
2705 1272 2733 1326 6
2791 1272 3012 1336 Θάνατος
3077 1271 3290 1346 μᾶλλον
3354 1277 3452 1329 τοῦ
3509 1275 3744 1349 Χριστοῦ
3804 1272 3880 1334 εἷς

2223 1358 2348 1414 ὅσον
2408 1355 2583 1431 ὤνησε
2651 1360 2944 1436 σωτηρίας,
3033 1363 3410 1443 ὲμφανίζεται.
3511 1361 3703 1424 Καλῶς
3787 1361 3877 1417 οὗν

2224 1469 2410 1522 φησιν·
2470 1475 2497 1502 ‹‹
2557 1450 2649 1512 Εἷς
2703 1451 2794 1505 τὸν
2852 1452 3082 1508 θάνατον
3139 1453 3308 1508 αὐτοῦ
3367 1448 3792 1525 ἐϐαπτίσθημεν,
3849 1477 3869 1501 ι

2224 1539 2346 1592 οἷον
2388 1538 2464 1603 είς
2519 1542 2582 1595 τὸ
2639 1541 2920 1596 ἀποθανεῖν
2980 1541 3074 1596 τὸν
3131 1541 3514 1616 παραπλήσιον
3577 1539 3723 1612 αὖτῷ
3781 1542 3880 1595 θά-

2223 1648 2402 1698 νατον,
2469 1629 2566 1692 τὰς
2623 1630 2895 1705 ἁμαρτίας
2951 1634 3032 1702 τῷ
3099 1629 3434 1707 βαπτίσματι
3493 1629 3880 1700 ἐνθάπτοντας,

2222 1717 2312 1772 καὶ
2344 1716 2422 1780 εἰς
2453 1720 2515 1773 τὸ
2557 1717 2948 1798 ἐμφανέστερον
3005 1725 3103 1775 τοῦ
3164 1723 3438 1796 σωτηρίου
3498 1723 3727 1786 θανάτου
3785 1721 3882 1776 αὖ·

459 1811 738 1868 ditariam
762 1811 972 1866 salutis
993 1809 1434 1882 possessionem
1458 1807 2113 1876 animum,voluntatem

2223 1811 2320 1862 τοῦ
2348 1807 2410 1862 τὸ
2439 1805 2630 1882 κὲρδος
2684 1805 2773 1863 διὰ
2829 1809 3045 1864 πάντων
3106 1806 3506 1884 ἐπιδειχθῆναι,
3565 1811 3654 1864 καὶ
3715 1813 3875 1884 ἡμῶν

464 1919 530 1958 ac
563 1901 743 1956 ﬁdem
777 1900 1176 1967 conferamus,
1224 1898 1622 1970 increpatorio
1672 1914 1814 1952 usus
1855 1901 1944 1951 est
1993 1911 2118 1950 ser—

459 1991 1065 2062 mone,interpretans
1090 1988 1653 2060 quomodopeccato
1671 1986 1889 2042 mortui
1906 1986 2114 2053 simus,

461 2089 518 2136 et
538 2082 681 2136 dicit
702 2098 713 2136 :
737 2103 763 2131 ‹‹
779 2083 870 2135 An
888 2079 1173 2153 ignoratis
1191 2079 1348 2150 quod
1374 2080 1713 2150 quicunque
1735 2077 1796 2131 in
1819 2076 2118 2131 Christum

461 2171 740 2242 baptizati
774 2187 1002 2238 sumus,
1035 2169 1096 2223 in
1137 2170 1246 2224 hoc
1304 2168 1578 2240 baptizati
1631 2183 1839 2222 sumus
1892 2171 1958 2220 ut
2005 2163 2120 2236 ipsi

467 2277 704 2331 quoque
728 2260 1055 2315 moriamur
1072 2259 1099 2314 ‘2
1121 2281 1148 2308 »
1165 2263 1416 2313 mortem
1440 2257 1598 2312 enim
1621 2255 2122 2329 baptismaimita-

473 2356 647 2405 tatur.
683 2351 828 2404 Nam
867 2349 978 2404 hoc
1011 2349 1308 2421 signiﬁcat
1337 2348 1497 2419 quod
1529 2348 1649 2403 ait:
1685 2371 1710 2397 «
1746 2349 1810 2402 In
1865 2353 2118 2402 mortem

473 2439 658 2512 ipsius
683 2439 956 2512 baptizati
981 2456 1205 2494 sumus.
1225 2461 1250 2487 ››
1280 2440 1628 2508 Quanquam
1654 2437 1813 2492 enim
1827 2436 2122 2508 baptisma

477 2546 638 2584 mors
667 2546 788 2583 non
829 2529 906 2584 sit
935 2527 1259 2599 corporalis
1285 2533 1662 2599 peccatorum
1715 2531 1914 2581 tamen
1961 2543 2122 2582 mors

474 2635 604 2673 esse
674 2617 912 2672 dicitur.
975 2639 1002 2666 ‹‹
1065 2619 1176 2671 Per
1231 2616 1592 2688 baptismum
1651 2614 1712 2669 in
1767 2621 2041 2670 mortem.
2091 2638 2120 2666 ››

469 2705 964 2780 Quandoquidem
995 2707 1096 2762 ubi
1130 2707 1517 2778 baptizamur,
1559 2705 1814 2761 fatemur
1831 2723 1940 2761 nos
1963 2723 2123 2761 mor-

471 2806 603 2854 tuos
627 2815 755 2853 esse
778 2798 1001 2852 mundo
1019 2814 1087 2852 ac
1111 2797 1485 2851 renuntiasse
1515 2801 1756 2867 peccato
1775 2803 1832 2850 et
1861 2796 2120 2853 diabolo.

474 2911 500 2940 ‹‹
536 2889 803 2944 Christus
837 2887 1096 2944 surrexit
1125 2904 1230 2959 per
1260 2886 1509 2958 gloriam
1533 2886 1742 2942 Patris.
1767 2907 1794 2934 ››
1818 2886 2123 2941 Persuasi-

467 2980 651 3034 bilem
695 2978 834 3034 facit
869 2977 1370 3034 resurrectionem
1406 2994 1511 3048 per
1541 2975 1792 3048 gloriam
1845 2977 1974 3048 ejus
2019 2978 2119 3048 qui

471 3067 761 3122 excitavit.
797 3067 952 3122 Bene
985 3083 1120 3138 ergo
1185 3067 1417 3119 Patrem
1466 3065 1549 3120 ait
1596 3065 1910 3120 excitasse.
1978 3067 2122 3120 Nam

2223 1897 2360 1968 πρὸς
2390 1898 2488 1966 τήν
2522 1895 2860 1971 ὁλοκληρίαν
2897 1904 2997 1967 τῆς
3027 1899 3302 1972 σωτηρίας
3351 1900 3451 1968 τὴν
3503 1899 3731 1974 γνώμην
3790 1898 3881 1954 καὶ

2223 1985 2319 2054 τὴν
2372 1986 2683 2061 προαίρεσιν
2741 1986 2990 2060 καὶέτὴν
3049 1985 3229 2044 πίστιν
3305 1989 3726 2065 συνεισαγόντων
3781 1983 3872 2041 διὰ

2222 2077 2319 2128 τοῦ
2355 2075 2750 2149 βαπτίσματος.
2785 2073 3347 2152 Ἐπιπληκτικωτέρῳ
3380 2073 3436 2130 δὲ
3468 2073 3621 2151 λόγῳ
3665 2075 3879 2155 κέχρη-

2224 2185 2332 2236 ται,
2367 2165 2678 2239 ἑρμηνεύων
2710 2170 2828 2229 πῶς
2860 2165 3196 2240 ἀπεθάνομεν
3227 2171 3295 2241 τῇ
3329 2167 3565 2242 ἁμαρτίᾳ
3619 2167 3710 2222 καὶ
3763 2188 3878 2245 φη-

2226 2274 2331 2308 σιν’
2365 2255 2434 2312 Ἥ
2467 2255 2707 2331 ἀγνοεῖτε
2739 2258 2824 2312 ὅτι
2855 2258 2994 2330 μὸσοι
3049 2257 3125 2321 εἷς
3179 2258 3413 2332 Χριστὸν
3471 2251 3882 2330 ἐϐαπτίσθημεν

2228 2344 2310 2398 εῗσ
2337 2348 2503 2401 τοῦτο
2537 2341 2955 2420 ἐϐαπτίσθημεν,
2991 2345 3066 2408 είς
3097 2347 3158 2401 τὸ
3200 2347 3290 2401 καὶ
3349 2345 3503 2401 αὐτοὶ
3555 2347 3842 2401 ἀποθανεῖν
3871 2366 3886 2417 ;

2227 2435 2451 2490 θάνατον
2483 2435 2582 2510 γὰρ
2619 2441 2868 2509 μιμεῖται
2897 2437 2959 2491 τὸ
2991 2435 3288 2513 βαπτισμα’
3321 2440 3488 2491 τοῦτο
3527 2435 3631 2511 γὰρ
3689 2433 3880 2505 δηλοῖ,

2225 2528 2310 2598 τὸ,
2347 2527 2502 2600 «ξΕἶς
2528 2529 2619 2583 τὸν
2653 2529 2877 2584 θάνατον
2911 2529 3075 2584 αὐτοῦ
3109 2525 3538 2602 ἐϐαπτίσθημεν.
3579 2552 3598 2581 ι
3663 2528 3732 2586 Εἰ
3783 2529 3888 2605 γὰρ

2228 2616 2430 2690 καῖ’μὴ
2465 2618 2780 2691 σωματικάς
2807 2619 2920 2674 ἐστι
2948 2618 3180 2690 θάνητος
3223 2619 3284 2674 τὸ
3342 2619 3648 2695 βαπτισμα,
3701 2619 3882 2694 ἁμαρ.

2228 2711 2357 2762 τιῶν
2401 2706 2602 2780 μέντοι.
2642 2733 2661 2758 ιι
2701 2707 2796 2762 Διὰ
2843 2713 2939 2763 τοῦ
3005 2708 3377 2783 βαπτίσματος
3439 2707 3514 2772 είς
3569 2708 3661 2762 τὸν
3717 2706 3882 2763 θανα-

2225 2819 2334 2854 τον,
2404 2823 2430 2849 υ
2488 2796 2710 2869 Ἐπειδὴ
2777 2800 3172 2874 βαπτιζόμενοι
3234 2798 3614 2875 ὁμολογοῦμεν
3683 2797 3880 2854 ἀποτε-

2229 2887 2481 2957 θνηκέναι
2527 2893 2604 2961 τῷ
2656 2889 2848 2962 κόσμῳ
2905 2888 2994 2943 καὶ
3051 2889 3446 2952 ἀποτάσσεσθαι
3509 2891 3578 2962 τῇ
3638 2889 3878 2963 ἁμαρτίᾳ

2228 2975 2318 3030 καῖ
2347 2979 2426 3046 τῷ
2458 2971 2722 3049 διαϐόλῳ,
2791 3003 2810 3026 ι
2849 2977 3081 3052 Χριστὸς
3138 2977 3345 3054 ἠγέρθη
3410 2973 3498 3030 διὰ
3554 2979 3654 3041 τῆς
3715 2973 3877 3048 δόξης

2226 3069 2323 3120 τοῦ
2355 3066 2583 3142 Πατρός.
2622 3091 2648 3118 ι)
2685 3068 2917 3136 [Ιιθανήν
2964 3071 3200 3122 ποιεῖται
3257 3069 3355 3134 την
3412 3066 3718 3136 ἀνάστασιν,
3785 3064 3878 3122 δια

469 3174 607 3212 cum
639 3157 731 3212 his
764 3158 862 3226 qui
895 3157 1088 3212 adhuc
1119 3154 1346 3226 parvuli
1378 3160 1548 3209 erant
1579 3171 1773 3210 sermo
1822 3154 1936 3226 ipsi
1970 3161 2112 3210 erat.

2226 3159 2325 3226 τῆς
2354 3160 2450 3212 τοῦ
2504 3155 2811 3232 ἐγείραντος
2871 3155 3050 3228 δόξης.
3109 3153 3308 3216 Καλῶς
3366 3156 3456 3210 οῦν
3516 3156 3605 3210 τὸν
3665 3153 3875 3232 Πατέρα

2343 3246 2356 3262 I
2449 3245 2463 3262 ς
2685 3248 2694 3262 l
2871 3253 2912 3262 ιο
3005 3247 3015 3262 1
3205 3244 3219 3262 \
3315 3239 3339 3262 Ἰ
3450 3241 3475 3262 δ
3538 3245 3595 3262 \l

467 3277 534 3286 -—
565 3245 823 3300 Gloriam
855 3251 1052 3300 autem
1087 3245 1470 3312 Ροινίεξνορειι
1488 3244 1703 3300 Christi
1723 3244 2113 3326 divinitatem,

463 3335 574 3388 hoc
609 3341 717 3398 est,
751 3351 856 3404 per
903 3335 1204 3404 pr0priam
1265 3333 1654 3388 divinitatem.
1709 3335 1852 3389 Nam
1902 3339 1961 3389 et
1998 3335 2113 3390 alio

465 3423 593 3478 loco
626 3423 806 3476 dicit:
843 3445 868 3471 ι(
903 3423 974 3476 Ut
1005 3423 1157 3476 Deus
1191 3423 1424 3476 Domini
1475 3423 1686 3492 nostri:
1715 3423 1852 3478 Jesu
1897 3423 2113 3478 Christi

466 3514 639 3567 Pater
669 3510 869 3584 gloriae
902 3512 962 3564 ²⁰.
1005 3532 1028 3560 »
1063 3513 1450 3581 Consequens
1483 3519 1678 3566 autem
1713 3519 1839 3568 erat
1867 3519 1933 3567 ut
1953 3513 2112 3568 dice-

465 3607 581 3656 ret:
617 3606 704 3656 Ita
725 3609 784 3655 et
807 3617 916 3655 nos
939 3617 1315 3672 resurgemus
1342 3617 1353 3654 :
1391 3601 1491 3655 sed
1506 3601 1580 3655 ad
1604 3603 2113 3658 conversationem

467 3693 596 3746 vita)
629 3691 956 3756 descendit,
1017 3689 1195 3745 aliam
1223 3707 1256 3744 a
1286 3689 1458 3744 nobis
1517 3697 1797 3761 expetens
1846 3709 2114 3746 resurre-

467 3783 750 3851 ctionem,
780 3798 910 3853 quae
944 3787 1032 3834 est
1059 3797 1166 3852 per
1195 3779 1413 3836 bonam
1447 3797 1678 3835 morum
1709 3783 2112 3838 conversatio-

465 3893 623 3942 nem,
654 3874 716 3928 in
749 3891 864 3944 qua
907 3879 1215 3946 peccatum
1275 3875 1602 3946 mortuum;
1635 3881 1742 3940 est,
1799 3875 1915 3931 vita
1971 3892 2109 3930 vero

465 3964 720 4036 resurgit
747 3964 947 4018 virtuti
969 3963 1310 4018 conformis.
1337 3965 1480 4018 Nam
1513 3963 1654 4019 dum
1686 3963 1921 4020 adulter
1941 3964 2110 4019 dein-

463 4070 602 4124 ceps
622 4052 981 4108 adulterium
996 4053 1251 4125 amplius
1269 4070 1388 4108 non
1404 4059 1924 4125 perpetrat,neque
1955 4055 2105 4112 275

464 4145 814 4216 raptorjam
849 4161 968 4198 non
999 4145 1174 4215 rapit,
1207 4143 1316 4199 hoc
1345 4145 1475 4198 vita:
1509 4144 1735 4199 novitas
1768 4148 1874 4198 est.

533 4236 670 4288 Item
699 4240 752 4288 et
780 4235 960 4288 aliter.
983 4235 1197 4289 Novam
1217 4238 1448 4305 oportet
1479 4249 1605 4288 esse
1629 4234 1806 4288 vitam
1842 4233 2108 4290 ﬁdelium

469 4343 600 4395 qum
631 4323 865 4378 nullum
892 4323 1110 4378 veteris
1139 4324 1362 4395 peccati
1408 4323 1718 4379 contrahat
1748 4326 2106 4398 contagium.

465 4437 486 4464 ι
528 4415 671 4470 Nam
705 4413 753 4469 si
787 4413 1192 4484 complantati.
1230 4435 1256 4461 »
1290 4413 1753 4469 Similitudinem
1794 4410 2108 4473 ostendere

460 4511 708 4560 conatur
737 4504 892 4559 inter
921 4520 1028 4558 nos
1059 4519 1125 4556 ac
1156 4501 1476 4570 Christum,
1512 4508 1569 4556 et
1599 4503 1680 4560 ait
1714 4520 1726 4558 :
1778 4526 1803 4554 «
1839 4505 1894 4560 Si
1943 4522 2106 4561 com-

2229 3246 2390 3325 ιρησῖν
2447 3245 2813 3322 ἐγηγερκὲναι.
2869 3247 3106 3317 Νηπίοις
3161 3244 3260 3319 γὰρ
3313 3239 3393 3300 ἔτι
3446 3241 3874 3322 διαλέγεται.-

2225 3337 2560 3411 [ΘΕΟΔΩΡ.]
2619 3336 2781 3406 Δόξαν
2868 3333 2926 3389 δὲ
3005 3339 3102 3389 τοῦ
3191 3334 3422 3410 Πατρὸς,
3479 3334 3576 3403 τήν
3639 3335 3869 3404 θεότητα

2223 3425 2381 3481 καλεῖ
2409 3430 2505 3482 τοῦ
2533 3430 2799 3500 Χριστοῦ,
2829 3421 3095 3492 τουτέστι,
3131 3421 3222 3479 διὰ
3276 3431 3378 3493 τῆς
3423 3423 3626 3486 οἰκείας
3679 3435 3870 3494 θεοτηο

2222 3537 2335 3578 τος.
2373 3516 2603 3590 Καῖγάρ
2661 3514 2711 3569 ἐν
2771 3509 2937 3590 ἑτέρῳ
2995 3513 3179 3594 φησίν·
3242 3538 3269 3566 ‹‹
3328 3513 3443 3570 Ἵνα
3501 3514 3528 3567 ὁ
3587 3515 3715 3574 Θεὸς
3773 3515 3871 3567 τοῦ

2224 3607 2427 3681 Κυρίου
2457 3609 2618 3678 ἡμῶν
2650 3605 2830 3673 Ἰησοῦ
2891 3606 3130 3678 Χριστοῦ
3161 3603 3189 3658 6
3225 3604 3408 3678 Πατὴρ
3469 3609 3568 3671 τῆς
3621 3599 3798 3671 δόξης.
3841 3626 3869 3652 ››

2222 3699 2319 3753 Ἢν
2377 3691 2434 3750 δὲ
2485 3693 2784 3749 ἀκόλουθον
2875 3691 3067 3750 εἰπεῖν.
3127 3692 3315 3756 Οὕτως
3375 3692 3467 3748 καὶ
3525 3695 3686 3766 ἡμεῖς
3743 3693 3870 3746 ἀνα-

2223 3786 2551 3858 στησόμεθα·
2586 3782 2712 3840 ἀλλ’
2758 3783 2833 3845 είς
2893 3780 3176 3837 πολιτείαν
3231 3783 3420 3854 ἦλθεν,
3479 3780 3658 3858 ἑτέραν
3717 3784 3868 3856 ἡμᾶς

2222 3877 2463 3930 ἀπαιτῶν
2529 3871 2834 3940 ἀνάστασιν,
2917 3872 3013 3939 την
3073 3867 3162 3924 διὰ
3237 3873 3487 3946 χρηστῆς
3561 3867 3874 3949 πολιτείας,

2221 3963 2336 4039 ἐνῇ
2386 3966 2661 4038 νεκροῦται
2725 3961 2818 4034 μὶν
2877 3961 2911 4028 ἡ
2973 3959 3229 4034 ἁμαρτία,
3293 3957 3565 4013 ἀνίσταται
3627 3955 3685 4013 δὲ
3747 3957 3872 4033 βίος

2218 4055 2482 4130 ἐνάρετος.
2543 4053 2598 4106 Ὁ
2655 4050 2851 4124 πόρνος
2911 4049 2960 4104 ἐν
3019 4049 3064 4121 ᾦ
3154 4048 3346 4122 μηκέτι
3427 4047 3699 4124 πορνεῦει,
3775 4045 3870 4102 καὶ

2220 4147 2247 4199 ὁ
2281 4145 2449 4220 ἅρπαξ
2487 4142 2562 4214 μὴ
2596 4141 2846 4217 ἁρπάζει,
2875 4141 3037 4193 τοῦτο
3067 4138 3323 4208 καινότης
3355 4143 3522 4208 ζωῆς.

2290 4234 2394 4292 Καὶ
2427 4230 2634 4294 ἃλλως.
2699 4229 2907 4304 [ΦΩΤ.]
2965 4229 3104 4286 Νέαν
3161 4225 3245 4282 δεῖ
3298 4227 3429 4282 εἶναι
3486 4231 3594 4283 τῶν
3655 4231 3860 4282 πιστῶν

2216 4325 2315 4394 τὴν
2348 4323 2512 4393 ζωὴν,
2547 4317 2716 4394 μηδὲν
2763 4325 2863 4388 τῆς
2921 4315 3156 4380 παλαιᾶς
3211 4317 3475 4392 ἁμαρτίας
3533 4314 3860 4392 ἐπισυρομὲ-

2216 4436 2313 4485 νην
2344 4408 2581 4487 ἐφόδιον.
2617 4431 2640 4464 α
2679 4408 2737 4466 Εἰ
2767 4408 2868 4482 γὰρ
2900 4401 3190 4485 σόμφυτοι.
3226 4427 3252 4457 ››
3309 4404 3644 4476 Ὁμοιότητα
3693 4401 3863 4476 δεῖξαι

2217 4504 2485 4577 ἐπιχειρεῖ
2517 4503 2676 4573 ἡμῶν
2709 4517 2766 4552 τε
2793 4495 2884 4551 καὶ
2914 4499 3012 4550 τοῦ
3043 4497 3299 4570 Χριστοῦ,
3351 4494 3441 4550 καί
3495 4512 3681 4574 φησιν·
3723 4518 3749 4549 ι
3799 4493 3863 4551 Ei

455 4593 710 4666 plantati
742 4593 858 4648 sive
891 4591 1211 4664 participes
1241 4591 1378 4646 facti
1438 4559 1642 4646 sumus
1691 4559 1918 4649 mortis.
1951 4559 2097 4650 ξ(

2221 4589 2505 4672 σῦμφυτοί,
2547 4589 2664 4644 οἷον
2702 4584 3072 4664 συμμέτοχοι,
3105 4584 3395 4661 γεγόναμεν
3427 4584 3524 4639 τοῦ
3552 4596 3798 4649 θανατου.
3835 4607 3862 4635 ››

458 4683 568 4739 hoc
592 4690 788 4739 autem
811 4679 1589 4754 complantatosdicit,quod
1608 4682 2110 4753 quemadmodum

461 4788 674 4842 corpus
705 4771 1082 4827 Dominicum
1143 4771 1202 4826 in
1265 4775 1422 4826 terra
1478 4770 1798 4841 sepultum,
1857 4772 2109 4828 salutem

459 4860 678 4914 mando
711 4861 1006 4932 produxit,
1039 4861 1122 4915 ita
1181 4865 1237 4916 et
1285 4865 1575 4926 nostrum,
1627 4859 1840 4930 inquit,
1889 4861 1949 4916 in
2007 4861 2112 4919 ba—

456 4948 734 5018 ptismate
767 4949 1066 5020 sepultum
1099 4949 1422 5020 nobisipsis
1462 4948 1758 5018 justitiam
1809 4950 2107 5020 produxit.

455 5036 856 5108 Metaphorica
889 5037 1066 5092 dictio
1119 5045 1226 5092 est.
1287 5037 1704 5109 Complantati,
1754 5038 1827 5093 ab
1878 5039 2106 5094 arbori-

451 5125 760 5196 busjuxta
810 5126 1270 5181 similitudinem
1324 5133 1578 5200 sumpta,
1627 5145 1757 5200 quze
1804 5129 1982 5184 simul
2032 5131 2105 5188 ad

451 5233 514 5271 se
571 5215 823 5269 invicem
883 5215 1162 5286 plantatze
1216 5223 1372 5270 sunt.
1439 5218 1636 5288 itaque
1694 5219 2102 5290 complantati,

449 5304 550 5370 ait,
593 5301 730 5356 facti
791 5318 997 5356 sumus
1065 5301 1457 5358 similitudine
1517 5305 1724 5358 mortis
1782 5306 1932 5376 ejus,
1993 5307 2104 5364 hoc

449 5399 538 5450 est
568 5393 923 5450 commortui
956 5408 1161 5446 sumus
1203 5393 1336 5463 ipsi.
1399 5395 1642 5464 Proprie
1702 5401 1901 5450 autem
1958 5414 2100 5452 usus

447 5491 637 5560 tropo.
670 5485 816 5544 Nam
847 5483 1000 5540 sicut
1045 5483 1251 5556 planta
1307 5483 1506 5555 aliquo
1566 5490 1854 5557 tempore,
1916 5487 2096 5544 veluti

515 5684 562 5721 ²⁰
593 5685 809 5760 Ephes.
843 5702 885 5756 ι,
921 5688 971 5742 1.

2223 4668 2544 4752 Συμφύτους
2578 4673 2635 4731 δὲ
2663 4673 2808 4752 λέγει
2860 4671 2948 4728 διὰ
2994 4675 3177 4740 τοῦτο,
3231 4668 3410 4745 ὥσπερ
3461 4670 3524 4724 τὸ
3583 4675 3744 4742 σῶμα
3800 4669 3863 4724 τὸ

2221 4767 2544 4824 Δεσποτικὸν
2574 4766 2736 4844 ταφέν
2772 4763 2820 4818 ἐν
2851 4766 2920 4836 τῇ
2961 4767 3034 4838 γῇ
3090 4757 3246 4839 ἔφυσε
3299 4757 3568 4832 σωτηρίαν
3621 4761 3702 4829 τῷ
3759 4758 3860 4814 κό-

2219 4877 2363 4930 σμῳ,
2399 4855 2573 4918 οὕτως
2603 4843 2694 4910 καὶ
2724 4855 2785 4908 τὸ
2807 4854 2990 4926 ἡμῶν,
3025 4851 3179 4928 φησὶ,
3237 4848 3393 4926 ταφὶν
3426 4846 3476 4902 ἐν
3521 4850 3599 4918 τῷ
3659 4843 3860 4920 βαπτί-

2215 4968 2400 5021 σματι,
2433 4937 2620 5026 ἔφυσεν
2660 4947 2795 5018 ἡμῖν
2856 4942 3045 5003 αὐτοῖς
3087 4937 3450 5008 δικαιοσύνην.
3505 4934 3648 4992 Κατὰ
3695 4953 3855 5007 μετα-

2215 5036 2386 5118 φορὰν
2419 5021 2677 5105 ἠδιὲξις,
2739 5033 2842 5087 ἀπὸ
2899 5035 3005 5086 τῶν
3064 5031 3201 5083 κατᾶ
3259 5029 3567 5104 συγγὲνειαν
3621 5021 3856 5097 δένδρων

2213 5111 2326 5200 αμα
2355 5123 2730 5206 φυτευομένων
2762 5122 2852 5176 καὶ
2908 5119 2999 5174 σὺν
3060 5116 3357 5189 ἀλλήλοις.
3411 5115 3689 5194 Σῦμφυτοι
3743 5111 3862 5183 οὖν,

2211 5205 2375 5294 φησὶ,
2397 5215 2694 5292 γεγόναμεν
2727 5216 2805 5283 τῷ
2863 5209 3178 5282 ὁμοιώματι
3222 5212 3320 5264 τοῦ
3380 5207 3611 5272 θανάτου
3666 5205 3856 5274 αὐτοῦ,

2207 5293 2475 5372 τουτὲσσι,
2509 5301 2935 5374 συναπεθάνομεν
2959 5299 3130 5370 αὐτῷ.
3180 5296 3413 5358 Οἱκείως
3473 5293 3530 5350 δὲ
3583 5295 3862 5370 ἐχρήσατο

2205 5399 2273 5469 τῇ
2303 5391 2504 5468 τροπῇ.
2537 5397 2738 5462 ’Ὠσπερ
2769 5389 2872 5463 γὰρ
2902 5387 2966 5442 τὸ
2997 5387 3162 5468 φυτὸν
3221 5387 3274 5441 ἐν
3325 5389 3398 5459 τῇ
3453 5387 3526 5460 γῇ
3579 5382 3864 5439 κατατεθὶν

2207 5483 2404 5564 χρόνον
2436 5481 2576 5550 τινὰ,
2610 5479 2725 5535 οἷον
2771 5475 3027 5555 νὲκρωσίν
3069 5497 3189 5533 τινα
3239 5477 3326 5534 καὶ
3387 5473 3668 5546 ἀκινησίαν
3728 5472 3866 5527 ὑπο-
