4198 6198
346 350 465 415 433

1418 356 1829 420 COMMENT.
1875 356 1956 418 IN
2000 359 2254 421 EPIST.
2301 362 2407 422 AD
2453 363 2643 424 ROM.

3635 362 3753 425 434

346 483 728 562 μ’ένει,ἕπειτα
774 486 832 545 δὶ
881 488 1082 562 ἀθρόον
1139 489 1310 562 ἀναζῇ
1357 490 1445 546 καὶ
1506 489 1827 562 ἀναθάλλει,
1860 490 2005 549 οὕτω

2120 499 2644 556 mortificationem
2660 500 2981 572 quamdam
3003 500 3246 575 patitur,
3265 500 3482 558 deinde
3492 502 3761 574 protinus

344 577 435 631 καὶ
465 578 528 632 τὸ
559 578 834 653 Κυριακὸν
868 583 1029 651 σῶμα
1057 578 1143 636 ἐπὶ
1180 580 1383 656 χρόνον
1418 579 1636 661 βραχὺν
1665 582 1817 645 τεθὲν
1850 580 1901 637 ἐν
1932 587 2014 654 τῷ

349 667 534 744 τάφῳ,
604 667 804 742 ἀθρόον
852 665 1082 741 ἤνθησεν
1148 667 1374 740 ἐκεῖθεν,
1432 669 1524 725 καὶ
1583 665 1886 741 ἐϐλάστησε
1941 675 2010 746 τῇ

355 755 652 832 οἰκουμένῃ
684 758 790 826 τὴν
820 757 1112 832 σωτηρίαν.
1148 758 1243 813 Καὶ
1291 762 1453 832 ἡμεῖς
1505 756 1563 815 δὲ
1618 760 2008 836 βαπτιζόμενοι

358 845 449 901 καὶ
493 848 913 919 ὶνθαπτόμενοι,
970 848 1060 903 καὶ
1110 847 1313 922 τρόπον
1369 849 1491 904 τινά
1546 846 1731 925 ὥσπερ
1777 850 1843 905 τά
1872 851 2013 930 φυτά

351 938 432 1009 τῇ
464 939 561 1008 γῇ,
623 934 799 998 οὕτως
857 937 947 991 καὶ
1007 939 1170 1011 ἡμεῖς
1225 936 1639 1012 ἐννεκροόμενοι
1696 943 1776 1010 τῷ
1830 935 2010 1009 ὕδατι,

360 1023 561 1100 ἀθρόον
594 1023 891 1090 θάλλοντες
918 1025 1005 1081 καὶ
1038 1025 1369 1098 ἀκμάζοντες
1401 1028 1500 1096 τὴν
1533 1032 1683 1103 σφῶν
1740 1028 2013 1098 σωτηρίαν

351 1117 734 1191 ἀνερχόμεθα.
777 1114 975 1181 Καλῶς
1008 1114 1066 1173 δὲ
1098 1117 1197 1174 οὐκ
1239 1121 1379 1185 εἷπε,
1438 1144 1466 1172 (ι
1494 1119 1777 1195 Σόμςρυτοι
1805 1125 1886 1194 τῷ
1916 1122 2013 1176 θα-

351 1207 532 1281 νάτῳ,
561 1205 706 1264 ἀλλά
739 1213 822 1280 τῷ
881 1209 1219 1283 ὁμοιώματι·
1252 1232 1283 1263 ››
1340 1210 1603 1284 ὁμοίωμα
1632 1211 1735 1286 γάρ
1782 1212 2011 1276 θανάτου

361 1293 567 1372 ἔχομεν
598 1294 653 1350 ἐν
682 1301 763 1369 τῷ
797 1297 1153 1371 βαπτίσματι,
1198 1297 1260 1354 οὗ
1293 1300 1600 1373 σωματικὸν
1663 1299 1905 1364 θάνατον.
1942 1302 2011 1359 Al

362 1387 469 1462 γάρ
510 1393 656 1461 τρεῖς
728 1384 1045 1450 καταδύσεις
1127 1387 1218 1443 καὶ
1305 1385 1582 1453 ἀναδόσεις
1652 1392 1754 1443 τοῦ
1815 1388 2014 1464 βαπτί-

360 1500 569 1553 σματος
604 1521 620 1546 ,
692 1480 921 1536 θάνατον
986 1480 1075 1535 καὶ
1133 1481 1416 1537 ἀνάστασιν
1484 1482 1881 1555 σημαίνουσιν.
1941 1514 2011 1525 -

354 1574 686 1648 [KYPIAJL]
739 1572 1035 1647 Ὀμοίωμα
1101 1574 1353 1645 θανάτου,
1402 1576 1430 1630 6
1470 1580 1705 1650 Χριστοῦ
1761 1578 2008 1647 Θάνατος,

353 1658 446 1717 διά
470 1662 535 1716 τὸ
570 1662 647 1734 μὴ
708 1661 1186 1736 ἀπομεμενηκέναι
1240 1662 1399 1720 αὐτὸν
1453 1667 1534 1738 τῷ
1591 1665 1821 1738 θανάτῳ,
1882 1663 2010 1721 ἀλλ’

350 1744 657 1806 ἀναϐιῶναι
685 1752 1009 1827 τριήμερον.
1049 1752 1145 1807 Καὶ
1177 1750 1278 1809 πά)
1297 1771 1364 1807 ιν·
1425 1753 1721 1829 Ὀμοῖωμα
1777 1755 2009 1819 θανάτου

2114 588 2397 645 reviliscit
2424 607 2493 646 ac
2524 591 2861 647 revirescit:
2898 591 2980 646 ita
3013 598 3072 647 et
3116 608 3331 663 corpus
3390 592 3761 647 Dominicum

2115 677 2189 733 ad
2212 678 2385 736 breve
2413 685 2646 751 tempus
2668 681 2729 735 in
2751 681 3021 753 sepulcro
3047 681 3327 752 positum,
3347 679 3486 735 inde
3519 686 3761 751 repente

2115 767 2395 833 efﬂoruit,
2429 768 2954 841 orbiquelsalutem
2984 770 3356 842 germinavit.
3376 771 3491 824 Nos
3523 787 3758 843 quoque

2114 855 2256 914 dum
2279 857 2857 931 baptizamur,etiam
2873 860 3226 931 sepelimur:
3251 866 3310 916 et
3322 860 3762 931 quodammodo

2114 946 2293 1002 veluti
2325 947 2542 1019 plantae
2564 948 2825 1018 interra,
2850 950 2931 1004 ita
2948 955 3005 1005 et
3028 966 3138 1005 nos
3155 950 3217 1004 in
3238 966 3394 1020 aqua
3418 951 3762 1016 morientes,

2113 1039 2653 1109 repente‘virentes
2710 1044 3093 1110 nostramque
3153 1039 3407 1095 salutem
3440 1040 3761 1111 pullantes,

2114 1126 2510 1183 ascendimus.
2533 1126 2787 1185 Pulchre
2800 1132 2995 1183 autem
3013 1127 3162 1183 dixit
3186 1144 3199 1181 :
3224 1149 3252 1176 ‹‹
3277 1128 3670 1199 Complantati
3691 1129 3764 1183 si-

2114 1215 2749 1288 militudinegmortis,»
2769 1223 3108 1283 non,morte
3130 1234 3142 1271 :
3160 1217 3367 1273 mortis
3384 1218 3544 1273 enim
3562 1216 3766 1272 simili-

2112 1302 2673 1362 tudinemhabemus
2690 1306 2752 1361 in
2774 1306 3215 1379 baptismo,non
3227 1306 3765 1378 corporismortem.

2113 1394 2257 1450 Nam
2276 1394 2695 1468 tresibaptismi
2714 1394 3099 1452 immersione
3112 1401 3172 1452 et
3184 1396 3601 1453 immersiones
3614 1412 3710 1451 mo
3719 1414 3767 1451 r-

2114 1489 2235 1540 tem
2253 1500 2320 1541 ac
2336 1471 2801 1541 resurectionem
2817 1484 3170 1557 signiﬁcant.
3185 1515 3236 1526 --
3250 1485 3587 1541 Similitudo
3603 1503 3767 1542 mor-

2114 1574 2189 1629 tis
2207 1579 2297 1631 est
2318 1574 2531 1631 Christi
2551 1591 2808 1643 mors,eo
2836 1573 2992 1646 quod
3015 1574 3076 1629 in
3102 1580 3291 1630 morte
3308 1592 3428 1630 non
3451 1576 3762 1637 manserit,

2115 1664 2218 1720 sed
2247 1664 2419 1720 tertio
2450 1663 2546 1719 die
2580 1663 2876 1719 revixerit.
2907 1665 2976 1719 Et
3006 1681 3273 1720 rursum:
3311 1664 3514 1720 Passio
3548 1669 3674 1721 erat
3703 1665 3762 1719 in

2112 1753 2371 1823 Christo;
2394 1753 2601 1809 mortis
2650 1752 2999 1818 similitudo,
3030 1753 3238 1825 Lidque
3286 1755 3661 1811 convenienti
3686 1755 3759 1811 ad

348 1840 411 1895 τὸ
469 1842 647 1926 πήθος
700 1842 766 1911 ἦν
852 1840 906 1896 ἐν
960 1839 1041 1914 τῷ
1092 1846 1335 1917 Χριστῷ,
1392 1842 1480 1898 καὶ
1542 1843 1690 1917 μάλα
1753 1844 2001 1906 εἰκότως.

2120 1843 2358 1899 modum
2380 1842 2518 1916 jure
2548 1842 2789 1898 :revixit
2808 1843 2969 1899 enim
2982 1844 3380 1913 necimortuus
3409 1845 3756 1914 permansit.

345 1925 582 1987 ’Λνεϐίω
646 1931 748 2008 γὰρ
807 1930 898 1985 καί
966 1930 1028 1986 οὗ
1098 1931 1373 2005 μεμένηκε
1446 1932 1652 2008 νεκρός.
1740 1958 1768 1985 ‹‹
1830 1934 2006 1990 ’Δλλά

345 2020 440 2076 καὶ
484 2027 587 2090 τῆς
643 2018 990 2082 ἀναστάσεως
1045 2018 1296 2092 ἐσόμεθα.
1332 2045 1360 2074 ››
1419 2022 1634 2093 Ποίαςς
1702 2025 1818 2089 Τῆς
1874 2022 2003 2080 ὅταν

347 2110 688 2184 ἀναστῶμεν.
722 2142 789 2151 -
822 2111 1156 2185 [ΟΙΚΟΥΜ.]
1194 2110 1298 2167 Καὶ
1351 2113 1452 2182 δρα
1508 2112 1818 2187 ἀγαθότητα
1848 2118 2002 2170 Θεοῦ·

346 2201 447 2259 τὸν
478 2200 575 2272 μὶν
635 2199 861 2263 θάνατον
907 2203 1010 2255 τοῦ
1076 2201 1299 2276 Κυρίου,
1360 2202 1435 2265 ὡς
1475 2200 1529 2257 ἐν
1588 2203 1754 2259 εἰκόνι
1814 2205 2007 2260 ἀπεθά-

343 2310 535 2361 νομεν,
565 2296 665 2359 τῆς
697 2286 754 2344 δὲ
776 2290 1120 2351 ἀναστάσεως
1145 2289 1369 2360 ἀληθῶς
1398 2294 1834 2366 κοινωνήσομεν.

417 2383 592 2437 Τοῦτο
639 2380 1027 2457 γινώσκοντες,
1114 2382 1198 2437 ὅτι
1282 2383 1311 2437 6
1398 2380 1633 2445 παλαιὸς
1700 2388 1859 2457 ἡμῶν
1919 2385 2009 2441 ἄν·

349 2483 567 2545 θρωπος
662 2469 1076 2543 συνεσταυρώθη
1114 2515 1128 2537 ,
1202 2470 1289 2525 ἳνα
1345 2471 1664 2549 καταργηθῂ
1726 2473 1789 2530 τό
1846 2476 2009 2548 σώμα

348 2561 451 2629 τῆς
516 2557 783 2635 ἁμαρτίας
820 2603 833 2627 ,
926 2562 1028 2613 τοῦ
1099 2562 1297 2633 μηκέτι
1364 2555 1641 2616 δουόεόειν
1721 2565 1869 2637 ἡμᾶς
1934 2569 2004 2639 τῇ

349 2648 606 2722 ἆοιαρτίᾳ,
667 2649 729 2707 '0
793 2649 898 2726 γάρ
960 2648 1246 2705 ἀποθανὼν
1313 2647 1661 2706 δεδικαίωται
1728 2651 1835 2707 άπὸ
1905 2661 2005 2724 τῆς

349 2738 648 2815 ἁμαρτίας.
678 2738 743 2797 Εἰ
772 2736 830 2795 δὲ
877 2738 1217 2814 ἀπεθάνομεν
1249 2739 1343 2796 σὺν
1403 2743 1641 2817 Χριστῷ,
1673 2744 2005 2819 πιστεύομεν

346 2828 431 2886 ὅτι
459 2830 549 2885 καὶ
582 2832 890 2904 συζήσομεν
924 2830 1099 2902 αὐτῷ.

421 2922 556 2978 Εἶτα
586 2919 729 2994 λέγει
758 2924 877 2981 πῶς
943 2922 1080 2992 ἡμῖν
1136 2919 1287 2977 ὶσταί
1345 2918 1597 2997 ἐπίδοξος
1632 2925 1667 2994 ἡ
1700 2924 2006 2993 ἀνάστασις,

349 3009 437 3066 σαι
468 3030 621 3091 φησι·
658 3035 686 3061 ‹‹
726 3014 896 3066 Τοῦτο
927 3011 1287 3083 γινώκκοντες
1319 3011 1402 3068 ὅτι
1467 3013 1495 3068 6
1552 3012 1786 3078 παλαιὸς
1844 3016 2007 3087 ἡμῶν

354 3101 646 3174 ἄνθρωπος
705 3099 1024 3172 (τουτέστιν,
1074 3101 1103 3156 6
1150 3102 1597 3178 κατεγνωσμένος
1650 3103 1813 3179 βίος),
1883 3125 2009 3159 συν-

2113 1957 2141 1985 ‹‹
2176 1933 2466 1989 Nimirum
2518 1937 2578 1988 et
2633 1932 3085 1989 resurrectionis
3117 1933 3360 1988 erimus.
3397 1955 3424 1983 ››
3456 1934 3637 2007 Cujus
3668 1951 3758 1988 re-

2111 2025 2548 2098 surrectionis]
2576 2018 2731 2097 Ejus
2756 2024 3043 2080 nimirum
3092 2024 3432 2096 quaafnobis
3463 2025 3767 2097 continget

2109 2120 2765 2189 ubiresurrexerimus.
2804 2120 2873 2174 Et
2898 2118 3167 2187 videDei
3199 2117 3548 2175 bonitatem.
3584 2120 3767 2173 Morte

2112 2214 2353 2286 quidem
2387 2211 2620 2268 Domini
2675 2211 2842 2283 quasi
2874 2227 2981 2282 per
3012 2209 3495 2266 ‘similitudinem
3548 2211 3765 2266 mortui

2112 2319 2321 2362 sumus
2344 2301 2843 2359 resurrectionem
2870 2305 3068 2355 autem
3098 2316 3233 2355 vere
3256 2300 3769 2373 participabimus.

2184 2394 2275 2459 VI,
2310 2393 2429 2447 6-8.
2462 2394 2575 2446 Hoc
2601 2390 2843 2459 εοίειηιεε⁸
2858 2391 3008 2461 quod
3028 2396 3176 2445 vetus
3204 2396 3397 2456 noster~
3418 2389 3578 2444 homo
3606 2388 3774 2444 simul

2111 2484 2409 2553 cruri/imus
2465 2489 2561 2548 est,
2622 2487 2683 2535 ut
2740 2479 3128 2536 dissolveretur
3180 2496 3377 2550 corpus
3428 2478 3665 2549 peccati,
3716 2485 3777 2533 ut

2111 2573 2364 2643 deinceps
2394 2588 2505 2627 non
2552 2573 2873 2626 serviremus
2913 2575 3157 2641 peccato.
3218 2571 3437 2624 Etenim
3468 2572 3564 2639 qui
3620 2586 3773 2624 mor-

2111 2656 2239 2719 tuus
2265 2668 2365 2728 est,
2388 2662 2729 2733 justi/lentus
2760 2666 2838 2715 est
2868 2677 2902 2714 a
2924 2665 3169 2729 peccato.
3198 2658 3352 2723 Quod
3378 2661 3425 2713 si
3447 2658 3655 2713 mortui
3683 2675 3771 2711 su-

2126 2769 2243 2809 mus
2272 2752 2426 2808 276
2485 2768 2605 2805 cum
2650 2750 3185 2821 Christo,'vcrcdimus
3214 2748 3363 2818 quod
3393 2750 3558 2802 etiam
3612 2747 3776 2801 simul

2111 2845 2355 2898 vivemus
2385 2857 2507 2896 cum
2536 2856 2618 2896 eo.

2194 2931 2347 2986 Dicit
2404 2933 2841 2999 consequenter
2895 2925 3192 2997 quomodo
3254 2923 3777 2995 nobis'continget

2112 3020 2371 3094 gloriosa
2384 3015 2924 3083 resurrectio,etait
2948 3032 2959 3069 :
2981 3019 3143 3087 «Hoc
3162 3014 3417 3069 scientes
3433 3011 3589 3084 quod
3608 3016 3773 3066 vetus

2112 3114 2317 3167 noster
2336 3109 2513 3164 homo
2536 3107 2669 3176 (hoc
2700 3110 2789 3162 est
2808 3104 3204 3162 condemnata
3232 3101 3369 3175 vita)
3400 3100 3579 3157 simul
3636 3116 3771 3156 cum

350 3190 665 3266 εσταυρώθη
699 3212 730 3242 ››
755 3193 834 3262 τῷ
865 3191 1084 3265 Χριστῷ
1120 3185 1210 3245 διὰ
1261 3193 1359 3245 τοῦ
1420 3190 1817 3264 βαπτίσματος,
1851 3192 1934 3275 ἐφ’
1962 3193 2008 3268 ᾧ

2124 3197 2355 3253 Christo
2387 3194 2704 3252 cruciﬁxus
2739 3199 2829 3250 est
2875 3194 3005 3266 per;
3028 3192 3430 3264 baptismum:
3492 3190 3554 3245 in
3611 3206 3771 3254 eum,

348 3300 433 3342 τε.
486 3279 641 3357 φησὶ,
728 3279 1142 3355 καταργηθῆναι
1225 3279 1289 3333 τὸ
1366 3282 1524 3352 σῶμα
1572 3284 1670 3346 τῆς
1723 3282 2008 3357 ἁμαρτίας,

344 3365 646 3432 τουτέστιν,
696 3365 792 3423 ἵνα
837 3366 1092 3444 νέκρωσιν
1157 3367 1216 3423 αἱ
1278 3367 1439 3424 κακαὶ
1498 3369 1723 3445 πράξεις
1782 3370 2015 3445 ὑπομεί-

344 3479 535 3522 νωσιν,
570 3456 630 3522 ἃς
660 3458 751 3512 καὶ
780 3455 935 3533 λέγει
997 3460 1158 3529 σῶμα
1214 3456 1503 3533 ἁμαρτίας.
1566 3492 1634 3502 —-
1682 3462 1899 3537 [ΦΩΤ.]
1950 3463 2009 3520 Ὀ

348 3546 612 3617 παλαιὸς,
637 3543 911 3602 τουτέστιν
947 3545 975 3601 6
1019 3544 1074 3601 ἐν
1131 3551 1252 3609 ταῖς
1300 3546 1596 3623 ἁμαρτίαις
1653 3546 2010 3615 παλαιωθεῖς·

348 3638 524 3698 Οὗτος
558 3636 677 3705 οὖν,
720 3637 1139 3710 βαπτιζομένων
1184 3636 1372 3711 ἡμῶν,
1433 3641 1827 3712 συσταυροῦται
1885 3641 2009 3715 Χρι-

359 3734 470 3802 στῷ
497 3730 586 3785 καὶ
618 3728 975 3800 ἀποθνήσκει,
1015 3729 1106 3783 καὶ
1137 3728 1478 3808 ἀνερχόμεθα
1526 3729 1633 3785 ἀπὸ
1672 3736 1770 3787 τοῦ
1826 3733 2014 3808 βαπτί-

358 3839 563 3890 σματος
592 3818 771 3873 καινοὶ
801 3817 891 3873 καὶ
920 3818 1253 3895 πρόσφατοι,
1301 3819 1474 3874 πάντα
1501 3818 1595 3874 τὸν
1625 3818 2009 3879 παλαιωθέντα

359 3909 644 3983 ἄνθρωπον
673 3905 1023 3981 ἀποθέμενοι,
1067 3907 1158 3963 καὶ
1207 3913 1553 3983 καταργεῖται
1585 3910 1675 3964 καὶ
1727 3911 1789 3965 τὸ
1848 3916 2009 3985 σῶμα

352 4004 454 4067 τῆς
486 3998 778 4068 αμαοτίας,
810 3995 865 4052 ἐν
894 4001 929 4069 ᾗ
964 3995 1298 4072 ἐστηρίζετο,
1352 3998 1440 4053 καὶ
1500 3998 1588 4075 ὑφ’
1644 3999 1711 4070 ἧς
1766 3998 2004 4074 ἐμορφοο

354 4093 543 4144 ποεῖτο
571 4088 600 4143 6
633 4087 870 4148 παλαιὸς
900 4088 1063 4159 ἡμῶν
1116 4083 1423 4161 ἄνθρωπος,
1460 4091 1757 4155 τουτέστιν,
1788 4090 1816 4144 6
1842 4111 2005 4146 κατα-

352 4178 599 4256 γηράσας
631 4175 752 4253 βίος
809 4177 973 4248 ἡμῶν
1027 4181 1144 4239 τοῖς
1192 4179 1650 4252 παραπτώμασιν.
1684 4178 2006 4254 Ἀνθρωπον

359 4266 416 4325 δὲ
444 4268 602 4325 καλεῖ
628 4269 720 4323 τὸν
745 4288 1017 4333 τοιοστον,
1046 4268 1145 4335 τήν
1195 4272 1305 4323 τῶν
1362 4267 1664 4342 ἀνθρώπων
1719 4270 1854 4346 πρὸς
1908 4270 2007 4325 αὖ·

352 4360 449 4415 τὸν
496 4355 684 4429 δηλῶν
730 4355 1177 4414 δυσαπόσπαστον
1225 4359 1315 4413 καὶ
1354 4356 1733 4437 πολυχρόνιον
1792 4361 2001 4435 σχέσιν.

355 4448 540 4510 Οὕτως
572 4449 675 4527 γὰρ
708 4447 1098 4517 ὼετετῆκεισαν
1127 4448 1277 4519 αὔτῷ
1320 4447 1458 4519 πρὸς
1510 4454 1612 4518 τῆς
1669 4455 2004 4517 Δεσποτικῆς

356 4536 655 4610 ἱπιδημθας
684 4536 775 4595 καὶ
837 4535 1157 4608 οῗκονομίας
1187 4536 1240 4591 ol
1287 4534 1588 4612 ἅνθρωποι,
1643 4537 1718 4601 ὡς
1781 4535 1911 4612 μηδ’
1941 4538 2002 4593 ἂν

2124 3286 2341 3358 inquit,
2364 3282 3013 3356 ﬁiiemutgdissolvatur
3042 3297 3256 3352 corpus
3289 3279 3537 3351 peccati,
3573 3278 3771 3349 idjest,

2124 3383 2189 3432 ut
2216 3392 2406 3449 prava;
2426 3374 2691 3432 actiones
2714 3372 3231 3429 mortificationem
3264 3370 3777 3440 sustineant,quas

2122 3467 2302 3522 etiam
2333 3482 2547 3536 corpus
2577 3462 2804 3537 peccati
2844 3461 3123 3535 appellat.
3156 3493 3226 3501 —
3255 3461 3453 3527 Vetus,
3476 3459 3589 3514 hoc
3611 3463 3699 3513 est
3718 3458 3778 3513 in

2120 3556 2380 3630 peccatis
2429 3555 2810 3611 inveteratus.
2872 3551 2973 3607 llic
3010 3567 3169 3623 ergo,
3202 3566 3337 3605 cum
3386 3548 3774 3622 baptizamur,

2122 3644 2300 3703 s'mul
2331 3643 2729 3715 cumZChristo
2770 3640 3135 3714 cruciﬁgitur
3182 3656 3251 3695 ac
3308 3639 3606 3693 moritur:
3656 3644 3713 3693 et
3743 3653 3777 3693 a

2117 3735 2469 3808 baptismate
2498 3733 2633 3789 novi
2658 3749 2726 3788 ac
2749 3736 3021 3788 recenter
3039 3731 3163 3785 nati
3190 3726 3589 3795 ascendimus,
3613 3728 3773 3781 omni

2114 3825 2444 3880 inveterato
2503 3822 2747 3878 homine
2778 3821 3070 3892 deposito,
3132 3825 3190 3873 et
3228 3834 3443 3889 corpus
3503 3815 3776 3871 aboletur

2114 3914 2365 3987 peccati,
2394 3913 2457 3967 in
2484 3928 2602 3984 quo
2636 3910 2903 3966 firmatus
2958 3914 3104 3974 erat,
3142 3913 3199 3963 et
3229 3906 3337 3963 sub
3373 3923 3488 3978 quo
3523 3908 3773 3961 formam

2114 4004 2473 4076 acquisierat
2491 4013 2656 4057 vetus
2687 4006 2891 4055 noster
2918 3999 3119 4061 homo,
3142 3996 3255 4052 hoc
3285 4003 3395 4059 est.
3427 3998 3545 4053 vita
3568 4004 3775 4054 nostra

2112 4093 2369 4168 peccatis
2396 4088 3077 4157 inveteratasliominem
3102 4093 3299 4143 autem
3321 4088 3480 4143 hunc
3508 4088 3772 4160 appellat

2115 4180 2454 4257 significans
2478 4180 2791 4236 hominum
2825 4177 3096 4234 habitum
3121 4194 3274 4251 aegre
3290 4178 3685 4249 separabilem
3709 4195 3776 4235 ac

2112 4273 2490 4329 diuturnum.
2529 4268 2674 4325 Huic
2707 4268 2871 4324 enim
2902 4271 3043 4323 ante
3089 4267 3324 4321 Domini
3359 4266 3674 4323 adventum
3708 4285 3776 4324 ac

2112 4358 2626 4434 dispensationem
2654 4356 2802 4413 adeo
2852 4355 3241 4429 conglutinati
3278 4362 3449 4412 erant
3477 4357 3776 4423 homines,

2110 4455 2178 4508 ut
2206 4466 2282 4505 ne
2313 4446 2586 4504 homines
2613 4444 2857 4519 quidem
2890 4462 3019 4502 esse
3052 4445 3291 4512 vellent,
3317 4452 3587 4520 separata
3609 4448 3776 4518 peni-

2120 4544 2214 4595 tus
2271 4537 2625 4610 voluptuosa
2710 4537 3156 4592 conversatione
3244 4536 3774 4608 intemperatisque

359 4605 1132 4704 ἄνθρωποιἀὶρεῖσθαιξεῖναι,
1189 4625 1281 4681 καὶ
1343 4605 1610 4701 μηὸόλως
1665 4605 1799 4683 εἶναι
1833 4605 2008 4704 χωρὶς

2126 4626 2483 4684 actionibus.
2519 4626 2676 4682 Hanc
2710 4625 3143 4697 itaquegvitam,
3178 4625 3296 4695 cui,
3323 4624 3596 4680 homines
3629 4623 3774 4680 adeo

360 4716 674 4799 φιληδόνου
704 4715 1104 4781 πολιτείας’καὶ
1138 4713 1464 4773 ἀκολάστων
1487 4718 1753 4793 πράξεων.
1782 4719 1877 4789 Τῷ
1920 4717 2013 4773 οὗν

359 4805 782 4883 συμπεπλέχθαι
813 4804 965 4877 αὐτῷ
1017 4803 1149 4867 τοὺς
1206 4803 1530 4882 ἀνθρώπους
1578 4806 1666 4862 καὶ
1726 4828 2017 4863 συνανακε-

354 4900 587 4973 κρᾶσθαι
644 4900 736 4954 καὶ
795 4893 1260 4958 δυσαποσπάστως
1328 4892 1499 4972 ἔχειν,
1554 4895 1840 4972 ἄνθρωπον
1893 4896 2013 4954 ἐπι.

354 4988 678 5059 πληκτικῶς
708 4987 803 5043 τὸν
818 4990 1082 5057 ,τοιοῦτον
1120 4983 1237 5061 βίον
1295 4981 1577 5055 ἐκάλεσεν,
1630 4987 1931 5059 τουτέστιν,
1954 4986 2014 5041 ὃν

353 5079 430 5143 ὥς
453 5076 854 5150 αὖτοὺςρἡἆς,
920 5072 1134 5149 μᾶλλον
1194 5070 1251 5129 δὲ
1298 5073 1390 5129 καὶ
1451 5076 1619 5148 ἡμων
1678 5073 1869 5143 πλέον,
1925 5075 2015 5131 καὶ

352 5167 675 5243 ιστὲργομεν
705 5166 795 5221 καὶ
826 5163 1238 5239 περιειχόμεθα.
1291 5195 1358 5207 -
1390 5163 1496 5219 Καὶ
1550 5161 1758 5227 ἄλλως.
1822 5165 2014 5239 [ΘΕΟ-

354 5260 528 5333 ΔΩΡο]
579 5255 821 5313 Παλαιὸν
869 5252 1175 5329 ἄνθρωπον,
1236 5251 1298 5308 οὐ
1352 5254 1454 5324 τὴν
1516 5253 1678 5333 φύσιν
1737 5252 1989 5311 ἐκάλεσεν

357 5346 507 5407 ἀλλά
537 5348 639 5416 τὴν
672 5344 916 5418 πονηράν
944 5344 1197 5418 γνώμην.
1244 5341 1466 5412 Ταύτην
1534 5341 1594 5398 δὲ
1643 5339 1747 5420 ἔφη
1817 5347 1896 5416 τῷ
1942 5344 2015 5420 βα

352 5437 620 5511 πτίσματι
649 5436 1010 5511 νεκρωθῆναι.
1063 5455 1091 5485 ι(
1120 5432 1241 5487 Ἵνα
1269 5434 1593 5507 καταργηθῇ
1628 5431 1692 5488 τὸ
1721 5437 1884 5503 σῶμα
1912 5440 2011 5503 τῆς

355 5526 646 5603 ἀμαρτὲας.
683 5550 713 5578 »
772 5524 863 5587 Εἰς
937 5526 1120 5590 τοῦτο,
1176 5521 1361 5601 φησὶν,
1411 5518 1506 5576 ἵνα
1561 5521 2011 5597 καταργηθῇκαῖ

354 5616 625 5689 νεκρωθῇ,
653 5611 731 5676 εἷς
760 5611 823 5667 τὸ
856 5606 1049 5684 μηκέτι
1085 5609 1377 5664 ὑποπεσεῖν
1414 5608 1671 5684 ἁμαρτίᾳ.
1731 5606 2007 5686 Νέκρωσιν

354 5701 413 5763 δά
440 5725 594 5785 φησι,
648 5702 713 5761 τὸ
766 5699 891 5759 ὅσον
946 5699 1022 5765 εἷς
1074 5699 1138 5757 τὸ
1199 5699 1547 5777 ἁμαρτάνειν,
1604 5699 1697 5755 ἳνα
1727 5703 1763 5775 ᾗ
1793 5701 2004 5781 τεκρόν.

2127 4717 2519 4783 cohaeserant,
2574 4714 2869 4785 simulque
2918 4714 3189 4785 permisti
3220 4718 3411 4781 erant,
3446 4730 3555 4770 nec
3585 4713 3657 4769 ab
3709 4730 3778 4769 ea

2129 4807 2379 4863 distrahi
2412 4810 2705 4878 poterant,
2720 4803 3324 4876 increpatorio;modo
3358 4803 3777 4876 hominemfap-

2128 4897 2388 4970 pellavit,
2410 4895 2521 4952 hoc
2549 4900 2637 4950 est
2666 4909 2846 4968 quam
2875 4899 2943 4950 ut
2969 4909 3078 4950 nos
3110 4894 3321 4965 ipsos,‘
3352 4893 3471 4949 imo
3522 4892 3778 4966 amplius

2128 5004 2308 5059 quam
2330 5001 2439 5041 nos
2465 4985 2625 5056 ipsos
2648 4990 2706 5039 et
2723 4984 3070 5040 amabamus
3086 4988 3144 5038 et
3158 4982 3685 5056 amplectebamur.
3710 5014 3781 5025 -

2131 5077 2260 5132 Alio
2274 5081 2549 5146 praeterea
2578 5074 2759 5129 modo.
2790 5074 3060 5130 Veterem
3090 5072 3395 5128 hominem
3426 5074 3575 5143 :non
3608 5078 3779 5128 natu-

2129 5182 2255 5221 ram
2286 5164 2529 5231 vocavit,
2550 5161 2653 5218 sed
2676 5179 2909 5234 pravam
2940 5169 3224 5219 mentem.
3260 5163 3419 5218 Hanc
3450 5168 3647 5217 autem
3682 5161 3782 5215 di-

2126 5257 2215 5312 xit
2238 5257 2301 5311 in
2326 5254 2892 5328 baptismate_morti
2927 5252 3245 5323 traditam}
3284 5276 3310 5302 «
3341 5253 3413 5309 Ut
3431 5252 3780 5308 dissolvere-

2132 5352 2230 5402 tur
2262 5361 2476 5418 corpus
2498 5344 2743 5417 peccati.
2781 5366 2807 5392 ››
2844 5342 3089 5415 Adshoc,
3114 5341 3329 5416 inquit,
3350 5348 3417 5399 ut
3446 5342 3787 5398 adoleretnl‘

2132 5452 2200 5492 ac
2263 5433 2745 5497 mortiﬁcaretur,
2790 5437 2858 5489 ut
2898 5432 3180 5505 deinceps
3207 5436 3381 5504 jnon‘
3406 5431 3697 5488 incideret
3725 5430 3787 5487 in

2132 5531 2464 5600 peccatum.
2493 5523 3004 5581 Mortificationem
3028 5529 3226 5579 autem
3254 5522 3400 5580 dicit
3429 5521 3624 5594 quoad
3647 5537 3785 5592 pec-

2131 5632 2290 5684 care,
2322 5620 2388 5670 ut
2416 5614 2463 5671 si
2499 5618 2820 5679 mortuum,
2853 5617 3125 5670 mortuus
3156 5611 3452 5682 siquidem
3494 5626 3614 5666 non
3644 5625 3786 5680 pec-

2131 5712 2245 5764 cat.
2306 5736 2373 5748 —-
2420 5709 2642 5779 Corpus
2684 5703 2909 5777 peccati
2938 5718 3045 5776 per
3108 5700 3507 5777 periphrasim
3561 5697 3781 5758 dieitur
