4198 6198
446 413 562 478 435

1565 405 1978 469 ΈΟΟΜΕΝΗ
2023 406 2328 471 ΤΒῘΟΟᾸΕ
2373 407 2724 472 EPISCOPI

3727 406 3845 467 436

445 550 642 623 ipsum
675 549 982 618 peccatum
1015 560 1028 598 :
1065 545 1178 602 hoc
1205 549 1315 604 est.
1349 547 1538 600 totum
1568 559 1637 600 ac
1667 543 1904 616 penitus
1943 544 2093 599 otio-

2209 541 2414 617 Νεκρὸς
2445 541 2546 618 γὰρ
2586 541 2693 617 οὐχ
2733 562 3047 615 αμαρτανει.
3079 575 3146 589 --
3179 543 3394 618 [ΦΩΤ.]
3423 539 3494 596 Τὸ
3554 543 3714 613 σῶμα
3753 545 3852 608 τῆς

446 653 575 696 sum
609 642 666 692 et
693 635 902 692 inutile
935 633 1219 706 deinceps
1252 633 1500 689 dicatur.
1537 635 1660 698 Quo
1693 639 1889 689 autem
1923 633 2097 688 modo

438 725 758 783 aboletur?
788 725 930 780 dum
981 741 1049 780 eo
1108 741 1228 779 non
1283 723 1527 778 utimur.
1591 722 1812 778 Deinde
1845 723 2087 778 modum

437 831 672 890 quoque
707 815 891 888 ipsius
925 831 1067 868 usus
1091 829 1297 886 aspere
1326 811 1586 868 ostendit
1610 818 1670 868 et
1709 829 1813 883 per
1845 812 2088 868 modum

437 903 784 977 improperii
823 919 835 956 :
865 907 928 958 ut
953 903 1232 972 deinceps
1263 918 1383 958 non
1443 901 1768 956 Serviamus
1823 908 2087 972 peccato.

438 993 744 1064 Siquidem
775 1008 919 1048 usus
953 991 1174 1062 peccati
1205 991 1350 1047 facit
1377 1006 1487 1046 nos
1517 1007 1716 1045 servos
1743 989 1988 1060 peccati.
2023 1019 2092 1030 —

441 1081 744 1140 Abolitum
776 1085 865 1138 est
922 1096 1134 1152 corpus
1177 1079 1420 1150 peccati.
1455 1078 1516 1132 id
1547 1085 1657 1144 est,
1692 1077 1954 1149 ingenita
2005 1075 2090 1134 illi

442 1179 712 1231 motuum
745 1169 1061 1236 ferocitas;
1094 1169 1238 1224 271
1277 1173 1540 1225 mentem
1601 1183 1835 1240 semper
1863 1167 1936 1222 ad
1969 1173 2095 1224 tur-

443 1263 545 1336 pia
576 1261 942 1318 concutiens.
976 1275 1044 1314 ac
1073 1259 1402 1329 voluptates
1451 1257 1767 1328 plusquam
1827 1263 2091 1313 terrenas

447 1353 616 1425 quasi
649 1351 776 1406 lutu
811 1350 1155 1405 immittens.
1183 1350 1250 1401 Et
1271 1345 1647 1402 hocinferius
1671 1347 1814 1402 dicit
1841 1363 1852 1400 :
1891 1369 1916 1394 «
1949 1348 2092 1401 Nam

445 1441 606 1514 quod
635 1438 1004 1510 impossibile
1038 1441 1166 1492 erat
1196 1437 1307 1508 legi
1328 1435 1390 1502 ’³,
1427 1436 1486 1490 in
1518 1434 1944 1507 quoimbecilis
1968 1440 2095 1492 erat

444 1545 550 1602 per
572 1543 832 1593 carnem,
867 1529 1040 1581 Pater
1069 1526 1249 1580 misso
1281 1524 1425 1580 Filio
1459 1541 1564 1580 suo
1605 1525 1666 1579 in
1699 1523 2092 1580 similitudine

449 1617 646 1674 carnis
675 1614 922 1688 peccati.
957 1614 1028 1670 de
1060 1617 1299 1686 peccato
1332 1614 1744 1672 condemnavit
1789 1619 2094 1686 peccatum

447 1707 510 1764 in
539 1721 738 1763 carne.
771 1726 801 1754 »

2208 631 2496 708 ἁμαρτίας,
2550 637 2984 710 περιφραστικῶς
3065 633 3202 700 αὒτὴ
3261 633 3297 701 ἡ
3375 629 3631 704 ἁμαρτία*
3691 651 3850 684 τουτ-

2197 721 2360 792 ὲστιν,
2395 722 2500 794 ὅλη
2535 720 2726 779 διόλου
2761 724 2898 799 ἀργή
2933 721 3022 777 καὶ
3077 719 3356 798 ἄχρηστος
3387 720 3449 776 τὸ
3477 719 3672 776 λοιπὸν
3705 739 3850 794 χρη-

2203 811 2520 882 ματίζουσα.
2561 817 2682 872 Πῶς
2716 809 2772 866 δὲ
2802 815 3149 887 καταργεῖται
3185 829 3197 879 ;
3230 811 3416 883 Ἱίμῶν
3479 812 3554 882 μή
3617 809 3850 887 χρωμέ-

2199 923 2304 954 νων
2335 902 2494 976 αὐτῇ.
2535 901 2668 956 ιίἴτα
2699 899 2936 955 δείκνυσι
2961 899 3049 954 καὶ
3084 901 3172 954 τὸν
3204 899 3405 973 τρόπον
3438 905 3537 966 τῆς
3570 899 3848 973 χρήσεως,

2201 986 2440 1066 δριμέως
2499 989 2590 1045 καὶ
2649 987 3018 1051 ὀνειδιστικῶς
3055 1031 3069 1054 ,
3153 993 3250 1046 τοῦ
3315 993 3509 1060 μηκετι
3569 984 3847 1042 δουλεύειν

2199 1081 2348 1148 ἡμᾶς
2403 1083 2471 1154 τῇ
2533 1079 2806 1156 ἁμαρτίᾳ.
2873 1079 2937 1135 Ἡ
2994 1077 3096 1154 γὰρ
3137 1083 3339 1152 χρῆσις
3395 1083 3496 1146 τῆς
3553 1075 3846 1148 ἁμαρτίας,

2203 1164 2436 1230 δοῦλους
2491 1171 2639 1241 ἡμᾶς
2691 1173 2840 1225 ποιεῖ
2887 1174 2987 1237 τῆς
3043 1166 3328 1243 ἁμαρτίας.
3387 1199 3458 1208 -
3513 1165 3850 1244 [ΚΥΡΙΛΛ.]

2203 1261 2552 1334 Κατῆργηται
2579 1257 2636 1315 δὲ
2663 1261 2725 1315 τὸ
2757 1264 2916 1332 σῶμα
2936 1266 3034 1327 τῆς
3098 1258 3388 1332 ἁμαρτίας,
3443 1254 3710 1322 τουτέστι,
3741 1259 3849 1310 τῶν

2204 1346 2256 1401 ἐν
2297 1349 2435 1420 αὐτῇ
2459 1349 2771 1420 κινημάτων
2805 1350 2839 1418 ἡ
2872 1343 3110 1426 ἔμφυτος
3167 1347 3448 1419 ἀγριότης,
3497 1343 3848 1400 κατασείουσα

2207 1436 2301 1508 μὲν
2335 1437 2415 1490 ἀεὶ
2447 1438 2579 1511 πρὸς
2610 1437 2674 1493 τά
2704 1437 2907 1514 αἰσχίω
2965 1437 3054 1491 τὸν
3114 1441 3264 1502 νοῦν,
3322 1436 3518 1492 ἐνιεῖσα
3578 1431 3634 1490 δὲ
3664 1431 3848 1509 ὥσπερ

2203 1523 2370 1598 πηλῷ
2401 1526 2495 1587 τὰς
2527 1523 2885 1602 γεωόεστὲρας
2915 1523 3134 1596 ἡδονάς.
3183 1525 3277 1582 Καὶ
3329 1524 3491 1580 τοῦτό
3519 1543 3670 1598 φησι·
3706 1547 3734 1574 ‹(
3768 1523 3844 1579 Τὸ

2203 1613 2307 1688 γαρ
2336 1612 2599 1670 ἀδύνατον
2629 1619 2725 1671 τοῦ
2755 1615 2924 1689 νόμου
2954 1613 3006 1670 ἐν
3041 1615 3087 1688 ᾧ
3117 1616 3326 1684 ἠσθένει
3358 1611 3448 1668 διὰ
3501 1621 3602 1683 τῆς
3630 1613 3851 1689 σαρκὸς,

2205 1705 2234 1757 ὁ
2261 1705 2446 1778 Πατὴρ
2475 1706 2568 1760 τὸν
2601 1706 2792 1762 ἑαυτοῦ
2841 1705 2963 1760 Υίὸν
3021 1706 3239 1778 πέμψας
3298 1704 3351 1760 ἐν
3375 1705 3688 1779 ὁμοιώματι
3725 1722 3854 1780 σαρ-

444 1795 540 1857 κὸς
569 1793 858 1868 ἁμαρτίας,
889 1791 976 1846 καὶ
1009 1791 1131 1866 περὶ
1163 1792 1430 1866 ἁμαρτίας
1467 1793 1742 1866 κατὲκρίνε
1767 1793 1865 1860 τήν
1897 1791 2162 1866 ἁμαρτίαν
2191 1790 2242 1848 ὲν
2275 1797 2344 1868 τῇ
2376 1794 2553 1870 σαρκί,
2581 1818 2606 1846 n

519 1914 691 1970 Vides
723 1911 1018 1984 quomodo
1070 1927 1284 1984 corpus
1339 1912 1562 1984 peccati
1625 1909 1704 1969 sit
1753 1909 2097 1966 abolitum?

2274 1911 2435 1982 Ὁρᾷς
2481 1917 2598 1974 πῶς
2651 1913 2712 1970 τὸ
2757 1918 2916 1986 σῶμα
2977 1919 3076 1982 τῆς
3137 1913 3405 1988 ἁμαρτίας
3457 1932 3859 1988 κατηργηταιτ

444 2003 876 2062 condemnatus
907 2005 997 2057 est
1027 2001 1182 2058 enim
1221 2002 1280 2056 in
1313 2017 1492 2056 carne
1521 2001 1743 2073 peccati
1775 2001 2089 2058 stimulus:

443 2099 504 2152 et
533 2093 790 2164 primum
824 2091 1064 2162 quidem
1123 2090 1184 2144 in
1235 2090 1465 2146 Christo
1526 2091 1700 2144 morti
1760 2089 1931 2146 datus
1984 2095 2092 2158 est,

445 2199 649 2240 verum
682 2181 754 2236 ab
785 2180 888 2235 illo
919 2185 976 2236 et
1007 2194 1112 2252 per
1141 2179 1312 2236 illum
1343 2179 1522 2236 etiam
1553 2179 1626 2234 ad
1685 2195 1794 2235 nos
1827 2179 2098 2234 transivit

448 2273 656 2350 gratia.
690 2293 718 2320 ‹‹
753 2272 984 2327 Etenim
1043 2271 1142 2343 qui
1204 2275 1471 2326 mortuus
1505 2275 1611 2336 est,
1645 2289 1671 2314 ιν
1735 2273 1793 2324 et
1860 2275 2094 2326 caetera.

450 2361 625 2418 Vides
685 2360 842 2432 quod
899 2359 1092 2431 quoad
1143 2359 1424 2432 peccandi
1482 2365 1678 2416 actum
1732 2365 1964 2431 oportet
1989 2375 2098 2414 nos

451 2467 582 2510 esse
613 2457 896 2508 mortuos.
929 2449 1158 2505 Etenim
1191 2449 1290 2520 qui
1321 2455 1590 2506 mortuus
1623 2455 1730 2516 est,
1771 2449 1872 2515 ait,
1925 2449 2100 2520 justi-

452 2539 661 2598 ﬂcatus
685 2544 793 2596 est.
822 2538 933 2594 hoc
963 2543 1072 2601 est,
1097 2554 1132 2593 a
1153 2543 1392 2609 peccato
1417 2535 1700 2592 liberatus
1714 2542 1823 2603 est,
1849 2552 2096 2606 seseque

447 2629 508 2686 in
542 2629 876 2684 libertatem
909 2627 1182 2682 asseruit.
1224 2625 1474 2693 Quidam
1527 2630 1726 2682 autem
1785 2625 1856 2680 de
1913 2624 2100 2698 bapti-

449 2723 637 2776 smate
668 2717 780 2774 hoc
809 2721 1168 2788 acceperunt
1217 2715 1276 2771 in
1333 2731 1448 2788 quo
1501 2714 1840 2788 consepulti
1895 2730 2099 2770 sumus

448 2808 702 2873 Christo,
735 2823 804 2862 eo
827 2806 984 2878 quod
1017 2823 1138 2860 non
1167 2805 1244 2861 sit
1273 2805 1434 2860 aliud
1467 2805 1781 2878 baptisma,
1815 2805 1968 2860 sicut
1989 2819 2100 2859 nec

453 2898 718 2955 Christus
751 2899 964 2954 iterum
1015 2901 1222 2968 postea.
1279 2900 1547 2950 mortuus
1605 2900 1714 2961 est,
1762 2893 1854 2949 cui
1889 2909 2096 2949 conse-

453 2987 602 3062 pulti
638 3003 862 3054 sumus,
898 2985 1196 3058 simulque
1235 2983 1683 3041 resurreximus.
1709 3015 1778 3025 —
1809 3005 1838 3034 «
1860 2982 2026 3049 Quod
2049 2984 2098 3038 si

454 3079 672 3136 mortui
707 3093 913 3132 sumus
931 3093 1064 3132 cum
1094 3075 1347 3131 Christo.
1375 3095 1401 3126 ι
1431 3074 1486 3129 Si
1519 3079 1714 3130 autem
1749 3074 1810 3130 in
1843 3073 2099 3129 novitate

453 3169 586 3225 vita;
619 3165 1138 3226 ambulaverimus.
1170 3181 1312 3221 sane
1331 3165 1509 3221 etiam
1541 3163 2100 3238 resurgemussicut

451 3259 716 3314 Christus
751 3273 820 3311 ex
852 3257 1102 3311 mortuis
1133 3257 1406 3312 surrexit.
1429 3257 1570 3310 Nam
1599 3256 1708 3310 hoc
1724 3271 2094 3326 consequens
2127 3285 2170 3350 ο

453 3351 542 3402 est
571 3345 644 3400 ad
675 3345 733 3400 id
780 3345 938 3416 quod
971 3345 1195 3400 dictum
1227 3350 1385 3410 erat;
1421 3345 1546 3416 ipse
1599 3351 1799 3400 tamen
1857 3360 1991 3400 cum
2023 3344 2096 3400 ad

455 3433 799 3508 praedictam
823 3432 1166 3488 adduxisset
1187 3433 1313 3487 vita:
1327 3433 1636 3494 rationem.
1659 3451 1838 3506 quam
1870 3439 2104 3506 oportet

451 3522 950 3582 resurrectionem
997 3521 1366 3592 praecedere:
1427 3521 1486 3576 id
1546 3523 1702 3596 quod
1763 3523 2100 3578 necessario

450 3610 929 3682 consequebatur
957 3609 1412 3681 intelligendum
1463 3611 1724 3682 reliquit.
1787 3612 2004 3667 Deinde
2039 3613 2099 3667 in

449 3701 836 3776 sequentibus
859 3701 1171 3757 manifeste
1193 3702 1690 3758 resurrectionem
1715 3702 2016 3774 praedicat,
2043 3709 2102 3758 et

450 3793 568 3850 ait:
604 3815 629 3840 α
665 3791 718 3846 Si
751 3791 970 3847 mortui
1004 3806 1208 3844 sumus
1241 3806 1374 3845 cum
1409 3789 1660 3858 Christo,
1697 3813 1724 3840 »
1757 3791 1909 3846 sicut
1939 3797 2098 3847 certe

451 3881 666 3939 mortui
683 3897 888 3936 sumus
903 3879 1378 3951 perbaptismum
1394 3903 1418 3926 ‹‹
1439 3879 1734 3934 credimus
1749 3879 1904 3950 quod
1921 3881 2100 3936 simul

448 3973 626 4026 etiam
647 3971 908 4025 vivemus
932 3986 1066 4025 cum
1093 3970 1277 4040 ipso.»
1300 3968 1572 4024 videlicet
1593 3969 1765 4024 beata
1783 3969 1884 4026 illa
1901 3987 1968 4026 ac
1987 3971 2099 4026 im-

444 4060 678 4118 mortali
695 4059 812 4114 vita
827 4075 956 4130 quae
977 4058 1619 4130 postresurrectionem
1639 4059 2094 4124 erit.Debemus,

444 4149 794 4209 ait.credere
814 4147 968 4220 quod
989 4149 1168 4202 etiam
1187 4148 1362 4202 simul
1379 4149 1638 4205 vivemus
1659 4166 1792 4206 cum
1816 4166 1903 4206 eo.
1931 4149 2097 4216 Quod

443 4256 580 4312 ergo
596 4239 758 4298 dicit.
779 4237 1150 4302 «Credimus,
1171 4263 1189 4289 ι
1211 4237 1643 4312 adhortationis
1663 4245 1752 4294 est
1769 4245 1825 4295 et
1839 4240 2094 4296 consilii.

517 4331 609 4396 Vl,
633 4331 780 4385 9-H.
813 4329 1052 4385 Scientes
1081 4328 1229 4398 quod
1278 4328 1525 4383 Christus
1579 4333 1676 4401 qui
1731 4333 2034 4386 resurrexit
2061 4347 2097 4385 a

445 4421 698 4484 mortuis,
730 4435 842 4472 non
885 4417 1120 4488 amplius
1176 4418 1416 4472 moritur
1450 4435 1461 4472 :
1495 4435 1638 4474 mors
1669 4419 1757 4474 illi
1810 4437 1921 4474 non
1974 4438 2095 4474 am-

439 4511 590 4584 plius
619 4509 958 4564 dominatur.
991 4509 1147 4574 Quod
1201 4511 1346 4562 enim
1405 4517 1652 4565 mortuus
1713 4517 1792 4564 est
1849 4517 2092 4580 peccato,

447 4607 692 4656 mortuus
721 4606 796 4654 est
824 4598 989 4654 semel-
1018 4615 1031 4652 :
1080 4599 1228 4668 quod
1255 4605 1436 4652 autem
1475 4601 1630 4664 vivit,
1689 4598 1825 4653 vivit
1857 4601 1979 4654 Deo.
2012 4603 2096 4654 Ita

451 4697 502 4745 et
530 4707 620 4746 vos
651 4692 960 4746 existimate
989 4703 1079 4743 vos
1107 4689 1251 4758 ipsos
1293 4695 1532 4743 mortuos
1591 4687 1810 4758 quidem
1841 4703 1946 4744 esse
1969 4705 2098 4759 pec-

446 4786 588 4836 cato.
621 4782 860 4834 viventes
917 4785 1102 4832 autem
1147 4778 1252 4832 Deo
1277 4794 1380 4847 per
1409 4777 1686 4832 Christum
1713 4779 1896 4832 Jesum
1927 4779 2104 4834 Domi-

447 4883 579 4922 num
619 4873 889 4921 nostrum.

521 4959 590 5010 Et
619 4955 777 5010 unde
809 4957 1023 5026 inquit,
1047 4955 1429 5011 manifestum
1452 4959 1539 5010 est
1563 4955 1718 5026 quod
1747 4956 1924 5013 simul
1945 4957 2098 5013 vive-

451 5064 582 5102 mus
606 5063 740 5100 cum
765 5045 892 5116 ipso
911 5045 938 5099 ?
959 5047 1188 5100 Etenim
1213 5045 1322 5099 hoc
1345 5045 1542 5108 etiam,
1575 5061 1650 5099 an
1679 5045 1800 5116 ipse
1834 5045 2099 5103 Christus

449 5137 550 5208 qui
573 5136 849 5200 surrexit,
875 5151 1106 5190 rursum
1137 5135 1421 5189 moriatur
1443 5135 1732 5190 incertum
1757 5135 2095 5193 est‘IAbsit!

447 5227 547 5281 ait.
611 5227 750 5280 Nam
811 5225 922 5280 hoc
975 5225 1372 5281 indubitatum
1427 5241 1556 5280 esse
1604 5231 1880 5296 oportet,
1941 5229 2100 5298 quod

445 5317 712 5372 Christus
740 5333 860 5370 non
891 5317 1148 5386 amplius
1195 5315 1516 5372 morietur:
1577 5323 1892 5388 pmpterea
1941 5319 2099 5374 enim

455 5413 723 5463 mortuus
755 5413 838 5462 est
877 5413 938 5460 ut
967 5411 1218 5461 mortem
1277 5411 1554 5462 cessaret.
1591 5407 1742 5462 278
1793 5407 2098 5472 Quomodo

459 5497 614 5550 enim
653 5503 934 5556 morelur,
963 5503 1201 5567 propter
1223 5511 1398 5567 quem
1423 5496 1618 5550 carteri
1652 5513 1887 5568 quoque
1941 5497 2096 5568 pari-

451 5593 542 5642 ter
571 5587 827 5642 vivemus
857 5587 886 5640 ?
917 5592 1038 5642 tota
1069 5587 1246 5642 simul
1275 5591 1464 5642 morte
1485 5586 1732 5642 remissa
1763 5587 1822 5642 in
1841 5587 2097 5660 Christo,

522 5767 564 5803 ²¹
597 5765 775 5832 Infra,
805 5782 916 5823 vni.

2204 2000 2637 2076 κατ[ακ]ἐκριται
2665 2002 2766 2078 γὰρ
2800 2001 2850 2056 ἐν
2879 2006 2947 2076 τῇ
3017 2002 3172 2078 σαρκῖ
3219 2007 3318 2075 τῇς
3349 2002 3613 2078 ἁμαρτίας
3640 2003 3702 2056 τὸ
3731 2003 3856 2058 κέν-

2203 2108 2350 2165 τρον.
2388 2090 2485 2145 Καὶ
2515 2091 2839 2164 νενέκρωται
2873 2091 2966 2164 μὶν
2999 2089 3052 2146 ἐν
3088 2091 3288 2166 πρώτῳ
3319 2092 3556 2166 Χριστῷ·
3594 2085 3749 2160 διέϐη
3793 2088 3850 2146 δὲ

2205 2179 2331 2252 παρ’
2361 2177 2524 2234 αὐτοῦ
2554 2199 2612 2233 τε
2639 2179 2730 2232 καὶ
2758 2174 2828 2234 δι’
2853 2177 3038 2244 αὐτοῦ,
3072 2179 3160 2234 καὶ
3191 2177 3235 2233 εἰ
3267 2180 3416 2250 ἡμᾶς
3453 2180 3487 2246 ἡ
3515 2176 3698 2252 χάρις.
3729 2202 3755 2228 α
3789 2177 3850 2235 ’0

2206 2268 2310 2345 γὰρ
2343 2267 2644 2338 ἀποθανὼν,
2679 2293 2707 2322 ››
2737 2269 2826 2323 καὶ
2859 2270 3004 2340 ἑξῆς.
3035 2269 3192 2344 Ὁρᾷς
3226 2268 3311 2324 δτι
3342 2270 3465 2324 ὅσον
3493 2267 3571 2330 είς
3599 2269 3661 2322 τὸ
3685 2269 3856 2343 ἁμαρ-

2206 2357 2381 2414 τάνειν
2415 2355 2496 2413 δεῖ
2553 2361 2700 2434 ἡμᾶς
2769 2359 2906 2414 εἶναι
2959 2359 3208 2433 νεκρούς.
3267 2359 3324 2414 Ὀ
3379 2358 3481 2435 γάρ
3541 2357 3855 2424 ἀποθανὼν,

2207 2447 2364 2526 φησὶ,
2395 2444 2763 2516 δεδικαίωται,
2813 2447 3105 2514 τουτέστιν,
3167 2445 3518 2517 ἀπήλλακται
3564 2447 3653 2502 καὶ
3687 2445 3858 2516 ἠλευ-

2209 2537 2440 2611 θερωται
2490 2538 2596 2592 ἀπὸ
2641 2544 2741 2604 τῆς
2795 2536 3081 2612 ἁμαρτίας.
3133 2539 3282 2600 Τινὲς
3313 2535 3370 2595 δὲ
3395 2541 3556 2593 τοῦτο
3606 2537 3728 2612 περῖ
3759 2541 3856 2592 τιιῦ

2211 2626 2587 2701 βαπτίσματος
2618 2624 2885 2698 ἐδέξαντο,
2919 2627 2971 2681 ἐν
3011 2627 3058 2700 ᾦ
3091 2631 3461 2708 συνετάφημεν
3491 2631 3570 2700 τῷ
3600 2630 3852 2701 Χριστῷ·

2209 2715 2292 2772 ὅτι
2353 2715 2451 2771 οὐκ
2508 2715 2648 2772 ἔστιν
2731 2715 2913 2791 ἕτερον
2989 2718 3315 2794 βάπτισμα,
3389 2715 3627 2792 καθάπερ
3675 2716 3766 2772 καὶ
3827 2718 3855 2772 ὁ

2209 2807 2442 2879 Χριστὸς
2481 2805 2580 2861 οὐκ
2630 2800 2984 2882 ἕτιδεότερον
3041 2806 3321 2877 ἀπέθανεν,
3381 2807 3458 2872 ἐς
3515 2807 3574 2863 ’ὸν
3635 2806 3852 2862 συνετάο

2209 2916 2387 2972 φημεν
2420 2895 2509 2950 καὶ
2570 2899 3002 2974 συνηγέρθημεν.
3039 2929 3106 2942 --
3137 2898 3350 2974 [ΦΩΤ.]
3382 2922 3410 2948 ι(
3449 2897 3507 2952 [ut
3537 2894 3596 2953 δὶ
3651 2896 3850 2960 ἀπεθά-

2207 3004 2370 3058 νομεν
2413 2983 2506 3040 σὺν
2556 2985 2856 3061 Χριστῷ.»
2917 2985 2978 3042 Ei
3030 2983 3086 3040 δε
3138 2987 3584 3058 περιπατήσομιν
3639 2983 3693 3042 ἐν
3727 3005 3845 3042 και-

2207 3072 2395 3142 νότητι
2436 3080 2601 3144 ζωῆς,
2653 3072 2914 3144 δηλονότι
2973 3075 3062 3130 καὶ
3119 3075 3552 3148 ἀναστησὸμεθα,
3607 3071 3850 3151 ὥσπερὸ

2207 3164 2434 3238 Χριστὸς
2464 3164 2667 3240 ἡγὲρθη
2695 3164 2748 3219 ἐν
2779 3169 2998 3236 νεκρῶν.
3041 3167 3212 3222 Τοῦτο
3262 3165 3364 3243 γάρ
3421 3161 3721 3229 ἀκόλουθον
3753 3167 3852 3218 τοῦ

2209 3253 2519 3327 εἶρημὲνου,
2553 3255 2737 3318 αὐτοῖς
2777 3253 2833 3310 δῖε
2875 3257 2975 3323 τὴν
3014 3251 3435 3332 προηγουμένην
3465 3258 3564 3320 τῆς
3619 3253 3855 3310 ἀναστά-

2211 3365 2346 3406 σεως
2403 3341 2684 3401 πολιτείαν
2759 3344 3044 3420 ἐπαγαγὼν
3119 3349 3237 3408 τοῖς
3293 3344 3628 3420 εἶ’ρημὲνοις,
3681 3345 3742 3401 τὸ
3803 3343 3854 3414 ἐξ

2208 3434 2450 3512 ἀνάγκης
2481 3433 2744 3509 ἑπόμενον
2778 3433 3064 3490 κατέλιπεν
3097 3434 3316 3505 ἐννοεῖν,
3370 3437 3486 3491 εἶτα
3535 3435 3728 3491 λοιπὸν
3755 3455 3855 3490 κα-

2207 3525 2381 3598 θαρῶς
2441 3527 2539 3595 τήν
2627 3525 2908 3580 ἀνάστασιν
2995 3523 3454 3602 εὐαγγελίζεται,
3515 3525 3607 3580 καί
3663 3544 3850 3595 φησιν·

2209 3612 2329 3669 «Εἰ
2371 3613 2702 3686 ἀπεθάνομεν
2763 3613 2856 3668 σὺν
2911 3615 3153 3687 Χριστῷ,
3185 3637 3215 3666 ››
3276 3613 3456 3688 ὥσπερ
3511 3613 3602 3669 καὶ
3655 3613 3856 3678 ἀπεθάο

2204 3723 2367 3774 νομεν
2401 3699 2491 3758 διὰ
2521 3707 2618 3757 τοῦ
2651 3703 3048 3778 βαπτίσματος,
3083 3729 3110 3756 ‹‹
3141 3703 3463 3776 πιστεύομεν
3495 3705 3580 3759 ὅτι
3627 3703 3716 3758 καὶ
3761 3725 3852 3758 συ-

2207 3793 2443 3864 ζήσομεν
2499 3792 2670 3864 αὐτῷ,
2703 3815 2729 3843 ›)
2787 3793 2887 3860 τήν
2942 3792 3206 3868 μακαρίαν
3275 3791 3484 3863 ἐκείνην
3543 3793 3630 3848 καὶ
3662 3793 3850 3867 ἀγήρω

2208 3881 2376 3950 ζωὴν,
2411 3879 2692 3953 δηλονότι,
2723 3883 2825 3950 τὴν
2857 3882 2991 3954 μετά
3019 3883 3116 3952 τὴν
3143 3881 3444 3940 ἀνάστασιν.
3496 3881 3848 3960 Ὀφείλομεν,

2205 3972 2360 4048 φησὶ,
2393 3971 2662 4027 πιστεύειν
2697 3972 2778 4026 ὅτι
2817 3972 2908 4026 καὶ
2932 3973 3236 4044 συζήσομεν
3270 3971 3434 4044 αὐτῷ.
3501 3971 3848 4048 Παρακελεῦ-

2203 4081 2338 4122 σεως
2367 4061 2464 4114 οὗν
2493 4060 2576 4128 τὸ,
2611 4085 2638 4112 ‹‹
2673 4062 3020 4134 Πιπεῦομεν,
3057 4085 3086 4112 ››
3117 4061 3206 4116 καὶ
3253 4057 3600 4135 συμϐουλῆς.

2275 4328 2492 4396 Είδότες
2579 4333 2660 4388 ὅτι

2203 4419 2282 4476 ἔτι
2335 4421 2684 4492 ἀποθνήσκει·

2739 4333 2968 4408 Χριστὸς
3045 4333 3284 4408 ἐγερθεὶς
3334 4331 3394 4389 ἐκ
3447 4333 3673 4408 νεκρῶν,
3759 4331 3860 4388 οὐκ

2781 4424 3005 4484 Θάνατος
3071 4423 3233 4478 αὐτοῦ
3313 4423 3411 4478 οὐκ
3462 4415 3539 4477 ἔτι
3595 4422 3854 4499 κυριεῦει·

2205 4511 2234 4566 ὅ
2281 4512 2384 4587 γὰρ
2451 4513 2685 4574 ἂπέθανε
2743 4515 2811 4586 τῇ
2873 4511 3132 4588 ἁμαρτίᾳ,
3201 4513 3460 4568 ἀπέθανεν
3527 4511 3752 4592 ἐφάπαξ·
3819 4513 3848 4568 ’ὁ

2211 4597 2268 4655 δὶ
2301 4603 2388 4674 ζῇ,
2519 4606 2597 4672 τῷ
2629 4605 2767 4674 Θεῷ·
2818 4598 3006 4664 Οὕτως
3055 4601 3144 4656 καὶ
3179 4603 3332 4676 ὑμεῖς
3392 4600 3672 4676 λογίζεσθε
3732 4603 3856 4656 huc

2209 4690 2334 4752 τοὺς
2380 4689 2602 4768 νέκροὺς
2641 4691 2736 4764 μὲν
2767 4692 2901 4746 εἶναι
2955 4689 3024 4766 τῇ
3081 4691 3338 4767 ἁμαρτίᾳ,
3399 4696 3603 4761 ζῶντας
3663 4689 3721 4746 δὲ
3777 4695 3856 4764 τῷ

2210 4785 2328 4852 Θεῷ
2368 4778 2422 4834 ἐν
2451 4782 2671 4855 Χριστῷ
2703 4781 2884 4852 Ἰησοῦ
2913 4785 2993 4853 τῷ
3027 4779 3212 4856 Κυρίῳ
3240 4783 3426 4854 ἡμῶν.

2281 4960 2378 5014 Καὶ
2410 4959 2594 5028 πόθεν,
2623 4959 2776 5034 φησί,
2811 4957 3000 5028 δῆλον,
3034 4959 3116 5016 ὅτι
3143 4963 3445 5034 συζῆσσμεν
3479 4967 3560 5034 τῷ
3589 4963 3811 5036 Χριστῷ
3845 4983 3856 5034 ;

2211 5049 2314 5104 Καὶ
2371 5048 2472 5124 γάρ
2529 5047 2657 5103 αὐτὸ
2703 5053 2862 5104 τοῦτο
2921 5047 3152 5120 ἄδηλον,
3211 5053 3409 5122 μήπως
3473 5051 3560 5106 καὶ
3603 5051 3786 5126 ¹αὐτὸς
3835 5051 3864 5108 ὁ

2210 5137 2448 5214 ἐγερθεὶς
2511 5137 2740 5212 Χριστὸς
2820 5139 2986 5194 πάλιν
3058 5139 3348 5214 ἀποθάνῃς
3419 5147 3652 5216 "Arn-3's,
3691 5141 3865 5220 ἰξησί.

2211 5231 2386 5284 Τοῦτο
2417 5227 2520 5304 γὰρ
2577 5231 2690 5302 χρὴ
2748 5229 3301 5302 πεπληροφορῆσθαι,
3336 5229 3420 5286 ὅτι
3453 5232 3480 5284 ὁ
3513 5230 3868 5306 Χριστὸςιοῦκ

2211 5315 2288 5372 ἔτι
2345 5317 2716 5372 ἀποθανεῖται.
2778 5317 2876 5374 Διά
2929 5317 3030 5394 γάρ
3085 5322 3247 5373 τοῦτο
3297 5321 3384 5374 καὶ
3433 5321 3710 5388 ἀπέθανεν,
3769 5317 3865 5373 ’ίνα

2208 5409 2529 5482 καταργήσῃ
2563 5408 2655 5462 τὸν
2689 5406 2935 5470 θάνατον.
2988 5412 3110 5468 ῐΙῶς
3167 5408 3266 5482 γὰρ
3325 5405 3395 5466 δι’
3453 5411 3511 5465 ’ὸν
3537 5411 3622 5464 καὶ
3657 5409 3707 5462 οἳ
3749 5405 3866 5464 λοι-

2207 5495 2300 5550 ποῖ
2337 5497 2610 5570 ζησὸμεοα
2634 5517 2644 5554 ;
2683 5497 3254 5568 Συναναπεμπομένου
3275 5501 3371 5552 τοῦ
3395 5494 3528 5554 ὅλοῦ
3546 5499 3612 5568 τῇ
3637 5495 3862 5570 ἀπαρχῇ

2213 5587 2396 5659 ἡμῶν.
2434 5609 2462 5636 α
2495 5588 2564 5643 Ὃ
2593 5585 2696 5660 γὰρ
2723 5581 2952 5650 ἀπέθανε
2979 5589 3048 5660 τῇ
3081 5585 3318 5660 ἁμαρτίᾳ
3349 5609 3376 5638 ››
3407 5619 3474 5630 —-
3523 5585 3852 5660 [OIKUTMJ
