4222 6194
352 394 470 458 437

1465 400 1883 464 COMMENT.
1928 397 2010 461 IN
2050 397 2298 460 EPIST.
2344 395 2457 458 AD
2501 398 2692 458 ROM.

3644 421 3767 486 438

352 530 450 591 Καὶ
524 534 806 602 τοσοῦτον,
886 534 1073 616 φησὶν,
1134 536 1237 595 οὑκ
1310 533 1391 594 ἔτι
1468 537 1836 607 ἀποθανεῖται,
1914 534 1975 590 ετ

2113 535 2215 608 qui
2248 540 2339 591 est
2368 522 2648 609 primitiae
2679 543 2920 596 nostras.
2960 563 2987 596 α
3015 544 3182 610 Quod
3201 548 3363 606 enim
3392 559 3662 615 mortuus
3674 568 3766 619 est

352 622 523 678 ἐκεῖνο
554 624 616 678 τὸ
649 625 783 696 ἅπαξ
817 626 847 680 ὅ
876 627 1151 696 ἀπέθανεν,
1200 627 1310 703 οὑχ
1364 627 1439 690 ὡς
1500 627 1793 691 ὑπεύθυνος
1848 624 2004 690 θανά-

349 716 612 769 τουκατά
667 714 796 776 τοὺς
856 716 1086 778 λοιποὺς
1143 717 1465 792 ἀνθρώπους
1516 717 1797 787 ἀπέθανεν,
1856 713 2004 770 ἀλλά

348 800 435 858 διά
464 804 563 872 τήν
591 808 689 860 τοῦ
720 805 933 880 κόσμου
967 808 1258 882 ἁμαρτίαν,
1287 806 1384 864 ἵνα
1439 808 1641 879 ταύτην
1676 806 1842 882 ἀνέλῃ
1910 803 1998 860 καὶ

347 895 656 971 θανατώσῃ,
720 918 741 945 α
807 900 881 970 Ζῇ
938 901 1018 967 τῷ
1077 903 1211 971 Θεῷ.
1277 923 1303 949 ››
1362 900 1675 965 Τουτέστιν,
1734 896 1811 957 ὡς
1869 895 1999 957 Θεὸς

343 981 635 1047 ἀπαύστως
667 984 758 1039 καὶ
792 984 1165 1048 ἀκαταλύτως.
1198 988 1287 1050 Ὠς
1319 988 1424 1064 γὰρ
1452 991 1654 1042 νοεῖται
1711 988 1779 1060 τῇ
1831 986 2000 1057 ἀμαρ-

340 1072 452 1145 τίᾳ,
482 1073 751 1143 τουτέστι,
786 1070 876 1130 διὰ
927 1077 1025 1147 τήν
1084 1077 1376 1150 ἁμαρτίαν,
1435 1076 1609 1141 οὕτως
1662 1080 1864 1130 νοεῖται
1916 1078 1998 1147 τῷ

340 1167 476 1233 Θεῷ,
508 1163 755 1219 τουτέστι
784 1160 877 1218 8ιά
902 1163 967 1219 τὸ
1011 1164 1151 1220 εἶναι
1181 1166 1327 1228 Θεός.
1368 1167 1473 1223 Καὶ
1532 1165 1706 1227 οὕτως
1758 1166 1994 1234 νοήσεις*

338 1249 522 1328 ὥσπερ
564 1249 805 1329 λέγομεν
841 1251 929 1308 ἐπὶ
959 1258 1058 1308 τοῦ
1114 1256 1235 1311 καθ’
1293 1255 1442 1328 ἡμᾶς
1498 1253 1805 1330 ἀνθρώπου’
1848 1254 1993 1307 Ἀπ-

339 1340 491 1407 έθανε
519 1346 585 1417 τῇ
620 1343 801 1412 σαρκὶ,
836 1347 902 1417 ζῇ
938 1340 996 1398 δὲ
1023 1347 1091 1417 τῇ
1124 1347 1304 1420 ψυχῇ,
1364 1345 1499 1400 κατὰ
1550 1341 1769 1412 δοτικήν
1801 1338 1995 1398 ἀποδι-

336 1428 521 1494 δόντες
551 1432 640 1485 τὸν
672 1431 865 1507 λόγον,
898 1431 1041 1486 οὕτω
1075 1454 1169 1507 μοι
1198 1433 1332 1488 νόει·
1364 1434 1460 1505 Τῷ
1491 1436 1607 1505 Θεῷ
1642 1435 1731 1506 ζῇ,
1752 1432 1995 1486 τουτέστι

331 1526 418 1595 τῷ
446 1522 579 1575 εἶναι
631 1520 786 1590 Θεὸς,
842 1520 943 1576 οὑκ
978 1519 1168 1591 ἐπειδή
1209 1522 1297 1577 καὶ
1358 1522 1436 1593 τῷ
1496 1522 1627 1577 εἶναι
1682 1523 1837 1597 ψυχῇ
1894 1518 1995 1575 οὑκ

333 1607 457 1681 ἔζη,
489 1607 637 1665 ἀλλά
692 1611 755 1665 τὸ
816 1610 1178 1686 ἀμαχώτερον
1238 1609 1465 1682 τέθεικε,
1523 1611 1586 1666 τὸ
1638 1611 1777 1665 εἶναι
1835 1607 1993 1663 αὑτὸν

332 1700 492 1756 Θεόν.
529 1722 556 1750 ιι
588 1697 777 1763 Οὓτως
817 1699 910 1754 καὶ
970 1700 1125 1773 ὑμεῖς
1188 1698 1471 1777 λογίζεσθε
1521 1697 1764 1761 ἑαυτούς.
1798 1722 1828 1750 »
1861 1698 1992 1754 Εἶτα

326 1787 424 1844 ἳνα
458 1789 535 1862 μή
570 1784 791 1865 λέγωσι)
828 1788 924 1844 Καὶ
954 1787 1029 1859 τί,
1060 1787 1216 1867 φησί,
1250 1789 1386 1864 πρὸς
1411 1791 1585 1863 ἡμᾶς,
1617 1787 1664 1843 εἰ
1692 1788 1828 1859 ἅπαξ
1853 1787 1988 1842 ἀπο-

331 1879 509 1934 θανὼν
546 1879 576 1934 ὑ
607 1880 847 1954 Χριστὸς
868 1879 1045 1935 οὐκέτι
1071 1880 1401 1951 ἀποθνήσκει
1430 1899 1443 1949 ;
1470 1904 1498 1933 ‹‹
1520 1878 1880 1958 φησὶν,οί5τω
1900 1877 1989 1932 καὶ

330 1968 491 2043 ὑμεῖς
522 1968 745 2031 ἑαυτοὺς
776 1968 1072 2045 λογίζεσθε.
1110 1992 1135 2025 ε
1161 1976 1322 2041 Πῶςς
1355 1972 1482 2029 ’Ότι
1511 1970 1863 2035 ἀποθανεῖσθε
1888 1969 1984 2043 μὶν

327 2055 419 2114 διὰ
447 2059 547 2128 τήν
573 2057 839 2134 ἁμαρτίαν
864 2059 1022 2130 ἅπαξ,
1057 2061 1247 2131 ζήσετε
1277 2057 1333 2115 δὲ
1387 2063 1466 2133 τῷ
1522 2064 1659 2132 Θεῷ.
1721 2058 1823 2117 Καῖ
1877 2063 1977 2132 γὰρ

325 2145 380 2203 iv
418 2147 564 2219 αὐτῷ
596 2152 774 2221 ζῶμεν
807 2148 897 2203 καὶ
929 2148 1227 2221 κινούμεθα
1284 2148 1373 2203 καὶ
1427 2146 1606 2222 ἐσμὶν,
1654 2145 1834 2211 καθὼς
1887 2146 1977 2201 καὶ

322 2234 589 2316 ἀλλαχοῦ
615 2258 799 2313 φησιν.
833 2239 901 2293 Ἢ
933 2238 1127 2300 οὕτως’
1181 2241 1386 2313 Ὥσπερ
1445 2239 1471 2292 ὁ
1504 2236 1761 2309 Χριστὸς,
1791 2236 1977 2313 φησὶν,

324 2325 562 2391 ἀπέθανε
590 2327 678 2382 καὶ
712 2329 776 2400 ζῇ
836 2327 1014 2389 οὓτως
1065 2328 1153 2382 καὶ
1215 2328 1370 2400 ὑμεῖς
1426 2323 1977 2402 λογίζεσθεὶαυτοὺς

322 2416 507 2492 χρεὼν
536 2415 690 2485 εἶναι,
716 2416 940 2489 νεκροὺς
986 2416 1080 2489 μὶν
1142 2417 1267 2471 ὅσον
1320 2416 1459 2491 πρὸς
1506 2416 1570 2471 τὸ
1630 2413 1976 2490 ἁμαρτάνειν,

321 2508 529 2576 ζῶντας
581 2503 639 2560 Si.
695 2504 773 2567 εἴς
827 2504 895 2561 τὰ
952 2506 1087 2561 κατὰ
1153 2505 1302 2576 Θεὸν,
1352 2502 1440 2561 διὰ
1500 2506 1682 2576 Ἰησοῦ
1720 2506 1978 2577 Χριστοῦ,

316 2595 592 2662 τουτέστι,
627 2593 1053 2668 συμμαχοῦντος
1086 2596 1343 2669 Χριστοῦ.
1376 2619 1405 2646 ι(
1441 2595 1529 2649 Ἐν
1591 2594 1813 2668 Χριστῷ
1863 2593 1977 2663 Ἰη-

318 2686 439 2738 σοῦ·
475 2684 575 2739 Διὰ
604 2683 785 2753 Ἰησοῦ
815 2685 1070 2757 Χριστοῦ.
1108 2706 1135 2734 ››
1173 2683 1270 2738 Διά
1302 2683 1404 2760 γὰρ
1437 2686 1532 2738 τοῦ
1564 2684 1796 2739 Θανάτου
1815 2682 1978 2737 αὑτοῦ

317 2775 352 2843 ἠ
389 2773 513 2845 ζωή
545 2775 730 2845 ἡμῶνο

2110 631 2375 697 peccato.
2412 648 2439 675 »
2467 627 2537 681 Et
2564 627 2627 681 in
2659 632 2914 698 tantum,
2946 633 3160 705 inquit,
3194 653 3314 694 non
3345 643 3608 715 amplius
3634 666 3761 707 mo-

2109 715 2299 770 rietur
2327 722 2390 771 ut
2425 715 2574 771 illud
2604 734 2837 789 quoque
2873 723 3031 791 quod
3090 727 3275 782 semel
3332 737 3599 791 mortuus
3648 745 3758 805 est,

2108 822 2231 862 non
2261 813 2539 878 tanquam
2578 810 2755 864 morti
2790 812 3084 869 obnoxius
3132 815 3191 870 id
3223 834 3433 888 passus
3463 830 3573 892 est,
3608 828 3762 886 sicut

2109 898 2307 952 caeteri
2340 898 2636 963 homines,
2672 900 2776 955 sed
2807 900 2879 955 ob
2911 904 3118 958 mundi
3148 916 3481 977 peccatum,
3515 921 3581 970 ut
3611 917 3758 976 illud

2109 986 2180 1043 de
2213 986 2408 1043 medio
2435 986 3021 1063 auferret,mortique
3052 994 3330 1053 traderet.
3353 1022 3374 1048 ι
3403 1003 3553 1060 Vivit
3584 1007 3757 1064 Deo.»

2108 1078 2227 1133 Hoc
2258 1083 2348 1133 est
2376 1077 2559 1134 veluti
2584 1078 2736 1135 Deus
2766 1080 2894 1137 sine
2927 1084 3278 1150 cessatione,
3324 1089 3451 1147 sine
3510 1094 3763 1155 dissolu-

2104 1168 2288 1224 tione.
2322 1167 2485 1223 Sicut
2516 1168 2677 1258 enim
2710 1169 3068 1244 intelligitur
3096 1183 3363 1245 peccato,
3396 1180 3457 1236 id
3481 1190 3591 1249 est,
3620 1204 3757 1258 pro-

2105 1262 2237 1328 pter
2257 1262 2585 1328 peccatum.
2615 1257 2697 1313 ita
2719 1275 2953 1332 quoque
2977 1261 3335 1337 intelligitur
3365 1268 3501 1339 Deo,
3534 1270 3646 1330 hoc
3667 1282 3757 1331 est

2105 1351 2421 1417 propterea
2450 1345 2609 1417 quod
2641 1345 2717 1401 sit
2748 1348 2919 1403 Deus.
2953 1350 3022 1404 Et
3052 1351 3135 1407 ita
3154 1354 3446 1426 accipies:
3472 1363 3755 1431 quemad-

2104 1434 2347 1490 modum
2375 1434 2631 1490 dicimus
2653 1434 2725 1491 de
2756 1436 3000 1494 homine
3031 1440 3208 1496 nobis
3238 1447 3473 1517 cognito
3497 1465 3565 1506 ac
3581 1451 3754 1508 fami-

2100 1523 2234 1579 liari
2286 1538 2303 1578 :
2362 1524 2624 1579 Mortuus
2682 1530 2773 1580 est
2846 1542 3044 1594 carne,
3099 1530 3239 1585 vivit
3297 1540 3494 1592 autem
3544 1541 3757 1612 spiritu

2102 1611 2467 1683 (sermonem
2493 1612 2802 1670 auferendi
2836 1632 2975 1671 casu
3009 1617 3534 1689 reddentes,veluti
3569 1629 3753 1687 Graaci

2102 1700 2279 1757 dandi
2310 1700 2472 1773 casu)
2511 1718 2524 1768 ;
2558 1702 2641 1757 ita
2671 1703 2820 1758 mihi
2859 1705 3165 1779 intellige:
3199 1710 3350 1767 Vivit
3380 1714 3517 1782 Deo,
3561 1716 3620 1773 id
3641 1725 3751 1785 est,

2100 1805 2170 1845 eo
2210 1789 2367 1861 quod
2400 1789 2477 1845 sit
2507 1790 2698 1846 Deus:
2724 1807 2845 1846 non
2873 1794 3031 1863 quod
3062 1811 3171 1866 per
3214 1814 3344 1855 esse
3377 1802 3593 1860 animai
3627 1823 3748 1864 non

2100 1878 2449 1945 viveret,sed
2480 1879 2639 1950 quod
2670 1878 2901 1936 firmius
2924 1886 3013 1937 est
3040 1886 3258 1955 posuit,
3278 1895 3419 1958 puta
3444 1894 3602 1962 quod
3623 1895 3749 1967 ipse

2098 1968 2175 2023 sit
2204 1970 2377 2024 Deus.
2415 1991 2441 2017 α
2479 1970 2637 2024 ltaet
2657 1985 2758 2024 vos
2815 1969 3168 2028 existimate.
3228 1996 3256 2024 »
3307 1978 3383 2033 Ne
3444 1978 3746 2038 dicerent:

2093 2057 2162 2113 Et
2201 2056 2344 2129 quid
2373 2056 2447 2113 ad
2470 2074 2580 2113 nos
2612 2058 2659 2113 si
2683 2066 2951 2114 mortuus
2981 2062 3166 2119 semel
3190 2064 3455 2123 Christus
3473 2085 3590 2125 non
3614 2087 3741 2127 am-

2090 2145 2247 2219 plius
2276 2146 2691 2204 moritur?ait:
2711 2168 2734 2199 α
2751 2149 2837 2203 Ita
2852 2154 2911 2204 et
2939 2167 3039 2206 vos
3061 2153 3392 2211 existimate
3409 2173 3509 2214 vos
3523 2159 3742 2232 ipsos.»

2089 2237 2391 2303 Quomodo
2421 2237 2449 2293 ?
2476 2238 2641 2303 Quod
2672 2239 2858 2295 semel
2888 2241 3129 2311 quidem
3163 2251 3405 2317 propter
3432 2257 3740 2320 peccatum

2089 2328 2452 2396 moriemini,
2485 2328 2688 2383 vivetis
2715 2335 2914 2386 autem
2947 2332 3084 2387 Deo.
3130 2335 3360 2391 Etenim
3391 2355 3498 2407 per
3546 2340 3739 2412 ipsum

2090 2417 2338 2473 vivimus
2366 2422 2425 2473 et
2463 2434 2769 2474 movemur
2825 2437 2894 2475 ac
2951 2437 3179 2490 sumus,
3242 2427 3739 2495 quemadmodum

2091 2506 2269 2562 etiam
2292 2506 2436 2563 alibi
2469 2507 2614 2564 dicit
2642 2507 2709 2563 ²².
2748 2509 2849 2565 Vel
2881 2510 2991 2565 hoc
3022 2513 3198 2569 modo
3232 2514 3430 2572 :Sicut
3452 2518 3742 2589 Christus,

2090 2594 2305 2667 inquit,
2339 2601 2609 2654 mortuus
2642 2605 2732 2654 est
2779 2604 2839 2655 et
2867 2599 3116 2667 vivit,ita
3146 2608 3203 2659 et
3259 2621 3360 2661 vos
3409 2608 3741 2668 existimate

2089 2685 2355 2757 vosipsos
2413 2693 2685 2759 oportere
2736 2688 2978 2759 quidem
3030 2696 3298 2748 mortuos
3365 2712 3494 2751 esse
3547 2700 3742 2769 quoad

2094 2775 2485 2847 peccandum,
2510 2777 2771 2833 viventes
2797 2783 2995 2834 autem
3027 2779 3099 2834 ad
3139 2796 3209 2836 ea
3252 2799 3383 2852 quae
3433 2786 3536 2840 Dei
3600 2793 3739 2842 sunt

317 2881 429 2938 per
447 2864 652 2921 Jesum
684 2863 1008 2933 Christum,
1042 2865 1151 2921 hoc
1172 2870 1265 2922 est
1292 2864 1616 2923 auxiliante
1640 2864 1891 2921 Christo.
1928 2885 1955 2913 ι(
1991 2863 2055 2917 In
2086 2862 2318 2919 Christo
2341 2865 2493 2921 Jesu.
2533 2886 2561 2913 ›ι
2609 2867 2721 2921 Per
2769 2867 2969 2922 Jesum
3024 2867 3346 2925 Christum.
3404 2873 3546 2928 Nam
3630 2890 3738 2946 per

315 2960 579 3015 mortem
607 2954 799 3027 ipsius
828 2960 920 3009 est
948 2955 1065 3010 vita
1086 2960 1310 3011 nostra.

388 3043 486 3112 Μὴ
551 3041 642 3097 οῦν
735 3041 1071 3119 βασιλευέτω
1152 3045 1186 3111 ἡ
1252 3043 1490 3118 ἀμαρτία
1545 3040 1596 3097 έν
1653 3046 1733 3115 τῷ
1793 3042 1976 3111 θνητῷ

319 3131 477 3204 ὑμῶν
583 3130 818 3204 σώματι,
865 3131 941 3193 είς
1044 3130 1107 3185 τὸ
1174 3129 1463 3186 ὑπακούειν
1519 3130 1657 3204 αὑτῇ
1727 3128 1779 3184 ἐν
1852 3133 1970 3187 ταῖς

318 3218 635 3293 ἱπιθυμίαις
735 3219 917 3276 αὑτοῦ.
1008 3216 1162 3290 Μηδὲ
1245 3221 1594 3294 παριστάνετε
1684 3219 1751 3273 τὰ
1829 3214 1971 3293 μέλη

315 3311 470 3386 ὑμῶν
533 3307 679 3365 ὅπλα
745 3307 957 3372 ἀδικίας
1023 3313 1093 3383 τῇ
1158 3308 1415 3386 ἁμαρτίᾳ,
1487 3307 1634 3363 ἁλλά
1697 3307 1975 3381 παραστή-

312 3420 438 3456 σατε
471 3398 693 3459 ἑαυτοὺς
726 3402 805 3471 τῷ
853 3403 993 3470 Θεῷ,
1030 3398 1105 3461 ὡς
1136 3396 1198 3455 ἐκ
1233 3402 1436 3475 νεκρῶν
1470 3398 1693 3467 ζῶντας,
1748 3396 1839 3450 καὶ
1907 3393 1973 3451 τὰ
2005 3417 2047 3483 C

315 3489 461 3566 μέλη
492 3490 643 3562 ὑμῶν
673 3487 823 3543 ὅπλα
846 3485 1197 3559 δικαιοσύνης
1226 3492 1306 3561 τῷ
1362 3492 1498 3559 Θεῷ.
1552 3486 1824 3561 Ἀμαρτία
1869 3484 1974 3561 γάρ

313 3580 474 3654 ὑμῶν
507 3578 569 3634 ού
600 3576 888 3653 κυριεύσει·
923 3578 989 3634 οὑ
1021 3578 1125 3657 γάρ
1157 3577 1274 3633 ἐστε
1299 3577 1405 3634 ὑπὸ
1433 3576 1622 3651 νόμον,
1678 3574 1825 3632 ἀλλά
1875 3574 1979 3630 ὑπὸ

314 3670 509 3748 χάριν.

385 3757 543 3813 Ἐπεὶ
576 3756 669 3813 οῦν
711 3755 934 3833 νεκροὺς
999 3758 1139 3831 ὑμᾶς
1194 3757 1330 3812 εἶναι
1388 3759 1502 3837 χρή
1563 3757 1688 3811 ὅσον
1748 3754 1825 3816 είς
1880 3753 1980 3822 τῆν

316 3848 611 3922 ἁμαρτίαν,
692 3847 767 3920 μή
827 3845 1113 3921 κρατείτω,
1167 3845 1349 3926 φησῖν,
1409 3847 1561 3921 ὑμῶν
1619 3848 1654 3914 ἡ
1716 3843 1972 3918 ἁμαρτία.

313 3937 513 3999 Καλῶς
547 3933 605 3992 δὲ
630 3935 682 3992 ἂν
710 3941 790 4006 τῷ
822 3938 999 4008 θνητῷ
1045 3937 1281 4009 ambusti“
1343 3932 1436 3991 διὰ
1489 3937 1590 4011 γάρ
1643 3938 1740 3991 τοῦ
1784 3934 1974 4007 σώμα-

311 4047 403 4090 τος
437 4023 746 4099 ἠάμαρτία
776 4026 852 4089 ὡς
906 4024 995 4080 ἰπὶ
1058 4026 1119 4080 τὸ
1176 4023 1342 4081 πολύ.
1404 4026 1496 4094 Μὴ
1549 4022 1884 4100 βασιλευέτω
1916 4018 1974 4078 δὶ

312 4116 387 4180 εἷς
414 4116 484 4171 τὸ
519 4115 810 4171 ὑπακούειν
868 4113 1027 4189 αὑτῇ·
1080 4118 1247 4170 τοῦτο
1303 4113 1405 4190 γάρ
1467 4111 1869 4191 βασιλεύεσθαι.
1905 4144 1972 4154 —

312 4205 652 4284 [OEUAQR]
713 4201 1004 4262 Βασιλείαν
1078 4201 1135 4258 δὲ
1208 4200 1522 4277 τυραννίδος
1603 4202 1772 4277 ταύτῃ
1851 4198 1968 4256 8m-

311 4293 489 4377 φέρει,
565 4299 643 4366 τῷ
716 4295 816 4362 τὴν
881 4293 973 4367 μὶν
1031 4290 1345 4368 τυραννίδα,
1421 4291 1656 4349 ἀκόντων
1734 4290 1969 4366 γίνεσθαι

307 4390 416 4442 τῶν
455 4383 735 4454 ὑπηκόων,
767 4384 866 4451 τὴν
901 4380 959 4438 δί
1017 4381 1297 4458 βασιλείαν
1352 4380 1708 4458 βουλομένων
1736 4383 1843 4434 τῶν
1872 4377 1969 4452 ἀρ-

310 4474 585 4550 χομένων.
620 4476 883 4546 Παραινεῖ
910 4472 1091 4528 τοίνυν
1139 4470 1334 4544 μηκέτι
1400 4474 1470 4545 τῇ
1530 4467 1816 4540 δυναστείᾳ
1868 4473 1969 4537 τῆς

311 4560 583 4639 ἁμαρτίας
640 4559 992 4617 συντίθεσθαι.
1080 4562 1353 4620 Κατέλυσε
1436 4561 1540 4635 γάρ
1624 4558 1791 4626 αὐτῆς
1867 4557 1964 4625 τὴν

314 4650 598 4729 βασιλείαν
658 4653 686 4705 ὁ
745 4649 1022 4720 Δεσπότης
1079 4649 1519 4724 ἐνανθρωπήσας.
1604 4646 1705 4703 Καῖ
1760 4647 1855 4704 ’ἁτε
1910 4643 1967 4704 δδ

312 4742 529 4809 θνητοῖς
574 4736 653 4795 ἔτι
718 4740 808 4794 καὶ
858 4739 1099 4810 παθητὸν
1156 4734 1348 4814 ἔχουσι
1408 4742 1567 4810 σῶμα
1622 4741 1964 4810 νομοθετῶν,
1997 4780 2044 4845 D

356 4830 371 4845 Ι
660 4832 686 4845 ο
743 4828 757 4845 9
808 4840 824 4845 Α
922 4827 935 4845 Ι
1176 4829 1201 4845 Α
1296 4832 1319 4845 υ
1399 4833 1434 4845 ι’
1480 4826 1495 4845 \
1587 4826 1603 4845 ,
1641 4825 1662 4845 ‘
1688 4827 1698 4845 Ι
1872 4829 1956 4845 Il‘

312 4830 599 4904 σύμμετρα
620 4832 690 4898 τῇ
732 4827 974 4900 ἀσθενείᾳ
1030 4829 1337 4900 νομοθετεῖ.
1399 4826 1497 4882 Καὶ
1548 4826 1610 4882 οὑ
1641 4825 1813 4895 λέγει,
1872 4829 1964 4898 Μή

309 4918 659 4991 τυραννεῖτω·
692 4915 861 4984 ἀλλά,
897 4919 986 4985 Μὴ
1023 4913 1377 4993 βασιλευέτω.
1411 4917 1490 4973 Τὸ
1548 4915 1642 4989 μὶν
1691 4915 1794 4990 γάρ
1826 4912 1963 4971 ἴδιον

312 5006 523 5078 ικείνης
550 5007 613 5063 τὸ
646 5011 945 5082 τυραννεῖν,
969 5006 1032 5061 τὸ
1063 5003 1121 5060 δὲ
1154 5011 1247 5075 τῆς
1296 5003 1568 5080 ἡμετέρας
1622 5004 1851 5081 γνώμης
1904 5005 1966 5060 τὸ

314 5095 718 5174 βασιλεύεσθαι.
752 5097 814 5152 Ἡ
848 5098 942 5170 μὲν
974 5094 1081 5171 γάρ
1111 5099 1221 5149 τῶν
1262 5096 1603 5168 παθημάτων
1632 5093 1845 5164 κίνησις
1874 5093 1966 5148 καὶ

313 5183 578 5261 ὄχλησις,
610 5185 745 5240 κατά
775 5186 932 5263 φύσιν
965 5187 1103 5257 ¹ἡμῖν
1132 5182 1481 5258 γίνεται,τῶν
1502 5180 1561 5238 δὲ
1582 5184 1966 5258 ἀπειρημένων

314 5276 348 5345 ἡ
380 5276 597 5349 πρᾶξις,
625 5276 724 5344 τῆς
754 5274 981 5351 γνώμης
1011 5273 1325 5349 ἐξήρτηται.

383 5452 597 5530 [ΦΩΤ.]
629 5453 779 5509 Ἐπεὶ
813 5450 939 5528 γάρ,
973 5452 1159 5534 φησὶν,
1216 5449 1573 5525 ἀπεθάνομεν,
1631 5451 1722 5506 καὶ
1778 5452 1966 5527 νεκρὸν

314 5540 475 5617 ἡμῶν
500 5543 687 5619 γέγονε
712 5541 776 5598 τὸ
830 5547 994 5616 σῶμα
1047 5544 1117 5616 τῇ
1174 5539 1437 5617 ἁμαρτίᾳ,
1496 5542 1573 5615 μή
1632 5543 1963 5615 ποιήσωμεν

384 5719 434 5759 η
455 5724 579 5780 Act.
610 5739 749 5795 xvu,
781 5723 870 5780 28.

2158 3043 2249 3107 Vl,
2283 3045 2469 3098 12-14.
2508 3046 2583 3099 Ne
2603 3050 2793 3114 regnet
2822 3059 2953 3115 ergo
2976 3053 3261 3114 peccatum
3293 3050 3352 3102 in
3383 3057 3559 3106 vestro
3595 3069 3735 3109 mor-

2085 3131 2187 3186 tali
2214 3147 2457 3201 corpore,
2491 3138 2550 3187 ut
2581 3131 2850 3187 obediatis
2881 3132 2971 3187 illi
3009 3136 3068 3189 in
3098 3140 3555 3207 concupiscentiis
3585 3143 3720 3212 ejus.

2088 3221 2269 3289 Neque
2298 3220 2549 3275 exhibete
2590 3221 2832 3275 membra
2860 3228 3039 3277 vestra
3093 3240 3252 3279 arma
3280 3227 3569 3297 injustiliae
3591 3247 3731 3301 pec-

2085 3314 2226 3364 cato.
2255 3309 2363 3365 Sed
2393 3309 2644 3365 exhibete
2673 3314 3022 3382 vosmetipsos
3057 3313 3167 3368 Deo
3191 3320 3457 3387 tanquam
3489 3335 3559 3374 ea:
3585 3336 3736 3376 mor-

2088 3400 2198 3453 tuis
2226 3401 2484 3466 viventes,
2512 3407 2563 3455 et
2620 3401 2863 3456 membra
2905 3408 3083 3456 vestra
3113 3420 3269 3458 arma
3306 3405 3549 3475 justitia:
3604 3411 3731 3466 Deo.

2085 3489 2223 3543 Nam
2244 3495 2534 3559 peccatum
2563 3491 2711 3546 vobis
2741 3507 2850 3546 non
2872 3490 3253 3547 dominabitur
3273 3511 3291 3548 :
3308 3511 3420 3550 non
3451 3499 3597 3554 enim
3612 3499 3737 3556 estis

2081 3578 2179 3634 sub
2210 3578 2348 3649 lege,
2378 3580 2474 3635 sed
2501 3581 2599 3635 sub
2629 3581 2838 3649 gratia.

2152 3759 2355 3829 Itaque
2380 3759 2428 3813 si
2458 3762 2723 3814 mortuos
2756 3774 2887 3814 esse
2920 3774 3019 3814 vos
3051 3766 3284 3831 oportet
3304 3762 3498 3832 quoad
3522 3779 3733 3834 pecca-

2080 3852 2229 3912 tum,
2263 3865 2337 3904 ne
2370 3848 2588 3916 vincat,
2616 3847 2830 3919 inquit,
2850 3863 2951 3902 vos
2982 3853 3310 3919 peccatum.
3349 3850 3501 3905 Bene
3532 3856 3729 3907 autem

2080 3936 2321 3993 additur
2347 3936 2409 3992 in
2440 3936 2677 3994 mortali
2711 3951 3125 4007 corpore,nam
3159 3941 3225 3991 ut
3256 3936 3576 4009 plurimum
3599 3955 3730 4011 pec-

2081 4028 2276 4077 catum
2308 4038 2415 4094 per
2443 4039 2659 4094 corpus
2690 4026 3017 4077 exercetur.
3054 4023 3133 4077 Ne
3163 4027 3470 4095 regnet,ut
3500 4024 3587 4079 illi
3627 4042 3726 4097 pa-

2081 4112 2260 4167 reatis
2297 4127 2309 4165 :
2342 4111 2453 4166 hoc
2485 4110 2647 4166 enim
2673 4115 2763 4165 est
2793 4109 3036 4165 subesse
3068 4110 3343 4182 imperio.
3366 4143 3435 4154 —-
3465 4114 3728 4187 Regnum

2079 4208 2279 4259 autem
2310 4203 2371 4257 in
2403 4204 2513 4258 hoc
2544 4202 2745 4257 differt
2775 4203 3155 4273 a.tyrannide
3193 4219 3205 4258 :
3241 4206 3400 4275 quod
3457 4208 3729 4278 tyrannis

2078 4298 2315 4365 geratur
2345 4294 2497 4349 219
2548 4291 2895 4348 nolentibus
2954 4292 3226 4361 subditis,
3287 4310 3538 4367 regnum
3594 4313 3729 4352 vero

2076 4379 2412 4435 volentibus
2442 4380 2534 4435 his
2567 4380 2666 4451 qui
2698 4374 3427 4453 gﬁbernanturAdmonet
3448 4382 3628 4456 igitur
3654 4401 3729 4441 ne

2074 4485 2340 4540 unquam
2370 4486 2506 4524 cum
2538 4470 2764 4542 peccati
2790 4470 3099 4525 dominatu
3122 4471 3509 4543 paciscamur.
3535 4472 3730 4545 Siqui-

2075 4558 2207 4615 dem
2244 4558 2424 4631 hujus
2453 4575 2701 4632 regnum
2733 4558 3018 4616 Dominus
3038 4564 3275 4631 sumpta
3303 4577 3482 4617 carne
3510 4561 3725 4618 dissol—

2076 4649 2199 4704 vit:
2252 4653 2313 4705 et
2364 4654 2646 4720 tanquam
2702 4648 3059 4705 mortalibus
3105 4649 3300 4705 adhuc
3345 4655 3405 4706 et
3445 4649 3724 4722 passibile

2075 4755 2288 4810 corpus
2318 4737 2678 4795 habentibus
2708 4737 2899 4810 legem
2930 4737 3149 4804 ferens,
3210 4753 3280 4795 ea
3336 4738 3564 4795 stabilit
3591 4756 3722 4813 qum

2075 4834 2295 4885 nostra:
2326 4828 2721 4884 imbecillitati
2763 4837 3339 4885 commensurantur.
3392 4831 3508 4886 Nec
3538 4829 3721 4887 dicit:

2077 4918 2202 4972 Non
2233 4923 2507 4973 exerceat
2534 4916 2931 4989 tyrannidem,
2966 4916 3089 4983 sed,
3116 4918 3240 4972 Non
3273 4921 3722 4992 regnet.Tyran-

2077 5006 2276 5062 nidem
2327 5021 2585 5076 namque
2658 5020 2951 5072 exercere,
3005 5005 3169 5062 illius
3228 5008 3534 5079 proprium
3593 5015 3719 5065 est:

2079 5112 2325 5168 regnum
2356 5100 2555 5150 autem
2587 5095 2731 5166 pati,
2752 5101 2968 5151 nostras
2996 5096 3215 5152 mentis
3247 5099 3538 5153 est.Motio
3560 5099 3723 5156 enim

2076 5201 2145 5240 ac
2169 5184 2420 5239 turbatio
2451 5185 2770 5239 affectuum
2794 5184 2969 5257 juxta
2989 5192 3262 5242 naturam
3295 5186 3467 5243 nobis
3489 5188 3723 5255 accidit,

2076 5289 2278 5330 eorum
2310 5290 2445 5330 vero
2478 5289 2609 5345 quae
2643 5274 2944 5345 prohibita
2974 5280 3115 5331 sunt
3143 5277 3429 5348 operatio,
3461 5294 3496 5333 a
3524 5282 3728 5334 nostra

2074 5369 2275 5419 mente
2306 5363 2622 5435 dependet.

2146 5451 3105 5525 Quandoquidem,inquit,mortui
3137 5472 3438 5521 sumus,ac
3452 5464 3723 5515 nostrum

2076 5558 2289 5616 corpus
2317 5548 2561 5617 peccato
2592 5548 2894 5603 mortuum
2924 5550 3035 5614 est,
3092 5561 3169 5603 ne
3224 5561 3462 5605 rursum
3492 5547 3720 5619 peccati
