4222 6194
416 343 534 409 409

1538 332 1961 400 ωουΜΕΝιι
2005 330 2312 412 ramea:
2361 330 2717 395 EPISCOPI

3717 341 3839 404 440

414 483 532 539 vita
552 479 702 537 illud
728 477 916 534 vivere
942 472 1231 531 faciamus
1268 488 1283 530 :
1314 490 1510 546 neque
1544 472 1691 530 tales
1714 470 2066 538 efﬁciamur,

2194 461 2349 522 πάλιν
2382 463 2512 522 αὑτὸ
2541 468 2802 541 ἀναζῆσαι
2836 471 2937 541 τήν
2994 470 3047 529 ἐν
3079 477 3148 549 τῇ
3207 473 3449 553 ἁμαρτίᾳ
3503 477 3642 550 ζωή.
3676 459 3836 549 Μιιπδἱ

416 580 483 629 ut
510 572 573 628 in
595 571 722 642 ipso
756 566 915 639 quod
946 565 1198 623 mortale
1233 565 1350 621 sive
1388 569 1689 620 mortuum
1736 563 1952 619 factum
1982 564 2073 617 est

417 677 524 732 per
550 658 935 729 baptismum,
963 660 1171 727 regnet
1202 659 1534 727 peccatum.
1569 653 1720 719 Quid
1751 658 1843 709 est
1872 656 2070 707 autem

415 765 665 821 regnare
698 748 757 802 in
780 746 953 801 nobis
981 744 1331 816 peccatum?
1348 743 1595 816 Explere
1627 741 1923 798 desideria
1939 757 2069 796 cor-

415 839 597 911 poris.
631 840 795 910 Ipsos
827 842 1025 893 autem
1059 836 1120 890 in
1166 835 1279 890 hoc
1337 834 1702 899 consolatur,
1753 832 1911 903 quod
1941 831 2023 887 ait
2057 847 2069 884 :

416 948 443 978 κ
479 927 706 984 Mortali
731 942 978 997 corpore
1005 943 1018 991 ;
1045 947 1071 974 ››
1093 924 1416 981 ostendens
1448 922 1607 994 quod
1637 919 1984 994 temporalis
1998 920 2077 976 sit

413 1021 576 1078 lucta
604 1018 888 1077 adversus
915 1024 1223 1089 peccatum
1250 1033 1262 1070 :
1296 1014 1591 1087 siquidem
1624 1020 2074 1086 corpustempo-

416 1111 543 1168 rale
575 1116 721 1167 est.«
764 1111 825 1163 ln
853 1106 1354 1179 concupiscentiis
1385 1105 1582 1178 ejus.»
1616 1106 1763 1160 Puta
1785 1104 2071 1176 corporis.

419 1222 448 1251 ιι
480 1201 682 1271 Neque
714 1197 988 1255 exhibete
1019 1195 1289 1253 membra
1316 1201 1528 1252 vestra.
1561 1215 1588 1247 ιι
1624 1197 1706 1251 Ac
1735 1193 1782 1250 si
1809 1194 2072 1250 diceret:

416 1291 497 1347 Ne
529 1288 870 1361 perflciatis.
931 1288 1154 1358 Corpus
1210 1286 1370 1342 enim
1430 1284 1667 1341 ducitur
1718 1300 2073 1357 quocunque

416 1378 550 1450 quis
582 1377 832 1435 duxerit.
866 1377 1067 1430 Potest
1096 1390 1353 1445 namque
1387 1373 1579 1430 facere
1615 1373 1915 1446 quispiam
1952 1389 2076 1427 ma-

415 1484 561 1527 num
591 1467 1055 1522 instrumentum
1085 1464 1159 1519 ad
1188 1463 1657 1535 eleemosynam,
1712 1463 1991 1520 similiter
2020 1467 2079 1519 et

413 1556 487 1614 ad
518 1556 788 1627 rapinam
824 1572 837 1609 :
870 1555 1131 1626 linguam
1173 1552 1249 1610 ad
1278 1552 1763 1611 benedicendum
1795 1560 1854 1611 et
1881 1552 2067 1611 male-

416 1645 824 1713 dicendum,et
853 1645 936 1700 ita
965 1643 1036 1700 de
1070 1643 1347 1701 omnibus
1380 1645 1688 1701 membris.
1731 1666 1757 1698 ι
1790 1644 2081 1700 Armaiu-

408 1736 659 1810 justitias
693 1736 882 1792 nBene
910 1739 1218 1806 peccatum
1239 1735 1468 1790 vocavit
1490 1731 2080 1806 injustitiam.Siqui-

2183 561 2720 632 παρασκευασώμεθα
2773 561 2972 630 οὕτως,
3016 564 3156 620 ὥστε
3180 563 3347 623 πάλιν
3399 567 3451 621 ἐν
3512 567 3662 639 αὐτῷ
3711 568 3836 639 θνη-

2178 651 2257 720 τῷ
2288 649 2566 723 γενομένῳ
2610 649 2699 707 διὰ
2751 657 2848 709 τοῦ
2905 656 3302 731 βαπτίσματος,
3366 656 3671 734 βασιλεύειν
3728 661 3828 729 τὴν

2181 738 2473 814 ἁμαρτίαν.
2508 740 2578 798 Τί
2609 738 2667 796 δέ
2696 741 2808 797 ἐστι
2843 745 3150 821 βασιλεύειν
3196 745 3248 802 ἐν
3305 748 3442 820 ἡμῖν
3500 749 3598 818 τήν
3652 750 3828 823 ἁμαρ-

2179 828 2298 881 τίαν
2335 846 2349 897 ;
2380 830 2453 886 Τὸ
2482 828 2750 887 ἐπιτελεῖν
2782 834 2877 894 τὰς
2909 831 3200 910 ἐπιθυμίας
3248 841 3345 891 τοῦ
3402 839 3685 912 σώματος.
3722 845 3829 894 Πα-

2181 921 2500 991 ραμυθεῖται
2550 917 2607 977 δὲ
2665 921 2858 987 αὐτοὺς
2912 922 3076 998 ὲντῷ
3132 925 3325 995 εἰπεῖν,
3388 952 3413 979 ι(
3474 933 3666 1002 Θνητῷ
3723 928 3834 985 σώ-

2187 1027 2337 1079 ματι,
2398 1006 2669 1073 »δεικνὺς
2727 1009 2811 1069 ὅτι
2869 1012 3200 1088 πρόσκαιρος
3272 1018 3307 1087 ἡ
3383 1017 3534 1088 πάλη
3612 1018 3647 1088 ἢ
3695 1020 3832 1093 πρὸς

2183 1098 2473 1174 ἁμαρτίας·
2506 1102 2835 1179 πρόσκαιρον
2864 1103 2964 1180 γὰρ
3004 1125 3066 1160 το
3126 1110 3305 1179 σῶμα.
3340 1129 3372 1159 ‹‹
3406 1110 3493 1163 Ἐν
3536 1112 3655 1173 ταῖς
3712 1108 3833 1165 ἔπι-

2187 1190 2406 1263 θυμίαις
2437 1191 2621 1250 αὑτοῦ.
2685 1220 2706 1249 ι
2768 1197 3051 1268 Τουτέττι,
3108 1201 3207 1254 τοῦ
3266 1198 3545 1273 σώματος.
3588 1225 3616 1253 ιι
3683 1198 3838 1272 Μηδὶ

2184 1279 2537 1355 παριστάνετε
2562 1283 2628 1338 τὰ
2660 1282 2802 1357 μέλη
2838 1285 3013 1361 ὑμῶν.
3044 1312 3073 1340 ››
3131 1288 3286 1358 Οἴον,
3347 1290 3439 1360 Μή
3490 1288 3832 1349 ἀποτελεῖτε.

2184 1370 2255 1425 Τὸ
2283 1371 2387 1448 γὰρ
2414 1375 2574 1445 σῶμα
2603 1371 2814 1448 ἄγεται,
2843 1376 2977 1431 καθὸ
3026 1373 3085 1432 ἄν
3119 1374 3224 1454 ἄγῃ
3282 1398 3387 1441 τις,
3448 1380 3671 1435 Δύναται
3730 1382 3835 1456 γάρ

2185 1480 2268 1521 τις
2296 1460 2394 1530 τὴν
2420 1467 2600 1539 χεῖρα,
2623 1463 2732 1539 Ικαὶ
2765 1463 2938 1521 ὅπλον
2996 1464 3397 1540 ὲλεημοσὺνης,
3444 1468 3535 1526 καὶ
3585 1470 3834 1547 ἁρπαγῆς

2188 1555 2439 1619 ποιῆσαν
2470 1553 2572 1621 τὴν
2631 1551 2885 1629 γλῶσσαν
2927 1554 3017 1611 καὶ
3076 1552 3323 1634 εὔφημον
3374 1557 3465 1614 καὶ
3525 1555 3832 1639 δύσφημον,

2188 1639 2277 1694 καὶ
2309 1639 2480 1703 οὕτως
2513 1641 2681 1698 πάντα
2708 1644 2774 1699 τα
2806 1642 2972 1719 μὲλη,
3006 1671 3033 1698 (ι
3064 1647 3253 1706 Ὅπλα
3286 1644 3513 1712 ἀδικίας.
3549 1672 3579 1702 ι)
3639 1651 3833 1713 Καλῶς

2190 1729 2288 1797 τήν
2316 1729 2600 1805 ἁμαρτίαν,
2643 1729 2850 1788 ἀδικίαν
2906 1731 3176 1793 ἐκάλεσεν.
3231 1737 3301 1793 Ἥ
3354 1737 3455 1812 γὰρ
3512 1737 3699 1796 ἑαυτόν
3751 1758 3835 1802 τις

420 1827 555 1885 dem
587 1843 692 1899 per
725 1825 876 1882 illud
908 1826 1159 1896 quisque
1191 1825 1281 1882 vel
1314 1825 1545 1897 sibiipsi
1588 1824 1847 1895 injurius
1878 1829 1968 1881 est
1987 1813 2082 1881 vel

2194 1814 2368 1873 ἀδικεῖ
2393 1816 2462 1873 δι’
2486 1820 2677 1891 αὐτῆς,
2708 1821 2743 1891 ἢ
2776 1821 2868 1880 τὸν
2899 1821 3154 1894 πλησίον.
3188 1850 3215 1878 ‹‹
3251 1821 3426 1883 Ἀλλὰ
3455 1830 3833 1903 παραστήσατε

420 1914 710 1989 proximo.
744 1937 770 1962 ‹‹
808 1913 919 1970 Sed
952 1913 1228 1970 exhibete
1273 1912 1661 1985 vosmetipsos
1716 1914 1859 1971 Deo.
1920 1932 1945 1964 υ
1998 1914 2081 1969 Ex

427 2003 669 2060 vocibus
691 2002 933 2059 interim
960 2003 1217 2059 sumitur
1235 2002 1549 2059 sententia:
1586 2001 2080 2058 discrimend‘lam

432 2094 586 2152 sicut
617 2093 941 2153 dicitur.Ne
965 2093 1099 2163 quis
1131 2091 1393 2163 seipsum
1426 2091 1700 2148 exhibeat
1722 2096 1961 2163 peccato
1977 2091 2082 2148 sed

427 2184 547 2241 Deo
581 2200 595 2251 ;
624 2183 707 2238 ita
728 2181 1026 2247 exhibete,
1060 2182 1276 2253 inquit,
1310 2181 1576 2253 vosipsos
1627 2185 1763 2249 Deo,
1800 2182 1953 2238 sicut
1982 2181 2080 2236 di-

425 2290 608 2347 gnum
640 2277 777 2329 est:
812 2271 952 2342 quia
972 2288 1072 2327 vos
1126 2270 1384 2343 peccatis
1441 2270 1737 2326 veteribus
1792 2275 2079 2335 mortuos,

427 2364 545 2421 sive
576 2363 785 2419 mortis
810 2361 1123 2419 dominatu
1162 2377 1400 2432 pressos
1417 2361 1728 2418 viviﬁcavit
1751 2378 1762 2416 :
1786 2361 1897 2427 vel,
1932 2362 2085 2418 sicut

426 2470 664 2526 aequum
691 2458 782 2509 est
811 2451 946 2508 illos
976 2450 1257 2509 exhibere
1290 2451 1647 2524 seipsos.qui
1667 2456 1829 2507 tanto
1854 2451 2081 2508 benefl-

428 2544 519 2600 cio
550 2541 746 2599 affecti
780 2545 937 2606 sunt,
968 2546 1036 2595 ut
1063 2556 1135 2596 ex
1165 2539 1418 2595 mortuis
1450 2554 1517 2595 ac
1541 2540 1835 2611 corruptis
1858 2540 2083 2596 affecti-

428 2632 540 2689 bus
562 2630 818 2695 liberati,
851 2631 982 2685 vitaa
1043 2628 1303 2685 restituti
1335 2628 1474 2683 sint.
1511 2651 1540 2678 «
1574 2630 1644 2684 Et
1690 2629 1960 2685 membra
1988 2646 2081 2686 ve.

433 2728 556 2777 stra
576 2736 759 2777 arma.
797 2740 824 2769 »
857 2719 965 2785 Qui
997 2718 1158 2775 enim
1191 2718 1266 2775 ad
1298 2734 1465 2773 arma
1505 2717 1758 2789 justitiaa
1817 2717 2084 2773 membra

434 2811 691 2876 exhibet,
739 2815 853 2865 Deo
886 2809 1148 2881 seipsum
1201 2808 1458 2864 exhibet.
1495 2831 1515 2856 ι
1580 2809 1724 2863 Nam
1775 2813 2083 2881 peccatum

435 2903 599 2959 vobis
630 2918 751 2957 non
783 2900 1208 2958 dominabitur.
1246 2921 1274 2946 η
1324 2898 1627 2971 Siquidem
1681 2915 1755 2954 ne
1815 2899 1892 2953 sit
1919 2898 2084 2953 vobis

436 2992 659 3052 bellum
692 2992 916 3065 peccati
936 2991 995 3046 in
1026 2988 1798 3052 excusationem,imbecille
1818 3005 1977 3045 nunc
1995 2992 2087 3045 est

434 3087 765 3155 peccatum,
799 3081 913 3136 nisi
948 3079 1205 3136 ultronei
1237 3079 1511 3151 nosipsos
1541 3078 1630 3134 illi
1675 3078 2085 3151 subjiciamus,

435 3173 589 3229 280
621 3171 725 3228 sed
754 3176 1054 3243 oppugnat
1085 3168 1557 3241 quidem,verum
1582 3184 1702 3224 non
1720 3168 2081 3225 dominatur.

432 3262 735 3331 Quomodo
766 3262 965 3333 itaque
1000 3262 1287 3317 hactenus
1336 3258 1710 3317 dominatum
1770 3265 1861 3316 est
1888 3257 1916 3314 ?
1944 3260 2087 3332 quia

434 3351 543 3407 sub
568 3351 692 3422 lege
726 3355 897 3403 erant
933 3348 1031 3419 qui
1086 3347 1276 3419 ipsius
1329 3346 1661 3402 dominium
1713 3345 2087 3403 sustinebant

434 3445 700 3509 tempore
731 3437 879 3508 legis
913 3452 926 3490 :
956 3452 1085 3507 qua)
1137 3434 1525 3491 denuntiabat
1585 3436 1824 3507 quidem
1858 3435 2084 3507 peccati

436 3527 752 3591 actionem,
779 3542 899 3580 non
930 3530 1132 3581 tamen
1163 3523 1416 3580 addebat
1447 3526 1597 3581 vires
1625 3530 1689 3579 ut
1718 3525 1868 3581 illud
1888 3526 2087 3582 vince-

437 3622 573 3673 rent
600 3632 668 3670 ac
699 3619 1068 3687 superarent.
1094 3615 1208 3668 Nos
1234 3629 1368 3667 vero
1437 3613 1544 3668 sub
1601 3614 1790 3685 gratia
1818 3629 2023 3669 sumus
2067 3629 2082 3668 :

442 3724 573 3778 quae
606 3723 726 3763 non
758 3705 951 3762 solum
976 3704 1079 3760 illa
1109 3703 1318 3760 suadet
1345 3720 1413 3759 ac
1444 3703 1798 3773 statuitquai
1832 3708 2084 3775 oportet,

445 3799 549 3856 sed
580 3805 639 3856 et
669 3798 819 3855 vires
850 3796 1014 3852 addit
1045 3801 1102 3849 et
1126 3795 1199 3850 ad
1229 3794 1470 3849 illorum
1513 3792 1808 3849 actionem
1867 3793 2087 3849 auxilio

445 3893 537 3943 est
569 3904 581 3941 :
608 3903 716 3942 nec
747 3885 807 3939 id
841 3882 1681 3954 tantum,sedetperpetrataa
1712 3880 1883 3937 nobis
1914 3885 2091 3938 antea

444 3980 686 4048 peccata
706 3972 882 4029 delet.
917 3971 1081 4037 Quod
1112 3977 1203 4027 est
1230 3978 1430 4028 autem
1448 3978 1755 4044 peccatum
1788 3971 1949 4043 quod
1970 3987 2090 4027 non

446 4062 897 4120 dominabitur?
928 4060 1075 4118 lllud
1093 4061 1366 4118 videlicet
1416 4060 1576 4132 quod
1618 4061 1925 4133 praecessit
1982 4060 2089 4117 ba-

443 4153 680 4226 ptisma,
715 4160 773 4208 et
802 4169 837 4209 a
865 4151 1079 4208 Christi
1110 4152 1299 4225 gratia
1336 4150 1586 4208 deletur.
1616 4152 1734 4207 Hoc
1767 4157 1965 4208 autem
1998 4151 2093 4208 lex

441 4244 635 4301 facere
660 4260 780 4299 non
804 4243 1012 4315 potuit.
1043 4244 1168 4298 Non
1200 4258 1337 4315 ergo
1367 4241 1529 4301 estis.
1562 4242 1779 4314 inquit,
1823 4242 1932 4298 sub
1965 4242 2091 4315 lege

445 4355 577 4411 quae
608 4337 862 4395 liberare
895 4353 1014 4393 non
1046 4341 1297 4409 poterat,
1334 4335 1437 4392 sed
1470 4352 1674 4408 poenas
1703 4336 1891 4409 magis
1949 4336 2095 4393 infe-

444 4428 631 4487 rebat.

520 4520 822 4581 V1.15-t7.
874 4514 1021 4582 Quid
1050 4531 1178 4586 ergo
1207 4518 1236 4571 ἱ)
1266 4515 1615 4585 peccabimus
1666 4518 1931 4588 quoniam
1986 4532 2095 4572 non

2189 1907 2413 1972 ἑαυτοὺς
2443 1914 2523 1983 τῷ
2553 1916 2691 1985 Θεῷ,
2725 1936 2755 1965 ››
2785 1915 2934 1976 Τέως
2987 1912 3046 1971 ὲκ
3095 1920 3202 1971 τῶν
3261 1914 3548 1989 ὀνομάτων
3603 1918 3665 1972 τὸ
3714 1915 3805 1974 δια

2187 2018 2379 2077 φορον.
2438 2000 2571 2057 Οῖον
2631 2000 2734 2076 γάρ
2792 2000 2927 2073 ἐστι,
2990 2005 3067 2079 μή
3124 2012 3467 2081 παραστῆσαι
3526 2007 3712 2063 ἑαυτὸν

2188 2089 2447 2164 ἁμαρτίᾳ,
2480 2087 2627 2145 ἀλλὰ
2649 2096 2730 2164 τῷ
2787 2097 2923 2166 Θεῷ·
2984 2094 3161 2157 οὕτως
3216 2094 3466 2160 ἑαυτοὺς,
3520 2103 3673 2179 φησί,
3732 2118 3836 2153 πα-

2190 2180 2492 2253 ραστήσατε
2547 2183 2627 2251 τῷ
2680 2184 2818 2253 Θεῷ,
2866 2181 2944 2247 ὡς
2998 2182 3165 2253 ἄξιον,
3243 2182 3325 2239 ὅτι
3399 2187 3837 2260 νενεκρωμένους

2193 2266 2334 2340 ὑμᾶς
2356 2272 2477 2329 ταῖς
2520 2266 2689 2324 πάλαι
2722 2270 3036 2346 ἁμαρτίαις,
3095 2271 3261 2346 ἤγουν
3315 2277 3397 2346 τῷ
3454 2273 3559 2330 ὑπὸ
3609 2275 3838 2340 θανάτου

2193 2353 2590 2432 βασιλεύεσθαι,
2615 2357 3004 2431 ἐζωοποίησεψ
3056 2362 3115 2433 ἢ,
3183 2362 3256 2424 ὡς
3314 2360 3454 2419 ἔστιν
3513 2361 3659 2436 ἄξιον
3706 2366 3837 2430 τοὺς
3928 2430 3935 2435 ,

2188 2442 2528 2515 τηλικαύτης
2585 2445 2886 2522 εὐεργεσίας
2939 2449 3278 2520 ἀξιωθέντας,
3334 2450 3424 2506 καὶ
3477 2450 3538 2507 ἐκ
3591 2455 3699 2507 τῶν
3752 2474 3836 2511 νε-

2189 2538 2333 2609 κρῶν
2383 2533 2472 2589 καὶ
2530 2537 2875 2614 φθοροποιῶν
2960 2540 3144 2594 παθῶν
3200 2538 3676 2617 ἐλευθερωθέντας,
3748 2544 3834 2598 καὶ

2193 2626 2399 2692 ζῶντας
2459 2622 2909 2704 ἀποδειχθέντας,
2969 2628 3193 2693 ἑαυτοὺς
3248 2637 3615 2705 παραστῆσαι.
3678 2633 3839 2688 «Καὶ

2189 2711 2255 2766 τὰ
2290 2708 2431 2785 μέλη
2461 2714 2613 2785 ὑμῶν
2643 2713 2810 2773 ὅπλα.
2844 2739 2872 2768 ››
2900 2720 2958 2774 'O
2988 2718 3090 2793 γὰρ
3148 2717 3225 2781 εἰς
3284 2717 3433 2775 ὅπλα
3491 2716 3841 2793 δικαιοσύνης

2190 2802 2256 2856 τὰ
2306 2799 2450 2875 μὲΛη
2508 2808 2877 2880 παραστήσας,
2935 2812 3017 2880 τῷ
3072 2806 3189 2881 Θεῷ
3246 2810 3435 2865 ἑαυτὸν
3496 2811 3842 2887 παρίστησιν.

2194 2912 2226 2945 α
2250 2891 2514 2967 Ἀμαρτία
2543 2894 2646 2969 γὰρ
2682 2893 2833 2968 ὑμῶν
2882 2894 2944 2952 o6
2999 2898 3292 2973 κυριεύσει.
3326 2923 3357 2954 »
3416 2901 3509 2971 Μή
3569 2902 3673 2975 γὰρ
3705 2898 3843 2958 ἔστω

2196 2982 2320 3056 ὑμῖν
2348 2982 2375 3036 ὁ
2404 2989 2504 3053 τῆς
2533 2984 2799 3059 ἁμαρτίας
2827 2983 3075 3060 πόλεμος
3108 2988 3400 3069 πρόφασις,
3458 2989 3679 3062 ἀσθενής
3728 2990 3839 3047 ἐστι

2192 3071 2280 3127 νῦν
2313 3075 2348 3143 ὴ
2382 3073 2638 3148 ἁμαρτία,
2668 3075 2732 3130 οὐ
2763 3072 2982 3131 δύναται
3040 3078 3329 3155 κυριεύειν,
3387 3077 3476 3135 ἐὰν
3540 3080 3616 3154 μὴ
3679 3083 3845 3154 ἡμεῖς

2194 3162 2406 3226 ἑκόντες
2483 3164 3000 3240 ὑποκατακλιθῶμεν
3055 3166 3223 3241 αὑτῇ,
3275 3166 3423 3225 ἀλλὰ
3504 3164 3845 3246 προσϐάλλει

2200 3251 2404 3326 μὶν,οὑ
2434 3252 2667 3326 κυριεύει
2714 3252 2788 3311 δὲ.
2824 3260 2946 3318 Πῶς
3002 3252 3059 3312 δὲ
3118 3257 3213 3312 οὗν
3268 3256 3535 3333 ἐκυρίευεν
3592 3254 3694 3321 ἕως
3748 3263 3845 3315 τοῦ

2190 3346 2280 3397 νῦν
2319 3360 2332 3411 ;
2365 3347 2483 3399 ’Ότι
2518 3343 2621 3398 ὑπὸ
2649 3342 2818 3417 νόμον
2849 3344 2985 3415 ἦσαν
3012 3346 3065 3401 οἱ
3119 3346 3205 3401 ὑπ’
3238 3346 3404 3416 αὐτῆς
3434 3347 3843 3423 κυριευόμενοιο

2199 3433 2301 3488 ὑπὸ
2331 3428 2524 3505 νόμον,
2584 3433 2642 3494 ὃς
2703 3434 3022 3505 ἀπεθέσπιζε
3092 3437 3187 3508 μὲν
3242 3437 3343 3506 τήν
3414 3443 3514 3506 τῆς
3571 3439 3838 3513 ἁμαρτίας

2194 3523 2407 3597 πρᾶξιν,
2467 3521 2566 3577 οὐκ
2618 3522 2829 3599 ἐνίσχυε
2881 3520 2938 3580 δὲ
2995 3524 3073 3587 εἰς
3137 3527 3199 3581 τὸ
3255 3531 3469 3599 κρατεῖν
3526 3526 3695 3597 αὐτῆς
3748 3528 3838 3583 καὶ

2194 3613 2579 3685 περιγίνεσθαι.
2611 3613 2800 3688 Ἡμεῖς
2832 3612 2887 3669 δὲ
2930 3614 3033 3670 ὑπὸ
3066 3615 3228 3695 χάριν
3289 3615 3470 3690 ἔσμεν,
3529 3616 3651 3687 ἣτις
3714 3621 3849 3692 μετᾶ

2193 3705 2290 3756 τοῦ
2321 3696 2716 3774 συμϐουλεύειν
2756 3703 2846 3759 καὶ
2906 3702 3280 3771 διατάττεσθαι
3336 3704 3372 3763 ἅ
3424 3710 3561 3782 χρὴ,
3609 3709 3699 3766 καὶ
3763 3710 3845 3766 ἐν·

2201 3790 2378 3865 ισχύει
2412 3790 2497 3844 καὶ
2526 3798 2772 3868 συνεργεῖ
2827 3793 2904 3857 εἴς
2959 3796 3062 3864 τὴν
3122 3798 3312 3871 πρᾶξιν
3368 3797 3568 3854 αὐτῶν.
3629 3798 3727 3854 Καὶ
3777 3798 3840 3856 οὑ

2195 3885 2357 3935 τοῦτο
2419 3875 2608 3953 μόνον,
2656 3880 2803 3938 ἀλλὰ
2851 3884 2941 3938 καὶ
2990 3885 3087 3947 τὰς
3171 3886 3650 3964 προγεγενημένας
3705 3888 3843 3960 ἡμῖν

2198 3969 2471 4045 ἁμαρτίας
2501 3969 2793 4049 ἐξαλείφει.
2841 3974 2975 4029 Ποία
3027 3976 3269 4049 ἁμαρτία
3316 3977 3383 4032 o6
3441 3976 3846 4052 κυριεύσειςἨ

2198 4060 2305 4136 πρὸ
2334 4063 2431 4116 τοῦ
2466 4060 2839 4138 βαπτίσματος
2871 4060 3155 4134 δηλονότι,
3188 4064 3254 4136 ἤν
3304 4065 3525 4144 ἀφίησιν
3586 4067 3621 4136 ἡ
3682 4066 3848 4143 χάρις

2198 4153 2295 4206 τοῦ
2325 4155 2590 4225 Χριστοῦ.
2621 4155 2790 4207 Τοῦτο
2822 4149 2880 4207 δὲ
2919 4153 2947 4209 ὂ
2976 4153 3149 4230 νόμος
3208 4161 3384 4211 ποιεῖν
3436 4154 3536 4212 οὑκ
3590 4152 3849 4228 ἠδύνατο.

2200 4240 2314 4296 Οὐκ
2343 4240 2460 4296 ἐστὶ
2490 4238 2605 4309 οὖν,
2639 4241 2825 4314 φησὶν,
2887 4242 2990 4298 ὑπὸ
3046 4244 3212 4318 νόμον
3269 4245 3360 4301 τὸν
3418 4246 3495 4319 μὴ
3555 4243 3849 4320 δυνάμενον

2203 4328 2480 4406 ῥύσασθαι,
2512 4329 2659 4387 ἀλλά
2702 4330 2913 4405 μᾶλλον
2944 4335 3388 4411 τιμωρούμενον.

2274 4509 2343 4568 Τί
2380 4509 2472 4565 οὗν
2509 4526 2523 4580 ;
2555 4511 2945 4585 ἁμαρτήτομεν
2976 4513 3060 4570 ὃτι
3128 4514 3229 4571 οὐκ
3285 4513 3445 4590 ἐσμὲν
3505 4517 3608 4573 ὑπὸ
3655 4518 3850 4593 νόμον,

446 4624 631 4667 sumus
659 4608 756 4664 sub
818 4606 1054 4677 lege.sed
1106 4606 1204 4661 sub
1254 4605 1490 4674 gratia?
1532 4586 1731 4661 Absit!
1761 4609 1851 4661 Au
1882 4606 2083 4661 nesciti:

2207 4597 2353 4656 ἀλλᾶ
2408 4600 2511 4655 ὑπὸ
2571 4600 2776 4679 χάρινς
2819 4602 2911 4671 Μὴ
2969 4602 3200 4680 γένοιτο.
3261 4586 3376 4664 Οὐκ
3431 4603 3614 4663 οἷ’δατε
3671 4586 3755 4664 ὅτι

447 4700 597 4770 quod
624 4698 717 4754 (ui
748 4698 1014 4753 czhibetis
1061 4698 1298 4765 vosipsos
1348 4711 1523 4751 servos
1579 4694 1653 4748 ad
1697 4694 2090 4749 obedientiam.

449 4791 565 4843 eius
591 4805 665 4843 se:
682 4790 737 4842 vi
765 4789 891 4841 estis
911 4787 1002 4841 cui
1029 4785 1261 4839 obeditis
1292 4802 1310 4839 :
1338 4785 1453 4839 sive
1499 4786 1713 4853 peccati
1745 4784 1819 4837 ad
1845 4790 2091 4845 mortem,

446 4879 558 4933 sive
588 4877 902 4932 obedientiw
922 4876 995 4930 ad
1015 4876 1298 4945 justitiam
1320 4873 1347 4927 ?
1375 4874 1568 4930 Gratia
1597 4880 1780 4929 autem
1810 4874 1917 4928 Deo
1946 4873 2094 4944 quod

444 4969 612 5023 eratis
631 4966 849 5035 quidem
874 4966 1016 5020 servi
1039 4966 1274 5034 peccati,
1306 4964 1400 5018 sed
1429 4963 1686 5020 ohedistis
1740 4980 1809 5019 ea:
1837 4974 2006 5019 corde
2035 4966 2092 5019 in

442 5074 563 5113 eam
591 5057 651 5109 in
682 5071 848 5124 quam
882 5052 1131 5108 traducti
1158 5052 1286 5108 estis
1302 5055 1541 5122 formam
1571 5053 1858 5108 doctrinm.

510 5148 590 5201 Ne
621 5142 818 5214 segnis
850 5143 952 5198 flat
978 5142 1212 5198 auditor
1236 5143 1329 5200 cui
1364 5159 1482 5199 non
1514 5142 1855 5199 dominatur
1885 5159 2093 5215 pecca-

437 5243 563 5294 tum
581 5251 649 5292 eo
669 5231 829 5305 quod
846 5231 922 5287 sit
941 5231 1048 5287 sub
1069 5237 1415 5306 protegente
1439 5233 1644 5304 gratia,
1674 5233 1873 5289 firmat
1894 5233 2089 5291 illum.

437 5325 555 5380 Nisi
589 5323 886 5393 nosipsos,
920 5321 1133 5393 inquit,
1168 5328 1408 5392 peccato
1458 5321 1963 5392 inclinaverimus,
1997 5338 2097 5381 ne-

442 5427 740 5487 quaquam
775 5410 848 5466 ab
889 5410 993 5467 illo
1024 5411 1347 5484 capiemur.
1397 5410 1749 5477 Quomodo?
1778 5411 1926 5479 Quia
1974 5428 2095 5468 non

447 5520 652 5561 sumus
695 5501 952 5574 amplius
998 5502 1107 5558 sub
1150 5501 1300 5569 leae.
1333 5518 1467 5574 quae
1508 5507 1818 5575 peccatum
1854 5500 2094 5575 quidem

450 5593 822 5670 prohibebat,
865 5592 968 5649 sed
1008 5592 1081 5649 ab
1113 5609 1181 5648 eo
1226 5592 1481 5649 liberare
1520 5608 1641 5647 non
1692 5598 1959 5663 poterat:
1993 5589 2098 5648 sed

454 5687 563 5744 sub
596 5684 806 5741 Christi
839 5685 1044 5757 gratia,
1081 5699 1210 5753 qua:
1233 5682 1500 5738 remissis
1519 5681 1818 5753 prioribus
1845 5681 2097 5752 delictis,

2204 4689 2556 4762 παριστάνετε
2585 4690 2807 4756 ἑαυτοὺς
2837 4688 3068 4755 δούλους
3097 4694 3172 4757 εἷς
3210 4696 3476 4768 ὑπακοὴν,
3505 4695 3698 4755 δοῦλοί
3736 4697 3853 4755 ἔστι

2203 4781 2249 4853 ᾧ
2282 4781 2598 4851 ὑπακούετε,
2631 4778 2757 4851 ἤτοι
2787 4782 3053 4858 ἁμαρτίας
3109 4783 3184 4847 εἷς
3243 4786 3492 4855 θάνατον,
3525 4787 3561 4859 ἢ
3610 4790 3851 4860 ὑπακοῆς

2204 4869 2279 4932 εἷς
2310 4867 2656 4936 δικαιοσύνην
2690 4889 2704 4940 ;
2739 4870 2905 4946 Χάρις
2933 4869 2991 4928 δὲ
3018 4894 3096 4946 τῳ
3141 4878 3257 4948 Θεῷ
3287 4875 3370 4930 ὅτι
3396 4877 3495 4946 ἦτε
3527 4874 3719 4934 δοῦλοι
3752 4880 3849 4948 τῆς

2202 4961 2491 5037 ἁμαρτίας,
2523 4959 2865 5032 ὑπηκούσατε
2898 4958 2953 5017 δὲ
2983 4960 3043 5018 ἐκ
3066 4961 3290 5040 καρδίας
3322 4965 3398 5029 εἷς
3422 4965 3480 5022 ὅν
3512 4966 3851 5045 παρεδόθητε

2202 5048 2371 5106 τύπον
2404 5047 2659 5131 διδαχῆς.
3716 5064 3729 5133 ί

2274 5141 2388 5198 Ἰνα
2421 5140 2499 5213 μή
2532 5138 2773 5215 ῥᾴθυμος
2833 5141 2861 5194 ὁ
2913 5140 3185 5216 ἂκροατής
3234 5142 3457 5222 γένηται
3516 5147 3590 5209 ὡς
3625 5150 3701 5222 μή
3759 5169 3859 5203 κυ-

2206 5232 2629 5305 ριευθησόμενος
2666 5230 2769 5286 ὑπὸ
2812 5233 2911 5300 τῆς
2968 5231 3235 5308 ἁμαρτίας
3294 5232 3384 5291 διὰ
3429 5237 3493 5293 τὸ
3553 5238 3692 5295 εἶναι
3751 5238 3853 5293 ὑπό

2204 5321 2366 5397 χάριν
2449 5320 2550 5389 τήν
2609 5323 2971 5400 φρουροῦσαν,
3020 5319 3375 5399 ἄσφαλίζεται
3460 5325 3638 5384 αὐτόν.
3697 5327 3849 5390 Ἐὰν,

2206 5410 2393 5486 φησὶν,
2443 5408 2669 5471 ἑαυτοὺς
2728 5411 2806 5483 μή
2868 5408 3249 5486 ὑποκλίνωμεν
3305 5418 3374 5491 τῇ
3440 5414 3695 5490 ἁμαρτίᾳ,
3744 5412 3854 5489 οὑχ

2206 5498 2561 5571 ἀλισκὸμεθα.
2615 5500 2942 5569 Πῶς;”οτι
2998 5499 3098 5557 οὐκ
3154 5499 3314 5577 ἐσμὶν
3376 5504 3477 5560 ὑπὸ
3530 5502 3625 5557 τὸν
3677 5499 3852 5573 νόμον

2207 5586 2284 5644 ἔτι
2332 5589 2423 5644 τὸν
2484 5587 2893 5663 ἀπαγορεύοντα
2945 5590 3038 5663 μὲν
3095 5591 3196 5659 τήν
3248 5591 3537 5667 ἁμαρτίαν,
3590 5588 3853 5665 ῥύσασθαι

2208 5675 2264 5734 δὲ
2294 5679 2372 5751 μὴ
2401 5674 2718 5751 δυνάμενοψ
2772 5676 2900 5734 ἀλλ’
2934 5679 3036 5735 ὑπό
3064 5681 3164 5750 τήν
3221 5683 3382 5757 χάριν
3440 5682 3699 5757 Χριστοῦ,
3749 5682 3853 5752 τὴν
