4198 6198
343 373 459 438 Ml

1458 376 1877 447 COMMENT.
1923 375 2002 437 IN
2044 375 2292 441 EPIST.
2337 377 2442 439 AD
2475 380 2666 442 8.0M.

3649 392 3771 452 442

344 506 439 565 καὶ
468 505 564 571 τὰς
593 507 994 586 προγενομίνας
1051 507 1321 583 ἁμαρτίας
1369 507 1615 587 ἀφεῖσαν,
1673 509 1765 566 καὶ
1819 506 1897 574 είς
1940 506 2003 563 τὸ

2120 508 2182 566 in
2212 508 2480 569 futurum
2510 511 2691 569 etiam
2722 515 3000 580 custodit.
3030 515 3144 573 nisi
3172 534 3281 573 nos
3312 535 3522 589 segnes
3543 522 3768 581 efﬁcia-

352 596 556 672 μέλλον
590 602 956 676 φρουροῦσαν,
983 596 1071 653 ἐὰν
1127 600 1294 672 ἡμεῖς
1356 600 1431 673 μὴ
1479 599 1904 674 ῥᾳθυμήσωμεν,
1933 632 2007 643 —

347 689 567 764 [ΦΩΤ.]
599 714 626 739 ‹‹
662 687 778 746 Οὐκ
806 686 988 743 οἷ’δατε
1016 689 1102 745 ’ὁτι
1132 689 1179 762 ᾧ
1201 693 1551 766 παριστάνετε
1602 688 1844 751 ἑαυτούς.
1885 713 1904 738 ι
1940 692 2007 767 ’ᾨ

350 776 674 853 πράγματος
706 774 795 832 διὰ
822 784 924 847 τῆς
983 778 1231 848 ὑπακοῆς
1290 775 1525 841 δούλους
1590 777 1814 842 ἑαυτοὺς
1863 796 2007 850 παρ-

357 866 616 938 ιστάνετε,
646 868 914 933 τουτέστι,
946 873 1173 937 ποιεῖτε,
1236 865 1608 934 ἀποδείκνυτε,
1669 868 2010 944 παρασκευά-

353 962 489 1028 ζετε,
548 959 731 1030 τούτῳ
767 958 855 1012 καὶ
922 957 998 1022 εἰς
1054 958 1117 1013 τὸ
1174 957 1300 1030 ἑξῆς
1359 955 1555 1013 δοῦλοι
1614 956 2011 1033 χρηματίσετε,

348 1053 449 1116 τῆς
481 1046 731 1103 ἑκουσίου
768 1048 920 1118 ὑμῶν
952 1048 1223 1114 ὑπακοῆς,
1263 1048 1362 1118 τὴν
1424 1044 1677 1103 δουλείαν
1732 1066 2012 1126 παρασχοο

354 1136 540 1212 μένης.
573 1135 701 1208 ἢτοι
760 1141 863 1207 τῆς
921 1135 1011 1192 ἐπὶ
1070 1135 1296 1195 θάνατον
1347 1135 1593 1211 ἀγούσης
1650 1130 2007 1212 ἀμαρτίας,ἤ

346 1233 448 1296 τῆς
503 1226 577 1289 ὡς
646 1224 871 1297 ἀληθῶς
955 1226 1221 1295 ὑπακοῆς,
1307 1231 1409 1296 τῆς
1493 1225 1573 1287 εἷς
1660 1222 2007 1295 δικαιοσύνην

349 1314 828 1393 χειραγωγούσης.
861 1316 935 1373 Ἦ
975 1316 1061 1383 τὸ,
1115 1319 1181 1370 Ὠ
1237 1313 1556 1382 ὑπακούετε,
1620 1312 1837 1389 μᾶλλον
1894 1313 2012 1381 ἀντὶ

348 1409 469 1471 τοῦ,
502 1404 556 1461 ἐν
584 1405 633 1478 ᾧ
661 1405 753 1461 καί
785 1406 902 1470 καθ’
934 1403 992 1460 ὅν
1019 1404 1244 1482 τρόπον,
1277 1404 1394 1460 οἷον
1449 1404 1533 1460 ’ὁτι
1586 1403 1637 1460 ἐν
1684 1401 1864 1477 τούτῳ
1913 1401 2007 1458 καὶ

347 1494 487 1551 κατὰ
511 1515 706 1551 τουτον
732 1494 823 1549 τὸν
858 1493 1060 1570 τρόπον
1114 1492 1315 1571 γοῦλοί
1371 1493 1490 1550 ἐστε
1519 1492 1557 1565 ἤ
1586 1495 1684 1563 τῆς
1736 1492 2007 1569 ἁμαρτίας

347 1583 383 1655 ἢ
414 1591 518 1655 τῆς
550 1581 933 1655 δικαιοσύνης,
966 1584 1102 1639 καθὸ
1133 1585 1224 1640 καὶ
1256 1583 1307 1640 ἐν
1338 1584 1384 1657 ᾦ
1420 1585 1618 1661 θατέρα
1672 1581 1850 1639 αὐτῶν
1912 1583 2010 1638 ὑπ-

341 1671 591 1733 ακούετε.
619 1679 731 1729 Ἵνα
760 1672 867 1751 γὰρ
903 1675 979 1748 μή
1011 1692 1095 1736 τις
1126 1670 1276 1749 εἷ’πῃ.
1317 1678 1438 1738 Πῶς
1479 1669 1593 1729 ἔστι
1635 1669 1833 1728 δοῦλον
1882 1669 2010 1727 τού-

340 1784 448 1819 των
472 1763 756 1842 γενέσθαις
792 1764 883 1819 τὸν
918 1762 1120 1837 τρόπον
1147 1764 1381 1834 τίθησιν·
1420 1786 1448 1816 ‹‹
1480 1762 1549 1818 Ὤ
1579 1759 1926 1837 παριστάνετε
1982 1783 2011 1811 ››

409 1852 489 1911 Οὐ
522 1850 692 1927 λέγω,
719 1853 881 1935 φησὶ,
914 1854 1012 1921 τήν
1043 1851 1270 1929 γέενναν,
1326 1849 1454 1908 οὐδὲ
1509 1851 1576 1908 τὰ
1634 1850 1747 1906 ἐκεῖ
1793 1848 2006 1923 δεσμω-

337 1943 522 2019 τήρια.
558 1942 739 2011 Αὐτὴν
784 1944 820 2013 ἡ
856 1941 1090 2017 α’σχύνη
1125 1941 1236 2018 οὐχ
1260 1942 1417 2011 ἱκανή
1452 1940 1798 2017 ἀναχαιτίσαι
1846 1940 1987 2010 ὑμᾶς

333 2030 418 2089 ὅτι
479 2030 898 2088 καταδουλοῦτε
956 2029 1177 2095 ἑαυτοὺς
1234 2035 1302 2105 τῇ
1389 2032 1648 2108 ἁμαρτίᾳ,
1710 2029 1814 2085 ὑπὸ
1876 2034 2000 2105 Χρι,

335 2125 464 2177 στοῦ
496 2118 997 2193 ἐλευθερωθέντες
1034 2144 1062 2173 ι(
1094 2120 1296 2177 Δοῦλοί
1327 2120 1463 2178 ἐστε.
1500 2142 1528 2171 »δ
1581 2120 1848 2185 Ἐκείνου,
1895 2138 1971 2198 φη

338 2210 440 2279 civ,
532 2210 652 2267 ἐστὶ
727 2215 827 2266 τοῦ
905 2212 1230 2288 πράγματος
1311 2206 1503 2265 δοῦλοι
1561 2209 1608 2282 ᾧ
1673 2206 2000 2265 ὑπακούετε-

336 2326 364 2354 α
395 2302 557 2359 Ἠτοι
586 2299 859 2376 ἁμαρτίας
893 2299 970 2363 είς
1005 2300 1247 2364 θάνατον.
1284 2325 1311 2349 ιι
1341 2301 1503 2358 Ἤτοι
1552 2305 1651 2368 τῆς
1706 2295 1783 2359 εἷς
1837 2296 2003 2351 θάνα-

332 2411 426 2448 τον
485 2390 727 2465 ἀγούσης
778 2388 1096 2462 -ἁμαρτίας,
1154 2389 1343 2471 φησῗν,
1374 2385 1411 2459 ἤ
1447 2395 1546 2458 τῆς
1605 2387 1851 2456 ὑπακοῆς
1902 2389 2001 2440 τοῦ

340 2486 481 2540 Θεοῦ
511 2489 613 2552 τῆς
644 2480 720 2544 εἰς
751 2477 1103 2553 δικαιοσύνην
1137 2480 1397 2557 ἀγούσης.
1421 2479 1558 2537 ’Λπὸ
1582 2481 1791 2545 κοινοῦ,
1822 2499 1849 2529 ‹‹
1874 2478 2001 2538 Δοῦ,

339 2573 432 2632 λοί
456 2573 594 2633 ἐστε.
629 2599 657 2626 ››
688 2607 757 2618 -
782 2597 813 2628 ιι
842 2575 1015 2650 Χάρις
1038 2570 1097 2629 δὲ
1110 2578 1190 2646 τῷ
1210 2577 1349 2646 Θεῷ.
1382 2595 1406 2625 υ
1432 2566 1690 2642 Φοϐήσας
1712 2566 1908 2631 αὐτοὺς
1928 2569 1999 2642 τῇ

336 2662 568 2739 δουλείᾳ
618 2671 719 2734 τῆς
777 2663 1045 2740 ἁμαρτίας
1098 2663 1188 2718 καὶ
1249 2666 1331 2735 τῷ
1386 2660 1447 2718 in
1502 2659 1704 2732 ταύτης
1764 2658 2002 2744 θανάτῳ⁸

333 2758 445 2811 τῶν
510 2752 834 2831 εὐεργεσιῶν
899 2753 1311 2826 ὑπομιμνήσκει
1369 2754 1465 2807 τοῦ
1523 2752 1687 2813 Οεοῦ,
1744 2768 1999 2823 παραμυ-

336 2842 600 2916 θούμενός
654 2864 715 2899 τε
776 2841 998 2914 αὐτοὺς,
1056 2841 1148 2898 καὶ
1205 2838 1415 2905 δεικνὺς
1500 2839 1871 2914 εὐκολώτερον
1939 2835 2002 2891 τὸ

340 2930 551 3007 μέλλον
602 2932 739 3007 πρὸς
793 2931 1089 3008 σωτηρίαν.
1152 2953 1180 2983 ιι
1210 2928 1586 3003 Ὑπηκούσατε
1637 2926 1695 2984 δὲ
1750 2925 1811 2983 ἐκ
1868 2944 2000 3000 καρ-

340 3021 486 3084 δίας.
525 3046 545 3073 ο
596 3020 868 3092 Μηδενὸς,
927 3021 1087 3095 φησὶ,
1148 3020 1501 3095 βιασαμένου,
1559 3014 1702 3094 μηδὲ
1752 3015 1996 3091 ἀναγκά·

343 3132 553 3176 σαντος.
585 3114 759 3169 Τοῦτο
792 3108 849 3167 δὲ
895 3111 984 3166 καὶ
1043 3108 1321 3189 ἐγκώμιόν
1382 3106 1525 3165 ἐστιν
1582 3105 1782 3164 αὐτῶν.
1843 3129 1872 3158 ‹‹
1904 3103 2000 3168 Εἷς

339 3202 401 3258 ὃν
434 3198 856 3276 παρεδόθητε.»
911 3200 1050 3258 Εἶτα
1089 3197 1277 3268 ἐπειδὴ
1338 3200 1485 3255 εἶπεν
1544 3197 1859 3270 αὐθαίρετον
1912 3195 2008 3250 αὐ-

339 3297 451 3348 τῶν
483 3292 747 3361 εἶναιτὴν
790 3290 1120 3364 προθυμίαν,
1175 3288 1372 3347 λοιπὸν
1424 3286 1572 3365 λέγει
1614 3288 1704 3343 καὶ
1757 3288 1856 3356 τήν
1903 3289 2000 3342 τοῦ
2032 3260 2074 3327 C

343 3386 480 3440 Θεοῦ
538 3383 819 3458 βοήθειαν.
877 3381 1065 3453 ’Δμεῖς
1126 3380 1222 3453 μὶν
1305 3378 1432 3456 γὰρ,
1517 3380 1705 3457 φησὶν,
1792 3377 2003 3442 ἑκόντες

345 3471 719 3544 ὑπηκούσατε,
751 3471 781 3527 ὑ
813 3466 871 3526 δὲ
912 3471 1042 3533 Θεὸς
1102 3469 1243 3543 ὑμᾶς
1302 3469 1378 3532 είς
1433 3468 1527 3526 τὸν
1585 3467 1753 3524 τύπον
1812 3471 2004 3523 τοῦτον

338 3568 443 3631 τῆς
476 3557 713 3641 διδαχῆς
743 3556 1045 3636 παρέδωκε.
1080 3563 1245 3614 Ποῖον
1277 3577 1292 3627 ;
1325 3557 1404 3615 Τὸ
1436 3558 1611 3634 ὀρθῶς
1643 3560 1739 3629 ζῇν
1798 3554 2000 3612 ἐθέλειν

341 3653 436 3708 καὶ
527 3650 779 3725 ὑγιαίνειν
867 3648 991 3727 περὶ
1048 3654 1116 3704 τα
1191 3645 1459 3725 δόγματα.
1512 3646 1693 3706 Τύπον
1752 3642 1810 3702 δέ
1867 3667 2000 3727 φησι

354 3738 614 3817 διδαχῆς,
644 3740 761 3794 οἷον
792 3739 920 3812 ’ὀρον
950 3738 1038 3793 καὶ
1072 3736 1289 3797 κανόνα,

428 3826 913 3906 Ἐλευθερωθέντες
983 3825 1041 3883 δὲ
1112 3826 1221 3883 ἀπὸ
1298 3829 1398 3896 τῆς
1472 3824 1764 3903 ἁμαρτίας,
1850 3824 2002 3883 ἐδου-

359 3919 573 3985 λώθητε
613 3922 681 3992 τῇ
743 3914 1116 3993 δικαιουσύνῃ·
1163 3914 1496 3987 ἀνθρώπινον
1561 3913 1707 3994 λέγω
1761 3913 1851 3974 διὰ
1903 3916 2002 3983 τὴν

360 4007 633 4064 ἀσθένειαν
692 4014 793 4076 τῆς
876 4006 1073 4084 σαρκὸς
1157 4006 1331 4080 ὑμῶν.
1408 4006 1609 4081 ’Ὥσπερ
1696 4007 1800 4082 γὰρ
1866 4025 2007 4079 παρ-

354 4098 613 4169 εστήσατε
662 4096 729 4153 τὰ
791 4094 934 4170 μέλη
997 4096 1153 4169 ὑμῶν
1211 4091 1384 4150 δοῦλα
1434 4098 1502 4168 τῇ
1561 4094 1860 4171 ἀκαθαρσίᾳ
1915 4093 2005 4149 καὶ

352 4192 421 4264 τῇ
478 4185 683 4263 ἀνομίᾳ
748 4184 826 4251 εἷς
880 4186 979 4257 τὴν
1069 4183 1326 4258 ἀνομίαν,
1414 4180 1588 4248 οὕτως
1662 4187 1752 4238 νῦν
1833 4202 2009 4256 παρα-

356 4279 589 4349 στήσατε
642 4275 711 4332 τὰ
771 4273 913 4350 μέλη
972 4274 1123 4350 ὑμῶν
1188 4270 1360 4328 δοῦλα
1412 4276 1482 4347 τῇ
1560 4270 1873 4349 δικαιοσύνῃ
1933 4273 2007 4336 εἰς

357 4365 643 4444 ἁγιασμύντ
701 4365 831 4423 Ὅτε
894 4364 998 4440 γὰρ
1082 4361 1277 4419 δοῦΙοι
1349 4363 1449 4433 ἥτε
1531 4369 1630 4432 τῆς
1717 4361 2007 4438 ἁμαρτίας,

352 4455 627 4533 ἐλεύθεροι
683 4456 783 4526 ἦτε
839 4457 909 4529 τῇ
970 4450 1307 4525 δικαιοσύνῃ.
1392 4451 1528 4511 Τίνα
1619 4452 1709 4508 οῦν
1796 4452 2005 4528 καρπὸν

355 4545 541 4628 εἴχετε
590 4545 736 4618 τότε,
789 4543 872 4623 ἐφ’
930 4544 1018 4607 οἷς
1077 4546 1167 4598 νῦν
1251 4541 1688 4623 ἐπαισχύνεσθες
1774 4543 1850 4601 Τὸ
1902 4543 2007 4617 γὰρ

354 4635 518 4699 τέλος
576 4636 797 4692 ἐκείνων
862 4635 1108 4699 θάνατος.

357 4726 466 4784 ἀπὸ
547 4731 649 4797 τῆς
733 4724 1029 4799 ἁμαρτίας,
1133 4719 1500 4786 δουλωθέντες
1575 4718 1633 4778 δὲ
1711 4726 1790 4795 τῷ
1868 4727 2004 4795 Θεῷ,

358 4811 516 4892 ἔχετε
570 4816 662 4870 τὸν
742 4815 948 4886 καρπὸν
1037 4812 1190 4886 ὑμῶν
1269 4811 1346 4874 είς
1430 4812 1722 4889 ἀγιασμὸν,
1806 4810 1870 4867 τὸ
1950 4808 2008 4867 δὲ

360 4910 521 4974 τέλος
582 4910 727 4980 ζωήν
787 4907 1025 4966 αἰώνιον.
1084 4907 1168 4965 Τὰ
1222 4905 1326 4985 γὰρ
1378 4905 1587 4982 ὀψώνια
1669 4912 1771 4976 τῆς
1829 4906 2008 4982 ἁμαρ-

360 5000 479 5063 τίας
521 4999 767 5065 θάνατος·
802 4998 864 5055 τὸ
896 4995 952 5053 δὲ
984 4997 1234 5073 χάρισμα
1260 4999 1357 5051 τοῦ
1395 5000 1529 5052 Θεοῦ
1589 4998 1701 5067 ζωὴ
1761 4996 2005 5064 αἰώνιος,

356 5088 411 5146 ἐν
440 5093 658 5166 Χριστῷ
691 5091 867 5160 Ἰησοῦ
893 5091 973 5160 τῷ
1004 5089 1186 5163 Κυρίῳ
1216 5088 1400 5159 ἡμῶν.

430 5177 510 5236 Οὐ
563 5178 727 5253 μόνον
786 5176 910 5253 γὰρ,
969 5173 1157 5255 φησὶν,
1190 5174 1378 5237 ὑΘεὸς
1433 5171 1804 5251 ἠλευθέρωσεν
1865 5176 2005 5247 ὑμᾶς

356 5274 457 5338 τῆς
512 5266 803 5340 ἁμαρτίας,
856 5263 1004 5323 ἀλλᾶ
1059 5264 1148 5320 καὶ
1206 5261 1481 5320 ἐδούλωσε
1535 5267 1605 5337 τῇ
1664 5260 2004 5342 δικαιοσύνῃ.

355 5393 425 5404 --
450 5360 663 5437 ]ΦΩΤ.]
700 5384 719 5408 ι
754 5357 1123 5427 Ἀνθρώπινον
1156 5354 1327 5436 λέγω.
1366 5381 1393 5407 ››
1432 5356 1804 5428 Ἀνθρώπινον
1835 5354 2003 5430 λέγω,

358 5448 514 5529 φησὶ,
535 5448 619 5518 τὸ,
652 5444 1057 5516 Ἐδουλώθητε.
1090 5443 1153 5501 οὑ
1183 5446 1285 5521 γάρ
1316 5445 1428 5501 ἐστι
1470 5444 1633 5503 τοῦτο
1679 5445 1816 5501 κατᾶ
1862 5443 2002 5518 ἁλή-

357 5550 502 5604 θειαν
534 5535 752 5593 δουλεία
780 5537 842 5590 τὸ
872 5536 1008 5591 κατᾶ
1044 5537 1143 5605 τὴν
1199 5532 1548 5605 δικαιοσύνην
1603 5534 2002 5592 πολιτεύεσθαι·

354 5626 502 5685 ἀλλά
530 5631 689 5682 τοῦτο
721 5649 754 5697 η
805 5624 1018 5694 διληθῆς
1075 5622 1353 5702 ἐλευθερία
1402 5623 1492 5680 καὶ
1541 5621 1882 5696 εὐδαιμονία·
1941 5624 2005 5684 Τί

356 5713 451 5772 οῦν
481 5713 667 5778 καλεῖς
697 5713 865 5783 αὐτὴν
897 5709 1168 5784 δουλείαν,
1202 5712 1248 5768 εἰ
1297 5713 1374 5789 μή
1423 5707 1537 5770 ἔστι
1585 5709 1809 5770 δουλεία
1831 5732 1848 5787 ;
1902 5710 2006 5781 Διά

2038 1903 2085 1968 Β

2122 615 2277 656 mur.
2311 622 2339 650 ‹‹
2372 604 2460 657 An
2491 602 2737 659 nescitis
2768 604 2927 675 quod
2961 607 3052 661 cui
3095 606 3389 663 exbibetis
3417 611 3703 683 vosipsos.
3739 637 3768 664 »

2123 689 2225 744 Cui
2258 690 2341 744 rei
2370 706 2477 762 per
2506 691 2909 749 obedientiam
2935 695 3204 768 vosipsos
3235 714 3433 754 servos
3456 700 3772 772 exhibetis,

2122 778 2235 834 hoc
2262 784 2352 834 est
2380 779 2593 838 facitis.
2629 780 3070 849 demonstratis,
3105 785 3384 842 redditis:
3420 788 3558 844 huic
3589 791 3767 848 etiam

2123 868 2185 922 in
2212 876 2514 940 posterum
2546 887 2646 925 vos
2669 888 2865 926 servos
2887 875 3179 941 statuetis,
3203 876 3531 934 voluntaria
3552 896 3769 952 nempe

2125 958 2403 1014 servitute
2434 959 2505 1015 ab
2532 959 2874 1016 obedientia
2891 964 3156 1033 praestita
3179 981 3192 1020 :
3227 965 3345 1021 sive
3364 968 3441 1022 sit
3460 977 3768 1040 peccatum

2123 1045 2283 1118 quod
2313 1048 2477 1104 ducit
2505 1048 2577 1104 ad
2613 1057 2885 1117 mortem,
2918 1052 3039 1107 sive
3068 1068 3139 1108 ea
3171 1071 3301 1126 quas
3333 1072 3466 1111 vere
3484 1057 3768 1114 obedien-

2120 1135 2206 1193 tia
2236 1143 2342 1192 est.
2379 1144 2438 1193 et
2485 1138 2557 1193 ad
2606 1139 2905 1211 justitiam
2952 1142 3320 1201 manuducit.
3352 1148 3465 1202 Aut
3520 1147 3718 1218 potius
3754 1165 3767 1204 :

2122 1224 2229 1279 Cui
2261 1224 2573 1292 exhibetis,
2604 1227 2717 1282 hoc
2746 1234 2855 1294 est,
2902 1228 2960 1282 in
2994 1246 3110 1301 quo
3142 1236 3202 1284 et
3229 1231 3558 1288 secundum
3589 1251 3768 1304 quem

2122 1313 2366 1372 modum
2400 1322 2542 1387 puta
2571 1316 2730 1388 quod
2762 1317 2819 1371 in
2855 1317 2964 1373 hoc
2996 1324 3055 1373 et
3085 1320 3411 1375 secundum
3443 1321 3601 1379 hunc
3642 1339 3769 1378 mo~

2122 1402 2264 1459 dum
2296 1404 2447 1459 servi
2473 1405 2614 1462 esiis
2642 1405 2732 1460 vel
2765 1407 2989 1477 peccati
3021 1407 3111 1463 vel
3132 1408 3404 1479 justitiaa,
3437 1411 3768 1467 secundum

2122 1509 2301 1565 quem
2332 1498 2391 1549 et
2419 1493 2480 1548 in
2507 1510 2623 1566 quo
2681 1494 2853 1550 alteri
2889 1494 3129 1551 illorum
3178 1496 3453 1554 obeditis.
3505 1501 3587 1556 Ne
3633 1501 3768 1573 quis

2122 1582 2282 1638 enim
2312 1580 2506 1638 dicat:
2535 1582 2838 1648 Quomodo
2857 1589 3054 1656 potest
3081 1585 3375 1658 quispiam
3398 1587 3611 1644 horum
3637 1590 3768 1645 ﬁeri

2120 1687 2325 1729 servus
2345 1672 2373 1729 ?
2402 1672 2645 1729 modum
2678 1673 2825 1731 281
2865 1674 3035 1746 ponit
3061 1674 3301 1731 dicens:
3334 1698 3362 1726 ‹‹
3389 1677 3495 1733 Cui
3525 1678 3766 1734 exhibe-

2118 1761 2220 1820 tis.
2264 1783 2291 1811 n

2190 1852 2316 1908 Non
2347 1850 2500 1921 dico,
2532 1852 2748 1924 inquit,
2782 1854 3139 1927 gehennam.
3173 1871 3367 1927 neque
3417 1856 3767 1915 exsistentes

2117 1941 2198 1997 ibi
2229 1959 2535 2012 carceres;
2569 1959 2645 1998 an
2677 1960 2796 1999 non
2829 1944 3021 2015 pudor
3049 1945 3178 2017 ipse
3218 1945 3524 2002 sufficiens
3556 1952 3647 2004 est
3663 1948 3767 2020 qui

2116 2048 2219 2087 vos
2240 2035 2518 2096 relrenet.
2553 2032 2711 2106 quod
2741 2033 3005 2107 vosipsos
3032 2034 3093 2089 in
3126 2034 3467 2091 servitutem
3495 2036 3604 2092 sub
3632 2052 3770 2108 pec-

2118 2127 2247 2178 cato
2274 2123 2561 2190 redigitis.
2595 2140 2729 2179 cum
2761 2123 2869 2179 sub
2903 2124 3133 2181 Christo
3156 2124 3416 2181 libertati
3440 2125 3569 2181 sitis
3595 2127 3766 2182 resti-

2118 2211 2280 2268 tuti?
2312 2235 2339 2262 α
2371 2214 2513 2284 Ejus
2544 2213 2694 2268 servi
2727 2214 2887 2269 estis.
2925 2235 2953 2263 ››
2984 2213 3172 2280 Illius,
3220 2215 3436 2286 inquit.
3478 2216 3565 2272 rei
3614 2216 3766 2272 servi

2118 2302 2262 2359 estis
2292 2302 2385 2357 cui
2418 2301 2691 2358 obeditis.
2745 2325 2769 2354 α
2824 2303 2950 2359 Sive
3010 2305 3237 2376 peccati
3295 2304 3370 2361 ad
3426 2311 3699 2363 mortem.
3739 2328 3759 2355 ι

2117 2392 2245 2448 Sive
2277 2392 2499 2465 peccati
2532 2392 2689 2464 quod
2720 2392 2884 2449 ducit
2912 2392 2985 2449 ad
3015 2401 3288 2463 mortem,
3324 2396 3443 2451 sive
3475 2395 3757 2451 obedien-

2118 2482 2216 2539 tice
2241 2499 2380 2555 erga
2410 2483 2592 2538 Deum
2624 2500 2756 2554 quae
2787 2482 2951 2539 ducit
2977 2482 3049 2539 ad
3087 2485 3383 2555 justitiam
3442 2506 3469 2533 υ
3516 2487 3761 2557 Repete.

2118 2572 2279 2628 Serv;
2309 2572 2471 2627 estis.
2508 2593 2539 2622 «
2571 2573 2769 2629 Gratia
2820 2580 3019 2629 autem
3077 2574 3277 2631 Deo.»
3340 2576 3583 2631 lncusso
3641 2574 3761 2632 illis

2121 2667 2345 2717 terrore
2376 2678 2483 2735 per
2511 2664 2852 2719 servitutem
2883 2665 3108 2735 peccati
3131 2682 3200 2720 ac
3248 2673 3497 2721 mortem
3529 2683 3663 2737 qua:
3694 2682 3765 2721 ex

2118 2751 2230 2808 hac
2261 2752 2547 2823 procedit,
2583 2754 2682 2808 Dei
2717 2753 2977 2826 suggerit
3005 2753 3333 2809 beneficia:
3367 2760 3426 2810 et
3453 2754 3590 2810 illos
3621 2770 3764 2809 con-

2121 2841 2485 2903 solando.et
2541 2842 2884 2898 facilitatem
2926 2842 3294 2898 ostendendo
3353 2843 3427 2898 ad
3487 2843 3761 2899 salutem.

2127 2949 2150 2980 ι
2183 2931 2295 2987 Sed
2325 2931 2612 2988 obedistis
2652 2948 2721 2987 ex
2752 2931 2947 2987 corde.
2980 2954 3006 2980 ››
3029 2932 3221 2998 Nullo,
3245 2932 3460 3003 inquit.
3481 2932 3596 2987 vim
3620 2931 3767 2987 infe-

2120 3026 2291 3076 rente
2322 3027 2425 3077 aut
2452 3027 2717 3095 cogente.
2758 3025 2878 3076 Hoc
2903 3037 3041 3076 vero
3072 3020 3314 3076 illorum
3346 3021 3524 3076 etiam
3583 3037 3763 3076 enco-

2121 3111 2310 3168 mium
2340 3116 2448 3165 est.
2478 3133 2504 3159 ‹‹
2539 3112 2603 3165 ln
2630 3127 2809 3182 quam
2841 3109 3092 3166 traducti
3123 3110 3284 3166 estis.
3322 3133 3343 3160 ιι
3380 3109 3603 3166 Deinde
3659 3110 3761 3167 ubi

2124 3199 2370 3257 dixisset
2389 3205 2778 3271 spontaneam
2792 3199 2973 3257 fuisse
2987 3199 3224 3257 illorum
3239 3199 3761 3272 promptitudinem

2113 3294 2550 3360 consequenter
2571 3289 2670 3344 Dei
2698 3305 2933 3360 quoque
2957 3289 3761 3361 ponitauxilium.Siquidem

2111 3395 2234 3445 vos,
2267 3378 2482 3449 inquit,
2516 3378 2833 3433 voluntarii
2866 3377 3173 3445 obedistis,
3206 3379 3361 3434 Deus
3410 3386 3609 3436 autem
3660 3396 3764 3436 vos

2113 3469 2176 3525 in
2207 3468 2361 3525 hanc
2394 3467 2681 3523 doctrina;
2713 3468 2964 3523 formam
2993 3466 3238 3523 tradidit
3279 3467 3507 3533 Quam?
3526 3474 3761 3525 utrecte

2113 3575 2180 3614 ac
2213 3574 2355 3614 sane
2385 3557 2544 3613 circa
2572 3557 2787 3612 Christi
2820 3556 3095 3630 dogmata
3114 3557 3304 3614 vivere
3328 3557 3600 3630 cupiatis.
3622 3558 3760 3614 For-

2113 3664 2271 3705 mam
2303 3653 2503 3704 autem
2537 3646 2820 3704 doctrinm
2851 3645 2995 3702 dicit
3026 3646 3349 3703 terminum
3380 3663 3447 3703 ac
3470 3647 3757 3720 regulam.

2184 3827 2490 3896 VI,18-23.
2524 3826 2788 3882 Ceterum
2819 3826 2978 3881 liberi
3027 3827 3173 3893 facti
3228 3842 3264 3880 a
3312 3829 3560 3894 peccato,
3618 3827 3763 3880 servi

2111 3920 2252 3990 facti
2280 3919 2405 3973 estis
2437 3917 2543 3988 ipsi
2564 3918 2842 3988 justitiam
2894 3915 3135 3970 humano
3180 3930 3329 3970 more
3379 3913 3573 3984 loquor
3623 3930 3761 3984 pro-

2111 4015 2237 4080 pter
2264 4008 2645 4076 inﬁrmitatem
2676 4007 2858 4061 carnis
2886 4011 3091 4061 vestra.
3123 4003 3279 4060 Sicut
3326 4006 3469 4058 enim
3501 4003 3757 4059 ecchibui-

2113 4099 2209 4153 stis
2233 4096 2479 4152 membra
2500 4103 2699 4160 vestra,
2732 4095 3026 4151 servientia
3053 4093 3429 4151 immunditiw
3458 4101 3510 4149 et
3544 4092 3758 4161 iniqui-

2115 4185 2225 4241 tati
2243 4187 2317 4241 ad
2342 4185 2730 4259 iniquitatem:
2752 4185 2834 4238 ita
2862 4200 3006 4239 nunc
3036 4182 3286 4239 exhibete
3315 4185 3556 4239 membra
3580 4189 3759 4240 vestra

2113 4277 2405 4334 servientia
2462 4276 2569 4345 ipsi
2618 4275 2858 4345 justitia:
2912 4274 2986 4328 ad
3057 4275 3563 4343 sanctiﬁcationem.
3622 4274 3757 4328 Cum

2115 4368 2260 4424 enim
2288 4366 2431 4421 servi
2459 4364 2639 4419 essetis
2660 4365 2901 4434 peccati,
2935 4361 3096 4417 liberi
3143 4364 3312 4417 eratis
3358 4364 3467 4433 ipsi
3491 4364 3753 4435 justitiw.

2116 4456 2288 4523 Quem
2319 4454 2496 4525 igitur
2513 4455 2759 4523 fructum
2791 4450 3075 4507 habebatis
3106 4457 3234 4507 tunc
3265 4453 3321 4507 in
3353 4451 3437 4506 his
3466 4451 3533 4505 de
3561 4452 3757 4523 quibus

2115 4562 2262 4602 nunc
2317 4543 2682 4599 erubescitis?
2734 4544 2872 4598 Nam
2921 4544 3046 4614 ﬁnis
3100 4543 3320 4598 illorum
3377 4558 3544 4598 mors.
3602 4544 3759 4598 Nunc

1196 4631 1333 4690 Νυνὶ
1418 4629 1476 4688 δὲ
1559 4629 2005 4710 ἐλευθερωθέντες

2120 4652 2243 4692 vero
2276 4635 2435 4691 liberi
2454 4651 2489 4690 a
2510 4638 2756 4706 peccato,
2786 4634 2930 4689 servi
2970 4638 3156 4688 autem
3183 4630 3328 4702 facti
3380 4636 3511 4699 Deo,
3544 4630 3759 4687 habetis

2112 4728 2358 4796 fructum
2388 4730 2623 4780 vestrum
2654 4725 2712 4778 in
2749 4721 3260 4791 sanctiﬁcationem,
3308 4724 3469 4792 ﬁnem
3515 4737 3639 4777 vero
3681 4722 3760 4776 vi-

2117 4822 2228 4873 tam
2255 4823 2524 4873 aeternam
2576 4813 2870 4886 Stipendia
2899 4815 3042 4869 enim
3076 4814 3293 4884 peccati
3330 4828 3470 4869 mors
3504 4829 3518 4868 :
3551 4812 3754 4868 donum

2115 4914 2298 4964 autem
2331 4907 2431 4962 Dei
2458 4908 2574 4962 vita
2602 4911 2825 4971 eterna,
2874 4920 2980 4977 per
3022 4904 3295 4960 Christum
3335 4905 3520 4960 Jesum
3578 4904 3758 4959 Domi-

2114 5013 2249 5054 num
2276 5003 2541 5053 nostrum.

2186 5179 2313 5234 Non
2344 5175 2537 5231 solum
2570 5175 2744 5237 Deus,
2769 5173 2986 5245 inquit,
3017 5172 3291 5229 liberavit
3319 5188 3419 5228 vos
3442 5189 3476 5228 a
3494 5177 3760 5244 peccato,

2117 5267 2220 5325 sed
2251 5272 2311 5322 et
2332 5265 2581 5339 justitiaa
2613 5262 2894 5320 subdidit.
2938 5285 2965 5313 (ι
3002 5263 3267 5318 Humano
3291 5278 3453 5318 more
3476 5262 3705 5334 loquor.
3732 5283 3760 5311 »

2114 5358 2404 5416 Humano.
2438 5354 2653 5427 inquit,
2686 5370 2850 5409 more
2881 5352 3115 5424 loquor,
3149 5351 3393 5408 dicens:
3430 5351 3589 5408 Servi
3617 5350 3758 5406 facti

2114 5445 2278 5507 estis,
2312 5460 2505 5517 neque
2535 5442 2694 5498 enim
2724 5442 2784 5498 id
2807 5442 2981 5514 juxta
3022 5440 3108 5497 rei
3155 5442 3459 5499 veritatem
3508 5440 3759 5497 servitus

2115 5541 2226 5604 est,
2260 5532 2588 5590 secundum
2611 5532 2908 5603 justitiam
2939 5530 3213 5587 videlicet
3243 5530 3616 5586 conversari:
3650 5529 3755 5585 sed

2114 5631 2226 5689 hoc
2256 5643 2394 5685 vera
2422 5626 2666 5683 libertas
2696 5631 2786 5683 est
2815 5642 2882 5682 ac
2914 5625 3066 5683 282
3114 5624 3387 5681 felicitas.
3451 5624 3568 5680 Cur
3618 5637 3755 5693 ergo

2113 5715 2280 5780 illam
2312 5734 2480 5777 vocas
2511 5717 2875 5785 servitutem,
2909 5716 2959 5772 si
3007 5732 3128 5773 non
3178 5720 3267 5772 est
3296 5713 3544 5771 servitus
3564 5711 3592 5767 ?
3620 5725 3759 5783 pro-
