  <div class='ocr_page' id='page_1' title='image "/cluster/home/n/w/nwhite01/storage/ocr_20150623/118/hvd.32044073502247/227.png"; bbox 0 0 4198 6198; ppageno 0'>
   <div class='ocr_carea' id='block_1_1' title="bbox 398 410 516 472">
    <p class='ocr_par' dir='ltr' id='par_1_1' title="bbox 398 410 516 472">
     <span class='ocr_line' id='line_1_1' title="bbox 398 410 516 472; baseline 0 0"><span class='ocrx_word' id='word_1_1' title='bbox 398 410 516 472; x_wconf 65' lang='grc' dir='ltr'>λιιι</span> 
     </span>
    </p>
   </div>
   <div class='ocr_carea' id='block_1_2' title="bbox 1523 393 2703 470">
    <p class='ocr_par' dir='ltr' id='par_1_2' title="bbox 1523 393 2703 470">
     <span class='ocr_line' id='line_1_2' title="bbox 1523 393 2703 470; baseline -0.01 0"><span class='ocrx_word' id='word_1_2' title='bbox 1523 402 1952 470; x_wconf 69' lang='grc' dir='ltr'>ωΟυΜΕΝΙῙ</span> <span class='ocrx_word' id='word_1_3' title='bbox 1995 393 2304 458; x_wconf 67' lang='grc' dir='ltr'>ΤΚΙΟΟΕ</span> <span class='ocrx_word' id='word_1_4' title='bbox 2348 393 2703 458; x_wconf 80' lang='lat' dir='ltr'>EPISCOPI</span> 
     </span>
    </p>
   </div>
   <div class='ocr_carea' id='block_1_3' title="bbox 3695 399 3808 460">
    <p class='ocr_par' dir='ltr' id='par_1_3' title="bbox 3695 399 3808 460">
     <span class='ocr_line' id='line_1_3' title="bbox 3695 399 3808 460; baseline 0 0"><span class='ocrx_word' id='word_1_5' title='bbox 3695 399 3808 460; x_wconf 73' lang='grc' dir='ltr'>ιιι</span> 
     </span>
    </p>
   </div>
   <div class='ocr_carea' id='block_1_4' title="bbox 401 523 2052 618">
    <p class='ocr_par' dir='ltr' id='par_1_4' title="bbox 401 532 2052 618">
     <span class='ocr_line' id='line_1_4' title="bbox 401 532 2052 618; baseline -0.009 -18"><span class='ocrx_word' id='word_1_6' title='bbox 401 549 534 618; x_wconf 86' lang='lat' dir='ltr'>pter</span> <span class='ocrx_word' id='word_1_7' title='bbox 563 541 998 606; x_wconf 73' lang='lat' dir='ltr'>infirmitatem,</span> <span class='ocrx_word' id='word_1_8' title='bbox 1027 541 1128 608; x_wconf 86' lang='lat' dir='ltr'>ait,</span> <span class='ocrx_word' id='word_1_9' title='bbox 1161 540 1363 598; x_wconf 83' lang='lat' dir='ltr'>carnis</span> <span class='ocrx_word' id='word_1_10' title='bbox 1386 545 1612 602; x_wconf 60' lang='lat' dir='ltr'>vestras,</span> <span class='ocrx_word' id='word_1_11' title='bbox 1639 539 1750 594; x_wconf 91' lang='lat' dir='ltr'>hoc</span> <span class='ocrx_word' id='word_1_12' title='bbox 1781 539 1890 600; x_wconf 89' lang='lat' dir='ltr'>est,</span> <span class='ocrx_word' id='word_1_13' title='bbox 1917 532 2052 604; x_wconf 87' lang='lat' dir='ltr'>quia</span> 
     </span>
    </p>
   </div>
   <div class='ocr_carea' id='block_1_5' title="bbox 2160 523 3814 618">
    <p class='ocr_par' dir='ltr' id='par_1_5' title="bbox 2168 523 3814 604">
     <span class='ocr_line' id='line_1_5' title="bbox 2168 523 3814 604; baseline 0.002 -23"><span class='ocrx_word' id='word_1_14' title='bbox 2168 525 2266 594; x_wconf 79' lang='grc' dir='ltr'>τήν</span> <span class='ocrx_word' id='word_1_15' title='bbox 2299 523 2597 596; x_wconf 77' lang='grc' dir='ltr'>ἀσθένειαν,</span> <span class='ocrx_word' id='word_1_16' title='bbox 2655 525 2808 604; x_wconf 74' lang='grc' dir='ltr'>φησὶ,</span> <span class='ocrx_word' id='word_1_17' title='bbox 2869 533 2970 598; x_wconf 78' lang='grc' dir='ltr'>τῆς</span> <span class='ocrx_word' id='word_1_18' title='bbox 3029 528 3225 603; x_wconf 83' lang='grc' dir='ltr'>σαρκὸς</span> <span class='ocrx_word' id='word_1_19' title='bbox 3283 529 3459 603; x_wconf 80' lang='grc' dir='ltr'>ὑμῶν,</span> <span class='ocrx_word' id='word_1_20' title='bbox 3515 527 3814 598; x_wconf 74' lang='grc' dir='ltr'>τουτέστιν,</span> 
     </span>
    </p>
   </div>
   <div class='ocr_carea' id='block_1_6' title="bbox 398 625 2050 696">
    <p class='ocr_par' dir='ltr' id='par_1_6' title="bbox 398 625 2050 696">
     <span class='ocr_line' id='line_1_6' title="bbox 398 625 2050 696; baseline -0.007 -7"><span class='ocrx_word' id='word_1_21' title='bbox 398 631 696 689; x_wconf 87' lang='lat' dir='ltr'>adversari</span> <span class='ocrx_word' id='word_1_22' title='bbox 723 631 953 685; x_wconf 89' lang='lat' dir='ltr'>videtur</span> <span class='ocrx_word' id='word_1_23' title='bbox 977 647 1187 686; x_wconf 85' lang='lat' dir='ltr'>sensus</span> <span class='ocrx_word' id='word_1_24' title='bbox 1211 631 1428 696; x_wconf 87' lang='lat' dir='ltr'>carnis,</span> <span class='ocrx_word' id='word_1_25' title='bbox 1453 637 1512 684; x_wconf 92' lang='lat' dir='ltr'>et</span> <span class='ocrx_word' id='word_1_26' title='bbox 1536 630 1695 684; x_wconf 88' lang='lat' dir='ltr'>circa</span> <span class='ocrx_word' id='word_1_27' title='bbox 1733 625 1904 682; x_wconf 89' lang='lat' dir='ltr'>initia</span> <span class='ocrx_word' id='word_1_28' title='bbox 1923 639 2050 696; x_wconf 86' lang='lat' dir='ltr'>gra-</span> 
     </span>
    </p>
   </div>
   <div class='ocr_carea' id='block_1_7' title="bbox 397 719 2055 792">
    <p class='ocr_par' dir='ltr' id='par_1_7' title="bbox 397 719 2055 792">
     <span class='ocr_line' id='line_1_7' title="bbox 397 719 2055 792; baseline -0.004 -19"><span class='ocrx_word' id='word_1_29' title='bbox 397 721 520 776; x_wconf 81' lang='lat' dir='ltr'>vari</span> <span class='ocrx_word' id='word_1_30' title='bbox 553 737 622 775; x_wconf 89' lang='lat' dir='ltr'>ac</span> <span class='ocrx_word' id='word_1_31' title='bbox 661 721 882 774; x_wconf 89' lang='lat' dir='ltr'>tristari</span> <span class='ocrx_word' id='word_1_32' title='bbox 917 720 990 774; x_wconf 91' lang='lat' dir='ltr'>ad</span> <span class='ocrx_word' id='word_1_33' title='bbox 1043 727 1340 792; x_wconf 80' lang='lat' dir='ltr'>praecepta</span> <span class='ocrx_word' id='word_1_34' title='bbox 1387 719 1676 791; x_wconf 72' lang='lat' dir='ltr'>justitizn:</span> <span class='ocrx_word' id='word_1_35' title='bbox 1741 721 2055 788; x_wconf 73' lang='lat' dir='ltr'>propterea</span> 
     </span>
    </p>
   </div>
   <div class='ocr_carea' id='block_1_8' title="bbox 399 809 2052 878">
    <p class='ocr_par' dir='ltr' id='par_1_8' title="bbox 399 809 2052 878">
     <span class='ocr_line' id='line_1_8' title="bbox 399 809 2052 878; baseline -0.007 -12"><span class='ocrx_word' id='word_1_36' title='bbox 399 809 789 866; x_wconf 82' lang='lat' dir='ltr'>considerans</span> <span class='ocrx_word' id='word_1_37' title='bbox 810 810 1222 865; x_wconf 82' lang='lat' dir='ltr'>inﬁrmitatem</span> <span class='ocrx_word' id='word_1_38' title='bbox 1245 827 1312 864; x_wconf 88' lang='lat' dir='ltr'>ac</span> <span class='ocrx_word' id='word_1_39' title='bbox 1343 809 1640 864; x_wconf 73' lang='lat' dir='ltr'>tristitiam</span> <span class='ocrx_word' id='word_1_40' title='bbox 1661 824 1792 878; x_wconf 60' lang='lat' dir='ltr'>quas</span> <span class='ocrx_word' id='word_1_41' title='bbox 1823 823 1856 860; x_wconf 89' lang='lat' dir='ltr'>a</span> <span class='ocrx_word' id='word_1_42' title='bbox 1877 817 2052 859; x_wconf 88' lang='lat' dir='ltr'>carne</span> 
     </span>
    </p>
   </div>
   <div class='ocr_carea' id='block_1_9' title="bbox 400 895 2054 969">
    <p class='ocr_par' dir='ltr' id='par_1_9' title="bbox 400 895 2054 969">
     <span class='ocr_line' id='line_1_9' title="bbox 400 895 2054 969; baseline -0.004 -17"><span class='ocrx_word' id='word_1_43' title='bbox 400 907 593 956; x_wconf 88' lang='lat' dir='ltr'>vestra</span> <span class='ocrx_word' id='word_1_44' title='bbox 623 898 914 969; x_wconf 82' lang='lat' dir='ltr'>procedit,</span> <span class='ocrx_word' id='word_1_45' title='bbox 949 899 1210 954; x_wconf 90' lang='lat' dir='ltr'>humano</span> <span class='ocrx_word' id='word_1_46' title='bbox 1243 915 1406 952; x_wconf 86' lang='lat' dir='ltr'>more</span> <span class='ocrx_word' id='word_1_47' title='bbox 1437 897 1584 952; x_wconf 81' lang='lat' dir='ltr'>illud</span> <span class='ocrx_word' id='word_1_48' title='bbox 1612 895 1902 968; x_wconf 71' lang='lat' dir='ltr'>appellavi</span> <span class='ocrx_word' id='word_1_49' title='bbox 1938 909 2054 948; x_wconf 91' lang='lat' dir='ltr'>ser-</span> 
     </span>
    </p>
   </div>
   <div class='ocr_carea' id='block_1_10' title="bbox 399 985 2054 1064">
    <p class='ocr_par' dir='ltr' id='par_1_10' title="bbox 399 985 2054 1064">
     <span class='ocr_line' id='line_1_10' title="bbox 399 985 2054 1064; baseline -0.005 -18"><span class='ocrx_word' id='word_1_50' title='bbox 399 993 662 1048; x_wconf 88' lang='lat' dir='ltr'>vitutem.</span> <span class='ocrx_word' id='word_1_51' title='bbox 701 991 1008 1064; x_wconf 88' lang='lat' dir='ltr'>Siquidem</span> <span class='ocrx_word' id='word_1_52' title='bbox 1033 1009 1166 1046; x_wconf 85' lang='lat' dir='ltr'>cum</span> <span class='ocrx_word' id='word_1_53' title='bbox 1195 993 1467 1048; x_wconf 86' lang='lat' dir='ltr'>dolentes</span> <span class='ocrx_word' id='word_1_54' title='bbox 1485 985 2054 1058; x_wconf 83' lang='lat' dir='ltr'>acinvitiquidpiain</span> 
     </span>
    </p>
   </div>
   <div class='ocr_carea' id='block_1_11' title="bbox 399 1077 2054 1152">
    <p class='ocr_par' dir='ltr' id='par_1_11' title="bbox 399 1077 2054 1152">
     <span class='ocr_line' id='line_1_11' title="bbox 399 1077 2054 1152; baseline -0.005 -16"><span class='ocrx_word' id='word_1_55' title='bbox 399 1083 671 1148; x_wconf 85' lang='lat' dir='ltr'>facimus,</span> <span class='ocrx_word' id='word_1_56' title='bbox 693 1081 952 1138; x_wconf 81' lang='lat' dir='ltr'>solemus</span> <span class='ocrx_word' id='word_1_57' title='bbox 981 1081 1068 1136; x_wconf 87' lang='lat' dir='ltr'>illi</span> <span class='ocrx_word' id='word_1_58' title='bbox 1097 1081 1428 1152; x_wconf 58' lang='lat' dir='ltr'>tyrannidis</span> <span class='ocrx_word' id='word_1_59' title='bbox 1443 1097 1510 1135; x_wconf 89' lang='lat' dir='ltr'>ac</span> <span class='ocrx_word' id='word_1_60' title='bbox 1525 1077 1821 1134; x_wconf 84' lang='lat' dir='ltr'>servitutis</span> <span class='ocrx_word' id='word_1_61' title='bbox 1837 1089 2054 1130; x_wconf 87' lang='lat' dir='ltr'>nomen</span> 
     </span>
    </p>
   </div>
   <div class='ocr_carea' id='block_1_12' title="bbox 400 1172 2054 1246">
    <p class='ocr_par' dir='ltr' id='par_1_12' title="bbox 400 1172 2054 1246">
     <span class='ocr_line' id='line_1_12' title="bbox 400 1172 2054 1246; baseline -0.007 -16"><span class='ocrx_word' id='word_1_62' title='bbox 400 1175 662 1246; x_wconf 85' lang='lat' dir='ltr'>afﬁgere.</span> <span class='ocrx_word' id='word_1_63' title='bbox 702 1175 787 1228; x_wconf 89' lang='lat' dir='ltr'>Ita</span> <span class='ocrx_word' id='word_1_64' title='bbox 819 1188 955 1244; x_wconf 85' lang='lat' dir='ltr'>ergo</span> <span class='ocrx_word' id='word_1_65' title='bbox 987 1179 1046 1226; x_wconf 93' lang='lat' dir='ltr'>et</span> <span class='ocrx_word' id='word_1_66' title='bbox 1073 1173 1289 1228; x_wconf 78' lang='lat' dir='ltr'>Paulus</span> <span class='ocrx_word' id='word_1_67' title='bbox 1334 1173 1520 1227; x_wconf 85' lang='lat' dir='ltr'>dicit:</span> <span class='ocrx_word' id='word_1_68' title='bbox 1571 1172 1840 1224; x_wconf 83' lang='lat' dir='ltr'>Humano</span> <span class='ocrx_word' id='word_1_69' title='bbox 1891 1181 2054 1222; x_wconf 88' lang='lat' dir='ltr'>more</span> 
     </span>
    </p>
   </div>
   <div class='ocr_carea' id='block_1_13' title="bbox 399 1255 2054 1334">
    <p class='ocr_par' dir='ltr' id='par_1_13' title="bbox 399 1255 2054 1334">
     <span class='ocr_line' id='line_1_13' title="bbox 399 1255 2054 1334; baseline -0.006 -14"><span class='ocrx_word' id='word_1_70' title='bbox 399 1264 614 1334; x_wconf 87' lang='lat' dir='ltr'>loquor</span> <span class='ocrx_word' id='word_1_71' title='bbox 643 1263 794 1318; x_wconf 89' lang='lat' dir='ltr'>hoc:</span> <span class='ocrx_word' id='word_1_72' title='bbox 831 1263 990 1318; x_wconf 81' lang='lat' dir='ltr'>Servi</span> <span class='ocrx_word' id='word_1_73' title='bbox 1023 1262 1162 1318; x_wconf 87' lang='lat' dir='ltr'>facti</span> <span class='ocrx_word' id='word_1_74' title='bbox 1197 1263 1339 1316; x_wconf 85' lang='lat' dir='ltr'>estis</span> <span class='ocrx_word' id='word_1_75' title='bbox 1371 1261 1482 1332; x_wconf 89' lang='lat' dir='ltr'>ipsi</span> <span class='ocrx_word' id='word_1_76' title='bbox 1509 1259 1781 1331; x_wconf 74' lang='lat' dir='ltr'>justitim.</span> <span class='ocrx_word' id='word_1_77' title='bbox 1834 1255 2054 1311; x_wconf 87' lang='lat' dir='ltr'>Deinde</span> 
     </span>
    </p>
   </div>
   <div class='ocr_carea' id='block_1_14' title="bbox 399 1345 2054 1424">
    <p class='ocr_par' dir='ltr' id='par_1_14' title="bbox 399 1345 2054 1424">
     <span class='ocr_line' id='line_1_14' title="bbox 399 1345 2054 1424; baseline -0.006 -16"><span class='ocrx_word' id='word_1_78' title='bbox 399 1353 548 1408; x_wconf 87' lang='lat' dir='ltr'>illud</span> <span class='ocrx_word' id='word_1_79' title='bbox 581 1369 816 1424; x_wconf 86' lang='lat' dir='ltr'>quoque</span> <span class='ocrx_word' id='word_1_80' title='bbox 853 1369 920 1406; x_wconf 87' lang='lat' dir='ltr'>ex</span> <span class='ocrx_word' id='word_1_81' title='bbox 954 1353 1252 1406; x_wconf 89' lang='lat' dir='ltr'>contrario</span> <span class='ocrx_word' id='word_1_82' title='bbox 1285 1351 1615 1406; x_wconf 76' lang='lat' dir='ltr'>confirmat.</span> <span class='ocrx_word' id='word_1_83' title='bbox 1685 1349 1844 1403; x_wconf 90' lang='lat' dir='ltr'>Sicut</span> <span class='ocrx_word' id='word_1_84' title='bbox 1873 1345 2054 1410; x_wconf 88' lang='lat' dir='ltr'>enim,</span> 
     </span>
    </p>
   </div>
   <div class='ocr_carea' id='block_1_15' title="bbox 400 1441 2054 1513">
    <p class='ocr_par' dir='ltr' id='par_1_15' title="bbox 400 1441 2054 1513">
     <span class='ocr_line' id='line_1_15' title="bbox 400 1441 2054 1513; baseline -0.005 -16"><span class='ocrx_word' id='word_1_85' title='bbox 400 1443 618 1513; x_wconf 87' lang='lat' dir='ltr'>inquit,</span> <span class='ocrx_word' id='word_1_86' title='bbox 653 1458 720 1496; x_wconf 89' lang='lat' dir='ltr'>ea</span> <span class='ocrx_word' id='word_1_87' title='bbox 751 1458 883 1510; x_wconf 71' lang='lat' dir='ltr'>quae</span> <span class='ocrx_word' id='word_1_88' title='bbox 917 1441 1314 1494; x_wconf 74' lang='lat' dir='ltr'>immunditiw</span> <span class='ocrx_word' id='word_1_89' title='bbox 1347 1445 1486 1495; x_wconf 89' lang='lat' dir='ltr'>sunt</span> <span class='ocrx_word' id='word_1_90' title='bbox 1529 1443 1868 1509; x_wconf 76' lang='lat' dir='ltr'>opai-antes,</span> <span class='ocrx_word' id='word_1_91' title='bbox 1903 1451 2054 1490; x_wconf 75' lang='lat' dir='ltr'>seru</span> 
     </span>
    </p>
   </div>
   <div class='ocr_carea' id='block_1_16' title="bbox 401 1523 2054 1598">
    <p class='ocr_par' dir='ltr' id='par_1_16' title="bbox 401 1523 2054 1598">
     <span class='ocr_line' id='line_1_16' title="bbox 401 1523 2054 1598; baseline -0.005 -12"><span class='ocrx_word' id='word_1_92' title='bbox 401 1531 578 1586; x_wconf 87' lang='lat' dir='ltr'>eratis</span> <span class='ocrx_word' id='word_1_93' title='bbox 597 1529 1023 1596; x_wconf 67' lang='lat' dir='ltr'>immunditiaa,</span> <span class='ocrx_word' id='word_1_94' title='bbox 1049 1529 1130 1583; x_wconf 90' lang='lat' dir='ltr'>ita</span> <span class='ocrx_word' id='word_1_95' title='bbox 1146 1545 1276 1598; x_wconf 68' lang='lat' dir='ltr'>qua)</span> <span class='ocrx_word' id='word_1_96' title='bbox 1293 1528 1542 1598; x_wconf 65' lang='lat' dir='ltr'>justitia:</span> <span class='ocrx_word' id='word_1_97' title='bbox 1567 1533 1706 1582; x_wconf 87' lang='lat' dir='ltr'>sunt</span> <span class='ocrx_word' id='word_1_98' title='bbox 1739 1523 2024 1597; x_wconf 68' lang='lat' dir='ltr'>perficient</span> <span class='ocrx_word' id='word_1_99' title='bbox 2039 1553 2054 1562; x_wconf 63' lang='grc' dir='ltr'>ι</span> 
     </span>
    </p>
   </div>
   <div class='ocr_carea' id='block_1_17' title="bbox 399 1613 2052 1688">
    <p class='ocr_par' dir='ltr' id='par_1_17' title="bbox 399 1613 2052 1688">
     <span class='ocr_line' id='line_1_17' title="bbox 399 1613 2052 1688; baseline -0.005 -14"><span class='ocrx_word' id='word_1_100' title='bbox 399 1625 510 1682; x_wconf 91' lang='lat' dir='ltr'>tes,</span> <span class='ocrx_word' id='word_1_101' title='bbox 545 1635 664 1672; x_wconf 86' lang='lat' dir='ltr'>non</span> <span class='ocrx_word' id='word_1_102' title='bbox 699 1618 998 1673; x_wconf 88' lang='lat' dir='ltr'>immerito</span> <span class='ocrx_word' id='word_1_103' title='bbox 1059 1618 1208 1672; x_wconf 83' lang='lat' dir='ltr'>servi</span> <span class='ocrx_word' id='word_1_104' title='bbox 1249 1617 1442 1672; x_wconf 74' lang='lat' dir='ltr'>vocari</span> <span class='ocrx_word' id='word_1_105' title='bbox 1490 1615 1740 1688; x_wconf 86' lang='lat' dir='ltr'>potestis</span> <span class='ocrx_word' id='word_1_106' title='bbox 1783 1613 2052 1685; x_wconf 72' lang='lat' dir='ltr'>justitiaa.</span> 
     </span>
    </p>
   </div>
   <div class='ocr_carea' id='block_1_18' title="bbox 403 1701 2058 1777">
    <p class='ocr_par' dir='ltr' id='par_1_18' title="bbox 403 1701 2058 1777">
     <span class='ocr_line' id='line_1_18' title="bbox 403 1701 2058 1777; baseline -0.005 -14"><span class='ocrx_word' id='word_1_107' title='bbox 403 1707 594 1763; x_wconf 86' lang='lat' dir='ltr'>Simul</span> <span class='ocrx_word' id='word_1_108' title='bbox 626 1714 824 1763; x_wconf 90' lang='lat' dir='ltr'>autem</span> <span class='ocrx_word' id='word_1_109' title='bbox 859 1708 968 1762; x_wconf 92' lang='lat' dir='ltr'>hoc</span> <span class='ocrx_word' id='word_1_110' title='bbox 1001 1707 1179 1762; x_wconf 89' lang='lat' dir='ltr'>etiam</span> <span class='ocrx_word' id='word_1_111' title='bbox 1207 1724 1313 1777; x_wconf 89' lang='lat' dir='ltr'>per</span> <span class='ocrx_word' id='word_1_112' title='bbox 1343 1706 1586 1762; x_wconf 86' lang='lat' dir='ltr'>modum</span> <span class='ocrx_word' id='word_1_113' title='bbox 1628 1701 2058 1758; x_wconf 83' lang='lat' dir='ltr'>exhortationis</span> 
     </span>
    </p>
   </div>
   <div class='ocr_carea' id='block_1_19' title="bbox 406 1791 2052 1868">
    <p class='ocr_par' dir='ltr' id='par_1_19' title="bbox 406 1791 2052 1868">
     <span class='ocr_line' id='line_1_19' title="bbox 406 1791 2052 1868; baseline -0.004 -16"><span class='ocrx_word' id='word_1_114' title='bbox 406 1797 744 1866; x_wconf 79' lang='lat' dir='ltr'>subjunxit:</span> <span class='ocrx_word' id='word_1_115' title='bbox 770 1797 824 1850; x_wconf 91' lang='lat' dir='ltr'>Si</span> <span class='ocrx_word' id='word_1_116' title='bbox 860 1796 1020 1850; x_wconf 90' lang='lat' dir='ltr'>enim</span> <span class='ocrx_word' id='word_1_117' title='bbox 1045 1813 1142 1851; x_wconf 91' lang='lat' dir='ltr'>vos</span> <span class='ocrx_word' id='word_1_118' title='bbox 1165 1813 1282 1850; x_wconf 90' lang='lat' dir='ltr'>non</span> <span class='ocrx_word' id='word_1_119' title='bbox 1316 1795 1527 1868; x_wconf 90' lang='lat' dir='ltr'>puduit</span> <span class='ocrx_word' id='word_1_120' title='bbox 1555 1811 1752 1850; x_wconf 86' lang='lat' dir='ltr'>servos</span> <span class='ocrx_word' id='word_1_121' title='bbox 1782 1809 1910 1848; x_wconf 86' lang='lat' dir='ltr'>esse</span> <span class='ocrx_word' id='word_1_122' title='bbox 1943 1791 2052 1846; x_wconf 91' lang='lat' dir='ltr'>im-</span> 
     </span>
    </p>
   </div>
   <div class='ocr_carea' id='block_1_20' title="bbox 403 1879 2058 1958">
    <p class='ocr_par' dir='ltr' id='par_1_20' title="bbox 403 1879 2058 1958">
     <span class='ocr_line' id='line_1_20' title="bbox 403 1879 2058 1958; baseline -0.005 -16"><span class='ocrx_word' id='word_1_123' title='bbox 403 1886 740 1948; x_wconf 71' lang='lat' dir='ltr'>munditiaa,</span> <span class='ocrx_word' id='word_1_124' title='bbox 772 1901 846 1940; x_wconf 89' lang='lat' dir='ltr'>an</span> <span class='ocrx_word' id='word_1_125' title='bbox 879 1902 999 1940; x_wconf 90' lang='lat' dir='ltr'>non</span> <span class='ocrx_word' id='word_1_126' title='bbox 1031 1885 1210 1942; x_wconf 88' lang='lat' dir='ltr'>etiam</span> <span class='ocrx_word' id='word_1_127' title='bbox 1257 1883 1656 1958; x_wconf 80' lang='lat' dir='ltr'>glori;.bimini</span> <span class='ocrx_word' id='word_1_128' title='bbox 1707 1881 1866 1952; x_wconf 91' lang='lat' dir='ltr'>quod</span> <span class='ocrx_word' id='word_1_129' title='bbox 1896 1879 2058 1952; x_wconf 91' lang='lat' dir='ltr'>digni</span> 
     </span>
    </p>
   </div>
   <div class='ocr_carea' id='block_1_21' title="bbox 414 1969 2054 2044">
    <p class='ocr_par' dir='ltr' id='par_1_21' title="bbox 414 1969 2054 2044">
     <span class='ocr_line' id='line_1_21' title="bbox 414 1969 2054 2044; baseline -0.004 -16"><span class='ocrx_word' id='word_1_130' title='bbox 414 1973 544 2028; x_wconf 89' lang='lat' dir='ltr'>sitis</span> <span class='ocrx_word' id='word_1_131' title='bbox 575 1972 760 2028; x_wconf 81' lang='lat' dir='ltr'>habiti</span> <span class='ocrx_word' id='word_1_132' title='bbox 799 1973 900 2044; x_wconf 90' lang='lat' dir='ltr'>qui</span> <span class='ocrx_word' id='word_1_133' title='bbox 927 1973 1175 2043; x_wconf 66' lang='lat' dir='ltr'>justitiaz</span> <span class='ocrx_word' id='word_1_134' title='bbox 1209 1973 1356 2028; x_wconf 75' lang='lat' dir='ltr'>servi</span> <span class='ocrx_word' id='word_1_135' title='bbox 1381 1972 1552 2027; x_wconf 87' lang='lat' dir='ltr'>sitis?</span> <span class='ocrx_word' id='word_1_136' title='bbox 1569 1971 1790 2027; x_wconf 91' lang='lat' dir='ltr'>Deinde</span> <span class='ocrx_word' id='word_1_137' title='bbox 1806 1969 1918 2026; x_wconf 90' lang='lat' dir='ltr'>hoc</span> <span class='ocrx_word' id='word_1_138' title='bbox 1939 1969 2054 2023; x_wconf 91' lang='lat' dir='ltr'>alio</span> 
     </span>
    </p>
   </div>
   <div class='ocr_carea' id='block_1_22' title="bbox 413 2058 2058 2134">
    <p class='ocr_par' dir='ltr' id='par_1_22' title="bbox 413 2058 2058 2134">
     <span class='ocr_line' id='line_1_22' title="bbox 413 2058 2058 2134; baseline -0.002 -18"><span class='ocrx_word' id='word_1_139' title='bbox 413 2078 648 2134; x_wconf 90' lang='lat' dir='ltr'>quoque</span> <span class='ocrx_word' id='word_1_140' title='bbox 679 2060 855 2117; x_wconf 91' lang='lat' dir='ltr'>modo</span> <span class='ocrx_word' id='word_1_141' title='bbox 889 2061 1239 2117; x_wconf 83' lang='lat' dir='ltr'>confirmat:</span> <span class='ocrx_word' id='word_1_142' title='bbox 1277 2067 1333 2116; x_wconf 85' lang='lat' dir='ltr'>et</span> <span class='ocrx_word' id='word_1_143' title='bbox 1363 2059 1738 2133; x_wconf 87' lang='lat' dir='ltr'>procedendo</span> <span class='ocrx_word' id='word_1_144' title='bbox 1796 2058 2058 2114; x_wconf 86' lang='lat' dir='ltr'>ostendit</span> 
     </span>
    </p>
   </div>
   <div class='ocr_carea' id='block_1_23' title="bbox 407 2147 2054 2224">
    <p class='ocr_par' dir='ltr' id='par_1_23' title="bbox 407 2147 2054 2224">
     <span class='ocr_line' id='line_1_23' title="bbox 407 2147 2054 2224; baseline -0.004 -16"><span class='ocrx_word' id='word_1_145' title='bbox 407 2151 750 2222; x_wconf 85' lang='lat' dir='ltr'>hujusmodi</span> <span class='ocrx_word' id='word_1_146' title='bbox 777 2151 1074 2206; x_wconf 79' lang='lat' dir='ltr'>servitutis</span> <span class='ocrx_word' id='word_1_147' title='bbox 1093 2151 1467 2224; x_wconf 82' lang='lat' dir='ltr'>dignitatem:</span> <span class='ocrx_word' id='word_1_148' title='bbox 1504 2149 1865 2206; x_wconf 90' lang='lat' dir='ltr'>concludens</span> <span class='ocrx_word' id='word_1_149' title='bbox 1897 2147 2054 2220; x_wconf 92' lang='lat' dir='ltr'>quod</span> 
     </span>
    </p>
   </div>
   <div class='ocr_carea' id='block_1_24' title="bbox 407 2240 2058 2314">
    <p class='ocr_par' dir='ltr' id='par_1_24' title="bbox 407 2240 2058 2314">
     <span class='ocr_line' id='line_1_24' title="bbox 407 2240 2058 2314; baseline -0.004 -16"><span class='ocrx_word' id='word_1_150' title='bbox 407 2241 534 2298; x_wconf 68' lang='lat' dir='ltr'>haec</span> <span class='ocrx_word' id='word_1_151' title='bbox 567 2243 816 2296; x_wconf 87' lang='lat' dir='ltr'>servitus</span> <span class='ocrx_word' id='word_1_152' title='bbox 839 2241 1059 2297; x_wconf 71' lang='lat' dir='ltr'>efficiat</span> <span class='ocrx_word' id='word_1_153' title='bbox 1081 2243 1183 2297; x_wconf 93' lang='lat' dir='ltr'>Dei</span> <span class='ocrx_word' id='word_1_154' title='bbox 1217 2259 1436 2310; x_wconf 85' lang='lat' dir='ltr'>servos,</span> <span class='ocrx_word' id='word_1_155' title='bbox 1462 2259 1578 2313; x_wconf 89' lang='lat' dir='ltr'>qua</span> <span class='ocrx_word' id='word_1_156' title='bbox 1605 2258 1666 2296; x_wconf 90' lang='lat' dir='ltr'>re</span> <span class='ocrx_word' id='word_1_157' title='bbox 1689 2240 1832 2314; x_wconf 90' lang='lat' dir='ltr'>quid</span> <span class='ocrx_word' id='word_1_158' title='bbox 1863 2243 2058 2312; x_wconf 89' lang='lat' dir='ltr'>potest</span> 
     </span>
    </p>
   </div>
   <div class='ocr_carea' id='block_1_25' title="bbox 406 2329 2055 2388">
    <p class='ocr_par' dir='ltr' id='par_1_25' title="bbox 406 2329 2055 2388">
     <span class='ocr_line' id='line_1_25' title="bbox 406 2329 2055 2388; baseline -0.002 -1"><span class='ocrx_word' id='word_1_159' title='bbox 406 2348 536 2388; x_wconf 90' lang='lat' dir='ltr'>esse</span> <span class='ocrx_word' id='word_1_160' title='bbox 571 2331 818 2387; x_wconf 86' lang='lat' dir='ltr'>liberius</span> <span class='ocrx_word' id='word_1_161' title='bbox 849 2337 950 2386; x_wconf 91' lang='lat' dir='ltr'>aut</span> <span class='ocrx_word' id='word_1_162' title='bbox 979 2331 1214 2386; x_wconf 80' lang='lat' dir='ltr'>felicius</span> <span class='ocrx_word' id='word_1_163' title='bbox 1237 2329 1264 2384; x_wconf 74' lang='lat' dir='ltr'>‘I</span> <span class='ocrx_word' id='word_1_164' title='bbox 1321 2332 1554 2386; x_wconf 84' lang='lat' dir='ltr'>Etenim</span> <span class='ocrx_word' id='word_1_165' title='bbox 1601 2331 1745 2386; x_wconf 89' lang='lat' dir='ltr'>dicit</span> <span class='ocrx_word' id='word_1_166' title='bbox 1777 2347 1788 2384; x_wconf 95' lang='lat'>:</span> <span class='ocrx_word' id='word_1_167' title='bbox 1836 2351 1864 2380; x_wconf 86' lang='lat'>«</span> <span class='ocrx_word' id='word_1_168' title='bbox 1891 2331 2055 2384; x_wconf 88' lang='lat' dir='ltr'>Nunc</span> 
     </span>
    </p>
   </div>
   <div class='ocr_carea' id='block_1_26' title="bbox 401 2419 2054 2492">
    <p class='ocr_par' dir='ltr' id='par_1_26' title="bbox 401 2419 2054 2492">
     <span class='ocr_line' id='line_1_26' title="bbox 401 2419 2054 2492; baseline -0.001 -18"><span class='ocrx_word' id='word_1_169' title='bbox 401 2437 536 2478; x_wconf 85' lang='lat' dir='ltr'>vero</span> <span class='ocrx_word' id='word_1_170' title='bbox 562 2421 734 2476; x_wconf 80' lang='lat' dir='ltr'>liberi</span> <span class='ocrx_word' id='word_1_171' title='bbox 757 2421 894 2476; x_wconf 80' lang='lat' dir='ltr'>facti</span> <span class='ocrx_word' id='word_1_172' title='bbox 921 2425 1240 2492; x_wconf 88' lang='lat' dir='ltr'>apeccato,</span> <span class='ocrx_word' id='word_1_173' title='bbox 1275 2421 1424 2475; x_wconf 84' lang='lat' dir='ltr'>servi</span> <span class='ocrx_word' id='word_1_174' title='bbox 1455 2425 1652 2476; x_wconf 84' lang='lat' dir='ltr'>autem</span> <span class='ocrx_word' id='word_1_175' title='bbox 1681 2419 1818 2474; x_wconf 86' lang='lat' dir='ltr'>facti</span> <span class='ocrx_word' id='word_1_176' title='bbox 1851 2419 1990 2482; x_wconf 87' lang='lat' dir='ltr'>Deo,</span> <span class='ocrx_word' id='word_1_177' title='bbox 2027 2439 2054 2464; x_wconf 85' lang='grc'><strong>››</strong></span> 
     </span>
    </p>
   </div>
   <div class='ocr_carea' id='block_1_27' title="bbox 407 2506 2056 2581">
    <p class='ocr_par' dir='ltr' id='par_1_27' title="bbox 407 2506 2056 2581">
     <span class='ocr_line' id='line_1_27' title="bbox 407 2506 2056 2581; baseline -0.004 -15"><span class='ocrx_word' id='word_1_178' title='bbox 407 2516 518 2566; x_wconf 86' lang='lat' dir='ltr'>etc.</span> <span class='ocrx_word' id='word_1_179' title='bbox 553 2516 704 2564; x_wconf 78' lang='lat' dir='ltr'>Aut:</span> <span class='ocrx_word' id='word_1_180' title='bbox 741 2511 1011 2566; x_wconf 86' lang='lat' dir='ltr'>Humano</span> <span class='ocrx_word' id='word_1_181' title='bbox 1045 2527 1210 2564; x_wconf 90' lang='lat' dir='ltr'>more</span> <span class='ocrx_word' id='word_1_182' title='bbox 1235 2509 1466 2581; x_wconf 88' lang='lat' dir='ltr'>loquor,</span> <span class='ocrx_word' id='word_1_183' title='bbox 1489 2509 1536 2564; x_wconf 91' lang='lat' dir='ltr'>si</span> <span class='ocrx_word' id='word_1_184' title='bbox 1561 2525 1666 2580; x_wconf 90' lang='lat' dir='ltr'>per</span> <span class='ocrx_word' id='word_1_185' title='bbox 1687 2506 2056 2580; x_wconf 80' lang='lat' dir='ltr'>hyperbaton</span> 
     </span>
    </p>
   </div>
   <div class='ocr_carea' id='block_1_28' title="bbox 405 2595 2056 2672">
    <p class='ocr_par' dir='ltr' id='par_1_28' title="bbox 405 2595 2056 2672">
     <span class='ocr_line' id='line_1_28' title="bbox 405 2595 2056 2672; baseline -0.003 -17"><span class='ocrx_word' id='word_1_186' title='bbox 405 2599 791 2672; x_wconf 77' lang='lat' dir='ltr'>intelligatur,</span> <span class='ocrx_word' id='word_1_187' title='bbox 825 2605 892 2654; x_wconf 90' lang='lat' dir='ltr'>ut</span> <span class='ocrx_word' id='word_1_188' title='bbox 921 2599 994 2654; x_wconf 90' lang='lat' dir='ltr'>ad</span> <span class='ocrx_word' id='word_1_189' title='bbox 1031 2599 1090 2653; x_wconf 92' lang='lat' dir='ltr'>id</span> <span class='ocrx_word' id='word_1_190' title='bbox 1119 2599 1278 2669; x_wconf 89' lang='lat' dir='ltr'>quod</span> <span class='ocrx_word' id='word_1_191' title='bbox 1312 2599 1578 2669; x_wconf 86' lang='lat' dir='ltr'>sequitur</span> <span class='ocrx_word' id='word_1_192' title='bbox 1600 2598 1768 2669; x_wconf 87' lang='lat' dir='ltr'>jungi</span> <span class='ocrx_word' id='word_1_193' title='bbox 1802 2595 2012 2652; x_wconf 86' lang='lat' dir='ltr'>debeat</span> <span class='ocrx_word' id='word_1_194' title='bbox 2040 2610 2056 2650; x_wconf 89' lang='lat'>:</span> 
     </span>
    </p>
   </div>
   <div class='ocr_carea' id='block_1_29' title="bbox 402 2685 2057 2757">
    <p class='ocr_par' dir='ltr' id='par_1_29' title="bbox 402 2685 2057 2757">
     <span class='ocr_line' id='line_1_29' title="bbox 402 2685 2057 2757; baseline -0.005 -11"><span class='ocrx_word' id='word_1_195' title='bbox 402 2689 486 2746; x_wconf 88' lang='lat' dir='ltr'>ita</span> <span class='ocrx_word' id='word_1_196' title='bbox 517 2705 676 2744; x_wconf 89' lang='lat' dir='ltr'>nunc</span> <span class='ocrx_word' id='word_1_197' title='bbox 709 2689 982 2744; x_wconf 82' lang='lat' dir='ltr'>exhibete</span> <span class='ocrx_word' id='word_1_198' title='bbox 1007 2689 1275 2744; x_wconf 89' lang='lat' dir='ltr'>membra</span> <span class='ocrx_word' id='word_1_199' title='bbox 1299 2695 1492 2743; x_wconf 87' lang='lat' dir='ltr'>vestra</span> <span class='ocrx_word' id='word_1_200' title='bbox 1513 2685 2057 2757; x_wconf 61' lang='lat' dir='ltr'>sc-rvientiaipsiju-</span> 
     </span>
    </p>
   </div>
   <div class='ocr_carea' id='block_1_30' title="bbox 402 2775 2057 2848">
    <p class='ocr_par' dir='ltr' id='par_1_30' title="bbox 402 2775 2057 2848">
     <span class='ocr_line' id='line_1_30' title="bbox 402 2775 2057 2848; baseline -0.002 -14"><span class='ocrx_word' id='word_1_201' title='bbox 402 2779 578 2834; x_wconf 77' lang='lat' dir='ltr'>stitiw</span> <span class='ocrx_word' id='word_1_202' title='bbox 604 2778 678 2832; x_wconf 89' lang='lat' dir='ltr'>ad</span> <span class='ocrx_word' id='word_1_203' title='bbox 705 2778 1436 2843; x_wconf 80' lang='lat' dir='ltr'>sanctificationem.Quod</span> <span class='ocrx_word' id='word_1_204' title='bbox 1453 2778 1498 2832; x_wconf 92' lang='lat' dir='ltr'>si</span> <span class='ocrx_word' id='word_1_205' title='bbox 1523 2777 1604 2832; x_wconf 88' lang='lat' dir='ltr'>ita</span> <span class='ocrx_word' id='word_1_206' title='bbox 1621 2775 2057 2848; x_wconf 88' lang='lat' dir='ltr'>exponatur,si-</span> 
     </span>
    </p>
   </div>
   <div class='ocr_carea' id='block_1_31' title="bbox 401 2863 2056 2940">
    <p class='ocr_par' dir='ltr' id='par_1_31' title="bbox 401 2863 2056 2940">
     <span class='ocr_line' id='line_1_31' title="bbox 401 2863 2056 2940; baseline 0 -20"><span class='ocrx_word' id='word_1_207' title='bbox 401 2867 684 2940; x_wconf 84' lang='lat' dir='ltr'>gniﬁcare</span> <span class='ocrx_word' id='word_1_208' title='bbox 717 2873 910 2938; x_wconf 81' lang='lat' dir='ltr'>potest</span> <span class='ocrx_word' id='word_1_209' title='bbox 935 2884 948 2920; x_wconf 93' lang='lat'>:</span> <span class='ocrx_word' id='word_1_210' title='bbox 985 2867 1272 2922; x_wconf 84' lang='lat' dir='ltr'>Mediocre</span> <span class='ocrx_word' id='word_1_211' title='bbox 1298 2867 1582 2938; x_wconf 89' lang='lat' dir='ltr'>quiddam</span> <span class='ocrx_word' id='word_1_212' title='bbox 1604 2866 1722 2920; x_wconf 81' lang='lat' dir='ltr'>dixi</span> <span class='ocrx_word' id='word_1_213' title='bbox 1747 2882 1814 2920; x_wconf 91' lang='lat' dir='ltr'>ac</span> <span class='ocrx_word' id='word_1_214' title='bbox 1835 2863 2056 2920; x_wconf 88' lang='lat' dir='ltr'>humile</span> 
     </span>
    </p>
   </div>
   <div class='ocr_carea' id='block_1_32' title="bbox 407 2955 2056 3028">
    <p class='ocr_par' dir='ltr' id='par_1_32' title="bbox 407 2955 2056 3028">
     <span class='ocr_line' id='line_1_32' title="bbox 407 2955 2056 3028; baseline -0.002 -16"><span class='ocrx_word' id='word_1_215' title='bbox 407 2973 542 3012; x_wconf 88' lang='lat' dir='ltr'>cum</span> <span class='ocrx_word' id='word_1_216' title='bbox 555 2957 679 3012; x_wconf 59' lang='lat' dir='ltr'>haec</span> <span class='ocrx_word' id='word_1_217' title='bbox 693 2957 974 3012; x_wconf 89' lang='lat' dir='ltr'>dicerem.</span> <span class='ocrx_word' id='word_1_218' title='bbox 1011 2960 1152 3013; x_wconf 79' lang='lat' dir='ltr'>Nam</span> <span class='ocrx_word' id='word_1_219' title='bbox 1178 2957 1446 3012; x_wconf 89' lang='lat' dir='ltr'>absolute</span> <span class='ocrx_word' id='word_1_220' title='bbox 1463 2957 1715 3028; x_wconf 87' lang='lat' dir='ltr'>loquens</span> <span class='ocrx_word' id='word_1_221' title='bbox 1737 2955 1934 3011; x_wconf 89' lang='lat' dir='ltr'>dicere</span> <span class='ocrx_word' id='word_1_222' title='bbox 1957 2971 2056 3026; x_wconf 86' lang='lat' dir='ltr'>po-</span> 
     </span>
    </p>
   </div>
   <div class='ocr_carea' id='block_1_33' title="bbox 399 3043 2058 3114">
    <p class='ocr_par' dir='ltr' id='par_1_33' title="bbox 399 3043 2058 3114">
     <span class='ocr_line' id='line_1_33' title="bbox 399 3043 2058 3114; baseline -0.003 -12"><span class='ocrx_word' id='word_1_223' title='bbox 399 3047 649 3102; x_wconf 89' lang='lat' dir='ltr'>tuissem</span> <span class='ocrx_word' id='word_1_224' title='bbox 681 3063 692 3100; x_wconf 88' lang='lat'>:</span> <span class='ocrx_word' id='word_1_225' title='bbox 728 3047 1012 3102; x_wconf 83' lang='lat' dir='ltr'>Exhibete</span> <span class='ocrx_word' id='word_1_226' title='bbox 1045 3047 1313 3103; x_wconf 89' lang='lat' dir='ltr'>membra</span> <span class='ocrx_word' id='word_1_227' title='bbox 1343 3053 1536 3104; x_wconf 86' lang='lat' dir='ltr'>vestra</span> <span class='ocrx_word' id='word_1_228' title='bbox 1571 3045 1890 3101; x_wconf 85' lang='lat' dir='ltr'>servientia</span> <span class='ocrx_word' id='word_1_229' title='bbox 1943 3043 2058 3114; x_wconf 90' lang='lat' dir='ltr'>ipsi</span> 
     </span>
    </p>
   </div>
   <div class='ocr_carea' id='block_1_34' title="bbox 395 3133 2060 3208">
    <p class='ocr_par' dir='ltr' id='par_1_34' title="bbox 395 3133 2060 3208">
     <span class='ocr_line' id='line_1_34' title="bbox 395 3133 2060 3208; baseline -0.002 -16"><span class='ocrx_word' id='word_1_230' title='bbox 395 3137 670 3208; x_wconf 66' lang='lat' dir='ltr'>justitiar,</span> <span class='ocrx_word' id='word_1_231' title='bbox 701 3152 821 3192; x_wconf 89' lang='lat' dir='ltr'>non</span> <span class='ocrx_word' id='word_1_232' title='bbox 853 3137 1030 3191; x_wconf 86' lang='lat' dir='ltr'>veluti</span> <span class='ocrx_word' id='word_1_233' title='bbox 1065 3137 1178 3208; x_wconf 88' lang='lat' dir='ltr'>ipsi</span> <span class='ocrx_word' id='word_1_234' title='bbox 1205 3143 1470 3208; x_wconf 84' lang='lat' dir='ltr'>peccato,</span> <span class='ocrx_word' id='word_1_235' title='bbox 1499 3135 1602 3190; x_wconf 90' lang='lat' dir='ltr'>sed</span> <span class='ocrx_word' id='word_1_236' title='bbox 1625 3135 1812 3190; x_wconf 88' lang='lat' dir='ltr'>multo</span> <span class='ocrx_word' id='word_1_237' title='bbox 1840 3133 2060 3190; x_wconf 89' lang='lat' dir='ltr'>studio-</span> 
     </span>
    </p>
   </div>
   <div class='ocr_carea' id='block_1_35' title="bbox 404 3221 2058 3296">
    <p class='ocr_par' dir='ltr' id='par_1_35' title="bbox 404 3221 2058 3296">
     <span class='ocr_line' id='line_1_35' title="bbox 404 3221 2058 3296; baseline -0.003 -16"><span class='ocrx_word' id='word_1_238' title='bbox 404 3226 548 3280; x_wconf 90' lang='lat' dir='ltr'>sius.</span> <span class='ocrx_word' id='word_1_239' title='bbox 585 3227 748 3280; x_wconf 77' lang='lat' dir='ltr'>Nunc</span> <span class='ocrx_word' id='word_1_240' title='bbox 767 3231 964 3280; x_wconf 86' lang='lat' dir='ltr'>autem</span> <span class='ocrx_word' id='word_1_241' title='bbox 989 3231 1228 3296; x_wconf 82' lang='lat' dir='ltr'>prepter</span> <span class='ocrx_word' id='word_1_242' title='bbox 1251 3231 1524 3284; x_wconf 84' lang='lat' dir='ltr'>vestram.</span> <span class='ocrx_word' id='word_1_243' title='bbox 1550 3223 1762 3295; x_wconf 86' lang='lat' dir='ltr'>inquit,</span> <span class='ocrx_word' id='word_1_244' title='bbox 1787 3221 2058 3277; x_wconf 88' lang='lat' dir='ltr'>imbecil-</span> 
     </span>
    </p>
   </div>
   <div class='ocr_carea' id='block_1_36' title="bbox 399 3313 2053 3388">
    <p class='ocr_par' dir='ltr' id='par_1_36' title="bbox 399 3313 2053 3388">
     <span class='ocr_line' id='line_1_36' title="bbox 399 3313 2053 3388; baseline -0.004 -14"><span class='ocrx_word' id='word_1_245' title='bbox 399 3315 652 3382; x_wconf 89' lang='lat' dir='ltr'>litatem,</span> <span class='ocrx_word' id='word_1_246' title='bbox 685 3317 766 3371; x_wconf 89' lang='lat' dir='ltr'>ita</span> <span class='ocrx_word' id='word_1_247' title='bbox 788 3317 1066 3388; x_wconf 89' lang='lat' dir='ltr'>depresse</span> <span class='ocrx_word' id='word_1_248' title='bbox 1090 3333 1158 3372; x_wconf 87' lang='lat' dir='ltr'>ac</span> <span class='ocrx_word' id='word_1_249' title='bbox 1184 3317 1448 3371; x_wconf 87' lang='lat' dir='ltr'>modeste</span> <span class='ocrx_word' id='word_1_250' title='bbox 1468 3315 1608 3371; x_wconf 79' lang='lat' dir='ltr'>dixi.</span> <span class='ocrx_word' id='word_1_251' title='bbox 1645 3315 1766 3380; x_wconf 89' lang='lat' dir='ltr'>Vel,</span> <span class='ocrx_word' id='word_1_252' title='bbox 1789 3313 2053 3369; x_wconf 85' lang='lat' dir='ltr'>Modera-</span> 
     </span>
    </p>
   </div>
   <div class='ocr_carea' id='block_1_37' title="bbox 401 3405 2055 3477">
    <p class='ocr_par' dir='ltr' id='par_1_37' title="bbox 401 3405 2055 3477">
     <span class='ocr_line' id='line_1_37' title="bbox 401 3405 2055 3477; baseline -0.003 -16"><span class='ocrx_word' id='word_1_253' title='bbox 401 3411 526 3461; x_wconf 87' lang='lat' dir='ltr'>tum</span> <span class='ocrx_word' id='word_1_254' title='bbox 552 3405 834 3477; x_wconf 81' lang='lat' dir='ltr'>quiddam</span> <span class='ocrx_word' id='word_1_255' title='bbox 867 3407 1078 3476; x_wconf 89' lang='lat' dir='ltr'>loquor</span> <span class='ocrx_word' id='word_1_256' title='bbox 1103 3423 1170 3462; x_wconf 89' lang='lat' dir='ltr'>ac</span> <span class='ocrx_word' id='word_1_257' title='bbox 1201 3405 1511 3477; x_wconf 89' lang='lat' dir='ltr'>pusillum,</span> <span class='ocrx_word' id='word_1_258' title='bbox 1539 3419 1734 3474; x_wconf 90' lang='lat' dir='ltr'>neque</span> <span class='ocrx_word' id='word_1_259' title='bbox 1751 3417 2055 3475; x_wconf 83' lang='lat' dir='ltr'>supergre-</span> 
     </span>
    </p>
   </div>
   <div class='ocr_carea' id='block_1_38' title="bbox 403 3494 2054 3560">
    <p class='ocr_par' dir='ltr' id='par_1_38' title="bbox 403 3494 2054 3560">
     <span class='ocr_line' id='line_1_38' title="bbox 403 3494 2054 3560; baseline -0.004 -8"><span class='ocrx_word' id='word_1_260' title='bbox 403 3495 573 3552; x_wconf 90' lang='lat' dir='ltr'>diens</span> <span class='ocrx_word' id='word_1_261' title='bbox 604 3501 832 3552; x_wconf 68' lang='lat' dir='ltr'>naturas</span> <span class='ocrx_word' id='word_1_262' title='bbox 863 3495 1356 3560; x_wconf 87' lang='lat' dir='ltr'>imbecillitatem,</span> <span class='ocrx_word' id='word_1_263' title='bbox 1419 3494 1896 3551; x_wconf 84' lang='lat' dir='ltr'>adhortationem</span> <span class='ocrx_word' id='word_1_264' title='bbox 1944 3509 2054 3546; x_wconf 89' lang='lat' dir='ltr'>na-</span> 
     </span>
    </p>
   </div>
   <div class='ocr_carea' id='block_1_39' title="bbox 395 3583 2054 3657">
    <p class='ocr_par' dir='ltr' id='par_1_39' title="bbox 395 3583 2054 3657">
     <span class='ocr_line' id='line_1_39' title="bbox 395 3583 2054 3657; baseline -0.005 -15"><span class='ocrx_word' id='word_1_265' title='bbox 395 3590 544 3642; x_wconf 82' lang='lat' dir='ltr'>turm</span> <span class='ocrx_word' id='word_1_266' title='bbox 575 3591 944 3657; x_wconf 88' lang='lat' dir='ltr'>attempero:</span> <span class='ocrx_word' id='word_1_267' title='bbox 979 3586 1116 3640; x_wconf 86' lang='lat' dir='ltr'>novi</span> <span class='ocrx_word' id='word_1_268' title='bbox 1151 3585 1310 3640; x_wconf 89' lang='lat' dir='ltr'>enim</span> <span class='ocrx_word' id='word_1_269' title='bbox 1371 3585 1472 3654; x_wconf 89' lang='lat' dir='ltr'>qui</span> <span class='ocrx_word' id='word_1_270' title='bbox 1523 3583 1584 3638; x_wconf 92' lang='lat' dir='ltr'>in</span> <span class='ocrx_word' id='word_1_271' title='bbox 1635 3583 1874 3638; x_wconf 87' lang='lat' dir='ltr'>mortali</span> <span class='ocrx_word' id='word_1_272' title='bbox 1923 3597 2054 3636; x_wconf 89' lang='lat' dir='ltr'>cor-</span> 
     </span>
    </p>
   </div>
   <div class='ocr_carea' id='block_1_40' title="bbox 401 3671 2052 3748">
    <p class='ocr_par' dir='ltr' id='par_1_40' title="bbox 401 3671 2052 3748">
     <span class='ocr_line' id='line_1_40' title="bbox 401 3671 2052 3748; baseline -0.003 -19"><span class='ocrx_word' id='word_1_273' title='bbox 401 3691 544 3748; x_wconf 89' lang='lat' dir='ltr'>pore</span> <span class='ocrx_word' id='word_1_274' title='bbox 577 3681 923 3730; x_wconf 84' lang='lat' dir='ltr'>moveantur</span> <span class='ocrx_word' id='word_1_275' title='bbox 971 3675 1236 3729; x_wconf 78' lang='lat' dir='ltr'>afl‘ectus.</span> <span class='ocrx_word' id='word_1_276' title='bbox 1294 3695 1320 3722; x_wconf 79' lang='grc' dir='ltr'>ι(</span> <span class='ocrx_word' id='word_1_277' title='bbox 1355 3671 1561 3727; x_wconf 86' lang='lat' dir='ltr'>Carnis</span> <span class='ocrx_word' id='word_1_278' title='bbox 1605 3677 1833 3726; x_wconf 66' lang='lat' dir='ltr'>vestra).</span> <span class='ocrx_word' id='word_1_279' title='bbox 1863 3689 1888 3721; x_wconf 74' lang='grc' dir='ltr'>ιι</span> <span class='ocrx_word' id='word_1_280' title='bbox 1927 3672 2052 3724; x_wconf 84' lang='lat' dir='ltr'>Non</span> 
     </span>
    </p>
   </div>
   <div class='ocr_carea' id='block_1_41' title="bbox 405 3757 2050 3832">
    <p class='ocr_par' dir='ltr' id='par_1_41' title="bbox 405 3757 2050 3832">
     <span class='ocr_line' id='line_1_41' title="bbox 405 3757 2050 3832; baseline -0.005 -12"><span class='ocrx_word' id='word_1_281' title='bbox 405 3764 574 3830; x_wconf 81' lang='lat' dir='ltr'>dixit,</span> <span class='ocrx_word' id='word_1_282' title='bbox 613 3763 942 3818; x_wconf 88' lang='lat' dir='ltr'>Voluntatis</span> <span class='ocrx_word' id='word_1_283' title='bbox 972 3769 1074 3818; x_wconf 89' lang='lat' dir='ltr'>aut</span> <span class='ocrx_word' id='word_1_284' title='bbox 1094 3762 1507 3832; x_wconf 66' lang='lat' dir='ltr'>concupiscent</span> <span class='ocrx_word' id='word_1_285' title='bbox 1525 3761 1610 3820; x_wconf 59' lang='lat' dir='ltr'>Em,</span> <span class='ocrx_word' id='word_1_286' title='bbox 1630 3758 1786 3830; x_wconf 87' lang='lat' dir='ltr'>quod</span> <span class='ocrx_word' id='word_1_287' title='bbox 1810 3757 2050 3813; x_wconf 90' lang='lat' dir='ltr'>illorum</span> 
     </span>
    </p>
   </div>
   <div class='ocr_carea' id='block_1_42' title="bbox 403 3846 2052 3926">
    <p class='ocr_par' dir='ltr' id='par_1_42' title="bbox 403 3846 2052 3926">
     <span class='ocr_line' id='line_1_42' title="bbox 403 3846 2052 3926; baseline -0.005 -15"><span class='ocrx_word' id='word_1_288' title='bbox 403 3855 780 3926; x_wconf 89' lang='lat' dir='ltr'>iniquitatem</span> <span class='ocrx_word' id='word_1_289' title='bbox 816 3851 1194 3916; x_wconf 78' lang='lat' dir='ltr'>ostendisset,</span> <span class='ocrx_word' id='word_1_290' title='bbox 1230 3851 1332 3905; x_wconf 90' lang='lat' dir='ltr'>sed</span> <span class='ocrx_word' id='word_1_291' title='bbox 1364 3871 1392 3899; x_wconf 81' lang='grc' dir='ltr'>ι(</span> <span class='ocrx_word' id='word_1_292' title='bbox 1426 3849 1630 3904; x_wconf 83' lang='lat' dir='ltr'>Carnis</span> <span class='ocrx_word' id='word_1_293' title='bbox 1665 3869 1688 3897; x_wconf 75' lang='grc' dir='ltr'>ιι</span> <span class='ocrx_word' id='word_1_294' title='bbox 1730 3848 1832 3912; x_wconf 88' lang='lat' dir='ltr'>ait,</span> <span class='ocrx_word' id='word_1_295' title='bbox 1894 3846 2052 3917; x_wconf 89' lang='lat' dir='ltr'>quod</span> 
     </span>
    </p>
   </div>
   <div class='ocr_carea' id='block_1_43' title="bbox 415 3935 2053 4016">
    <p class='ocr_par' dir='ltr' id='par_1_43' title="bbox 415 3935 2053 4016">
     <span class='ocr_line' id='line_1_43' title="bbox 415 3935 2053 4016; baseline -0.004 -18"><span class='ocrx_word' id='word_1_296' title='bbox 415 3949 630 4016; x_wconf 82' lang='lat' dir='ltr'>praeter</span> <span class='ocrx_word' id='word_1_297' title='bbox 655 3947 911 3996; x_wconf 88' lang='lat' dir='ltr'>mentem</span> <span class='ocrx_word' id='word_1_298' title='bbox 941 3941 1182 3996; x_wconf 88' lang='lat' dir='ltr'>illorum</span> <span class='ocrx_word' id='word_1_299' title='bbox 1203 3939 1400 3994; x_wconf 82' lang='lat' dir='ltr'>ﬁebat.</span> <span class='ocrx_word' id='word_1_300' title='bbox 1426 3939 1543 3994; x_wconf 84' lang='lat' dir='ltr'>Hoc</span> <span class='ocrx_word' id='word_1_301' title='bbox 1559 3943 1755 3993; x_wconf 90' lang='lat' dir='ltr'>autem</span> <span class='ocrx_word' id='word_1_302' title='bbox 1773 3935 2053 3992; x_wconf 82' lang='lat' dir='ltr'>dicitefﬁ-</span> 
     </span>
    </p>
   </div>
   <div class='ocr_carea' id='block_1_44' title="bbox 403 4026 2052 4099">
    <p class='ocr_par' dir='ltr' id='par_1_44' title="bbox 403 4026 2052 4099">
     <span class='ocr_line' id='line_1_44' title="bbox 403 4026 2052 4099; baseline -0.003 -12"><span class='ocrx_word' id='word_1_303' title='bbox 403 4033 565 4087; x_wconf 87' lang='lat' dir='ltr'>ciens</span> <span class='ocrx_word' id='word_1_304' title='bbox 597 4045 671 4086; x_wconf 89' lang='lat' dir='ltr'>ne</span> <span class='ocrx_word' id='word_1_305' title='bbox 703 4047 899 4085; x_wconf 87' lang='lat' dir='ltr'>sermo</span> <span class='ocrx_word' id='word_1_306' title='bbox 933 4030 1080 4085; x_wconf 90' lang='lat' dir='ltr'>dure</span> <span class='ocrx_word' id='word_1_307' title='bbox 1105 4029 1447 4099; x_wconf 86' lang='lat' dir='ltr'>accipiatur.</span> <span class='ocrx_word' id='word_1_308' title='bbox 1485 4051 1510 4075; x_wconf 79' lang='grc' dir='ltr'>α</span> <span class='ocrx_word' id='word_1_309' title='bbox 1549 4027 1710 4082; x_wconf 91' lang='lat' dir='ltr'>Sicut</span> <span class='ocrx_word' id='word_1_310' title='bbox 1755 4026 1915 4080; x_wconf 88' lang='lat' dir='ltr'>enim</span> <span class='ocrx_word' id='word_1_311' title='bbox 1950 4043 2052 4082; x_wconf 79' lang='lat' dir='ltr'>ex-</span> 
     </span>
    </p>
   </div>
   <div class='ocr_carea' id='block_1_45' title="bbox 401 4115 2048 4188">
    <p class='ocr_par' dir='ltr' id='par_1_45' title="bbox 401 4115 2048 4188">
     <span class='ocr_line' id='line_1_45' title="bbox 401 4115 2048 4188; baseline -0.003 -13"><span class='ocrx_word' id='word_1_312' title='bbox 401 4119 699 4176; x_wconf 87' lang='lat' dir='ltr'>hibuistis.</span> <span class='ocrx_word' id='word_1_313' title='bbox 729 4139 756 4166; x_wconf 76' lang='grc'>»</span> <span class='ocrx_word' id='word_1_314' title='bbox 787 4117 966 4172; x_wconf 78' lang='lat' dir='ltr'>Multo</span> <span class='ocrx_word' id='word_1_315' title='bbox 995 4119 1278 4186; x_wconf 83' lang='lat' dir='ltr'>majorem</span> <span class='ocrx_word' id='word_1_316' title='bbox 1299 4115 1904 4188; x_wconf 85' lang='lat' dir='ltr'>oportebatexhibere</span> <span class='ocrx_word' id='word_1_317' title='bbox 1927 4131 2048 4171; x_wconf 87' lang='lat' dir='ltr'>ser-</span> 
     </span>
    </p>
   </div>
   <div class='ocr_carea' id='block_1_46' title="bbox 397 4205 2048 4278">
    <p class='ocr_par' dir='ltr' id='par_1_46' title="bbox 397 4205 2048 4278">
     <span class='ocr_line' id='line_1_46' title="bbox 397 4205 2048 4278; baseline -0.003 -12"><span class='ocrx_word' id='word_1_318' title='bbox 397 4211 642 4266; x_wconf 88' lang='lat' dir='ltr'>vitutem</span> <span class='ocrx_word' id='word_1_319' title='bbox 665 4207 892 4262; x_wconf 73' lang='lat' dir='ltr'>Christo</span> <span class='ocrx_word' id='word_1_320' title='bbox 913 4207 1065 4263; x_wconf 75' lang='lat'><strong>283</strong></span> <span class='ocrx_word' id='word_1_321' title='bbox 1088 4223 1154 4261; x_wconf 86' lang='lat' dir='ltr'>ac</span> <span class='ocrx_word' id='word_1_322' title='bbox 1173 4206 1422 4277; x_wconf 75' lang='lat' dir='ltr'>justitim</span> <span class='ocrx_word' id='word_1_323' title='bbox 1454 4222 1632 4278; x_wconf 86' lang='lat' dir='ltr'>quam</span> <span class='ocrx_word' id='word_1_324' title='bbox 1664 4205 2048 4262; x_wconf 81' lang='lat' dir='ltr'>exhibueritis</span> 
     </span>
    </p>
   </div>
   <div class='ocr_carea' id='block_1_47' title="bbox 403 4297 2049 4368">
    <p class='ocr_par' dir='ltr' id='par_1_47' title="bbox 403 4297 2049 4368">
     <span class='ocr_line' id='line_1_47' title="bbox 403 4297 2049 4368; baseline -0.002 -12"><span class='ocrx_word' id='word_1_325' title='bbox 403 4297 798 4356; x_wconf 71' lang='lat' dir='ltr'>immunditire</span> <span class='ocrx_word' id='word_1_326' title='bbox 832 4304 890 4351; x_wconf 91' lang='lat' dir='ltr'>et</span> <span class='ocrx_word' id='word_1_327' title='bbox 921 4297 1218 4368; x_wconf 85' lang='lat' dir='ltr'>iniquitati</span> <span class='ocrx_word' id='word_1_328' title='bbox 1253 4297 1326 4352; x_wconf 89' lang='lat' dir='ltr'>ad</span> <span class='ocrx_word' id='word_1_329' title='bbox 1379 4297 1756 4368; x_wconf 88' lang='lat' dir='ltr'>iniquitatem</span> <span class='ocrx_word' id='word_1_330' title='bbox 1789 4313 1801 4350; x_wconf 90' lang='lat'>:</span> <span class='ocrx_word' id='word_1_331' title='bbox 1847 4302 2049 4353; x_wconf 90' lang='lat' dir='ltr'>tamen</span> 
     </span>
    </p>
   </div>
   <div class='ocr_carea' id='block_1_48' title="bbox 405 4384 2048 4464">
    <p class='ocr_par' dir='ltr' id='par_1_48' title="bbox 405 4384 2048 4464">
     <span class='ocr_line' id='line_1_48' title="bbox 405 4384 2048 4464; baseline -0.001 -22"><span class='ocrx_word' id='word_1_332' title='bbox 405 4394 646 4464; x_wconf 84' lang='lat' dir='ltr'>propter</span> <span class='ocrx_word' id='word_1_333' title='bbox 676 4385 872 4440; x_wconf 89' lang='lat' dir='ltr'>carnis</span> <span class='ocrx_word' id='word_1_334' title='bbox 899 4384 1370 4440; x_wconf 82' lang='lat' dir='ltr'>imbecillitatem</span> <span class='ocrx_word' id='word_1_335' title='bbox 1410 4386 1600 4440; x_wconf 87' lang='lat' dir='ltr'>solum</span> <span class='ocrx_word' id='word_1_336' title='bbox 1633 4384 1924 4456; x_wconf 67' lang='lat' dir='ltr'>arqualem</span> <span class='ocrx_word' id='word_1_337' title='bbox 1955 4403 2048 4440; x_wconf 88' lang='lat' dir='ltr'>re-</span> 
     </span>
    </p>
   </div>
   <div class='ocr_carea' id='block_1_49' title="bbox 405 4471 2048 4551">
    <p class='ocr_par' dir='ltr' id='par_1_49' title="bbox 405 4471 2048 4551">
     <span class='ocr_line' id='line_1_49' title="bbox 405 4471 2048 4551; baseline -0.001 -19"><span class='ocrx_word' id='word_1_338' title='bbox 405 4484 562 4551; x_wconf 90' lang='lat' dir='ltr'>peto.</span> <span class='ocrx_word' id='word_1_339' title='bbox 601 4471 786 4547; x_wconf 89' lang='lat' dir='ltr'>(Quod</span> <span class='ocrx_word' id='word_1_340' title='bbox 817 4481 1014 4530; x_wconf 88' lang='lat' dir='ltr'>autem</span> <span class='ocrx_word' id='word_1_341' title='bbox 1049 4475 1230 4530; x_wconf 85' lang='lat' dir='ltr'>dicit:</span> <span class='ocrx_word' id='word_1_342' title='bbox 1267 4496 1294 4522; x_wconf 77' lang='lat' dir='ltr'><strong><em>u</em></strong></span> <span class='ocrx_word' id='word_1_343' title='bbox 1327 4475 1414 4529; x_wconf 76' lang='lat' dir='ltr'>Ad</span> <span class='ocrx_word' id='word_1_344' title='bbox 1445 4475 1841 4546; x_wconf 89' lang='lat' dir='ltr'>iniquitatem,</span> <span class='ocrx_word' id='word_1_345' title='bbox 1875 4496 1902 4524; x_wconf 80' lang='grc'><strong>››</strong></span> <span class='ocrx_word' id='word_1_346' title='bbox 1939 4475 2048 4530; x_wconf 88' lang='lat' dir='ltr'>hoc</span> 
     </span>
    </p>
   </div>
   <div class='ocr_carea' id='block_1_50' title="bbox 407 4563 2046 4636">
    <p class='ocr_par' dir='ltr' id='par_1_50' title="bbox 407 4563 2046 4636">
     <span class='ocr_line' id='line_1_50' title="bbox 407 4563 2046 4636; baseline -0.002 -14"><span class='ocrx_word' id='word_1_347' title='bbox 407 4573 513 4626; x_wconf 89' lang='lat' dir='ltr'>est.</span> <span class='ocrx_word' id='word_1_348' title='bbox 548 4563 622 4620; x_wconf 89' lang='lat' dir='ltr'>ad</span> <span class='ocrx_word' id='word_1_349' title='bbox 653 4563 912 4636; x_wconf 87' lang='lat' dir='ltr'>amplius</span> <span class='ocrx_word' id='word_1_350' title='bbox 947 4563 1332 4636; x_wconf 88' lang='lat' dir='ltr'>peccandum.</span> <span class='ocrx_word' id='word_1_351' title='bbox 1367 4563 1540 4629; x_wconf 87' lang='lat' dir='ltr'>Quasi</span> <span class='ocrx_word' id='word_1_352' title='bbox 1574 4563 1798 4620; x_wconf 89' lang='lat' dir='ltr'>diceret</span> <span class='ocrx_word' id='word_1_353' title='bbox 1822 4581 1834 4618; x_wconf 90' lang='lat'>:</span> <span class='ocrx_word' id='word_1_354' title='bbox 1857 4565 2046 4620; x_wconf 90' lang='lat' dir='ltr'>Etiam</span> 
     </span>
    </p>
   </div>
   <div class='ocr_carea' id='block_1_51' title="bbox 403 4653 1982 4728">
    <p class='ocr_par' dir='ltr' id='par_1_51' title="bbox 403 4653 1982 4728">
     <span class='ocr_line' id='line_1_51' title="bbox 403 4653 1982 4728; baseline -0.006 -12"><span class='ocrx_word' id='word_1_355' title='bbox 403 4653 942 4716; x_wconf 84' lang='lat' dir='ltr'>inﬂammabamini</span> <span class='ocrx_word' id='word_1_356' title='bbox 977 4659 1042 4709; x_wconf 92' lang='lat' dir='ltr'>ut</span> <span class='ocrx_word' id='word_1_357' title='bbox 1071 4653 1258 4728; x_wconf 89' lang='lat' dir='ltr'>magis</span> <span class='ocrx_word' id='word_1_358' title='bbox 1289 4669 1356 4708; x_wconf 92' lang='lat' dir='ltr'>ac</span> <span class='ocrx_word' id='word_1_359' title='bbox 1385 4653 1572 4724; x_wconf 77' lang='lat' dir='ltr'>magis</span> <span class='ocrx_word' id='word_1_360' title='bbox 1611 4653 1982 4726; x_wconf 85' lang='lat' dir='ltr'>peccaretis.)</span> 
     </span>
    </p>
   </div>
   <div class='ocr_carea' id='block_1_52' title="bbox 477 4831 2054 4906">
    <p class='ocr_par' dir='ltr' id='par_1_52' title="bbox 477 4831 2054 4906">
     <span class='ocr_line' id='line_1_52' title="bbox 477 4831 2054 4906; baseline 0.003 -21"><span class='ocrx_word' id='word_1_361' title='bbox 477 4851 505 4879; x_wconf 86' lang='grc'>‹‹</span> <span class='ocrx_word' id='word_1_362' title='bbox 535 4831 678 4888; x_wconf 89' lang='lat' dir='ltr'>Cum</span> <span class='ocrx_word' id='word_1_363' title='bbox 711 4834 872 4888; x_wconf 89' lang='lat' dir='ltr'>enim</span> <span class='ocrx_word' id='word_1_364' title='bbox 895 4834 1044 4888; x_wconf 87' lang='lat' dir='ltr'>servi</span> <span class='ocrx_word' id='word_1_365' title='bbox 1076 4831 1283 4888; x_wconf 90' lang='lat' dir='ltr'>essetis</span> <span class='ocrx_word' id='word_1_366' title='bbox 1314 4834 1561 4904; x_wconf 90' lang='lat' dir='ltr'>peccati.</span> <span class='ocrx_word' id='word_1_367' title='bbox 1593 4857 1612 4882; x_wconf 85' lang='grc' dir='ltr'>ιι</span> <span class='ocrx_word' id='word_1_368' title='bbox 1649 4833 1792 4891; x_wconf 89' lang='lat' dir='ltr'>Cum</span> <span class='ocrx_word' id='word_1_369' title='bbox 1823 4835 1886 4890; x_wconf 91' lang='lat' dir='ltr'>in</span> <span class='ocrx_word' id='word_1_370' title='bbox 1915 4850 2054 4906; x_wconf 88' lang='lat' dir='ltr'>pec—</span> 
     </span>
    </p>
   </div>
   <div class='ocr_carea' id='block_1_53' title="bbox 410 4921 2057 4995">
    <p class='ocr_par' dir='ltr' id='par_1_53' title="bbox 410 4921 2057 4995">
     <span class='ocr_line' id='line_1_53' title="bbox 410 4921 2057 4995; baseline 0.002 -20"><span class='ocrx_word' id='word_1_371' title='bbox 410 4925 538 4975; x_wconf 89' lang='lat' dir='ltr'>cato</span> <span class='ocrx_word' id='word_1_372' title='bbox 570 4921 871 4985; x_wconf 89' lang='lat' dir='ltr'>vivebatis,</span> <span class='ocrx_word' id='word_1_373' title='bbox 907 4923 1016 4978; x_wconf 84' lang='lat' dir='ltr'>soli</span> <span class='ocrx_word' id='word_1_374' title='bbox 1051 4928 1290 4994; x_wconf 91' lang='lat' dir='ltr'>peccato</span> <span class='ocrx_word' id='word_1_375' title='bbox 1323 4923 1840 4995; x_wconf 84' lang='lat' dir='ltr'>obtemperabatis.</span> <span class='ocrx_word' id='word_1_376' title='bbox 1877 4923 1960 4980; x_wconf 90' lang='lat' dir='ltr'>sic</span> <span class='ocrx_word' id='word_1_377' title='bbox 1991 4929 2057 4979; x_wconf 90' lang='lat' dir='ltr'>ut</span> 
     </span>
    </p>
   </div>
   <div class='ocr_carea' id='block_1_54' title="bbox 411 5010 2050 5086">
    <p class='ocr_par' dir='ltr' id='par_1_54' title="bbox 411 5010 2050 5086">
     <span class='ocr_line' id='line_1_54' title="bbox 411 5010 2050 5086; baseline 0.002 -22"><span class='ocrx_word' id='word_1_378' title='bbox 411 5010 564 5065; x_wconf 87' lang='lat' dir='ltr'>nihil</span> <span class='ocrx_word' id='word_1_379' title='bbox 596 5013 839 5066; x_wconf 88' lang='lat' dir='ltr'>omnino</span> <span class='ocrx_word' id='word_1_380' title='bbox 871 5011 1012 5067; x_wconf 92' lang='lat' dir='ltr'>boni</span> <span class='ocrx_word' id='word_1_381' title='bbox 1047 5012 1331 5085; x_wconf 77' lang='lat' dir='ltr'>ageretis;</span> <span class='ocrx_word' id='word_1_382' title='bbox 1367 5011 1476 5067; x_wconf 90' lang='lat' dir='ltr'>hoc</span> <span class='ocrx_word' id='word_1_383' title='bbox 1508 5013 1666 5067; x_wconf 90' lang='lat' dir='ltr'>enim</span> <span class='ocrx_word' id='word_1_384' title='bbox 1720 5011 2050 5086; x_wconf 78' lang='lat' dir='ltr'>signiﬁcat:</span> 
     </span>
    </p>
   </div>
   <div class='ocr_carea' id='block_1_55' title="bbox 411 5099 2055 5172">
    <p class='ocr_par' dir='ltr' id='par_1_55' title="bbox 411 5099 2055 5172">
     <span class='ocr_line' id='line_1_55' title="bbox 411 5099 2055 5172; baseline 0.002 -18"><span class='ocrx_word' id='word_1_385' title='bbox 411 5099 602 5154; x_wconf 88' lang='lat' dir='ltr'>Liberi</span> <span class='ocrx_word' id='word_1_386' title='bbox 635 5101 814 5156; x_wconf 88' lang='lat' dir='ltr'>eratis</span> <span class='ocrx_word' id='word_1_387' title='bbox 844 5099 956 5172; x_wconf 89' lang='lat' dir='ltr'>ipsi</span> <span class='ocrx_word' id='word_1_388' title='bbox 980 5101 1251 5171; x_wconf 74' lang='lat' dir='ltr'>justitize,</span> <span class='ocrx_word' id='word_1_389' title='bbox 1287 5103 1396 5158; x_wconf 92' lang='lat' dir='ltr'>hoc</span> <span class='ocrx_word' id='word_1_390' title='bbox 1441 5107 1549 5168; x_wconf 83' lang='lat' dir='ltr'>est,</span> <span class='ocrx_word' id='word_1_391' title='bbox 1581 5103 1644 5158; x_wconf 86' lang='lat' dir='ltr'>in</span> <span class='ocrx_word' id='word_1_392' title='bbox 1676 5103 1842 5158; x_wconf 90' lang='lat' dir='ltr'>nullo</span> <span class='ocrx_word' id='word_1_393' title='bbox 1875 5101 2055 5158; x_wconf 79' lang='lat' dir='ltr'>eratis</span> 
     </span>
    </p>
   </div>
   <div class='ocr_carea' id='block_1_56' title="bbox 409 5189 2055 5264">
    <p class='ocr_par' dir='ltr' id='par_1_56' title="bbox 409 5189 2055 5264">
     <span class='ocr_line' id='line_1_56' title="bbox 409 5189 2055 5264; baseline 0.002 -20"><span class='ocrx_word' id='word_1_394' title='bbox 409 5189 524 5262; x_wconf 91' lang='lat' dir='ltr'>ipsi</span> <span class='ocrx_word' id='word_1_395' title='bbox 552 5189 822 5262; x_wconf 79' lang='lat' dir='ltr'>subjecti,</span> <span class='ocrx_word' id='word_1_396' title='bbox 840 5195 899 5245; x_wconf 88' lang='lat' dir='ltr'>et</span> <span class='ocrx_word' id='word_1_397' title='bbox 915 5205 1074 5245; x_wconf 90' lang='lat' dir='ltr'>nunc</span> <span class='ocrx_word' id='word_1_398' title='bbox 1105 5190 1304 5262; x_wconf 87' lang='lat' dir='ltr'>itaque</span> <span class='ocrx_word' id='word_1_399' title='bbox 1324 5209 1454 5247; x_wconf 91' lang='lat' dir='ltr'>cum</span> <span class='ocrx_word' id='word_1_400' title='bbox 1473 5193 1698 5264; x_wconf 78' lang='lat' dir='ltr'>adjusti</span> <span class='ocrx_word' id='word_1_401' title='bbox 1711 5193 1846 5248; x_wconf 89' lang='lat' dir='ltr'>tiam</span> <span class='ocrx_word' id='word_1_402' title='bbox 1864 5199 2055 5250; x_wconf 86' lang='lat' dir='ltr'>trans-</span> 
     </span>
    </p>
   </div>
   <div class='ocr_carea' id='block_1_57' title="bbox 409 5279 2055 5354">
    <p class='ocr_par' dir='ltr' id='par_1_57' title="bbox 409 5279 2055 5354">
     <span class='ocr_line' id='line_1_57' title="bbox 409 5279 2055 5354; baseline 0.003 -18"><span class='ocrx_word' id='word_1_403' title='bbox 409 5280 820 5350; x_wconf 85' lang='lat' dir='ltr'>migraveritis.</span> <span class='ocrx_word' id='word_1_404' title='bbox 851 5279 1020 5336; x_wconf 90' lang='lat' dir='ltr'>liberi</span> <span class='ocrx_word' id='word_1_405' title='bbox 1055 5279 1190 5336; x_wconf 79' lang='lat' dir='ltr'>facti</span> <span class='ocrx_word' id='word_1_406' title='bbox 1249 5281 1390 5336; x_wconf 89' lang='lat' dir='ltr'>estis</span> <span class='ocrx_word' id='word_1_407' title='bbox 1421 5299 1454 5337; x_wconf 93' lang='lat' dir='ltr'>a</span> <span class='ocrx_word' id='word_1_408' title='bbox 1485 5289 1747 5354; x_wconf 88' lang='lat' dir='ltr'>peccato.</span> <span class='ocrx_word' id='word_1_409' title='bbox 1799 5286 1944 5340; x_wconf 81' lang='lat' dir='ltr'>Nam</span> <span class='ocrx_word' id='word_1_410' title='bbox 1994 5285 2055 5341; x_wconf 91' lang='lat' dir='ltr'>id</span> 
     </span>
    </p>
   </div>
   <div class='ocr_carea' id='block_1_58' title="bbox 409 5369 2057 5444">
    <p class='ocr_par' dir='ltr' id='par_1_58' title="bbox 409 5369 2057 5444">
     <span class='ocr_line' id='line_1_58' title="bbox 409 5369 2057 5444; baseline 0.001 -16"><span class='ocrx_word' id='word_1_411' title='bbox 409 5369 884 5428; x_wconf 86' lang='lat' dir='ltr'>subaudiendum</span> <span class='ocrx_word' id='word_1_412' title='bbox 917 5369 1138 5442; x_wconf 85' lang='lat' dir='ltr'>expetit</span> <span class='ocrx_word' id='word_1_413' title='bbox 1161 5369 1867 5444; x_wconf 68' lang='lat' dir='ltr'>prmoedentisparticula-</span> <span class='ocrx_word' id='word_1_414' title='bbox 1887 5374 2057 5430; x_wconf 90' lang='lat' dir='ltr'>intel-</span> 
     </span>
    </p>
   </div>
   <div class='ocr_carea' id='block_1_59' title="bbox 408 5459 2054 5532">
    <p class='ocr_par' dir='ltr' id='par_1_59' title="bbox 408 5459 2054 5532">
     <span class='ocr_line' id='line_1_59' title="bbox 408 5459 2054 5532; baseline 0.003 -17"><span class='ocrx_word' id='word_1_415' title='bbox 408 5460 616 5516; x_wconf 90' lang='lat' dir='ltr'>lectus.</span> <span class='ocrx_word' id='word_1_416' title='bbox 655 5481 680 5508; x_wconf 83' lang='grc'>‹‹</span> <span class='ocrx_word' id='word_1_417' title='bbox 713 5459 896 5524; x_wconf 89' lang='lat' dir='ltr'>Quem</span> <span class='ocrx_word' id='word_1_418' title='bbox 940 5459 1118 5532; x_wconf 81' lang='lat' dir='ltr'>igitur</span> <span class='ocrx_word' id='word_1_419' title='bbox 1149 5460 1404 5515; x_wconf 79' lang='lat' dir='ltr'>fructum</span> <span class='ocrx_word' id='word_1_420' title='bbox 1437 5459 1742 5518; x_wconf 87' lang='lat' dir='ltr'>habebatis</span> <span class='ocrx_word' id='word_1_421' title='bbox 1784 5463 1811 5519; x_wconf 82' lang='lat'><strong><em>?</em></strong></span> <span class='ocrx_word' id='word_1_422' title='bbox 1843 5487 1870 5514; x_wconf 73' lang='grc' dir='ltr'><em>η</em></span> <span class='ocrx_word' id='word_1_423' title='bbox 1917 5465 2054 5530; x_wconf 76' lang='lat' dir='ltr'>Qum</span> 
     </span>
    </p>
   </div>
   <div class='ocr_carea' id='block_1_60' title="bbox 412 5547 2056 5619">
    <p class='ocr_par' dir='ltr' id='par_1_60' title="bbox 412 5547 2056 5619">
     <span class='ocr_line' id='line_1_60' title="bbox 412 5547 2056 5619; baseline 0.004 -15"><span class='ocrx_word' id='word_1_424' title='bbox 412 5548 596 5612; x_wconf 85' lang='lat' dir='ltr'>vobis,</span> <span class='ocrx_word' id='word_1_425' title='bbox 633 5547 844 5619; x_wconf 89' lang='lat' dir='ltr'>inquit,</span> <span class='ocrx_word' id='word_1_426' title='bbox 899 5555 1025 5604; x_wconf 87' lang='lat' dir='ltr'>erat</span> <span class='ocrx_word' id='word_1_427' title='bbox 1057 5549 1282 5604; x_wconf 86' lang='lat' dir='ltr'>utilitas</span> <span class='ocrx_word' id='word_1_428' title='bbox 1323 5549 1534 5605; x_wconf 86' lang='lat' dir='ltr'>veteris</span> <span class='ocrx_word' id='word_1_429' title='bbox 1567 5551 1854 5608; x_wconf 65' lang='lat' dir='ltr'>malitias?</span> <span class='ocrx_word' id='word_1_430' title='bbox 1883 5554 2056 5610; x_wconf 77' lang='lat' dir='ltr'>Nulla</span> 
     </span>
    </p>
   </div>
   <div class='ocr_carea' id='block_1_61' title="bbox 415 5637 2052 5712">
    <p class='ocr_par' dir='ltr' id='par_1_61' title="bbox 415 5637 2052 5712">
     <span class='ocr_line' id='line_1_61' title="bbox 415 5637 2052 5712; baseline 0.003 -18"><span class='ocrx_word' id='word_1_431' title='bbox 415 5637 560 5694; x_wconf 91' lang='lat' dir='ltr'>adeo</span> <span class='ocrx_word' id='word_1_432' title='bbox 593 5645 657 5693; x_wconf 90' lang='lat' dir='ltr'>ut</span> <span class='ocrx_word' id='word_1_433' title='bbox 685 5653 784 5694; x_wconf 86' lang='lat' dir='ltr'>vos</span> <span class='ocrx_word' id='word_1_434' title='bbox 813 5637 992 5694; x_wconf 88' lang='lat' dir='ltr'>etiam</span> <span class='ocrx_word' id='word_1_435' title='bbox 1023 5637 1186 5694; x_wconf 91' lang='lat' dir='ltr'>illius</span> <span class='ocrx_word' id='word_1_436' title='bbox 1231 5637 1492 5710; x_wconf 89' lang='lat' dir='ltr'>pudeat;</span> <span class='ocrx_word' id='word_1_437' title='bbox 1545 5647 1850 5712; x_wconf 89' lang='lat' dir='ltr'>peccatum</span> <span class='ocrx_word' id='word_1_438' title='bbox 1893 5645 2052 5699; x_wconf 90' lang='lat' dir='ltr'>enim</span> 
     </span>
    </p>
   </div>
   <div class='ocr_carea' id='block_1_62' title="bbox 415 5727 2052 5804">
    <p class='ocr_par' dir='ltr' id='par_1_62' title="bbox 415 5727 2052 5804">
     <span class='ocr_line' id='line_1_62' title="bbox 415 5727 2052 5804; baseline 0.003 -19"><span class='ocrx_word' id='word_1_439' title='bbox 415 5743 509 5786; x_wconf 85' lang='lat' dir='ltr'>res</span> <span class='ocrx_word' id='word_1_440' title='bbox 541 5732 630 5784; x_wconf 87' lang='lat' dir='ltr'>est</span> <span class='ocrx_word' id='word_1_441' title='bbox 659 5727 802 5784; x_wconf 88' lang='lat' dir='ltr'>adeo</span> <span class='ocrx_word' id='word_1_442' title='bbox 831 5727 1010 5798; x_wconf 86' lang='lat' dir='ltr'>mala,</span> <span class='ocrx_word' id='word_1_443' title='bbox 1043 5733 1107 5784; x_wconf 89' lang='lat' dir='ltr'>ut</span> <span class='ocrx_word' id='word_1_444' title='bbox 1135 5727 1236 5784; x_wconf 88' lang='lat' dir='ltr'>ubi</span> <span class='ocrx_word' id='word_1_445' title='bbox 1267 5729 1400 5802; x_wconf 87' lang='lat' dir='ltr'>quis</span> <span class='ocrx_word' id='word_1_446' title='bbox 1431 5743 1498 5784; x_wconf 87' lang='lat' dir='ltr'>eo</span> <span class='ocrx_word' id='word_1_447' title='bbox 1527 5729 1708 5787; x_wconf 74' lang='lat' dir='ltr'>fuerit</span> <span class='ocrx_word' id='word_1_448' title='bbox 1746 5731 2052 5804; x_wconf 81' lang='lat' dir='ltr'>liberatus,</span> 
     </span>
    </p>
   </div>
   <div class='ocr_carea' id='block_1_63' title="bbox 2160 613 3810 698">
    <p class='ocr_par' dir='ltr' id='par_1_63' title="bbox 2160 613 3810 698">
     <span class='ocr_line' id='line_1_63' title="bbox 2160 613 3810 698; baseline 0.002 -28"><span class='ocrx_word' id='word_1_449' title='bbox 2160 614 2348 686; x_wconf 66' lang='grc' dir='ltr'>ἐπειδὴ</span> <span class='ocrx_word' id='word_1_450' title='bbox 2405 616 2736 672; x_wconf 82' lang='grc' dir='ltr'>ἀντιπίπτειν</span> <span class='ocrx_word' id='word_1_451' title='bbox 2796 613 2946 673; x_wconf 83' lang='grc' dir='ltr'>δοκεῖ</span> <span class='ocrx_word' id='word_1_452' title='bbox 2999 619 3061 673; x_wconf 82' lang='grc' dir='ltr'>τὸ</span> <span class='ocrx_word' id='word_1_453' title='bbox 3114 619 3372 698; x_wconf 75' lang='grc' dir='ltr'>φρόνημα</span> <span class='ocrx_word' id='word_1_454' title='bbox 3431 626 3530 688; x_wconf 77' lang='grc' dir='ltr'>τῆς</span> <span class='ocrx_word' id='word_1_455' title='bbox 3591 619 3810 693; x_wconf 85' lang='grc' dir='ltr'>σαρκὸς,</span> 
     </span>
    </p>
   </div>
   <div class='ocr_carea' id='block_1_64' title="bbox 2161 703 3808 784">
    <p class='ocr_par' dir='ltr' id='par_1_64' title="bbox 2161 703 3808 784">
     <span class='ocr_line' id='line_1_64' title="bbox 2161 703 3808 784; baseline 0.003 -26"><span class='ocrx_word' id='word_1_456' title='bbox 2161 703 2248 758; x_wconf 69' lang='grc' dir='ltr'>καὶ</span> <span class='ocrx_word' id='word_1_457' title='bbox 2307 705 2648 780; x_wconf 77' lang='grc' dir='ltr'>τραχύνεσθα</span> <span class='ocrx_word' id='word_1_458' title='bbox 2703 707 2790 760; x_wconf 83' lang='grc' dir='ltr'>καὶ</span> <span class='ocrx_word' id='word_1_459' title='bbox 2860 705 3186 784; x_wconf 85' lang='grc' dir='ltr'>ἀλγύνεσθαι</span> <span class='ocrx_word' id='word_1_460' title='bbox 3250 713 3364 762; x_wconf 81' lang='grc' dir='ltr'>κατ’</span> <span class='ocrx_word' id='word_1_461' title='bbox 3439 709 3613 783; x_wconf 76' lang='grc' dir='ltr'>ἀρχὰς</span> <span class='ocrx_word' id='word_1_462' title='bbox 3673 711 3808 784; x_wconf 80' lang='grc' dir='ltr'>πρὸς</span> 
     </span>
    </p>
   </div>
   <div class='ocr_carea' id='block_1_65' title="bbox 2159 788 3808 869">
    <p class='ocr_par' dir='ltr' id='par_1_65' title="bbox 2159 788 3808 869">
     <span class='ocr_line' id='line_1_65' title="bbox 2159 788 3808 869; baseline 0.004 -22"><span class='ocrx_word' id='word_1_463' title='bbox 2159 793 2225 847; x_wconf 84' lang='grc' dir='ltr'>τὰ</span> <span class='ocrx_word' id='word_1_464' title='bbox 2255 788 2597 869; x_wconf 72' lang='grc' dir='ltr'>ἕπετοὶγματα</span> <span class='ocrx_word' id='word_1_465' title='bbox 2626 802 2725 863; x_wconf 75' lang='grc' dir='ltr'>τῆς</span> <span class='ocrx_word' id='word_1_466' title='bbox 2784 793 3152 865; x_wconf 83' lang='grc' dir='ltr'>δικαιοσύνης·</span> <span class='ocrx_word' id='word_1_467' title='bbox 3218 793 3306 850; x_wconf 72' lang='grc' dir='ltr'>διὰ</span> <span class='ocrx_word' id='word_1_468' title='bbox 3360 801 3520 852; x_wconf 67' lang='grc' dir='ltr'>τοῦτο</span> <span class='ocrx_word' id='word_1_469' title='bbox 3579 799 3642 852; x_wconf 81' lang='grc' dir='ltr'>τὸ</span> <span class='ocrx_word' id='word_1_470' title='bbox 3701 797 3808 853; x_wconf 79' lang='grc' dir='ltr'>ἀπὸ</span> 
     </span>
    </p>
   </div>
   <div class='ocr_carea' id='block_1_66' title="bbox 2161 883 3806 962">
    <p class='ocr_par' dir='ltr' id='par_1_66' title="bbox 2161 883 3806 962">
     <span class='ocr_line' id='line_1_66' title="bbox 2161 883 3806 962; baseline 0.002 -24"><span class='ocrx_word' id='word_1_471' title='bbox 2161 889 2260 950; x_wconf 73' lang='grc' dir='ltr'>τῆς</span> <span class='ocrx_word' id='word_1_472' title='bbox 2297 884 2555 956; x_wconf 68' lang='grc' dir='ltr'>ὑμετέρας</span> <span class='ocrx_word' id='word_1_473' title='bbox 2587 885 2784 956; x_wconf 75' lang='grc' dir='ltr'>σαρκὸς</span> <span class='ocrx_word' id='word_1_474' title='bbox 2814 885 3028 948; x_wconf 68' lang='grc' dir='ltr'>ἀσθενὲς</span> <span class='ocrx_word' id='word_1_475' title='bbox 3071 887 3160 939; x_wconf 82' lang='grc' dir='ltr'>καὶ</span> <span class='ocrx_word' id='word_1_476' title='bbox 3221 883 3591 962; x_wconf 72' lang='grc' dir='ltr'>ἀλγυνόμενον</span> <span class='ocrx_word' id='word_1_477' title='bbox 3651 885 3806 961; x_wconf 75' lang='grc' dir='ltr'>λογιε-</span> 
     </span>
    </p>
   </div>
   <div class='ocr_carea' id='block_1_67' title="bbox 2162 973 3812 1050">
    <p class='ocr_par' dir='ltr' id='par_1_67' title="bbox 2162 973 3812 1050">
     <span class='ocr_line' id='line_1_67' title="bbox 2162 973 3812 1050; baseline 0.002 -25"><span class='ocrx_word' id='word_1_478' title='bbox 2162 973 2581 1046; x_wconf 67' lang='grc' dir='ltr'>ζὸμενες.κατα</span> <span class='ocrx_word' id='word_1_479' title='bbox 2631 977 2728 1040; x_wconf 66' lang='grc' dir='ltr'>τήν</span> <span class='ocrx_word' id='word_1_480' title='bbox 2791 975 3138 1050; x_wconf 76' lang='grc' dir='ltr'>ἀνθρωπίνην</span> <span class='ocrx_word' id='word_1_481' title='bbox 3197 979 3501 1045; x_wconf 64' lang='grc' dir='ltr'>συνήθειαν,</span> <span class='ocrx_word' id='word_1_482' title='bbox 3564 973 3812 1031; x_wconf 78' lang='grc' dir='ltr'>δουλείαν</span> 
     </span>
    </p>
   </div>
   <div class='ocr_carea' id='block_1_68' title="bbox 2161 1061 3810 1145">
    <p class='ocr_par' dir='ltr' id='par_1_68' title="bbox 2161 1061 3810 1145">
     <span class='ocr_line' id='line_1_68' title="bbox 2161 1061 3810 1145; baseline 0.002 -30"><span class='ocrx_word' id='word_1_483' title='bbox 2161 1061 2294 1117; x_wconf 68' lang='grc' dir='ltr'>αὐτὸ</span> <span class='ocrx_word' id='word_1_484' title='bbox 2351 1061 2600 1120; x_wconf 70' lang='grc' dir='ltr'>ἐκάλεσα.</span> <span class='ocrx_word' id='word_1_485' title='bbox 2661 1063 2764 1122; x_wconf 81' lang='grc' dir='ltr'>Καὶ</span> <span class='ocrx_word' id='word_1_486' title='bbox 2821 1066 2920 1139; x_wconf 82' lang='grc' dir='ltr'>γὰρ</span> <span class='ocrx_word' id='word_1_487' title='bbox 2985 1064 3252 1138; x_wconf 67' lang='grc' dir='ltr'>εἶώθαμεν</span> <span class='ocrx_word' id='word_1_488' title='bbox 3309 1064 3391 1145; x_wconf 48' lang='grc' dir='ltr'>ἐᾷ</span> <span class='ocrx_word' id='word_1_489' title='bbox 3441 1066 3514 1121; x_wconf 82' lang='grc' dir='ltr'>ὧν</span> <span class='ocrx_word' id='word_1_490' title='bbox 3573 1065 3810 1143; x_wconf 73' lang='grc' dir='ltr'>ἀλγυνό-</span> 
     </span>
    </p>
   </div>
   <div class='ocr_carea' id='block_1_69' title="bbox 2166 1152 3810 1230">
    <p class='ocr_par' dir='ltr' id='par_1_69' title="bbox 2166 1152 3810 1230">
     <span class='ocr_line' id='line_1_69' title="bbox 2166 1152 3810 1230; baseline 0.001 -21"><span class='ocrx_word' id='word_1_491' title='bbox 2166 1171 2317 1224; x_wconf 83' lang='grc' dir='ltr'>μενοι</span> <span class='ocrx_word' id='word_1_492' title='bbox 2349 1153 2438 1206; x_wconf 73' lang='grc' dir='ltr'>καὶ</span> <span class='ocrx_word' id='word_1_493' title='bbox 2473 1155 2691 1214; x_wconf 76' lang='grc' dir='ltr'>ακοντὲς</span> <span class='ocrx_word' id='word_1_494' title='bbox 2723 1175 2776 1210; x_wconf 89' lang='grc' dir='ltr'>τι</span> <span class='ocrx_word' id='word_1_495' title='bbox 2829 1154 3166 1228; x_wconf 71' lang='grc' dir='ltr'>πράττομεν,</span> <span class='ocrx_word' id='word_1_496' title='bbox 3221 1155 3284 1210; x_wconf 81' lang='grc' dir='ltr'>τὸ</span> <span class='ocrx_word' id='word_1_497' title='bbox 3339 1161 3438 1224; x_wconf 79' lang='grc' dir='ltr'>τῆς</span> <span class='ocrx_word' id='word_1_498' title='bbox 3493 1152 3810 1230; x_wconf 78' lang='grc' dir='ltr'>τυραννίδος</span> 
     </span>
    </p>
   </div>
   <div class='ocr_carea' id='block_1_70' title="bbox 2161 1239 3808 1320">
    <p class='ocr_par' dir='ltr' id='par_1_70' title="bbox 2161 1239 3808 1320">
     <span class='ocr_line' id='line_1_70' title="bbox 2161 1239 3808 1320; baseline 0.004 -26"><span class='ocrx_word' id='word_1_499' title='bbox 2161 1241 2249 1295; x_wconf 83' lang='grc' dir='ltr'>καὶ</span> <span class='ocrx_word' id='word_1_500' title='bbox 2285 1239 2532 1304; x_wconf 79' lang='grc' dir='ltr'>δουλείας</span> <span class='ocrx_word' id='word_1_501' title='bbox 2577 1239 2752 1315; x_wconf 80' lang='grc' dir='ltr'>ὄνομα</span> <span class='ocrx_word' id='word_1_502' title='bbox 2781 1245 3028 1308; x_wconf 54' lang='grc' dir='ltr'>ᾖτιθέναι.</span> <span class='ocrx_word' id='word_1_503' title='bbox 3086 1245 3246 1301; x_wconf 79' lang='grc' dir='ltr'>Οὕτω</span> <span class='ocrx_word' id='word_1_504' title='bbox 3303 1251 3433 1320; x_wconf 78' lang='grc' dir='ltr'>γοῦν</span> <span class='ocrx_word' id='word_1_505' title='bbox 3488 1247 3577 1300; x_wconf 82' lang='grc' dir='ltr'>καὶ</span> <span class='ocrx_word' id='word_1_506' title='bbox 3609 1247 3638 1300; x_wconf 80' lang='grc' dir='ltr'>ὁ</span> <span class='ocrx_word' id='word_1_507' title='bbox 3669 1249 3808 1300; x_wconf 79' lang='grc' dir='ltr'>Παῦ-</span> 
     </span>
    </p>
   </div>
   <div class='ocr_carea' id='block_1_71' title="bbox 2161 1328 3810 1410">
    <p class='ocr_par' dir='ltr' id='par_1_71' title="bbox 2161 1328 3810 1410">
     <span class='ocr_line' id='line_1_71' title="bbox 2161 1328 3810 1410; baseline 0.002 -25"><span class='ocrx_word' id='word_1_508' title='bbox 2161 1328 2259 1390; x_wconf 80' lang='grc' dir='ltr'>λός</span> <span class='ocrx_word' id='word_1_509' title='bbox 2291 1352 2476 1406; x_wconf 66' lang='grc' dir='ltr'>φησιν,</span> <span class='ocrx_word' id='word_1_510' title='bbox 2511 1331 2616 1400; x_wconf 77' lang='grc' dir='ltr'>ὅτι,</span> <span class='ocrx_word' id='word_1_511' title='bbox 2647 1357 2673 1382; x_wconf 81' lang='grc' dir='ltr'>α</span> <span class='ocrx_word' id='word_1_512' title='bbox 2711 1333 2860 1390; x_wconf 82' lang='grc' dir='ltr'>Κατά</span> <span class='ocrx_word' id='word_1_513' title='bbox 2889 1331 3173 1405; x_wconf 74' lang='grc' dir='ltr'>ἄνθρωπον</span> <span class='ocrx_word' id='word_1_514' title='bbox 3207 1331 3355 1410; x_wconf 76' lang='grc' dir='ltr'>λέγω</span> <span class='ocrx_word' id='word_1_515' title='bbox 3389 1358 3416 1386; x_wconf 79' lang='grc'>››</span> <span class='ocrx_word' id='word_1_516' title='bbox 3449 1334 3531 1404; x_wconf 85' lang='grc' dir='ltr'>τὸ,</span> <span class='ocrx_word' id='word_1_517' title='bbox 3565 1359 3592 1386; x_wconf 86' lang='grc'>‹‹</span> <span class='ocrx_word' id='word_1_518' title='bbox 3627 1331 3810 1394; x_wconf 78' lang='grc' dir='ltr'>Ἐδου-</span> 
     </span>
    </p>
   </div>
   <div class='ocr_carea' id='block_1_72' title="bbox 2162 1417 3808 1497">
    <p class='ocr_par' dir='ltr' id='par_1_72' title="bbox 2162 1417 3808 1497">
     <span class='ocr_line' id='line_1_72' title="bbox 2162 1417 3808 1497; baseline 0.001 -21"><span class='ocrx_word' id='word_1_519' title='bbox 2162 1418 2380 1489; x_wconf 75' lang='grc' dir='ltr'>λώϐητε</span> <span class='ocrx_word' id='word_1_520' title='bbox 2409 1425 2476 1493; x_wconf 76' lang='grc' dir='ltr'>τῇ</span> <span class='ocrx_word' id='word_1_521' title='bbox 2511 1417 2846 1497; x_wconf 79' lang='grc' dir='ltr'>δικαιοσύνῃ.</span> <span class='ocrx_word' id='word_1_522' title='bbox 2885 1449 2912 1474; x_wconf 74' lang='grc' dir='ltr'><strong><em>υ</em></strong></span> <span class='ocrx_word' id='word_1_523' title='bbox 2944 1425 3078 1480; x_wconf 83' lang='grc' dir='ltr'>Εἶτα</span> <span class='ocrx_word' id='word_1_524' title='bbox 3106 1426 3486 1493; x_wconf 69' lang='grc' dir='ltr'>κατασκευάζει</span> <span class='ocrx_word' id='word_1_525' title='bbox 3541 1425 3672 1481; x_wconf 81' lang='grc' dir='ltr'>αὐτὸ</span> <span class='ocrx_word' id='word_1_526' title='bbox 3719 1423 3808 1478; x_wconf 83' lang='grc' dir='ltr'>καὶ</span> 
     </span>
    </p>
   </div>
   <div class='ocr_carea' id='block_1_73' title="bbox 2163 1507 3808 1590">
    <p class='ocr_par' dir='ltr' id='par_1_73' title="bbox 2163 1507 3808 1590">
     <span class='ocr_line' id='line_1_73' title="bbox 2163 1507 3808 1590; baseline 0.002 -26"><span class='ocrx_word' id='word_1_527' title='bbox 2163 1509 2224 1564; x_wconf 81' lang='grc' dir='ltr'>ἐκ</span> <span class='ocrx_word' id='word_1_528' title='bbox 2275 1513 2371 1566; x_wconf 73' lang='grc' dir='ltr'>τοῦ</span> <span class='ocrx_word' id='word_1_529' title='bbox 2425 1507 2682 1567; x_wconf 83' lang='grc' dir='ltr'>ἐναντίου.</span> <span class='ocrx_word' id='word_1_530' title='bbox 2743 1513 2944 1588; x_wconf 78' lang='grc' dir='ltr'>Ὠσπερ</span> <span class='ocrx_word' id='word_1_531' title='bbox 2997 1515 3122 1589; x_wconf 78' lang='grc' dir='ltr'>γαρ,</span> <span class='ocrx_word' id='word_1_532' title='bbox 3192 1534 3347 1590; x_wconf 77' lang='grc' dir='ltr'>φησι,</span> <span class='ocrx_word' id='word_1_533' title='bbox 3407 1513 3471 1570; x_wconf 71' lang='grc' dir='ltr'>τὰ</span> <span class='ocrx_word' id='word_1_534' title='bbox 3523 1520 3624 1581; x_wconf 77' lang='grc' dir='ltr'>τῆς</span> <span class='ocrx_word' id='word_1_535' title='bbox 3679 1514 3808 1568; x_wconf 82' lang='grc' dir='ltr'>ἀκα-</span> 
     </span>
    </p>
   </div>
   <div class='ocr_carea' id='block_1_74' title="bbox 2163 1598 3805 1677">
    <p class='ocr_par' dir='ltr' id='par_1_74' title="bbox 2163 1598 3805 1677">
     <span class='ocr_line' id='line_1_74' title="bbox 2163 1598 3805 1677; baseline 0.004 -25"><span class='ocrx_word' id='word_1_536' title='bbox 2163 1598 2382 1671; x_wconf 82' lang='grc' dir='ltr'>θαρσίας</span> <span class='ocrx_word' id='word_1_537' title='bbox 2441 1600 2788 1674; x_wconf 79' lang='grc' dir='ltr'>πράττοντες,</span> <span class='ocrx_word' id='word_1_538' title='bbox 2848 1599 3040 1656; x_wconf 73' lang='grc' dir='ltr'>δοῦλοι</span> <span class='ocrx_word' id='word_1_539' title='bbox 3096 1603 3193 1672; x_wconf 79' lang='grc' dir='ltr'>ἦτε</span> <span class='ocrx_word' id='word_1_540' title='bbox 3273 1605 3372 1671; x_wconf 70' lang='grc' dir='ltr'>τῆς</span> <span class='ocrx_word' id='word_1_541' title='bbox 3459 1601 3805 1677; x_wconf 73' lang='grc' dir='ltr'>ἀκαθαρσίας,</span> 
     </span>
    </p>
   </div>
   <div class='ocr_carea' id='block_1_75' title="bbox 2163 1685 3808 1764">
    <p class='ocr_par' dir='ltr' id='par_1_75' title="bbox 2163 1685 3808 1764">
     <span class='ocr_line' id='line_1_75' title="bbox 2163 1685 3808 1764; baseline 0.002 -22"><span class='ocrx_word' id='word_1_542' title='bbox 2163 1685 2306 1742; x_wconf 75' lang='grc' dir='ltr'>οὓτω</span> <span class='ocrx_word' id='word_1_543' title='bbox 2339 1689 2405 1744; x_wconf 71' lang='grc' dir='ltr'>τὰ</span> <span class='ocrx_word' id='word_1_544' title='bbox 2445 1695 2543 1758; x_wconf 79' lang='grc' dir='ltr'>τῆς</span> <span class='ocrx_word' id='word_1_545' title='bbox 2606 1687 2950 1761; x_wconf 71' lang='grc' dir='ltr'>δικαιοσύνης</span> <span class='ocrx_word' id='word_1_546' title='bbox 3009 1689 3403 1764; x_wconf 75' lang='grc' dir='ltr'>ἐπιτελοῦντες,</span> <span class='ocrx_word' id='word_1_547' title='bbox 3456 1689 3650 1748; x_wconf 74' lang='grc' dir='ltr'>δοῦλοι</span> <span class='ocrx_word' id='word_1_548' title='bbox 3711 1691 3808 1748; x_wconf 78' lang='grc' dir='ltr'>οὐκ</span> 
     </span>
    </p>
   </div>
   <div class='ocr_carea' id='block_1_76' title="bbox 2160 1775 3808 1852">
    <p class='ocr_par' dir='ltr' id='par_1_76' title="bbox 2160 1775 3808 1852">
     <span class='ocr_line' id='line_1_76' title="bbox 2160 1775 3808 1852; baseline 0.002 -20"><span class='ocrx_word' id='word_1_549' title='bbox 2160 1777 2466 1840; x_wconf 78' lang='grc' dir='ltr'>ἀπεικότως</span> <span class='ocrx_word' id='word_1_550' title='bbox 2495 1775 2553 1833; x_wconf 75' lang='grc' dir='ltr'>ἄν</span> <span class='ocrx_word' id='word_1_551' title='bbox 2604 1777 2900 1852; x_wconf 79' lang='grc' dir='ltr'>κληθείητε</span> <span class='ocrx_word' id='word_1_552' title='bbox 2938 1789 3037 1850; x_wconf 81' lang='grc' dir='ltr'>τῆς</span> <span class='ocrx_word' id='word_1_553' title='bbox 3095 1779 3465 1852; x_wconf 69' lang='grc' dir='ltr'>δικαιοσύνης.</span> <span class='ocrx_word' id='word_1_554' title='bbox 3525 1785 3701 1839; x_wconf 81' lang='grc' dir='ltr'>Τοῦτο</span> <span class='ocrx_word' id='word_1_555' title='bbox 3751 1780 3808 1837; x_wconf 69' lang='grc' dir='ltr'>δὲ</span> 
     </span>
    </p>
   </div>
   <div class='ocr_carea' id='block_1_77' title="bbox 2091 1866 3806 1974">
    <p class='ocr_par' dir='ltr' id='par_1_77' title="bbox 2091 1866 3806 1974">
     <span class='ocr_line' id='line_1_77' title="bbox 2091 1866 3806 1974; baseline 0.003 -53"><span class='ocrx_word' id='word_1_556' title='bbox 2091 1868 2255 1974; x_wconf 81' lang='grc' dir='ltr'>Βκαὶ</span> <span class='ocrx_word' id='word_1_557' title='bbox 2315 1866 2583 1941; x_wconf 76' lang='grc' dir='ltr'>ἐντρέπων</span> <span class='ocrx_word' id='word_1_558' title='bbox 2637 1871 2748 1942; x_wconf 74' lang='grc' dir='ltr'>ἅμα</span> <span class='ocrx_word' id='word_1_559' title='bbox 2807 1869 3098 1948; x_wconf 71' lang='grc' dir='ltr'>ἐπήγαγεν.</span> <span class='ocrx_word' id='word_1_560' title='bbox 3159 1872 3228 1929; x_wconf 71' lang='grc' dir='ltr'>1ιὶ</span> <span class='ocrx_word' id='word_1_561' title='bbox 3278 1871 3376 1946; x_wconf 77' lang='grc' dir='ltr'>γὰρ</span> <span class='ocrx_word' id='word_1_562' title='bbox 3427 1869 3618 1927; x_wconf 78' lang='grc' dir='ltr'>δοῦλοι</span> <span class='ocrx_word' id='word_1_563' title='bbox 3677 1871 3806 1926; x_wconf 79' lang='grc' dir='ltr'>εἶναι</span> 
     </span>
    </p>
   </div>
   <div class='ocr_carea' id='block_1_78' title="bbox 2167 1957 3804 2036">
    <p class='ocr_par' dir='ltr' id='par_1_78' title="bbox 2167 1957 3804 2036">
     <span class='ocr_line' id='line_1_78' title="bbox 2167 1957 3804 2036; baseline 0.002 -25"><span class='ocrx_word' id='word_1_564' title='bbox 2167 1957 2266 2012; x_wconf 80' lang='grc' dir='ltr'>οὐκ</span> <span class='ocrx_word' id='word_1_565' title='bbox 2317 1957 2622 2034; x_wconf 73' lang='grc' dir='ltr'>ᾐσχύνεσθε</span> <span class='ocrx_word' id='word_1_566' title='bbox 2677 1967 2776 2028; x_wconf 79' lang='grc' dir='ltr'>τῆς</span> <span class='ocrx_word' id='word_1_567' title='bbox 2833 1959 3184 2036; x_wconf 79' lang='grc' dir='ltr'>ἀκαθαρσίας,</span> <span class='ocrx_word' id='word_1_568' title='bbox 3241 1966 3360 2026; x_wconf 85' lang='grc' dir='ltr'>πῶς</span> <span class='ocrx_word' id='word_1_569' title='bbox 3417 1959 3515 2016; x_wconf 81' lang='grc' dir='ltr'>οὐκ</span> <span class='ocrx_word' id='word_1_570' title='bbox 3577 1959 3638 2016; x_wconf 78' lang='grc' dir='ltr'>ἅν</span> <span class='ocrx_word' id='word_1_571' title='bbox 3719 1962 3804 2016; x_wconf 72' lang='grc' dir='ltr'>καὶ</span> 
     </span>
    </p>
   </div>
   <div class='ocr_carea' id='block_1_79' title="bbox 2169 2046 3812 2125">
    <p class='ocr_par' dir='ltr' id='par_1_79' title="bbox 2169 2046 3812 2125">
     <span class='ocr_line' id='line_1_79' title="bbox 2169 2046 3812 2125; baseline 0.002 -24"><span class='ocrx_word' id='word_1_572' title='bbox 2169 2047 2302 2122; x_wconf 71' lang='grc' dir='ltr'>μέγα</span> <span class='ocrx_word' id='word_1_573' title='bbox 2334 2049 2665 2122; x_wconf 65' lang='grc' dir='ltr'>φροντίσητε,</span> <span class='ocrx_word' id='word_1_574' title='bbox 2700 2046 2890 2104; x_wconf 80' lang='grc' dir='ltr'>δοῦλοι</span> <span class='ocrx_word' id='word_1_575' title='bbox 2948 2050 3364 2120; x_wconf 73' lang='grc' dir='ltr'>καταξιωθέντες</span> <span class='ocrx_word' id='word_1_576' title='bbox 3420 2049 3661 2125; x_wconf 80' lang='grc' dir='ltr'>γενέσσαι</span> <span class='ocrx_word' id='word_1_577' title='bbox 3712 2057 3812 2119; x_wconf 78' lang='grc' dir='ltr'>τῆς</span> 
     </span>
    </p>
   </div>
   <div class='ocr_carea' id='block_1_80' title="bbox 2165 2132 3809 2212">
    <p class='ocr_par' dir='ltr' id='par_1_80' title="bbox 2165 2132 3809 2212">
     <span class='ocr_line' id='line_1_80' title="bbox 2165 2132 3809 2212; baseline 0.002 -22"><span class='ocrx_word' id='word_1_578' title='bbox 2165 2132 2728 2206; x_wconf 76' lang='grc' dir='ltr'>δικαιοσύνηςςΕἴτα</span> <span class='ocrx_word' id='word_1_579' title='bbox 2785 2141 3166 2208; x_wconf 78' lang='grc' dir='ltr'>κατασκευάζει</span> <span class='ocrx_word' id='word_1_580' title='bbox 3223 2144 3385 2195; x_wconf 78' lang='grc' dir='ltr'>τοῦτο</span> <span class='ocrx_word' id='word_1_581' title='bbox 3442 2139 3532 2195; x_wconf 84' lang='grc' dir='ltr'>καὶ</span> <span class='ocrx_word' id='word_1_582' title='bbox 3589 2140 3809 2212; x_wconf 70' lang='grc' dir='ltr'>ἒτέρως,</span> 
     </span>
    </p>
   </div>
   <div class='ocr_carea' id='block_1_81' title="bbox 2163 2223 3809 2302">
    <p class='ocr_par' dir='ltr' id='par_1_81' title="bbox 2163 2223 3809 2302">
     <span class='ocr_line' id='line_1_81' title="bbox 2163 2223 3809 2302; baseline 0.002 -22"><span class='ocrx_word' id='word_1_583' title='bbox 2163 2225 2252 2280; x_wconf 77' lang='grc' dir='ltr'>καὶ</span> <span class='ocrx_word' id='word_1_584' title='bbox 2281 2226 2492 2301; x_wconf 82' lang='grc' dir='ltr'>προϊὼν</span> <span class='ocrx_word' id='word_1_585' title='bbox 2525 2223 2764 2282; x_wconf 82' lang='grc' dir='ltr'>δείκνυσι</span> <span class='ocrx_word' id='word_1_586' title='bbox 2792 2235 2892 2298; x_wconf 78' lang='grc' dir='ltr'>τῆς</span> <span class='ocrx_word' id='word_1_587' title='bbox 2921 2229 3178 2298; x_wconf 73' lang='grc' dir='ltr'>τοιαύτης</span> <span class='ocrx_word' id='word_1_588' title='bbox 3220 2227 3470 2292; x_wconf 67' lang='grc' dir='ltr'>δουλείας</span> <span class='ocrx_word' id='word_1_589' title='bbox 3528 2229 3590 2285; x_wconf 84' lang='grc' dir='ltr'>τὸ</span> <span class='ocrx_word' id='word_1_590' title='bbox 3649 2229 3809 2302; x_wconf 81' lang='grc' dir='ltr'>ἀξίω-</span> 
     </span>
    </p>
   </div>
   <div class='ocr_carea' id='block_1_82' title="bbox 2169 2315 3811 2392">
    <p class='ocr_par' dir='ltr' id='par_1_82' title="bbox 2169 2315 3811 2392">
     <span class='ocr_line' id='line_1_82' title="bbox 2169 2315 3811 2392; baseline 0.001 -22"><span class='ocrx_word' id='word_1_591' title='bbox 2169 2337 2266 2388; x_wconf 87' lang='grc' dir='ltr'>μα,</span> <span class='ocrx_word' id='word_1_592' title='bbox 2318 2316 2802 2392; x_wconf 83' lang='grc' dir='ltr'>συμπερανάμενος</span> <span class='ocrx_word' id='word_1_593' title='bbox 2860 2317 2942 2374; x_wconf 74' lang='grc' dir='ltr'>ὅτι</span> <span class='ocrx_word' id='word_1_594' title='bbox 3012 2319 3146 2390; x_wconf 77' lang='grc' dir='ltr'>αὕτη</span> <span class='ocrx_word' id='word_1_595' title='bbox 3206 2321 3240 2388; x_wconf 76' lang='grc' dir='ltr'>ἡ</span> <span class='ocrx_word' id='word_1_596' title='bbox 3301 2317 3523 2375; x_wconf 86' lang='grc' dir='ltr'>δουλεία</span> <span class='ocrx_word' id='word_1_597' title='bbox 3579 2315 3811 2382; x_wconf 79' lang='grc' dir='ltr'>δούλους</span> 
     </span>
    </p>
   </div>
   <div class='ocr_carea' id='block_1_83' title="bbox 2165 2405 3808 2482">
    <p class='ocr_par' dir='ltr' id='par_1_83' title="bbox 2165 2405 3808 2482">
     <span class='ocr_line' id='line_1_83' title="bbox 2165 2405 3808 2482; baseline 0.001 -22"><span class='ocrx_word' id='word_1_598' title='bbox 2165 2411 2314 2460; x_wconf 82' lang='grc' dir='ltr'>ποιεῖ</span> <span class='ocrx_word' id='word_1_599' title='bbox 2353 2410 2448 2462; x_wconf 74' lang='grc' dir='ltr'>τοῦ</span> <span class='ocrx_word' id='word_1_600' title='bbox 2503 2411 2658 2476; x_wconf 82' lang='grc' dir='ltr'>Θεοῦ,</span> <span class='ocrx_word' id='word_1_601' title='bbox 2722 2405 2782 2461; x_wconf 81' lang='grc' dir='ltr'>οὖ</span> <span class='ocrx_word' id='word_1_602' title='bbox 2838 2409 2891 2462; x_wconf 88' lang='grc' dir='ltr'>τί</span> <span class='ocrx_word' id='word_1_603' title='bbox 2943 2406 3004 2464; x_wconf 76' lang='grc' dir='ltr'>ἄν</span> <span class='ocrx_word' id='word_1_604' title='bbox 3063 2406 3148 2479; x_wconf 62' lang='grc' dir='ltr'>εῪη</span> <span class='ocrx_word' id='word_1_605' title='bbox 3219 2407 3668 2482; x_wconf 68' lang='grc' dir='ltr'>ἐλευσεριώτερον</span> <span class='ocrx_word' id='word_1_606' title='bbox 3717 2407 3808 2464; x_wconf 80' lang='grc' dir='ltr'>καὶ</span> 
     </span>
    </p>
   </div>
   <div class='ocr_carea' id='block_1_84' title="bbox 2165 2492 3810 2572">
    <p class='ocr_par' dir='ltr' id='par_1_84' title="bbox 2165 2492 3810 2572">
     <span class='ocr_line' id='line_1_84' title="bbox 2165 2492 3810 2572; baseline 0.002 -24"><span class='ocrx_word' id='word_1_607' title='bbox 2165 2492 2683 2570; x_wconf 75' lang='grc' dir='ltr'>εὐδαιμονέστερονς</span> <span class='ocrx_word' id='word_1_608' title='bbox 2717 2496 2814 2550; x_wconf 79' lang='grc' dir='ltr'>Καὶ</span> <span class='ocrx_word' id='word_1_609' title='bbox 2870 2497 2973 2572; x_wconf 84' lang='grc' dir='ltr'>γάρ</span> <span class='ocrx_word' id='word_1_610' title='bbox 3023 2519 3178 2572; x_wconf 78' lang='grc' dir='ltr'>φησι,</span> <span class='ocrx_word' id='word_1_611' title='bbox 3235 2521 3258 2551; x_wconf 77' lang='grc' dir='ltr'>ιι</span> <span class='ocrx_word' id='word_1_612' title='bbox 3295 2497 3422 2554; x_wconf 80' lang='grc' dir='ltr'>Νυνὶ</span> <span class='ocrx_word' id='word_1_613' title='bbox 3479 2495 3535 2554; x_wconf 80' lang='grc' dir='ltr'>δὶ</span> <span class='ocrx_word' id='word_1_614' title='bbox 3593 2496 3810 2553; x_wconf 72' lang='grc' dir='ltr'>ἐλευθε-</span> 
     </span>
    </p>
   </div>
   <div class='ocr_carea' id='block_1_85' title="bbox 2167 2585 3808 2665">
    <p class='ocr_par' dir='ltr' id='par_1_85' title="bbox 2167 2585 3808 2665">
     <span class='ocr_line' id='line_1_85' title="bbox 2167 2585 3808 2665; baseline 0.002 -26"><span class='ocrx_word' id='word_1_615' title='bbox 2167 2587 2428 2660; x_wconf 68' lang='grc' dir='ltr'>ρωθέντες</span> <span class='ocrx_word' id='word_1_616' title='bbox 2491 2587 2597 2644; x_wconf 83' lang='grc' dir='ltr'>ἀπὸ</span> <span class='ocrx_word' id='word_1_617' title='bbox 2647 2595 2748 2655; x_wconf 82' lang='grc' dir='ltr'>τῆς</span> <span class='ocrx_word' id='word_1_618' title='bbox 2809 2589 3100 2665; x_wconf 71' lang='grc' dir='ltr'>ἁμαρτίας,</span> <span class='ocrx_word' id='word_1_619' title='bbox 3189 2586 3558 2652; x_wconf 70' lang='grc' dir='ltr'>δουλωθέντες</span> <span class='ocrx_word' id='word_1_620' title='bbox 3617 2585 3674 2643; x_wconf 74' lang='grc' dir='ltr'>δὲ</span> <span class='ocrx_word' id='word_1_621' title='bbox 3729 2593 3808 2660; x_wconf 80' lang='grc' dir='ltr'>τῷ</span> 
     </span>
    </p>
   </div>
   <div class='ocr_carea' id='block_1_86' title="bbox 2166 2675 3808 2755">
    <p class='ocr_par' dir='ltr' id='par_1_86' title="bbox 2166 2675 3808 2755">
     <span class='ocr_line' id='line_1_86' title="bbox 2166 2675 3808 2755; baseline 0.002 -27"><span class='ocrx_word' id='word_1_622' title='bbox 2166 2677 2303 2748; x_wconf 79' lang='grc' dir='ltr'>Θεῷ,</span> <span class='ocrx_word' id='word_1_623' title='bbox 2338 2699 2366 2726; x_wconf 85' lang='grc'><strong>››</strong></span> <span class='ocrx_word' id='word_1_624' title='bbox 2397 2675 2484 2729; x_wconf 87' lang='grc' dir='ltr'>καὶ</span> <span class='ocrx_word' id='word_1_625' title='bbox 2516 2677 2656 2746; x_wconf 71' lang='grc' dir='ltr'><strong>ἒξῆς.</strong></span> <span class='ocrx_word' id='word_1_626' title='bbox 2689 2678 2758 2734; x_wconf 78' lang='grc' dir='ltr'>ἸΙ</span> <span class='ocrx_word' id='word_1_627' title='bbox 2789 2679 2874 2744; x_wconf 89' lang='grc' dir='ltr'>τὸ,</span> <span class='ocrx_word' id='word_1_628' title='bbox 2925 2679 3292 2754; x_wconf 85' lang='grc' dir='ltr'>Ἀνθρώπινον</span> <span class='ocrx_word' id='word_1_629' title='bbox 3347 2676 3518 2755; x_wconf 84' lang='grc' dir='ltr'>λέγω,</span> <span class='ocrx_word' id='word_1_630' title='bbox 3577 2677 3624 2731; x_wconf 76' lang='grc' dir='ltr'>εί</span> <span class='ocrx_word' id='word_1_631' title='bbox 3673 2698 3808 2748; x_wconf 89' lang='grc' dir='ltr'>νοη-</span> 
     </span>
    </p>
   </div>
   <div class='ocr_carea' id='block_1_87' title="bbox 2168 2761 3809 2846">
    <p class='ocr_par' dir='ltr' id='par_1_87' title="bbox 2168 2761 3809 2846">
     <span class='ocr_line' id='line_1_87' title="bbox 2168 2761 3809 2846; baseline 0.001 -26"><span class='ocrx_word' id='word_1_632' title='bbox 2168 2765 2284 2836; x_wconf 87' lang='grc' dir='ltr'>θείη</span> <span class='ocrx_word' id='word_1_633' title='bbox 2317 2766 2436 2819; x_wconf 80' lang='grc' dir='ltr'>καθ’</span> <span class='ocrx_word' id='word_1_634' title='bbox 2473 2761 2798 2838; x_wconf 72' lang='grc' dir='ltr'>ὑπεγϐατὸν,</span> <span class='ocrx_word' id='word_1_635' title='bbox 2850 2767 2925 2828; x_wconf 84' lang='grc' dir='ltr'>ὡς</span> <span class='ocrx_word' id='word_1_636' title='bbox 2984 2767 3174 2838; x_wconf 61' lang='grc' dir='ltr'>ἐφεξῆς</span> <span class='ocrx_word' id='word_1_637' title='bbox 3229 2765 3450 2846; x_wconf 69' lang='grc' dir='ltr'>ὀφεῖλον</span> <span class='ocrx_word' id='word_1_638' title='bbox 3508 2767 3809 2838; x_wconf 80' lang='grc' dir='ltr'>τάττεσθαι,</span> 
     </span>
    </p>
   </div>
   <div class='ocr_carea' id='block_1_88' title="bbox 2167 2854 3808 2932">
    <p class='ocr_par' dir='ltr' id='par_1_88' title="bbox 2167 2854 3808 2932">
     <span class='ocr_line' id='line_1_88' title="bbox 2167 2854 3808 2932; baseline 0.002 -24"><span class='ocrx_word' id='word_1_639' title='bbox 2167 2854 2304 2930; x_wconf 86' lang='grc' dir='ltr'>πρὸς</span> <span class='ocrx_word' id='word_1_640' title='bbox 2333 2855 2417 2921; x_wconf 78' lang='grc' dir='ltr'>τὸ,</span> <span class='ocrx_word' id='word_1_641' title='bbox 2451 2880 2476 2906; x_wconf 87' lang='grc' dir='ltr'>ι‹</span> <span class='ocrx_word' id='word_1_642' title='bbox 2513 2855 2703 2916; x_wconf 78' lang='grc' dir='ltr'>Οὕτως</span> <span class='ocrx_word' id='word_1_643' title='bbox 2743 2859 2834 2910; x_wconf 81' lang='grc' dir='ltr'>νῦν</span> <span class='ocrx_word' id='word_1_644' title='bbox 2893 2859 3271 2932; x_wconf 69' lang='grc' dir='ltr'>παραστήσατε</span> <span class='ocrx_word' id='word_1_645' title='bbox 3324 2859 3390 2912; x_wconf 80' lang='grc' dir='ltr'>τὰ</span> <span class='ocrx_word' id='word_1_646' title='bbox 3449 2855 3592 2930; x_wconf 79' lang='grc' dir='ltr'>μέλη</span> <span class='ocrx_word' id='word_1_647' title='bbox 3657 2859 3808 2931; x_wconf 74' lang='grc' dir='ltr'>ὑμῶν</span> 
     </span>
    </p>
   </div>
   <div class='ocr_carea' id='block_1_89' title="bbox 2169 2941 3814 3024">
    <p class='ocr_par' dir='ltr' id='par_1_89' title="bbox 2169 2941 3814 3024">
     <span class='ocr_line' id='line_1_89' title="bbox 2169 2941 3814 3024; baseline 0.003 -25"><span class='ocrx_word' id='word_1_648' title='bbox 2169 2941 2340 3000; x_wconf 78' lang='grc' dir='ltr'>δοῦλα</span> <span class='ocrx_word' id='word_1_649' title='bbox 2369 2949 2436 3019; x_wconf 80' lang='grc' dir='ltr'>τῇ</span> <span class='ocrx_word' id='word_1_650' title='bbox 2473 2942 2787 3022; x_wconf 75' lang='grc' dir='ltr'>δικαιοσύνῃ</span> <span class='ocrx_word' id='word_1_651' title='bbox 2835 2946 2911 3008; x_wconf 69' lang='grc' dir='ltr'>εἷς</span> <span class='ocrx_word' id='word_1_652' title='bbox 2964 2947 3250 3024; x_wconf 80' lang='grc' dir='ltr'>ἁγιασμόν.</span> <span class='ocrx_word' id='word_1_653' title='bbox 3293 2972 3318 2998; x_wconf 84' lang='grc'>››</span> <span class='ocrx_word' id='word_1_654' title='bbox 3381 2947 3444 3004; x_wconf 81' lang='grc' dir='ltr'>Εἰ</span> <span class='ocrx_word' id='word_1_655' title='bbox 3501 2947 3592 3003; x_wconf 76' lang='grc' dir='ltr'>οὖν</span> <span class='ocrx_word' id='word_1_656' title='bbox 3643 2947 3814 3010; x_wconf 73' lang='grc' dir='ltr'>οὕτως</span> 
     </span>
    </p>
   </div>
   <div class='ocr_carea' id='block_1_90' title="bbox 2169 3033 3815 3112">
    <p class='ocr_par' dir='ltr' id='par_1_90' title="bbox 2169 3033 3815 3112">
     <span class='ocr_line' id='line_1_90' title="bbox 2169 3033 3815 3112; baseline 0.001 -22"><span class='ocrx_word' id='word_1_657' title='bbox 2169 3033 2495 3109; x_wconf 64' lang='grc' dir='ltr'>ἐκληιρθείη,</span> <span class='ocrx_word' id='word_1_658' title='bbox 2530 3036 2788 3108; x_wconf 77' lang='grc' dir='ltr'>σημαίνοι</span> <span class='ocrx_word' id='word_1_659' title='bbox 2843 3033 2922 3106; x_wconf 78' lang='grc' dir='ltr'>ἄν,</span> <span class='ocrx_word' id='word_1_660' title='bbox 2984 3037 3066 3092; x_wconf 78' lang='grc' dir='ltr'>ὅτι</span> <span class='ocrx_word' id='word_1_661' title='bbox 3129 3037 3352 3112; x_wconf 68' lang='grc' dir='ltr'>μέτριόν</span> <span class='ocrx_word' id='word_1_662' title='bbox 3406 3057 3460 3092; x_wconf 91' lang='grc' dir='ltr'>τι</span> <span class='ocrx_word' id='word_1_663' title='bbox 3519 3037 3667 3093; x_wconf 77' lang='grc' dir='ltr'>εἶπον</span> <span class='ocrx_word' id='word_1_664' title='bbox 3727 3039 3815 3094; x_wconf 81' lang='grc' dir='ltr'>καὶ</span> 
     </span>
    </p>
   </div>
   <div class='ocr_carea' id='block_1_91' title="bbox 2167 3125 3812 3206">
    <p class='ocr_par' dir='ltr' id='par_1_91' title="bbox 2167 3125 3812 3206">
     <span class='ocr_line' id='line_1_91' title="bbox 2167 3125 3812 3206; baseline 0.002 -28"><span class='ocrx_word' id='word_1_665' title='bbox 2167 3125 2442 3206; x_wconf 70' lang='grc' dir='ltr'>ταπεινὸν,</span> <span class='ocrx_word' id='word_1_666' title='bbox 2483 3129 2654 3181; x_wconf 76' lang='grc' dir='ltr'>ταῦτα</span> <span class='ocrx_word' id='word_1_667' title='bbox 2705 3125 2892 3184; x_wconf 80' lang='grc' dir='ltr'>είπών.</span> <span class='ocrx_word' id='word_1_668' title='bbox 2953 3127 3014 3184; x_wconf 78' lang='grc' dir='ltr'>Ὀ</span> <span class='ocrx_word' id='word_1_669' title='bbox 3071 3127 3173 3204; x_wconf 75' lang='grc' dir='ltr'>γαρ</span> <span class='ocrx_word' id='word_1_670' title='bbox 3231 3128 3292 3182; x_wconf 86' lang='grc' dir='ltr'>τὸ</span> <span class='ocrx_word' id='word_1_671' title='bbox 3350 3127 3556 3184; x_wconf 70' lang='grc' dir='ltr'>τέλειον</span> <span class='ocrx_word' id='word_1_672' title='bbox 3616 3125 3812 3205; x_wconf 69' lang='grc' dir='ltr'>λέγων,</span> 
     </span>
    </p>
   </div>
   <div class='ocr_carea' id='block_1_92' title="bbox 2173 3211 3811 3290">
    <p class='ocr_par' dir='ltr' id='par_1_92' title="bbox 2173 3211 3811 3290">
     <span class='ocr_line' id='line_1_92' title="bbox 2173 3211 3811 3290; baseline 0.003 -22"><span class='ocrx_word' id='word_1_673' title='bbox 2173 3211 2316 3268; x_wconf 69' lang='grc' dir='ltr'>εἴποι</span> <span class='ocrx_word' id='word_1_674' title='bbox 2346 3211 2428 3282; x_wconf 76' lang='grc' dir='ltr'>ἄν,</span> <span class='ocrx_word' id='word_1_675' title='bbox 2461 3215 2547 3269; x_wconf 83' lang='grc' dir='ltr'>’ὁτι</span> <span class='ocrx_word' id='word_1_676' title='bbox 2579 3217 2965 3286; x_wconf 70' lang='grc' dir='ltr'>Παραστήσατε</span> <span class='ocrx_word' id='word_1_677' title='bbox 2993 3217 3059 3270; x_wconf 73' lang='grc' dir='ltr'>τὰ</span> <span class='ocrx_word' id='word_1_678' title='bbox 3116 3215 3256 3288; x_wconf 81' lang='grc' dir='ltr'>μὲλη</span> <span class='ocrx_word' id='word_1_679' title='bbox 3311 3217 3464 3290; x_wconf 80' lang='grc' dir='ltr'>ὑμῶν</span> <span class='ocrx_word' id='word_1_680' title='bbox 3521 3214 3691 3272; x_wconf 77' lang='grc' dir='ltr'>δοῦλα</span> <span class='ocrx_word' id='word_1_681' title='bbox 3743 3221 3811 3290; x_wconf 86' lang='grc' dir='ltr'>τῇ</span> 
     </span>
    </p>
   </div>
   <div class='ocr_carea' id='block_1_93' title="bbox 2089 3273 3812 3380">
    <p class='ocr_par' dir='ltr' id='par_1_93' title="bbox 2089 3273 3812 3380">
     <span class='ocr_line' id='line_1_93' title="bbox 2089 3273 3812 3380; baseline 0.003 -23"><span class='ocrx_word' id='word_1_682' title='bbox 2089 3273 2132 3338; x_wconf 74' lang='lat' dir='ltr'><strong>C</strong></span> <span class='ocrx_word' id='word_1_683' title='bbox 2172 3273 2507 3378; x_wconf 64' lang='grc' dir='ltr'>δικαισσύνῃ,</span> <span class='ocrx_word' id='word_1_684' title='bbox 2539 3305 2615 3376; x_wconf 79' lang='grc' dir='ltr'>μή</span> <span class='ocrx_word' id='word_1_685' title='bbox 2648 3273 2723 3366; x_wconf 66' lang='lat' dir='ltr'>de:</span> <span class='ocrx_word' id='word_1_686' title='bbox 2772 3273 2839 3376; x_wconf 47' lang='grc' dir='ltr'><strong>τὲ.</strong></span> <span class='ocrx_word' id='word_1_687' title='bbox 2883 3273 3137 3380; x_wconf 45' lang='grc' dir='ltr'>ἁμαρτίαι,</span> <span class='ocrx_word' id='word_1_688' title='bbox 3196 3273 3359 3360; x_wconf 66' lang='grc' dir='ltr'>ἀλλιὲιι</span> <span class='ocrx_word' id='word_1_689' title='bbox 3399 3305 3547 3362; x_wconf 78' lang='grc' dir='ltr'>πολὺ</span> <span class='ocrx_word' id='word_1_690' title='bbox 3600 3273 3812 3380; x_wconf 66' lang='grc' dir='ltr'>μᾶλλον</span> 
     </span>
    </p>
   </div>
   <div class='ocr_carea' id='block_1_94' title="bbox 2165 3390 3813 3476">
    <p class='ocr_par' dir='ltr' id='par_1_94' title="bbox 2165 3390 3813 3476">
     <span class='ocr_line' id='line_1_94' title="bbox 2165 3390 3813 3476; baseline 0.005 -30"><span class='ocrx_word' id='word_1_691' title='bbox 2165 3390 2612 3470; x_wconf 83' lang='grc' dir='ltr'>σπουδαιότερον.</span> <span class='ocrx_word' id='word_1_692' title='bbox 2646 3398 2752 3452; x_wconf 82' lang='grc' dir='ltr'>Νῦν</span> <span class='ocrx_word' id='word_1_693' title='bbox 2784 3391 2842 3449; x_wconf 71' lang='grc' dir='ltr'>δὲ</span> <span class='ocrx_word' id='word_1_694' title='bbox 2873 3392 2962 3449; x_wconf 78' lang='grc' dir='ltr'>διὰ</span> <span class='ocrx_word' id='word_1_695' title='bbox 3006 3394 3070 3450; x_wconf 82' lang='grc' dir='ltr'>τὸ</span> <span class='ocrx_word' id='word_1_696' title='bbox 3127 3396 3340 3460; x_wconf 75' lang='grc' dir='ltr'>ἀσθενὲς</span> <span class='ocrx_word' id='word_1_697' title='bbox 3395 3397 3571 3470; x_wconf 83' lang='grc' dir='ltr'>ὑμῶν,</span> <span class='ocrx_word' id='word_1_698' title='bbox 3630 3398 3813 3476; x_wconf 81' lang='grc' dir='ltr'>φησίν,</span> 
     </span>
    </p>
   </div>
   <div class='ocr_carea' id='block_1_95' title="bbox 2166 3483 3809 3566">
    <p class='ocr_par' dir='ltr' id='par_1_95' title="bbox 2166 3483 3809 3566">
     <span class='ocr_line' id='line_1_95' title="bbox 2166 3483 3809 3566; baseline 0.003 -28"><span class='ocrx_word' id='word_1_699' title='bbox 2166 3483 2342 3544; x_wconf 74' lang='grc' dir='ltr'>οὓτως</span> <span class='ocrx_word' id='word_1_700' title='bbox 2374 3486 2530 3540; x_wconf 83' lang='grc' dir='ltr'>εἴποτ</span> <span class='ocrx_word' id='word_1_701' title='bbox 2585 3489 2853 3546; x_wconf 81' lang='grc' dir='ltr'>ταπεινῶς</span> <span class='ocrx_word' id='word_1_702' title='bbox 2899 3485 2989 3540; x_wconf 85' lang='grc' dir='ltr'>καὶ</span> <span class='ocrx_word' id='word_1_703' title='bbox 3053 3485 3307 3562; x_wconf 80' lang='grc' dir='ltr'>μετρίως,</span> <span class='ocrx_word' id='word_1_704' title='bbox 3365 3485 3424 3556; x_wconf 79' lang='grc' dir='ltr'>ἤ,</span> <span class='ocrx_word' id='word_1_705' title='bbox 3485 3487 3809 3566; x_wconf 85' lang='grc' dir='ltr'>Σύμμετρόν</span> 
     </span>
    </p>
   </div>
   <div class='ocr_carea' id='block_1_96' title="bbox 2163 3571 3809 3653">
    <p class='ocr_par' dir='ltr' id='par_1_96' title="bbox 2163 3571 3809 3653">
     <span class='ocr_line' id='line_1_96' title="bbox 2163 3571 3809 3653; baseline 0.005 -27"><span class='ocrx_word' id='word_1_706' title='bbox 2163 3593 2238 3638; x_wconf 87' lang='grc' dir='ltr'>τι,</span> <span class='ocrx_word' id='word_1_707' title='bbox 2273 3575 2427 3652; x_wconf 76' lang='grc' dir='ltr'>φησὶ,</span> <span class='ocrx_word' id='word_1_708' title='bbox 2459 3571 2726 3650; x_wconf 71' lang='grc' dir='ltr'>λέγωκαὶ</span> <span class='ocrx_word' id='word_1_709' title='bbox 2783 3575 2995 3646; x_wconf 85' lang='grc' dir='ltr'>μικρὸν,</span> <span class='ocrx_word' id='word_1_710' title='bbox 3053 3576 3140 3630; x_wconf 89' lang='grc' dir='ltr'>καὶ</span> <span class='ocrx_word' id='word_1_711' title='bbox 3202 3576 3310 3652; x_wconf 75' lang='grc' dir='ltr'>οὐχ</span> <span class='ocrx_word' id='word_1_712' title='bbox 3370 3572 3689 3653; x_wconf 72' lang='grc' dir='ltr'>ὑπερϐαῖνον</span> <span class='ocrx_word' id='word_1_713' title='bbox 3747 3579 3809 3634; x_wconf 82' lang='grc' dir='ltr'>τὸ</span> 
     </span>
    </p>
   </div>
   <div class='ocr_carea' id='block_1_97' title="bbox 2163 3662 3804 3745">
    <p class='ocr_par' dir='ltr' id='par_1_97' title="bbox 2163 3662 3804 3745">
     <span class='ocr_line' id='line_1_97' title="bbox 2163 3662 3804 3745; baseline -0.002 -20"><span class='ocrx_word' id='word_1_714' title='bbox 2163 3667 2263 3730; x_wconf 78' lang='grc' dir='ltr'>τῆς</span> <span class='ocrx_word' id='word_1_715' title='bbox 2319 3662 2530 3737; x_wconf 60' lang='grc' dir='ltr'>φύσεως</span> <span class='ocrx_word' id='word_1_716' title='bbox 2587 3662 2818 3722; x_wconf 78' lang='grc' dir='ltr'>ἀσθενές’</span> <span class='ocrx_word' id='word_1_717' title='bbox 2878 3666 2946 3736; x_wconf 78' lang='grc' dir='ltr'>τῇ</span> <span class='ocrx_word' id='word_1_718' title='bbox 3005 3666 3158 3745; x_wconf 66' lang='grc' dir='ltr'>φύσει</span> <span class='ocrx_word' id='word_1_719' title='bbox 3221 3670 3425 3740; x_wconf 82' lang='grc' dir='ltr'>μετρῶ,</span> <span class='ocrx_word' id='word_1_720' title='bbox 3484 3667 3640 3742; x_wconf 77' lang='grc' dir='ltr'>φησὶ,</span> <span class='ocrx_word' id='word_1_721' title='bbox 3706 3667 3804 3736; x_wconf 78' lang='grc' dir='ltr'>τὴν</span> 
     </span>
    </p>
   </div>
   <div class='ocr_carea' id='block_1_98' title="bbox 2164 3749 3812 3832">
    <p class='ocr_par' dir='ltr' id='par_1_98' title="bbox 2164 3749 3812 3832">
     <span class='ocr_line' id='line_1_98' title="bbox 2164 3749 3812 3832; baseline 0.005 -28"><span class='ocrx_word' id='word_1_722' title='bbox 2164 3749 2496 3826; x_wconf 72' lang='grc' dir='ltr'>ποραίνεσιψ</span> <span class='ocrx_word' id='word_1_723' title='bbox 2533 3749 2650 3805; x_wconf 76' lang='grc' dir='ltr'>οἶδα</span> <span class='ocrx_word' id='word_1_724' title='bbox 2698 3751 2798 3826; x_wconf 80' lang='grc' dir='ltr'>γὰρ</span> <span class='ocrx_word' id='word_1_725' title='bbox 2857 3751 2922 3808; x_wconf 77' lang='grc' dir='ltr'>τὰ</span> <span class='ocrx_word' id='word_1_726' title='bbox 2971 3751 3021 3808; x_wconf 82' lang='grc' dir='ltr'>ἐν</span> <span class='ocrx_word' id='word_1_727' title='bbox 3081 3758 3159 3826; x_wconf 80' lang='grc' dir='ltr'>τῷ</span> <span class='ocrx_word' id='word_1_728' title='bbox 3215 3761 3395 3828; x_wconf 80' lang='grc' dir='ltr'>θνητῷ</span> <span class='ocrx_word' id='word_1_729' title='bbox 3454 3758 3665 3832; x_wconf 85' lang='grc' dir='ltr'>σώματι</span> <span class='ocrx_word' id='word_1_730' title='bbox 3723 3779 3812 3812; x_wconf 89' lang='grc' dir='ltr'>κι-</span> 
     </span>
    </p>
   </div>
   <div class='ocr_carea' id='block_1_99' title="bbox 2162 3839 3810 3916">
    <p class='ocr_par' dir='ltr' id='par_1_99' title="bbox 2162 3839 3810 3916">
     <span class='ocr_line' id='line_1_99' title="bbox 2162 3839 3810 3916; baseline 0.007 -22"><span class='ocrx_word' id='word_1_731' title='bbox 2162 3839 2394 3911; x_wconf 76' lang='grc' dir='ltr'>νούμενα</span> <span class='ocrx_word' id='word_1_732' title='bbox 2425 3839 2594 3909; x_wconf 84' lang='grc' dir='ltr'>πάθη.</span> <span class='ocrx_word' id='word_1_733' title='bbox 2633 3865 2659 3892; x_wconf 79' lang='grc' dir='ltr'>ιι</span> <span class='ocrx_word' id='word_1_734' title='bbox 2690 3843 2806 3908; x_wconf 79' lang='grc' dir='ltr'>Τῆς</span> <span class='ocrx_word' id='word_1_735' title='bbox 2839 3841 3035 3916; x_wconf 83' lang='grc' dir='ltr'>σαρκὸς</span> <span class='ocrx_word' id='word_1_736' title='bbox 3071 3843 3245 3914; x_wconf 81' lang='grc' dir='ltr'>ὑμῶν.</span> <span class='ocrx_word' id='word_1_737' title='bbox 3279 3867 3307 3896; x_wconf 84' lang='grc'><strong>››</strong></span> <span class='ocrx_word' id='word_1_738' title='bbox 3343 3847 3460 3902; x_wconf 83' lang='grc' dir='ltr'>Οὐκ</span> <span class='ocrx_word' id='word_1_739' title='bbox 3515 3847 3647 3915; x_wconf 79' lang='grc' dir='ltr'>εἶπε,</span> <span class='ocrx_word' id='word_1_740' title='bbox 3695 3847 3810 3916; x_wconf 75' lang='grc' dir='ltr'>Τῆς</span> 
     </span>
    </p>
   </div>
   <div class='ocr_carea' id='block_1_100' title="bbox 2164 3927 3812 4010">
    <p class='ocr_par' dir='ltr' id='par_1_100' title="bbox 2164 3927 3812 4010">
     <span class='ocr_line' id='line_1_100' title="bbox 2164 3927 3812 4010; baseline 0.004 -26"><span class='ocrx_word' id='word_1_741' title='bbox 2164 3931 2530 4004; x_wconf 70' lang='grc' dir='ltr'>προαιρέσεως</span> <span class='ocrx_word' id='word_1_742' title='bbox 2559 3927 2594 3998; x_wconf 76' lang='grc' dir='ltr'>ἤ</span> <span class='ocrx_word' id='word_1_743' title='bbox 2625 3931 2722 3998; x_wconf 74' lang='grc' dir='ltr'>τῆς</span> <span class='ocrx_word' id='word_1_744' title='bbox 2755 3929 3064 4004; x_wconf 84' lang='grc' dir='ltr'>ἐπιθυμίας,</span> <span class='ocrx_word' id='word_1_745' title='bbox 3119 3933 3250 4010; x_wconf 75' lang='grc' dir='ltr'>ὅπερ</span> <span class='ocrx_word' id='word_1_746' title='bbox 3307 3935 3374 4004; x_wconf 80' lang='grc' dir='ltr'>ἦν</span> <span class='ocrx_word' id='word_1_747' title='bbox 3431 3935 3646 3992; x_wconf 71' lang='grc' dir='ltr'>ἰκείνων</span> <span class='ocrx_word' id='word_1_748' title='bbox 3689 3933 3812 3994; x_wconf 83' lang='grc' dir='ltr'>ἀδί-</span> 
     </span>
    </p>
   </div>
   <div class='ocr_carea' id='block_1_101' title="bbox 2164 4017 3810 4105">
    <p class='ocr_par' dir='ltr' id='par_1_101' title="bbox 2164 4017 3810 4105">
     <span class='ocr_line' id='line_1_101' title="bbox 2164 4017 3810 4105; baseline 0.004 -29"><span class='ocrx_word' id='word_1_749' title='bbox 2164 4041 2338 4093; x_wconf 76' lang='grc' dir='ltr'>κημα,</span> <span class='ocrx_word' id='word_1_750' title='bbox 2369 4017 2532 4086; x_wconf 79' lang='grc' dir='ltr'>ἀλλὰ,</span> <span class='ocrx_word' id='word_1_751' title='bbox 2568 4042 2596 4076; x_wconf 76' lang='grc' dir='ltr'>ιι</span> <span class='ocrx_word' id='word_1_752' title='bbox 2629 4023 2741 4090; x_wconf 76' lang='grc' dir='ltr'>Τῆς</span> <span class='ocrx_word' id='word_1_753' title='bbox 2773 4022 2992 4098; x_wconf 79' lang='grc' dir='ltr'>σαρκὸς,</span> <span class='ocrx_word' id='word_1_754' title='bbox 3025 4047 3054 4074; x_wconf 79' lang='lat'>»</span> <span class='ocrx_word' id='word_1_755' title='bbox 3112 4025 3298 4105; x_wconf 70' lang='grc' dir='ltr'>φησὶν,</span> <span class='ocrx_word' id='word_1_756' title='bbox 3331 4026 3362 4082; x_wconf 80' lang='grc' dir='ltr'>ὅ</span> <span class='ocrx_word' id='word_1_757' title='bbox 3390 4027 3537 4102; x_wconf 84' lang='grc' dir='ltr'>παρὰ</span> <span class='ocrx_word' id='word_1_758' title='bbox 3580 4026 3810 4102; x_wconf 81' lang='grc' dir='ltr'>γνώμην</span> 
     </span>
    </p>
   </div>
   <div class='ocr_carea' id='block_1_102' title="bbox 2161 4109 3807 4198">
    <p class='ocr_par' dir='ltr' id='par_1_102' title="bbox 2161 4109 3807 4198">
     <span class='ocr_line' id='line_1_102' title="bbox 2161 4109 3807 4198; baseline 0.003 -32"><span class='ocrx_word' id='word_1_759' title='bbox 2161 4109 2340 4167; x_wconf 74' lang='grc' dir='ltr'>αὐτῶν</span> <span class='ocrx_word' id='word_1_760' title='bbox 2372 4109 2600 4185; x_wconf 81' lang='grc' dir='ltr'>ἐγίνετο.</span> <span class='ocrx_word' id='word_1_761' title='bbox 2635 4114 2814 4169; x_wconf 81' lang='grc' dir='ltr'>Τοῦτο</span> <span class='ocrx_word' id='word_1_762' title='bbox 2846 4109 2904 4170; x_wconf 77' lang='grc' dir='ltr'>δέ</span> <span class='ocrx_word' id='word_1_763' title='bbox 2932 4134 3115 4194; x_wconf 72' lang='grc' dir='ltr'>φησιν,</span> <span class='ocrx_word' id='word_1_764' title='bbox 3162 4116 3442 4198; x_wconf 83' lang='grc' dir='ltr'>ἀνεπαχθῆ</span> <span class='ocrx_word' id='word_1_765' title='bbox 3499 4118 3590 4173; x_wconf 81' lang='grc' dir='ltr'>τὸν</span> <span class='ocrx_word' id='word_1_766' title='bbox 3638 4115 3807 4192; x_wconf 73' lang='grc' dir='ltr'>λόγον</span> 
     </span>
    </p>
   </div>
   <div class='ocr_carea' id='block_1_103' title="bbox 2163 4203 3806 4284">
    <p class='ocr_par' dir='ltr' id='par_1_103' title="bbox 2163 4203 3806 4284">
     <span class='ocr_line' id='line_1_103' title="bbox 2163 4203 3806 4284; baseline 0.004 -27"><span class='ocrx_word' id='word_1_767' title='bbox 2163 4205 2361 4258; x_wconf 85' lang='grc' dir='ltr'>ποιῶν.</span> <span class='ocrx_word' id='word_1_768' title='bbox 2422 4226 2450 4254; x_wconf 84' lang='grc' dir='ltr'>ι(</span> <span class='ocrx_word' id='word_1_769' title='bbox 2499 4205 2700 4273; x_wconf 82' lang='grc' dir='ltr'>’Ὠσπερ</span> <span class='ocrx_word' id='word_1_770' title='bbox 2759 4203 2862 4281; x_wconf 73' lang='grc' dir='ltr'>γὰρ</span> <span class='ocrx_word' id='word_1_771' title='bbox 2919 4208 3310 4278; x_wconf 62' lang='grc' dir='ltr'>παρεστήσατε.</span> <span class='ocrx_word' id='word_1_772' title='bbox 3371 4231 3401 4260; x_wconf 81' lang='lat' dir='ltr'>n</span> <span class='ocrx_word' id='word_1_773' title='bbox 3457 4205 3659 4280; x_wconf 76' lang='grc' dir='ltr'>Πολλῲ</span> <span class='ocrx_word' id='word_1_774' title='bbox 3709 4209 3806 4284; x_wconf 71' lang='grc' dir='ltr'>μὲν</span> 
     </span>
    </p>
   </div>
   <div class='ocr_carea' id='block_1_104' title="bbox 2168 4287 3808 4374">
    <p class='ocr_par' dir='ltr' id='par_1_104' title="bbox 2168 4287 3808 4374">
     <span class='ocr_line' id='line_1_104' title="bbox 2168 4287 3808 4374; baseline 0.004 -27"><span class='ocrx_word' id='word_1_775' title='bbox 2168 4291 2394 4367; x_wconf 83' lang='grc' dir='ltr'>μείζονα</span> <span class='ocrx_word' id='word_1_776' title='bbox 2425 4287 2530 4347; x_wconf 78' lang='grc' dir='ltr'>ἔδει</span> <span class='ocrx_word' id='word_1_777' title='bbox 2557 4297 2636 4364; x_wconf 79' lang='grc' dir='ltr'>τῷ</span> <span class='ocrx_word' id='word_1_778' title='bbox 2666 4293 2882 4366; x_wconf 81' lang='grc' dir='ltr'>Χριστῷ</span> <span class='ocrx_word' id='word_1_779' title='bbox 2912 4295 3012 4362; x_wconf 75' lang='grc' dir='ltr'>τὴν</span> <span class='ocrx_word' id='word_1_780' title='bbox 3067 4291 3314 4350; x_wconf 85' lang='grc' dir='ltr'>δουλείαν</span> <span class='ocrx_word' id='word_1_781' title='bbox 3369 4303 3671 4374; x_wconf 82' lang='grc' dir='ltr'>παρασχεῖν</span> <span class='ocrx_word' id='word_1_782' title='bbox 3718 4299 3808 4353; x_wconf 82' lang='grc' dir='ltr'>καὶ</span> 
     </span>
    </p>
   </div>
   <div class='ocr_carea' id='block_1_105' title="bbox 2161 4381 3810 4464">
    <p class='ocr_par' dir='ltr' id='par_1_105' title="bbox 2161 4381 3810 4464">
     <span class='ocr_line' id='line_1_105' title="bbox 2161 4381 3810 4464; baseline 0.002 -26"><span class='ocrx_word' id='word_1_783' title='bbox 2161 4385 2230 4454; x_wconf 78' lang='grc' dir='ltr'>τῇ</span> <span class='ocrx_word' id='word_1_784' title='bbox 2263 4381 2602 4460; x_wconf 80' lang='grc' dir='ltr'>δικαιοσύνῃ,</span> <span class='ocrx_word' id='word_1_785' title='bbox 2643 4382 2782 4456; x_wconf 71' lang='grc' dir='ltr'>⁶ἥπερ</span> <span class='ocrx_word' id='word_1_786' title='bbox 2844 4383 2973 4452; x_wconf 66' lang='grc' dir='ltr'>ίἰσην</span> <span class='ocrx_word' id='word_1_787' title='bbox 3034 4387 3333 4462; x_wconf 73' lang='grc' dir='ltr'>παρέσχετε</span> <span class='ocrx_word' id='word_1_788' title='bbox 3384 4391 3452 4462; x_wconf 80' lang='grc' dir='ltr'>τῇ</span> <span class='ocrx_word' id='word_1_789' title='bbox 3511 4387 3810 4464; x_wconf 78' lang='grc' dir='ltr'>ἀκαθαρσίᾳ</span> 
     </span>
    </p>
   </div>
   <div class='ocr_carea' id='block_1_106' title="bbox 2161 4475 3808 4550">
    <p class='ocr_par' dir='ltr' id='par_1_106' title="bbox 2161 4475 3808 4550">
     <span class='ocr_line' id='line_1_106' title="bbox 2161 4475 3808 4550; baseline 0.003 -19"><span class='ocrx_word' id='word_1_790' title='bbox 2161 4477 2350 4550; x_wconf 80' lang='grc' dir='ltr'>καὶτῇ</span> <span class='ocrx_word' id='word_1_791' title='bbox 2385 4477 2610 4550; x_wconf 80' lang='grc' dir='ltr'>ἀνομίᾳ,</span> <span class='ocrx_word' id='word_1_792' title='bbox 2642 4475 2718 4536; x_wconf 82' lang='grc' dir='ltr'>είς</span> <span class='ocrx_word' id='word_1_793' title='bbox 2774 4477 2876 4544; x_wconf 76' lang='grc' dir='ltr'>τήν</span> <span class='ocrx_word' id='word_1_794' title='bbox 2931 4475 3160 4548; x_wconf 85' lang='grc' dir='ltr'>ἀνομίαν</span> <span class='ocrx_word' id='word_1_795' title='bbox 3221 4479 3303 4546; x_wconf 87' lang='grc' dir='ltr'>(τὸ</span> <span class='ocrx_word' id='word_1_796' title='bbox 3363 4475 3440 4548; x_wconf 77' lang='grc' dir='ltr'>δὲ,</span> <span class='ocrx_word' id='word_1_797' title='bbox 3497 4479 3653 4542; x_wconf 81' lang='grc' dir='ltr'>«Εἷς</span> <span class='ocrx_word' id='word_1_798' title='bbox 3710 4481 3808 4550; x_wconf 71' lang='grc' dir='ltr'>τὴν</span> 
     </span>
    </p>
   </div>
   <div class='ocr_carea' id='block_1_107' title="bbox 2162 4563 3808 4640">
    <p class='ocr_par' dir='ltr' id='par_1_107' title="bbox 2162 4563 3808 4640">
     <span class='ocr_line' id='line_1_107' title="bbox 2162 4563 3808 4640; baseline 0.002 -17"><span class='ocrx_word' id='word_1_799' title='bbox 2162 4565 2411 4638; x_wconf 84' lang='grc' dir='ltr'>ἀνομίαν,</span> <span class='ocrx_word' id='word_1_800' title='bbox 2449 4591 2475 4616; x_wconf 83' lang='grc'>››</span> <span class='ocrx_word' id='word_1_801' title='bbox 2507 4569 2749 4620; x_wconf 70' lang='grc' dir='ltr'>τουτέστι</span> <span class='ocrx_word' id='word_1_802' title='bbox 2780 4565 2843 4620; x_wconf 87' lang='grc' dir='ltr'>τὸ</span> <span class='ocrx_word' id='word_1_803' title='bbox 2874 4563 2961 4620; x_wconf 74' lang='grc' dir='ltr'>ἐπὶ</span> <span class='ocrx_word' id='word_1_804' title='bbox 2994 4564 3162 4622; x_wconf 69' lang='grc' dir='ltr'>πλέον</span> <span class='ocrx_word' id='word_1_805' title='bbox 3197 4567 3439 4640; x_wconf 84' lang='grc' dir='ltr'>ἀνομεῖν.</span> <span class='ocrx_word' id='word_1_806' title='bbox 3494 4569 3636 4628; x_wconf 83' lang='grc' dir='ltr'>Ἀντὶ</span> <span class='ocrx_word' id='word_1_807' title='bbox 3687 4573 3808 4636; x_wconf 77' lang='grc' dir='ltr'>τοῦ.</span> 
     </span>
    </p>
   </div>
   <div class='ocr_carea' id='block_1_108' title="bbox 2085 4647 3812 4734">
    <p class='ocr_par' dir='ltr' id='par_1_108' title="bbox 2085 4647 3812 4734">
     <span class='ocr_line' id='line_1_108' title="bbox 2085 4647 3812 4734; baseline 0.001 -22"><span class='ocrx_word' id='word_1_808' title='bbox 2085 4647 2132 4712; x_wconf 76' lang='grc' dir='ltr'>ί)</span> <span class='ocrx_word' id='word_1_809' title='bbox 2165 4657 2493 4728; x_wconf 78' lang='grc' dir='ltr'>Ἐξεκαίεσθε</span> <span class='ocrx_word' id='word_1_810' title='bbox 2522 4657 2608 4710; x_wconf 77' lang='grc' dir='ltr'>καὶ</span> <span class='ocrx_word' id='word_1_811' title='bbox 2643 4655 2719 4718; x_wconf 72' lang='grc' dir='ltr'>εἷς</span> <span class='ocrx_word' id='word_1_812' title='bbox 2765 4653 2842 4712; x_wconf 78' lang='grc' dir='ltr'>ἔτι</span> <span class='ocrx_word' id='word_1_813' title='bbox 2917 4655 3130 4732; x_wconf 79' lang='grc' dir='ltr'>μᾶλλον</span> <span class='ocrx_word' id='word_1_814' title='bbox 3193 4657 3457 4734; x_wconf 82' lang='grc' dir='ltr'>ἀνομεῖν),</span> <span class='ocrx_word' id='word_1_815' title='bbox 3517 4657 3664 4732; x_wconf 71' lang='grc' dir='ltr'>πλὴν</span> <span class='ocrx_word' id='word_1_816' title='bbox 3722 4657 3812 4716; x_wconf 74' lang='grc' dir='ltr'>διὰ</span> 
     </span>
    </p>
   </div>
   <div class='ocr_carea' id='block_1_109' title="bbox 2161 4744 3465 4818">
    <p class='ocr_par' dir='ltr' id='par_1_109' title="bbox 2161 4744 3465 4818">
     <span class='ocr_line' id='line_1_109' title="bbox 2161 4744 3465 4818; baseline 0.002 -17"><span class='ocrx_word' id='word_1_817' title='bbox 2161 4747 2259 4816; x_wconf 79' lang='grc' dir='ltr'>τὴν</span> <span class='ocrx_word' id='word_1_818' title='bbox 2293 4747 2562 4802; x_wconf 81' lang='grc' dir='ltr'>ἀσθένειαν</span> <span class='ocrx_word' id='word_1_819' title='bbox 2591 4750 2687 4810; x_wconf 83' lang='grc' dir='ltr'>τῆς</span> <span class='ocrx_word' id='word_1_820' title='bbox 2721 4747 2936 4818; x_wconf 79' lang='grc' dir='ltr'>σαρκὸς,</span> <span class='ocrx_word' id='word_1_821' title='bbox 2972 4749 3072 4817; x_wconf 77' lang='grc' dir='ltr'>τὴν</span> <span class='ocrx_word' id='word_1_822' title='bbox 3105 4744 3197 4816; x_wconf 68' lang='grc' dir='ltr'>ξ’ση</span> <span class='ocrx_word' id='word_1_823' title='bbox 3231 4749 3465 4808; x_wconf 83' lang='grc' dir='ltr'>ἀπαιτῶ.</span> 
     </span>
    </p>
   </div>
   <div class='ocr_carea' id='block_1_110' title="bbox 2236 4835 3806 4914">
    <p class='ocr_par' dir='ltr' id='par_1_110' title="bbox 2236 4835 3806 4914">
     <span class='ocr_line' id='line_1_110' title="bbox 2236 4835 3806 4914; baseline 0.006 -26"><span class='ocrx_word' id='word_1_824' title='bbox 2236 4861 2265 4888; x_wconf 88' lang='grc'>‹‹</span> <span class='ocrx_word' id='word_1_825' title='bbox 2323 4839 2446 4892; x_wconf 76' lang='grc' dir='ltr'>Ὅτε</span> <span class='ocrx_word' id='word_1_826' title='bbox 2501 4838 2605 4911; x_wconf 71' lang='grc' dir='ltr'>γαρ</span> <span class='ocrx_word' id='word_1_827' title='bbox 2667 4835 2858 4894; x_wconf 78' lang='grc' dir='ltr'>δοῦλοι</span> <span class='ocrx_word' id='word_1_828' title='bbox 2919 4838 3016 4907; x_wconf 77' lang='grc' dir='ltr'>ἦτε</span> <span class='ocrx_word' id='word_1_829' title='bbox 3065 4844 3166 4906; x_wconf 77' lang='grc' dir='ltr'>τῆς</span> <span class='ocrx_word' id='word_1_830' title='bbox 3235 4839 3524 4914; x_wconf 82' lang='grc' dir='ltr'>ἁμαρτίας.</span> <span class='ocrx_word' id='word_1_831' title='bbox 3573 4866 3592 4892; x_wconf 75' lang='grc' dir='ltr'>ι</span> <span class='ocrx_word' id='word_1_832' title='bbox 3655 4841 3806 4914; x_wconf 82' lang='grc' dir='ltr'>Ὅτε,</span> 
     </span>
    </p>
   </div>
   <div class='ocr_carea' id='block_1_111' title="bbox 2163 4927 3808 5010">
    <p class='ocr_par' dir='ltr' id='par_1_111' title="bbox 2163 4927 3808 5010">
     <span class='ocr_line' id='line_1_111' title="bbox 2163 4927 3808 5010; baseline 0.004 -30"><span class='ocrx_word' id='word_1_833' title='bbox 2163 4927 2350 5010; x_wconf 72' lang='grc' dir='ltr'>φησὶν,</span> <span class='ocrx_word' id='word_1_834' title='bbox 2411 4927 2462 4983; x_wconf 76' lang='grc' dir='ltr'>ἐν</span> <span class='ocrx_word' id='word_1_835' title='bbox 2523 4927 2761 5003; x_wconf 78' lang='grc' dir='ltr'>ἁμαρτίᾳ</span> <span class='ocrx_word' id='word_1_836' title='bbox 2818 4927 2990 4997; x_wconf 74' lang='grc' dir='ltr'>ἐζῆτε,</span> <span class='ocrx_word' id='word_1_837' title='bbox 3049 4931 3301 4983; x_wconf 79' lang='grc' dir='ltr'>τοσοῦτον</span> <span class='ocrx_word' id='word_1_838' title='bbox 3381 4927 3684 5002; x_wconf 76' lang='grc' dir='ltr'>ὑπηκούετε</span> <span class='ocrx_word' id='word_1_839' title='bbox 3739 4933 3808 5008; x_wconf 73' lang='grc' dir='ltr'>τῇ</span> 
     </span>
    </p>
   </div>
   <div class='ocr_carea' id='block_1_112' title="bbox 2165 5017 3810 5100">
    <p class='ocr_par' dir='ltr' id='par_1_112' title="bbox 2165 5017 3810 5100">
     <span class='ocr_line' id='line_1_112' title="bbox 2165 5017 3810 5100; baseline 0.001 -26"><span class='ocrx_word' id='word_1_840' title='bbox 2165 5017 2422 5094; x_wconf 78' lang='grc' dir='ltr'>ἁμαρτίᾳ,</span> <span class='ocrx_word' id='word_1_841' title='bbox 2458 5018 2532 5078; x_wconf 78' lang='grc' dir='ltr'>ὡς</span> <span class='ocrx_word' id='word_1_842' title='bbox 2577 5018 2874 5088; x_wconf 86' lang='grc' dir='ltr'>μηδοτιοῦν</span> <span class='ocrx_word' id='word_1_843' title='bbox 2925 5017 3174 5092; x_wconf 82' lang='grc' dir='ltr'>πράττειν</span> <span class='ocrx_word' id='word_1_844' title='bbox 3233 5019 3423 5074; x_wconf 58' lang='grc' dir='ltr'>καλόν</span> <span class='ocrx_word' id='word_1_845' title='bbox 3483 5025 3646 5078; x_wconf 75' lang='grc' dir='ltr'>τοῦτο</span> <span class='ocrx_word' id='word_1_846' title='bbox 3703 5025 3810 5100; x_wconf 71' lang='grc' dir='ltr'>γὰρ</span> 
     </span>
    </p>
   </div>
   <div class='ocr_carea' id='block_1_113' title="bbox 2165 5103 3810 5183">
    <p class='ocr_par' dir='ltr' id='par_1_113' title="bbox 2165 5103 3810 5183">
     <span class='ocr_line' id='line_1_113' title="bbox 2165 5103 3810 5183; baseline 0.001 -19"><span class='ocrx_word' id='word_1_847' title='bbox 2165 5106 2434 5176; x_wconf 79' lang='grc' dir='ltr'>δηλοῐτὸ,</span> <span class='ocrx_word' id='word_1_848' title='bbox 2461 5107 2772 5182; x_wconf 76' lang='grc' dir='ltr'>Ἐλεύθεροι</span> <span class='ocrx_word' id='word_1_849' title='bbox 2801 5107 2898 5178; x_wconf 74' lang='grc' dir='ltr'>ἦτε</span> <span class='ocrx_word' id='word_1_850' title='bbox 2927 5111 2994 5180; x_wconf 80' lang='grc' dir='ltr'>τῇ</span> <span class='ocrx_word' id='word_1_851' title='bbox 3023 5103 3362 5183; x_wconf 77' lang='grc' dir='ltr'>δικαιοσύνῃ,</span> <span class='ocrx_word' id='word_1_852' title='bbox 3393 5109 3686 5170; x_wconf 77' lang='grc' dir='ltr'>τουτίστιν.</span> <span class='ocrx_word' id='word_1_853' title='bbox 3721 5115 3810 5170; x_wconf 88' lang='grc' dir='ltr'>Ἐν</span> 
     </span>
    </p>
   </div>
   <div class='ocr_carea' id='block_1_114' title="bbox 2165 5195 3808 5272">
    <p class='ocr_par' dir='ltr' id='par_1_114' title="bbox 2165 5195 3808 5272">
     <span class='ocr_line' id='line_1_114' title="bbox 2165 5195 3808 5272; baseline 0 -18"><span class='ocrx_word' id='word_1_854' title='bbox 2165 5195 2344 5254; x_wconf 73' lang='grc' dir='ltr'>οὐδενὶ</span> <span class='ocrx_word' id='word_1_855' title='bbox 2374 5197 2474 5268; x_wconf 74' lang='grc' dir='ltr'>ἦτε</span> <span class='ocrx_word' id='word_1_856' title='bbox 2507 5197 2937 5272; x_wconf 68' lang='grc' dir='ltr'>ὑποτεταγμένοι</span> <span class='ocrx_word' id='word_1_857' title='bbox 2969 5195 3128 5270; x_wconf 75' lang='grc' dir='ltr'>αὐτῇ,</span> <span class='ocrx_word' id='word_1_858' title='bbox 3162 5195 3362 5251; x_wconf 80' lang='grc' dir='ltr'>οὐκοῦν</span> <span class='ocrx_word' id='word_1_859' title='bbox 3403 5197 3494 5254; x_wconf 77' lang='grc' dir='ltr'>καὶ</span> <span class='ocrx_word' id='word_1_860' title='bbox 3551 5201 3640 5254; x_wconf 76' lang='grc' dir='ltr'>νῦν</span> <span class='ocrx_word' id='word_1_861' title='bbox 3691 5199 3808 5258; x_wconf 72' lang='grc' dir='ltr'>ἐπεὶ</span> 
     </span>
    </p>
   </div>
   <div class='ocr_carea' id='block_1_115' title="bbox 2169 5279 3810 5362">
    <p class='ocr_par' dir='ltr' id='par_1_115' title="bbox 2169 5279 3810 5362">
     <span class='ocr_line' id='line_1_115' title="bbox 2169 5279 3810 5362; baseline 0.002 -23"><span class='ocrx_word' id='word_1_862' title='bbox 2169 5285 2458 5358; x_wconf 74' lang='grc' dir='ltr'>μετέστητε</span> <span class='ocrx_word' id='word_1_863' title='bbox 2517 5285 2592 5348; x_wconf 80' lang='grc' dir='ltr'>εἱς</span> <span class='ocrx_word' id='word_1_864' title='bbox 2653 5285 2752 5352; x_wconf 71' lang='grc' dir='ltr'>τήν</span> <span class='ocrx_word' id='word_1_865' title='bbox 2809 5279 3180 5354; x_wconf 85' lang='grc' dir='ltr'>δικαιοσύνην,</span> <span class='ocrx_word' id='word_1_866' title='bbox 3259 5279 3538 5358; x_wconf 77' lang='grc' dir='ltr'>ἐλεύθεροι</span> <span class='ocrx_word' id='word_1_867' title='bbox 3603 5285 3810 5362; x_wconf 78' lang='grc' dir='ltr'>γίνεσθε</span> 
     </span>
    </p>
   </div>
   <div class='ocr_carea' id='block_1_116' title="bbox 2161 5371 3806 5450">
    <p class='ocr_par' dir='ltr' id='par_1_116' title="bbox 2161 5371 3806 5450">
     <span class='ocr_line' id='line_1_116' title="bbox 2161 5371 3806 5450; baseline -0.001 -20"><span class='ocrx_word' id='word_1_868' title='bbox 2161 5377 2231 5448; x_wconf 80' lang='grc' dir='ltr'>τῇ</span> <span class='ocrx_word' id='word_1_869' title='bbox 2265 5373 2523 5450; x_wconf 76' lang='grc' dir='ltr'>ἁμαρτίᾳ.</span> <span class='ocrx_word' id='word_1_870' title='bbox 2583 5377 2751 5428; x_wconf 71' lang='grc' dir='ltr'>Τοῦτο</span> <span class='ocrx_word' id='word_1_871' title='bbox 2807 5371 2912 5448; x_wconf 78' lang='grc' dir='ltr'>γὰρ</span> <span class='ocrx_word' id='word_1_872' title='bbox 2969 5371 3358 5430; x_wconf 80' lang='grc' dir='ltr'>συνυπακούειν</span> <span class='ocrx_word' id='word_1_873' title='bbox 3395 5373 3424 5430; x_wconf 87' lang='grc' dir='ltr'><strong>ὁ</strong></span> <span class='ocrx_word' id='word_1_874' title='bbox 3455 5373 3656 5436; x_wconf 78' lang='grc' dir='ltr'>σκοπὸς</span> <span class='ocrx_word' id='word_1_875' title='bbox 3705 5377 3806 5430; x_wconf 78' lang='grc' dir='ltr'>τοῦ</span> 
     </span>
    </p>
   </div>
   <div class='ocr_carea' id='block_1_117' title="bbox 2163 5459 3802 5540">
    <p class='ocr_par' dir='ltr' id='par_1_117' title="bbox 2163 5459 3802 5540">
     <span class='ocr_line' id='line_1_117' title="bbox 2163 5459 3802 5540; baseline -0.002 -19"><span class='ocrx_word' id='word_1_876' title='bbox 2163 5463 2438 5540; x_wconf 78' lang='grc' dir='ltr'>ἀνωτέρου</span> <span class='ocrx_word' id='word_1_877' title='bbox 2493 5459 2792 5540; x_wconf 44' lang='lat' dir='ltr'>xeo-alutae</span> <span class='ocrx_word' id='word_1_878' title='bbox 2871 5459 3106 5518; x_wconf 85' lang='grc' dir='ltr'>ἀπαιτεῖ.</span> <span class='ocrx_word' id='word_1_879' title='bbox 3167 5485 3200 5516; x_wconf 76' lang='grc' dir='ltr'>α</span> <span class='ocrx_word' id='word_1_880' title='bbox 3257 5461 3396 5520; x_wconf 81' lang='grc' dir='ltr'>Τίνα</span> <span class='ocrx_word' id='word_1_881' title='bbox 3451 5461 3544 5520; x_wconf 73' lang='grc' dir='ltr'>οὖν</span> <span class='ocrx_word' id='word_1_882' title='bbox 3599 5461 3802 5538; x_wconf 78' lang='grc' dir='ltr'>καρπὸν</span> 
     </span>
    </p>
   </div>
   <div class='ocr_carea' id='block_1_118' title="bbox 2165 5547 3806 5634">
    <p class='ocr_par' dir='ltr' id='par_1_118' title="bbox 2165 5547 3806 5634">
     <span class='ocr_line' id='line_1_118' title="bbox 2165 5547 3806 5634; baseline -0.002 -22"><span class='ocrx_word' id='word_1_883' title='bbox 2165 5551 2344 5632; x_wconf 76' lang='grc' dir='ltr'>εἷ’χετε</span> <span class='ocrx_word' id='word_1_884' title='bbox 2371 5553 2492 5608; x_wconf 87' lang='grc' dir='ltr'>τότε</span> <span class='ocrx_word' id='word_1_885' title='bbox 2521 5573 2535 5622; x_wconf 85' lang='lat'><strong>;</strong></span> <span class='ocrx_word' id='word_1_886' title='bbox 2569 5575 2598 5606; x_wconf 70' lang='grc' dir='ltr'><strong><em>κ</em></strong></span> <span class='ocrx_word' id='word_1_887' title='bbox 2629 5549 2690 5606; x_wconf 89' lang='grc' dir='ltr'>Τί</span> <span class='ocrx_word' id='word_1_888' title='bbox 2721 5547 2812 5634; x_wconf 79' lang='grc' dir='ltr'>οὖν</span> <span class='ocrx_word' id='word_1_889' title='bbox 2838 5553 2901 5606; x_wconf 84' lang='grc' dir='ltr'>τὸ</span> <span class='ocrx_word' id='word_1_890' title='bbox 2932 5547 3129 5630; x_wconf 73' lang='grc' dir='ltr'>ὄφελος</span> <span class='ocrx_word' id='word_1_891' title='bbox 3161 5549 3306 5626; x_wconf 77' lang='grc' dir='ltr'>ὑμῖν,</span> <span class='ocrx_word' id='word_1_892' title='bbox 3337 5549 3494 5634; x_wconf 70' lang='grc' dir='ltr'>φησὶ,</span> <span class='ocrx_word' id='word_1_893' title='bbox 3539 5555 3642 5622; x_wconf 80' lang='grc' dir='ltr'>τῆς</span> <span class='ocrx_word' id='word_1_894' title='bbox 3691 5549 3806 5608; x_wconf 79' lang='grc' dir='ltr'>πά-</span> 
     </span>
    </p>
   </div>
   <div class='ocr_carea' id='block_1_119' title="bbox 2163 5633 3802 5716">
    <p class='ocr_par' dir='ltr' id='par_1_119' title="bbox 2163 5633 3802 5716">
     <span class='ocr_line' id='line_1_119' title="bbox 2163 5633 3802 5716; baseline -0.002 -16"><span class='ocrx_word' id='word_1_895' title='bbox 2163 5641 2256 5700; x_wconf 85' lang='grc' dir='ltr'>λαι</span> <span class='ocrx_word' id='word_1_896' title='bbox 2315 5639 2634 5714; x_wconf 72' lang='grc' dir='ltr'>πονηρίαςς</span> <span class='ocrx_word' id='word_1_897' title='bbox 2691 5633 2880 5710; x_wconf 81' lang='grc' dir='ltr'>Οὗδὶν,</span> <span class='ocrx_word' id='word_1_898' title='bbox 2941 5635 3202 5710; x_wconf 80' lang='grc' dir='ltr'>δηλονότι</span> <span class='ocrx_word' id='word_1_899' title='bbox 3265 5633 3802 5716; x_wconf 16' lang='grc' dir='ltr'>τὸνὶπαεσχῦνεσθαι</span> 
     </span>
    </p>
   </div>
   <div class='ocr_carea' id='block_1_120' title="bbox 2165 5723 3804 5810">
    <p class='ocr_par' dir='ltr' id='par_1_120' title="bbox 2165 5723 3804 5810">
     <span class='ocr_line' id='line_1_120' title="bbox 2165 5723 3804 5810; baseline 0 -22"><span class='ocrx_word' id='word_1_900' title='bbox 2165 5733 2304 5810; x_wconf 80' lang='grc' dir='ltr'>ὑμᾶς</span> <span class='ocrx_word' id='word_1_901' title='bbox 2331 5733 2437 5788; x_wconf 78' lang='grc' dir='ltr'>νῦν·</span> <span class='ocrx_word' id='word_1_902' title='bbox 2472 5729 2646 5794; x_wconf 76' lang='grc' dir='ltr'>οὓτως</span> <span class='ocrx_word' id='word_1_903' title='bbox 2677 5727 2778 5808; x_wconf 81' lang='grc' dir='ltr'>γάρ</span> <span class='ocrx_word' id='word_1_904' title='bbox 2809 5727 2972 5784; x_wconf 83' lang='grc' dir='ltr'>κακὸν</span> <span class='ocrx_word' id='word_1_905' title='bbox 3005 5729 3042 5800; x_wconf 86' lang='grc' dir='ltr'><strong>ἡ</strong></span> <span class='ocrx_word' id='word_1_906' title='bbox 3071 5725 3330 5806; x_wconf 74' lang='grc' dir='ltr'>ἁμαρτία,</span> <span class='ocrx_word' id='word_1_907' title='bbox 3383 5723 3470 5786; x_wconf 68' lang='grc' dir='ltr'>ὃτι</span> <span class='ocrx_word' id='word_1_908' title='bbox 3519 5723 3610 5786; x_wconf 70' lang='grc' dir='ltr'>καὶ</span> <span class='ocrx_word' id='word_1_909' title='bbox 3663 5747 3804 5806; x_wconf 78' lang='grc' dir='ltr'>μετα</span> 
     </span>
    </p>
   </div>
  </div>
