4198 6198
358 409 479 471 ιιι

1466 408 1878 473 OUMMENT.
1926 411 2009 472 IN
2056 410 2305 475 EPIST.
2352 414 2456 475 AD
2503 418 2692 477 ΗΘΜ.

3656 416 3776 481 ηε

362 539 718 617 ἀπαλλαγὴν,
745 539 1065 624 αῗσχύνεταί
1093 562 1178 605 τις
1210 541 1296 598 ἐπ’
1340 540 1500 616 αὐτῇ.
1534 565 1556 593 ι
1592 541 1672 600 Τὸ
1728 542 1834 620 γάρ
1862 541 2023 604 τέλος

2142 546 2211 601 ob
2241 546 2437 620 ipsum
2466 548 2682 607 rubore
2713 552 3108 609 suffundatur.
3139 574 3165 602 «
3198 554 3340 610 Nam
3373 552 3511 609 ﬁnis
3539 552 3782 611 illorum

364 630 585 690 ἰκεινων
610 632 860 694 θάνατος.
894 655 924 685 n
960 632 1037 691 Οὐ
1074 632 1237 705 μόνον
1273 631 1379 687 ἀπὸ
1415 638 1519 701 τῆς
1557 629 1850 707 αῗσχύνης,
1880 629 2030 688 ἀλλὰ

358 722 451 779 καὶ
489 721 599 777 ἀπὸ
656 725 764 777 τῶν
827 719 1291 796 ἀποτελεσμάτων
1354 725 1744 791 κατασκευαζει
1803 721 1866 777 τὸ
1927 740 2028 794 μο-

364 811 582 893 χθηρὸν
611 818 712 880 τῆς
753 811 1039 882 ἁμαρτίας.
1097 812 1177 869 Τὸ
1206 808 1366 872 τέλος
1424 810 1663 879 ἐκείνων,
1727 810 1882 887 φησὶ,
1937 809 2027 873 θά-

358 922 519 958 νατον
549 896 688 976 ἔχει,
714 904 881 957 τοῦτο
913 896 981 969 δὴ
1022 899 1117 957 τὸν
1147 899 1365 971 νοητόν.
1402 924 1427 950 ιι
1462 900 1664 974 Ἔχετε
1702 900 1794 955 τὸν
1824 900 2029 974 καρπὸν

363 990 513 1061 ὑμῶν
544 989 623 1054 εἰς
649 988 942 1068 ἁγιασμόν,
980 1014 1008 1041 ››
1040 991 1297 1046 Ἒκείνων
1359 989 1474 1063 μὶν,
1508 988 1697 1070 φησὶν,
1730 990 1759 1044 6
1813 987 2028 1062 καρπὸς

362 1079 591 1145 eiuro;
618 1076 712 1135 καὶ
740 1077 1002 1156 αἱσχῦνη·
1034 1079 1243 1136 ’το-ἔτιον
1294 1076 1351 1135 δὲ
1406 1078 1435 1135 6
1491 1079 1725 1155 καρπὸς,
1756 1076 2032 1154 ἁγιασμὸς

359 1171 453 1230 καὶ
485 1171 600 1242 ζωὴ
633 1169 877 1232 αἰώνιος.
899 1168 1057 1230 Ἀλλ’
1088 1171 1244 1246 ’ὅμως
1269 1169 1361 1226 καὶ
1388 1170 1598 1227 τούτων
1633 1170 1808 1234 οὓτως
1837 1164 2028 1225 ὄντων’

362 1260 519 1342 φησὶ,
550 1259 640 1317 καὶ
692 1260 868 1323 οὕτως
925 1264 1002 1332 τῷ
1061 1264 1179 1333 Θεῷ
1238 1256 1591 1326 δουλεῦσατε,
1658 1256 1843 1335 ὥσπερ
1901 1258 2034 1315 ποτὶ

360 1352 449 1407 καὶ
477 1349 549 1424 τῇ
581 1349 881 1421 ἀκαθαρσίᾳ
910 1350 1002 1405 καὶ
1030 1352 1101 1422 ’τῇ
1128 1349 1353 1422 ἀνομίᾳ,
1393 1371 1414 1400 ι
1450 1350 1528 1407 Τὸ
1561 1347 1621 1406 εὶ
1664 1350 1822 1411 τέλος
1882 1348 2031 1420 ζωὴν

361 1440 608 1498 αἰώνιον.
636 1463 663 1492 ››
697 1441 794 1496 Ἐκ
821 1439 932 1495 τῶν
982 1437 1288 1511 δεδομένων
1348 1438 1416 1494 τὰ
1473 1435 1908 1514 προσδοκώμενα
1939 1458 2033 1492 πι-

361 1534 607 1599 στοῦται,
636 1532 943 1599 τουτέστιν,
972 1527 1082 1585 ἀπὸ
1114 1528 1413 1606 ἁγιασμοῦ,
1444 1528 1545 1596 τήν
1605 1525 1824 1582 αἰώνιον
1859 1527 2028 1597 ζωήν.

363 1642 396 1673 ιι
426 1618 503 1674 Τὰ
528 1618 632 1696 γάρ
673 1617 891 1693 ὀψώνια
921 1624 1021 1687 τῆς
1052 1617 1326 1693 ἁμαρτίας
1390 1617 1642 1680 θάνατος.
1672 1639 1701 1667 ››
1752 1615 1830 1671 Td
1883 1614 2036 1689 ὀψώ-

361 1728 474 1780 νια,
507 1707 949 1783 οἷονὸκαρπὸς,
1008 1704 1043 1776 ἢ
1101 1702 1298 1781 δωρεά.
1369 1705 1645 1779 Ὀψώνιον
1701 1701 1943 1780 λέγεται,
1995 1705 2032 1773 ἡ

366 1795 635 1875 βασιλικῆ
696 1794 894 1871 δωρεά.
953 1796 1094 1871 Ὅρα
1148 1792 1205 1851 δὲ
1251 1792 1304 1866 ἐξ
1390 1794 1463 1849 ὧν
1548 1793 1896 1870 ἐπεξέρχεται
1951 1796 2032 1865 τῷ

2136 652 2318 693 mors.
2346 659 2376 687 »
2400 638 2529 694 Non
2561 640 2754 696 solum
2785 658 2819 696 a
2849 643 3096 713 pudore,
3118 659 3320 698 verum
3343 642 3519 697 etiam
3553 642 3624 698 ab
3647 644 3783 698 effe-

2136 724 2329 780 ctibus
2354 727 2579 797 peccati
2609 728 2895 785 malitiam
2928 731 3261 787 conﬁrmat.
3306 729 3465 786 Finis
3518 730 3779 799 illorum,

2137 813 2608 884 inquit,mortem
2640 817 3031 890 habet,idque
3063 820 3454 891 spiritualem.
3484 842 3506 869 ιι
3542 818 3782 874 Habetis

2133 902 2388 960 fructum
2413 910 2670 961 vestrum
2704 907 2765 962 in
2798 909 3388 965 sanctiﬁcationem,»
3411 908 3783 971 lllorum,in-

2136 991 2283 1062 quit,
2316 992 2542 1050 fructus
2574 1011 2734 1051 mors
2764 1002 2855 1051 est
2900 1002 2960 1051 et
3004 997 3295 1063 confusio,
3340 996 3549 1053 horum
3582 1002 3782 1052 autem

2134 1078 2363 1139 fructus
2422 1083 2812 1140 sanctiﬁcatio
2844 1091 2935 1141 est
2984 1090 3043 1141 et
3097 1085 3214 1140 vita
3269 1091 3510 1140 aeterna.
3569 1086 3783 1142 Verum

2138 1186 2479 1243 quanquam
2512 1172 2638 1228 haec
2665 1174 2748 1229 ita
2781 1188 2845 1231 se
2876 1173 3155 1237 habeant,
3188 1173 3397 1229 saltem
3428 1174 3513 1229 ita
3528 1174 3642 1231 Deo
3662 1190 3787 1229 ser-

2136 1260 2273 1326 vite,
2306 1260 2810 1334 quemadmodum
2841 1263 2982 1318 olim
3017 1261 3416 1321 immunditize
3448 1269 3509 1317 et
3565 1263 3789 1333 iniqui-

2136 1351 2242 1406 tati
2269 1367 2282 1405 :
2316 1372 2343 1399 «
2376 1351 2581 1409 Finem
2614 1368 2750 1408 vero
2781 1353 2959 1409 vitam
2993 1360 3298 1408 mtcrnam.
3328 1376 3353 1401 ι.
3386 1351 3472 1408 Ab
3503 1351 3598 1410 his
3657 1369 3786 1424 quau

2138 1440 2275 1496 data
2295 1445 2664 1505 sunt,eorum
2697 1440 2876 1498 ﬁdem
2907 1443 3044 1498 facit
3078 1459 3210 1513 qum
3234 1442 3787 1513 exspectantur,hoc

2137 1534 2245 1595 est,
2269 1546 2305 1585 a
2329 1530 2798 1587 sanctiﬁcatione
2847 1532 3025 1587 vitam
3056 1538 3340 1587 aeternam
3389 1530 3586 1586 infert.
3625 1553 3652 1581 ‹‹
3683 1530 3789 1585 διίο

2137 1617 2358 1691 peudia
2386 1618 2550 1675 enim
2581 1620 2808 1691 peccati
2836 1636 3015 1676 mors.
3044 1643 3070 1669 ››
3091 1619 3589 1693 Stipendia,lucra
3606 1618 3785 1675 veluti

2135 1708 2362 1764 fructus
2392 1707 2480 1764 vel
2512 1708 2755 1767 donum.
2811 1709 3104 1783 Ὀψώνιυν,
3137 1711 3200 1767 id
3228 1715 3336 1775 est.
3399 1709 3784 1781 stipendium,

2138 1796 2355 1855 dicitur
2384 1798 2606 1854 donum
2633 1799 2808 1871 regis.
2868 1798 3012 1856 Vide
3071 1805 3267 1856 autem
3320 1798 3538 1870 quibus
3594 1797 3788 1854 verbis

365 1886 550 1966 λόγῳ.
605 1883 1045 1960 ἀσφαλεστέρους
1099 1905 1159 1942 τι
1216 1883 1415 1947 αὐτοὺς
1479 1883 1615 1958 πρὸς
1695 1885 1759 1939 τὸ
1823 1880 2028 1956 μέλλον

2142 1903 2474 1944 sermonem
2507 1887 2817 1944 edisserat.
2850 1889 2994 1945 Nam
3019 1887 3154 1944 illos
3186 1894 3245 1945 et
3275 1888 3567 1944 ﬁrmiores
3599 1886 3795 1943 reddit

364 1981 539 2046 ποιεῖ,
596 1974 688 2031 val
747 1973 909 2032 αὐτοὶ
996 1973 1413 2051 εὖῖαριστοῦσιν
1494 1972 1570 2029 ὧν
1673 1971 2027 2049 ἒρῥύσθησαν.

364 2099 435 2113 --
467 2065 674 2143 [duit]
706 2063 979 2139 Ὀψώνιον
1009 2060 1100 2119 διὰ
1151 2084 1252 2133 της
1309 2061 1579 2136 ἁμαρτίας
1632 2060 1938 2135 ὠνούμεθα,
1997 2059 2031 2115 ἅ

366 2158 507 2229 ἡμῖν
562 2153 735 2224 ὲκεῖνη
794 2151 1169 2227 πραττομένη,
1241 2148 1558 2206 ἀντιδίδωσι
1612 2148 1703 2206 καὶ
1760 2149 2026 2226 προξενεῖ.

369 2271 398 2298 ιι
431 2245 502 2299 Τὸ
525 2240 583 2300 δὲ
612 2242 861 2317 χάρισμα
892 2244 994 2296 τοῦ
1016 2244 1173 2297 Θεοῦ.
1235 2263 1263 2291 ››
1313 2239 1429 2298 Οὐκ
1484 2239 1656 2294 εἶπεν
1714 2239 1777 2297 '0
1839 2238 2031 2311 μιτθὸς

367 2339 481 2391 τῶν
510 2331 975 2407 κατορθωμάτων,
1022 2326 1192 2399 ἀλλὰ,
1227 2354 1253 2381 ι(
1310 2329 1583 2405 Χάρισμα,
1620 2351 1647 2379 ››
1705 2324 1914 2390 δεικνὺς
1944 2327 2029 2382 δτι

374 2422 478 2481 οὐκ
508 2421 567 2477 ἰκ
594 2420 878 2495 καμάτων,
912 2416 1058 2478 ἀλλᾶ
1085 2420 1222 2475 κατᾶ
1254 2415 1417 2494 χάριν
1467 2413 1862 2494 ἀπηλλάγησαν
1918 2420 2026 2473 τῶν

375 2516 653 2591 ἁμαρτιῶν
664 2554 679 2569 .

996 2601 1265 2658 ΚΕΦΑΔ.
1329 2598 1406 2657 α’.

589 2689 973 2765 Ἐπανάληῴις
1002 2682 1125 2765 περὶ
1171 2694 1271 2758 τῆς
1324 2684 1377 2742 ὲν
1422 2686 1610 2765 χάριτι
1639 2689 1810 2759 ζωῆς.

447 2784 521 2841 Ἥ
552 2780 812 2855 ἀγνοεῖτε,
844 2776 1096 2860 ἀδελφοὶ,
1126 2776 1457 2856 γινώσκουσι
1507 2777 1614 2851 γὰρ
1643 2775 1813 2849 νόμον
1842 2771 2028 2841 λαλῶ,

370 2870 458 2929 ὅτι
491 2873 519 2928 6
546 2870 720 2943 νόμος
750 2867 989 2944 κυριεύει
1014 2871 1111 2922 τοῦ
1158 2866 1446 2942 ἀνθρώπου
1512 2864 1595 2939 ἐφ’
1648 2866 1772 2921 ὅσον
1827 2864 2027 2944 χρόνον

368 2966 439 3036 ζῇ
475 2980 490 3032 ς
519 2962 582 3020 Ἡ
614 2958 716 3038 γάρ
745 2955 1017 3034 ὕπανδρος
1046 2956 1209 3032 γυνή,
1271 2959 1351 3027 τῷ
1414 2958 1577 3025 ζῶντι
1634 2951 1791 3029 ἀνδρὶ
1821 2949 2031 3010 δέδεται

367 3054 544 3126 νόμῳ·
576 3050 664 3106 ἐὰν
686 3046 744 3104 δὲ
790 3048 1039 3123 ἀποθάνῃ
1074 3047 1102 3101 6
1163 3045 1325 3120 ἀνὴρ,
1386 3046 1730 3122 κατήργηται
1781 3043 1886 3098 ἀπὸ
1934 3046 2032 3098 τοῦ

370 3142 548 3216 νόμου
596 3143 691 3194 τοῦ
766 3133 980 3212 ἀνδρός.
1044 3137 1187 3211 Ἀρι
1237 3135 1327 3190 οὖν
1379 3138 1580 3205 ζῶντος
1660 3136 1757 3188 τοῦ
1841 3128 2034 3207 ἀνδρὸς

373 3229 641 3312 μοιχαλὶς
672 3225 1035 3310 χοηματίσει,
1068 3225 1156 3280 ἐὰν
1190 3221 1418 3302 γένηται
1475 3219 1627 3298 ἀνδρὶ
1676 3222 1866 3295 ἑτέρῳ.
1903 3220 2028 3278 Ἐὰν

369 3318 428 3380 δὲ
455 3310 953 3394 ἀποθάνῃὸἆνὴρ,
1011 3313 1270 3390 ἐλευθέρα
1321 3312 1463 3369 ἐστὶν
1516 3310 1625 3368 ἀπὸ
1680 3314 1777 3365 τοῦ
1833 3310 2026 3382 νόμου,

365 3415 465 3469 τοῦ
525 3411 601 3484 μή
664 3410 806 3464 εἶναι
864 3404 1030 3475 αὐτὴν
1110 3399 1441 3481 μοιχαλίδα,
1524 3402 1821 3476 γινομένην
1877 3394 2030 3477 ἀνδρὶ

367 3498 563 3575 ιτὲρῳ.

441 3589 571 3649 Μετ’
599 3583 881 3666 ἐγκωμίου
913 3583 1059 3661 λέγει
1088 3578 1174 3649 τὸ,
1207 3605 1236 3634 ι(
1299 3578 1658 3639 Γινώσκουσι.
1689 3602 1719 3633 ››
1746 3610 1813 3621 --
1846 3601 1875 3631 (ι
1906 3579 2032 3636 Ὅτι

375 3681 600 3753 ὁνόμος
627 3675 863 3755 κυριεύει
920 3678 1018 3730 τοῦ
1074 3672 1365 3747 ἀνθρώπου
1399 3688 1414 3741 ;
1449 3695 1477 3721 η
1530 3669 1692 3729 Εἶπεν
1752 3667 1884 3729 ἅνω,
1946 3668 2030 3724 δτι

377 3771 711 3841 ἀπεθάνομεν
789 3769 858 3840 τῇ
932 3761 1198 3840 ἁμαρτίᾳ,
1288 3765 1582 3839 τοιγαροῦν
1643 3760 1706 3817 οὐ
1793 3757 2032 3829 acupis-5n

377 3863 562 3935 ἡμῶν,
592 3863 699 3915 τῶν
731 3857 857 3913 ’ὅσον
892 3855 972 3911 ἐπ’
1004 3853 1140 3927 αὐτῇ
1169 3856 1376 3929 νεκρῶν
1406 3848 1605 3922 ὄντων,
1642 3856 1736 3906 νῦν
1765 3847 1824 3908 δὲ
1881 3849 2029 3906 θὲλει

379 3949 569 4023 δεῖξαι,
610 3949 694 4005 ὅτι
726 3946 851 4003 οὕτε
876 3946 903 4000 6
959 3943 1131 4016 νόμος
1166 3945 1327 4016 ἡμῶν
1360 3941 1618 4016 κυριιῦει.
1658 3939 2028 4016 Ἀνθρώπινον

378 4039 436 4099 δὲ
466 4036 606 4114 λέγει
639 4034 1003 4113 παράδειγμα.
1038 4033 1176 4091 Εἶτα
1232 4030 1442 4108 προϊὼν
1504 4027 1769 4087 δείκνυσιν
1826 4032 1908 4085 ὅτι
1969 4028 2031 4085 οὐ

382 4130 546 4205 μόνον
580 4130 745 4201 ἡμεῖς
777 4123 1113 4197 ἀπεθάνομεν
1140 4126 1220 4193 τῷ
1247 4121 1426 4195 νόμῳ,
1458 4119 1600 4176 ἀλλᾶ
1631 4119 1720 4177 καὶ
1779 4121 1807 4175 6
1861 4118 2031 4192 νόμος

377 4220 608 4280 ἀπέθανε
634 4220 703 4290 τῇ
737 4213 1022 4292 ἐπιφανείᾳ
1058 4214 1156 4267 τοῦ
1186 4212 1450 4288 Χριστοῦ.
1485 4235 1514 4263 ‹‹
1545 4213 1652 4268 Τοῦ
1684 4208 2031 4279 ἀνθρώπου.»

379 4308 497 4370 Οὔκ
526 4307 672 4364 εἶπεν
703 4302 898 4381 ἀνδρὸς
939 4301 975 4374 ἢ
1007 4303 1283 4380 γυναικὸς,
1318 4298 1486 4368 ἀλλὰ,
1539 4323 1566 4350 ιι
1627 4298 1968 4375 Ἀνθρώπου,
2003 4320 2033 4350 »

375 4397 470 4455 ἵνα
501 4398 841 4478 ἀμφοτέρους
875 4391 1129 4465 δηλώσῃ.
1163 4414 1192 4443 ‹‹
1254 4391 1379 4468 Ἐφ’
1437 4388 1562 4444 ὅσον
1614 4389 1817 4470 χρόνον
1878 4392 1967 4461 ζῇ,
2000 4409 2032 4443 )›

384 4488 484 4550 Τίς
520 4506 536 4557 ;
576 4476 842 4551 Δηλονότι
873 4484 901 4539 6
935 4480 1239 4557 ἄνθρωπος.
1278 4476 1678 4539 Ἐλλειπτικῶς
1735 4477 1827 4533 οὖν
1880 4477 2035 4555 6’91;-

382 4598 495 4635 ται.
530 4575 703 4653 Σαφὶς
735 4570 793 4629 δὲ
833 4571 967 4629 αὐτὸ
998 4575 1168 4635 ποιεῖ,
1224 4569 1287 4624 τὸ
1344 4567 1706 4646 ἐπαγόμενον,
1737 4591 1764 4619 κ
1812 4568 1875 4625 Ἦ
1931 4567 2035 4643 γάρ

2135 1974 2210 2033 ad
2233 1975 2293 2033 id
2318 1976 2476 2047 quod
2507 1976 2768 2033 futurum
2805 1983 2913 2033 est.
2934 1982 2993 2033 et
3020 1984 3085 2032 ut
3112 1976 3185 2034 de
3241 1977 3334 2033 his
3364 1976 3581 2051 gratias
3612 1981 3790 2049 agant
3844 2038 3847 2039 ν

2135 2080 2171 2120 a
2199 2062 2415 2137 quibus
2446 2064 2678 2122 liberati
2704 2071 2862 2128 sunt,
2896 2064 3098 2123 efficit.
3132 2065 3505 2138 Stipendium
3535 2063 3788 2120 facimus

2133 2169 2242 2226 per
2271 2162 2598 2224 peccatum,
2623 2154 2782 2226 quod
2811 2155 2983 2211 nobis
3014 2155 3164 2214 illud
3207 2161 3612 2228 perpetratum
3642 2171 3786 2212 con-

2136 2241 2301 2298 ciliat
2357 2257 2426 2300 ac
2476 2243 2771 2316 rependit.
2811 2270 2830 2293 ι
2896 2246 3125 2302 Donum
3183 2251 3380 2302 autem
3439 2245 3563 2302 Dei.
3600 2267 3627 2294 ι»
3661 2247 3787 2302 Non

2136 2330 2321 2388 dixit:
2357 2333 2577 2388 Merces
2619 2332 2912 2389 bonorum
2967 2350 3236 2406 operum.
3271 2334 3376 2392 sed
3405 2357 3432 2383 ‹‹
3475 2334 3724 2399 donum,
3761 2356 3790 2384 ››

2136 2419 2456 2478 ostendens
2487 2420 2646 2494 quod
2670 2439 2791 2479 non
2822 2440 2928 2495 per
2948 2424 3203 2493 labores,
3236 2423 3342 2483 sed
3381 2440 3488 2498 per
3531 2424 3783 2498 gratiam

2135 2507 2372 2568 liberati
2405 2511 2526 2568 sint
2552 2527 2586 2568 a
2606 2513 2882 2585 peccatis.

2670 2602 2825 2659 284
2873 2602 3104 2663 CAPUT
3153 2602 3250 2659 IX.

2350 2691 2624 2761 Repetitio
2652 2692 2719 2746 de
2748 2694 2863 2747 vita
2892 2709 3014 2764 qua:
3066 2699 3142 2749 est
3187 2694 3247 2746 in
3276 2694 3566 2748 charitate.

2209 2779 2326 2846 VII,
2361 2780 2465 2834 1-3.
2498 2784 2586 2836 An
2618 2784 2910 2850 ignoratis,
2958 2785 3159 2851 fratres
3191 2780 3503 2854 (scientibus
3526 2779 3672 2835 enim
3703 2781 3785 2836 ιε-

2134 2884 2257 2940 gem
2286 2869 2527 2943 loquor),
2559 2872 2710 2942 quod
2728 2871 2817 2926 lea:
2839 2872 3149 2927 dominetur
3177 2872 3388 2926 homini
3414 2877 3622 2941 quanto
3645 2877 3753 2926 tem
3771 2900 3784 2909 -

2129 2975 2270 3031 pore
2297 2960 2437 3016 vivit
2463 2964 2492 3016 ?
2523 2961 2721 3016 Mulier
2741 2963 2884 3015 enim
2913 2962 3033 3017 viro
3088 2960 3352 3030 subjecta.
3402 2958 3609 3015 viventi
3663 2961 3782 3015 viro

2138 3051 2375 3120 alligata
2404 3055 2479 3105 est
2504 3066 2609 3120 per
2638 3050 2809 3119 legem
2839 3068 2859 3102 ,υ
2897 3049 3046 3122 quod
3071 3051 3121 3103 si
3151 3055 3399 3104 mortuus
3452 3049 3625 3118 fuerit
3678 3050 3783 3117 vir,

2138 3140 2390 3197 absoluta
2418 3145 2496 3195 est
2525 3155 2560 3193 a
2593 3139 2707 3208 lege
2735 3139 2862 3193 viri.
2894 3140 3090 3209 Itaque
3117 3140 3330 3193 vivente
3356 3137 3497 3201 viro,
3530 3136 3788 3193 adultera

2130 3227 2504 3300 judicubitur,
2536 3230 2584 3284 si
2609 3245 2664 3283 se
2684 3227 2945 3299 junxerit
2975 3229 3078 3284 alii
3100 3231 3219 3283 viro
3251 3243 3269 3281 :
3298 3230 3384 3283 sin
3424 3233 3610 3282 autem
3638 3243 3785 3282 mor-

2141 3323 2265 3374 tuus
2290 3318 2463 3386 fuerit
2492 3316 2599 3377 vir.
2624 3317 2798 3372 libera
2826 3324 2955 3374 esta
2988 3319 3122 3389 lege,
3148 3324 3208 3373 ut
3238 3333 3347 3374 non
3401 3320 3475 3374 sit
3505 3316 3786 3383 adultera,

2135 3407 2185 3466 si
2201 3409 2472 3483 jungitur
2485 3406 2589 3462 alii
2615 3422 2754 3463 viro.

2208 3591 2355 3645 Cum
2388 3585 2658 3643 encomio
2707 3583 2851 3644 dicit
2911 3612 2931 3634 ιι
2987 3585 3321 3646 Scientibus
3376 3585 3589 3660 legem.
3624 3605 3652 3636 »
3722 3614 3789 3629 -

2140 3696 2171 3728 ιι
2201 3675 2365 3742 Quod
2396 3675 2489 3732 lex
2521 3676 2864 3734 dominetur
2918 3675 3145 3733 homini
3184 3675 3213 3731 ‘2
3243 3702 3267 3725 »ι
3305 3676 3586 3748 Superius
3644 3676 3792 3735 dixit

2140 3764 2299 3839 quod
2332 3766 2546 3821 mortui
2581 3782 2789 3821 sumus
2820 3773 3059 3838 peccato
3085 3783 3097 3820 :
3124 3765 3294 3820 nobis
3325 3766 3526 3835 itaque
3555 3781 3673 3819 non
3691 3765 3790 3821 do-

2139 3856 2424 3917 minatur,
2455 3871 2525 3910 ea
2554 3854 2783 3910 ratione
2812 3871 2928 3925 qua
2959 3870 3163 3910 sumus
3208 3851 3294 3907 illi
3354 3851 3594 3908 mortui.
3628 3868 3786 3908 nunc

2139 3949 2338 4001 autem
2367 3944 2494 3998 vult
2520 3942 2833 3999 ostendere
2864 3941 3023 4013 quod
3052 3956 3246 4011 neque
3303 3940 3397 3996 lex
3426 3940 3786 3999 dominetur.

2140 4034 2475 4090 Humanum
2506 4038 2703 4088 autem
2733 4030 2959 4104 profert
2989 4030 3347 4102 exemplum.
3405 4030 3621 4087 Deinde
3652 4049 3792 4104 pro-

2139 4121 2405 4180 cedendo
2436 4120 2717 4187 ostendit,
2751 4119 2907 4191 quod
2939 4136 3059 4175 non
3082 4119 3274 4175 solum
3298 4137 3407 4176 nos
3438 4120 3551 4195 legi
3571 4122 3790 4176 mortui

2141 4227 2347 4267 sumus
2377 4209 2509 4265 :sed
2542 4216 2600 4265 et
2629 4209 2721 4264 lex
2736 4216 2969 4265 mortua
2999 4215 3089 4264 est
3108 4226 3215 4281 per
3243 4209 3559 4265 adventum
3573 4210 3783 4267 Clirisi.

2145 4322 2173 4351 ιι
2205 4299 2462 4355 Homini.
2502 4320 2527 4347 n
2559 4300 2685 4356 Non
2716 4297 2863 4353 dixit
2890 4297 3035 4365 viro,
3068 4304 3169 4353 aut.
3195 4300 3453 4359 mulieri.
3489 4299 3590 4354 sed
3629 4319 3649 4345 κ
3679 4298 3790 4354 ho-

2142 4387 2312 4455 mini,
2345 4407 2368 4437 »
2412 4391 2478 4441 ut
2532 4391 2857 4457 utrumque
2918 4387 3229 4457 signiﬁcat.
3263 4411 3291 4439 «
3361 4390 3588 4454 Quanto
3650 4392 3791 4445 tem-

2141 4493 2285 4551 pore
2314 4476 2471 4531 vivit.
2510 4498 2536 4525 »
2569 4475 2710 4542 Quis
2731 4476 2759 4532 ?
2791 4476 2968 4532 homo
3001 4476 3295 4535 videlicet.
3356 4480 3468 4534 Per
3496 4476 3792 4535 defectum

2145 4584 2282 4642 ergo
2314 4565 2540 4624 dictum
2573 4571 2681 4633 est,
2708 4565 2811 4621 sed
2843 4565 2904 4624 id
2962 4567 3119 4638 quod
3176 4567 3558 4639 subjungitur
3615 4566 3798 4622 efﬁcit

384 4650 653 4741 ὖπανὸρος
681 4664 841 4737 γυνή.
878 4684 904 4715 υ
937 4661 1025 4718 Ἐν
1084 4659 1227 4732 τάξει
1256 4662 1357 4713 τοῦ
1408 4654 1627 4733 ἀνδρὸς,
1686 4656 1892 4721 τέθεικε
1936 4656 2027 4712 τὸν

2142 4657 2311 4713 illum
2343 4655 2754 4714 manifestum.
2789 4679 2815 4706 «
2852 4656 3061 4711 Mulier
3090 4657 3250 4712 enim
3281 4656 3403 4710 viro
3442 4655 3728 4729 subjecta-
3765 4677 3792 4707 ››

383 4756 579 4830 νόμον,
637 4753 690 4809 ἐν
746 4751 893 4822 τάξει
956 4746 1015 4805 δὲ
1070 4749 1348 4823 γυναικὸς,
1414 4746 1542 4811 τοὺς
1625 4747 2030 4809 πιστώσαντας.

387 4870 418 4901 «
447 4848 569 4904 ’Eiv
604 4841 662 4901 δὲ
692 4841 937 4913 ἀποθάνῃ
976 4839 1003 4893 6
1062 4837 1222 4912 ἀνήρ.
1288 4860 1311 4890 n
1347 4837 1436 4894 ’Ev
1491 4841 1572 4908 τῷ
1631 4833 2033 4912 παραδείγματι

382 4942 485 5004 τῆς
517 4931 839 5011 χήρας,τὸν
886 4928 1057 5000 νόμον
1120 4925 1428 4983 ὑποτίθεται
1488 4925 1849 4996 ἀποθανόντα,
1906 4922 2035 4982 ἀλλ’

387 5024 493 5080 οὐκ
531 5022 582 5079 ἐν
641 5024 722 5094 τῷ
776 5015 1220 5093 συμπεράσματι,
1268 5012 1364 5070 ’ἱνα
1422 5016 1497 5088 μή
1561 5014 1774 5091 ἐπαχθί
1831 5016 2038 5089 ποιήσῃ

385 5116 478 5170 τὸν
508 5112 696 5187 λόγον,
748 5109 917 5181 μόνον
977 5104 1166 5167 ἁπλῶς
1224 5101 1611 5183 διηγούμενος.
1672 5129 1692 5154 ι
1748 5104 1887 5163 Ἀπὸ
1941 5106 2039 5159 τοῦ

386 5205 580 5277 νόμου,
614 5224 643 5253 ›)
701 5202 810 5257 Τοῦ
860 5197 1285 5271 νομοθετοῦντος
1343 5194 1467 5269 περὶ
1522 5198 1618 5251 τοῦ
1675 5191 1890 5268 ἀνδρὸς,
1948 5191 2038 5248 καὶ

393 5291 715 5366 δεσμοῦντος
741 5287 838 5356 τήν
870 5289 1099 5362 γυναῖκα
1127 5283 1265 5361 πρὸς
1302 5282 1487 5343 αὐτόν.
1520 5284 1598 5340 Τὸ
1630 5279 1708 5353 ὃὶ,
1744 5284 2040 5359 Κατήργη-

392 5404 501 5449 ται,
532 5379 652 5436 ἀντὶ
679 5381 799 5445 τοῦ,
831 5373 1187 5441 ἀπολέλυται,
1217 5370 1612 5449 ἡλευθὲρωται.

463 5473 646 5538 ηαστε,
704 5463 933 5540 ἀδελφοί
995 5482 1120 5537 μοι),
1176 5460 1268 5518 καὶ
1330 5463 1487 5537 ὑμεῖς
1539 5461 1916 5532 ἐθανατώθητε
1963 5464 2043 5535 τῷ

393 5560 549 5634 νόμῳ
589 5555 679 5613 διὰ
723 5558 821 5612 τοῦ
878 5550 1132 5626 σώματος
1190 5556 1285 5608 τοῦ
1343 5553 1600 5623 Χριστοῦ,
1663 5549 1741 5612 εἷς
1795 5550 1857 5608 τὸ
1903 5551 2048 5625 γενέ-

401 5662 519 5717 σθαι
601 5648 742 5722 ὑμᾶς
798 5645 985 5720 ἑτέρῳ,
1043 5645 1122 5715 τῷ
1206 5642 1266 5698 ἐκ
1337 5646 1539 5717 νεκρῶν
1618 5638 1906 5717 ἐγερθέντι,
1959 5638 2050 5697 ’ἶνα

398 5737 909 5816 καρποιρορήσωμεν
967 5735 1046 5805 τῷ
1133 5730 1268 5806 Θεῷ.
1327 5732 1459 5790 Ὅτε
1512 5731 1614 5808 γάρ
1672 5730 1814 5805 ἧμιν
1870 5728 1924 5787 ἐν
1978 5734 2047 5805 τῇ

2142 4747 2365 4805 Ordine
2393 4747 2502 4803 viri
2533 4746 2734 4819 posuit
2761 4746 2975 4818 legem,
3026 4745 3234 4803 ordine
3266 4751 3467 4802 autem
3528 4745 3796 4802 mulieris

2144 4836 2478 4895 credentes.
2520 4856 2540 4883 ι
2575 4834 2741 4902 Quod
2774 4834 2822 4891 si
2855 4840 3125 4890 mortuus
3181 4835 3357 4892 fuerit
3417 4836 3530 4891 vir.
3600 4857 3627 4885 »
3686 4837 3798 4891 Per

2145 4926 2485 4999 exemplum
2516 4925 2703 4980 viduae
2726 4924 2913 4996 legem
2933 4925 3214 4997 supponit
3233 4924 3583 4981 morientem
3604 4941 3618 4979 :
3638 4924 3798 4996 quod

2147 5016 2209 5072 in
2239 5015 2623 5072 conclusione
2654 5030 2775 5069 non
2795 5012 3037 5077 facit,ne
3069 5030 3404 5072 sermonem
3438 5031 3611 5070 suum
3634 5014 3796 5070 odio~

2149 5123 2279 5163 sum
2310 5104 2538 5167 reddat,
2573 5102 2677 5159 sed
2708 5108 2939 5160 tantum
2973 5103 3327 5176 simpliciter
3379 5121 3654 5160 narrans.
3690 5126 3718 5153 «
3752 5106 3797 5159 A

2148 5196 2300 5267 lege.
2337 5219 2355 5244 ι
2384 5196 2523 5259 Quae
2555 5192 2626 5249 de
2658 5192 2783 5247 viro
2816 5193 3023 5250 statuit
3070 5194 3279 5266 illique
3330 5195 3645 5253 mulierem
3671 5192 3796 5248 alli-

2149 5294 2266 5364 gat.
2327 5287 2701 5361 Κατήργηται,
2752 5286 2813 5344 id
2869 5293 2978 5355 est,
3055 5288 3327 5345 absoluta
3381 5294 3492 5355 est,
3551 5287 3800 5345 liberata

2151 5382 2261 5437 est.

2226 5467 2344 5528 VII.
2376 5466 2484 5522 4-6.
2518 5465 2776 5533 Proinde,
2804 5467 3007 5537 fratres
3044 5469 3170 5535 mei,
3202 5483 3293 5524 vos
3321 5484 3538 5540 quoque
3565 5468 3800 5536 mortifi-

2157 5558 2268 5613 cati
2295 5558 2421 5613 estis
2452 5555 2561 5626 legi
2582 5573 2687 5628 per
2715 5571 2910 5628 corpus
2941 5556 3166 5617 Christi.
3200 5563 3262 5613 ut
3289 5556 3471 5614 essetis
3501 5556 3663 5611 alteri
3681 5556 3804 5620 ;ni-

2157 5648 2363 5703 mirum
2392 5647 2443 5702 ei
2472 5648 2569 5719 qui
2598 5662 2633 5702 a
2660 5648 2892 5702 mortuis
2919 5648 3223 5702 resurrexit
3253 5664 3272 5702 :
3318 5653 3380 5703 ut
3412 5645 3803 5714 fructiﬁcemus

2159 5741 2287 5798 Deo.
2322 5738 2451 5795 Cum
2491 5738 2639 5795 enim
2669 5753 2897 5796 essemus
2930 5739 2987 5794 in
3046 5754 3227 5806 carne,
3289 5736 3515 5807 a/Tectus
3536 5736 3799 5804 peccato-
