4222 6194
399 333 520 396 μ’]

1523 331 1933 396 (ECUMENII
1975 327 2287 392 TRICCJE
2328 327 2677 390 EPISGOPI
2715 335 2718 338 ’

3691 329 3814 390 M8

393 483 519 526 rum
547 470 646 540 qui
680 484 785 538 per
819 469 991 536 legem
1021 471 1207 537 terant
1269 467 1643 537 operabantur
1689 469 1748 522 in
1795 465 2048 524 membris

2159 459 2364 538 aupxi,‘
2417 461 2513 536 τάξ
2558 463 2857 536 παθήματα
2910 465 3040 530 τῶνζ
3072 462 3352 534 ἁμαρτιῶν
3407 459 3474 516 τὰ
3533 457 3622 516 διὰ
3693 463 3792 516 τοῦ

395 561 615 620 nostris,
647 557 720 611 ad
745 555 1200 626 fructiﬁcandum
1229 560 1410 613 morti.
1447 559 1599 612 Nunc
1659 565 1850 613 autem
1891 553 2058 612 soluti

393 661 578 702 sumus
609 663 644 700 a
669 646 804 715 lege,
837 649 1041 700 mortui
1071 649 1120 702 ei
1149 663 1256 718 per
1283 649 1434 718 quod
1467 647 1876 704 detinebamur.

467 913 614 970 285
653 913 717 968 In
739 913 1120 969 conclusione
1152 931 1274 972 non
1303 915 1536 970 inducit
1595 923 1896 972 mortuam
1929 933 2061 988 esse

397 1004 608 1072 legem.
648 1019 723 1058 ne
753 1019 950 1058 sermo
1009 1003 1153 1058 dure
1204 1005 1567 1074 accipiatur:
1628 1005 1922 1077 siquidem
1961 1007 2058 1062 Ju-

395 1093 538 1148 dmis
569 1093 850 1164 loquitur,
876 1093 979 1148 sed
1009 1093 1320 1149 credentes
1354 1093 1588 1150 inducit
1617 1095 1834 1150 Christi
1869 1101 2058 1152 morte

398 1183 710 1240 defunctos
741 1200 870 1239 esse
901 1201 936 1240 a
969 1185 1116 1256 lege,
1151 1184 1405 1256 ideoque
1432 1185 1740 1241 liberatos.
1806 1185 1860 1242 Si
1923 1203 2058 1260 ergo

398 1281 634 1329 mortua
665 1275 790 1344 lege
813 1291 934 1329 non
969 1281 1056 1328 est
1073 1281 1472 1346 transgressor
1489 1275 1588 1346 qui
1621 1291 1750 1330 eam
1773 1275 2062 1348 relinquit

399 1380 468 1419 ac
495 1364 743 1419 Domino
779 1363 987 1431 credit,
1017 1363 1204 1418 multo
1241 1363 1424 1436 magis
1457 1365 1504 1418 si
1557 1363 1692 1436 quis
1724 1365 1848 1436 ipse
1880 1365 2058 1421 etiam

399 1454 688 1510 moriatur
718 1453 914 1524 (sicuti
947 1451 1092 1508 dicit
1119 1453 1278 1524 quod
1310 1459 1368 1510 ct
1413 1471 1522 1508 nos
1583 1454 1798 1508 mortui
1850 1453 2058 1527 simus)

399 1542 626 1597 solutus
662 1543 810 1596 est'a
849 1541 975 1614 lege
1018 1547 1075 1596 et
1104 1558 1226 1596 non
1287 1547 1376 1597 est
1433 1547 1854 1606 transgressor.
1891 1565 1916 1592 ‹‹
1953 1545 2063 1598 Per

400 1629 874 1700 corpus_Christi.
912 1651 940 1678 υ
970 1631 1076 1696 Qui
1101 1647 1206 1701 pro
1243 1629 1416 1687 nobis
1444 1637 1714 1686 mortuus
1747 1636 1836 1686 est
1869 1647 2062 1687 :com-

394 1718 614 1774 mortui
647 1719 808 1774 enim
867 1719 952 1773 illi
1017 1736 1226 1775 sumus
1277 1720 1338 1775 in
1391 1719 1771 1790 baptismate,
1829 1725 1888 1774 et
1935 1737 2058 1775 non

2167 553 2363 624 νόμου,
2423 551 2706 628 ἐνηργεῖτο
2763 551 2816 608 ἐν
2870 558 2987 615 τοῖς
3064 551 3282 626 μέλεσιν
3339 553 3525 623 ἡμῶν,
3613 549 3692 612 εἷς
3749 549 3812 606 τὸ

2167 649 2588 718 καρποφορῆσαι
2669 642 2750 715 τῷ
2829 641 3057 714 θανάτῳ.
3147 641 3275 697 Νυνῖ
3361 638 3417 695 δὶ
3523 660 3808 715 κατηργη-

2167 731 2338 802 θημεν
2414 730 2519 786 ἀπὸ
2573 734 2671 786 τοῦ
2723 730 2918 806 νόμου,
2987 731 3349 795 ἀποθανόντες
3411 728 3463 784 ὲν
3523 727 3570 802 ᾧ
3625 749 3806 783 κατει-

2167 820 2240 895 χό
2249 822 2402 892 μεθα.

2238 911 2327 966 Ἑν
2390 915 2468 981 τῷ
2519 908 2934 985 συμπεράσματι
3021 909 3122 964 οὐκ
3204 906 3405 986 εἰσάγει
3485 907 3821 962 ἀποθανόντα

2165 1000 2257 1055 τὸν
2289 1001 2482 1072 νόμον,
2517 998 2606 1054 διὰ
2633 1000 2696 1055 τὸ
2735 1001 2808 1072 μή
2845 995 2992 1069 δόξαι
3049 997 3184 1054 εἶναι
3243 1000 3461 1072 ἐπαχθῆ
3511 993 3819 1066 (Ἰουδαίοις

2165 1091 2268 1167 γάρ
2302 1087 2508 1164 λαλεῖ),
2540 1087 2844 1160 ἀλλᾶιτοὺς
2891 1087 3276 1148 πιστεύσαντας
3331 1086 3530 1162 εῗσάγει
3585 1090 3664 1156 τῷ
3721 1095 3821 1149 θα-

2166 1180 2314 1253 νάτῳ
2347 1183 2588 1252 Χριστοῦ
2621 1177 2989 1242 ἀποθανόντας
3041 1177 3145 1232 ἀπὸ
3202 1181 3300 1232 τοῦ
3353 1177 3552 1250 νόμου,
3595 1172 3680 1230 διὸ
3731 1173 3820 1228 καὶ

2167 1267 2648 1344 ἐλευθερωθὲντας.
2681 1267 2744 1326 Εἰ
2777 1268 2867 1322 οὖν
2913 1272 3010 1322 τοῦ
3065 1267 3239 1340 νόμου
3299 1265 3663 1330 ἀποθανόντος
3721 1263 3822 1318 οὐκ

2169 1355 2281 1412 ἔστι
2311 1353 2630 1432 παραϐάτης
2659 1359 2688 1412 ὁ
2717 1356 3143 1430 καταλιμπάνων
3185 1355 3341 1410 αὐτὸν
3396 1355 3484 1410 καὶ
3543 1353 3812 1409 πιστεύων

2167 1454 2246 1522 τῷ
2281 1449 2486 1522 Κυρίῳ,
2519 1445 2717 1520 πολλῷ
2749 1447 2963 1520 μᾶλλον
2995 1447 3054 1502 ἂν
3083 1446 3172 1500 καὶ
3206 1445 3368 1508 αὐτός
3411 1465 3496 1506 τις
3555 1443 3816 1516 ἀποθάνῃ,

2171 1539 2372 1614 ὥσπερ,
2407 1539 2565 1618 φησὶ,
2626 1537 2716 1592 καὶ
2777 1539 2941 1610 ἡμεῖς
3000 1536 3355 1608 ἀπεθάνομεν,
3414 1533 3636 1589 λέλυται
3705 1533 3812 1587 ἀπὸ

2167 1631 2264 1683 τοῦ
2294 1629 2490 1701 νόμου,
2523 1627 2611 1683 καὶ
2645 1627 2744 1682 οὐκ
2774 1624 2884 1682 ἔστι
2943 1621 3284 1702 παραϐάτης.
3320 1649 3348 1678 ‹‹
3405 1625 3503 1682 Διᾶ
3549 1627 3645 1680 τοῦ
3703 1621 3808 1678 σώ-

2173 1738 2342 1792 ματος
2365 1723 2462 1773 τοῦ
2492 1720 2757 1792 Χριστοῦ.
2793 1741 2821 1770 ››
2851 1721 2956 1772 Τοῦ
3009 1713 3406 1782 θανατωθέντος
3465 1714 3599 1789 ὗπὶρ
3627 1715 3808 1786 ἡμῶν,

393 1822 602 1862 sumus
633 1809 822 1862 nostri
859 1825 872 1863 :
908 1825 1047 1864 nam
1085 1809 1275 1881 pretio
1309 1825 1419 1864 nos
1477 1808 1638 1864 emit.
1681 1831 1700 1856 ι
1737 1808 1808 1864 Ut
1839 1807 2048 1864 essetis

2170 1807 2602 1880 συναπεθάνομεν
2633 1805 2760 1882 [γάρ
2845 1807 2994 1878 αὐτῷ
3055 1803 3111 1862 ἐν
3169 1809 3247 1878 τῷ
3307 1803 3663 1880 βαπτίσματι,
3720 1801 3809 1856 καὶ

389 1895 580 1952 alteri.
610 1917 636 1944 ››
673 1897 864 1952 Veluti
897 1897 1024 1970 lege
1055 1903 1318 1964 mortua;
1353 1899 1485 1954 ideo
1509 1915 1704 1968 neque
1723 1901 2050 1970 transgres-

393 2001 562 2041 sores
584 1985 980 2042 inveniemur.
1015 2007 1040 2039 α
1063 1987 1134 2042 Ut
1157 1987 1584 2042 fructiﬁcemus
1605 1989 1744 2042 Deo.
1765 2007 1787 2036 ι
1823 1986 2051 2042 Adhor-

393 2079 552 2130 tatur
581 2073 796 2131 deinde
861 2075 934 2130 ad
967 2093 1132 2148 spem
1165 2076 1496 2132 meliorem.
1551 2076 1854 2148 Siquidem
1887 2083 2051 2144 tunc,

395 2161 612 2234 inquit,
645 2164 904 2220 fructum
943 2165 1305 2236 ferebamus,
1339 2167 1541 2222 omnia
1588 2166 1660 2222 ad
1691 2167 1858 2222 illam
1919 2183 2053 2240 ope-

393 2257 595 2308 rantes
630 2270 641 2307 :
670 2271 830 2309 nunc
862 2261 1060 2310 autem
1095 2256 1494 2311 Dem—«Cum
1513 2257 1674 2311 enim
1699 2272 1966 2312 essemus
1993 2257 2052 2310 in

389 2359 634 2398 carne.»
661 2343 724 2398 Id
757 2350 865 2410 est,
902 2345 964 2400 in
987 2346 1442 2402 conversatione
1473 2347 1804 2401 secundum
1837 2347 2050 2420 legem.

389 2433 532 2488 Nam
569 2449 810 2489 carnem
843 2435 1068 2489 vocavit
1121 2434 1287 2490 datas
1313 2436 1474 2490 carni
1499 2435 1876 2491 sanctiones:
1912 2441 2054 2508 puta

394 2521 468 2578 de
497 2521 651 2590 cibo,
685 2529 846 2595 potu,
881 2523 1048 2594 lepra
1070 2541 1136 2579 ac
1167 2523 1488 2579 similibus.
1526 2541 1552 2579 ε
1597 2525 1664 2580 In
1698 2541 1898 2581 carne.
1929 2549 1950 2576 ι
1987 2525 2052 2580 Id

395 2617 504 2676 est,
539 2613 599 2667 in
631 2613 854 2668 carnali
885 2614 1021 2668 vita.
1083 2616 1206 2669 Non
1241 2621 1440 2670 autem
1477 2613 1666 2669 dixit:
1699 2615 1762 2668 In
1795 2613 1944 2687 lege,
1979 2631 2052 2670 ne

395 2703 802 2774 despiceretur
834 2720 1030 2760 sermo
1063 2704 1298 2761 :adhuc
1333 2705 1490 2759 enim
1517 2705 1707 2777 legem
1753 2705 2048 2761 colebant.

395 2817 416 2844 α
453 2797 528 2850 Ea
555 2813 687 2867 quas
721 2813 830 2868 per
857 2797 1222 2869 legemsunt
1267 2817 1294 2844 ››
1316 2827 1383 2836 -
1403 2817 1431 2844 ‹‹
1459 2798 1602 2852 Nam
1625 2797 2051 2868 concupiscen-

391 2872 553 2950 tiam,
589 2885 803 2957 inquit,
838 2901 958 2942 non
1001 2887 1298 2942 novissem
1321 2886 1440 2942 nisi
1470 2885 1564 2941 lex
1610 2885 1890 2940 dixisset:
1924 2887 2050 2942 Non

385 2975 792 3046 concupisces.
827 2997 854 3025 »
889 2979 1021 3032 Haec
1073 2993 1208 3050 ergo
1243 2993 1348 3048 per
1396 2977 1588 3049 legem
1621 2981 1762 3030 sunt
1791 2975 2048 3048 cognita.

385 3067 638 3123 Rursum
673 3083 794 3122 non
827 3066 1012 3123 dixit:
1047 3067 1308 3124 Membra
1351 3071 1698 3140 operantur,
1759 3083 1834 3122 ne
1876 3083 2048 3123 accu-

385 3163 542 3212 saret
571 3173 832 3224 carnem,
861 3159 962 3213 sed
998 3159 1398 3230 operabantur
1431 3159 1492 3214 in
1527 3157 1812 3214 membris
1829 3158 1902 3213 ad
1921 3158 2044 3213 fru.

2167 1897 2264 1953 οὖκ
2291 1897 2449 1970 ἐσμὲν
2491 1897 2714 1952 ἑαυτῶν·
2773 1897 3160 1972 ἠγοράσθημεν
3219 1893 3322 1972 γάρ
3379 1899 3569 1967 τιμῆς.
3633 1915 3662 1944 ‹‹
3721 1891 3810 1952 Εἰς

2164 1988 2221 2043 τὸ
2251 1987 2490 2065 γενέσθαι
2525 1988 2666 2061 ὑμᾶς
2697 1986 2883 2061 ἒτὲρῳ.
2921 2009 2948 2037 υ
2979 1987 3068 2047 Ὠς
3121 1989 3220 2039 τοῦ
3276 1984 3451 2057 νόμου
3507 1982 3814 2046 ἀποθανόν-

2155 2099 2264 2140 τος.
2297 2075 2548 2150 monii-ca
2585 2071 2891 2151 παραϐάται
2947 2074 3368 2150 εὑρεθησόμεθα.
3434 2098 3454 2124 ι
3509 2073 3626 2130 Ἰνα
3681 2091 3814 2146 καρ-

2154 2169 2562 2243 ποφορήσωμεν
2623 2171 2702 2238 τῷ
2779 2168 2918 2236 Θεῷ.
2979 2187 3008 2216 ν
3063 2163 3196 2218 Εἶτα
3251 2163 3554 2236 προτρέπει
3627 2159 3812 2216 ἐλπίσι

2154 2258 2449 2334 κρείττοσι.
2483 2257 2623 2313 Τότε
2657 2256 2750 2328 μὲν
2785 2257 2910 2333 γάρ,
2961 2253 3116 2332 φησὶ,
3173 2257 3254 2325 τῷ
3310 2253 3522 2325 θανάτῳ
3577 2249 3811 2326 ἐκαρπο-

2153 2347 2570 2428 φοροῦμεν,’τὸ
2628 2349 2731 2400 πᾶν
2807 2345 2998 2417 ἐκείνῳ
3055 2344 3402 2419 πράττοντες,
3469 2346 3556 2395 νῦν
3619 2338 3675 2396 δὲ
3733 2343 3812 2411 τῷ

2155 2443 2290 2510 Θεῷ.
2353 2437 2686 2513 [ΘΕΟΔΩΡ.]
2741 2461 2766 2486 α
2828 2437 2957 2492 ’Ότε
3003 2435 3103 2507 γάρ
3165 2434 3306 2505 ἦμεν
3336 2431 3386 2486 ἐν
3443 2435 3510 2505 τῇ
3566 2431 3744 2502 σαρκί.
3781 2455 3810 2483 »

2153 2525 2432 2584 Τουτὲστιν
2465 2529 2514 2581 ἐν
2543 2531 2610 2599 τῇ
2671 2525 2807 2580 κατὰ
2873 2525 3041 2597 νόμον
3101 2521 3378 2593 πολιτείᾳ,
3443 2523 3623 2596 Σαρκα
3679 2522 3806 2598 γάρ,

2152 2622 2222 2692 τῇ
2255 2616 2412 2688 σαρκὶ
2446 2612 2738 2688 δεδομένας
2795 2613 3118 2684 νομοθεσίας
3177 2612 3478 2686 ὠνόμασεν,
3537 2611 3633 2672 τὰς
3681 2611 3806 2686 περὶ

2157 2707 2419 2784 βρώσεως
2449 2705 2536 2759 καὶ
2575 2705 2790 2766 πόσεως
2845 2703 2932 2757 καὶ
2996 2699 3222 2778 λέπρας,
3255 2701 3340 2756 καὶ
3374 2705 3482 2754 τῶν
3513 2699 3804 2756 τοιούτων.

2154 2822 2182 2850 ‹‹
2219 2798 2308 2854 Ἐν
2347 2799 2416 2870 τῇ
2449 2796 2628 2870 σαρκὶ,
2691 2819 2719 2846 ››
2773 2793 3046 2848 τουτέστιν
3107 2791 3159 2847 ἐν
3217 2796 3297 2863 τῷ
3354 2795 3598 2864 σαρκικῷ
3679 2790 3805 2866 βίῳ.

2153 2886 2268 2944 Οὐκ
2298 2887 2415 2942 εἷπε
2449 2883 2634 2955 δέ,Ἒν
2672 2889 2751 2955 τῷ
2799 2883 2973 2956 νόμῳ,
3031 2883 3119 2938 ἳνα
3169 2881 3248 2956 μή
3305 2878 3676 2957 ἀπαράδεκτος
3727 2881 3812 2954 γὲ-

2153 2995 2333 3047 νηται·
2397 2971 2476 3032 ἔτι
2535 2975 2635 3051 γάρ
2695 2968 2942 3030 ἐσέϐοντο
2993 2973 3084 3027 τὸν
3140 2973 3328 3045 νόμον.
3396 3002 3465 3014 -—-
3525 2971 3666 3028 «Τὰ
3723 2967 3810 3026 διὰ

2151 3071 2249 3124 τοῦ
2279 3068 2452 3140 νόμου
2503 3065 2806 3142 ἐνηργεῖτο.
2869 3089 2898 3117 ››
2957 3065 3036 3120 Οὐ
3105 3064 3208 3142 γάρ
3267 3058 3442 3137 ᾔδειν,
3499 3063 3653 3138 φησὶ,
3707 3061 3806 3131 τήν

2157 3155 2469 3228 ἐπιθυμίαν,
2502 3154 2544 3209 εἷ
2583 3156 2659 3229 μή
2695 3155 2722 3210 ὁ
2751 3154 2918 3227 νόμος
2948 3149 3156 3227 ἔλεγεν,
3189 3177 3216 3204 ιι
3248 3149 3361 3208 Οὖκ
3391 3149 3806 3223 ἐπιθυμήσεις.»

494 3209 535 3210 η
582 3209 832 3224 ,s_,_-__,
862 3209 962 3213 --η
1004 3209 1386 3230 ,παπ-πη-
1529 3209 1808 3214 -_____w-__
1832 3209 2013 3213 π---

387 3244 770 3300 ctiﬁcandum
791 3248 1314 3312 morti,ostendens
1337 3247 1496 3318 quod
1517 3247 1887 3303 extrinsecus
1903 3263 2045 3318 ope-

2160 3209 2360 3228 -.,,,,,,,
2455 3209 2469 3222 ,
2583 3209 2712 3229 Γ..
2819 3209 2828 3227 ,
2906 3209 2917 3214 -
3055 3209 3066 3227 ,
3143 3209 3155 3218 ,
3559 3209 3630 3223 ..
3737 3209 3766 3216 .-

2159 3247 2238 3303 Τὰ
2267 3247 2358 3301 οὗν
2393 3243 2481 3301 διὰ
2510 3249 2606 3299 τοῦ
2635 3245 2806 3316 νόμου
2855 3241 3254 3319 γνωριζόμενα.
3319 3241 3417 3295 Καὶ
3473 3238 3666 3310 πάλιν,
3709 3241 3807 3296 οὐκ

389 3332 618 3386 ratione
649 3333 880 3386 Satanas
902 3334 1226 3398 accidat,ut
1248 3341 1644 3404 000perentur
1664 3335 1737 3390 ad
1766 3343 2041 3391 mortem.

389 3419 502 3476 Per
533 3427 771 3491 peccata
801 3422 962 3476 enim
987 3421 1413 3479 fructiﬁcamus
1467 3425 1660 3478 morti.
1691 3447 1718 3474 ‹‹
1745 3428 1910 3482 Nunc
1941 3443 2046 3482 au-

389 3512 508 3562 tem
545 3509 720 3562 soluti
741 3525 948 3565 sumus
979 3527 1012 3565 a
1035 3511 1218 3581 lege.»
1249 3515 1500 3568 Rursum
1534 3514 1694 3584 quod
1725 3521 1850 3571 erat
1879 3517 2045 3572 odio-

391 3614 523 3654 sum
549 3597 800 3672 fugiens,
835 3601 1170 3672 nonadixitZ:
1197 3602 1397 3658 Soluta
1420 3611 1508 3660 est
1539 3604 1669 3670 lex;
1709 3607 1831 3668 sed,
1869 3631 1894 3658 ‹‹
1931 3609 2044 3663 Νοε

392 3705 427 3745 a
455 3687 581 3762 lege
617 3689 794 3746 soluti
828 3709 1054 3760 sumus,
1092 3716 1117 3740 »
1151 3693 1262 3750 hoc
1295 3694 1660 3762 est,absoluti
1695 3713 1761 3753 ac
1785 3697 2041 3755 liberati.

390 3778 832 3844 Quamobrem?
861 3781 1006 3848 Quia
1063 3784 1280 3838 mortui
1332 3801 1536 3841 sumus
1587 3793 1848 3859 peccato.
1901 3790 2040 3843 Nam

389 3867 503 3924 hoc
533 3868 875 3926 detinebat:
909 3877 966 3927 et
999 3873 1386 3942 surreximus,
1409 3893 1528 3932 non
1559 3893 1664 3949 per
1695 3877 1904 3948 legem,
1941 3875 2044 3932 sed

387 3975 496 4030 per
521 3959 840 4016 Christum.
893 3964 1266 4021 Manifestum
1309 3983 1443 4038 ergo
1504 3975 1594 4023 est
1649 3965 1806 4038 quod
1837 3984 1872 4022 a
1915 3966 2042 4039 lege

391 4049 630 4120 quidem
691 4050 942 4106 absoluti
989 4071 1193 4110 sumus
1253 4061 1536 4128 tanquam
1595 4055 1812 4110 mortui
1851 4072 1864 4109 :
1903 4055 2040 4112 sub-

387 4137 494 4194 diti
523 4143 720 4196 antem
753 4157 957 4198 sumus
988 4143 1220 4200 Christo
1267 4145 1366 4218 qui
1422 4161 1530 4199 nos
1583 4160 1618 4199 δ.
1647 4151 1836 4200 morte
1889 4145 2039 4200 libe-

389 4229 558 4286 ravit.

2155 3337 2320 3404 εἶπεν,
2371 3341 2607 3410 Ἐνεργεῖ
2659 3334 2726 3390 τὰ
2787 3332 2952 3406 μέλη,
3007 3330 3099 3386 ’ίνα
3160 3332 3236 3404 μή
3293 3331 3650 3406 κατηγορήσῃ
3703 3337 3804 3399 τῆς

2155 3425 2375 3502 σαρκὸς,
2410 3423 2576 3492 ἀλλὰ,
2611 3449 2638 3476 ι(
2673 3426 3014 3500 Ἐνηργεῖτο,
3049 3420 3124 3482 εἷς
3181 3419 3243 3476 τὸ
3275 3425 3695 3495 καρποφορῆσαι
3721 3423 3802 3492 τῷ

2157 3515 2385 3588 θανάτῳ,
2423 3539 2450 3567 ›ι
2485 3511 2692 3575 δεικνὺς
2726 3510 2914 3583 ἔξωθεν
2963 3511 3374 3586 παραγενόμενα
3420 3510 3658 3589 ἐνεργείᾳ
3707 3513 3803 3564 τοῦ

2153 3611 2378 3662 Σατανᾶ.
2409 3604 2485 3666 εἶ’ς
2521 3604 2580 3658 τὸ
2631 3607 3049 3675 συνεισενεγκεῖν
3106 3607 3186 3674 τῷ
3245 3601 3474 3678 θανάτῳ.
3537 3599 3634 3656 Διὸ.
3691 3599 3794 3674 γάρ

2150 3699 2258 3750 τῶν
2292 3695 2589 3768 ἁμαρτιῶν,
2639 3697 2718 3764 τῷ
2777 3691 2987 3764 θανάτῳ
3043 3693 3521 3766 καρποφοροῦμεν.
3557 3714 3584 3742 ιι
3665 3686 3796 3746 Νυνὶ

2154 3781 2212 3838 δὲ
2240 3785 2665 3858 κατηργήθημεν
2695 3781 2803 3837 ἀπὸ
2833 3787 2930 3838 τοῦ
2961 3780 3155 3853 νόμου.
3201 3805 3228 3833 ››
3264 3779 3434 3835 Ιιάλιν
3467 3779 3530 3837 τὸ
3561 3777 3798 3852 ἐπαχθὲς

2153 3873 2389 3950 φεύγων,
2458 3871 2556 3928 οὐκ
2626 3871 2764 3934 εἶπε,
2853 3872 3204 3946 Κατῆργηται
3281 3871 3310 3928 ὁ
3383 3867 3572 3941 νόμος,
3649 3865 3794 3934 ἀλλ’,

2153 3987 2182 4016 ‹‹
2215 3963 2403 4037 Ἡμεῖς
2437 3963 2540 4017 ἀπὸ
2573 3967 2669 4016 τοῦ
2725 3962 2901 4035 νόμου
2931 3963 3389 4036 κατηργήθημεν,
3423 3983 3449 4010 η
3496 3959 3796 4024 τουτέστιν,

2151 4051 2541 4126 ἆπολελύμεθα
2568 4054 2659 4110 καὶ
2691 4051 3106 4128 λελυτρώμεθα.
3171 4051 3320 4108 Διατί
3357 4071 3369 4120 ;
3401 4045 3626 4116 ῚῖιπειδὲΙ
3685 4047 3788 4102 ἀπ-

2152 4141 2407 4216 εθάνομεν
2443 4139 2530 4197 διὰ
2562 4149 2660 4212 τῆς
2695 4143 2981 4216 ἁμαρτίας·
3031 4139 3164 4210 αὕτη
3223 4141 3328 4216 γάρ
3376 4141 3410 4208 ἢ
3471 4139 3796 4214 κατέχουσαο

2152 4234 2242 4287 καὶ
2273 4231 2582 4307 ἡγέρθημεν
2618 4231 2678 4286 οὐ
2711 4229 2802 4286 διὰ
2829 4231 2930 4286 τοῦ
2961 4231 3157 4304 νόμου,
3188 4227 3334 4287 ἀλλὰ
3389 4225 3478 4284 διὰ
3534 4231 3630 4283 τοῦ
3661 4231 3798 4304 Χρι-

391 4321 542 4375 στοῦ.
576 4318 754 4387 Δῆλον
789 4319 879 4374 οὗν
913 4317 994 4375 ὅτι
1029 4321 1135 4376 ἀπὸ
1169 4321 1263 4394 μὶν
1296 4327 1392 4379 τοῦ
1419 4321 1592 4398 νόμου
1625 4321 2014 4398 ἀπολελύμεθα
2045 4323 2119 4386 tit;
2150 4323 2526 4391 ἀποθανόντες,
2563 4321 2908 4397 ὑπετάγημεν
2945 4317 3002 4378 δὶ
3028 4324 3107 4394 τῷ
3165 4319 3447 4396 ῥυσαμένῳ
3507 4321 3654 4392 ἡμᾶς
3703 4319 3797 4372 τοῦ

394 4408 626 4472 θανάτου
657 4413 905 4486 Χριστῷ.

955 4499 1110 4557 286
1143 4501 1375 4560 CAPUT
1413 4505 1481 4560 X.

389 4609 468 4666 De
500 4609 955 4666 condemnatione
983 4625 1104 4682 qum
1137 4617 1374 4736 plropter
1425 4619 1712 4682 peccatum
1765 4619 1884 4668 erat
1941 4613 2038 4669 sub

1193 4699 1306 4736 eae.

1193 4699 1306 4737 808.

1173 4699 1219 4736 te
1260 4699 1306 4737 e.

459 4769 570 4826 γη.
605 4773 658 4838 6,
689 4771 741 4822 7.
785 4773 852 4828 Ut
880 4773 1178 4828 serviamus
1222 4699 1336 4845 ἴσον
1393 4773 1688 4830 novitatem
1715 4775 1964 4844 spiritus.
1989 4781 2038 4830 et

385 4874 498 4916 non
521 4876 624 4929 per
653 4867 978 4918 vetustatem
1021 4861 1236 4920 litterae.
1273 4864 1417 4929 Quid
1446 4879 1576 4934 ergo
1605 4863 1844 4920 dicemus
1873 4863 1900 4919 ?
1925 4866 2039 4920 Lex

379 4954 668 5020 peceatum
700 4955 776 5004 est
802 4953 829 5003 ?
860 4951 1016 5006 Absit
1041 4953 1062 5008 Ι
1079 4953 1197 5008 "Sed
1218 4961 1509 5024 peccatum
1531 4969 1640 5008 non
1670 4955 1902 5024 coynovi
1931 4956 2040 5010 nisi

378 5053 486 5110 per
516 5039 706 5108 legem.
741 5040 878 5094 Nam
925 5047 974 5094 et
1031 5045 1524 5112 concupiscentiam
1572 5043 1872 5100 nesciebam
1930 5047 2040 5100 nisi

390 5127 480 5184 lca:
509 5127 742 5184 dixisset
766 5144 786 5184 :
815 5130 934 5186 Non
965 5134 1328 5202 concupisces.

455 5307 680 5366 Deinde
697 5325 771 5365 ne
803 5308 1146 5366 existiment
1195 5312 1352 5384 quod
1385 5329 1419 5369 a
1475 5313 1603 5385 lege
1643 5313 2040 5386 absolutifse-

388 5413 527 5455 cure
559 5397 842 5470 deinceps
873 5415 1043 5472 agere
1079 5401 1310 5472 possint
1337 5419 1468 5474 quae
1500 5402 1706 5466 velint,
1741 5403 1920 5460 aliam
1945 5404 2037 5460 in-

392 5489 555 5546 ducit
586 5490 928 5546 servitutem
959 5489 1485 5564 exactiorem,puta
1517 5493 1758 5566 spiritus
1787 5494 2038 5550 Pulchre

388 5585 586 5637 autem
619 5579 761 5636 dicit
789 5581 936 5635 «Per
953 5581 1272 5637 novitatem
1301 5598 1314 5646 ;
1357 5603 1384 5628 »
1411 5599 1604 5654 neque
1636 5583 1794 5639 enim
1830 5583 2036 5639 eadem

391 5675 529 5728 sunt
559 5675 778 5728 statuta
809 5669 872 5726 in
905 5672 1058 5726 Novo
1089 5671 1463 5727 Testamento
1494 5689 1624 5744 quas
1674 5672 1817 5730 olim
1871 5679 2038 5732 erant

2073 4507 2121 4572 D

2787 4505 3048 4560 ΚΕΦΛΛ.
3079 4501 3151 4558 L'.

2221 4609 2352 4684 Ηερὶ
2391 4613 2489 4676 τῆς
2527 4609 2628 4665 ὑπὸ
2660 4609 3228 4700 νόμου-,κατακρίσεως
3281 4606 3372 4664 διὰ
3403 4609 3515 4680 ξτὴν
3561 4607 3732 4684 ἁμαρ-

2907 4703 3045 4739 τιαν.

2215 4773 2377 4827 Ὥστε
2437 4769 2712 4826 δουλεύειν
2783 4774 2931 4845 ἡμᾶς
2977 4771 3088 4825 ῖέν’
3125 4769 3404 4839 καινότητι
3437 4767 3798 4842 ξπνεύματος,

2146 4859 2236 4916 καὶ
2294 4861 2354 4916 οὐ
2411 4861 2742 4931 παλαιότητι
2765 4895 2772 4910 .-
2826 4863 3174 4938 γράμματος.
3249 4861 3312 4916 Τί
3349 4857 3460 4930 ξοῦν
3518 4857 3795 4934 ἐροῦμεν;

2146 4953 2208 5010 Ὀ
2237 4953 2408 5025 νόμος
2443 4953 2677 5028 ἁμαρτία
2711 4975 2726 5020 ;
2761 4954 2852 5022 Μή
2887 4949 3149 5030 δὶγὲνοιτο.
3211 4947 3386 5007 Ἀλλᾶ
3439 4949 3540 5019 τὴν
3621 4948 3796 5024 ἁμαρ-

2145 5045 2264 5102 τίαν
2299 5047 2397 5102 οὺκ
2453 5041 2647 5124 ἔγνων,
2708 5043 2750 5098 εἰ
2819 5045 2895 5118 μὴ
2959 5039 3046 5098 διὰ
3100 5039 3293 5114 νόμου.
3379 5041 3495 5110 Τήν
3579 5059 3638 5094 τε
3695 5037 3798 5118 γάρ

2149 5136 2437 5211 ἐπιθυμίαν
2498 5135 2600 5190 οὐκ
2638 5129 2811 5210 ᾔδειν,
2875 5130 2920 5186 εί
2975 5132 3050 5206 μὴ
3101 5131 3130 5185 ὁ
3189 5129 3358 5204 νόμος
3414 5126 3622 5204 ἔλεγεν·
3685 5125 3802 5186 Οὐκ

2148 5225 2526 5298 ἐπιθυμήσεις.

2221 5316 2360 5370 Εἶτα
2383 5312 2475 5370 ’ίνα
2509 5313 2944 5388 μὴ“νομίσωσιν,
2991 5309 3075 5366 δτι
3133 5307 3496 5372 ἀπολυθέντες
3549 5313 3646 5364 τοῦ
3693 5304 3794 5360 νό-

2153 5426 2280 5482 μου,
2315 5404 2513 5460 λοιπὸν
2547 5402 2582 5458 ἅ
2611 5402 2906 5480 βούλονται
2939 5399 3238 5464 ἀκινδύνως
3299 5401 3644 5479 πράττουσιν,
3697 5393 3790 5449 ἐπ-

2149 5495 2269 5570 άγει
2301 5492 2478 5563 ἄλλην
2515 5489 2763 5549 δουλείαν
2797 5487 3202 5569 ἀκριϐεστέραν,
3253 5493 3351 5562 τὴν
3401 5492 3498 5545 τοῦ
3549 5483 3794 5556 πνεύμα-

2148 5605 2258 5648 τος.
2296 5582 2495 5647 Καλῶς
2527 5579 2583 5637 δὲ
2611 5583 2695 5650 τὸ,
2727 5607 2754 5634 (ι
2790 5583 3101 5652 Καινὸτητι,
3134 5607 3162 5635 »ι
3197 5581 3383 5650 ἐπειδή
3417 5577 3476 5635 οὗ
3531 5575 3598 5632 τὰ
3649 5573 3790 5631 αὐτᾶ

2149 5673 2203 5731 ἰν
2258 5677 2327 5748 τῇ
2381 5674 2494 5748 Νέᾳ
2549 5671 2964 5747 ἐπιταττόμεθα,
3045 5665 3180 5748 άπερ
3265 5673 3317 5728 ol
3371 5669 3542 5728 πάλαι
3597 5671 3652 5728 ἐν
3709 5673 3792 5744 τῷ
