4222 6194
425 351 548 412 M9

1554 349 1965 415 COMMENT.
2012 351 2091 413 IN
2137 349 2387 413 EPIST.
2436 351 2541 413 AD
2586 352 2779 415 ROM.
3747 365 3826 425 45

419 483 602 557 νόμῳ,
632 481 779 539 ἀλλὰ
808 482 964 539 καινὰ
1020 482 1110 537 καὶ
1166 466 1261 537 νέοί
1311 482 1751 561 παραγγέλοατα,
1790 484 1879 540 καὶ
1912 480 2071 563 φιλο-

2188 484 2250 540 in
2282 484 2477 540 littera
2507 485 2624 541 sive
2652 486 2712 542 in
2743 486 2909 561 lege:
2971 487 3074 544 sed
3127 506 3279 548 nova
3335 499 3476 550 sunt
3511 504 3810 572 praecepta
3840 541 3852 557 .

426 574 731 651 σοφώτερα,
790 572 917 629 ὡσεῖ
975 573 1138 641 εἶπεν,
1196 573 1309 627 Ἵνα
1365 569 1715 646 δουλεῦωμεν
1774 580 1894 637 τοῖς
1934 571 2076 635 νέοις

421 668 536 726 τοῖς
568 661 629 718 ἐκ
658 666 756 719 τοῦ
804 662 1117 734 ῘΙνεῦματος
1176 660 1501 738 ἐπιταγεῖσι’
1553 663 1644 719 καὶ
1689 663 1792 739 γὰρ
1832 669 1949 725 τοῖς
1986 664 2081 736 μὲν

420 751 678 832 αρχαίοις
708 752 771 807 τὸ
806 752 882 826 μὴ
924 751 1188 832 φονεύειν,
1218 754 1354 824 ἡμῖν
1411 749 1469 808 δὲ
1524 754 1586 807 τὸ
1637 755 1713 826 μή
1749 752 2076 827 ὀργίζεσθαι·

419 840 645 905 ἐκείνοις
680 842 756 914 μὴ
820 840 1121 917 μοιχεύειν,
1176 842 1312 914 ἡμῖν
1370 839 1427 896 δὲ
1479 841 1543 896 τὸ
1610 837 1751 914 μηδὲ
1780 839 2081 917 περιέργως

416 929 545 1006 ὀρᾷν
574 930 937 987 ἐπιτέτακται.
978 955 996 981 ι
1036 928 1133 984 Καὶ
1166 928 1227 983 οὗ
1279 926 1613 1000 παλαιότητι
1643 928 2011 1005 γδεάμματοςς
2046 952 2074 981 ››

414 1020 529 1078 Οὐκ
556 1013 634 1075 ἔτι
668 1019 771 1095 γὰρ
800 1021 826 1076 ὁ
856 1018 1028 1091 νόμος
1085 1017 1382 1089 ἐπιτάσσει,
1444 1017 1590 1076 ἀλλᾶ
1619 1019 1681 1075 τὸ
1712 1018 1952 1093 πνεῦμα,
1984 1020 2075 1076 Ei-

413 1112 529 1165 πὼν
559 1107 640 1180 δὲ,
672 1135 699 1162 ‹‹
736 1106 1104 1180 ΙΙαλαιότητι,
1140 1134 1169 1162 ››
1227 1104 1395 1181 ἔδειξε
1442 1110 1505 1165 τὸ
1539 1112 1740 1183 σαθρὸν
1770 1113 1872 1166 τοῦ
1909 1131 2077 1184 νομου

413 1200 504 1255 καὶ
530 1198 777 1280 ἀχρεῖον.
840 1202 945 1255 ιΙᾶν
999 1198 1099 1273 γὰρ
1130 1197 1215 1268 τὸ,
1280 1221 1307 1253 ιι
1338 1197 1760 1272 παλαιούμενον,
1795 1200 1951 1276 φησὶ,
1984 1200 2073 1255 καὶ

414 1290 715 1364 γηράσκον,
747 1287 900 1365 ἐγγὺς
932 1288 1259 1369 ἀφανισμοῦ.
1296 1312 1325 1341 ››
1380 1323 1441 1330 -
1480 1314 1507 1341 ιι
1542 1290 1608 1346 Τί
1640 1291 1730 1344 οὖν
1765 1288 2014 1365 ἐροῦμεν.
2046 1314 2074 1341 ››

414 1375 641 1447 Ἐπειδή
703 1377 871 1445 εἶπεν,
955 1403 975 1428 ι
1038 1379 1152 1434 ’Ίνα
1233 1372 1582 1450 δουλεύωμεν
1664 1376 1715 1433 έν
1794 1378 2077 1450 καινότητι

412 1467 741 1540 πνεύματος,
780 1491 808 1519 ››
870 1466 945 1528 ὡς
1002 1470 1101 1521 τοῦ
1162 1466 1256 1539 μὲν
1306 1468 1611 1540 πνεύματος
1657 1466 1946 1539 σώζοντος,
1979 1471 2076 1523 τοῦ

414 1554 471 1612 δὲ
502 1557 677 1631 νόμου
735 1558 812 1630 μὴ
858 1556 1153 1625 σώζοντος,
1188 1555 1343 1634 φησί.
1402 1554 1471 1613 Τί
1531 1556 1646 1626 οὗν,
1680 1553 1824 1612 εἷ’ποι
1858 1579 1960 1623 τις,
1993 1558 2077 1612 ὅτι

410 1647 439 1701 ὁ
491 1646 665 1718 νόμος
693 1643 1039 1721 ἁμαρτωλός
1100 1644 1269 1716 ἐστιν,
1322 1643 1358 1715 ἢ
1420 1644 1686 1719 ἁμαρτίας
1744 1646 1912 1722 πρόξε
1942 1666 2074 1716 νος;

412 1733 491 1793 Οὐ
521 1736 709 1804 τοῦτο,
758 1733 915 1814 φησὶ,
973 1731 1147 1810 λέγω,
1207 1732 1335 1791 ἀλλ’
1393 1732 1477 1789 ὅτι
1534 1734 1793 1809 πρόξενός
1856 1757 1950 1809 μοι
1979 1740 2077 1792 τοῦ

412 1831 620 1902 γνῶναι
675 1828 775 1896 τήν
863 1826 1152 1901 ἁμαρτίαν·
1234 1827 1427 1883 οὐκοῦν
1504 1827 1596 1882 καὶ
1674 1823 1943 1907 χειρόνως
2001 1849 2153 1932 τι-Β

588 1922 648 1932 -..
824 1917 850 1932 ..
940 1915 954 1932 .
1145 1917 1155 1932 .
1311 1914 1331 1932 ς
1454 1917 1467 1932 .
1548 1918 1561 1932 .
1736 1917 1745 1932 .
1820 1920 1821 1923 η
1887 1923 1947 1932 ..Α

415 1922 768 1993 μωρηθῆναι,
820 1917 905 1972 ὅτι
936 1915 988 1972 ἐν
1051 1917 1248 1994 γνώσει
1311 1914 1507 1973 λοιπὸν
1537 1917 1853 1992 ἁμαρτάνω.
1887 1923 2076 1990 Ὅμως

410 2007 547 2062 κατὰ
609 2005 803 2081 μικρὸν
865 2003 1103 2061 δείκνυσι
1158 2005 1249 2061 τὸν
1305 2006 1473 2080 νόμον
1517 2007 1609 2061 καὶ
1655 2028 2076 2062 κατασκευαστι-

410 2100 503 2154 κὸν
536 2098 635 2167 τῆς
665 2097 955 2172 ἁμαρτίας,
1015 2095 1076 2151 οὐ
1140 2098 1247 2170 μὴν
1308 2097 1453 2170 παρὰ
1510 2098 1609 2166 τὴν
1662 2096 1862 2154 οἶοιείαν
1893 2097 2072 2176 φύσιν,

412 2185 557 2243 ἀλλὰ
594 2187 741 2263 παρὰ
769 2188 870 2256 τήν
930 2184 1109 2242 αὐτῶν
1171 2185 1384 2245 κακίαν.
1445 2186 1561 2245 Οὔκ
1591 2187 1727 2253 εἷπε,
1753 2187 1813 2242 Τί
1845 2186 1938 2243 οὖν
1966 2206 1981 2258 ;
2012 2189 2073 2246 Ὁ

408 2281 581 2354 νόμος
610 2280 894 2349 ἀπέθανεν,
926 2279 963 2350 ἢ
996 2281 1337 2356 κατήργηται
1394 2282 1580 2355 (τοῦτο
1607 2279 1709 2357 γὰρ
1742 2273 2069 2352 ἐϐούλετο);

408 2369 536 2427 ἀλλ’
566 2372 696 2445 ὅπερ
756 2368 882 2425 οὐδὲ
936 2369 1086 2442 αὖτῷ
1146 2368 1344 2427 ἐδόκει.
1403 2402 1474 2413 -
1529 2371 1745 2443 [ΦΩΤ.]
1779 2392 1807 2422 ‹‹
1840 2368 1905 2426 Τί
1935 2366 2068 2437 οὗν;

409 2461 598 2540 φησὶν,
653 2461 682 2514 δ
739 2461 911 2533 νόμος
968 2458 1248 2533 ἁμαρτίας
1287 2485 1308 2511 ι
1373 2459 1466 2516 Διὸ
1526 2459 1739 2534 έπαγει,
1792 2481 1816 2514 ι
1853 2460 1945 2530 Μὴ
1979 2458 2073 2535 γέ..

407 2551 598 2606 νοιτοί
638 2573 659 2600 Ι
724 2542 839 2622 ἅμα
891 2548 1177 2611 κακείνους
1235 2547 1485 2620 λεαίνων,
1533 2548 1626 2604 καὶ
1680 2548 1743 2604 τὸ
1774 2547 1941 2604 αὐτοῦ
1973 2547 2072 2604 οὐκ

414 2638 673 2715 ἂναιρῶν.

487 2730 567 2789 Οὐ
598 2731 701 2809 γὰρ
734 2730 780 2786 εἰ
815 2732 890 2805 μὴ
924 2729 1066 2788 ἔστιν
1122 2731 1382 2808 ἁμαρτία,
1431 2729 1541 2803 ἤδη
1596 2732 1696 2789 οὐκ
1741 2733 1998 2789 ἀπέθανεν
2032 2735 2067 2805 ἢ

418 2817 479 2873 οὐ
534 2820 905 2894 κατήργηται,
957 2818 1091 2894 ὅπερ
1149 2818 1352 2881 ἐκεῖνος
1401 2820 1491 2874 καὶ
1520 2815 1757 2875 ἐδείκνυε
1788 2820 1879 2875 καὶ
1912 2814 2068 2874 ἐϐού-

410 2903 570 2965 λετο.
631 2932 658 2961 ‹‹
691 2908 754 2966 Ὀ
806 2907 976 2981 νόμος
1037 2908 1313 2984 ἁμαρτία;
1343 2931 1369 2963 ι
1432 2910 1778 2985 Μετετράπη,
1821 2908 2007 2985 φησὶν,
2041 2909 2069 2963 ὁ

412 2999 585 3071 νόμος
617 2998 717 3067 τήν
776 2995 956 3077 φύσιν,
1010 2999 1100 3054 καὶ
1161 2996 1381 3078 γέγονεν
1437 2997 1512 3062 εἰς
1570 2998 1838 3074 ἁμαρτίαν
1870 3000 2066 3068 ὡθῶνς

414 3087 577 3163 Οὐχὶ,
611 3085 799 3163 φησίν.
845 3083 982 3148 Ἰδες
1036 3092 1153 3153 πῶς
1203 3092 1483 3167 πανταχοῦ
1512 3095 1613 3155 τῆς
1646 3088 1910 3164 ὁμαρτίας
1941 3081 2065 3164 ἕχε-

413 3197 524 3247 ται,
554 3177 646 3231 τὸν
679 3176 850 3250 νόμον
898 3173 1265 3233 ἀπαλλάττων
1325 3178 1656 3252 κατηγορίας
1684 3177 1896 3248 ἁπάσης
1923 3195 1937 3246 ;
1972 3175 2067 3232 Διὸ

413 3266 502 3322 καὶ
561 3264 824 3342 ἐπήγαγε,
881 3263 1081 3341 λέγων’
1141 3266 1299 3321 Ὥστε
1353 3265 1381 3320 ὁ
1438 3265 1607 3340 νόμος
1662 3268 1836 3342 ἅγιος,
1894 3266 1985 3321 καὶ
2029 3267 2065 3336 ἡ

412 3352 608 3425 ἐντολή
641 3355 770 3430 ἁγία
797 3355 887 3412 καὶ
920 3356 1114 3432 ἀγαθή.
1149 3380 1179 3408 ››
1224 3353 1377 3412 Ἀλλ’
1426 3354 1473 3410 εἰ
1529 3353 1811 3431 βούλεσθε,
1842 3356 1929 3410 καὶ
1961 3359 2066 3410 τῶν

414 3446 877 3521 παραποιούντων
927 3446 1027 3509 τὰς
1084 3444 1365 3521 ἐξηγήσεις
1420 3444 1616 3508 ταύτας
1670 3445 1746 3507 εἷς
1790 3443 1949 3519 μέσον
1977 3446 2068 3502 τὸν

414 3533 580 3611 λόγον
622 3536 919 3612 ἀγάγωμεν
974 3534 1118 3591 οὕτω
1171 3536 1276 3611 γὰρ
1333 3533 1630 3614 σαφέστερα
1657 3534 1724 3590 τὰ
1754 3536 1878 3609 παρ’
1909 3536 2068 3608 ἡμῶν

417 3622 710 3699 λέγόμενα.
773 3625 928 3688 Τινὲς
982 3625 1085 3701 γὰρ
1145 3623 1395 3695 ἐνταῦθα,
1451 3623 1514 3680 οὗ
1570 3624 1694 3700 περὶ
1746 3629 1843 3680 τοῦ
1897 3625 2071 3698 νόμου

421 3713 704 3776 Μωϋσέως
736 3713 897 3770 αὐτόν
930 3735 1055 3793 φασι
1088 3710 1269 3789 λέγειν
1299 3712 1365 3768 τὰ
1413 3712 1703 3791 λεγόμενα,
1734 3711 1862 3769 ἀλλ’
1890 3713 1942 3768 οἰ
1977 3713 2070 3787 μὲν

419 3804 543 3879 περὶ
574 3808 673 3859 τοῦ
704 3807 956 3882 φυσικοῦ,
990 3800 1153 3859 ἄλλοι
1214 3800 1271 3857 δὲ
1321 3803 1444 3879 περὶ
1502 3808 1603 3873 τῆς
1631 3800 1858 3873 ἐντολῆς
1885 3809 1987 3873 τῆς
2019 3802 2069 3857 έν

420 3898 503 3966 τῷ
549 3891 860 3969 παραδείσῳ
914 3889 1183 3963 δοθείσης.
1240 3892 1339 3948 Καὶ
1398 3893 1506 3967 μὴν
1562 3897 1845 3969 πανταχοῦ
1876 3893 2077 3958 σκοπὸς

422 3986 504 4055 τῷ
566 3982 767 4056 Ηαὺλῳ
821 3986 1013 4038 τοῦτον
1073 3983 1369 4051 ἀναστῆσαι
1424 3981 1518 4037 τὸν
1572 3981 1764 4056 νόμον.
1828 3982 1969 4058 Πρὸς
2018 3981 2075 4038 δὲ

423 4073 680 4141 ἐκείνους,
712 4070 905 4129 οὐδένα
938 4073 1106 4148 λόγον
1137 4068 1278 4148 ἔχει,
1335 4073 1425 4128 καὶ
1479 4071 1631 4147 μάλα
1661 4073 1904 4136 εἰκότως.
1936 4076 2077 4131 Τοῦ-

419 4183 513 4218 τον
542 4162 640 4238 γὰρ
696 4158 958 4219 Ἰουδαῖοι
1021 4159 1326 4223 δεδοικότες
1385 4160 1477 4216 καὶ
1533 4159 1848 4234 τρέμοντες,
1892 4159 2080 4240 ﬁtP-.10..

418 4252 631 4309 νείκουν
680 4254 750 4325 τῇ
785 4250 996 4330 χάριτι.
1042 4252 1153 4320 Τὴν
1208 4246 1265 4305 δὲ
1317 4248 1544 4320 ἐντολὴν
1571 4251 1670 4319 τήν
1705 4250 1756 4305 ἐν
1790 4255 1870 4323 τῷ
1903 4270 2079 4326 παρα-

420 4337 602 4413 δείσῳ,
635 4339 761 4396 οὐδὲ
789 4341 958 4413 νόμον
986 4341 1118 4396 ποτὶ
1171 4340 1413 4416 φαίνεται
1443 4337 1700 4411 καλέσας,
1739 4336 1858 4395 οὐδ’
1888 4339 2071 4408 αὐτὸς,

416 4425 528 4484 οὐδ’
561 4426 733 4493 ἄλλος
765 4427 973 4491 οὐδείς.
1005 4428 1119 4485 1ἰνα
1179 4424 1237 4482 δὲ
1292 4428 1384 4483 καὶ
1415 4426 1591 4482 αὐτῶν
1624 4432 1731 4482 τῶν
1768 4427 1886 4502 ε”ρη
1900 4429 2073 4501 μένων

414 4522 576 4575 τοῦτο
608 4520 933 4597 σαφέστερον
985 4519 1234 4593 γένηται,
1286 4516 1658 4592 ἐπεξέλθωμεν
1697 4523 1814 4580 τοῖς
1847 4517 2079 4593 ῥήμασι,

2190 572 2498 647 magisque
2527 575 2705 646 plena
2736 578 3029 648 sapientia
3056 596 3069 648 ;
3104 597 3171 636 ac
3212 582 3260 637 si
3293 583 3578 639 dixisset:
3616 588 3689 643 Ut
3719 606 3847 644 ser-

2188 667 2416 722 viamus
2446 668 2611 722 novis
2644 673 2953 741 praaceptis
2985 688 3118 743 quas
3167 670 3385 729 dantur
3413 692 3448 729 a
3478 675 3717 747 Spiritu.
3752 679 3847 733 Si-

2190 757 2434 828 quidem
2464 759 2726 830 antiquis
2785 768 3148 834 praeceptum
3204 771 3332 820 erat
3388 783 3511 822 non
3549 768 3845 841 occidere,

2188 848 2360 904 nobis
2392 856 2593 905 autem
2626 867 2747 906 non
2780 851 2994 907 irasci:
3026 853 3147 909 illis
3178 871 3299 910 non
3333 858 3633 926 mmchari,
3666 860 3842 916 nobis

2185 954 2321 994 vero
2352 955 2547 1011 neque
2579 941 2808 997 curiose
2858 941 3078 998 intueri
3106 943 3167 995 ’3.
3232 967 3253 997 ι
3289 946 3359 1001 Et
3391 964 3511 1003 non
3542 965 3647 1020 per
3675 956 3847 1006 vetu-

2189 1032 2400 1083 statem
2430 1028 2665 1084 litterm.
2693 1054 2714 1082 ι
2755 1031 2879 1085 Non
2911 1032 3072 1087 enim
3103 1032 3200 1089 lex
3232 1035 3490 1106 amplius
3528 1037 3714 1110 jubet.
3743 1038 3847 1094 sed

2187 1115 2452 1186 spiritus.
2496 1117 2707 1172 Dicens
2757 1125 2976 1185 autem,
3032 1143 3061 1171 ‹‹
3097 1122 3479 1191 Vetustatem,
3514 1146 3542 1174 ››
3576 1126 3843 1181 ostendit

2185 1204 2332 1277 legis
2362 1206 2834 1278 antiquationem
2884 1226 2953 1265 ac
2980 1209 3402 1281 inutilitatem.
3440 1215 3595 1281 .Nam
3625 1236 3654 1264 «
3687 1216 3846 1286 quod

2186 1294 2531 1365 antiquatur
2559 1313 2627 1351 ac
2658 1298 2935 1363 senescit,
2970 1299 3189 1371 inquit,
3215 1301 3278 1356 in
3304 1302 3639 1375 propinquo
3674 1310 3761 1359 est
3784 1309 3849 1358 ut

2187 1389 2497 1439 evanescat
2517 1383 2584 1439 3‘.
2610 1407 2639 1436 »
2670 1418 2734 1427 —
2768 1409 2796 1436 ‹‹
2822 1388 2970 1452 Quid
2998 1406 3133 1462 ergo
3159 1389 3427 1447 dicemus
3449 1392 3522 1448 ?»
3555 1394 3847 1458 Quoniam

2186 1472 2449 1529 dixerat:
2486 1496 2514 1524 ‹‹
2550 1475 2621 1530 Ut
2652 1476 2981 1532 serviamus
3014 1496 3121 1550 per
3149 1480 3478 1537 novitatem
3519 1482 3784 1554 spiritus,
3821 1504 3850 1534 »

2188 1564 2356 1633 quasi
2390 1564 2652 1621 salvante
2676 1566 2908 1638 spiritu,
2935 1567 3062 1640 lege
3090 1585 3225 1625 vero
3259 1587 3379 1625 non
3404 1571 3692 1639 salvante,
3728 1574 3850 1629 ait:

2186 1653 2335 1718 Quid
2366 1670 2525 1727 ergo,
2558 1655 2773 1711 dixerit
2802 1657 3121 1729 quispiam,
3158 1677 3305 1716 num
3346 1662 3441 1717 lex
3471 1669 3712 1734 peccato
3745 1662 3854 1718 ob-

2187 1749 2364 1803 noxia
2384 1755 2474 1803 est
2495 1756 2598 1804 aut
2622 1750 2846 1820 peccati
2876 1751 3249 1806 conciliatrix
3273 1752 3300 1807 ‘I
3324 1755 3449 1808 Non
3472 1753 3606 1811 hoc.
3632 1754 3849 1825 inquit,

2187 1836 2351 1892 dico:
2386 1837 2489 1893 sed
2511 1839 2668 1910 quod
2691 1840 3099 1896 conciliaverit
3123 1841 3266 1896 mihi
3294 1842 3572 1898 notitiam
3596 1844 3843 1914 peccati:

2185 1926 2436 1997 proinde
2459 1928 2693 2000 gravius
2717 1929 2894 1984 etiam
2919 1930 3321 2002 puniar,quod
3346 1930 3626 2004 deinceps
3649 1932 3846 1988 sciens

2182 2033 2429 2088 peccare
2460 2019 2815 2085 convincor;
2849 2019 3296 2090 aliquantulum
3346 2026 3545 2077 tamen
3587 2021 3850 2077 ostendit

2182 2106 2373 2180 legem
2405 2109 2710 2180 cooperari
2742 2108 2816 2164 ad
2860 2116 3193 2181 peccatum.
3225 2127 3605 2183 nequaquam
3640 2130 3708 2167 ex
3741 2128 3849 2168 sua

2182 2203 2414 2265 natura,
2452 2197 2554 2253 sed
2587 2204 2836 2270 propter
2866 2199 3133 2271 ipsorum
3166 2200 3478 2257 malitiam.
3514 2203 3640 2255 Non
3680 2201 3850 2270 dixit,

2181 2287 2332 2353 Quid
2363 2304 2500 2360 ergo
2517 2286 2545 2342 ‘2
2567 2287 2680 2342 Lex
2706 2295 2944 2345 mortua
2974 2294 3082 2358 est,
3115 2297 3220 2345 aut
3244 2288 3541 2346 dissoluta
3563 2288 3700 2345 est?
3731 2289 3850 2346 Hoc

2182 2378 2341 2433 enim
2366 2382 2424 2433 et
2448 2378 2573 2450 ipse
2598 2377 2912 2448 sentiebat,
2937 2379 3040 2435 sed
3071 2378 3129 2433 id
3163 2379 3319 2451 quod
3351 2396 3424 2435 ne
3458 2380 3570 2452 ipsi
3605 2379 3847 2452 quidem

2179 2466 2505 2523 videbatur.
2538 2499 2607 2509 -—
2638 2491 2667 2520 «
2700 2468 2842 2539 quid
2903 2485 3038 2540 ergo
3060 2469 3088 2524 ?
3118 2470 3231 2524 Lex
3289 2476 3608 2541 peccatum
3649 2468 3781 2525 est?
3813 2491 3841 2520 »

2178 2556 2314 2612 ideo
2346 2558 2689 2631 subjungit:
2724 2558 2980 2614 «Absit!
3007 2580 3035 2609 ››
3064 2559 3243 2615 simul
3274 2564 3332 2615 et
3363 2559 3503 2615 illos
3539 2559 3841 2633 mitigans,

2178 2652 2238 2702 et
2265 2646 2424 2718 quod
2456 2664 2629 2703 suum
2659 2654 2785 2704 erat
2818 2664 2938 2704 non
2968 2648 3273 2704 auferans.

2249 2737 2396 2794 287
2420 2740 2618 2811 Neque
2633 2738 2791 2793 enim
2807 2738 2854 2794 si
2874 2738 3289 2809 lexpeccatum
3307 2752 3428 2795 non
3442 2738 3841 2803 est,continuo

2179 2828 2447 2899 sequitur
2478 2834 2774 2884 mortuam
2800 2846 2921 2884 non
2946 2845 3074 2884 esse
3096 2833 3197 2884 aut
3219 2828 3504 2894 solutam,
3530 2827 3689 2898 quod
3716 2827 3842 2899 ipse

2176 2915 3080 2973 demonstrabatetintendebat.
3116 2940 3144 2967 ‹‹
3174 2918 3284 2972 Lex
3304 2922 3621 2988 peccatum
3652 2915 3787 2972 est?
3810 2936 3840 2966 »

2176 3003 2440 3070 Mutavit,
2467 3007 2681 3078 inquit,
2710 3008 2803 3062 lex
2824 3013 3121 3073 naturam,
3146 3012 3203 3061 et
3225 3008 3376 3061 facta
3405 3013 3495 3061 est
3517 3005 3592 3062 ad
3623 3021 3836 3078 pecca-

2174 3099 2302 3149 tum
2326 3095 2684 3167 impellens?
2718 3099 2867 3162 Non,
2902 3096 3115 3167 inquit.
3148 3095 3322 3151 Vides
3355 3112 3470 3168 quo
3498 3102 3671 3167 pacto
3702 3094 3838 3151 ubi-

2179 3200 2294 3255 que
2318 3191 2558 3256 peccato
2580 3201 2921 3254 occurrens,
2941 3185 3131 3258 legem
3152 3186 3313 3241 omni
3344 3185 3560 3241 liberet
3590 3200 3837 3241 accusa-

2178 3273 2342 3329 tione
2358 3273 2387 3329 ?
2404 3272 2543 3330 Ideo
2561 3275 2739 3332 etiam
2758 3275 3064 3349 adjunxit:
3090 3299 3117 3326 ‹‹
3140 3278 3344 3348 Itaque
3368 3276 3463 3332 lex
3486 3282 3690 3333 sancta
3717 3280 3825 3344 est,

2179 3369 2238 3420 et
2266 3372 2625 3437 praeceptum
2686 3373 2981 3435 sanctum,
3034 3368 3385 3440 justumque
3426 3382 3492 3423 ac
3521 3367 3764 3422 bonum.
3798 3388 3828 3418 »

2179 3454 2415 3521 Verum,
2439 3455 2486 3510 si
2509 3455 2973 3526 placet.illorum
2996 3473 3235 3529 quoque
3260 3448 3598 3514 sermonem
3623 3457 3683 3512 in
3710 3473 3830 3513 me-

2180 3542 2344 3599 dium
2375 3544 2769 3616 proferamus,
2800 3546 2902 3617 qui
2959 3546 3068 3602 has
3127 3551 3479 3618 pervertunt
3506 3545 3831 3602 enarratio-

2179 3649 2317 3688 nes:
2341 3633 2422 3689 ita
2439 3632 2598 3689 enim
2624 3633 3034 3691 manifestiora
3058 3636 3205 3690 fient
3227 3653 3357 3707 quae
3381 3652 3415 3691 a
3437 3636 3610 3691 nobis
3630 3634 3836 3691 dicun-

2180 3726 2294 3777 tur.
2330 3724 2473 3779 Nam
2507 3724 2748 3796 quidam
2779 3725 2876 3780 hic
2908 3742 3028 3781 non
3052 3724 3124 3781 de
3148 3725 3289 3781 Mosi
3317 3725 3443 3796 lege
3476 3724 3672 3779 dicere
3697 3739 3833 3779 eum

2180 3817 2457 3866 asserunt
2486 3829 2617 3883 qua;
2642 3812 2943 3881 dicuntur,
2969 3812 3073 3869 sed
3096 3813 3156 3867 hi
3188 3810 3429 3883 quidem
3462 3810 3534 3865 de
3565 3810 3692 3882 lege
3724 3826 3833 3865 na-

2182 3899 2381 3965 turali,
2441 3899 2543 3954 alii
2598 3917 2731 3956 vero
2779 3900 2850 3955 de
2901 3907 3196 3972 praecepto
3258 3899 3417 3971 quod
3460 3899 3521 3953 in
3552 3897 3831 3953 Paradiso

2183 3987 2386 4044 datum
2409 3995 2514 4045 est.
2540 3991 2708 4061 Atqui
2734 4006 2951 4062 scopus
2971 3989 3194 4061 ubique
3216 3989 3399 4044 Paulo
3421 3993 3511 4044 est
3539 3988 3692 4044 hanc
3714 3988 3834 4043 ele-

2180 4094 2317 4134 vare
2348 4078 2537 4151 legem
2563 4097 2577 4136 :
2610 4079 2768 4134 circa
2796 4079 2931 4134 illas
2985 4085 3185 4133 autem
3215 4094 3289 4134 ne
3318 4077 3561 4134 verbum
3593 4074 3833 4149 quidem

2180 4167 2324 4224 facit
2350 4168 2543 4223 ullum
2570 4184 2583 4222 :
2616 4167 2793 4239 idque
2835 4168 2972 4239 jure
3030 4167 3276 4239 optimo.
3308 4168 3455 4223 Nam
3487 4168 3637 4222 hanc
3665 4165 3834 4220 veriti

2182 4256 2366 4312 Judaei
2400 4273 2467 4312 ac
2513 4261 2858 4323 trementes,
2892 4256 3332 4312 contendebant
3387 4256 3671 4311 adversus
3702 4269 3837 4326 gra-

2184 4347 2350 4401 tiam.
2387 4347 2757 4417 Praeceptum
2815 4345 2958 4402 item
3016 4346 3174 4418 quod
3207 4346 3265 4401 in
3300 4345 3580 4401 Paradiso
3630 4343 3835 4398 datum

2188 4440 2296 4497 est,
2331 4449 2637 4506 nunquam
2660 4441 2763 4490 aut
2780 4434 2876 4490 hic
2897 4435 3215 4507 Apostolus
3238 4439 3339 4491 aut
3361 4433 3515 4490 alius
3537 4432 3835 4504 quispiam

2188 4522 2378 4596 legem
2407 4523 2641 4579 videtur
2695 4524 3046 4596 appellasse.
3112 4525 3185 4580 Ut
3239 4530 3437 4580 autem
3490 4523 3602 4578 hoc
3633 4537 3739 4594 per
3767 4534 3837 4576 ea

417 4608 611 4682 μικρὸν
675 4589 935 4685 ἀνωτέρω
999 4589 1092 4664 τὸν
1160 4589 1327 4683 λόγον
1388 4589 1701 4683 ἀγαγόντες.
1767 4589 1933 4681 Περὶ-
1968 4606 2074 4683 γὰρ

2184 4589 2365 4668 etiam
2393 4630 2523 4685 quas
2555 4589 2910 4670 dicta-sunt
2966 4614 3072 4671 ﬁat
3125 4613 3524 4673 manifestius,
3561 4589 3838 4667 sermone

418 4694 700 4761 πολιτείας
760 4692 1021 4774 ἀκριϐοὗς
1083 4697 1275 4759 αὐτοῖς
1325 4692 1660 4772 διαλεχθεὶς,
1721 4696 1963 4772 έπηγαγε
1992 4694 2078 4752 λέ-

417 4807 552 4861 γων·
590 4812 617 4840 (ι
650 4788 719 4846 Ἢ
755 4787 1026 4866 ἀγνοεῖτε,
1063 4782 1316 4864 ἀδελφοὶ,
1346 4784 1429 4841 ὅτι
1461 4785 1490 4840 ὁ
1520 4785 1690 4859 νόμος
1715 4784 1949 4861 κυριεύει
1979 4790 2076 4841 τοῦ

416 4874 732 4951 ἀνθρώπσυ,
787 4877 872 4955 ἐφ’
949 4874 1073 4932 ὅσον
1135 4874 1336 4951 χρόνον
1402 4877 1509 4947 ζῇς
1566 4875 1726 4930 Ὥστε
1776 4873 1866 4929 καὶ
1920 4874 2075 4949 ὑμεῖς

417 4963 793 5038 ἐθανατώθητε
846 4969 926 5036 τῷ
976 4963 1214 5039 νόμῳ.»
1270 4963 1480 5021 Οὖκοῦν
1540 4961 1585 5017 εί
1636 4961 1888 5037 περὶτοῦ
1920 4985 2074 5041 φυσι-

414 5057 514 5108 κοῦ
568 5058 737 5109 ταῦτα
789 5051 1023 5128 εἴρηται,
1084 5051 1491 5128 εὑρεθησόμεθα
1545 5052 1620 5124 μή
1660 5045 1879 5126 ἔχοντες
1908 5051 2075 5124 νόμον

416 5142 665 5220 φυσικόν.
718 5141 781 5200 Ei
842 5138 899 5197 δὲ
952 5146 1121 5198 τοῦτο
1195 5139 1421 5212 ἀληῡὲς,
1475 5144 1582 5194 τῶν
1635 5138 1854 5217 ἀλόγων
1918 5139 2074 5213 ἐσμὲν

416 5233 790 5305 ἀνοητότεροι.
847 5231 1003 5290 Ἀλλ’
1066 5231 1167 5288 οὐκ
1218 5228 1331 5288 ἔστι
1380 5234 1569 5288 ταῦτα.
1603 5232 1731 5306 Περὶ
1758 5231 1865 5307 γὰρ
1892 5236 1987 5286 τοῦ
2018 5230 2070 5287 έν

413 5326 494 5395 τῷ
560 5320 874 5399 παραδείσῳ
931 5318 1056 5378 οὖδὶ
1106 5321 1433 5402 φιλονεικεῖν
1491 5319 1800 5395 ἀναγκαῖον,
1855 5317 1947 5375 ’ίνα
1993 5322 2068 5394 μή

413 5411 664 5487 περιττὸν
721 5408 1102 5485 ἀναδεξώμεθα
1157 5410 1326 5465 πόνον
1384 5408 1522 5485 πρὸς
1548 5408 1614 5463 τὰ
1659 5407 2072 5484 ὡμολογημένα

412 5502 803 5577 ἀποδυόμενοι.
865 5506 988 5565 Πῶς
1046 5500 1158 5570 οὗν,
1217 5525 1247 5555 ‹‹
1283 5501 1394 5571 Την
1427 5497 1697 5577 ἁμαρτίαν
1747 5499 1846 5556 οὐκ
1901 5498 2065 5577 ἔγνων

484 5684 534 5721 ⁸⁸
562 5683 771 5742 Matth.
805 5699 859 5753 ν,
890 5684 955 5739 It
985 5694 1153 5756 seqq.
1229 5681 1276 5718 ³⁵
1313 5678 1490 5738 Hebr.
1521 5690 1647 5747 Vm,
1680 5680 1768 5735 13.

2184 4702 2359 4775 paulo
2416 4702 2593 4759 altius
2650 4703 2925 4777 repetito,
2984 4702 3178 4758 verbis
3237 4717 3694 4775 prosequamur.
3730 4698 3838 4756 Ubi

2185 4793 2345 4847 enim
2399 4791 2472 4847 de
2529 4792 2717 4864 proba
2773 4791 3222 4849 conversatione
3270 4790 3394 4845 illis
3439 4789 3837 4857 disseruisset,

2187 4880 2496 4953 subjunxit
2525 4882 2729 4938 dicens
2756 4898 2770 4939 :
2801 4904 2830 4933 «
2853 4885 2941 4937 An
2970 4880 3281 4951 ignoratis,
3312 4880 3546 4939 fratres.
3565 4879 3725 4950 quod
3748 4879 3842 4935 lex

2185 4969 2529 5025 dominetur
2553 4970 2783 5026 homini
2815 4976 3040 5042 quanto
3068 4975 3343 5041 tempore
3359 4968 3541 5024 vivit?
3587 4967 3842 5024 Proinde

2183 5075 2283 5115 vos
2314 5076 2550 5131 quoque
2575 5060 2914 5115 mortificati
2937 5059 3082 5114 estis
3105 5058 3240 5131 legi.
3269 5079 3299 5109 »
3324 5059 3529 5130 Itaque
3557 5058 3606 5113 si
3637 5057 3709 5113 de
3735 5073 3840 5113 na-

2184 5148 2358 5203 turali
2392 5149 2518 5220 lege
2551 5149 2676 5204 haac
2707 5148 2865 5204 dicta
2913 5153 3069 5209 sunt.
3104 5147 3479 5203 inveniemur
3508 5145 3841 5202 naturalem

2183 5253 2301 5292 non
2331 5236 2550 5293 habere
2580 5237 2808 5310 legem:
2834 5238 2991 5310 quod
3019 5238 3069 5294 si
3093 5237 3206 5293 hoc
3227 5254 3431 5293 verum
3464 5243 3572 5295 est.
3605 5237 3840 5292 irratio-

2182 5325 2418 5380 nalibus
2442 5326 2886 5398 insipientiores
2908 5343 3145 5383 sumus:
3162 5326 3267 5383 sed
3290 5326 3415 5381 ι]ωο
3438 5339 3559 5380 non
3580 5326 3662 5381 ita
3681 5329 3837 5380 sunt.

2182 5413 2261 5469 De
2292 5431 2362 5470 ea
2389 5431 2528 5470 vero
2559 5432 2691 5487 qua;
2723 5416 2785 5472 in
2819 5416 3102 5473 Paradiso
3153 5416 3292 5472 data
3323 5422 3433 5483 est,
3466 5429 3539 5469 ne
3572 5429 3841 5470 necessa-

2176 5504 2334 5561 rium
2359 5503 2605 5577 quidem
2638 5512 2730 5563 est
2750 5507 3149 5564 contendere:
3173 5522 3249 5563 ne
3270 5503 3641 5578 superﬂuum
3662 5500 3843 5559 susci-
