4222 6194
404 309 515 369 451

1522 291 1948 358 (ΕΟΟΜΕΝΙΙ
1991 287 2298 352 ΤΗΙΟΟᾸΞ.
2341 292 2686 356 EPISCOPI

3687 299 3807 362 452

394 439 630 512 piamus
665 437 950 500 laborem,
982 433 1140 488 circa
1197 448 1265 504 ea
1324 447 1454 501 quae
1485 430 1546 484 in
1579 427 1846 484 confesso
1879 429 2037 485 sunt,

2168 421 2202 477 εἰ
2237 425 2314 496 μή
2349 421 2438 512 διὰ
2467 425 2680 498 νόμους
2717 451 2744 478 ιι
2802 428 2880 485 Οὖ
2932 428 3032 498 τὴν
3089 427 3328 485 καθόλου
3379 427 3550 504 λέγων
3585 432 3804 508 ἄγνοιαν

397 529 567 584 illum
590 524 1019 597 aggredientes.
1045 520 1350 587 Quomodo
1375 536 1509 592 ergo
1533 519 1616 574 ait
1643 536 1655 573 :
1683 539 1710 568 «
1735 517 2048 571 Peccatum

399 635 518 672 non
551 615 789 686 cognovi
821 614 934 668 nisi
971 629 1076 684 per
1105 611 1294 683 legem
1319 610 1345 664 '?
1376 631 1402 659 ››
1439 611 1582 664 Cum
1618 608 1728 662 hoc
1763 605 2052 670 dicit,non

401 703 804 760 omnimodam
835 702 1089 756 intendit
1111 701 1526 774 ignorantiam,
1561 696 1664 753 sed
1696 696 2052 751 exactiorem

404 794 839 867 cognotionem.
877 794 1020 846 Nam
1055 791 1102 846 si
1135 791 1205 846 de
1241 789 1496 845 naturali
1531 789 1656 860 lege
1691 787 1798 842 hoc
1831 785 2052 840 dictum

398 888 506 944 est.
543 881 839 953 quomodo
875 881 935 935 in
987 879 1374 950 sequentibus
1425 880 1579 932 hunc
1610 875 1790 931 habet
1827 889 2055 930 sermo-

395 991 572 1028 nem:
609 995 634 1021 (ι
671 975 786 1044 Ego
819 979 1014 1027 autem
1047 970 1311 1025 vivebam
1346 968 1642 1040 quondam
1677 968 1805 1022 sine
1839 964 2051 1038 lege?»

395 1065 592 1134 Neque
629 1061 785 1117 enim
811 1061 994 1116 Adam
1025 1077 1218 1132 neque
1244 1059 1398 1114 alius
1423 1059 1739 1129 quisquam
1771 1057 1947 1110 homo
1971 1054 2051 1108 vi-

397 1153 572 1208 detur
601 1167 866 1221 unquam
899 1151 1023 1204 sine
1077 1148 1334 1204 naturali
1367 1148 1580 1202 vixisse
1611 1147 1756 1218 lege.
1794 1146 1937 1200 Nam
1971 1143 2051 1198 si-

401 1243 526 1300 mul
579 1249 646 1296 ut
697 1243 866 1296 illum
923 1240 1196 1296 formavit
1255 1240 1430 1304 Deus,
1486 1238 1664 1293 etiam
1700 1253 1827 1290 eam
1864 1236 2054 1306 ipsam

403 1330 592 1402 legem
651 1328 738 1382 illi
811 1327 1113 1398 imposuit,
1168 1325 1558 1379 domesticum
1619 1323 2056 1378 munimentum

403 1419 562 1474 omni
595 1423 820 1472 naturae
871 1416 1258 1471 constituens.
1299 1420 1590 1467 l’rzeterea
1643 1428 1876 1483 quoque
1910 1427 2053 1465 nus-

402 1524 579 1580 quam
600 1507 829 1561 videtur
855 1505 1043 1577 legem
1069 1503 1400 1558 naturalem
1423 1517 1668 1557 vocasse
1695 1507 2055 1573 praeceptum

405 1597 555 1654 288
589 1597 744 1650 hanc
774 1599 972 1648 autem
1019 1598 1076 1648 et
1121 1599 1483 1665 praeceptum
1515 1591 1659 1647 dicit
1715 1597 1773 1646 et
1820 1593 2056 1662 justum

405 1695 796 1756 sanctumque
831 1689 1014 1750 vocat,
1049 1700 1116 1739 ac
1165 1683 1352 1750 legem
1403 1682 1792 1756 spiritualem.
1859 1703 1885 1731 «
1945 1679 2056 1736 Sed

2155 517 2318 569 τοῦτο
2350 511 2522 590 λέγει,
2574 514 2721 572 ἀλλὰ
2769 518 2867 586 τῆν
2921 513 3300 594 ἀκριϐεστέραν
3333 523 3552 594 γνῶσιν·
3601 519 3660 577 Εἰ
3692 522 3794 596 γὰρ

2159 605 2282 676 περί
2312 609 2408 658 τοῦ
2437 610 2664 680 φυσικοῦ
2694 611 2853 662 τοῦτο
2909 605 3143 680 εἴρηται,
3199 613 3316 671 πῶς
3351 611 3407 663 ἅν
3440 609 3501 665 τὸ
3534 608 3653 680 ἐξξετ
3685 609 3802 684 ἔχει

2163 693 2361 767 Λὸγον;
2409 719 2436 746 ‹‹
2467 696 2608 768 ἐγὼ
2639 695 2742 771 γὰρ
2795 689 2928 766 ἔζων
2985 699 3162 774 χωρῖς
3199 698 3370 771 νόμον)
3419 701 3569 754 ποτέ..
3611 723 3636 749 n
3670 701 3810 756 Οὔτε

2161 781 2496 857 γὰρἈδὰμ,
2561 784 2682 840 οὔτε
2741 783 2912 848 ἄλλος
2969 785 3254 863 ἅνθρωπος
3312 786 3509 855 οὐδεὶς,
3544 786 3810 845 οὐδέποτε

2162 871 2340 946 χωρὶς
2371 872 2542 944 νόμου
2598 877 2827 952 φυσικοῦ
2885 875 3124 948 φαίνεται
3187 878 3372 946 ζήσας.
3414 877 3582 950 Ὀμοῦ
3622 899 3679 934 ἰε
3708 879 3808 954 γὰρ

2163 960 2332 1029 αὐτὴν
2365 958 2593 1016 ἔπλασεν
2651 964 2678 1017 ὁ
2737 964 2888 1034 Θεὸς,
2947 965 3037 1020 καὶ
3096 964 3297 1021 ἐκεῖνον
3342 965 3498 1020 αὐτὸν
3533 965 3694 1030 ἐτίθει
3725 967 3816 1022 τὸν

2163 1049 2328 1124 νόμον
2363 1051 2533 1123 αὐτῷ,
2597 1051 2842 1108 σύνοικον
2903 1054 3116 1130 ἁσςααλῆ
3179 1055 3583 1130 παρακαθιστὰς
3611 1060 3678 1130 τῇ
3711 1055 3819 1134 ιρῦ-

2165 1160 2242 1194 σει
2275 1145 2441 1215 πασῃ.
2477 1141 2664 1216 Χωρῖς
2723 1140 2779 1198 δὲ
2833 1143 3049 1212 το·3του,
3115 1142 3359 1217 οὐδαμοῦ
3391 1146 3631 1222 φαίνεται
3663 1143 3816 1201 ἐντο-

2167 1231 2270 1304 λήν
2299 1235 2391 1314 τὸν
2424 1237 2647 1314 φυσικὸν
2693 1237 2863 1311 νόμον
2915 1237 3168 1299 καλέσας.
3215 1241 3424 1295 Τοῦτον
3459 1237 3514 1293 δὲ
3543 1239 3634 1294 καὶ
3665 1239 3816 1295 ἕντο-

2167 1323 2269 1394 λήν
2302 1310 2392 1378 ἁαῖ
2426 1322 2635 1380 δικαίαν
2685 1327 2774 1382 καὶ
2827 1328 2980 1401 ἁγίαν
3017 1325 3175 1384 καλεῖ
3229 1329 3320 1383 καὶ
3377 1327 3544 1400 νέμον
3576 1350 3812 1402 πνευμα-

2165 1413 2338 1471 τικόν.
2379 1439 2398 1464 ιι
2437 1413 2614 1469 ’Λλλᾶ
2642 1415 2741 1484 τήν
2769 1416 3038 1491 ἁμαρτίαν
3071 1417 3172 1472 οὐκ
3215 1411 3403 1492 ἔγνων.
3441 1441 3465 1470 n
3497 1417 3610 1475 Οὐκ
3641 1418 3812 1488 εἶπεν,

2167 1499 2344 1558 Ἀλλὰ
2399 1504 2497 1572 τὴν
2556 1505 2826 1578 ἁμαρτίαν
2882 1503 2982 1561 οὐκ.
3037 1505 3287 1577 ἐποίησα,
3343 1505 3394 1560 εἷ’
3452 1508 3527 1579 μή
3589 1505 3678 1561 διὰ
3723 1507 3814 1563 νό-

2171 1611 2298 1664 μου,
2359 1590 2506 1656 ἀλλ’,
2564 1619 2590 1643 ‹‹
2634 1593 2749 1650 Οὐκ
2805 1590 2994 1669 ἔγνων,
3049 1619 3070 1647 ι
3127 1599 3290 1650 Ὥστε
3349 1595 3410 1650 οὐ
3467 1601 3562 1651 τοῦ
3613 1601 3812 1666 ποιεῖν,

2167 1677 2313 1734 ἀλλὰ
2343 1684 2439 1736 τοῦ
2466 1679 2842 1756 διαγινώσκειν
2892 1687 2990 1754 τήν
3039 1686 3323 1756 ἁμαρτίαν,
3355 1686 3382 1740 ὁ
3412 1685 3583 1758 νόμος
3615 1684 3810 1756 αῗίειος,

401 1781 712 1852 peccatum
745 1792 864 1829 non
896 1773 1160 1846 cognovi.
1195 1795 1224 1824 ››
1248 1775 1372 1828 Non
1393 1772 1577 1827 dixit:
1613 1772 1724 1827 Sed
1750 1777 2054 1842 peccatum

2168 1768 2509 1835 natae-artae;
2557 1770 2650 1840 ὢν,
2701 1773 2788 1828 καὶ
2841 1776 2917 1846 μή
2973 1779 3280 1850 συγχωρῶν
3329 1773 3417 1830 διὰ
3444 1781 3544 1844 τῆς
3570 1774 3807 1853 ἀγνοίας,

403 1882 522 1920 non
555 1865 666 1920 feci
700 1864 814 1918 nisi
849 1880 950 1935 per
981 1863 1193 1928 legem,
1228 1861 1353 1922 sed,
1389 1886 1414 1912 «
1453 1863 1766 1915 Peccatum
1809 1876 1932 1914 non
1963 1876 2056 1914 co-

2165 1858 2240 1921 εἷς
2273 1861 2368 1930 τήν
2400 1865 2508 1914 τῶν
2541 1860 2756 1939 ἀλόγων
2795 1860 3069 1920 ἐκπίπτειν
3101 1863 3276 1940 φύσιν.

405 1955 578 2027 gnovi
604 1996 618 2020 ,
652 1977 678 2004 ››
709 1954 908 2024 itaque
943 1952 1033 2008 lex
1066 1969 1188 2006 non
1223 1950 1478 2006 faciendi
1513 1949 1614 2005 sed
1656 1949 2050 2022 cognoscendi
2087 1951 2308 2021 peccati
2353 1968 2532 2008 causa
2582 1961 2690 2020 est,
2721 1970 2856 2010 cum
2889 1955 3189 2028 paedagogi
3224 1955 3343 2012 vice
3376 1955 3672 2029 fungatur,
3704 1971 3814 2011 nec

405 2043 714 2114 permittat
743 2049 808 2096 ut
839 2057 945 2113 per
974 2040 1372 2112 ignorantiam
1404 2038 1476 2094 ad
1511 2037 1947 2093 irrationalium
1980 2044 2254 2094 naturam
2291 2038 2678 2098 declinemus.

477 2169 676 2230 νιι,8οι
697 2170 742 2222 1.
759 2187 777 2214 ι
803 2167 1122 2224 Occasione
1142 2174 1339 2224 autem
1355 2170 1934 2237 accepta,peccatum
1951 2181 2057 2236 per

408 2282 426 2310 «ι
465 2263 824 2329 praeceptum
849 2262 1155 2328 operatum
1182 2256 1351 2310 estin
1375 2271 1469 2310 me
1493 2272 1732 2310 omnem
1747 2254 2058 2326 concupis-

404 2367 430 2394 (ι
466 2345 744 2400 centiam.
781 2341 1082 2414 Siquidem
1117 2343 1340 2412 absque
1373 2343 1497 2414 lege
1539 2347 1848 2412 peccatum
1897 2357 2050 2396 mor—

405 2456 432 2484 ς(
469 2441 638 2488 tuum
658 2439 811 2489 erat:
831 2449 934 2505 ego
949 2441 1145 2487 autem
1161 2430 1420 2486 vivebam
1443 2431 1569 2484 sine
1585 2432 1710 2502 lege
1733 2429 2052 2500 quondam.

409 2546 436 2573 ‹‹
475 2525 652 2578 Porro
668 2539 800 2578 cum
817 2522 1465 2592 venissetpraeceptum,
1489 2520 1696 2574 revixit
1715 2525 2058 2591 peccatum:

411 2637 438 2664 (ι
473 2631 576 2685 ego
609 2621 805 2670 autem
837 2619 1108 2668 mortuus
1138 2627 1310 2665 suum
1345 2627 1356 2666 :
1395 2617 1768 2681 etrepertum
1791 2616 2055 2681 estpra-

406 2725 433 2754 «
465 2712 698 2776 ceptum
730 2701 886 2772 quod
919 2709 1040 2756 erat
1065 2700 1137 2756 ad
1163 2701 1339 2755 vitam
1371 2700 1564 2770 ipsum
1585 2699 1732 2755 mihi
1753 2698 1961 2753 cedere
1983 2697 2058 2752 ad

405 2815 432 2844 ι(
469 2799 744 2848 mortem.
780 2793 1094 2846 Peccatum
1131 2790 1288 2844 enim
1323 2790 1634 2844 occasione
1674 2793 1917 2858 accepta
1952 2801 2057 2858 per

404 2913 431 2940 ι(
465 2895 830 2963 praeceptum
866 2888 1086 2960 decipit
1119 2903 1234 2948 me,
1269 2892 1326 2942 et
1356 2885 1627 2958 perillud
1650 2884 1884 2941 occidit.
1919 2905 1948 2934 »

475 2982 600 3036 Non
637 2980 748 3042 lex,
783 2980 886 3040 ait,
929 2994 1107 3033 causa
1159 2983 1246 3031 est
1295 2975 1542 3048 peccati,
1595 2975 1698 3030 sed
1749 2981 2058 3045 peccatum

404 3087 511 3141 per
542 3075 927 3142 praeceptum.
962 3066 1118 3139 quod
1163 3072 1251 3120 est
1295 3065 1408 3132 lex,
1451 3063 1686 3120 seduxit
1737 3080 1854 3119 me.
1915 3061 2057 3116 Vide

408 3157 704 3228 quomodo
721 3157 1004 3227 paulatim
1021 3155 1666 3211 ostenditoccasionem
1687 3151 1910 3224 peccati
1929 3166 2056 3206 esse

404 3245 592 3316 legem
630 3262 641 3312 ;
676 3244 780 3298 sed
805 3245 1114 3299 manifeste
1145 3261 1264 3298 non
1296 3244 1458 3307 dicit,
1493 3259 1565 3298 ne
1595 3244 1755 3313 ipsos
1787 3239 2054 3297 otTende-
2087 3251 2127 3314 α

405 3341 514 3386 ret.
561 3336 874 3387 Peccatum
921 3339 1121 3387 autem
1183 3333 1412 3386 videtur
1471 3331 1670 3386 dicere
1729 3331 2054 3386 diabolum.

407 3425 916 3489 Quemadmodum
960 3425 1120 3478 enim
1181 3425 1482 3496 Scriptura
1539 3425 1897 3480 Salvatorem
1949 3439 2058 3477 no-

411 3521 598 3568 strum
636 3513 820 3566 Vitam
854 3513 1115 3584 appellat
1144 3529 1210 3566 ac
1256 3513 1574 3578 Justitiam,
1609 3513 1767 3584 quod
1811 3516 1941 3567 vitm
2003 3516 2061 3566 et

402 3600 652 3674 justitiae
675 3617 854 3655 causa
879 3601 956 3654 sit
987 3617 999 3654 :
1035 3600 1117 3654 ita
1149 3609 1204 3654 et
1237 3602 1596 3656 contrariam
1639 3601 1968 3670 potentiam
1991 3615 2061 3654 ex

412 3692 652 3765 proprio
685 3693 916 3758 effectu,
944 3689 1242 3746 interdum
1277 3691 1518 3762 quidem
1545 3697 1852 3762 peccatum
1877 3695 2057 3758 vocat,

415 3781 770 3853 quandoque
806 3797 938 3836 vero
965 3779 1340 3836 mendacium
1373 3797 1438 3836 ac
1472 3781 1836 3835 mortem.lta
1861 3785 2059 3836 autem

413 3874 546 3928 etin
578 3873 963 3944 sequentibus
1015 3871 1261 3927 dicens:
1317 3892 1346 3920 ‹‹
1405 3870 1712 3926 Peccatum
1767 3871 2058 3936 revixit,»

414 3962 718 4018 diabolum
753 3961 1068 4034 signiﬁcat.
1103 3963 1306 4032 Itaque
1363 3959 1634 4015 diabolus
1686 3959 2060 4016 occasionem

411 4067 518 4122 per
545 4056 910 4122 praeceptum
941 4051 1188 4118 accepit,
1223 4051 1364 4122 quia
1393 4050 1540 4122 legis
1591 4055 1888 4122 praecepta
1929 4055 2060 4106 tan-

405 4157 589 4214 quam
623 4157 744 4196 suas
780 4140 1006 4196 technae
1036 4141 1350 4195 materiam
1383 4147 1640 4198 struens.
1702 4138 1776 4194 ad
1807 4138 1867 4193 id
1900 4137 2062 4210 quod

405 4231 717 4302 praeceptis
749 4235 876 4285 erat
907 4229 1293 4294 contrarium,
1328 4229 1633 4284 hominem
1664 4228 1920 4300 impulit.
1937 4229 2057 4284 Ma-

405 4323 693 4378 nifestum
725 4327 814 4378 est
843 4326 1042 4376 autem
1075 4319 1236 4391 quod
1278 4319 1596 4391 Apostolus
1637 4334 1745 4390 per
1795 4319 2057 4391 seipsum

407 4427 786 4468 communem
817 4407 1090 4481 designat
1111 4409 1414 4464 hominem
1440 4409 1558 4463 sive
1581 4413 1764 4464 totam
1787 4415 2060 4464 naturam

403 4502 748 4558 humanam.
787 4521 816 4550 ι(
849 4499 1100 4555 Omnem
1135 4497 1702 4568 concupiscentiam.
1739 4520 1767 4547 ››
1805 4499 1875 4552 Et
1909 4497 2062 4552 bene

403 4607 643 4648 omnem
676 4608 690 4656 ;
725 4589 1020 4660 siquidem
1055 4587 1232 4642 etiam
1247 4592 1384 4640 ante
1417 4586 1608 4659 legem
1630 4586 2053 4657 eratconcupi-

406 4682 652 4736 scentia.
680 4679 870 4744 Quare
893 4677 1052 4732 enim
1085 4675 1374 4730 diluvium
1407 4675 1627 4730 factum
1659 4682 1748 4730 est
1778 4675 2056 4732 Sodoma-

405 4789 521 4843 que
551 4773 861 4843 perierunt
887 4771 914 4826 ?
938 4769 1051 4826 Sed
1081 4785 1261 4831 nunc,
1297 4769 1512 4840 inquit,
1547 4775 1602 4823 et
1634 4785 1778 4840 quas
1823 4784 1944 4823 non
1975 4768 2056 4823 vi-

405 4860 611 4916 deram
643 4859 1188 4931 didici,etcognitas
1206 4865 1483 4929 operatus
1507 4874 1634 4914 sum
1683 4881 1708 4906 α
1736 4859 2048 4914 Peccatum

408 4956 712 5006 mortuum
743 4953 887 5002 erat.
921 4969 949 4996 »
985 4948 1101 5002 Hoc
1124 4954 1212 5002 est
1242 4948 1368 5002 sine
1401 4948 1635 5002 effectu.
1669 4947 1810 5001 Nam
1843 4946 2052 5002 siante

407 5039 602 5111 legem
635 5052 870 5108 quoque
901 5035 1276 5106 operabatur,
1301 5043 1361 5090 at
1390 5053 1508 5091 non
1543 5037 1602 5090 in
1634 5041 1884 5093 tantum.
1919 5035 2055 5091 Dor-

407 5129 578 5192 mire,
612 5127 714 5190 ait,
765 5124 1117 5180 videbantur
1174 5125 1348 5196 plura
1405 5132 1645 5198 peccata
1701 5141 1768 5180 ac
1819 5133 2055 5182 mortua

408 5235 536 5274 esse
572 5236 584 5272 :
621 5215 808 5272 multa
837 5214 996 5270 enim
1028 5231 1146 5268 non
1179 5231 1456 5270 noveram
1490 5233 1502 5270 :
1541 5221 1598 5270 et
1627 5215 1688 5269 in
1721 5215 2057 5288 ignorantia

404 5307 652 5372 faciens,
685 5323 806 5360 non
828 5303 974 5360 adeo
1007 5304 1345 5375 peccabam.
1371 5305 1574 5375 Itaque
1599 5309 1900 5360 mortuum
1927 5310 2056 5362 erat

405 5403 738 5469 peccatum,
763 5395 914 5452 289
947 5409 1052 5467 ego
1081 5401 1280 5450 autem
1329 5393 1616 5460 vivebam,
1669 5400 1736 5448 ut
1779 5395 1880 5466 qui
1935 5410 2058 5450 non

405 5485 771 5542 molestabar
782 5499 976 5556 neque
991 5483 1469 5554 stimulabar,aut
1489 5481 1560 5541 ab
1583 5499 1651 5540 eo
1666 5485 2059 5550 mortificatus

414 5591 595 5632 eram.

475 5664 782 5733 Quomodo
815 5679 950 5737 ergo
981 5661 1132 5721 illud
1171 5660 1437 5720 revixit?
1481 5662 1595 5719 Per
1639 5661 1854 5734 legem.
1910 5661 2060 5729 Quo-

2236 2168 2522 2244 Ἀφορμήν
2582 2165 2639 2224 δὲ
2698 2164 2941 2226 λαϐοῦσα
3004 2173 3039 2240 ἡ
3101 2171 3338 2244 ἁμαρτία
3402 2169 3492 2226 διὰ
3533 2177 3632 2240 τῆς
3665 2170 3820 2225 ἐντο-

2167 2256 2289 2328 λῆς,
2364 2263 2756 2335 κατειργάσατο
2859 2261 2909 2317 ἐν
3009 2259 3135 2334 ἐμοὶ
3239 2269 3408 2318 πᾶσαν
3497 2261 3809 2336 ἐπιθυμίαν.

2167 2350 2345 2423 Χωρτς
2418 2349 2522 2424 γὰρ
2581 2350 2754 2422 νόμου
2813 2352 3048 2426 ἁμαρτία
3113 2353 3294 2428 νεκρά.
3350 2351 3496 2427 Ἐγὼ
3559 2350 3616 2407 δὲ
3683 2351 3814 2420 ἔζων

2165 2438 2340 2512 χωρῖς
2412 2441 2585 2512 νόμου
2661 2439 2811 2498 ποτὲ.
2889 2441 3189 2512 Έλθοῦσης
3265 2440 3322 2497 δὲ
3395 2449 3498 2509 τῆς
3563 2438 3812 2508 ἐντολῆς,

2165 2529 2198 2596 ἡ
2267 2528 2507 2602 ἁμαρτία
2571 2529 2846 2600 ἀνέζησεν,
2917 2531 3026 2609 ἐγὼ
3095 2530 3151 2586 δὲ
3217 2532 3499 2602 ἀπέθανον,
3564 2530 3656 2587 καὶ
3721 2531 3812 2586 εὗ·-

2168 2619 2294 2691 ρέθη
2330 2640 2422 2689 μοι
2479 2622 2513 2689 ἡ
2568 2619 2788 2688 ἐντολὴ,
2846 2621 2880 2690 ἡ
2943 2621 3018 2684 εἷς
3077 2623 3246 2692 ζωὴν,
3286 2619 3421 2688 αὕτη
3455 2620 3528 2681 εἰς
3561 2621 3810 2678 θάνατον.

2166 2707 2230 2764 ἸΙ
2288 2707 2390 2784 γὰρ
2424 2711 2434 2778 ξ
2454 2709 2691 2780 ἁμαρτία
2739 2709 2996 2787 ἀφορμήν
3067 2704 3314 2766 λαϐοῦσα
3367 2706 3456 2765 διὰ
3508 2715 3608 2780 τῆς
3669 2708 3816 2765 ἐντο-

2167 2793 2272 2862 λῆς
2301 2797 2606 2870 ἐξηπάτησέ
2635 2798 2846 2872 με,’²καὶ
2880 2795 2951 2854 δι’
2979 2798 3148 2870 αὐτῆς
3181 2799 3476 2857 ἀπέκτεινε.

2237 3013 2358 3088 Οὐχ
2407 3014 2435 3069 ὁ
2483 3013 2654 3086 νόμος
2703 3013 2897 3079 αἴτιος,
2950 3015 3104 3096 φησὶ,
3155 3022 3255 3086 τῆς
3307 3015 3591 3091 ἁμαρτίας,
3623 3012 3749 3069 ἀλλ’
3783 3017 3817 3084 ἡ

2165 3103 2406 3180 ἁμαρτία
2463 3102 2551 3160 διὰ
2606 3111 2706 3174 τῆς
2773 3102 3003 3175 ἐντολῆς
3061 3106 3096 3175 ἢ
3157 3105 3298 3162 ἐστιν
3354 3107 3545 3179 νόμος,
3605 3103 3818 3177 ἐξηπὰ-

2165 3195 2296 3265 τησὲ
2354 3216 2438 3268 με.
2497 3196 2638 3270 "Op:
2697 3199 2815 3259 πῶς
2869 3193 3050 3269 ἡρέμα
3109 3192 3338 3251 δείκνυσι
3398 3215 3664 3274 προφασιν
3715 3199 3816 3264 τῆς

2167 3283 2436 3357 ἁμαρτίας
2489 3285 2580 3339 τὸν
2640 3284 2832 3359 νόμον.
2895 3289 3146 3359 Φανερῶς
3206 3281 3263 3339 δὲ
3321 3285 3381 3339 οὗ
3415 3280 3706 3360 λὲγει,“ίνα
3735 3283 3812 3355 μή

2165 3377 2374 3448 προστῇ
2407 3371 2612 3434 αὐτοῖς.
2671 3371 2970 3448 Ἀμαρτίαν
3032 3372 3088 3427 δὲ
3145 3367 3286 3428 ἔοικε
3344 3370 3522 3448 λέγειν
3569 3372 3662 3426 τὸν
3696 3370 3814 3426 διὰ-

2166 3458 2356 3518 ϐολον.
2401 3469 2571 3538 ’Ὡπερ
2631 3463 2721 3517 οὗν
2781 3465 2872 3518 τὸν
2935 3469 3166 3538 Σωτῆρα
3197 3465 3343 3534 ζωῆν
3377 3465 3410 3532 ἡ
3445 3464 3629 3540 Γραφή
3663 3460 3820 3517 καλεῖ

2165 3552 2253 3606 καὶ
2314 3553 2692 3621 Δ·καιοσ·3νην,
2749 3557 2826 3624 τῷ
2885 3558 3028 3623 ζωῆς
3084 3554 3176 3608 καὶ
3243 3548 3594 3622 δικαιοσύνης
3649 3549 3824 3606 αἶ’τιον

2167 3641 2325 3708 εἶναι,
2383 3641 2554 3704 οὕτως
2613 3643 2702 3698 καὶ
2759 3644 2858 3712 τήν
2918 3641 3151 3698 ἐναντίαν
3205 3639 3431 3716 δύναμιν
3485 3639 3544 3696 ἐκ
3595 3647 3696 3709 τῆς
3763 3639 3816 3694 οἱ

2165 3733 2312 3796 κείας
2345 3733 2634 3812 ἐνεργείας,
2669 3735 2801 3791 ποτὲ
2861 3737 2956 3810 μὲν
3017 3734 3306 3811 ἁμαρτίαν,
3364 3733 3497 3790 τοτὲ
3529 3729 3585 3788 δὲ
3615 3729 3812 3808 ψεῦδος

2164 3824 2254 3880 καὶ
2286 3823 2512 3879 θάνατον
2545 3823 2723 3883 καλεῖ.
2783 3823 2942 3882 Οὕτω
3001 3821 3057 3879 δὲ
3113 3824 3202 3879 καὶ
3245 3823 3295 3880 ἑν
3327 3829 3444 3886 τοῖς
3476 3824 3598 3894 ἑξῆς
3627 3821 3814 3888 εἰπὼν,

2167 3941 2194 3968 (ι
2239 3916 2570 3990 Ἰίὰμαρτία
2603 3915 2843 3986 ἁνέζησε,
2881 3941 2908 3970 ι)
2941 3916 3032 3972 τὸν
3095 3910 3354 3970 διάϐολον
3395 3912 3579 3983 δηλοῖ.
3613 3912 3818 3968 Λοιπὸν

2167 4007 2258 4062 οὗν
2294 4005 2380 4062 διὰ
2411 4014 2512 4076 τῆς
2568 4006 2794 4076 ἐντολῆς
2851 4007 3105 4086 ἀφορμήν
3135 4009 3162 4062 ὁ
3197 4001 3455 4068 διάϐολος
3485 3998 3695 4077 ἔλαϐεν,
3728 4002 3815 4058 ὅτι

2165 4096 2231 4151 τὰ
2261 4095 2693 4175 παραγγέλματα
2739 4100 2835 4151 τοῦ
2885 4097 3058 4170 νόμου
3109 4096 3184 4158 ὡς
3229 4095 3365 4166 ὕλην
3415 4095 3537 4150 τι.νὰ
3563 4092 3814 4164 τῆςὲαυ·

2166 4189 2261 4241 τοῦ
2291 4185 2494 4262 τέχνης
2534 4186 2928 4259 ποιησάμενος,
2985 4184 3061 4247 εἷς
3114 4187 3177 4241 τὸ
3227 4185 3467 4241 ἐναντίον
3518 4189 3635 4247 ταῖς
3667 4182 3816 4238 ἐντο-

2167 4275 2291 4339 λαῖς
2353 4274 2671 4348 περιέτρεπε
2729 4275 2821 4330 τὸν
2892 4273 3190 4351 ἄνθρωπον.
3262 4271 3441 4344 Δῆλον
3499 4270 3556 4328 δὲ
3617 4274 3699 4328 ὅτι
3743 4269 3814 4326 δι’

2168 4365 2360 4420 ἑαυτοῦ
2419 4365 2447 4420 ὁ
2497 4362 2858 4435 Ἀπόστολος,
2920 4366 3012 4422 τὸν
3069 4365 3251 4420 κοινὸν
3309 4361 3589 4440 ἄνθρωπον
3629 4359 3818 4432 δῆλοι.

2171 4478 2198 4505 ι(
2233 4459 2408 4508 Πᾶσαν
2459 4452 2763 4526 ἐπιθυμίαν.
2802 4477 2829 4505 ι»
2889 4451 3080 4516 Καλῶς
3139 4453 3223 4522 τὸ,
3274 4457 3468 4509 πᾶσαν·
3505 4451 3571 4522 ἦν
3599 4451 3701 4528 γὰρ
3733 4449 3827 4506 καὶ

2169 4543 2276 4618 πρὸ
2319 4544 2414 4598 τοὺ
2461 4543 2632 4616 νόμου
2691 4541 2973 4617 ἐπιθυμία.
3026 4541 3198 4612 Ἐπεὶ,
3259 4539 3399 4598 διατί
3459 4543 3488 4597 ὁ
3545 4537 3826 4596 κατακλυ-

2162 4631 2300 4704 σμὸς
2326 4628 2534 4709 γέγονε,
2561 4631 2652 4686 καὶ
2707 4631 2774 4688 τὰ
2825 4629 3050 4705 Σόδομα
3106 4627 3404 4701 ἀπώλετο,
3464 4627 3642 4686 Ἀλλὰ
3699 4633 3812 4698 νῦν,

2167 4719 2322 4800 φησὶ,
2383 4719 2472 4776 καὶ
2525 4719 2587 4782 ἃς
2645 4721 2748 4776 οὐκ
2805 4717 2955 4798 ᾔδειν
3013 4719 3298 4794 ἐπιθυμίας
3359 4717 3560 4793 ἔμαθον
3611 4717 3672 4774 ἐκ
3721 4721 3817 4773 τοῦ

2167 4808 2363 4880 νόμου,
2417 4809 2509 4864 καὶ
2590 4810 2776 4882 μαθὼν
2809 4810 3091 4882 ζέποίησα.
3173 4835 3200 4862 ι(
3255 4809 3524 4885 Ἀμαρτία
3579 4807 3760 4882 νεκρά.
3799 4831 3824 4856 n

2163 4896 2448 4954 Τουτέστιν
2503 4897 2876 4975 ἆνενὲργητος.
2937 4899 3002 4958 Εἰ
3061 4900 3164 4974 γὰρ
3223 4898 3436 4974 ἐνήργει
3467 4895 3560 4953 καὶ
3589 4897 3697 4973 πρὸ
3728 4899 3824 4952 τοῦ

2163 4986 2361 5059 νόμου,
2397 4986 2523 5042 ἀλλ’
2577 4988 2638 5044 οὐ
2685 4989 2964 5046 τοσοῦτον.
3025 4983 3314 5045 Καθεύδειν
3349 4983 3596 5056 ἐδόκουν,
3631 4985 3820 5064 φησὶν,

2162 5075 2218 5129 αἱ
2250 5073 2478 5136 πλείους
2509 5076 2772 5151 ἁμαρτίαι
2812 5076 2902 5132 καὶ
2945 5075 3208 5132 τεθνάναι.
3261 5073 3333 5129 Οὖ
3383 5075 3486 5150 γὰρ
3537 5071 3691 5148 ᾔδειν
3725 5073 3822 5136 τὰς

2164 5163 2410 5228 πλείους.
2460 5165 2550 5220 καὶ
2601 5165 2654 5220 ἐν
2706 5163 2894 5240 ἀγνοίᾳ
2943 5165 3218 5238 πράττων,
3270 5161 3378 5239 οὐχ
3431 5161 3605 5225 οὕτως
3638 5163 3825 5236 ἡμάρ-

2165 5275 2344 5310 τανον.
2379 5256 2441 5312 Ἡ
2504 5255 2598 5328 μὲν
2658 5251 2749 5310 οὖν
2812 5256 3051 5330 ἁμαρτία
3107 5253 3293 5327 νεκρὰ,
3353 5253 3463 5330 ἐγὼ
3512 5250 3570 5308 δὲ
3601 5249 3655 5307 ἐν
3689 5253 3824 5321 ζωῇ,

2166 5345 2256 5400 ἅτε
2291 5345 2368 5418 μὴ
2399 5343 2820 5422 ἐνοχλοῦμενος,
2882 5341 3020 5422 μηδὲ
3079 5343 3442 5420 νεκροῦμενος
3502 5343 3591 5402 ὑπ’
3631 5340 3820 5405 αὐτῆς.

2243 5661 2364 5720 Πῶς
2425 5656 2516 5713 οὖν
2577 5656 2828 5726 ἀνίζησιν
2889 5653 3114 5725 iusim;
3175 5653 3272 5710 Διὰ
3327 5655 3422 5708 τοῦ
3463 5649 3658 5726 νόμον.
3701 5645 3830 5710 Τίνα
