4198 6198
366 294 519 353 453

1511 293 1920 355 ΟΟΜΜΕΝΤ.
1966 290 2044 352 IN
2090 291 2340 354 EPIST.
2388 292 2491 353 AD
2536 294 2720 357 ΗΘΜ.

3697 301 3818 366 ιιι

402 423 604 499 τρόπον
632 424 805 493 ;·⁹Ὀτι
834 426 933 479 τοῦ
961 422 1135 497 νόμου
1158 417 1430 492 δοθέντος,
1456 421 1669 496 μᾶλλον
1712 422 1887 495 ἐκείνη
1918 415 2051 496 πρὸς

2170 441 2307 482 nam
2341 433 2512 499 pacto
2534 427 2562 482 ?
2591 428 2730 499 quia
2756 427 2903 485 illud
2934 427 3071 487 data
3099 429 3225 501 lege
3251 432 3439 507 magis
3468 434 3541 491 ad
3568 433 3819 495 invasio-

403 513 637 569 ἐπίθεσιν
689 514 1008 586 παρωξύνθη
1046 556 1061 582 ,
1124 514 1212 569 καὶ
1267 514 1383 569 οἷον
1431 514 1718 590 ἐπηρεάσαι
1771 513 2052 589 ὥρμησεν,

406 605 495 659 ἅτε
545 602 613 672 δή
667 604 757 659 καὶ
812 608 1202 684 στεφανοῦσθαι
1263 603 1538 676 μέλλοντα
1594 604 1685 658 τὸν
1746 600 2053 680 φυλάξαντα

402 696 502 763 τὴν
530 693 581 749 ἐν
614 692 839 762 ἐντολὴν
874 694 1343 770 ὑπολογιζομὲνη,
1374 694 1466 750 καὶ
1498 693 1587 749 διά
1630 699 1795 749 τοῦτο
1836 692 2052 766 μᾶλλον

410 778 878 839 διαϐασκαίνουσα.
919 782 1023 841 Καὶ
1053 782 1158 859 ἐγὼ
1190 782 1354 840 πάλιν
1383 782 1543 859 γνοὺς
1603 782 1691 838 δια
1745 791 1846 853 τῆς
1902 782 2056 839 ἐντο-

412 871 515 942 λῆς
544 874 645 943 τὴν
671 871 963 949 ἁμαρτίαν,
1001 873 1074 936 ὡς
1133 873 1187 928 ἐν
1242 875 1436 950 γνώσει
1493 874 1742 946 πράττων
1776 872 1810 929 ἃ
1837 872 2052 954 φεύγειν

406 960 541 1030 ἴδει,
613 959 827 1037 μᾶλλον
883 962 1020 1018 κατά
1074 968 1233 1018 τοῦτο
1288 964 1631 1038 ἡμάρτανον,
1688 963 1779 1018 καὶ
1839 961 2049 1037 μᾶλλον

404 1051 576 1121 αὐτὴν
606 1054 726 1108 καθ’
757 1054 949 1108 ἑαυτοῦ
991 1052 1387 1132 ἐπερῥώννυον.
1429 1053 1607 1129 Ὶσχὺν
1655 1054 1794 1127 αὐτῇ
1837 1051 1926 1109 διὰ
1950 1059 2051 1122 τῆς

402 1143 539 1197 κατά
593 1147 787 1220 γνῶσιν
871 1141 1079 1199 ἀτόπου
1164 1145 1408 1219 πράξεως
1491 1144 1872 1220 ἐπιχορηγῶν,
1960 1141 2050 1197 καὶ

403 1231 520 1285 οἷον
572 1231 766 1302 ἀσθενῆ
808 1231 898 1289 καὶ
961 1233 1359 1307 νενεκρωμένην
1419 1233 1580 1288 οὖσαν
1643 1231 1910 1312 ἐνισχύων
1958 1230 2050 1286 καὶ

403 1321 888 1391 intuit-rupibfo
933 1318 992 1376 δὲ
1045 1324 1273 1392 ζήσασα,
1333 1321 1429 1395 ἐμὲ
1488 1322 1764 1398 ἐνέκρωσε.
1826 1322 1936 1396 Ι]ρὸ
1995 1318 2051 1375 δὲ

403 1414 502 1465 τοῦ
531 1409 793 1482 ἀναζῆσαι
854 1409 1085 1484 ἐκείνην,
1140 1411 1245 1488 ἐγὼ
1296 1411 1428 1482 ἔζων
1480 1411 1715 1487 μᾶλλον.
1775 1416 1946 1467 Τοῦτο
1994 1406 2053 1465 δὲ

402 1500 471 1569 ἦν
495 1500 599 1575 πρὸ
628 1504 725 1556 τοῦ
753 1500 928 1574 νόμου
966 1503 1054 1556 καὶ
1109 1509 1210 1573 τῆς
1240 1500 1491 1572 ἐντολῆς.
1550 1505 1710 1559 Ὥστε
1740 1500 1791 1558 εἷ’
1816 1501 1906 1559 καὶ
1972 1502 2048 1574 μή

402 1590 631 1663 ὁνόμος
663 1590 922 1666 ἁμαρτία,
984 1588 1111 1647 ἀλλ’
1165 1588 1257 1647 οὖν
1314 1590 1519 1647 ἐκείνου
1578 1589 1846 1660 δοθξντος,
1906 1590 2046 1646 κατὰ

402 1676 500 1734 δύο
525 1681 766 1756 τρόπους
798 1682 834 1751 ἡ
885 1681 1121 1758 άμαρτία
1158 1681 1434 1752 ἀνέζησεν,
1490 1682 1656 1752 αὐτῆς
1715 1704 1775 1739 τε
1840 1681 2051 1752 ἐκείνης

405 1768 621 1843 μᾶλλον
654 1770 790 1844 πρὸς
840 1769 1082 1848 ἐπίιρεσιν
1136 1768 1551 1841 ἀνακινηοείσης
1604 1770 1696 1826 καὶ
1756 1768 2051 1849 διεγερθει-

403 1879 527 1928 σης,
559 1858 836 1932 καὶήμῶν
882 1862 950 1934 τῇ
999 1858 1138 1914 κατά
1194 1864 1392 1936 γνῶσιν
1454 1859 1668 1934 ἐκτόπῳ
1723 1859 1912 1935 πράξει
1961 1860 2049 1915 ἐν-

407 1948 742 2024 ισχυσάντων
787 1948 980 2019 αὐτὴν,
1038 1949 1127 2005 καὶ
1184 1950 1285 2019 τήν
1344 1952 1461 2015 καθ’
1528 1952 1687 2022 ἡμῶν
1746 1945 2046 2021 ἐπιϐουλὴν

403 2038 497 2092 σὺν
554 2035 827 2113 παρρησίᾳ
917 2039 1372 2115 παρασχομένων.
1459 2037 1617 2097 Ἀλλ’
1694 2039 1867 2111 ἐκείνη
1951 2040 2046 2114 μὲν

403 2126 683 2197 ἆνὲζησεν,
739 2126 849 2183 ac.)
908 2124 966 2183 δὲ
1004 2128 1289 2193 ἀπέθανον.
1354 2130 1586 2199 «Ἔζων
1645 2129 1821 2206 χωρὶς
1874 2130 2049 2202 νόμου

404 2214 557 2275 ποτέ.
590 2241 617 2268 η
653 2217 789 2271 Πότε
818 2210 952 2286 ἔζων
1004 2217 1181 2297 χωρὶς
1235 2217 1441 2292 νόμους
1502 2217 1615 2295 Πρὸ
1671 2223 1768 2275 τοῦ
1826 2215 2047 2288 δοθῆναι

401 2307 503 2375 τήν
524 2303 751 2375 ἐντολήν
782 2312 897 2369 τοῖς
935 2308 1415 2380 πρωτοπλάστοις,
1472 2309 1573 2379 τήν
1635 2308 1686 2364 ἐν
1738 2308 2049 2384 παραδείσῳ

405 2396 672 2466 ζωὴν.”Η
720 2395 826 2472 πρὸ
882 2398 1126 2459 Μωσέως
1181 2394 1441 2468 δηλονότι
1499 2396 1656 2469 ἔζων,
1715 2400 1901 2479 φησὶνι
1951 2398 2051 2454 οὐκ

402 2484 557 2557 ἤμην
584 2485 773 2559 νεκρὸς
838 2490 916 2558 τῷ
959 2486 1159 2557 πλήθει
1216 2490 1325 2542 τῶν
1384 2487 1688 2563 ἁμαρτιῶν.
1750 2490 1888 2546 Τότε
1945 2490 2048 2565 γάρ

408 2573 569 2647 μόνον
602 2576 756 2651 εἶχον
783 2576 1095 2651 κατήγορον
1141 2577 1233 2633 τὸν
1282 2576 1507 2657 φυσικὸν
1565 2578 1757 2650 νόμον,
1816 2578 1933 2632 νυνὶ
1992 2575 2049 2634 δὲ

402 2664 491 2718 καὶ
521 2664 614 2719 τὸν
660 2664 919 2741 γραπτόν.
970 2666 1127 2741 Ὁρᾷς
1175 2671 1297 2728 πῶς
1356 2667 1415 2723 ἐκ
1468 2666 1833 2741 περιστάσεως
1891 2663 2050 2723 ἔϐλα-

404 2756 499 2829 ψεν
532 2755 560 2809 6
590 2755 759 2827 νόμος
791 2774 805 2825 ;
854 2755 1203 2826 «Ἐλθούσης
1237 2754 1294 2811 δὲ
1322 2758 1421 2825 τῆς
1451 2756 1697 2826 ἐντολῆς.
1726 2783 1745 2811 ι
1783 2757 2049 2829 Ἒντολήν

406 2865 536 2919 φησι
566 2844 661 2899 τὸν
691 2844 882 2917 νόμον.
921 2844 1099 2900 Εἰπὼν
1140 2844 1198 2900 δὲ
1256 2868 1283 2897 ‹‹
1313 2846 1614 2916 Ἀνέζησεν,
1647 2871 1675 2899 ››
1734 2844 1929 2918 ἔδειξεν
1961 2848 2045 2904 ὅτι

403 2934 471 3004 ἦν
533 2935 627 3007 μὲν
670 2934 705 3004 ἠ
737 2935 998 3011 ἁμαρτία,
1059 2933 1184 2991 ἀλλ’
1240 2936 1537 3011 ἡσύχαζεν,
1570 2938 1597 2992 6
1629 2934 1686 2991 δὲ
1751 2938 1922 3010 νόμος
1975 2938 2050 3002 ὡς

405 3023 712 3100 εὐεργετῶν,
771 3024 1101 3104 ἐφανέρωσεν
1161 3024 1327 3096 αὐτὴν
1385 3026 1473 3080 ἳνα
1529 3025 1789 3106 φύγωμεν
1852 3026 2045 3096 αὐτὴν,

403 3112 532 3190 ἀε(λ’
575 3115 609 3183 ἠ
664 3114 976 3189 περίστασις
1031 3114 1160 3177 τοὺς
1221 3119 1297 3188 μή
1357 3114 1622 3193 φυγόντας
1681 3111 1936 3189 ἔϐλαψεν.
1982 3117 2044 3172 Ἡ

402 3200 498 3256 οὗν
531 3201 607 3265 εἷς
647 3203 790 3271 ζωὴν
853 3224 949 3276 μοι
980 3200 1196 3258 δοθεῖσα
1225 3202 1423 3276 (οὕτως
1476 3205 1581 3280 γὰρ
1640 3204 1757 3283 εἶχε
1814 3205 2048 3281 φύσεως)

404 3291 480 3354 εἷς
513 3291 734 3355 θάνατόν
771 3314 863 3366 μοι
896 3294 1082 3370 γέγονε
1129 3290 1216 3347 διά
1267 3295 1370 3361 ’τήν
1430 3294 1698 3367 ἡμετέραν
1759 3293 2049 3368 ῥᾳθυμίαν,

404 3380 471 3434 ού
506 3379 595 3435 διά
621 3382 719 3450 τήν
764 3382 931 3450 αὐτῆς
976 3382 1166 3460 φώσιν.
1201 3406 1227 3434 ‹‹
1261 3382 1323 3437 ’Π
1354 3382 1460 3459 γὰρ
1511 3382 1749 3457 ἁμαρτία
1795 3384 2049 3461 ἀφορμήν

406 3464 671 3527 λαϐοῦσα.
706 3493 734 3523 ››
792 3467 964 3528 Πάλιν
1004 3470 1071 3526 τὰ
1127 3470 1265 3526 αὐτά
1314 3469 1589 3536 ποικίλως
1645 3475 2049 3540 κατασκευάζει,

402 3557 492 3612 καὶ
533 3557 781 3621 εἰκότως.
833 3558 1086 3632 Μεγάλην
1129 3559 1233 3636 γάρ
1260 3559 1376 3638 εἶχε
1408 3556 1563 3629 δόξαν
1621 3560 1649 3614 6
1708 3560 1900 3631 v6_;.o¢:.
1934 3559 2051 3615 Δεί-

400 3668 586 3703 κνυσιν
628 3647 718 3704 οὗν
765 3649 925 3704 αὐτὸν
982 3647 1152 3722 μηδὲν
1210 3649 1552 3725 ὠφελοῦντα,
1611 3648 1738 3705 ἀλλ’
1796 3648 1857 3706 ἐκ
1903 3670 2054 3723 περι-

402 3737 637 3801 στάσεως
685 3735 985 3813 βλοίψαντα.
1045 3743 1198 3794 Ποιεῖ
1258 3736 1315 3793 δὶ
1360 3742 1544 3807 τοῦτο,
1603 3738 1695 3793 ἳνα
1756 3736 2054 3815 εὖπαράδε-

408 3847 535 3889 κτος
564 3829 784 3904 γένηται
815 3826 1101 3903 κηρύσσων
1155 3832 1252 3883 τοῦ
1307 3827 1507 3883 ἆσεῖναι
1572 3829 1666 3903 μὲν
1715 3830 1808 3884 τὸν
1861 3829 2052 3902 νόμον,

407 3912 778 3991 προσδραμεῖν
825 3913 883 3970 δὲ
935 3920 1003 3987 τᾷ
1056 3917 1234 3972 πίστει
1289 3920 1545 3991 Χριστοῦ.
1602 3919 1892 3994 Ἀνωτὲρω
1947 3918 2051 3995 γὰρ

404 4003 598 4075 εἰπών,
632 4004 716 4061 ὅτι
745 4006 1028 4083 Ἀφορμήν
1061 4000 1302 4061 λαϐοῦσα
1322 4006 1357 4075 ἡ
1390 4006 1627 4081 ἁμαρτία
1657 4006 2053 4083 κατειργάσατο

402 4092 461 4148 ἐν
493 4094 616 4168 ἐμοί
648 4098 818 4148 πᾶσαν
847 4093 1155 4167 ἐπιθυμίαν,
1189 4092 1395 4171 ἐπάγει,
1440 4094 1523 4151 ὅτι
1591 4095 1653 4150 οὐ
1716 4096 1883 4169 μόνον
1943 4095 2056 4151 ἐπι-

407 4184 607 4257 θυμίαν
682 4188 856 4239 πᾶσαν
911 4184 1299 4260 κατειργάσατο
1332 4231 1347 4253 ,
1408 4180 1555 4240 άλλά
1606 4186 1693 4239 καὶ
1757 4184 2056 4241 ἐθανάτωσί

413 4292 479 4346 με
508 4273 645 4344 αὕτη
683 4293 776 4345 μοι
832 4274 1097 4349 γενομένη
1156 4276 1233 4337 εἰς
1279 4272 1527 4330 θάνατον.
1590 4272 1741 4341 Εἶτα,
1801 4274 1876 4335 ὡς
1930 4270 2055 4337 ’ἑθος

409 4360 557 4434 αύτῷ
610 4359 783 4423 αἰτίας
840 4361 1038 4423 αἰτίαις
1090 4361 1369 4435 συνείρειν,
1429 4359 1519 4416 καὶ
1566 4372 1667 4430 την
1726 4360 2053 4426 ἀκολουθίαν

409 4445 737 4506 ἐνδεικνύναι
767 4452 874 4505 τῶν
908 4450 1241 4525 πραγμάτων
1277 4450 1364 4505 καὶ
1401 4448 1452 4506 ἐν
1510 4455 1627 4513 τοῖς
1675 4448 1891 4525 λόγοις,
1924 4450 2057 4506 ἀνα-

2078 3163 2120 3229 C

2166 532 2303 571 nem
2336 517 2648 573 incitatum
2682 524 2788 579 est.
2822 524 2880 573 et
2917 521 3095 576 veluti
3126 522 3413 594 impetum
3441 524 3581 581 fecit
3609 527 3684 583 ad
3706 545 3815 583 no-

2161 606 2732 678 cendum,tanquam
2751 615 3033 680 reputans
3052 628 3186 666 eum
3206 614 3437 685 quijam
3455 624 3813 687 praeceptum

2160 704 2452 754 servasset
2498 700 2946 765 coronaudum,
3014 701 3269 774 ideoque
3342 708 3533 780 magis
3592 709 3813 768 invidia

2160 793 2387 844 motum
2421 792 2526 842 est.
2560 790 2813 845 Rursum
2846 806 2949 863 ego
2980 809 3239 864 quoque.
3290 798 3488 868 agnito
3521 815 3625 870 per
3655 818 3812 872 prie-

2160 883 2395 948 ceptum
2426 885 2688 950 peccato,
2736 885 3018 951 tanquam
3078 883 3336 938 scienter
3391 886 3616 943 faciens
3677 906 3807 961 qua:

2159 965 2359 1039 fugere
2392 968 2674 1038 oportuit,
2707 969 3033 1025 secundum
3066 971 3176 1027 hoc
3207 974 3437 1044 gravius
3468 979 3807 1048 peccabam,

2159 1056 2464 1127 magisque
2496 1056 2643 1112 illud
2675 1057 2954 1114 adversus
3007 1061 3299 1132 meipsum
3331 1065 3759 1123 confirmabam
3790 1086 3805 1135 ;

2159 1144 2278 1198 vim
2310 1143 2395 1198 illi
2428 1146 2700 1216 praebens
2730 1163 2837 1219 per
2867 1148 3137 1219 iniquam
3182 1152 3479 1208 actionem
3516 1172 3584 1211 ex
3615 1160 3813 1229 cogni-

2158 1232 2317 1287 tione
2350 1234 2805 1304 perpetrabam:
2866 1242 2925 1291 et
2954 1238 3130 1293 veluti
3188 1239 3485 1298 imbecille
3536 1261 3603 1299 ac
3648 1264 3806 1301 mor-

2158 1322 2446 1377 tificatum
2476 1324 2804 1379 fortiﬁcans
2829 1341 2897 1380 ac
2928 1329 3243 1384 suscitans.
3279 1331 3459 1387 Porro
3498 1334 3599 1389 ubi
3652 1335 3801 1391 illud

2158 1411 2385 1477 revixit,
2418 1428 2514 1466 me
2574 1413 2749 1467 morti
2807 1413 2986 1469 dedit.
3050 1417 3193 1471 Nam
3251 1419 3598 1492 priusquam
3661 1424 3809 1480 illud
3878 1440 3879 1443 ‘

2158 1500 2548 1569 revivisceret,
2582 1518 2687 1570 ego
2715 1502 2900 1575 magis
2933 1503 3232 1560 vivebam:
3262 1508 3372 1563 hoc
3429 1518 3627 1566 autem
3682 1519 3809 1568 erat

2157 1596 2294 1647 ante
2328 1590 2516 1661 legem
2547 1607 2614 1647 ac
2647 1599 3029 1664 prmceptum.
3080 1594 3282 1666 Itaque
3339 1614 3680 1671 quanquam
3714 1602 3807 1658 lex

2158 1686 2463 1752 peccatum
2496 1697 2614 1736 non
2648 1681 2742 1749 sit,
2776 1688 2975 1737 tamen
3023 1682 3153 1755 ipsa
3191 1684 3328 1741 data
3356 1697 3661 1757 peccatum
3696 1690 3804 1747 du-

2159 1771 2299 1842 plici
2331 1770 2508 1825 modo
2541 1771 2785 1826 revixit:
2829 1779 2955 1828 tum
2986 1773 3243 1844 ipsomet
3274 1778 3458 1849 magis
3498 1779 3571 1836 ad
3603 1796 3804 1853 aggre-
3864 1796 3865 1799 ‘

2158 1858 2444 1916 diendum
2476 1867 2772 1917 commoto
2821 1867 2880 1916 et
2935 1864 3207 1929 excitato,
3260 1872 3383 1921 tum
3429 1868 3599 1924 nobis
3657 1867 3807 1925 illud

2159 1949 2653 2005 confirmantibus
2684 1949 2984 2007 indecenti
3014 1953 3248 2009 actione
3280 1970 3410 2025 quae
3442 1972 3510 2010 ex
3557 1958 3808 2015 scientia

2158 2040 2537 2112 procedebat,
2588 2040 2891 2113 liberaque
2923 2041 3203 2099 adversus
3236 2045 3511 2116 nosipsos
3572 2047 3806 2103 insidiis

2157 2127 2580 2200 przebentibus.
2631 2132 2704 2183 At
2746 2128 2893 2183 illud
2924 2129 3164 2200 quidem
3224 2132 3453 2197 revixit,
3513 2150 3619 2204 ego
3674 2150 3807 2191 vero

2157 2224 2428 2274 mortuus
2474 2234 2624 2274 sum.
2663 2240 2691 2268 α
2725 2218 2999 2274 Vivebam
3049 2220 3177 2276 sine
3238 2221 3363 2294 lege
3409 2224 3732 2294 quondam.
3776 2246 3804 2275 ››

2158 2307 2401 2372 Quando
2420 2306 2682 2362 vivebam
2706 2307 2832 2362 sine
2857 2308 3030 2379 lege?
3052 2310 3403 2381 Priusquam
3447 2321 3805 2385 praeceptum

2157 2394 2399 2451 daretur
2420 2395 2942 2467 proleplastiswiia
2963 2414 3094 2468 qua:
3121 2399 3182 2453 in
3204 2401 3480 2457 Paradiso
3503 2403 3807 2475 agebatur.

2158 2487 2272 2540 Aut
2294 2484 2568 2540 videlicet
2595 2492 2732 2542 ante
2748 2486 2962 2542 Mosem
2986 2488 3386 2557 vivebam,hoc
3401 2498 3509 2560 est,
3531 2500 3799 2549 mortuus

2157 2590 2277 2630 non
2323 2591 2487 2631 eram
2535 2575 2918 2632 multitudine
2965 2586 3392 2649 peccatorum:
3447 2589 3588 2640 tunc
3647 2585 3807 2640 enim

2158 2665 2354 2721 solum
2384 2673 2792 2723 accusatorem
2854 2666 3146 2725 habebam
3198 2672 3533 2728 naturalem
3593 2674 3803 2747 legem.

2158 2773 2317 2812 nunc
2345 2764 2541 2813 autem
2574 2764 2633 2814 et
2674 2758 2977 2829 scriptam.
3031 2760 3203 2815 Vides
3260 2763 3559 2833 quomodo
3617 2764 3711 2819 lex
3743 2780 3813 2820 ex

2157 2846 2447 2903 incidenti
2479 2847 2806 2903 nocuerit?
2853 2853 3033 2904 Porro
3092 2865 3226 2905 cum
3285 2852 3545 2907 venisset
3596 2870 3811 2923 proice—

2156 2941 2342 3006 ptum.
2375 2958 2402 2984 »
2428 2938 2793 3007 Prmceptum
2816 2936 3182 3008 dicitlegem.
3202 2940 3412 2994 Dicens
3430 2948 3629 2995 autem
3656 2965 3679 2990 ι‹
3706 2945 3809 2998 Re-

2155 3025 2370 3084 vixit.»
2427 3024 2693 3080 ostendit
2728 3025 2909 3080 fuisse
2945 3025 3183 3095 quidem
3243 3034 3419 3084 antea
3476 3037 3806 3103 peccatum,

2160 3113 2263 3168 sed
2290 3113 2350 3167 in
2381 3113 2610 3183 quiete;
2638 3113 2730 3168 lex
2752 3121 2948 3169 autem
2973 3121 3254 3186 tanquam
3285 3116 3643 3174 beneficium
3668 3138 3814 3191 prm-

2164 3209 2351 3265 stans.
2386 3203 2532 3258 illud
2566 3204 2967 3260 manifestavit
2989 3211 3057 3260 ut
3097 3207 3290 3278 ipsum
3317 3209 3677 3282 fugeremus,
3711 3212 3815 3269 sed

2162 3291 2310 3363 legis
2342 3292 2684 3348 assistentia
2714 3294 2806 3348 bis
2836 3295 2936 3365 qui
2997 3310 3118 3351 non
3149 3296 3425 3369 fugerunt
3455 3309 3814 3358 nocumento

2164 3380 2295 3436 fuit.
2332 3380 2499 3446 Quod
2532 3398 2668 3455 ergo
2698 3383 2844 3437 mihi
2878 3383 3082 3438 datum
3133 3392 3258 3441 erat
3289 3387 3363 3442 ad
3421 3388 3598 3444 vitam
3654 3394 3818 3457 (nam

2162 3470 2223 3525 id
2254 3486 2325 3527 ex
2356 3476 2570 3527 natura
2601 3471 2900 3538 habebat),
2935 3474 3113 3528 cessit
3144 3475 3288 3529 mihi
3310 3476 3384 3532 ad
3407 3485 3657 3535 mortem
3682 3497 3814 3551 pro-

2164 3564 2296 3631 pter
2318 3576 2509 3616 meam
2544 3561 2876 3634 segnitiem.
2911 3579 3033 3618 non
3058 3571 3295 3636 pr0pter
3324 3566 3485 3623 illius
3515 3576 3814 3627 naturam.

2166 3671 2193 3699 κ
2219 3650 2532 3705 Peccatum
2558 3650 2716 3705 enim
2748 3652 3058 3709 occasione
3082 3660 3344 3725 accepta.
3379 3679 3408 3705 ››
3442 3656 3657 3714 Eadem
3681 3678 3815 3715 rur-

2165 3755 2266 3795 sus
2299 3740 2452 3796 varie
2476 3739 2826 3796 confirmat:
2858 3747 2919 3798 et
2950 3743 3161 3799 merito
3193 3760 3205 3797 :
3238 3759 3373 3799 nam
3410 3745 3502 3799 lex
3539 3763 3811 3819 magnam

2166 3828 2472 3886 obtinebat
2490 3829 2739 3901 gloriam
2762 3831 3053 3887 20stendit
3074 3847 3209 3903 ergo
3233 3832 3388 3903 quod
3411 3832 3813 3904 nihiljuverit,

2167 3917 2271 3974 sed
2300 3935 2371 3974 ex
2412 3918 2701 3976 incidenti
2726 3919 2996 3975 nocuerit
3015 3935 3037 3982 ;
3054 3919 3163 3975 hoc
3176 3926 3375 3975 autem
3403 3920 3544 3976 facit
3564 3922 3815 3980 utfacile

2164 4008 2509 4079 recipiatur,
2542 4008 2684 4064 dum
2717 4007 3330 4082 prmdicatdimissam
3361 4027 3492 4067 esse
3522 4012 3731 4086 legem.
3759 4018 3819 4071 et

2166 4096 2597 4152 accurrendum
2622 4095 2695 4151 ad
2717 4096 2931 4151 Christi
2957 4095 3153 4152 tidem.
3178 4097 3323 4155 Cum
3349 4100 3508 4156 enim
3542 4102 3814 4174 superius

2165 4184 2445 4239 dixisset:
2478 4184 2799 4239 Occasione
2830 4190 3029 4241 autem
3060 4194 3301 4259 accepta
3352 4196 3660 4261 peccatum
3708 4207 3816 4262 per

2166 4277 2526 4344 praceptum
2556 4278 2863 4344 operatum
2895 4284 2986 4329 est
3014 4276 3076 4329 in
3108 4292 3201 4332 me
3258 4293 3497 4334 omnem
3528 4280 3814 4352 concupi-

2168 4360 2480 4425 scentiam,
2509 4359 2778 4433 adiungit
2800 4361 2954 4417 290
2972 4364 3148 4435 quod,
3180 4366 3305 4421 Non
3333 4367 3524 4423 solum
3574 4385 3814 4425 omnem

2167 4450 2711 4521 concupiscentiam
2743 4460 3063 4524 Opepatum
3095 4461 3203 4524 est,
3229 4457 3332 4512 sed
3362 4464 3421 4514 et
3451 4459 3667 4515 occidit
3699 4476 3814 4529 me,

407 4541 594 4619 τρέχει
632 4539 723 4595 καὶ
779 4539 959 4609 τίθησι
1018 4543 1137 4603 πῶς
1185 4539 1577 4616 κατειργάσατο
1638 4545 1811 4595 πᾶσαν
1867 4537 2051 4594 ἐπιθυ-

2167 4540 2361 4611 ipsum
2393 4539 2538 4595 mihi
2568 4539 2787 4597 cedens
2817 4541 2892 4597 ad
2932 4550 3205 4600 mortem.
3257 4546 3480 4603 Deinde
3528 4549 3817 4621 quemad-

414 4629 536 4702 μίαν
568 4630 659 4684 καί
690 4650 844 4708 φησι,
874 4626 957 4684 ὅτι
1010 4653 1038 4680 ‹‹
1098 4630 1388 4705 Ἀφορμήν
1452 4622 1693 4685 λαϐοῦσα
1752 4628 2056 4703 ἐξηπάτησὲ

414 4738 499 4792 με.
537 4743 564 4771 ι»
600 4721 728 4776 Εἶτα
784 4718 961 4790 ἀφῆκε
1015 4720 1078 4774 τὸ
1124 4718 1431 4795 προῤῥηθεν
1490 4723 1635 4775 νοεῖν
1690 4717 1939 4789 ἐνταῦθα,
1972 4719 2056 4776 ὅτι

413 4809 471 4864 ἐκ
514 4809 709 4867 τούτου
766 4807 825 4865 δὲ
872 4810 1158 4888 εἰργάσατο
1213 4811 1313 4880 τήν
1373 4806 1685 4883 ἐπιθυμίαν,
1752 4812 1840 4866 καὶ
1893 4816 2054 4868 τοῦτο

412 4898 587 4979 ἀφεὶς,
618 4897 958 4974 ἐρισυνάπτει
1005 4897 1069 4955 τὸ
1126 4898 1310 4967 τέλος,
1345 4924 1370 4950 α
1402 4900 1505 4957 Καὶ
1556 4899 1879 4969 ἀπέκτεινεν,
1905 4925 1931 4952 ι)
1984 4901 2057 4957 ἶν’

410 4986 609 5063 ᾔκατὰ
653 4989 954 5065 συνέχειαν,
1015 4987 1182 5051 εἶ’ττς
1235 4983 1525 5057 ἀναλάϐοι,
1578 4989 1752 5052 οὕτως
1800 4991 1947 5063 αὐτῷ
1977 4990 2055 5047 εξ-

411 5080 670 5153 ρημένον.
731 5103 759 5131 ‹‹
792 5079 1080 5156 Ἀφορμὴν
1144 5073 1384 5133 Ααϐοὖσα
1442 5079 1478 5150 ἠ
1526 5079 1782 5155 ἁμαρτία,
1836 5100 2056 5154 κατειρ-

407 5168 605 5241 γάσατο
637 5166 687 5223 ἐν
707 5166 837 5241 ἐμοῖ
886 5173 1057 5224 πᾶσαν
1086 5164 1395 5240 ἐπιθυμίαν.
1431 5192 1459 5219 ι»
1514 5169 1629 5238 Τήν
1675 5166 1730 5222 δὲ
1762 5168 2050 5241 ἐπιθυμίαν

407 5258 801 5333 κατειργάσατο
835 5303 849 5327 ,
909 5257 1228 5328 ἀπατήσασα
1262 5301 1276 5315 .
1352 5258 1736 5334 Ἐργασαμένη
1813 5254 1869 5313 δὲ
1953 5258 2050 5327 τήν

406 5346 721 5425 ἐπιφυμίαν,
756 5346 1030 5403 ἀπέκτεινέ
1089 5367 1174 5421 με.
1238 5348 1425 5404 Ἔστιν
1482 5346 1574 5401 οὗν
1634 5349 1669 5417 ἡ
1722 5345 1925 5419 ἀπάτη,
1976 5348 2057 5403 αἱ·

402 5437 490 5493 τία
543 5444 645 5508 τῆς
700 5436 1007 5512 ἐπιθυμίας·
1067 5438 1102 5506 ἠ
1155 5434 1213 5491 δὲ
1270 5434 1551 5508 ἐπιθυμία,
1645 5439 1745 5491 τοῦ
1801 5436 2050 5497 θανάτου,

403 5528 511 5599 Τὴν
570 5525 630 5583 δὲ
722 5527 930 5599 ἀπάτην
1017 5525 1301 5603 εἷ’ργάσατο
1396 5523 1486 5581 διά
1540 5528 1637 5596 τῆς
1704 5524 1937 5598 ἐντολῆς
2015 5529 2050 5597 ἡ

407 5617 633 5696 ἇμαρτί,
704 5616 796 5673 ’ίνα
870 5623 1007 5698 τρανῆ
1106 5616 1170 5671 τὸ
1264 5609 1608 5690 ὑπερϐάλλον
1683 5622 1786 5687 τῆς
1859 5616 2052 5680 κακίας

2167 4629 2409 4685 modum
2432 4628 2517 4684 illi
2542 4629 2723 4686 moris
2746 4636 2836 4686 est
2856 4647 3065 4689 causas
3095 4643 3471 4702 connectere,
3521 4644 3579 4693 et
3608 4654 3812 4696 rerum

2164 4719 2653 4793 consequentiam
2686 4720 2863 4777 etiam
2920 4721 2982 4776 in
3042 4725 3419 4781 sermonibus
3476 4728 3813 4798 ostendere,

2164 4810 2439 4870 recurrit.
2471 4824 2538 4864 ac
2566 4808 2735 4880 ponit
2762 4809 3057 4879 quomodo
3102 4819 3410 4884 operatum
3442 4816 3519 4871 sit
3570 4833 3812 4874 omnem

2166 4898 2729 4971 concupiscentiam.
2761 4904 2820 4951 et
2867 4899 2987 4952 ait:
3022 4924 3047 4947 α
3084 4900 3405 4959 Occasione
3434 4913 3678 4977 accepta
3709 4907 3813 4961 de-

2165 4989 2322 5060 cepit
2354 5002 2465 5043 me.
2503 5009 2529 5034 ››
2562 4984 2785 5040 Deinde
2808 4986 2963 5057 quod
2987 4990 3333 5059 praedictum
3358 4998 3447 5047 est
3473 4993 3612 5050 hinc
3645 4994 3818 5050 intel-

2163 5077 2465 5151 ligendum
2499 5075 2758 5146 reliquit,
2786 5082 2928 5147 puta
2959 5079 3117 5149 quod
3144 5096 3215 5137 ex
3239 5082 3349 5138 hoc
3378 5093 3687 5155 operatum
3720 5091 3813 5141 est

2165 5182 2401 5224 onmem
2447 5164 3032 5235 conCUpiscentiam:
3075 5174 3134 5223 et
3192 5169 3303 5226 hoc
3360 5172 3569 5228 relicto
3628 5173 3812 5229 tinem

2164 5252 2493 5326 conjungit,
2539 5251 2767 5315 dicens,
2803 5275 2830 5301 ‹‹
2868 5257 2933 5308 Et
2964 5257 3222 5325 occidit;
3258 5281 3287 5309 »
3320 5265 3385 5314 ut
3410 5278 3478 5315 ex
3527 5278 3815 5317 consecu-

2164 5347 2323 5401 tione
2356 5340 2563 5397 sithoc
2593 5340 2770 5395 modo
2801 5342 2873 5397 ab
2906 5358 2975 5398 eo
3008 5344 3254 5407 dictum.
3288 5348 3337 5402 si
3371 5350 3503 5421 quis
3536 5351 3675 5406 velit
3716 5366 3814 5406 re-

2163 5442 2393 5509 petere:
2420 5455 2439 5482 α
2461 5431 2783 5487 Occasione
2806 5442 3047 5507 accepta
3060 5445 3366 5508 peccatum
3390 5448 3697 5512 operatum
3722 5447 3811 5497 est

2163 5528 2226 5583 in
2249 5540 2342 5582 me
2365 5536 2605 5579 omnem
2627 5522 3185 5595 concupiscentiam.
3213 5553 3240 5578 η
3260 5530 3811 5604 Concupiscentiam

2160 5622 2362 5675 autem
2388 5614 2698 5684 operatum
2757 5618 2846 5669 est
2876 5630 3011 5674 cum
3043 5616 3411 5691 deeepisset:
3444 5634 3645 5677 verum
3677 5633 3812 5676 cum
