4198 6198
415 336 535 397 455

1404 313 1813 382 OOMMENT.
1859 315 1939 375 IN
1984 313 2186 377 ACTA
2228 313 2830 379 APOSTOLORUM.

3705 307 3825 373 456

417 472 723 544 operatum
754 464 914 519 esset
940 452 1506 528 concupiscentiam,
1540 450 1757 507 occidit
1786 465 1906 506 me.
1962 449 2065 504 Est

2189 444 2350 514 αὐτῆς
2386 494 2400 519 ,
2461 443 2553 504 διὰ
2630 449 2729 504 τοῦ
2783 444 2989 522 ἇγαθοῦ
3070 464 3134 501 το
3198 441 3456 501 κάκιστον
3514 441 3828 520 ἐργαζομε-

412 537 549 630 ergo
564 556 703 611 dece
711 551 832 624 ptio
852 543 1355 618 concupiscentiae
1370 556 1569 600 causa.
1590 537 2072 610 concupiscentia

2179 555 2299 608 νης.

411 624 547 702 vero
580 644 807 698 mortis.
840 638 1261 709 Deceptionem
1308 648 1443 688 vero
1476 635 1783 702 peccatum
1815 632 2123 699 operatum
2167 634 2256 683 est
2287 644 2391 700 per
2443 634 2826 702 praeceptum,
2866 631 2933 684 ut
2961 625 3159 700 palam
3201 626 3305 682 flat
3334 624 3681 700 magnitudo
3713 640 3831 682 ma-

407 735 551 791 litiae
582 733 766 798 illius,
800 730 957 802 quod
988 744 1112 783 rem
1136 725 1457 799 pessimam
1482 725 1790 793 operatum
1821 723 1911 773 est
1940 733 2047 788 per
2083 716 2144 772 id
2175 718 2333 790 quod
2360 718 2651 790 optimum
2683 723 2792 773 est.

479 824 596 891 VII,
630 824 717 887 12,
775 822 859 876 l3.
920 822 1113 889 Itaque
1180 816 1269 870 lea:
1333 818 1528 868 sancta
1591 814 1668 865 est
1731 812 2065 880 prmeeptum

404 919 653 972 sanctum
699 912 1025 983 justumque
1053 922 1116 961 ac
1162 905 1412 959 bonum:
1472 900 1620 972 quod
1674 913 1803 968 ergo
1868 896 2066 951 bonum

407 1010 502 1069 est,
530 1002 667 1057 mihi
696 1003 905 1069 factum
936 1004 1013 1054 est
1042 1011 1184 1051 mors
1215 993 1241 1049 Τ
1270 993 1429 1048 Absit
1458 992 1480 1046 Ι
1535 987 1630 1045 sed
1652 989 1958 1059 peccatum.
1997 985 2065 1040 Ut

408 1096 707 1164 appareret
733 1094 1021 1160 peccatum
1063 1101 1168 1156 per
1222 1083 1282 1137 id
1310 1080 1459 1152 quod
1489 1084 1609 1135 erat
1666 1077 1867 1133 bonum
1923 1073 2068 1130 mihi

418 1186 648 1255 gignere
676 1186 925 1234 mortem.
964 1176 1031 1231 Ut
1075 1178 1226 1244 ﬁeret
1255 1174 1458 1228 mirum
1488 1171 1546 1224 in
1592 1169 1813 1224 modum
1836 1179 2066 1237 peccans

402 1277 690 1346 peccatum
711 1285 816 1339 per
839 1271 1199 1339 praeceptum.

487 1450 700 1504 Sancta
723 1446 816 1500 lex
838 1449 947 1505 est.
976 1457 1114 1497 nam
1134 1439 1206 1495 ab
1231 1434 1610 1493 immunditia
1639 1431 1775 1487 illos
1797 1432 2070 1491 servabat

416 1537 515 1610 qui
538 1538 727 1607 ipsam
751 1530 1190 1589 custodiebant.
1210 1528 1394 1591 Iusta,
1421 1526 1560 1598 quia
1582 1529 1740 1579 recte
1755 1528 2068 1594 operantes

416 1626 589 1681 donis
622 1623 995 1695 prmmiabat,
1032 1615 1539 1691 transgresoribus
1582 1630 1717 1669 vero
1776 1612 2071 1684 supplicia

414 1712 777 1787 imponebat.
815 1712 994 1774 Bona,
1028 1710 1169 1781 quia
1198 1722 1391 1779 neque
1440 1704 1749 1777 suppliciis
1780 1701 2073 1774 gaudebat

412 1818 607 1874 neque
640 1799 865 1856 utendo
897 1800 987 1854 ira
1017 1797 1323 1871 puniebat.
1358 1794 1461 1851 sed
1520 1793 1593 1848 ob
1624 1792 1865 1847 illorum
1900 1790 2067 1845 salu-

2244 807 2406 862 Ὣστε
2464 807 2621 881 ὁμὲν
2687 806 2855 878 νόμος
2922 806 3103 881 ἅγιος,
3169 802 3261 859 καὶ
3332 803 3361 872 ἡ
3429 800 3626 872 ἐντολὴ
3698 800 3832 878 ἁγία

2174 894 2264 949 καὶ
2324 891 2505 953 δικαία
2562 895 2654 951 καὶ
2713 894 2916 971 ἆγαθὴ’
2975 894 3047 949 Τὸ
3104 892 3196 949 οὖν
3247 890 3450 967 ἀγαθὸν
3488 936 3503 962 ,
3556 891 3679 965 ἐμοὶ
3738 888 3832 965 γέ-

2172 1004 2302 1060 γονε
2369 987 2646 1054 θάνατοςς
2732 985 2826 1055 Μὴ
2908 982 3167 1059 γένοιτοί
3236 979 3416 1037 Ἀλλὰ
3471 983 3507 1051 ἡ
3564 980 3829 1056 ἁμαρτία.

2172 1076 2283 1132 Ἵνα
2341 1078 2481 1149 φανῇ
2538 1074 2779 1149 ἁμαρτία
2813 1121 2829 1147 ,
2907 1070 2997 1129 διὰ
3051 1075 3149 1128 τοῦ
3205 1071 3413 1147 ἀγαθοῦ
3477 1091 3570 1144 μοι
3634 1091 3832 1144 κατερ-

2176 1163 2451 1242 γαζομὲνη
2547 1166 2798 1221 θάνατον.
2902 1166 3013 1221 *Ινα
3112 1160 3335 1241 γενηται
3431 1160 3554 1226 καθ’
3658 1160 3829 1236 ὑπερ-

2178 1248 2351 1324 ϐολὴν
2452 1251 2785 1331 ἁμαρτωλὸς
2874 1255 2908 1324 ἡ
3014 1251 3252 1330 ἆμαρτία
3355 1247 3445 1307 διὰ
3509 1257 3612 1321 τῆς
3687 1249 3828 1306 ἐντο-
3933 1259 3939 1264 ’

2180 1343 2303 1413 λῆς.

2245 1435 2439 1508 ’Ἄγιος
2498 1434 2525 1489 6
2579 1431 2769 1507 νόμος,
2827 1432 2911 1489 ὅτι
2978 1431 3271 1511 ἐφύλαττεν
3332 1430 3439 1486 ἀπὸ
3500 1428 3830 1506 ἀκαθαρσίας

2176 1521 2303 1585 τοὺς
2334 1520 2701 1601 φυλάττοντας
2734 1523 2917 1581 αὐτὸν.
2958 1523 3201 1588 Δίκαιος,
3263 1522 3349 1577 ὅτι
3404 1519 3534 1582 τοὺς
3568 1523 3664 1594 μὲν
3695 1541 3829 1575 κατ-

2178 1614 2467 1688 ορθοῦντας
2524 1606 2787 1687 ἠμείϐετο
2841 1608 3112 1687 δωρεαῖς,
3161 1616 3284 1673 τοῖς
3342 1607 3399 1666 δὲ
3453 1603 3829 1685 παραϐαίνοι)⁶

2178 1723 2259 1757 σιν
2306 1702 2536 1757 ἐπετίθει
2591 1701 2686 1763 τὰς
2741 1701 3018 1776 τιμωρίας
3078 1700 3331 1779 Ἀγαθὸς,
3392 1697 3477 1755 ὅτι
3535 1695 3642 1774 οὐχ
3696 1694 3835 1768 ἠδό-

2183 1813 2339 1868 μενος
2396 1798 2516 1857 ταῖς
2572 1792 2871 1869 τιμωρίαις
2927 1793 2962 1864 ἢ
3006 1791 3142 1867 ὀργῇ
3205 1792 3499 1871 χρώμενος
3556 1788 3832 1858 ἐκόλαζεν,

414 1898 535 1947 tem
570 1897 625 1946 et
657 1890 977 1945 utilitatem
1039 1904 1107 1944 ac
1174 1885 1647 1950 correctionem;
1709 1882 1872 1949 item,
1934 1878 2075 1950 quia

2189 1881 2325 1938 me
2353 1886 2453 1949 τῆς
2493 1882 2671 1938 αὐτῶν
2718 1879 2871 1938 ἓνεκα
2929 1883 3208 1956 σωτηρίας
3265 1882 3357 1937 καὶ
3415 1877 3685 1960 ὡφελείας
3738 1877 3833 1934 καὶ

415 1998 596 2054 parva
611 1981 767 2036 bona
780 1977 1408 2051 operantibus,magna
1423 1972 1742 2046 praestabat
1754 1967 2045 2026 beneficia
2060 1985 2073 2022 :

417 2076 851 2143 peccantesque
882 2065 1231 2131 sustinebat,
1259 2081 1369 2119 nec
1387 2063 1460 2118 ad
1504 2062 1780 2116 meritum
1830 2058 2078 2114 delicto-

416 2175 551 2213 rum
576 2158 878 2230 puniebat.
902 2157 1032 2227 Ipse
1059 2160 1254 2210 autem
1278 2152 1373 2207 his
1396 2151 1634 2205 interim
1659 2145 2075 2221 praetermissis

419 2265 487 2304 ex
509 2248 603 2303 his
624 2245 927 2302 concludit
949 2250 1214 2300 sanctam
1237 2244 1586 2314 justamque
1611 2256 1677 2296 ac
1702 2239 1921 2295 bonam
1946 2252 2076 2301 esse

414 2335 608 2410 legem
641 2336 762 2391 sive
785 2340 1149 2407 praeceptum
1186 2348 1198 2386 :
1236 2348 1358 2387 uno
1393 2330 1634 2402 quidem
1686 2327 1901 2385 medio.
1938 2326 2078 2397 quia

414 2425 615 2482 docuit
662 2441 755 2481 me
818 2429 1126 2496 peccatum
1163 2436 1544 2495 cognoscere,
1571 2418 1873 2490 jussitque
1925 2415 2075 2471 illud

422 2516 664 2589 fugere:
706 2515 893 2570 altero
943 2529 1101 2577 vero,
1136 2512 1293 2584 quod
1346 2526 1438 2566 me
1496 2509 1802 2579 adiuvans.
1837 2506 2073 2576 meique

429 2622 629 2661 curam
663 2604 889 2660 habens
916 2603 1028 2658 hoc
1068 2601 1273 2657 fecerit
1303 2617 1315 2654 :
1349 2616 1487 2655 nam
1520 2598 1593 2654 ad
1651 2598 1829 2653 vitam
1886 2612 1952 2651 ac
1984 2611 2073 2650 sa-

428 2694 615 2750 lutem
645 2694 771 2749 haec
802 2693 947 2748 mihi
978 2691 1134 2746 fecit.
1173 2690 1387 2745 Sancta
1407 2705 1541 2761 ergo
1574 2693 1683 2753 est,
1717 2687 1856 2758 quia
1878 2683 2078 2740 docuit

428 2799 495 2841 ac
519 2784 719 2856 fugere
744 2781 818 2838 ab
838 2782 968 2855 ipsa
989 2780 1368 2836 immunditia
1390 2777 1672 2850 praecepit
1698 2779 1893 2846 :justa
1912 2790 2074 2843 vero,

426 2874 567 2946 quia
589 2872 690 2929 ubi
724 2871 947 2938 docuit,
976 2870 1113 2927 291
1147 2868 1219 2924 ab
1250 2869 1343 2923 his
1367 2867 1466 2939 qui
1486 2883 1606 2921 non
1633 2870 1939 2921 servarunt
1961 2880 2078 2935 pm-

424 2979 565 3019 nam
596 2962 809 3035 repetit
835 2977 847 3016 :
878 2976 1118 3016 rursum
1148 2963 1349 3014 autem
1375 2957 1553 3025 bona,
1584 2954 1725 3026 quia
1755 2954 1934 3010 vitam
1964 2952 2074 3007 mi-

423 3052 484 3109 hi
510 3051 845 3125 providens,
872 3049 997 3106 haec
1016 3046 1288 3122 jubebat.

497 3234 627 3289 Item
656 3228 847 3285 etalio
874 3227 1054 3284 modo.
1112 3249 1140 3277 ‹‹
1169 3227 1285 3281 Lex
1339 3224 1580 3297 quidem
1640 3228 1847 3279 sancta
1904 3225 2010 3277 est.
2042 3241 2071 3270 »
2101 3248 2146 3316 Ο

427 3323 627 3390 Neque
646 3318 805 3373 enim
822 3322 1049 3372 naturae
1072 3315 1218 3387 legis
1241 3321 1368 3370 erat
1388 3320 1452 3369 ut
1477 3312 1621 3368 mihi
1646 3316 2071 3368 nocumentum

426 3411 766 3475 inferretur,
801 3407 904 3463 sed
933 3422 1082 3461 mea)
1116 3406 1358 3460 malitias
1390 3421 1455 3459 ac
1494 3403 1780 3477 segnitiei.
1810 3400 1966 3473 quod
2008 3416 2076 3456 ea

427 3515 558 3570 quae
577 3498 747 3569 jussa
768 3502 938 3553 erant
960 3512 1077 3551 non
1105 3494 1555 3550 observaverim.
1584 3516 1609 3541 ››
1632 3494 2075 3565 Etpraaceptum

410 3592 722 3643 sanctum.
758 3609 787 3637 »
847 3586 1058 3658 Legem
1115 3583 1265 3639 dicit
1318 3582 1653 3647 Mosaicam,
1710 3586 2077 3655 praeceptum

423 3694 563 3735 vero
585 3674 745 3749 quod
768 3674 882 3747 ipsi
902 3673 1085 3730 Adam
1111 3673 1314 3729 datum
1337 3678 1481 3728 erat.
1509 3672 1789 3729 Sanctum
1812 3669 2075 3742 quidem,

427 3773 712 3839 tanquam
729 3765 789 3821 id
813 3764 1032 3821 docens
1046 3762 1205 3836 quod
1228 3762 1576 3835 expediebat
1597 3778 1611 3829 ;
1626 3764 1852 3834 justum
1878 3764 2078 3815 autem

429 3866 712 3930 tanquam
726 3856 957 3913 rectein
979 3861 1446 3928 transgressores
1469 3854 1822 3910 sententiam
1841 3852 2037 3908 ferens
2064 3862 2080 3903 :

428 3948 654 4005 bonum
673 3962 929 4019 quoque,
948 3950 1151 4017 utpote
1170 3943 1345 4000 vitam
1369 3959 1584 4016 parans
1602 3940 2075 3998 observantibus.

430 4060 457 4089 ‹‹
493 4036 605 4092 Sed
663 4042 994 4107 peccatum.
1038 4057 1066 4084 »
1115 4034 1264 4100 Quia
1320 4034 1544 4106 peccati
1603 4031 2075 4105 magnitudinem

429 4125 741 4183 ostendere
774 4124 1052 4191 decrevit,
1082 4123 1236 4179 nihil
1267 4130 1464 4179 autem
1497 4140 1565 4178 eo
1588 4122 1781 4194 majus
1813 4121 1875 4175 in
1908 4119 2081 4174 mali-

429 4216 514 4272 tia
543 4219 775 4287 poterat
795 4214 1080 4279 invenire,
1115 4230 1222 4285 per
1252 4212 1510 4284 idipsum
1544 4209 1865 4267 ostendens
1892 4208 2081 4281 ipsius

432 4304 928 4378 magnitudinem,
944 4304 1087 4360 dicit
1113 4319 1125 4358 :
1160 4326 1188 4353 «
1224 4301 1335 4358 Sed
1353 4306 1660 4375 peccatum
1683 4306 1749 4357 ut
1770 4303 2083 4372 appareret

434 4401 765 4468 peccatum,
796 4418 822 4443 ι»
855 4392 914 4449 id
955 4399 1063 4459 est,
1097 4398 1164 4447 ut
1219 4391 1592 4463 detegeretur
1647 4390 1840 4446 omnis
1894 4388 2083 4445 abun.

440 4481 644 4539 dantia
672 4481 916 4537 malitia:
938 4480 1126 4552 ipsius
1147 4495 1215 4534 ac
1262 4478 1425 4533 illius
1449 4478 1534 4532 vis
1566 4478 1629 4532 in
1660 4478 1877 4549 seipso.
1922 4480 2002 4531 Ac
2031 4474 2081 4531 si

440 4571 630 4628 dicat:
664 4571 737 4627 Ut
756 4569 915 4642 quod
946 4574 1054 4636 est,
1086 4573 1274 4623 totum
1306 4568 1368 4622 in
1400 4573 1519 4623 toto
1555 4567 1658 4623 fiat
1675 4566 2077 4622 manifestum.

443 4618 630 4628 ..-πη
669 4618 915 4642 --η-η
949 4618 1054 4636 ---,
1091 4618 1274 4623 ---η-
1557 4618 2075 4623 --πηπ-ηηπη

438 4662 503 4719 In
535 4661 667 4718 aliis
725 4676 985 4733 namque
1031 4673 1340 4715 excessum
1380 4656 1701 4729 quemdam
1751 4671 2082 4728 proponere
2110 4618 2154 4683 Β

434 4752 723 4813 volentes.
749 4749 911 4807 aliud
944 4748 1250 4821 quidpiam
1300 4748 1513 4803 afferre
1545 4760 1862 4818 possumus
1920 4744 1983 4800 in
2025 4743 2085 4799 id

436 4839 594 4912 quod
620 4855 654 4897 a
684 4840 857 4895 nobis
876 4838 1370 4912 reprehenditur;
1396 4834 1573 4892 veluti
1595 4834 1890 4890 dicentes:
1928 4832 2086 4890 Adeo

440 4928 725 4986 scelestus
755 4936 882 4985 erat
910 4930 1073 4987 Cain.
1105 4934 1169 4984 ut
1204 4927 1403 4983 fratris
1457 4923 1756 4981 homicida
1802 4922 1970 4980 fieret
2018 4938 2087 4980 ac

440 5018 669 5091 primus
700 5018 817 5074 Deo
840 5020 1194 5075 mentiretur
1222 5017 1561 5087 similiaque
1602 5018 1987 5086 perpetraret.
2024 5013 2092 5068 Et

437 5124 675 5164 rursum
700 5124 719 5163 :
751 5109 949 5179 Neque
973 5114 1105 5179 post
1131 5106 1536 5179 prodigiorum
1560 5104 1965 5160 ostensionem
1994 5101 2092 5157 ad-

441 5197 655 5255 ductus
679 5204 767 5253 est
796 5199 1023 5253 Pharao
1056 5203 1119 5252 ut
1167 5196 1324 5252 ﬁlios
1355 5195 1536 5251 lsrael
1594 5194 1938 5253 dimitteret.
1973 5208 2090 5265 quo

439 5295 751 5363 appareret
772 5290 904 5360 ejus
925 5287 1266 5348 crudelitas.
1294 5294 1351 5343 et
1381 5286 1669 5341 indomita
1692 5299 2094 5357 mens.quam-

439 5396 554 5452 que
591 5381 708 5437 Deo
737 5384 895 5436 esset
924 5378 1199 5435 invisius.
1258 5378 1330 5431 Et
1359 5376 1638 5433 similiter
1668 5375 1730 5429 in
1759 5375 1913 5431 aliis.
1946 5375 2091 5430 Nam

435 5475 632 5544 potest
661 5470 723 5526 in
751 5469 837 5525 eis
868 5466 1098 5540 aliquid
1126 5465 1381 5523 inveniri
1414 5466 1586 5537 pejus
1607 5464 1700 5519 his
1722 5479 1852 5536 qua:
1875 5480 2093 5537 propo-

438 5564 687 5629 nuntur,
717 5559 889 5632 cujus
918 5558 1100 5615 etiam
1139 5553 1459 5630 participes
1491 5553 1733 5628 maligni
1761 5551 2097 5627 suscipiunt

439 5649 905 5727 appellationem
927 5646 1000 5706 ad
1031 5646 1193 5704 illius
1226 5642 1703 5701 similitudinem.
1734 5642 1802 5698 In
1850 5650 2094 5714 peccato

2183 1972 2550 2048 βελτιώσεωςο
2600 1968 2799 2027 καὶὲτι
2833 1970 2917 2028 ὅτι
2979 1971 3148 2048 μικρὰ
3204 1971 3557 2046 κατορθοῦσι,
3620 1966 3835 2045 μεγάλα

2180 2063 2463 2143 ἐχαρίζετο
2499 2111 2515 2137 ,
2573 2064 2663 2120 καὶ
2714 2063 3093 2138 ἁμαρτάνοντα
3147 2069 3415 2139 περιεῖπε,
3474 2068 3563 2118 καὶ
3623 2060 3685 2117 ού
3716 2064 3835 2116 κατ’

2182 2153 2330 2224 ἀξίαν
2355 2157 2462 2210 τῶν
2495 2150 3005 2227 πλημμελημάτων
3067 2150 3340 2223 ἐκόλαζεν.
3401 2150 3581 2214 Αὐτὸς
3613 2146 3671 2206 δὲ
3699 2149 3840 2214 τέως

2180 2238 2554 2319 παραδραμὼν
2613 2246 2805 2301 ταῦτα.
2862 2241 2924 2299 ἐκ
2977 2242 3187 2299 τούτων
3246 2239 3622 2318 συμπεραίνει,
3683 2233 3841 2317 ἅγιον

2178 2333 2268 2389 καὶ
2300 2329 2511 2390 δίκαιον
2570 2333 2664 2390 καὶ
2723 2335 2920 2410 ἀγαθὸν
2983 2332 3118 2389 εἶναι
3173 2332 3265 2389 τὸν
3315 2334 3504 2407 νόμον,
3566 2329 3690 2401 ἤτοι
3738 2331 3839 2400 τὴν

2183 2420 2434 2492 ἐντολῆν,
2466 2422 2523 2495 ἐζ
2552 2425 2672 2486 ἑνὸς
2706 2424 2826 2497 μὶν,
2861 2423 2945 2480 ὅτι
2998 2418 3241 2494 Ἐδίδαξὲ
3302 2442 3368 2497 με
3419 2420 3683 2500 γνωρίσαι
3739 2420 3840 2487 τήν

2186 2514 2457 2589 ἁμαρτίαν
2488 2513 2578 2569 καὶ
2627 2513 2849 2586 ἐπέταξε
2905 2518 3094 2592 φυγεῖν
3152 2512 3343 2584 αὐτήν
3405 2511 3457 2582 ἐξ
3515 2509 3702 2586 ἕτερου
3759 2504 3818 2563 δὲ

2182 2604 2265 2661 ὅτι
2318 2601 2629 2677 κηδόμενος
2689 2603 2779 2660 καί
2863 2601 3164 2685 φρδντίζων
3238 2606 3401 2659 τοῦτο
3458 2599 3704 2671 ἐπίησεν’
3767 2597 3844 2661 είς

2179 2695 2282 2772 γὰρ
2317 2700 2460 2765 ζωήν
2487 2695 2611 2769 ἐμοὶ
2641 2695 2728 2750 καὶ
2764 2694 3039 2771 σωτηρίαν
3085 2697 3258 2751 ταῦτα
3312 2692 3569 2765 εποίησεν
3645 2691 3845 2765 ’Ἄγιος

2181 2780 2296 2848 οὖν,
2350 2782 2435 2838 δτι
2493 2778 2721 2852 ἐδίδαξε,
2774 2780 2865 2836 καὶ
2947 2787 3137 2857 φυγεῖν
3209 2780 3315 2836 ἀπὸ
3360 2786 3462 2848 τῆς
3503 2776 3837 2852 ἀκαθαρσίας

2179 2870 2349 2940 αὐτῆς
2407 2869 2642 2941 ἐπέταξε”
2678 2869 2885 2934 δίκαιος
2919 2866 2998 2933 δὲ,
3058 2871 3144 2928 δτι
3203 2867 3442 2941 διδάξας,
3502 2867 3677 2930 οὕτως
3731 2868 3830 2936 τήν

2178 2958 2447 3034 τιμωρίαι
2479 2961 2609 3021 τοὺς
2671 2961 2747 3034 μή
2807 2959 3146 3041 φυλάξαντας
3198 2958 3435 3016 ἀπαιτεῖ.
3487 2954 3721 3041 ’ᾼγαθὸς
3779 2950 3840 3010 δὲ

2179 3046 2347 3106 πάλιν
2381 3092 2397 3120 ,
2464 3047 2549 3106 ὅτι
2610 3051 2754 3121 ζωήν
2850 3070 2945 3124 μοι
3003 3047 3414 3126 προνοούμενος
3444 3092 3459 3119 ,
3512 3040 3679 3103 ταῦτα
3736 3044 3837 3100 ἐπ·-

2183 3136 2377 3197 ετὲλει.

2258 3228 2353 3282 Καὶ
2384 3225 2596 3291 ἄλλως.
2631 3253 2659 3280 ‹‹
2692 3228 2754 3286 Ὁ
2788 3227 2883 3299 μὲν
2927 3226 3098 3302 νόμος
3138 3229 3317 3305 ἅγιος.
3352 3251 3380 3279 ››
3433 3226 3512 3286 Οὐ
3570 3224 3676 3304 γὰρ
3730 3230 3833 3293 τῆς

2182 3320 2279 3372 τοῦ
2309 3315 2483 3391 νόμου
2513 3316 2724 3397 φύσεως
2774 3317 2841 3387 ἦν
2899 3317 2962 3373 τὸ
3023 3312 3323 3396 βεϐλάφθαι
3377 3336 3468 3391 με,
3526 3313 3674 3371 ἀλλᾶ
3730 3319 3831 3382 τῆς

2185 3406 2370 3480 ⁹ἡμῶν,
2428 3405 2603 3486 φησὶ,
2662 3407 2854 3468 κακίας
2926 3406 3018 3462 καῖ
3072 3405 3362 3482 ῥᾳθυμίας,
3429 3404 3546 3461 ἀνθ’
3602 3406 3677 3460 ὧν
3738 3405 3838 3463 οὐκ

2186 3492 2523 3575 ἐφυλαξαςιεν
2580 3496 2646 3552 τὰ
2704 3494 3089 3576 ἐπιταχθὲντα.
3120 3530 3189 3539 -
3220 3496 3558 3573 [ΘΕΟΔΩΡ]
3609 3519 3637 3549 ‹‹
3671 3500 3766 3550 Καὶ
3800 3497 3836 3565 ἡ

2185 3584 2383 3657 ἐντολή
2415 3586 2562 3663 ἇγδα.
2597 3610 2625 3638 ››
2658 3586 2840 3659 Νόμον
2889 3589 2981 3642 τὸν
3032 3586 3322 3644 Μωσαῖκὸν
3380 3586 3553 3663 λέγει,
3612 3581 3837 3655 ἐντολὴν

2188 3670 2245 3729 δὲ
2275 3676 2373 3742 τὴν
2402 3679 2479 3745 τῷ
2511 3672 2694 3747 Ἀδᾶμ
2739 3671 3059 3750 δεδομένην.
3096 3676 3275 3750 Ἀγίαν
3312 3676 3407 3747 μὲν
3465 3677 3539 3739 ὡς
3590 3677 3653 3732 τὸ
3712 3673 3831 3732 δέον

2188 3759 2493 3836 διδέεασαν.
2537 3763 2758 3819 Δικαίαν
2809 3761 2884 3834 δὲ,
2945 3764 3020 3827 ὡς
3087 3765 3265 3838 ὀρθῶς
3320 3770 3439 3828 τοῖς
3496 3760 3834 3842 παραϐάταις

2185 3853 2287 3924 τήν
2319 3856 2500 3931 ψῆφον
2531 3851 2939 3930 ἐπενεγκοῢσανο
2990 3854 3194 3931 ἀγαθὴν
3255 3853 3330 3916 δὲ,
3388 3855 3463 3915 ὡς
3523 3856 3669 3926 ζωὴν
3719 3860 3838 3917 τοῖς

2190 3941 2557 4021 φυλάσσουσιν
2622 3944 3056 4019 εὑτρεπγζουσαν.
3098 3970 3117 3993 ι
3152 3940 3326 4001 Ἀλλὰ
3357 3944 3391 4014 ἡ
3427 3944 3685 4020 ἁμαρτία.
3714 3971 3734 3994 ι
3770 3977 3837 3987 -

2189 4032 2406 4106 [ΦΩΤ.]
2440 4028 2659 4102 Ἐπειδὴ
2690 4035 2790 4098 τῆς
2822 4032 3088 4106 ἁμαρτίας
3120 4030 3361 4105 ἠθέλησε
3390 4034 3452 4090 τὸ
3479 4036 3704 4112 μέγεθος
3736 4030 3840 4089 δεῖ-

2191 4123 2295 4194 ξαι,
2333 4126 2516 4197 μεῖζον
2559 4117 2616 4177 δὲ
2671 4121 2876 4192 ταότης
2931 4121 3009 4185 εἷς
3057 4121 3247 4179 κακίαν
3277 4123 3377 4179 οὐκ
3413 4124 3479 4193 ἦν
3539 4123 3737 4198 εὑρεῖν,
3769 4120 3839 4179 δι’

2189 4212 2356 4281 αὐτῆς
2384 4210 2587 4282 ταύτης
2625 4212 2687 4266 τὸ
2743 4212 2970 4289 μὲγεθος
3027 4211 3195 4282 αὐτῆς
3247 4210 3673 4287 ἐνδεικνύμενος,
3732 4233 3840 4290 φη-

2190 4301 2290 4365 σὶν,
2325 4323 2355 4353 ‹‹
2386 4297 2547 4356 Ἀλλ’
2579 4300 2614 4369 ἡ
2646 4298 2906 4376 ἁμαρτία,
2937 4300 3026 4356 ἳνα
3084 4305 3222 4380 φανῇ
3282 4301 3543 4378 ἁμαρτία.
3588 4325 3616 4355 n
3675 4321 3839 4357 τουτ-

2191 4388 2333 4446 ἑστιν
2356 4385 2447 4444 ἵνα
2482 4386 2797 4470 ἐκκαλυφθῇ
2828 4388 2995 4460 αὐτῆς
3024 4390 3053 4446 6
3091 4396 3195 4452 πᾶς
3226 4397 3326 4461 τῆς
3354 4391 3543 4453 κακίας
3572 4389 3839 4459 πλοῦτος,

2190 4481 2280 4538 καὶ
2311 4482 2347 4551 ἡ
2382 4479 2542 4556 ἲσχῦς
2573 4476 2739 4554 apti;
2766 4479 2802 4551 ἡ
2835 4478 2886 4535 ἐν
2916 4478 3076 4555 αὐτῇ.
3135 4479 3291 4552 Οῒον,
3320 4481 3456 4547 Ἳνα,
3488 4482 3619 4556 ὅπερ
3670 4477 3838 4553 ἐστὶν,

2193 4569 2298 4643 ὅλη
2332 4570 2408 4636 ὡς
2437 4570 2541 4642 ὅλη
2573 4569 2789 4645 γίνηται
2820 4568 3072 4647 ἐκφανής.
3133 4571 3258 4629 Ἐπὶ
3291 4570 3387 4644 μὶν
3435 4572 3538 4649 γὰρ
3591 4575 3699 4627 τῶν
3741 4568 3841 4627 ἄλο

2185 4658 2299 4717 λων
2338 4653 2650 4736 ὑπερϐολήν
2699 4680 2819 4715 τινα
2874 4658 3123 4724 θὲλοντες
3179 4664 3551 4735 παραστῆσαι,
3610 4656 3847 4735 δυνάμε-

2188 4761 2255 4815 θα
2311 4746 2455 4805 ἄλλο
2510 4768 2561 4803 τι
2617 4745 2888 4826 ἐπιφέρειν
2943 4751 3022 4821 τῷ
3080 4746 3456 4826 διασυρομὲνῳ
3509 4749 3598 4828 ὑφ’
3658 4750 3843 4824 ἡμῶν,

2195 4838 2337 4906 οἷον,
2383 4835 2594 4910 Μιαρὸς
2635 4835 2701 4907 ἦν
2756 4836 2844 4892 ἐπὶ
2900 4840 3158 4893 τοσοῦτον
3187 4838 3215 4893 6
3247 4839 3399 4903 Καῖν,
3459 4835 3543 4892 ὅτι
3600 4834 3840 4897 ἆδελυο-

2192 4925 2385 4988 κτόνος
2417 4924 2644 5001 ἐγένετο.
2678 4924 2764 4983 ὅτι
2814 4926 2900 4982 καὶ
2956 4926 3084 4983 Θεὸν
3140 4930 3357 5002 πρῶτος
3414 4922 3698 5002 ἐψεύσατο,
3749 4927 3847 4983 καὶ

2192 5014 2259 5071 τὰ
2290 5014 2477 5087 ὅμοια.
2513 5015 2609 5070 Καὶ
2638 5012 2824 5072 πάλιν·
2877 5013 3017 5074 Οὐδὲ
3051 5016 3186 5089 μετᾶ
3234 5017 3334 5084 τὴν
3394 5020 3501 5072 τῶν
3550 5016 3848 5092 τεραστίων

2196 5100 2449 5176 ἐπιδειξιν
2503 5104 2824 5182 παρεκλήθη
2859 5106 3061 5180 Φαραὼ
3116 5103 3391 5161 ἀπολῦσαι
3443 5105 3573 5169 τοὺς
3630 5108 3855 5180 Ἰσραη-

2195 5190 2497 5263 λιτας,²ίνα
2536 5197 2675 5268 φανῇ
2722 5194 2888 5251 αὐτοῦ
2941 5195 3007 5250 τὸ
3064 5193 3217 5268 ὠμὸν
3272 5194 3360 5250 καὶ
3410 5193 3695 5252 ἇτίθασσον
3748 5203 3851 5265 τῆς

2195 5285 2420 5359 γνώμης
2452 5282 2546 5339 καὶ
2591 5286 2859 5357 θεομισὲς.
2920 5282 3025 5341 Καὶ
3083 5280 3173 5338 ἐπὶ
3226 5288 3335 5341 τῶν
3393 5282 3581 5342 ἄλλων
3618 5283 3851 5359 ὁμοίως.

2192 5375 2345 5429 Ἐστι
2374 5371 2478 5447 γὰρ
2510 5372 2685 5449 εὑρεῖν
2726 5393 2777 5429 τι
2827 5377 3013 5449 χεῖρον
3062 5376 3171 5429 τῶν
3226 5373 3624 5448 ὑποκειμένων,
3655 5373 3717 5429 οὗ
3753 5367 3839 5426 καὶ

2200 5462 2567 5539 μετασχόντες
2598 5464 2650 5518 οἱ
2682 5462 3137 5539 πονηρευόμενοι,
3164 5464 3262 5529 τὰς
3299 5467 3419 5522 κατ’
3452 5465 3621 5520 ἐκεῖνο
3669 5477 3844 5537 προσ-

2199 5553 2433 5633 ηγορίας
2488 5551 2835 5633 ἑπιόίχονται
2864 5597 2883 5616 .
2939 5555 3063 5615 Ἐπὶ
3119 5551 3179 5614 δὶ
3235 5564 3339 5632 τῆς
3382 5554 3670 5633 ἁμαρτίας,
3728 5549 3852 5610 ἐπεὶ

2197 5644 2429 5718 ταύτης,
2462 5644 2537 5709 ὡς
2568 5640 2801 5731 ἔφημεν,
2858 5644 2957 5702 οὐκ
3006 5639 3120 5704 ἔστι
3182 5665 3369 5727 χιιρον
3432 5644 3623 5725 εὑρεῖν,
3679 5640 3851 5716 αὐτὴν
