4198 6198
309 301 424 372 45⁵1

1373 284 1786 370 comm.
1837 296 1924 369 IN
1965 286 2221 370 EPIST.
2269 307 2372 369 AD
2411 309 2606 371 non.

3603 311 3722 375 158

316 439 400 519 ἐφ’
445 439 643 511 εαυτῆς
706 438 1078 515 κατηγόρησε,
1135 443 1345 513 πικρῶς
1402 438 1515 514 ἅμα
1571 438 1660 495 καὶ
1720 436 1958 514 δριμέως

2073 457 2207 498 vero
2234 439 2539 513 quoniam,
2561 447 2629 499 ut
2648 426 2926 519 diximus.
2952 446 3019 499 eo
3045 442 3216 516 pejus
3237 441 3389 498 nihil
3410 450 3538 500 erat
3557 443 3725 502 inve-

312 532 406 587 τὸν
436 528 600 606 ὅγκον
631 528 801 600 αὐτῆς
837 528 927 585 καὶ
983 530 1047 584 τὸ
1102 528 1414 604 τυραννικὸν
1469 527 1561 583 καὶ
1620 523 1963 600 ἀνυπέρϐλη-

304 640 400 675 τον
454 617 888 692 ἐνδεικνύμενος.
957 614 1180 687 Ἐπειδὴ
1271 615 1328 673 ὃὶ
1411 616 1769 697 ἀσαφεστερόν
1845 640 1965 682 πως

306 706 485 781 ἔδοξεν
520 709 766 780 εἰρῆσθαι
808 712 877 782 τῇ
929 708 1259 783 ταυτολογίᾳ
1312 712 1409 764 τοῦ
1471 707 1740 780 ὀνόματος
1794 706 1959 763 πέλιν

306 797 369 856 δὲ
402 793 962 872 μπαλαμὸανομένου
991 795 1091 853 τοῦ
1137 797 1428 871 ὀνόματος,
1486 799 1523 867 ἡ
1567 803 1667 866 τῆς
1727 791 1963 870 ὑπερϐο-

310 889 420 960 λῆς
458 889 549 945 καὶ
592 886 929 963 δριμύτητος
983 885 1205 960 ἔνδειξις
1261 885 1527 958 ἐξελύετο,
1584 886 1961 962 παρονομάζει

312 982 436 1050 μὲν,
467 978 651 1034 καἲοῦ
704 978 931 1041 τελείως
988 978 1272 1057 ἀφίσταται
1330 974 1429 1033 τοῦ
1480 976 1773 1050 ὀνόματος,
1827 974 1882 1031 ἐν
1914 976 1961 1049 ᾧ

311 1067 372 1125 δὲ
427 1065 751 1132 ἐκλελύσθαι
805 1066 1003 1138 ἐδόκει,
1059 1070 1212 1124 τόνον
1274 1066 1459 1142 ἐπείγει
1540 1069 1609 1141 τῇ
1668 1067 1958 1141 προσθήκῃ

374 1161 403 1174 ο
541 1159 555 1178 ο
600 1158 614 1179 f
671 1178 691 1189 -
733 1152 764 1178 ρ
1070 1158 1085 1175 0
1179 1157 1207 1193 τι
1296 1178 1318 1193 ρ
1378 1156 1394 1173 Ὁ
1447 1157 1461 1174 \
1744 1155 1762 1186 ι

303 1180 407 1214 του
431 1169 535 1222 καθ
594 1155 926 1233 υπεροολήν.
991 1165 1088 1214 Και
1146 1178 1316 1218 estw.
1375 1178 1463 1213 επι
1519 1156 1581 1212 τὸ
1633 1175 1956 1233 σαφεστερον

308 1249 429 1321 ἅμα
458 1249 547 1304 καὶ
579 1247 790 1319 ὁμοίως
831 1242 1045 1303 ἔντονον
1104 1246 1195 1303 καὶ
1246 1252 1343 1303 τού
1397 1244 1640 1319 δριμέως
1696 1244 1961 1325 ἐμῳαντι-

310 1337 409 1393 κὸν
441 1330 761 1412 μεταϐακὼν
787 1334 881 1391 τὸν
936 1336 1100 1412 λόγον
1157 1334 1336 1413 φησίν.
1393 1337 1505 1393 Ἵνα
1560 1336 1782 1409 γενηται
1839 1333 1959 1398 καθ’

313 1423 630 1499 ὖπερόολὴν
654 1422 984 1500 ἁμαρτωλὸς
1016 1426 1051 1493 ἡ
1087 1422 1342 1499 ἁμαρτία.
1378 1446 1406 1476 ι(
1439 1422 1554 1479 Ἵνα
1583 1422 1723 1497 φανῆ
1779 1421 1961 1495 ἀμαρ-

309 1515 423 1572 τία.
459 1537 489 1566 ››
519 1518 657 1581 Ἵνα,
688 1515 847 1592 φησὶ,
888 1511 1084 1589 δειχθῇ
1142 1516 1260 1577 πῶς
1322 1511 1510 1588 μιαρὰ,
1571 1515 1684 1574 πῶς
1744 1508 1960 1583 πονηρὰ

305 1605 399 1661 καὶ
431 1605 604 1679 ῗταμή
636 1607 728 1661 καὶ
777 1603 981 1685 ἴσχυρὰ
1037 1607 1072 1677 ἡ
1126 1603 1385 1679 ἁμαρτία,
1445 1601 1534 1659 διὰ
1587 1606 1683 1659 τοῦ
1737 1603 1957 1679 ἀγαθοῦ,

307 1693 559 1753 τουτέστι
616 1699 716 1750 τοῦ
771 1697 950 1770 νόμου
1007 1695 1196 1767 αὐτοῦ,
1255 1696 1348 1751 τὸν
1401 1695 1627 1760 θάνατον
1676 1692 1960 1771 κατειργά-

2072 530 2427 602 nire,ipsum
2450 530 2511 586 in
2538 531 2797 603 ipsomet
2825 532 3271 597 demonstravit.
3303 548 3511 605 aspere
3543 534 3724 591 simul

2072 625 2132 676 et
2159 621 2412 693 graviter
2438 620 2659 677 factum
2690 621 2852 677 illius
2894 623 3270 695 tyrannicum
3302 640 3369 678 ac
3401 622 3726 679 incredibi-

2070 725 2187 781 lem
2221 710 2655 767 demonstrans
2697 712 2908 768 Verum
2940 712 3079 784 quia
3103 712 3412 769 obscurius
3436 712 3722 786 quodam-

2071 799 2245 856 modo
2279 799 2500 856 dictum
2534 817 2662 857 esse
2695 801 3003 858 videbatur
3030 820 3137 875 per
3165 802 3404 860 crebam
3449 804 3721 875 ejusdem

2070 889 2331 947 nominis
2346 892 2782 963 repetitionem,
2794 909 2998 948 rursus
3012 897 3209 949 autem
3231 898 3461 949 mutato
3478 893 3719 948 nomine

2066 978 2497 1052 magnitudinis
2527 997 2595 1037 ac
2625 980 2964 1054 asperitatis
3013 981 3275 1038 ostensio
3309 982 3720 1053 enervabatur,

2069 1067 2281 1125 alludit
2311 1071 2552 1142 quidem
2583 1071 2657 1127 ad
2696 1088 2939 1140 nomen,
2994 1088 3106 1127 nec
3154 1071 3227 1127 ab
3285 1088 3354 1128 eo
3411 1073 3472 1127 in
3534 1078 3721 1128 totum

2068 1156 2340 1224 discedit,
2374 1161 2477 1216 sed
2504 1161 2646 1217 dum
2679 1162 2946 1218 enervari
2997 1161 3325 1228 videbatur,
3378 1161 3721 1218 ﬁrmitatem

2067 1248 2389 1323 subjungit.
2427 1252 2556 1321 ejus
2587 1250 2891 1308 additione
2921 1252 3078 1323 quod
3109 1260 3200 1308 est
3227 1252 3556 1308 secundum
3591 1269 3721 1308 ma—

2064 1339 2438 1412 gnitudinem
2466 1343 2534 1396 Et
2552 1341 2634 1397 ita
2655 1341 2834 1397 simul
2849 1342 2922 1397 ad
2942 1342 3001 1396 id
3020 1340 3178 1414 quod
3195 1342 3571 1398 manifestius
3592 1342 3719 1398 erat

2064 1429 2287 1503 pariter
2318 1436 2377 1486 et
2418 1438 2657 1488 acutum
2713 1448 2781 1488 ac
2841 1432 3180 1504 aSperitatis
3239 1432 3723 1506 signiﬁcativum,

2064 1526 2291 1577 mutato
2326 1537 2600 1577 sermone
2631 1522 2754 1577 ait:
2791 1522 2863 1579 Ut
2920 1521 3024 1577 fiat
3078 1522 3297 1577 mirum
3356 1523 3418 1578 in
3476 1523 3721 1579 modum

2063 1626 2318 1682 peccans
2351 1618 2677 1684 peccatum.
2713 1632 2742 1662 «
2776 1610 2848 1668 Ut
2878 1618 3217 1684 appareret,
3238 1635 3265 1662 ››
3300 1618 3411 1668 etc.
3441 1611 3731 1669 Utosten-

2067 1698 2328 1764 deretur,
2362 1699 2578 1771 inquit,
2612 1715 2792 1771 quam
2823 1700 3165 1768 scelestum,
3226 1717 3405 1772 quam
3457 1717 3724 1774 pravum,

303 1807 456 1842 σατο.
490 1786 763 1863 Μιγίστην
825 1769 883 1842 δὶ
940 1782 1111 1858 δηλοῖ
1165 1789 1266 1853 τῆς
1322 1785 1588 1860 ἁμαρτίας
1618 1784 1717 1855 τὴν
1777 1769 1958 1859 ῗσχῦν,

2071 1786 2408 1861 improbum
2430 1769 2499 1846 ac
2518 1769 2844 1846 violentum
2869 1790 2946 1846 sit
2966 1769 3272 1862 peccatum
3299 1807 3311 1844 :
3338 1807 3445 1863 per
3458 1769 3534 1845 id
3566 1791 3726 1863 quod

313 1872 486 1949 δεῖξαι
536 1872 711 1931 θέλων
762 1878 859 1931 τοῦ
915 1878 1149 1950 Χριστοῦ
1198 1875 1299 1945 τήν
1356 1873 1658 1949 ἆγαθότητα
1712 1871 1802 1929 καὶ
1857 1874 1959 1943 τήν

306 1962 520 2040 δωρεαν
577 1963 705 2035 ὅση,
761 1965 845 2020 ὃτι
933 1962 1137 2035 ταύτης
1219 1966 1367 2040 ἡμᾶς
1415 1971 1516 2034 τῆς
1572 1963 1799 2040 ἰσχυρᾶς
1868 1965 1955 2020 καὶ

308 2053 581 2136 ἆφεύκτου
621 2052 955 2126 ἀπήλλαξεν.
1024 2056 1190 2111 ιιἽνα
1247 2053 1547 2130 γένηται.»
1606 2055 1742 2122 Ἰνα,
1804 2053 1959 2134 φησὶ,

303 2141 509 2220 δειχθῇ
538 2144 708 2213 αὑτῆς
741 2145 769 2201 ὁ
800 2146 936 2207 ἅπας
967 2143 1070 2214 ἰὸς,
1099 2144 1186 2200 καὶ
1218 2146 1253 2215 ἡ
1284 2150 1429 2200 πᾶσα
1480 2143 1661 2202 κακία.
1705 2144 1783 2202 Τὸ
1830 2143 1957 2221 γὰρ,

305 2235 430 2299 καθ’
490 2229 826 2310 ὑπερϐολὴν,
886 2234 1182 2298 ἔπιτάσεώς
1242 2233 1404 2291 ἔστιν.
1466 2232 1543 2292 Οὐ
1614 2234 1807 2309 μικρὸν
1866 2230 1956 2287 οὗν

311 2318 523 2395 ὤνησεν
564 2325 593 2379 ὁ
647 2324 817 2399 νόμος
870 2330 1041 2380 πᾶσαν
1085 2324 1267 2395 αὐτῆς
1321 2323 1418 2394 τὴν
1475 2323 1693 2401 πικρίαν
1753 2324 1959 2378 ἀποκα-

308 2411 489 2488 λύψας
520 2409 841 2490 γενομένην.
868 2415 1044 2471 Τοῦτο
1076 2410 1133 2470 δὲ
1163 2410 1351 2485 δηλοῖ,
1379 2412 1464 2483 τὸ,
1499 2439 1527 2466 ιι
1546 2411 1788 2489 γένηται.
1818 2436 1846 2465 ››
1868 2410 1959 2467 ’ίνα

303 2502 673 2583 ἀποκαλυφθῇ
703 2500 999 2581 γενομένη,
1026 2503 1116 2559 ἳνα
1151 2500 1241 2560 διὰ
1298 2507 1427 2583 γοῦν
1476 2507 1638 2560 τοῦτο
1696 2503 1957 2583 φύγωμεν

301 2596 495 2665 αὐτήν.

2068 1877 2293 1935 bonum
2324 1883 2469 1949 erat,
2504 1878 2657 1937 292
2689 1895 2905 1952 nempe
2940 1879 3133 1951 ipsam
3165 1878 3378 1952 legem,
3412 1887 3722 1952 operatum

2071 1974 2161 2026 est
2191 1975 2469 2026 mortem.
2503 1970 2821 2028 Maximum
2853 1976 3051 2027 autem
3084 1970 3309 2043 peccati
3338 1969 3519 2027 robur
3543 1970 3726 2045 Iindi-

2071 2064 2185 2131 cat,
2220 2058 2534 2115 ostendere
2564 2059 2768 2116 volens
2798 2059 3014 2117 Christi
3045 2059 3374 2117 bonitatem
3425 2064 3483 2115 et
3541 2068 3729 2132 quan-

2070 2156 2197 2206 tum
2229 2150 2303 2205 sit
2335 2149 2465 2222 ejus
2497 2149 2741 2217 donum,
2774 2149 2874 2222 qui
2926 2149 3084 2223 gravi
3133 2148 3246 2206 hoc
3296 2156 3354 2206 et
3401 2149 3729 2206 inevitabili

2070 2239 2229 2295 malo
2261 2256 2373 2295 nos
2403 2238 2695 2296 liberavit.
2731 2240 2801 2297 Ut
2834 2239 3004 2296 ﬁeret
3032 2240 3252 2297 mirum
3286 2240 3348 2295 in
3390 2236 3665 2297 modum.
3700 2260 3727 2290 ιι

2072 2329 2143 2386 Ut
2173 2329 2590 2387 ostenderetur
2620 2346 2797 2386 omne
2855 2330 2985 2403 ejus
3033 2347 3355 2395 venenum,
3406 2330 3725 2403 omnisque

2069 2419 2318 2477 malitia.
2356 2420 2521 2486 Quod
2552 2426 2751 2477 autem
2782 2420 2865 2476 ait
2893 2420 3012 2483 καθ’
3044 2413 3357 2495 ὑπερϐολήν
3382 2436 3490 2492 per
3519 2436 3725 2477 exces-

2071 2526 2201 2567 sum
2234 2508 2315 2581 (id
2346 2516 2437 2565 est
2462 2510 2676 2565 mirum
2710 2510 2773 2564 in
2801 2509 3091 2583 modum),
3115 2509 3586 2584 exaggerationis
3608 2515 3725 2569 est.

2069 2601 2193 2656 Non
2222 2616 2430 2672 parum
2462 2599 2660 2672 itaque
2684 2599 2840 2673 juvit
2884 2599 2979 2655 lex
3029 2614 3160 2672 qua:
3210 2616 3451 2655 omnem
3501 2598 3726 2654 detexit

301 2684 469 2741 illius
498 2685 959 2743 amaritudinem
994 2703 1126 2760 qum
1157 2692 1333 2743 antea
1358 2685 1573 2744 fuerat.
1604 2687 1724 2743 Hoc
1750 2692 1948 2744 autem
1980 2687 2297 2761 significat,
2331 2712 2358 2739 «
2393 2689 2466 2745 Ut
2495 2689 2683 2760 ﬁeret,
2714 2711 2742 2738 ››
2776 2688 2835 2744 id
2864 2693 2972 2758 est,
3001 2695 3068 2745 ut
3098 2688 3260 2762 quod
3316 2688 3538 2745 factum
3597 2692 3726 2744 erat

306 2773 703 2848 detegeretur,
735 2782 800 2831 ut
828 2783 1142 2849 propterea
1171 2783 1328 2833 certe
1360 2776 1508 2833 illud
1539 2777 1855 2850 fugiamus.

370 2859 613 2936 Οἴδαμεν
664 2862 769 2941 γὰρ
849 2863 934 2920 ὅτι
992 2865 1021 2920 ὁ
1078 2863 1251 2940 νόμος
1334 2864 1699 2939 πνεὺματικός
1784 2864 1948 2921 ἐστιν·

297 2949 409 3027 ἑγὼ
492 2950 549 3007 δὲ
644 2954 904 3026 σαρκικός
990 2953 1127 3026 εἰμι,
1234 2955 1577 3032 πεπραμένος
1660 2954 1761 3010 ὑπὸ
1852 2956 1953 3024 τήν

299 3038 595 3116 ἁμαρτίαν.
650 3042 719 3099 Ὄ
774 3042 878 3119 γὰρ
934 3043 1357 3119 κατεργάζομαι,
1418 3043 1480 3099 οὐ
1548 3043 1820 3120 γινώσκω.
1872 3042 1950 3101 Οὐ

299 3131 407 3206 γὰρ
460 3132 491 3185 δ
547 3130 714 3197 θὲὶω,
771 3135 934 3186 τοῦτο
991 3132 1238 3207 πράσσω,
1297 3131 1426 3189 ἀλλ’
1477 3132 1507 3188 ὅ
1568 3136 1733 3206 μισῶ,
1790 3135 1951 3188 τοῦτο

301 3223 471 3278 ποιῶ.
535 3219 598 3277 Εἴ
655 3215 713 3276 δὲ
770 3220 800 3275 ὅ
857 3220 922 3276 οὗ
980 3219 1146 3291 θέλω,
1200 3225 1364 3277 τοῦτο
1438 3226 1606 3295 ποιῶ,
1692 3222 1953 3298 σύμ-ρημι

2136 2868 2250 2933 VII,
2283 2866 2462 2922 14-17.
2496 2866 2711 2923 Scimus
2741 2868 2886 2922 enim
2915 2866 3066 2938 quod
3114 2867 3204 2922 lea:
3245 2865 3559 2937 spiritualis
3606 2871 3708 2935 est,

2062 2964 2118 3013 at
2148 2973 2247 3027 ego
2275 2956 2518 3012 carnalis
2547 2972 2667 3012 sum
2697 2956 3039 3012 venundatus
3068 2955 3167 3011 sub
3217 2961 3525 3026 peccatum.
3574 2955 3712 3011 Nam

2062 3046 2212 3120 quod
2249 3061 2463 3116 operor,
2503 3061 2615 3100 non
2656 3060 2936 3115 cognosco.
2994 3045 3112 3100 Non
3165 3043 3311 3100 enim
3360 3043 3509 3116 quod
3561 3044 3706 3114 volo,

2061 3135 2163 3190 hoc
2189 3137 2358 3204 f-zcio,
2390 3134 2485 3190 sed
2512 3139 2659 3205 quod
2689 3133 2801 3199 odi,
2835 3133 2936 3189 hoc
2965 3149 3090 3205 ago.
3122 3134 3184 3191 Si
3212 3139 3393 3190 autem
3423 3134 3570 3206 quod
3596 3148 3709 3189 non

2060 3224 2182 3282 volo
2212 3226 2312 3281 hoc
2337 3227 2508 3295 facio,
2537 3226 2811 3281 consentio
2855 3222 2965 3296 legi
3014 3226 3161 3296 quod
3210 3225 3351 3281 bona
3392 3226 3513 3280 sit:
3560 3238 3710 3281 nunc

300 3306 386 3383 τῷ
442 3330 604 3383 νομῳ
663 3308 746 3364 δτι
804 3307 997 3371 καλός.
1056 3312 1188 3369 Νυνῖ
1242 3309 1299 3367 δὲ
1355 3310 1456 3367 οὐκ
1510 3309 1589 3368 ἔτι
1646 3310 1757 3387 ἐγὼ
1820 3332 1951 3367 κατ-

2069 3322 2246 3371 autem
2265 3317 2389 3387 jam
2417 3331 2529 3370 non
2558 3331 2652 3387 ego
2681 3330 2880 3387 operor
2910 3314 3073 3383 illud,
3101 3314 3194 3372 sed
3223 3314 3373 3386 quod
3401 3313 3616 3372 habitat
3648 3315 3711 3369 in

305 3398 607 3476 εργάζομαι
666 3398 816 3469 αὐτὸ,
878 3397 1007 3455 ἀλλ’
1061 3403 1097 3472 ἡ
1154 3400 1377 3457 οἰκοῦσα
1431 3399 1484 3458 ἓν
1570 3400 1694 3476 ἐμοὶ
1764 3401 1950 3478 ἀμαρ-

298 3489 410 3548 τίοι.

368 3575 600 3648 Ἐπειδή
632 3579 757 3635 εἶπε
792 3580 884 3635 τὸν
941 3580 1114 3656 νόμον
1174 3580 1345 3638 αἶ’τιον
1395 3588 1496 3653 τῆς
1555 3580 1844 3658 ἁμαρτίας,
1905 3579 1953 3637 εἴ

294 3667 389 3724 καῖ
425 3670 505 3742 μή
549 3670 695 3740 παρᾶ
749 3670 850 3739 τὴν
908 3670 1075 3726 αὐτοῦ
1134 3670 1306 3740 σύσιν,
1360 3667 1457 3727 ἵνα
1516 3673 1591 3745 μή
1652 3670 1950 3745 νομίσωσιν

300 3758 469 3814 αὐτὸν
497 3759 633 3813 κατᾶ
661 3763 756 3813 τοῦ
784 3758 959 3835 νόμου
1005 3758 1210 3835 λέγειν,
1260 3760 1324 3816 οὐ
1382 3762 1547 3834 μόνον
1604 3760 1766 3816 αὐτὸν
1825 3780 1953 3816 κατ-

302 3847 536 3926 ηγορίας
590 3846 953 3917 ἀπαλλάσσει,
1013 3849 1163 3907 ἀλλὰ
1217 3851 1305 3908 καὶ
1357 3850 1688 3929 ἐγκωμιάζει
1765 3850 1953 3911 αὐτόν.

300 3942 617 4016 Κατηγορεῖ
646 3936 705 3995 δὲ
734 3942 843 3996 τῶν
888 3940 967 4014 μή
1026 3938 1399 4012 φυλαξάντων.
1457 3942 1519 4000 Ὀ
1576 3940 1746 4015 νόμος
1804 3936 1958 3996 διδά-

303 4027 529 4099 σκαλος,
557 4027 747 4107 φησὶν,
780 4028 1006 4107 ἀρετῆς,
1049 4029 1321 4103 πολέμιος
1366 4032 1666 4109 ἁμαρτιῶν.
1718 4056 1747 4085 ι(
1779 4037 1955 4088 Πνευ-

305 4118 534 4192 ματικός
564 4116 725 4178 ἐστιν,
760 4141 790 4171 ι»
853 4151 920 4162 -—
979 4120 1533 4198 [0|K0)‘MENIUI‘.]
1590 4126 1797 4198 Δῶρον,
1847 4142 1955 4200 φη·-

305 4206 511 4277 03,103
558 4208 716 4287 ἁγίου
783 4207 1121 4282 Ηνεύματος,
1177 4211 1266 4266 καί
1337 4208 1518 4286 ὥσπερ
1574 4211 1953 4288 ὗπαγόρευσις.

303 4297 379 4355 Ἦ
412 4299 774 4372 πνευματικὸς
804 4300 888 4356 ὅτι
919 4301 985 4356 τὰ
1030 4303 1128 4356 τοῦ
1182 4299 1495 4374 Ιινεύματος
1540 4300 1817 4377 βούλεται,
1866 4301 1956 4356 καὶ

300 4385 372 4441 τὰ
397 4387 735 4466 συμφέροντα
786 4392 944 4460 ζητεῖ
995 4395 1096 4460 τῆς
1148 4392 1351 4466 ψυχῆς.
1415 4390 1554 4467 Ἐγὼ
1611 4387 1669 4445 δὲ
1721 4390 1806 4445 ’ὁτι
1859 4390 1958 4453 τὰς

302 4481 408 4545 τῆς
469 4478 663 4551 σαρκὸς
718 4478 1006 4550 ἐπιθυμίας
1066 4475 1275 4549 διώκω,
1335 4480 1590 4555 σαρκικός
1648 4478 1782 4553 ε’μι.
1845 4478 1960 4537 Οὐκ

303 4566 425 4621 εἷπε
456 4563 535 4637 δὲ,
564 4567 747 4641 Ὑμεῖς
780 4567 833 4622 οἱ
876 4572 956 4639 τῷ
1002 4567 1159 4641 νόμῳ
1216 4569 1498 4645 χρώμενοι
1548 4569 1636 4625 καὶ
1688 4565 1963 4644 παραόαίέ

2056 3422 2141 3461 me
2162 3410 2474 3478 peccatum.

2130 3581 2622 3656 Quandoquidem
2652 3582 2801 3639 dixit
2830 3582 3020 3657 legem
3044 3598 3282 3639 causam
3305 3597 3436 3639 esse
3458 3581 3707 3654 peccati,

2061 3691 2403 3747 quanquam
2436 3691 2556 3729 non
2587 3673 2660 3729 ab
2692 3673 2853 3728 illius
2883 3678 3115 3740 natura,
3149 3688 3224 3728 ne
3256 3688 3385 3728 eam
3410 3671 3708 3727 arbitren-

2060 3771 2157 3821 tur
2177 3764 2337 3837 loqui
2362 3770 2569 3820 contra
2591 3763 2801 3837 legem.
2826 3778 2946 3817 non
2970 3761 3163 3818 solum
3189 3776 3318 3815 eam
3335 3758 3712 3817 accusatione

2060 3853 2293 3919 liberat,
2327 3853 2432 3910 sed
2461 3859 2519 3910 et
2550 3852 2751 3909 laudat
2772 3851 2956 3907 illam.
2984 3852 3237 3906 Accusat
3263 3854 3462 3904 autem
3485 3864 3587 3905 eos
3609 3847 3711 3920 qui

2062 3960 2183 4000 non
2214 3942 2688 4000 observaverunt.
2724 3942 2857 4009 Lex,
2888 3939 3103 4010 inquit,
3129 3937 3365 3995 virtutis
3385 3944 3716 4010 praeceptor

2063 4038 2171 4094 est.
2205 4032 2393 4087 hostis
2424 4036 2821 4102 peccatorum.
2856 4050 2883 4079 ι(
2912 4025 3247 4100 Spiritualis
3270 4032 3379 4084 est.
3406 4050 3433 4077 »
3459 4027 3711 4096 Donum,

2063 4122 2277 4194 inquit,
2311 4121 2500 4178 sancti
2528 4120 2781 4191 Spiritus
2824 4135 2891 4175 ac
2938 4117 3117 4174 veluti
3166 4117 3541 4174 contestatio.
3597 4120 3716 4176 Aut

2064 4209 2390 4283 spiritualis
2413 4215 2522 4277 est,
2555 4209 2695 4281 quia
2718 4207 2843 4265 vult
2872 4224 2942 4264 ea
2974 4225 3105 4280 qum
3147 4213 3287 4263 sunt
3333 4206 3600 4280 spiritus,
3657 4212 3717 4263 et

2065 4300 2168 4357 illa
2198 4303 2412 4373 quaerit
2441 4315 2572 4372 qua!
2605 4299 2819 4355 anima;
2854 4297 3214 4355 conducunt.
3248 4297 3364 4370 Ego
3394 4312 3553 4365 vero,
3576 4294 3717 4367 quia

2066 4391 2263 4448 carnis
2291 4388 2810 4461 concupiscentias
2872 4403 3221 4460 persequor,
3271 4385 3529 4441 carnalis
3560 4382 3715 4443 sum.

2066 4483 2190 4537 Non
2223 4479 2369 4536 dixit
2399 4487 2593 4535 autem
2623 4496 2637 4534 :
2671 4479 2784 4534 Vos
2815 4478 2914 4550 qui
2949 4477 3139 4550 legem
3173 4476 3395 4532 utendo
3417 4480 3716 4549 transgre-

2067 4570 2317 4637 dinzini;
2352 4588 2428 4628 ne
2456 4586 2688 4644 gravem
2723 4569 3000 4625 redderet
3030 4582 3367 4623 sermonem
3422 4572 3483 4621 et
3523 4565 3719 4620 mole-

302 4654 629 4717 vov:s;:'lva
658 4659 734 4729 μή
763 4658 969 4733 τραχὺν
1029 4656 1118 4712 καὶ
1160 4657 1372 4735 ἐπαχθῆ
1423 4659 1515 4715 τὸν
1570 4658 1738 4735 λόγον
1786 4660 1955 4731 ποιή-

2069 4668 2244 4724 slum,
2281 4661 2404 4727 sed,
2441 4684 2466 4709 «ι
2500 4662 2637 4735 Ego.
2678 4684 2703 4708 η
2735 4659 2969 4731 inquit:
3004 4674 3135 4729 quae
3166 4656 3406 4712 illorum
3439 4662 3608 4712 erant
3654 4654 3715 4711 in

307 4764 402 4819 σῃ,
443 4744 572 4801 ἀλλ’
605 4769 634 4800 ιι
663 4746 826 4823 Ἐγὼ.
864 4772 890 4799 ι)
924 4748 1058 4823 ςνησὶ
1087 4748 1154 4803 τὰ
1183 4747 1399 4805 ἐκείνων
1451 4748 1531 4826 ἐφ’
1577 4747 1769 4805 ἑαυτοῦ
1822 4769 1961 4826 σχη-

312 4835 581 4911 ματέζων,
611 4836 700 4891 καὶ
734 4836 929 4915 ἐφεκῆς
964 4835 1021 4893 ἃ
1060 4838 1234 4902 οὓτως
1291 4842 1458 4907 ποιεῖ,
1512 4838 1577 4894 τὸ
1631 4838 1809 4916 τραχῦ
1867 4837 1959 4895 καὶ

312 4922 553 5004 σφοδρὸν
584 4922 813 4989 ἐκλύων,
845 4924 935 4981 καὶ
967 4926 1195 4983 λεαίνων
1225 4931 1293 5002 τῇ
1322 4926 1443 5000 περὶ
1493 4927 1680 4985 ἑαυτὸν
1735 4948 1962 5008 σχημαέ

311 5010 571 5091 τολογῖᾳ.
607 5040 634 5067 ιι
669 5014 934 5088 Σαρκικός
983 5014 1120 5089 εἷμι.
1156 5040 1186 5070 ››
1242 5016 1413 5075 Αὐτὸς
1471 5018 1500 5073 ὁ
1556 5016 1841 5093 ἅνθρῶπος
1899 5017 1962 5074 οὗ

310 5105 449 5158 καθά
478 5100 625 5159 ἐστιν
657 5100 966 5179 ἅνθρωπος,
1006 5102 1153 5161 ἀλλὰ
1182 5106 1315 5161 καθὸ
1345 5104 1518 5169 οὕτως
1565 5106 1785 5169 δαυτοὺς
1832 5106 1962 5180 ἥξα-

316 5213 436 5264 μεν,
468 5190 599 5247 Ὑπὸ
652 5194 751 5261 τὴν
812 5193 1121 5266 ἐπιθυμίαν,
1183 5196 1339 5268 φησὶ,
1390 5194 1636 5268 κείμενος
1692 5202 1791 5266 τῆς
1842 5216 1967 5271 σαρ-

308 5280 433 5347 κὸς,
464 5279 555 5335 καὶ
587 5277 854 5337 ἐπιτελῶν
882 5282 949 5337 τὰ
992 5283 1280 5354 ἀρέσκοντα
1330 5288 1427 5339 τοῦ
1470 5283 1744 5357 σώματος.
1800 5308 1828 5335 «ι
1865 5290 1963 5339 Πε-

310 5370 589 5443 πραμένος
640 5371 745 5426 ὑπὸ
798 5372 899 5441 τήν
962 5372 1252 5448 ἁμαρτίαν,
1285 5397 1313 5426 η
1376 5374 1522 5431 Μετά
1570 5393 1676 5451 γαρ
1727 5377 1825 5429 τοῦ
1869 5372 1965 5429 θα-

295 5459 490 5527 νάτου,
539 5458 698 5534 φησί,
752 5460 839 5515 καὶ
899 5461 928 5517 ὁ
982 5465 1090 5517 τῶν
1150 5467 1334 5527 παθῶν
1395 5462 1721 5531 ὑπεισῆλθεν
1779 5461 1963 5535 ἐσμός.

294 5550 430 5606 υἱον
480 5547 642 5626 ὀργὴ,
705 5548 880 5622 λύπη,
936 5549 1201 5627 ἰπιθυμία
1256 5554 1421 5625 κακά.
1484 5553 1744 5625 Τούτοις,
1806 5554 1962 5632 φησὶ,

300 5634 745 5713 παραδεδομίνος
773 5638 951 5714 ἢμην.
981 5645 1157 5699 Τοῦτο
1185 5641 1290 5725 γὰρ
1317 5642 1403 5714 τὸ,
1453 5666 1482 5695 ιι
1515 5641 1903 5720 Πεπραμενος.
1937 5664 1967 5697 ιι

635 5771 911 5840 Pauor.
965 5772 1078 5838 Gn.
1122 5772 1390 5839 οχνιιι.

2069 4752 2263 4823 seipso
2297 4751 2577 4824 figurans.
2614 4750 2699 4805 lta
2726 4757 2922 4806 autem
2961 4754 3019 4802 et
3048 4747 3106 4801 in
3140 4744 3528 4816 sequentibus
3556 4745 3719 4813 facit,

2071 4841 2449 4914 asperitatem
2482 4846 2542 4896 et
2580 4837 3014 4895 vehementiam
3066 4834 3305 4893 diluens
3350 4851 3419 4891 ac
3469 4834 3721 4906 leniens,

2074 4924 2493 4987 transformata
2518 4929 2576 4984 in
2603 4926 2865 5000 seipsum
2893 4941 3191 4982 sermone.
3211 4950 3234 4972 «ι
3258 4924 3724 4980 Carnalissum.»

2072 5007 2198 5078 Non
2231 5021 2355 5092 ipse
2387 5022 2565 5075 homo
2599 5015 2926 5073 secundum
2952 5013 3109 5086 quod
3143 5015 3319 5069 homo
3351 5019 3461 5074 est.
3515 5031 3722 5071 secun-

2076 5109 2215 5166 dum
2249 5108 2406 5181 quod
2437 5124 2547 5163 nos
2576 5106 2736 5178 ipsos
2765 5105 2848 5160 ita
2895 5103 3171 5159 duximus
3216 5118 3228 5157 :
3280 5101 3397 5157 Sub
3445 5104 3730 5175 concupi-

2076 5197 2322 5263 scentia,
2352 5195 2797 5266 inquit.jaceus
2820 5191 3035 5247 carnis.
3073 5204 3323 5260 quinque
3346 5190 3577 5261 corpori
3602 5192 3746 5262 pla-~

2077 5287 2272 5344 centia
2302 5282 2808 5355 suutperliciens.
2846 5302 2869 5331 ιι
2922 5277 3304 5335 Venundatus
3362 5277 3471 5333 sub
3524 5295 3728 5350 pecca-

2077 5383 2219 5433 tum.
2244 5396 2264 5424 ι
2294 5372 2481 5428 Simul
2505 5373 2665 5427 enim
2690 5386 2822 5426 cum
2848 5375 3035 5425 mort).
3056 5384 3124 5441 gr
3160 5382 3198 5422 x
3220 5367 3393 5422 etiam
3410 5370 3731 5424 affectuum

2078 5463 2458 5523 suliintravit:
2485 5468 2628 5534 puta
2646 5458 3019 5525 ira,tristitia.
3037 5455 3522 5527 concupiscentia
3543 5458 3727 5525 mala;

2076 5555 2193 5623 his,
2226 5555 2439 5627 inquit,
2474 5552 2726 5609 traditus
2758 5551 3008 5607 fueram.
3063 5548 3207 5604 Nam
3259 5545 3370 5603 hoc
3417 5548 3731 5621 signiﬁcat,

2085 5667 2106 5696 ι
2143 5642 2551 5702 Venundatus.
2586 5671 2614 5695 υ
2646 5642 2895 5699 Fueram
2921 5638 3121 5696 autem
3146 5636 3398 5694 traditus
3419 5634 3728 5694 affectibus
