4198 6198
480 329 602 390 459

1604 314 2035 384 (ECUMENII
2077 312 2382 378 micon:
2425 317 2810 413 Episcopi.

3765 315 3890 415 ιθρ

472 462 878 544 principatum
894 455 1340 513 sumentibusin
1355 456 1824 528 transgressione
1839 471 1968 527 qua:
1986 453 2135 509 facta

2254 447 2639 526 Ιιαρεδεεὸμην
2676 450 2914 523 δέ,-τῶν
2975 457 3161 515 παθῶν
3215 451 3396 528 ἀρχὴν
3455 444 3740 508 λαϐόντων
3794 451 3894 518 τὴν

486 559 575 606 est
603 566 708 622 per
737 547 940 602 Adam.
981 570 1000 597 ιι
1033 548 1178 602 Nam
1203 546 1362 618 quod
1390 562 1603 618 Operor
1623 563 1744 600 non
1768 561 2131 618 cognosco.»

469 717 474 722 ’
560 727 710 783 293
745 726 968 781 Deinde
1019 726 1164 781 dicit
1213 725 1510 798 quomodo
1571 723 1891 780 venundati
1949 723 2136 778 simus

473 807 595 870 sub
629 825 964 888 peccatum.
1008 817 1132 870 Non
1165 833 1473 888 c0gnosco,
1507 815 1608 872 ait.
1647 814 1940 884 quomodo
1974 813 2135 868 deci-

485 907 616 978 pior
647 913 706 960 et
735 905 1025 977 corripior
1055 907 1162 960 sub
1195 913 1537 976 peccatum:
1581 904 1782 959 furtim
1827 903 1982 959 enim
2045 921 2138 957 ra-

485 996 620 1068 pior
652 1003 714 1050 ut
746 996 1010 1068 ignorem
1067 995 1496 1066 propemodum
1543 994 1684 1065 quid
1733 993 1941 1065 patiar.
1995 993 2138 1048 Nam

483 1092 804 1156 postquam
837 1085 1114 1140 venditus
1147 1091 1236 1140 est
1267 1085 1465 1148 homo,
1500 1084 1808 1154 factusque
1841 1083 1948 1137 sub
2000 1099 2140 1154 pec-

485 1181 705 1238 catum,
739 1191 860 1228 non
893 1174 1195 1246 cognoscit
1247 1174 1392 1244 quid
1431 1179 1730 1244 operetur,
1777 1171 1944 1226 foedae
1999 1187 2137 1226 con-

485 1262 817 1318 suetudinis
849 1263 1114 1318 dominio
1138 1262 1480 1316 omnimode
1508 1267 1735 1332 captus,
1761 1278 1892 1331 quas
1917 1276 1990 1314 ne
2015 1275 2144 1330 per-

483 1345 672 1426 mittit.
700 1351 940 1423 quidem
973 1358 1038 1406 ut
1085 1351 1232 1406 sciat
1291 1350 1514 1405 malum
1577 1367 1705 1405 esse
1764 1349 1924 1420 quod
1982 1348 2142 1420 agit:

483 1437 736 1510 ideoque
768 1440 926 1510 quod
969 1439 1103 1494 odio
1135 1443 1616 1510 prosequeretur,
1659 1444 1718 1493 et
1766 1451 2142 1508 nequaquam

483 1528 728 1601 eligeret
757 1529 805 1584 si
835 1528 1108 1584 venditus
1140 1545 1260 1582 non
1308 1533 1482 1596 esset,
1547 1527 1652 1582 sed
1701 1526 1880 1592 liber,
1931 1527 2044 1582 hoc
2089 1519 2148 1581 εἴ

483 1617 646 1690 eligit
671 1618 798 1690 jam
834 1618 1105 1674 venditus
1138 1621 1196 1672 et
1224 1623 1545 1689 Operatur:
1580 1615 1738 1688 quod
1772 1617 1820 1670 si
1881 1613 2037 1670 liber
2091 1613 2149 1670 et

471 1706 602 1763 non
637 1708 931 1774 venditus,
963 1707 1067 1762 sed
1099 1713 1325 1761 naturae
1372 1707 1704 1768 restitutus,
1763 1721 2149 1776 nequaquam

2243 538 2294 593 ἐν
2346 538 2523 618 Ἀδάμ
2579 539 2903 618 παράϐασιν.
2965 567 2993 596 ιι
3055 545 3123 601 "0
3183 545 3288 620 γάρ
3347 542 3770 618 κατεργίζνιμαι,
3831 540 3895 595 οὐ

2240 649 2323 703 γιν
2333 651 2514 687 ωσκω.
2555 657 2582 681 n

2317 721 2448 774 Εἶτα
2480 718 2775 798 λέγειπῶς
2807 723 3132 794 πεπράμεθα
3185 719 3288 776 ὑπὸ
3336 723 3434 790 τήν
3485 719 3767 794 ἁμαρτίαν.
3819 719 3896 776 Οὐ

2243 832 2521 884 γινωσκῑυ,
2575 813 2731 886 φησὶ,
2791 816 2910 874 πῶς
2971 810 3276 886 ἀπατῶμαι
3334 809 3423 865 καὶ
3491 813 3901 885 συναρπάζομαι

2246 900 2324 960 εἲς
2381 901 2481 968 τήν
2543 901 2830 973 ἁμαρτίαν
2886 899 3220 973 κλέπτομαι,
3275 901 3464 980 φησὶν,
3533 899 3608 960 ὡς
3699 902 3897 974 μικροῦ

2249 987 2389 1063 μηδὲ
2422 987 2612 1044 εἶδέναι
2644 991 2698 1046 τί
2732 993 2952 1066 πάσχω.
3009 991 3153 1046 Μετᾶ
3213 991 3316 1065 γάρ
3376 991 3437 1045 τὸ
3497 996 3766 1063 πραθῆναι
3806 987 3900 1042 καὶ

2245 1080 2607 1154 γενέσθαιτὸν
2641 1079 2920 1150 ἄνθρωπον
2959 1081 3062 1135 ὑπὸ
3115 1082 3212 1150 τήν
3271 1081 3563 1154 ἁμαρτίαν,
3615 1077 3677 1131 οὐ
3727 1077 3900 1152 γινώ-

2248 1189 2359 1224 σκει
2394 1170 2422 1223 δ
2451 1171 2853 1245 κατεργάζεται.
2880 1177 2982 1239 τῆς
3015 1171 3298 1240 συνηθείας
3327 1177 3425 1238 τῆς
3470 1167 3702 1243 αἰσχρᾶς
3760 1188 3898 1221 παν-

2247 1255 2420 1321 τελῶς
2480 1260 2647 1314 αὐτοῦ
2705 1259 3088 1334 κυριευσάσης,
3143 1259 3234 1313 καὶ
3299 1255 3439 1331 μηδὲ
3495 1257 3897 1334 συγχωρούσης

2251 1343 2447 1401 εῗόἑναι
2507 1346 2591 1402 ὅτι
2647 1345 2678 1402 ὅ
2731 1351 2952 1423 πράττει
3013 1348 3175 1403 κακόν
3233 1347 3366 1403 ἐστιε
3425 1348 3516 1402 Διὸ
3571 1347 3660 1402 καὶ
3719 1347 3747 1400 ὃ
3808 1344 3900 1418 ἐμί

2253 1456 2331 1491 σει
2381 1431 2439 1490 ἅν
2503 1435 2548 1492 εἷ
2607 1435 2844 1512 ἅπρατος
2899 1438 2990 1493 καὶ
3076 1436 3358 1508 ἐλεύθερος
3417 1436 3510 1506 ἦν,
3567 1435 3661 1490 καὶ
3714 1434 3744 1490 ὅ
3796 1435 3901 1489 οὐκ

2253 1524 2312 1579 ἄν
2348 1523 2551 1590 εἶ’λετο,
2592 1531 2756 1582 τοῦτο
2812 1525 2903 1581 καὶ
2961 1529 3192 1602 αἱρεῖται
3247 1524 3599 1603 πεπραμένος
3657 1522 3764 1594 ἤδη
3827 1521 3902 1577 ὥν

2252 1616 2343 1669 καὶ
2373 1615 2618 1691 πράττει.
2653 1617 2718 1673 Εἰ
2779 1613 2835 1672 δὲ
2893 1615 3180 1693 ἐλεύθερος
3238 1613 3311 1670 ὢν
3366 1615 3454 1670 καὶ
3515 1614 3754 1690 ἂπρατος
3810 1613 3903 1667 καὶ

2247 1698 2388 1782 ίκατά
2420 1705 2574 1784 φύσιν
2607 1707 2710 1762 οὐκ
2737 1705 2797 1761 ἂν
2828 1706 3062 1779 εἱλόμην
3111 1705 3144 1760 ἅ
3189 1710 3279 1760 νῦν
3348 1705 3512 1761 ποιῶ·
3574 1723 3902 1778 συμμαρτυ-

481 1799 770 1871 eligerem
803 1814 934 1868 qua:
968 1813 1127 1851 nunc
1159 1811 1288 1868 ago,
1323 1794 1619 1850 assentior
1649 1795 1763 1866 legi
1797 1793 1953 1864 quod
1987 1792 2141 1848 bona

2254 1799 2333 1868 ρῶ
2362 1781 2442 1867 τῷ
2473 1796 2630 1868 νόμῳ
2671 1797 2751 1851 ὅτι
2803 1794 2992 1857 καλός.
3039 1797 3250 1852 Ἐκεῖνα
3303 1796 3404 1870 γάρ
3467 1815 3561 1868 μοι
3613 1793 3903 1872 ψηφίξεται

489 1888 602 1942 sit:
635 1887 778 1942 talia
810 1887 967 1940 enim
1001 1886 1146 1939 mihi
1177 1883 1458 1953 fugienda
1480 1883 1763 1938 decernit.
1784 1885 1920 1948 Qua:
1946 1889 2005 1937 et
2037 1899 2139 1954 ego

490 1977 552 2030 in
570 1975 824 2030 naturali
843 1975 1067 2046 positus
1089 1972 1700 2045 libertatejudicarem
1720 1989 1848 2028 esse
1867 1971 2144 2042 fugienda

479 2061 556 2120 ac
589 2065 721 2141 odio
757 2064 950 2136 digna.
989 2066 1152 2118 Nunc
1184 2069 1380 2118 autem
1415 2062 1783 2118 venundatus
1804 2067 1859 2116 et
1881 2061 1989 2116 sub
2013 2079 2144 2133 pec-

475 2149 698 2214 :calum
725 2153 946 2224 lapsus,
972 2159 1251 2224 tanquam
1279 2151 1439 2206 illius
1465 2151 1776 2222 imperium
1803 2151 2054 2222 patiens,
2087 2155 2146 2204 et

501 2243 563 2298 in
597 2244 723 2313 ejus
756 2247 1106 2313 potestatem
1139 2241 1432 2307 redactus,
1466 2240 1673 2311 illique
1728 2239 2142 2295 subserviens:

499 2333 582 2388 ita
615 2332 832 2387 malum
865 2349 1097 2404 operor.
1135 2331 1292 2402 quod
1323 2331 1383 2384 in
1433 2330 1706 2385 libertate
1760 2331 1989 2401 positus
2041 2346 2140 2384 ne-

499 2439 794 2494 quaquam
821 2421 1072 2490 egissem
1118 2419 1379 2484 Quodam
1415 2420 1614 2492 itaque
1647 2421 1823 2474 modo
1849 2435 1951 2492 ego
1999 2418 2147 2472 illud

499 2528 620 2567 non
653 2528 884 2583 Operor.
921 2511 1022 2566 sed
1059 2511 1156 2580 qui
1192 2510 1454 2564 devictus
1487 2516 1576 2563 est
1605 2526 1672 2564 ac
1699 2510 1757 2562 in
1787 2508 2008 2580 peccati
2045 2525 2142 2581 po-

485 2609 772 2657 'teslatem
801 2601 1092 2655 redactus.
1121 2602 1248 2670 Ipse
1272 2605 1467 2654 autem
1498 2598 1935 2662 signiﬁcantius
1966 2599 2145 2652 dicit:

504 2711 525 2739 ι
552 2691 660 2745 Sed
683 2691 842 2762 quod
873 2689 1097 2745 habitat
1127 2689 1187 2744 in
1216 2705 1305 2743 me
1335 2695 1659 2759 peccatum.
1689 2709 1716 2737 ››
1741 2690 1884 2744 Nam
1917 2687 2070 2742 sicut
2101 2688 2150 2741 is

498 2781 600 2851 qui
629 2781 874 2835 domum
900 2779 1145 2838 habitat.
1181 2794 1552 2848 quaecunque
1575 2778 1732 2832 circa
1747 2777 1986 2833 domum
2014 2782 2152 2832 sunt

501 2877 1150 2942 Operatur,quanquam
1175 2885 1315 2922 usus
1340 2867 1416 2922 sit
1438 2869 1500 2922 in
1525 2867 1881 2938 quibusdam
1903 2867 2149 2922 auxilia-

499 2960 644 3016 trice
679 2960 852 3014 domo
880 2976 893 3015 :
927 2959 1009 3013 ita
1036 2963 1094 3013 et
1114 2963 1443 3030 peccatum,
1469 2955 1682 3028 inquit.
1709 2963 2021 3028 postquam
2054 2973 2148 3011 me

503 3050 840 3110 dedititium
864 3049 1112 3120 accepit,
1145 3047 1377 3119 ipsique
1409 3047 1812 3102 venundatum
1851 3047 2150 3102 inhabita-

501 3142 604 3206 νῑι,
639 3147 695 3194 et
725 3139 1014 3211 quidquid
1046 3137 1119 3194 ad
1151 3154 1213 3192 se
1245 3143 1472 3208 spectat
1494 3143 1802 3208 operatum
1827 3141 1947 3204 est;
1973 3153 2147 3192 omne

503 3229 725 3284 bonum
757 3246 790 3284 a
823 3244 1000 3284 carne
1032 3243 1164 3281 mea
1194 3225 1502 3298 ablegavit,
1535 3231 1678 3296 puta
1709 3243 1912 3280 eorum
1946 3226 2148 3298 cogni-

506 3318 726 3371 tionem
769 3333 901 3385 quze
933 3333 1062 3387 ago,
1098 3315 1509 3386 resipiscentia
1539 3315 1780 3370 illorum
1829 3317 1902 3371 de
1933 3315 2149 3386 quibus

505 3404 809 3474 delinquo,
847 3410 903 3458 et
942 3404 990 3457 si
1023 3403 1164 3473 quid
1196 3401 1358 3457 aliud
1385 3408 1473 3457 est
1504 3404 1865 3474 liujusmodi.
1901 3405 2147 3476 Deinde,

503 3493 670 3559 velle,
707 3492 919 3563 inquit,
952 3492 1350 3561 adjacetmihi
1379 3509 1496 3545 non
1526 3493 1767 3547 omnino
1800 3510 1833 3548 a
1867 3510 1960 3548 me
2010 3494 2146 3550 aba-

497 3581 760 3636 lienatus
787 3597 942 3636 sum.
977 3587 1040 3633 ut
1062 3595 1254 3650 neque
1289 3580 1526 3650 penitus
1549 3581 1728 3635 sciam
1756 3584 1910 3652 quod
1929 3581 2146 3638 bonum

502 3679 608 3738 est,
643 3687 836 3742 neque
873 3669 1034 3724 illius
1067 3675 1272 3740 tangar
1303 3668 1617 3734 desiderio,
1655 3669 1758 3724 sed
1791 3677 1880 3724 est
1909 3673 2148 3740 quando

498 3762 570 3818 ad
604 3763 799 3834 ipsum
833 3761 1074 3816 excitor.
1110 3761 1427 3830 PrOpterea
1460 3759 1616 3812 enim
1649 3757 1920 3814 dicebat:
1983 3777 2007 3806 ει
2041 3761 2148 3816 Ad-

489 3853 650 3925 jacet
676 3853 820 3907 mihi
851 3869 864 3918 ;
902 3875 928 3900 ››
961 3850 1016 3905 id
1053 3857 1161 3916 est,
1187 3849 1348 3918 jacet
1377 3849 1530 3920 apud
1561 3864 1652 3904 me
1677 3855 1907 3904 mortuo
1932 3850 2147 3918 simile,

497 3940 602 3997 illo
646 3949 840 3997 tamen
865 3940 1020 4013 apud
1044 3939 1384 4008 mejacente
1411 3938 1626 4006 elevor,
1652 3938 1752 3993 sed
1787 3939 2009 4009 peccati
2043 3941 2149 3996 do-

2256 1886 2489 1964 φευγειν,
2525 1888 2557 1940 ἂ
2584 1886 2672 1941 καὶ
2705 1887 2815 1962 ἑγὼ
2845 1885 2897 1941 ἐν
2925 1889 2994 1960 τῇ
3049 1887 3184 1941 κατὰ
3239 1885 3386 1940 σύσιν
3441 1883 3717 1960 ἐλευθερίᾳ
3764 1904 3903 1958 τυγ-

2259 1975 2466 2050 χάνων,
2532 1973 2710 2046 ἔκρινα
2767 1977 2993 2054 φευκτέα
3049 1977 3182 2030 εἶναι
3242 1976 3333 2030 καὶ
3403 1977 3626 2047 μισητά.
3683 1978 3788 2028 Νῦν
3845 1971 3904 2028 δὲ

2255 2065 2502 2138 πραθεὶς,
2536 2069 2693 2144 φησί,
2720 2066 2808 2120 καὶ
2845 2067 2948 2120 ὑπὸ
2979 2067 3078 2134 τήν
3130 2065 3397 2138 ἁμαρτίαν
3454 2063 3628 2118 πεσὼν
3683 2064 3755 2126 ὡς
3813 2062 3904 2118 ὑπ’

2246 2149 2468 2224 ²ἒκείνῃς
2517 2151 2911 2227 δεσποζόμενος
2967 2155 3056 2209 καὶ
3109 2155 3519 2228 κυριευὸμενος,
3573 2153 3660 2208 καὶ
3720 2152 3900 2226 ἐκείνῃ

2262 2241 2569 2316 ὑπηρετῶν,
2603 2241 2777 2306 οὕτως
2819 2241 3112 2318 ἐργάζομαι
3163 2241 3225 2296 τὸ
3275 2242 3459 2310 κακὸν,
3506 2241 3639 2316 ὅπερ
3690 2241 3791 2295 οὐκ
3841 2233 3900 2295 ἄν

2258 2331 2456 2405 ἔπραξα
2487 2331 2596 2410 ἐγὼ
2627 2334 2677 2387 ἐν
2707 2332 3006 2407 ἐλευθερίᾳ,
3057 2329 3149 2389 ὤν.
3211 2333 3304 2386 Διὸ
3362 2331 3564 2406 τρόπον
3625 2333 3747 2386 τινὰ
3806 2329 3906 2386 οὐκ

2257 2413 2559 2498 ἐργάζομαι
2585 2423 2714 2478 αὐτὸ
2745 2423 2874 2498 ἐγὼ,
2923 2422 3050 2478 ἀλλ’
3109 2425 3136 2477 ὁ
3194 2421 3486 2495 κρατηθείς
3543 2421 3633 2476 καὶ
3690 2441 3904 2494 κυριευ-

2259 2513 2366 2574 θεὶς
2425 2514 2526 2568 ὑπὸ
2584 2521 2683 2581 τῆς
2741 2512 3026 2586 ἁμαρτίας.
3095 2511 3270 2574 Αὐτὸς
3324 2510 3380 2566 δὲ
3439 2510 3908 2590 ἐμφαντικώτερόν

2257 2624 2442 2679 φησιν.
2476 2629 2504 2656 α
2540 2601 2696 2658 Ἀλλ’
2727 2605 2762 2672 ἡ
2795 2603 3017 2658 οἰκοῦσα
3049 2602 3100 2656 ἐν
3161 2602 3286 2676 ἐμοὶ
3337 2601 3593 2677 ἁμαρτία.
3630 2629 3650 2654 ι
3703 2602 3904 2676 Ὥσπερ

2253 2693 2354 2768 γάρ
2387 2694 2414 2746 ὁ
2447 2695 2546 2760 τήν
2577 2692 2747 2747 οἰκίαν
2781 2692 2969 2760 οἶκῶν,
3017 2690 3220 2753 ἐκεῖνος
3263 2695 3437 2746 πάντα
3481 2691 3547 2745 τὰ
3603 2691 3736 2745 κατὰ
3803 2692 3904 2760 τήν

2258 2779 2430 2836 οῗκίαν
2463 2780 2708 2854 πράττει,
2739 2781 2835 2836 κᾶν
2865 2785 3132 2856 κέχρηται
3191 2779 3242 2835 ἔν
3297 2802 3406 2835 τισι
3461 2783 3529 2852 τῇ
3589 2779 3734 2851 οἰκίᾳ
3793 2800 3910 2834 συν.

2259 2875 2416 2947 εργῷ·
2453 2871 2646 2942 οὕτως,
2681 2872 2836 2950 φησὶ,
2868 2871 2956 2925 καὶ
2989 2873 3024 2940 ἡ
3052 2870 3290 2946 ἁμαρτία
3331 2864 3574 2926 λαϐοῦσά
3633 2891 3699 2942 με
3747 2865 3909 2923 ἔκδο-

2256 2981 2348 3015 τον
2395 2957 2812 3036 καὶ’πραθέντα
2864 2959 2999 3033 αὐτῇ
3049 2959 3314 3033 ἐνῴκησε,
3375 2958 3464 3014 καὶ
3521 2959 3716 3027 ἑαυτῆς
3773 2957 3903 3013 ὅλον

2259 3048 2580 3120 ἐποιήσατο,
2612 3055 2716 3104 πᾶν
2749 3050 2949 3124 ἀγαθὸν
2996 3048 3312 3106 ἀπελάσασα
3362 3057 3463 3120 τῆς
3510 3049 3645 3123 ἐμῆς
3686 3049 3904 3125 σαρκὸς,

2262 3137 2374 3193 οἷον
2401 3135 2690 3215 ἐπίγνωσιν
2722 3139 2796 3192 ὧν
2825 3139 3069 3214 πράττω,
3107 3140 3395 3214 μετάνοιαν
3455 3138 3534 3216 ἐφ’
3593 3139 3675 3200 οἷς
3729 3140 3908 3214 ἀμαρο

2259 3227 2426 3298 τάνω,
2458 3229 2547 3283 καὶ
2580 3227 2632 3284 εἶ¹
2653 3251 2704 3284 τι
2733 3231 3002 3285 τοιοῦτον.
3038 3229 3194 3285 Εἶτα·
3228 3254 3255 3281 ‹‹
3289 3229 3364 3285 Τὸ
3393 3228 3494 3304 γὰρ
3525 3225 3697 3282 Θὲλειν
3737 3227 3908 3294 παρά-

2256 3317 2429 3372 nsi-ta!
2464 3339 2578 3390 μοι.
2607 3343 2627 3368 ι
2666 3317 2742 3375 Οὐ
2779 3317 3080 3372 παντάπασι
3116 3315 3192 3389 δὲ,
3235 3317 3420 3396 φησὶν,
3474 3316 3688 3388 ἐξέστην
3739 3315 3906 3388 ἐμαυ-

2257 3412 2376 3475 τοῦ,
2410 3405 2550 3463 ὥστε
2582 3405 2723 3482 μηδὲ
2753 3405 2951 3463 εἰδέναι
2981 3408 3043 3462 τὸ
3097 3407 3292 3484 ἀγαθὸν
3347 3407 3515 3476 ὅλως,
3573 3403 3714 3480 μηδὲ
3761 3402 3905 3480 ἔχειν

2259 3494 2550 3570 ἐπιθυμίαν
2617 3498 2802 3568 αὑτοῦ,
2863 3497 2991 3554 ἀλλ’
3043 3493 3150 3552 ἔσθ’
3207 3499 3298 3553 ’ὀτε
3376 3495 3722 3570 διανίσταμαι
3774 3495 3912 3570 πρὸς

2259 3583 2410 3642 αὐτό.
2449 3588 2546 3641 Διά
2576 3591 2740 3643 τοῦτο
2772 3587 2874 3661 γάρ
2937 3586 3062 3665 Equi).
3118 3611 3140 3640 α
3176 3586 3502 3660 ΙῙαράκειταί
3555 3607 3670 3659 μοι,
3702 3609 3731 3638 ››
3765 3585 3908 3654 οἷον,

2259 3681 2448 3731 Κεῖται
2481 3680 2611 3751 παρ’
2642 3677 2788 3746 ἐμοὶ,
2842 3677 3008 3749 ὃμοια
3066 3682 3256 3750 νεκρῷ³
3319 3676 3472 3749 ὅμως
3533 3673 3906 3748 διανίσταμαι,

2257 3762 2510 3836 κειμένου
2551 3766 2719 3820 αὐτοῦ
2776 3769 2900 3840 παρ’
2960 3765 3104 3838 ἐμοί·
3159 3764 3304 3820 ἀλλὰ
3361 3770 3742 3841 κυριευόμενος
3803 3761 3906 3817 ὑπὸ

2256 3857 2355 3922 τῆς
2389 3855 2681 3927 ἁμαρτίας,
2713 3855 2813 3920 τήν
2846 3855 3156 3930 προαίρεσιν
3189 3855 3265 3917 είς
3295 3853 3452 3916 τέλος
3501 3855 3602 3910 οὐκ
3649 3855 3786 3931 αγω.
3835 3853 3904 3908 0ll

2261 3943 2352 3997 οὗν
2385 3943 2459 4004 ὡς
2491 3942 2724 4018 εἴρηται,
2757 3944 2790 4012 ἢ
2823 3943 2912 3998 καὶ
2945 3945 3122 4006 οὕτως
3163 3941 3462 4015 ἐκ).ηπτέον
3503 3943 3570 3997 τά
3627 3942 3778 4010 sign,
3799 3939 3906 3996 ἐνα.

496 4035 680 4092 minio
714 4047 952 4103 pressus
983 4029 1335 4085 electionem
1363 4027 1436 4084 ad
1469 4028 1648 4084 ﬁnem
1680 4043 1800 4084 non
1831 4028 2079 4087 deduco.
2113 4033 2316 4106 Itaque
2360 4033 2448 4090 vel
2497 4043 2563 4090 ut
2610 4034 2830 4090 dictum
2879 4041 2988 4102 est,
3047 4034 3137 4091 vel
3193 4035 3278 4091 ita
3328 4050 3563 4106 quoque
3621 4039 3761 4089 sunt
3813 4049 3912 4087 ac-

495 4122 770 4198 cipienda
799 4137 928 4192 qua)
961 4121 1117 4176 dicta
1148 4125 1302 4174 sunt.

565 4215 683 4270 Alio
714 4227 929 4284 quoque
959 4210 1138 4266 modo.
1172 4211 1297 4264 Non
1330 4223 1619 4281 cognosco
1659 4207 2030 4265 venundatus
2063 4210 2146 4265 vi-

493 4305 732 4370 delicet,
764 4319 882 4358 non
905 4301 1066 4357 enim
1097 4299 1256 4370 quod
1289 4298 1441 4353 liber
1471 4298 1623 4362 volo,
1657 4298 1768 4353 hoc
1827 4315 1986 4355 nunc
2035 4317 2142 4373 ago

490 4394 887 4458 venundatus,
913 4392 1014 4447 sed
1038 4387 1196 4462 quod
1229 4388 1324 4444 odi
1357 4405 1492 4444 cum
1525 4387 1678 4442 liber
1699 4405 1853 4456 sum,
1885 4389 1995 4445 hoc
2035 4407 2141 4462 ago

489 4487 624 4541 cum
658 4482 1027 4540 venundatus
1077 4495 1226 4534 sum.
1289 4477 1458 4532 Liber
1507 4477 1796 4532 exsistens
1843 4480 2143 4535 assentior

2327 4211 2431 4270 Καὶ
2499 4211 2706 4276 ἄλλως.
2767 4211 2844 4270 Οὐ
2902 4213 3151 4288 γινώσκω
3209 4211 3431 4286 πραθεὶς
3506 4208 3784 4280 δηλονότι·
3847 4209 3912 4264 οὔ

2253 4302 2418 4378 ’γὰρὸ
2477 4301 2620 4358 θέλω
2676 4301 2959 4378 ἐλεύθερος
3021 4299 3115 4372 ὢν,
3174 4305 3336 4357 τοῦτο
3397 4303 3620 4375 πράσσω
3679 4305 3769 4354 νῦν
3823 4319 3918 4356 πε-

2252 4387 2524 4468 πραμένος
2582 4389 2678 4464 ὣν,
2739 4389 2868 4446 ἆλΛ³
2923 4391 2951 4446 ’ὀ
3015 4395 3158 4462 μισῶ
3215 4388 3502 4464 ἐλεύθερος
3562 4386 3658 4446 ὢν.
3751 4391 3913 4443 τοῦτο

2250 4485 2392 4534 ποιῶ
2432 4478 2776 4556 πεπραμένος
2809 4477 2905 4534 ὢν.
2971 4479 3033 4536 Εἰ
3091 4476 3148 4534 δὲ
3205 4479 3234 4534 ὅ
3289 4477 3350 4532 οὐ
3409 4479 3554 4533 θέλω
3621 4474 3910 4553 ἐλεύθερος

493 4565 652 4646 quod
675 4573 831 4629 bona
859 4571 935 4626 sit
955 4570 1079 4624 lex:
1108 4573 1246 4623 tunc
1269 4567 1432 4622 enim
1459 4566 1664 4620 eadem
1698 4567 1825 4621 volo
1853 4584 1984 4638 quas
2018 4569 2139 4638 illa,

2256 4567 2348 4637 ὢν,
2402 4573 2563 4624 τοῦτο
2637 4571 2863 4644 πράσσω
2947 4567 3290 4641 πεπράμενος
3379 4565 3474 4636 ὢν,
3532 4570 3908 4642 συμμαρτυρῶ

492 4669 548 4720 et
569 4680 690 4720 non
717 4679 847 4734 qua:
870 4675 1030 4716 nunc
1051 4674 1178 4725 ago.
1213 4657 1310 4711 Vel
1330 4655 1427 4711 Ιιοιτ
1446 4654 1625 4709 modo.
1653 4655 1806 4711 294
1834 4657 1959 4712 Non
1983 4658 2142 4714 enim

493 4741 653 4825 Quod
685 4752 995 4824 cupiebam
1029 4755 1088 4804 et
1117 4746 1398 4820 adeptum
1429 4744 1605 4817 paulo
1655 4750 1793 4800 ante
1843 4746 2138 4817 amabam,

489 4843 601 4900 hoc
631 4861 790 4899 nunc
822 4859 926 4915 ago
958 4839 1351 4902 venundatus,
1387 4835 1490 4892 sed
1542 4835 1696 4908 quod
1751 4835 1885 4892 odio
1935 4855 2137 4910 prose-

489 4933 730 5006 quebar,
765 4949 896 4988 cum
927 4933 1124 5001 itaque
1153 4928 1301 4984 illud
1331 4943 1497 5000 agam
1523 4925 1677 4997 quod
1714 4925 1952 4982 oderam
1979 4943 1992 4981 :
2027 4929 2136 4984 etsi

486 5009 613 5095 ago,
651 5029 846 5077 tamen
883 5027 1122 5092 prOpter
1168 5019 1294 5089 ejus
1349 5017 1548 5072 odium
1604 5016 1898 5070 assentior
1947 5016 2135 5090 legem

485 5113 636 5167 bene
671 5111 891 5166 dicere.
925 5110 1262 5177 bonamque
1296 5123 1445 5160 esse.
1483 5104 1646 5160 Unde
1699 5121 1833 5159 vero
1886 5107 2131 5161 manife-

484 5195 639 5256 Stum
665 5200 930 5271 estquod
952 5197 1322 5252 venundatus
1348 5195 1459 5249 sim
1481 5193 1586 5248 sub
1615 5201 1916 5264 peccatum
1932 5195 2040 5249 ?ex
2065 5211 2131 5250 eo

482 5281 636 5363 quod
673 5291 934 5362 ignorem
973 5304 1103 5358 qua:
1127 5303 1252 5356 ago.
1289 5285 1428 5338 Nam
1455 5301 1584 5338 cum
1615 5283 1763 5337 liber
1785 5301 1992 5340 essem.
2025 5303 2060 5340 n
2083 5303 2131 5341 κο

479 5383 642 5436 illius
675 5395 912 5452 pressus
945 5375 1217 5446 impeiio,
1252 5373 1678 5446 cognoscebam
1714 5373 1854 5442 quid
1881 5391 1971 5428 me
1996 5391 2131 5450 ope-

475 5471 591 5526 rari
617 5475 937 5543 oporteret,
961 5483 1174 5536 nempe
1194 5471 1251 5518 et
1279 5481 1310 5517 a
1335 5461 1588 5518 naturali
1625 5469 1682 5515 et
1703 5480 1736 5516 a
1761 5463 1980 5534 scripta
2005 5465 2127 5538 lege

475 5561 756 5628 edoctus;
791 5559 902 5615 Sed
934 5573 1069 5615 cum
1105 5556 1187 5610 illi
1223 5553 1567 5608 voluntaria}
1601 5552 1906 5616 succubui,
1944 5555 2128 5610 domi-

473 5653 642 5732 nium
673 5651 908 5724 suscepi
939 5667 1006 5708 ac
1037 5645 1309 5706 venditus
1341 5660 1495 5714 sum,
1518 5649 1577 5700 et
1597 5649 1910 5716 propterea
1933 5661 2126 5718 neque

2255 4657 2538 4733 ἐλεύθερος
2566 4657 2638 4714 ὥν
2673 4661 2756 4714 ὅτι
2786 4657 2954 4720 καλὸς
2989 4659 3017 4713 ὁ
3047 4658 3235 4730 νόμος·
3285 4657 3352 4712 τά
3409 4657 3511 4735 γάρ
3561 4655 3695 4710 αὐτὰ
3757 4655 3902 4710 ἐκεί-

2251 4771 2325 4822 νῳ
2351 4749 2627 4824 βούλομαι
2654 4747 2797 4818 τότε,
2829 4747 2920 4803 καὶ
2951 4747 3082 4828 οὐχὶ
3113 4748 3261 4802 ἅνῦν
3291 4751 3456 4803 ποιῶ.
3493 4779 3557 4790 --·
3591 4747 3660 4803 Ἥ
3701 4744 3900 4807 οὕτως.

2252 4833 2326 4895 Οὐ
2349 4839 2450 4913 γὰρ
2484 4837 2614 4912 ὅπερ
2646 4837 2867 4911 ἤθελον,
2910 4838 3066 4912 φησὶ,
3123 4837 3214 4892 καὶ
3271 4831 3516 4912 ἔστεργον
3577 4835 3746 4910 τυχὸν
3794 4837 3900 4908 πρὸ

2252 4929 2508 5004 βραχέος,
2539 4932 2700 4984 τοῦτο
2730 4931 2820 4982 νῦν
2866 4929 3109 5003 πράσσω,
3169 4925 3296 4981 ἀλλῗ
3348 4927 3376 4982 ’ὁ
3435 4923 3680 4998 ἐμίσουν.
3738 4930 3900 4980 ’Ὥστε

2247 5015 2296 5089 ἐξ
2329 5017 2404 5072 ὧν
2435 5018 2462 5072 ὃ
2495 5017 2716 5088 ἐμίσουν
2749 5021 2916 5083 ποιῶ,
2947 5014 3042 5071 κᾶν
3086 5020 3252 5084 ποιῷ,
3305 5015 3460 5088 ὅμως
3514 5011 3604 5068 διά
3653 5017 3751 5069 τοῦ
3804 5035 3896 5086 μι-

2247 5111 2378 5174 σεῖν,
2411 5104 2596 5168 καλῶς
2631 5107 2722 5161 τὸν
2781 5106 2950 5178 νόμον
3003 5103 3176 5179 λέγειν
3240 5107 3522 5178 μαρτυρῶ,
3579 5102 3669 5157 καὶ
3727 5101 3898 5157 καλὸν

2244 5199 2398 5252 εἶναι.
2461 5198 2624 5251 Πὸοεν
2687 5194 2856 5262 δῆλον
2909 5196 3000 5250 ,ὃτι
3057 5197 3397 5270 πεπραμένος
3450 5193 3564 5266 ε’μὶ
3638 5194 3740 5248 ὑπὸ
3796 5193 3896 5262 τήν

2243 5287 2508 5362 ἁμαρτίαν
2537 5304 2550 5354 ;
2583 5291 2674 5340 Ἐκ
2703 5289 2799 5341 τοῦ
2835 5285 2910 5356 μή
2942 5283 3136 5338 εἰδέναι
3193 5305 3260 5355 με
3289 5283 3323 5338 ἅ
3352 5287 3514 5339 ποιῶ.
3567 5279 3892 5350 Ἐλεύθερος

2239 5375 2342 5449 γὰρ
2403 5375 2491 5452 καί
2547 5374 2860 5449 ἁκυρῗευτος
2919 5370 2991 5426 ὤν
3049 5371 3134 5427 ὑπ’
3192 5373 3388 5442 αὐτῆς,
3447 5367 3785 5446 ἐγίνωσκονὸ
3821 5385 3888 5435 με

2241 5462 2322 5518 δεῖ
2379 5465 2814 5535 κατεργάζεσθαι,
2867 5461 2958 5516 καὶ
3017 5461 3122 5516 ὑπὸ
3173 5465 3270 5516 τοῦ
3328 5463 3575 5530 φυσικοῦ,
3632 5455 3720 5509 καὶ
3779 5453 3884 5510 ὑπὸ

2235 5557 2331 5610 τοῧ
2379 5555 2621 5629 γραπτοῦ
2675 5548 3064 5626 διδασκόμενος
3117 5551 3311 5625 νόμου·
3361 5547 3488 5605 ἀλλ’
3523 5545 3676 5600 ’ἑκὼν
3715 5543 3882 5618 αὐτῇ

2237 5643 2713 5718 ὅποκατακλιθεὶς,
2799 5640 3114 5719 ἕκυριιύθην
3186 5639 3279 5696 καὶ
3330 5638 3582 5716 ἐπράθην,
3639 5633 3730 5690 καὶ
3789 5631 3879 5690 διά
