4198 6198
325 304 444 371 Mi

1430 298 1826 367 ΟΟΜΜΕΝΤ.
1873 302 1963 367 ΓΝ
2008 300 2260 368 EPIST.
2305 306 2409 368 AD
2459 307 2658 369 ROM.‘

3622 305 3749 374 ιω

322 441 493 496 τοῦτο
523 436 649 496 οὐδὲ
678 434 884 495 οἶδατί
912 438 1338 515 κατεργὶζομαι.
1386 458 1407 487 ε
1435 434 1522 496 ’οὗ
1552 437 1658 513 γὰρ
1690 434 1729 493 ὅν
1749 434 1914 493 θὲλω.
1949 460 1978 489 υ

2117 438 2408 511 iovi‘quid
2456 454 2688 511 operer.
2721 460 2750 489 ιι
2782 441 2909 497 Non
2960 442 3121 497 enim
3171 439 3330 513 quod
3367 441 3517 504 volo.
3562 450 3672 500 etc.
3709 468 3738 496 υ

328 529 409 587 Ut’)
436 534 600 584 τοῦτο
629 526 801 604 λέγει,
833 529 919 585 ὅτι
952 527 1201 598 Βιαζεταί
1260 548 1329 601 με
1382 528 1470 582 καῖ
1514 525 1712 583 ἄκοντα
1740 530 1774 597 ἡ
1806 527 1984 601 ἀμαρ-

325 619 438 676 τίαο
470 617 618 674 ἀλλὰ
637 618 700 674 τὸ
738 616 1021 689 ἀπατηλὸν
1065 618 1230 687 αὐτῆς
1259 615 1426 687 δεῖξαι
1482 616 1652 683 θὲλει,
1686 617 1776 671 καὶ
1835 617 1984 677 ὅπως

331 705 395 763 ἐκ
443 705 542 763 τοῦ
605 705 1061 781 καταγλυκαίυειν
1143 706 1244 775 τήν
1330 703 1579 777 αἴσθησιν
1636 705 1985 779 συναρπάζει,

328 795 417 853 ὅτι
451 793 732 859 Πολλάκις
763 796 826 851 οὗ
873 796 1269 871 καταγινώσκω
1328 795 1653 871 πράγματος
1705 793 1795 849 καὶ
1826 793 1855 849 ὂ
1890 815 1984 866 μι-

329 891 434 953 σῶ,
465 886 543 947 εἰς
572 889 734 941 τοῦτο
793 886 1230 960 συναρπάζομαι.
1290 910 1316 937 ιι
1380 884 1444 942 Εἰ
1500 882 1557 939 δὲ
1622 884 1650 939 ὃ
1710 884 1773 940 οὐ
1839 880 1985 938 θὲλω

326 980 494 1030 τοῦτο
523 979 689 1042 ποιῶ,
723 974 984 1053 σῦμςρημι
1012 979 1093 1047 τῷ
1120 976 1278 1046 νόμῳ
1334 973 1419 1029 ὅτι
1462 972 1655 1033 καλός.
1692 997 1720 1024 ››
1752 972 1833 1030 Οὐ
1881 994 1983 1045 μι-

324 1065 460 1137 κρὸν
488 1062 761 1140 ἐγκώμιον
819 1069 920 1120 τοῦ
974 1062 1150 1137 νόμου
1207 1060 1374 1138 λέγει.
1422 1061 1565 1119 Αὐτὸ
1622 1062 1725 1139 γαρ
1778 1061 1843 1116 τὸ
1906 1062 1982 1134 μή

334 1151 513 1218 θέλειν
560 1154 660 1221 τὴν
717 1153 1011 1229 ἁμαρτίαν,
1068 1153 1213 1225 παρὰ
1269 1155 1369 1221 τῆς
1420 1150 1656 1227 διδαχῆς
1713 1146 1830 1227 ἔχω
1885 1155 1986 1206 τοῦ

324 1243 531 1316 νόμου.
570 1238 693 1305 Πῶς
722 1243 812 1297 οὖν
843 1242 1020 1304 αἴτιος
1053 1244 1081 1298 ὁ
1113 1238 1465 1309 διδάσκαλος,
1504 1239 1671 1318 ἤγουν
1705 1241 1735 1296 ὁ
1767 1238 1985 1311 ὄιδαξας

329 1332 397 1388 τὸ
426 1329 596 1387 καλόν
630 1351 645 1400 ;
680 1330 869 1394 Αἷτιος
899 1329 959 1387 δὲ
988 1332 1016 1388 ὁ
1043 1331 1216 1392 οὕτως
1248 1335 1453 1406 χαῦνος
1480 1330 1553 1393 ὡς
1584 1327 1674 1385 διὰ
1711 1331 1775 1386 τὸ
1815 1330 1987 1405 προεα-

328 1441 522 1495 καιρον
589 1419 688 1490 ἡδὺ
743 1428 846 1492 τῆς
901 1421 1173 1493 ἁμαρτίας
1233 1418 1412 1476 ἐκεῖνα
1460 1421 1734 1494 πράττων,
1790 1418 1988 1473 ὤνκαὶ

283 1535 293 1543 ·
336 1510 500 1573 αὐτός
554 1509 665 1566 ἐστι
720 1513 1052 1585 κατήγορος,
1112 1510 1201 1566 καὶ
1250 1510 1378 1585 πρὶν
1431 1509 1650 1585 πράξειν
1699 1507 1789 1564 καὶ
1852 1509 1989 1582 μετὰ

330 1604 399 1659 τὸ
433 1605 649 1679 πρᾶξαι.
715 1627 743 1656 ιι
775 1601 931 1660 Ἀλλ’
988 1606 1024 1673 ἢ
1084 1601 1306 1659 οἰκοῦσα
1365 1601 1417 1658 ἐν
1482 1601 1608 1676 ἐμοὶ
1667 1599 1924 1675 ἁμαρτία.
1959 1623 1985 1655 ι

340 1692 445 1749 Καὶ
502 1695 624 1755 πῶς
660 1693 697 1761 ἡ
750 1690 989 1767 ἁμαρτία
1038 1689 1422 1766 κατεργάζεται
1507 1686 1690 1759 αὖτό;
1746 1689 1824 1747 Τὸ
1882 1686 1988 1759 ἡδὺ

2094 530 2221 584 Non
2253 529 2363 585 hoc
2394 529 2575 586 dicit:
2603 531 2687 586 Me
2715 530 2893 586 etiam
2931 531 3177 587 invitum
3212 533 3370 605 cogit
3398 540 3749 604 peccatum:

2095 618 2199 673 sed
2230 620 2359 690 ejus
2390 619 2801 691 deceptionem
2833 620 2956 677 vult
2986 620 3323 690 ostendere,
3357 628 3417 677 et
3446 622 3745 693 quomodo

2095 723 2204 763 sua
2236 706 2553 765 dulcedine
2584 725 2826 765 sensum
2876 710 3177 782 corripiat.
3222 726 3359 766 nam
3404 712 3752 783 frequenter

2096 796 2254 867 quod
2282 802 2343 852 et
2371 797 2590 854 damno
2635 803 2695 854 et
2733 798 2853 867 odi,
2889 799 2950 854 in
2982 801 3094 855 hoc
3123 800 3414 872 corripior
3444 814 3459 854 :
3500 820 3520 847 ι
3554 799 3611 854 Si
3642 816 3750 857 au-

2097 890 2219 940 tem
2250 886 2409 957 quod
2430 904 2550 943 non
2578 888 2707 943 volo
2727 888 2838 943 hoc
2868 888 3042 954 facio,
3076 889 3389 944 consentio
3420 889 3535 962 legi
3587 889 3750 961 quod

2095 974 2254 1030 bona
2300 976 2393 1030 sit.
2439 999 2467 1026 »
2510 978 2634 1033 Non
2679 993 2920 1048 parvum
2969 978 3152 1033 refert
3201 977 3348 1051 legis
3378 979 3748 1036 encomium.

2096 1065 2241 1119 Nam
2302 1064 2498 1136 ipsum
2551 1065 2869 1137 non‘velle
2919 1072 3248 1138 peccatum,
3283 1067 3496 1137 inquit,
3542 1067 3754 1141 alegis

2095 1152 2367 1209 doctrina
2395 1154 2620 1222 habeo;
2653 1155 2953 1226 quomodo
2982 1173 3119 1229 ergo
3158 1172 3338 1213 causa
3393 1161 3553 1211 esset
3600 1173 3755 1227 prea-

2097 1243 2430 1314 ceptor,qui
2458 1242 2731 1300 videlicet
2748 1244 2910 1316 quod
2932 1244 3155 1301 bonum
3183 1252 3273 1300 est
3295 1243 3547 1300 docuit?
3567 1246 3758 1303 Causa

2097 1338 2297 1387 autem
2330 1339 2421 1387 est
2450 1333 2500 1388 is
2519 1335 2619 1404 qui
2641 1333 2790 1389 adeo
2813 1334 3012 1390 mollis
3038 1340 3149 1400 est,
3173 1341 3240 1390 ut
3262 1334 3336 1389 ob
3363 1338 3753 1406 temporalem

2098 1422 2324 1491 peccati
2367 1421 2828 1479 delectationem
2877 1423 3220 1495 hujusmodi
3264 1423 3443 1480 faciat
3496 1439 3751 1495 quorum

2098 1509 2226 1565 idse
2267 1510 2447 1568 etiam
2485 1520 2796 1568 accusator
2824 1519 2933 1577 est,
2963 1519 3022 1568 et
3066 1513 3414 1585 priusquam
3469 1520 3668 1586 ageret
3693 1519 3755 1569 et

2099 1603 2417 1670 postquam
2448 1600 2692 1673 peregit.
2732 1624 2752 1649 ι
2791 1599 2902 1656 Sed
2939 1601 3098 1672 quod
3127 1600 3352 1657 habitat
3380 1601 3440 1656 in
3476 1618 3569 1656 me
3610 1618 3751 1674 pec-

2099 1698 2317 1748 catum.
2352 1715 2379 1741 »
2410 1695 2480 1748 Et
2529 1693 2827 1765 quomodo
2874 1701 3183 1766 peccatum
3231 1702 3511 1767 operatur
3541 1695 3690 1751 illud
3721 1695 3749 1753 ‘i

352 1801 471 1855 μοι,
501 1781 619 1851 ησὶ,
684 1784 785 1836 τοῦ
842 1781 1165 1855 πράγματος
1214 1774 1617 1853 προϐάλλεται,
1669 1777 1761 1834 καὶ
1818 1776 1991 1840 οὕτως

352 1867 391 1879 .-
545 1873 570 1879 _
817 1870 831 1879 .
907 1867 919 1879 .
1029 1867 1039 1879 .
1244 1869 1270 1879 -
1395 1866 1406 1879 .
1716 1866 1730 1879 .
1795 1867 1822 1879 ..
1861 1861 1891 1879 .
1943 1866 1955 1879 .

2117 1786 2207 1840 Rei
2238 1785 2618 1842 dulcedinem
2640 1786 2789 1842 mihi
2810 1787 3035 1859 objicit,
3068 1793 3244 1859 atque
3268 1787 3349 1843 ita
3377 1804 3473 1844 me
3504 1788 3747 1860 decipit,

339 1867 574 1941 ἐξαπατᾷ
618 1890 705 1945 με,
765 1870 841 1945 μὴ
902 1867 1154 1944 ἐμμένειν
1211 1869 1297 1930 οἷς
1350 1866 1576 1945 κέκρικα
1640 1866 1733 1923 καὶ
1793 1861 1993 1943 βεϐού-

343 1955 569 2032 λευμαι.

966 2049 1231 2106 ΚΕΦΑΔ.
1265 2047 1369 2105 ΙΑ“.

343 2138 475 2212 Περί
504 2141 613 2193 τῶν
646 2139 699 2192 ἐν
730 2135 1042 2211 ἀνθρωπίνῃ
1098 2135 1252 2212 φύσει
1304 2138 1512 2206 παθῶν,
1569 2133 1834 2192 ἆδύνατον
1867 2156 1993 2191 ποιο

628 2225 833 2282 υόντων
866 2227 966 2297 τήν
994 2227 1132 2300 πρὸς
1163 2223 1330 2300 νόμον
1364 2223 1706 2299 συμφωνίαν.

420 2312 554 2371 Οἶδα
633 2316 736 2391 γὰρ
796 2314 880 2371 ὅτι
938 2314 1039 2371 οὐκ
1092 2312 1235 2370 aisz
1287 2312 1342 2370 ἐν
1400 2312 1549 2387 ἐμοὶ,
1604 2311 1882 2370 τουτέστιν
1940 2312 1992 2368 ἐν

341 2411 417 2482 τῇ
468 2423 626 2483 σαρκι
688 2427 816 2479 μου,
875 2404 1092 2481 ἀγαθόν.
1151 2405 1222 2460 Τὸ
1268 2404 1376 2482 γὰρ
1436 2400 1614 2461 θέλειν
1674 2404 1997 2479 παράκειταί

348 2497 561 2569 μοι,τὸ
619 2491 676 2551 δὲ
733 2492 1155 2574 κατεργᾶίζεσθαι
1208 2494 1273 2551 τὸ
1328 2492 1517 2563 καλὸν,
1576 2494 1687 2569 οὐχ
1742 2493 1997 2569 εὑρίσκω.

348 2586 431 2645 Οὐ
458 2586 560 2661 γὰρ
593 2587 621 2642 δ
652 2585 821 2651 θέλω,
874 2590 1018 2641 ποιῶ
1076 2585 1295 2661 ἀγαθὸν,
1349 2583 1475 2641 ἀλλ’
1532 2585 1562 2640 ὃ
1604 2583 1667 2639 οὐ
1699 2582 1843 2648 θὲλω
1896 2604 1998 2639 καο

340 2676 468 2744 κὸν,
518 2679 682 2731 τοῦτο
744 2674 984 2750 πράσσω.
1039 2673 1104 2732 Εἰ
1161 2672 1218 2730 δὲ
1269 2673 1297 2729 ὂ
1347 2674 1412 2729 οὐ
1472 2671 1617 2738 θέλω
1672 2671 1784 2750 ἐγὼ
1836 2676 1998 2729 τοῦτο

348 2768 518 2829 ποιῶ,
579 2764 679 2819 οὐκ
732 2759 814 2819 ἔτι
900 2763 1012 2839 ἐγὼ
1067 2762 1469 2839 κατεργάζομαι
1566 2762 1719 2831 αὐτὸ,
1778 2761 1906 2819 ἀλλ’
1960 2764 1996 2832 ἡ

347 2852 578 2909 οἰκοῦσα
606 2851 658 2908 ἐν
692 2852 818 2928 ἐμοὶ
848 2853 1103 2927 ἅμαρτία.

415 2942 486 2997 Τὸ
534 2941 878 3013 αὐτεξούσιον
940 2941 1085 3007 οέλει
1140 2939 1330 3012 δεῖξαι,
1389 2942 1479 2997 καὶ
1533 2941 1617 2996 ὅτι
1649 2940 1999 3015 ὁᾶνθρωπος

345 3031 538 3107 χόριος
595 3038 695 3102 τῆς
744 3030 828 3088 ἐπ’
883 3030 1051 3109 ἄμιρω
1132 3036 1231 3087 τοῦ
1306 3052 1366 3088 τε
1421 3031 1629 3107 ἀγαθοῦ
1681 3029 1774 3085 καὶ
1829 3033 1999 3086 κακοῦ

346 3122 546 3197 ῥοπῆς.
578 3121 753 3192 Φησὶν
786 3120 907 3176 οὗν·
950 3120 1064 3179 Οὐκ
1090 3120 1230 3176 οἰκεῖ
1258 3119 1308 3176 ἐν
1368 3120 1491 3194 ἐμοὶ
1524 3122 1586 3177 τὸ
1644 3121 1846 3197 ἀγαθὸν
1898 3119 2000 3174 οὐκ

2100 1889 2178 1929 ne
2207 1874 2270 1930 in
2292 1874 2384 1931 his
2415 1891 2787 1947 perseverem
2818 1892 2950 1948 quae
2976 1877 3231 1947 judicavi
3264 1892 3331 1933 ac
3356 1878 3571 1950 optavi.

2746 2073 2979 2130 CAPUT
3015 2075 3110 2130 Χῐ.

2103 2161 2182 2213 De
2228 2160 2535 2234 affectibus
2565 2161 2823 2216 humane
2888 2169 3126 2229 naturae,
3174 2177 3305 2233 qua
3356 2163 3751 2234 impossibilem

2106 2258 2115 2265 -
2397 2231 2638 2287 reddunt
2694 2236 3143 2301 conformitatem
3172 2231 3246 2289 ad
3274 2231 3462 2306 legeni.

2181 2321 2294 2387 V11,
2333 2320 2531 2378 18-20.
2563 2324 2700 2379 Novi
2748 2326 2892 2379 enim
2935 2325 3083 2395 quod
3127 2340 3238 2379 non
3281 2325 3488 2380 habitet
3537 2326 3597 2380 in
3642 2341 3748 2395 mc,

2106 2408 2208 2465 hoc
2236 2417 2315 2466 cst
2342 2412 2403 2466 in
2432 2428 2599 2467 carne
2626 2429 2766 2479 mra,
2792 2414 3012 2468 bonum.
3038 2415 3178 2468 Nam
3196 2414 3333 2470 velle
3351 2414 3571 2486 adjacet
3588 2414 3754 2482 mihi,

2105 2505 2164 2555 at
2191 2506 2253 2554 ut
2295 2502 2508 2569 faciam
2560 2502 2759 2558 bonum
2804 2518 2917 2557 non
2965 2504 3201 2559 invenio.
3255 2505 3372 2559 Non
3419 2508 3566 2560 enim
3609 2503 3757 2575 quod

2106 2589 2229 2644 volo
2256 2591 2406 2657 facio
2438 2590 2656 2659 bonum,
2690 2591 2785 2646 sed
2812 2592 2961 2662 quod
2988 2607 3098 2646 non
3122 2593 3242 2648 volo
3271 2593 3478 2648 malum
3508 2594 3610 2648 hoc
3631 2608 3758 2662 ago,

2109 2677 2170 2734 Si
2199 2685 2383 2733 autem
2412 2682 2563 2750 quod
2599 2696 2709 2735 non
2731 2682 2853 2735 volo
2879 2680 2976 2735 hoc
3002 2683 3170 2749 facio.
3193 2681 3325 2751 jam
3354 2696 3466 2735 non
3495 2696 3592 2750 ego
3621 2695 3757 2750 ope-

2105 2781 2204 2821 ror
2232 2768 2393 2835 illud,
2423 2770 2522 2824 sed
2550 2768 2697 2840 quod
2724 2769 2942 2824 habitat
2971 2770 3032 2824 in
3059 2786 3147 2824 me
3169 2775 3478 2840 peccatum.

2179 2946 2328 3003 295
2357 2946 2593 3001 Arbitrii
2616 2947 2951 3002 libertatem
2974 2945 3098 3002 vult
3119 2945 3754 3018 ostendere,quodque

2108 3035 2286 3090 homo
2316 3035 2596 3091 dominus
2628 3037 2709 3091 sit
2735 3036 3020 3107 potentiae
3054 3035 3129 3091 ad
3160 3042 3486 3107 utrumque
3510 3042 3628 3091 tam
3657 3034 3760 3091 bo-

2108 3140 2253 3181 num
2285 3140 2465 3196 quam
2511 3125 2756 3180 malum.
2792 3125 2890 3179 Ait
2929 3141 3103 3198 ergo:
3137 3126 3264 3181 Non
3306 3124 3535 3181 habitat
3583 3126 3643 3180 in
3670 3142 3764 3182 me

347 3179 359 3197 .
482 3179 521 3191 .-
653 3179 665 3192 .
1398 3179 1409 3194 .
1693 3179 1705 3197 .
1763 3179 1780 3185 -

346 3206 883 3286 ἀποκεκληρευμένον
940 3210 1031 3265 καὶ
1078 3209 1286 3285 ἀνάγκῃ
1366 3208 1475 3265 τινὶ
1526 3207 1836 3285 παραμένον
1899 3229 1994 3283 μοι

2117 3210 2363 3278 bonum,
2404 3228 2524 3267 non
2575 3213 2719 3268 mihi
2762 3219 2922 3269 sorte
2977 3212 3205 3279 datum,
3261 3219 3365 3269 aut
3410 3213 3766 3270 necessitate

351 3291 473 3372 ἔχω
525 3297 590 3353 τὸ
645 3299 904 3373 πράττειν
978 3298 1047 3353 τα
1100 3297 1291 3373 ἀγαθὰ,
1349 3294 1490 3353 ὥστε
1544 3296 1637 3353 καὶ
1693 3297 1831 3373 πρὸς
1885 3296 2007 3372 βίαν

348 3384 606 3465 ἀφέλκεν
643 3408 710 3461 με
764 3392 871 3443 τῶν
923 3391 1118 3443 κακῶν.
1182 3390 1356 3445 Ἰὀότο
1412 3388 1514 3463 γὰρ
1585 3385 1825 3455 οῗκησις,
1864 3387 1899 3456 ἡ
1934 3385 2011 3450 εἷς

351 3476 437 3531 ἀεὶ
495 3474 759 3551 διαμονή,
818 3477 905 3532 καὶ
964 3476 1079 3532 οἶον
1138 3474 1431 3551 ἐγκαθισις.
1482 3502 1509 3529 ε(
1571 3478 1637 3533 Εν
1688 3479 1758 3547 τῇ
1818 3474 2005 3544 σα.”κί’

358 3585 487 3639 μου,
522 3590 546 3619 ι
583 3566 699 3635 Ti,»
733 3565 838 3620 ἀπὸ
868 3572 969 3635 τῆς
1037 3559 1394 3641 παραϐέαεως
1450 3564 1867 3620 εἷσοικισθεῖςαν
1919 3560 2010 3619 λὲο

360 3674 443 3734 γει
476 3651 665 3717 Οὕτως
697 3655 726 3710 ὁ
756 3653 808 3709 ἐν
836 3655 1015 3730 ἁγίοις
1050 3653 1342 3722 Μεοὺὂιος,
1373 3652 1426 3709 ἐν
1464 3658 1545 3728 τῷ
1602 3654 1731 3727 Περὶ
1780 3652 2011 3708 ἀναστά-

361 3765 497 3805 σεως
530 3740 709 3821 λόγῳ.
746 3770 774 3796 ιι
815 3743 884 3799 Τὸ
938 3744 1040 3819 γὰρ
1098 3741 1275 3800 θέλειν
1333 3742 1653 3818 παράκειταί
1716 3762 1832 3818 μοι.
1868 3768 1894 3793 υ
1938 3744 2013 3798 Τὸ

361 3834 562 3900 θέλειν,
598 3835 762 3914 φησὶν
816 3829 930 3889 ἔστι
991 3854 1108 3906 μοι,
1140 3832 1202 3888 οὐ
1259 3838 1433 3889 ποιῶν
1487 3831 1566 3900 δὶ,
1617 3830 1707 3888 διὰ
1760 3835 1860 3901 τήν
1913 3839 2013 3901 τῆς

362 3926 633 4001 ἁμαρτίας
691 3927 1040 4002 συναρπαγήν
1077 3968 1091 3983 .
1180 3926 1277 3982 Καὶ
1358 3926 1461 4002 γὰρ
1533 3945 1600 3999 με
1666 3930 2014 4002 συναρπαζει,

362 4015 523 4093 ἰφίἶι
555 4015 635 4085 μή
674 4016 872 4091 πρᾶξαι
927 4014 996 4069 τὰ.
1048 4014 1177 4089 παρ’
1236 4013 1378 4089 luci
1436 4013 1824 4090 ἐπαινούμενα,
1870 4012 2017 4070 ἀλλᾶ

359 4105 431 4161 τὰ
460 4103 760 4181 ψεγόμενοι.
793 4127 821 4157 ιι
844 4102 919 4158 Οὐ
941 4103 1047 4179 γὰρ
1066 4104 1095 4158 ὃ
1120 4101 1266 4159 Θὲλω
1291 4106 1436 4158 ποιῶ
1457 4101 1681 4180 ἀγαθὸν.
1715 4127 1742 4156 ιι
1769 4112 2017 4159 Δεικνυσι

361 4192 633 4264 τοσαύτην
664 4193 763 4263 τήν
796 4192 1009 4263 ἀπάτην
1041 4198 1142 4262 τῆς
1175 4189 1447 4268 ἁμαρτίας
1514 4192 1606 4248 καὶ
1657 4193 1758 4262 τήν
1820 4191 2015 4259 πειθὼ,

364 4284 473 4352 ὅτι,
514 4282 631 4355 nsi,
690 4280 912 4355 Σπουόή
948 4303 1046 4355 μοι
1078 4282 1273 4357 πρᾶξαι
1313 4280 1376 4336 τὸ
1405 4280 1627 4357 ἀγαθὸν,
1662 4281 1752 4336 καὶ
1805 4278 2016 4352 σπουδή

373 4394 469 4446 μοι
505 4373 579 4446 μὴ
613 4372 810 4447 πρᾶξαί
846 4392 901 4427 τι
923 4373 1113 4434 κακὸν,
1144 4370 1234 4427 καὶ
1260 4371 1414 4445 ’ὀμως
1447 4366 1652 4426 ἔπεισιν
1683 4370 1719 4439 ἡ
1760 4369 2021 4442 ἐπιθυμία

2115 3300 2372 3371 quadam
2404 3301 2562 3374 apud
2594 3318 2686 3358 me
2718 3318 3080 3375 permanens
3110 3302 3321 3368 habeo,
3353 3309 3421 3358 ut
3446 3302 3604 3358 bona
3633 3319 3771 3376 ope-

2114 3407 2230 3455 rer,
2272 3391 2440 3447 itaut
2467 3392 2651 3447 etiam
2683 3392 2735 3446 vi
2769 3392 3029 3462 quadam
3087 3392 3237 3448 illud
3270 3392 3644 3449 abstraheret
3674 3409 3769 3448 me

2115 3497 2151 3535 a
2181 3479 2374 3535 malis.
2409 3482 2555 3536 Nam
2587 3497 2657 3536 ea
2687 3480 2909 3537 dicitur
2948 3481 3256 3547 habitatio,
3289 3489 3574 3554 perpetua
3604 3482 3772 3539 vide-

2116 3569 2692 3643 licetpermanentia
2720 3588 2789 3628 ac
2829 3572 3008 3629 veluti
3054 3572 3407 3638 residentia,
3442 3595 3469 3620 «ι
3501 3575 3566 3628 In
3594 3589 3772 3630 carne
3852 3602 3857 3617 ι

2119 3675 2272 3716 mea.
2314 3684 2339 3710 ι»
2370 3662 2512 3716 Eam
2545 3661 2695 3717 dicit
2723 3679 2855 3733 quae
2886 3680 2921 3718 a
2952 3662 3395 3735 trangressione
3439 3661 3776 3716 inhabitata

2120 3756 2223 3805 est.
2262 3751 2350 3804 Ita
2379 3750 2561 3806 habet
2586 3750 2756 3806 divus
2786 3751 3119 3807 Methodius
3150 3752 3212 3805 in
3243 3749 3447 3805 libello
3480 3747 3551 3803 de
3581 3764 3777 3804 resur-

2120 3840 2406 3895 rectione.
2441 3863 2469 3890 «
2504 3842 2648 3896 Nam
2671 3839 2820 3895 velle
2837 3839 3071 3910 adjacet
3100 3838 3269 3893 mihi.
3297 3859 3325 3887 ››
3363 3836 3775 3908 Velle,inquit,

2122 3933 2215 3985 est
2245 3929 2411 3995 mihi,
2445 3945 2566 3984 non
2597 3934 2797 3984 tamen
2826 3928 2979 3984 facio
3022 3933 3264 3998 propter
3313 3926 3540 3998 peccati
3572 3941 3774 3981 corre-

2123 4018 2388 4089 ptionem
2412 4032 2426 4083 ;
2451 4034 2546 4072 me
2569 4017 2731 4072 enim
2751 4016 2996 4088 corripit
3024 4032 3100 4071 ne
3132 4032 3201 4071 ea
3224 4015 3434 4072 iaciam
3471 4032 3603 4087 qum
3624 4031 3659 4071 a
3675 4028 3770 4071 me

2123 4106 2559 4172 collaudantur,
2593 4105 2697 4161 sed
2744 4122 2877 4176 quae
2923 4106 3352 4177 vituperantur.
3396 4124 3418 4153 ι
3449 4106 3576 4161 Non
3607 4103 3771 4160 enim

2125 4194 2284 4267 quod
2316 4195 2444 4250 volo
2467 4195 2616 4250 facio
2640 4194 2885 4250 bonum.
2907 4216 2935 4244 »
2959 4194 3228 4251 Ostendit
3246 4199 3470 4250 tantam
3495 4208 3625 4248 esse
3640 4207 3778 4264 pec-

2125 4285 2240 4341 cati
2300 4283 2712 4355 deceptionem
2742 4300 2811 4340 ac
2842 4283 3171 4351 suadelam,
3203 4290 3270 4341 ut
3307 4281 3570 4340 studium
3601 4280 3773 4348 mihi,

2127 4373 2341 4446 inquit,
2375 4372 2472 4438 sit,
2513 4378 2579 4428 ut
2597 4372 2814 4429 faciam
2846 4372 3089 4440 bonum,
3121 4379 3181 4429 et
3209 4372 3473 4428 studium
3505 4370 3649 4427 mihi
3678 4370 3774 4436 sit,

365 4458 864 4542 α’χμαλωτίζουσά
923 4482 990 4533 με
1047 4461 1139 4517 καὶ
1194 4462 1456 4517 πείθουσα
1510 4463 1619 4515 τῶν
1675 4454 2004 4533 δεδογμένωι

2129 4480 2205 4521 ne
2225 4479 2437 4535 operer
2467 4462 2690 4519 malum
2716 4479 2731 4517 :
2773 4470 2831 4519 et
2864 4470 3061 4520 tamen
3092 4463 3319 4519 invadit
3374 4477 3468 4517 me
3499 4459 3779 4531 concupi-

369 4548 643 4626 ὑπεριδεῖν
690 4551 783 4607 καὶ

374 4641 483 4712 ξαι.
509 4665 536 4693 ιι
570 4638 714 4698 Αλλ⁹
744 4641 772 4696 ὃ
813 4640 878 4697 οὐ
911 4638 1057 4704 θέλω
1081 4639 1265 4697 κακόν.
1301 4664 1327 4692 n
1362 4636 1569 4715 Σχεδὸν
1601 4638 1705 4716 γὰρ
1735 4639 1821 4693 καὶ
1853 4633 2024 4695 ἀϐου-

374 4730 568 4802 λήτως
633 4732 770 4806 πρὸς
825 4732 888 4786 τὸ
946 4731 1109 4785 κακὸν
1157 4728 1593 4803 σδναρπὰζοςιαι,
1646 4727 1721 4790 ὡς
1770 4727 1906 4783 εἶναι
1959 4728 2025 4784 τὸ

372 4825 479 4875 πᾶν
535 4824 645 4875 τῶν
718 4820 820 4890 τήν
892 4817 1158 4895 ἁμαρτίαν
1245 4818 1646 4892 ὑποτιθεμένων
1724 4814 2022 4891 διιμόνων.

372 4910 594 4984 Μικρᾶς
633 4909 740 4986 γὰρ
770 4908 960 4984 χώρας
1016 4901 1409 4984 ἐπιλοϐίμενοι
1458 4908 1518 4962 ἐκ
1566 4909 1663 4977 τῆς
1717 4908 1879 4981 ἡμῶν
1930 4905 2024 4984 ρᾳ·

375 4998 620 5071 Θυμῖαις,
650 4998 714 5052 τὸ
744 4998 876 5053 ὅλον
931 4997 1333 5071 ἀνατρέπουσιν.
1398 5020 1426 5048 ιι
1458 4992 1609 5052 Ἀλλ’
1716 4996 1939 5052 οῗοιοῦσα
1970 4996 2025 5053 ἑν

381 5085 511 5159 ἐμοὶ
562 5086 820 5162 ἁμαρτία.
857 5110 881 5139 ι
967 5086 1090 5143 Ἐπὶ
1154 5088 1248 5159 μὲν
1299 5088 1398 5141 τοῦ
1454 5083 1675 5158 ἀγαθοῦ,
1725 5085 1827 5142 οὐκ
1882 5086 2023 5142 εἶπεν

383 5175 618 5247 οῗκτβιν,
650 5175 740 5232 ἑ.πί
771 5174 828 5231 δὲ
868 5177 968 5243 τῆς
1032 5175 1296 5250 ἁμαρτίας
1348 5173 1486 5229 εἶπε.
1548 5175 1754 5229 Λοιπὸν
1812 5176 1916 5251 γὰρ
1972 5174 2033 5231 ἐκ

382 5267 483 5320 τοῦ
532 5264 613 5320 ἀεὶ
685 5264 1036 5339 ἁμαρτάνειν,
1125 5262 1203 5324 είς
1260 5259 1369 5334 ’ἕξιν
1427 5261 1550 5318 τινὰ
1604 5267 1706 5333 τῆς
1763 5262 2035 5339 ἁμαρτίας

384 5353 658 5429 ἤλθομεν.
689 5354 769 5412 Τὸ
797 5354 904 5429 γὰρ
929 5352 1063 5429 ἆγον
1099 5349 1222 5417 ἔθος
1254 5348 1347 5407 ἴσα
1375 5351 1587 5432 φύσεως
1608 5352 1836 5427 γίνεται.

449 5530 703 5609 Εὖρίσκω
758 5529 864 5609 ἄρα
921 5531 1015 5588 τὸν
1068 5530 1238 5605 νόμον
1275 5529 1357 5605 τῷ
1401 5528 1614 5587 θέλοντι
1672 5528 1795 5606 ipsi
1854 5537 2031 5591 ποιεῖν

382 5621 447 5681 τὸ
504 5619 701 5703 καλὸν,
744 5623 829 5680 ὅτι
889 5620 1016 5701 iugi
1071 5620 1135 5677 τὸ
1189 5626 1351 5679 κακὸν
1383 5686 1393 5695 ,
1427 5620 1770 5699 παράκειται.
1851 5622 2031 5697 Συνή-

867 4546 1316 4623 ἒππουὸασμενων
1375 4550 1464 4604 καὶ
1521 4553 1590 4604 τὰ
1653 4548 1823 4618 αότῆς
1878 4554 2004 4624 πρᾶ·

2129 4553 2375 4619 scentia,
2403 4568 2617 4624 meque
2636 4552 2800 4608 ducit
2821 4554 3141 4625 captivum,
3156 4552 3415 4608 suadens
3431 4557 3499 4606 ut
3517 4549 3587 4605 ad
3611 4564 3780 4604 man-

2134 4643 2271 4699 data
2300 4650 2361 4698 et
2389 4659 2483 4699 res
2514 4642 2809 4698 studiosae
2827 4642 3200 4708 conniveam,
3224 4658 3292 4697 ac
3335 4657 3405 4696 ea
3433 4655 3567 4712 qua)
3591 4639 3778 4711 ipsius

2134 4739 2276 4790 sunt
2301 4748 2531 4805 operer.
2566 4757 2589 4780 υ
2614 4730 2726 4787 Sed
2748 4732 2907 4803 quod
2937 4748 3058 4786 non
3083 4732 3210 4786 volo
3243 4730 3489 4787 malum.
3524 4752 3550 4777 »ι
3576 4730 3780 4785 Ferme

2132 4839 2269 4879 vero
2290 4823 2506 4879 invitus
2535 4822 2609 4878 ad
2645 4822 2863 4878 malum
2895 4821 3202 4893 corripior,
3224 4829 3289 4876 ut
3309 4821 3577 4877 sitomne
3601 4834 3782 4891 nego-

2134 4913 2283 4969 tium
2314 4911 2754 4968 adhortantium
2775 4910 2849 4965 ad
2869 4910 3089 4966 malum
3114 4909 3473 4967 daemonum.
3506 4910 3593 4965 Illi
3616 4926 3783 4964 nam-

2136 5018 2250 5073 que
2283 5017 2459 5073 parva
2474 4999 2783 5055 occasione
2800 5015 2869 5054 ex
2895 5005 3098 5055 nostra
3119 5000 3366 5073 segnitie
3387 4999 3780 5071 apprehensa,

2135 5097 2321 5147 totum
2355 5090 2722 5145 subvertant.
2756 5112 2780 5135 ιι
2818 5087 2930 5145 Sed
2963 5088 3120 5160 quod
3168 5089 3396 5144 habitat
3426 5088 3485 5143 in
3518 5103 3613 5143 me
3642 5102 3778 5158 pec.

2133 5186 2352 5237 catum.
2371 5202 2393 5224 η
2412 5180 2477 5233 In
2499 5178 2654 5233 bono
2676 5176 2916 5249 quidem
2950 5194 3070 5233 non
3093 5177 3240 5233 dixit
3262 5173 3784 5241 habitationemﬁn

2129 5275 2371 5342 peccato
2399 5284 2531 5322 vero
2563 5267 2712 5323 dixit
2766 5267 3073 5339 Siquidem
3101 5284 3170 5323 ex
3195 5268 3305 5323 hoc
3332 5265 3493 5337 quod
3506 5263 3787 5321 continue

2132 5373 2469 5432 peccamus,
2504 5357 2564 5412 in
2591 5356 2861 5415 habitum
2885 5356 3201 5429 quemdam
3228 5356 3451 5430 peccati
3475 5354 3791 5422 venimus;

2135 5446 2456 5503 vehemens
2470 5446 2563 5501 eni
2575 5445 3002 5502 mconsuetudo
3016 5446 3263 5517 aequalis
3276 5452 3416 5501 natu
3426 5463 3502 5500 rae
3514 5440 3795 5503 efﬁcitur.

2212 5537 2326 5602 νυ,
2359 5536 2544 5591 21-23.
2574 5538 2801 5593 Invenio
2844 5538 3021 5607 igitur
3052 5536 3223 5606 legem
3266 5536 3476 5593 volenti
3524 5533 3660 5589 mihi
3702 5531 3796 5599 fa.-

2134 5640 2254 5684 σενι
2311 5625 2533 5695 bonum,
2582 5626 2734 5698 quod
2778 5624 2923 5683 mihi
2964 5624 3172 5683 malum
3214 5627 3492 5696 adjaceat.
3537 5619 3799 5678 Oblector
