4198 6198
450 321 572 392 463

1533 318 1948 386 (ΕΟΠΜΕΝΙΙ
1991 313 2300 380 ΤΒΙΟΟᾹΞ
2343 313 2724 378 EPISCOPI.

3744 317 3867 382 λοι

452 463 596 518 enim
627 461 742 528 lege
799 459 893 514 Dei
945 457 1241 514 secundum
1297 459 1580 514 internum
1637 457 1954 512 hominem:
2012 453 2094 509 sed

2217 445 2380 524 δομιι
2419 447 2521 524 γὰρ
2576 453 2656 522 τῷ
2707 449 2862 523 νόμῳ
2917 453 3015 506 τοῦ
3073 454 3208 506 Θεοῦ
3260 449 3395 506 κατὰ
3449 449 3540 506 τὸν
3600 445 3710 507 ἔσω
3769 453 3866 507 ἀν-

450 553 603 606 υἰαΙεο
632 549 802 602 aliam
860 548 1030 616 legem
1074 551 1132 602 in
1189 549 1441 604 membris
1487 550 1639 613 meis,
1699 551 2099 618 repugnantem

451 639 558 707 legi
585 640 781 692 mentis
813 654 941 692 meae
976 654 988 691 :
1022 644 1074 692 et
1102 637 1382 708 captivum
1410 655 1494 693 me
1523 639 1807 694 ducentem
1841 635 1956 704 lege
1983 649 2102 705 pec-

449 728 582 790 cati,
615 742 734 797 quae
765 733 842 782 est
873 728 932 781 in
961 728 1216 783 membris
1246 731 1396 783 meis.

521 903 848 960 Obscurum
873 911 964 960 est
1009 906 1167 976 quod
1190 906 1250 961 in
1271 905 1482 961 littera:
1510 911 1786 961 contextu
1815 902 1975 958 dicit.
2000 902 2097 956 Est

448 1001 646 1049 autem
668 995 1026 1066 hujusmodi.
1055 995 1270 1051 Laudo.
1298 996 1512 1068 inquit.
1545 996 1732 1068 legem
1770 995 2098 1049 secundum

448 1083 894 1139 conscientiam.
932 1090 989 1139 et
1022 1086 1182 1140 illam
1218 1087 1455 1140 inienio
1504 1086 1687 1158 legem
1725 1101 1855 1156 quas
1887 1083 2096 1138 exhor-

447 1174 734 1228 tationem
761 1174 904 1228 mihi
936 1176 1194 1246 praabeat
1219 1175 1316 1229 ubi
1351 1175 1566 1231 bonum
1592 1192 1764 1248 agere
1795 1174 2096 1246 elegerim.

447 1261 596 1326 Quid
628 1262 809 1334 igitur
829 1263 966 1319 inde
996 1265 1428 1334 consequitur?
1455 1265 1692 1330 Malum,
1717 1265 1928 1333 inquit,
1963 1279 2101 1334 ope-

449 1368 564 1420 ror,
592 1354 730 1423 quia
772 1353 916 1407 mihi
951 1354 1168 1409 malum
1197 1355 1430 1426 adjacet
1457 1371 1470 1418 ;
1505 1353 1563 1408 id
1595 1359 1702 1420 est,
1733 1352 1968 1409 assidue
2000 1370 2097 1407 ur-

447 1447 560 1513 get.
599 1443 798 1512 Itaque
827 1459 1020 1512 neque
1049 1444 1194 1498 mihi
1227 1443 1447 1498 bonum
1475 1444 1704 1514 operari
1736 1443 1953 1498 volenti
1976 1442 2099 1498 suf-

449 1530 654 1584 ﬁciens
687 1536 776 1584 est
809 1531 902 1586 lex
935 1537 998 1587 ut
1027 1533 1345 1590 auxilietur
1375 1551 1388 1601 ;
1423 1533 1573 1589 nihil
1603 1535 1758 1588 enim
1792 1532 1954 1589 aliud
1995 1547 2096 1604 po-

447 1624 560 1672 test
592 1617 684 1672 lex
715 1634 893 1689 quam
935 1619 1256 1678 adhortari.
1297 1624 1478 1696 Igitur
1535 1624 1688 1680 ‘296
1745 1621 2099 1677 dimittenda

446 1713 536 1761 est
568 1711 724 1774 (nam
757 1707 818 1762 id
876 1710 1033 1781 quod
1101 1728 1136 1767 a
1193 1713 1373 1769 Paulo
1425 1713 1798 1784 instituitur),
1855 1712 2096 1767 venien-

447 1794 706 1866 dumque
737 1795 812 1896 ad
843 1797 1162 1858 Christum.
1188 1800 1287 1871 qui
1317 1818 1437 1856 non
1495 1801 1670 1856 modo
1728 1799 2095 1855 adhortatur.
2133 1835 2176 1898 Β

448 1901 650 1940 verum
684 1885 862 1941 etiam
897 1888 1053 1941 tollit
1089 1889 1246 1958 quod
1301 1890 1465 1961 prius
1516 1895 1916 1962 perpetratum
1976 1893 2103 1942 erat

446 1979 753 2045 peccatum
786 1991 891 2046 per
922 1976 1235 2047 baptisma.
1271 1985 1328 2034 et
1359 1979 1428 2034 ad
1457 1981 1579 2034 haec
1611 1979 1800 2034 salvat
1847 1983 1903 2032 et
1933 1978 2095 2033 auxi-

447 2063 646 2118 liatur.
683 2095 744 2104 —
781 2067 1048 2120 Praeterea
1082 2074 1132 2122 et
1191 2069 1303 2123 alio
1359 2071 1535 2125 modo.
1571 2071 1649 2124 Ex
1709 2070 1820 2128 his.
1881 2069 2092 2138 inquit.

451 2169 581 2224 qua:
616 2153 758 2216 dixi,
781 2160 838 2207 et
859 2170 928 2210 ex
951 2157 1045 2210 liis
1069 2173 1200 2227 qua:
1237 2159 1624 2220 consideravi,
1652 2158 1761 2212 hoc
1788 2158 1932 2212 milii
1964 2163 2092 2211 tiin~

449 2242 581 2296 deni
616 2243 993 2299 concluditur
1021 2261 1034 2301 :
1071 2247 1353 2316 quidnam
1388 2248 1544 2320 quod
1577 2249 1667 2303 lex
1701 2247 1827 2302 sit?
1858 2247 1948 2301 lex
1973 2246 2099 2316 qui-

448 2331 581 2386 dem
615 2332 689 2387 ad
721 2335 939 2389 bonum
969 2337 1180 2391 volt-nti
1224 2339 1369 2392 mihi
1403 2342 1592 2393 facere
1642 2338 1862 2392 bonum
1917 2337 2094 2406 idque

447 2423 638 2478 solum
675 2424 882 2479 tribuit
929 2428 1069 2480 Nam
1103 2429 1326 2483 malum
1376 2429 1608 2501 reperio
1637 2429 1793 2499 quod
1821 2427 2098 2483 similiter

443 2513 584 2566 mihi
621 2513 908 2584 adjacent,
936 2520 992 2569 et
1015 2517 1164 2570 nihil
1189 2534 1257 2573 ex
1283 2519 1408 2590 lege
1434 2519 1643 2572 melior
1672 2520 1914 2573 eﬂ'ectus
1938 2533 2092 2582 sum,

444 2604 556 2658 nisi
592 2605 709 2660 etia
733 2625 762 2658 ii
797 2614 1220 2663 nocumentum
1255 2609 1442 2681 magis
1491 2610 1892 2680 susceperim:
1955 2607 2095 2677 quia

443 2692 716 2765 adjacere
750 2695 894 2749 mihi
931 2703 983 2752 et
1011 2697 1186 2752 veluti
1210 2699 1468 2754 vicinum
1498 2715 1626 2754 esse
1660 2699 1804 2754 mihi
1849 2697 2090 2765 malum,

443 2782 696 2853 praebuit
725 2801 931 2839 ansam
967 2787 1124 2840 mali.
1171 2788 1283 2842 Lex
1333 2789 1531 2859 itaque
1585 2788 1775 2844 solum
1807 2787 1917 2841 fuit
1946 2786 2093 2840 mihi

445 2871 517 2925 ad
540 2872 780 2938 bonum,
823 2873 1107 2946 aliudque
1128 2876 1277 2930 nihil
1303 2877 1576 2932 contulit.
1608 2875 1770 2932 Unde
1796 2875 1943 2930 illud
1977 2891 2090 2930 ma-

448 2961 797 3018 nifestatur?
819 2965 965 3029 Quia
990 2965 1210 3021 malum
1235 2967 1380 3020 milii
1408 2967 1616 3022 eodem
1643 2965 1816 3021 modo
1841 2965 2092 3037 adjacet.

449 3081 518 3091 -—
552 3052 648 3107 Vel
668 3055 783 3109 ita:
817 3055 1056 3111 Invenio
1080 3055 1258 3128 igitur
1283 3056 1470 3124 legem
1497 3057 1734 3123 bonam,
1760 3056 2096 3112 utaddatur

446 3141 688 3207 Bonam,
723 3149 780 3198 et
811 3144 1231 3216 in.hyperbato
1260 3152 1316 3201 et
1345 3149 1695 3202 acommuni
1722 3163 1901 3202 sensu
1933 3147 2092 3218 posi-

446 3235 592 3284 tum.
645 3232 902 3298 Invenio,
947 3234 1160 3304 inquit,
1196 3235 1385 3308 legem
1418 3235 1637 3293 bonam
1697 3236 1840 3290 mihi
1875 3235 2092 3290 volenti

445 3318 638 3371 facere
665 3318 907 3373 bonum.
939 3320 1056 3375 Cur
1078 3338 1212 3393 ergo
1245 3341 1362 3378 non
1395 3323 1541 3378 facis
1568 3324 1760 3379 illud?
1789 3325 1934 3389 Quia
1966 3340 2092 3379 ma-

445 3407 571 3461 lum
599 3406 744 3460 mihi
777 3407 1026 3478 adjacet.
1055 3411 1279 3464 Bonum
1313 3413 1511 3482 itaque
1536 3413 1682 3486 legis
1706 3414 1764 3467 in
1791 3414 1916 3468 sola
1950 3413 2095 3486 legis

446 3494 668 3548 latione
709 3501 1059 3566 est:neque
1111 3499 1269 3552 enim
1332 3499 1584 3556 liberare
1647 3503 1825 3556 etiam
1878 3503 2096 3556 valete

448 3585 604 3639 malo
639 3591 698 3639 et
727 3584 951 3640 salvum
985 3588 1197 3651 facere,
1233 3588 1484 3658 ideoque
1534 3590 1886 3644 dimittenda
1917 3596 2007 3645 est
2038 3594 2096 3644 et

447 3673 521 3728 ad
544 3673 840 3728 Christum
873 3675 1296 3730 accedendum.
1347 3707 1413 3716 —-
1441 3677 1537 3731 Vel
1555 3679 1632 3732 ita
1657 3679 1844 3747 potius
1922 3680 2094 3733 Invec

444 3764 546 3819 nio
579 3764 756 3836 igitur
787 3765 995 3837 legem.
1031 3766 1140 3820 hoc
1171 3773 1278 3830 est,
1322 3765 1587 3822 intellexi
1620 3772 1678 3822 et
1725 3767 2093 3838 deprehendi

446 3855 563 3908 vim
591 3862 649 3909 et
678 3861 950 3910 naturam
985 3855 1149 3928 legis,
1176 3863 1374 3912 exacte
1406 3857 1478 3912 de
1519 3875 1588 3913 ea
1632 3858 1893 3930 comperi
1935 3859 2093 3931 quod

447 3944 597 3998 nihil
630 3946 907 4015 potuerit.
947 3945 1107 4000 Unde
1163 3947 1275 4001 hoc
1334 3947 1713 4004 manifestum
1747 3956 1836 4002 est
1863 3949 1890 4004 ?
1949 3949 2094 4014 Quia

446 4033 663 4089 volenti
698 4035 841 4089 milii
865 4036 1058 4090 facere
1088 4035 1333 4104 bonum,
1368 4037 1514 4092 nihil
1566 4039 1678 4093 fei't
1733 4039 1959 4106 auxilii,
1990 4039 2093 4095 sed

447 4123 726 4180 similiter
747 4125 968 4179 malum
991 4125 1522 4196 adjacet,iiiefticax
1539 4135 1629 4183 est
1651 4129 1793 4184 mihi
1819 4129 1888 4184 ad
1914 4145 2089 4201 egeno

446 4212 587 4268 dum
623 4214 776 4284 quod
811 4215 1006 4286 cupio.
1041 4216 1104 4269 ln
1136 4217 1244 4271 hoc
1273 4233 1408 4290 ergo
1466 4217 1780 4290 diligenter
1835 4218 1908 4273 de
1968 4219 2094 4291 lege

449 4305 710 4376 comperi
746 4312 1032 4375 quantum
1066 4307 1272 4377 possit,
1307 4324 1513 4378 quaeve
1545 4309 1620 4364 sit
1671 4309 1800 4380 ejus
1848 4315 2093 4364 natura:

449 4394 593 4465 quin
616 4395 675 4449 in
693 4411 786 4449 me
808 4394 1040 4450 volente
1063 4395 1286 4451 bonum
1311 4398 1542 4467 operari
1572 4397 1806 4454 invenio
1821 4399 2094 4470 adjacere

445 4485 689 4551 malum,
716 4502 906 4557 neque
929 4485 1002 4540 ab
1026 4502 1094 4540 ea
1118 4487 1370 4558 ejectum
1391 4493 1478 4542 est
1505 4504 1539 4543 a
1558 4504 1670 4544 me.
1696 4491 1763 4543 Et
1795 4490 1934 4544 item
1961 4506 2090 4560 quas

2214 550 2452 614 θριυπον·
2513 536 2701 613 βλέπω
2775 536 2833 594 δὲ

2217 650 2324 702 μου
2385 628 2932 702 ἀντιστρατευόμενον
3017 634 3095 701 τῷ
3180 631 3336 702 νόμῳ
3410 635 3506 685 τοῦ
3563 631 3684 692 νοός
3731 654 3862 704 μου,

2211 719 2299 774 καὶ
2333 719 2821 799 αἰχμαλωτίζοντά
2854 741 2919 792 με
2948 724 3026 792 τῷ
3077 721 3232 794 νόμῳ
3287 727 3386 789 τῆς
3438 721 3725 796 ἁμαρτῖας,
3784 727 3864 795 τῷ

2212 805 2326 863 ὄντι
2358 807 2409 863 ἐν
2443 815 2562 871 τοῖς
2589 808 2774 881 μὲλεσί
2810 832 2936 882 μου.

2283 898 2511 968 Ἀσαφὲς
2563 900 2626 953 τὸ
2686 898 2974 973 εἰρημένον
3033 897 3085 953 ἐν
3177 902 3244 972 τῇ
3328 899 3495 970 τάξει.
3557 901 3716 955 Ἔστι
3775 896 3854 956 δὲ.

2213 987 2446 1042 Ἐπιινώ
2511 989 2602 1041 τὸν
2667 988 2857 1059 νόμον,
2913 986 3070 1067 φησέ,
3131 987 3264 1042 κατᾶ
3322 990 3384 1043 τὸ
3443 985 3708 1056 συνειδὸς,
3769 989 3859 1043 καὶ

2913 538 3094 615 ἕτερον
3150 541 3319 614 νόμον
3381 539 3434 594 ἐν
3503 546 3616 602 τοῖς
3671 541 3866 612 μέΑεσί

2213 1075 2370 1131 αὐτὸν
2402 1075 2456 1130 δὲ
2501 1075 2732 1146 εὑρίσκω
2788 1077 2880 1130 τὸν
2936 1077 3103 1148 νόμον
3155 1074 3278 1148 ἐμοὶ
3335 1077 3396 1132 τὸ
3455 1077 3624 1132 καλὸν
3679 1082 3859 1133 ποιεῖν

2209 1165 2576 1239 προῃρημένῳ
2654 1167 2970 1240 προτροπῆν
3046 1165 3378 1245 παρεχοντα.
3439 1169 3505 1224 Τί
3565 1167 3660 1222 οὖν
3724 1166 3862 1239 μετᾶ

2209 1259 2369 1310 τοῦτο
2404 1273 2417 1324 ;
2446 1255 2518 1311 Τὸ
2564 1257 2728 1310 κακὸν
2759 1256 3002 1328 πράσσω.
3037 1255 3222 1334 φησὶν,
3256 1257 3338 1310 ὅτι
3396 1255 3521 1328 ἐμοὶ
3577 1259 3639 1312 τὸ
3696 1259 3862 1312 κακὰν

2209 1343 2550 1415 παράκειται.
2601 1347 2892 1402 Τουτὲστιν
2946 1346 3028 1401 ὅτι
3086 1345 3333 1418 ἐκμεΛῶς
3388 1344 3640 1420 ἔγκειται.
3698 1353 3861 1402 Ὥστε

2210 1431 2335 1487 οὐδὲ
2369 1433 2690 1508 βουλομένῳ
2725 1455 2818 1507 μοι
2849 1435 2912 1489 τὸ
2941 1433 3109 1490 καλὸν
3142 1439 3359 1508 πρᾶξαι,
3419 1435 3600 1497 ἱκανός
3654 1433 3796 1492 ἐστιν
3830 1435 3859 1490 ὁ

2208 1520 2378 1594 νόμος
2413 1523 2707 1596 βοηθῆσαιο
2741 1522 2888 1592 πλὴν
2927 1524 3032 1601 γὰρ
3086 1528 3182 1579 τοῦ
3240 1523 3644 1600 προτρέψασθαι
3699 1521 3856 1580 οὐδὲν

2210 1609 2411 1686 ἰσχύει.
2456 1615 2756 1689 Τοιγαροῦν
2801 1611 3022 1691 ἀφετέον
3050 1613 3141 1669 τὸν
3196 1609 3363 1688 νόμον
3421 1616 3608 1687 (τοῦτο
3663 1615 3765 1688 γαρ
3796 1613 3862 1668 τὸ

2207 1702 2737 1772 κατασκευαζόμενον
2814 1703 2983 1776 αὐτῷ)
3019 1750 3031 1772 ,
3109 1704 3198 1759 καὶ
3293 1702 3719 1781 προφελευστὲον
3781 1707 3861 1774 τῷ

2208 1795 2451 1863 Χριστῷ,
2485 1791 2542 1852 ὃς
2576 1793 2639 1846 οὐ
2668 1791 3028 1867 προτρέπεται
3085 1792 3272 1865 μόνον,
3305 1791 3453 1848 ἀλλὰ
3509 1793 3599 1848 καὶ
3651 1793 3863 1867 ἀναιρεῖ

2211 1881 2308 1946 τήν
2368 1879 2774 1954 προγενομὲνην
2849 1881 3117 1954 ἁμαρτίαν
3168 1878 3258 1936 διὰ
3306 1885 3402 1936 τοῦ
3465 1881 3858 1957 βαπτίσματος,

2210 1968 2300 2023 καὶ
2334 1970 2468 2040 μετὰ
2508 1974 2670 2025 τοῦτο
2701 1971 2862 2038 σώζει
2915 1970 3004 2024 καὶ
3067 1972 3277 2045 βοηθεῖ.
3337 2004 3404 2014 --
3463 1971 3704 2032 Ἄλλως·
3771 1973 3858 2042 ’ξιξ

2211 2058 2284 2111 ὧν
2314 2059 2490 2128 εἶπον,
2521 2059 2672 2134 φησὶ.
2705 2058 2794 2114 καὶ
2829 2061 2877 2132 ἐξ
2910 2060 2982 2113 ὧν
3013 2059 3310 2130 ἐσκόπησα.
3353 2061 3514 2115 τοῦτὸ
3575 2081 3668 2134 μοι
3720 2082 3862 2134 συμ-

2211 2148 2518 2218 περαίσεται
2549 2148 2638 2202 καὶ
2681 2152 2841 2203 τοῦτο
2891 2148 3140 2224 εὑρίσκω.
3201 2153 3418 2218 Hc'i'ov;
3475 2151 3544 2204 Τὸ
3603 2171 3741 2206 sisui.
3771 2150 3861 2205 τὸν

2209 2237 2378 2310 νόμον
2414 2281 2426 2303 ,
2484 2237 2652 2310 νόμον
2717 2239 2814 2312 μὲν
2873 2238 2948 2300 είς
3002 2238 3064 2293 τὸ
3119 2237 3289 2293 καλὸν
3343 2244 3422 2312 τῷ
3472 2238 3684 2302 θέλοντι
3733 2238 3859 2311 ἐμοὶ

3313 2330 3676 2404 χαριζόμενον
3713 2373 3726 2386 .
3783 2329 3860 2385 Τὸ

2210 2416 2314 2491 γαρ
2371 2416 2534 2470 κακὸν
2595 2417 2850 2491 εὑρίσκω,
2911 2417 2992 2472 ὅτι
3055 2419 3265 2492 ὁμοίως
3334 2419 3458 2491 ἐμοὶ
3515 2419 3861 2489 παράκειται,

2208 2506 2293 2559 καὶ
2331 2504 2483 2560 οὐδὲν
2529 2501 2864 2578 ὲϐελτιώθην
2895 2506 2950 2562 ἐκ
2979 2512 3074 2561 τοῦ
3105 2509 3302 2579 νόμου,
3354 2507 3403 2562 εἴ
3458 2511 3532 2580 μὴ
3585 2511 3671 2563 καὶ
3721 2506 3860 2584 βλά-

2211 2332 2385 2381 ποιεῖν
2454 2326 2517 2382 τὸ
2577 2325 2768 2395 καλὸν,
2829 2331 2988 2382 τοῦτο
3059 2329 3224 2401 μόνον

2209 2589 2311 2664 ϐην
2343 2593 2561 2666 μᾶλλον
2595 2593 2881 2669 ἐδεξάμην,
2923 2597 3006 2650 ὅτι
3038 2599 3392 2672 παρακεῖσθαί
3438 2619 3552 2670 μοι,
3612 2598 3704 2652 καὶ
3749 2599 3861 2652 οἷον

2207 2683 2434 2759 ἐγγίζειν
2472 2706 2591 2758 μοι,
2622 2686 2684 2740 τὸ
2715 2685 2877 2740 κακὸν
2935 2689 3205 2761 παρεσχεν
3263 2687 3540 2764 ἀφορμήν,
3601 2689 3661 2744 Ὀ
3695 2688 3863 2761 νόμος

2209 2773 2302 2826 οὖν
2339 2774 2524 2846 μόνον,
2558 2775 2738 2853 φησὶν,
2775 2774 2984 2848 ἐγένετό
3020 2796 3114 2846 μοι
3158 2775 3233 2837 εἷς
3263 2776 3324 2830 τὸ
3375 2775 3568 2840 καλὸν,
3608 2773 3752 2831 ἄλλο
3804 2773 3862 2832 δὲ

2209 2858 2382 2918 οὐδὲν.
2419 2864 2583 2917 Πόθεν
2619 2859 2789 2930 δῆλον
2825 2881 2837 2931 ;
2867 2867 2989 2920 ’Ότι
3021 2865 3082 2918 τὸ
3114 2868 3277 2920 κακον
3322 2887 3416 2938 μοι
3451 2865 3712 2929 ὡσαᾶτως
3745 2887 3853 2922 πα-

2209 2951 2473 3026 ράκειται.
2501 2954 2566 3008 Ἥ
2601 2952 2691 3006 καὶ
2723 2952 2898 3014 οὕτως
2933 2953 3180 3027 Εὐρισκω
3212 2951 3312 3030 ἄρα
3351 2955 3442 3010 τὸν
3472 2955 3641 3028 νόμον
3689 2955 3856 3010 καλὸν

2205 3040 2277 3096 ἶν’
2304 3043 2341 3110 ἦ
2372 3042 2455 3108 τὸ,
2489 3065 2517 3095 ‹‹
2551 3041 2752 3108 Κακὸν,
2781 3065 2808 3094 ii
2842 3043 2928 3096 καὶ
2965 3042 3014 3097 ἐν
3047 3038 3357 3118 ὑπερϐατῳ,
3390 3043 3480 3100 καὶ
3521 3044 3626 3099 ἀπὸ
3670 3049 3855 3100 κοινοῦ

2205 3130 2474 3202 κείμενον.
2508 3130 2778 3202 Εὑρίσκω,
2821 3132 2975 3200 φησί,
3029 3131 3120 3186 τὸν
3177 3134 3344 3206 νόμον
3403 3133 3570 3189 καλὸν
3619 3134 3743 3208 ἐμοὶ
3775 3139 3853 3208 τῷ

2297 3190 2305 3202 .
2587 3190 2594 3202 .
2768 3190 2778 3200 ,
2883 3190 2893 3200 .
2964 3190 2973 3199 ,
3245 3190 3254 3206 .
3648 3190 3658 3208 .
3825 3190 3835 3208 ,

2125 3190 2168 3256 C
2205 3218 2415 3276 θέλοντι
2471 3226 2646 3276 ποιεῖν
2677 3221 2739 3276 τὸ
2769 3219 2960 3277 καλόν.
2995 3223 3062 3278 Τί
3093 3222 3185 3277 05v
3245 3221 3306 3277 οὗ
3363 3223 3615 3298 πράττεις
3671 3223 3802 3279 αὐτό
3835 3245 3852 3294 ;

2206 3309 2329 3366 Ὀτι
2359 3309 2423 3364 τὸ
2451 3310 2614 3366 κακόν
2674 3330 2768 3383 μοι
2797 3310 3138 3386 παράκειται.
3199 3313 3358 3366 Ὥστε
3408 3315 3471 3367 τό
3528 3313 3696 3368 καλὸν
3753 3317 3852 3368 τοῦ

2203 3403 2393 3470 νόμου,
2465 3398 2517 3454 ἐν
2599 3403 2678 3471 τῷ
2766 3401 2930 3473 μόνον
2985 3403 3319 3473 νομοθετεῖν,
3379 3399 3507 3458 ἀλλ’
3563 3402 3693 3481 οὐχὶ
3761 3401 3851 3458 καὶ

2205 3489 2388 3561 ῥύεσαι
2420 3493 2517 3544 τοῦ
2564 3493 2732 3544 κακοῦ
2797 3491 2890 3544 καὶ
2942 3492 3134 3559 σώζειν
3188 3489 3390 3566 ἰσχύει.
3451 3492 3543 3547 Διὸ
3599 3493 3858 3571 ἀφεκτέον

2205 3577 2390 3640 αὐτοῦ,
2447 3579 2537 3633 καὶ
2605 3578 2890 3654 προσιτέον
2945 3582 3185 3654 Χριστῷ.
3237 3582 3307 3637 ’Ἡ
3373 3579 3590 3654 μᾶλλον
3653 3581 3852 3644 οὕτως’

2208 3668 2455 3740 Εὑρίσκω
2499 3666 2602 3742 ἄρα
2656 3668 2751 3723 τὸν
2811 3669 3004 3740 νόμον,
3059 3671 3328 3738 τουτέστι,
3388 3672 3706 3742 Κατενόησα
3762 3674 3856 3727 καὶ

2201 3751 2590 3829 κατελαϐόμην
2621 3777 2719 3825 την
2776 3756 2934 3830 ῗσιὸν
2985 3757 3074 3813 καὶ
3134 3759 3233 3829 τήν
3283 3758 3440 3832 φυσιν
3493 3764 3594 3814 τοῦ
3653 3761 3853 3832 νόμου.

2201 3845 2449 3920 Ἐξεῦρον
2509 3845 2673 3900 αὐτὸν
2727 3842 3006 3917 ἀκριϐῶς,
3066 3848 3150 3900 ὅτι
3218 3844 3369 3902 οὐδὲν
3425 3868 3518 3922 μοι
3577 3849 3851 3923 βοηθῆσαι

2201 3934 2410 4011 ἴσχυσε.
2451 3935 2616 4000 Πόθεν
2643 3933 2812 4004 δῆλον
2851 3955 2864 4005 ;
2895 3938 3020 3991 ’Ὁτι
3052 3937 3263 3993 θελοντί
3297 3959 3390 4010 μοι
3442 3945 3616 3994 ποιεῖν
3663 3940 3723 3995 τὸ
3751 3961 3852 3995 κα-

2203 4022 2298 4080 λὸν
2355 4022 2507 4079 οὐδὲν
2566 4022 2864 4100 ἐπικουρεῖ,
2911 4024 3038 4080 ἀλλ’
3089 4027 3296 4097 ὁμοίως
3350 4029 3413 4083 τὸ
3454 4029 3616 4084 κακὸν
3673 4030 3852 4105 παρά-

2199 4133 2394 4174 κειται,
2441 4111 2712 4190 ἄπρακτόν
2774 4136 2868 4188 μοι
2924 4115 2986 4170 τὸ
3035 4113 3209 4171 θελειν
3273 4121 3464 4173 ποιῶν.
3527 4119 3616 4175 Ἐν
3667 4119 3848 4192 τούτῳ

2202 4204 2294 4258 οὖν
2323 4201 2474 4277 εὗρον
2529 4198 2768 4277 ἀκριϐῶς
2825 4205 2917 4258 τὸν
2976 4204 3144 4276 νόμον
3201 4205 3325 4260 ὅσον
3384 4206 3584 4282 ἰσχύει,
3640 4209 3729 4263 καὶ
3768 4209 3849 4270 τίς

2202 4292 2342 4348 ἐστιν
2401 4295 2435 4361 ἡ
2495 4292 2651 4370 φύσις
2701 4292 2887 4359 αὐτοῦ,
2949 4292 2998 4348 ἐν
3073 4299 3151 4366 τῷ
3227 4294 3277 4350 ἐν
3331 4296 3456 4368 ἐμοὶ
3512 4301 3591 4369 τῷ
3632 4296 3844 4361 θέλοντι

2201 4389 2374 4439 ποιεῖν
2403 4383 2466 4437 τὸ
2495 4381 2662 4438 καλὸν
2690 4382 2970 4457 εὑρίσκειν,
3025 4384 3109 4440 ὅτι
3164 4385 3228 4440 τὸ
3281 4387 3446 4442 κακὸν
3505 4387 3849 4460 παράκειται,

2199 4473 2285 4527 καὶ
2349 4470 2448 4526 οὸκ
2492 4469 2837 4542 ἀπελήλαται
2900 4473 2987 4527 ὑπ’
3031 4473 3200 4529 αὐτοῦ
3257 4474 3308 4546 ἐξ
3371 4473 3527 4548 ἐμοῦ.
3600 4477 3698 4532 Καὶ
3758 4476 3843 4549 εἴη

442 4593 476 4632 a
508 4577 689 4632 Paulo
722 4576 996 4632 dicentur
1016 4577 1078 4632 in
1107 4577 1514 4648 sequentibus,
1545 4585 1788 4650 possent
1817 4580 2089 4646 duarum,

2204 4562 2258 4618 ἂν
2291 4563 2382 4618 καὶ
2441 4563 2506 4618 τὰ
2556 4561 2744 4642 ἐφεξῆς
2801 4563 3156 4640 ῥηθησόμενα
3217 4565 3440 4640 Παύλῳ,
3494 4573 3602 4624 τῶν
3655 4589 3847 4642 προει-

443 4665 859 4735 ρτωόίοιειτιιῐη
935 4665 1395 4738 explicationum
1446 4682 1574 4722 esse
1642 4666 2083 4736 confirmativa,

443 4760 693 4824 utraque
725 4755 1021 4811 sententia
1040 4755 1234 4810 locum
1259 4753 1534 4820 habente,
1569 4761 1626 4810 et
1651 4755 1862 4812 litteraa
1885 4772 2087 4812 conse-

444 4841 747 4911 quentiam
780 4841 944 4900 nullo
975 4843 1404 4914 impedimento
1453 4849 1738 4900 servante.
1799 4845 2084 4900 Possibile

444 4935 532 4985 est
562 4937 758 4986 autem
790 4936 984 4986 autem
1016 4940 1072 4987 et
1105 4934 1213 4988 hoc
1236 4931 1407 4989 modo
1433 4933 1674 5005 prOpius
1705 4932 1777 4988 ad
1809 4933 2086 4990 verbain-

439 5017 643 5088 telligi.
685 5018 916 5075 Invenio
940 5020 1117 5092 igitur
1148 5021 1305 5092 quod
1339 5022 1554 5079 volenti
1593 5022 1733 5078 mihi
1765 5023 1957 5079 facere
1992 5023 2086 5078 bo-

437 5126 577 5164 num
604 5110 930 5164 secundum
957 5111 1140 5180 legem
1167 5112 1435 5179 adjacent
1461 5113 1698 5168 malum.
1728 5113 1954 5170 Etenim
1982 5114 2080 5184 qui

426 5200 596 5269 juxta
631 5199 1003 5270 Evangeliutii
1037 5202 1248 5254 volunt-
1266 5202 1456 5256 facere
1493 5202 1732 5260 bonum.
1756 5221 1873 5258 non
1923 5205 2081 5258 inve-

436 5290 610 5343 niunt
640 5289 912 5358 adjacere
947 5289 1055 5343 sibi
1094 5292 1313 5345 malum
1368 5293 1473 5345 l’er
1521 5293 1877 5364 baptismum
1923 5294 2081 5348 enim

427 5385 681 5448 ejectum
716 5386 774 5433 et
804 5379 1114 5450 eXpulsum
1148 5386 1256 5436 est.
1293 5383 1495 5451 Itaque
1532 5391 1764 5454 oportet
1797 5400 1898 5454 per
1931 5385 2080 5454 bap-

425 5471 673 5527 tismum
705 5471 778 5526 ad
809 5471 1107 5525 Christum
1131 5472 1412 5527 accedere
1440 5473 1642 5528 relicta
1675 5476 1816 5547 lege.
1857 5476 2082 5530 Poteris

428 5558 540 5616 hoc
569 5576 804 5633 quoque
841 5560 1014 5616 modo
1047 5576 1164 5617 non
1200 5561 1498 5617 immerito
1531 5563 1936 5635 interpretari.

501 5652 648 5711 291
685 5652 994 5728 Comperio
1045 5652 1236 5726 legem
1266 5652 1446 5710 veluti
1489 5653 1863 5726 auxiliarem,
1898 5654 2083 5728 magis

2193 4652 2441 4729 ρημένων
2501 4649 2598 4707 δύο
2671 4649 2988 4728 διαλήψεων
3042 4657 3520 4716 κατασκευαστικὰ,
3589 4658 3846 4736 ἑκατέρας

2191 4741 2546 4818 ἑγχωροῦσης
2579 4738 2845 4809 διανοίας,
2903 4743 2992 4798 καὶ
3033 4747 3130 4814 τήν
3183 4743 3512 4810 ἀκολουθίαν
3553 4749 3838 4826 ἀπαραπό-

2195 4829 2378 4888 διστον
2412 4829 2807 4903 διασωζοῦσης.
2840 4834 3071 4889 Δυνατὸν
3100 4831 3157 4889 δὲ
3213 4834 3302 4890 καὶ
3341 4834 3516 4899 οὕτως
3549 4836 3838 4918 ἐγγᾶτερον

2192 4929 2292 4992 τῆς
2323 4921 2518 4994 λέξεως
2550 4916 2820 4978 ἐκλαϐεῖν.
2875 4921 3121 4998 Εὑρίσκω
3169 4921 3270 4998 ἄρα
3299 4929 3380 4998 τῷ
3439 4916 3652 4990 θέλοντι
3716 4927 3844 5004 ἐμοὶ

2192 5018 2367 5068 ποιεῖν
2393 5011 2456 5067 τὸ
2486 5010 2652 5066 καλόν
2685 5010 2820 5066 κατὰ
2857 5012 2950 5066 τὸν
2998 5013 3188 5088 νόμον,
3223 5014 3304 5070 ὅτι
3368 5014 3492 5089 ἰμοὶ
3552 5019 3613 5073 τὸ
3673 5019 3844 5076 καλὸν

2195 5103 2552 5179 παράκειται.
2634 5100 2731 5158 Καὶ
2787 5103 2888 5176 γὶρ
2948 5102 2998 5157 οὶ
3056 5105 3192 5158 κατᾶ
3237 5107 3297 5159 τὸ
3359 5106 3698 5182 Εὐαγγέλιον
3757 5111 3849 5174 θε-

2195 5191 2382 5252 λῖιντες
2415 5195 2589 5245 ποιεῖν
2622 5191 2684 5243 τὸ
2711 5190 2900 5257 καλὸν,
2951 5191 3061 5267 οὐχ
3108 5193 3451 5264 εὑρίσκουσιν
3513 5196 3596 5253 ὅτι
3656 5198 3838 5271 παρά-

2195 5281 2580 5342 κειτιιαῦτοῖς
2635 5281 2696 5334 τὸ
2749 5282 2932 5334 κακον.
2996 5282 3091 5336 Διά
3145 5287 3241 5337 7.05
3305 5285 3679 5356 βαπτισματος
3737 5286 3840 5356 γὰρ

2192 5372 2396 5440 ἐξώσοη
2431 5370 2518 5423 καὶ
2553 5367 2914 5437 ἀπελήλαται.
2976 5375 3135 5426 Ὥστε
3188 5370 3270 5427 δεῖ
3326 5375 3538 5444 Χοιστῷ
3593 5371 3680 5426 δια
3738 5374 3836 5425 τοῦ

2197 5461 2567 5537 βαπτίσματος
2620 5455 2937 5530 προσελθεῖν
2977 5503 2990 5524 ,
3039 5460 3437 5524 καταλιπόντας
3492 5462 3582 5532 τὸν
3641 5458 3842 5532 νόμον,

2195 5544 2488 5609 Ἐκλαῗιοις
2520 5544 2566 5602 δ’
2593 5546 2651 5601 ἂν
2683 5547 2769 5602 καὶ
2802 5547 2977 5612 οὕτως
3014 5549 3114 5604 οὐκ
3153 5552 3474 5615 ἀπεικότως·

2264 5639 2519 5719 Εὑρίσκω
2584 5636 2678 5692 τὸν
2748 5638 2918 5714 νόμον
2975 5639 3087 5696 οἷον
3148 5642 3441 5720 σύμμαχον
3501 5635 3716 5719 μᾶλλον
3786 5639 3847 5699 δὶ
