4222 6194
356 372 479 440 465

1457 374 1860 441 OONMENT.
1906 372 1995 435 IN
2041 368 2294 434 EPIST.
2339 372 2443 432 AD
2492 370 2678 433 ROM.

3666 383 3785 444 460

363 510 781 589 συμφωνοῦντα,
839 511 919 580 τῷ
977 506 1191 573 θέλοντι
1254 507 1380 584 ἐμοί
1439 511 1502 566 τὸ
1558 508 1751 567 καλόν.
1803 505 1905 563 Καὶ
1935 504 2008 565 τίς

2137 508 2333 560 autem
2352 504 2499 560 mihi
2522 504 2888 562 conformem
2907 505 3128 563 volenti
3154 508 3302 564 mihi
3318 509 3514 568 facere
3534 512 3779 574 bonum.

366 600 529 676 χρεία
560 599 880 676 συμφωνίας
910 602 945 671 ἢ
970 601 1293 678 συμμαχίας
1320 622 1334 669 ;
1367 600 1585 671 Πολλὴ,
1617 601 1769 683 φησί.
1809 624 1833 653 ε
1870 597 2017 653 Διότι

359 689 487 762 luci
546 689 610 745 τὸ
666 689 836 744 κακὸν
893 690 1237 759 παράκειται,
1294 715 1321 742 ››
1380 692 1471 746 καὶ
1529 687 2018 766 ἀντιστρατεύεται,

355 779 447 834 καὶ
475 778 733 851 πολεμεῖ,
765 779 855 833 καὶ
896 779 1039 852 ἑξῆς.
1097 780 1242 837 Αὐτὸ
1301 780 1396 834 οὖν
1443 785 1604 836 τοῦτο
1643 777 1898 835 πλατύνει
1928 775 2018 831 καὶ

357 864 634 946 διασαφεῖ,
668 871 785 930 πῶς
818 873 1101 948 συμφωνεῖ
1157 869 1186 923 6
1244 869 1439 941 νόμος,
1482 874 1600 933 πῶς
1629 867 1925 926 ἐπιτίθεται
1955 871 2019 926 τὸ

352 958 541 1014 κακόν.
580 981 602 1011 α
637 955 957 1031 Συνγςδομαι
985 960 1087 1033 γΞιρ
1145 964 1226 1033 τῷ
1284 960 1443 1033 νόμῳ
1470 965 1573 1015 τοῦ
1610 965 1766 1017 Θεοῦ.
1802 985 1829 1011 n
1858 962 2017 1016 Ὥστε

352 1047 491 1104 κατᾶ
543 1051 706 1104 τοῦτο
760 1052 1044 1127 συμφωνεῖ
1101 1068 1218 1120 μοι,
1260 1049 1351 1104 καὶ
1409 1050 1610 1124 τρόπον
1643 1049 1768 1105 τινᾶ
1796 1070 2011 1122 συμμα-

355 1141 469 1213 χεῖ,
506 1136 551 1191 εἷ
582 1137 671 1192 καὶ
705 1136 940 1201 ἀσθενῶς
989 1134 1110 1217 ἔχει
1144 1138 1436 1212 βοηθῆσαι.
1495 1138 2013 1211 Ἀντιστρατευομέ-

351 1245 453 1281 νου
485 1225 589 1302 γὶρ
620 1228 717 1280 τοῦ
757 1226 942 1295 ἑτέρου
973 1227 1165 1299 νόμου,
1199 1224 1325 1296 ἤτοι
1355 1231 1451 1284 τοῦ
1479 1235 1581 1296 τῆς
1613 1228 2017 1305 ἂμαρτίας,οὐχ

352 1312 643 1391 ὗσίσταται
700 1313 791 1369 καὶ
848 1314 1152 1390 ἐπικουρεῖ.
1216 1316 1398 1373 καίτοι
1458 1315 1676 1373 θέλοντι
1709 1315 1890 1385 αὐτὸν,
1920 1317 2012 1372 καὶ

354 1401 616 1477 ἡδομένῳ
663 1402 831 1477 αὐτῷ,
890 1402 1039 1460 ἀλλὰ
1096 1406 1379 1484 ἀφίσταται
1440 1404 2009 1479 καταλιμπάνων,καὶ

353 1494 430 1566 μή
461 1491 761 1566 δυναμένου
820 1493 994 1566 ἑαυτῷ
1045 1494 1287 1569 ἀρκέσαι,
1337 1493 1706 1575 αἰχμάλωτος
1762 1497 2004 1571 γίνομαι.

350 1581 453 1653 Ei?)
486 1580 535 1638 δ’
564 1582 650 1655 ἂν,
684 1582 727 1639 εἷ
775 1581 1103 1659 ωνταχθέίη
1161 1583 1355 1651 οὕτως,
1407 1586 1514 1640 τῶν
1571 1585 1877 1661 εἰρημένων
1911 1606 2007 1641 σα-

348 1665 630 1748 φέστιερον⁸
691 1673 946 1748 Εὑρίσκω
1004 1672 1106 1750 ἂρα
1161 1678 1242 1747 τῷ
1297 1674 1512 1731 θέλοντι
1563 1674 1689 1748 ἐμοὶ
1718 1676 1782 1731 τὸ
1812 1673 2004 1743 καλὸν,

346 1761 474 1834 ἢτοι
502 1762 595 1817 τὸν
622 1762 791 1835 νόμον
845 1761 956 1835 (ὅτι
1013 1763 1137 1835 ἐμοὶ
1194 1764 1258 1819 τὸ
1314 1765 1480 1820 κακὸν
1531 1766 1894 1840 παράκειται),
1924 1769 2005 1838 τῷ

347 1851 565 1916 θέλοντι
598 1850 723 1924 ἐμοὶ
781 1856 960 1906 ποιεῖν
1017 1852 1081 1907 τὸ
1136 1851 1325 1921 καλὸν,
1385 1855 1504 1910 οἷον
1560 1856 1881 1929 προτροπὴν
1916 1854 2006 1909 καί
2037 1875 2084 1941 Β

345 1935 674 2014 συμϐουλὴν
732 1940 1065 2018 παρέχοντα,
1098 1966 1126 1994 (ι
1160 1940 1360 2001 Βλέπω
1417 1939 1477 2000 δὲ
1531 1939 1718 2017 ἕτερον
1748 1945 1938 2017 νόμον.
1976 1968 2004 1996 ››

341 2031 617 2105 Τέσσαρές
648 2029 780 2086 sicut
813 2029 1040 2087 ἐνταῦθα
1068 2030 1258 2104 νόμοι,
1302 2032 1425 2108 περὶ
1482 2034 1558 2088 ὧν
1617 2028 2005 2106 διαλαμϐάνει·

339 2119 441 2181 Εἷς
477 2120 574 2192 μὲν
636 2121 665 2175 6
711 2119 883 2193 νόμος
938 2124 1037 2176 τοῦ
1095 2126 1252 2191 Θεοῦ,
1312 2122 1436 2192 περὶ
1468 2123 1530 2177 οὗ
1561 2141 1710 2199 (puer
1767 2148 1795 2174 «ς
1831 2125 2011 2193 Συνή-

339 2207 509 2283 δομαι
542 2210 646 2286 γὰρ
691 2214 773 2282 τῷ
822 2211 977 2283 νόμῳ
1032 2215 1130 2266 τοῦ
1162 2215 1317 2270 Θεοῦ,
1355 2234 1383 2262 ››
1442 2209 1692 2278 δεύτερος
1725 2210 1781 2267 δὶ
1812 2214 1841 2267 6
1872 2215 2011 2267 ἄντι-

340 2298 793 2373 στρατευόμενος·
825 2300 1032 2372 τρίτος,
1065 2300 1188 2375 περὶ
1238 2299 1302 2355 οὗ
1342 2320 1494 2377 φησι·
1538 2325 1565 2353 ‹‹
1600 2304 1695 2373 Τῷ
1721 2301 1880 2375 νόμῳ
1910 2306 2008 2357 τοῦ

332 2391 462 2453 νοός
521 2411 649 2463 μου.
713 2415 741 2442 υ
799 2388 1068 2463 Τέταρτος
1126 2390 1250 2465 περὶ
1309 2391 1371 2446 οὗ
1431 2390 1601 2467 λέγει,
1660 2394 1814 2464 «Τῷ
1855 2392 2009 2466 νόμῳ

331 2488 435 2549 τῆς
468 2479 757 2555 ἁμαρτίας,
787 2485 867 2552 τῷ
899 2482 1015 2535 ὄντι
1063 2478 1115 2535 ἐν
1179 2486 1297 2543 τοῖς
1339 2480 1531 2555 μέλεσί
1568 2503 1693 2553 μου.
1732 2506 1759 2533 ιι
1790 2483 2004 2538 Τούτων

336 2571 367 2625 6
424 2576 663 2645 πρῶτος,
720 2571 784 2627 τὸ
842 2567 1197 2649 εὖαγγελικνῖν
1254 2569 1372 2625 ἐστι
1451 2567 1749 2643 παίδευμα,
1811 2569 2006 2642 ἔξωθεν

341 2657 432 2715 διὰ
459 2664 561 2714 τἰὖ
594 2682 662 2731 κη
681 2659 950 2738 ιοᾶγματος
984 2659 1150 2714 εἰσιὸν
1209 2660 1300 2714 καὶ
1364 2660 1628 2735 ῥυθμίζων
1658 2668 1761 2730 τῆν
1793 2664 2004 2742 ψυχήν.

332 2749 395 2806 Ὀ
426 2746 678 2822 δεύτερος
730 2750 759 2805 6
808 2749 1380 2822 ἀντιστρατευόμενος,
1420 2749 1510 2804 καὶ
1545 2750 1708 2812 οὗτος
1734 2755 1842 2805 τῶν
1871 2750 2004 2824 ἔξω·

337 2840 423 2903 θέν
489 2838 631 2893 ἐστιν
692 2836 1037 2893 ἐπεισιόντων
1098 2839 1217 2893 κατ’
1280 2836 1550 2911 ἐνέργειαν
1609 2843 1706 2893 τοῦ
1757 2844 2008 2915 Ποντεροῦ

337 2928 428 2983 διὰ
457 2933 566 2983 τῶν
627 2927 934 3006 λογισμῶν,
995 2927 1084 2982 καὶ
1142 2931 1242 2997 τὴν
1297 2930 1483 3002 ψυχὴν
1545 2926 2004 3003 αῗχμαλωτίζων.

334 3015 562 3090 Τρίτος,
610 3018 669 3071 δν
716 3038 850 3094 φησι
900 3016 1070 3089 νόμον
1121 3017 1272 3078 νοός.
1319 3016 1490 3078 Οὗτός
1520 3016 1661 3072 ἐστιν
1690 3018 1719 3072 6
1749 3021 1817 3091 τῇ
1851 3017 2007 3095 φύσει

335 3108 499 3179 ἡμῶν
533 3105 957 3182 ἑγκατασπαρεῖς
988 3107 1137 3180 παρὰ
1165 3108 1264 3161 τοῦ
1315 3110 1688 3180 Δημιουργοῦ,
1722 3105 1808 3162 ἐπὶ
1838 3106 1907 3161 τὰ
1928 3107 2007 3179 τῷ

337 3199 453 3267 θεῷ
483 3195 618 3277 φίλα
676 3195 1057 3270 παροτρύνων.
1114 3196 1182 3253 Ὀ
1238 3194 1517 3269 τέταρτος,
1552 3196 1579 3250 6
1606 3202 1705 3263 τῆς
1736 3194 2005 3269 ἁμαρτίας

333 3286 525 3357 νόμος.
559 3285 734 3347 Οὗτός
786 3283 927 3339 ἐστιν
961 3286 988 3340 6
1025 3283 1492 3366 ιριλαμαρτήμων,
1526 3283 1585 3346 ὅς
1619 3283 1707 3339 δια
1737 3290 1837 3353 τῆς
1866 3284 2008 3358 πρὸς

334 3374 403 3432 τὸ
455 3375 624 3431 κακὸν
680 3374 982 3446 συνηθείας,
1042 3372 1420 3449 ἒνεσκίῤῥωσεν
1477 3374 1617 3448 ἡμῖν
1676 3373 1770 3436 τὰς
1827 3375 2011 3450 ἁμαρ’

334 3464 475 3526 τίεις.
536 3465 675 3538 Ὀρα
727 3460 821 3519 οὖν
875 3467 996 3526 πῶς
1056 3460 1117 3518 ἐκ
1176 3462 1476 3538 διαμέτρου
1539 3462 1795 3527 ἐναντίοις
1847 3483 2008 3537 περι·

332 3555 728 3629 εστοιχίσμεθα
758 3554 978 3625 νόμοις.
1038 3553 1107 3611 Οἱ
1167 3553 1262 3625 μὲν
1320 3553 1425 3631 γὰρ
1484 3550 1603 3618 δύο,
1639 3548 1838 3625 ἔξωθεν
1868 3554 2008 3625 ἡμῖν

333 3636 727 3714 έπεισρὲουσιν,
790 3639 819 3693 6
884 3640 981 3711 μὶν
1034 3639 1173 3711 πρὸς
1232 3638 1595 3713 ἀγαθοεργίαν
1648 3636 2010 3711 προσκαλού-

338 3750 528 3804 μενος.
587 3730 875 3785 τουτέστιν
937 3730 967 3784 ὁ
1025 3725 1403 3804 εὖαγγελικὸς,
1454 3728 1482 3784 6
1539 3726 1597 3782 δὲ
1650 3728 1786 3803 πρὸς
1817 3727 2008 3794 κακίαν

335 3819 692 3888 παρακαλῶν,
736 3818 764 3871 6
826 3815 1381 3890 ἀντιστρατευόμενος
1410 3819 1506 3870 τοῖἱ
1543 3820 1792 3891 Πονηροῦ
1818 3816 2008 3889 νόμος,

338 3907 403 3962 Ol
433 3902 491 3962 εὶ
521 3903 722 3961 λοιποὶ
754 3902 872 3970 δύο,
907 3899 1054 3959 ἔνδον
1112 3903 1213 3958 εἰσί
1266 3904 1356 3959 καὶ
1398 3904 1498 3974 τὴν
1526 3906 1714 3979 ψυχήν
1748 3905 2011 3979 συνέχου.

339 4016 441 4058 σιν,
474 3996 504 4048 6
536 3994 632 4067 μὶν
661 3998 758 4049 τοῦ
784 3994 928 4054 νοός,
990 3994 1151 4066 παρὰ
1204 3996 1301 4048 τοῦ
1362 3998 1715 4069 Δημιουργοῦ
1746 3994 1885 4064 ἡμῖν
1921 3993 2008 4070 ἑγ-

338 4083 783 4158 κατεσπσρμένος
813 4081 903 4138 καὶ
958 4078 1059 4154 ὁδη
1077 4084 1173 4156 (ὧν
1229 4081 1364 4157 πρὸς
1419 4084 1485 4136 τε
1514 4086 1817 4152 κρείττονα.
1859 4082 1921 4135 Ὀ
1953 4078 2013 4143 δὲ

335 4176 527 4249 τέταρτ
552 4196 615 4234 ις.
650 4175 678 4227 6
704 4173 794 4228 καὶ
824 4174 991 4243 νόμος
1016 4172 1301 4245 ἁμαρτίας,
1328 4169 1418 4226 διὰ
1447 4172 1548 4242 τήν
1580 4172 1714 4244 πρὸς
1745 4173 1809 4228 1:6
1843 4173 2007 4227 κακὸν

335 4261 721 4340 ’έ-ισκτρῥωοεῗς
781 4261 832 4316 ἐν
888 4262 1051 4331 ἡμῖν.
1121 4261 1213 4316 Διὸ
1265 4260 1507 4335 πρόσχες
1568 4265 1687 4322 πῶς
1769 4255 2011 4317 ἀκ.ι6ὢς

337 4354 476 4411 ε’πε·
516 4376 542 4405 ιι
578 4352 772 4408 Βλέπω
804 4347 882 4409 δὲ.
915 4351 1101 4430 φησίν,
1147 4346 1334 4425 ἕτερον
1388 4350 1556 4422 νόμον
1590 4348 2013 4424 ἀντιστρατευό-

342 4464 506 4518 μενον
534 4449 615 4514 τῷ
644 4442 799 4514 νόμῳ
830 4444 925 4495 τοῦ
951 4440 1077 4501 νοός
1114 4460 1240 4512 μου,
1277 4463 1305 4489 η
1342 4438 1522 4512 τούτῳ
1555 4437 1622 4508 δὴ
1668 4443 1748 4509 τῷ
1778 4438 2007 4516 ἐμφῦτιρ

340 4533 480 4606 πρὸς
508 4531 577 4585 τὰ
604 4530 770 4597 καλὰ,
803 4552 831 4581 ‹‹
860 4528 950 4584 καὶ
981 4527 1472 4604 αῒχμαλωτίζοντά
1505 4548 1572 4599 με
1599 4532 1679 4599 τῷ
1708 4527 1865 4599 νόμῳ
1895 4534 2002 4597 τῆς

2128 598 2199 651 Et
2228 613 2360 667 qua)
2392 596 2619 652 utilitas
2650 598 3081 654 conformitatis
3131 600 3222 655 vel
3279 603 3482 657 auxilii
3518 610 3537 657 ἒ
3582 608 3762 663 Multa

2127 663 2323 757 inquit
2356 704 2370 753 ;
2405 711 2430 736 α
2459 690 2598 742 Nam
2634 689 2854 743 malum
2901 690 3046 743 mihi
3075 690 3309 761 adjacet
3334 714 3362 743 »
3394 701 3453 748 et
3495 663 3785 765 repugnai:

2123 791 2192 831 ac
2227 776 2550 848 prreliatur.
2580 783 2690 832 etc.
2746 779 2862 832 Hoc
2895 779 3089 849 ipsum
3149 779 3379 841 dilatat.
3441 790 3494 838 et
3538 784 3781 855 planum

2122 864 2265 920 facit
2290 866 2587 937 quomodo
2619 866 2944 923 conformis
2976 870 3053 923 sit
3086 870 3200 935 lex,
3237 872 3532 941 quomodo
3556 874 3779 930 malum

2123 953 2455 1009 immineat.
2492 976 2520 1005 «
2554 955 2831 1011 Oblector
2860 957 3019 1011 enim
3056 957 3183 1030 lege
3216 958 3341 1014 Dei.
3372 980 3399 1010 »
3447 961 3652 1032 Itaque
3682 979 3778 1019 se—

2121 1042 2382 1097 cundum
2417 1043 2529 1098 hoc
2557 1044 2881 1099 conformis
2911 1051 3001 1100 est
3030 1045 3200 1111 mihi,
3233 1053 3292 1101 et
3339 1048 3775 1118 quodammodo

2121 1131 2464 1193 auxiliatur.
2519 1148 2864 1204 quanquam
2924 1133 3203 1189 imbecile
3257 1134 3410 1190 ferat
3463 1138 3775 1196 auxilium.

2120 1220 2263 1275 Nam
2296 1228 2665 1294 repugnante
2690 1221 2879 1278 altera
2906 1222 3035 1295 lege
3065 1230 3207 1295 puta
3230 1231 3619 1295 peccato,non
3648 1244 3771 1283 sus-

2122 1309 2270 1365 tinet
2301 1326 2413 1367 nec
2443 1312 2787 1379 auxiliatur,
2811 1312 2951 1367 licet
2982 1314 3169 1384 ipsam
3204 1315 3595 1387 velim,eaque
3612 1316 3778 1372 oble-

2117 1404 2263 1465 cter,
2298 1399 2400 1454 sed
2431 1415 2528 1455 me
2556 1400 2766 1455 relicto
2795 1400 3063 1457 abscedit
3096 1418 3110 1456 :
3142 1418 3397 1474 cumque
3441 1420 3510 1460 ex
3546 1406 3774 1478 meipso

2119 1485 2489 1542 sufﬁcienter
2517 1487 2796 1543 resistere
2827 1504 3142 1559 nequeam,
3177 1491 3442 1562 captivus
3502 1491 3599 1548 tio.
3645 1494 3773 1550 Pla-

2115 1576 2252 1632 nius
2284 1581 2484 1633 autem
2516 1583 2676 1632 esset
2704 1578 2752 1632 si
2784 1578 2876 1633 his
2903 1594 3035 1650 quas
3068 1579 3227 1635 dicta
3244 1586 3384 1636 sunt
3413 1581 3495 1636 ita
3524 1583 3771 1653 conjun-

2114 1670 2371 1739 geretur.
2405 1667 2644 1723 Invenio
2678 1666 2858 1739 igitur
2912 1667 3131 1723 volenti
3190 1669 3338 1724 mihi
3394 1669 3621 1726 bonum
3649 1671 3770 1726 sive

2117 1757 2329 1830 legem,
2359 1755 2517 1827 quod
2548 1756 2776 1812 malum
2810 1756 2959 1811 mihi
2990 1757 3261 1830 adjaceat
3312 1758 3529 1815 volenti
3576 1759 3769 1814 facere

2115 1846 2651 1916 bonum,tanquam
2681 1844 3162 1901 adhortationem
3182 1862 3252 1902 ac
3273 1846 3590 1903 consilium
3612 1864 3766 1919 pras-

2116 1935 2286 1991 bens.
2321 1956 2350 1984 »
2382 1934 2492 1989 Sed
2511 1934 2682 1989 video
2702 1932 2881 1989 aliam
2914 1934 3125 2007 legem,
3150 1940 3263 1991 etc.
3291 1957 3319 1985 »
3339 1938 3601 2001 Quatuor
3626 1941 3768 1992 sunt

2115 2025 2215 2082 hic
2236 2025 2395 2098 leges
2442 2024 2514 2079 de
2546 2023 2763 2095 quibus
2806 2024 3020 2080 asserit
3048 2042 3062 2080 :
3096 2041 3216 2080 una
3268 2026 3509 2097 quidem
3542 2026 3636 2081 lex
3667 2027 3765 2082 Dei

2117 2114 2189 2170 de
2219 2130 2336 2186 qua
2364 2114 2449 2169 ait
2478 2130 2492 2168 :
2528 2134 2557 2164 ‹‹
2589 2112 2867 2169 Oblector
2897 2114 3055 2168 enim
3087 2113 3216 2186 lege
3259 2114 3359 2169 Dei
3395 2131 3408 2181 ;
3440 2135 3470 2165 »
3503 2114 3766 2170 secunda

2116 2219 2251 2258 vero
2282 2219 2644 2275 repugnans,
2676 2203 2852 2258 tertia
2880 2202 2953 2258 de
2985 2220 3102 2274 qua
3135 2203 3280 2259 dicit
3309 2220 3322 2258 :
3356 2226 3383 2254 ι(
3430 2205 3560 2277 Legi
3595 2220 3765 2259 men.

2118 2294 2193 2349 tis
2227 2310 2371 2349 metu
2406 2311 2420 2359 ;
2454 2300 2665 2364 quarta
2692 2293 2765 2348 de
2795 2311 2911 2365 qua
2940 2294 3025 2349 ait
3067 2309 3080 2348 :
3115 2316 3143 2344 «
3178 2295 3323 2367 Lege
3355 2296 3579 2366 peccati
3635 2312 3768 2367 qua)

2117 2389 2208 2439 est
2238 2384 2298 2437 in
2334 2382 2618 2438 membris
2649 2383 2817 2437 meis.
2854 2404 2882 2432 »
2910 2384 3125 2438 Harum
3152 2384 3345 2455 prima
3375 2390 3465 2439 est
3492 2384 3766 2440 doctrina

2117 2472 2475 2545 evangelica.
2503 2471 2839 2526 forinsecus
2878 2489 2985 2543 per
3025 2472 3512 2543 prmdicationem
3574 2473 3769 2546 ingre-

2115 2561 2308 2625 diens,
2337 2561 2721 2631 animamque
2751 2576 3140 2632 componens.
3193 2561 3464 2617 Secunda
3512 2568 3603 2617 est
3634 2562 3771 2618 huic

2116 2667 2452 2723 repugnans
2486 2666 2500 2703 :
2535 2655 2594 2704 et
2622 2651 2747 2704 ilth
2776 2648 2848 2704 ab
2869 2650 3130 2705 externis
3158 2657 3267 2716 est,
3303 2667 3433 2721 qua:
3459 2651 3631 2721 juxta
3653 2668 3774 2706 ma-

2115 2740 2261 2809 ligni
2289 2740 2451 2794 illius
2482 2739 2887 2809 operationem
2916 2754 3023 2809 per
3048 2739 3434 2810 cogitationes
3458 2739 3768 2809 subingre-

2115 2829 2293 2891 ditur.
2323 2827 2708 2897 animamque
2739 2827 2904 2882 ducit
2956 2828 3266 2897 captivam.
3331 2827 3526 2883 Tertia
3584 2842 3765 2898 quam

2114 2918 2260 2973 dicit
2289 2917 2481 2989 legem
2514 2916 2769 2971 mentis:
2805 2916 2932 2970 haac
2965 2922 3054 2970 est
3084 2933 3216 2987 qua;
3247 2932 3353 2988 per
3397 2921 3671 2971 naturam
3703 2916 3763 2971 in

2114 3006 2286 3062 nobis
2315 3022 2352 3061 a
2375 3007 2649 3060 Creatore
2690 3004 3077 3059 disseminata
3107 3010 3215 3071 est,
3249 3005 3324 3060 ad
3346 3021 3416 3060 ea
3447 3004 3763 3076 impellens

2114 3110 2246 3166 quae
2278 3095 2395 3148 Deo
2426 3093 2620 3148 amica
2650 3098 2805 3147 sunt.
2827 3094 3048 3158 Quarta
3094 3093 3188 3148 lex
3213 3098 3304 3148 est
3330 3093 3557 3164 peccati
3589 3111 3603 3149 :
3637 3094 3765 3149 haec

2117 3188 2207 3238 est
2234 3182 2459 3254 peccati
2490 3181 2904 3253 amatrix,quaa
2926 3181 3207 3238 diuturna
3227 3181 3301 3238 ad
3326 3182 3551 3238 malum
3564 3198 3765 3238 assue-

2036 3243 2078 3310 θ
2116 3243 2394 3339 factione,
2424 3276 2664 3344 peccata
2708 3243 2999 3326 inmobis
3028 3271 3361 3327 obduravit.
3422 3270 3571 3327 Vide
3629 3288 3765 3346 ergo

2115 3362 2415 3435 quomodo
2446 3362 2764 3419 contrariis
2792 3378 2861 3417 ex
2890 3362 3182 3419 diametro
3195 3362 3766 3436 cingamurlegibus.

2116 3452 2420 3522 Siquidem
2452 3452 2583 3507 dum
2615 3451 2986 3507 extrinsecus
3010 3452 3183 3508 nobis
3206 3452 3616 3508 subinﬂuunt:
3643 3453 3769 3508 hanc

2117 3541 2359 3614 quidem
2390 3541 2463 3596 ad
2494 3541 2633 3596 boni
2667 3542 3075 3614 operationem
3107 3558 3217 3597 nos
3247 3559 3593 3614 provocans,
3626 3549 3771 3614 puta

2117 3630 2456 3704 evangelica
2487 3648 2502 3694 ;
2527 3630 2642 3686 ista
2671 3647 2804 3686 vero
2822 3630 2896 3686 ad
2919 3630 3143 3686 malum
3176 3630 3516 3693 adhortans.
3552 3648 3766 3702 nempe

2116 3737 2455 3795 repugnans
2487 3721 2649 3777 illius
2679 3722 2926 3795 maligni
2962 3722 3074 3778 lex.
3122 3722 3384 3793 Reliquas
3415 3722 3545 3777 dum
3604 3723 3765 3777 intus

2117 3817 2257 3868 sunt
2287 3810 2667 3882 animamque
2699 3812 3013 3868 continent
3044 3827 3057 3865 :
3092 3810 3186 3865 lex
3218 3810 3458 3881 quidem
3491 3812 3708 3865 mentis
3729 3827 3763 3865 a

2116 3903 2392 3957 Creatore
2424 3902 2486 3956 in
2518 3901 2688 3956 nobis
2720 3902 3128 3968 disseminata,
3162 3906 3222 3956 et
3259 3899 3335 3955 ad
3381 3901 3631 3956 meliora
3659 3900 3764 3955 de-

2117 3991 2343 4061 ducens
2397 3990 2614 4055 Quarta
2640 4006 2797 4055 vero,
2847 4008 2980 4061 qum
3013 3997 3071 4046 et
3119 3991 3213 4046 lex
3244 3989 3466 4062 peccati
3524 3996 3766 4062 propter

2117 4080 2386 4137 habitum
2418 4078 2490 4133 ad
2527 4079 2745 4133 malum
2778 4079 2839 4133 in
2875 4080 3043 4134 nobis
3073 4078 3382 4135 obdurata.
3416 4078 3643 4135 Idcirco
3675 4087 3764 4135 at-

2120 4169 2293 4225 tende
2327 4175 2550 4239 quanta
2571 4183 2702 4222 cum
2726 4167 3033 4240 diligentia
3054 4168 3270 4223 dixerit
3302 4184 3315 4221 :
3350 4189 3379 4218 «
3405 4168 3579 4223 Video
3611 4169 3763 4224 208

2116 4260 2296 4315 aliam
2329 4259 2514 4331 legem
2532 4266 2956 4329 repusnantem
2986 4258 3092 4327 legi
3114 4258 3329 4312 mentis
3350 4274 3515 4312 mem.
3542 4279 3572 4307 »
3600 4259 3765 4323 Huic,

2118 4349 2387 4419 inquam,
2420 4347 2493 4401 ad
2527 4349 2775 4402 honesta
2801 4347 3017 4404 insitas.
3051 4369 3079 4397 «
3118 4349 3184 4401 Et
3214 4347 3512 4418 captivum
3539 4363 3633 4401 me
3655 4346 3765 4401 du-

2117 4445 2350 4495 centem
2390 4437 2517 4509 lege
2551 4438 2795 4508 peccati,
2828 4454 2960 4508 quas
2992 4444 3082 4493 est
3110 4438 3169 4492 in
3202 4436 3487 4492 membris
3530 4437 3699 4492 meis.
3733 4458 3762 4487 ››

2118 4532 2199 4585 Ac
2228 4528 2276 4582 si
2300 4528 2527 4584 diceret
2557 4545 2569 4583 :
2596 4527 3292 4600 Extrinsecusinspirans
3327 4532 3679 4592 commovet,
3706 4533 3764 4582 et

340 4619 636 4694 ἁμαρτίας,
668 4616 747 4691 τῷ
778 4614 897 4673 ὄντι
943 4616 997 4674 ἄν
1050 4622 1170 4678 τοῖς
1219 4616 1411 4690 μέλεσι
1462 4637 1589 4689 μου.
1622 4640 1648 4667 ‹‹
1678 4617 1769 4680 Ὠς
1798 4615 1843 4671 εἰ
1875 4610 1999 4672 ἔλε-

2114 4619 2299 4674 irritat
2321 4633 2562 4674 omnem
2590 4618 2916 4690 repositum
2948 4618 3007 4672 in
3035 4632 3131 4671 me
3163 4615 3463 4688 pulverem
3483 4616 3759 4672 aclutum

339 4728 455 4779 γεν·
509 4710 747 4779 Ἐξωθεν
805 4707 1066 4763 είσπνέων
1121 4711 1379 4783 ωγκινεῖ,
1436 4705 1527 4761 καὶ
1587 4704 1813 4781 ἃρεθίζει
1863 4705 2001 4761 πάν-

340 4819 408 4855 τα
436 4799 530 4854 τὸν
564 4796 616 4854 ἐν
647 4798 772 4869 ἐμοὶ
820 4796 1180 4869 ἀποκείμενον
1229 4797 1519 4872 κοκιορτὸν
1566 4796 1653 4851 καὶ
1711 4791 2003 4872 βόρϐορον,

338 4891 401 4945 ’ὃν
432 4889 469 4959 ἠ
502 4887 640 4963 πρὸς
691 4885 955 4962 ἁμαρτίαν
1011 4906 1104 4960 μοι
1158 4878 1267 4956 ἕεις
1314 4883 1641 4941 ἐνεσπίλωσε
1668 4890 1759 4941 καὶ
1791 4885 2005 4943 ἐνέκαυ-

339 4998 452 5038 σιν,
500 5009 572 5020 -—-
622 4974 727 5033 Καὶ
786 4972 1000 5038 ἄλλως.
1052 4981 1209 5050 Τρεῖς
1258 4975 1362 5031 εἶσι
1421 4975 1605 5047 νόμοι.
1638 4976 1700 5033 Ὀ
1739 4977 2003 5053 γραπτὸς,

338 5069 400 5124 δν
450 5066 621 5139 νόμον
686 5062 836 5139 λέγει
897 5068 1052 5120 Θεοῢ’
1116 5062 1421 5136 δεύτεροςό
1451 5057 1713 5141 ἔμφυτος,
1756 5064 1816 5120 ὅν
1860 5065 2004 5140 λέγει

334 5157 506 5230 νόμον
537 5156 687 5217 νοός·
743 5153 949 5230 τρίτος,
1000 5154 1028 5208 6
1080 5151 1171 5209 διὰ
1220 5159 1323 5222 τῆς
1371 5153 1642 5229 ἁμαρτίας
1675 5152 1725 5207 ἐν
1757 5158 1873 5215 τοῖς
1908 5153 2003 5227 μέ-

336 5245 489 5303 λεσιν
579 5246 743 5314 ἤμῶν
830 5241 1082 5319 ἰσχύσας,
1166 5239 1224 5296 ὅν
1300 5240 1393 5296 καὶ
1450 5240 2003 5315 ἀντιστρατευόμενον

336 5331 519 5407 λέγει,
550 5332 642 5386 καὶ
674 5331 726 5386 ἐν
759 5336 874 5393 τοῖς
925 5328 1147 5405 μέλεσιν
1202 5324 1351 5406 ἔχειν
1405 5330 1506 5397 τήν
1541 5328 1699 5404 ἰσχὺν
1729 5333 1827 5385 τοῦ
1853 5332 2003 5387 ἀντι-

339 5423 746 5502 στρατεύεσθαι.
811 5422 1001 5495 Νόμον
1062 5418 1122 5477 δε
1174 5424 1388 5489 τοῦτον,
1448 5418 1524 5484 ὡς
1578 5420 1859 5496 ἰσχύοντα.
1912 5422 2003 5478 καὶ

342 5508 554 5590 ἔχοντα
602 5513 733 5573 τοὺς
783 5508 1140 5584 πειθομένους
1190 5508 1339 5581 οὗτῷ
1394 5530 1579 5587 φησιν.
1616 5508 1751 5567 Εἶτα
1783 5511 1942 5573 οὗτος
1972 5512 2001 5566 6

340 5603 539 5677 νόμος,
566 5601 757 5682 φησὶν,
817 5602 846 5655 6
906 5600 1014 5656 ἀπὸ
1068 5606 1168 5669 τῆς
1227 5598 1498 5673 ἁμαρτίας
1546 5597 1745 5662 ἕντοῖς
1782 5598 1997 5662 μέλεσιν

345 5690 507 5767 ἡμῶν
550 5688 906 5758 ἐπεισελθὼν,
963 5691 993 5744 6
1051 5684 1614 5764 ἀντιστρατευόμενος,
1645 5687 1996 5765 αἰχμαλωτί-

2111 4723 2227 4782 quo
2260 4707 2498 4763 habitus
2518 4707 2592 4763 ad
2627 4714 2930 4780 peccatum
2947 4722 3037 4762 me
3068 4705 3496 4761 contaminavit
3516 4711 3572 4760 et
3594 4705 3762 4762 inus-

2112 4799 2209 4855 sit.
2241 4828 2310 4838 —
2341 4798 2466 4855 Αιὶο
2497 4814 2710 4870 quoque
2738 4797 2919 4852 modo.
2948 4797 3087 4851 Tres
3119 4800 3256 4850 sunt
3297 4794 3458 4868 leges
3491 4812 3504 4850 :
3540 4795 3761 4867 scripta

2113 4904 2291 4962 quam
2324 4886 2426 4943 Dei
2460 4887 2646 4958 legem
2688 4884 2834 4940 dicit
2858 4901 2872 4951 ;
2894 4884 3158 4940 secunda
3179 4884 3565 4956 insita,quam
3596 4890 3763 4941 vocat

2115 4979 2306 5049 legem
2339 4978 2557 5033 mentis
2590 4993 2603 5043 ;
2639 4974 2813 5031 tertia
2843 4991 2976 5046 qum
3005 4992 3112 5046 per
3140 4980 3452 5047 peccatum
3512 4975 3665 5032 vires
3694 4975 3757 5033 in

2113 5067 2402 5125 membris
2430 5065 2652 5121 nostris
2681 5064 3115 5136 accepit,quam
3140 5064 3290 5120 dicit
3307 5072 3761 5136 repugnantem,

2116 5164 2175 5215 et
2202 5175 2264 5214 m
2293 5155 2582 5213 membris
2618 5154 2843 5210 nostris
2889 5155 3007 5210 vim
3065 5154 3286 5212 habere
3340 5156 3705 5228 repugnandi
3744 5174 3757 5212 :

2112 5248 2267 5304 hanc
2298 5251 2497 5301 autem
2533 5242 2677 5298 dicit
2705 5243 2897 5317 legem
2927 5260 2997 5300 eo
3029 5244 3189 5317 quod
3235 5244 3407 5300 fortis
3451 5245 3529 5299 sit
3556 5250 3616 5300 et
3650 5246 3761 5300 ha-

2111 5337 2249 5392 beat
2279 5334 2380 5406 qui
2416 5334 2526 5389 sibi
2554 5340 2819 5406 pareant.
2856 5335 3122 5406 Denique
3153 5334 3301 5400 haec,
3354 5334 3572 5406 inquit,
3606 5334 3697 5390 lex
3727 5351 3763 5389 a

2110 5431 2353 5498 peccato
2384 5424 2444 5478 in
2474 5422 2742 5478 membra
2778 5431 2983 5479 nostra
3028 5425 3316 5496 ingressa,
3371 5422 3760 5497 repugnando

2110 5514 2273 5569 ducit
2304 5530 2397 5569 me
2428 5514 2744 5585 captivum.
2780 5513 2890 5570 Sed
2915 5514 3260 5585 quomodo?
3290 5513 3593 5585 Siquidem
3618 5512 3761 5584 quia

2107 5602 2562 5676 repugnantiam
2590 5602 2757 5669 dixit,
2781 5620 2858 5659 ne
2883 5604 3187 5659 existimes
3216 5602 3553 5674 quodjuste
3575 5600 3758 5670 capti-

2105 5709 2241 5750 vum
2269 5693 2433 5750 ducit
2459 5699 2520 5750 et
2546 5692 2675 5767 lege
2704 5692 2870 5762 belli,
2900 5692 3207 5765 subjungit
3251 5700 3311 5747 et
3363 5690 3447 5745 ait
3474 5707 3491 5746 :
3523 5710 3555 5739 ‹‹
3604 5687 3753 5757 Lege
