4198 6198
417 372 531 432 ιθτ
1540 353 1921 421 ωϐυΜΕΝΙ
1951 353 2274 418 'TRICCE
2319 355 2691 422 EPISOOPI.
3715 358 3854 430 488,

423 503 648 582 peccati
683 517 698 566 ς
733 519 756 550 ι
777 490 1295 566 nonjuste,inquit
1324 507 1340 559 ;
1374 489 1527 548 absit
1553 491 1887 558 lQuomodo
1905 489 2064 546 enim

2207 493 2259 556 ζει
2294 501 2380 560 με.
2433 487 2612 548 Ἀλλᾶ
2667 495 2826 560 πῶςς
2890 486 3112 559 Ἐπειδή
3169 491 3274 566 γὰρ
3323 491 3734 568 ἆντιστρατείαν
3763 492 3844 548 εἴ·

427 579 649 672 iustum
677 595 838 646 esset
857 587 1120 643 alienum
1141 601 1374 640 servum
1401 591 1460 640 et
1479 591 1808 640 creaturam
1835 583 1894 638 in
1917 597 2084 638 suam

2207 599 2308 644 τεν,
2357 579 2449 634 ἳνα
2493 582 2570 652 μή
2625 582 2858 657 νομίσῃς
2905 583 2988 636 δτι
3038 579 3267 644 δικαίως
3314 579 3720 662 αἰχμαλωτίζει
3750 579 3842 636 καί

421 667 909 758 iurisdictionem
963 675 1182 732 ducere
1213 674 1241 729 ?
1288 676 1410 740 Quo
1465 691 1602 746 ergo
1655 681 1824 745 pacto
1855 672 1884 728 ‘I
1942 674 2085 745 Lege

2207 667 2350 741 νόμῳ
2381 667 2654 742 πολέμου,
2687 670 2874 749 ἐπάγει
2905 673 2994 728 καὶ
3027 691 3179 749 φησι·
3215 693 3246 726 ιι
3279 672 3452 745 Νόμῳ
3483 671 3772 748 ἁμαρτίας,
3811 696 3840 723 »

437 767 687 844 peccati,
721 767 781 821 id
834 770 944 831 est,
1000 762 1326 820 secundum
1385 762 1610 834 peccati
1667 761 2088 834 proprietatem

2207 759 2255 814 >6
2288 758 2532 822 δικαίως.
2563 761 2717 840 φησί.
2767 763 2854 830 Mi,
2905 763 3110 836 γενοιτο
3154 767 3316 817 Ιιοῖον
3347 765 3451 840 γὰρ
3483 761 3710 830 δίκαιον,
3743 763 3836 817 τὸν

433 862 729 934 captivum
753 875 848 915 me
863 855 1516 926 ducitjuxtapropriam
1541 855 1700 910 illius
1713 852 2092 910 consuetudi-

2207 847 2488 924 ἰλλότριον
2523 849 2720 906 δοῦλον
2750 851 2840 905 καὶ
2889 851 3105 924 ποίημα
3137 853 3221 928 ὑφ’
3253 851 3415 925 ἑαυτῇ
3449 857 3622 907 ποιεῖν
3664 850 3844 908 Ἀλλὰ

433 968 596 1016 nem,
629 967 699 1006 ex
733 947 1124 1019 impudentia.
1155 961 1222 998 ex
1247 943 1436 998 multa
1456 943 1900 1009 crudelitate,ex
1927 941 2085 1008 dolo,

2207 942 2350 1006 τῶςς
2415 939 2586 1010 Νόμῳ
2641 941 2928 1015 ἁμαρτίας.
2982 941 3258 1010 Τουτέστι,
3321 940 3464 998 Κατὰ
3513 941 3576 995 τὸ
3637 937 3844 1012 ἰδίωμα

443 1058 510 1097 ex
546 1037 784 1094 insidiis
819 1054 832 1092 :
869 1053 988 1092 non
1013 1041 1216 1106 aperto
1236 1038 1444 1094 marte.
1469 1032 1570 1087 sed
1599 1033 1860 1087 fallendo
1880 1049 1946 1087 ac
1969 1047 2092 1086 cor-

2207 1033 2290 1096 εῆς
2323 1028 2590 1102 ἁμαρτίας
2643 1049 2710 1104 με
2759 1027 3186 1104 αἰχμαλωτίζει,
3235 1028 3370 1084 κατὰ
3401 1029 3462 1084 τὸ
3493 1027 3696 1084 οἷ’κείον
3722 1027 3847 1094 ἓθος

440 1127 732 1202 ripiendo.
769 1123 992 1182 Deinde
1024 1140 1098 1180 ne
1123 1123 1254 1194 quis
1285 1122 1442 1176 dicat
1477 1138 1488 1175 :
1523 1121 2088 1192 Universumitaque

2207 1116 2384 1183 ιύτῆς,
2447 1117 2498 1188 ἐξ
2557 1117 2962 1192 ἀναισχυντίας,
3021 1117 3079 1172 ἐκ
3133 1116 3350 1186 πολλῆς
3409 1117 3731 1190 ἱαμότητος,
3791 1119 3844 1190 ἐξ

447 1218 746 1292 negotium
785 1215 949 1270 illius
980 1219 1068 1268 est
1099 1213 1254 1284 quod
1283 1213 1545 1284 captivus
1577 1213 1822 1266 eﬂ'ectus
1851 1211 1986 1276 sim,
2038 1210 2088 1264 si

2207 1202 2516 1273 ἐπιϐουλῆς,
2635 1203 2864 1278 ἐνέδρας,
2901 1207 3003 1262 οὐκ
3049 1205 3108 1261 ἐκ
3137 1211 3233 1262 τοῦ
3265 1207 3516 1285 φανεροῦ,
3549 1206 3676 1262 ἀλλ’
3707 1208 3844 1264 ἀπα-

443 1315 503 1366 et
533 1323 628 1363 me
659 1306 954 1378 captivum
983 1303 1163 1366 ducit,
1219 1307 1276 1356 et
1303 1317 1408 1356 suo
1453 1317 1616 1356 more
1669 1305 1962 1372 captivum
1994 1315 2088 1354 me

2207 1300 2342 1350 εῶσα
2389 1295 2479 1350 καί
2530 1298 2962 1367 συναρπάζουσα.
3011 1296 3140 1350 Εἶτα
3183 1293 3281 1352 ’ίνα
3332 1299 3406 1369 μή
3448 1317 3531 1360 τις
3561 1295 3710 1371 ἔπῃ·
3745 1297 3852 1356 0-3-

438 1394 864 1454 tenetinsidiis
895 1398 1182 1464 appetens
1214 1397 1272 1446 et
1301 1390 1454 1444 clam
1482 1389 1995 1446 invadens.addit:
2024 1389 2088 1442 ln

2193 1389 2322 1439 κοῦν
2365 1383 2425 1439 τὰ
2475 1383 2605 1442 ὅλον
2663 1385 2871 1455 ἐκείνης
2929 1383 3039 1440 ἐστὶ
3089 1385 3152 1440 τὸ
3201 1385 3724 1460 αἰχμαλωτισθῆναί
3759 1407 3846 1454 με,

443 1485 733 1542 membris
755 1481 925 1538 meis.
961 1503 988 1528 ιι
1025 1485 1098 1536 Ac
1129 1480 1176 1534 si
1211 1479 1436 1534 diceret
1468 1496 1480 1533 :
1517 1479 1664 1543 Quia
1711 1478 1772 1534 in
1821 1477 1915 1533 his
1961 1492 2090 1532 eam

2207 1471 2351 1548 εἷ’περ
2380 1475 2468 1529 καὶ
2530 1473 2942 1550 αἰχμαλωτίζει
3001 1495 3089 1548 με,
3149 1475 3242 1530 καὶ
3293 1480 3374 1549 τῷ
3417 1475 3607 1545 ο’κείῳ
3637 1473 3746 1532 ἔθει
3778 1497 3848 1549 με

442 1575 765 1632 collocasse
797 1587 998 1626 meum
1021 1575 1130 1632 est,
1159 1569 1218 1624 id
1250 1579 1485 1640 quoque
1521 1567 1662 1623 mihi
1701 1567 2090 1638 imputabitur

2207 1564 2628 1644 ιῖχμαλωτίζει,
2679 1561 3026 1640 ἐνεδρεύουσα
3083 1565 3174 1619 καὶ
3231 1565 3474 1644 κρυφίως
3533 1565 3846 1640 ἐπιτιθεμέ-

446 1663 604 1737 quod
635 1679 706 1718 ex
736 1678 804 1716 eo
836 1659 1244 1728 consequitur.
1271 1659 1358 1712 lta
1381 1657 1548 1712 divus
1573 1656 1904 1712 Methodius
1930 1656 1992 1712 in
2012 1655 2088 1710 li-

445 1752 604 1810 bello
638 1752 708 1806 De
735 1750 1150 1805 resurrectione.
1187 1747 1418 1802 Etenim
1467 1745 1562 1800 lex
1593 1745 1695 1800 Dei
1750 1745 2089 1818 evangelica

447 1845 643 1898 movet
671 1843 730 1892 et
754 1837 971 1893 excitat
999 1851 1068 1892 ea
1097 1851 1228 1907 quas
1259 1851 1294 1890 a
1323 1837 1594 1890 Creatore
1623 1834 1686 1890 in
1739 1833 1911 1889 nobis
1949 1839 2090 1888 sunt

447 1929 632 1986 insita
661 1944 728 1983 ac
759 1925 1146 1982 disseminata
1159 1925 1232 1979 ad
1255 1923 1815 1995 bonioperationem
1840 1922 2090 1977 semina.

447 2021 594 2077 Nam
627 2033 878 2090 qumque
909 2031 1111 2072 earum
1141 2014 1336 2088 legum
1355 2031 1488 2084 qum
1510 2019 1750 2068 externa
1781 2011 2094 2084 subingre-

448 2109 714 2172 diuntur,
748 2105 946 2178 quoad
977 2121 1148 2160 suum
1181 2109 1272 2158 est
1300 2120 1368 2158 ac
1399 2103 1704 2158 conforme
1741 2103 1834 2158 his
1865 2119 1996 2174 qua:
2029 2103 2092 2158 in

444 2199 621 2256 nobis
652 2201 792 2253 sunt
823 2195 1050 2266 legibus
1073 2191 1358 2248 movendo
1388 2209 1456 2248 ac
1489 2192 1842 2248 excitando:
1875 2199 1979 2248 aut
2013 2191 2090 2248 ad

444 2287 542 2360 pie
575 2283 874 2358 agendum
901 2291 1003 2337 aut
1029 2281 1232 2352 impie,
1267 2297 1374 2336 nos
1408 2281 1776 2338 adhortatur.
1811 2303 1840 2330 «
1873 2281 2094 2336 Secun-

446 2375 588 2432 dum
643 2375 948 2428 internum
997 2371 1326 2426 hominem.
1377 2393 1396 2417 ι
1433 2374 1744 2426 internum
1789 2370 2094 2425 hominem

444 2469 614 2520 vocat
659 2467 922 2518 mentem
973 2461 1096 2516 sive
1144 2460 1426 2514 animam.
1479 2460 1576 2515 Ait
1605 2475 1742 2532 ergo
1777 2461 1942 2516 :Non
1973 2459 2096 2513 vult

451 2570 622 2612 mens
645 2553 877 2624 operari
894 2567 1024 2622 quae
1049 2549 1144 2604 lex
1171 2547 1274 2604 illa
1289 2547 1436 2604 dicit
1455 2589 1469 2614 ,
1493 2549 1622 2620 ipso
1645 2554 1846 2604 tamen
1869 2548 2094 2620 peccati

455 2650 722 2716 tempore
755 2657 861 2713 per
904 2643 1212 2712 peccatum
1261 2638 1572 2710 corripior.
1623 2639 1766 2694 Nam
1814 2639 1926 2694 hoc
1955 2637 2100 2694 dicit

454 2733 634 2790 aliam
665 2731 878 2804 legem,
913 2727 1072 2800 quod
1103 2727 1408 2801 proprium
1441 2727 1724 2799 quiddam
1773 2733 1830 2783 et
1885 2733 2100 2799 praeter

458 2823 646 2897 legem
671 2819 904 2891 jubeat.

534 2911 686 2968 299
717 2910 850 2964 Haec
890 2909 1089 2978 itaque
1137 2906 1230 2962 lex
1258 2907 1378 2962 sive
1413 2911 1720 2978 peccatum
1755 2905 1976 2978 decipit
2007 2921 2101 2961 me

469 3017 576 3074 per
605 3016 735 3056 eam
768 3015 898 3070 qua:
931 2995 1294 3052 iumembris
1325 2995 1546 3050 nostris
1577 3001 1634 3051 et
1663 2997 1724 3052 in
1755 2996 1926 3052 nobis
1959 2996 2104 3069 ipsis

473 3091 734 3162 reposita
763 3094 853 3144 est
869 3086 1436 3158 concupiscentiam,
1457 3091 1516 3140 et
1543 3101 1638 3141 me.
1665 3093 1902 3158 captum
1920 3085 2102 3142 ducit.

466 3179 768 3250 Siquidem
803 3182 1108 3248 peccatum
1141 3175 1428 3230 convertit
1455 3173 1530 3230 ad
1561 3191 1630 3230 ea
1659 3191 1790 3246 quae
1812 3191 1934 3230 non
1965 3191 2102 3230 con-

461 3269 705 3322 veniunt
741 3265 1099 3320 inexsistens
1131 3264 1190 3318 in
1222 3263 1395 3319 nobis
1429 3263 1572 3320 utile
1621 3265 2005 3328 desiderium,
2049 3269 2108 3320 et

464 3357 636 3410 nobis
671 3356 816 3425 ipsis
851 3363 1126 3424 tanquam
1155 3355 1586 3410 munitionibus
1615 3358 1802 3411 utitur
1825 3357 2105 3410 adversus

459 3456 858 3515 nosmetipsos
893 3471 910 3492 -
941 3448 1002 3499 Et
1032 3447 1320 3516 captivum
1349 3446 1830 3502 meducentem.»
1857 3447 2106 3501 l‘nlrhre

459 3538 602 3592 dii-it
639 3567 644 3574 ι
679 3535 968 3604 captivum
997 3551 1090 3590 me
1114 3534 1428 3588 dum-utrm
1467 3553 1478 3588 :
1507 3559 1525 3580 ιι
1563 3551 1697 3588 nam
1725 3553 1920 3606 pugna
1945 3543 2106 3590 mola

462 3627 620 3682 inter
651 3633 956 3697 peccatum
994 3623 1252 3695 legisque
1288 3631 1602 3696 ριίιιρρριίι,
1636 3625 1904 3678 videlicet
1949 3624 2105 3689 cogi—

457 3717 684 3774 tationza
719 3722 959 3786 peccato
996 3711 1461 3776 contradicente,
1495 3711 1896 3768 disceditcum
1923 3713 2106 3767 victo-

461 3808 550 3862 ria
581 3812 908 3880 peccatum.
939 3803 1158 3859 misero
1185 3802 1424 3857 homine
1449 3802 1508 3856 in
1541 3802 1836 3872 captivum
1872 3819 2104 3858 assum-

459 3903 580 3970 pto.
619 3919 644 3946 η
683 3897 828 3959 Lege
863 3893 1106 3965 peccati.
1141 3913 1169 3942 »
1205 3892 1412 3964 Legem
1429 3891 1652 3962 peccati
1677 3891 2103 3963 periphrastice

461 3992 630 4040 vocat
657 3989 987 4056 peccatum.
1041 4003 1068 4032 α
1101 3982 1238 4046 Qua:
1272 3987 1362 4035 est
1417 3980 1478 4034 in
1531 3979 1812 4036 membris
1869 3981 2038 4036 meis.
2075 4003 2102 4031 η

463 4076 602 4140 Quae
629 4090 734 4144 per
765 4088 898 4127 mea
927 4070 1198 4126 membra
1241 4075 1464 4141 pugnat
1507 4068 1818 4125 adversum
1873 4086 1989 4124 me.
2040 4069 2104 4125 Id

459 4171 657 4220 autem
693 4179 810 4218 non
847 4169 936 4217 est
967 4161 1232 4232 corporis
1265 4159 1834 4217 condemnatioﬁon
1867 4159 2026 4214 enim
2052 4159 2101 4214 si

455 4255 611 4328 regis
634 4253 876 4308 domum
903 4258 1154 4322 occupet
1175 4259 1482 4320 tyrannus.
1502 4251 1783 4305 continuo
1804 4249 2016 4305 domus
2037 4249 2100 4304 in

454 4361 630 4400 causa
661 4349 770 4398 est.

529 4433 642 4496 Vll,
663 4433 753 4490 2i.
775 4433 864 4485 25.
895 4453 922 4480 ι(
946 4431 1120 4484 Miser
1141 4445 1245 4502 ego
1273 4431 1448 4484 homo
1479 4429 1646 4500 :quis
1673 4445 1768 4484 me
1791 4429 2004 4502 eripiet
2033 4445 2102 4486 ex

455 4546 482 4572 κ
517 4538 764 4592 corpore
795 4519 1002 4574 mortis
1031 4520 1208 4588 hujus
1239 4519 1266 4574 ?
1295 4519 1520 4574 Gratias
1547 4535 1651 4590 ago
1685 4519 1802 4574 Deo
1835 4535 2102 4590 meo,per

2193 1675 2280 1723 νη,
2313 1653 2686 1728 προστίθησιν,
2731 1677 2758 1706 ‹‹
2796 1655 2887 1712 Ἐν
2937 1659 3054 1715 τοῖς
3112 1653 3301 1726 μέλεσί
3357 1676 3482 1729 μου.
3517 1679 3545 1706 ››
3573 1657 3730 1724 Οἷον,
3763 1656 3849 1712 ’ότι

2196 1743 2294 1810 Τὸ,
2357 1740 2740 1819 ἐγκαθιδρύσαι
2799 1743 2970 1811 αὐτὴν
3029 1743 3081 1798 ἐν
3136 1744 3376 1812 τούτοις,
3421 1742 3553 1816 ἐμόν
3585 1743 3715 1812 ἐστι,
3756 1745 3854 1798 καὶ

2122 1859 2168 1920 Β
2197 1833 2341 1903 ἑξῆς.
2377 1831 2568 1898 Οὕτως
2603 1835 2632 1889 6
2683 1834 2735 1888 ὲν
2795 1835 2973 1908 ἁγίοις
3034 1831 3301 1898 Meti/nato:
3351 1833 3402 1888 ἐν
3457 1832 3537 1907 τῷ
3569 1835 3698 1910 Περὶ
3725 1835 3854 1889 ἀνα-

2204 1923 2440 1985 στάσεως
2489 1920 2664 1997 λόγῳ.
2718 1924 2820 1980 Καὶ
2869 1923 2970 1998 γὰρ
3019 1923 3047 1978 6
3098 1923 3267 1995 νόμος
3314 1921 3417 1978 τοῦ
3464 1927 3598 1978 Θεοῦ
3627 1924 3657 1979 6
3689 1924 3857 1998 εὐαγ-

2201 2009 2442 2087 γελικὸς,
2475 2017 2612 2066 κινεῖ
2661 2010 2751 2066 καὶ
2801 2010 3024 2086 ἐρεθίζει
3057 2012 3122 2068 τὰ
3152 2009 3203 2066 ἐν
3233 2013 3370 2084 ἡμῖν
3403 2005 3617 2092 ἔμφυτα
3645 2013 3732 2068 καὶ
3767 2012 3856 2088 ἐγ·

2202 2100 2618 2178 κατεσπαρμένα
2674 2101 2820 2174 παρὰ
2874 2105 2972 2156 τοῦ
3031 2105 3386 2178 Δημιουργοῦ
3429 2103 3566 2172 πρὸς
3596 2101 3859 2176 ἀγαθοερ-

2201 2190 2322 2263 γίαν
2353 2188 2660 2264 σπέρματα.
2720 2191 2991 2253 ’Έκαστος
3043 2191 3146 2264 γὰρ
3201 2195 3311 2244 τῶν
3365 2187 3552 2260 ἔξωθεν
3595 2189 3862 2246 ἐπεισιόν-

2202 2281 2332 2348 τῶν,
2353 2279 2444 2333 τὸν
2478 2278 2677 2334 οἰκεῖον
2706 2277 2792 2334 καὶ
2823 2277 3178 2347 κατάλληλον
3201 2283 3311 2334 τῶν
3341 2277 3488 2334 ἔνδον
3514 2281 3600 2334 καὶ
3637 2279 3690 2334 ἐν
3721 2282 3858 2353 μῖν

2206 2363 2372 2422 ὄντων
2401 2369 2612 2441 νόμων,
2651 2371 2813 2422 κινῶν
2845 2367 2936 2422 καὶ
2967 2365 3303 2443 διερεθίζων,
3333 2368 3369 2438 ἢ
3403 2363 3639 2423 εὐσεϐεῖν
3669 2371 3704 2440 ἧ
3737 2370 3862 2426 ἀσε-

2206 2453 2318 2512 ϐεῖν
2344 2459 2492 2529 ἡμᾶς
2519 2458 2896 2532 προτρέπεται.
2935 2481 2964 2509 «ι
3000 2459 3139 2514 Κατᾶ
3191 2459 3285 2514 τὸν
3343 2453 3450 2514 ἔσω
3483 2460 3792 2532 ἀνθρωπον,
3827 2483 3855 2510 η

2205 2547 2297 2603 τὸν
2329 2551 2454 2602 νοῦν
2485 2543 2611 2616 ἤτοι
2641 2549 2742 2617 τήν
2769 2548 2954 2626 ψυχὴν
2985 2545 3165 2604 καλεῖ.
3191 2547 3366 2617 Φησῖν
3399 2548 3514 2614 οὖν,
3542 2547 3628 2604 δτι
3658 2548 3734 2604 0.}
3765 2546 3853 2604 θὲ·

2210 2635 2296 2692 λει
2327 2637 2355 2692 ὁ
2385 2641 2510 2698 νοῦς
2539 2637 2790 2712 πράττειν
2824 2637 2960 2710 ἅπερ
2988 2637 3016 2692 6
3038 2637 3208 2710 νόμος
3241 2637 3412 2710 λέγει,
3443 2634 3572 2694 ἀλλ’
3602 2636 3654 2692 ἐν
3688 2636 3858 2710 αὐτῷ,

2211 2725 2367 2802 φησὶ,
2398 2729 2474 2798 τῷ
2503 2729 2682 2798 καιρῴ
2711 2732 2810 2795 τῆς
2843 2723 3134 2800 ἁμαρτίας,
3168 2723 3256 2780 διὰ
3306 2733 3408 2796 τῆς
3439 2727 3705 2801 αμαρτίας
3737 2747 3864 2782 συν-

2211 2814 2551 2889 αρπάζομαι.
2589 2815 2805 2886 Ταύτην
2837 2815 2942 2890 γαρ
3001 2835 3162 2892 φησιν
3217 2811 3401 2890 ἕτερον
3456 2815 3648 2888 νόμον,
3683 2813 3773 2870 διὰ
3803 2815 3865 2872 τὸ

2215 2901 2354 2958 ἴδιόν
2382 2924 2502 2958 τινα
2529 2903 2619 2958 καὶ
2649 2898 2750 2976 ἔξω
2781 2907 2876 2960 τοῦ
2901 2905 3078 2976 νόμου
3111 2903 3434 2961 ἐπιτάσσειν.

2292 2993 2466 3056 Οὗτος
2502 2996 2788 3069 τοιγαροῦν
2835 2993 2864 3048 6
2913 2991 3102 3066 νόμος,
3133 2993 3262 3064 ἢτοι
3314 2994 3348 3062 ὴ
3399 2993 3655 3068 ἁμαρτία,
3688 2993 3867 3065 ἀπατᾷ

2219 3103 2287 3157 με
2318 3079 2406 3138 διὰ
2437 3089 2534 3152 τῆς
2565 3084 2618 3138 ἐν
2665 3088 2782 3144 τοῖς
2815 3081 3033 3156 μὲλεσιν
3091 3083 3251 3154 ἡμῶν
3307 3083 3396 3138 καὶ
3431 3082 3482 3137 ἐν
3512 3083 3649 3154 ἡμῖν
3679 3083 3867 3145 αὐτοῖς

2217 3169 2534 3248 ἐγκειμένης
2563 3170 2873 3244 ἐπιθυμίας,
2907 3171 2994 3226 καὶ
3047 3171 3454 3246 αἱχμαλωτίζει
3489 3191 3574 3243 με.
3611 3173 3724 3240 Τήν
3759 3173 3863 3248 γὰρ

2217 3261 2268 3316 ἐν
2319 3264 2453 3332 ἡμῖν
2505 3261 2640 3334 πρὸς
2689 3263 2750 3316 τὸ
2800 3261 3074 3337 συμφέρον
3111 3261 3325 3315 ἐνοῦσαν
3361 3259 3674 3334 ἐπιθυμίαν,
3703 3260 3776 3322 εἰς
3804 3263 3876 3317 τὶ

2211 3351 2498 3427 ἀσυμφοηῑα
2525 3347 2764 3426 τρέψασα
2855 3351 3113 3423 ἁμαρτία.
3147 3351 3282 3420 ἡμῖν
3307 3349 3490 3414 αὐτοῖς
3513 3357 3714 3426 χρῆται
3745 3371 3807 3405 κσ
3823 3343 3872 3424 ον’

2209 3443 2370 3516 ἡμῶν
2397 3441 2823 3515 ἐπιτειχίσμασι.
2857 3475 2903 3484 -—
2935 3443 3488 3516 [OIKOI'MENIOI'J
3521 3465 3540 3490 ε
3571 3445 3667 3500 ΚἈῖ
3700 3443 3872 3524 αἰχμ-

2210 3529 2544 3600 αλωτίζοντά
2578 3549 2696 3603 με’·
2737 3531 2927 3592 Καλῶς
2959 3529 3166 3592 simu,“
3197 3531 3700 3607 Α’χμαλιυτίζοντα
3737 3554 3862 3608 με.»

2208 3621 2410 3696 Μᾶχης
2445 3622 2546 3697 γὰρ
2576 3619 2900 3692 κινουμένης
2963 3620 3156 3692 μεταξῦ
3189 3628 3288 3690 τῆς
3331 3623 3601 3696 ἁμαρτίας
3634 3623 3721 3676 καὶ
3755 3627 3864 3676 τῶν

2209 3714 2306 3765 τοῦ
2337 3709 2510 3782 νόμου
2539 3707 2948 3786 ἐπιταγμὶτων,
2977 3709 3148 3784 ἤγουν
3195 3714 3292 3766 τοῦ
3337 3710 3726 3784 ἀντιλέγοντος
3759 3709 3864 3766 λο-

2209 3802 2412 3874 γισμοῦ
2441 3799 2510 3868 τῇ
2541 3799 2798 3872 ἁμαρτίᾳ,
2828 3797 3006 3853 ἄπεισι
3037 3801 3300 3870 νικήσασα
3329 3801 3364 3870 ἠ
3399 3799 3659 3874 ἆμαρ-εἷα,
3687 3799 3862 3874 αἱχμ-

2207 3886 2418 3942 ἁλωτον
2475 3881 2720 3942 λαϐοῦσα
2771 3888 2863 3942 τὸν
2919 3885 3272 3963 ταλαίπωρον
3327 3887 3630 3964 ἄνθρωπον.
3681 3913 3706 3940 ›ι
3765 3891 3860 3960 Τῷ

2207 3977 2362 4050 νόμῳ
2393 3979 2491 4040 τῆς
2525 3975 2809 4050 ἁμαρτίας.
2849 4000 2876 4026 υ
2931 3976 3119 4052 Νόμον
3167 3978 3456 4052 ἁμαρτίας,
3501 3998 3860 4057 περιφραστι-

2203 4069 2313 4127 κῶς
2335 4066 2434 4132 τὴν
2458 4065 2724 4138 ἁμαρτίαν
2747 4063 2925 4124 καλεῖ.
2959 4087 2980 4114 ι
3005 4070 3090 4138 Τῷ
3119 4061 3230 4121 ὄντι
3257 4065 3306 4120 ἐν
3333 4071 3448 4128 τοῖς
3481 4067 3667 4139 μὲλεσί
3690 4088 3852 4138 μου.»

2206 4158 2302 4227 Τῷ
2331 4151 2420 4210 διὰ
2445 4159 2552 4210 τῶν
2590 4154 2773 4228 μελῶν
2811 4175 2938 4228 μου,
2977 4156 3132 4234 φησὶ,
3163 4155 3496 4230 πολεμοῦντί
3531 4177 3644 4230 μοι.
3677 4159 3858 4214 Τοῦτο

2205 4243 2262 4301 δὲ
2311 4245 2373 4300 οὐ
2419 4245 2760 4320 κατάγνωσις
2806 4251 2903 4302 τοῦ
2955 4249 3228 4318 σώματος.
3264 4246 3340 4302 Οὐ
3373 4247 3475 4324 γὰρ
3503 4247 3548 4302 εἷ
3581 4245 3856 4323 βασιλέως

2204 4334 2378 4392 οἰκίαν
2407 4335 2668 4410 τύραννος
2719 4329 3047 4404 καταλάϐοι,
3103 4333 3214 4406 ἤδη
3265 4343 3366 4404 τῆς
3412 4335 3650 4406 οῑγίαςῆ
3687 4335 3852 4390 αἰτία.

2273 4423 2636 4498 Ταλαίπωροε
2695 4423 2805 4498 ἐγὼ
2863 4424 3166 4494 ἄνθρωπος·
3225 4423 3308 4487 τίς
3385 4447 3452 4500 με
3528 4423 3746 4500 ῥῦσεται
3799 4424 3862 4480 ἐκ

2199 4517 2296 4568 τοῦ
2355 4513 2608 4584 σώματος
2661 4517 2758 4568 τοῦ
2816 4513 3044 4576 θανάτου
3101 4513 3342 4584 τούτους
3407 4515 3737 4588 Εὐχαριστῷ
3773 4518 3856 4588 τῷ

457 4635 480 4664 α
507 4613 708 4666 .lesum
742 4609 1038 4664 Christum
1065 4609 1380 4662 Dominum
1413 4609 1912 4678 nostrumJtaque
1935 4607 2093 4664 idem

2207 4607 2318 4674 Θεῷ
2379 4622 2484 4676 μου
2545 4598 2634 4656 διὰ
2691 4603 2870 4672 Ἰησοῦ
2949 4603 3186 4670 Χριστοῦ
3253 4606 3350 4658 τοῦ
3407 4602 3612 4676 Κυρίου
3665 4603 3852 4676 ἡμῶν.

455 4724 480 4748 α
518 4716 622 4772 ego
636 4707 833 4754 mente
849 4699 1089 4769 quidem
1105 4697 1296 4751 servio
1313 4697 1422 4767 legi
1449 4697 1752 4751 Deicarne
1767 4703 1966 4751 autem
1982 4697 2094 4769 legi

459 4813 479 4834 ι
523 4790 742 4856 peccati
803 4811 828 4832 η

527 4877 668 4940 Quis
697 4895 788 4930 me
821 4877 1030 4947 eripiet
1061 4893 1127 4932 ex
1157 4875 1562 4946 corporalibus
1598 4875 1744 4929 meis
1761 4874 2094 4929 actionibus

455 4965 824 5036 spiritualem
861 4975 1108 5020 mortem
1143 4964 1612 5020 inducentibus?
1647 4963 1746 5018 Vel
1781 4981 1794 5017 :
1829 4963 1966 5029 Quis
1997 4979 2092 5018 me

455 5055 670 5126 eripiet
699 5071 772 5109 ne
805 5055 1092 5126 corripiar
1123 5073 1154 5110 a
1179 5055 1678 5128 concupiscentiis
1709 5071 1840 5125 quas
1871 5055 1932 5110 in
1963 5072 2090 5110 cor-

457 5161 596 5216 pore
629 5149 786 5202 sunt.
821 5161 1072 5214 qumque
1105 5161 1263 5200 mors
1295 5145 1466 5200 nobis
1489 5151 1629 5200 sunt
1659 5145 1684 5200 ?
1709 5145 1848 5210 Quis
1879 5161 2094 5214 nempe

445 5232 600 5286 alius
628 5237 844 5302 prmter
871 5230 1220 5286 Christum?
1249 5234 1392 5288 Nam
1445 5233 1504 5288 id
1553 5233 1728 5288 tacite
1775 5233 2088 5304 signiﬁcat.

448 5345 474 5368 α
512 5321 740 5376 Gratias
769 5337 876 5392 ago
905 5321 1039 5382 Deo.
1065 5319 1201 5390 quis
1239 5337 1333 5376 me
1365 5321 1584 5392 eripuit
1613 5338 1718 5393 per
1775 5321 2090 5376 Dominum

449 5417 714 5466 nostrum
747 5412 944 5465 Jesum
978 5409 1292 5465 Christum.
1331 5435 1356 5460 ››
1394 5412 1592 5482 Neque
1625 5411 1780 5466 enim
1821 5411 1910 5466 lex
1941 5409 2090 5464 libe-

449 5509 560 5564 rat,
597 5519 788 5572 neque
821 5517 946 5556 mea
981 5501 1249 5556 voluntas
1291 5501 1424 5556 licet
1493 5517 1726 5557 summe
1785 5501 2082 5556 laborans.

451 5613 478 5640 κ
513 5593 740 5648 Gratias
769 5607 876 5662 ago
911 5593 1046 5648 Deo.
1081 5611 1106 5640 ι»
1132 5591 1278 5656 Quia
1303 5591 1450 5662 ipse,
1475 5589 1690 5661 inquit,
1747 5606 1840 5646 me
1871 5591 2092 5662 eripuit

449 5699 558 5753 per
588 5687 840 5740 mortem
875 5681 1004 5736 Filii
1035 5681 1147 5737 sui.
1181 5702 1210 5730 «
1245 5681 1432 5737 Mente
1465 5678 1706 5751 quidem
1751 5679 1943 5734 servio
1973 5679 2084 5752 legi

2201 4693 2340 4766 Ἄρα
2401 4689 2493 4745 οὖν
2560 4691 2721 4752 αὐτὸς
2789 4689 2894 4766 ἐγὼ
2959 4695 3038 4762 τῷ
3106 4693 3203 4764 μὲν
3265 4693 3349 4748 νοῒ
3409 4690 3655 4748 δουλεύω
3693 4695 3856 4767 νόμῳ

2203 4785 2360 4848 Θεοῦ,
2392 4782 2461 4852 τῇ
2492 4777 2549 4834 δὲ
2581 4781 2756 4848 σαῖκτ,
2789 4779 2945 4852 νόμῳ
2977 4781 3264 4854 ἁμαρτίας.

2273 4870 2369 4931 Τίς
2413 4891 2480 4942 με
2538 4869 2773 4942 ῥύσεται,
2835 4871 3018 4946 φησ“ν,
3077 4869 3136 4924 ἐκ
3191 4877 3298 4925 τῶν
3355 4873 3684 4942 σωματίκῶν
3749 4893 3856 4946 μου

2200 4959 2606 5034 πραξειυν,τῶν
2663 4957 2754 5012 τὸν
2811 4957 3007 5028 νοητὸν
3069 4958 3382 5032 ἐπαγουσῶν
3442 4962 3710 5032 Diuma;
3759 4965 3857 5032 Ἦ,

2201 5047 2296 5111 Τίς
2347 5069 2412 5122 με
2461 5047 2676 5122 ῥύσεται
2729 5045 2834 5101 ἀπὸ
2875 5051 2972 5104 τοῦ
3033 5049 3108 5119 μή
3151 5053 3577 5124 συναρπάζεσθαι
3613 5053 3714 5108 ὑπὸ
3743 5059 3856 5109 τῶν

2201 5137 2252 5193 ἐν
2285 5143 2362 5210 τῷ
2391 5138 2604 5208 σώματι
2637 5137 2964 5208 ἐπιθυμιῶν,
3005 5135 3062 5192 αἳ
3115 5137 3343 5202 eive-:6;
3375 5139 3506 5194 εἰσιν
3537 5142 3716 5216 ἡμῖν;
3751 5143 3854 5206 Τίς

2205 5228 2298 5292 μὲν
2331 5229 2420 5282 οὖν
2449 5225 2622 5286 ἄλλος
2679 5223 2714 5296 ἤ
2775 5227 2802 5280 δ
2859 5227 3092 5301 Χριστός
3121 5245 3136 5296 ;
3203 5229 3382 5286 Τοῦτο
3409 5232 3510 5306 γὰρ
3542 5233 3724 5308 ἠρέμα
3755 5233 3852 5306 ἐμ-

2199 5319 2394 5396 φαίνει.
2445 5345 2464 5368 ι
2503 5319 2828 5394 Εὐχαριστῶ
2877 5321 2955 5388 τῷ
2997 5323 3113 5388 Θεῷ
3161 5321 3308 5383 ὅστις
3357 5343 3424 5394 με
3469 5321 3730 5398 ὲρἰύσατο
3759 5321 3866 5380 διᾶζ

2196 5413 2294 5466 τοῦ
2351 5407 2554 5466 Κυοίου
2609 5409 2772 5478 ἡμῶν
2834 5409 3018 5478 Ἰησοῦ
3079 5412 3338 5478 Χριστοῦ.
3389 5437 3417 5464 n
3477 5409 3608 5468 Οὔτε
3661 5411 3760 5483 γαρ
3819 5410 3847 5462 6

2195 5498 2367 5573 νόμος
2423 5497 2627 5572 ῥύεται,
2686 5493 2872 5566 οὕτεή
2909 5497 3012 5566 ἓ.μή
3072 5500 3387 5575 προαίρεσις
3445 5495 3842 5569 σπουδὶζουτα.

2197 5613 2226 5640 ‹‹
2261 5586 2582 5662 Εὐχαριστῶ
2633 5590 2769 5658 Θεῷ.
2805 5611 2832 5638 υ
2887 5587 3016 5642 Ὅτι
3072 5586 3234 5650 αὐτὸς
3291 5610 3378 5662 με,
3437 5589 3616 5666 φησὶν,
3675 5585 3836 5662 ἆῤ,ὂὶ-

2198 5697 2338 5734 σατον
2359 5675 2450 5732 διὰ
2493 5681 2591 5732 τοῦ
2622 5677 2849 5733 θανάτου
2903 5679 3002 5732 τοῦ
3058 5678 3186 5734 1⁸ίοῦ
3239 5679 3422 5736 αὐτοῦ.
3455 5701 3483 5730 ε(
3513 5681 3604 5750 Τῷ
3635 5677 3732 5751 μὶν
3760 5673 3864 5740 νοῒι
