4198 6198
416 361 534 425 I79

1541 362 1961 427 GCUMENII
2005 363 2314 428 TBICCE
2358 370 2748 436 EPISCOPL

3723 375 3843 438 480

417 515 716 557 vocemus.
747 499 815 554 Et
860 497 1020 554 unde
1053 497 1388 556 declaratur
1442 499 1554 556 hoc
1585 499 1736 556 bene
1777 498 1926 568 fieri,
1960 500 2051 555 θα

2194 500 2525 582 ἀιιαςοερομεν
2553 508 2650 577 τήν
2693 509 2893 586 φωνήν.
2947 508 3008 564 Ὀ
3065 507 3188 570 Υἱὸς
3247 509 3394 580 ἡμᾶς
3451 505 3684 579 ἐδίδαξεν
3744 506 3837 565 σῦ-

418 606 532 660 que
555 597 784 660 gratum
831 605 981 651 esse,
1031 596 1094 642 ut
1133 589 1286 644 hanc
1336 606 1534 644 vocem
1584 589 1656 644 ad
1701 590 1894 661 ipsum
1929 590 2076 645 refe-

414 694 616 731 ramus
641 677 667 731 ?
697 677 878 731 Filius
916 694 1024 732 nos
1067 679 1146 732 ila
1178 679 1374 734 dicere
1424 679 1661 734 docuit:
1693 703 1712 724 ι
1766 681 1939 735 Pater
1970 697 2072 734 no-

414 772 536 821 ster
569 767 666 836 qui
704 782 764 821 es
814 768 874 821 in
927 769 1093 824 malis
1153 769 1217 833 ετ,
1253 777 1362 824 etc.
1417 769 1724 841 Apostolus
1771 787 1902 824 vero
1937 771 2079 841 quia

411 857 753 911 communia
771 874 898 911 esse
921 858 1426 930 novitdispensati
1445 861 1576 914 onis
1593 877 1724 931 erga
1741 859 2072 914 nosChristi

409 961 609 1015 opera,
635 946 1628 1017 Spiritus,inquit.attestatur.Nam
1654 965 1785 1002 cum
1811 949 2075 1002 Christus

409 1033 562 1090 hanc
594 1035 909 1089 tradiderit
941 1039 1557 1107 precat.=onem.eliam
1591 1037 1843 1109 Spiritus
1876 1037 2073 1095 tradit.

409 1129 468 1179 et
497 1123 652 1178 dono
688 1141 794 1196 per
827 1125 1024 1196 ipsum
1061 1125 1195 1181 dato
1229 1127 1290 1182 in
1340 1127 1513 1182 nobis
1561 1134 1890 1182 attestatur.
1925 1125 2075 1192 Quid

407 1221 604 1270 autem
636 1215 1005 1270 attestatur?
1051 1217 1215 1281 Quod
1247 1217 1395 1272 bene
1443 1223 1500 1271 et
1539 1217 1712 1272 modo
1760 1218 1876 1272 Deo
1908 1223 2071 1290 grato

409 1302 604 1374 ipsum
639 1305 872 1359 Patrem
907 1312 1180 1359 nostrum
1211 1305 1515 1360 dicamus:
1561 1305 1716 1376 quod
1751 1305 1854 1359 filii
1887 1306 2074 1377 ipsius

412 1394 596 1447 simus
628 1394 889 1464 adoptati
923 1395 996 1448 ab
1028 1411 1098 1448 eo
1132 1412 1242 1466 per
1272 1395 1834 1465 baptismquuod
1866 1397 1913 1450 si
1939 1396 2071 1452 lilii.

410 1489 467 1538 et
498 1483 781 1537 haeredes.
813 1483 997 1537 Judzei
1033 1499 1165 1536 vero
1207 1483 1348 1538 licet
1392 1484 1496 1538 ﬁlii
1525 1485 1625 1539 Dei
1674 1485 2067 1542 vocabantura

408 1571 594 1626 multa
627 1578 820 1626 tamen
854 1572 1164 1642 utriusque
1200 1579 1256 1627 et
1289 1574 1612 1629 vocationis
1639 1579 1698 1629 et
1727 1575 2066 1648 adOptionis

407 1659 760 1714 differentia.
797 1660 1098 1731 Siquidem
1137 1662 1224 1716 illi
1259 1664 1320 1718 in
1361 1663 1549 1736 ﬁgura
1581 1665 2068 1722 nominabantur.

410 1749 910 1820 quemadmodum
937 1757 994 1804 et
1023 1751 1140 1806 alia
1171 1753 1228 1805 in
1247 1751 1432 1825 ﬁgura
1446 1753 1665 1824 graetim
1691 1753 1812 1807 illis
1837 1755 2068 1810 contin-

409 1839 666 1912 gebant:
700 1856 809 1894 nos
841 1856 974 1895 vero
1009 1857 1126 1896 non
1174 1842 1498 1915 ﬁgurative,
1532 1843 1634 1898 sed
1680 1843 1972 1914 perfecte:
2007 1849 2066 1900 et

405 1928 494 1985 illi
529 1945 871 2002 quanquam
896 1929 1001 1984 ﬁlii
1036 1930 1399 1986 vocabantur
1428 1949 1548 1988 non
1583 1937 1784 1988 tamen
1810 1933 2060 2005 ipsisda-

401 2022 527 2074 tum
559 2025 705 2084 erat,
739 2026 804 2074 ut
836 2021 1018 2074 Deum
1051 2029 1328 2077 vocarent
1351 2025 1583 2077 Patrem
1610 2040 1622 2077 :
1657 2023 1830 2078 nobis
1861 2029 2060 2080 autem

403 2115 462 2166 et
492 2111 603 2164 hoc
662 2111 946 2167 donatum
1007 2117 1114 2180 est,
1179 2114 1483 2186 multaque
1543 2114 1663 2172 alia
1720 2121 1808 2169 est
1866 2116 2059 2172 excel-

401 2199 611 2256 lentia.

471 2290 626 2344 801
667 2313 686 2336 ι
757 2289 1124 2362 Adoptionis.
1163 2314 1189 2340 η
1251 2293 1428 2364 Atqui
1487 2309 1861 2365 consequens
1911 2301 2057 2360 erat,

399 2384 464 2434 ut
496 2379 758 2434 diceret:
796 2380 1106 2435 Libertatis
1133 2407 1146 2440 ς
1185 2380 1287 2436 sed
1318 2388 1517 2437 tamen
1547 2383 1704 2454 quod
1731 2385 1925 2455 majus
1947 2391 2055 2451 est,

400 2468 579 2525 dicit:
616 2471 725 2523 Per
755 2485 931 2542 quem
965 2471 1300 2527 clamamus
1338 2496 1356 2517 -
1392 2473 1654 2528 Dicimus
1687 2474 1870 2536 enim.
1907 2499 1925 2521 -
1957 2477 2058 2530 Pa-

400 2564 491 2612 ter
522 2565 742 2624 noster,
804 2561 902 2630 qui
949 2577 1011 2614 es
1070 2561 1132 2616 in
1193 2560 1376 2617 culis.
1410 2583 1437 2610 »
1491 2562 1691 2618 Posuit
1741 2569 1935 2619 autem
2000 2570 2057 2620 et

400 2651 745 2707 Hebraicam
778 2652 1124 2720 dictionem,
1159 2661 1222 2708 ut
1259 2655 1582 2727 genuinum
1607 2671 1676 2710 ac
1719 2672 1823 2726 per
1853 2660 2056 2715 omnia

401 2741 634 2796 Patrem
669 2741 1047 2806 significaret.
1084 2767 1108 2786 «ο
1147 2745 1276 2814 Ipse
1309 2743 1565 2815 Spiritus
1587 2761 1705 2799 una
1738 2752 2003 2802 testatur.
2027 2770 2052 2795 η

397 2830 544 2896 Quia
597 2830 782 2886 Judaai
836 2833 1016 2887 Deum
1080 2835 1312 2887 Patrem
1370 2833 1674 2894 vocabant.
1737 2836 2052 2894 ostendere

397 2920 522 2974 vult
551 2921 850 2992 quodillis
907 2923 1146 2992 quidem
1201 2923 1308 2976 hoc
1344 2922 1700 2994 permissum
1754 2941 1873 2980 non
1905 2934 2049 2994 erat,

397 3009 569 3065 nobis
590 3017 788 3067 autem
822 3011 1086 3066 indubie.
1123 3009 1289 3076 Quod
1313 3027 1381 3066 ex
1414 3027 1482 3066 eo
1527 3013 1906 3070 manifestum
1942 3022 2050 3085 est,

398 3099 555 3169 quod
589 3099 838 3172 Spiritus
885 3105 1152 3160 testatur.
1202 3101 1398 3155 etait:
1454 3107 1582 3172 Ipse
1635 3103 1907 3176 Spiritus,
1940 3105 2053 3163 hoc

393 3194 502 3244 est.
566 3189 692 3260 ipse
743 3189 1080 3244 Paracletus
1138 3206 1258 3244 una
1330 3196 1582 3248 t*statur
1634 3207 1766 3248 cum
1827 3195 2040 3265 spiritu

393 3287 596 3335 nostro
651 3281 708 3334 id
743 3290 850 3337 est.
885 3281 1039 3336 dono
1072 3283 1243 3337 nobis
1266 3281 1337 3336 ab
1363 3283 1488 3352 ipso
1531 3283 1685 3338 dato.
1722 3286 1847 3341 Non
1877 3290 2036 3343 enim

389 3373 517 3432 hmo
548 3389 655 3428 vox
681 3374 866 3429 solius
898 3375 1034 3428 doni
1061 3381 1170 3437 est,
1225 3374 1328 3429 sed
1360 3378 1488 3442 ejus
1529 3393 1766 3447 quoque
1789 3379 1887 3448 qui
1923 3380 2038 3435 lar-

390 3465 544 3538 gitus
578 3471 686 3530 est,
713 3464 808 3518 ubi
841 3480 974 3534 ergo
997 3464 1248 3534 Spiritus
1283 3469 1549 3530 testatur,
1589 3483 1718 3536 quin
1751 3469 2038 3541 ambigui-

389 3559 479 3610 tas
513 3553 646 3608 est?
683 3583 698 3598 -
738 3553 805 3608 Et
841 3553 1123 3608 harredes.
1168 3577 1193 3600 ››
1245 3554 1696 3624 Consequenter
1738 3565 1911 3628 auget
1947 3558 2042 3612 di-

389 3647 695 3719 gnitatem.
732 3647 871 3702 Nam
928 3651 1256 3718 possuntet
1315 3643 1418 3698 lilii
1454 3661 1604 3708 eSse,
1657 3664 1765 3702 nec
1790 3648 2042 3703 haeredi-

390 3742 573 3792 tatem
602 3735 925 3806 suscipere.
956 3758 983 3784 ‹‹
1018 3733 1370 3790 Cohaeredes
1402 3740 1600 3787 autem
1623 3736 1856 3790 Christi.
1887 3760 1912 3784 υ
1947 3738 2038 3794 Vi-

389 3826 493 3881 des
524 3843 661 3899 ergo
680 3826 835 3897 quod
868 3826 983 3881 alia
1016 3826 1090 3880 sit
1126 3831 1328 3880 nostra
1349 3823 1587 3894 a-Ioptio
1618 3824 1690 3879 ab
1723 3825 2041 3896 adoptione

387 3916 743 3972 Judzrorum.
789 3915 1094 3986 Siquidem
1148 3931 1256 3968 nos
1289 3913 1466 3968 etiam
1515 3911 1780 3968 hmredes
1812 3931 2038 3983 sumus,

390 4007 477 4060 illi
509 4011 703 4059 autem
749 4022 888 4059 non.
917 4008 995 4060 De
1053 4007 1137 4060 eis
1169 4006 1328 4059 enim
1388 4001 1568 4056 dicit:
1605 4024 1633 4051 ‹‹
1677 4004 1854 4058 Malos
1889 4006 2039 4061 male

387 4093 596 4168 perdet
627 4101 684 4147 et
744 4094 974 4148 vineam
1027 4095 1244 4150 locabit
1296 4093 1431 4148 aliis
1465 4089 1530 4152 ³⁸.
1567 4117 1592 4141 ι)
1659 4096 1728 4149 Ει
1763 4112 1992 4150 rursum
2023 4113 2034 4150 :

390 4208 414 4235 ι(
452 4183 637 4247 Multi,
672 4183 887 4254 inquit.
922 4185 1159 4240 venient
1207 4192 1266 4238 et
1297 4186 1648 4242 accumbent
1687 4202 1822 4242 cum
1859 4185 2038 4241 Abra-

387 4275 548 4338 ham,
584 4273 687 4328 filii
722 4280 916 4330 autem
956 4273 1114 4344 regni
1147 4275 1460 4342 ejicienlur
1479 4276 1546 4336 39,
1582 4297 1608 4323 ››
1642 4275 1915 4330 videlicet
1943 4276 2042 4339 Ju-

389 4365 518 4420 drri.
560 4365 618 4418 In
650 4365 706 4418 id
749 4363 906 4434 quod
956 4362 1209 4418 dicitur:
1242 4388 1267 4411 ‹‹
1321 4365 1601 4436 Spiritum
1655 4365 1970 4422 servitutis.
2011 4388 2037 4414 »

389 4455 533 4520 Quia
562 4453 743 4510 Judwi
771 4453 1146 4523 adoptionem
1182 4453 1293 4508 sibi
1320 4455 1736 4511 vindicabant:
1772 4479 1796 4503 α
1837 4455 2036 4519 Filios,

388 4545 779 4614 inquit,genui
815 4550 872 4598 et
912 4545 1157 4598 exaltavi
1191 4543 1276 4612 ²⁰;
1311 4568 1336 4594 η
1397 4548 1660 4602 ostendit,
1709 4553 1931 4618 quanta,
1961 4549 2038 4600 sit

2181 615 2288 656 τως
2323 593 2519 673 λέγειν’
2556 623 2582 647 «ι
2620 599 2794 671 Ηᾶτερ
2824 601 2984 670 ἡμῶν
3017 599 3044 652 ὁ
3085 598 3136 652 ἐν
3187 603 3303 658 τοῖς
3357 597 3629 672 οὐρανοῖς,
3668 623 3694 648 ››
3745 598 3837 652 καὶ

2183 686 2325 757 ἑξῆς.
2361 687 2536 750 Αὐτὸς
2565 685 2623 742 δὲ
2663 685 2852 757 ἐπειδὴ
2908 689 3063 742 κοινὰ
3111 688 3229 742 οἶδε
3285 690 3352 742 τὰ
3401 691 3498 756 τῆς
3555 688 3631 751 εἷς
3684 691 3836 760 ἡμᾶς

2183 774 2498 849 οἰκονομίας
2530 776 2662 852 ἔργα
2712 782 2810 834 τοῦ
2866 782 3123 852 Χριστοῦ,
3178 780 3316 834 «Τὸ
3378 781 3611 848 Ηνεῦμα,
3673 781 3830 856 φησὶ,

2181 871 2583 940 συμμαρτυρεῖ.
2616 891 2643 918 ››
2677 870 2910 942 Χριστοῦ
2967 867 3070 943 γαρ
3125 864 3576 939 παραδεδωκότος
3629 869 3828 941 ταύτην

2179 956 2276 1024 τὴν
2309 956 2504 1029 εὐχὴν,
2537 958 2621 1011 καὶ
2660 958 2722 1011 τὸ
2755 959 2970 1028 Πνεῦμα
3013 955 3372 1030 παραδῖὂωσι,
3432 958 3522 1012 καὶ
3572 980 3832 1031 συμμαρ-

2180 1049 2330 1118 τυρεῖ
2360 1049 2440 1116 τῷ
2470 1044 2518 1100 ἐν
2553 1048 2686 1116 ἡμῖν
2722 1043 2925 1101 δοθέντι
2959 1046 3263 1126 χαρίσματι
3291 1044 3362 1101 δι’
3421 1048 3608 1104 αὐτοῦ.
3659 1048 3718 1102 Τί
3772 1045 3831 1104 δὶ

2181 1143 2595 1211 συμμαρτυρεῖ;
2627 1142 2743 1192 Ὀτι
2773 1136 2958 1200 καλῶς
3007 1138 3098 1192 καὶ
3160 1137 3496 1213 ἀρεσκόντως
3551 1139 3670 1210 Θεῷ
3728 1137 3827 1194 λέ-

2176 1247 2342 1302 γομεν
2374 1227 2532 1283 αὐτὸν
2587 1228 2796 1304 Πατέρα
2825 1231 3008 1298 ἡμῶν,
3071 1229 3154 1283 δτι
3211 1228 3368 1284 τέκνα
3424 1229 3590 1284 αὐτοῦ
3647 1227 3826 1301 ἐσμεν,

2179 1316 2582 1388 υίοθετηθέντες
2633 1318 2781 1388 αὐτῷ
2829 1322 2908 1388 τῷ
2963 1317 3318 1392 βαπτίσματι’
3357 1343 3384 1368 ‹‹
3423 1318 3484 1375 Εἰ
3536 1316 3592 1374 δὲ
3646 1319 3825 1386 τέκνα,

2179 1406 2332 1482 φησὶ,
2365 1407 2455 1461 καὶ
2486 1405 2850 1479 κληρονόμοι.
2888 1431 2915 1458 ››
2977 1408 3044 1464 Οἱ
3101 1404 3157 1462 δέ
3187 1429 3248 1482 γε
3297 1405 3576 1471 Ἰουδαῖοι,
3636 1407 3686 1462 εἴ
3739 1407 3832 1463 καὶ

2179 1493 2468 1551 ἐκαλοῦντο
2499 1496 2655 1552 τέκνα
2686 1501 2840 1563 Θεοῦ,
2875 1495 3021 1552 ἀλλᾶ
3051 1495 3154 1550 πολ
3168 1495 3240 1566 λή
3291 1495 3544 1567 κλήσεως
3575 1497 3829 1569 ἑκατέρας

2176 1582 2262 1636 καὶ
2297 1585 2566 1648 υἱοθεσίας
2598 1587 2631 1654 ἡ
2665 1583 2916 1662 διαφορά.
2961 1585 3027 1642 Οἱ
3072 1585 3165 1657 μὲν
3229 1584 3333 1660 γὰρ
3394 1590 3635 1648 τυπικῶς
3689 1586 3828 1641 ὠνο-

2180 1675 2441 1744 μάζοντο,
2479 1673 2657 1748 ὥσπερ
2714 1675 2804 1730 καὶ
2829 1675 2878 1728 τ’
2908 1674 3052 1729 ἄλλα
3110 1674 3294 1736 αὐτοῖς
3362 1674 3437 1736 εἷς
3493 1675 3660 1732 τύπον
3704 1675 3822 1731 ἐτε-

2176 1761 2326 1816 λεῖτο
2349 1769 2448 1828 τῆς
2479 1765 2726 1838 χάριτος.
2759 1765 2946 1835 Ἡμεῖς
2991 1761 3047 1818 δὲ
3077 1764 3145 1819 οὐ
3173 1768 3440 1832 τυπικῶς,
3500 1762 3625 1820 ἀλλ’
3657 1764 3823 1820 αὐτο-

2175 1849 2368 1914 τελῶς.
2407 1853 2506 1908 Καὶ
2540 1854 2590 1907 οἱ
2625 1853 2720 1927 μὲν
2749 1852 2797 1908 εἴ
2843 1852 2932 1907 καὶ
2988 1851 3281 1908 ἐκαλοῦντο
3339 1853 3473 1920 υἱοὶ,
3530 1851 3658 1910 ἀλλ’
3717 1854 3822 1910 οὐκ

2168 1941 2234 2010 ἦν
2267 1942 2450 2002 αὐτοῖς
2484 1939 2800 2012 δεδομένον,
2833 1943 2894 1998 τὸ
2944 1944 3031 1998 καὶ
3067 1941 3263 2004 αὐτοὺς
3312 1943 3405 1998 τὸν
3455 1943 3582 1998 Θεὸν
3633 1939 3820 1997 καλεῖν

2167 2028 2392 2106 Πατέρα.
2425 2032 2588 2103 Ἠμῖν
2622 2027 2796 2086 δὲκαὶ
2854 2035 3016 2087 τοῦτο
3075 2033 3422 2106 κεχάρισται,
3481 2030 3569 2086 καὶ
3626 2028 3814 2098 πολλή

2167 2119 2314 2192 ἅλΛη
2347 2117 2600 2200 διαᾳορᾶ.

2237 2324 2264 2352 ‹‹
2296 2301 2594 2364 Υἱοθεσίας.
2633 2325 2658 2352 ››
2691 2300 2881 2357 Καίτοι
2911 2298 3212 2356 ἀκόλουθον
3260 2300 3326 2368 ἦν
3373 2299 3564 2366 εἰπεῖν,
3621 2297 3813 2355 Ἑλευ-

2165 2391 2364 2460 Θερίας,
2395 2389 2521 2446 ἀλΛ’
2554 2390 2707 2464 ὅμως
2755 2391 2817 2444 τὸ
2872 2395 3055 2462 μεῖζον
3118 2387 3284 2463 λέγει.
3343 2414 3366 2440 ιι
3401 2394 3487 2444 Ἐν
3517 2389 3563 2461 ᾧ
3615 2391 3811 2460 κράζο-

2167 2500 2284 2552 μεν.
2320 2505 2348 2532 ››
2383 2483 2624 2554 λέγομεν
2655 2481 2779 2554 γάρ’
2824 2503 2853 2532 ‹‹
2903 2477 3074 2553 Πᾶτερ
3120 2481 3280 2550 ἡμῶν
3315 2479 3343 2533 ὸ
3376 2478 3428 2534 ἐν
3479 2484 3596 2539 τοῖς
3651 2477 3811 2551 οὐρα.

2159 2576 2293 2632 νοῖς.
2329 2568 2603 2624 »Τέθεικε
2643 2565 2699 2624 δὲ
2757 2569 2843 2624 καῖ
2904 2570 3004 2636 τήν
3068 2563 3321 2640 Ἐϐραίαν
3383 2566 3548 2640 λέξιν,
3609 2565 3698 2622 ’ἱνα
3752 2566 3816 2622 τὸ

2161 2661 2378 2735 γνήσιη
2413 2659 2556 2732 δείξῃ
2596 2656 2684 2712 διὰ
2741 2662 2954 2713 παντων
3010 2658 3215 2713 «Αὐτὸ
3273 2657 3334 2712 τὸ
3398 2660 3613 2728 Πνεῦμα
3673 2677 3812 2726 συμ-

2163 2754 2426 2821 μαρτυρεῖ
2478 2771 2500 2798 ι
2556 2745 2780 2814 Ἐπειδὴ
2839 2749 2928 2802 καὶ
2993 2744 3254 2803 Ἰουδαῖοι
3308 2747 3523 2816 Πατέρα
3581 2745 3809 2801 εκάλαυν

2157 2837 2252 2892 τὸν
2292 2838 2444 2901 Θεὸν,
2505 2837 2654 2892 θέλει
2711 2832 2878 2906 δεῖξαι
2935 2835 3018 2891 δτι
3076 2837 3265 2899 αὐτοῖς
3325 2836 3418 2908 μὶν
3481 2835 3582 2890 οὐκ
3639 2833 3815 2892 ἐπετέο

2157 2945 2362 2998 τραπτο
2392 2929 2574 2984 τοῦτο.
2615 2928 2752 2997 ἡμῖν
2791 2923 2848 2980 δὲ
2874 2924 2978 2980 ναί.
3019 2924 3123 2983 Καὶ
3156 2923 3326 2993 δῆλον
3361 2923 3420 2979 ἐκ
3469 2929 3565 2979 τοῦ
3607 2945 3812 2999 μαρτυ-

2160 3020 2371 3092 ροῦντο.
2407 3015 2743 3086 Πνεῦματος,
2776 3017 2865 3070 καί
2899 3034 3084 3096 φησιν’
3129 3039 3157 3066 ιι
3194 3014 3338 3072 Αὐτὸ
3387 3014 3458 3070 τὸ
3503 3018 3744 3086 Πνεῦμα,
3779 3037 3806 3066 ››

2158 3109 2429 3164 τουτέστιν
2475 3109 2638 3171 αὐτὸς
2695 3108 2722 3162 ὁ
2786 3107 3164 3181 Παρᾶκλητος,
3229 3130 3256 3158 ι(
3311 3111 3689 3180 συμμαρτυρεῖ
3725 3109 3806 3176 τῷ

2157 3197 2426 3271 πνεύματι
2457 3200 2640 3271 ἡμῶν,
2679 3223 2703 3247 υ
2731 3195 2760 3251 ὅ
2792 3196 2904 3251 ἐστι
2929 3201 3006 3266 τῴ
3039 3193 3246 3253 δοθέντι
3278 3198 3413 3267 ἡμῖν
3459 3197 3586 3269 παρ’
3640 3195 3808 3250 αὐτοῦ

2157 3288 2480 3367 χαρίσματι.
2513 3285 2590 3341 (ὶύ
2623 3287 2722 3361 γαρ
2767 3287 2930 3359 μόνον
2983 3289 3080 3340 τοῦ
3140 3285 3483 3360 χαρίσματος
3512 3287 3546 3354 ἡ
3577 3285 3805 3354 τοιαύτη

2151 3381 2328 3458 φωνὴ,
2385 3376 2534 3434 ἀλλᾶ
2588 3379 2678 3432 καὶ
2745 3382 2844 3432 τοῦ
2913 3375 3326 3451 δωρησαμένου·
3410 3375 3536 3432 ἔνθα
3592 3376 3685 3432 οὖν
3743 3375 3806 3431 τὸ

2153 3469 2367 3542 Ηνεῦμα
2401 3474 2680 3542 μαρτυρεῖ,
2739 3467 2869 3524 ποία
2928 3467 3066 3521 ἐστ“ν
3115 3461 3532 3539 ἀμφισϐήτησις
3578 3485 3592 3535 ;
3640 3491 3666 3518 ιι
3706 3465 3805 3523 Καὶ

2151 3557 2517 3634 κληρονόμοι.
2583 3582 2610 3607 ››
2672 3557 2872 3613 Λοιπὸν
2931 3553 3074 3630 αὔξει
3131 3557 3231 3622 τὴν
3287 3555 3458 3624 ἀξίαν*
3521 3556 3638 3610 Ἐνι
3700 3555 3803 3628 γὰρ

2147 3650 2306 3703 τέκνα
2341 3650 2416 3721 μὴ
2451 3645 2920 3719 κληρονομοῦντα.
2975 3670 3004 3697 ‹‹
3042 3643 3503 3722 Συγκλτ,ρονὸμοι
3565 3641 3622 3699 δί
3664 3644 3799 3718 Χρι-

2150 3743 2295 3793 στοῦ.
2328 3762 2357 3789 υ
2387 3737 2546 3808 Ὁρᾷς
2577 3736 2658 3790 ὃτι
2702 3733 2847 3804 ἂλλη
2910 3733 3050 3789 ἐστὶν
3080 3736 3115 3803 ἡ
3150 3732 3393 3797 υἱοθεσία
3441 3736 3601 3806 ἡμῶν
3651 3734 3796 3808 παρᾶ

2147 3829 2246 3896 τὴν
2279 3831 2383 3880 τῶν
2418 3821 2736 3891 Ἰουδαίωνς
2769 3826 2930 3892 ἡμεῖς
2974 3823 3068 3896 μὶν
3124 3824 3225 3898 γὰρ
3282 3823 3372 3878 καὶ
3429 3825 3794 3898 κληρονόμοι,

2152 3917 2204 3970 οἱ
2239 3913 2293 3970 δέ
2325 3914 2475 3994 οὖχέ.
2511 3915 2656 3983 Φησὲ
2689 3914 2793 3990 γὰρ
2845 3912 2968 3986 περὶ
3029 3912 3205 3967 αὐτῶν
3290 3938 3317 3964 ‹‹
3358 3914 3559 3974 Κακοὺς
3614 3913 3798 3974 κακῶς

2149 4002 2426 4072 ἀπολέσει,
2495 4005 2582 4058 καὶ
2641 4001 2944 4076 ἀμπελῶγα
3022 3998 3246 4056 ἐκδώσει
3332 3999 3547 4064 ἄλλοις.
3603 4026 3629 4053 ››
3688 4003 3794 4058 Καὶ

2149 4096 2330 4156 πάλῑν,
2372 4123 2389 4141 -
2432 4093 2658 4153 Πολλά,
2721 4093 2906 4170 φησῖν,
2948 4092 3133 4164 ἥξουσι
3190 4094 3276 4147 καὶ
3339 4090 3791 4161 ἀνακλιθήσονται

2152 4179 2579 4260 μετὰἈϐρααμ,
2631 4184 2683 4238 οἱ
2743 4181 2798 4239 ὀὶ
2857 4184 2963 4236 υἱοί
3020 4190 3121 4246 τῆς
3182 4181 3462 4257 βασιλείας
3515 4177 3795 4254 ἐκϐληθή-

2149 4296 2349 4343 σονται,
2393 4299 2420 4326 ››
2454 4274 2623 4350 ἤγουν
2657 4273 2709 4328 οἱ
2734 4269 3012 4328 Ἰουδαῖοι.
3052 4271 3144 4332 Εἷς
3201 4273 3287 4340 τὸ,
3349 4300 3366 4321 α
3404 4275 3621 4343 Πνεῦμα
3669 4271 3791 4327 δου-

2149 4364 2319 4424 λείας.
2378 4389 2404 4413 ››
2463 4361 2684 4433 Ἐπειδὴ
2737 4363 2824 4417 καί
2886 4358 3141 4418 Ἰουδαῖοι
3189 4368 3288 4430 τῆς
3343 4363 3607 4424 υἱοθεσίας
3667 4383 3798 4436 μετ-

2147 4458 2433 4511 εποιοῦντο
2482 4459 2496 4520 (_
2549 4479 2571 4506 α
2635 4454 2789 4510 Υἱοὺς
2849 4454 2950 4528 γὰρ
3010 4452 3264 4526 ἐγέννησα
3320 4453 3410 4507 καὶ
3469 4451 3658 4528 ὕψωσα
3721 4454 3795 4528 υ),

2147 4542 2374 4599 δείκνυσι
2439 4537 2603 4596 πόσον
2661 4549 2760 4612 τῆς
2815 4541 3082 4617 ἡμετέρας
3143 4541 3412 4603 υἱοθεσίας
3471 4540 3558 4596 καὶ
3617 4542 3794 4596 αὐτῶν

388 4610 721 4688 differentia
751 4631 1085 4702 adoptionis
1135 4610 1352 4688 nostra:
1400 4651 1467 4690 ac
1512 4610 1750 4690 illorum
1786 4656 1800 4698 ;
1842 4641 1900 4689 et
1929 4635 2030 4701 ait,

2161 4635 2202 4688 τὸ
2231 4631 2510 4706 διάφορον.
2547 4631 2641 4686 Καί
2673 4651 2857 4700 φησιν,
2903 4630 2984 4685 ὅτι
3035 4631 3230 4686 ἐκεῖνοι
3279 4635 3490 4699 πνεῦμα
3539 4627 3791 4695 δουλείας

385 4723 541 4791 quod
576 4723 661 4776 illi
697 4722 970 4792 spiritum
1031 4724 1328 4780 servitutis
1369 4730 1742 4795 acceperant.
1777 4730 1918 4795 puta
1949 4724 2030 4778 le-

385 4826 535 4881 gem.
564 4818 843 4882 tanquam
880 4830 914 4866 ιι
944 4813 1156 4883 spiritu
1183 4813 1403 4872 datam.
1460 4814 1649 4885 magis
1681 4819 1878 4885 aptam
1911 4829 2033 4868 ser-

384 4900 488 4955 vis.
527 4901 749 4955 Etenim
787 4919 971 4972 pwnm
1008 4909 1220 4972 paratas
1255 4908 1424 4957 erant
1455 4903 1630 4958 etiam
1674 4903 2034 4974 corporales,

385 4989 779 5060 lapidationes
810 5009 876 5046 ac
912 4992 1085 5046 mina)
1111 5008 1159 5045 τα
1198 4992 1437 5046 Gladius
1465 4992 1772 5048 devorabit
1802 5009 1903 5048 vos
1935 4995 2036 5052 ³⁸.»

385 5085 442 5136 et
473 5081 547 5135 ob
579 5081 635 5134 id
667 5081 889 5136 multus
923 5082 1099 5137 timor
1121 5088 1245 5136 erat
1278 5099 1396 5153 pra)
1428 5082 1637 5138 oculis.
1664 5083 2037 5154 Rursumque

383 5171 628 5244 praemia
661 5177 894 5227 terrena
946 5178 1158 5227 erant:
1203 5193 1228 5219 ‹‹
1268 5171 1322 5226 Si
1381 5171 1692 5228 audieritis
1735 5189 1848 5237 me,
1883 5173 2039 5230 bona

380 5269 555 5321 terrae
586 5261 912 5316 comedetis
951 5260 1018 5314 ³³.
1078 5285 1102 5308 ιι
1148 5263 1358 5316 Nostra
1408 5277 1544 5316 vero
1605 5263 1851 5332 praemia
1900 5269 2039 5321 sunt

383 5353 541 5409 bona
571 5352 854 5417 coalestia,
889 5356 947 5405 et
989 5351 1251 5422 πηγειίοω
1302 5367 1522 5406 mensa)
1572 5354 2034 5410 communicatio

382 5447 666 5511 tauquam
699 5437 837 5495 ﬁliis
897 5440 1052 5496 data.
1093 5465 1111 5485 -
1150 5439 1497 5496 Cobmredes
1546 5457 1680 5497 vero
1731 5443 1966 5499 Christi.
2006 5467 2032 5493 η

382 5533 569 5603 Auget
598 5530 947 5600 dignitatem
982 5545 1237 5596 rursum,
1272 5546 1498 5603 nosque
1531 5532 1764 5588 Domini
1788 5535 2036 5605 propin-

381 5638 530 5694 quos
561 5627 818 5676 staluere
852 5619 1181 5674 contendit.

2143 4717 2340 4777 ἒλαϐον
2374 4722 2463 4776 τὸν
2505 4721 2694 4792 νόμον,
2755 4720 2828 4781 ὡς
2884 4719 3028 4795 παρὰ
3084 4723 3181 4774 τοῦ
3242 4718 3551 4792 ΙΙνεύματος
3610 4715 3790 4790 δουὶν,

2148 4809 2370 4874 δούλοις
2404 4808 2459 4865 δὲ
2512 4810 2748 4883 ἁρμόζον
2815 4805 3048 4880 μᾶλλον.
3103 4807 3203 4863 Καὶ
3259 4809 3360 4883 γὰρ
3419 4810 3474 4864 αἱ
3529 4811 3793 4886 τιμωρίαι

2147 4902 2289 4971 παρᾶ
2318 4897 2488 4962 πόδας
2537 4900 2626 4954 καὶ
2682 4899 3008 4970 σωματικαὶ,
3068 4895 3354 4970 λιθασμοὶ,
3392 4897 3498 4955 -καὶ
3552 4899 3791 4971 καόσεις,

2146 4994 2234 5048 καῖ
2269 4992 2512 5060 ἀπειλαὶ,
2551 5017 2576 5041 α
2617 4992 2876 5065 Μαχαιρα
2932 4991 3070 5060 ὑμᾶς
3123 4987 3422 5046 κατέδεται.
3461 5013 3489 5040 ››
3558 4991 3655 5046 Καὶ
3706 4989 3799 5048 διὰ

2144 5087 2308 5139 ταῦτα
2340 5081 2516 5143 πολὺς
2549 5082 2577 5135 ὁ
2607 5075 2776 5160 φόϐος
2808 5080 2913 5154 πρὸ
2973 5076 3296 5156 ὀφθαλμῶν,
3347 5078 3436 5134 καὶ
3486 5078 3552 5134 αὖ
3601 5080 3654 5136 οἱ
3705 5103 3800 5154 μι-

2148 5173 2266 5237 σθοὶ
2299 5170 2549 5246 ἐπίγειοι,
2581 5194 2606 5220 α
2636 5171 2756 5226 Ἐὰν
2815 5167 3168 5238 εἷσακούστ,τέ
3221 5190 3331 5242 μου
3376 5171 3442 5222 τὰ
3486 5169 3658 5244 ἀγαθὰ
3693 5176 3796 5241 τῆς

2145 5269 2246 5336 γῆς
2302 5261 2555 5338 φάγεσθε.
2617 5281 2645 5310 ››
2694 5259 2882 5331 ῚῘμῶν
2943 5255 2999 5312 δὲ
3058 5259 3109 5311 0".
3172 5257 3356 5331 μισθοὶ
3448 5259 3516 5314 τὰ
3575 5259 3795 5336 οὐράνια

2145 5351 2453 5431 ἀγαθὴν.αέ
2489 5353 2523 5420 ἡ
2557 5351 2656 5416 τῆς
2719 5355 2985 5421 μυστικῆς
3039 5349 3314 5422 τραπέζης
3375 5350 3450 5413 ὡς
3494 5350 3636 5411 υἱοῖς
3685 5369 3794 5404 κοι-

2142 5441 2323 5498 νωνία.
2361 5465 2389 5491 ‹‹
2438 5437 2899 5512 Κυγκληρονόμοι
2956 5433 3013 5493 δὲ
3065 5441 3320 5512 Χροστοῦ.
3352 5464 3378 5490 υ
3432 5438 3598 5495 Πάλιν
3652 5433 3797 5508 αὔξει

2143 5530 2204 5588 τὸ
2247 5529 2485 5603 ἀξίωμα,
2543 5527 2634 5582 καὶ
2694 5523 2998 5604 ιμλονεικεῖ
3046 5525 3206 5603 ἐγγὺς
3263 5529 3412 5602 ἡμᾶς
3466 5535 3659 5597 στῆσαι
3694 5529 3794 5583 τοῦ

2145 5619 2438 5679 Δεσπότου.

453 5718 498 5756 ³⁷
529 5719 730 5780 Matth.
765 5735 839 5789 vx,
871 5721 921 5775 9.
956 5719 999 5754 ³⁸
1032 5719 1240 5777 Matth.
1274 5737 1389 5792 nl,
1421 5722 1510 5777 41.
1545 5718 1592 5756 ³ο
1622 5720 1823 5779 Matth.
1867 5739 1984 5792 vni,
2019 5727 2107 5795 l2,
2136 5722 2184 5761 3°
2203 5724 2313 5780 Isa.
2349 5739 2388 5794 ι,
2418 5722 2472 5778 2.
2506 5719 2549 5757 ³¹
2574 5717 2720 5780 ibid:
2753 5721 2842 5779 20.
2875 5717 2921 5765 '92
2949 5715 3096 5776 ibid».
3130 5717 3216 5775 10.
