4222 6194
394 354 514 417 481

1009 486 1274 540 ΚΕΦΑΛ.
1335 483 1429 539 Il”.

400 567 760 646 Επανάλῃψις
832 568 958 644 περὶ
1032 577 1130 639 τῆς
1156 567 1571 696 ᾑόάποκειμίνης
1655 576 1773 632 τοῖς
1872 569 2049 646 ἁγίοις

1152 659 1179 696 0
1218 663 1337 712 ςγ,ς,

471 729 640 805 Εῗπερ
710 731 1135 807 συμπίσχομεν,
1240 727 1337 785 ἵνα
1414 731 1503 786 καὶ
1587 728 2051 801 συνδοξασθῶμεν.

398 819 711 896 Λογίζομαι
740 821 845 895 γὰρ
886 819 972 875 ὅτι
1029 821 1129 875 οὐκ
1167 818 1291 890 ἄξια
1346 820 1415 875 τὰ
1463 821 1758 892 παθήματα
1813 823 1910 875 τοῦ
1965 823 2054 874 νῦν

397 913 592 982 καιροῦ
660 909 797 982 πρὸς
878 911 979 974 τῆν
1042 908 1354 981 μέλλουσαν
1443 906 1598 979 διῖξαν
1655 906 2050 987 ἀποκαλυφθῆ-

396 1019 480 1055 ναι
539 997 616 1060 είς
675 999 846 1072 ἡμᾶς.
903 999 968 1055 Ἦ
1034 999 1136 1075 γὰρ
1193 996 1607 1067 ἀποκαραδοκία
1658 1006 1761 1067 τῆς
1826 998 2053 1058 κτίσεως

397 1090 502 1157 τὴν
582 1085 929 1163 ἀποκάλυψιν
989 1092 1098 1143 τῶν
1159 1088 1289 1143 υἱῶν
1333 1094 1431 1144 τοῦ
1528 1092 1662 1144 θεοῦ
1755 1084 2051 1160 ἀπεκδέχεο

396 1197 506 1234 ται.
564 1179 649 1251 Τῇ
707 1177 809 1252 γὰρ
871 1178 1195 1249 ματαιοῖτητι
1273 1180 1307 1247 ἡ
1384 1176 1557 1238 κτίσις
1600 1177 1866 1251 ὑπετάγη,
1944 1176 2053 1250 οὐχ

397 1267 617 1333 ἑκοῦσα,
640 1265 788 1321 ἀλλὰ
819 1263 908 1321 διὰ
936 1268 1027 1321 τὸν
1061 1267 1414 1338 ὑποτ.’ξαντα·
1454 1266 1535 1322 ἰπ’
1578 1262 1783 1327 ἐλπίδι,
1835 1265 1919 1321 ὅτι
1959 1264 2049 1320 καὶ

395 1356 534 1424 αὖτή
567 1357 602 1425 ἡ
632 1355 807 1420 κτίσις
837 1354 1330 1431 ἐλευθερωθήσεται
1376 1357 1480 1411 ἀπὸ
1531 1363 1632 1424 τῆς
1671 1352 1922 1416 δουλείας
1954 1361 2053 1423 τῆς

397 1447 600 1523 φθορᾶς
632 1444 710 1508 εἷς
740 1447 840 1515 τήν
870 1444 1179 1519 ἐλευθερίαν
1206 1454 1307 1515 τῆς
1350 1444 1511 1517 δόξης
1557 1450 1668 1501 τῶν
1723 1443 1924 1500 τέκιων
1953 1448 2052 1500 τοῦ

396 1532 554 1591 Θεοῦ.

465 1625 581 1681 ἰνα
616 1625 693 1697 μὴ
750 1623 1118 1700 ῥᾳθυμότεροι
1174 1624 1238 1680 τὸ
1288 1629 1390 1680 πᾶν
1446 1621 1673 1699 χάριτος
1730 1623 1867 1678 εἶναι
1901 1622 2057 1698 λογι-

394 1715 619 1788 ζόμενοι
662 1715 970 1788 γενώμεθα,
1024 1712 1244 1770 ἀπαιτεῖ
1296 1713 1387 1769 καὶ
1444 1714 1513 1770 τὰ
1549 1715 1677 1789 παρ’
1734 1715 1917 1786 ἡμῶν.
1994 1712 2055 1767 Εἰ

395 1804 503 1881 γὰρ
561 1801 617 1859 ἓν
674 1808 793 1865 τοῖς
849 1801 1141 1874 λυπηροῖς,
1185 1802 1341 1880 φησὶ,
1398 1805 1827 1875 κοινωνήσομεν,
1877 1801 1968 1858 καὶ
1998 1800 2050 1857 ἐν

397 1899 516 1957 τοῖς
546 1893 838 1964 χρηστοῖς,
880 1918 907 1945 ι(
947 1894 1252 1967 Παθήματα
1290 1896 1388 1947 τοῦ
1425 1897 1517 1947 νῦν
1558 1896 1749 1966 καιροῦ
1778 1893 1915 1967 πρὸς
1946 1892 2045 1961 τήν

402 1981 714 2057 μέλλουσαν
739 1980 916 2055 δόξαν.
936 2006 965 2034 υ
996 1982 1071 2038 Τὸ
1101 1981 1433 2055 πρόσκαιρον
1452 1986 1558 2035 τῶν
1585 1984 1925 2055 παθημάτων
1948 1978 2045 2051 δη-

398 2069 493 2127 λοῖ
532 2069 622 2127 διὰ
650 2075 748 2126 τοῦ
777 2074 868 2125 νῦν
897 2074 1111 2146 καιροῦ.
1154 2070 1286 2127 Εἶτα
1321 2067 1552 2126 δείκνυσι
1579 2072 1641 2124 τὸ
1672 2067 1802 2125 ὃλον
1851 2065 2045 2144 σχεδὸν

395 2170 495 2231 τῆς
555 2162 785 2237 χάριτος
832 2160 914 2231 ὅν,
985 2158 1074 2216 διὰ
1110 2162 1173 2216 τὸ
1229 2164 1379 2231 νικᾷν
1432 2167 1553 2223 ταῖς
1612 2157 1911 2216 ἀντιδόσεσι
1954 2161 2047 2216 τὸν

395 2250 549 2316 Θεὸν,
591 2250 681 2306 καὶ
715 2250 797 2305 ὅτι
837 2250 936 2305 οὐκ
975 2249 1238 2326 ίσχόομεν
1268 2247 1413 2321 ἄξιόν
1470 2271 1525 2305 τι
1587 2257 1687 2318 τῆς
1741 2248 1850 2307 ἐκεῖ
1901 2249 2048 2304 ἀντι-

396 2337 599 2401 δόσεως
631 2342 820 2396 παθεῖν
876 2336 911 2408 ἤ
974 2341 1396 2416 συνεισενεγκαι.
1467 2363 1496 2391 ι(
1559 2336 2047 2411 Ἀποκαλυφθῆναι

401 2428 476 2490 εἷς
510 2430 681 2503 ἡμᾶς.
720 2455 740 2478 ι
804 2426 1001 2491 Καλῶς
1066 2429 1128 2484 τὸ
1184 2428 1658 2508 ἀποκαλυφθῆναι.
1737 2429 1889 2484 Ἔστι
1947 2428 2050 2503 γὰρ

403 2516 492 2572 καὶ
550 2522 665 2585 νῦν,
720 2515 869 2575 ἀλλά
927 2516 1245 2594 κέκρυπται.
1279 2545 1304 2571 «
1346 2520 1406 2575 Ἣ
1469 2519 1573 2596 γὰρ
1647 2516 2053 2594 ἀποκαραδοκία

395 2609 494 2670 τῆς
540 2607 786 2669 κτίσεως.
860 2631 888 2660 ››
940 2609 1074 2666 Οἷον
1128 2612 1164 2678 ἡ
1224 2608 1579 2683 ἐπιτεταμὲνη
1674 2608 1765 2663 καὶ
1844 2606 2054 2684 σφοδρὰ

405 2693 727 2771 προσδοκία.
784 2699 854 2754 ’Ὀ
913 2694 970 2752 δὲ
1027 2699 1178 2776 Λέγει
1230 2698 1480 2753 τοιοῦτόν
1536 2698 1667 2752 ἐστι’
1731 2698 1827 2752 Καὶ
1888 2696 2051 2767 αὐτὴ,

402 2786 589 2865 φησὶν,
658 2788 693 2855 ἡ
742 2786 916 2849 κτίσις
985 2785 1193 2866 σφόδρα
1249 2783 1528 2863 προσδοκᾷ
1592 2787 1690 2855 τήν
1740 2784 2048 2858 μέλλουσαν

404 2877 565 2949 ἡμῶν
605 2873 784 2946 δόξαν.
825 2877 922 2933 Διὰ
943 2876 996 2932 τί
1032 2895 1046 2946 ;
1079 2880 1414 2955 Ἄφθαρτος,
1440 2877 1596 2953 φησὶ,
1635 2873 2052 2944 πλασθεῖσα,διὰ

401 2964 497 3028 τὰς
533 2969 641 3020 τῶν
673 2966 974 3041 ἀνθρώπων
1019 2966 1303 3041 ἁμαρτίας,
1364 2967 1575 3045 φθαρτή
1635 2966 1877 3040 γέγονεν,
1936 2964 2052 3025 ἐπεὶ

398 3054 487 3109 καὶ
543 3055 733 3128 ἡμεῖς,
793 3053 844 3126 ἐξ
896 3054 1183 3134 ἀφθάρτων
1235 3054 1467 3129 φθαρτοὶ
1525 3055 1845 3130 γεγόναμεν.
1909 3054 2049 3112 Βοό-

396 3141 547 3198 λεται
609 3144 701 3199 οὗν
759 3146 794 3213 ἡ
854 3144 1053 3211 κτίσις,
1111 3142 1269 3217 φησὶ,
1335 3143 1465 3205 τοὺς
1540 3143 1863 3217 ἀνθρώπους
1948 3145 2049 3214 τήν

1483 344 1903 415 COMMENT.
1952 349 2029 411 IN
2068 348 2331 413 ‘EPIST.
2380 352 2485 413 AD
2529 350 2724 414 80M.

2080 502 2129 560 Α

3703 359 3822 427 482

2691 485 2844 542 808
2882 485 3115 542 CAPUT
3142 486 3286 543 XIII.

2157 574 2428 644 Repetitio
2458 575 2525 631 de
2570 578 2757 645 gratia
2786 577 2904 644 Dei,
2967 592 3089 647 quae
3142 579 3344 633 sanctis
3408 580 3653 648 reposita
3709 585 3820 636 est-

2228 737 2376 803 VllI,
2416 741 2478 792 l7
2511 740 2598 792 2|.
2624 739 2906 809 Siquidm
2925 742 3293 810 compatimur
3321 748 3383 796 ut
3415 747 3468 797 et
3490 742 3821 811 congloriﬁ-

2155 842 2354 881 cemur.
2401 828 2671 883 Existimo
2701 827 2845 883 enim
2874 845 2983 884 non
3007 845 3115 884 esse
3142 830 3439 899 ronrlignas
3469 831 3813 902 afﬂictiones

2150 916 2435 982 praesentis
2467 918 2721 983 temporis
2751 916 2819 969 ad
2846 920 3096 984 futuram
3138 919 3397 987 gloriam.
3438 934 3566 991 qua?
3595 919 3810 975 revela-

2156 1001 2307 1056 bitur
2336 1019 2467 1071 erga
2495 1019 2609 1059 nos.
2670 1006 2890 1059 Etenim
2942 1005 3118 1060 anxia
3149 1010 3484 1076 exspectatio
3539 1016 3812 1064 creaturae

2150 1092 2539 1147 reuelationem
2567 1094 2809 1161 ﬁliorum
2840 1095 2936 1148 Dei
2964 1102 3259 1163 exspectat.
3310 1098 3523 1166 Quippe
3568 1100 3808 1153 vanitati

2151 1180 2396 1251 subjecta
2426 1188 2502 1236 est
2559 1188 2829 1249 creatura,
2885 1198 2995 1236 non
3024 1184 3225 1243 volens.
3274 1186 3364 1239 sed
3414 1193 3645 1255 propter
3687 1203 3808 1243 eum

2155 1270 2501 1340 quisubjecit
2534 1274 2708 1340 ipsam
2739 1274 2795 1325 in
2824 1288 2938 1341 spe.
2988 1274 3260 1339 Quoniam
3303 1279 3353 1328 et
3400 1276 3522 1344 ipsa
3553 1284 3813 1331 creatura

2157 1357 2486 1413 liberabitur
2514 1376 2547 1413 a
2574 1366 2833 1415 serutute
2858 1364 3247 1431 corruptionis,
3282 1365 3339 1417 in
3368 1366 3545 1434 ipsam
3579 1363 3815 1419 liberta-

2159 1454 2263 1502 tem
2291 1448 2540 1515 ﬁliorum
2566 1449 2676 1503 Dei.

2232 1628 2312 1682 Ne
2344 1626 2644 1700 segniores
2677 1627 2998 1683 reddamur
3027 1628 3382 1686 arbitrantes
3413 1646 3589 1687 omne
3621 1648 3771 1706 nego
3792 1665 3813 1675 -

2161 1716 2311 1770 tium
2343 1731 2471 1771 esse
2499 1717 2724 1788 gratiae,
2757 1718 2938 1789 exigit
2985 1719 3163 1774 etiam
3211 1736 3342 1791 quae
3373 1737 3407 1776 a
3437 1720 3611 1777 nobis
3645 1728 3805 1780 sunt.

2163 1807 2306 1861 Nam
2339 1805 2387 1861 si
2419 1805 2481 1860 in
2526 1807 2812 1874 tristibus,
2871 1807 3087 1879 inquit.
3146 1809 3806 1880 communicaverimus,

2158 1895 2381 1966 pariter
2410 1900 2469 1950 et
2498 1895 2559 1950 in
2587 1895 2917 1952 commodis
2976 1898 3294 1968 participes
3353 1899 3595 1955 erimus.
3654 1921 3677 1949 κ
3716 1900 3810 1956 Af-

2153 1985 2450 2041 ﬂictiones
2472 1986 2783 2056 praesentis
2814 1988 3183 2059 temporisad
3206 1987 3465 2045 futuram
3487 1991 3802 2062 gratiam.»

2153 2074 2669 2145 Temporalitatem
2683 2091 2751 2130 ac.
2763 2074 2999 2131 brevem
3014 2065 3389 2134 durationem
3406 2078 3800 2136 afflictionum

2155 2163 2451 2236 significat
2480 2180 2586 2235 per
2616 2164 2726 2219 hoc
2757 2164 2915 2236 quod
2944 2166 3064 2221 ait:
3100 2169 3195 2219 105
3226 2170 3317 2219 νῦν
3359 2166 3572 2240 καιρόν,
3596 2167 3656 2224 id
3689 2176 3808 2237 est,

2154 2252 2467 2323 prmsentis
2514 2252 2826 2323 temporis.
2868 2254 3089 2309 Deinde
3130 2254 3392 2310 ostendit
3424 2261 3613 2312 totum
3646 2272 3805 2328 pene

2156 2340 2358 2410 gratia:
2391 2356 2520 2397 esse
2563 2356 2635 2396 ex
2664 2358 2732 2397 eo
2792 2342 2950 2414 quod
2982 2344 3134 2400 Deus
3174 2344 3579 2401 abundantior
3608 2347 3686 2402 sit
3735 2347 3798 2402 in

2159 2430 2651 2486 retributionibus
2686 2448 2698 2486 :
2733 2448 2841 2487 nec
2880 2448 3195 2504 possumus
3232 2434 3558 2507 quidquam
3606 2436 3804 2493 futura

2158 2518 2550 2576 retributione
2581 2519 2942 2594 condignum
2975 2522 3213 2594 autpati
3236 2531 3339 2578 aut
3377 2523 3451 2579 ad
3474 2525 3641 2581 illam
3674 2542 3810 2582 con-

2158 2608 2334 2664 ferre.
2372 2632 2397 2658 ‹‹
2430 2610 2568 2675 Qum
2602 2609 2957 2665 revelabitur
2990 2627 3129 2684 erga
3177 2628 3305 2667 nos.
3343 2635 3370 2662 ››
3402 2614 3559 2670 Bene
3591 2616 3812 2672 revela-

2159 2697 2321 2753 bitur
2347 2698 2466 2755 sive
2499 2698 3063 2770 detegetur.Etenim
3096 2717 3256 2755 nunc
3287 2718 3522 2773 quoque
3555 2710 3664 2767 est,
3701 2703 3807 2759 sed

2159 2787 2412 2843 occulta.
2439 2810 2467 2837 ‹‹
2502 2787 2690 2842 Anxia
2712 2788 3069 2858 exspectatio
3093 2796 3398 2845 creaturis.
3430 2812 3458 2839 ››
3490 2792 3809 2863 Exspecta-

2160 2877 2318 2931 tione
2343 2882 2668 2947 exspectat,
2719 2876 2821 2943 ait,
2856 2883 3140 2946 tanquam
3172 2877 3409 2932 intenso
3439 2880 3809 2935 vehementi-

2159 2981 2272 3036 que
2305 2964 2622 3021 desiderio.
2650 2966 2750 3020 Est
2799 2971 2998 3020 autem
3030 2967 3188 3037 quod
3236 2966 3380 3021 dicit
3436 2968 3804 3037 huiusmodi.

2158 3056 2292 3126 Ipsa
2321 3070 2559 3125 quoque
2582 3059 2852 3109 creatura
2871 3059 3135 3109 nostram
3157 3055 3403 3127 gloriam
3426 3057 3809 3114 vehementer

2161 3148 2483 3215 exspectat.
2518 3142 3237 3215 Quare‘anorruptibiIis,
3283 3145 3497 3216 inquit,
3530 3146 3805 3217 formata,

395 3232 689 3309 ἀφθαρσίαν
714 3226 1015 3288 ἀπολαϐεῖν
1041 3228 1210 3305 (ἔσται
1241 3229 1298 3287 δὲ
1363 3231 1525 3286 τοῦτο
1584 3230 1637 3286 ἐν
1698 3235 1767 3305 τῇ
1823 3231 2046 3287 ἀνασταὶ⁸

2163 3240 2406 3307 propter
2436 3239 2678 3305 peccata
2709 3233 3018 3288 hominum
3047 3234 3203 3290 facta
3233 3241 3322 3291 est
3352 3236 3759 3308 corruptibilis
3790 3255 3805 3293 :

397 3323 517 3391 σει),
544 3319 640 3375 ’ίνκ
695 3320 789 3377 καὶ
845 3322 983 3391 αὐτή
1024 3322 1124 3391 τήν
1185 3319 1387 3377 οίκείαν
1444 3320 1741 3397 ἀφθαρσίαν
1772 3315 2048 3395 ἀπολάϐῃ.

393 3411 501 3466 Τοὖ
528 3411 632 3486 γὰρ
671 3411 962 3485 ἀνθρώπου
993 3407 1061 3466 δι’
1093 3410 1150 3466 δν
1191 3412 1381 3486 γέγονε
1420 3410 1630 3487 φθαρτή
1688 3410 1788 3478 τήν
1846 3412 2050 3489 ἀιρθαρ-

392 3500 509 3554 σίαν
539 3494 1051 3574 ἀπολαμϐάνοντος,
1104 3500 1194 3555 καὶ
1225 3499 1361 3569 αὖτή
1421 3500 1520 3566 τήν
1589 3498 1791 3554 οῗκείαν
1846 3500 2051 3575 ἀερθαρ-

395 3588 512 3643 σίαν
547 3590 1012 3664 συναποληψεται.
1047 3588 1478 3665 ΙΙροσωποποιία
1510 3585 1568 3643 δέ
1625 3587 1736 3643 ἐστι
1802 3588 1866 3644 τὸ
1924 3592 2044 3658 πᾶν,

392 3680 479 3734 ἳνα
508 3701 568 3736 τε
597 3685 703 3736 τῶν
736 3682 955 3755 ἀγαθῶν
983 3682 1081 3748 τήν
1114 3673 1426 3754 ὑπερϐολήν
1485 3674 1738 3753 δηλώσῃ,
1796 3678 1887 3733 καὶ
1951 3676 2047 3732 ’ίνα

396 3766 543 3846 δείξῃ
585 3772 667 3825 δτι
716 3773 879 3845 ἡμεῖς
946 3767 1159 3844 μᾶλλον
1216 3766 1512 3848 ὀφείλομεν
1570 3764 1892 3838 σπουδαζειν
1941 3775 2044 3839 τῆς

392 3860 652 3929 τοιαύτης
685 3856 846 3930 δόξης
875 3862 962 3914 καί
994 3859 1290 3936 ἀφθαρσίας
1311 3857 1586 3933 ἐπιτυχεῖν
1614 3854 1754 3931 ἢπερ
1786 3859 1820 3926 ἡ
1847 3858 2041 3921 κτίσις.

393 3950 546 4009 Ἐπεὶ
591 3952 666 4026 μὴ
699 3951 893 4024 νόμιζε
920 3952 1020 4018 τὴν
1056 3950 1267 4026 ἂψυχον
1295 3949 1388 4007 καὶ
1418 3949 1743 4022 ἀναίσθητον
1776 3948 1949 4006 κτίσιν
1977 3950 2044 4006 τὰ

387 4045 612 4096 τοιαῦτα
652 4037 959 4113 προσδοκᾷ-ι
999 4040 1035 4110 ἢ
1069 4039 1436 4104 αἴσθιὶνεσθαι.
2000 4052 2005 4056 ’

2165 3321 2649 3394 quandoquidem
2690 3327 2749 3377 et
2804 3338 2913 3376 nos
2968 3338 3039 3377 ex
3096 3323 3609 3396 incorruptibilius
3667 3328 3808 3382 facti

2168 3430 2374 3469 sumus
2388 3411 3217 3483 corruptibiles.Cupititaque
3240 3420 3508 3469 creatura
3530 3415 3806 3473 homines

2160 3502 2462 3573 suscipere
2493 3500 3000 3556 immortalitatem
3038 3502 3221 3573 (quod
3256 3502 3317 3557 in
3370 3506 3807 3561 resurrectione

2159 3592 2291 3663 erit)
2324 3599 2389 3646 ut
2444 3591 2660 3662 etipsa
2717 3606 2887 3646 suam
2963 3590 3216 3662 accipiat
3273 3592 3806 3651 immortalitatem.

2157 3683 2302 3737 Nam
2333 3681 2577 3736 homine
2608 3686 2851 3752 propter
2881 3697 3059 3751 quem
3090 3680 3247 3737 facta
3272 3689 3363 3738 est
3403 3686 3809 3757 corruptibilis

2155 3772 2665 3828 immortalitatem
2699 3771 3223 3844 suscipiente.ipsa
3237 3789 3472 3844 quoque
3497 3791 3616 3831 una
3637 3793 3806 3832 suam

2155 3861 3165 3934 accipietimmortalitatem.Totum
3179 3867 3375 3915 autem
3391 3865 3801 3936 prosopopmia

2155 3950 2330 4009 estid
2360 3956 2469 4018 est,
2502 3966 2770 4022 personae
2801 3951 3054 4011 affectio.
3081 3966 3198 4019 quo
3228 3948 3522 4006 bonorum
3552 3952 3803 4010 demon-

2157 4046 2304 4097 stret
2333 4038 2806 4111 magnitudinem
2838 4038 2991 4092 809
3024 4042 3204 4107 utque
3236 4039 3513 4095 ostendat
3541 4057 3651 4098 nos
3692 4060 3797 4114 p0-

387 4132 508 4187 tius
537 4130 727 4187 adniti
757 4131 994 4193 debere.
1026 4138 1093 4186 ut
1123 4131 1469 4200 hujusmodi
1491 4131 1744 4204 gloriam
1765 4147 1833 4187 ac
1878 4130 2389 4188 immortalitatem
2447 4142 2858 4199 assequamur,
2917 4141 3095 4197 quam
3144 4126 3272 4197 ipsa
3330 4136 3618 4187 creatura.
3680 4131 3797 4189 Nec

390 4220 547 4276 enim
582 4221 845 4293 opineris
879 4221 1186 4276 inanimen
1215 4237 1282 4278 ac
1308 4220 1721 4276 insensibilem
1747 4228 2082 4277 creaturam
2115 4220 2258 4275 talia
2289 4223 2632 4289 exspectare
2665 4214 2756 4270 vel
2788 4214 3032 4271 sentire.

463 4309 630 4377 «Τὴν
688 4306 1062 4383 ἀποκάλυψιν.
1124 4332 1154 4361 ››
1213 4309 1285 4367 Τὸ
1368 4307 1549 4372 τέλος,
1608 4307 1731 4363 ὅταν
1795 4307 2044 4381 μέλλωσι

393 4393 723 4465 δείκνυσθαι,
760 4397 913 4462 πίνες
950 4399 1060 4453 υἱοὶ
1100 4402 1254 4461 Θεοῦ,
1285 4399 1375 4453 καὶ
1400 4397 1538 4460 τίνες
1594 4397 1702 4452 υἱοὶ
1758 4391 2041 4452 διαϐόλου.

393 4508 421 4537 ιι
456 4487 540 4559 Τῇ
571 4486 671 4561 γὰρ
707 4488 1032 4563 ματαιότητι
1066 4490 1101 4558 ἡ
1168 4488 1345 4551 κτίσις
1402 4486 1664 4562 ὑπετάγη.
1703 4510 1730 4537 n
1788 4488 1945 4559 Οἷον,
1976 4490 2044 4560 τῇ

390 4576 585 4651 φθορᾷ.
616 4577 794 4632 Τοῦτο
821 4577 924 4652 γὰρ
986 4577 1302 4652 κατεκρίθη,
1371 4574 1460 4633 διὰ
1524 4578 1619 4640 τὰς
1652 4579 1809 4649 ἡμῶν
1865 4577 2041 4649 ἀμαρ-

390 4663 534 4725 τίας.
569 4689 598 4715 α
632 4664 756 4741 Οὐχ
787 4666 1005 4733 ἑκοῦσα,
1046 4665 1193 4722 ἀλλὰ
1259 4664 1349 4721 διὰ
1402 4666 1495 4723 τὸν
1554 4666 1890 4736 ὑποτάξαντα
1948 4662 2043 4720 ἐλ-

392 4749 536 4810 πίδι.
573 4778 600 4807 ››
632 4756 745 4824 Τῆς
774 4760 871 4810 τοῦ
929 4757 1163 4830 Χριστοῦ
1212 4753 1517 4829 δυνάμεως,
1560 4755 1716 4834 φησὶ,
1776 4760 1942 4811 τοῦτο
1980 4754 2043 4809 τὸ

390 4834 574 4919 ἔργον,
637 4843 701 4899 τὸ
756 4843 848 4901 καὶ
908 4842 1137 4900 ἄκουσαν
1198 4844 1452 4917 ὑποτάξαι
1530 4843 1610 4899 ἐπ’
1670 4841 1876 4902 ἐλπίδι.
1942 4842 2043 4899 Καὶ

398 4930 535 5001 αὐτὴ
567 4933 693 5009 γὰρ,
728 4932 884 5012 φησὶ,
913 4933 1013 5002 τήν
1075 4932 1402 5009 ἀπαλλαγὴν
1460 4931 1688 5005 ἐλπίζει·
1747 4931 1829 4989 ἐπ’
1861 4930 2044 4989 ἐλπίδι

395 5018 485 5075 οὖν
514 5020 849 5101 ἀπαλλαγῆς
894 5022 1152 5098 ὑπετάγη.
1190 5024 1393 5078 Λοιπὸν
1450 5021 1636 5078 ἑαυτὸν
1692 5021 2043 5099 ἐφερμηνεῦει

388 5114 503 5172 πῶς
536 5108 744 5181 ἐλπίδι,
785 5113 868 5168 δτι
901 5113 989 5169 καὶ
1026 5112 1167 5181 αὖτή
1230 5113 1264 5181 ἡ
1322 5111 1494 5172 κτίσις
1529 5108 2041 5185 ἐλευθερωθήσεται.

389 5222 416 5250 ι(
448 5201 574 5255 ηιὶτι
603 5201 695 5257 καὶ
735 5200 872 5269 αὐτὴ
910 5204 943 5269 ἡ
988 5199 1162 5263 κτίσις
1225 5200 1719 5270 ἐλευίιεσωίΜσεται
1777 5198 1884 5255 ἀπὸ
1942 5206 2043 5269 τῆς

386 5284 642 5352 δουλείας
669 5297 769 5359 τῆς
801 5292 1024 5367 φθορᾶς.
1058 5290 1134 5352 εἷς
1164 5291 1261 5358 τὴν
1298 5288 1606 5364 ἐλευθερίαν
1639 5296 1737 5357 τῆς
1790 5286 1973 5358 δόξης.
2012 5312 2039 5340 υ

392 5376 482 5438 Εἰς
513 5380 612 5445 τὴν
644 5376 973 5453 ἐλευθερίαν,
1006 5381 1146 5443 οἷον,
1182 5376 1270 5433 διὰ
1334 5375 1644 5447 ἐλευθερίαν
1694 5385 1793 5447 τῆς
1852 5375 2037 5448 δόξης,

388 5467 631 5524 τουτέστι
656 5465 728 5523 δι’
756 5471 903 5542 ἡμᾶς
932 5466 1077 5524 ἔσται
1109 5468 1198 5523 καί
1247 5470 1281 5538 ἠ
1339 5468 1513 5529 κτίσις
1564 5465 1826 5544 ἅφθαρτο,
1861 5465 2043 5543 ὥσπερ

388 5557 475 5613 καί
513 5556 584 5613 δι’
639 5558 788 5632 ἡμᾶς
842 5562 1027 5638 γεγονε
1085 5558 1318 5634 φθαρτή.
1378 5590 1448 5600 —
1516 5558 2043 5632 [OIKOI‘MENIOI‘]

384 5647 456 5708 ’Ἦ
510 5648 596 5718 τὸ,
657 5648 734 5712 τίς
786 5652 889 5721 τὴν
988 5648 1317 5729 ἃλευθερίαν·
1380 5645 1568 5722 δηλοῖ,
1627 5646 1903 5707 τουτᾶστιν
1965 5646 2043 5712 εἰς

2228 4331 2255 4357 ι(
2292 4305 2739 4379 Regulationem
2760 4326 2786 4355 ιι
2822 4304 2934 4360 hoc
2964 4307 3505 4378 est.perfectionem
3528 4308 3801 4375 finalem,

2156 4411 2290 4452 cum
2321 4392 2768 4450 demonstrandi
2802 4400 2942 4448 sunt
2971 4396 3211 4465 quidam
3245 4412 3373 4452 esse
3406 4397 3509 4451 filii
3538 4398 3797 4468 Dei,qui-

2155 4485 2291 4541 dam
2325 4490 2523 4540 autem
2557 4483 2663 4538 ﬁlii
2695 4482 2936 4539 diaboli.
2971 4507 2999 4534 ‹‹
3042 4484 3289 4540 Vanitati
3323 4486 3590 4555 subjecta
3621 4494 3729 4541 est.
3768 4508 3795 4535 »

2157 4575 2276 4631 Hoc
2307 4572 2813 4644 est,corruptioni,
2846 4572 2918 4628 ad
2951 4573 3063 4628 hoc
3094 4573 3252 4628 enim
3283 4574 3678 4631 condemnata
3709 4580 3799 4630 est

2154 4669 2395 4736 propter
2417 4668 2620 4718 nostra
2650 4668 2907 4733 peccata.
2943 4686 2969 4711 ‹‹
3004 4664 3129 4719 Non
3161 4663 3383 4731 volens,
3418 4664 3521 4719 sed
3551 4673 3797 4737 propter

2155 4769 2291 4809 eum
2323 4752 2424 4824 qui
2456 4751 2712 4821 subjecit
2741 4751 2929 4823 ipsam
2962 4752 3022 4806 in
3054 4768 3155 4823 spe
3224 4776 3243 4800 ι
3281 4753 3516 4813 Christi.
3579 4755 3795 4826 inquit,

2154 4843 2385 4898 virtutis
2415 4842 2527 4898 hoc
2559 4848 2648 4898 est
2676 4857 2848 4913 Opus,
2888 4842 3065 4896 etiam
3123 4842 3367 4897 invitam
3413 4842 3707 4914 subjicere
3740 4845 3804 4900 in

2155 4949 2427 5006 speznam
2456 4939 2513 4989 et
2538 4932 2668 5004 ipsa
2697 4930 3109 4988 liberationem
3159 4940 3359 5004 sperat
3389 4951 3403 5002 ;
3434 4933 3497 4990 in
3528 4951 3629 5009 spe
3663 4951 3800 5004 ergo

2154 5021 2525 5080 liberationis
2552 5021 2821 5091 subjecta
2851 5021 3190 5078 est.lieinde
3215 5023 3478 5095 seipsum
3511 5024 3800 5098 interpre«

2154 5119 2313 5170 tatur
2342 5109 2638 5182 quomodo
2673 5110 2731 5163 in
2764 5125 2919 5181 spe.«
2942 5109 3081 5164 Nam
3117 5117 3175 5165 et
3204 5112 3334 5181 ipsa
3362 5120 3635 5170 creatura
3657 5114 3799 5169 libe-

2154 5201 2382 5255 rabitur
2411 5198 2738 5253 aservitute
2757 5199 3156 5269 corruptionis
3180 5201 3236 5255 in
3255 5201 3444 5271 ipsam
3459 5202 3795 5260 libertatem

2153 5288 2375 5362 gloriae.
2420 5310 2448 5337 ››
2483 5290 2561 5342 Ac
2594 5288 2641 5342 si
2702 5288 2860 5343 dicat
2894 5304 2907 5343 :
2942 5290 3190 5361 Propter
3242 5291 3573 5346 libertatem
3610 5294 3794 5363 ipsam

2154 5378 2377 5449 gloria}.
2409 5376 2520 5432 hoc
2551 5384 2657 5438 est,
2694 5385 2935 5449 prapter
2971 5394 3080 5433 nos
3114 5379 3228 5432 erit
3250 5389 3523 5437 creatura
3554 5381 3801 5436 immor-

2154 5469 2290 5524 talis
2327 5468 2481 5524 sicut
2504 5474 2563 5522 et
2586 5474 2828 5538 propter
2852 5486 2960 5524 nos
2994 5461 3249 5524 factaest
3270 5472 3556 5527 mortalis.
3634 5469 3800 5537 Quod

2154 5557 2372 5615 dicitur
2402 5575 2477 5618 εις
2512 5557 2609 5623 τήν
2668 5551 3004 5628 ἐλευθεριαν,
3066 5559 3126 5612 in
3187 5558 3378 5629 ipsam
3438 5560 3798 5623 libertatem,

2153 5665 2369 5722 nempe
2398 5663 2533 5704 cum
2564 5645 3139 5722 articulo,signiﬁcat
3167 5648 3325 5721 quod
3359 5650 3417 5704 in
3450 5646 3803 5703 eamdemli-
