4222 6194
435 337 550 395 J87

1569 321 1985 388 GCUMENII
2027 321 2336 386 ΤΒ.Ῑῦῧῶ
2370 315 2760 388 ΕΡΙΕΟΟΡῙ.

3727 325 3847 388 488

429 466 576 522 ritus
619 465 858 522 auxilio.
893 461 1176 518 Similiter
1215 464 1414 517 autem
1459 466 1514 516 et
1567 460 1820 533 Spiritus
1855 459 1940 515 tui
1971 475 2059 516 cui

2195 459 2496 534 βοηθείας.
2549 461 3124 535 [ΟΙΚΟΥΜΕΝΙΟΥ..]
3181 459 3456 524 Ὠσαύτως
3513 457 3572 516 δὶ
3623 458 3714 516 καὶ
3773 459 3838 516 τὸ

435 573 560 610 ram
611 553 872 618 habebit,
895 553 1189 624 spirituali
1213 551 1675 606 videlicetdono.
1703 573 1726 600 ιι
1749 552 1864 606 Hoc
1889 550 2086 622 ipsum

434 643 590 714 quod
608 643 830 696 oraturi
863 643 1070 696 simus.
1099 666 1125 691 ››
1151 643 1381 712 thuid
1417 641 1568 700 dico.
1601 639 1814 712 inquit,
1835 639 1988 710 quod
2011 638 2086 694 ad

429 731 756 785 tolerantia:
789 732 1198 802 operationem
1231 731 1418 786 sancti
1461 731 1713 802 Spiritus
1743 729 1964 784 auxilio
1983 745 2084 784 no-

425 818 518 874 bis
551 837 696 891 opus
723 821 802 875 sit
831 821 1064 876 iEtiam
1093 823 1152 877 in
1183 822 1276 876 his
1309 838 1442 892 qua:
1497 819 1840 876 facilitatem
1867 819 2082 874 habere

426 910 720 966 videntur.
747 912 926 967 veluti
951 913 1010 966 in
1043 913 1328 968 oratione.
1359 911 1512 967 idem
1545 911 1715 966 nobis
1747 909 2079 982 contingit;

429 998 728 1054 interdum
747 1000 906 1056 enim
931 1003 1147 1056 accidit
1165 1010 1226 1056 ut
1249 1002 1484 1056 inutilia
1499 1000 1884 1071 postulemus.
1907 1021 1926 1046 ι
1957 1001 2080 1054 Non

429 1089 720 1144 novimus.
745 1113 771 1138 »
791 1091 980 1146 Etiam
999 1092 1257 1162 seipsum
1281 1090 1603 1144 immiscuit
1625 1104 1904 1142 nesermo
1927 1087 2086 1141 odio-

431 1195 530 1232 sus
556 1178 842 1234 videatur.
879 1203 904 1228 ‹‹
930 1179 1038 1234 Sed
1063 1183 1186 1250 ipse
1212 1180 1460 1250 Spiritus
1493 1177 1824 1232 intercedit.
1861 1199 1887 1226 ε»
1923 1176 2081 1232 Olim

429 1269 586 1322 varia
617 1267 774 1322 dona
809 1269 944 1323 varii
979 1269 1368 1339 accipiebant.
1405 1267 1750 1338 prophetiae,
1784 1267 2076 1336 interpre-

429 1357 694 1424 tationis,
729 1357 1062 1430 linguarum
1091 1375 1104 1411 :
1139 1374 1269 1428 quae
1293 1357 1494 1411 omnia
1517 1355 1790 1426 spiritum
1823 1353 2082 1425 appella-

428 1446 590 1511 bant,
627 1454 904 1517 tanquam
926 1463 960 1501 a
977 1447 1196 1517 Spiritu
1219 1445 1436 1500 donata
1483 1445 1770 1500 Similiter
1797 1449 1994 1498 autem
2019 1447 2078 1498 et

429 1536 706 1608 precandi
767 1536 988 1590 donum
1037 1535 1276 1606 quidam
1311 1534 1702 1606 accipiebant.
1737 1535 1878 1589 Cum
1915 1533 2074 1588 enim

423 1625 726 1696 ignoraiet
746 1626 948 1698 vulgus
975 1626 1116 1697 quid
1139 1626 1286 1681 utile
1309 1631 1484 1692 esset,
1521 1625 1774 1696 ideoque
1797 1641 1918 1678 non
1941 1639 2073 1678 raro

421 1713 662 1770 inutilia
711 1715 1060 1787 postularet,
1109 1715 1484 1787 accipiebant
1533 1715 1808 1771 nonnulli
1849 1713 2072 1769 donum

417 1805 797 1876 precationis,
832 1811 890 1860 et
919 1823 1021 1877 pro
1051 1806 1324 1861 universo
1377 1805 1595 1877 populo
1627 1803 2024 1876 precabantur
2055 1818 2070 1858 :

425 1895 583 1965 quod
617 1895 839 1950 donum
874 1895 1052 1950 etiam
1087 1896 1360 1966 spiritum
1393 1894 1793 1966 appellabant.
1829 1894 1946 1949 Hoc
1987 1899 2075 1948 est

423 2000 559 2056 ergo
621 1984 780 2055 quod
836 1984 1022 2040 dicit:
1063 1987 1195 2056 Ipsa
1251 2001 1489 2056 quoque
1541 1983 1824 2056 precandi
1885 1985 2073 2056 gratia

421 2090 526 2144 pro
543 2074 714 2128 nobis
745 2075 900 2146 apud
919 2074 1432 2130 Deumintercedit
1461 2074 1776 2143 gemitibus
1801 2089 2070 2128 Incarna-

417 2163 727 2218 rabilibus.
764 2163 824 2217 td
859 2175 1054 2219 au'em
1089 2165 1257 2230 dixit,
1295 2164 1652 2220 conﬁrmare
1683 2163 1884 2218 volens
1915 2161 2072 2232 quod

415 2255 760 2327 ignoremus
785 2271 1046 2325 quonam
1061 2257 1234 2310 modo
1248 2271 1418 2311 orare
1443 2261 1729 2328 oporteat.
1759 2253 1880 2308 Nisi
1907 2253 2068 2308 enim

416 2343 527 2400 hoc
559 2351 736 2410 esset,
771 2345 986 2416 inquit,
1021 2346 1160 2416 quid
1193 2361 1437 2400 necesse
1469 2346 1622 2400 foret
1652 2343 1940 2415 quosdam
1967 2359 2066 2398 ac-

417 2433 612 2504 cipere
643 2434 864 2489 donum
891 2435 1170 2504 precandi
1204 2451 1308 2505 pro
1342 2434 1560 2506 populo
1583 2433 1608 2488 '2
1630 2434 1748 2488 Hoc
1771 2447 1932 2488 nunc
1950 2431 2068 2487 dia-

416 2539 600 2578 conus
631 2523 1021 2595 supplicando
1053 2525 1330 2594 complet.
1372 2526 1496 2579 Non
1529 2524 1678 2578 dixit
1701 2531 1898 2577 autem
1927 2537 2042 2593 quo

416 2631 650 2686 cunque
702 2613 874 2670 modo
915 2611 1250 2687 ἐντυγχάνει,
1303 2615 1360 2669 id
1411 2621 1518 2674 est,
1571 2613 1906 2674 intercedit,
1959 2610 2064 2666 sed

419 2701 866 2776 ὑπερεντυγγ.ἀνει
899 2721 1004 2776 per
1051 2704 1466 2774 compositum.
1503 2701 1846 2775 significans
1889 2701 2061 2756 Vehe-

413 2798 672 2848 mentum
701 2809 1034 2865 magnoque
1059 2792 1254 2847 studio
1283 2793 1496 2848 factam
1539 2791 2056 2862 supplicationem.

417 2903 444 2932 ‹‹
477 2883 582 2947 Qui
607 2889 804 2938 autem
831 2889 1128 2938 scrutatur
1151 2881 1348 2937 corda.
1377 2907 1401 2928 η
1431 2883 1558 2952 lpse
1585 2878 2060 2950 Paracletus,qui

415 2971 810 3042 spiritualium
843 2971 1154 3027 hominum
1189 2971 1367 3026 corda
1399 2970 1727 3040 investigat,
1751 2985 1956 3024 eorum
1981 2969 2059 3022 vi-

415 3061 649 3128 delicet,
685 3061 783 3132 qui
817 3062 1094 3132 precandi
1127 3061 1375 3134 gratiam
1407 3077 1475 3116 ac
1503 3060 1776 3132 spiritum
1807 3072 2054 3129 accepe-

410 3157 568 3206 runt.
611 3173 637 3202 α
669 3152 834 3205 Novit
865 3153 997 3222 quis
1021 3153 1098 3206 sit
1129 3169 1338 3206 sensus
1359 3151 1623 3222 spiritus.
1655 3173 1680 3198 »
1711 3149 1774 3204 ld
1808 3155 1912 3204 est.
1939 3147 2057 3220 spi-

409 3239 716 3294 ritualium
752 3215 1080 3298 hominum.
1102 3241 1200 3310 qui
1233 3215 1454 3295 dictu-ni
1480 3238 1756 3310 precandi
1781 3215 2052 3309 spiritum

2169 3231 2424 3311 ἐντυχίαν
2463 3275 2475 3288 .

408 3333 782 3397 acceperunt.
847 3329 1012 3382 Novit
1068 3345 1305 3383 sensum
1359 3329 1478 3384 sive
1535 3328 2049 3400 supplicationem.

403 3419 558 3472 313
583 3441 606 3465 α
633 3418 922 3481 Quoniam
949 3421 1274 3474 secundum
1312 3421 1490 3475 Deum
1517 3419 1900 3474 intercedit.»
1926 3421 2050 3474 Non

401 3505 640 3560 docent.
677 3506 888 3576 inquit,
919 3507 1016 3576 qui
1065 3508 1404 3578 spirituales
1453 3515 1592 3563 sunt
1641 3509 1824 3562 Deum
1881 3505 2050 3578 quasi

401 3595 798 3668 ignorantem,
841 3596 1002 3649 novit
1042 3597 1200 3650 enim
1259 3598 1616 3652 Paracletus.
1653 3621 1678 3646 ‹‹
1717 3597 2050 3652 Secundum

403 3685 588 3739 Deum
638 3684 973 3740 intercedit.
1013 3707 1038 3734 υ
1073 3685 1198 3740 Non
1231 3685 1554 3740 secundum
1588 3685 1850 3756 aliquam
1885 3685 2051 3740 noci-

403 3789 534 3829 vam
567 3774 1133 3846 concupiscentiam,
1175 3774 1278 3830 sed
1314 3775 1642 3830 secundum
1677 3781 1879 3837 Deum.
1937 3775 2050 3830 hoc

408 3871 514 3928 est,
568 3865 668 3920 Dei
721 3865 1104 3920 voluntatem.
1147 3889 1172 3914 α
1211 3867 1320 3919 Pro
1353 3865 1591 3920 sanctis.
1627 3886 1654 3913 ››
1687 3863 1804 3918 Hoc
1836 3869 1944 3930 est,
1975 3863 2050 3918 iis

397 3954 499 4024 qui
555 3969 660 4024 per
721 3955 1126 4024 precationem
1187 3953 1654 4010 sanctiﬁcantur.
1689 3951 1776 4008 vel
1809 3953 1909 4023 qui
1943 3969 2048 4023 pro

397 4041 561 4112 puris
581 4041 814 4111 Deoque
831 4041 1204 4112 placentibus
1225 4041 1504 4113 operibus
1537 4039 1851 4112 petitiones
1873 4039 2045 4095 facit:

393 4128 482 4184 vel
515 4146 618 4199 pro
653 4129 996 4185 hominibus
1029 4131 1404 4186 sanctitatem
1432 4128 1933 4185 desiderantibus.

463 4218 584 4283 Vll,
619 4219 685 4273 '28
723 4220 810 4274 30.
846 4219 1054 4275 Scimus
1099 4231 1283 4274 autem
1316 4219 1451 4290 quia
1479 4219 1838 4288 diligentibus
1877 4222 2045 4274 t'cum

397 4311 584 4364 omnia
613 4316 979 4379 cooperantur
1009 4309 1082 4364 ari
1113 4311 1308 4364 bonum
1350 4309 1434 4365 his
1464 4309 1563 4380 qui
1590 4309 1882 4364 secundum
1913 4325 2042 4380 pro-

389 4402 630 4470 positum
677 4401 858 4454 vocati
899 4407 1046 4454 sunt.
1081 4399 1352 4464 Quoniam
1385 4415 1518 4468 quos
1546 4402 1841 4468 praesciuit,
1875 4401 2044 4454 etiam

389 4489 758 4558 przcde/inivit
786 4491 1090 4558 conformes
1121 4487 1378 4557 imaginis
1411 4489 1545 4542 1³ιίίί
1572 4489 1662 4542 sui
1691 4505 1710 4542 :
1741 4493 1800 4542 ut
1829 4490 1900 4542 sit
1931 4490 2040 4556 ipse

385 4579 792 4646 primogenitus
819 4579 965 4634 inter
995 4579 1195 4633 multos
1245 4581 1470 4646 fratres.
1517 4578 1658 4641 Quos
1688 4585 1870 4631 autem
1897 4591 2039 4646 praz-
2071 4583 2112 4646 D
2154 4578 2312 4634 αὐτὸν

391 4665 657 4733 deﬁnivit.
720 4669 930 4722 eosdem
979 4673 1030 4721 et
1087 4671 1346 4732 vocavit;
1399 4673 1451 4720 et
1491 4683 1624 4737 quos
1673 4667 1908 4732 vocavit,
1942 4665 2036 4720 hos

392 4759 450 4809 et
487 4755 818 4825 justiﬁcavit
852 4774 864 4811 :
915 4773 1048 4829 quos
1104 4771 1232 4813 vero
1275 4754 1634 4826 jnstiﬁcacit,
1667 4761 1718 4809 et
1748 4770 1836 4810 cos
1863 4753 2038 4824 glori-

391 4843 597 4910 ﬁcavit.

467 4951 572 5014 lta,
605 4950 818 5022 inquit.
853 4950 926 5006 ob
957 4951 1352 5024 ignorantiam
1405 4967 1583 5026 quam
1633 4952 1694 5008 in
1742 4951 2037 5023 precando

391 5039 672 5110 patimur.
706 5057 738 5094 a
759 5039 980 5110 Spiritu
1013 5041 1455 5110 adiuvamur,ut
1475 5042 1652 5096 etiam
1689 5040 1844 5095 mala
1865 5039 2036 5096 nobis

389 5131 768 5184 convertatin
801 5129 968 5183 bona.
994 5152 1016 5180 (ι
1053 5129 1262 5186 Omnia
1294 5139 1705 5202 coeperantur.
1747 5155 1770 5176 ιι
1805 5129 2036 5198 Omnia,

381 5215 598 5286 inquit,
657 5219 836 5273 etiam
891 5219 1045 5274 mala
1081 5245 1092 5282 ;
1128 5238 1154 5274 s
1182 5221 1420 5290 quidem
1459 5221 1581 5275 hinc
1615 5235 1851 5291 quoque
1887 5219 2036 5275 Deus

389 5307 686 5360 convertit
735 5307 792 5360 in
839 5306 1012 5364 bona.
1058 5311 1198 5362 Nam
1249 5307 1323 5363 ad
1365 5325 1566 5362 eorum
1599 5309 1698 5379 qui
1735 5309 2041 5378 patiuntur

385 5393 638 5462 gloriam
693 5404 1136 5452 convi-rtunlur.
1191 5399 1375 5467 Maius
1424 5405 1513 5452 est
1561 5405 1758 5452 autem
1791 5398 1852 5451 in
1885 5395 2040 5453 bona

390 5485 654 5540 converti
709 5503 886 5556 quam
937 5489 1182 5542 omnino
1234 5503 1353 5542 non
1400 5487 1828 5558 supervenisse.
1872 5509 1900 5535 «
1930 5485 2036 5549 Qui

393 5575 721 5632 secundum
757 5578 1150 5650 propositum.
1190 5601 1214 5625 »ι
1248 5577 1392 5642 Quia
1421 5576 1769 5631 incredibile
1799 5575 2038 5634 videba-

390 5669 491 5722 tur
507 5667 666 5723 mala
686 5667 944 5724 converti
979 5667 1040 5722 in
1067 5665 1243 5734 bona,
1267 5666 1570 5740 proposita
1601 5666 1702 5722 Dei
1733 5667 2037 5724 vocatione

2199 554 2416 620 Πνεῦμα
2446 549 2716 625 φροντίσει
2743 572 2860 616 σου,
2893 551 3018 620 ἤτοι
3067 551 3131 607 τὸ
3177 551 3536 625 πνευματικὸν
3569 549 3841 626 χάρισμα,

2199 663 2225 690 «
2258 637 2336 696 T6
2365 638 2465 714 γάρ
2495 639 2549 693 τί
2581 639 2985 714 προσευξόμεθα
3011 641 3144 704 καθὸ
3203 637 3302 696 δεῖ.
3341 665 3367 690 n
3403 639 3497 694 Καὶ
3553 640 3606 693 τί
3665 638 3837 715 λέγω,

2195 727 2356 806 φησῗν
2389 772 2404 796 ,
2463 727 2546 784 ὅτι
2605 729 2740 802 πρὸς
2797 730 3134 804 κατόρθωσιν
3217 730 3543 802 ὑπομονῆς,
3603 725 3838 800 δεόμεθα

2193 815 2538 892 ἀντιλήψεως
2596 821 2740 894 παρά
2826 823 2922 874 τοῦ
2995 819 3152 894 ἁγίου
3211 819 3568 893 Πνεύματοςς
3621 817 3722 874 Καὶ
3783 815 3834 871 ἐν

2189 913 2307 970 τοῖς
2358 907 2600 978 δοκοῦσι,
2657 908 2840 988 φησ’ν,
2901 909 3204 984 εὐχερέσιν,
3263 911 3383 965 οἷον
3441 907 3493 964 ἐν
3549 913 3617 982 τῇ
3671 907 3834 982 εὐχῇ,

2189 1001 2348 1052 τοῦτο
2381 998 2683 1072 πάσχομεν.
2723 999 2874 1054 Ἔστι
2905 1001 3006 1073 γάρ
3064 1000 3154 1054 ’ὀτε
3211 998 3498 1078 ἀσύμφορα
3552 999 3832 1068 αιτοῦμεν,

2193 1111 2220 1139 ‹‹
2253 1089 2366 1143 Οὐκ
2399 1087 2640 1160 οἴδαμεν.
2673 1112 2700 1138 ι)
2733 1089 2830 1142 Καὶ
2885 1088 3070 1143 ἑαυτὸν
3103 1081 3301 1160 ἔμιξεν,
3357 1088 3444 1142 ἳνα
3505 1089 3580 1160 μή
3641 1086 3832 1161 εὑρεθῇ

2188 1176 2458 1255 ἐπαχθής.
2517 1202 2542 1228 α
2585 1175 2747 1232 Ἀλλ’
2803 1176 2934 1232 αὐτὸ
2990 1177 3052 1230 τὸ
3112 1179 3380 1249 Πνεῦμα»
3447 1175 3520 1230 Τὸ
3577 1173 3832 1242 παλαιὸν,

2189 1266 2504 1343 χαρίσματα
2546 1263 2768 1345 διὲφορα
2807 1263 3012 1320 πολλοὶ
3071 1259 3399 1338 ἐλάμϐανον,
3457 1267 3832 1340 «poem-:55”,

2186 1355 2510 1431 ἑρμηνειῶν,
2562 1353 2846 1432 γλωσσῶν.
2916 1357 3086 1428 ’Δπερ
3145 1355 3318 1410 πάντα
3367 1355 3648 1428 πνεύματα
3703 1353 3834 1408 ἐκα-

2186 1441 2338 1512 λουν,
2371 1445 2446 1510 ὡς
2499 1445 2606 1500 ἀπὸ
2669 1445 2979 1519 [Ινεύματος
3039 1441 3322 1518 δεδόμενα.
3395 1445 3498 1502 Καὶ
3551 1443 3719 1518 εὐχῆς
3773 1441 3831 1496 δὲ

2184 1537 2434 1613 χάρισμα
2473 1529 2778 1608 ἐλάμϐανόν
2833 1555 2998 1596 τινες.
3053 1531 3278 1602 Ἐπειδή
3333 1534 3439 1610 γὰρ
3493 1534 3718 1610 ἀγνοοῦν
3767 1531 3830 1588 τὸ

2181 1620 2397 1690 πλῆθος
2455 1623 2518 1677 τὸ
2571 1624 2844 1702 συμιρὲρον
2883 1667 2897 1692 ,
2949 1619 3069 1697 ᾔτει
3125 1619 3404 1684 πολλάκις
3487 1621 3778 1696 ἇσύμςοορα
3813 1663 3831 1692 ,

2181 1707 2492 1785 ἐλάμϐανόν
2535 1731 2678 1774 τινες
2739 1713 2988 1788 χάρισμα
3038 1712 3232 1788 εὐχῆς,
3291 1711 3382 1768 καὶ
3441 1711 3574 1786 ὑπὲρ
3629 1710 3830 1773 παντὸς

2181 1807 2278 1860 τοῦ
2312 1801 2448 1858 λαοῦ
2479 1803 2744 1879 ηῧχοντο,
2779 1803 2913 1880 ὅπερ
2977 1801 3067 1858 καὶ
3127 1803 3262 1859 αὐτὸ
3317 1805 3536 1875 Πνεῦμα
3587 1798 3826 1878 ἐλέγετο.

2177 1895 2356 1948 Τοῦτο
2388 1894 2479 1948 οὗν
2513 1891 2683 1968 λέγει,
2735 1891 2938 1948 ὅτικαί
2971 1893 3106 1962 αὐτὴ
3157 1893 3192 1962 ἠ
3249 1891 3414 1968 χάρις
3469 1897 3570 1962 τῆς
3629 1891 3825 1967 εὐχῆς,

2179 1983 2310 2056 ὑπὲρ
2375 1983 2535 2056 ἡμῶν
2593 1987 2672 2055 τῷ
2743 1985 2860 2055 Θεῷ
2918 1981 3236 2058 ὲιτυγχάνει
3300 1981 3578 2056 μεγίστοις
3637 2001 3822 2036 στενα-

2173 2077 2360 2148 γμοῖς.
2415 2075 2592 2128 Τοῦτο
2649 2069 2708 2126 δὲ
2755 2073 2901 2126 εἶπεν
2935 2115 2949 2142 ,
3011 2073 3271 2136 συστῆσαι
3343 2069 3682 2144 βουλόμενος
3736 2070 3824 2127 ὁτι

2175 2159 2480 2238 ἀγνοοῦμεν
2560 2159 2692 2215 καθὸ
2777 2156 2861 2214 δεῖ
2951 2159 3368 2236 προσεύξασθαι.
3453 2158 3516 2216 Εἰ
3571 2159 3674 2236 γὰρ
3743 2161 3821 2232 μὴ

2175 2255 2360 2317 τοῦτο,
2409 2253 2594 2330 φησέν,
2641 2252 2708 2322 ἧν
2761 2273 2844 2308 τις
2903 2252 3066 2328 χρεία
3123 2248 3312 2308 λαϐεῖν
3369 2271 3518 2313 τινας
3575 2251 3828 2327 χάρισμα

2176 2340 2252 2402 είς
2279 2341 2342 2396 τὸ
2373 2339 2626 2418 εὔχεσθαι
2659 2343 2791 2418 ὑπὲρ
2821 2347 2918 2398 τοῦ
2950 2341 3086 2398 λαοῦ
3117 2361 3131 2411 ;
3161 2344 3337 2398 Τοῦτο
3393 2340 3450 2397 δὲ
3493 2345 3586 2398 νῦν
3643 2343 3671 2397 ὁ
3703 2337 3824 2396 διᾶ-

2174 2451 2329 2494 κονος
2378 2431 2592 2508 πληροῖ
2648 2431 2963 2488 λιτανεύων.
3025 2433 3139 2490 Οὐκ
3193 2433 3318 2488 εἷπε
3374 2430 3431 2488 δὶ
3487 2432 3822 2508 ἐντυγχάνει,

2175 2517 2304 2576 ἀλλ’
2372 2521 2848 2597 ὑπερεντυγχάνει.
2907 2524 3007 2592 τὴν
3067 2522 3318 2579 σύντονον
3377 2521 3466 2576 καὶ
3521 2541 3824 2578 κατεσπου-

2173 2605 2447 2682 δασμένην
2507 2609 2694 2682 δηλῶν
2777 2608 3041 2685 ἔντευξιν.
3107 2636 3134 2664 ιι
3213 2613 3274 2670 Ὁ
3331 2608 3388 2666 δε
3443 2609 3666 2686 ἐρευνῶν
3725 2609 3824 2672 τὰς

2169 2697 2394 2770 καρδίας
2437 2723 2465 2750 ››
2503 2699 2674 2762 Αὐτὸς
2705 2701 2732 2754 6
2787 2699 3165 2772 Παρέκλητος,
3225 2701 3254 2756 6
3305 2699 3400 2762 τὰς
3450 2697 3674 2774 καρδίας
3711 2703 3820 2754 τῶν

2169 2793 2547 2859 πνευματικῶν
2601 2789 2896 2863 ἀνθρώπων
2956 2790 3250 2862 ἀνερευνῶν
3289 2833 3304 2860 ,
3377 2795 3486 2844 τῶν
3551 2791 3650 2856 τήν
3707 2789 3818 2868 χά-

2169 2896 2252 2950 ριν
2285 2873 2506 2946 δηλαλή
2539 2879 2626 2932 καὶ
2681 2878 2744 2932 τὸ
2777 2881 2984 2950 πνεῦμα
3041 2883 3139 2934 τοῦ
3205 2877 3456 2952 εὔχεσθαι
3511 2875 3816 2937 λαϐόντων.

2173 2985 2194 3014 ι
2229 2967 2294 3022 Ti
2333 2965 2395 3020 τὸ
2427 2966 2685 3043 ιρρόνημα
2713 2971 2810 3022 τοῦ
2858 2967 3192 3042 ΙΙνεύματος.
3225 2991 3254 3022 ιι
3287 2971 3406 3026 Τῶν
3433 2972 3814 3042 πνευματικῶν

2165 3051 2483 3128 ἀνθρώπων,
2513 3059 2620 3110 τῶν
2677 3055 2740 3110 τὸ
2795 3055 3082 3131 εἰρημένον
3143 3063 3245 3126 τῆς
3301 3057 3478 3134 εὐχῆς
3533 3053 3814 3114 λαϐόντων

2163 3147 2374 3215 πνεῦμα
2403 3142 2494 3198 καὶ
2535 3143 2802 3219 χάρισμα.
2870 3143 3000 3200 υἶόε
3055 3151 3119 3201 τὸ
3175 3146 3432 3226 φρόνημα
3487 3147 3661 3224 ¹ἤγουν
3715 3147 3814 3216 τήν

2535 3257 2564 3286 (ι
2596 3235 2720 3291 Ὅτι
2771 3234 2907 3290 κατὰ
2992 3235 3122 3291 Θεὸν
3191 3233 3508 3313 ἐντυγχάνει
3543 3279 3557 3293 .
3623 3261 3650 3287 ι)
3709 3236 3820 3290 Οὐκ

2163 3319 2459 3398 ἀγνοοῦντα
2493 3364 2508 3390 ,
2571 3322 2746 3400 φησί,
2805 3321 3146 3380 διδάσκουσιν
3205 3325 3258 3381 οἳ
3314 3325 3671 3400 πρευματικοῖ
3727 3324 3818 3380 τὸν

2163 3413 2313 3478 Θεὸν,
2343 3409 2472 3465 ἀλλ’
2515 3408 2662 3468 οἶδεν
2723 3413 2752 3468 6
2787 3410 3168 3484 Παράκλητος.
3230 3439 3257 3466 α
3318 3416 3438 3473 ’Ὁτι
3503 3419 3642 3471 κατά
3689 3413 3816 3468 Θεὸν

2164 3498 2533 3575 ἐντδγχανει.
2593 3528 2616 3552 ιι
2695 3501 2774 3559 υύ
2833 3504 2972 3558 κατά
3017 3525 3138 3559 τινα
3199 3499 3470 3580 βλαϐεράν
3529 3503 3820 3578 ἐπιθυμίαν

2161 3585 2307 3644 ἀλλὰ
2355 3590 2488 3644 κατὰ
2565 3590 2693 3645 Θεὸν
2730 3633 2744 3660 ,
2803 3591 2831 3646 ὃ
2871 3591 3008 3656 ἐστι,
3065 3595 3204 3648 κατά
3259 3595 3326 3661 τή
3389 3592 3658 3670 βούλησιν
3717 3596 3814 3648 τοῦ

2160 3677 2313 3734 Θεοῦ.
2375 3679 2594 3754 «Ὑπὲρ
2627 3680 2813 3757 ἁγίων.
2853 3705 2874 3732 n
2937 3685 3053 3736 Τῶν
3115 3679 3202 3737 διὰ
3265 3689 3366 3752 τῆς
3427 3682 3598 3762 εὐχῆς
3649 3685 3812 3760 ἁγια-

2159 3768 2403 3840 ζομένων
2441 3811 2454 3826 .
2514 3769 2580 3825 Ἤ
2644 3771 2729 3826 ὅτι
2797 3769 2932 3846 ὑπὲρ
2998 3775 3250 3848 καθαρῶν
3335 3773 3425 3828 καὶ
3511 3771 3808 3848 θεαρέστων

2158 3854 2333 3932 ἔργων
2361 3857 2456 3920 τὰς
2505 3857 2747 3928 αἰτήσεις
2803 3865 3066 3932 ποιεῖται,
3098 3863 3136 3932 ἢ
3197 3860 3330 3937 ὐπὶρ
3385 3860 3684 3940 ἀνθρώπων
3716 3863 3808 3918 τὸν

2157 3945 2426 4022 ἀγιασμὸν
2459 3946 2884 4008 ἐπιποθούντων.

2227 4214 2466 4284 ΟἾδαριεν
2523 4213 2580 4272 δὶ
2650 4215 2734 4272 δτι
2789 4221 2910 4281 τοῖς
2973 4217 3222 4294 ἀγαπῶσι
3279 4220 3372 4275 τὸν
3427 4219 3577 4289 θεὸν,
3637 4219 3808 4274 πάντα

2153 4316 2397 4388 συνεργεῖ
2479 4309 2553 4372 εἰς
2609 4309 2809 4388 ἀγαθὸν
2847 4356 2861 4380 ,
2955 4318 3076 4376 τοῖς
3141 4313 3277 4368 κατὰ
3349 4313 3604 4388 πρόθεσιν
3663 4310 3807 4382 κλη-

2153 4405 2270 4460 τοῖς
2327 4397 2498 4454 οὗσινο
2561 4401 2642 4456 ὅτι
2707 4401 2801 4461 0’3:
2861 4401 3128 4478 προέγνω,
3181 4403 3270 4458 καὶ
3327 4401 3606 4478 προώρισε
3665 4423 3805 4474 συμ-

2155 4489 2399 4566 μόεφους
2431 4497 2528 4558 τῆς
2579 4489 2788 4552 εἶκόνος
2835 4495 2932 4546 τοῦ
2990 4494 3120 4547 Tini}
3177 4492 3362 4556 αὐτοῦ,
3420 4492 3495 4556 εἷς
3551 4497 3613 4548 τὸ
3665 4492 3802 4547 εἶναι

2413 4579 2761 4651 πρωτότοκον
2818 4581 2868 4635 ἐν
2953 4579 3188 4644 πολλοῖς
3299 4581 3609 4660 ἀδελφοῖς.
3695 4581 3802 4645 “ac

2150 4664 2205 4723 δὲ
2261 4668 2557 4742 προώρισε,
2615 4667 2843 4730 τούτολς
2909 4669 2998 4726 καὶ
3061 4671 3279 4728 ἐκάλεσε
3312 4691 3324 4702 ·
3379 4673 3469 4728 καὶ
3533 4672 3626 4734 οὓς
3679 4671 3802 4727 ἐκά-

2150 4755 2274 4812 λεσε
2306 4802 2318 4823 ,
2369 4757 2596 4816 τοῦτους
2677 4757 2766 4812 καὶ
2823 4755 3159 4816 ἐδικαίωσεν·
3229 4761 3325 4824 οὓς
3381 4759 3440 4816 ὂὶ
3495 4759 3806 4836 ἐδικαίωσε,

2146 4849 2374 4910 τούτους
2403 4851 2490 4904 καὶ
2527 4845 2762 4919 ἐδόξασε-

2219 4939 2378 4998 Οῧτω
2411 4986 2426 5008 ,
2483 4941 2638 5014 φησὶ,
2699 4937 2788 4996 διὰ
2843 4943 2943 5012 τήν
3007 4941 3062 4996 ἐν
3107 4947 3187 5016 τῷ
3243 4939 3494 5016 εὔξασθαι
3551 4941 3800 5024 ἄγνοιαν,

2153 5029 2504 5104 Bantia-Spatia
2551 5028 2653 5086 ὑπὸ
2681 5035 2781 5085 τνιῦ
2815 5031 3148 5104 Ilva-Spartae,
3181 5032 3267 5089 δτι
3295 5034 3384 5089 καὶ
3415 5034 3486 5090 τὰ
3533 5036 3675 5090 κακά
3728 5033 3808 5096 εῗ¹ς

2151 5119 2326 5196 ἀγαθά
2385 5121 2520 5193 ἡμῖν
2593 5119 2953 5195 περιτρέπει.
3040 5145 3068 5173 ιι
3135 5123 3307 5179 Πάντα
3391 5131 3716 5199 συνεργεῖν.
3779 5146 3808 5175 »ι

2149 5209 2348 5274 Πάντα,
2395 5209 2548 5285 φησῖ,
2597 5207 2686 5264 καὶ
2747 5209 2812 5265 τὰ
2868 5209 3025 5267 κακά.
3080 5212 3180 5267 Καὶ
3216 5213 3319 5288 γάρ
3361 5213 3652 5270 καὶταῦτα
3709 5233 3806 5268 πει

2150 5297 2386 5373 ριτρέπει
2419 5299 2445 5352 6
2477 5297 2606 5360 Θεὸς
2637 5297 2711 5360 εἰς
2737 5299 2869 5372 ἀγαο
2885 5299 2928 5355 ἰ.
2983 5299 3074 5361 Εἷς
3107 5301 3211 5374 γάρ
3271 5299 3629 5376 εὐδοκίμησιν
3689 5305 3798 5358 τῶν

2147 5389 2496 5464 πασχόντων,
2549 5393 2981 5470 περιστρεφεται,
3045 5393 3248 5463 Μεῖζον
3281 5389 3340 5448 δέ
3395 5395 3458 5449 τὸ
3515 5393 3594 5455 εἰς
3627 5391 3796 5467 ἀγαθὲ

2147 5477 2612 5554 περιστρὲντςεσθαι,
2663 5483 2759 5534 τοῦ
2821 5481 2895 5553 μὴ
2950 5483 3230 5544 παντελῶς
3287 5481 3547 5538 ἐπελθεῖν.
3608 5506 3634 5530 ‹‹
3669 5481 3800 5540 Τοῖς

2145 5569 2282 5625 κατά
2313 5567 2586 5644 πρόθεσιν.
2623 5593 2649 5620 n
2692 5567 2916 5640 Ἐπειδή
2987 5569 3250 5636 ἀπίθανον
3309 5571 3445 5627 εἶναι
3505 5567 3678 5626 ἐδόκει
3735 5566 3801 5624 τὸ

2148 5657 2590 5737 περιστρέφεσθαι
2657 5661 2724 5716 τά
2787 5660 2928 5716 κακὰ
2987 5659 3066 5724 εἷς
3132 5663 3327 5743 ἀγαθὰ,
3383 5660 3640 5736 προσθεὶς
3701 5659 3806 5732 τήν
