4198 6198
349 273 470 337 489
1434 285 1845 351 COMMENT.
1891 289 1982 351 IN
2029 288 2281 353 EPIST.
2329 295 2434 355 AD
2481 295 2672 358 ROM.
3643 312 3764 376 490

341 409 445 464 τοῦ
473 412 612 466 Θεοῦ
655 408 876 485 κλῆσιν,
934 411 1272 473 ἐπιστώσατο
1328 416 1392 474 τὸ
1442 415 1754 497 εΐρημίνον.
1785 420 1867 479 Οὔ
1895 419 1996 496 γὰρ

2110 424 2525 519 quod-dictum
2557 434 2648 486 est
2675 432 3274 512 conﬂrmavit.Neque
3305 440 3466 500 enim
3494 443 3606 504 hoc
3627 447 3766 519 qui-

343 502 467 562 τοῖς
495 502 750 576 τυχοῦσι,
809 502 965 580 φησί,
1013 509 1182 562 τοῦτο
1229 503 1540 582 συμϐαίνει,
1573 509 1721 566 ἀλλὰ
1748 515 1866 573 τοῖς
1900 511 2001 568 ὑπὸ

352 594 411 610 Λα
457 591 481 604 ε’
579 587 601 610 Χ
662 591 688 610 Δ
720 596 746 608 ν
918 592 986 610 I‘V
1103 595 1123 610 η
1305 599 1318 610 ι
1595 603 1619 610 ..-
1934 605 1962 610 Α.
1991 609 2001 610 γ

2113 512 2705 593 buslibetcontingit,
2741 522 2957 596 inquit,
2992 527 3096 584 sed
3129 502 3223 586 his
3264 530 3553 590 duntaxat
3584 502 3767 610 quia

349 591 485 644 Θεοῦ
544 587 854 660 κληθεῖσιν.
918 592 1049 650 Εἶτα
1103 595 1190 650 ἳνα
1251 599 1326 670 μή
1387 603 1622 674 νομισθῇ
1685 605 2003 676 μονομερῶς

2114 604 2232 662 Deo
2264 609 2448 680 vocati
2479 587 2634 666 sunt:
2671 587 2893 670 Deinde
2925 587 2998 671 ne
3058 625 3370 689 putaretur
3695 587 3765 687 e;

347 679 378 734 ὁ
410 679 539 741 Θεὸς
571 679 746 743 ἐνίους
784 679 1035 756 καλέσας,
1096 685 1250 763 φησὶ,
1283 712 1311 738 «ι
1341 692 1471 750 Τοῖς
1499 689 1634 747 κατᾶ
1664 689 1937 765 πρόθεσιν,
1973 715 2000 741 »

2112 679 2279 766 parte
2293 696 2581 766 quosdam
2596 703 3054 762 vocasse.dicit:«
3070 708 3166 763 His
3181 709 3280 780 qui
3295 712 3620 770 secundum
3638 733 3766 787 pro-

343 775 463 833 τοῖς
506 771 656 844 ,κατὰ
706 774 937 847 γνώμην
1021 774 1147 844 ἢτοι
1195 778 1511 854 προαίρεσιν
1570 780 1845 851 ἁξιωθεῖσι
1899 785 2001 849 τῆς

2110 785 2394 856 positum,
2409 808 2438 846 ››
2452 787 2511 842 id
2530 791 2744 860 est.qui
2759 794 3084 851 secundum
3100 771 3759 864 decretum,secundum

344 857 622 930 κλήσεως,
711 858 920 926 δεικνὺς
1007 863 1092 920 ὅτι
1198 867 1394 932 πάντες
1483 870 1577 944 μὶν
1661 870 1998 945 ἐκλήθημεν,

348 948 366 967 ς
438 957 461 966 -
606 948 648 967 ..ι
724 952 739 967 .
816 954 829 967 .
1113 953 1138 967 .
1170 957 1183 967 .
1323 957 1336 967 .
1405 959 1426 967 -
1521 960 1539 967 -
1585 963 1608 967 __
1814 961 1828 967 -
1973 960 1985 967 _

2111 873 2463 935 electionem
2488 879 2645 935 nacti
2664 886 3186 944 suntvocationem
3212 905 3225 942 :
3259 891 3580 950 ostendens
3603 897 3761 967 quod

347 948 546 1008 ἰκεῖνοι
601 948 660 1007 δὶ
719 952 1052 1024 ὑπήκουσαν·
1111 953 1194 1012 διὸ
1251 957 1337 1012 καί
1401 959 1732 1036 βοηθοῦνται
1781 960 2000 1016 οἱκατὰ

2110 981 2318 1024 omnes
2332 967 2572 1039 quidem
2596 972 2780 1028 vocati
2805 973 3122 1034 simus.sed
3139 977 3226 1032 illi
3247 979 3761 1044 obedieruntideo

345 1039 550 1096 οἰκείαν
626 1042 878 1118 πρόθεσιν
954 1044 1236 1121 γενόμενοι
1311 1047 1534 1119 κλητοί.
1613 1074 1643 1102 ‹‹
1710 1051 1830 1108 ’Ὁτι
1907 1049 2000 1112 οὕς

469 1130 480 1148 ρ
845 1134 909 1148 .-
1035 1133 1064 1148 ..
1342 1136 1355 1148 .
1546 1139 1558 1148 .
1782 1139 1794 1148 .
1976 1139 1989 1148 .

2112 1055 2290 1112 etiam
2324 1056 2700 1127 adjuvantur,
2735 1061 2836 1133 qui
2870 1064 3198 1122 secundum
3222 1071 3528 1142 proprium
3555 1039 3765 1148 propo-

345 1130 616 1207 προέγνω.
654 1157 676 1184 ι
703 1163 772 1177 -
798 1155 824 1185 ι
845 1134 968 1194 Ὀτι
1001 1133 1112 1200 οῦς,
1147 1160 1177 1190 υ
1197 1136 1446 1194 τουτέστι
1465 1139 1692 1205 τούτους
1713 1139 1842 1203 τοὺς
1862 1139 2001 1197 κατὰ

2111 1144 2293 1201 situm
2326 1147 2513 1203 vocati
2547 1148 2805 1208 fuerunt.
2840 1175 2866 1201 ‹‹
2900 1152 3185 1218 Quoniam
3218 1174 3367 1228 quos
3388 1130 3702 1231 prescivit.
3737 1187 3764 1215 »

347 1219 553 1276 οἰκείαν
621 1221 873 1298 πρόθεσιν
950 1222 1194 1298 κλητοὺς
1267 1223 1442 1295 ὄντας,
1510 1229 1784 1310 προέγνω.
1860 1230 1998 1289 Ἀπὸ

2109 1233 2400 1300 Quoniam
2435 1253 2605 1309 quos,
2634 1238 2694 1294 id
2717 1245 2826 1307 est,
2846 1240 2956 1297 hos
2983 1244 3083 1315 qui
3104 1245 3432 1304 secundum
3455 1249 3762 1323 proprium

347 1314 561 1382 κοινοῦ,
594 1335 621 1364 ι(
653 1313 788 1369 κατὰ
816 1313 1072 1389 πρόθεσιν
1124 1315 1362 1388 κλητοὺς
1410 1313 1588 1382 ὄντας.
1627 1344 1654 1372 ››
1685 1353 1754 1364 -η
1785 1345 1814 1373 κ
1849 1326 1998 1394 Συμ-

2108 1325 2478 1396 propositum
2509 1328 2696 1383 vocati
2724 1313 3321 1404 fueruntprmscivit:
3359 1353 3426 1394 ex
3461 1342 3763 1398 communi

350 1399 618 1480 μόρφους.
673 1425 704 1455 ››
765 1403 938 1480 Ὀπερ
997 1403 1134 1472 ἐστὶ,
1192 1406 1374 1487 φησὶν,
1439 1409 1467 1464 ὁ
1523 1409 1647 1472 Υἱὸς
1709 1414 1806 1466 τοῦ
1865 1413 1999 1466 Θεοῦ

2109 1428 2290 1470 sensu
2314 1414 2703 1487 repetendum
2742 1425 2833 1474 est
2863 1437 2877 1476 :
2912 1443 2938 1469 «
2974 1421 3082 1486 Qui
3116 1425 3440 1482 secundum
3476 1431 3755 1501 proposi-

345 1491 481 1546 κατα
539 1489 696 1568 φύσιν
755 1489 807 1548 ἐν
856 1496 926 1568 τῇ
981 1490 1382 1571 ἐνανθρωπήσει
1428 1494 1620 1570 (δῆλον
1653 1495 1710 1554 δὲ
1741 1499 1816 1564 ὡς
1849 1497 1998 1574 ἅγιος

2108 1504 2234 1558 tum
2264 1503 2453 1559 vocati
2487 1511 2642 1561 sunt.
2678 1526 2708 1556 »
2739 1537 2806 1547 —
2841 1528 2868 1556 ‹‹
2900 1507 3269 1568 Conformes.
3306 1534 3334 1564 »
3357 1489 3524 1580 Quod
3575 1489 3757 1577 Filius

343 1581 434 1636 καὶ
494 1579 923 1659 ἀναμάρτητος),
981 1589 1144 1642 τοῦτο
1201 1587 1292 1643 καὶ
1350 1586 1502 1645 αὐτοὶ
1556 1589 1803 1665 γενόνασι
1861 1591 1997 1647 κατὰ

2107 1590 2211 1646 Dei
2239 1591 2572 1650 secundum
2604 1600 2877 1652 naturain
2915 1603 3002 1653 est
3027 1597 3088 1654 in
3114 1599 3504 1660 humanitatis
3526 1622 3760 1665 assum-

344 1670 527 1746 χάριν·
561 1696 590 1724 ‹‹
627 1671 998 1755 Συμμόρφους
1033 1699 1060 1726 η
1109 1678 1210 1752 γᾶρ
1248 1676 1376 1741 τοὺς
1409 1677 1764 1758 ἰσομόρφους.
1798 1680 1997 1738 Εἰκόνα

2105 1682 2329 1754 ptione,
2365 1690 2527 1756 puta,
2560 1694 2802 1743 sanctus
2833 1693 2892 1744 et
2921 1690 3050 1746 sine
3082 1700 3351 1764 peccato,
3401 1697 3514 1754 hoc
3558 1704 3617 1754 et
3645 1700 3760 1773 ipsi

345 1757 404 1816 δὶ
432 1763 529 1817 τοῦ
584 1763 734 1832 Υἱοῦ,
790 1765 889 1834 τὴν
951 1765 1266 1840 οἰκονομίαν
1324 1765 1502 1838 καλεῖ,
1544 1770 1726 1826 καὶτὸ
1759 1770 1995 1826 ἰντεῦθεν

2107 1772 2435 1830 secundum
2454 1776 2702 1847 gratiam
2718 1776 2853 1834 facti
2888 1786 3057 1835 sunt:
3083 1802 3112 1832 «
3144 1781 3490 1841 Conformes
3514 1808 3542 1838 ››
3574 1757 3757 1857 enim,

721 1819 734 1832 .
805 1819 858 1834 γ.
963 1819 971 1820 κ
1326 1819 1502 1838 την-ην.
1545 1819 1632 1825 ~-—-
1673 1819 1724 1826 --
1760 1819 1990 1826 vnn-vv

341 1849 508 1907 αὐτοῦ
543 1855 722 1926 σῶμα.
771 1854 922 1912 Κατὰ
979 1855 1082 1934 γὰρ
1142 1857 1245 1925 τὴν
1304 1857 1644 1934 οἰκονομίαν,
1675 1860 1994 1942 σύμμορφοι

2107 1819 2435 1830 --ν-κ-κ..-
2454 1819 2702 1847 θυμω-...ι
2718 1819 2853 1834 ...νυ
2889 1819 3057 1835 ..ι-μυ.
3084 1819 3110 1832 ιι
3145 1819 3490 1841 υυιιιυηυσδ
3514 1819 3542 1838 υ
3574 1819 3758 1857 cuuu,

2107 1861 2218 1918 hoc
2249 1867 2358 1930 est,
2387 1863 2600 1920 similis
2621 1864 3191 1940 formastaginem
3218 1878 3416 1930 autem
3439 1875 3571 1931 Filii
3592 1881 3760 1935 vocat

343 1943 435 1998 καὶ
465 1940 694 2022 ἀδελφοὶ
726 1944 892 2001 αὐτοῦ
940 1947 994 2003 οἱ
1044 1946 1340 2025 ἅνθρωποι.
1373 1950 1527 2006 Κατά
1556 1947 1614 2007 δὶ
1641 1953 1742 2022 τήν
1767 1940 1996 2024 θεότητα

2105 1951 2705 2025 dispensationem,et
2732 1972 2947 2030 corpus
2974 1960 3132 2031 quod
3156 1960 3295 2017 inde
3318 1970 3621 2036 sumptum
3645 1972 3751 2024 est.

344 2035 630 2112 Μονογενή
639 2054 664 2097 ς
695 2031 830 2093 ἐστι.

2103 2039 2246 2095 Nam
2280 2040 2611 2098 secundum
2643 2042 3149 2116 dispensationem
3183 2031 3520 2108 conformes
3544 2058 3602 2110 et
3634 2054 3754 2111 fra-

2105 2131 2224 2184 tres
2245 2127 2434 2200 ipsius
2465 2137 2604 2188 sunt
2633 2132 2930 2191 homines.
2992 2135 3328 2197 Secundum
3381 2140 3753 2204 divinitatem

2102 2233 2238 2274 vero
2269 2219 2617 2294 Unigenitus
2647 2228 2738 2280 est
2764 2224 3002 2282 unicus.

411 2359 732 2436 [KYPLL'L]
780 2386 807 2414 «
841 2364 958 2433 Τῆς
1003 2362 1233 2427 εἰκόνος.
1261 2388 1290 2418 υ
1324 2365 1500 2422 Εἰκὼν
1533 2369 1629 2422 τοῦ
1659 2370 1793 2423 Θεοῦ
1823 2366 1903 2428 τίς
1930 2364 1989 2422 ἃν

2175 2364 2331 2422 314
2364 2387 2394 2416 ‹‹
2424 2366 2725 2441 Imaginis.
2750 2392 2780 2420 ››
2814 2371 3096 2437 Quaenam
3131 2375 3232 2433 Dei
3281 2376 3475 2449 imago
3523 2379 3756 2440 intelli-

332 2450 543 2519 νοοῖτο,
594 2457 844 2531 σαφηνιεῖ
898 2449 1072 2530 λέγων
1140 2453 1323 2518 αὐτός’
1385 2458 1647 2532 «Ὥσπερ
1703 2457 1804 2533 γὰρ
1862 2455 1988 2536 ἐφο-

2100 2459 2292 2526 gatur,
2325 2453 2484 2512 idem
2509 2457 2633 2528 ipse
2668 2459 3063 2532 explanatubi
3087 2464 3270 2523 dicit:
3297 2489 3327 2519 «
3360 2469 3754 2534 Quemadmo-

339 2538 567 2615 ρέσαμεν
606 2541 705 2610 τήν
758 2541 939 2599 εἰκόνα
993 2547 1092 2599 τοῦ
1146 2551 1367 2622 χοϊκοῦ,
1427 2546 1741 2622 φορέσωμεν
1771 2547 1861 2601 καὶ
1889 2547 1988 2616 τήν

2100 2543 2242 2600 dum
2275 2544 2434 2601 enim
2465 2547 2822 2616 gestavimus
2853 2551 3173 2627 imaginem
3208 2559 3755 2631 terreni.gestemus

336 2627 521 2685 εἰκόνα
549 2632 644 2686 τοῦ
670 2629 1020 2708 ἐπουρανίου,
1050 2655 1082 2685 »
1139 2636 1406 2706 τουτέστι,
1467 2638 1566 2706 τήν
1623 2634 1674 2691 ἒν
1731 2637 1988 2711 ἁγιασμῷ

2099 2639 2158 2689 et
2187 2633 2510 2708 imaginem
2545 2639 2987 2709 superccelestis
3013 2643 3078 2708 ³³,
3115 2665 3142 2694 ››
3176 2645 3232 2700 id
3267 2654 3356 2703 est
3385 2627 3562 2706 vitam
3621 2669 3751 2724 qum

338 2719 509 2790 ζωήν,
581 2721 683 2790 τήν
756 2723 894 2798 πρὸς
969 2729 1228 2780 παντιοῦν
1303 2725 1611 2800 ἀμώμητον
1679 2724 1984 2783 πολιτείαν.

2098 2723 2160 2779 in
2210 2725 2680 2783 sanctiﬁcatione
2753 2729 3005 2803 degitur,
3059 2738 3567 2795 conversationem
3618 2758 3755 2814 erga

331 2810 535 2885 ’Ὠσπερ
589 2811 693 2888 γὰρ
752 2809 928 2868 εἷ’κόνα
983 2817 1080 2868 τοῦ
1139 2819 1357 2891 χοϊκοῦ,
1425 2815 1723 2887 τουτέστιν,
1785 2814 1985 2890 Ἀδὰμ,

2100 2831 2589 2889 unumquemque
2633 2819 3100 2892 reprehensione
3147 2832 3470 2882 carentem.
3507 2850 3537 2878 «
3596 2830 3758 2886 Sicut

329 2900 430 2968 τὴν
491 2897 546 2955 ἐν
604 2905 856 2978 παρακοῇ
912 2923 971 2958 τε
1027 2902 1114 2958 καὶ
1176 2904 1466 2980 ἁμαρτίαις
1524 2907 1677 2976 ζωὴν·
1717 2904 1854 2961 εἶναί
1884 2927 1987 2986 φα-

2102 2904 2263 2960 enim
2296 2904 2616 2978 imaginem
2642 2909 2886 2971 terreni,
2921 2931 2950 2959 »
2983 2911 3043 2965 id
3078 2918 3186 2981 est,
3237 2915 3448 2982 Adam,
3501 2917 3756 2977 dicimus

335 3009 455 3062 μιν,
520 2990 699 3053 οὓτως
764 2990 854 3046 καὶ
923 2991 1101 3048 εἰκόνα
1171 2997 1269 3049 τοῦ
1331 2991 1674 3069 ἐπουρανίου,
1739 2994 1986 3052 τουτέστι

2101 3009 2230 3048 esse
2261 2993 2462 3057 vitam,
2499 3011 2630 3066 qum
2663 2994 3069 3054 inobedientia
3098 3007 3156 3056 et
3197 3005 3458 3074 peccatis
3509 3007 3704 3079 agitur
3737 3026 3751 3076 ;

333 3084 600 3154 Χριστοῦ,
657 3082 750 3138 τὸν
807 3083 1096 3159 ἁγιασμὸν,
1151 3084 1244 3140 τὸν
1303 3083 1670 3156 δικαιοσύνην,
1728 3087 1828 3154 τὴν
1887 3085 1986 3140 ὑπ-

2097 3102 2126 3133 ‹‹
2159 3083 2246 3137 Ita
2275 3088 2336 3138 et
2362 3082 2683 3152 imaginem
2718 3087 3176 3157 supercaalestis,
3201 3111 3231 3142 »
3263 3092 3322 3148 id
3357 3099 3465 3156 est,
3507 3095 3748 3164 Christi,

332 3171 533 3241 ακοήν.
566 3194 594 3223 ιι
624 3170 722 3233 Εἰς
751 3173 812 3228 τὸ
853 3171 989 3228 εἶναι
1039 3173 1204 3230 αὐτὸν
1253 3175 1618 3250 πρωτότοκον.
1655 3199 1684 3228 ››
1719 3175 1817 3230 Διὰ
1846 3174 1984 3231 πάν-

2104 3170 2662 3240 sanctiﬁcationem,
2689 3174 3012 3245 justitiam,
3044 3178 3467 3240 obedientiam.
3501 3207 3531 3236 ‹‹
3577 3187 3648 3243 Ut
3677 3186 3754 3242 sit

331 3279 439 3316 των
469 3261 570 3333 τήν
603 3259 904 3338 συγγένειαν
927 3263 1088 3336 ἡμῶν
1116 3265 1216 3334 τὴν
1252 3265 1390 3340 πρὸς
1415 3265 1508 3320 τὸν
1537 3265 1770 3339 Χριστὸν
1803 3268 1981 3336 σημᾶ·

2094 3261 2221 3334 ipse
2234 3260 2724 3334 primogenitus.»
2747 3264 2812 3320 In
2827 3265 3105 3322 omnibus
3125 3271 3539 3342 cognationem
3566 3276 3749 3351 signi-

330 3370 419 3406 ναι
452 3349 618 3416 θελει.
646 3351 962 3426 Συγγὲνειαν
995 3349 1074 3419 δὶ,
1095 3354 1194 3423 τὴν
1225 3352 1278 3410 ἐν
1307 3357 1376 3428 τῇ
1409 3353 1700 3427 οἰκονομίᾳ
1725 3361 1828 3424 τῆς
1859 3374 1984 3428 σαρ-

2094 3349 2272 3406 ficare
2304 3351 2466 3423 cupit
2496 3368 2627 3423 quas
2657 3352 2832 3409 nobis
2864 3360 2954 3410 est
2983 3373 3121 3430 erga
3165 3359 3484 3418 Christum.
3519 3349 3748 3438 Cogna~

331 3438 430 3502 κὸς
456 3437 642 3496 αὐτοῦ.
672 3463 700 3490 ‹‹
724 3440 831 3505 Οῦς
852 3439 910 3497 δὶ
931 3441 1228 3518 προώρισε,
1249 3464 1276 3497 ιι
1305 3443 1395 3498 καὶ
1427 3443 1492 3498 τε
1522 3440 1661 3514 ἑξῆς,
1699 3446 1985 3522 Πανταχοῦ

2095 3439 2318 3495 tionem
2350 3438 2617 3510 inquam,
2652 3458 2785 3514 qua)
2812 3443 2992 3500 estin
3046 3446 3494 3519 dispensatione
3551 3437 3749 3513 carnis

331 3528 417 3598 τὸ,
450 3552 478 3579 α
511 3529 646 3585 κατὰ
675 3529 926 3606 πρόθεσιν
967 3529 1208 3605 κλητοὺς
1241 3527 1422 3601 ὄντας,
1455 3555 1484 3584 ››
1516 3532 1869 3601 συνυπάκουε,
1900 3533 1984 3587 ὃτι

2097 3545 2238 3585 suae.
2273 3549 2302 3580 ‹‹
2329 3529 2485 3595 Quos
2517 3535 2714 3586 autem
2745 3532 3158 3604 praedeﬂnivit,
3190 3559 3218 3588 »
3252 3544 3356 3596 etc.
3425 3541 3747 3602 Subaudito

335 3617 434 3679 οῦς
460 3617 733 3697 προέγνω,
774 3619 892 3676 ἀντὶ
922 3625 1044 3688 τοῦ,
1091 3621 1321 3686 τούτους
1371 3621 1499 3684 τοὺς
1528 3621 1663 3677 κατὰ
1691 3623 1975 3697 πρόθεσιν.

2096 3617 2339 3689 ubique,
2373 3639 2402 3669 «
2434 3618 2542 3684 Qui
2575 3621 2905 3678 secundum
2929 3626 3299 3698 pr0positum
3333 3633 3516 3688 vocati
3550 3641 3746 3692 sunt.»

338 3708 449 3770 Οῧς
482 3705 542 3764 δὶ
596 3709 895 3787 προώρισε,
947 3710 1175 3777 τούτους
1229 3713 1318 3768 καί
1378 3712 1652 3784 ἐκάλεσεν,
1692 3713 1824 3776 τοὺς
1853 3714 1989 3768 κατά

2097 3707 2387 3774 Quoniam
2420 3725 2569 3780 quos
2600 3712 2912 3782 praescivit,
2948 3713 3054 3771 hos
3098 3717 3278 3773 etiam
3330 3720 3745 3791 praedeﬁnivit,

333 3799 616 3873 πρόθεσιν.
655 3800 756 3859 Καὶ
810 3801 904 3864 οῦς
961 3799 1234 3874 ἰκάλεσεν,
1267 3801 1493 3866 τούτους
1543 3803 1635 3858 καὶ
1682 3798 1986 3876 ἐδικαίωσε,
2099 3797 3284 3876 quisecundumpropositumsunt;quos
3305 3811 3746 3882 autemprmde-

341 3885 472 3951 τοὺς
529 3891 666 3945 κατᾶ
719 3889 992 3965 πρόθεσιν.
1078 3891 1184 3955 Οῦς
1265 3889 1322 3948 δὲ
1403 3889 1708 3964 ἐδικαίωσε,
1763 3893 1990 3955 τούτους

2101 3887 2308 3954 finivit,
2342 3887 2582 3944 eosdem
2616 3895 2674 3944 et
2704 3892 2945 3953 vocavit.
2981 3893 3081 3965 qui
3116 3894 3442 3953 secundum
3468 3901 3742 3971 proposi-

341 3975 433 4032 καί
463 3975 700 4051 ἑδόξασε,
731 3980 899 4036 πάλιν
945 3981 1030 4050 τὸ,
1078 3982 1214 4038 κατὰ
1258 3981 1511 4058 πρόθεσιν
1537 3981 1780 4054 κλητοὺς
1812 3980 1988 4044 ὄντας.

2103 3983 2226 4034 tum
2259 3984 2399 4033 sunt
2431 4003 2444 4043 ;
2479 3983 2538 4032 et
2567 3994 2716 4050 quos
2746 3981 2990 4041 vocavit.
3024 3983 3264 4040 eosdem
3295 3990 3354 4041 et
3377 3987 3742 4059 justiﬁcavit,

341 4069 461 4125 Ἵνα
521 4069 600 4143 μή
656 4068 857 4126 ἄτοπον
915 4071 1147 4144 ἀπαντᾷ,
1206 4072 1253 4129 εἰ
1311 4073 1340 4128 ὁ
1397 4072 1527 4136 Θεὸς
1579 4073 1730 4136 τινὰς
1791 4073 1884 4147 μὶν
1933 4072 1989 4128 εῦ

2103 4068 2204 4140 qui
2236 4067 2562 4125 secundum
2596 4070 2966 4141 propositum
2993 4078 3133 4128 sunt
3163 4091 3177 4141 ;
3202 4092 3350 4148 quos
3380 4095 3512 4134 vero
3523 4079 3749 4151 justifi-

343 4153 592 4232 ἐποίησε,
620 4158 767 4224 τινὰς
798 4157 856 4217 δὶ
885 4159 967 4217 οῦ.
1019 4161 1094 4219 Τὸ
1154 4159 1211 4219 δὲ
1267 4186 1296 4215 α
1327 4163 1462 4219 κατὰ
1514 4161 1767 4238 πρόθεσιν
1803 4186 1832 4215 ››
1864 4183 1991 4218 συν-

2105 4161 2276 4226 cavit,
2309 4161 2416 4217 hos
2457 4165 2516 4216 et
2562 4159 2934 4232 glorificavit,
2982 4180 3222 4222 rursum
3272 4169 3373 4240 qui
3424 4173 3750 4230 secundum

343 4248 773 4323 υπακουόμινον,
810 4250 986 4306 αὐτῶν
1044 4256 1194 4308 ποιεῖ
1246 4252 1309 4308 τὸ
1365 4250 1696 4327 κατόρθωμα
1723 4255 1828 4306 τῶν
1861 4249 1996 4306 κατᾶ

2105 4249 2476 4322 propositum
2513 4249 2698 4304 vocati
2731 4255 2870 4306 sunt
2903 4268 2916 4319 ;
2952 4257 3020 4308 ut
3061 4254 3213 4310 nihil
3254 4256 3497 4314 absurdi
3551 4277 3756 4318 occur-

345 4335 548 4393 οἰκείαν
606 4339 861 4415 πρόθεσιν
921 4341 1342 4409 πιστευσάντων,
1397 4339 1486 4396 καὶ
1518 4339 1994 4417 προσωποληψίας

2107 4345 2218 4406 rat,
2255 4337 2302 4393 si
2335 4335 2692 4409 quibusdam
2725 4341 2880 4396 Deus
2911 4341 3225 4414 benefacit,
3245 4347 3600 4417 quibusdam
3623 4367 3757 4423 vero

345 4425 683 4485 ἀπαλλάττει
738 4430 831 4485 τὸν
893 4429 1044 4499 Θεόν.
1106 4454 1134 4482 ‹‹
1189 4431 1426 4493 Τούτους
1479 4431 1570 4486 καὶ
1628 4428 1932 4487 ἐδικαίωσε.
1969 4453 1997 4481 ››

2109 4442 2250 4482 non.
2284 4427 2428 4483 Cum
2455 4432 2654 4484 autem
2689 4429 3065 4498 subauditur,
3098 4455 3126 4484 «
3163 4434 3500 4494 Secundum
3541 4457 3761 4514 propo-

345 4517 444 4573 Διά
505 4523 604 4587 τῆς
671 4522 768 4574 τοῦ
833 4517 1068 4596 λουτροῦ
1141 4517 1576 4595 παλιγγενεσίας.
1658 4544 1686 4572 ››
1760 4519 2000 4583 Τούτους

2112 4517 2312 4585 situm,
2349 4539 2377 4567 »
2420 4516 2699 4573 statuitur
2739 4518 2980 4577 illorum
3040 4525 3226 4581 virtus
3276 4527 3376 4599 qui
3433 4529 3761 4590 secundum

561 4577 601 4587 ,μ
971 4577 981 4596 ,
1292 4577 1340 4595 ,,
1542 4577 1552 4582 -
1986 4577 1997 4583 -

343 4606 437 4661 καὶ
495 4604 732 4680 ἐδόξασε.
766 4631 796 4661 ››
857 4609 953 4666 Διὰ
1009 4615 1116 4666 τῶν
1175 4613 1532 4687 χαρισμάτων
1565 4611 1663 4680 τῆς
1704 4610 1996 4675 υἱοθεσίας.

2302 4577 2311 4585 1
3079 4577 3113 4578 ρ
3142 4577 3223 4581 κ---
3282 4577 3376 4599 τ--
3433 4577 3759 4590 ---πμ-...κ

2111 4607 2419 4679 proprium
2437 4608 2810 4680 propositum
2826 4611 3296 4682 crediderunt,et
3324 4633 3358 4673 a
3372 4634 3759 4688 personarum

2111 4702 2385 4768 respectu
2413 4698 2566 4754 Deus
2598 4697 2905 4756 liberatur.
2943 4723 2970 4752 ‹‹
2993 4703 3107 4758 Hos
3136 4709 3194 4759 et
3207 4704 3576 4776 justiﬁcavit.
3602 4733 3630 4760 »
3652 4712 3765 4768 Per

2111 4786 2324 4842 lavacri
2343 4789 2878 4861 regenerationem.
2900 4813 2929 4841 «
2949 4793 3061 4847 Eos
3087 4798 3145 4848 et
3168 4793 3536 4867 gloriﬁcavit.
3587 4823 3616 4851 »
3650 4803 3764 4858 Per

2111 4875 2269 4932 dona
2297 4892 2402 4933 seu
2434 4878 2678 4933 effectus
2707 4879 3064 4951 adoptionis.

418 4991 482 5052 Τί
535 4992 634 5050 οῦν
693 4993 922 5069 ἐροῦμεν
979 4995 1118 5069 πρὸς
1197 4999 1402 5066 ταῦτα;
1464 4997 1526 5054 Εἰ
1583 4999 1612 5054 ὀ
1683 4999 1812 5056 Θεὸς
1868 5000 1998 5074 ὑπὲρ

2185 5003 2524 5063 VIII.3l-34.
2547 5005 2743 5070 «Quid
2766 5022 2901 5078 ergo
2925 5006 3192 5066 dicemus
3215 5012 3289 5068 ad
3312 5013 3438 5072 hac
3461 5015 3489 5070 ἰ’
3532 5017 3589 5073 Si
3611 5021 3761 5076 Deus

348 5083 532 5155 ἡμῶν,
561 5083 646 5147 τίς
685 5085 806 5140 καθ’
858 5081 1058 5158 ἠμῶν;
1103 5085 1200 5148 ’ος
1256 5106 1317 5162 γε
1369 5090 1472 5142 τοῦ
1531 5083 1672 5144 ἰδίου
1725 5087 1852 5144 Υίου
1902 5089 2001 5146 οὑκ

2112 5115 2141 5144 ‹‹
2164 5110 2270 5166 pro
2294 5091 2626 5164 nobis,quis
2645 5099 2853 5151 contra
2873 5111 2982 5152 nos
3005 5097 3032 5154 ?
3053 5099 3161 5164 Qui
3198 5103 3438 5174 proprio
3469 5105 3616 5164 Filio
3640 5125 3761 5168 non

348 5171 616 5249 ἐφείσατο,
695 5172 819 5230 ἀλλ’
897 5173 1031 5247 ὑπὲρ
1114 5175 1275 5247 ἡμῶν
1377 5176 1593 5232 πάντων
1694 5175 2000 5255 παρέδωκεν

2112 5203 2140 5233 ‹‹
2163 5181 2556 5254 perpecit,sed
2571 5199 2675 5254 pro
2689 5183 2862 5239 nobis
2875 5187 3152 5245 omnibus
3168 5171 3412 5249 tradidit
3426 5194 3595 5253 illum
3615 5215 3759 5270 :quo

347 5261 533 5333 αὐτὸν,
597 5267 717 5327 πῶς
778 5262 916 5342 οὖχί
983 5264 1071 5320 καὶ
1140 5263 1233 5321 σὺν
1299 5266 1452 5339 αὐτῷ
1514 5268 1580 5322 τὰ
1627 5267 1801 5326 πάντα
1865 5269 2002 5340 ἡμῖν

2112 5292 2141 5322 ‹‹
2157 5277 2327 5343 pacto
2343 5287 2462 5328 non
2478 5272 2655 5332 etiam
2671 5289 2806 5331 cum
2820 5273 2923 5331 illo
2938 5279 3139 5335 omnia
3152 5280 3325 5338 nobis
3342 5261 3763 5354 donabit?Q.uis

349 5352 680 5433 χαρίσεταις
745 5352 849 5416 Ti:
921 5351 1198 5430 ὶγκαλέσει
1263 5355 1407 5412 ’κατὰ
1449 5354 1749 5449 ,ἐκλεκτῶν
1825 5362 2004 5449 e205,;

2112 5382 2140 5412 ιι
2163 5361 2757 5421 aocusabitadversus
2770 5364 2996 5424 electos
3009 5368 3152 5426 Dei?
3168 5377 3322 5429 Deus
3339 5379 3430 5429 est
3444 5351 3767 5449 quijusﬁti'ﬂ-

351 5443 483 5508 Θεὸς
558 5443 590 5503 ὁ
663 5440 912 5514 δικαιῶν,
955 5446 1056 5508 ’.τίς
1127 5443 1160 5500 ὁ
1231 5443 1611 5522 κατακρίνων;
1657 5446 1906 5525 Χριστὸς
1969 5447 2000 5505 ὁ

2111 5470 2140 5503 ‹‹
2153 5451 2410 5526 cat,quis
2422 5451 2524 5510 ille
2536 5453 2639 5526 qui
2649 5454 3010 5518 condemnet
3031 5457 3060 5514 ?
3071 5457 3339 5522 Christus
3352 5440 3482 5541 qui-
3493 5440 3761 5530 mortuus

415 5599 462 5638 ³³
500 5558 689 5657 ιόότ.
731 5617 825 5664 xv,
867 5555 957 5656 46.

671 5695 951 5794 Pauor...
994 5729 1115 5791 Gn.
1157 5726 1429 5794 oxvm.
3373 5745 3448 5804 ιθ
