4222 6194
471 285 586 346 491

1597 262 2013 330 (EGUMENII
2057 260 2367 323 TRICCIE
2409 259 2763 324 EPISGOPI

3773 262 3896 322 492

475 442 504 472 ‹‹
528 423 635 487 est,
659 415 846 488 magis
883 416 1082 467 autem
1107 413 1168 464 et
1209 405 1529 462 suscitatus
1552 406 1676 456 est:
1702 401 1802 472 qui
1835 403 1894 453 et
1923 403 2015 453 est
2043 395 2106 452 ad

2229 391 2535 488 αποθανιὶιν,
2599 392 2815 468 μᾶλλον
2875 390 2933 450 δὲ
2977 395 3080 488 ,καὶ
3157 391 3418 470 ἐγερθεὶς,
3478 388 3538 454 ὅς
3603 389 3694 447 καὶ
3749 388 3892 448 ἔστιν

475 531 503 560 ‹‹
537 485 841 564 dexteram
870 499 994 566 Dei,
1025 495 1126 569 qui
1155 494 1334 550 etiam
1395 489 1710 547 intercedit
1742 503 1849 560 pro
1865 485 2059 542 nobis.
2094 506 2122 535 ιι

544 741 574 770 ‹‹
605 717 756 786 Quid
779 732 914 790 ergo
938 714 1207 770 dicemus
1241 709 1318 767 ad
1339 707 1558 765 haec?»
1611 707 1918 777 Tanquam
1945 702 2130 760 dixis-

473 815 564 867 set
597 826 610 864 :
645 807 788 863 Cum
821 806 947 862 haec
973 805 1056 859 ita
1086 803 1224 867 sint,
1257 815 1433 856 nemo
1453 797 1736 869 deinceps
1757 795 1831 851 ob
1854 793 2128 850 afflictio-

475 915 584 955 nes
616 903 719 954 aut
748 894 1013 970 pericula
1043 909 1172 965 quae
1203 890 1301 946 hic
1333 888 1685 960 contingunt
1724 884 1904 940 verba
1931 883 2126 940 faciat.

477 987 628 1055 Quid
659 987 820 1043 enim
851 984 968 1040 dici
1001 985 1197 1054 potest
1226 978 1296 1034 ad
1319 983 1548 1033 tantam
1595 975 1696 1030 Dei
1745 973 2072 1030 bonitatem
2103 970 2132 1027 ‘I

472 1099 499 1128 α
535 1075 684 1144 Quid
717 1091 853 1147 ergo
885 1073 1154 1128 dicemus
1183 1068 1257 1126 ad
1289 1068 1415 1124 haec
1446 1066 1473 1120 ?
1507 1087 1533 1114 ››
1584 1065 1868 1130 Quaenam
1897 1062 1932 1116 Ρ
1961 1059 2128 1127 Quod

473 1164 883 1240 pradeﬁnivit,
917 1161 1078 1234 quod
1109 1157 1354 1224 vocavit,
1392 1154 1550 1228 quod
1575 1153 1943 1225 justificavit,
1969 1150 2129 1223 quod

473 1253 870 1330 glorificavit:
924 1251 998 1307 ad
1027 1254 1252 1305 tantam
1309 1243 1737 1301 beneﬁciorum
1793 1240 2127 1298 ubertatem

475 1329 616 1417 quid
648 1344 917 1399 dicemus
947 1341 974 1396 ?
1017 1341 1215 1409 Neque
1285 1333 1608 1409 gratiarum
1667 1331 1815 1388 315
1878 1329 2128 1386 actionis

476 1432 873 1498 sermonibus,
921 1428 1137 1500 inquit,
1186 1440 1382 1497 neque
1430 1437 1678 1495 cperum
1735 1419 2128 1475 retributione

473 1522 848 1579 abundamus
878 1523 982 1574 aut
1010 1516 1375 1573 sufficientes
1395 1529 1600 1569 sumus
1634 1528 1647 1566 :
1676 1515 1843 1566 tanta
1869 1515 1956 1565 est
1975 1507 2128 1564 inef—

471 1612 673 1668 fabilis
713 1611 901 1684 ipsius
933 1607 1090 1681 apud
1121 1623 1229 1662 nos
1291 1603 1498 1678 gratia.
1561 1599 1783 1657 Deinde
1841 1605 2128 1670 tanquam

471 1707 709 1774 sumpto
741 1701 884 1756 hinc
913 1697 1339 1760 additamento,
1371 1693 1454 1748 ait
1483 1709 1496 1747 :
1533 1713 1560 1741 «
1597 1690 1652 1746 Si
1684 1689 1840 1745 Deus
1867 1705 1973 1760 pro
2020 1704 2126 1742 no-

2240 482 2293 539 ἐν
2371 480 2518 554 δεξιᾷ
2587 487 2686 538 τοῦ
2787 487 2942 556 Θεοῦ,
3019 482 3077 547 ὅς
3175 483 3268 538 καὶ
3361 481 3676 560 ἐντυγχάνει
3753 480 3884 559 ὑπὲρ

2237 574 2271 642 ἠ
2284 577 2419 646 μῶν.

2317 717 2434 774 «Ti
2497 713 2589 771 οὖν
2647 717 2873 794 ἐροῦμεν
2929 717 3068 792 πρὸς
3123 720 3330 786 ταῦτα;
3373 739 3394 768 ι
3457 716 3545 777 Ὧς
3605 715 3650 771 εἰ
3709 710 3888 790 ἔλεγε,

2234 805 2452 862 Τούτων
2505 805 2676 869 οὕτως
2735 803 2926 876 ὅντων,
2991 803 3184 880 μηδεῖς
3241 804 3434 862 λοιπὸν
3481 805 3606 879 περὶ
3641 809 3748 861 τῶν
3779 802 3904 860 ὦδε

2232 899 2550 970 πειρασμῶν
2607 897 2643 965 ἢ
2701 895 2962 951 κινδύνων
3041 894 3456 970 λογοποιείσοω.
3518 893 3579 952 Τί
3649 897 3748 969 γὰρ
3807 891 3888 960 ἔνι

2233 983 2400 1039 εἰπεῖν
2459 984 2596 1060 πρὸς
2658 985 2757 1054 τήν
2833 985 3102 1056 τοσαύτην
3189 984 3498 1062 ἀγαθὸτητα
3553 989 3650 1038 τοῦ
3707 987 3884 1050 eam”);

2234 1075 2529 1149 -[ΦΩΤ.]
2573 1099 2601 1126 ‹‹
2633 1075 2699 1133 Τί
2747 1072 2838 1130 οὖν
2895 1075 3124 1150 ἐροῦμεν
3177 1074 3314 1150 πρὸς
3371 1077 3581 1142 uita;
3639 1097 3666 1124 ιι
3717 1077 3894 1142 Ποῖας

2233 1163 2351 1218 Ὅτι
2416 1163 2748 1240 προώρισεν,
2805 1163 2891 1219 ὅτι
2948 1162 3223 1232 ἐκάλεσεν,
3283 1161 3368 1220 ὅτι
3434 1160 3894 1232 ἐδικαιωσεν,δτι

2235 1249 2472 1324 ἐδόξασε,
2546 1255 2683 1327 πρὸς
2765 1253 3033 1323 τοσαύτην
3113 1251 3370 1330 ἀφθονίαν
3438 1251 3777 1328 εὐεργεσιῶν,
3837 1251 3894 1306 τί

2235 1339 2498 1417 ἐροῦμεν;
2557 1340 2698 1400 Οὐδέ
2755 1341 3110 1417 εὖχαρίστων,
3169 1340 3328 1416 φησὶ,
3385 1339 3568 1415 λόγων
3625 1337 3892 1415 εύποροῦο

2237 1449 2350 1500 μεν,
2388 1431 2466 1502 μή
2496 1451 2548 1485 τι
2579 1451 2643 1505 γε
2690 1428 2858 1506 ἔργων
2913 1425 3180 1504 ἀμοιϐῆς,
3239 1429 3475 1501 τοσαύτη
3509 1428 3652 1486 ἐστὶν
3685 1430 3892 1509 ἄφατος

2235 1515 2398 1572 αὐτοῦ
2429 1519 2463 1586 ἡ
2493 1519 2617 1593 περί
2663 1519 2811 1592 ἡμᾶς
2869 1519 3051 1595 χάρις.
3111 1518 3244 1576 Εἶτα
3299 1514 3482 1594 ὥσπερ
3513 1516 3760 1592 πόρισμα
3790 1515 3890 1574 λα-

2235 1599 2346 1660 ϐὼν
2378 1605 2628 1676 ἐντεῦθεν,
2655 1606 2841 1686 φησίν·
2879 1633 2906 1660 α
2933 1607 2992 1664 Εἰ
3041 1607 3068 1663 6
3119 1607 3250 1671 Θεὸς
3279 1607 3410 1682 ὑπὲρ
3439 1607 3626 1679 ἡμῶν,
3656 1606 3741 1671 τίς
3770 1607 3894 1662 καθ’

2233 1694 2392 1766 ἡμῶν
2418 1713 2432 1763 ;
2471 1720 2491 1746 ιι
2527 1693 2738 1758 Ουδείς.
2765 1695 2874 1752 Κᾶν
2902 1696 3006 1773 γὰρ
3037 1717 3178 1759 τινες
3225 1693 3486 1772 βλάπτειν
3515 1695 3891 1773 ἐπιχειρήσω-

470 1791 585 1859 bis,
631 1791 763 1863 quis
791 1793 998 1845 contra
1029 1803 1136 1842 nos
1155 1785 1183 1840 ?
1215 1807 1244 1835 ››
1267 1782 1476 1838 Nullus
1511 1799 1524 1846 ;
1559 1796 1696 1836 nam
1725 1779 1863 1834 licet
1883 1777 2106 1849 quidam

2237 1804 2342 1851 σιν,
2375 1783 2436 1840 ού
2471 1785 2799 1860 βλάψουσιν,
2832 1785 2959 1840 ἀλλ’
2989 1783 3362 1862 ὠφελήσουσι.
3397 1785 3564 1850 Πόθεν
3597 1783 3767 1856 δῆλον
3801 1785 3892 1842 ὅτι

471 1895 690 1935 nocere
717 1877 1098 1944 tentaverint,
1119 1890 1236 1929 non
1267 1870 1590 1932 nocebunt,
1623 1867 1726 1924 sed
1773 1867 2121 1940 proderunt.

473 1969 688 2023 Verum
729 1965 887 2022 unde
917 1963 1300 2020 manifestum
1325 1965 1436 2028 est,
1469 1957 1628 2030 quod
1649 1958 1802 2014 Deus
1823 1973 1929 2029 pro
1952 1955 2124 2011 nobis

470 2064 550 2120 sit
576 2061 602 2117 ‘I
625 2062 696 2115 Et
725 2075 797 2115 ex
827 2058 918 2112 his
943 2072 1072 2128 quae
1104 2055 1262 2109 dicta
1292 2057 1452 2116 sunt,
1499 2055 1557 2105 et
1588 2047 1748 2120 quod
1801 2048 2123 2102 maximum

471 2158 946 2219 est,omnemque
977 2150 1240 2200 mentem
1271 2143 1332 2196 in
1365 2147 1666 2212 stuporem
1697 2137 1930 2210 redigit,
1966 2135 2122 2208 quod

471 2258 578 2316 pro
611 2239 784 2296 nobis
808 2237 954 2292 Filio
984 2233 1224 2307 proprio
1253 2247 1372 2287 non
1389 2229 1738 2302 pepercit.Si
1763 2228 1940 2300 igitur
1967 2227 2123 2282 Deus

469 2350 578 2408 pro
609 2329 783 2386 nobis
814 2334 921 2394 est,
957 2325 1340 2381 manifestum
1367 2320 1524 2394 quod
1555 2319 1758 2375 omnia
1786 2317 1860 2374 ad
1883 2317 1942 2372 id
1963 2316 2122 2390 quod

470 2421 618 2477 utile
648 2425 738 2476 est
764 2416 1107 2482 transferre,
1127 2419 1185 2470 et
1215 2429 1346 2484 quae
1381 2411 1572 2466 tristia
1601 2408 2118 2479 videntur,utgau-

467 2511 632 2567 dium
663 2503 1228 2570 concilient,efficiet
1261 2518 1273 2554 :
1307 2497 1804 2572 quemadmodum
1827 2501 1880 2551 et
1901 2495 2120 2567 inipsis

463 2598 748 2672 apostolis
761 2614 831 2653 ac
845 2587 2118 2665 martyribus,tribulationes.persecutiones

467 2705 534 2744 ac
565 2693 789 2744 mortes
817 2685 959 2740 fecit
988 2681 1334 2739 occasiones
1365 2695 1495 2734 esse
1525 2692 1878 2732 coronarum
1895 2692 1962 2730 ac
1986 2673 2116 2730 bra-

461 2778 718 2842 viorum,
742 2781 800 2831 et
829 2772 1207 2831 conciliativa
1237 2769 1400 2842 regni
1432 2766 1738 2824 caelorum.
1799 2765 1891 2820 Sic
1941 2764 2119 2837 igitur

463 2874 524 2925 et
551 2865 869 2926 nos.modo
899 2879 1018 2920 non
1045 2860 1410 2920 deﬁciamus,
1429 2857 1631 2913 nullus
1657 2855 1972 2911 adversum
2003 2870 2111 2910 nos

463 2957 790 3030 quidquam
811 2953 1046 3029 poterit.
1075 2949 1280 3006 Posuit
1299 2953 1520 3012 autem,
1546 2967 1574 2996 ιι
1608 2945 1714 3010 Qui
1763 2943 2000 3016 proprio
2023 2942 2114 2998 Fi-

454 3048 540 3103 lio
571 3063 692 3102 non
729 3043 1015 3117 pepercit,
1049 3063 1077 3090 »
1107 3045 1243 3105 etc.,
1289 3035 1468 3093 simul
1501 3039 1559 3090 et
1613 3031 1978 3089 ineffabilem
2016 3031 2112 3086 Ι,ιεί

459 3134 884 3208 providentiam
913 3133 1072 3188 circa
1101 3145 1232 3191 nos,
1265 3131 1330 3182 ut
1364 3125 1642 3188 diximus,
1677 3121 2019 3196 ostendens,
2055 3125 2112 3176 et

455 3225 504 3280 si
538 3223 678 3294 quid
695 3221 984 3278 molestia:
1017 3217 1088 3273 ab
1111 3216 1412 3288 aliquibus
1445 3214 1706 3285 patimur
1727 3211 2020 3268 sustinere
2041 3226 2110 3266 ac

455 3311 706 3366 viriliter
735 3309 991 3365 tolerare
1021 3307 1132 3362 hoc
1157 3304 1427 3375 exemplo
1485 3301 1807 3358 adhortans
1834 3317 1846 3355 :
1907 3315 2016 3354 nec
2051 3296 2108 3352 id

463 3398 676 3464 solum,
712 3413 916 3452 verum
949 3397 1127 3450 etiam
1159 3391 1502 3448 refocillans
1536 3406 1602 3444 ac
1633 3389 1926 3461 mitigans.
1962 3389 2105 3443 Nam

459 3487 508 3544 si
543 3489 707 3542 tanta
735 3484 918 3540 Filius
949 3497 1055 3554 pro
1091 3487 1144 3536 te
1179 3496 1388 3552 passus
1421 3483 1529 3544 est,
1563 3475 1706 3548 quid
1737 3483 1793 3532 te
1825 3493 1928 3548 pro
1979 3476 2105 3548 ipso

455 3574 579 3649 pati
609 3577 842 3645 oportet
869 3572 896 3626 ‘I
921 3572 1068 3625 Item
1099 3569 1148 3624 si
1181 3567 1280 3623 ille
1313 3583 1446 3622 cum
1469 3572 1632 3620 tanta
1659 3581 1867 3636 passus
1887 3565 1983 3628 sit,
2013 3564 2105 3618 ni-

456 3663 542 3720 hil
575 3669 774 3719 tamen
797 3665 1058 3734 paternae
1079 3656 1282 3730 glorias
1305 3659 1409 3710 aut
1429 3653 1751 3710 divinitatis
1775 3653 1888 3724 ipsi
1909 3651 2102 3708 detra-

453 3759 614 3811 ctum
641 3757 731 3808 est
749 3767 762 3806 :
779 3765 972 3822 neque
997 3753 1058 3803 tu
1080 3763 1214 3803 cum
1238 3745 1364 3800 huic
1383 3743 1628 3816 pateris,
1645 3743 1901 3814 teipsum
1921 3741 2104 3812 parvi-

452 3841 682 3917 pendas
715 3837 1000 3896 :omnino
1033 3835 1194 3892 enim
1225 3833 1403 3889 etiam
1435 3836 1566 3904 post
1613 3829 2002 3888 al‘ﬂictionom
2034 3847 2103 3886 ac

451 3937 704 3988 mortem
735 3929 948 4001 ipsam,
981 3922 1409 3998 promissiones
1441 3919 1789 3991 accipiesln
1817 3934 1884 3973 eo
1903 3923 2100 3974 autem

454 4021 613 4094 quod
639 4021 907 4092 sequitur
941 4036 952 4072 :
987 4041 1012 4064 ‹‹
1049 4017 1172 4082 Ωιιο
1207 4019 1376 4088 pacto
1415 4027 1534 4067 non
1593 4011 1772 4066 etiam
1830 4025 1963 4064 cum
1997 4009 2098 4064 illo

455 4113 658 4170 omnia
685 4109 982 4166 donabit?
1015 4132 1042 4158 ››
1075 4106 1430 4163 confirmare
1460 4101 1584 4158 vult
1611 4100 1769 4172 quod
1801 4099 1966 4155 nulla
1999 4117 2095 4155 oc-

449 4204 690 4260 casione
749 4208 850 4258 aut
901 4204 1208 4274 praetextu,
1269 4197 1422 4253 dono
1471 4193 1742 4250 frustrari
1774 4191 2090 4264 possimus.

447 4314 477 4344 α
509 4292 656 4350 Cum
687 4292 839 4364 ipso,
872 4291 972 4356 ait,
999 4289 1200 4344 omnia
1223 4285 1396 4342 nobis
1420 4282 1681 4340 donabit.
1711 4303 1737 4331 ››
1780 4283 1948 4336 Dices
1974 4281 2094 4336 for-

445 4385 641 4451 tassis,
667 4383 862 4454 inquit
885 4399 896 4436 :
933 4377 1253 4450 Nequando
1285 4375 1474 4431 nostri
1500 4373 2090 4443 obliviscaturAtqui

443 4474 526 4529 ita
547 4479 605 4530 et
626 4471 1230 4528 Filiioblivisceretnr
1261 4485 1273 4523 :
1310 4482 1448 4522 nam
1504 4481 1638 4520 cum
1689 4465 1817 4535 ipso
1877 4468 2090 4518 cuncta

2239 1873 2370 1948 ὑπὲρ
2415 1876 2577 1947 ήμῶν
2610 1875 2638 1930 6
2669 1875 2839 1944 Θεός;
2899 1875 2998 1930 “Ex
3051 1896 3110 1930 τε
3165 1879 3273 1930 τῶν
3323 1875 3764 1951 προειρημένων,
3795 1874 3892 1932 καὶ

2232 1961 2294 2016 τὸ
2329 1964 2576 2037 μέγιστον
2610 1964 2698 2018 καὶ
2749 1967 2920 2018 πᾶσαν
2977 1961 3283 2030 ἱκπλῆττον
3341 1959 3606 2032 διάνοιαν,
3639 1967 3724 2022 ὅτι
3759 1965 3902 2042 ὑπὶρ

2235 2053 2396 2125 ἡμῶν
2448 2057 2545 2107 τοῦ
2599 2050 2738 2107 ἰδίου
2797 2054 2928 2107 Υἱοῦ
2988 2052 3086 2108 οὐκ
3133 2053 3401 2126 ἐφείσατο.
3473 2053 3539 2112 Εἰ
3577 2052 3670 2108 οὖν
3703 2055 3732 2110 ὁ
3763 2055 3900 2118 Θεὸς

2235 2141 2367 2214 ὑπὲρ
2393 2143 2576 2213 ἡμῶν,
2610 2140 2782 2211 δῆλον
2835 2141 2918 2198 ὅτι
2967 2143 3140 2198 πάντα
3185 2142 3263 2207 εἰς
3313 2141 3585 2223 συμφὲρον
3617 2145 3896 2216 μεταστή-

2233 2251 2334 2297 σει,
2369 2230 2556 2286 καὶτὰ
2605 2229 2870 2287 δοκοῦντα
2923 2231 3166 2306 λυπηρὰ,
3225 2238 3399 2308 χαρᾶς
3455 2233 3682 2308 πρόξενα
3712 2253 3889 2308 παρα-

2231 2321 2498 2386 σκευάσει,
2547 2317 2730 2396 ὥσπερ
2777 2321 2867 2375 καὶ
2916 2320 3004 2375 ἐπὶ
3051 2325 3160 2376 τῶν
3207 2320 3529 2376 ἀποστόλων
3583 2322 3759 2378 αὐτῶν
3793 2322 3886 2378 καὶ

2228 2413 2335 2462 τῶν
2378 2409 2666 2485 μαρτύρων
2719 2410 2814 2471 τὰς
2873 2409 3085 2482 θλίψεις
3131 2410 3220 2465 καὶ
3279 2411 3405 2472 τοὺς
3463 2408 3742 2488 διωγμοὺς
3792 2411 3886 2466 καί

2229 2497 2356 2561 τοὺς
2429 2499 2688 2561 θανάτους
2771 2499 3020 2554 ὑπόθεσιν
3097 2500 3370 2576 στεφάνων
3447 2499 3538 2554 καὶ
3607 2497 3885 2575 βραϐείων

2227 2584 2547 2656 ἐποιήσατο,
2610 2589 2696 2642 καὶ
2771 2588 3000 2662 πρόξενοι
3063 2595 3163 2658 τῆς
3233 2587 3515 2664 βασιλείας
3566 2593 3674 2644 τῶν
3714 2590 3884 2666 ούρα-

2226 2681 2354 2734 νῶν.
2411 2677 2601 2740 (ιῦτως
2660 2679 2776 2747 οὖν,
2835 2678 2893 2733 ἂν
2955 2680 3119 2752 ἡμεῖς
3181 2677 3346 2753 μόνον
3407 2681 3484 2752 μὴ
3537 2678 3877 2753 ἑκλυθῶμεν,

2227 2763 2405 2828 οὐδεὶς
2441 2765 2619 2846 ἰσχύει
2649 2768 2765 2821 καθ’
2815 2769 2999 2842 ἡμῶν.
3050 2769 3266 2832 Τὲθεικε
3297 2766 3354 2824 δὲ
3382 2769 3465 2840 τὸ,
3501 2793 3528 2820 ι(
3563 2769 3660 2831 ’ος
3692 2790 3753 2846 γε
3779 2773 3878 2826 τοῦ

2229 2853 2369 2910 ἰδίου
2401 2857 2528 2910 Υἱοῦ
2559 2857 2662 2912 οὐκ
2691 2856 2960 2934 ἐφείσατο,
3013 2882 3042 2909 ι»
3089 2858 3179 2912 καὶ
3237 2858 3386 2928 ἑξῆς,
3417 2860 3516 2930 τήν
3548 2879 3610 2914 τε
3639 2857 3892 2934 κηδεμο-

2225 2945 2342 2999 νίαν
2396 2946 2495 3014 τὴν
2550 2943 2776 3026 ἄφατον,
2840 2946 2913 3009 ὡς
2973 2945 3203 3027 ἔφημεν,
3261 2951 3360 3002 τοῦ
3415 2951 3550 3004 Θεοῦ
3589 2948 3894 3022 περίἠμᾶς

2223 3030 2658 3107 ἀνδεικνύμενος,
2719 3034 2811 3090 καὶ
2870 3037 2980 3108 ἅμα
3033 3033 3087 3091 εἷ’
3135 3057 3189 3091 τι
3245 3033 3508 3112 δυσχερὲς
3565 3037 3668 3092 ὑπό
3717 3057 3879 3092 τινων

2223 3126 2531 3200 πάσχομεν,
2593 3123 2880 3196 ὑπομένειν
2938 3125 3028 3180 καὶ
3085 3131 3362 3201 καρτερεῖν
3425 3121 3516 3181 διὰ
3570 3129 3667 3182 τοῦ
3706 3129 3884 3202 παρά-

2222 3211 2515 3288 δείγματος
2545 3219 2847 3289 παραινῶν.
2897 3214 2973 3272 Ού
3028 3215 3193 3288 μόνον
3237 3213 3324 3284 δὲ,
3355 3213 3502 3270 ἀλλὰ
3529 3215 3620 3270 καὶ
3651 3217 3889 3278 ἀνακτώ,

2219 3325 2379 3377 μενος
2426 3303 2513 3360 καὶ
2560 3307 2910 3380 παρηγορῶν,
2964 3304 3026 3361 Εἰ
3079 3305 3184 3380 γὰρ
3237 3305 3266 3360 ὁ
3317 3305 3438 3366 Υἳὸς
3490 3305 3624 3380 ὑπὲρ
3669 3310 3765 3360 σοῦ
3791 3327 3882 3362 το-

2217 3399 2384 3448 σκῦτα
2432 3392 2614 3462 ἔπαθε,
2677 3393 2728 3448 τί
2781 3414 2837 3450 σε
2884 3396 2996 3470 χρὴ
3047 3397 3233 3450 παθεῖν
3291 3395 3425 3470 ὑπὲρ
3461 3393 3661 3463 αὐτοῦς
3703 3396 3792 3450 καὶ
3829 3395 3875 3450 εἰ

2215 3483 2412 3546 ἐκεῖνος
2444 3487 2678 3539 τοσαῦτα
2711 3483 2896 3548 παθὼν
2930 3490 3031 3552 τῆς
3065 3489 3342 3560 Πατρικῆς
3365 3482 3526 3558 δόξης
3558 3483 3648 3540 καί
3685 3485 3874 3556 θεότη-

2213 3593 2305 3634 τος
2337 3569 2488 3628 ούδέν
2516 3593 2568 3627 τι
2619 3573 3009 3654 καθυφειμένον
3043 3571 3280 3645 ἐδέξατο,
3317 3569 3458 3649 μηδὲ
3488 3577 3550 3628 σὺ
3591 3572 3876 3651 ὀλιγωρή-

2216 3680 2314 3734 σῃς
2348 3661 2576 3739 πάσχων
2608 3664 2795 3720 ταῦτα.
2857 3663 3078 3722 Πάντως
3127 3661 3231 3738 γὰρ
3275 3665 3382 3716 τῶν
3419 3659 3872 3738 ἐπηγγελμένων,

2211 3751 2296 3804 καὶ
2337 3753 2471 3822 μετὰ
2512 3751 2580 3806 τὲι
2610 3753 2753 3821 πάοη
2814 3753 2904 3806 καὶ
2965 3753 3099 3824 μετᾶ
3154 3753 3244 3806 τὸν
3306 3751 3530 3814 θάνατον
3563 3752 3864 3828 ἀξιωθήσῃ.

2211 3840 2284 3896 Τὸ
2317 3837 2396 3906 δὲ,
2434 3865 2452 3890 ι
2491 3841 2616 3904 Πῶς
2637 3840 2770 3916 ούχί
2796 3841 2885 3896 καὶ
2913 3840 3005 3896 σὺν
3032 3840 3178 3912 αὐτῷ
3199 3839 3486 3917 χαρίσεται
3515 3861 3529 3910 ;
3555 3863 3578 3887 ιι
3609 3841 3670 3896 τὸ
3701 3841 3868 3915 ἀπρο-

2211 3931 2464 4004 φάσιστον
2496 3931 2584 3985 καὶ
2634 3930 3006 4004 ἀπαραίτητον
3060 3927 3232 3994 θέλων
3265 3937 3604 4004 παραστῆσαι
3633 3937 3730 3999 τῆς
3757 3927 3864 3986 6w-

2211 4027 2352 4094 ρεᾶς.
2417 4043 2445 4072 (ι
2480 4021 2585 4075 Σὺν
2644 4021 2791 4093 αὐτῷ
2849 4022 2916 4078 τὰ
2972 4025 3142 4077 πάντα
3200 4023 3338 4095 ἡμῖν
3395 4021 3695 4097 χαρίσεται,
3755 4043 3866 4100 φτ,-

2208 4109 2308 4165 σίν.
2363 4134 2391 4161 ››
2443 4111 2636 4185 Ἐρεῖς,
2689 4111 2879 4184 φησὶν,
2932 4109 3014 4166 ὅτι
3067 4113 3140 4184 μή
3198 4131 3329 4166 ποτε
3385 4111 3548 4183 ἡμῶν
3599 4109 3857 4182 ἐπιλήσε-

2203 4219 2331 4267 ται;
2389 4198 2596 4256 Οὐκοῦν
2637 4200 2726 4254 καὶ
2772 4203 2869 4254 τοῦ
2916 4200 3065 4257 Υἰὸῦ.
3117 4198 3219 4255 Σὺν
3267 4199 3415 4270 αὐτῷ
3443 4199 3544 4274 γὰρ
3575 4199 3644 4254 τὰ
3688 4199 3858 4254 πάντα

2203 4289 2340 4360 ἡμῖν
2394 4287 2699 4364 χαρίζεται.
2758 4289 2916 4344 Ὥστε
2992 4287 3206 4350 πάντως
3259 4288 3348 4342 καὶ
3409 4288 3854 4366 ἀπροφασίστως,

2201 4378 2493 4450 τευξόμεθα
2549 4379 2622 4433 ὧν
2681 4377 3087 4453 ἐπηγγέλμεθα.
3147 4376 3332 4434 Εἰπὼν
3385 4374 3442 4431 δὲ
3492 4375 3622 4438 τοὺς
3667 4397 3856 4452 ¹ιιιειρα-

2201 4463 2373 4536 σμοὺς
2418 4465 2546 4527 τοὺς
2593 4462 2681 4518 διὰ
2736 4464 2972 4536 θλίψεων
3021 4464 3108 4518 καὶ
3161 4463 3436 4538 βασάνων,
3467 4461 3518 4517 ἐν
3551 4467 3629 4535 τῷ
3660 4463 3854 4529 εἰπεῖν,

446 4563 620 4619 nobis
638 4559 1203 4636 elargitur.0mnino
1226 4558 1426 4627 itaque
1449 4560 1508 4610 et
1527 4533 1748 4624 absque
1775 4553 1896 4607 ulla
1921 4553 2090 4624 tergi-

2216 4575 2226 4604 l
2255 4553 2345 4614 Τίς
2378 4555 2492 4607 καθ’
2521 4555 2720 4624 ἣμῶν;
2757 4573 2780 4603 ι
2815 4556 2906 4606 νῦν
2937 4549 3120 4626 ἕτερον
3153 4549 3296 4613 εἶδος
3328 4557 3645 4626 πειρασμῶν
3681 4551 3850 4628 λέγει*

443 4654 772 4709 versatione
803 4664 1192 4722 assequemur
1223 4663 1354 4718 quae
1385 4643 1559 4698 nobis
1591 4642 1882 4714 promissa
1923 4647 2080 4696 sunt.

442 4743 586 4797 Cum
618 4749 814 4798 autem
839 4741 910 4798 de
951 4735 1378 4796 tentationibus
1425 4733 1658 4788 locutus
1691 4731 1768 4786 sit
1792 4748 1922 4800 qum
1979 4747 2086 4802 per

439 4830 796 4887 afﬂictiones
821 4835 962 4886 sunt
991 4835 1050 4883 et
1082 4829 1397 4884 tormenta,
1427 4822 1631 4878 dicens
1665 4837 1676 4874 :
1707 4841 1736 4870 ‹‹
1769 4820 1908 4885 Quis
1939 4837 2085 4875 con-

439 4926 530 4977 tra
560 4923 713 4978 nos?
744 4943 772 4970 υ
805 4920 966 4976 aliud
996 4936 1154 4974 nunc
1212 4915 1602 4973 tentationum
1659 4928 1844 4985 genus
1893 4912 2080 4982 ponit,

436 5026 652 5082 nempe
683 5009 1061 5081 improperia,
1096 5007 1504 5062 accusationes
1536 5022 1548 5058 :
1611 5003 1918 5072 vituperia.
1985 5017 2080 5056 ca-

434 5104 856 5176 lumnias,qum
886 5101 1160 5158 infideles
1191 5098 1578 5156 effundebant
1607 5097 1918 5152 adversum
1945 5093 2082 5149 fide-

435 5193 542 5249 les.
571 5195 641 5249 Et
685 5195 796 5249 hoc
842 5209 912 5249 ex
934 5208 1002 5248 eo
1035 5189 1377 5246 manifestat
1401 5185 1558 5259 quod
1590 5186 1673 5241 ait
1710 5201 1723 5238 :
1757 5207 1784 5235 α
1813 5185 1954 5251 Quis
1980 5199 2080 5240 ac-

433 5283 665 5339 cusabit
691 5283 973 5340 adversus
1017 5280 1236 5338 electos
1283 5277 1438 5334 Dei?
1494 5297 1522 5325 n
1593 5275 1746 5330 316
1803 5274 1952 5330 etin
1983 5272 2076 5329 his

435 5374 612 5430 etiam
635 5374 896 5430 ostendit
931 5369 1434 5446 quemadmodum
1465 5371 1524 5422 et
1551 5367 1614 5422 in
1649 5364 1942 5437 praedictis
1973 5364 2074 5434 qui

431 5461 552 5520 Deo
576 5463 944 5534 justiﬁcante
973 5463 1036 5518 in
1063 5475 1280 5517 vanum
1311 5460 1610 5528 nugantur
1639 5453 1740 5526 qui
1794 5457 2078 5510 accusant

425 5553 516 5609 vel
547 5554 964 5610 condemnant.
1001 5575 1028 5600 ‹‹
1062 5553 1116 5606 Si
1157 5557 1306 5605 Deus
1337 5563 1443 5618 pro
1478 5543 1672 5608 nobis,
1707 5542 1840 5613 quis
1866 5547 2073 5597 contra

429 5643 580 5702 nos?
610 5669 640 5698 ››
669 5647 748 5702 Ne
781 5645 959 5700 etiam
973 5643 1172 5698 dicant
1207 5657 1220 5695 ε
1257 5639 1440 5709 Reges
1467 5633 1639 5690 nobis
1661 5631 2069 5699 adversantur,

2195 4643 2322 4704 τοὺς
2379 4639 2741 4714 ὀνειδισμοὺς,
2801 4641 2895 4704 τὰς
2948 4643 3204 4715 μέμψεις,
3259 4641 3356 4704 τάς
3415 4639 3722 4716 λοιδορίας,
3755 4642 3854 4706 τὰς

2197 4729 2478 4798 διαϐολὰς,
2518 4729 2579 4793 ἃς
2629 4730 2890 4806 κατέχεον
2945 4731 2996 4784 οἱ
3049 4727 3264 4785 ἄπιστοι
3321 4733 3429 4785 τῶν
3481 4735 3708 4786 πιστῶν.
3745 4730 3848 4787 Καὶ

2191 4826 2353 4876 τοῦτο
2411 4817 2580 4887 δηλοῖ
2631 4815 2720 4874 διὰ
2776 4823 2877 4875 τοῦ
2931 4817 3134 4893 λέγειν,
3195 4843 3223 4870 κ
3255 4817 3352 4880 Τίς
3401 4815 3684 4896 ἓγκαλὲσει
3715 4820 3848 4874 κατᾶ

2193 4908 2461 4964 ἐκλεκτῶν
2519 4911 2693 4978 Θεοῦ;
2727 4932 2756 4959 ιι
2810 4909 2898 4964 καὶ
2955 4904 3307 4964 ἀποδείκνυσι
3355 4907 3628 4971 κάνταῦθα
3665 4905 3848 4982 ὥσπερ

2189 5000 2282 5055 καὶ
2310 4998 2398 5054 ἐπὶ
2425 5003 2533 5054 τῶν
2589 4996 3030 5072 προειρημένων,
3063 4999 3148 5052 ὅτι
3209 4999 3343 5052 Θεοῦ
3375 4993 3740 5060 δικαιοῦντος,
3771 4997 3849 5060 εἰς

2192 5090 2367 5162 μάτην
2397 5085 2847 5160 γλωσσαλγοῦσιν
2871 5088 2922 5141 οἰ
2943 5086 3262 5160 αἰτιώμενοι
3289 5087 3379 5140 καὶ
3414 5085 3848 5162 κατακρίνοντες.

2189 5205 2215 5231 ‹‹
2245 5178 2312 5236 Εἰ
2343 5179 2371 5234 ὁ
2401 5176 2531 5237 Θεὸς
2565 5176 2694 5249 ὑπὲρ
2719 5175 2903 5248 ἥμῶν,
2933 5175 3014 5238 τίς
3039 5177 3158 5230 καθ’
3187 5175 3349 5250 ἡμῶν
3375 5195 3388 5242 ;
3421 5201 3444 5230 ι
3480 5181 3595 5234 Ἵνα
3623 5176 3728 5252 γὰρ
3763 5178 3842 5248 μή

2187 5267 2441 5342 λέγωσιν,
2495 5263 2579 5320 ὅτι
2637 5263 2894 5328 Βασιλεῖς
2952 5265 3069 5319 καθ’
3131 5264 3294 5338 ἡμῶν
3353 5263 3446 5320 καὶ
3511 5261 3683 5335 δῆμοι
3753 5263 3842 5320 καὶ

2182 5355 2450 5432 ἡγεμόνες
2484 5353 2701 5426 (πάντες
2746 5354 2852 5430 γὰρ
2901 5347 3266 5410 ἐπεϐούλευον
3294 5359 3414 5417 τοῖς
3441 5358 3704 5422 πιστοῖς),
3735 5371 3840 5426 φητ

2185 5447 2266 5502 σὶν
2297 5447 2382 5501 ὅτι
2409 5442 2594 5518 ἲσχύει
2619 5443 2646 5498 ὁ
2676 5443 2805 5506 Θεὸς
2833 5443 2928 5503 τὰς
2957 5443 3080 5508 καθ’
3121 5443 3286 5514 ἡμῶν
3313 5437 3634 5510 ἐπιϐουλὰς,
3663 5437 3838 5516 6909-

2187 5538 2294 5610 μὴν
2344 5533 2622 5609 στεφάνων
2673 5535 3025 5602 ποιήσασθαι.
3076 5528 3272 5594 Οὐδεὶς
3321 5529 3414 5588 οὖν
3445 5527 3833 5600 ὁκαθ’ἡμῶν.

2183 5651 2209 5678 ‹‹
2245 5626 2341 5686 Ὃς
2398 5642 2458 5699 γε
2509 5625 2606 5676 τοῦ
2666 5617 2806 5676 ἰδίου
2861 5619 2988 5676 Υἰοῦ
3049 5619 3146 5676 οὐκ
3203 5618 3469 5704 ἐρείσατο.
3517 5615 3710 5680 »Πῶς
3743 5616 3843 5672 οὖν
