4198 6198
465 316 583 376 495

1587 291 1999 356 (EGUMENII
2041 290 2350 352 ΤΒΙΟΟίΕ
2394 289 2754 355 EPISCOPI

3761 287 3882 352 496

467 441 736 506 mortuus
769 445 860 498 est
885 453 992 511 pro
1022 433 1196 492 nobis
1227 450 1296 491 ac
1326 429 1652 488 resurrexit
1682 432 1741 484 et
1764 423 2113 492 intercedit;

2233 421 2368 511 ὑπὲρ
2394 423 2554 497 ἡμῶν
2585 423 2678 480 καὶ
2707 422 2894 496 ἀνέστη
2935 423 3025 482 καὶ
3081 423 3422 505 ἐντῦγχάνει·
3475 422 3562 511 τίς
3624 419 3822 481 λοιπὸν
3851 423 3882 480 ὁ

469 537 603 611 quis
634 532 813 606 igitur
856 529 1098 584 accuset
1143 529 1248 581 aut
1277 521 1658 588 condemnet,
1689 521 1900 574 sancta
1927 513 2119 570 Trini-

465 631 583 684 tate
614 637 724 680 nos
764 619 910 676 adeo
941 619 1288 690 protegente
1317 613 1346 668 ‘l

1081 721 1314 780 CAPUT
1359 718 1500 775 XIV.

816 833 891 890 De
921 846 1109 888 amore
1138 830 1237 900 qui
1277 827 1492 884 Christo
1523 823 1768 880 debetur.

541 942 686 1007 VIII,
719 942 911 1004 35-37,
945 939 1074 1004 Quis
1121 951 1219 991 nos
1265 935 1544 1006 separabit
1585 949 1620 988 a
1647 931 1941 987 dilectione
1968 929 2121 984 Dei?

470 1031 797 1104 afﬂictione,
863 1045 935 1084 an
975 1024 1258 1096 angustia,
1302 1041 1375 1079 an
1419 1025 1753 1096 persecutio,
1812 1037 1884 1076 an
1921 1022 2116 1089 fames,

467 1140 541 1180 an
569 1122 815 1191 auditas,
844 1134 918 1174 an
941 1116 1274 1188 periculum,
1309 1131 1382 1170 an
1411 1113 1652 1184 gladius,
1683 1113 1825 1167 sicut
1853 1111 2120 1180 scriptum

466 1219 544 1269 est
574 1229 592 1267 :
624 1213 858 1282 Propter
902 1213 952 1264 te
1001 1208 1168 1262 morti
1213 1204 1491 1259 tradimur
1539 1209 1654 1257 toto
1697 1201 1838 1262 die;
1872 1199 2119 1270 repututi

466 1317 654 1370 sumus
683 1303 828 1358 sicut
880 1313 1001 1353 oves
1056 1295 1382 1352 mactationi
1432 1293 1748 1347 destinatae.
1797 1288 1902 1346 Sed
1943 1289 2002 1342 in
2034 1288 2118 1342 his

469 1391 720 1448 omnibus
747 1387 1184 1458 supervincimus
1204 1399 1311 1454 per
1338 1398 1460 1437 eum
1489 1381 1589 1451 qui
1636 1379 1836 1435 dilexit
1865 1393 1982 1432 nos.

532 1573 560 1602 ‹‹
593 1550 733 1617 Quis
763 1564 872 1604 nos
905 1544 1205 1618 separabit
1231 1543 1258 1599 ἰ’
1287 1542 1518 1610 Nullus,
1543 1539 1759 1613 inquit,
1782 1555 1931 1612 quos
1953 1541 2115 1594 tanto

464 1655 664 1698 amore
716 1654 784 1696 ac
831 1633 1204 1710 providentia
1253 1632 1530 1706 dignatus
1561 1635 1652 1686 est
1679 1630 1854 1686 Deus.
1891 1649 1919 1678 »
1950 1625 2116 1693 Quod

465 1747 628 1790 nunc
677 1727 842 1784 dicit.
875 1747 904 1776 «
933 1724 1074 1792 Quis
1122 1740 1232 1780 nos
1263 1720 1615 1796 separabit?
1643 1742 1670 1770 ι›
1717 1718 1993 1792 repetitio
2025 1723 2116 1773 est

2225 510 2470 586 ἐγκαλῶν
2513 514 2549 583 ἢ
2603 514 2964 590 κατακρίνων,
3027 523 3128 587 τῆς
3183 516 3345 595 ἁγίας
3403 510 3640 593 Τριάδος
3701 511 3880 576 οὕτως

2225 602 2679 678 προασπιζούσης
2709 607 2872 679 ἡμῶν
2897 623 2912 676 ;

2853 697 3115 754 ΚΕΦΑΛ.
3150 696 3250 752 ῙΔ“.

2401 801 2532 876 Περὶ
2579 809 2680 873 τῆς
2737 801 3104 882 ὀφειλομένης
3159 802 3380 874 ἀγάπης
3435 803 3691 877 Χριστοῦ.

2294 913 2393 976 Τίς
2423 918 2572 988 ἡμᾶς
2596 917 2824 996 χωρίσει
2871 917 2977 973 ἀπὸ
3032 921 3132 988 τῆς
3179 917 3396 992 ἀγάπης
3455 921 3554 974 τοῦ
3612 918 3875 992 Χριστοῦ,

2225 1002 2462 1079 θλίψις,
2518 1009 2553 1077 ἢ
2640 1007 2978 1083 στενοχωρία
3057 1006 3091 1077 ἢ
3163 1004 3432 1081 διωγμὸς,
3490 1009 3525 1076 ἢ
3585 1004 3774 1082 λιμὸς.
3835 1007 3872 1076 ἢ

2223 1097 2529 1174 γυμνότης,
2570 1097 2606 1168 ἢ
2665 1096 2930 1168 κίνδυνος,
2987 1096 3023 1168 ἢ
3085 1100 3381 1177 μάχαιραι
3439 1097 3617 1159 καθὼς
3668 1093 3872 1176 γέγρα-

2223 1205 2375 1255 πται,
2461 1185 2542 1242 ὅτι
2627 1187 2824 1244 Ἕνεκᾶ
2907 1209 3004 1244 σου
3087 1187 3462 1261 θανατούμεθα
3553 1186 3689 1259 ὅλην
3772 1189 3874 1254 τήν

2223 1275 2452 1350 ἡμέραν·
2541 1275 2906 1354 ἐλογίσθημεν
2970 1279 3045 1339 ὡς
3101 1273 3349 1352 πρόϐατα
3420 1285 3653 1356 σφαγῆς·
3741 1275 3876 1334 ἀλλ’

2223 1363 2275 1418 ἐν
2361 1365 2575 1428 τούτοις
2659 1373 2820 1421 πᾶσιν
2905 1367 3274 1444 ὑπερνικῶμεν
3333 1363 3425 1422 διὰ
3476 1370 3573 1423 τοῦ
3646 1365 3868 1445 ἀγαπή-

2225 1475 2417 1520 σαντος
2446 1459 2612 1530 ἡμᾶς.

2294 1547 2505 1619 [ΦΩΤ.]
2543 1569 2566 1598 ιι
2601 1547 2699 1608 Τίς
2741 1565 2755 1616 ;
2791 1544 2992 1616 οὐδεὶς,
3025 1547 3183 1626 φησὶ,
3231 1545 3358 1610 τοὺς
3425 1547 3692 1617 τοσαύτης
3740 1547 3878 1626 ἁγία

2221 1654 2332 1703 πης
2362 1635 2450 1689 καὶ
2484 1634 2746 1710 προνοίας
2776 1636 3117 1708 ἠξιωμένους
3147 1636 3294 1712 παρὰ
3343 1641 3498 1694 Θεοῦ.
3561 1637 3663 1705 Τὸ,
3723 1661 3750 1688 ‹‹
3777 1637 3878 1699 Τίς

2221 1727 2370 1798 ἡμᾶς
2422 1725 2702 1801 χωρίσει;
2765 1750 2790 1778 η
2867 1730 2988 1796 τοῦ,
3021 1751 3050 1778 ‹‹
3091 1726 3161 1786 Τί
3221 1727 3314 1783 οὗν
3368 1727 3594 1804 ἐρουμεν
3630 1746 3644 1798 ;
3677 1751 3706 1780 ››
3765 1720 3882 1784 ἔστι

469 1821 636 1878 illius
649 1817 791 1875 dicti
817 1833 830 1871 :
853 1839 872 1864 α
893 1815 1042 1882 Quid
1057 1829 1193 1887 ergo
1219 1812 1486 1869 dicemus
1503 1811 1531 1867 ?
1553 1831 1581 1861 »
1605 1807 2117 1876 Quemadmodum

2233 1811 2698 1886 ἐπαναληπτικὸν,
2730 1815 2909 1887 ὥσπερ
2941 1815 3032 1871 καὶ
3077 1817 3164 1888 τὸ,
3224 1840 3252 1868 ‹‹
3287 1816 3416 1880 Θεὸς
3452 1818 3480 1873 ὁ
3512 1813 3760 1889 δικαιῶν,
3791 1817 3880 1880 τίς

474 1917 533 1968 et
559 1911 672 1966 hoc
705 1925 718 1962 :
745 1905 900 1964 318
934 1905 1140 1961 «Deus
1160 1909 1249 1958 est
1269 1903 1369 1974 qui
1390 1900 1702 1974 justificat,
1723 1898 1857 1972 quis
1880 1897 1982 1952 ille
2014 1897 2116 1968 qui

465 1995 864 2058 condemnet?
881 2015 904 2047 α
929 1993 1092 2049 illius
1111 1991 1387 2065 repetitio
1403 1995 1524 2045 est:
1545 1989 1637 2044 «Si
1657 1989 1812 2044 Deus
1827 2004 1930 2062 pro
1945 1987 2116 2042 nobis

466 2089 600 2164 quis
649 2090 858 2142 contra
895 2100 1006 2140 nos
1035 2082 1062 2137 ‘?
1096 2111 1119 2136 ιο
1153 2083 1519 2152 Frequenter
1559 2079 1719 2134 enim
1773 2075 2118 2149 hujusmodi

465 2195 611 2237 usus
625 2182 716 2234 est
727 2175 1052 2238 schemate,
1077 2177 1319 2246 propter
1341 2169 1782 2242 consequentia:
1804 2169 2120 2224 circuitum

469 2274 529 2326 et
555 2263 1035 2340 amplitudinem.
1071 2261 1281 2316 Nullus
1304 2260 1462 2315 enim
1489 2257 1645 2330 quod
1677 2273 1782 2330 ego
1817 2257 1998 2313 sciam
2021 2259 2124 2311 aut

476 2362 816 2414 nostrorum
848 2357 950 2409 aut
981 2357 1316 2408 exterarum
1339 2347 1842 2420 quemadmodum
1877 2360 2122 2416 magnus

473 2443 572 2501 hic
603 2441 823 2498 Paulus
853 2439 1046 2495 forma
1077 2438 1192 2492 ista
1221 2452 1366 2492 usus
1397 2440 1503 2490 est.
1537 2435 1618 2489 Ne
1649 2449 1784 2504 ergo
1813 2433 1874 2487 in
1906 2431 2120 2486 obscu-

476 2534 720 2600 ritatem
774 2545 970 2586 sermo
1003 2527 1184 2583 nimis
1214 2526 1328 2598 ipsi
1356 2523 1608 2590 excidat,
1639 2521 1923 2579 adhibitis
1945 2521 2122 2576 etiam

475 2639 620 2678 usus
679 2625 772 2678 est
835 2615 1312 2690 repetitionibus.
1369 2615 1627 2669 Possunt
1683 2617 1882 2668 autem
1953 2615 2012 2665 et
2091 2625 2126 2664 a

474 2711 716 2785 proprio
739 2707 1034 2782 principio
1057 2705 1286 2761 desumi
1310 2704 1400 2779 ha)
1418 2702 1744 2776 particulas,
1772 2707 1837 2756 ut
1866 2717 1986 2756 non
2005 2699 2128 2754 sint

477 2801 656 2858 veluti
687 2797 1073 2872 repetitiones
1107 2810 1310 2850 eorum
1345 2809 1476 2864 quae
1509 2791 1665 2847 dicta
1697 2796 1882 2845 erant.
1917 2813 1944 2838 «
1969 2788 2127 2844 Afﬂi.

476 2891 776 2956 ctione,an
800 2885 1125 2960 angustia;
1149 2889 1260 2950 etc,
1281 2885 1408 2938 Non
1434 2877 2124 2948 dixitdivitiasgloriam,

475 2985 534 3037 et
560 2993 929 3051 quaecunque
961 2973 1118 3047 apud
1166 2973 1442 3028 homines
1472 2969 1629 3026 bona
1675 2967 1972 3034 videntur,
2025 2966 2128 3023 sed

471 3065 577 3127 illa
603 3071 801 3143 potius
832 3085 962 3139 qum
994 3066 1172 3122 etiam
1195 3065 1312 3119 vim
1333 3061 1551 3118 inferre
1579 3067 1720 3117 nata
1750 3065 1890 3116 sunt
1919 3060 2127 3115 huma-

473 3179 566 3218 na)
615 3167 860 3216 naturai.
903 3157 1130 3213 Nomen
1159 3159 1359 3210 autem
1409 3151 1755 3208 afﬂictionis
1803 3149 1866 3206 in
1917 3149 2122 3206 multis

2233 3157 2475 3210 τοιαύτα.
2544 3177 2571 3209 ιι
2603 3155 2791 3210 Καθὼς

470 3249 904 3308 manifestatur:
937 3245 1138 3317 qualia
1161 3249 1298 3298 sunt
1327 3241 1888 3308 carceres,vincula,
1913 3239 2124 3296 exsilia

471 3344 532 3394 et
574 3351 942 3409 quaecunque
987 3339 1127 3388 sunt
1176 3331 1543 3404 hujusmodi.
1577 3331 1794 3386 «Sicut
1841 3331 2128 3402 scriptum

477 3431 586 3482 est.
609 3411 638 3474 )3
662 3423 1024 3480 Confusioue
1045 3421 1248 3476 volens
1270 3437 1370 3476 eos
1389 3419 2128 3486 adhortari,testimonium

475 3513 742 3572 adduxit.
773 3513 918 3567 Nam
951 3511 998 3566 si
1032 3510 1093 3564 in
1125 3509 1306 3564 veteri
1340 3513 1693 3564 testamento
1727 3509 1904 3563 vitam
1926 3507 2126 3577 despi-

469 3603 723 3664 ciebant.
762 3600 980 3674 quibus
1013 3604 1250 3654 terrena
1300 3602 1472 3653 erant
1520 3598 1767 3668 praemia
1802 3604 1860 3652 et
1890 3613 2020 3667 quea
2061 3596 2125 3652 in

471 3701 632 3752 terra
649 3689 1110 3766 possidebantur
1132 3705 1144 3744 :
1170 3691 1392 3759 quanto
1423 3685 1611 3758 magis
1623 3701 1732 3740 nos
1757 3685 1857 3758 qui
1878 3701 2126 3758 regnum

473 3785 760 3843 caelorum
823 3781 884 3836 in
937 3778 1211 3835 laborum
1271 3775 1726 3832 retributionem
1783 3773 2127 3830 habemus?

472 3899 501 3927 ιι
535 3877 783 3946 Propter
809 3875 885 3926 te.
919 3891 947 3920 ››
996 3865 1359 3924 Testimonio
1391 3864 1707 3921 confirmat
1761 3879 2121 3920 sermonem.

477 3987 498 4015 ιι
521 3966 661 4019 Toto
680 3961 797 4016 die.
823 3982 850 4011 ››
876 3956 1178 4030 Contingit
1200 3956 1362 4011 enim
1385 3953 1761 4010 utvoluntate
1781 3953 2127 4026 frequenter

475 4055 538 4110 in
569 4051 664 4108 die
692 4049 1046 4106 moriantur.
1081 4049 1198 4102 Aut
1244 4051 1366 4102 toto
1398 4044 1515 4113 die,
1568 4043 1629 4099 id
1661 4050 1768 4109 est,
1797 4060 1902 4116 per
1933 4049 2124 4099 totum

471 4144 652 4207 diem,
686 4142 804 4197 sive
835 4157 941 4212 per
971 4141 1154 4194 totam
1203 4135 1404 4193 vitam.
1443 4135 1664 4192 Unicus
1705 4151 1966 4206 namque
1997 4133 2123 4189 dies

471 4239 563 4291 est
591 4232 870 4288 universa
917 4227 1232 4284 hominum
1263 4227 1399 4282 vita.
1437 4247 1462 4277 ιι
1497 4225 1771 4296 Reputati
1803 4241 2010 4279 sumus
2041 4223 2122 4278 si-

469 4327 568 4380 cut
598 4338 754 4378 oves.
793 4343 821 4371 ››
853 4317 1161 4384 Omnibus,
1196 4317 1413 4388 inquit,
1447 4313 1522 4371 ad
1557 4315 1845 4387 injuriam
1875 4313 2121 4386 exponi-

471 4429 624 4469 mur.
657 4409 1032 4467 Manifestum
1064 4413 1155 4462 est
1175 4406 1334 4479 quod
1365 4405 1618 4476 apostoli
1667 4410 1950 4476 tanquam
1981 4418 2119 4459 oves

471 4507 640 4559 erant
662 4518 792 4572 qum
814 4502 1151 4555 mactantur
1173 4495 1325 4551 nihil
1346 4492 1846 4550 contradicentes.
1873 4515 1900 4542 ‹‹
1928 4492 2039 4548 Sed
2061 4493 2118 4548 in
2157 4533 2167 4572 π

472 4593 568 4649 his
587 4590 867 4648 omnibus
898 4585 1391 4660 supervincimus.
1417 4605 1444 4632 ‹‹
1469 4583 1819 4638 Auditorem
1851 4583 2020 4656 erigit
2045 4599 2118 4638 ne

471 4681 744 4739 concidat
759 4678 1009 4736 audiens
1031 4671 1858 4744 afﬂictiones,persecutiones
1882 4677 1938 4725 et
1961 4688 2118 4744 qum-

473 4787 708 4842 cuuque
740 4769 905 4836 dixit,
938 4771 998 4822 et
1027 4765 1109 4822 ait
1139 4780 1152 4820 :
1187 4787 1214 4814 ιι
1251 4763 1462 4821 Omnia
1495 4777 1601 4834 per
1629 4760 1842 4816 Christi
1867 4762 2118 4834 gratiam

471 4874 842 4932 superamus.
883 4879 904 4906 ι
939 4856 1056 4912 Nec
1087 4853 1236 4910 dixit
1268 4871 1282 4920 ;
1317 4852 1645 4918 Vincimus,
1679 4851 1782 4906 sed
1814 4851 2121 4923 Supervin-

471 4949 684 5018 cimus;
705 4947 817 5004 hoc
847 4951 954 5012 est,
977 4961 1084 5018 per
1105 4961 1205 5001 eos
1227 4961 1262 5001 a
1287 4942 1504 5016 quibus
1525 4941 1863 5014 appetimur
1881 4940 2121 4996 insidiis

471 5053 850 5096 coronamur:
873 5035 1030 5092 bello
1062 5034 1454 5091 lacessitinon
1475 5032 1668 5088 solum
1700 5047 1823 5088 non
1845 5047 2122 5087 succum-

2231 1903 2259 1959 ὀ
2292 1903 2626 1978 κατακρίνων
2659 1923 2673 1975 ;
2706 1929 2733 1958 ιι
2791 1910 2910 1973 τοῦ,
2971 1927 2996 1959 ι
3028 1905 3092 1964 Εἰ
3149 1907 3178 1962 ὁ
3231 1907 3360 1968 Θεὸς
3413 1906 3544 1983 ὑπὲρ
3574 1909 3759 1981 ἡμῶν,
3795 1907 3882 1970 τίς

2229 1995 2352 2058 καθ’
2381 1996 2542 2069 ἡμῶν
2571 2015 2585 2066 ;
2620 2021 2644 2051 ι
2677 1995 3071 2075 κέχρηταιγὰρ
3093 1999 3174 2068 τῷ
3203 1996 3440 2070 τοιούτῳ
3465 1997 3714 2072 σχήματι
3733 1993 3884 2052 πολ-

2231 2081 2448 2162 λαχῶς,
2481 2080 2570 2139 διὰ
2600 2085 2699 2156 τήν
2731 2082 3011 2158 συνέχειαν
3040 2091 3140 2153 τῆς
3171 2079 3499 2158 περιϐολῆς.
3550 2083 3744 2147 Οὐδεὶς
3773 2085 3879 2162 γὰρ

2233 2170 2428 2246 σχεδὸν
2462 2173 2560 2228 ὅσα
2589 2195 2649 2249 γε
2679 2173 2775 2247 ἐμὲ
2803 2171 3018 2242 εἰδέναι,
3051 2175 3177 2230 οὔτε
3205 2178 3312 2232 τῶν
3369 2179 3489 2238 καθ’
3534 2176 3704 2248 ἡμᾶς,
3757 2175 3884 2231 οὕτε

2233 2268 2339 2318 τῶν
2383 2263 2643 2340 θύραθεν,
2710 2268 2778 2338 τῇ
2819 2261 2936 2334 ἰδέᾳ
2989 2263 3159 2341 ταύτῃ
3215 2265 3289 2326 ὡς
3345 2265 3374 2320 ὁ
3433 2263 3601 2339 μέγας
3661 2263 3886 2326 Παῦλος

2239 2350 2252 2370 9
2564 2354 2584 2371 II
2731 2353 2756 2370 ν-
2873 2353 2886 2369 \
2958 2352 2972 2372 τ
3088 2353 3100 2368 1
3309 2353 3324 2370 \
3469 2353 3481 2371 ν
3535 2359 3556 2369 υ

2235 2353 2534 2430 εχρησατο.
2587 2356 2674 2408 ινα
2697 2373 2787 2408 ουν
2820 2375 2895 2427 μη
2931 2373 3006 2414 εις
3049 2373 3111 2408 το
3166 2351 3366 2428 ἀσαφες
3421 2373 3569 2425 αυτῳ
3627 2351 3888 2412 ἐκπίπτοι

2235 2439 2356 2496 λίαν
2392 2441 2419 2495 ὁ
2449 2437 2643 2515 λόγος,
2685 2441 2773 2496 καὶ
2833 2446 2952 2502 ταῖς
3009 2439 3380 2516 ἐπαναλήψεσι
3438 2446 3888 2524 προσεχρήσατο.

2237 2529 2466 2586 Δύναται
2499 2526 2556 2586 δὲ
2585 2529 2674 2585 καὶ
2707 2531 2781 2592 ὡς
2811 2529 2918 2586 ἀπὸ
2947 2527 3084 2592 ἰδίας
3125 2530 3304 2606 ἀρχῆς
3360 2533 3428 2586 τὰ
3479 2534 3661 2608 χωρία
3717 2537 3890 2589 ταῦτα

2237 2616 2518 2696 εἰλῆφθαι,
2551 2618 2640 2674 καὶ
2676 2619 2752 2691 μή
2785 2619 2861 2683 ὡς
2916 2617 3334 2690 ἐπαναληπτικὰ
3389 2625 3497 2677 τῶν
3556 2621 3888 2696 εἰρημένων,

2244 2732 2269 2762 ι
2302 2707 2520 2782 Θλίψις,
2565 2709 2600 2780 ἢ
2645 2707 3004 2783 στενοχωρία,
3039 2733 3068 2760 ››
3125 2709 3217 2763 καὶ
3274 2709 3341 2764 τὰ
3394 2707 3538 2780 ἑξῆς.
3601 2708 3716 2769 Ούκ
3773 2712 3894 2768 εἷπε

2237 2799 2524 2873 χρήματα,
2558 2794 2739 2869 δόξαν,
2765 2798 2855 2853 καὶ
2888 2797 2986 2852 ὅσα
3026 2798 3170 2872 παρὰ
3199 2804 3318 2862 τοῖς
3370 2799 3677 2872 ἀνθρώποις
3735 2797 3892 2855 δοκεῖ

2237 2887 2403 2956 καλὰ,
2437 2884 2566 2943 ἀλλ’
2594 2886 2770 2943 ἐκεῖνα
2828 2887 2985 2944 ἅτινα
3045 2886 3136 2942 καὶ
3193 2888 3471 2963 βιάζεσθαι.
3528 2891 3732 2968 πέφυκε
3785 2891 3886 2957 τήν

2239 2973 2584 3048 ἀνθρωπίνην
2644 2975 2822 3054 φύσιν.
2875 2977 2951 3032 Τὸ
3011 2973 3068 3030 δὲ
3122 2983 3222 3045 τῆς
3279 2974 3518 3050 θλίψεως
3577 2973 3766 3052 ὄνομα,
3815 2977 3893 3041 εἰς

2240 3061 2432 3119 πολλᾶ
2470 3062 2760 3135 δηλοῦταί,
2793 3061 3054 3143 φυλακαὶ,
3086 3064 3329 3137 ἁλύσεις,
3387 3065 3612 3142 ἐξορίαι,
3668 3068 3758 3122 καὶ
3791 3068 3894 3122 ὅσα

2879 3153 3226 3230 γέγραπται.
3263 3178 3292 3207 υ
3353 3157 3634 3231 Ἐντρέψαι
3693 3155 3888 3220 αὐτοὺς

2239 3241 2597 3320 βουὶόμενος,
2647 3244 2821 3321 ἤγαγε
2886 3245 2983 3314 τὴν
3049 3244 3365 3320 μαρτυρίαν.
3428 3245 3495 3302 Εἰ
3551 3246 3655 3321 γὰρ
3705 3245 3758 3302 ἐν
3812 3268 3882 3322 τῃ

2235 3333 2473 3404 Παλαιᾷ,
2534 3333 2689 3410 φησὶ,
2752 3339 2898 3402 ζωῆς
2953 3331 3341 3409 κατεφρόνουν,
3403 3335 3490 3396 οἷς
3549 3337 3617 3392 τε
3673 3331 3888 3392 ἔπαθλα

2231 3424 2390 3496 γήϊνα
2420 3423 2508 3478 καὶ
2567 3424 2634 3480 τε
2664 3423 2713 3477 ἐν
2741 3427 2808 3495 τῇ
2840 3426 2913 3497 γῇ
2985 3421 3184 3500 ἀγαθὰ,
3242 3423 3398 3498 πόσῳ
3451 3421 3667 3496 μᾶλλον
3725 3428 3890 3500 ἡμεῖς

2233 3510 2527 3588 ὀφείλομεν
2561 3513 2612 3567 οἰ
2643 3513 2740 3580 την
2775 3509 3054 3588 βασιλείαν
3078 3517 3185 3567 τῶν
3217 3511 3460 3588 οὐρανῶν
3513 3507 3737 3589 ἔχοντες
3785 3517 3892 3574 τῶν

2231 3602 2410 3655 πόνων
2450 3595 2690 3670 ἀμοιϐήν
2724 3619 2738 3668 ;
2774 3625 2801 3652 ‹‹
2835 3601 3033 3658 Ἕνεκα
3091 3622 3207 3659 σου.
3245 3624 3270 3656 ι
3332 3607 3413 3678 Τῇ
3479 3622 3623 3679 μαρτ
3639 3605 3758 3678 δρία
3795 3605 3890 3662 τὸν

2232 3689 2398 3768 λόγον
2433 3695 2739 3746 πιστοῦται.
2775 3713 2802 3741 ‹‹
2835 3687 3014 3762 ’Ὀλην
3067 3692 3165 3761 την
3223 3691 3457 3767 ἡμέραν.
3497 3719 3517 3743 ι
3578 3696 3730 3750 Ἐστι
3788 3695 3890 3771 γὰρ

2231 3777 2299 3854 τῇ
2331 3778 2644 3854 προαιρέσει
2679 3776 2951 3840 πολλάκις
2982 3787 3082 3848 τῆς
3114 3779 3322 3856 ἡμέρας
3353 3782 3665 3846 ἀποθανεῖν.
3699 3783 3766 3838 Ἠ
3801 3783 3888 3851 τὸ,

2230 3893 2256 3919 ‹‹
2299 3867 2473 3938 Ὅλην
2503 3869 2602 3938 τὴν
2630 3866 2860 3942 ἡμέραν,
2897 3891 2925 3918 ››
2955 3866 3075 3922 ἀντὶ
3107 3872 3228 3940 τοῦ,
3271 3865 3342 3924 δι’
3365 3867 3502 3938 ὅλης
3530 3877 3628 3938 τῆς
3648 3871 3884 3944 ἡμέρας,

2227 3957 2354 4028 ἤτοι
2383 3955 2452 4012 δι’
2483 3953 2619 4012 ὅλου
2649 3961 2746 4013 τοῦ
2781 3957 2928 4034 βίου.
2961 3955 3172 4032 Ἡμέρα
3230 3958 3333 4036 γὰρ
3402 3960 3498 4033 μία
3553 3959 3662 4014 ἐστὶ
3717 3963 3822 4022 πΞὶς
3855 3963 3884 4016 ὁ

2227 4051 2335 4102 τῶν
2369 4045 2666 4122 ἀνθρώπων
2722 4046 2862 4122 βίος.
2925 4071 2953 4098 ‹‹
2986 4045 3387 4123 Ἕλογίσθημεν
3444 4049 3519 4112 ὡς
3551 4043 3800 4124 πρόϐατα
3857 4075 3886 4104 »ι

2231 4139 2389 4202 Hice,
2449 4135 2638 4216 φησὶν,
2699 4136 2774 4198 εἷς
2805 4135 2868 4191 τὸ
2901 4132 3104 4192 ἀδικεῖν
3161 4137 3518 4214 προκείμεθα,
3553 4140 3606 4194 οἱ
3645 4139 3888 4198 ἀπόστο-

2232 4233 2344 4296 λοι,
2378 4222 2549 4295 δῆλον
2583 4226 2658 4288 ὡς
2693 4219 2942 4301 πρόϐατα
2971 4225 3300 4302 σφαζόμενοι,
3347 4229 3422 4299 μή
3487 4226 3884 4301 ἀντιΛέγοντες.

2233 4336 2254 4364 α
2291 4313 2448 4370 Ἀλλ’
2479 4311 2530 4368 ἐν
2558 4313 2773 4374 τούτοις
2802 4317 2961 4369 πᾶσιν
2997 4313 3390 4389 ὑπερνικῶμεν.
3421 4323 3451 4366 ἰ
3508 4315 3757 4390 Ἐπαίρει
3788 4317 3881 4374 τὸν

2224 4403 2495 4478 ἀκροατὴν
2527 4445 2544 4474 ,
2600 4402 2691 4455 ’ἰνα
2754 4403 2830 4476 μὴ
2886 4401 3162 4479 καταπέσῃ
3227 4402 3412 4478 θλίψιν
3474 4403 3711 4470 ἀκούσας
3791 4420 3884 4472 καὶ

2173 4534 2197 4596 )
2229 4491 2475 4572 διωγμὸν
2509 4493 2598 4548 καὶ
2631 4489 2728 4546 ὅσα
2759 4494 2896 4560 εἰπε,
2927 4493 3021 4546 καὶ
3078 4515 3232 4568 φησι.
3295 4519 3318 4546 ‹ι
3357 4495 3582 4550 Πάντων
3649 4501 3886 4572 κρατοῦ-

2235 4603 2328 4657 μεν
2363 4582 2552 4662 χάριτι
2593 4583 2850 4658 Χριστοῦ.
2886 4605 2914 4630 ››
2946 4581 3049 4639 Καὶ
3099 4583 3198 4638 οὐκ
3239 4585 3376 4655 εἷπε,
3425 4588 3701 4656 Νικῶμεν,
3733 4583 3885 4655 ἀλλ’,

2233 4695 2260 4722 ι(
2295 4674 2703 4746 Υπερνικῶμεν,
2737 4693 2765 4722 υ
2792 4672 3066 4744 τουτέστι,
3121 4671 3200 4726 Δι’
3259 4671 3331 4726 ὧν
3388 4668 3886 4747 ἐπιϐουλευόμεθα,

2233 4759 2668 4842 στεφανούμεθα.
2733 4760 2822 4827 Μή
2887 4757 3048 4834 μόνον
3107 4760 3172 4816 οὐ
3235 4762 3655 4836 καταπίπτομεν
3713 4764 3888 4820 πολε-

2237 4849 2520 4924 μούμενοι,
2553 4845 2700 4905 ἀλλὰ
2728 4849 2816 4904 καί
2868 4849 3295 4932 στεφανούμεθα.
3327 4853 3394 4910 Οἱ
3423 4853 3523 4926 γὰρ
3567 4847 3884 4924 ἐπῖεουλοι,

2231 4938 2482 5014 πρόξενοι
2539 4939 2810 5017 στεφάνων
2871 4941 3007 5012 ἡμῖν
3067 4941 3355 5018 γίνονται,
3411 4941 3472 4996 ἂν
3540 4941 3885 5019 εὐχαρίστως

2231 5029 2497 5109 φέρωμεν.

469 5128 687 5194 bimus,
739 5125 842 5185 sed
893 5125 1073 5182 etiam
1120 5139 1496 5182 coronamur.
1545 5122 1689 5180 Nam
1737 5121 2116 5178 insidiatores
2165 5136 2416 5178 coronas
2466 5117 2639 5176 nobis
2688 5119 3012 5178 conciliant
3061 5121 3110 5180 si
3159 5122 3333 5180 modo
3381 5128 3546 5200 grato
3573 5125 3772 5184 animo
3805 5124 3885 5180 fe-

466 5235 690 5276 ramus.

537 5315 686 5384 Vill,
717 5318 808 5384 38,
840 5318 907 5374 39
979 5315 1117 5374 Nam
1155 5327 1483 5386 persuasum
1530 5312 1708 5368 habeo
1745 5310 1897 5386 quod
1941 5327 2118 5386 neque

457 5421 626 5475 mors,
669 5423 848 5484 neque
893 5407 1037 5476 vita,
1085 5417 1265 5476 neque
1297 5401 1512 5474 Angeli,
1547 5416 1726 5490 neque
1755 5401 2116 5476 Principatus

456 5513 633 5572 neque
661 5498 980 5562 Potestates,
1011 5509 1188 5566 neque
1230 5493 1526 5562 instantia,
1557 5507 1732 5564 neque
1759 5492 1977 5561 futura,
2019 5508 2118 5549 ne-

459 5603 566 5661 que
596 5585 853 5654 altitudo,
870 5600 1038 5659 neque
1061 5581 1440 5657 profunditas,
1473 5597 1648 5653 neque
1671 5581 1788 5638 ulla
1812 5580 1928 5636 alia
1957 5597 2111 5638 crea-

2297 5308 2593 5383 Ιῐέτεισμαι
2622 5306 2727 5384 γὰρ
2777 5305 2861 5363 ὅτι
2901 5304 3028 5368 οὔτε
3081 5309 3333 5374 θάνατος.
3393 5309 3520 5369 οὔτε
3579 5310 3716 5382 ζωή,
3747 5305 3880 5366 οὔτε

2224 5397 2481 5478 ἄγγελοι,
2537 5391 2664 5478 οὔτε
2697 5393 2893 5474 ἀρχαὶ,
2949 5393 3075 5456 οὔτε
3131 5394 3403 5478 δυνάμεις,
3459 5397 3585 5458 οὔτε
3639 5395 3877 5474 ἐνεστὼς

2225 5509 2311 5558 τα,
2339 5483 2464 5544 οὔτε
2495 5473 2792 5561 μέλλοντα,
2851 5479 2983 5542 οὔτε
3037 5473 3276 5562 ὕψωμα,
3325 5484 3453 5546 οὔτε
3511 5487 3696 5566 βάθος,
3747 5473 3881 5546 οὔτε

2225 5599 2310 5642 τις
2337 5577 2512 5641 κτίσις
2551 5573 2709 5650 ἑτέρα
2767 5570 3056 5645 δυνησεται
3111 5579 3284 5653 ἡμᾶς,
3345 5580 3584 5656 χωρίσαι
3639 5575 3750 5634 ἀπὸ
3778 5584 3882 5648 τῆς
