4198 6198
364 369 481 428 497

366 593 554 663 ἡμωι

436 679 661 754 ἐπειδή
696 679 808 738 ἄνω
852 683 917 738 τᾶ
967 681 1206 759 παρόντα
1271 684 1408 748 εἷπε,
1463 686 1554 739 νῦν
1613 682 1680 738 τὰ
1743 676 2018 753 μέλλοντα

362 772 537 847 λέγει,
585 775 677 830 καὶ
735 794 922 850 φησιν’
983 774 1116 830 Οὔτε
1165 775 1194 830 ὁ
1258 771 1490 847 μέλλων
1549 773 1796 838 Θάνατος,
1829 768 2014 836 οὕτεή

361 859 644 936 μέλλουσα
675 865 816 936 ζωὴ,
849 862 974 921 οὕτε
1003 863 1298 943 ’Λγγελοι,
1331 861 1454 919 οὕτε
1485 861 1769 934 Δυνάμεις,
1822 857 2016 914 δόναν-

355 953 448 1009 ταί
481 975 548 1026 με
580 954 817 1029 χωρίσαι
850 952 956 1009 ἀπὸ
983 960 1083 1023 τῆς
1137 953 1353 1030 ἀγάπης
1407 957 1504 1010 τοῦ
1563 955 1720 1015 Θεοῦ,
1771 956 1872 1018 τῆς
1928 944 2017 1002 διά

357 1043 603 1116 Χριστοῦ
637 1064 733 1116 μοι
765 1043 1210 1117 προξενηθείσης.
1256 1042 1432 1098 Πάντα
1467 1063 1584 1115 μοι,
1635 1039 1788 1120 φησὶ,
1826 1036 2013 1111 μικρά,

361 1138 498 1201 πρὸς
525 1131 733 1203 ἐκείνην
770 1135 870 1203 τήν
931 1131 1171 1208 ἀγάπην.
1234 1134 1368 1190 Εἶτα
1427 1127 1614 1201 ἐπειδή
1667 1134 1837 1185 πᾶσαν
1897 1125 2015 1181 εἶπε

356 1223 460 1291 τὴν
481 1221 653 1278 κτίσιν
678 1224 779 1294 τήν
811 1223 1011 1297 ῥρατὴν
1075 1222 1167 1278 καί
1232 1222 1458 1292 νοητὴν,
1489 1221 1522 1276 ἃ
1554 1219 1682 1275 εἶσιν
1741 1217 2008 1274 ἐνεστῶτα

353 1312 447 1367 καὶ
481 1312 780 1386 μὲΑλοντα,
811 1313 1184 1388 προστίθησιν·
1219 1337 1246 1366 ‹‹
1281 1311 1417 1372 Οἱὶτε
1452 1333 1533 1374 τις
1565 1309 1738 1372 κτίσις
1771 1308 1944 1383 ἑτέρα.
1982 1331 2008 1358 ι)

352 1402 656 1469 Τουτέστιν,
689 1401 753 1459 El
785 1402 874 1458 καὶ
907 1400 1054 1473 ἄλλη
1085 1424 1170 1465 τις
1200 1403 1347 1478 παρὰ
1375 1404 1475 1472 την
1521 1399 1683 1456 οὖσαν
1719 1397 2008 1468 ὑποσταίη,

357 1489 488 1548 οὐδὶ
519 1491 656 1560 αὖτή
691 1513 784 1565 μοι
817 1492 956 1548 εἶναί
987 1514 1037 1548 τι
1089 1490 1239 1549 δοκεῖ
1293 1493 1429 1569 πρὸς
1483 1493 1580 1559 τῆν
1640 1488 1854 1564 ἀγάπην
1912 1490 2009 1544 τοῦ

353 1587 513 1640 Θεοῦ.
551 1579 772 1653 Ἐπειδὴ
807 1580 980 1638 δὲκαὶ
1010 1581 1291 1660 Ἀγγελων
1345 1583 1437 1638 καὶ
1496 1582 1781 1654 Δυνάμεων
1837 1577 2010 1652 ἐμνή-

354 1673 482 1744 σθη,
519 1673 595 1746 μή
628 1671 818 1746 νόμιζε
845 1673 972 1736 τοὺς
1004 1671 1302 1749 ’Λγγέλους
1331 1671 1366 1742 ἢ
1397 1671 1491 1733 τὰς
1551 1669 1812 1742 Δυνάμεις
1869 1666 2006 1723 ἀπο-

354 1761 549 1828 στῆσαί
577 1782 726 1822 τινας
766 1759 970 1825 ἐθέλειν
1001 1759 1108 1816 ἀπὸ
1161 1765 1418 1836 Χριστοῦ,
1469 1758 1640 1834 ἄπαγε
1669 1759 1681 1815 l
1737 1755 1882 1812 ἀλλὰ
1911 1756 2002 1811 τὸν

1446 365 1851 432 COMMENT.
1897 363 1975 423 IN
2021 359 2266 424 EPIST.
2314 360 2421 420 AD
2465 361 2656 424 ROM.

368 499 593 574 ἀγάπης
619 503 718 556 τοῦ
749 503 905 575 θεοῦ.
934 506 1035 571 τῆς
1075 499 1128 556 ἒν
1185 500 1406 576 Χριστῷ
1458 503 1642 573 Ἰησοῦ
1697 503 1775 571 τῷ
1831 490 1988 569 Κυρίι

2127 499 2252 547 tura
2300 496 2506 564 poterit
2557 511 2652 550 nos
2695 510 2952 566 separare
2981 513 3015 552 α
3055 495 3350 555 dilectione
3378 499 3494 572 Dei,

3663 370 3782 454 49;

3544 517 3666 573 qua
3697 510 3776 560 est

2123 597 2222 652 per
2252 582 2528 638 Christum
2557 585 2737 640 Iesum
2757 585 3044 643 Dominum
3074 596 3343 646 nostrum.
3529 610 3531 612 ·

2199 671 2352 728 819
2405 673 2694 739 Quoniam
2747 677 3016 747 superius
3063 678 3382 750 praesentia
3413 677 3580 746 dixit,
3613 696 3772 737 nunc

2123 758 2323 816 futura
2358 777 2685 831 enumera,,
2719 770 2777 819 et
2798 765 2880 820 ait
2905 783 2917 820 :
2942 767 3140 838 Neque
3165 767 3364 824 futura
3393 784 3774 842 mors,neque

2123 847 2322 906 futura
2342 851 2481 917 vita,
2504 868 2698 924 neque
2720 853 2950 927 Angeli,
2970 872 3162 928 neque
3178 857 3504 913 Potestates
3525 865 3775 930 possunt

2122 955 2216 994 me
2251 957 2527 1013 separare
2578 958 2607 998 a
2643 942 2961 999 dilectione
3013 945 3133 1011 Dei,
3170 964 3300 1017 quas
3343 965 3448 1020 per
3473 947 3771 1005 Christum

2121 1029 2266 1084 mihi
2297 1032 2612 1087 conciliata
2643 1038 2748 1086 est.
2785 1033 2996 1089 Omnia
3023 1035 3167 1090 mihi
3201 1037 3410 1109 exigua
3442 1043 3584 1092 sunt
3614 1039 3662 1093 si
3695 1037 3770 1094 ad

2121 1117 2290 1174 illum
2353 1137 2618 1176 amorem
2683 1122 3086 1179 conferantur.
3123 1125 3344 1180 Deinde
3390 1125 3488 1181 ubi
3531 1143 3771 1183 omnem

2119 1216 2450 1264 creaturam
2485 1209 2634 1265 dixit
2663 1211 2957 1267 visibilem
3006 1229 3072 1268 ac
3119 1213 3581 1283 intelligibilem,
3633 1233 3763 1287 quas

2118 1305 2256 1353 sunt
2288 1299 2573 1354 instantia
2602 1317 2667 1355 ac
2683 1301 2899 1367 futura,
2917 1303 3188 1377 adjungit
3213 1321 3227 1358 :
3249 1326 3276 1353 «
3297 1305 3496 1376 Neque
3520 1304 3772 1362 ullaalia

2117 1394 2408 1454 creatura,
2446 1410 2473 1439 ››
2505 1389 2616 1445 hoc
2677 1396 2784 1458 est,
2819 1391 2866 1446 si
2900 1391 3016 1446 alia
3047 1393 3267 1462 quaevis
3313 1393 3385 1448 ab
3417 1411 3485 1450 ea
3517 1411 3648 1465 quae
3681 1401 3772 1452 est

2117 1477 2487 1546 subsisteret,
2519 1495 2712 1550 neque
2739 1479 2863 1551 ipsa
2886 1479 3030 1534 mihi
3055 1480 3360 1552 quidpiam
3381 1498 3512 1537 esse
3539 1483 3770 1540 videre-

2113 1572 2210 1622 tur
2239 1565 2312 1622 ad
2339 1567 2439 1622 Dei
2463 1569 2967 1623 amorem.Verum
2997 1569 3133 1640 quia
3148 1576 3236 1625 est
3255 1571 3613 1644 Angelorum
3638 1590 3772 1628 me-

2113 1657 2292 1711 minit
2340 1673 2407 1712 ac
2460 1658 2825 1712 Potestatum
2861 1675 2874 1712 :
2906 1674 2982 1713 ne
3014 1659 3323 1715 arbitreris
3376 1661 3632 1734 Angelos
3662 1669 3766 1718 aut

2112 1747 2439 1801 Potestates
2453 1746 2599 1802 velle
2615 1747 2848 1818 aliquos
2879 1749 3445 1821 separareaChristo
3471 1767 3484 1805 :
3514 1751 3762 1808 minime

346 1851 474 1927 περὶ
507 1853 636 1908 Θεὸν
670 1852 872 1927 θερμὸν
916 1852 1084 1917 πόθον
1113 1855 1351 1924 σημᾶναι
1388 1854 1589 1922 ζητῶν,
1649 1847 1726 1912 εἷς
1777 1847 1988 1902 τοῦτουέ

2111 1838 2374 1909 gentium
2409 1853 2422 1904 ;
2458 1837 2559 1892 sed
2591 1836 2898 1892 ardentem
2923 1853 3059 1910 erga
3079 1837 3266 1894 Deum
3289 1855 3553 1895 amorem
3575 1841 3762 1913 signi-

344 1939 487 2011 ἦλθε
538 1941 668 2003 τοῦς
730 1939 955 2019 λόγους.
1021 1967 1046 1994 ε(
1101 1937 1235 1996 Οὔτε
1287 1941 1512 2015 ὕψωμα,
1567 1933 1689 1994 οὔτε
1747 1936 1936 2006 βάθος.
1976 1960 2003 1987 ι)

344 2063 416 2073 —
447 2032 762 2106 [ΘΕΟΔΩΡ]
794 2032 990 2100 Βάθος,
1045 2031 1118 2094 ὡς
1152 2030 1330 2104 οἶμαι,
1369 2031 1472 2101 τήν
1536 2028 1744 2104 γὲενναν
1806 2024 2004 2099 ὄνομά·

344 2127 446 2189 ζει,
481 2117 616 2194 ὕψος
677 2118 734 2175 δὶ
761 2121 862 2190 τήν
925 2119 1230 2196 βασιλείαν,
1289 2118 1380 2174 καὶ
1438 2119 1575 2194 πρὸς
1628 2117 1844 2178 τούτοις
1897 2117 1998 2186 τήν

335 2208 563 2264 αἰώνιον
593 2210 763 2278 ζωὴν,
822 2209 912 2264 καὶ
971 2209 1062 2264 τὸν
1115 2209 1332 2264 αἰώνιον
1371 2209 1620 2274 θάνατον,
1651 2238 1716 2248 -
1749 2205 1850 2262 Καὶ
1902 2201 2000 2259 ἄλ-

333 2295 474 2359 λως.
512 2299 1070 2372 [ΟΙΚΟΓΜΕΝΙΟΥ.]
1106 2297 1201 2353 Καὶ
1261 2291 1588 2367 συλλήϐδην
1652 2295 1842 2360 εἰπεῖν,
1877 2290 2001 2348 οὔτε

325 2387 398 2442 τά
459 2385 589 2462 ἄγαν
671 2385 916 2458 ἐπίδοξα,
1004 2385 1128 2442 οὔτε
1209 2386 1276 2442 τά
1351 2385 1484 2464 ἄγαν
1541 2382 1704 2458 ἄδοξα
1751 2380 1879 2439 οὕτε
1933 2384 2001 2438 τά

335 2477 530 2552 ἀγαθά,
591 2473 715 2533 οῦτι
796 2477 862 2532 τὰ
920 2474 1164 2552 λυπηρά,
1211 2471 1340 2532 οὔτε
1395 2474 1460 2530 τά
1522 2472 1690 2540 κολα,
1753 2470 1878 2528 οὔτε
1934 2472 2000 2526 τά

334 2567 495 2622 κακά.
531 2589 556 2617 ι
587 2568 699 2636 Τῆς
728 2563 780 2622 ἐν
813 2569 1028 2642 Χριστῷ
1061 2567 1268 2637 Ἰησοῦ.
1305 2592 1325 2619 ι
1387 2565 1538 2621 ’Λνω
1594 2567 1814 2639 πρῶτον
1875 2561 1999 2618 εἶπε

383 2657 398 2672 \
480 2655 493 2672 ο
558 2655 568 2671 Ι
782 2661 809 2672 ο
953 2660 975 2671 υ
1037 2653 1063 2676 η
1240 2657 1254 2674 \
1408 2652 1459 2674 ρκ
1719 2653 1730 2670 1
1973 2651 1988 2671 ε

333 2677 436 2722 την
468 2677 684 2734 αγαπην
718 2676 814 2711 του
845 2663 1001 2725 Θεου,
1048 2677 1126 2711 ινα
1187 2677 1262 2728 μη
1327 2658 1614 2730 ψευοεσθαι
1673 2649 1802 2728 δοξῃ
1865 2673 1990 2726 περι

337 2751 439 2815 τῆς
473 2743 616 2808 ῗδίας
648 2744 824 2820 λέγων
877 2745 1094 2820 ἀγάπης
1151 2746 1203 2819 (ὁ
1260 2745 1366 2824 γάρ
1422 2744 1740 2820 ἀγαπηθεὶς,
1773 2743 1836 2797 οὐ
1868 2754 1996 2806 θαυ-

347 2835 550 2908 μαστὸν
591 2835 637 2891 εί
696 2836 1019 2912 ἀνταγαπᾷι,
1073 2833 1397 2910 προσέθηκε,
1431 2837 1601 2903 «Τῆς
1663 2833 1715 2889 ἐν
1773 2835 1994 2908 Χριστῷ

333 2926 537 2996 Ἰησοῦ.
576 2949 604 2976 »
637 2925 894 3003 Ἥγάπων
931 2926 1025 2998 μὶν
1065 2924 1154 2980 καὶ
1210 2921 1469 2980 Ἰουδαῖοι
1521 2924 1615 2978 τὸν
1673 2923 1828 2992 Θεὸν,
1860 2917 1992 2977 ἀλλ’

332 3013 433 3070 οὐκ
460 3013 514 3072 ἂν
543 3015 761 3090 Χριστῷ
786 3017 988 3089 Ἰησοῦ,
1019 3014 1137 3072 ὅθεν
1166 3013 1256 3072 καὶ
1288 3011 1602 3074 ἀπώλοντο.

964 3161 1223 3217 ΚΕΦΔΛ.
1263 3158 1368 3214 IE‘.

2109 1925 2287 1980 ﬁcare
2318 1925 2540 1991 volens,
2565 1925 2637 1981 ad
2652 1925 2760 1981 hos
2790 1925 3096 1982 descendit
3128 1944 3456 1983 sermones.
3491 1951 3518 1978 «
3553 1930 3753 2000 Neque

2109 2015 2383 2083 altitudo,
2416 2032 2610 2087 neque
2670 2016 3060 2088 profunditas.
3098 2040 3125 2067 »
3161 2017 3657 2085 Profunditatem,
3687 2025 3754 2074 ut

2109 2107 2342 2177 opinor,
2371 2107 2702 2178 gehennam
2737 2107 3029 2171 nominat,
3060 2106 3441 2164 altitudinem
3490 2125 3625 2164 vero
3658 2125 3750 2164 re-

2106 2212 2308 2268 gnum.
2341 2194 2425 2250 Ad
2460 2195 2585 2251 hazc
2637 2202 2920 2251 mternam
2977 2195 3117 2252 dicit
3148 2197 3325 2253 vitam
3369 2204 3427 2254 et
3467 2204 3756 2254 mternam

2104 2291 2378 2342 mortem.
2412 2317 2481 2326 —
2524 2285 2651 2341 Alio
2682 2301 2897 2357 quoque
2926 2287 3106 2342 modo.
3164 2288 3352 2359 thue
3411 2289 3757 2345 summatim

2107 2373 2298 2430 dicam
2335 2392 2348 2428 :
2383 2391 2578 2446 neque
2620 2375 2940 2430 admodum
2997 2375 3276 2450 gloriosa,
3338 2394 3531 2450 neque
3589 2378 3760 2434 valde

2104 2463 2377 2527 humilia,
2411 2480 2606 2535 neque
2637 2463 2816 2532 bona,
2870 2481 3064 2537 neque
3105 2467 3316 2533 tristia,
3351 2484 3544 2539 neque
3577 2467 3760 2524 hone-

2104 2560 2215 2620 sta,
2240 2570 2434 2625 neque
2463 2553 2636 2610 mala.
2671 2575 2697 2605 ι
2728 2555 2866 2620 Qum
2901 2562 2992 2611 est
3021 2572 3128 2628 per
3155 2555 3448 2612 Christum
3479 2558 3700 2614 Iesum.
3729 2580 3760 2609 ››

2102 2645 2244 2699 Cum
2278 2645 2641 2716 prmmiserit
2671 2644 2772 2699 Dei
2804 2643 3303 2710 dilectionem,ne
3337 2645 3646 2704 ludificare
3678 2647 3762 2703 vi-

2101 2731 2312 2789 deatur
2367 2734 2440 2789 de
2493 2733 2718 2806 privata
2772 2735 3023 2806 loquens
3081 2735 3401 2791 dilectione
3433 2739 3592 2806 (nam
3650 2737 3752 2808 qui

2100 2830 2334 2880 amatus
2398 2830 2508 2890 est,
2543 2840 2662 2878 non
2709 2824 2925 2879 mirum
2975 2824 3024 2879 si
3081 2825 3394 2896 redamet),
3429 2824 3747 2897 adjunxit:

2101 2934 2130 2963 ‹‹
2165 2913 2302 2978 Quas
2336 2921 2426 2968 est
2456 2928 2561 2985 per
2595 2912 2893 2968 Christum
2923 2913 3122 2969 Iesum
3147 2935 3175 2962 ››
3199 2912 3493 2970 Amabant
3519 2913 3678 2969 enim
3701 2919 3761 2969 et

2101 3001 2290 3057 Judaei
2323 3003 2531 3072 Deum,
2566 3001 2670 3057 sed
2702 3019 2820 3058 non
2859 3017 2966 3074 per
2995 3001 3294 3058 Christum
3343 3003 3563 3070 lesum,
3595 3002 3754 3060 unde

2105 3096 2160 3146 et
2192 3091 2517 3163 perierunt.

2729 3180 2962 3236 CAPUT
3000 3180 3117 3236 XV.

330 3291 465 3364 Hegi
527 3291 850 3356 ἒκπτώσεως
932 3289 1158 3364 Ἰσραὴλ
1210 3293 1308 3346 τοῦ
1365 3283 1782 3364 ἁποξληθέγτος
1819 3329 1833 3356 ,
1890 3285 1982 3364 καὶ

2106 3293 2186 3345 De
2213 3305 2380 3344 causa
2409 3288 2754 3364 abjectorum
2776 3289 3184 3364 rlsraelitarum,
3201 3305 3275 3364 ac
3304 3305 3556 3344 verorum
3585 3305 3750 3347 voca-

401 3357 652 3436 κλήσεως
738 3368 836 3418 τοῦ
921 3357 1163 3434 ἀληθοῦς
1197 3405 1213 3432 ,
1295 3365 1392 3418 τοῦ
1450 3357 1791 3436 εἷ’σαχθέντος
1848 3357 1983 3432 μετὰ

405 3435 489 3490 illi;
497 3440 572 3490 ὢν
581 3478 594 3493 .

402 3560 694 3634 ’Δλτςθειαν
756 3560 901 3636 λέγω
957 3558 1009 3616 ἐν
1064 3562 1305 3633 Χριστῷ,
1366 3558 1429 3614 οὐ
1487 3555 1780 3632 ψεύδομαι,
1840 3577 1981 3629 συμ-

332 3650 717 3728 μαρτυροῦσης
777 3671 872 3724 μοι
955 3657 1055 3719 τῆς
1116 3645 1478 3718 συνειδήσεώς
1539 3669 1644 3720 μου
1704 3646 1756 3701 ἐν
1819 3645 1983 3702 Πνεῦ-

330 3741 647 3816 ματιάγίτμ,
703 3739 785 3796 ὅτι
847 3738 995 3810 λῦπη
1055 3738 1149 3812 μοί
1210 3738 1320 3794 ἐστι
1377 3736 1618 3812 μεγάλη,
1677 3736 1767 3792 καὶ
1824 3733 1978 3790 ἀδιά-

326 3831 551 3894 λειπτος
610 3829 774 3902 ὅδῦνη
841 3834 910 3904 τῇ
967 3826 1164 3905 καρδίᾳ
1225 3849 1350 3902 μουσ
1405 3828 1668 3904 ηὐχόμην
1723 3828 1826 3903 γάρ
1883 3825 1978 3882 αὖε

322 3925 415 3987 τὸς
463 3921 568 3996 ἐγὼ
627 3923 868 3990 ἀνάθεμα
918 3920 1050 3975 εἶναι
1083 3919 1190 3975 ἀπὸ
1247 3922 1349 3974 τοῦ
1396 3919 1632 3993 Χριστοῦ
1679 3917 1813 3992 ὑπὲρ
1869 3917 1976 3971 τῶν

323 4012 574 4091 ἀδελφῶν
643 4033 749 4084 μου
812 4015 922 4066 τῶν
1009 4013 1277 4086 συγγενῶν
1358 4029 1462 4081 μου
1555 4008 1692 4064 κατὰ
1784 4009 1976 4082 σάρκα·

323 4102 518 4165 οἵτινές
595 4102 728 4158 εἰσιν
830 4098 1190 4176 Ἰσραηλῖται,
1264 4099 1338 4152 ὧν
1387 4099 1423 4167 ἡ
1456 4098 1700 4162 υἱοθεσία
1774 4097 1864 4152 καὶ
1940 4099 1975 4166 ἡ

322 4189 452 4265 δόξα
482 4193 571 4248 καὶ
596 4193 653 4247 αἱ
711 4189 966 4260 διαθῆκαι
1023 4189 1113 4244 καὶ
1170 4189 1204 4257 ἡ
1263 4188 1560 4263 νομοθεσία
1619 4187 1707 4242 καὶ
1775 4188 1809 4256 ἡ
1876 4183 1979 4244 λα-

315 4283 469 4353 τρεία
525 4281 618 4337 καὶ
676 4281 730 4335 αἱ
790 4277 1136 4355 ἐπαγγελίαι·
1195 4277 1269 4332 ὧν
1328 4277 1378 4330 οἱ
1433 4276 1717 4351 Πατίρες,
1775 4275 1863 4331 καὶ
1923 4274 1974 4350 ἐξ

318 4371 392 4426 ὧν
434 4371 463 4425 ὁ
509 4369 740 4445 Χριστὸς
797 4369 860 4423 τὸ
929 4366 1067 4423 κατὰ
1125 4365 1296 4441 σάρκα
1331 4406 1346 4433 ,
1405 4365 1434 4419 ὁ
1486 4361 1559 4418 ὣν
1617 4360 1706 4420 ἰπὶ
1763 4364 1975 4420 πάντων

317 4457 449 4522 Θεὸς
489 4457 791 4534 εὐλογητὸς
822 4455 898 4519 είς
929 4455 1056 4517 τοὺς
1096 4454 1317 4516 αἰῶνας.
1353 4455 1557 4527 Ἀμήν.

395 4550 548 4626 Μέγα
573 4547 718 4604 θέλει
747 4545 939 4618 εἰπεῖν,
1001 4544 1086 4601 διὸ
1129 4541 1488 4622 προοδοποιεῖ
1539 4548 1620 4616 τῷ
1674 4549 1971 4614 πιστευθῆ-

318 4664 429 4711 ναι,
474 4625 622 4719 τρεῖς
679 4641 1067 4722 ἐπιφερόμενος
1130 4639 1426 4714 μάρτυρας,
1485 4639 1575 4693 τὸν
1627 4639 1878 4715 Χριστὸν,
1910 4637 1973 4693 τὸ
2004 4625 2050 4693 D

319 4733 474 4808 ἅγιον
535 4735 771 4806 Πνεῦμα,
802 4730 896 4788 καὶ
927 4731 1026 4800 τήν
1055 4729 1246 4784 ὶαυτοῦ
1307 4725 1636 4800 συνείδησιν.
1694 4731 1830 4804 Ὅρα
1890 4725 1969 4783 δέ·

320 4847 347 4875 ιι
381 4819 699 4894 Ἀλήθειαν,
724 4820 879 4896 φησὶ,
929 4818 1078 4895 λέγω
1111 4817 1163 4874 ἐν
1214 4819 1467 4892 Χμιστῷ.
1504 4843 1530 4869 υ
1583 4819 1688 4876 Καὶ
1720 4817 1782 4873 οὗ
1838 4818 1973 4893 ψεύ-

321 4908 630 4985 δομαι,καὶ
689 4913 724 4980 ἡ
759 4905 1064 4981 συνείδησίς
1115 4927 1209 4980 μοι
1268 4906 1344 4970 είς
1397 4911 1560 4962 τοῦτο
1610 4908 1816 4984 μάρτυς
1874 4908 1966 4964 σὺν

319 5006 403 5074 τῷ
433 5000 574 5078 ἁγίῳ
630 4999 922 5073 Πνεῦματι.
983 5023 1011 5051 ‹‹
1041 4996 1318 5076 Ηῦχόμην
1351 4996 1452 5072 γάρ
1483 4997 1644 5061 αὐτὸς
1684 4999 1796 5076 ἐγὼ
1837 4999 1967 5053 ἀνα-

320 5101 461 5164 θεμα
491 5090 628 5146 εἶναι
660 5089 766 5144 ἀπὸ
812 5093 909 5144 τοῦ
962 5091 1221 5161 Χριστοῦ.
1257 5110 1286 5137 ››
1341 5087 1484 5161 Ὅρα
1538 5089 1636 5156 τὴν
1694 5087 1962 5143 ἐπίτασινο

317 5179 420 5238 οὐκ
449 5179 616 5250 εἶπεν,
639 5174 1018 5251 Ἡϐουλόμην,
1048 5174 1198 5245 ἀλλ’,
1230 5199 1256 5229 ιι
1276 5175 1566 5252 ηὐχόμην.
1602 5204 1626 5232 ι
1654 5209 1722 5220 -
1751 5175 1963 5253 [ΦΩΤ.]

312 5273 414 5329 Ὅν
447 5267 601 5326 οὐδὲν
661 5267 876 5324 δόναται
936 5266 1172 5342 χωρίσαι
1220 5271 1322 5336 τῆς
1381 5265 1595 5340 ἀγάπης
1655 5270 1754 5322 τοῦ
1806 5271 1961 5336 Θεοῦ,

313 5360 378 5417 οὗ
410 5362 638 5426 θάνατος
672 5357 1096 5430 ἀπειλούμενος,
1153 5354 1215 5410 οὗ
1263 5356 1377 5426 ζωὴ
1427 5356 1847 5428 προτεινομένη,
1899 5357 1960 5414 οὔ

312 5451 382 5508 τὰ
410 5450 611 5516 ἰκεῖθεν
641 5447 853 5517 ἁπλῶς,
887 5445 952 5503 οὐ
993 5445 1059 5501 τὰ
1118 5443 1362 5513 ἐνταῦθα,
1423 5444 1536 5525 οὐχ
1566 5445 1698 5520 ὅπερ
1759 5443 1818 5501 ἄν
1875 5467 1961 5511 τις

312 5539 607 5618 ἐπινοησῃο
641 5536 730 5597 διὰ
755 5541 919 5596 τοῦτο
945 5535 1046 5612 γάρ
1101 5533 1192 5591 καὶ
1243 5533 1513 5611 ’Λγγὲλων
1565 5533 1808 5609 ἐμνήσθη
1866 5534 1957 5594 καὶ

308 5629 742 5708 Δυνάμιων,καὶ
777 5628 974 5705 βάθους
1023 5625 1113 5681 καὶ
1173 5623 1365 5700 ὕψους.
1419 5626 1512 5680 Ὃν
1559 5625 1738 5682 τοίνυν
1804 5623 1957 5682 οὐδὲν

307 5719 549 5806 χωρίσαι
605 5717 846 5788 δύναται,
905 5720 1023 5780 πῶς
1079 5712 1242 5777 αὐτὸς
1300 5713 1560 5778 ἑκουσίως
1617 5713 1951 5798 ἀφίσταταις

2163 3364 2311 3416 tione
2347 3363 2445 3432 qui
2476 3377 2602 3416 cum
2632 3361 2886 3430 gentibus
2907 3361 3210 3416 introducti
3241 3367 3390 3416 sunt.

2171 3470 2468 3523 Veritatem
2499 3468 2616 3523 dico
2650 3485 2754 3539 per
2785 3469 3078 3538 Christum,
3111 3484 3220 3522 non
3259 3470 3492 3524 mentior
3525 3484 3538 3523 :
3570 3475 3738 3524 attes-

2091 3566 2241 3616 tantc
2269 3576 2383 3614 una
2410 3576 2618 3614 mecum
2648 3561 2980 3615 conscientia
3029 3575 3146 3614 mea
3177 3560 3236 3613 in
3287 3558 3505 3629 Spiritu
3532 3567 3742 3615 sancto.

2089 3651 2242 3722 quod
2269 3651 2502 3704 tristitia
2531 3650 2669 3704 mihi
2687 3651 2756 3705 sit
2786 3664 2988 3718 magna
3019 3654 3070 3704 et
3101 3644 3390 3704 continuus
3410 3648 3570 3704 dolor
3586 3649 3741 3705 320

2089 3739 2242 3795 cordi
2270 3754 2408 3795 meo.
2441 3739 2692 3811 Optarim
2721 3741 2866 3794 enim
2897 3754 2995 3809 ego
3033 3737 3151 3808 ipse
3198 3738 3493 3793 anathema
3545 3753 3656 3794 esse
3701 3755 3738 3795 a

2091 3828 2302 3885 Christo
2330 3845 2435 3900 pro
2465 3829 2744 3898 fratribus
2772 3831 2905 3882 meis
2942 3829 3040 3898 qui
3069 3827 3204 3881 mihi
3235 3829 3458 3896 cognati
3483 3832 3612 3881 sunt
3641 3841 3731 3880 se-

2087 3919 2326 3976 cundum
2365 3935 2630 3974 carnem:
2687 3919 2786 3988 qui
2841 3923 2969 3972 sunt
3023 3916 3310 3984 Israelita,
3359 3931 3593 3986 quorum
3649 3921 3733 3971 est

2087 4008 2318 4080 adoptio
2341 4015 2394 4064 et
2425 4008 2608 4078 gloria
2639 4013 2690 4061 et
2721 4010 3099 4062 testamentum
3127 4019 3194 4060 ac
3225 4003 3496 4075 legislatio
3527 4003 3738 4061 cultus-

2087 4116 2190 4170 que
2221 4105 2272 4154 et
2295 4100 2682 4169 promissiones
2713 4113 2732 4151 :
2762 4111 2995 4166 quorum
3051 4101 3180 4150 sunt
3223 4102 3433 4165 patres,
3482 4097 3634 4167 iique
3664 4112 3734 4152 ea:

2085 4187 2284 4258 quibus
2313 4194 2391 4243 est
2422 4187 2666 4245 Christus
2690 4183 2834 4256 quod
2881 4185 2954 4239 ad
3000 4200 3217 4240 carnem
3249 4188 3468 4252 attinet,
3495 4188 3597 4256 qui
3656 4191 3736 4243 est

2083 4292 2249 4348 super
2277 4275 2468 4332 omnia
2495 4277 2636 4332 Deus
2667 4274 2977 4330 benedictus
3005 4275 3067 4328 in
3092 4273 3309 4331 secula.
3334 4275 3519 4330 Amen.

2155 4555 2425 4628 Magnum
2453 4560 2542 4612 est
2574 4553 2732 4626 quod
2764 4553 2961 4610 dicere
2992 4557 3162 4625 parat
3195 4569 3208 4607 :
3241 4551 3374 4608 ideo
3404 4551 3558 4608 viam
3589 4570 3737 4626 prea-

2082 4645 2258 4700 struit
2285 4651 2352 4702 ut
2375 4643 2553 4701 fidem
2585 4643 2782 4713 faciat,
2816 4649 2935 4700 tres
2966 4641 3301 4715 producens
3333 4647 3535 4712 testes,
3567 4643 3736 4700 Chri-

2083 4734 2555 4808 stum,Spiritum
2581 4741 2853 4792 sanctum
2877 4750 2944 4789 ac
2957 4731 3261 4806 propriam
3273 4731 3726 4791 conscientiam.

2083 4825 2225 4881 Vide
2265 4831 2486 4882 autem.
2522 4849 2549 4876 «
2587 4825 2927 4887 Veritatem,
2982 4821 3195 4893 inquit,
3248 4821 3378 4876 dico
3426 4838 3534 4894 per
3561 4823 3728 4880 Chri-

2080 4919 2259 4976 stum.
2292 4931 2400 4970 nec
2448 4915 2722 4980 mentior,
2757 4919 2816 4968 et
2845 4913 2906 4967 in
2941 4911 3051 4966 hoc
3082 4909 3229 4966 mihi
3263 4911 3430 4966 testis
3471 4918 3562 4968 est
3585 4931 3732 4971 con-

2079 5004 2328 5059 scientia
2357 5003 2537 5060 simul
2567 5019 2701 5059 cum
2733 5001 2955 5074 Spiritu
2985 5005 3212 5056 sancto.
3239 5020 3268 5050 »
3293 5029 3365 5041 —
3397 5022 3421 5052 α
3457 5001 3726 5074 Optarim

2077 5093 2395 5149 anathema
2424 5109 2552 5149 esse
2583 5109 2617 5148 a
2646 5092 2900 5148 Christo.
2936 5111 2965 5141 »
3002 5088 3142 5145 Vide
3180 5091 3724 5162 exaggerationem.

2076 5182 2380 5253 Siquidem
2411 5199 2531 5238 non
2563 5181 2728 5245 dixit,
2752 5179 2966 5246 Velim,
2999 5177 3102 5235 sed
3125 5201 3154 5230 «
3177 5180 3458 5252 Optarim.
3485 5204 3516 5232 »
3539 5183 3726 5248 Quem

2074 5271 2226 5326 nihil
2257 5276 2450 5343 potest
2495 5287 2530 5326 a
2559 5271 2880 5327 dilectione
2929 5268 3033 5324 Dei
3065 5284 3368 5340 separare,
3409 5287 3529 5327 non
3560 5289 3722 5331 mors

2072 5360 2581 5427 comminata,non
2611 5362 2728 5417 vita
2757 5357 3129 5433 prolongata,
3154 5365 3373 5424 non,ut
3403 5376 3523 5418 uno
3545 5363 3720 5420 verbo

2071 5448 2286 5517 dicam,
2318 5449 2408 5505 vel
2439 5467 2570 5522 quas
2601 5467 2635 5506 a
2672 5449 2872 5506 futuro
2927 5453 3067 5504 sunt
3113 5448 3356 5517 saeculo,
3407 5450 3496 5506 vel
3526 5467 3660 5522 quas
3689 5470 3725 5511 a

2067 5538 2370 5611 praesenti.
2402 5556 2523 5595 non
2553 5538 2848 5611 quidquid
2890 5542 3085 5610 potest
3142 5537 3437 5610 quispiam
3467 5543 3715 5598 commi-

2066 5629 2215 5684 nisci
2249 5645 2264 5684 :
2297 5627 2370 5685 ob
2401 5629 2512 5686 hoc
2543 5631 2703 5685 enim
2725 5635 2784 5685 et
2812 5626 3171 5701 Angelorum
3194 5629 3488 5696 meminit,
3515 5635 3572 5686 et
3601 5646 3709 5702 po-

2065 5723 2346 5776 testatum
2377 5724 2437 5776 et
2463 5717 2886 5792 profunditatis
2903 5721 2961 5774 et
2976 5715 3312 5775 altitudinis
3333 5733 3346 5770 :
3370 5733 3549 5787 quem
3566 5734 3703 5792 ergo
