4222 6194
427 409 547 472 499

1545 402 1956 466 (ΕΟΠΜΕΝΠ
2001 401 2309 466 TRICCIE
2357 401 2708 463 EPISGOPI

3721 397 3848 460 500

435 539 588 598 nihil
615 552 887 610 separare
917 536 1434 608 potest.quomodo
1459 538 1583 610 ipse
1614 537 1770 594 ultro
1803 535 2074 604 discedit,

2214 531 2278 590 ιαὶ
2307 537 2474 590 ταῦτα
2507 534 2638 610 ὑπὲρ
2667 536 2773 588 τῶν
2807 533 2942 588 κατᾶ
2971 533 3141 602 σάρκα
3172 534 3440 608 συγγενῶν
3476 549 3490 599 ;
3521 531 3612 585 καὶ
3645 528 3709 585 οὐ
3736 537 3846 601 μό⁴

437 629 616 700 idque
651 631 892 699 propter
947 633 1226 698 cognatos
1285 626 1613 683 secundum
1648 643 1888 684 carnem
1913 626 1940 682 ‘2
1971 628 2086 682 Nec

439 719 633 774 solum
663 714 817 772 ultro
853 717 1293 788 separatur,sed
1315 725 1372 774 et
1402 719 1771 791 concupiscit
1799 737 1866 774 ac
1889 718 2086 790 requi-

439 806 516 862 rit
545 810 603 860 et
633 812 796 876 optat
823 807 1082 878 separari
1117 823 1152 862 a
1211 808 1308 862 Dei
1344 807 1660 864 dilectione
1691 824 1702 862 :
1737 830 1765 858 «
1800 807 2082 878 Optarim,

439 898 656 968 inquit,
691 913 794 971 ego
849 897 974 970 ipse
1007 899 1324 956 anathema
1369 917 1498 956 esse
1527 917 1562 956 δ.
1592 899 1841 956 Christo.
1878 921 1905 948 n
1937 895 2088 964 Quid

439 987 621 1060 igitur
651 993 741 1043 est
769 989 879 1043 hoc
901 987 928 1043 ‘?
955 989 1257 1054 Quomodo
1291 991 1637 1063 contingent
1686 1006 1754 1046 ea
1786 1005 1916 1061 quae
1950 992 2090 1043 sunt

438 1076 836 1149 impossibilia
863 1078 892 1133 εἶ
922 1079 1184 1134 Primum
1220 1078 1458 1150 quidem
1512 1079 1766 1134 dicimus
1815 1080 1938 1133 haec
1969 1094 2089 1133 non

439 1182 570 1223 esse
601 1167 1122 1239 contraria.Neque
1140 1169 1298 1224 enim
1325 1169 1687 1224 contrarium
1713 1173 1801 1222 est
1818 1168 1897 1222 ita
1916 1167 2088 1223 Chri-

442 1262 603 1312 stum
637 1256 904 1329 diligere,
937 1263 1002 1312 ut
1036 1275 1230 1328 neque
1262 1275 1368 1330 per
1390 1257 1969 1330 supplicium,neque
1987 1275 2092 1330 per

446 1346 632 1402 ullam
663 1347 1124 1418 promissionem
1157 1347 1418 1418 separari
1450 1348 1643 1419 possis
1675 1348 1747 1403 ab
1783 1350 1912 1419 ejus
1943 1347 2088 1402 dile-

442 1436 663 1502 ctione,
741 1441 800 1490 et
874 1435 954 1490 ita
1029 1435 1275 1509 diligere
1354 1436 1712 1508 proximum,
1785 1443 1850 1492 ut
1903 1437 2092 1508 ipsius

443 1513 694 1580 Salutem
727 1523 1016 1596 aequalem
1032 1525 1212 1582 ducas
1231 1527 1469 1598 proprio
1495 1527 1670 1582 saluti
1697 1527 1816 1582 imo
1835 1533 1894 1582 et
1915 1527 2095 1598 majo-

440 1629 588 1669 rem.
623 1613 748 1668 Non
807 1619 948 1667 sunt
1003 1629 1137 1687 ergo
1170 1615 1295 1671 haec
1353 1617 1669 1685 contraria,
1721 1617 1866 1688 quin
1897 1617 2092 1688 potius

447 1700 558 1756 sibi
617 1701 870 1758 invicem
905 1703 1082 1759 etiam
1142 1705 1490 1761 conformia.
1539 1707 1683 1762 Nam
1718 1707 1819 1777 qui
1853 1707 2090 1762 fratrem

445 1807 618 1846 suum
649 1790 1186 1865 diligit,Dominum
1219 1811 1456 1868 quoque
1479 1795 1756 1870 diligit,et
1777 1813 1807 1851 e
1826 1795 2082 1852 diverso.

446 1901 474 1929 ‹‹
508 1881 574 1933 In
607 1880 740 1947 hoc,
765 1881 979 1952 inquit,
1013 1891 1373 1955 cognoscent
1411 1901 1618 1940 omnes
1651 1885 1806 1956 quod
1831 1885 1946 1940 mei
1970 1884 2093 1939 dis—

446 1968 626 2040 cipuli
661 1969 791 2025 sitis
823 1971 870 2025 si
916 1969 1241 2028 dilexeritis
1290 1974 1544 2030 invicem
1574 1975 1638 2028 ³⁷.
1681 1997 1710 2026 ››
1746 1977 1874 2046 Ipse
1916 1975 2094 2030 etiam

445 2057 666 2113 Paulus
701 2059 889 2114 dicit:
923 2083 948 2108 α
987 2060 1301 2118 Plenitudo
1353 2063 1502 2136 legis
1553 2069 1644 2119 est
1696 2063 1935 2120 dilectio
1966 2062 2034 2118 ³⁸.
2064 2085 2092 2114 »

445 2147 820 2218 Rursumque
843 2149 1130 2205 Dominus
1154 2150 1224 2205 de
1247 2151 1563 2208 dilectione
1587 2152 1648 2207 in
1667 2153 1852 2208 Deum
1885 2159 2092 2224 etpro-

444 2235 670 2291 ximum
702 2251 716 2290 :
745 2261 764 2286 ι
793 2238 858 2292 In
892 2237 1470 2312 his,inquit,duobus
1486 2243 1801 2314 praeceptis
1821 2243 2099 2298 universa

447 2324 542 2381 lex
592 2331 652 2382 et
691 2327 996 2399 prophetas
1035 2329 1300 2400 pendent
1327 2331 1392 2400 ³⁸,
1427 2353 1455 2379 ››
1483 2331 1630 2388 321
1666 2336 1730 2386 ut
1759 2348 1891 2404 quae
1923 2336 2100 2404 caput

451 2419 592 2471 sunt
617 2415 888 2472 omnium
921 2417 1544 2488 aliorum,dilectionis
1575 2427 1635 2477 et
1663 2421 1723 2476 in
1749 2421 1933 2476 Deum
1960 2427 2017 2476 et
2037 2421 2097 2474 in

451 2503 806 2582 proximum.

527 2593 738 2666 Utique
783 2593 938 2650 dicet
987 2595 1253 2669 aliquis:
1299 2598 1474 2670 Atqui
1531 2597 1644 2654 hoc
1700 2598 1829 2654 loco
1871 2598 2102 2654 videtur

451 2676 800 2756 praeponere
815 2683 1192 2740 dilectionem
1213 2687 1616 2758 proximorum
1635 2687 1939 2743 dilectioni
1965 2704 2102 2756 erga

453 2773 640 2828 Deum
675 2791 688 2828 :
725 2774 961 2845 ethunc
993 2781 1156 2846 optat
1189 2793 1424 2850 negare,
1458 2783 1523 2832 ut
1554 2778 1689 2833 illos
1725 2777 2055 2833 lucrifaciat
2085 2794 2099 2834 :

452 2861 718 2918 Christus
740 2879 875 2918 vero
907 2863 1052 2920 dicit
1076 2881 1088 2919 :
1123 2889 1148 2914 «ι
1178 2867 1282 2931 Qui
1307 2873 1466 2922 amat
1493 2873 1716 2938 patrem
1737 2873 2102 2922 autmatrem

449 2967 630 3024 supra
659 2969 775 3022 me,
801 2970 923 3008 non
949 2961 1037 3009 est
1058 2954 1272 3028 dignus
1293 2956 1365 3012 ⁴⁰.
1383 2979 1407 3008 υ
1429 2961 1502 3012 At
1533 2973 1652 3012 non
1684 2963 1772 3012 est
1793 2958 1904 3013 hoc
1926 2973 2106 3028 supra

449 3041 751 3098 Christum
777 3045 1148 3100 amare.Nam
1177 3044 1318 3118 quid
1349 3053 1473 3103 erat
1495 3045 1630 3102 illos
1655 3046 2104 3118 amare‘mempe

447 3129 777 3188 familiares
831 3135 967 3190 illos
1026 3135 1262 3192 efficere
1320 3137 1573 3193 Christo.
1627 3137 1932 3204 Quomodo
1967 3153 2104 3209 ergo

453 3229 656 3293 posset
685 3222 822 3278 illos
852 3240 1051 3280 amare
1103 3243 1280 3298 supra
1327 3228 1648 3296 Christum,
1682 3245 1816 3284 cum
1865 3227 2000 3283 illos
2031 3226 2104 3282 ad

459 3309 678 3366 Christi
709 3327 972 3368 amorem
997 3330 1064 3369 ac
1095 3315 1498 3372 obedientiam
1527 3318 1763 3374 trahere
1785 3314 2107 3373 studebat?

466 3395 648 3468 Magis
680 3399 838 3454 enim
863 3407 952 3455 est
984 3401 1225 3458 verbum
1255 3407 1402 3474 ejus,
1423 3407 1522 3477 qui
1556 3407 1838 3462 eximium
1857 3405 2117 3462 ostendit

470 3501 734 3542 amorem
761 3504 940 3558 quem
973 3490 1228 3546 habebat
1250 3509 1384 3566 erga
1414 3495 2023 3567 Christum,quoniam
2046 3495 2119 3548 si-

471 3575 598 3631 mul
631 3580 689 3630 et
709 3575 858 3632 alios
880 3577 953 3633 ad
977 3578 1168 3650 ipsum
1193 3581 1982 3656 in1pellebat.Becte,inquit,
2001 3581 2116 3638 nisi

474 3665 738 3738 seipsum
793 3681 826 3721 a
879 3667 1109 3724 Christo
1143 3678 1464 3742 separaret,
1507 3673 1711 3728 dicens
1743 3691 1756 3730 :
1792 3696 1820 3723 «
1854 3673 2118 3744 Optarim

476 3771 582 3828 ego
614 3755 764 3828 ipse.
787 3776 811 3800 ν»
841 3761 950 3812 etc.
976 3757 1122 3822 Quid
1159 3774 1294 3832 ergo
1325 3759 1634 3818 dicemus?
1656 3761 1752 3817 Vel
1771 3760 1926 3832 quod
1953 3761 2118 3817 nullo

475 3844 651 3901 modo
681 3846 942 3918 seipsum
973 3848 1304 3919 separabat,
1329 3865 1525 3921 neque
1557 3850 1716 3906 enim
1743 3851 1894 3906 dixit
1926 3867 1938 3906 :
1973 3851 2119 3922 Opto

471 3934 586 3990 hoc
617 3937 768 4006 ﬁeri,
802 3937 906 3994 sed
937 3936 1212 3996 ardorem
1245 3939 1594 3996 ostendebat
1632 3939 1910 3996 desiderii
1942 3956 2120 4012 quem

474 4039 611 4095 erga
637 4025 938 4082 Christum
973 4027 1247 4098 habebat,
1280 4046 1346 4086 ac
1378 4030 1639 4086 studium
1681 4048 1797 4102 quo
1829 4048 1890 4086 se
1925 4029 2119 4102 despi-

475 4111 692 4180 ciebat,
727 4119 794 4168 ut
821 4132 1028 4172 omnes
1058 4117 1132 4171 ad
1164 4119 1355 4188 ipsum
1391 4118 2120 4190 adduceret,maximeque

475 4199 730 4257 Judasos.
766 4204 904 4258 Nam
943 4213 1000 4258 et
1031 4205 1088 4259 hi
1123 4208 1356 4279 c0gnati
1389 4215 1561 4264 erant
1585 4216 1644 4264 et
1672 4209 1998 4281 plurimum
2029 4224 2122 4262 re-

478 4291 782 4348 sistebant.
817 4293 948 4348 Hinc
981 4295 1159 4366 igitur
1189 4297 1392 4353 volens
1427 4299 2038 4368 demonstrare,dicit:
2063 4297 2120 4352 Si

475 4383 758 4454 possibile
789 4389 1157 4456 esset,utper
1189 4405 1377 4443 meam
1403 4388 1796 4460 perditionem
1826 4387 2120 4462 glorifica-

475 4479 711 4527 caretur
740 4471 1007 4528 Christus
1039 4483 1096 4529 et
1123 4476 1306 4531 Judaei
1339 4479 1478 4532 salvi
1515 4481 1746 4546 tierent,
1779 4495 1974 4550 neque
2011 4479 2121 4534 hoc

474 4560 886 4618 detrectarem.
921 4563 1222 4634 Siquidem
1245 4566 1522 4637 optarim,
1547 4567 1814 4638 inquit,si
1839 4567 2122 4639 possibile

2191 643 2282 677 νον
2316 622 2578 685 ἑκουσίως
2613 621 2930 698 χωρίζετάι,
2963 619 3108 677 ἀλλά
3135 620 3226 676 καὶ
3273 619 3528 693 ἐπιθυμεῖ
3575 618 3666 674 καὶ
3722 617 3846 673 ἐπι-

2196 717 2368 785 ζητεῖ,
2397 713 2488 768 καὶ
2519 708 2737 785 είίχεται
2769 716 3108 786 χωρισθῆναι
3153 715 3254 779 τῆς
3313 707 3528 784 ἀγάπης
3576 712 3674 762 τοῦ
3707 709 3842 784 Χρι-

2197 807 2343 858 στοῦ.
2377 827 2404 854 ‹‹
2443 799 2708 877 [Ιύχόμην
2736 799 2857 875 γὰρ,
2889 799 3078 880 φησὶν,
3111 797 3272 860 αὐτὸς
3304 797 3412 874 ἐγὼ
3433 797 3672 870 ἀνάθεμα
3703 795 3844 852 εἶναι

2194 891 2300 947 ἀπὸ
2330 895 2424 946 τοῦ
2447 893 2703 965 Χριστοῦ.
2730 915 2758 942 »ι
2785 890 2844 944 Τί
2863 890 2956 945 οὗν
2985 888 3097 944 ἐστι
3115 892 3278 944 τοῦτο
3305 907 3317 956 ;
3345 889 3470 950 Πῶς
3504 881 3844 960 συμϐήσεται

2195 982 2262 1036 τά
2291 975 2691 1054 ἀσύμϐα[ν]τα;
2725 983 2945 1056 Ηρῶτον
2978 978 3071 1053 μὲν
3095 999 3267 1056 φαμεν
3296 977 3378 1032 ’ὁτι
3413 976 3512 1032 οὐκ
3541 971 3651 1032 ἔστι
3679 979 3846 1032 ταῦτα

2196 1069 2429 1126 ἐναντία.
2471 1069 2547 1127 Ού
2582 1071 2684 1145 γὰρ
2717 1067 2856 1124 ἐστιν
2891 1067 3127 1122 ἐναντίον
3185 1068 3248 1122 τὸ
3309 1066 3520 1142 ἀγαπᾷν
3577 1063 3670 1121 τὸν
3719 1067 3848 1139 Χρι-

2199 1160 2320 1214 στὸν
2356 1159 2553 1228 οὕτως,
2587 1158 2725 1214 ὥστε
2757 1159 2898 1232 μήτε
2954 1154 3043 1212 διὰ
3099 1153 3399 1223 κολάσεως,
3435 1157 3573 1228 μήτε
3603 1151 3676 1208 δι’
3708 1153 3845 1209 ὐπο-

2201 1249 2438 1324 σχέσεως
2496 1248 2672 1318 πάσης
2739 1247 3056 1325 ἀφίστασθαι
3121 1253 3223 1316 τῆς
3257 1245 3470 1319 ἀγάπης
3510 1245 3693 1314 αὐτοῦ,
3756 1244 3846 1298 καὶ

2197 1340 2261 1394 τὸ
2291 1338 2502 1415 ἀγαπᾷν
2543 1339 2636 1393 τὸν
2675 1336 2911 1408 πλησίον
2969 1336 3166 1404 οὕτως,
3222 1333 3359 1391 ὥστε
3413 1335 3510 1403 την
3569 1331 3845 1408 σωτηρίαν

2200 1427 2377 1483 αὐτῶν
2405 1425 2529 1498 ἴσην
2561 1426 2650 1482 καὶ
2683 1426 2905 1499 μείζονα
2931 1432 3032 1495 τῆς
3065 1423 3204 1486 ἷδίας
3237 1426 3486 1502 ἡγεῖσθαι
3545 1422 3847 1497 σωτηρίας.

2201 1516 2410 1575 Οὐκοῦν
2442 1517 2606 1572 ταῦτα
2636 1515 2868 1582 ἐναντία,
2909 1514 3056 1570 ἀλλά
3105 1513 3195 1569 καὶ
3257 1512 3472 1586 μᾶλλον
3533 1508 3848 1583 συνᾴδοντα,

2200 1606 2262 1664 Ὁ
2291 1607 2392 1680 γάρ
2425 1605 2648 1681 ἀγαπῶν
2699 1606 2791 1660 τὸν
2845 1602 3080 1680 ἀδελφὸν
3139 1602 3326 1673 αὐτοῦ,
3383 1603 3564 1679 ἀγαπᾷ
3619 1601 3708 1658 καὶ
3757 1601 3850 1656 τὸν

2201 1696 2497 1765 Δεσπότην,
2541 1695 2628 1750 καὶ
2671 1690 2932 1769 ἔμπαλιν.
2965 1717 2994 1746 u
3049 1692 3152 1750 Καὶ
3213 1692 3263 1748 ἒν
3319 1692 3496 1766 τούτῳ
3552 1692 3848 1768 γνώσονται

2201 1785 2394 1846 πάντες
2425 1783 2507 1839 ὅτι
2551 1782 2676 1856 ἐμοὶ
2735 1783 2974 1856 μαθηταί
3031 1779 3170 1852 ἐστε,
3229 1779 3316 1836 ἐάν
3372 1781 3614 1858 ἀγαπᾶτε
3668 1775 3850 1849 ἀλλή-

2203 1873 2356 1937 λους.
2393 1899 2421 1925 ››
2453 1872 2556 1930 Καὶ
2604 1872 2769 1936 αὐτὸς
2819 1873 2846 1926 6
2877 1870 3091 1934 Παῦλός
3148 1889 3303 1950 φησυ
3373 1896 3400 1924 ι‹
3433 1870 3724 1946 Πληρωμα
3753 1872 3852 1924 τοῦ

2201 1965 2398 2038 νόμου,
2429 1965 2464 2033 ἡ
2495 1963 2704 2039 ἀγάπη.
2737 1983 2764 2016 ε
2811 1963 2908 2016 Καὶ
2941 1962 2968 2016 6
2997 1960 3196 2036 Κύριος
3235 1959 3399 2016 πάλιν
3431 1961 3558 2036 περὶ
3615 1966 3719 2030 τῆς
3773 1959 3854 2022 εἷς

2201 2054 2329 2110 Θεὸν
2361 2053 2576 2129 ἀγάπης
2609 2052 2699 2108 καὶ
2729 2059 2830 2122 τῆς
2861 2050 2938 2114 εἷς
2989 2051 3081 2106 τὸν
3115 2049 3376 2121 πλησίον,
3435 2075 3463 2103 ‹‹
3491 2051 3574 2105 Ἐν
3605 2050 3851 2122 ταύταις,

2203 2144 2358 2225 φησὶ,
2390 2149 2508 2206 ταῖς
2537 2141 2688 2199 δυσὶν
2743 2141 3012 2208 ἐντολαῖς,
3045 2139 3175 2204 ὅλος
3209 2141 3237 2195 6
3265 2140 3435 2216 νόμος
3492 2141 3582 2196 καὶ
3642 2141 3694 2195 οἱ
3723 2160 3858 2216 προ-

2205 2244 2392 2316 spirat,
2425 2262 2452 2290 »
2488 2237 2564 2300 ὡς
2601 2235 2898 2315 κεφάλαιον
2958 2231 3143 2296 οἷισαις
3199 2238 3308 2289 τῶν
3366 2232 3552 2290 ἄλλων
3609 2233 3855 2306 πάντων,

2204 2330 2301 2392 τῆς
2334 2347 2392 2382 τε
2423 2327 2498 2389 εἰς
2531 2325 2658 2383 Θεὸν
2682 2326 2774 2381 καὶ
2803 2331 2904 2395 τῆς
2933 2322 3010 2387 εἷς
3040 2323 3130 2379 τὸν
3165 2321 3403 2394 πλησίον
3436 2321 3674 2399 ἀγάπης.

2277 2598 2403 2664 Ναὶ,
2437 2595 2617 2674 φησὶν,
2648 2595 2776 2652 ἀλλ’
2805 2593 3033 2651 ἐνταῦθα
3089 2595 3370 2669 προκρίνει
3429 2593 3528 2662 τήν
3559 2595 3668 2648 τῶν
3699 2591 3856 2662 πλη-

2208 2687 2320 2741 σίον
2351 2686 2590 2761 ἀγάπην,
2623 2693 2726 2756 τῆς
2756 2686 2892 2761 πρὸς
2921 2686 3011 2740 τὸν
3047 2685 3198 2753 Θεὸν,
3239 2683 3327 2739 καὶ
3378 2679 3595 2759 εὔχεται
3652 2680 3856 2736 ἐκεῖνον

2209 2776 2640 2852 ἀπαρνήσασθαι,
2691 2779 2790 2830 τοῦ
2849 2773 3086 2836 ἐκείνους
3141 2769 3423 2848 κερδῆσαι.
3483 2773 3546 2828 Ὁ
3607 2767 3666 2826 δὲ
3721 2773 3856 2845 Χρι-

2211 2863 2332 2924 στὸς
2361 2863 2547 2942 φησὶν,
2598 2886 2625 2914 ‹‹
2659 2863 2721 2920 Ὁ
2751 2861 2928 2938 φιλῶν
2988 2861 3191 2935 πατέρα
3220 2860 3256 2930 ἢ
3291 2860 3502 2934 μητερα
3561 2859 3693 2934 ὑπὲρ
3740 2857 3860 2931 ἐμὲ,

2211 2951 2309 3008 οὐκ
2342 2951 2453 3008 ἔστι
2477 2973 2580 3025 μου
2635 2947 2802 3022 ἄξιος.
2841 2975 2866 2998 ιι
2928 2949 3086 3008 Ἀλλ’
3142 2949 3243 3005 οὐκ
3299 2947 3411 3005 ἔστι
3463 2953 3625 3004 τοῦτο
3685 2945 3866 3026 φιλεῖν

2213 3041 2344 3117 ὑπὲρ
2373 3043 2466 3095 τὸν
2495 3041 2748 3116 Χριστόν.
2802 3039 2871 3097 Τί
2930 3041 3033 3117 γὰρ
3085 3039 3153 3109 ἦν
3215 3041 3277 3094 τὸ
3335 3035 3516 3115 φιλεῖν
3575 3036 3862 3106 ἐκείνοι)ςῖ

2211 3131 2288 3188 Τὸ
2319 3133 2433 3185 οἷον
2464 3129 2743 3185 οἰκειῶσαι
2771 3129 2970 3193 αὐτοὺς
2999 3133 3076 3202 τῷ
3134 3129 3370 3204 Χριστῷ.
3429 3131 3551 3190 Πῶς
3607 3125 3699 3181 οὗν
3749 3123 3868 3182 ἔστι

2217 3220 2394 3294 φιλεῖν
2463 3217 2697 3283 ἐκείνους
2755 3207 2884 3295 ὑπερ
2915 3219 3006 3273 τὸν
3065 3217 3324 3292 Χριστὸν,
3381 3217 3522 3272 ὅπου
3579 3213 3862 3276 κάκείνους

2224 3309 2298 3373 είς
2337 3311 2436 3380 τήν
2478 3307 2666 3388 φιλίαν
2724 3308 2814 3364 καὶ
2874 3308 3116 3376 ὑπακοὴν
3189 3305 3410 3362 ἑλκύσαι
3495 3299 3717 3361 ἔσπευδε
3767 3307 3868 3360 τοῦ

2224 3387 2504 3474 Χριστοῦ
2541 3397 2772 3455 Μᾶλλον
2831 3399 2934 3473 γαρ
2991 3397 3384 3458 ἐπιδεικνύντος
3440 3396 3540 3466 τὴν
3575 3387 3860 3471 ὑπερϐάλ-

2225 3487 2426 3544 λουσαν
2457 3487 2670 3563 ἀγάπην
2699 3485 2766 3556 ἢν
2799 3487 2949 3562 εἶχεν
2981 3486 3058 3551 εἰς
3098 3486 3352 3561 Χριστὸν,
3387 3485 3469 3541 δτι
3500 3485 3588 3540 καὶ
3650 3483 3864 3559 ἑτέρους

2225 3574 2546 3648 συνήλαυνεν
2575 3576 2651 3639 εἷς
2711 3575 2892 3636 αὐτόν.
2954 3576 3080 3646 Ναὶ,
3141 3576 3324 3654 φησὶν,
3381 3573 3427 3630 εί
3491 3575 3567 3648 μὴ
3603 3571 3866 3650 ἐχώριζεν

2225 3666 2413 3723 ἑαυτὸν
2439 3671 2536 3722 τοῦ
2569 3671 2830 3742 Χριστοῦ,
2860 3664 3055 3743 λέγων·
3093 3690 3119 3718 ι(
3147 3665 3420 3740 Ηῦχόμην
3453 3663 3616 3726 αὐτὸς
3673 3661 3800 3739 ἐγὼ,
3837 3685 3867 3714 ιι

2224 3757 2312 3811 καὶ
2355 3755 2496 3826 ἑξῆς.
2555 3755 2617 3810 Τί
2673 3757 2766 3811 οὗν
2807 3775 3025 3830 ωαμενς
3083 3757 3154 3812 Ἢ
3212 3750 3296 3810 ὅτι
3347 3755 3422 3828 μὴ
3480 3752 3710 3830 γένοιτο,
3769 3749 3870 3807 οὐκ

2227 3845 2506 3920 ἐχώριζεν·
2569 3845 2632 3900 οὐ
2693 3844 2795 3922 γάρ
2855 3845 3024 3910 εἶπεν,
3083 3841 3338 3920 Εῧχομαι
3391 3846 3551 3898 τοῦτο
3605 3839 3867 3918 γενέσθαι,

2227 3932 2373 3990 ἀλλά
2401 3935 2461 3989 τὸ
2493 3931 2750 4008 διάπυρον
2781 3939 2880 3989 τοῦ
2908 3934 3080 3989 πόθου
3110 3933 3242 4008 ὅπερ
3291 3931 3428 4006 πρὸς
3477 3931 3565 3986 τὸν
3635 3929 3862 4003 Χριστὸν

2228 4023 2395 4098 εἶχεν,
2425 4023 2515 4078 καὶ
2545 4024 2644 4092 τήν
2677 4020 2916 4092 σπουδήν
2969 4023 3036 4092 ἢν
3067 4018 3438 4080 κατεϐἀλλετο
3496 4018 3570 4083 εἰς
3597 4018 3660 4074 τὸ
3689 4037 3866 4092 προσ-

2229 4119 2441 4190 αγαγεῖν
2475 4115 2672 4178 πάντας
2729 4115 2896 4188 αὐτῷ,
2935 4113 3026 4170 καὶ
3079 4111 3317 4187 μάλιστα
3372 4114 3496 4174 τοὺς
3547 4106 3866 4172 Ἰουδαίους·

2228 4209 2375 4263 οὗτοι
2405 4209 2506 4284 γὰρ
2535 4207 2626 4262 καὶ
2681 4212 2974 4284 συγγενεῖς,
3033 4205 3120 4262 καὶ
3183 4203 3420 4280 μάλιστα
3470 4201 3871 4265 ἀντιπίπτοντες

2228 4296 2544 4372 ἐτύγχανον.
2602 4299 2787 4355 Ταῦτα
2835 4297 2925 4352 οὖν
2959 4303 3298 4370 παραστῆσαι
3357 4293 3721 4370 βουλόμενος,
3755 4311 3866 4368 φη-

2229 4387 2333 4454 σῖν,
2361 4387 2442 4442 δτι
2473 4386 2537 4444 Εἰ
2565 4389 2630 4456 ἦν
2665 4383 2886 4442 δυνατὸν
2919 4383 3009 4441 διά
3055 4392 3153 4456 τῆς
3195 4384 3335 4458 ἐμῆς
3367 4381 3646 4445 ἀπωλείας
3703 4379 3868 4450 δοξα-

2228 4480 2418 4546 σθῆναι
2475 4478 2567 4534 τὸν
2629 4478 2858 4552 Χριστὸν
2917 4476 3006 4532 καὶ
3065 4482 3304 4547 σωθῆναι
3361 4475 3488 4537 τοὺς
3542 4470 3864 4543 Ἰουδαίους,

2228 4563 2542 4621 οὐδὲτοῦτο
2603 4564 2662 4620 ἃν
2719 4565 3147 4642 παρῃτησάμην.
3199 4564 3476 4641 Ηύχόμην
3525 4563 3648 4638 γὰρ,
3677 4561 3866 4640 φησὶν,

475 4657 650 4721 esset,
684 4652 732 4707 si
765 4651 992 4722 liceret,
1015 4654 1062 4708 si
1083 4655 1230 4709 mihi
1263 4655 1386 4710 haec
1419 4657 1580 4728 optio
1606 4657 1880 4712 daretur:
1909 4657 2104 4711 Utrum

2225 4654 2272 4710 εἷ’
2305 4655 2584 4730 ἐνεχώρει,
2618 4653 2663 4710 εἰ
2695 4654 2994 4730 ἐνεδέχετο,
3027 4653 3080 4710 εἷ’
3121 4676 3203 4718 τις
3267 4675 3361 4730 μοι
3427 4651 3626 4724 ταύτην
3685 4647 3868 4707 ἐδίδου

475 4743 641 4812 cupis
671 4742 871 4800 dirimi
903 4761 938 4799 a
966 4745 1218 4816 Christo,
1251 4753 1318 4802 ut
1347 4747 1544 4803 omnis
1575 4748 1736 4804 natio
1778 4747 2117 4803 Iudaeorum

475 4830 735 4899 uniatur,
767 4833 1150 4906 Christusque
1181 4837 1563 4910 gloriﬁcetur,
1605 4841 1663 4892 et
1691 4836 2118 4909 promissiones

475 4917 666 4974 Patris
693 4923 1101 4994 compleantur
1129 4927 1156 4981 ‘2
1186 4945 1260 4982 an
1293 4928 1354 4984 in
1385 4927 1497 4984 hac
1527 4927 1749 4984 unione
1782 4933 2012 4997 esse,ut
2033 4927 2118 4983 sic

474 5012 600 5062 tota
623 5010 784 5064 natio
814 5012 1150 5069 Iudaeorum
1183 5017 1460 5072 seditiose
1491 5023 1623 5090 agat
1651 5033 1718 5073 ac
1754 5021 2064 5089 separetur
2090 5014 2118 5071 Ἰ

475 5095 524 5150 si
577 5112 714 5170 ergo
761 5099 886 5154 hazc
941 5115 1432 5176 proponerentur,
1485 5108 1850 5178 praeferrem,
1899 5105 2114 5176 inquit,

473 5185 686 5240 Christi
718 5187 968 5258 gloriam
1004 5192 1444 5266 multorumque
1476 5195 1730 5251 salutem
1767 5211 1945 5266 quam
1977 5209 2114 5265 pro-

472 5274 683 5344 priam.
723 5277 895 5332 Vides
925 5279 1197 5335 eximium
1227 5284 1438 5340 Christi
1465 5301 1725 5340 amorem
1749 5283 1777 5339 ‘?
1799 5285 2115 5355 Postquam

469 5362 542 5417 ab
573 5364 851 5421 omnibus
883 5384 1014 5438 quin
1049 5379 1207 5441 sunt,
1250 5373 1466 5430 Christi
1515 5389 1782 5429 amorem
1823 5373 2114 5442 osrendit,

469 5454 742 5509 eumdem
773 5473 932 5512 nunc
987 5459 1356 5518 demonstrat
1387 5463 1459 5518 ab
1493 5463 1585 5519 his
1615 5481 1748 5536 quas
1805 5479 1926 5519 non
1955 5469 2114 5530 sunt,

469 5559 576 5600 sex
585 5544 758 5616 juxta
777 5547 1152 5621 hypothesim
1169 5553 1658 5624 perintellectum
1677 5559 2111 5627 supponuntur.

2227 4745 2326 4813 τήν
2352 4743 2574 4820 αίρεσιν.
2609 4743 2840 4821 Πότερον
2903 4743 3096 4821 βούλει
3149 4742 3434 4814 διαστῆναι
3489 4745 3748 4817 Χριστοῦ,
3777 4741 3870 4796 ἳνα

2227 4839 2329 4888 πᾶν
2374 4833 2436 4889 τὸ
2469 4829 2741 4891 Ἰουδαίων
2795 4831 2946 4898 ἔθνος
3001 4834 3198 4910 ὲνωθῇ,
3247 4833 3338 4889 καὶ
3395 4833 3630 4907 δοξασθῇ
3670 4832 3700 4886 6
3731 4831 3866 4907 Χρι-

2227 4923 2374 4990 στὸς»
2405 4924 2490 4978 καὶ
2531 4921 2888 4999 πληρωθῶσιν
2919 4925 2970 4978 αἱ
3010 4921 3329 5000 ἐπαγγελίαι
3385 4925 3482 4978 τοῦ
3537 4921 3749 4998 Πατρός
3783 4937 3797 4990 ;
3828 4921 3865 4990 ἢ

2227 5013 2280 5070 ἐν
2305 5014 2473 5090 ταύτῃ
2504 5018 2573 5089 τῇ
2605 5013 2790 5071 ἐνώσει
2823 5014 3124 5091 [εἶναι],’ίνα
3153 5015 3215 5070 τὸ
3245 5013 3524 5074 Ἰουδαίων
3551 5007 3708 5076 ἔθνος
3739 5032 3870 5069 στα-

2227 5103 2384 5177 σιάζῃ
2417 5103 2506 5158 καὶ
2574 5101 2862 5172 διίσταται,
2920 5105 3010 5160 καὶ
3071 5101 3468 5183 βλασφημῆται
3524 5103 3552 5158 6
3585 5103 3867 5178 Χριστός;

2227 5192 2408 5250 Εἰοῦν
2438 5197 2605 5249 ταῦτα
2652 5195 2948 5268 προετίθει,
3003 5193 3350 5267 προετίμησα
3407 5191 3494 5264 ἂν,
3552 5193 3708 5271 φησί,
3767 5191 3869 5262 τήν

2227 5277 2380 5352 δόξαν
2411 5283 2648 5358 Χριστοῦ
2676 5282 2765 5338 καὶ
2816 5285 2918 5353 τήν
2971 5287 3080 5340 τῶν
3135 5281 3366 5340 πολλῶν
3415 5283 3713 5358 σωτηρίαν,
3768 5279 3868 5344 τῆς

2225 5367 2386 5435 tam.
2421 5369 2574 5433 Εἶδες
2606 5365 2916 5446 ὑπερϐολὴν
2947 5373 3268 5450 ἀγκπήσεως
3303 5372 3541 5448 Χριστοῦ
3575 5387 3592 5438 ς
3645 5359 3860 5434 Ἐκειδὴ

2225 5457 2285 5515 ἐκ
2331 5463 2442 5514 τῶν
2501 5457 2664 5516 ὄντῶν
2723 5461 2936 5517 πάντων
2985 5463 3084 5533 τήν
3139 5461 3355 5538 ἀγάπην
3431 5455 3706 5529 ἑπεδίξατο
3757 5453 3860 5507 τοῦ

2225 5547 2484 5625 Χριστοῦ,
2514 5554 2605 5605 νῦν
2631 5551 2720 5606 καὶ
2753 5548 2813 5607 ἐκ
2867 5551 2974 5608 τῶν
3029 5553 3106 5627 μὴ
3139 5549 3308 5610 ὄντων
3372 5549 3488 5626 μὶν,
3543 5544 3660 5603 καθ’
3721 5539 3856 5600 61:6-

538 5715 584 5752 ³⁷
612 5717 776 5776 Joan.
805 5737 927 5786 xm,
961 5723 1048 5778 3t.
1081 5721 1130 5758 ⁸⁸
1159 5725 1324 5782 Rom.
1358 5739 1481 5792 xui,
1517 5725 1602 5780 l0.
1635 5723 1683 5760 39
1713 5723 1910 5780 Matth.
1944 5739 2078 5792 xm.
2107 5726 2199 5784 40.
2229 5722 2276 5760 ‘°
2303 5723 2504 5783 Matth.
2532 5741 2589 5794 κ,
2621 5725 2710 5782 37.
