4222 6194
456 411 574 474 803

1577 400 1992 466 (ΕΟΠΜΕΝῙΙ
2040 401 2337 465 ΤΒῙϐΟιΕ
2379 403 2722 470 EPISGOPI

3734 403 3860 466 504

459 544 620 602 illico
652 539 749 596 ubi
783 535 1029 593 dixisset
1056 553 1068 591 :
1106 557 1132 586 ‹‹
1165 536 1324 592 Nihil
1354 552 1448 593 me
1480 540 1675 609 potest
1704 551 1739 591 a
1768 532 1868 590 Dei
1900 550 2100 591 amore

2241 534 2587 610 moxplvstat.
2646 561 2669 591 α
2733 537 2891 613 Τπὶρ
2947 541 3056 593 τῶν
3109 533 3357 616 ἆδελγῶν
3418 554 3544 608 μου.
3598 557 3627 587 ››
3679 531 3863 590 Θὲλων

460 644 756 702 separare,
795 649 816 675 ι
841 624 1176 699 subjungit:
1239 649 1266 676 «
1301 630 1376 683 At
1413 643 1519 700 pro
1550 623 1834 682 fratribus
1874 624 2044 692 meis,
2080 647 2108 676 ››

461 721 508 775 si
542 719 662 775 illis
694 716 839 773 utile
870 723 1026 773 esset
1059 716 1132 772 ad
1163 733 1366 774 eorum
1399 717 1709 782 auxilium,
1733 715 1988 788 optarim
2021 732 2109 772 se-

467 810 693 883 parari:
719 810 830 866 hoc
863 808 1021 865 enim
1053 810 1345 884 Significat
1367 809 1785 866 «anathema.»
1808 839 1873 849 -—
1905 829 1934 858 «
1959 807 2109 873 Quo-

458 917 592 956 rum
617 906 706 956 est
735 899 994 972 adoptio,
1030 921 1058 950 ››
1088 907 1197 955 etc.
1250 900 1519 955 Ostendit
1572 900 1755 955 Deum
1791 897 1938 953 nihil
1963 913 2116 969 pras-

465 990 794 1046 termisisse
826 989 899 1045 ad
921 989 1255 1045 Judzeorum
1305 989 1762 1044 beneficentiam
1785 1003 1804 1042 :
1835 987 1945 1059 ipsi
1977 1001 2116 1041 vero

464 1079 707 1152 propria
755 1079 1182 1152 ingratitudine
1231 1096 1297 1135 ac
1328 1078 1705 1150 improbitate
1737 1077 1808 1133 ab
1840 1075 2118 1132 omnibus

460 1169 829 1226 exciderunt.
843 1169 975 1225 ldeo
1008 1171 1186 1242 etiam
1221 1170 1322 1224 Dei
1338 1168 1493 1224 dona
1507 1165 2117 1237 enumerat,adoptio-

459 1275 621 1324 nem,
654 1260 926 1332 gloriam,
961 1258 1418 1331 legislationem,
1443 1274 1510 1313 ac
1543 1257 1795 1327 reliqua.
1832 1275 1853 1302 ι
1891 1255 1997 1320 Qui
2032 1257 2122 1309 est

462 1366 642 1422 super
698 1350 900 1404 omnia
954 1349 1191 1404 Deus.»
1253 1349 1354 1404 llic
1413 1347 1788 1420 apertissime
1849 1343 2120 1400 nominat

459 1441 779 1513 Apostolus
811 1440 1109 1495 Christum
1161 1438 1365 1493 Deum.
1409 1437 1728 1498 Erubesce.
1783 1433 2119 1490 miserrime

459 1532 618 1598 Arie,
651 1531 900 1587 audiens
935 1547 968 1585 a
1002 1529 1182 1584 Paulo
1234 1529 1555 1602 gloriﬁcari
1598 1527 1899 1584 Christum
1939 1526 2121 1579 Deum

460 1637 720 1676 verum.«
759 1621 1112 1677 Benedictus
1141 1621 1202 1675 in
1237 1619 1474 1676 saecula.
1494 1643 1521 1668 ››
1553 1621 1684 1691 Ipse
1716 1633 1821 1690 pro
1843 1614 2122 1672 omnibus

463 1711 785 1784 gratiarum
817 1713 1115 1768 actionem
1150 1711 1377 1766 retulit.
1429 1717 1511 1766 Ac
1547 1709 1594 1764 si
1628 1708 1891 1764 diceret:
1925 1707 2122 1771 Quanv

466 1817 645 1872 quam
676 1801 861 1857 λιιάωί
894 1819 1030 1875 erga
1075 1801 1265 1873 ipsum
1295 1801 1407 1855 sinl
1463 1797 1838 1872 blasphemi:
1892 1802 1953 1851 at
1993 1810 2122 1867 ego,

2221 620 2393 697 δεῖξαι
2421 627 2522 696 τήν
2550 625 2751 706 ἄφατον
2809 625 2977 682 αὐτοῦ
3036 627 3277 704 στοργήν
3331 624 3422 680 καὶ
3478 619 3719 694 σπουδὴν
3765 623 3868 692 τὴν

2226 713 2361 790 ὑπὲρ
2417 719 2526 771 τῶν
2586 711 2886 787 Ἰουδαίων,
2947 713 3137 772 αὐτίκα
3197 714 3332 788 μετὰ
3414 713 3477 771 τὸ
3534 711 3726 782 εἰπεῖν,
3783 710 3868 768 δτι

2225 826 2246 856 a
2283 800 2448 860 Οὐδὲν
2490 825 2556 879 με
2613 801 2832 860 δύναται
2887 805 3126 881 χωρίσαι
3184 804 3291 861 ἀπὸ
3345 810 3445 873 τῆς
3504 803 3716 878 ἀγάπης
3769 803 3869 856 τοῦ

2222 892 2378 963 Θεοῦ,
2413 918 2442 946 »
2471 892 2682 972 ἐπάγει,
2713 920 2742 948 ι(
2771 892 2927 953 Ἀλλ’
2958 895 3090 972 ὑπὲρ
3119 899 3226 951 τῶν
3259 891 3509 972 ἀδελφῶν
3537 914 3664 968 μου,
3682 919 3709 944 ιι
3733 891 3868 963 εἷ’ἧν

2223 987 2387 1038 τοῦτο
2423 983 2713 1039 συντελοῦν
2752 983 2827 1046 είς
2867 983 3050 1054 ὄνησιν
3083 983 3282 1052 αὐτῶν,
3338 982 3592 1056 ηὐξάμην
3643 982 3704 1038 ἄν
3751 1001 3876 1058 χω·-

2229 1076 2500 1148 ρισίιῆναι.
2537 1077 2715 1131 Τοῦτο
2749 1076 2855 1151 γὰρ
2885 1075 2948 1130 τὸ
2982 1098 3006 1129 σ
3037 1075 3310 1148 Ἀναθεμα
3345 1099 3366 1126 ι
3401 1074 3672 1147 σημαίνει.
3711 1098 3740 1126 ι(
3775 1074 3868 1129 Ὧν

2223 1166 2259 1232 ἡ
2296 1163 2556 1232 υἱοθεσία,
2587 1185 2614 1219 ι
2649 1163 2738 1219 καὶ
2780 1164 2848 1220 τα
2904 1165 3049 1234 ἑξῆς.
3107 1165 3281 1234 Δεῖξαι
3342 1162 3508 1236 θέλει,
3566 1163 3649 1218 ὅτι
3681 1163 3710 1218 6
3739 1161 3871 1225 Θεὸς

2227 1250 2380 1307 οὐδὲν
2436 1259 2678 1328 παρῆκεν
2731 1253 2806 1316 είς
2860 1255 2959 1323 τὴν
3017 1257 3123 1308 τῶν
3191 1249 3465 1310 Ἰουδαίων
3546 1251 3868 1328 εὐεργεσίαν.

2227 1343 2393 1400 Αὐτοὶ
2427 1339 2504 1412 δὲ,
2539 1341 2712 1414 οἰκείᾳ
2750 1342 3112 1420 ἀγνωμοσύνῃ
3174 1344 3388 1399 πάντων
3447 1341 3715 1415 ἐξέπεσον.
3777 1342 3871 1397 Διὸ

2226 1432 2316 1486 καὶ
2347 1431 2636 1509 καταλέγει
2667 1432 2763 1494 τὰς
2795 1429 3000 1508 δωρεὰς
3026 1437 3124 1489 τοῦ
3156 1437 3312 1502 Θεοῦ,
3346 1433 3638 1500 υἱοθεσίαν,
3692 1428 3873 1502 δόξαν,

2227 1521 2576 1594 νομοθεσίαν,
2605 1521 2694 1576 καὶ
2723 1522 2819 1584 τὰς
2855 1520 3076 1585 λοιπάς.
3108 1545 3130 1572 ι
3153 1522 3214 1580 Ὀ
3245 1519 3318 1577 ὢν
3341 1521 3429 1578 ἐπὶ
3459 1523 3670 1577 πάντων
3685 1522 3872 1584 Θεός.ι

2230 1611 2489 1674 Ἐνταῦθα
2521 1609 2883 1686 λαμπρότατα
2935 1611 3062 1667 Θεὸν
3125 1611 3220 1666 τὸν
3274 1611 3504 1688 Χριστὸν
3566 1610 3877 1684 ὀνομάζειὸ

2232 1697 2589 1763 Ἀπόστολος.
2643 1699 3007 1776 Αίσχύνθητι,
3069 1699 3350 1776 τρισάθλιε
3401 1706 3607 1776 "Aput,
3664 1699 3878 1756 ἀκούων

2232 1790 2376 1865 παρὰ
2409 1788 2630 1847 Παύλου
2655 1787 3118 1866 δοξολογούμενον
3151 1793 3242 1846 τὸν
3276 1792 3506 1866 Χριστὸν
3560 1791 3687 1846 Θεὸν
3737 1787 3882 1860 ἀλη-

470 1892 684 1963 inquit,
709 1893 808 1964 qui
842 1908 1057 1948 arcana
1089 1891 1245 1956 novi,
1281 1892 1530 1962 ejusque
1557 1887 1990 1962 providentiam
2024 1901 2120 1940 co-

2241 1880 2391 1938 )ινόν.
2427 1902 2457 1932 α
2516 1877 2835 1956 Εὐλογητὸς
2895 1879 2971 1943 εἷς
3024 1881 3152 1944 τοὺς
3200 1880 3423 1944 αἷῶναςο
3459 1906 3480 1933 ι
3543 1880 3727 1942 Αὐτὸς
3782 1880 3884 1950 τήν

469 1981 849 2054 gnosco,novi
881 1981 1039 2052 quod
1071 1981 1284 2053 dignus
1311 1984 1386 2036 sit
1402 1978 1955 2053 glorificari,utpote
1972 1975 2122 2030 Deus

479 2071 748 2126 Christus
779 2087 958 2142 super
987 2071 1189 2126 omnia
1219 2071 1278 2125 in
1302 2070 1536 2129 saecula:

2235 1969 2368 2044 ὑπὲρ
2397 1971 2616 2025 πάντων
2663 1969 2922 2046 ἀνήγαγεν
2980 1969 3349 2050 εὐχαριστίαν,
3408 1970 3594 2027 εἰπών.
3657 1969 3724 2024 Εἰ
3778 1967 3883 2044 γὰρ

2232 2059 2321 2114 καὶ
2353 2055 2639 2127 Ἰουδαῖοι,
2681 2058 2836 2138 φησὶ,
2902 2057 3325 2135 βλασφημοῦσιν
3380 2059 3457 2124 είς
3515 2058 3700 2130 αὐτὸν,
3753 2055 3890 2114 ἀλλ’

478 2156 607 2232 ἐγὼ,
638 2159 824 2236 φησὶν,
857 2159 885 2213 ὁ
922 2159 988 2214 τὰ
1022 2157 1303 2233 ἀπόῤῥητα
1357 2155 1537 2229 εἶδὼς,
1595 2157 1686 2213 καὶ
1741 2157 1838 2226 τήν
1890 2152 2148 2227 πρόνοιαν
2209 2148 2373 2205 αὐτοῦ
2421 2147 2796 2223 ἐπιστάμενος,
2857 2146 2976 2205 οῖδα
3033 2149 3119 2206 ὅτι
3175 2147 3588 2228 δοξολογεῖσθαι
3644 2148 3886 2228 ὑπάρχει

475 2246 647 2318 ἄξιος,
680 2250 770 2304 οἷα
799 2249 950 2317 Θεὸς,
980 2250 1007 2304 6
1038 2251 1271 2324 Χριστὸς
1303 2247 1391 2303 ἐπὶ
1418 2248 1629 2304 πάντων
1661 2246 1737 2310 εἷς
1762 2246 1889 2307 τοὺς
1921 2243 2143 2304 αίῶνας.

545 2349 641 2416 ΙΧ,
673 2351 792 2404 6-9.
827 2351 946 2405 Νοη
987 2357 1166 2404 autem
1191 2349 1306 2404 haec
1334 2349 1459 2404 dico
1489 2349 1638 2420 quod
1685 2346 1832 2402 velut
1861 2341 2129 2400 exciderit

475 2453 648 2494 sermo
670 2440 786 2494 Dei.
845 2440 960 2495 Non
993 2442 1137 2494 enim
1203 2454 1384 2494 omnes
1441 2439 1542 2509 qui
1570 2444 1698 2494 sunt
1729 2453 1799 2492 ea:
1845 2434 2035 2498 Israel,
2071 2431 2132 2487 hi.

476 2535 604 2584 sunt
634 2529 824 2595 Israel,
857 2545 1032 2600 neque
1085 2531 1398 2600 quicunque
1437 2535 1566 2585 sunt
1608 2543 1785 2584 semen
1823 2523 2127 2590 Abraham,

479 2633 665 2674 omnes
692 2625 818 2673 sunt
849 2617 957 2687 ﬁlii
980 2636 1001 2672 :
1028 2618 1142 2684 sed,
1176 2620 1279 2674 Per
1307 2620 1459 2674 Isaac
1490 2617 1775 2673 vocabitur
1814 2615 1916 2670 tibi
1929 2627 2128 2678 semen,

479 2707 580 2763 hoc
617 2714 716 2777 est,
747 2723 859 2763 non
915 2709 1015 2778 qui
1060 2709 1166 2778 ﬁlii
1224 2710 1426 2776 carnis,
1482 2707 1543 2762 hi
1564 2713 1692 2763 sunt
1747 2705 1852 2776 ﬁlii
1892 2704 2007 2765 Dei,
2037 2700 2132 2757 sed

476 2797 584 2866 ﬁlii
606 2799 990 2868 promissionis
1035 2804 1376 2869 reputantur
1405 2799 1464 2852 in
1521 2811 1716 2853 semen.
1751 2793 2130 2851 Promissionis

476 2887 622 2942 enim
649 2902 823 2942 sermo
849 2885 938 2942 hic
971 2893 1048 2943 est
1082 2903 1095 2942 :
1132 2888 1192 2942 In
1232 2894 1475 2960 tempore
1532 2887 1632 2943 hoc
1661 2886 1898 2952 veniam,
1944 2888 1994 2938 et
2025 2883 2130 2938 erit

475 2976 634 3034 Sara:
662 2978 832 3047 ﬁlius.

550 3165 705 3223 8‘24
736 3167 903 3233 Ecce,
932 3166 1336 3238 inquitetiam
1364 3163 1685 3222 anathema
1717 3161 1845 3219 fieri
1871 3160 2043 3228 cupio
2066 3164 2132 3214 ut

479 3253 664 3312 Judaei
700 3254 1029 3323 credant,et
1061 3273 1136 3311 ne
1175 3255 1445 3311 videatur
1491 3253 1746 3310 mendax
1767 3252 1953 3308 fuisse
1981 3250 2132 3305 Deus

480 3345 543 3401 in
575 3345 667 3401 his
699 3361 830 3416 qum
866 3345 1137 3416 promisit
1165 3352 1449 3401 :attamen
1482 3343 1530 3398 si
1557 3348 1758 3399 exacte
1791 3339 2134 3397 considera-

480 3434 969 3505 verimus,neque
1004 3450 1160 3489 nunc
1193 3434 1411 3489 excidit
1437 3448 1666 3488 sermo:
1697 3448 1806 3488 nec
1829 3431 1996 3485 irrita
2025 3429 2136 3483 fuit

481 3524 582 3580 Dci
616 3521 1102 3596 promissio..\'am
1138 3524 1262 3576 haec
1285 3521 1428 3587 dixi,
1463 3535 1584 3575 non
1616 3517 1949 3590 quodvelut
1979 3515 2138 3570 exci-

481 3613 636 3669 derit
665 3627 862 3668 sermo
887 3609 988 3666 Dei
1017 3627 1030 3664 :
1067 3609 1178 3664 hoc
1209 3615 1318 3677 est,
1353 3625 1472 3663 non
1504 3608 1646 3679 quia
1694 3605 1911 3662 excidit
1941 3618 2135 3660 sermo

483 3701 720 3771 Dei,sed
751 3717 867 3773 quo
916 3698 1302 3754 dilectionem
1351 3713 1490 3770 erga
1516 3696 1650 3752 illos
1698 3693 2030 3751 ostendam.
2056 3696 2138 3750 Ac

492 3795 775 3865 deinceps
807 3789 1068 3847 ostendit
1098 3805 1214 3861 quo
1246 3797 1416 3861 pacto
1431 3789 1533 3844 Dei
1566 3804 1760 3845 sermo
1783 3803 1850 3843 ac
1881 3785 2135 3859 promis-

497 3885 584 3941 sio
617 3884 719 3939 Dei
746 3881 820 3938 ad
843 3879 1137 3937 Abraham
1177 3894 1299 3935 non
1342 3877 1647 3935 exciderit.
1696 3875 2139 3944 Qumnam?vel

496 3971 656 4042 quod
688 3985 892 4027 semen
925 3971 1053 4040 ejus
1073 3970 1244 4040 juxta
1265 3968 1722 4040 promissionem
1759 3965 1973 4038 mquali
2005 3981 2140 4021 cum

495 4059 670 4116 astris
700 4074 950 4115 numero
1005 4059 1270 4114 futurum
1319 4064 1495 4115 esset.
1529 4056 1741 4113 Semen
1781 4061 1978 4113 autem
2011 4054 2140 4127 ejus

492 4149 821 4206 secundum
855 4148 1311 4221 promissionem
1343 4153 1433 4203 est
1463 4145 1913 4218 fidelium,quia
1938 4144 2141 4200 divina

491 4239 866 4296 Providentia
889 4255 1007 4294 non
1069 4238 1436 4294 exciderunt.
1475 4261 1496 4286 ι
1551 4238 1676 4293 Non
1707 4235 1908 4292 veluti.
1944 4257 1972 4286 »
2014 4235 2139 4290 Non

493 4329 931 4401 solum,inquit,
964 4344 1083 4384 non
1118 4328 1337 4384 excidit
1384 4343 1580 4383 sermo
1613 4326 1738 4393 Dei,
1793 4324 1896 4382 sed
1944 4339 2139 4396 neque

492 4420 670 4478 veluti
703 4419 988 4476 exciderit
1015 4435 1028 4472 :
1064 4419 1172 4474 hoc
1205 4423 1314 4485 est,
1356 4417 1461 4473 sed
1493 4433 1686 4488 neque
1725 4431 1907 4489 prope
1938 4415 2050 4470 fuit
2076 4418 2144 4470 ut

496 4509 814 4570 excideret.
846 4507 934 4564 vel
967 4513 1033 4562 ut
1072 4506 1359 4562 excidisse
1400 4505 1717 4562 videretur.
1751 4529 1780 4555 ‹‹
1822 4506 1948 4560 Non
1979 4503 2139 4559 enim

2311 2337 2436 2416 Οὐχ
2469 2337 2585 2394 οἷον
2627 2334 2685 2393 δὶ
2741 2338 2826 2394 ὃτι
2879 2338 3220 2396 ἐκπέπτωκεν
3280 2339 3308 2394 6
3368 2337 3533 2414 λόγος
3575 2339 3671 2394 τοῦ
3725 2342 3881 2396 Θεοῦ.

2241 2425 2318 2484 Οὐ
2381 2428 2486 2504 γὰρ
2553 2427 2748 2491 πάντες
2813 2429 2866 2484 οἱ
2931 2426 2982 2498 ἐξ
3052 2426 3297 2500 Ἰσραὴλ,
3394 2425 3546 2484 οὗτοι
3637 2426 3884 2503 Ἰσραήλ.

2241 2515 2356 2573 οὐδ’
2423 2518 2541 2573 ὅσοι
2608 2518 2710 2574 εἰσὶ
2780 2521 2997 2594 σπέρμα
3061 2513 3340 2593 Ἀϐραὰμ,
3436 2519 3634 2583 πάντες
3704 2519 3886 2574 τέκναο

2238 2605 2390 2676 ἀλλ’,
2457 2609 2544 2662 Ἐν
2615 2607 2793 2664 Ἰσαὰκ
2859 2607 3198 2680 κληθήσεταί
3263 2627 3347 2662 σοι
3427 2607 3664 2684 σπέρμα,
3729 2627 3887 2663 τουτ-

2239 2696 2410 2768 έστιν,
2465 2697 2531 2752 οὗ
2587 2697 2654 2752 τὰ
2709 2697 2870 2752 τὲκνα
2923 2698 3020 2766 τῆς
3077 2697 3298 2768 σαρκὸς,
3361 2701 3529 2752 ταῦτα
3579 2697 3736 2752 τέκνα
3791 2699 3890 2752 τοῦ

2241 2789 2396 2842 Θεοῦο
2466 2783 2615 2842 ἀλλὰ
2679 2786 2744 2842 τὰ
2806 2786 2963 2843 τέκνα
3019 2793 3122 2858 τῆς
3187 2784 3540 2863 ὶπαγγελίας,
3608 2784 3888 2862 λογίζεται

2240 2874 2317 2938 εἰς
2411 2876 2649 2951 σπέρμα.
2725 2876 3089 2954 Ἐπαγγελίας
3181 2877 3282 2953 γὰρ
3348 2878 3377 2932 6
3443 2873 3612 2956 λόγος
3705 2874 3884 2938 οὗτος.

2239 2966 2390 3022 Κατὰ
2454 2965 2546 3020 τὸν
2612 2965 2800 3042 καιρὸν
2863 2968 3057 3022 τοῦτον
3144 2964 3460 3041 ἐλεύσομαι,
3554 2965 3645 3021 καὶ
3736 2963 3884 3022 ἔστα·

2238 3059 2307 3131 τῇ
2340 3056 2524 3133 Σάρρᾳ
2553 3055 2688 3119 υἱός.

2313 3160 2474 3233 Ἰδοὺ,
2508 3164 2663 3238 φησί,
2694 3162 2784 3218 καὶ
2816 3163 3053 3238 ἀνάθεμα
3105 3167 3253 3235 ζητῶ
3305 3161 3546 3240 γενέσθαι
3608 3163 3740 3240 ὑπὲρ
3786 3167 3890 3220 τοῦ

2240 3256 2521 3309 πιστεῦσαι
2585 3249 2898 3324 Ἰουδαίους,
2957 3254 3048 3309 καὶ
3125 3253 3211 3309 ἳνα
3296 3255 3374 3327 μὴ
3435 3250 3563 3329 δόξῃ
3633 3253 3886 3329 ἆψεῦσθαι

2243 3345 2425 3407 ὸΘεὸς
2460 3342 2543 3418 ἐφ’
2599 3343 2682 3404 οἷς
2742 3342 3096 3420 ἐπήγγελται.
3155 3343 3256 3400 Καὶ
3321 3345 3478 3418 ’ὀμως
3533 3344 3620 3400 ἐὰν
3681 3343 3884 3418 ἴδωμεν

2242 3428 2503 3508 ἀκριϐῶς,
2565 3429 2694 3488 οὔτε
2749 3437 2836 3487 νῦν
2899 3433 3192 3504 ἐξέπεσενὸ
3234 3431 3426 3511 λόγος,
3483 3433 3573 3490 καὶ
3633 3435 3668 3505 ἠ
3724 3432 3888 3511 ἐπαγ-

2240 3519 2400 3596 γελία
2439 3525 2537 3576 τοῦ
2598 3525 2732 3576 Θεοῦ
2789 3521 2892 3576 οὐκ
2951 3520 3232 3596 ἐψεύσατο.
3287 3523 3467 3578 Ταῦτα
3526 3522 3652 3600 γὰρ,
3706 3522 3888 3600 φησῖν,

2244 3609 2417 3682 εἷπον,
2450 3609 2560 3685 οὐχ
2604 3611 2725 3666 οἷον
2790 3611 2872 3666 ὅτι
2932 3609 3274 3666 ἐκπέπτωκεν
3308 3612 3336 3668 6
3367 3609 3531 3686 λόγος
3589 3615 3686 3668 τοῦ
3732 3617 3889 3683 Θεου,

2243 3699 2542 3769 τουτέστιν,
2574 3698 2672 3754 οὐκ
2701 3699 2888 3770 ἐπειδὴ
2934 3699 3272 3756 ἐκπέπτωκεν
3301 3701 3330 3756 6
3360 3697 3530 3779 λόγος
3584 3706 3684 3757 τοῦ
3733 3705 3886 3773 Θεοῦ,

2245 3785 2377 3843 ἀλλ’
2401 3786 2496 3843 ’ίνα
2534 3789 2635 3859 τήν
2666 3790 2802 3866 πρὸς
2853 3789 3049 3853 αὐτοὺς
3105 3788 3322 3868 ἀγάπην
3383 3788 3725 3866 ἐνδείξωμαι.
3781 3789 3885 3848 Καὶ

2246 3878 2442 3936 λοιπὸν
2477 3875 2710 3934 δείκνυσι
2764 3884 2882 3943 πῶς
2915 3879 2944 3934 6
2973 3877 3142 3955 λόγος
3193 3884 3291 3936 τοῦ
3341 3883 3495 3951 Θεοῦ,
3552 3882 3640 3936 καί
3673 3883 3706 3950 ἡ
3747 3881 3889 3956 πρὸς

2247 3963 2502 4043 Ἀϐραὰμ
2531 3965 2823 4044 ἕπαγγελία
2861 3973 2959 4024 τοῦ
3015 3972 3150 4026 Θεοῦ
3208 3969 3306 4025 οῦκ
3359 3967 3687 4029 ἔκπὲπτωκε.
3747 3971 3888 4026 Ποία

2249 4054 2425 4127 δῆτας
2455 4058 2520 4116 Ἣ
2550 4059 2612 4113 τὸ
2641 4060 2762 4114 κατ’
2789 4056 3115 4134 ἐπαγγελίαν
3155 4056 3321 4114 αὐτοῦ
3378 4057 3591 4135 σπέρμα
3654 4058 3897 4135 λέγουσα

2250 4145 2536 4220 ἰσάριθμον
2597 4142 2804 4211 ἔσεσθαι
2861 4150 2979 4208 τοῖς
3045 4147 3285 4222 ἄστροις.
3373 4147 3499 4203 Κατ’
3562 4145 3893 4226 ἐπαγγελίαν

2250 4232 2307 4290 δὲ
2337 4235 2501 4292 αὐτοῦ
2535 4238 2772 4312 σπέρμα,
2802 4236 2866 4292 τὸ
2893 4239 3003 4292 τῶν
3051 4240 3279 4307 πιστῶν,
3326 4236 3416 4292 καὶ
3466 4236 3566 4292 οῦκ
3615 4235 3898 4294 ἐκπεπτω-

2248 4324 2426 4382 κότων
2456 4331 2556 4394 τῆς
2589 4325 2732 4390 θείκς
2756 4323 3037 4402 προνοίας.
3071 4349 3100 4378 ‹‹
3129 4324 3254 4400 Οὐχ
3302 4327 3438 4384 οἷον.
3483 4349 3514 4379 υ
3571 4359 3634 4371 -
3683 4327 3892 4402 [ΦΩΤ.]

2249 4415 2328 4472 Οὐ
2364 4412 2549 4488 μόνον,
2583 4415 2767 4492 φησὶν,
2800 4413 2900 4470 οὐκ
2944 4411 3286 4471 ἐκπέπτωκεν
3315 4415 3345 4471 6
3376 4413 3544 4491 λόγος
3589 4420 3688 4472 τοῦ
3735 4419 3893 4488 Θεοῦ,

2249 4501 2378 4559 ἀλλ’
2411 4501 2536 4559 οὐδὲ
2567 4505 2686 4558 οἷον
2718 4501 3079 4559 ἐκπέπτωκεν·
3113 4505 3248 4576 οἷον,
3279 4503 3406 4561 ἀλλ’
3435 4502 3562 4560 οᾶδὶ
3594 4505 3753 4581 ἐγγὺς
3792 4508 3894 4583 γὲ-

495 4616 702 4656 omnes
733 4597 834 4671 qui
867 4602 1004 4654 sunt
1035 4595 1364 4661 exlsrael,»
1398 4591 2132 4666 etc.thuomodo,inquit,

2251 4613 2378 4671 γονε
2407 4597 2503 4648 τοῦ
2535 4594 2798 4663 ἐκπεσεῖν,
2831 4593 2866 4663 ἢ
2901 4589 3078 4649 δοκεῖν
3129 4593 3548 4655 ἐκπεπτωκέναι.
3580 4620 3609 4648 ‹‹
3658 4595 3740 4655 υῦ
3794 4570 3896 4672 γὰρ

490 4705 611 4747 non
643 4687 860 4745 excidit
889 4685 1130 4742 verbum
1165 4684 1314 4740 Dei?
1344 4682 1642 4756 quomodo
1669 4685 1689 4738 Ρ
1714 4684 1860 4750 Quia
1875 4699 1996 4738 non
2019 4699 2141 4738 om-

488 4794 596 4834 nes
626 4777 726 4849 qui
753 4783 982 4832 suntex
1032 4774 1236 4843 Israel,
1281 4772 1565 4829 Israelita)
1617 4778 1774 4831 sunt.
1812 4794 1840 4823 »
1888 4771 1998 4828 hoc
2030 4777 2140 4840 est,

492 4883 697 4923 semen
729 4865 1047 4922 Abraham.
1082 4862 1303 4920 Deinde
1336 4863 1448 4920 hoc
1489 4863 1785 4936 explanat.
1821 4864 1947 4919 Non
1981 4863 2141 4919 enim

493 4972 561 5012 eo
575 4953 732 5028 quod
763 4954 882 5010 sint
905 4955 1089 5025 aliqui
1105 4954 1213 5009 filii
1229 4954 1499 5010 carnales
1522 4954 1842 5019 Abraham,
1859 4953 2142 5008 continuo

489 5046 616 5117 jam
649 5043 826 5099 etiam
860 5042 966 5096 lilii
1009 5048 1146 5098 sunt
1195 5041 1522 5098 secundum
1575 5041 2055 5115 promissionem,
2087 5048 2147 5098 et

498 5132 716 5205 quibus
745 5131 1060 5204 promissio
1091 5131 1248 5186 facta
1278 5139 1403 5187 est:
1438 5131 1539 5188 sed
1571 5132 1671 5204 qui
1704 5130 2144 5188 sintﬁliiAhra-

500 5223 636 5279 ham
669 5221 830 5286 audi,
863 5220 1075 5291 inquit,
1127 5219 1512 5291 Scripturam.
1575 5220 1716 5276 Vide
1756 5227 1952 5276 autem
1987 5219 2146 5292 quod

495 5328 615 5368 non
647 5311 900 5366 dixerit:
931 5311 1012 5364 Ex
1053 5309 1252 5374 Jacob,
1291 5309 1394 5365 sed
1426 5334 1453 5360 ‹‹
1508 5310 1584 5366 Ex
1619 5310 1822 5378 Israel,
1857 5335 1876 5363 ι
1926 5327 2030 5381 pro
2064 5309 2142 5365 si-

493 5417 609 5476 gno
639 5400 871 5456 virtutis
901 5415 1130 5472 ponens
1164 5399 1487 5456 dictionem
1517 5423 1544 5451 «
1572 5401 1750 5456 Israel
1784 5423 1812 5450 ››
1843 5400 2146 5456 acdonum

493 5506 819 5563 supernum
851 5489 1192 5546 ostendens.
1223 5489 1276 5545 Si
1313 5506 1432 5545 non
1465 5506 1672 5546 omnes
1696 5489 1796 5562 qui
1835 5505 1902 5546 ex
1920 5488 2146 5546 semine

499 5589 639 5640 sunt
669 5581 1049 5650 Abraham,hi
1081 5579 1260 5636 etiam
1294 5579 1399 5636 filii
1431 5586 1571 5636 sunt
1601 5581 1922 5646 Abraham,
1946 5580 2146 5638 mani-

497 5675 717 5733 festum
746 5679 903 5732 certe
923 5684 1015 5730 est
1041 5671 1228 5728 alium
1259 5686 1390 5727 esse
1421 5670 1665 5728 modum
1696 5671 1798 5744 qui
1821 5687 1924 5730 eos
1938 5670 2150 5730 reddat

499 5765 658 5825 filios
690 5763 978 5822 Abraham
1005 5766 1222 5835 praeter
1241 5759 1612 5819 nativitatem
1635 5777 1766 5833 qua
1787 5760 1862 5819 ab
1883 5761 2012 5834 ipso
2035 5766 2142 5820 est.

2250 4683 2443 4745 πάντες
2467 4683 2522 4737 οἱ
2554 4682 2604 4754 ἐξ
2636 4680 2882 4758 Ἰσραὴλ,
2907 4708 2935 4736 ››
2959 4684 3046 4738 καὶ
3081 4686 3146 4738 τὰ
3176 4683 3317 4758 ἑξῆς.
3351 4683 3455 4741 Καὶ
3507 4689 3646 4752 πῶς,
3706 4685 3895 4764 φησὶν,

2253 4771 2350 4830 οὐκ
2380 4769 2618 4843 ἐξέπεσεν
2653 4772 2681 4826 ὸ
2714 4770 2880 4850 λόγος
2905 4776 3002 4828 τοῦ
3033 4775 3202 4844 Θεοῦ;
3232 4777 3355 4836 Πῶς
3387 4793 3402 4846 ;
3461 4774 3582 4832 Ὅτι
3631 4773 3695 4831 οὗ
3747 4776 3892 4830 πάν-

2251 4883 2338 4925 τες
2369 4860 2420 4918 οἱ
2451 4861 2502 4933 ἐξ
2536 4859 2779 4936 Ἰσραήλ,
2813 4858 3155 4938 Ἰσραηλῖταί
3188 4861 3312 4936 εἶσι,
3357 4865 3628 4928 τουτέστι.
3679 4864 3898 4942 σπέρμα

2253 4945 2524 5025 Ἀϐραάμ.
2559 4952 2695 5009 Εἶτα
2725 4950 3007 5029 σαφηνίζει
3038 4947 3186 5010 αὐτό.
3219 4950 3298 5009 Οὐ
3330 4951 3433 5029 γὰρ
3485 4949 3674 5026 ἰπειδή
3725 4974 3896 5026 τινες,

2253 5041 2408 5122 φησί,
2475 5041 2630 5096 τέκνα
2668 5040 2897 5116 σαρκικὰ
2947 5041 3042 5096 τοῦ
3101 5035 3374 5116 Ἀϐραὰμ,
3427 5040 3538 5114 ἤδη
3593 5043 3686 5100 καὶ
3740 5044 3902 5101 τέκνα

2253 5131 2354 5187 εἰσὶ
2411 5136 2528 5186 κατ’
2584 5128 2930 5206 ἐπαγγελίαν,
2982 5130 3068 5185 καὶ
3132 5130 3214 5192 οἷς
3273 5133 3308 5200 ὴ
3368 5129 3662 5209 ἰπαγγελία
3714 5132 3900 5206 ἐδόθη.

2253 5218 2429 5277 Ἀλλὰ
2459 5220 2590 5276 ποῖά
2638 5218 2747 5275 ἐστι
2804 5219 2962 5276 τέκνα
3021 5215 3290 5294 Ἀϐραὰμ,
3349 5218 3532 5292 ἄκουε,
3591 5230 3748 5304 φησί,
3800 5229 3902 5293 τῆς

2258 5312 2494 5389 Γόαςρῆς.
2529 5311 2668 5385 Ὅρα
2699 5305 2774 5364 δέ*
2809 5309 2923 5367 Οὐκ
2948 5308 3095 5365 ε’ῗπεν
3128 5309 3214 5382 Ἐξ
3275 5305 3492 5382 Ἰακὼϐ,
3550 5312 3697 5381 ἀλλ’,
3730 5335 3759 5363 ‹‹
3806 5313 3894 5384 Ἐε

2258 5398 2501 5475 Ἰσραήλ,
2572 5425 2591 5449 ι
2654 5397 2718 5454 τό
2759 5405 2858 5468 τῆς
2929 5398 3123 5474 ἀρετῆς
3193 5401 3478 5477 γνώρισμα
3530 5400 3783 5464 τεθειιεὼς
3834 5400 3901 5456 τὸ

2259 5513 2288 5542 α
2319 5485 2564 5564 Ἰσραὴλ,
2603 5514 2623 5543 ι
2657 5488 2749 5544 καὶ
2791 5484 2998 5552 δεικνὺς
3028 5490 3128 5558 τήν
3160 5485 3365 5547 ἄνωθεν
3394 5489 3614 5564 δωρεάν.
3657 5487 3720 5546 Et
3763 5489 3899 5568 οὐχὶ

2255 5578 2475 5651 πάντες,
2509 5577 2692 5658 φησὶν,
2725 5578 2778 5634 οἱ
2826 5575 2886 5633 ἐκ
2929 5574 3236 5654 σπέρματος
3282 5572 3553 5656 Ἀϐραὰμ,
3605 5577 3758 5636 οὗτοι
3806 5579 3903 5637 καὶ

2252 5668 2415 5729 τέκνα
2444 5664 2716 5748 Ἀϐραὰμ,
2749 5665 3008 5741 δηλονότι
3065 5663 3240 5733 ἄλλος
3279 5667 3389 5726 tati
3434 5669 3638 5746 τρόπος
3663 5669 3696 5727 6
3723 5675 3901 5729 ποιῶν

2254 5759 2450 5827 αὐτοὺς
2477 5764 2634 5818 τεκνα
2661 5761 2764 5816 τοῦ
2793 5753 3067 5836 Ἀϐραὰμ,
3106 5757 3200 5818 καὶ
3251 5755 3382 5836 οὐχὶ
3409 5759 3447 5830 ἠ
3479 5758 3530 5836 ιε
3574 5760 3744 5820 αὐτοῦ
3792 5761 3910 5842 γένο
