4222 6194
419 422 538 483 505

1505 416 1912 479 COMMENT.
1960 415 2038 477 IN
2085 411 2322 477 EPIST.
2374 412 2478 472 AD
2523 409 2711 470 ROM.

3712 393 3833 456 506

425 569 602 622 νησις.
636 548 734 612 Τίς
767 546 824 606 δὶ
854 546 1046 616 οῦτοςς
1094 549 1155 606 Ὀ
1211 549 1310 617 τῆς
1367 545 1714 622 ἐπαγγελίας·
1773 546 2071 615 τουτέστιν,

2189 543 2327 611 Quis
2355 547 2555 599 autem
2587 539 2688 596 ille
2720 537 2859 596 est?
2885 531 3306 593 Promissionis
3331 530 3488 622 :ghoc
3501 534 3590 622 est
3617 526 3826 584 illiﬁlii

423 639 624 697 ἐκεῖνοι
655 637 812 695 τέκνα
843 638 996 709 εἰσὶν,
1030 638 1082 692 οἱ
1141 638 1231 692 καὶ
1289 643 1389 707 τῆς
1448 635 1769 712 ἐπαγγελίας
1824 634 2079 705 ἀξιωθέν-

419 750 533 799 τες,
562 728 655 786 καὶ
686 726 1088 800 πληθυνθέντες
1120 727 1194 791 ὡς
1225 726 1291 782 τά
1319 725 1486 803 ἄστρα
1521 728 1624 782 τοῦ
1675 725 1922 800 οὐρανοῦ,
1964 723 2079 778 οἷόν

424 820 561 875 εἰσιν
591 820 643 876 οἱ
683 818 892 885 πιστοὶ,
923 819 1218 884 τουτέστιν,
1278 816 1342 874 οὐ
1393 817 1463 872 τὰ
1513 815 1688 875 τέκνα.
1739 839 1766 866 ‹‹
1800 812 2078 868 Τουτέστιν

427 910 494 966 οὗ
526 909 593 964 τὰ
621 907 780 964 τέκνα
806 914 911 978 τῆς
950 909 1167 983 σαρκὸς,
1201 931 1230 960 ››
1260 905 1352 962 καὶ
1408 904 1475 961 τὰ
1516 904 1662 975 ἑξῆς.
1716 902 1847 959 Εἶτα
1904 901 2080 976 ἑρμη-

425 997 696 1067 νεύειτὴν
752 997 1182 1072 ἀναγνωσθεῖσαν
1233 996 1474 1075 Γραφήν,
1504 993 1557 1048 τί
1614 991 1725 1048 ἐστι
1781 991 1863 1049 τὸ.
1926 1015 1952 1042 ‹‹
1989 993 2076 1048 Ἐν

427 1090 612 1148 Ἰσαὰκ
669 1087 1007 1160 κληθήσεταί
1065 1111 1148 1144 σοι
1205 1088 1440 1162 σπέρμα.
1503 1111 1530 1138 ››
1588 1086 1730 1155 Ὀτι,
1781 1082 1966 1164 φησίν,
2025 1083 2077 1138 οἳ

427 1179 488 1235 ἐκ
543 1187 645 1249 τῆς
705 1176 1030 1253 ἐπαγγελίας
1083 1177 1186 1233 εἶσὶ
1241 1177 1417 1233 τέκνα·
1479 1175 1594 1235 Οὐκ
1647 1175 1765 1230 εἷπε
1831 1170 1908 1244 δὲ,
1967 1175 2078 1230 Τοῦ

427 1265 706 1345 Ἀϐραὰμ,
763 1267 930 1338 ἀλλὰ,
992 1293 1019 1321 ι‹
1071 1271 1182 1325 Τοῦ
1239 1271 1395 1335 Θεοῦ,
1435 1288 1462 1320 ε
1525 1263 1735 1327 δεικνὺς
1792 1263 1920 1319 οὐδὲ
1984 1263 2076 1319 τὸν

427 1359 611 1417 Ἰσαὰκ
677 1357 872 1422 ἁπλῶς
925 1357 1062 1412 εἶναι
1115 1361 1212 1413 τοῦ
1279 1352 1548 1432 Ἀϐραὰμ,
1610 1355 1695 1410 ὅτι
1734 1353 1796 1410 οὐ
1855 1351 2079 1426 δυνάμει

429 1455 747 1524 σπέρματος
776 1446 1060 1522 ἐγεννήθη,
1110 1444 1255 1502 ἀλλὰ
1311 1443 1534 1520 δυνάμει
1592 1447 1689 1500 τοῦ
1746 1441 2077 1521 ἐπαγγειλα-

431 1537 620 1612 μένου,
646 1535 738 1592 ’ἵνα
777 1534 931 1612 δείξῃ
967 1538 1053 1592 ὅτι
1085 1537 1138 1592 οἱ
1165 1539 1266 1606 τήν
1318 1535 1583 1591 υἱοθεσίαν
1631 1529 1872 1613 ἔχοντες,
1925 1529 2079 1587 αὐτοί

428 1627 532 1683 εἶσι
562 1627 682 1683 κατ’
722 1624 1052 1701 ἐπαγγελίαν
1083 1625 1242 1681 τὲκνα
1270 1629 1368 1680 τοῦ
1399 1619 1672 1698 Ἀϐραάμ.

503 1741 532 1768 ι(
564 1719 749 1774 Ταῦτα
778 1717 934 1772 τέκνα
962 1719 1059 1771 τοῦ
1117 1718 1268 1772 Θεοῦ.
1306 1739 1334 1767 ››
1387 1715 1537 1770 Ἐπεὶ
1584 1712 1764 1786 τούτῳ
1810 1717 1890 1786 τῷ
1928 1710 2079 1787 λόγῳ

425 1806 513 1861 καὶ
547 1804 597 1860 οἱ
621 1802 928 1879 Ἰδουμαῖοι
951 1802 1138 1873 ἐπειδὴ
1162 1805 1426 1882 ἀπόγονοι
1446 1805 1580 1875 ἦσαν
1601 1798 1990 1880 Ἀϐραὰμὸσον
2015 1809 2078 1863 τὸ

2186 639 2327 692 sunt
2357 633 2457 704 qui
2492 631 2671 688 etiam
2714 627 3110 702 promissione
3159 622 3318 695 digni
3357 618 3540 676 habiti
3561 624 3732 672 sunt:
3770 621 3829 670 et

2185 723 2563 795 multiplicati
2593 728 2874 792 tanquam
2896 724 3054 774 astra
3067 714 3219 780 caeli,
3240 710 3417 767 veluti
3441 713 3580 764 sunt
3601 705 3828 795 ﬁdeles,

2185 815 2246 872 id
2287 792 2396 880 est,
2429 831 2549 871 non
2584 813 2689 868 ﬁlii
2741 809 3030 868 carnales.
3063 829 3090 858 ‹‹
3123 806 3242 862 Hoc
3300 807 3389 857 est
3435 815 3554 855 non
3587 795 3687 868 qui
3724 792 3830 849 ﬁlii

2187 905 2404 969 carnis,
2443 929 2461 952 ιι
2491 910 2602 960 etc.
2639 900 2860 959 Deinde
2893 898 3198 956 recitatam
3221 891 3648 963 interpretatur
3677 882 3832 940 Scri-

2186 992 2596 1068 pturam.quid
2623 992 2732 1048 sit:
2763 991 2912 1046 uPer
2943 982 3416 1044 Isaacvocabitur
3438 978 3759 1068 tibisemen

2186 1101 2400 1156 nempe
2432 1084 2532 1155 qui
2580 1099 2648 1138 ex
2693 1078 3088 1153 promissione
3143 1080 3283 1130 sunt
3330 1071 3455 1127 ﬁlii.
3514 1067 3639 1122 Non
3684 1061 3834 1156 dixit

2185 1152 2419 1230 autem:
2450 1152 2646 1245 ipsius
2697 1152 3011 1234 Abraham,
3062 1164 3166 1222 sed
3199 1188 3225 1214 ‹‹
3263 1161 3401 1227 Dei;
3439 1180 3461 1210 υ
3505 1152 3828 1245 ostendens

2187 1281 2382 1337 neque
2422 1244 2582 1320 Isaac
2634 1259 2985 1333 simpliciter
3043 1256 3231 1329 ipsius
3285 1250 3579 1308 Abraham
3618 1244 3825 1309 fuisse,

2188 1355 2329 1427 quia
2357 1371 2479 1410 non
2510 1353 2722 1408 virtute
2755 1349 3000 1406 seminis
3031 1341 3438 1409 natusest,sed
3457 1341 3585 1411 ejus
3615 1337 3827 1391 virtute

2187 1446 2287 1516 qui
2319 1443 2706 1516 promiserat:
2745 1447 2811 1496 ut
2851 1437 3194 1494 ostenderet
3249 1431 3406 1504 quod
3446 1427 3827 1516 adoptionem

2185 1513 2492 1601 habentes,
2531 1533 2592 1588 hi
2650 1536 2790 1586 sunt
2846 1527 3175 1585 secundum
3227 1521 3685 1595 promissionem
3722 1513 3828 1570 lilii

2186 1625 2503 1682 Abraham.

2263 1738 2284 1769 ι
2312 1717 2379 1772 Hi
2416 1713 2675 1772 suntﬁlii
2709 1712 2864 1770 Dei.»
2886 1709 3034 1766 325
3068 1705 3218 1772 Quia
3237 1704 3634 1760 hocsermone
3649 1693 3824 1750 etiam

2183 1805 2558 1876 Idumaei,qui
2589 1821 2660 1860 ex
2690 1800 2986 1858 Abraham
3011 1781 3821 1876 trahebantoriginem,quod

425 1895 562 1951 κατᾶ
594 1896 788 1970 σάρκα,
830 1891 1069 1973 ὤφειλον
1103 1894 1238 1950 εἶναι
1267 1893 1423 1949 τέκνα
1451 1898 1547 1949 τοῦ
1596 1897 1752 1962 Θεοῦ,
1803 1891 1929 1948 ἀλλ’
1978 1893 2080 1946 οὐκ

2189 1898 2257 1954 ad
2283 1875 2523 1953 carnem
2563 1894 2795 1958 attinet,
2826 1890 3115 1947 deberent
3142 1902 3271 1942 esse
3301 1882 3406 1939 ﬁlii
3439 1875 3680 1973 Dei..sed
3702 1891 3822 1931 non

427 1983 552 2040 εἰσί.
580 1984 725 2038 Κατᾶ
753 1984 924 2058 σάρκα
944 1983 1045 2060 γὰρ
1067 1982 1219 2038 αὐτοὶ
1240 1982 1456 2059 σπέρμα
1483 1987 1580 2038 τοῦ
1625 1977 1899 2058 Ἀϐρααμ,
1951 1980 2078 2037 ἀλλ’

425 2074 590 2145 ἡμεῖς
618 2070 779 2146 ἐσμεν
813 2071 972 2126 τέκνα
1000 2076 1098 2127 τοῦ
1131 2067 1405 2146 Ἀϐρααμ,
1451 2072 1502 2127 οἱ
1548 2078 1648 2142 τῆς
1699 2072 1869 2141 αὐτῆς
1928 2068 2074 2143 αὐτῷ

426 2161 660 2223 πίστεως
687 2165 1096 2228 κοινωνοῦντες,
1123 2160 1212 2216 καὶ
1242 2160 1402 2217 τέκνα
1431 2163 1528 2216 τοῦ
1560 2163 1692 2215 Θεοῦ
1724 2156 1814 2215 διὰ
1849 2165 1948 2228 τῆς
1980 2179 2076 2214 κο-

429 2246 754 2329 λυμϐήθρας
782 2255 881 2306 τοῦ
911 2251 1058 2316 θείου
1090 2250 1486 2326 βαπτίσματος.
1520 2277 1548 2303 ‹‹
1581 2249 1762 2308 Ἀλλὰ
1786 2251 1873 2324 ιτα
1919 2249 2078 2304 τέκνα

429 2343 530 2410 τῆς
562 2339 911 2417 ἐπαγγελίας.
958 2365 988 2393 ››
1020 2343 1204 2411 Ὅσοι,
1235 2339 1390 2420 φησὶ,
1420 2339 1555 2396 κατά
1601 2340 1692 2396 τὸν
1738 2339 1922 2397 Ἰσαὰκ
1964 2360 2077 2414 γεν·

425 2429 842 2502 νηθῶσιν,οῦτοί
881 2428 985 2485 είσι
1009 2427 1102 2485 καὶ
1133 2431 1351 2505 σπέρμα
1381 2423 1635 2504 Ἀϐραὰμ
1661 2427 1750 2484 καὶ
1781 2428 1889 2483 υἱοὶ
1921 2431 2077 2484 Θεοῦ.

426 2521 488 2578 Ὀ
526 2521 630 2595 γαρ
659 2519 862 2590 Ἰσαὰκ,
893 2519 958 2576 οὐ
987 2519 1123 2574 κατὰ
1151 2519 1322 2592 νόμον
1355 2517 1610 2594 ἐγεννήθη
1662 2516 1892 2597 φύσεως,
1935 2515 2080 2573 ἀλλᾶ

433 2609 568 2664 κατὰ
632 2605 857 2682 δύναμιν
926 2607 1274 2685 ἐπαγγελίας.
1344 2609 1554 2667 Οὓκοῦν
1635 2608 1686 2662 οἱ
1758 2608 2078 2684 γεννώμενοι

430 2697 626 2766 οὕτως,
660 2698 768 2752 υἱοί
802 2691 1058 2773 ’Δϐραάμ
1086 2697 1242 2756 εἰσιν.
1312 2697 1498 2760 Οὕτως
1555 2695 1614 2753 δὲ
1655 2699 1821 2772 ἡμεῖς
1878 2696 2080 2774 γεννώ-

431 2801 569 2865 μεθα
600 2786 688 2845 διὰ
714 2795 815 2860 τῆς
855 2783 1269 2864 κολυμϐήθρας.
1330 2791 1570 2863 Ῥήμασι
1625 2789 1728 2866 γὰρ
1775 2787 1866 2844 καὶ
1919 2789 2081 2862 ἡμεῖς

427 2877 755 2955 ἐπαγγελίας
820 2878 1150 2954 γεννώμεθα*
1247 2879 1454 2952 ῥήμασι
1527 2879 1644 2952 μὶν,
1728 2875 1820 2933 διὰ
1884 2879 1947 2932 τὸ
2003 2875 2078 2939 εἷς

427 2967 603 3042 ὄνομα
633 2968 843 3043 Πατρὸς
873 2966 966 3022 καὶ
1017 2967 1145 3022 Υἱοῦ
1198 2965 1288 3022 καὶ
1346 2967 1501 3043 ἁγίου
1562 2967 1874 3042 Ηνεύματος
1933 2967 2082 3043 γίνε-

427 3070 550 3125 σθαι
581 3059 677 3122 τὰς
727 3057 780 3115 ὗν
836 3061 906 3133 τῇ
958 3052 1326 3134 κολυμϐήθρᾳ
1379 3055 1718 3120 καταδύσεις·
1783 3055 2081 3133 ἰπαγγελίᾳ

428 3145 505 3217 δὲ,
535 3149 672 3214 καθὸ
704 3149 755 3204 οἱ
787 3154 1066 3225 προφῆται
1096 3147 1204 3222 πρὸ
1234 3144 1463 3202 πολλῶν
1499 3147 1713 3227 χρόνων
1775 3147 1839 3203 τὸ
1886 3148 2083 3222 βαπτι-

427 3259 539 3312 σμα
567 3235 1012 3315 εὐηγγελίσαντο.
1044 3237 1134 3300 Ὠς
1177 3236 1260 3308 τὸ,
1321 3261 1348 3288 ‹‹
1403 3237 1684 3292 Λούσασθε
1723 3235 1812 3290 καὶ
1855 3234 2080 3309 καθαροὶ

429 3329 518 3403 γὲν
528 3329 663 3384 εσθε.
709 3351 738 3380 ››

501 3415 578 3475 Οὐ
613 3415 774 3488 μόνον
827 3413 906 3485 δὶ,
959 3412 1106 3471 ἀλλὰ
1163 3415 1253 3470 καὶ
1310 3409 1590 3485 Ῥεϐέκκα,
1658 3412 1708 3488 ἐξ
1777 3414 1896 3477 ἑνὸς
1959 3414 2082 3469 κοί-

429 3528 529 3578 τήν
560 3502 790 3583 ἔχουσα,
837 3506 1018 3565 Ἰσαὰκ
1072 3503 1174 3561 τοῦ
1236 3506 1442 3580 πατρὸς
1497 3507 1683 3578 ἡμῶν.
1745 3506 1931 3576 Μήπω
1979 3505 2080 3581 γὰρ

428 3595 813 3672 γεννηθέντων.
887 3591 1028 3669 μηδὲ
1120 3595 1435 3668 πραξάντων
1497 3615 1551 3650 τι
1615 3593 1811 3670 ἀγαθὸν
1878 3597 1913 3664 ἢ
1979 3616 2081 3650 κα-

431 3687 546 3755 κὸν,
577 3685 668 3741 ἳνα
701 3687 736 3756 ἡ
793 3686 910 3741 κατ’
969 3682 1214 3761 ἐκλογὴν
1265 3688 1362 3740 τοῦ
1419 3687 1553 3740 Θεοῦ
1608 3684 1863 3761 πρόθεσις
1923 3686 2082 3760 μένῃ,

428 3774 528 3832 οὔκ
591 3773 642 3846 ἐξ
710 3768 905 3852 ἔργων,
974 3773 1103 3830 ἀλλ’
1171 3772 1232 3829 ἐκ
1303 3777 1400 3829 τοῦ
1475 3771 1800 3846 καλοῦντος,
1877 3773 2080 3851 ἐῤῥήθη

427 3863 588 3938 αὐτῇ,
659 3863 744 3920 ὅτι
823 3864 886 3923 Ὀ
978 3863 1178 3938 μείζων
1261 3861 1544 3919 δουλεύσει
1631 3867 1709 3936 τῷ
1811 3862 2082 3920 ἐλάσσονι.

428 3954 622 4016 Καθὼς
690 3953 1014 4031 γέγραπται·
1093 3953 1194 4008 Τὸν
1259 3947 1454 4010 Ἰακὼϐ
1520 3952 1807 4030 ἠγάπησα,
1875 3953 1968 4009 τὸν
2029 3949 2085 4008 δὲ

429 4045 600 4100 Ἠσαῦ
630 4041 884 4118 ἐμίσησα.

501 4132 603 4191 Καὶ
632 4131 708 4204 τί,
739 4131 896 4213 φησὶ,
926 4132 1261 4206 θαυμαστὸυ,
1292 4132 1374 4186 ὅτι
1426 4136 1533 4188 τῶν
1585 4128 1860 4188 Ἰουδαὶων
1902 4133 1953 4186 οἱ
1989 4130 2082 4204 μὶν

431 4221 808 4283 πιστεύσαντες
838 4219 915 4285 εἷς
969 4215 1466 4295 σπὲρμα’Λϐραὰμ
1525 4219 1860 4295 λογίζονται,
1918 4222 1969 4275 oi
2030 4217 2087 4274 δὲ

433 4309 650 4368 ἄπιστοι
681 4309 780 4368 οὐκ
809 4304 929 4380 ἔτι,
977 4312 1152 4368 Τοῦτο
1206 4309 1310 4385 γὰρ
1368 4310 1456 4364 καὶ
1519 4308 1608 4364 ἐπὶ
1663 4315 1773 4365 τῶν
1831 4309 2084 4365 παλαιῶν

435 4400 702 4477 εὑρήσεις.
734 4401 837 4458 Καὶ
870 4399 974 4477 γὰρ
1006 4400 1034 4454 ὁ
1067 4398 1250 4458 Ἰσαὰκ
1281 4397 1559 4474 λογίζεται
1595 4399 1760 4473 μόνος
1791 4397 1867 4461 εἰς
1919 4401 2086 4473 σπερ-

437 4511 534 4563 μα,
565 4489 744 4546 καίτοι
775 4487 948 4546 ὄντων
977 4489 1068 4544 καὶ
1097 4492 1205 4544 τῶν
1238 4487 1344 4545 ἀπὸ
1402 4487 1726 4565 Χεττούρας.
1790 4487 1866 4547 Οὐ
1923 4489 2088 4562 μόνον

433 4576 490 4635 δὲ
543 4584 734 4650 τοῦτο,
789 4578 975 4658 φησὶν,
1037 4576 1181 4634 ἀλλὰ
1237 4577 1327 4633 καὶ
1385 4572 1636 4632 Ῥεϐέκκα
1707 4575 1759 4647 ἐξ
1816 4577 1934 4640 ἑνὸς
1992 4581 2089 4633 τοῦ

2187 1987 2497 2042 sunt.Nam
2523 1984 2583 2039 hi
2623 1997 2827 2038 semen
2860 1978 3157 2036 Abraham
3185 1979 3325 2031 sunt
3353 1966 3827 2028 secundumcar-

2185 2092 2322 2132 nem
2348 2093 2361 2130 :
2394 2091 2596 2131 verum
2629 2089 2737 2128 nos
2760 2087 2966 2127 sumus
2989 2061 3531 2132 ﬁliiAbraham,qui
3561 2055 3828 2128 inipsius

2189 2166 2304 2222 ﬁde
2335 2163 2848 2222 communicamus
2870 2176 3005 2216 cum
3035 2158 3296 2230 ipso,per
3317 2153 3613 2208 lavacrum
3649 2143 3830 2201 divini

2187 2255 2579 2330 baptismatis.
2596 2253 2744 2310 «Sed
2767 2253 2872 2309 ﬁlii
2889 2247 3356 2325 promissionis.»
3373 2238 3834 2330 Quicunque,in-

2189 2346 2418 2419 quit,ad
2433 2345 2673 2402 modum
2685 2345 2846 2400 Isaac
2861 2341 2984 2398 nati
2999 2337 3304 2402 fuerint,hi
3319 2350 3522 2392 semen
3538 2329 3833 2387 Abraham

2189 2440 2330 2490 sunt
2358 2439 2416 2490 et
2445 2433 2552 2488 ﬁlii
2585 2433 2878 2490 Dei.Isaac
2899 2431 3060 2486 enim
3091 2444 3212 2484 non
3244 2422 3572 2481 secundum
3604 2425 3832 2474 natura,

2189 2525 2380 2598 legem
2409 2528 2584 2580 natus
2601 2521 2821 2591 est,sed
2834 2518 3164 2577 secundum
3180 2517 3455 2572 virtutem
3485 2507 3830 2584 promissio-

2191 2616 2306 2671 nis.
2333 2619 2538 2688 Itaque
2569 2614 2669 2686 qui
2702 2614 2785 2669 ita
2814 2618 3162 2674 nascuntur,
3215 2608 3320 2664 ﬁlii
3352 2611 3494 2662 sunt
3518 2602 3830 2658 Abraham.

2192 2707 2394 2776 Itaque
2424 2709 2482 2760 et
2511 2721 2621 2760 nos
2639 2702 3054 2775 perlavacrum
3074 2697 3395 2761 nascimur,
3411 2691 3705 2766 siquidem
3724 2704 3833 2744 nos

2190 2797 2370 2854 etiam
2400 2795 2594 2852 verbis
2638 2793 3051 2866 promissionis
3089 2789 3429 2847 nascimur:
3470 2782 3662 2840 verbis
3692 2779 3834 2853 qui-

2192 2885 2517 2960 dem,quod
2547 2887 2608 2941 in
2631 2885 2874 2942 nomine
2917 2881 3106 2939 Patris
3133 2888 3190 2938 et
3222 2879 3352 2937 Filii
3383 2884 3444 2934 et
3471 2874 3660 2932 sancti
3705 2870 3837 2944 Spi-

2192 2977 2341 3033 ritus
2380 2975 2526 3032 ﬁant
2557 2976 2618 3030 in
2678 2974 2906 3030 lavacro
2952 2969 3394 3035 demersiones;
3440 2962 3836 3039 promissione

2192 3061 2513 3134 vero,quod
2544 3060 2847 3134 prephetaa
2878 3058 3081 3115 multis
3103 3063 3239 3114 ante
3260 3051 3626 3126 temporibus
3643 3047 3833 3121 bapti-

2192 3168 2320 3209 sma
2349 3149 3038 3219 annuntiaverint,veluti
3053 3163 3188 3206 cum
3201 3145 3438 3215 dicitur,
3454 3166 3482 3194 ς(
3508 3135 3835 3205 Lavamini,

2139 3287 2158 3312 η
2195 3239 2400 3297 mundi
2435 3245 2622 3296 estote
2651 3238 2718 3296 “.
2753 3262 2782 3289 ››

2110 3288 2160 3352 G

2259 3417 2356 3486 1X,
2389 3416 2580 3471 10-13.
2642 3416 2759 3470 Νοη
2801 3411 2975 3468 solum
3005 3417 3187 3466 autem
3234 3409 3354 3474 hoc,
3377 3406 3471 3462 sed
3516 3411 3568 3460 et
3596 3403 3835 3458 Rebecca

2187 3525 2255 3564 ea:
2286 3523 2394 3562 uno
2429 3505 2741 3578 concipiens
2773 3505 2927 3560 Isaac
2942 3509 3104 3574 patre
3134 3507 3341 3557 nostra.
3375 3497 3506 3552 Cum
3522 3494 3665 3550 enim
3686 3508 3834 3548 non-

2187 3599 2315 3652 dum
2343 3600 2464 3653 nati
2495 3603 2686 3664 essent,
2742 3611 2918 3666 neque
2948 3593 3076 3648 boni
3130 3591 3433 3663 quidquam
3471 3588 3706 3657 egissent
3739 3586 3840 3636 aut

2183 3689 2357 3744 mali:
2391 3695 2451 3744 ut
2508 3687 2802 3744 secundum
2859 3685 3173 3742 electionem
3196 3683 3543 3753 prepositum
3585 3677 3678 3730 Dei
3719 3687 3840 3726 ma-

2184 3786 2360 3846 ηενει,
2384 3795 2494 3834 non
2525 3796 2594 3834 ea:
2621 3776 2989 3849 operibus.sed
3020 3792 3090 3832 ex
3123 3778 3350 3829 vocante
3379 3769 3588 3824 dictum
3611 3769 3686 3820 est
3712 3760 3800 3816 illi
3825 3775 3839 3814 :

2185 3870 2366 3939 Major
2393 3871 2587 3924 serviet
2643 3868 2870 3923 minori.
2924 3862 3390 3932 Quemadmodum
3427 3858 3698 3927 scriptum
3717 3859 3792 3908 est
3827 3854 3851 3895 θ

2184 3959 2352 4014 Iacob
2382 3959 2578 4021 dilexi,
2613 3959 2754 4012 Esau
2779 3972 2906 4012 vero
2937 3954 3063 4010 odio
3085 3952 3275 4006 habui.

2260 4113 2326 4166 Et
2359 4109 2501 4182 quid
2532 4109 2772 4179 mirum,
2831 4108 3046 4180 inquit,
3081 4106 3240 4180 quod
3279 4103 3693 4162 Judmorumhi
3727 4101 3836 4158 soli

2188 4201 2250 4256 in
2282 4215 2488 4256 semen
2518 4199 2813 4256 Abraham
2826 4203 3179 4272 reputentur
3205 4197 3305 4270 qui
3337 4192 3840 4260 crediderunt,iu-

2189 4289 2416 4346 creduli
2447 4305 2580 4346 vero
2611 4307 2732 4346 non
2761 4289 2890 4345 ita?
2917 4291 3062 4344 Nam
3095 4295 3153 4344 et
3189 4289 3300 4344 hoc
3323 4289 3384 4342 in
3415 4285 3710 4342 veteribus
3742 4284 3835 4338 in-

2189 4378 2409 4438 venies.
2444 4378 2749 4451 Siquidem
2775 4379 2934 4436 lsaac
2965 4384 3274 4452 reputatur
3321 4377 3482 4433 solus
3514 4375 3575 4431 in
3607 4388 3834 4440 semen,

2193 4485 2326 4524 cum
2358 4475 2558 4524 tamen
2575 4468 2678 4525 alii
2701 4469 3241 4526 essentaChettura
3271 4464 3592 4522 ﬁlii.Necid
3618 4463 3833 4530 solum,

2193 4557 2296 4615 sed
2319 4565 2378 4616 et
2407 4559 2672 4616 Rebecca
2685 4576 2753 4616 ex
2772 4576 2840 4615 ex
2857 4577 2975 4616 uno
2991 4561 3152 4616 Isaac
3169 4562 3410 4631 accepto
3443 4554 3835 4619 semine,cum

433 4668 613 4725 Ἰσαακ
641 4668 857 4744 σπέρμα
897 4661 1121 4744 ἔχουσα,
1162 4666 1253 4722 καὶ
1299 4664 1395 4722 δύο
1445 4668 1762 4742 γεννήσασα,
1813 4667 1915 4722 οὐκ
1953 4662 2080 4742 ἔσχε

2199 4647 2347 4706 duos
2375 4649 2724 4724 peperisset,
2748 4667 2868 4706 non
2913 4649 3120 4706 habuit
3175 4649 3323 4705 duos
3355 4646 3457 4720 qui
3501 4645 3616 4702 Deo
3645 4643 3842 4744 place-

431 4759 559 4821 τοὺς
614 4755 711 4814 δύο
769 4754 1066 4833 ἀρέσαντας
1135 4760 1279 4830 Θεῷ,
1337 4753 1467 4812 οὐδὲ
1533 4754 1930 4831 λογιζομένους
2011 4755 2086 4820 είς

436 4847 649 4923 σπέρμα
716 4841 991 4922 ’Δϐραάμ
1069 4845 1261 4904 Καίτοι
1332 4848 1502 4920 μήπω
1565 4847 1914 4922 γεννηθέντες
1965 4845 2088 4901 οὕτε

436 4935 603 4993 καλὸν
635 4935 865 5012 ἔπραξαν
911 4934 1035 4992 οὔτε
1092 4936 1282 4993 κακόν.
1343 4937 1525 5004 Οὕτω,
1585 4935 1740 5012 φησὶ,
1800 4937 1891 4992 καὶ
1950 4937 2087 4992 Ἰου-

435 5023 602 5098 δαῖοι,
635 5028 686 5082 οἱ
722 5026 815 5100 μὶν
847 5027 1030 5082 πιστοὶ
1085 5025 1174 5080 καὶ
1216 5024 1432 5103 σπέρμα
1488 5019 1747 5101 Ἀϐραὰμ
1802 5026 1930 5096 εἱσι,
1995 5025 2084 5081 καὶ

433 5119 723 5188 σώζονται,
757 5117 809 5172 οἱ
841 5114 899 5172 δὶ
930 5119 1147 5172 ἄπιστοι
1202 5113 1302 5172 οὐκ
1358 5114 1457 5178 ἔτι.
1525 5116 1664 5188 αἘξ
1721 5117 1838 5179 ἑνὸς
1892 5115 2083 5188 κοίτην

432 5203 658 5283 ἔχουσα.
693 5207 844 5277 »Ἐξ
901 5206 975 5263 ὧν
1038 5205 1136 5262 οῦκ
1192 5203 1344 5285 ἔσχε,
1401 5205 1560 5282 φησὶ,
1616 5206 1744 5268 τοὺς
1802 5203 1898 5262 δύο
1960 5206 2086 5282 ἀρε-

429 5318 674 5360 σκοντας.
728 5321 758 5351 α
821 5299 1002 5369 Μήπω
1057 5298 1160 5372 γάρ
1211 5297 1602 5372 γεννηθέντων.
1661 5320 1690 5350 »
1749 5298 1858 5354 Τοῦ
1915 5297 2085 5355 Ἠσαῦ

426 5387 519 5446 καὶ
547 5391 648 5446 τοῦ
678 5381 896 5445 Ἰακώϐ.

502 5507 524 5533 ι
557 5482 672 5537 Ἵνα
701 5479 739 5550 ἦ
769 5483 885 5536 κατ’
916 5477 1158 5556 ἆκλογὴν
1210 5477 1468 5556 πρόθεσις
1521 5481 1618 5535 τοῦ
1666 5483 1805 5536 Θεοῦ
1860 5476 2019 5556 μένῃ.
2051 5504 2081 5535 ι)

428 5571 738 5645 Τουτέστιν,
769 5569 805 5641 ἦ
835 5570 973 5627 κατὰ
999 5568 1310 5647 πρόγνωσιν
1343 5567 1574 5649 ἐκλογή.
1615 5569 1826 5645 Εἰπὼν,
1867 5595 1895 5625 «
1928 5570 2081 5650 Πρό-

503 5726 546 5768 ⁴¹
577 5728 690 5788 Isa.
725 5729 767 5798 ῐ,
793 5727 880 5785 15.

2195 4747 2350 4810 rent,
2385 4747 2486 4797 aut
2511 4741 2571 4797 in
2602 4757 2807 4798 semen
2837 4739 3133 4796 Abraham
3178 4742 3622 4812 reputarentur:
3659 4732 3839 4805 idque

2197 4847 2331 4887 cum
2363 4831 2628 4887 nondum
2660 4837 2861 4888 essent
2904 4830 3046 4896 nati,
3093 4845 3287 4901 neque
3326 4828 3549 4884 bonum
3581 4824 3843 4898 egissent

2196 4926 2296 4976 aut
2329 4921 2668 4977 malum.Sic
2700 4925 2758 4976 et
2782 4919 2998 4976 Judaais
3020 4917 3256 4973 :ﬁdeles
3283 4917 3522 4988 quidem
3554 4918 3611 4971 et
3635 4929 3840 4970 semen

2195 5008 2490 5064 Abraham
2523 5016 2664 5066 sunt
2693 5015 2750 5066 et
2780 5008 2922 5065 salvi
2957 5009 3126 5078 ﬁunt,
3159 5005 3430 5064 inﬁdeles
3451 5021 3584 5061 vero
3602 5004 3836 5061 nonita.

2200 5123 2220 5147 ι
2257 5099 2338 5153 Ex
2391 5115 2508 5155 uno
2561 5099 2925 5172 concipiens.
2958 5121 2985 5148 »
3045 5100 3161 5155 Nec
3212 5103 3412 5153 tamen
3467 5095 3540 5152 ob
3598 5093 3659 5150 id
3691 5093 3841 5149 duos

2194 5185 2403 5244 habuit
2433 5189 2533 5260 qui
2567 5189 2684 5244 Deo
2717 5188 3039 5260 placerent.
3073 5213 3100 5240 ‹‹
3127 5188 3273 5245 Cum
3305 5186 3570 5245 nondum
3589 5183 3714 5241 nati
3748 5200 3842 5238 es-

2195 5284 2344 5335 sent.
2378 5301 2406 5329 ››
2441 5279 2592 5335 Esau
2615 5278 2888 5336 videlicet
2916 5277 3188 5336 etJacob.
3446 5279 3451 5283 ”

2263 5483 2417 5541 828
2449 5508 2476 5536 «
2512 5486 2584 5543 Ut
2611 5483 2942 5543 secundum
2973 5483 3325 5542 electionem
3350 5480 3716 5558 propositum
3735 5478 3837 5536 Dei

2191 5581 2516 5632 maneret.»
2547 5575 2612 5634 Id
2641 5575 2968 5646 est,electio
2998 5591 3130 5650 qum
3156 5573 3483 5634 secundum
3525 5569 3837 5630 scientiam
