4198 6198
421 419 538 479 507

1499 416 1917 478 CECUMEMI
1963 414 2262 477 TRIOCIE
2308 413 2656 480 EPISCOPI

3716 423 3837 482 508

429 562 534 611 est.
571 551 859 607 Dicendo:
896 575 920 595 «ι
960 551 1331 622 PrOpositum
1379 551 1500 618 Dei,
1533 573 1560 601 ››
1593 550 1908 606 consilium
1941 550 2063 618 eius

2183 559 2324 612 θεσιν
2354 553 2451 605 τοῦ
2482 555 2640 620 Θεοῦ,
2672 573 2700 602 π
2733 551 2836 620 τήν
2871 547 3083 626 βουλὴν
3117 549 3283 606 αὐτοῦ
3313 548 3834 623 ἐδήλωσεν.Εἶπὼν,

427 640 777 712 significavit
800 665 812 702 ;
838 638 1042 694 dicens
1059 655 1254 695 verozu
1291 639 1625 695 Secundum
1659 640 2011 696 electionem
2045 663 2071 690 ››

422 729 685 786 ostendit
710 727 866 800 quod
897 746 930 784 a
961 745 1024 784 se
1056 729 1296 785 invicem
1329 728 1656 784 differrent.
1683 729 1887 784 Nullus
1911 729 2071 784 enim

421 818 674 873 alterum
708 835 827 890 prae
860 819 1045 874 altero
1079 818 1381 889 eligit,nisi
1415 818 1525 874 hoc
1558 818 1628 873 ab
1652 818 1766 873 alio
1799 819 2071 888 inaliquo

422 905 726 963 dissideat.
781 907 995 963 Dicens
1049 913 1281 964 autem:
1317 931 1343 957 «
1404 909 1526 962 Non
1582 923 1647 962 ex
1708 909 2008 979 operibus,
2043 931 2068 957 ιι

421 994 748 1049 vocationis
779 1012 845 1049 ac
877 996 1078 1067 gratiae
1109 996 1294 1066 ipsius
1333 995 1802 1067 magnitudinem
1823 997 2069 1050 demon-

423 1083 664 1151 stravit;
699 1101 836 1140 nam
867 1086 1042 1140 etiam
1076 1102 1208 1140 cum
1242 1085 1392 1139 nihil
1420 1085 1645 1156 operati
1669 1085 1986 1158 sint,eligit
2016 1093 2073 1141 et

424 1173 910 1229 asciscit.Verum
943 1176 1155 1242 si,cum
1188 1176 1338 1230 nihil
1361 1176 1584 1246 operati
1618 1175 2070 1247 sint,eligit.quo

421 1269 594 1335 pacto
629 1264 838 1336 eligit?
867 1264 1040 1319 nobis
1073 1265 1290 1320 etenim
1321 1265 1528 1319 electio
1545 1265 1610 1319 fit
1641 1264 1701 1318 in
1735 1265 1825 1318 his
1857 1281 1987 1334 quae
2011 1266 2070 1318 in

424 1352 624 1424 aliquo
655 1354 1061 1424 dilferunt;qui
1088 1361 1284 1409 autem
1312 1355 1462 1408 nihil
1486 1355 1710 1426 Operati
1733 1355 1850 1408 sint
1879 1355 2069 1425 inquo

423 1441 750 1498 differunt?
779 1443 1044 1497 Maxime.
1081 1444 1362 1498 Humanis
1399 1460 1656 1514 namque
1696 1444 1902 1509 oculis,
1937 1460 2070 1498 cum

421 1531 573 1586 nihil
607 1531 850 1603 egerint,
887 1532 947 1586 in
977 1533 1140 1587 nullo
1175 1533 1494 1588 differunt:
1523 1532 1718 1587 divina
1749 1539 1944 1588 autem
1979 1533 2068 1587 fu-

422 1621 536 1674 turi
571 1622 1048 1693 praicognitione,
1101 1622 1425 1694 plurimum
1457 1623 1758 1677 differunt.
1803 1624 1945 1677 Nam
1971 1622 2070 1676 ille

421 1708 661 1779 quidem
694 1718 894 1782 gratus
947 1711 1060 1766 fuit
1091 1713 1226 1780 Deo,
1289 1713 1382 1767 hic
1438 1718 1633 1767 autem
1679 1728 1818 1766 non.
1848 1711 2068 1765 Electio

419 1799 619 1869 itaque
651 1816 769 1854 non
801 1817 868 1855 ex
904 1801 1181 1872 operibus
1213 1801 1364 1856 facta
1395 1808 1503 1868 est,
1540 1809 1594 1856 et
1620 1802 1980 1856 avocatione
2013 1805 2072 1855 et

416 1889 605 1961 gratia
635 1889 787 1945 facta
819 1892 1003 1945 estEt
1024 1891 1187 1962 juste
1219 1891 1371 1946 facta
1403 1897 1522 1945 est:
1574 1891 1673 1945 sed
1702 1890 1940 1961 justitia
1961 1890 2065 1943 ho-

419 1979 613 2033 mines
645 1978 1398 2043 latebat.Quemadmodum
1435 1997 1575 2035 sane
1611 1986 1667 2034 et
1697 1997 1854 2034 nunc
1878 1978 2070 2033 adhuc

417 2067 652 2138 justitia
681 2068 826 2123 latet
857 2086 987 2139 quae
1013 2069 1122 2123 fuit
1153 2069 1468 2124 inillorum
1484 2069 1777 2124 occisione
1794 2069 1890 2138 qui
1927 2069 2071 2121 vitu-

422 2156 547 2212 lum
570 2157 835 2214 fecerant
863 2158 926 2214 ‘3.
963 2162 1103 2214 Cum
1156 2159 1315 2214 enim
1347 2175 1555 2213 omnes
1604 2158 1853 2212 vitulum
1885 2157 1938 2210 fe
1957 2156 2069 2212 sis-

421 2251 703 2312 sent,non
727 2263 934 2302 omnes
965 2248 1305 2319 interempti
1325 2248 1705 2302 sunt.Verum
1731 2261 2070 2317 quanquam

423 2334 483 2390 in
515 2335 727 2390 horum
761 2337 1172 2392 interiectione
1192 2337 1905 2409 justitialatuerit,tamen
1935 2336 2068 2389 uni-

420 2441 723 2482 versorum
752 2428 939 2483 Judici
983 2435 1188 2483 exacte
1221 2435 1277 2482 et
1325 2428 1546 2498 absque
1581 2426 1701 2481 ullo
1754 2442 1950 2480 errore
1985 2441 2075 2479 co-

421 2514 588 2587 gnita
618 2521 720 2571 est.
761 2516 851 2571 Sic
883 2523 939 2572 et
969 2517 1028 2571 in
1077 2517 1211 2571 aliis
1241 2517 1572 2572 innumeris
1605 2535 1616 2571 :
1669 2514 1845 2569 veluti
1887 2514 1947 2567 in
1979 2514 2071 2567 his

423 2615 602 2670 etiam
671 2632 802 2686 qum
862 2615 1124 2686 quotidie
1164 2615 1461 2671 aecidunt.
1525 2613 1829 2684 Siquidem
1887 2611 2074 2666 multa

421 2702 651 2777 ignotas
684 2703 855 2759 nobis
883 2703 1162 2760 habentia
1191 2711 1486 2768 causas,et
1507 2701 2073 2775 quaeinsipientibus

419 2792 548 2850 sine
581 2795 807 2850 ratione
839 2794 966 2850 fieri
997 2795 1289 2864 videntur,
1316 2795 1609 2866 juxtahoc
1641 2794 1812 2848 oculo
1855 2807 2069 2858 causa},

419 2883 542 2939 imo
565 2885 832 2939 omnium
863 2885 1183 2957 inspectori
1207 2885 1593 2954 omniumque
1611 2882 1982 2953 judici,juste
2015 2885 2073 2934 et

417 2971 574 3030 facta
605 2991 734 3030 esse
779 2981 1101 3030 censentur
1130 2981 1188 3029 et
1231 2991 1435 3030 revera
1467 2979 1846 3045 peraguntur.
1891 2970 2068 3025 Divus

417 3069 616 3120 autem
657 3064 873 3120 Paulus
896 3065 978 3120 ait
1001 3063 1185 3129 :Quod
1218 3065 1263 3118 si
1299 3064 1476 3119 etiam
1506 3063 1681 3134 nulla
1711 3060 1942 3116 occulta
1971 3076 2064 3113 ra-

415 3151 498 3206 tio
531 3153 622 3207 his
654 3170 783 3225 quze
810 3153 961 3209 fiunt
989 3155 1213 3209 inesset
1240 3171 1251 3207 :
1286 3171 1359 3210 ne
1391 3155 1473 3208 ita
1504 3152 1743 3224 quidem
1767 3153 2067 3221 Oporteret

416 3245 705 3314 quosdam
737 3247 990 3318 graviter
1019 3247 1171 3300 ferre
1203 3263 1268 3301 ac
1319 3246 1575 3300 divinam
1627 3243 2060 3298 Providentiam

2183 659 2210 688 «
2241 639 2366 693 Κατ’
2397 637 2656 717 ἐκλογὴν,
2693 664 2714 690 ι
2745 633 2941 710 ἔδειξεν
2973 639 3058 696 ὅτι
3105 640 3195 696 καὶ
3255 636 3498 720 διέφερον
3539 639 3832 714 ἀλλήλων.

2179 722 2377 789 (ιύδεῖς
2405 727 2509 804 γὰρ
2551 729 2837 808 ἐκλέγεται
2892 726 3074 803 ἕτερον
3129 730 3219 808 ἀφ’
3276 729 3486 804 ἐτέρου,
3539 729 3586 787 εἰ
3647 734 3724 806 μή
3779 751 3838 786 τι

2180 813 2346 870 αὐτοῦ
2377 813 2731 876 διαλλάσσοι.
2765 817 2956 876 Εἰπὼν
2987 815 3064 889 δὲ,
3099 843 3128 870 ιι
3161 818 3275 875 Οὗκ
3305 817 3356 889 ἐξ
3404 816 3598 894 ἐργων.
3630 844 3658 872 ιι
3691 837 3838 896 παρ-

2181 902 2368 975 έστησε
2399 907 2462 963 τὸ
2496 905 2718 980 μέγεθος
2747 913 2848 980 τῆς
2879 905 3130 979 κλήσεως
3151 908 3242 964 καὶ
3263 914 3362 978 τῆς
3385 911 3615 984 χάριτος
3645 910 3836 978 αὐτοῦ,

2181 994 2264 1049 ὅτι
2286 995 2376 1050 καὶ
2412 993 2580 1067 μηδὲν
2615 996 2952 1072 πραξάντων,
2985 993 3266 1074 ἐκλέγεται
3296 997 3384 1052 καὶ
3417 996 3835 1074 προσκαλεῖται.

2181 1081 2340 1140 Ἀλλ’
2367 1083 2414 1140 εἰ
2450 1082 2620 1158 μηδὲν
2661 1086 2976 1161 πραξάντων
3007 1083 3312 1166 ἐκλέγεται,
3354 1091 3474 1149 πῶς
3505 1087 3787 1166 ἐκλέγεται
3819 1106 3834 1156 ;

2179 1175 2214 1242 ἡ
2251 1173 2344 1247 μέν
2374 1173 2479 1250 γὰρ
2520 1171 2725 1249 ἐκλογὴ
2783 1173 2870 1230 ἐπὶ
2921 1180 3028 1231 τῶν
3083 1175 3221 1230 κατὰ
3273 1197 3328 1231 τι
3384 1175 3588 1253 γίνεται
3643 1173 3836 1254 διαφε-

2183 1267 2402 1336 ρὸντων·
2438 1263 2490 1316 οἱ
2522 1258 2578 1317 δέ
2615 1260 2784 1336 μηδὲν
2831 1264 3146 1338 πράξαντες,
3204 1264 3257 1320 τί
3311 1261 3663 1344 διαφέρουσις
3725 1266 3834 1323 Ναὶ

2177 1352 2334 1408 πάνυ.
2370 1351 2764 1426 Ἀνθρωπίνοις
2813 1355 2907 1426 μὲν
2962 1355 3067 1429 γάρ
3125 1351 3440 1433 ὀφθαλμοῖς
3497 1353 3611 1409 ἐπεὶ
3671 1351 3834 1410 οὐδὲν

2179 1437 2430 1514 ἔπραξαν,
2489 1438 2645 1496 οὐδὲν
2699 1439 3038 1522 διαφέρουσι,
3087 1443 3204 1513 θείᾳ
3259 1439 3318 1497 δὲ
3375 1442 3680 1519 προγνώσει
3733 1447 3835 1500 τοῦ

2181 1526 2510 1602 μέλλοντος,
2541 1528 2730 1586 πολλὰ
2759 1527 3027 1608 διαφέρει.
3082 1531 3185 1588 Καὶ
3245 1531 3351 1607 γὰρ
3408 1532 3437 1587 ὁ
3479 1532 3574 1606 μὲν
3637 1531 3834 1609 εὐηρέ-

2180 1638 2343 1689 στησε
2373 1623 2452 1691 τῷ
2483 1624 2621 1690 Θεῷ,
2655 1621 2682 1674 ὁ
2716 1616 2773 1675 δὲ
2802 1621 2902 1676 οὐκ
2925 1616 3030 1679 ἔτι.
3065 1621 3224 1676 Ὠστε
3248 1623 3284 1690 ἡ
3337 1619 3543 1700 ἐκλογὴ
3589 1622 3683 1676 καὶ
3731 1623 3835 1678 οὐκ

2179 1707 2228 1777 ἐξ
2285 1705 2458 1785 ἔργων
2517 1707 2722 1786 γέγονε,
2779 1711 2870 1765 καὶ
2929 1710 3037 1765 ἀπὸ
3091 1717 3193 1779 τῆς
3247 1709 3500 1780 κλήσεως
3572 1712 3664 1767 καὶ
3727 1715 3832 1777 τῆς

2177 1795 2407 1872 χάριτος
2436 1795 2644 1874 γέγονε.
2673 1798 2776 1855 Καὶ
2807 1795 2988 1854 δικαία
3015 1800 3256 1876 γέγονεν,
3317 1799 3462 1855 ἀλλὰ
3510 1800 3572 1856 τὸ
3613 1795 3828 1856 δίκαιον

2176 1885 2302 1947 τοὺς
2367 1886 2680 1961 ἀνθρώπους
2739 1885 3044 1944 ἐλάνθανεν.
3105 1890 3308 1966 Ὠσπερ
3359 1888 3526 1946 πλέον
3595 1890 3688 1946 καὶ
3747 1886 3830 1947 ἔτι

2179 1978 2268 2030 νῦν
2303 1973 2551 2040 λανθάνει
2578 1977 2641 2032 τὸ
2673 1974 2881 2032 δίκαιον
2925 1979 2988 2033 τὸ
3047 1977 3135 2033 ἐπὶ
3182 1986 3284 2049 τῆς
3340 1978 3661 2054 ἀναιρέσεως
3712 1984 3822 2036 τῶν

2184 2065 2737 2144 μοσχοποιτβάντων.
2826 2066 3040 2122 Πάντων
3107 2067 3209 2144 γὰρ
3271 2069 3827 2144 μοσχοποιησάντων,

2181 2155 2244 2209 οὐ
2273 2157 2465 2218 πάντες
2495 2155 2853 2234 ἀνῃρέθησαν.
2888 2156 3046 2214 ’Δλλ’
3095 2159 3140 2215 εἰ
3189 2159 3278 2214 καὶ
3326 2159 3454 2222 τοὺς
3507 2158 3829 2235 ἀνθρώπους

2181 2246 2242 2300 τὸ
2301 2244 2352 2300 ἐν
2413 2249 2481 2321 τῇ
2539 2247 2747 2304 τούτων
2807 2247 3076 2324 ἀναιρέσει
3136 2247 3433 2323 ἐκπέφευγε
3485 2245 3692 2304 δίκαιον
3751 2253 3833 2322 τῷ

2185 2341 2352 2409 Κριτῆ
2380 2340 2488 2391 τῶν
2528 2334 2675 2392 ’ὀλων
2703 2333 2944 2407 ἀκριϐῶς
2991 2337 3078 2392 καὶ
3139 2333 3500 2400 ἀδιαπτώτως
3545 2331 3832 2413 ἔγνωσται,

2181 2424 2270 2477 καὶ
2301 2423 2392 2480 ἐπὶ
2428 2424 2636 2500 μυρίων
2668 2425 2876 2496 ἄλλων,
2909 2426 2986 2489 ὡς
3017 2425 3106 2482 καὶ
3147 2423 3235 2482 ἐπὶ
3279 2431 3388 2481 τῶν
3431 2427 3549 2482 καθ’
3599 2428 3832 2498 ἑκάστην

2183 2509 2624 2586 συμϐπινόντων.
2659 2511 2860 2572 Πολλὰ
2913 2517 3016 2592 γὰρ
3068 2515 3379 2592 ἀγνώστους
3431 2518 3568 2591 ἡμῖν
3627 2511 3832 2592 ἔχοντα

2179 2603 2308 2665 τοὺς
2339 2601 2558 2676 λόγους.
2593 2605 2682 2659 καὶ
2712 2608 2830 2666 τοῖς
2861 2604 3138 2668 ἀσυνέτοις
3189 2601 3366 2679 ἄλογα
3415 2601 3698 2672 δοκοῦντα,
3745 2603 3837 2662 διὰ

2177 2696 2340 2748 τοῦτο
2395 2697 2476 2766 τῷ
2526 2693 2874 2769 παντεπόπτῃ
2935 2695 3025 2749 καὶ
3105 2694 3427 2772 παντεφόρῳ
3511 2701 3612 2764 τῆς
3672 2692 3834 2768 δίκης

2181 2781 2474 2861 ὀφθαλμῷ,
2507 2780 2731 2846 δικαίως
2776 2783 2868 2838 καὶ
2915 2784 3154 2858 κρίνεται
3199 2790 3519 2862 γεγενῆσθαι
3567 2785 3655 2840 καὶ
3716 2781 3831 2840 δια-

2178 2893 2489 2949 πραττεται.
2536 2873 2597 2931 Ὁ
2657 2869 2714 2928 δὲ
2771 2875 2918 2937 θεῖος
2973 2871 3188 2935 Ιιαῦλός
3243 2895 3429 2952 φησιν,
3489 2874 3572 2929 ὃτι
3629 2873 3675 2929 εἷ
3733 2875 3826 2930 καὶ

2181 2961 2376 3036 μηδεὶς
2435 2962 2598 3037 λόγος
2653 2960 2966 3038 ἀπόρρητος
3025 2961 3140 3030 ἐνῆν
3223 2969 3342 3026 τοῖς
3405 2965 3824 3038 πραττομένοις,

2178 3050 2293 3108 οὐδ’
2331 3051 2504 3114 οὓτως
2561 3051 2731 3127 ἐχρῆν
2786 3073 2936 3115 τινας
2995 3049 3314 3125 ἀδημονεῖν,
3373 3053 3463 3107 καὶ
3521 3051 3822 3126 ἐπικαλεῖν,

2177 3138 2379 3197 διατίὸ
2414 3142 2508 3213 μὶν
2543 3139 2738 3211 οὕτως,
2771 3141 2799 3196 ὁ
2843 3139 2902 3196 δὲ
2961 3142 3135 3202 οὕτως
3181 3141 3273 3197 τὸν
3323 3143 3444 3204 βίον
3503 3139 3822 3217 διαπορεΰε-

2175 3253 2284 3290 ται.
2317 3229 2593 3301 Ἐξουσίαν
2625 3229 2730 3306 γὰρ
2759 3226 2879 3310 ἔχει
2935 3232 2963 3285 ὁ
3021 3230 3270 3300 πλάστης
3331 3227 3690 3307 δημιουργεῖν
3745 3233 3824 3296 ὡς

413 3347 715 3402 accusare,
749 3351 854 3388 cur
901 3335 997 3390 hic
1025 3335 1135 3389 isto
1195 3335 1389 3402 modo,
1423 3335 1525 3388 ille
1575 3351 1709 3388 vero
1752 3333 1854 3387 illo
1889 3331 2060 3386 modo

2176 3317 2453 3396 βούλεται.
2485 3325 2654 3376 Τοῦτο
2683 3318 2761 3390 δὲ,
2813 3321 2872 3376 ἐκ
2920 3321 3256 3396 περιουσίας,
3317 3321 3504 3399 φησὶν,
3561 3320 3674 3378 ἐπεὶ
3731 3323 3819 3377 καὶ

410 3419 592 3475 vitam
644 3423 943 3494 transigat.
1010 3423 1195 3477 Habet
1228 3424 1383 3478 enim
1447 3427 1799 3493 potestatem
1846 3420 2061 3494 ﬁgulus

411 3515 588 3582 prout
612 3510 863 3566 voluerit
894 3511 1173 3584 effingere
1207 3513 1323 3567 Hoc
1349 3518 1544 3567 tamen
1580 3528 1648 3566 ex
1675 3511 2060 3573 abundantia,

411 3599 628 3671 inquit,
662 3605 778 3656 est:
833 3600 1314 3673 quandoquidem
1374 3601 1656 3672 praedicto
1697 3617 1932 3672 quoque
1976 3615 2060 3655 re-

412 3689 750 3762 sponsionis
779 3689 955 3746 modo
985 3691 1331 3760 utitur,cum
1355 3691 1435 3746 ait
1474 3691 1835 3759 Scripturam
1864 3691 2060 3744 dicere

411 3776 740 3833 Pharaoni:
775 3799 802 3826 «
837 3777 901 3831 In
929 3777 1039 3833 hoc
1071 3778 1264 3850 ipsum
1294 3778 1537 3832 excitavi
1571 3783 1625 3832 te
1658 3778 1723 3842 ‘3,
1769 3799 1795 3825 ››
1829 3776 2060 3831 etc.llic

413 3864 1109 3938 enim,quemadmodum
1144 3867 1305 3935 dicit,
1333 3865 1738 3922 irrationabile
1770 3863 2060 3919 multisvi-

412 3972 542 4010 sum
575 3962 664 4011 est
693 3956 1066 4011 Pharaonem
1125 3957 1444 4012 excitatum
1485 3973 1614 4011 esse
1655 3972 1721 4010 ac
1759 3969 2055 4025 regnasse,

415 4060 547 4100 cum
580 4045 725 4100 adeo
758 4047 1332 4112 scelestus,crudelis
1365 4063 1431 4101 ac
1463 4047 1827 4100 inhumanus
1860 4047 2054 4097 esset:

409 4148 614 4189 verum
649 4134 972 4207 Scriptura,
1005 4135 1107 4191 ubi
1139 4152 1378 4192 causam
1406 4133 1790 4205 docuit,quod
1821 4132 2057 4188 irratio-

409 4221 610 4280 nabile
640 4223 948 4280 videbatur
968 4225 1040 4281 ad
1073 4225 1425 4282 rationabile
1457 4223 1777 4280 transtulit.

487 4313 634 4370 327
672 4316 848 4388 Atqui
884 4315 993 4372 hoc
1052 4315 1247 4387 ipsum
1296 4316 1453 4388 quod
1485 4313 1836 4371 rationabile
1880 4318 1970 4370 est
2001 4319 2057 4368 et

412 4401 780 4462 difficultatis
812 4406 1050 4473 solutio,
1077 4423 1312 4460 rursum
1371 4406 1765 4461 haesitantium
1809 4409 2051 4460 conten-

409 4491 576 4549 tiosis
606 4510 675 4550 ac
705 4494 948 4567 perﬁdis
1005 4511 1213 4568 parere
1253 4500 1465 4566 potest.
1511 4494 1853 4550 Dicentibus
1895 4495 2052 4548 enim

407 4583 565 4655 quod
595 4591 909 4658 propterea
939 4586 1311 4641 Pharaonem
1343 4585 1404 4638 in
1453 4599 1649 4656 regem
1691 4583 2052 4649 excitaverit,

2175 3411 2265 3467 τὸν
2297 3411 2692 3486 προειρημένον
2718 3413 2922 3486 τρόπον
2949 3418 3050 3483 τῆς
3081 3409 3408 3488 ἀπολογίας,
3437 3411 3490 3468 ἐν
3531 3414 3620 3476 οἷς
3671 3413 3821 3488 λέγει

2173 3501 2260 3556 ’ὁτι
2290 3503 2323 3571 ἡ
2357 3502 2544 3578 Γραφή
2577 3499 2728 3577 λέγει
2755 3507 2836 3575 τῷ
2867 3502 3092 3577 Φαραὼ,
3139 3503 3223 3557 ὅτι
3282 3524 3303 3550 ι
3336 3501 3432 3564 El;
3483 3501 3614 3558 αὐτὸ
3660 3507 3822 3558 τοῦτο

2173 3588 2425 3666 ἐξήγειρά
2454 3611 2531 3658 σε,
2569 3613 2598 3642 ››
2628 3590 2717 3645 καὶ
2746 3590 2890 3663 ἑξῆς.
2927 3593 3184 3648 Ἐνταῦθα
3238 3592 3362 3666 γάρ,
3421 3591 3586 3648 οἱονεί
3631 3613 3820 3669 φησιν,

2174 3679 2258 3734 ὅτι
2287 3678 2522 3756 Ἄλογον
2553 3681 2611 3735 ἄν
2649 3677 2797 3750 ἔδοξε
2823 3685 2942 3744 τοῖς
2991 3677 3229 3741 πολλοῖς
3281 3679 3345 3736 τὸ
3399 3680 3678 3756 ὑψωθῆναι
3727 3683 3818 3737 τὸν

2173 3769 2376 3843 Φαραὼ
2404 3768 2494 3823 καὶ
2527 3766 2870 3845 βασιλεῦσαι,
2903 3771 3098 3845 μιαρὸν
3139 3770 3315 3832 οὕτως
3369 3769 3461 3825 καὶ
3517 3769 3669 3844 ὠμὸν
3725 3770 3816 3826 καὶ

2169 3857 2532 3933 ἀπάνθρωπον
2567 3853 2711 3927 ὄντα,
2737 3855 2864 3915 ἁλλ’
2892 3861 2926 3930 ἡ
2959 3861 3144 3936 Γραφή
3178 3855 3434 3930 διδάξασα
3480 3861 3582 3930 τήν
3611 3857 3810 3929 αἶτίαν,

2169 3947 2245 4012 εἷς
2279 3947 2508 4027 εὔλογον
2542 3949 2870 4024 μετινήνοχε
2895 3951 2958 4005 τὸ
2979 3948 3206 4026 ἄλογον.

2243 4317 2456 4382 Καίτοι,
2504 4315 2660 4394 φησὶ,
2715 4317 2805 4373 καὶ
2863 4317 2994 4374 αὐτὸ
3056 4320 3120 4374 τὸ
3170 4313 3420 4396 εὔλογον.
3471 4321 3559 4376 καὶ
3593 4323 3626 4390 ἢ
3660 4320 3816 4385 λύσις

2170 4405 2368 4482 ἀπορία
2397 4403 2564 4463 πάλιν
2597 4412 2712 4468 τοῖς
2741 4405 3075 4484 φιλονείκοις
3131 4408 3222 4464 καὶ
3260 4409 3546 4486 ἀγνώμοσι
3591 4406 3812 4467 δύναται

2167 4502 2361 4554 τεκεῖν.
2429 4497 2647 4572 Ἐροῦσι
2702 4497 2825 4573 γάρ,
2912 4498 2995 4553 ’ὁτι
3052 4498 3148 4554 Διὰ
3205 4503 3366 4555 τοῦτο
3423 4497 3663 4576 ἐξήγειρε
3717 4501 3809 4557 τὸν

2170 4585 2372 4659 Φαραὼ
2400 4583 2474 4648 εἷς
2511 4584 2758 4661 βασιλέα,
2792 4583 2882 4642 ’ίνα
2908 4587 2973 4642 τὸ
2999 4582 3173 4661 ὄνομα
3201 4587 3368 4644 αὐτοῦ
3408 4592 3506 4644 τοῦ
3551 4609 3807 4665 τιμωρη-

406 4678 472 4728 ut
497 4691 718 4732 nomen
748 4693 918 4733 suum
958 4676 1409 4751 gloriﬁcaretur,
1450 4673 1548 4728 ubi
1583 4673 1753 4728 illum
1785 4672 2050 4727 inaudito

2174 4673 2399 4750 σαμένου
2457 4676 2621 4732 αὐτὸν
2675 4675 2919 4752 τιμωρίᾳ
3001 4675 3288 4754 παραδόξῳ
3342 4679 3434 4734 καὶ
3497 4680 3808 4755 θαυμαστῇ,

407 4763 680 4836 miroque
712 4769 1000 4840 supplicio
1061 4767 1354 4841 punisset,
1413 4765 1573 4820 illico
1609 4763 1872 4820 dicetur:
1906 4763 2055 4829 Quid

412 4867 548 4924 ergo
598 4855 790 4912 adhuc
849 4858 1254 4930 conqueritur,
1315 4857 1434 4911 imo
1494 4854 1689 4926 potius
1732 4869 1838 4908 cur
1876 4853 2056 4909 etiam

407 4937 609 5010 ipsum
667 4943 938 5014 punivit?
990 4948 1135 5002 Nam
1193 4962 1328 5001 cum
1404 4942 1686 5017 peccavit,
1737 4940 1812 4997 ad
1868 4941 2055 5012 ipsius

408 5029 660 5102 gloriam
690 5035 956 5104 peccavit
982 5053 996 5102 ;
1025 5035 1140 5091 nisi
1173 5037 1332 5091 enim
1347 5039 2054 5107 peccasset,nequaquam

405 5119 653 5191 punitus
709 5121 954 5193 fuisset;
1016 5126 1175 5196 quod
1234 5127 1282 5181 si
1341 5125 1587 5197 punitus
1645 5137 1765 5179 non
1822 5121 2052 5192 fuisset,

406 5223 787 5284 nequaquam
818 5211 1181 5287 glorificatus
1226 5215 1455 5270 fuisset.
1502 5216 1683 5270 Porro
1715 5213 1826 5270 hoc
1859 5212 2056 5268 inten-

409 5299 586 5359 debat
609 5320 659 5371 ;u
676 5304 748 5360 Ut
771 5304 1391 5377 o:tendam.inquit,in
1422 5311 1476 5361 te
1508 5305 1782 5360 virtutem
1801 5319 2053 5370 meam;»

408 5391 567 5464 quod
607 5393 656 5450 si
711 5394 966 5462 volebat,
1027 5396 1159 5466 quis
1204 5397 1334 5466 ejus
1391 5395 1668 5450 resistere
1716 5401 1910 5467 potest
1955 5409 2050 5448 vo-

399 5479 668 5542 luntati?
701 5485 871 5542 Vides
911 5484 1070 5559 quod
1118 5483 1504 5542 dubitationis
1557 5485 1794 5552 solutio,
1827 5501 2052 5542 causa-

404 5589 522 5648 que
545 5573 800 5634 redditio
829 5575 922 5633 his
951 5575 1054 5650 qui
1076 5574 1290 5650 perfidi
1317 5581 1455 5632 sunt
1499 5575 1910 5633 hmsitantiam’
1928 5591 2050 5633 non

471 5753 520 5792 “
541 5754 724 5818 Exod.
756 5767 932 5826 mn,
963 5755 990 5811 1
1025 5767 1190 5827 seqq.
1222 5750 1271 5788 ⁴²
1297 5748 1478 5809 Exod.
1509 5765 1587 5818 ix,
1622 5751 1708 5808 l6.

2161 4761 2471 4839 ἐνδοξασθῇ.
2501 4765 2572 4824 Τί
2597 4766 2688 4820 οὗν
2721 4761 2802 4820 ἓτι
2858 4767 3125 4846 μέμφεται
3184 4767 3392 4840 αὐτόν;
3457 4767 3670 4842 μᾶλλον
3727 4767 3806 4840 δὲ,

2162 4853 2214 4909 τί
2269 4851 2346 4909 ἔτι
2405 4852 2788 4930 ἐτιμωρήσατο
2848 4856 3059 4926 αὖτόνς
3126 4859 3197 4914 Ἀ
3253 4859 3357 4934 γὰρ
3413 4856 3676 4932 ¹ἥμαρτεν,
3730 4858 3808 4922 είς

2163 4937 2324 5014 δόξαν
2362 4941 2534 4998 αὐτοῦ
2564 4943 2826 5018 ἥμαρτεν.
2875 4943 3050 5018 Εἰμή
3110 4945 3214 5022 γὰρ
3273 4945 3535 5020 ἥμαρτεν,
3593 4946 3697 5002 οὐκ
3749 4944 3810 5002 ἂν

2163 5030 2566 5108 ἐτιμωρήσατο*
2601 5033 2647 5089 εἰ
2683 5036 2759 5107 μή
2795 5033 3202 5109 ἐτιμωρήσατο,
3261 5035 3368 5090 οὐκ
3415 5035 3474 5090 ἂν
3525 5032 3812 5109 ἐδοξάσθη.

2161 5119 2338 5177 Ἀλλὰ
2363 5125 2527 5178 τοῦτο
2559 5117 2840 5182 ἐϐούλετο.
2875 5147 2900 5178 α
2931 5125 3120 5186 Ὅπως
3149 5123 3274 5202 γὰρ,
3333 5123 3516 5203 φησὶν,
3563 5121 3812 5199 ἐνδείξω-

2165 5231 2284 5284 μαι.
2317 5235 2346 5265 »
2379 5213 2468 5267 καὶ
2501 5213 2643 5284 ἱξῆς.
2671 5215 2736 5271 Et
2769 5211 2826 5270 δὶ
2863 5207 3146 5286 ἐϐοὗλετο,
3203 5213 3290 5277 τίς
3344 5212 3659 5286 ἀντιστῆναι
3717 5213 3814 5270 δύ-

2159 5321 2314 5356 ναται
2347 5300 2514 5356 αὐτοῦ
2544 5306 2625 5376 τῷ
2683 5301 3000 5378 βουλήματι
3029 5320 3044 5373 ;
3091 5303 3254 5380 Ὁρᾷς
3309 5306 3428 5365 πῶς
3455 5305 3491 5373 ἡ
3517 5310 3618 5373 τῆς
3671 5303 3808 5357 ἀπο-

2163 5389 2281 5466 ρίας
2315 5388 2471 5454 λύσις
2509 5395 2598 5448 καὶ
2641 5400 2741 5463 τῆς
2797 5391 3004 5464 αἶ’τίας,
3035 5391 3320 5464 ἀπόδοσις,
3385 5393 3486 5452 οὐκ
3539 5391 3712 5451 ἔλοπ’
3741 5391 3805 5447 τὸ

2159 5479 2536 5558 ἀπορούμενον
2567 5488 2684 5547 τοῖς
2711 5484 3045 5561 ἀγνώμοσιν,
3093 5481 3242 5541 ἀλλά
3293 5485 3383 5542 καὶ
3431 5483 3612 5561 ἐτέρας
3666 5483 3804 5540 ἄπο·

2156 5575 2278 5650 ρίας
2327 5573 2549 5655 ἀφορμὴ
2610 5577 2813 5654 γέγονε.
2877 5578 2970 5634 Διὸ
3025 5571 3272 5654 ἄμεινον’
3333 5579 3408 5656 μὴ
3469 5582 3644 5652 ζητεῖν
3701 5575 3803 5642 τὰς
