4198 6198
383 359 503 447 eos
1468 379 1876 443 COMMENT.
1922 378 2002 441 IN
2047 376 2298 441 EPIST.
2343 381 2450 441 AD
2491 382 2675 444 non.
3678 386 3799 449 διο

386 517 644 581 τοιαύτας
711 516 909 587 αἰτίας,
947 517 985 588 ἢ
1045 521 1365 591 ζητοῦντας,
1456 516 1721 591 μειζόνων
1790 515 2035 584 ἀποριῶν

2150 514 2418 585 absolvit,
2453 519 2599 590 quin
2629 519 2828 591 potius
2865 518 3112 576 alterius
3139 519 3542 594 ambiguitatis
3563 520 3793 577 occasio

393 608 570 671 αἰτίας
600 607 696 670 τὰς
737 604 923 669 λύσεις
964 612 1260 671 ποιεῖσθαι.
1289 608 1471 663 Τοῦτο
1525 605 1628 682 γὰρ
1681 603 2037 680 εὐγνωμόνων

2150 605 2305 663 facta
2334 613 2424 664 est
2448 608 2768 681 Propterea
2795 615 3038 682 praestat
3065 608 3409 682 hujusmodi
3439 624 3647 665 causas
3675 626 3798 666 non

388 698 734 772 πλασμάτων
788 698 879 752 καὶ
934 694 1173 765 δούλων,
1207 697 1284 771 μή
1310 695 1406 758 τὰς
1436 693 1610 757 αἰτίας
1658 693 1904 750 ἀπαιτεῖν
1949 696 2040 749 τὸν

2150 696 2455 769 requirere
2486 716 2500 753 :
2529 698 2752 772 alioqui
2800 700 3164 772 inquirentes
3197 699 3459 756 efﬁcient
3510 699 3669 771 ipsas
3698 715 3792 754 so-

391 787 745 865 Δημιουργὸν
775 785 868 843 καὶ
898 785 1197 857 Δεσπότην,
1257 782 1384 841 ἀλλ’
1442 782 1531 839 ἐπὶ
1559 787 1692 840 πᾶσι
1742 789 1861 845 τοῖς
1890 803 2041 857 γινο-

2154 786 2410 844 lutiones
2440 804 2651 845 causas
2672 805 2801 846 esse
2848 791 3142 863 majorum
3174 789 3609 846 difﬁcultatum.
3646 788 3792 844 Nam

394 881 581 954 μὲνοις
640 880 981 960 εὐχαριστεῖν
1038 879 1212 952 αὐτῷ,
1269 877 1365 933 κᾶν
1426 876 1489 933 οὗ
1565 876 1862 955 κατείληφε
1914 875 2041 938 τοὺς

2153 875 2266 932 hoc
2302 884 2602 952 gratarum
2662 885 3069 936 creaturarum
3126 895 3194 935 ac
3252 894 3554 935 servorum
3607 883 3720 943 est,
3760 892 3796 932 a

388 968 593 1045 λόγους
624 966 694 1026 δι’
725 969 819 1032 οὕς
851 971 1084 1047 γίνεται,
1152 965 1367 1043 μᾶλλον
1430 965 1486 1023 δὲ
1542 968 1631 1023 καὶ
1693 966 1779 1022 ἐπὶ
1836 965 2041 1021 τούτων

2151 967 2427 1025 Creatore
2458 985 2526 1025 ac
2552 970 2800 1026 Domino
2850 985 3059 1025 causas
3091 985 3212 1025 non
3261 975 3556 1041 expetere,
3597 966 3702 1023 sed
3732 966 3797 1022 in

386 1058 557 1116 πλέον
592 1059 885 1140 όιρείλομεν
920 1060 1285 1135 εὐχαριστεῖν.
1329 1057 1505 1128 Δῆλον
1561 1057 1667 1133 γάρ
1722 1056 1797 1120 ὡς
1848 1056 1921 1109 ὧν
1961 1055 2038 1128 μή

386 1147 817 1229 κατειλήφαμεν,
850 1147 939 1204 ἐπὶ
969 1145 1177 1203 τούτων
1213 1145 1433 1220 μείζους
1461 1143 1593 1200 είσῖν
1629 1144 1685 1198 οἱ
1740 1143 1895 1217 λόγοι
1952 1142 2041 1196 καὶ

389 1239 857 1313 θαυμασιώτεροι,
883 1237 1100 1307 καὶτῆς
1131 1237 1294 1311 ἡμῶν
1360 1235 1731 1308 ὑπερκείμενοι
1789 1231 2040 1301 καταλή-

385 1331 557 1404 ψεως.
621 1329 783 1384 Ὥστε
837 1327 1055 1401 μείζους
1088 1323 1171 1381 δεῖ
1220 1325 1310 1381 καὶ
1368 1324 1463 1388 τὰς
1521 1320 1826 1400 εὐεργεσίας
1873 1340 2042 1397 προσ-

386 1418 632 1495 άγεσθαι.
666 1416 843 1479 Αότὸς
898 1413 958 1472 δὲ
1006 1415 1240 1492 προϊὼν,
1298 1415 1387 1470 καὶ
1448 1420 1550 1482 τῆς
1611 1409 1860 1486 δευτέρας
1908 1410 2044 1465 ἀπο·

388 1508 509 1585 ρίας
539 1508 722 1578 τίθησι
750 1508 850 1577 τὴν
884 1504 1063 1562 λῦσιν.
1126 1532 1152 1559 ιι
1214 1506 1319 1563 Τὸν
1373 1498 1571 1562 Ἰακὼϐ
1627 1502 1914 1579 ἠγάπησα,
1954 1501 2047 1555 τὸν

389 1594 446 1653 δὶ
473 1600 642 1655 Ἦσαῦ
664 1595 921 1669 ἐμίσησα.
984 1618 1013 1648 ››
1077 1596 1163 1667 Μή
1223 1615 1312 1649 πω
1360 1602 1463 1670 γάρ
1513 1613 1565 1648 τι
1624 1592 1897 1668 πράξαντα
1951 1588 2045 1645 τὸν

386 1682 588 1759 Ιακὼϐ,
670 1684 921 1743 ἐκάλεσεν
998 1684 1307 1762 ἀγαπητόν·
1392 1710 1420 1737 ιι
1492 1684 1593 1739 Τὸν
1667 1684 1769 1760 γάρ
1827 1674 2047 1752 Ἰακὼϐ,

388 1778 577 1857 φησίν,
608 1777 899 1853 ἠγάπησα,
928 1778 1020 1833 τὸν
1082 1774 1140 1832 δὲ
1191 1777 1360 1833 ἹΙσαῦ
1408 1774 1667 1849 ἐμίσησα.
1711 1797 1739 1825 ››
1770 1804 1835 1816 -
1871 1795 1900 1824 ιι
1931 1770 2048 1845 Ἐῥο

387 1866 532 1943 ρήθη
591 1866 752 1941 αὐτῇ,
806 1890 835 1919 »θ
886 1863 1066 1944 ἤγουν
1125 1869 1194 1941 τῇ
1235 1858 1512 1937 Ῥεϐέκκα,
1551 1887 1578 1919 σ
1632 1862 1808 1920 ὅτιὉ
1843 1860 2041 1936 μείζων

388 1953 673 2014 δουλεύσει
700 1960 782 2030 τῷ
814 1953 1084 2014 ἐλάσσονι.
1122 1982 1151 2010 ››
1184 1957 1252 2014 Οἱ
1287 1957 1382 2031 μὶν
1442 1959 1546 2036 γάρ
1600 1954 1879 2032 ἅνθρωποι
1907 1956 2043 2018 ’ἰσως

390 2046 524 2122 μετά
552 2047 617 2102 τὸ
646 2044 910 2122 γενέσθαι,
941 2047 970 2102 ὁ
1001 2042 1059 2102 δὲ
1090 2046 1220 2109 Θεὸς
1251 2047 1349 2120 τρὸ
1379 2045 1639 2123 γενέσεως
1681 2043 1960 2101 ἐπίσταται
1979 2046 2045 2101 τά

387 2136 440 2192 ἑν
469 2140 552 2209 τῷ
582 2137 874 2212 ἀνθρώπῳ.

2155 1057 2433 1113 omnibus
2465 1075 2595 1130 quin
2647 1058 2799 1114 ﬁunt
2825 1059 3045 1131 gratias
3079 1058 3168 1113 illi
3224 1074 3417 1130 agere,
3452 1072 3795 1129 quanquam

2157 1148 2421 1204 rationes
2433 1165 2552 1203 non
2565 1148 3330 1221 comprehendantpropter
3341 1163 3488 1219 quas
3506 1147 3797 1203 (iant:ma-

2159 1238 2247 1310 gis
2277 1243 2476 1294 autem
2506 1236 2684 1294 etiam
2704 1254 2883 1310 super
2894 1237 2986 1293 his
3007 1236 3294 1293 debemus
3306 1251 3398 1291 am
3410 1235 3561 1307 plius
3580 1236 3798 1308 gratias

2156 1329 2513 1401 agere.Nam
2553 1326 2936 1382 manifestum
2968 1331 3059 1382 est
3086 1326 3247 1397 quod
3280 1342 3486 1381 eorum
3517 1341 3649 1396 quin
3680 1340 3800 1380 non

2156 1415 2983 1487 deprehendimus.majorum
3017 1422 3155 1471 sunt
3181 1431 3375 1471 causa:
3391 1414 3694 1486 magisque
3708 1413 3807 1470 ad-

2157 1506 2463 1574 mirandae,
2484 1512 2684 1578 etquae
2698 1513 2932 1562 nostras
2955 1506 3244 1562 excedant
3272 1505 3798 1577 apprehensiones.

2158 1598 2360 1668 Itaque
2392 1597 2650 1668 majores
2682 1596 2860 1653 etiam
2890 1596 3213 1668 gratiarum
3253 1595 3520 1652 actiones
3569 1600 3802 1666 oportet

2158 1687 2391 1743 offerre.
2426 1685 2744 1758 Apostolus
2772 1692 2971 1742 tamen
2994 1686 3056 1741 in
3087 1685 3473 1757 sequentibus
3505 1685 3681 1741 etiam
3714 1699 3800 1740 se-

2159 1775 2367 1832 cundm
2397 1776 2768 1833 difficultatis
2787 1774 3562 1848 ponitsolutionemmlacob
3595 1773 3802 1839 dilexi,

2157 1867 2309 1922 Esau
2339 1882 2475 1922 vero
2504 1866 2640 1922 odio
2696 1865 2876 1922 habui
2908 1888 2937 1917 ››
2995 1867 3138 1922 Nam
3169 1863 3346 1922 Iacob
3399 1863 3501 1936 qui
3542 1863 3800 1918 nihilum

2158 1960 2376 2028 egerat,
2406 1955 2728 2028 appellavit
2756 1954 3038 2011 dilectum
3054 2004 3055 2007 η
3071 1977 3099 2005 ιι
3123 1954 3324 2013 Jacob.
3348 1952 3564 2025 inquit,
3597 1950 3802 2018 dilexi,

2156 2048 2306 2103 Esau
2326 2063 2463 2103 vero
2485 2046 2621 2103 odio
2653 2045 2890 2103 habui.»
2921 2076 2989 2087 —-
3021 2066 3049 2092 ιι
3081 2045 3315 2101 Dictum
3346 2051 3438 2099 est
3466 2042 3574 2106 illi,
3601 2063 3625 2093 ι
3659 2047 3804 2113 puta

2156 2136 2457 2193 Rebeccae.
2492 2158 2521 2187 «
2554 2135 2740 2208 Major
2780 2135 2996 2192 serviet
3023 2134 3261 2192 minori.
3298 2156 3327 2184 ››
3355 2130 3659 2205 Siquidem
3692 2130 3803 2187 ho-

387 2228 581 2284 mines
605 2227 876 2284 fortassis
905 2231 1042 2300 post
1069 2225 1459 2295 nativitatem,
1497 2227 1648 2283 Deus
1705 2242 1842 2282 vero
1897 2226 2077 2283 etiam
2126 2232 2265 2282 ante
2324 2227 2692 2283 nativitatem
2748 2226 2912 2283 novit
2959 2241 3092 2297 quae
3142 2225 3343 2281 futura
3389 2228 3528 2279 sunt
3580 2220 3643 2276 in
3699 2221 3802 2276 ho-

388 2332 572 2374 mine.

454 2403 522 2462 Τί
556 2403 647 2460 οὗν
683 2402 911 2481 ἐροῦμεν
947 2423 961 2474 ;
1009 2404 1102 2473 Μὴ
1161 2399 1346 2459 ἀδικία
1403 2403 1550 2480 παρά
1610 2407 1693 2476 τῷ
1750 2407 1866 2475 Θεῷ
1900 2423 1915 2472 ;
1948 2404 2042 2473 Μὴ

384 2492 621 2571 γίνοιτο.
680 2498 771 2566 Τῷ
845 2491 950 2570 γάρ
1006 2496 1184 2567 Μωσῇ
1271 2489 1445 2570 λέγει’
1525 2490 1777 2565 Ἐλεήσω
1863 2493 1921 2547 δν
1982 2490 2045 2547 ἄν

385 2580 547 2654 ἐλεῶ,
625 2580 714 2639 καὶ
777 2581 1104 2657 οἰκτειρήσω
1172 2582 1231 2637 ’ὀν
1288 2578 1350 2636 ἄν
1418 2579 1695 2657 οἰκτείρω.
1751 2586 1896 2657 "Aps:
1954 2578 2045 2635 οὖν

385 2672 450 2728 οὗ
508 2676 610 2726 τοῦ
669 2669 947 2741 θέλοντος,
1008 2667 1134 2726 οὐδὲ
1186 2674 1289 2726 τοῦ
1367 2671 1684 2746 τρέχοντος,
1741 2669 1888 2726 ἀλλά
1944 2674 2043 2724 τοῦ

383 2757 674 2824 ἐλεοῦντος
705 2765 859 2818 Θεοῦ.
891 2758 1048 2834 Λὲγει
1075 2760 1177 2835 γάρ
1233 2762 1268 2830 ἡ
1327 2761 1513 2836 Γραφή
1546 2760 1626 2833 τῷ
1693 2760 1920 2835 Φαραώ·
1957 2759 2043 2814 ὃτι

383 2852 486 2914 Εἰς
518 2850 653 2906 αὐτὸ
681 2852 844 2907 τοῦτο
879 2850 1133 2927 ἐξήγειρά
1163 2869 1241 2919 σε,
1301 2850 1454 2912 ὃπως
1511 2847 1836 2924 ἐνδείξωμαι
1870 2848 1924 2904 ἐν
1955 2849 2042 2905 σοὶ

377 2946 482 3015 τὴν
518 2941 743 3019 δύναμίν
781 2965 911 3017 μου,
944 2943 1035 3000 καὶ
1068 2943 1218 3007 ὅπως
1250 2940 1513 3020 διαγγελῇ
1544 2943 1607 2999 τὸ
1645 2938 1823 3017 ὄνομά
1850 2963 1956 3016 μου
1986 2942 2037 2998 ἐν

378 3034 525 3110 πάσῃ
557 3037 626 3109 τῇ
658 3037 754 3111 γῇ.
802 3035 946 3109 Ἀρα
1000 3030 1091 3089 οὖν
1133 3033 1192 3088 ὃν
1256 3031 1400 3098 θὲλει
1452 3031 1617 3107 ἐλεεῖ,
1676 3033 1734 3088 ’ὸν
1787 3030 1843 3088 δὶ
1895 3031 2041 3089 θὲλει

382 3125 525 3199 σκλη
537 3127 704 3204 ρῦνει.

458 3243 480 3269 ι
514 3218 606 3287 Μὴ
640 3213 824 3273 ἀδικία
853 3217 1000 3293 παρά
1026 3220 1105 3289 τῷ
1162 3219 1280 3290 Θεῷ
1314 3234 1328 3287 ;
1375 3218 1464 3287 Μὴ
1523 3216 1759 3293 γένοιτο.
1794 3238 1820 3267 ››
1848 3214 1906 3268 Ὀ
1940 3214 2037 3288 μὲν

2224 2404 2320 2476 ΙΧ,
2354 2407 2434 2461 M-
2454 2406 2541 2461 18.
2575 2405 2721 2471 Quid
2748 2420 2879 2476 ergo
2906 2405 3148 2461 dicemus
3175 2406 3203 2461 ἵ
3240 2404 3378 2460 Nam
3406 2400 3693 2472 injustitia
3721 2405 3799 2455 est

2154 2495 2307 2566 apud
2337 2496 2505 2551 Deum
2535 2497 2564 2551 ?
2592 2495 2771 2552 Absit.
2802 2497 2944 2551 Mosi
2989 2498 3135 2552 enim
3163 2495 3300 2550 dicit
3329 2510 3348 2549 :
3378 2491 3676 2549 Miserebor
3702 2505 3800 2546 cu-

2145 2586 2460 2657 juscunque
2496 2588 2777 2651 misereor,
2841 2592 2893 2641 et
2949 2583 3371 2641 commiserabor
3425 2595 3800 2655 quemcunque

2153 2677 2706 2746 commiserorJgitur
2733 2691 2843 2731 non
2866 2676 3100 2730 volentis
3128 2680 3226 2739 est,
3256 2690 3354 2730 nec
3382 2672 3674 2734 currentis,
3705 2669 3800 2724 sed

2151 2766 2455 2822 miserentis
2485 2764 2604 2820 Dei.
2637 2765 2785 2822 Dicit
2814 2767 2959 2820 enim
3012 2765 3305 2834 Scriptura
3351 2760 3635 2818 Pharaoni
3683 2774 3703 2811 :
3730 2759 3797 2812 In

2151 2853 2249 2909 hoc
2269 2856 2449 2925 ipsum
2478 2856 2739 2910 suscitavi
2764 2860 2836 2921 te,
2895 2860 2958 2908 ut
2985 2853 3321 2909 ostenderem
3351 2850 3412 2906 in
3442 2856 3492 2904 te
3531 2850 3792 2904 virtutem

2150 2951 2404 3011 meam,et
2431 2951 2493 2999 ut
2514 2946 2877 2999 annuntietur
2902 2958 3099 2998 nomen
3141 2957 3317 2997 meum
3339 2943 3396 2995 in
3422 2940 3573 2995 omni
3619 2943 3789 2992 terra.

2150 3034 2345 3104 Itaque
2372 3033 2530 3104 cujus
2557 3033 2674 3088 vult
2728 3032 3038 3099 miseretur,
3094 3047 3254 3102 quem
3313 3036 3497 3085 autem
3545 3026 3664 3083 vult
3692 3024 3787 3082 ob-

2150 3120 2338 3177 durat.

2221 3210 2375 3268 8‘28
2402 3232 2429 3260 ιι
2457 3213 2607 3267 Num
2637 3210 2934 3283 injustitia
2991 3215 3083 3267 est
3135 3209 3293 3283 apud
3323 3206 3723 3266 Deum‘Mbsit-
3762 3227 3792 3256 υ

377 3279 792 3384 Visam-qna?“
824 3305 900 3371 ὡς
932 3279 1129 3368 ’κακὸς
1186 3279 1464 3380 ἐμισήθη,
1601 3302 1659 3361 δὲ
1717 3298 1912 3359 Ἰακὼϐ
1940 3279 2036 3364 ’ὡς

2150 3302 2301 3357 Esau
2334 3300 2493 3357 enim
2522 3279 2808 3373 tanquam
2838 3301 3032 3357 malus
3071 3279 3207 3356 odio
3234 3296 3475 3356 habitus
3504 3294 3793 3362 est,Jacob

382 3395 555 3458 καλὸς
576 3395 864 3470 ἠγαπήθη.
904 3417 927 3448 ε
959 3392 1029 3451 Τί
1056 3391 1149 3450 οὖν
1185 3411 1199 3463 ;
1236 3418 1263 3446 υ
1323 3392 1473 3451 ’Λντὶ
1525 3396 1645 3464 τοῦ,
1696 3391 1764 3450 Τί
1810 3390 2039 3464 ἓροῦμεν

385 3485 649 3562 περὶτῶν
682 3482 831 3559 ἑντῇ
888 3480 1083 3559 ἐρήμῳ
1142 3480 1471 3553 Ἰουδαίωνς
1530 3482 1595 3538 οὐ
1652 3483 1849 3545 πάντες
1906 3478 2039 3554 ἦμο-

388 3573 783 3651 σχοποίησαν;
836 3575 961 3634 Πῶς
1018 3571 1111 3626 οὗν
1172 3568 1407 3646 εἴρηται,
1471 3592 1500 3623 ιι
1558 3566 1807 3642 Ἐλεήσω
1865 3567 1923 3624 ὅν
1976 3566 2041 3623 ἄν

393 3659 573 3733 ἐλεῶς
609 3684 631 3714 ι
668 3660 732 3721 Εἰ
763 3659 869 3736 γάρ
897 3656 1082 3716 ἀδικία
1139 3659 1241 3716 οὐκ
1296 3655 1408 3716 ἔστι
1456 3659 1605 3734 παρά
1656 3663 1739 3732 τῷ
1778 3661 1917 3731 Θεῷ,
1949 3655 2040 3713 καὶ

396 3750 548 3824 δμως
604 3750 820 3806 πάντων
891 3749 1447 3826 μοσχοποιησάντων,
1485 3774 1505 3800 ιι
1566 3745 1836 3820 Ἐλεήσω,
1868 3746 2039 3817 εἶπεν,

396 3842 453 3896 ὃν
483 3839 545 3896 ἄν
578 3839 776 3909 ἐλεῶρ)
803 3837 908 3916 ἄρα
937 3839 1187 3917 κρυφίοις
1212 3836 1563 3918 ὀφθαλμοῖςὸ
1594 3838 1723 3901 Θεὸς
1753 3832 2040 3912 ἰμῦατεόει

394 3930 471 3994 είς
500 3930 594 3995 τὰς
650 3934 759 3987 τῶν
815 3929 1114 4005 ἀνθρώπων
1170 3927 1419 4005 καρδίας,
1458 3928 1549 3985 καὶ
1608 3927 1720 4006 οὐχ
1773 3928 1956 4004 ὥσπερ
1986 3928 2039 4006 oi

391 4019 694 4095 ἄνθρωποι.
724 4004 934 4078 Οὐκοῦν
977 4015 1105 4074 οὖδὶ
1147 4004 1253 4073 ἐπῖγ
1290 4023 1401 4074 τῶν
1428 4023 1521 4074 νῦν
1555 4004 1831 4077 Ἰουδαίων
1863 4004 2043 4074 ἀδικέἶ

392 4111 421 4167 6
451 4110 605 4181 Θεὸς,
636 4106 780 4165 ἀλλά
808 4106 900 4163 καὶ
928 4111 1021 4162 νῦν
1058 4107 1178 4163 ὅσοι
1243 4108 1337 4180 μὶν
1403 4109 1565 4180 ἄξιοι,
1627 4108 1912 4179 σώζονται·
1945 4129 2040 4163 πι-

392 4197 790 4275 στεύουσιγάρ·
848 4197 967 4253 δσοι
1019 4193 1077 4252 δὲ
1125 4196 1355 4271 ἀνάξιοι,
1413 4195 1778 4253 ἀπόλλυνται·
1824 4197 1890 4252 οὗ
1949 4217 2042 4251 πι-

389 4290 634 4346 στεύουσι
663 4289 787 4364 γάρ.
824 4309 850 4343 ε
879 4284 1132 4359 Ἐλεήσω
1164 4287 1223 4343 δν
1278 4284 1339 4342 ἄν
1392 4285 1552 4346 ἐλεω.
1618 4313 1642 4343 ι
1712 4286 1801 4351 Ὠς
1856 4285 1903 4343 εἷ
1964 4290 2043 4343 εἷ-

388 4400 508 4437 πεν·
542 4378 686 4453 Ἐγὼ
716 4375 842 4433 οἶδα
876 4376 1014 4439 τίνες
1070 4374 1209 4448 ἄξιοι
1258 4376 1555 4452 σωτηρίας,
1611 4376 1701 4433 καὶ
1759 4377 1878 4432 ὅσοι
1938 4378 2041 4433 οὐκ

388 4467 549 4544 ἃξιοι.
582 4468 645 4527 Ei
675 4465 766 4524 οὖν
801 4467 1028 4538 Μωσῆς,
1070 4466 1256 4544 φησὶν,
1315 4465 1506 4543 ἠγνόει
1557 4467 1696 4528 τίνες
1754 4463 1915 4537 ἄξιοι,
1947 4469 2039 4523 καὶ

386 4559 523 4623 τίνες
582 4555 681 4614 οὐκ
738 4555 900 4630 ἄξιοι,
958 4552 1143 4630 σγολῇ
1201 4560 1330 4633 γοῦν
1388 4556 1554 4630 ἡμεῖς
1617 4556 1885 4631 γνοίημεν
1940 4556 2037 4620 τὰς

386 4645 564 4711 αΐτίας
618 4651 726 4704 τῶν
776 4665 1102 4723 γινομενων.
1188 4645 1322 4702 Θεοῦ
1379 4647 1481 4723 γάρ
1522 4645 1762 4721 κρίματα
1817 4646 1903 4710 τίς
1952 4646 2031 4719 ἐξ·
2069 4635 2111 4700 Ι)

389 4738 626 4814 ιχνιάσει
660 4763 677 4808 ;
707 4734 826 4791 ἀντὶ
852 4737 975 4805 τοῦ,
1010 4730 1225 4797 Οὐδείς.
1262 4758 1289 4787 ιι
1322 4734 1462 4812 Ἆρα
1503 4734 1595 4791 οὖν
1625 4734 1686 4791 οὗ
1719 4739 1816 4792 τοῦ
1846 4733 2037 4801 θέλον-

386 4848 501 4901 τος,
534 4852 563 4881 ››
592 4826 682 4883 καὶ
708 4826 777 4882 τὰ
807 4824 950 4896 ἑξῆς.
1003 4828 1094 4878 Δεῖ
1151 4824 1247 4897 μὲν
1309 4824 1401 4879 οὖν
1460 4824 1641 4881 θέλειν
1672 4825 1763 4881 καὶ
1794 4826 2034 4906 τρέχειν,

385 4919 478 4975 καὶ
504 4919 602 4987 τὴν
635 4917 826 4971 ἑαυτοῦ
853 4910 1080 4970 hac-cm;
1139 4908 1369 4985 δύναμιν
1429 4912 1700 4990 πληροῦν.
1760 4911 1916 4985 Πλήν
1950 4915 2033 4969 ὅτι

388 5002 523 5088 δίχα
566 5003 777 5082 βουλῆς
836 5005 972 5059 Θεοῦ
1056 4997 1181 5057 οὔτε
1237 5002 1267 5056 ὁ
1324 5001 1518 5075 θέλων,
1578 5001 1702 5061 οὔτε
1750 5004 1779 5059 ὁ
1819 5006 2031 5080 τρέχων

385 5094 530 5153 ἀνύει
566 5116 620 5153 τι
650 5092 839 5163 πλέον,
873 5089 1001 5168 ἄτερ
1030 5090 1130 5160 τῆς
1160 5093 1261 5145 τοῦ
1291 5095 1426 5147 Θεοῦ
1485 5092 1766 5167 βοηθείας.
1826 5092 2031 5149 Λοιπὸν

385 5186 478 5257 τὸν
514 5183 853 5262 βουλόμενον
881 5180 1167 5251 σώζεσθαι,
1218 5179 1304 5236 ὃτι
1358 5182 1447 5236 καὶ
1509 5181 1653 5239 θέλει
1685 5182 1714 5237 ὸ
1761 5182 1891 5246 Θεὸς
1941 5202 2032 5255 καὶ

389 5275 555 5335 ἰλεεῖ.
610 5275 790 5333 Ταῦτα
847 5267 905 5326 δὶ
958 5268 1129 5327 πάντα
1204 5268 1348 5325 εἶπεν
1399 5270 1427 5324 ὁ
1508 5270 1663 5349 ἅγιος
1716 5272 1854 5347 πρὸς
1904 5272 2032 5333 τοὺς

387 5365 805 5425 ἀντιπίπτοντας
834 5360 926 5415 καὶ
954 5356 1240 5434 λὲγοντας,
1267 5358 1328 5414 Τί
1389 5355 1456 5430 δή
1523 5380 1655 5417 ποτε
1699 5355 2030 5433 ἰκϐἑϐληται

389 5452 784 5526 ὸῚουδαΐσμὸς
813 5447 1067 5527 παρὰτῷ
1109 5450 1246 5521 Θεῷ,
1306 5449 1639 5527 ἀντεισήχθη
1697 5447 1756 5507 δὲ
1811 5451 1841 5506 ὁ
1895 5452 2031 5527 Χρι-

2144 3407 2281 3447 vero
2314 3397 2601 3463 tanquam
2632 3391 2826 3448 bonus
2856 3391 3110 3448 dilectus
3140 3396 3248 3446 est.
3295 3413 3323 3440 ιι
3357 3388 3509 3455 Quid
3537 3402 3674 3453 ergo
3704 3385 3733 3442 ?
3764 3407 3792 3436 ››

2146 3481 2265 3537 Hoc
2296 3487 2407 3549 est,
2437 3481 2589 3548 Quid
2644 3480 2717 3537 de
2763 3480 2980 3537 Iudaeis
3009 3479 3279 3536 dicemus
3310 3478 3413 3551 qui
3459 3477 3701 3532 fuerunt
3730 3475 3792 3531 in

2144 3570 2618 3627 deserto?Nonne
2650 3586 2860 3627 omnes
2882 3568 3133 3626 vitulum
3151 3569 3422 3625 fecerunt
3444 3566 3472 3622 ?
3493 3563 3789 3639 quomodo

2144 3658 2370 3716 dictum
2401 3664 2547 3717 est:«
2594 3660 2917 3717 Miserebor
2945 3661 3355 3732 cujuscunque
3384 3656 3675 3713 misereor
3702 3653 3730 3711 ?
3758 3675 3787 3704 ››

2143 3749 2287 3805 Nam
2318 3750 2367 3805 si
2400 3749 2694 3821 injustitia
2722 3767 2840 3806 non
2896 3756 2987 3806 est
3036 3747 3195 3821 apud
3260 3747 3467 3810 Deum,
3500 3752 3559 3800 et
3587 3750 3788 3799 tamen

2142 3854 2275 3895 cum
2309 3855 2516 3895 omnes
2545 3839 2794 3896 vitulum
2847 3839 3147 3904 fecissent,
3180 3858 3209 3886 ‹‹
3243 3831 3587 3898 Miserebor,
3619 3830 3789 3900 dixit,

2143 3929 2552 4001 cujuscunque
2586 3929 2913 3984 misereor:
2951 3948 2980 3977 »
3024 3931 3182 3981 certe
3213 3921 3536 3980 latentibus
3600 3918 3790 3976 oculis

2144 4017 2297 4073 Deus
2328 4018 2391 4073 in
2422 4018 2732 4073 hominum
2765 4016 2944 4072 corda
2973 4014 3325 4088 ingreditur,
3350 4018 3408 4069 et
3429 4027 3551 4069 non
3581 4026 3791 4084 quem-

2143 4105 2467 4163 admodum
2498 4107 2792 4163 homines.
2821 4106 3002 4179 Igitur
3034 4120 3229 4177 neque
3277 4120 3413 4160 cum
3442 4102 3661 4160 Iudaeis
3687 4100 3790 4173 qui

2142 4211 2302 4252 nunc
2335 4201 2476 4252 sunt
2504 4196 2725 4268 injuste
2778 4195 2899 4269 agit
2929 4193 3218 4261 Deus;sed
3249 4200 3310 4250 et
3341 4209 3502 4250 nunc
3532 4192 3788 4264 quicun-

2144 4308 2259 4363 que
2293 4292 2453 4366 digni
2476 4298 2619 4349 sunt
2647 4292 3115 4364 salvantur,quia
3135 4291 3404 4360 credunt;
3446 4278 3789 4363 quicun’que

2141 4399 2277 4439 vero
2309 4383 2561 4457 indigni,
2595 4390 2866 4457 pereunt,
2899 4384 3040 4457 quia
3068 4400 3190 4440 non
3240 4383 3507 4439 credunt.
3550 4402 3580 4431 «
3615 4379 3790 4434 Mise-

2140 4471 2319 4529 rebor
2345 4474 2756 4547 cujuscunque
2787 4474 3135 4530 misereor.»
3161 4480 3242 4530 Ac
3265 4473 3316 4529 si
3342 4470 3592 4528 dixisset
3622 4484 3637 4525 :
3668 4470 3784 4543 Ego

2141 4563 2276 4619 novi
2306 4563 2406 4634 qui
2439 4564 2559 4619 sint
2588 4562 2750 4639 digni
2781 4563 2970 4621 salute
3029 4569 3088 4620 et
3132 4562 3378 4635 quinam
3428 4558 3679 4632 indigni.
3729 4557 3788 4613 Si

2143 4652 2323 4726 igitur
2351 4654 2539 4709 Moses
2571 4653 2882 4728 ignorabat
2902 4654 3147 4726 quinam
3178 4651 3341 4725 digni
3370 4654 3572 4707 essent
3600 4653 3659 4704 et
3688 4648 3791 4720 qui

2146 4742 2398 4817 indigni,
2431 4744 2618 4799 multo
2652 4745 2851 4800 minus
2883 4760 2991 4799 nos
3023 4757 3228 4798 eorum
3259 4757 3391 4813 quae
3413 4740 3566 4795 fiunt
3582 4753 3791 4795 causas

2145 4848 2499 4906 cognoscere
2531 4849 2876 4906 possemus;
2898 4832 3001 4889 Dei
3025 4831 3183 4888 enim
3206 4829 3434 4903 judicia
3462 4828 3597 4900 quis
3624 4842 3788 4884 scru-

2145 4922 2660 4994 tabitur?profecto
2689 4923 2945 4978 nullus.-
2979 4921 3164 4995 Igitur
3190 4935 3311 4976 non
3332 4918 3584 4975 volentis
3614 4922 3722 4988 est,
3757 4938 3787 4967 »

2143 5018 2254 5068 etc.
2284 5013 2528 5085 Oportet
2558 5012 2853 5085 siquidem
2883 5012 3032 5069 velle
3089 5017 3150 5067 et
3178 5026 3439 5078 currere,
3486 5015 3546 5066 et
3571 5021 3785 5066 unum.

2145 5118 2442 5175 quemque
2462 5102 2655 5159 facere
2685 5104 2845 5176 quod
2877 5102 2937 5159 in
2968 5118 3031 5159 se
3061 5108 3438 5160 est:attamen
3469 5100 3610 5174 quia
3637 5099 3782 5156 abs-

2143 5207 2257 5263 que
2315 5190 2418 5247 Dei
2465 5192 2716 5250 consilio
2769 5208 2963 5265 neque
3020 5191 3223 5250 volens
3282 5207 3479 5264 neque
3536 5203 3785 5247 currens

2141 5280 2468 5354 quidquam
2495 5282 2751 5354 amplius
2777 5282 2905 5339 sine
2936 5282 3036 5339 Dei
3091 5282 3313 5339 auxilio
3342 5280 3597 5354 perﬁcit.
3653 5268 3788 5334 reli-

2141 5386 2325 5443 quum
2357 5378 2447 5428 est
2476 5378 2542 5428 ut
2565 5372 2718 5430 Deus
2740 5389 2877 5429 eum
2910 5372 3011 5445 qui
3041 5371 3237 5430 salvus
3259 5371 3389 5429 ﬁeri
3410 5369 3783 5443 cupit,etiam

2138 5460 2363 5530 velit,et
2390 5463 2522 5534 ejus
2548 5462 2918 5520 misereatur.
2978 5462 3113 5519 Haec
3170 5462 3373 5519 omnia
3414 5461 3563 5518 dixit
3612 5457 3780 5514 divus

389 5544 706 5620 στιανισμὸς
728 5539 820 5599 καὶ
848 5541 885 5611 ἡ
914 5537 1096 5599 πίστις
1130 5556 1145 5608 ;
1177 5535 1360 5594 Θέλων
1416 5538 1507 5596 οὗν
1563 5542 1713 5616 ἡμᾶς
1742 5538 2026 5599 παιδεῦσαι

2150 5549 2354 5608 Paulus
2384 5550 2664 5609 adversus
2717 5551 2853 5609 illos
2897 5551 3000 5625 qui
3056 5551 3361 5619 resistunt,
3421 5565 3490 5607 ac
3546 5547 3774 5605 dicunt'

395 5637 472 5714 μή
521 5636 768 5693 ἀπαιτεῖν
824 5626 1043 5716 εὐθύνας
1097 5626 1189 5716 τὸν
1241 5629 1373 5686 Θεὸν
1430 5629 1505 5687 ὧν
1565 5630 1812 5709 πράττει,
1877 5629 2025 5688 ἀλλὰ

2150 5638 2324 5708 Quare
2349 5639 2615 5716 abjectus
2644 5646 2736 5700 est
2759 5639 3100 5701 Judaismus
3128 5641 3286 5716 apud
3315 5640 3523 5709 Deum,
3555 5643 3617 5696 et
3642 5635 3772 5694 loco

388 5713 561 5789 πάντα
585 5722 833 5808 ἡγεῖσθαι
882 5713 1048 5789 καλὰ,
1098 5714 1195 5773 κᾶν
1251 5718 1414 5795 ἡμεῖς
1462 5718 1773 5803 ἀγνοῶμεν,
1836 5720 2024 5782 πολλά

2152 5728 2322 5805 psius
2350 5713 2629 5790 inductus
2658 5734 2751 5790 est
2767 5713 3251 5793 Christianismus
3278 5745 3347 5789 ac
3376 5724 3772 5787 Medi/olens
