4198 6198
424 365 541 429 511

1543 363 1963 429 (EGUMENII
2006 362 2313 424 TRICCE
2354 360 2700 424 EPISCOPI

3719 360 3836 422 519

424 501 624 573 itaque
637 515 744 556 nos
757 499 1052 557 instruere
1078 514 1155 556 ne
1171 515 1381 557 causas
1413 516 1448 557 a
1475 502 1594 559 Deo
1626 507 1965 574 repetamus
1978 514 2057 556 eo

2189 496 2575 572 θεματοφορεῖ,
2622 492 2920 563 τουτέστιν,
2977 490 3084 548 ἀπὸ
3167 489 3393 549 πολλῶν
3452 487 3836 569 παραδειγμά‹

420 608 551 646 rum
588 605 718 660 quas
750 595 1050 661 operatur,
1111 590 1215 647 sed
1248 598 1462 648 cuncta
1500 591 1656 648 bona
1693 590 2074 655 arbitremur,

420 677 527 735 etsi
564 691 772 734 causas
796 678 1165 752 ignoremus,
1201 682 1389 737 multa
1418 682 1644 754 profert
1685 680 1759 737 ad
1804 679 2076 753 proposi-

418 766 684 822 tumzhnc
707 774 819 836 est,
853 785 887 824 a
919 770 1125 826 multis
1157 770 1444 843 exemplis
1506 778 1563 826 et.
1601 771 1785 844 signis
1816 768 2071 825 difﬁcul-

416 860 597 910 tatem
616 856 676 911 in
691 854 1158 930 divinisjudiciis
1173 860 1585 931 conjectandis
1610 860 2072 915 demonstrat.—

414 946 551 1001 Item
582 953 631 1001 et
658 946 773 1003 alio
801 948 986 1005 modo.
1021 951 1146 1005 Non
1194 950 1450 1005 volentis
1480 950 1695 1014 solum,
1724 965 1916 1021 neque
1945 963 2073 1005 cur-

416 1035 604 1091 rentis
636 1037 829 1093 solum
890 1056 903 1095 :
952 1039 1056 1094 sed
1114 1057 1261 1111 opus
1317 1041 1495 1095 etiam
1555 1046 1640 1095 est
1692 1038 2068 1093 miseratione

418 1142 550 1196 quae
582 1125 864 1183 divinitus
889 1129 1182 1198 adveniat,
1219 1130 1559 1201 auxilioque
1607 1128 1765 1199 quod
1796 1128 1933 1183 inde
1964 1127 2065 1183 ad-

417 1214 810 1273 ministretur.
849 1225 963 1273 Aut
993 1219 1169 1275 etiam
1204 1220 1313 1274 hoc
1366 1219 1541 1274 modo
1594 1217 1843 1289 intelligi
1876 1221 2071 1288 potest

418 1305 578 1377 quod
609 1307 859 1363 dicitur:
892 1332 916 1356 «ι
955 1308 1139 1380 Igitur
1166 1325 1287 1364 non
1314 1308 1565 1364 volentis
1598 1312 1707 1372 est,
1744 1328 1771 1356 »
1797 1312 1907 1361 etc.
1942 1308 2065 1360 Non

418 1399 483 1448 ut
521 1393 582 1449 in
615 1394 884 1452 confesso
916 1396 993 1451 sit
1013 1396 1168 1468 apud
1203 1397 1477 1467 Paulum,
1510 1396 1613 1452 sed
1643 1396 1829 1468 magis
1886 1394 2065 1449 veluti

2184 606 2291 643 των
2334 586 2425 641 καὶ
2486 582 2756 660 σημείων,
2812 583 2875 639 τὸ
2932 579 3337 657 δυστέκμαρτον
3391 586 3499 637 τῶν
3547 584 3645 637 τοῦ
3700 584 3835 638 Θεοῦ

2182 674 2461 751 χριμάτων
2493 677 2749 749 παριστᾷ.
2785 705 2849 716 -
2890 674 2993 731 Καὶ
3052 668 3265 733 ἄλλως.
3329 668 3540 747 [ΦΩΤ.]
3588 670 3668 729 Οὐ
3734 673 3833 727 τοῦ

2186 764 2438 829 θέλοντος
2465 768 2648 837 μδνον,
2684 760 2811 820 οὐδὲ
2838 767 2935 818 τοῦ
2982 765 3275 839 τρέχοντος
3334 761 3520 836 μόνον,
3548 759 3695 818 ἀλλά
3751 757 3836 817 δεῖ

2180 854 2271 910 καὶ
2299 859 2396 910 τοῖ)
2427 854 2604 910 θεόθεν
2635 851 2813 923 ἐλέου,
2845 852 2933 908 καὶ
2994 857 3094 923 τῆς
3151 851 3347 908 ἐκεῖθεν
3382 851 3727 926 συμμαχίας.
3757 853 3831 906 Ἥ

2180 965 2191 975 .
2253 944 2267 964 \
2336 944 2361 961 ν
2510 941 2545 975 9.
2770 941 2781 961 Ι
2920 944 2933 959 \
3062 943 3083 961 Ι
3265 938 3293 960 Ὗ
3415 940 3427 961 ,

2181 965 2269 1001 atat
2301 964 2473 1007 ουτως
2506 941 2849 1011 εκπληπτεον
2880 963 2963 1011 το,
3002 966 3028 992 ‹‹
3086 952 3202 1016 Αρα
3233 962 3325 995 ουν
3373 961 3434 995 ου
3466 938 3744 1006 Θέλοντος,
3802 964 3831 991 υ

2178 1032 2266 1089 καὶ
2370 1034 2511 1103 ἑξῆςσ
2572 1032 2681 1088 Οὐκ
2764 1026 2904 1086 ἔστιν
2965 1031 3041 1093 ὡς
3100 1028 3303 1104 Παύλῳ
3361 1028 3831 1107 ὁμολογούμενον,

2178 1120 2322 1193 ἀλλά
2375 1121 2584 1196 μᾶλλον
2642 1123 2716 1184 ὡς
2772 1121 2917 1197 παρά
2973 1126 3079 1176 τῶν
3149 1121 3500 1195 ἀπορούντων
3550 1119 3832 1195 προτεινό-

2180 1234 2357 1287 μενον.
2394 1211 2456 1268 Εἰ
2486 1211 2585 1286 γάρ
2618 1210 2674 1266 6'v
2706 1209 2873 1280 θέλει,
2930 1210 3092 1283 ἐλεεῖ,
3124 1210 3214 1265 καὶ
3246 1210 3392 1280 ἑξῆς.
3429 1209 3488 1265 Εἰ
3520 1210 3611 1265 οὗν
3646 1213 3831 1280 τοῦτο,

2178 1304 2332 1380 φησὶ,
2397 1303 2570 1375 μάτην
2638 1300 2869 1375 θέλομεν
2925 1304 3016 1358 καί
3072 1301 3245 1376 μάτην
3304 1302 3595 1377 τρέχομεν.
3654 1299 3757 1358 Καὶ
3795 1301 3830 1369 ἡ

2176 1390 2331 1467 ῥῆσις
2373 1388 2429 1446 δὲ
2460 1391 2535 1453 εἷς
2572 1386 2859 1467 βεϐαίωσιν
2888 1395 2987 1457 τῆς
3017 1390 3269 1465 ἀπορίας,
3302 1389 3428 1446 ἀλλ’
3461 1390 3559 1446 οὐκ
3598 1390 3676 1454 εές
3709 1388 3832 1445 ἐπί-

417 1483 489 1539 ab
521 1482 932 1540 haesitantibus
963 1464 1256 1557 prolatum
1289 1493 1395 1543 est.
1457 1464 1599 1542 Nam
1660 1486 1709 1541 si
1740 1464 1911 1558 cujus
1940 1484 2057 1539 vult

2173 1479 2328 1536 λυσιν
2356 1482 2501 1545 τινὸς
2533 1481 2736 1555 ἑτέρας.

413 1573 750 1637 miseretur,
783 1581 919 1639 etc.,
971 1577 1018 1629 si
1050 1577 1181 1644 hoc,
1241 1577 1457 1648 inquit,
1489 1577 1573 1633 ita
1602 1582 1711 1643 est,
1745 1577 1807 1630 in
1837 1590 2051 1631 vanum
2096 1573 2369 1628 volumus
2421 1578 2479 1628 et
2536 1572 2596 1627 in
2628 1588 2841 1628 vanum
2872 1573 3186 1628 currimus.
3250 1573 3397 1646 Ergo
3430 1571 3654 1628 dictum
3712 1570 3826 1630 hoc

416 1661 489 1716 ad
519 1661 887 1719 difﬁcultatis
907 1666 1021 1721 erit
1050 1666 1585 1735 conﬁrmationem,
1605 1682 1727 1721 non
1754 1679 1950 1720 autem
1976 1664 2048 1719 ad
2081 1662 2340 1735 cujusvis
2369 1663 2614 1718 alterius
2648 1662 3148 1734 explanationem.

490 1753 640 1809 3'29
685 1754 905 1809 Deinde
936 1772 1169 1812 rursum
1201 1758 1470 1828 sequitur
1499 1756 1867 1812 difficultatis
1892 1769 2057 1826 repe-

420 1842 547 1897 titio
576 1859 587 1896 :
622 1864 649 1893 «
683 1844 887 1915 Itaque
913 1847 1083 1917 cujus
1132 1847 1255 1902 vult
1286 1836 1621 1915 miseretur,
1652 1861 1827 1917 quem
1859 1851 2058 1900 autem

416 1932 541 1987 vult
569 1932 840 1989 obdurat.
876 1957 904 1985 »
965 1935 1347 1992 Postmodum
1395 1937 1565 2008 quasi
1624 1952 1745 1991 non
1804 1934 2063 1991 sufliciat

418 2022 642 2079 difﬁcul
654 2025 1020 2098 tatis.reique
1033 2026 1302 2083 absurdae
1318 2028 1789 2101 magnitudinem
1815 2025 2065 2081 demon-

420 2118 662 2180 strasse,
701 2114 829 2185 ejus
869 2117 1254 2171 commutatio
1305 2118 1546 2189 ponitur
1576 2118 1638 2172 in
1669 2116 1729 2172 id
1760 2115 1919 2187 quod
1965 2114 2068 2171 ab-

424 2200 662 2256 surdius
695 2208 785 2257 est
833 2219 901 2259 ac
960 2206 1251 2275 majorem
1309 2204 1536 2260 habens
1589 2204 2064 2277 perplexitatem.

426 2292 626 2358 Nam,«
652 2292 798 2357 Quid
822 2292 1015 2349 adhuc
1046 2295 1353 2366 queritur?
1385 2318 1412 2344 ››
1445 2295 1529 2350 ait
1556 2336 1569 2361 ,
1604 2294 1855 2366 curjam
1888 2293 2071 2349 sumit

428 2380 784 2453 supplicium
815 2382 842 2438 ‘2
871 2382 1155 2439 voluntati
1190 2384 1348 2439 enim
1406 2385 1592 2455 ipsius
1624 2384 1757 2455 quis
1789 2383 2066 2439 resistere

414 2469 726 2543 potest?lta
751 2478 924 2528 aucta
955 2480 1012 2528 et
1043 2480 1388 2546 exasperata
1435 2474 1783 2529 difﬁcultate
1818 2472 2060 2529 solutio-

414 2575 553 2615 nem
586 2577 691 2633 per
720 2561 1186 2633 increpationem
1221 2563 1542 2635 subjungit.
1578 2562 1926 2619 terribiliter
1950 2561 2062 2617 ad-

415 2648 747 2718 modum,et
775 2658 1211 2722 consequenter
1259 2653 1341 2707 ita
1371 2652 1577 2708 dicens
1633 2668 1645 2705 :
1678 2676 1704 2701 ε(
1742 2653 1822 2707 Tu
1870 2652 1969 2722 qui
2002 2667 2066 2706 es

404 2740 507 2811 qui
532 2755 601 2795 ex
623 2740 867 2797 adverso
901 2740 1228 2813 respondes
1254 2742 1400 2798 Deo?
1431 2766 1457 2791 υ
1481 2741 1650 2813 quasi
1684 2742 1871 2797 dicat:
1907 2740 2057 2807 Quid

398 2828 622 2885 facisne
652 2845 723 2885 ex
750 2828 996 2885 adverso
1029 2830 1400 2902 respondens
1418 2830 1569 2887 Deo?
1595 2830 1840 2888 Resistis
1854 2846 1921 2885 ac
1943 2847 2047 2901 op-

399 2935 627 2993 pugnas
660 2919 1023 2977 voluntatem
1059 2921 1602 2993 factumqueipsius
1626 2938 1701 2977 an
1733 2918 2050 2985 non?Quod

2244 1750 2377 1807 Εἶτα
2406 1748 2572 1806 πάλιν
2634 1749 2974 1826 ἐπανάληψις
3030 1758 3132 1821 τῆς
3183 1750 3431 1826 ἀπορίαςσ
3469 1774 3499 1805 ‹‹
3528 1753 3670 1826 Ἀρα
3718 1750 3813 1806 οὗν

2170 1842 2227 1895 ὅν
2261 1838 2407 1905 θέλει
2439 1837 2601 1908 ἐλεεῖ,
2635 1840 2698 1896 6'v
2732 1839 2788 1896 δὲ
2821 1840 2964 1905 θέλει
3002 1838 3317 1917 σκληρύνει.
3357 1863 3383 1895 ο
3423 1840 3557 1899 Εἶτα
3611 1841 3686 1902 ὡς
3743 1841 3822 1912 μὴ

2180 1930 2509 2006 ἐξαρκούσης
2565 1937 2664 1999 τῆς
2720 1929 2972 2004 ἀπορίας,
3030 1935 3128 1987 τοῦ
3198 1932 3402 1987 ἀτόπου
3476 1930 3540 1986 τὸ
3602 1928 3828 2003 μέγεθος

2177 2028 2543 2091 παραστῆσαι,
2624 2021 2932 2097 μετάληψις
3010 2022 3179 2091 αὒτῆς
3237 2020 3325 2077 ἐπὶ
3374 2022 3438 2078 τὸ
3498 2019 3556 2076 ἐκ
3623 2020 3830 2090 ταύτης

2179 2112 2477 2167 ἀνακύπτον
2536 2109 2882 2184 ἀτοπώτερον
2940 2110 3029 2166 καὶ
3084 2110 3455 2186 ἀπορώτερον.
3514 2132 3539 2164 ε
3606 2109 3663 2164 Τί
3722 2109 3828 2186 γάρ

2178 2199 2257 2258 ἔτι
2293 2200 2564 2280 μέμφεται
2598 2219 2611 2271 ;
2652 2225 2679 2252 ››
2704 2201 2857 2277 φησί’
2890 2200 2941 2257 τί
2998 2198 3194 2258 λοιπὸν
3254 2201 3478 2272 κολάζει
3518 2219 3532 2272 ;
3588 2200 3671 2263 τίς
3722 2201 3829 2279 γὰρ

2177 2292 2493 2360 ἀντιστῆναι
2554 2288 2771 2345 δύναται
2828 2294 2897 2365 τῇ
2978 2289 3157 2367 βουλῇ
3214 2290 3427 2361 αὐτοῦς
3495 2290 3679 2353 Οὕτως
3729 2291 3832 2359 τήν

2176 2379 2403 2452 ἀπορίαν
2436 2380 2674 2451 αὐξήσας
2703 2380 2792 2435 καὶ
2830 2380 3123 2456 τραχύνας,
3177 2379 3361 2457 ἐπάγει
3430 2377 3501 2435 δι’
3561 2378 3827 2454 ἐπιτιμή-

2177 2492 2311 2534 σεως
2334 2472 2434 2540 τήν
2469 2468 2625 2526 λύσιν
2669 2468 2875 2547 σφόδρα
2936 2466 3175 2543 δριμέως
3234 2470 3325 2525 καὶ
3383 2474 3675 2549 προσφυῶς
3732 2469 3831 2525 οὕ-

2174 2580 2251 2614 τω
2275 2557 2469 2634 λέγων·
2507 2584 2534 2611 ‹‹
2572 2559 2644 2614 Σὺ
2666 2557 2751 2620 τίς
2779 2557 2828 2613 εἴ
2856 2560 2885 2614 6
2915 2557 3448 2632 ἀνταποκρινόμενος
3476 2561 3555 2629 τῷ
3612 2562 3762 2628 Θεῷς
3796 2582 3823 2609 ››

2176 2651 2309 2705 οἷον*
2343 2655 2420 2705 Συ
2450 2647 2501 2705 τί
2534 2652 2625 2702 νῦν
2652 2653 2827 2711 ποιεῖς
2841 2648 3368 2723 ἀνταποκρινόμενος
3383 2651 3461 2719 τῷ
3483 2652 3629 2720 Sed);
3649 2646 3831 2703 Ἀνθί-

2177 2759 2367 2794 στασαι
2395 2738 2485 2794 καὶ
2514 2736 2780 2812 πολεμεῖς
2808 2745 2876 2807 τῆ
2906 2735 3083 2813 βουλῆ
3114 2738 3281 2794 αὐτοῦ
3309 2736 3397 2793 καὶ
3425 2744 3492 2806 τῆ
3516 2737 3705 2809 πράξει
3736 2737 3831 2793 αύ-

2174 2829 2345 2897 τοῦ,ἣ
2389 2824 2449 2882 οὕ
2482 2826 2573 2895 ;Εἷ
2610 2826 2705 2901 μὲν
2734 2828 2835 2903 γάρ
2859 2826 3065 2895 ού1.ἰ,τί
3094 2825 3390 2901 ἀντιλέγεις
3418 2825 3831 2901 ;τίάνταποκρίο

2172 2940 2235 2992 νῃ
2262 2921 2342 2990 τῷ
2373 2920 2488 2989 Θεῷ
2524 2935 2537 2986 ;
2573 2916 2619 2971 εἷ
2648 2914 2705 2971 δὲ
2737 2916 3046 2980 ἀνθίστασαι
3078 2916 3167 2971 καὶ
3207 2912 3506 2993 ἀντιλέγεις
3539 2916 3625 2971 xui
3660 2915 3826 2971 ἀντα-

404 3010 454 3066 si
486 3026 743 3073 non,cur
771 3010 1128 3067 contradicis
1153 3009 1181 3065 7
1211 3028 1317 3067 cur
1357 3026 1425 3067 ex
1458 3011 1701 3066 adverso
1734 3010 2057 3082 respondes

2171 3004 2539 3081 ποκρίνῃ,πῶς
2571 3004 2749 3083 λέγεις
2781 3006 2885 3074 ὅτι,
2910 3009 3042 3078 ιιΤῷ
3071 3006 3175 3082 γάρ
3212 3004 3530 3081 βουλήματι
3553 3004 3718 3061 αὐτοῦ
3742 3004 3826 3070 τίς

406 3100 614 3156 Deo?Si
643 3116 779 3157 vero
805 3101 1028 3157 resistis
1052 3106 1109 3155 et
1131 3100 1491 3156 contradicis
1522 3116 1588 3156 ac
1621 3116 1689 3155 ex
1702 3098 1947 3155 adverso
1964 3115 2056 3155 re-

406 3188 992 3261 spondes,qu0modo
1017 3190 1159 3245 ais:«
1188 3190 1493 3246 Voluntati
1529 3190 1657 3261 ejus
1684 3189 1816 3260 quis
1872 3188 2055 3244 resti-

401 3278 535 3333 tit‘h
558 3280 761 3349 Itaque
794 3279 843 3334 si
861 3285 1020 3334 certe
1054 3279 1659 3349 contradicis,frustra
1688 3285 1748 3334 et
1775 3277 2055 3334 adversus

399 3366 658 3436 teipsum
690 3367 893 3430 dicis,«
924 3368 1073 3432 Quid
1105 3368 1299 3424 adhuc
1327 3368 1652 3440 queritur?»
1685 3368 1741 3423 Si
1764 3383 1902 3422 vero
1934 3384 2055 3423 non

400 3454 1188 3525 resistis,amplius,omnino
1220 3473 1339 3512 non
1371 3457 1532 3513 dices
1568 3474 1581 3511 :
1619 3480 1641 3507 α
1682 3455 1832 3521 Quid
1862 3455 2055 3512 adhuc

406 3544 723 3616 queritur:
767 3559 960 3615 neque
1016 3544 1211 3601 illud:
1246 3567 1275 3596 ‹‹
1325 3548 1502 3617 Cujus
1553 3545 1675 3601 vult
1718 3546 2052 3613 miseretur,

408 3649 584 3705 quem
617 3640 816 3690 autem
852 3632 978 3689 vult
1005 3632 1260 3691 obdurat
1317 3653 1391 3702 ς»
1446 3652 1640 3707 neque
1693 3636 1939 3692 omnino
1990 3637 2052 3692 in

404 3722 749 3797 hujnsmodi
806 3724 1191 3797 cogitationes
1266 3723 1597 3782 abduceris.
1656 3730 1721 3780 ut
1776 3724 2053 3781 adversus

400 3813 739 3871 Creatorem
771 3814 962 3870 verbis
995 3813 1328 3870 contendas
1362 3815 1422 3870 in
1455 3814 1547 3869 his
1578 3830 1709 3886 quae
1740 3816 2054 3887 agit,mun-

399 3903 659 3976 dumque
671 3904 1168 3977 gubernat.utque
1187 3903 1559 3960 contradicas
1593 3903 1679 3958 illi
1704 3920 1771 3960 ac
1790 3904 2050 3963 resistas.

330 4004 331 4007 ‘
400 3993 488 4048 Ita
517 4009 653 4065 ergo
679 3992 777 4047 ubi
810 3994 1020 4050 diffuse
1068 3992 1507 4051 haesitationem
1540 3994 1767 4061 evertit,
1802 3992 2050 4051 alteram

402 4080 630 4137 inducit
662 4082 1019 4138 solutionem
1038 4082 1110 4138 ab
1137 4099 1343 4139 eorum
1359 4088 1572 4139 natura
1594 4100 1661 4139 ac
1691 4084 2051 4156 proprietate

407 4187 539 4242 quae
565 4170 722 4243 apud
752 4188 861 4227 nos
919 4172 1282 4245 effinguntur
1314 4188 1327 4227 :
1388 4172 1603 4246 partim
1646 4172 1885 4243 quidem
1918 4190 2049 4245 quas

406 4260 860 4318 admonitoriam
896 4262 1201 4319 contineat
1238 4262 1737 4319 consultationem
1793 4263 1912 4319 sive
1943 4263 2047 4320 do-

2172 3097 2493 3166 ἀνθέστηκεν
2515 3098 2747 3167 ςυὭστε
2779 3094 2823 3150 εἰ
2859 3095 2952 3169 μὲν
3000 3094 3337 3163 ἀνθίστασαι,
3375 3096 3545 3170 μάτην
3565 3095 3655 3150 καὶ
3685 3096 3828 3151 κατά

2170 3185 2367 3242 σαυτοῦ
2399 3184 2561 3259 ἐρεῖς,
2594 3209 2621 3237 (ι
2652 3184 2715 3243 Τί
2749 3179 2827 3241 ἔτι
2858 3190 3184 3265 μέμφεται.»
3221 3184 3282 3239 Εἰ
3313 3181 3369 3240 δὲ
3402 3186 3479 3257 μή
3512 3184 3825 3249 ἀνθίστασαι

2167 3275 2349 3332 οὐκέτι
2383 3273 2523 3350 ἐρεῖς
2555 3272 2756 3343 δλως,‹‹
2782 3272 2939 3332 Τίέτι
2975 3271 3435 3355 μέμφεταιμοῦδέ
3456 3274 3578 3342 τὸ,«
3599 3275 3737 3348 Ἀρα
3752 3276 3809 3329 ὅν

2165 3364 2308 3422 θέλει
2342 3362 2505 3434 ἐλεεῖ,
2548 3365 2605 3420 δν
2666 3362 2723 3419 δὲ
2755 3363 2899 3421 θέλει
2955 3363 3271 3438 σκληρύνει,
3306 3387 3334 3417 ››
3367 3361 3481 3420 οὐδ’
3535 3364 3611 3427 εἷς
3663 3364 3819 3439 λογι-

2164 3453 2338 3528 σμοὺς
2369 3452 2472 3530 ἄρα
2511 3452 2659 3516 ὅλως
2720 3454 2996 3529 ἐξαχθησῃ
3023 3453 3330 3520 τοιούτους,
3386 3452 3691 3527 λογοθετεῖν
3726 3454 3818 3509 τὸν

2164 3546 2512 3620 Δημιουργὸν
2544 3545 2624 3623 ἐφ’
2655 3547 2740 3606 οἷς
2799 3544 3022 3618 πράττει
3071 3544 3162 3600 καὶ
3222 3545 3512 3617 οἰκονομεῖ
3568 3545 3663 3600 τὸν
3716 3543 3814 3599 κό-

2163 3655 2327 3707 σμον,
2361 3632 2476 3690 οὐδ’
2508 3633 2808 3712 ἀντιλέγειν
2870 3633 3017 3707 αὐτῷ
3064 3634 3152 3690 καὶ
3218 3634 3581 3692 ἀνθίστασθαι.
3623 3633 3813 3697 Οὕτως

2163 3725 2256 3781 οὖν
2279 3724 2661 3796 σπερματικῶς
2693 3723 2859 3779 εἶπὼν
2912 3725 3010 3794 τήν
3064 3723 3373 3797 ἀνατροπὴν
3424 3731 3525 3793 τῆς
3556 3723 3813 3798 ἀπορίας,

2160 3816 2249 3869 καὶ
2282 3812 2463 3885 ἑτέραν
2495 3812 2653 3869 λύσιν
2686 3813 2793 3868 ἀπὸ
2841 3820 2940 3883 τῆς
2999 3817 3107 3868 τῶν
3160 3820 3286 3887 παρ’
3341 3816 3476 3889 ἡμῖν
3536 3811 3816 3891 δημιουρ-

2160 3904 2425 3981 γημάτων
2456 3902 2664 3982 φύσεως
2713 3902 2805 3958 καὶ
2862 3900 3138 3973 ἰδιότητος
3206 3902 3416 3978 ἐπάγει,
3474 3906 3633 3958 τοῦτο
3694 3904 3812 3976 μὲν,

2160 3993 2547 4069 παραινετικήν
2606 3992 2971 4067 περιέχουσαν
3032 3986 3355 4067 συμϐουλὴν
3406 3992 3498 4050 καὶ
3556 3989 3811 4048 διδασκαο

2158 4080 2300 4153 λίαν,
2330 4087 2491 4138 τοῦτο
2524 4079 2600 4151 δὲ,
2632 4082 2722 4137 καὶ
2752 4079 3132 4158 ὼτιρῥητικὸν
3168 4080 3429 4157 ἔλεγχον.
3483 4081 3587 4138 Καὶ
3643 4084 3680 4151 ἡ
3717 4081 3812 4154 μὶν

2157 4174 2513 4248 παραινετικὴ
2550 4168 2846 4246 συμϐουλὴ
2904 4173 2995 4227 καὶ
3057 4170 3384 4229 διδασκαλία
3435 4173 3690 4243 τοιαύτη·
3749 4172 3821 4232 Τί

2158 4262 2453 4340 ἀντιλέγεις
2504 4286 2517 4334 ;
2577 4264 2642 4321 Τί
2703 4262 3071 4337 ἀνταποκρίνῃ
3126 4266 3204 4334 τῷ
3290 4261 3511 4338 Πλάστῃ
3559 4263 3650 4319 καὶ
3705 4273 3818 4332 Δη-

407 4352 681 4417 ctrinam,
714 4352 929 4424 partim
952 4368 1086 4409 vero
1118 4352 1574 4423 increpatoriam
1618 4354 2048 4411 contradictio-

2171 4359 2413 4430 αιουργῷ
2445 4376 2460 4423 ς
2493 4352 2744 4428 Μίμησαι
2802 4353 2867 4407 τὰ
2926 4350 3073 4408 ἄλλα
3128 4351 3450 4427 πλάσματα,
3502 4354 3531 4409 6
3585 4352 3818 4429 λογικὸς

404 4457 562 4499 nem.
598 4444 668 4498 Et
692 4442 1088 4499 admonitoria
1118 4442 1359 4513 quidem
1411 4443 1766 4500 consultatio
1796 4445 1913 4500 sive
1946 4443 2049 4505 do-

401 4533 594 4589 ctrina
624 4532 758 4590 talis
783 4539 869 4589 est
904 4532 1082 4599 :Quid
1113 4532 1472 4588 contradicis
1501 4531 1529 4588 ?
1558 4549 1664 4589 cur
1688 4548 1757 4588 ex
1809 4534 2052 4590 adverso

401 4623 726 4695 respondes
758 4622 984 4680 Artifici
1000 4638 1066 4678 ac
1080 4621 1617 4678 Creatori?[mitare
1640 4621 1757 4679 alia
1772 4623 2052 4695 ﬁgmenta

401 4718 465 4767 tu
495 4712 802 4770 rationalis
834 4712 1224 4780 irrationalia,
1249 4711 1545 4768 animatus
1568 4711 1915 4777 inanimata,
1950 4711 2051 4784 qui

405 4800 662 4871 amplius
694 4802 979 4859 factorem
1040 4801 1284 4858 laudare
1342 4799 1522 4857 debes
1553 4817 1729 4872 quam
1761 4817 1898 4857 suos
1948 4801 2053 4857 illa

406 4888 636 4962 ﬁgulos.
676 4891 780 4949 llla
809 4910 932 4949 non
964 4893 1401 4961 contradicunt,
1445 4907 1640 4963 neque
1673 4891 1869 4963 opifici
1902 4894 2054 4949 resi-

405 4982 810 5053 stuutzatqui
862 4987 1076 5037 natura
1129 4999 1296 5039 serva
1352 4987 1511 5052 sunt,
1569 4986 1831 5037 attamen
1880 4982 2053 5055 juxta

402 5068 591 5139 ipsius
630 5069 995 5127 voluntatem
1053 5076 1553 5140 transmutantur,
1595 5070 1796 5127 omnia
1838 5072 2051 5129 artifici

402 5157 794 5215 credentia:at
824 5166 885 5215 tu
917 5175 1111 5232 neque
1160 5167 1390 5217 naturae
1443 5161 1796 5218 necessitate
1828 5177 2051 5227 servus,

394 5246 500 5306 sed
531 5262 805 5305 sermone
826 5247 1194 5309 honestatus.
1224 5249 1576 5323 arbitriique
1609 5249 1903 5319 libertate,
1929 5267 2048 5309 non

401 5337 563 5395 cedis
622 5338 869 5395 artificis
917 5338 1232 5406 voluntati,
1296 5354 1490 5411 neque
1555 5340 2049 5413 gubernationem

403 5444 568 5487 amas
610 5446 623 5485 :
656 5426 763 5491 sed
786 5426 978 5485 verbis
1008 5427 1321 5484 contendis
1347 5444 1415 5484 ac
1471 5430 1718 5495 resistis,
1753 5436 1813 5487 et
1842 5448 2047 5490 eorum

401 5535 533 5595 quas
564 5520 716 5578 fiunt
744 5535 811 5577 ac
843 5516 1233 5592 providentur
1260 5533 1469 5576 causas
1502 5521 1750 5595 expetis.

475 5631 630 5691 διο
665 5653 693 5683 ‹‹
723 5631 873 5689 Num
902 5628 1048 5688 dicit
1081 5628 1431 5704 ﬁgmentum
1454 5629 1512 5687 ei
1552 5630 1653 5703 qui
1711 5646 1774 5688 se
1832 5631 2045 5691 ﬁnxit:

398 5724 516 5784 Cur
533 5724 648 5785 hoc
674 5728 848 5799 pacto
875 5720 1101 5781 tinxisti
1130 5736 1228 5780 me
1259 5720 1287 5778 ?
1316 5743 1340 5773 ι

2162 4446 2227 4501 τὰ
2260 4442 2457 4519 ἄλογα,
2481 4445 2508 4500 6
2540 4440 2792 4519 ἔμψυχος
2850 4443 2917 4498 τὰ
2980 4443 3187 4518 ἀψυχα,
3220 4444 3248 4497 6
3306 4442 3474 4500 πλέον
3522 4448 3815 4519 χρεωστῶν

2163 4534 2408 4606 ἐξυμνεῖν
2439 4533 2531 4589 τὸν
2594 4532 2869 4603 ΙΙλάστην,
2924 4529 2959 4601 ἤ
3009 4530 3185 4587 ἐκεῖνα
3225 4532 3352 4594 τοὺς
3407 4529 3819 4608 πλαστουργοὺς

2162 4623 2293 4686 τοὺς
2339 4619 2781 4685 ἶδίους.Ἐκεῖνα
2838 4618 2937 4677 οὐκ
2991 4620 3266 4701 ἀντιλέγει
3325 4618 3451 4678 οὐδὲ
3511 4621 3816 4679 ἀνθίσταται

2161 4716 2240 4785 τῷ
2293 4709 2742 4787 δημιουργοῦντι,
2801 4710 2978 4766 καίτοι
3035 4711 3190 4791 φύσει
3249 4708 3599 4770 δουλεύοντα.
3661 4710 3819 4770 Ἀλλ’

2161 4803 2317 4877 ’ὀμως
2351 4800 2487 4877 πρὸς
2544 4800 2607 4856 τὸ
2666 4799 2870 4857 ἐκείνου
2933 4801 3475 4880 μετασχηματίζεται
3528 4799 3815 4878 βούλημα,

2160 4891 2330 4948 πάντα
2401 4895 2840 4967 παραχωροῦντα
2930 4894 3010 4963 τῷ
3064 4890 3304 4965 τεχνίτῃ.
3392 4891 3489 4946 Καὶ
3550 4888 3614 4946 σὺ
3674 4889 3817 4965 μηδὲ

2161 4981 2371 5061 φύσεως
2402 4979 2611 5059 ἀνάγκῃ
2644 4978 2940 5050 δουλεύων,
2999 4977 3147 5037 ἀλλά
3204 4978 3357 5057 λόγῳ
3413 4980 3670 5054 τιμηθεὶς
3721 4980 3813 5037 καὶ

2160 5070 2624 5142 αὖτεξουσιότητι,
2660 5070 2771 5145 οὐχ
2806 5069 3044 5132 ὑπείκεις
3072 5074 3152 5143 τῷ
3189 5075 3288 5126 τοῦ
3334 5068 3643 5136 πλάσαντος
3678 5072 3815 5148 βου-

2161 5159 2376 5233 λήματι
2406 5160 2497 5217 καὶ
2531 5158 2770 5235 στέργεις
2800 5162 2898 5227 τήν
2928 5154 3272 5235 κυϐέρνησιν,
3303 5158 3451 5217 ἀλλά
3495 5160 3810 5236 λογοθετεῖς

2159 5252 2249 5308 καὶ
2281 5250 2645 5321 ἀντιπίπτεις,
2671 5249 2762 5305 καί
2802 5248 3023 5314 εὐθύνας
3049 5251 3295 5313 ἀπαιτεῖς
3322 5255 3431 5308 τῶν
3489 5251 3805 5330 πραττομέ-

2159 5364 2265 5398 νων
2299 5341 2390 5397 καὶ
2420 5342 2861 5417 προνοουμένων.

2228 5652 2257 5682 κ
2282 5628 2376 5699 Μὴ
2407 5624 2527 5705 έφεῖ
2544 5627 2608 5695 τὸ
2638 5624 2868 5701 πλάσμα
2912 5630 2994 5701 τῷ
3042 5625 3337 5703 πλάσαντι,
3396 5625 3461 5687 Τί
3516 5647 3583 5703 με
3612 5624 3806 5701 δποίη-

2155 5736 2371 5791 σαςς»
