4222 6194
419 301 534 361 513

1488 292 1896 356 ΟΟΜΜΕΝΤ.
1945 292 2018 353 ΙΝ
2065 293 2317 354 EPIST.
2369 291 2473 351 AD
2522 291 2710 353 ROM.

3712 299 3830 362 ιιιε

483 429 618 491 ’Ἥδε
646 453 711 506 γε
738 432 855 487 κατ’
887 415 1122 508 ἔλεγχον
1153 427 1497 505 ἀντίρρησις,
1521 427 1772 498 τοιαύτη.
1798 430 2064 486 Ἀνταπο-

2245 425 2646 484 Contradictio
2672 443 2808 485 vero
2833 444 2940 501 per
2968 428 3466 502 increpationem,
3508 431 3646 490 talis
3689 439 3779 491 est
3808 451 3823 491 :

411 522 566 599 κρίνῃ
631 526 712 594 τῷ
770 524 909 592 Θεῷ,
968 518 1152 597 φησὶν,
1234 516 1308 579 ὠς
1364 514 1506 572 ἄκων
1567 517 1919 591 ἁμαρτάνεις,
1979 515 2072 571 ἅτε

411 616 674 676 νικῶντος
731 609 899 666 αὐτού
955 608 1054 678 τήν
1103 607 1202 676 σὴν
1260 607 1487 684 γνώμην
1545 610 1642 661 τοῦ
1692 604 2070 682 βουλήματος,

412 701 504 758 καὶ
561 703 626 758 τὸ
683 697 1028 770 αὐτεξούσιον
1084 696 1255 772 ταύτῃ
1313 695 1738 771 περιῃρημένος.
1799 695 1904 753 Καὶ
1961 695 2070 767 μὴν

417 791 525 868 οὐχ
555 790 772 866 ὁρῶμεν
831 787 921 844 ἐπὶ
978 793 1086 844 τῶν
1146 789 1222 860 μή
1281 785 1636 857 αύτεξουσίων
1669 782 2007 858 πλασμάτων
2041 783 2075 836 ἅ

417 884 481 940 σὺ
513 887 710 945 ποιεῖς.
739 883 956 938 Ἐκεῖνα
994 878 1094 935 οὐκ
1148 877 1422 956 ἀντιλὲγει
1479 882 1596 936 τοῖς
1648 874 1974 946 πλάττουσι,
2005 874 2074 932 Τί

424 994 492 1047 με
543 971 737 1038 οὕτως,
791 967 938 1026 ἀλλᾶ
995 970 1073 1042 μή
1133 967 1326 1033 οὕτως,
1378 967 1679 1037 ἐποίησαςς
1729 967 1764 1035 ἢ
1814 961 1961 1035 τόδε,
2012 965 2074 1022 Τί

420 1064 616 1134 ούτως,
647 1059 796 1119 ἀλλὰ
828 1061 904 1136 μὴ
937 1058 1112 1120 οὕτως
1137 1081 1153 1128 ς
1183 1059 1217 1128 ἣ
1269 1057 1437 1125 ὅλως,
1468 1056 1538 1115 Τί
1573 1077 1639 1130 με
1670 1055 1965 1128 ἐποίησαςς
1998 1055 2072 1110 Σὺ

418 1149 478 1210 δὲ
505 1153 597 1208 καὶ
627 1149 954 1228 ἀντιλέγεις,
1012 1147 1104 1203 καὶ
1164 1144 1390 1210 εὐθύνας
1446 1145 1539 1200 τὸν
1602 1143 1851 1215 [Ιλάστην
1910 1142 2075 1198 ἀπαι-

411 1247 546 1305 τεῖς.
593 1239 708 1301 Ούκ
758 1238 862 1314 ἄρα
918 1236 1015 1294 τοῦ
1073 1235 1424 1309 αὖτεξουσίου
1484 1232 1790 1306 ἐπέρησαι.
1827 1232 1940 1288 Οὐκ
1970 1230 2074 1307 ἄρα

414 1330 559 1388 ἄκων
619 1333 962 1406 ἁμαρτάνεις.
1019 1326 1250 1388 Δικαῖως
1306 1325 1407 1401 ἄρα
1456 1323 1545 1379 καὶ
1599 1320 1811 1398 κολάζῃ
1873 1322 1935 1378 σὺ
1981 1322 2071 1376 καὶ

414 1420 521 1477 ὑπὸ
558 1421 768 1494 μέμψιν
826 1417 1066 1485 πίπτεις,
1128 1414 1471 1485 αὖτεξούσιος
1527 1410 1600 1467 ὢν
1649 1411 1738 1466 καὶ
1787 1412 1862 1485 μή
1896 1410 2070 1484 πράτ-

413 1530 524 1565 των
557 1508 624 1566 τὲι
650 1504 861 1564 ὃὲοντα.
909 1505 1014 1563 Καὶ
1071 1507 1238 1559 ταῦτα
1300 1503 1394 1578 μὲν
1448 1502 1572 1577 περὶ
1629 1501 1856 1556 τούτων.
1890 1501 1963 1556 Τὸ
1990 1496 2068 1568 δὶ,

418 1599 546 1654 «Ἢ
606 1597 705 1654 οὐκ
760 1590 880 1676 ἔχει
939 1596 967 1650 6
1021 1593 1288 1669 κεραμεὺς
1349 1591 1627 1664 ἐξουσίανς
1681 1614 1712 1643 »
1772 1588 1861 1645 καὶ
1926 1587 2068 1661 ἑξῆς,

416 1685 566 1744 ἄλλο
621 1686 764 1743 ἐστὶν
819 1685 1162 1764 ἐπιχείρημα
1217 1684 1355 1738 κατὰ
1425 1681 1856 1757 ἀντιπερίστασιν
1932 1698 2072 1753 προ-

416 1776 713 1855 αγόμενον.
748 1772 1018 1844 Δεδόσθω,
1061 1771 1218 1853 φησὶ,
1248 1772 1384 1828 κατὰ
1410 1771 1501 1826 τὸν
1535 1771 1624 1826 σὸν
1660 1768 1852 1846 λόγον,
1883 1767 2065 1824 καίτοι

415 1853 769 1943 ἐλεγχθέντα,
801 1863 883 1920 ὅτι
917 1862 1016 1919 οὐκ
1061 1862 1112 1919 εἴ
1162 1861 1525 1934 αὐτεξούσιος,
1559 1861 1643 1917 δτι
1674 1861 1702 1916 6
1735 1859 1863 1921 Θεὸς
1893 1853 2067 1919 οὕτως

417 1950 622 2010 ἔπλασὲ
677 1970 756 2008 σε’
815 1947 934 2008 οὐδ’
987 1951 1162 2013 οὓτως
1200 1948 1311 2007 ἐστὶ
1364 1946 1572 2004 δίκαιον
1631 1945 1934 2022 ἀντιλέγειν
1980 1945 2071 2000 καὶ

422 2043 732 2122 μέμφεσθαι
757 2045 836 2114 τῷ
867 2045 1003 2113 Θεῷ.
1065 2040 1128 2098 Εἰ
1187 2041 1277 2095 καὶ
1337 2036 1504 2113 μηδὲν
1553 2039 1654 2114 γὰρ
1697 2035 1837 2094 ἄλλο
1870 2035 2072 2122 προνό-

422 2155 546 2207 μιον
607 2131 756 2204 αύτῴ
808 2127 1108 2187 ἀποδοῦναι
1167 2127 1360 2206 βούλει
1413 2132 1495 2200 τῷ
1553 2127 1686 2202 ὑπὲρ
1744 2127 1915 2181 πάντα
1959 2121 2072 2180 ὄντι

417 2223 508 2278 καὶ
567 2220 736 2299 λόγον
797 2221 891 2275 καὶ
949 2215 1181 2287 ἔννοιαν,
1239 2216 1386 2273 ἀλλᾶ
1439 2219 1574 2278 τὲως
1623 2217 1685 2272 τὸ
1733 2219 1861 2270 πᾶσι
1892 2214 2073 2270 κοινὸν

425 2311 672 2386 ὑπάρχον
727 2315 844 2372 τοῖς
896 2309 1046 2370 ’ὁπως
1078 2305 1144 2378 δὴ
1201 2326 1332 2363 ποτε
1361 2306 1743 2381 δημιουργοῖς,
1773 2304 1895 2360 λίαν
1927 2303 2069 2360 ἐστὶν

417 2403 579 2456 τοῦτο
607 2419 621 2470 ;
652 2397 822 2458 Οὐδὲν
870 2403 978 2454 τῶν
1027 2394 1090 2465 δη
1104 2394 1564 2472 μιουργημάτων,
1601 2397 1694 2452 τὸν
1726 2393 1926 2450 οἰκεῖον
1974 2391 2071 2463 δηο

424 2490 688 2564 μιουργὸν
749 2487 1114 2569 ἐπιμέμφεται
1198 2486 1289 2541 καὶ
1366 2484 1590 2552 εὐθύνει,
1651 2482 1778 2541 ἀλλ’
1829 2482 2070 2557 ἐξουσίαν

419 2576 790 2660 ἴχειὶκαστος
852 2577 1220 2654 δημιουργὸς,
1280 2573 1641 2654 δημιουργεῖν
1695 2575 1768 2636 ὡς
1815 2573 2070 2649 βούλεται

418 2677 508 2725 καί
539 2669 821 2736 πλάττειν,
854 2669 944 2724 καὶ
1006 2667 1292 2731 ἀνεύθυνός
1352 2665 1514 2734 ἐστιν,
1572 2664 1662 2720 καὶ
1698 2663 1936 2738 μάλιστα
1969 2663 2073 2718 ὑπὸ

419 2765 528 2815 τῶν
559 2757 922 2831 πλασμάτων.
971 2759 1130 2812 Ὥστε
1159 2757 1250 2812 καὶ
1299 2755 1384 2825 σὺ,
1443 2754 1490 2811 εί
1545 2755 1635 2808 καὶ
1667 2754 1743 2815 ὡς
1775 2753 1950 2830 λὲγεις
1981 2751 2071 2807 0’5-

417 2869 527 2911 τως
581 2846 881 2918 ὲπλάσθης,
941 2845 1040 2902 οὐκ
1111 2843 1350 2926 ὀφείλεις
1409 2845 1712 2922 μέμφεσθαι
1768 2843 1803 2913 ἢ
1859 2840 2074 2898 ἀντιλέ-

419 2959 555 3016 γειν,
614 2938 753 2993 κατᾶ
803 2938 895 2992 τὸν
953 2935 1136 2991 κοινὸν
1195 2941 1302 2990 τῶν
1359 2931 1699 3007 πλασμάτων
1759 2932 1926 3004 νόμον
1983 2931 2073 2985 καὶ

417 3030 563 3102 ὅρον.
600 3052 627 3080 ι(
663 3028 820 3104 Λὲγει
874 3026 978 3104 γὰρ
1038 3027 1072 3095 ἡ
1133 3025 1319 3105 Γραιρή
1374 3029 1452 3094 τῷ
1510 3022 1737 3099 Φαραώ,
1778 3045 1807 3072 ››
1863 3021 1950 3076 καὶ
2007 3020 2074 3075 τὰ

415 3120 560 3189 ἑξῆς.
615 3150 681 3160 —
733 3115 1278 3190 [ΟΙΚΟΥΜΕΝΙΟΙᾚ
1330 3113 1544 3171 Τούτου
1579 3115 1677 3180 τήν
1712 3108 1892 3180 λύσιν,
1923 3111 2073 3167 κάτω

2175 517 2257 574 Ex
2286 516 2531 574 adverso
2563 517 2908 591 respondes,
2943 519 3159 591 inquit,
3205 520 3375 593 quasi
3425 527 3663 579 coactus
3691 537 3829 596 pec-

2175 615 2654 682 cares,tanquam
2686 609 2789 665 ille
2813 611 3078 667 vinceret
3098 617 3212 666 tuae
3235 613 3592 668 sententiam
3615 614 3824 673 volun-

2176 699 2335 757 tatis.
2369 706 2428 755 et
2445 700 2557 755 hac
2586 700 2650 754 in
2680 705 2846 771 parte
2896 705 2995 756 tuo
3019 701 3354 774 privareris
3407 702 3672 760 arbitrio.
3723 707 3828 761 At-

2178 789 2277 860 qui
2312 789 2371 844 in
2407 789 2706 861 figmentis
2739 806 2872 860 quae
2893 789 3080 844 libera
3100 807 3222 847 non
3254 797 3539 858 sunt,non
3558 793 3827 852 videmus

2178 894 2307 948 quas
2341 885 2400 933 tu
2435 878 2713 934 l‘acis.llla
2736 879 2797 934 in
2817 895 2954 934 suos
2980 880 3189 950 ﬁgulos
3207 897 3328 937 non
3350 881 3824 941 obmurmurant:

2179 967 2328 1034 Quid
2364 983 2454 1022 me
2503 968 2615 1023 hoc
2646 967 2736 1024 vel
2768 968 2872 1024 illo
2903 967 3076 1025 modo
3119 969 3310 1026 fecisti
3343 970 3371 1026 ?
3400 978 3502 1028 aut
3525 989 3631 1029 cur
3659 974 3740 1030 ita
3771 980 3830 1031 et

2175 1073 2296 1112 non
2329 1057 2410 1112 ita
2437 1057 2466 1112 ‘2
2496 1057 2616 1113 sive
2639 1062 3028 1123 ommno,Cur
3048 1075 3141 1115 me
3159 1058 3473 1116 formasti?
3500 1064 3583 1118 Tu
3611 1079 3746 1122 vero
3771 1069 3832 1121 et

2175 1152 2386 1202 contra
2414 1147 2582 1211 dicis,
2617 1153 2676 1203 et
2704 1164 2914 1204 causas
2945 1146 3018 1203 ab
3051 1147 3272 1221 Opiﬁce
3305 1152 3734 1222 expetis.Certe
3765 1153 3831 1209 li-

2175 1237 2317 1292 bero
2353 1237 2600 1294 arbitrio
2631 1256 2751 1295 non
2784 1239 3054 1312 privaris.
3088 1247 3248 1297 certe
3277 1257 3398 1298 non
3429 1248 3668 1299 coactus
3697 1260 3828 1316 pec-

2177 1343 2292 1384 cas.
2325 1329 2488 1384 Juste
2520 1328 2720 1402 itaque
2751 1335 2810 1385 et
2838 1329 3071 1402 puniris
3103 1337 3161 1386 et
3191 1331 3254 1388 in
3297 1332 3829 1404 reprehensionem

2177 1417 2363 1485 cadis,
2399 1434 2533 1474 cum
2565 1418 2719 1474 liber
2748 1419 2828 1474 sis
2885 1435 2997 1475 nec
3028 1419 3211 1476 facias
3265 1438 3397 1492 quae
3450 1428 3704 1495 oportet.
3763 1425 3833 1481 Et

2176 1507 2302 1564 haec
2333 1507 2573 1579 quidem
2606 1508 2677 1564 de
2707 1509 2820 1563 his.
2853 1510 3034 1565 Porro
3067 1509 3227 1582 quod
3257 1511 3477 1567 dicitur
3506 1528 3520 1568 :
3555 1533 3584 1561 ‹‹
3615 1514 3831 1570 Annon

2175 1596 2352 1653 habet
2378 1597 3003 1670 potestatem,ﬁgulus,
3029 1620 3058 1648 »
3083 1599 3391 1667 etc.,aliud
3413 1605 3500 1656 est
3522 1617 3833 1674 argumen-

2175 1691 2301 1741 tum
2359 1685 2433 1742 ad
2491 1685 2921 1742 cohibitionem
2976 1686 3320 1744 adductum.
3381 1691 3546 1757 Dato,
3608 1690 3826 1764 inquit,

2171 1775 2340 1848 juxta
2373 1781 2538 1832 tuum
2571 1792 2908 1832 sermonem
2938 1775 3078 1832 licet
3099 1777 3230 1850 jam
3257 1779 3823 1853 contutatum,quod

2183 1864 2336 1921 liber
2360 1881 2481 1920 non
2505 1865 2606 1933 sis,
2640 1864 2800 1938 quod
2829 1867 2983 1921 Deus
3014 1866 3097 1922 ita
3128 1873 3182 1922 te
3211 1867 3554 1925 formaverit
3584 1885 3598 1924 :
3626 1885 3824 1942 neque

2181 1957 2264 2012 ita
2303 1955 2536 2027 justum
2559 1961 2650 2010 est
2697 1957 2814 2011 Deo
2849 1955 3278 2024 contradicere,
3328 1957 3620 2030 illumque
3645 1975 3823 2015 accu-

2183 2061 2330 2102 sare.
2386 2045 2532 2101 Nam
2563 2045 2672 2100 etsi
2723 2045 2876 2101 nihil
2905 2044 3068 2101 aliud
3098 2047 3498 2121 prserogativm
3530 2047 3618 2103 illi
3649 2049 3824 2106 retri-

2180 2137 2363 2193 buere
2393 2135 2557 2203 velis,
2620 2136 2720 2208 qui
2772 2152 2951 2209 supra
2981 2153 3221 2194 omnem
3272 2145 3363 2194 est
3392 2146 3451 2195 et
3479 2145 3740 2198 mentem
3771 2145 3834 2198 et

2183 2243 2521 2282 sermonem
2554 2244 2567 2282 :
2599 2233 2659 2282 at
2689 2227 2899 2283 saltem
2930 2228 3088 2299 quod
3105 2229 3383 2285 omnibus
3403 2245 3719 2288 commune
3741 2235 3836 2289 est

2183 2316 2431 2390 singulis
2451 2317 2990 2390 quomodocuuque
3013 2335 3141 2375 rem
3172 2319 3835 2391 efﬂugentibusadmo-

2184 2409 2325 2466 dum
2357 2409 2682 2466 absurdum
2713 2416 2804 2465 est
2824 2415 2881 2464 et
2912 2409 3163 2481 impium
3194 2409 3266 2464 ab
3299 2425 3367 2465 eo
3399 2410 3629 2468 tollere.
3681 2411 3832 2478 Quid

2183 2500 2362 2572 igitur
2393 2498 2540 2554 illud
2571 2497 2719 2554 est?
2766 2497 2933 2565 Quod
2976 2498 3208 2555 nullum
3256 2499 3605 2572 ﬁgmentum
3662 2516 3834 2558 suum

2181 2589 2415 2662 plasten
2448 2590 2684 2646 incusat
2713 2594 2816 2645 aut
2856 2587 3178 2662 redarguit,
3211 2589 3316 2644 sed
3376 2588 3627 2646 liberam
3659 2589 3838 2646 habet

2182 2678 2544 2734 voluntatem
2577 2679 2829 2749 quisque
2855 2677 3049 2749 opifex
3081 2677 3312 2747 operari
3365 2683 3539 2749 prout
3585 2678 3839 2734 voluerit

2184 2784 2251 2823 ac
2281 2768 2522 2840 fingere,
2558 2773 2616 2821 et
2640 2767 3016 2822 accusatione
3040 2772 3222 2824 vacat.
3233 2766 3611 2837 potissimum
3634 2772 3835 2821 autem

2183 2856 2341 2929 apud
2364 2873 2433 2912 ea
2464 2873 2594 2928 qum
2627 2855 2817 2910 ﬁnxit.
2850 2856 3054 2926 Itaque
3095 2860 3154 2910 et
3203 2861 3263 2909 tu
3297 2855 3474 2909 etiam
3510 2855 3559 2909 si
3591 2860 3656 2909 ut
3685 2853 3837 2910 dicis

2183 2945 2472 3001 formatus
2505 2944 2608 3012 sis,
2638 2960 2758 2999 non
2782 2942 2963 2998 debes
2995 2943 3290 3015 indignari
3311 2948 3413 2998 aut
3430 2942 3838 2999 contradicere

2177 3035 2350 3106 juxta
2377 3050 2758 3090 communem
2791 3033 3204 3105 ﬂgmentorum
3241 3032 3429 3105 legem
3461 3049 3530 3089 ac
3568 3032 3834 3090 modum.

2185 3146 2214 3174 α
2243 3123 2394 3179 Dicit
2418 3123 2722 3195 Scriptura
2769 3121 3081 3186 Pharaoni,
3120 3143 3147 3170 ››
3179 3127 3292 3176 etc.
3353 3122 3539 3194 Hujus
3597 3121 3840 3178 dilutio-

413 3205 588 3285 λεγει,
620 3206 726 3276 ὅτι,
758 3204 946 3286 φησὶν,
1004 3205 1034 3260 6
1093 3203 1317 3280 Φαραὼ,
1381 3199 1471 3258 διὰ
1511 3202 1610 3270 τήν
1645 3199 1846 3257 οἰκείαν
1879 3199 2067 3254 κακίαν

2182 3228 2319 3270 nem
2353 3211 2601 3268 inferius
2633 3211 2832 3277 habet,
2865 3211 3071 3267 dicens
3101 3209 3261 3283 quod
3286 3211 3359 3266 ob
3393 3212 3696 3285 propriam
3720 3229 3842 3269 ma-

412 3295 605 3362 ἔπαθεν
690 3295 826 3369 ἅπερ
894 3292 1109 3366 ἔπαθεν,
1179 3294 1255 3356 ὡς
1319 3292 1416 3368 ὅγε
1473 3292 1602 3353 Θεὸς
1672 3295 1842 3346 σῶσαι
1909 3289 2069 3346 αὑτὸν

414 3385 598 3457 ἢθελε’
631 3390 927 3462 τοιγαροῦν
977 3383 1069 3440 καὶ
1117 3381 1511 3456 εμακροθύμει,
1563 3379 1750 3455 χώραν
1787 3379 1939 3453 αύτῷ
1974 3400 2073 3454 με-

415 3477 633 3539 τανοίας
667 3473 813 3536 δούς.
850 3500 879 3527 α
912 3475 1028 3544 Τὴν
1071 3469 1300 3546 δύναμίν
1338 3491 1464 3546 μου.
1501 3493 1527 3520 η
1576 3468 1813 3542 Δύναμις
1849 3471 2004 3538 Θεού,
2035 3470 2070 3538 ἡ

423 3563 793 3640 μακροθυμία,
849 3561 940 3618 καὶ
991 3559 1220 3635 δύναμις
1277 3558 1528 3635 μεγίστη.
1567 3559 1662 3620 Τίς
1719 3559 1820 3635 γὰρ
1879 3557 1983 3613 οὐκ
2012 3555 2069 3610 ἂν

420 3650 742 3728 ἐκπλαγείη,
814 3653 1071 3706 τοσοῦτον
1151 3649 1680 3724 μακροθυμήσαντος
1736 3649 1837 3700 τοῦ
1894 3647 2072 3714 Θεοῦς

425 3741 601 3811 Φησὶν
635 3737 748 3810 οὖν,
794 3738 882 3796 ὅτι
935 3738 1030 3801 Εἰς
1061 3736 1224 3794 τοῦτό
1277 3757 1335 3791 σε
1385 3738 1784 3811 συγκεχώρηκα
1815 3730 2075 3810 βασιλεῦ-

423 3851 532 3903 σαι,
563 3830 714 3894 ὅπως
741 3833 896 3909 φανῶ
931 3826 1312 3903 μακρόθυμος.

493 4007 520 4034 ‹‹
549 3985 691 4057 ’Ἄρα
731 3981 823 4038 οὖν
855 3978 914 4037 ὅν
943 3977 1092 4046 θέλει
1136 3977 1300 4046 ἐλεεῖ,
1337 4001 1366 4029 ››
1394 3977 1485 4032 καὶ
1514 3975 1581 4032 τὰ
1610 3977 1753 4047 ἑξῆς,
1787 3975 1892 4032 Τὸν
1926 3973 2071 4046 ἄξιον

416 4072 707 4140 ἐλεεῖσθαι,
751 4069 916 4140 ἐλεεῖ,
964 4070 1056 4127 τὸν
1105 4067 1163 4125 δὲ
1215 4066 1455 4143 σκληρὸν
1498 4067 1589 4123 καὶ
1638 4067 1856 4136 ἀπειθῆ,
1889 4063 2073 4135 σκλη-

416 4162 513 4236 ρὸν
545 4161 678 4216 εἶναι
709 4163 1011 4236 συγχωρεῖ.
1047 4158 1125 4215 Οὐ
1157 4157 1262 4233 γὰρ
1319 4156 1546 4233 κρίσεως
1579 4156 1608 4210 6
1641 4154 1828 4230 παρὼν
1859 4155 2073 4230 καιρὸς,

412 4249 560 4308 ἀλλὰ
590 4249 880 4313 πολιτείας
910 4250 999 4304 καὶ
1031 4245 1536 4321 αὐτεξουσιότητος.
1587 4245 1664 4304 Τὸ
1695 4243 1797 4320 γὰρ
1830 4242 2076 4319 σκληρύ-

413 4361 516 4407 νει,
571 4340 691 4395 ἀντὶ
747 4343 868 4408 τοῦ,
928 4336 990 4409 ἐᾷ
1044 4337 1205 4393 αὐτὸν
1264 4333 1502 4409 σκληρὸν
1565 4333 1724 4402 εἶναι,
1771 4335 2076 4409 συγχωρῶν

415 4429 495 4492 εἷς
525 4435 588 4487 τὸ
613 4429 982 4502 αὐτεξούσιον.
1046 4450 1074 4480 ι(
1129 4427 1229 4484 "Ov
1291 4421 1349 4481 δὲ
1403 4421 1549 4480 θέλει
1599 4420 1910 4497 σκληρύνει.
1946 4446 1974 4474 ››
2005 4454 2078 4464 -

420 4520 830 4591 [ΓΡΠΓΟΡΙΟΥ
869 4518 1199 4590 ΝΥΣΣΗΣο]
1257 4515 1333 4573 Τὸ
1391 4512 1750 4588 ἐσκληρῦνθαι
1800 4512 1945 4586 παρὰ
1975 4515 2072 4567 τοῦ

416 4614 555 4666 Θεοῦ
584 4611 676 4664 τὸν
730 4607 1031 4686 Αίγύπτιον
1090 4605 1365 4682 τύραννον,
1409 4603 1519 4682 ούχ
1574 4602 1650 4664 ὡς
1699 4601 1800 4668 τὴν
1858 4601 2070 4657 ἀντιτυ-

415 4699 540 4755 πίαν
573 4696 718 4772 ἐντῇ
770 4701 924 4773 ψοχῇ
983 4696 1150 4754 αύτοῦ
1202 4702 1302 4764 τῆς
1360 4693 1508 4757 θείας
1571 4688 1892 4767 βουλήσεως
1927 4689 2072 4748 ἐντι-

417 4788 602 4860 θείσης
661 4785 910 4857 νοητέον⁹
968 4783 1097 4842 ἀλλ’
1154 4784 1230 4847 ὡς
1281 4789 1381 4854 τῆς
1434 4777 1948 4857 προαιρέσεως,δια
1972 4787 2072 4850 τῆς

413 4879 551 4953 πρὸς
625 4878 724 4947 τήν
794 4874 986 4932 κακίαν
1054 4873 1449 4950 προσκλίσεως,
1506 4871 1597 4928 τὸν
1662 4868 2075 4943 ἐκμαλασσοντα

415 4968 512 5038 τὴν
541 4965 852 5021 ἀντιτυπίαν
886 4963 1050 5039 λόγον
1085 4964 1146 5020 οὐ
1178 4961 1483 5042 δεχομένης
1530 4992 1596 5004 -
1625 4960 2071 5035 [BAEIAEmL]

418 5053 777 5126 Ἐσκλήρυνεν
837 5055 864 5110 6
921 5054 1051 5117 Θεὸς
1130 5053 1221 5110 τὸν
1305 5051 1529 5128 Φαραὼ,
1589 5051 1658 5122 τῇ
1720 5049 2074 5123 μακροθυμίᾳ

416 5145 508 5200 καὶ
562 5140 631 5221 τῇ
688 5153 788 5216 τῆς
836 5144 1108 5218 τιμωρίας
1161 5135 1432 5215 ἀναϐολῇ,
1467 5136 1746 5196 ἐπιτείνων
1775 5139 1942 5193 αὐτοῦ
1971 5140 2070 5209 τήν

418 5236 632 5304 κακίαν,
679 5235 770 5290 ἳνα
826 5233 901 5296 είς
957 5233 1048 5289 τὸν
1103 5228 1337 5312 ἔσχατον
1396 5228 1523 5305 ὅρον
1559 5226 1881 5301 αὐξηθείσης
1911 5226 2074 5284 αὑτοῦ

418 5329 520 5395 τῆς
548 5321 830 5400 πονηρίας,
861 5321 924 5378 τὸ
955 5317 1165 5380 δίκαιον
1219 5319 1301 5377 ἐπ’
1342 5315 1494 5392 αύτῷ
1537 5319 1636 5392 τῇς
1669 5315 1816 5380 θείας
1846 5315 2075 5396 κρίσεως

421 5408 657 5493 διαφανῇ
668 5458 683 5474 .

486 5565 660 5642 Ἐρεῖς
719 5562 810 5620 οὖν
871 5584 988 5638 μοι.
1048 5561 1115 5619 Τί
1170 5581 1249 5618 ετι
1307 5554 1620 5639 μὲμφεταις
1671 5561 1752 5632 τῷ
1805 5557 1906 5636 γὰρ
1941 5559 2074 5637 βου.

415 5655 631 5732 λήματι
695 5654 858 5712 αὐτοῦ
921 5654 1007 5718 τίς
1073 5650 1401 5726 ἀνθίστηκες
1467 5646 1674 5710 Μενοῦν
1737 5667 1816 5726 γε,
1877 5647 1923 5705 ὦ
1980 5647 2074 5706 ἄν·

2182 3303 2368 3359 litiam
2403 3317 2614 3374 passus
2654 3307 2743 3358 est
2767 3301 2994 3357 Pharao
3027 3317 3158 3373 quae
3185 3317 3397 3373 passus
3427 3306 3839 3372 esttanquam

2183 3395 2338 3450 Deus
2371 3408 2512 3448 sane
2545 3392 2716 3447 illum
2757 3391 2984 3448 salvum
3032 3391 3226 3446 facere
3276 3391 3571 3448 voluerit:
3611 3391 3838 3447 idcirco

2183 3483 2356 3540 etiam
2373 3481 2777 3553 longanimiter
2793 3480 3085 3536 tolerabat
3097 3479 3231 3534 dato
3246 3479 3673 3552 resipiscentize
3688 3479 3840 3538 loco.

2185 3595 2213 3622 ‹‹
2247 3572 2537 3627 Virtutem
2579 3586 2794 3638 meam,
2830 3591 2858 3620 »
2893 3569 2995 3624 Dei
3027 3569 3215 3625 virtus
3267 3569 3688 3642 longanimitas
3729 3574 3839 3634 est,

2185 3667 2244 3718 et
2270 3661 2454 3718 virtus
2488 3659 2766 3716 maxima.
2814 3658 2956 3725 Quis
2997 3658 3158 3714 enim
3207 3675 3329 3714 non
3361 3659 3714 3731 obtupescat
3741 3658 3842 3717 ubi

2183 3749 2329 3807 adeo
2343 3750 2749 3824 longanimem
2774 3749 2927 3804 Deus
2951 3764 3079 3804 sese
3102 3748 3424 3820 praebuerit
3445 3746 3472 3802 Ἰ
3496 3748 3648 3803 Dicit
3665 3763 3801 3818 ergo
3824 3763 3840 3804 :

2187 3841 2250 3896 in
2280 3841 2440 3896 hunc
2471 3840 2653 3895 ﬁnem
2711 3838 2983 3911 permisit
3035 3841 3092 3892 te
3149 3851 3396 3908 regnare
3428 3841 3493 3891 ut
3521 3849 3842 3909 appaream

2185 3929 2568 4002 longanimis.

2255 4019 2401 4074 88]
2443 4039 2473 4068 «
2509 4021 2709 4088 Itaque
2742 4016 2914 4086 cujus
2943 4014 3071 4072 vult
3100 4013 3438 4071 miseretur.
3477 4035 3507 4064 »
3539 4019 3654 4072 etc.
3675 4012 3843 4072 Illius

2185 4109 2502 4164 miseretur
2533 4107 2634 4179 qui
2669 4105 3052 4162 miseratione
3075 4103 3291 4177 dignus
3323 4109 3413 4160 est
3446 4105 3698 4162 :durum
3735 4121 3845 4164 au-

2187 4205 2307 4254 tem
2341 4202 2399 4254 et
2428 4204 2863 4258 contumacem.
2899 4195 3114 4251 durum
3147 4210 3278 4251 esse
3307 4195 3621 4267 permittit.
3643 4197 3844 4265 Neque

2187 4288 2346 4343 enim
2362 4286 2575 4358 judicii
2600 4301 2864 4357 praesens
2892 4291 3124 4356 tempus
3143 4291 3252 4351 est,
3274 4285 3377 4342 sed
3409 4284 3598 4342 civilis
3618 4284 3842 4358 politim

2185 4393 2253 4432 ac
2276 4375 2568 4431 libertatis
2591 4374 3097 4432 arbitrii.0bdurat
3118 4382 3341 4440 autem,
3373 4375 3483 4431 hoc
3506 4375 3842 4443 est,durum‘

2187 4481 2314 4521 esse
2334 4464 2854 4537 sinit.permittens
2876 4465 2949 4520 ad
2973 4464 3203 4520 arbitrii
3223 4464 3578 4521 libertatem.
3605 4488 3625 4513 ι
3653 4465 3839 4531 Quem

2099 4572 2153 4638 D
2184 4560 2381 4612 autem
2425 4554 2550 4610 vult
2605 4554 2938 4611 obdurat.»
2995 4585 3064 4597 -ο
3117 4556 3456 4628 Tyrannum
3506 4555 3839 4628 {Egyptium

2184 4644 2330 4702 adeo
2354 4644 2537 4700 fuisse
2555 4643 2934 4707 obduratum,
2960 4661 3080 4700 non
3102 4648 3194 4700 est
3213 4642 3665 4716 intelligendum
3682 4643 3840 4717 quod

2185 4733 2381 4791 divino
2413 4734 2666 4791 consilio
2693 4735 2753 4790 in
2783 4735 2912 4806 ejus
2935 4734 3195 4790 animam
3221 4732 3415 4805 posita
3445 4732 3521 4789 sit
3547 4731 3835 4790 durities:

2185 4825 2288 4882 sed
2321 4826 2480 4898 quod
2524 4825 2796 4882 voluntas
2827 4826 2900 4882 ob
2958 4823 3409 4880 inclinationem
3453 4822 3530 4879 ad
3588 4824 3836 4893 malum,

2185 4931 2307 4972 non
2340 4916 2670 4987 susceperit
2698 4930 3033 4971 sermonem
3065 4913 3166 4985 qui
3198 4912 3479 4968 duritiem
3521 4913 3838 4970 em0lliret.

2187 5034 2254 5045 —
2284 5004 2604 5061 Obduravit
2635 5005 2788 5059 Deus
2833 5002 3224 5068 Pharaonem,
3285 5000 3736 5074 longanimitate
3767 5016 3836 5058 ac

2188 5094 2466 5167 supplicii
2525 5094 2867 5150 detentione
2925 5109 3148 5166 augens
3199 5091 3362 5149 illius
3416 5091 3729 5154 malitiam.
3768 5095 3835 5148 ut

2186 5183 2439 5242 adaucta
2461 5183 2525 5240 in
2556 5189 2886 5240 extremum
2899 5199 3087 5256 usque
3106 5183 3432 5242 terminum
3461 5183 3624 5240 illius
3642 5180 3830 5256 pravi-

2185 5279 2327 5344 tate,
2351 5274 2590 5347 justitia
2615 5274 2800 5332 divini
2821 5274 3039 5350 judicii
3069 5274 3358 5352 in-ipsum
3388 5280 3690 5350 appareat.

2257 5568 2354 5638 IX,
2383 5569 2562 5626 19-21.
2588 5591 2616 5618 ‹‹
2638 5555 2808 5626 DiCes
2835 5553 2973 5646 ergo
2999 5569 3144 5628 mihi
3171 5551 3359 5638 :Quid
3388 5565 3582 5625 adhuc
3630 5562 3834 5641 queri-

2187 5665 2281 5717 tur
2293 5658 2323 5717 ?
2335 5658 2624 5718 voluntati
2647 5659 2808 5720 enim
2821 5660 2870 5734 ej
2880 5678 2950 5720 us
2964 5661 3098 5737 quis
3115 5659 3356 5720 restitit?
3376 5657 3614 5730 Atqui,o
3627 5653 3832 5720 homo,
