4222 6194
401 295 519 355 515

1519 280 1928 344 ωΟυΜΕΝῙΙ
1973 278 2279 342 ΤΒΙΟΟΑΞ
2323 280 2674 344 EPISCOPI

3691 278 3812 342 516

402 449 430 481 α
444 433 506 484 tu
520 428 652 500 quis
665 443 727 482 es
741 424 840 495 qui
860 439 927 478 ex
941 420 1182 476 adverso
1201 416 1564 490 respondeas
1577 414 1726 472 Deo?
1741 413 1871 472 Num
1882 412 2010 471 dice

2152 420 2355 486 θρωπε,
2423 413 2485 467 σὺ
2551 411 2635 478 τίς
2703 414 2754 469 εἴ
2816 413 2844 469 6
2911 413 3440 489 ἀνταποκρινόμενος
3517 415 3599 484 τῷ
3660 415 3803 485 Θεῷ,

396 541 424 570 ››
457 519 803 592 ﬁgmentum
822 513 874 568 ei
900 511 998 583 qui
1020 528 1079 567 se
1108 510 1297 565 finxit:
1317 509 1468 575 Quid
1491 526 1584 565 me
1607 509 1689 563 ita
1711 504 2042 564 fecisti?An

399 630 427 656 «
459 603 1130 673 nonhabetpotestatem
1147 598 1566 672 ﬁguluslutiex
1601 596 1807 653 eadem
1846 611 2044 650 massa

396 720 424 746 ‹‹
458 697 670 760 facere,
695 692 858 749 aliud
879 691 1118 765 quidem
1149 707 1246 746 vas
1279 691 1340 745 in
1371 691 1682 756 honorem,
1713 687 1876 743 aliud
1905 702 2039 741 vero

408 807 436 834 ‹‹
470 785 530 841 in
559 782 947 856 ignominiam
982 781 1010 836 ?
1043 804 1069 829 n

463 877 764 946 Tanquam
798 889 866 928 ex
898 871 1289 942 consequenti
1321 867 1588 924 fortassis
1622 865 1784 922 dices
1821 883 1834 921 :
1889 866 2038 930 Quid

391 980 526 1037 ergo
559 963 857 1034 reliquum
889 967 978 1016 est
1000 960 1156 1031 apud
1178 976 1287 1014 nos
1316 959 1343 1013 ?
1375 959 1446 1013 Ut
1467 956 1755 1028 quidjam
1782 971 2037 1026 conque-

387 1055 539 1111 ritur
569 1058 626 1108 et
657 1052 883 1124 punit?
914 1053 1056 1106 Nam
1089 1050 1221 1122 quis
1253 1048 1476 1104 resistit
1509 1049 1636 1117 ejus
1687 1044 1936 1100 consilio
1969 1061 2035 1099 ac

385 1142 727 1201 voluntati?
758 1140 978 1196 Deinde
1022 1157 1087 1196 os
1119 1140 1240 1194 illis
1273 1139 1509 1192 obturat
1549 1136 1647 1208 qui
1681 1141 1894 1190 cuncta
1937 1134 2033 1190 Dei

387 1252 569 1309 opera
585 1233 789 1289 volunt
804 1232 1191 1304 inquirere,et
1214 1246 1418 1285 eorum
1447 1232 1602 1282 certe
1627 1227 1888 1281 rationes
1903 1242 2033 1296 quas

389 1325 517 1398 ipse
549 1324 689 1380 facit
717 1337 1091 1394 cognoscere.
1126 1320 1209 1375 Ob
1252 1335 1338 1385 ea,
1374 1318 1586 1388 inquit,
1644 1333 1774 1386 qua)
1830 1315 2029 1380 discis,

390 1415 608 1488 gratias
640 1411 812 1476 habe,
846 1417 1086 1482 propter
1127 1409 1230 1463 illa
1253 1424 1385 1462 vero
1411 1424 1541 1478 qua:
1571 1407 1805 1479 ignoras
1838 1421 1911 1459 ne
1943 1404 2034 1460 di-

393 1503 621 1568 scieris,
654 1517 846 1572 neque
876 1499 1150 1571 exquiras
1181 1504 1282 1554 aut
1313 1497 1544 1552 curiose
1578 1495 1878 1561 scruteris,
1903 1511 2030 1550 cer-

394 1592 621 1648 tissime
668 1605 1031 1662 cognoscens
1089 1588 1246 1658 quod
1271 1588 1433 1658 juste
1490 1591 1770 1655 rectaque
1804 1584 2028 1639 ratione

387 1679 689 1754 procedat,
726 1694 1066 1750 quanquam
1102 1683 1163 1732 tu
1195 1693 1433 1732 causam
1467 1675 1796 1747 ignores.Et
1829 1690 2026 1744 quan-

2155 503 2247 571 Μὴ
2309 501 2421 577 ἐρεῖ
2474 503 2537 557 τὸ
2599 501 2828 575 πλάσμα
2883 508 2963 575 τῷ
3019 500 3305 559 πλάσαντιο
3337 502 3398 558 Τί
3431 522 3500 575 με
3543 500 3804 572 ἐποίησας

2153 590 2368 654 οὕτως
2436 593 2503 649 ’Ἡ
2583 591 2680 647 οὐκ
2753 587 2872 672 ἔχει
2966 592 3204 664 ἐξουσίαν
3273 593 3302 647 6
3369 591 3636 668 κεραμεὺς
3707 595 3806 646 τοῦ

2149 681 2357 752 πηλοῦ,
2434 682 2494 738 ἐκ
2565 689 2664 738 τοῦ
2739 684 2905 740 αὐτοῦ
3008 685 3325 765 φυράματος
3411 690 3665 753 ποιῆσαι,
3739 683 3801 738 τὸ

2151 771 2246 843 μὲν
2276 772 2352 836 εἰς
2381 774 2548 845 τιμὴν
2579 777 2787 843 σκεῦος,
2821 775 2883 831 τὸ
2912 771 2968 830 δέ
3001 774 3077 835 εἰς
3106 773 3328 848 ἀτιμίαν
3357 792 3371 842 ;

2217 861 2307 922 Ὧς
2340 859 2387 931 ἐξ
2421 859 2749 926 ἀκολουθίας
2793 860 2926 927 ἴσως
2980 861 3148 937 ἐρεῖς
3206 861 3270 918 Τί
3327 861 3420 917 οὖν
3451 861 3644 917 λοιπὸν
3674 863 3807 936 παρ’

2147 950 2293 1021 ἡμᾶς
2320 969 2334 1018 ;
2366 948 2427 1004 Τί
2456 948 2536 1006 ’ἐτι
2593 950 2858 1031 μὲμιρεται
2917 952 3010 1007 καὶ
3067 949 3288 1021 κολάζει
3317 970 3332 1020 ;
3375 951 3466 1013 Τίς
3498 951 3601 1028 γὰρ
3632 950 3798 1006 αὐτοῦ

2146 1040 2456 1102 ἀνθίσταται
2513 1043 2582 1114 τῇ
2643 1038 2824 1116 βουλῇ
2877 1041 2968 1096 καὶ
3025 1046 3102 1113 τῷ
3162 1039 3474 1114 θελήματι;
3510 1040 3644 1098 Εἶτα
3676 1040 3798 1096 ἐπι-

2145 1128 2389 1202 στομίζει
2421 1130 2546 1192 τοὺς
2579 1131 2783 1192 πάντας
2817 1127 3072 1194 θέλοντας
3126 1135 3313 1204 μαθεῖν
3343 1130 3375 1185 ἃ
3405 1134 3552 1186 ποιεῖ
3582 1130 3610 1184 6
3643 1130 3796 1198 Θεὸς,

2142 1217 2390 1278 καὶτοὺς
2424 1215 2622 1294 λόγους
2670 1217 2844 1274 αὐτῶν
2904 1220 3067 1294 ἢγομεν
3125 1223 3231 1274 τῶν
3294 1220 3626 1296 πραγμάτων
3656 1215 3801 1274 εἷδέ-

2142 1327 2248 1363 ναι.
2303 1308 2462 1382 Ὑπὲρ
2519 1309 2623 1382 γὰρ
2682 1309 2756 1363 ὧν
2818 1311 3124 1383 μαρθάνεις,
3186 1309 3374 1389 φησὶν,
3460 1311 3622 1386 χάριν
3678 1306 3794 1384 ἔχε·

2145 1396 2276 1470 ὑπὲρ
2355 1397 2427 1451 ῶν
2503 1397 2739 1472 ἀγνοεῖς,
2822 1400 2897 1471 μή
2977 1396 3319 1474 δυσχέραινε,
3409 1401 3484 1471 μὴ
3564 1397 3796 1468 ἐξέταζε,

2145 1485 2220 1556 μὴ
2325 1482 2807 1562 πολυπραγμόνει,
2910 1488 3225 1563 γινώσκων,
3323 1482 3795 1564 πληροφοροῦμε-

2139 1594 2256 1642 νος,
2299 1573 2386 1630 ὅτι
2426 1573 2650 1637 δικαίως
2709 1574 2800 1630 καὶ
2856 1575 2992 1630 κατά
3050 1576 3208 1650 ὀρθὸν
3267 1573 3432 1652 λόγον
3487 1571 3792 1651 προϐαίνει,

2139 1661 2234 1718 κᾶν
2264 1663 2326 1718 σὺ
2355 1665 2481 1726 τοὺς
2523 1662 2727 1740 λόγους
2755 1664 2974 1741 ἀγνοῆς,
3013 1666 3111 1720 Καὶ
3163 1661 3349 1734 ἐπειδὴ
3385 1663 3558 1726 οὕτως
3589 1658 3696 1720 ἕκει
3731 1665 3794 1720 τὸ

388 1751 707 1842 doquidem
740 1767 954 1822 veritas
985 1767 1067 1821 ita
1092 1783 1152 1852 se
1185 1765 1381 1831 habet,
1418 1771 1479 1820 tu
1501 1766 1634 1835 quis
1665 1781 1795 1828 es,o
1829 1764 2003 1818 homo

2138 1751 2361 1822 ἀληθὲς,
2396 1777 2422 1802 ››
2462 1755 2536 1809 Σὺ
2586 1755 2669 1816 τίς
2718 1755 2764 1808 εἶ
2837 1753 2882 1808 ὦ
2935 1752 3186 1818 ἅνθσωτε
3242 1754 3602 1810 ἀνταποκνινό
3679 1777 3690 1792 ε

2771 1798 2784 1822 ν
3036 1807 3044 1828 ι
3143 1797 3156 1810 ·
3194 1799 3207 1825 ν
3401 1794 3413 1809 δ
3489 1797 3507 1829 r
3612 1775 3792 1828 μεθοεο

383 1860 484 1933 qui
516 1876 586 1915 ex
617 1858 860 1914 adverso
897 1859 1012 1912 Deo
1045 1855 1365 1927 respondes
1398 1854 1424 1907 ‘?
1458 1855 1571 1909 hoc
1600 1858 1706 1920 est,
1733 1869 2024 1925 repugnas

382 1966 451 2006 ac
475 1949 741 2005 discutis.
775 1949 845 2002 Et
874 1947 1024 2002 bene
1080 1947 1164 2001 ait
1195 1962 1207 1999 :
1243 1967 1270 1993 «
1303 1946 1385 2000 Tu
1443 1944 1575 2015 quis
1608 1960 1671 1998 es
1710 1946 1731 1998 ε’
1763 1966 1790 1992 ››
1824 1949 2022 1998 utrum

377 2037 491 2111 ipsi
506 2037 702 2092 socius
732 2052 794 2091 es
820 2036 882 2090 in
913 2033 1378 2106 principatu?an
1402 2033 1586 2104 judex
1599 2032 1896 2104 quispiam
1915 2048 1977 2086 es
1999 2031 2026 2086 ἱ)

376 2150 404 2178 ‹‹
438 2129 584 2184 Num
619 2126 774 2182 dicet
805 2125 1171 2199 figmentum.
1209 2147 1230 2174 ι
1269 2125 1393 2178 Non
1454 2123 1580 2178 haec
1627 2121 1771 2177 dicit
1800 2121 2018 2177 tollens

379 2216 608 2274 arbitrii
643 2215 1002 2278 libertatem,
1039 2214 1285 2268 minime
1333 2213 1619 2285 gentium,
1667 2211 1768 2267 sed
1821 2217 2018 2266 osten-

2139 1838 2435 1912 τουτέστιν,
2467 1844 2496 1897 6
2525 1842 2978 1917 ἀντιτασσόμενος
3033 1844 3122 1898 καὶ
3182 1843 3452 1920 ἐρευνῶνς
3513 1844 3690 1898 Καλὸν
3740 1840 3799 1900 δέ

2135 1931 2220 2001 τὸ,
2258 1955 2278 1981 α
2317 1930 2392 1986 Σὺ
2420 1929 2502 1994 τίς
2535 1932 2622 2000 ei;
2661 1955 2688 1983 ››
2723 1933 3011 2003 Κοινωνὸς,
3046 1934 3237 2011 φησὶν,
3271 1933 3323 1988 εἶ
3347 1940 3449 2003 τῆς
3481 1931 3663 2012 ἀρχῆς
3691 1931 3794 1987 αὗ-

2132 2025 2254 2092 τῷὶ
2304 2019 2450 2077 ἀλλὰ
2493 2023 2689 2096 κριτής
2745 2043 2830 2085 τις
2882 2022 2971 2091 et;
3025 2049 3052 2075 «
3085 2026 3174 2094 Μὴ
3211 2022 3322 2096 ἐρεῖ
3350 2024 3412 2078 τὸ
3453 2021 3728 2097 πλάσμα;
3763 2046 3791 2075 ››

2134 2110 2211 2168 Οὐ
2242 2112 2304 2167 τὸ
2334 2110 2672 2182 αὐτεξουσίον
2701 2111 2932 2187 ἀναιρῶν
2993 2111 3140 2189 λέγει
3173 2117 3360 2182 ταῦτα,
3393 2111 3569 2191 ἄπαγε
3597 2114 3610 2170 !
3644 2111 3792 2168 ἀλλά

2133 2197 2341 2263 δεικνὺς
2399 2202 2473 2264 ὡς
2531 2206 2659 2256 πᾶσι
2719 2201 2944 2276 τρόποις
3005 2204 3116 2278 χρὴ
3178 2201 3450 2268 πείθεσθαι
3507 2206 3590 2275 τῷ
3644 2205 3786 2274 Θεῷ.

2130 2289 2226 2345 κᾶν
2284 2290 2568 2366 ἀγνοῶμεν
2629 2291 2753 2353 τοὺς
2806 2289 3005 2368 λόγους
3056 2297 3165 2348 τῶν
3223 2293 3548 2370 γινομένων,
3605 2291 3680 2353 ὡς
3735 2290 3790 2347 ἐν

2129 2385 2209 2453 τῷ
2238 2403 2298 2458 γε
2350 2381 2593 2438 ἀπαιτεῖν
2652 2387 2762 2438 τῶν
2815 2382 3113 2458 γινομένων
3169 2382 3385 2444 εὐθύνας
3439 2383 3530 2438 τὸν
3587 2378 3781 2451 Θεὸνῆ

2135 2471 2209 2544 μή
2252 2471 2519 2538 ἀπαιτεῖν,
2580 2473 2866 2528 πεπεῖσθαι
2923 2474 3212 2547 προσήκει,
3270 2472 3567 2547 καθάπερὸ
3601 2469 3786 2542 πηλὸς

2128 2565 2208 2633 τῷ
2237 2566 2484 2634 κεραμεῖ.
2517 2585 2546 2612 ‹‹
2579 2562 2649 2618 Ἤ
2682 2560 2782 2616 οὐκ
2835 2559 2975 2641 ἔχει,
3011 2561 3250 2633 ἐξουσίαν
3279 2581 3292 2630 ;
3326 2585 3353 2614 ››
3389 2563 3568 2637 Ἔχει,
3601 2560 3784 2642 φησὶν,

2129 2648 2370 2720 ἐξουσίαν
2420 2651 2448 2704 6
2503 2651 2630 2712 Θεὸς
2691 2651 2720 2705 6
2779 2649 3005 2726 ἐγείρων
3060 2649 3188 2713 τοὺς
3246 2649 3488 2726 νεκροὺς,
3527 2649 3654 2712 τοὺς
3687 2651 3786 2723 μὲν

2127 2738 2202 2795 εἷς
2256 2736 2429 2809 δόξαν,
2488 2740 2616 2804 τοὺς
2673 2737 2730 2795 δέ
2786 2739 2864 2802 είς
2921 2739 3187 2817 αἰσχύνην
3245 2738 3468 2816 ἐγεῖραι,
3517 2741 3653 2795 κατὰ
3683 2741 3782 2808 τήν

2125 2827 2416 2903 ἀναλογίαν
2449 2834 2558 2884 τῶν
2589 2829 2797 2903 ἑκάστῳ
2854 2829 3127 2905 ἀνθρώπῳ
3179 2825 3555 2906 βεϐιωμένων.
3587 2828 3778 2892 Οὕτως

2126 2923 2154 2977 6
2187 2921 2238 2977 ἐν
2270 2923 2447 2996 ἁγίοις
2480 2919 2748 2988 Μεθόδιος
2792 2923 2844 2978 ἐν
2905 2928 2986 2996 τῷ
3039 2924 3166 2998 Περὶ
3226 2922 3566 2984 ἀναστάσεως
3601 2921 3777 2998 λόγῳ.

2125 3033 2152 3060 ‹‹
2191 3011 2256 3066 Ὀ
2299 3010 2393 3082 μὲν
2443 3010 2517 3073 είς
2584 3013 2753 3084 τιμὴν
2823 3015 3040 3080 σκεῦοσ,
3108 3012 3137 3065 6'
3203 3008 3262 3067 δέ
3325 3010 3402 3072 είς
3468 3010 3777 3083 ἀτιμίαν.»

2122 3099 2237 3157 Οὐκ
2287 3097 2474 3170 ἐπειδὴ
2530 3101 2658 3161 τοὺς
2714 3099 2807 3172 μὶν
2860 3099 3116 3175 ἀγαθοὺς,
3147 3099 3274 3162 τοὺς
3308 3096 3366 3156 δὲ
3396 3099 3460 3156 οὐ
3490 3099 3777 3164 τοιούτους

2116 3194 2264 3246 ποιεῖ
2293 3190 2322 3244 6
2353 3189 2505 3259 Θεὸς,
2565 3188 2779 3265 ἅπαγεί
2833 3187 2982 3245 ἀλλά
3036 3188 3213 3246 πάντά
3276 3190 3370 3263 μὶν
3418 3190 3484 3246 τὰ
3514 3193 3610 3245 τοῦ
3639 3194 3776 3246 Θεοῦ

2114 3282 2352 3362 χρηστὰ,
2383 3282 2519 3358 πρὸς
2546 3281 2751 3344 πάντας
2807 3279 2983 3350 κοίνὰ,
3039 3281 3130 3336 καὶ
3191 3279 3255 3338 τό
3304 3301 3367 3359 γε
3401 3282 3535 3350 ἧκον
3571 3280 3645 3343 είς
3675 3280 3774 3336 αὖ·

2112 3371 2226 3439 τὸν,
2258 3370 2500 3427 τουτέστι
2551 3370 2688 3428 γατά
2743 3372 2843 3441 τήν
2903 3371 3098 3428 ἑαυτοῦ
3161 3370 3368 3447 βουλήν
3401 3369 3493 3426 καῖ
3526 3369 3770 3444 θίλησιν,

2117 3455 2379 3516 ἐϐούλετο
2445 3459 2642 3522 πάντας
2729 3458 3063 3534 εὐδοκιμεῖν,
3128 3461 3218 3516 καὶ
3287 3458 3564 3534 ἐναρέτους
3636 3461 3769 3516 εἶναι

2115 3551 2204 3606 καὶ
2258 3552 2502 3614 πιστούς.
2565 3550 2728 3608 Ἀλλ’
2775 3553 2849 3615 ὡς
2899 3553 3033 3627 πρὸς
3075 3552 3175 3620 τήν
3219 3551 3457 3623 ἐξουσίαν
3490 3551 3556 3622 ἢν
3588 3547 3707 3627 ἔχει
3738 3551 3767 3607 6

2113 3642 2242 3704 Θεὸς
2274 3647 2447 3697 ποιεῖν
2485 3641 2515 3697 ἂ
2547 3640 2828 3718 βούλεται,
2888 3645 3054 3698 τοῦτο
3086 3641 3236 3714 αὐτῷ
3267 3639 3498 3716 εἴρηται.
3540 3641 3768 3709 Πάντως

376 2307 524 2364 dens
547 2305 704 2378 quod
729 2304 1004 2360 omnibus
1028 2303 1219 2358 modis
1244 2304 1359 2357 Deo
1395 2302 1804 2373 obtemperare
1845 2319 2020 2372 opor-

376 2400 515 2463 teat,
573 2409 912 2467 quanquam
972 2408 1178 2447 eorum
1210 2409 1340 2463 qum
1373 2391 1524 2446 ﬁunt
1565 2391 1825 2446 rationes
1860 2392 2019 2464 igno-

376 2501 616 2541 remus:
659 2482 815 2556 quod
844 2483 904 2537 in
947 2479 1216 2553 petendis
1249 2486 1349 2536 aut
1381 2497 1499 2534 non
1533 2480 1803 2551 petendis
1835 2496 1868 2534 a
1902 2481 2014 2535 Deo

374 2573 712 2631 rationibus
737 2587 1064 2642 eorumque
1084 2570 1618 2639 contingunt,332
1639 2568 2014 2624 obedientem

377 2681 506 2722 esse
529 2663 802 2720 convenit
821 2660 1323 2734 quemadmodum
1345 2659 1533 2714 lutum
1557 2666 1645 2714 est
1668 2659 1864 2731 ﬁgulo.
1881 2682 1906 2707 α
1928 2662 2014 2714 An

374 2771 496 2811 non
522 2753 700 2810 habet
726 2758 1077 2824 potestatem
1109 2750 1321 2821 ﬁgulus
1355 2749 1484 2805 luti.
1521 2772 1546 2796 ››
1569 2748 1773 2811 Habet,
1797 2749 2012 2818 inquit,

375 2850 728 2918 potestatem
766 2843 938 2898 Deus.
970 2841 1070 2912 qui
1113 2840 1329 2895 excitat
1353 2845 1636 2906 mortuos,
1670 2845 1727 2892 ut
1754 2839 1858 2893 hos
1891 2840 2013 2909 qui-

375 2935 510 2994 dem
541 2934 615 2990 ad
647 2933 894 3006 gloriam
928 2930 1303 2988 excitet.illos
1326 2945 1460 2983 vero
1485 2929 1556 2984 ad
1575 2929 2009 2996 confusionem,

369 3027 544 3098 juxta
569 3022 1017 3093 congruentiam
1040 3037 1246 3076 eorum
1279 3037 1409 3090 quae
1424 3019 1494 3075 ab
1519 3035 1877 3090 unoquoque
1907 3019 2012 3074 ho-

373 3116 534 3172 mine
566 3119 695 3169 acta
725 3117 864 3169 sunt
895 3112 955 3166 in
989 3111 1122 3166 vita.
1154 3111 1236 3165 Ita
1259 3109 1437 3165 habet
1467 3109 1634 3164 divus
1658 3108 2008 3172 Methodius,

369 3205 525 3262 libro
549 3205 624 3258 De
643 3204 1056 3258 resurrectione.
1088 3223 1114 3249 ‹‹
1148 3199 1313 3254 Aliud
1337 3199 1579 3270 quidem
1599 3215 1695 3252 vas
1715 3198 1775 3252 in
1820 3198 2003 3253 hono-

367 3310 518 3357 rem,
550 3291 711 3345 aliud
744 3307 877 3345 vero
902 3290 962 3344 in
994 3289 1401 3360 ignominiam.
1461 3310 1487 3337 ››
1526 3289 1649 3344 Non
1709 3288 1867 3358 quod
1898 3287 2004 3344 hos

367 3379 611 3454 quidem
643 3378 851 3438 bonos.
884 3377 1032 3432 alios
1064 3394 1198 3432 vero
1234 3377 1422 3432 malos
1466 3376 1643 3431 faciat
1693 3377 1862 3432 Deus.
1891 3379 1997 3434 Ne-

368 3483 689 3542 quaquam.
715 3465 817 3522 sed
849 3472 1062 3520 cuncta
1085 3465 1185 3519 Dei
1218 3481 1399 3535 opera
1430 3465 1585 3520 bona
1612 3467 2007 3537 sunt.etqund

365 3557 440 3616 ad
473 3572 535 3613 se
569 3555 802 3615 attinet.
853 3554 965 3608 hoc
1003 3559 1113 3610 est.
1141 3554 1313 3623 juxta
1371 3571 1542 3608 suum
1603 3553 1787 3624 ipsius
1821 3555 2009 3610 consi-

365 3647 515 3706 lium
546 3661 614 3702 ac
638 3644 1022 3709 voluntatem,
1075 3657 1284 3697 omnes
1340 3642 1519 3698 vellet
1578 3641 1792 3713 probos
1853 3661 2002 3711 esse,

363 3735 662 3795 studiosos
692 3750 759 3790 ac
791 3732 997 3789 ﬁdeles
1032 3748 1045 3786 :
1081 3730 1182 3787 sed
1214 3730 1390 3787 veluti
1423 3747 1490 3786 ex
1520 3736 1807 3802 potestate
1825 3750 2002 3803 quam

2124 3736 2173 3794 5‘s
2201 3740 2387 3804 καλῶς
2415 3741 2505 3796 καὶ
2537 3740 2856 3815 πρεπόντως
2886 3745 3057 3809 ποιεῖ,
3087 3739 3182 3795 κᾶν
3213 3741 3376 3814 ἡμεῖς
3406 3737 3534 3801 τοὺς
3565 3738 3768 3814 λόγους

362 3826 542 3884 habet
597 3826 751 3880 Deus
779 3828 846 3879 ut
896 3821 1075 3878 faciat
1117 3837 1248 3891 qum
1307 3819 1574 3883 voluerit,
1604 3820 1711 3874 hoc
1769 3821 1841 3876 ab
1874 3823 2000 3893 ipso

356 3916 584 3974 dictum
617 3918 722 3968 est.
769 3911 1022 3966 Pulchre
1081 3917 1282 3965 autem
1335 3925 1402 3964 ac
1461 3909 1744 3965 decenter
1799 3912 2002 3967 omnia

353 4005 518 4068 facit,
575 4017 919 4074 quanquam
977 4016 1087 4055 nos
1131 4014 1339 4055 causas
1380 3998 1738 4070 ignoremus,
1793 4007 1851 4056 et
1877 4002 1992 4059 ait:

353 4090 865 4161 Quemadmodum
921 4089 1135 4158 ﬁgulus
1191 4087 1350 4160 quod
1399 4088 1522 4144 vult
1567 4087 1724 4156 facit,
1769 4090 1992 4148 lutum~

357 4200 472 4257 que
502 4182 654 4239 nihil
686 4179 1039 4237 contradicit
1067 4185 1170 4234 aut
1199 4178 1532 4234 sciscitatur
1559 4195 1572 4234 :
1607 4179 1686 4234 ita
1718 4197 1910 4253 neque
1934 4188 1993 4240 tu

2111 3828 2416 3905 ἀγνοῶμεν,
2447 3831 2538 3885 καὶ
2571 3851 2758 3904 φησιν.
2789 3832 2992 3902 ’Ὠσπερ
3019 3831 3048 3886 6
3074 3828 3342 3905 κεραμεὺς
3365 3827 3395 3884 ὅ
3421 3826 3566 3892 θέλει
3597 3831 3766 3897 ποιεῖ,

2107 3918 2194 3973 καὶ
2230 3921 2257 3974 6
2291 3918 2467 3986 πηλὸς
2518 3917 2668 3976 οὐδὲν
2698 3918 2974 3995 ἀντιλέγει
3032 3919 3067 3990 ἢ
3127 3917 3552 3994 περιεργάζεταιο
3581 3915 3760 3978 οὕτως

2111 4005 2250 4082 μηδὲ
2281 4009 2363 4077 σὺ,
2399 4009 2552 4087 φησὶ,
2585 4012 2965 4086 περιεργάζου,
3015 4005 3052 4078 ἤ
3102 4009 3306 4084 ἀγνοῶν
3356 4004 3693 4083 δυσχέραινε,
3729 4005 3762 4062 ἃ

2105 4096 2164 4152 ἄν
2195 4099 2222 4154 ὸ
2256 4098 2384 4161 Θεός
2417 4120 2474 4154 σε
2501 4098 2710 4173 ἀγνοεῖν
2774 4097 3068 4173 βοῦληται.
3124 4096 3227 4156 Καὶ
3281 4096 3471 4172 ἅγνοιά
3508 4115 3592 4152 σοι
3621 4094 3761 4150 πάν-

2101 4209 2208 4250 τως
2240 4187 2520 4264 συμνρὲρει·
2554 4185 2590 4257 ἤ
2623 4188 2725 4265 γὰρ
2784 4185 2843 4242 ἂν
2900 4185 3194 4263 ἐδιδάχθης
3239 4187 3316 4249 εἰς
3348 4185 3380 4241 ἃ
3411 4185 3510 4241 οὐκ
3538 4181 3763 4258 ἔμαθες,

357 4273 591 4333 curiose
614 4272 897 4329 scruteris
936 4276 1038 4326 aut
1066 4269 1402 4325 discutieris
1455 4268 1612 4339 quod
1645 4269 1748 4326 illa
1778 4272 2013 4345 ignores
2043 4295 2174 4350 quaa
2207 4280 2360 4336 Deus
2394 4286 2445 4335 te
2480 4279 2732 4336 voluerit
2785 4279 3080 4353 ignorare.
3137 4278 3368 4334 Etenim
3427 4277 3765 4351 ignorantia

355 4362 463 4420 tibi
495 4363 740 4419 omnino
768 4361 932 4416 utilis
962 4364 1052 4414 est
1083 4375 1096 4412 :
1122 4357 1342 4429 alioqui
1365 4357 1610 4413 edoctus
1634 4374 1795 4416 esses
1817 4363 1876 4417 in
1901 4364 1993 4422 bis
2025 4384 2157 4439 qua)
2191 4385 2303 4424 nor.
2339 4368 2726 4442 intelligeres.

423 4452 518 4519 IX,
548 4452 732 4506 22-25.
764 4473 783 4498 α
803 4448 970 4515 Quod
995 4448 1041 4502 si
1067 4448 1220 4502 Deus
1242 4446 1442 4502 volens
1465 4448 1780 4503 ostendere
1811 4452 1980 4519 iram,

2168 4454 2231 4512 Ei
2306 4452 2364 4510 δὲ
2439 4453 2611 4519 θέλων
2685 4457 2714 4511 6
2790 4455 2919 4518 Θεὸς
2992 4451 3320 4526 ἐνδείξασθαι
3387 4453 3486 4523 τήν
3553 4451 3756 4528 ὀργὴν,

354 4564 376 4592 ι
398 4548 456 4596 et
470 4546 669 4598 notam
687 4540 880 4596 facere
895 4537 1214 4611 potentiam
1227 4552 1415 4598 suam,
1442 4536 1775 4592 tulitmulta
1793 4539 1993 4612 longa-

351 4651 382 4682 α
406 4631 678 4688 nimitate
694 4645 830 4685 vasa
851 4629 952 4684 ira:
974 4631 1257 4698 apparata
1278 4624 1338 4679 in
1359 4624 1662 4680 interitum
1687 4645 1700 4692 ;
1723 4633 1780 4681 et
1802 4635 1868 4684 ut
1884 4647 1989 4686 no-

354 4742 382 4772 α
413 4726 503 4776 tas
521 4719 982 4777 faceretdivitias
995 4717 1195 4790 glorias
1212 4731 1332 4770 sua:
1346 4715 1553 4769 invasa
1567 4715 1990 4776 misericordia

351 4831 380 4860 ιι
417 4825 546 4881 quas
579 4809 929 4881 praeparavit
957 4808 1017 4862 in
1046 4807 1293 4880 gloriam
1327 4823 1340 4860 :
1376 4821 1524 4877 quos
1554 4811 1610 4860 et
1642 4810 1884 4872 vocavit.
1907 4811 1992 4866 ni-

355 4920 377 4949 ε
414 4897 632 4954 mirum
655 4913 764 4953 nos
794 4915 808 4952 :
845 4913 965 4953 non
997 4895 1190 4952 solum
1223 4911 1292 4950 ex
1321 4893 1556 4964 Judmis,
1589 4911 1789 4953 verum
1810 4899 1989 4957 etiam

350 5010 379 5038 α
415 5003 484 5044 ex
504 4985 801 5061 gentibus.
836 5007 864 5035 ι)

419 5075 950 5150 Longanimitatem
982 5073 1166 5130 voluit
1194 5072 1530 5141 ostendere,
1567 5074 1670 5131 sed
1701 5078 1841 5149 quia
1886 5080 1986 5136 Dei

343 5164 799 5240 longanimitate
817 5163 890 5221 ad
910 5164 1089 5220 vitam
1108 5162 1461 5233 flagitiosam
1475 5163 1696 5222 abusus
1711 5167 1991 5233 est,dein-

345 5271 486 5332 ceps
514 5253 695 5312 etiam
727 5254 876 5311 iram
908 5251 1188 5311 ostendit.
1214 5276 1234 5300 ο
1261 5251 1638 5324 Videjudicia
1667 5255 1791 5312 Dei.
1813 5278 1842 5308 ι)
1867 5259 1986 5316 Ah.

345 5351 449 5404 ter.
483 5346 596 5403 Per
623 5345 734 5403 hoc
763 5341 924 5419 quod
974 5343 1059 5400 ait
1113 5359 1127 5399 :
1159 5363 1188 5395 α
1214 5341 1381 5409 Quod
1410 5343 1459 5400 si
1484 5343 1638 5401 Deus
1665 5345 1869 5404 volens
1889 5365 1987 5406 os-

347 5434 615 5494 tendere.
648 5456 679 5488 »
691 5441 795 5492 aut
804 5434 969 5508 prius
984 5437 1402 5505 argumentum
1430 5431 1988 5510 declarat.pluribus

345 5523 500 5585 illud
553 5525 811 5583 dilatans
866 5539 935 5582 ac
964 5523 1381 5588 manifestans,
1413 5528 1518 5578 aut
1543 5526 1781 5598 proprie
1814 5527 1888 5583 ad
1919 5546 1989 5587 ea

350 5631 484 5690 quo
512 5613 671 5673 dicta
702 5619 845 5674 sunt
872 5607 1125 5672 alterum
1156 5610 1404 5680 inducit,
1437 5612 1594 5683 quod
1639 5614 1832 5674 eidem
1866 5634 1986 5677 ser-

2104 4545 2192 4599 καῖ
2251 4543 2507 4621 γνωρίσαι
2566 4546 2629 4600 τὸ
2691 4543 2912 4602 δυνατὸν
2973 4545 3161 4614 αὑτοῦ,
3222 4545 3448 4620 ἤνεγκεν
3509 4541 3562 4598 ἐν
3616 4541 3756 4598 πολι

2105 4630 2178 4706 λῇ
2259 4634 2609 4708 μακροθυμίᾳ
2681 4633 2846 4706 σκεύη
2925 4635 3096 4710 ὀργῆς
3167 4631 3577 4709 κατηρτισμένα
3678 4631 3754 4695 εἰς

2101 4721 2398 4779 ἀπώλειανο
2475 4724 2562 4778 καὶ
2664 4721 2756 4778 ⁹ίνα
2827 4724 3068 4799 γνωρίσῃ
3144 4722 3236 4779 τὸν
3343 4722 3582 4778 πλοῦτον
3655 4728 3755 4790 τῆς

2102 4808 2263 4882 δόξης
2340 4812 2505 4868 αὐτοῦ
2580 4811 2669 4868 ἐπὶ
2745 4812 2907 4885 σκεύη
2978 4811 3164 4874 ἐλέους
3237 4809 3270 4866 ἃ
3344 4811 3750 4886 προητοίμασεν

2101 4899 2176 4960 εἷς
2254 4897 2432 4972 δόξαν·
2509 4902 2602 4964 οὕς
2675 4901 2764 4957 καὶ
2839 4900 3114 4972 ἐκάλεσεν,
3191 4903 3357 4976 ἡμᾶς,
3448 4899 3510 4956 οὐ
3589 4899 3752 4974 μόνον

2100 4989 2152 5062 ἐξ
2181 4987 2484 5057 Ἰουδαίων,
2515 4990 2661 5047 ἀλλὰ
2691 4992 2781 5047 καὶ
2813 4991 2862 5063 ἐξ
2895 4991 3078 5056 ἐθνῶν.

2173 5082 2561 5156 Μακροθυμίαν
2618 5079 2887 5152 ἠθέλησεν
2947 5078 3300 5152 ἐνδείξασθαι,
3371 5079 3496 5137 ἀλλ’
3562 5075 3750 5148 ἐπειδὴ

2101 5167 2175 5232 είς
2232 5169 2492 5226 ἀπόνοιαν
2548 5173 2615 5244 τῇ
2677 5170 3024 5246 μακροθυμίᾳ
3081 5173 3178 5226 τοῦ
3253 5168 3387 5226 Θεοῦ
3446 5167 3751 5246 ἐχρήσατο,

2097 5259 2186 5317 καὶ
2244 5258 2440 5316 λοιπὸν
2496 5259 2666 5337 ὀργῆν
2739 5257 3052 5333 ἐνεδείξατο.
3112 5285 3141 5312 ‹‹
3199 5261 3338 5334 Ὀρα
3393 5258 3460 5314 τὰ
3513 5258 3755 5333 κρίματα

2096 5354 2194 5406 τοῦ
2223 5353 2376 5406 Θεοῦ.
2412 5372 2441 5401 »
2487 5381 2554 5394 -
2606 5349 2706 5407 Καὶ
2757 5347 2966 5413 ἄλλως.
3015 5349 3232 5426 [ΦΩἹᾋ
3280 5348 3378 5416 Τὸ,
3423 5371 3453 5399 α
3485 5346 3548 5405 Εἰ
3579 5343 3638 5402 δέ
3664 5345 3754 5402 θὶ-

2097 5437 2213 5496 λων
2242 5439 2271 5494 6
2302 5435 2433 5499 Θεὸς
2479 5435 2829 5512 ἐνδεξξασθαι,
2863 5462 2892 5491 »
2935 5438 2971 5510 ἢ
3021 5442 3121 5497 τοῦ
3171 5437 3277 5517 πρὸ
3328 5435 3496 5494 αὖτοῦ
3537 5434 3745 5508 ἐπιχει-

2098 5529 2348 5605 ρήματός
2406 5525 2547 5582 ἐστιν
2605 5526 3004 5605 ἐξαγγελτικὸν,
3063 5523 3155 5583 διὰ
3222 5524 3493 5584 πλειόνων
3569 5521 3743 5578 ἐκεῖνο

2098 5615 2376 5674 πλατύνον
2428 5615 2516 5673 καὶ
2550 5615 2922 5702 ἀπαγγέλλον,
2953 5617 2988 5690 ἢ
3023 5614 3179 5680 ἰδίως
3213 5616 3348 5694 πρὸς
3377 5619 3490 5676 τοῖς
3522 5610 3749 5689 εἰρημέ-
