4222 6194
391 259 512 320 517

1474 252 1888 315 COMMENT.
1935 253 2017 316 ΙΝ
2059 253 2315 318 EPIST.
2362 257 2464 319 AD
2507 258 2688 321 ROM.

3683 266 3803 330 518

389 411 505 453 νοις
536 386 718 463 ἕτερον
759 389 988 467 εἰσάγει,
1044 386 1122 450 εἲς
1179 388 1276 458 τὴν
1338 385 1502 456 αὐτήν
1563 387 1813 443 ὑπόθεσιν
1862 406 2039 443 συντε-

2161 391 2278 448 viat
2305 395 2628 466 proposito.
2663 393 2953 468 Oportuit,
3005 396 3223 470 inquit,
3285 403 3487 456 notam
3541 401 3798 475 ﬂeripu-

391 479 547 538 λοῦν.
608 475 781 547 Ἔδει,
841 478 998 552 φησὶ,
1085 478 1451 554 γνωρισθῆναι
1517 477 1616 546 τήν
1681 478 2045 550 τιμωριτικήν

393 555 626 642 δύναμιν
681 573 780 625 τοῦ
839 571 996 635 Θεοῦ,
1054 560 1162 622 ἔδει
1223 566 1321 634 τὴν
1384 562 1919 642 μακροθυμίαν,ἔδει
1957 567 2049 636 τὴν

393 658 806 741 φιλανθρωπίαν
865 659 955 714 καὶ
1016 658 1079 713 τὸ
1118 651 1295 721 ἔλεος,
1354 657 1444 711 καὶ
1503 658 1601 726 τὴν
1647 654 1849 736 ἄφατον
1883 655 2049 712 αὐτοῦ

394 749 553 820 δόξαν
616 749 709 804 καὶ
766 745 1008 818 πολλήν.
1063 750 1243 804 Ταῦτα
1302 743 1360 801 δὲ
1415 746 1574 802 πόθεν
1636 743 1946 813 δείκνυται;
1991 746 2050 802 ἐκ

393 845 504 895 τῶν
565 836 867 894 δοκούντων
923 843 1041 898 τοῖς
1097 833 1335 897 πολλοῖς
1394 831 1745 912 παραλόγων.
1807 838 1899 890 Ἰικ
1953 838 2048 890 τοῦ

395 929 624 1005 Φαραὼ,
657 927 716 984 ἐκ
745 932 840 984 τοῦ
871 926 1096 983 καλέσαι
1125 927 1218 982 τὸν
1275 925 1337 980 οὐ
1395 925 1552 995 Λαὸν,
1585 925 1740 994 λαὸν,
1771 924 1833 980 ἐκ
1858 931 1956 981 τοῦ
1984 925 2048 980 τὸ

390 1017 748 1092 κατάλειμμα
808 1023 1070 1085 σωθῆναι,
1154 1015 1246 1070 καὶ
1324 1014 1385 1070 ἐκ
1438 1018 1548 1069 τῶν
1623 1013 2043 1088 παραπλησίων.

389 1109 554 1164 Ὥστε
608 1107 658 1178 ἐξ
718 1108 792 1163 ὧν
852 1108 904 1162 οἳ
961 1107 1272 1184 ἀγνώμονες
1328 1102 1540 1160 ἀδικίαν
1581 1104 2047 1182 καταψηφίζονται

387 1202 488 1254 τοῦ
515 1202 673 1264 Θεοῦ,
732 1198 784 1253 ol.
847 1196 1186 1271 εὐγνώμονες
1243 1192 1459 1270 μεγάλα
1513 1191 1904 1270 κερδαίνουσιν.
1937 1193 2050 1250 υῦκ

388 1285 496 1359 ἄρα
526 1289 561 1357 ἡ
592 1291 699 1344 τῶν
746 1289 1085 1364 πραγμάτων
1140 1285 1296 1364 φύσις
1350 1281 1466 1362 ἔχεϊ
1496 1285 1558 1340 τὸ
1590 1282 1818 1361 ἄπορον,
1853 1281 1979 1340 ἀλλ’
2011 1288 2045 1355 ἠ

388 1380 502 1432 τῶν
529 1375 994 1452 ἀγνωμονούντων
1026 1378 1087 1431 τὸ
1122 1375 1476 1454 βλάσφημον.

465 1464 712 1527 Ἄλλως.
745 1465 845 1536 Τὸ,
886 1490 910 1518 ιι
937 1464 998 1522 Εἰ
1027 1462 1085 1520 δὲ
1110 1465 1308 1533 θέλων,
1336 1490 1362 1515 υ
1383 1464 1473 1520 καὶ
1505 1465 1648 1538 ἑξῆς,
1678 1469 1785 1520 τῶν
1816 1464 1920 1539 πρὸ
1951 1465 2047 1519 αύ-

383 1557 485 1609 τοῦ
514 1551 774 1628 ἤρτηται.
825 1553 884 1611 El
939 1551 1138 1622 θέλων,
1189 1553 1370 1632 φησὶν,
1432 1555 1459 1608 6
1518 1554 1646 1616 Θεὸς
1696 1551 2045 1627 ἐνδείξασθαι,

382 1643 481 1698 καὶ
527 1639 616 1698 ’ίνα
673 1643 940 1719 γνωρίσῃ,
1000 1643 1094 1698 καὶ
1153 1643 1262 1698 ἐκεῖ
1314 1643 1688 1714 κληθήσονται
1746 1643 1856 1698 υἱοὶ
1914 1646 2048 1698 Θεοῦ

386 1740 585 1806 ζῶτος,
635 1734 724 1790 καὶ
789 1736 846 1790 τὸ
904 1732 1259 1808 κατάλειμμα
1295 1739 1390 1790 τοῦ
1448 1734 1669 1810 Ἰσραὴλ
1721 1735 2046 1804 σωθήσεται,
2077 1759 2124 1824 Β

391 1822 438 1877 εἰ
498 1827 664 1878 ταῦτα
718 1827 887 1891 ποιεῖ,
948 1824 1010 1878 σὺ
1067 1823 1150 1885 τίς
1211 1823 1262 1879 εἶ
1316 1825 1344 1878 6
1385 1823 1911 1897 ἀνταποκρινόμενος
1966 1826 2044 1892 τῷ

388 1916 547 1983 Θεῷ;
602 1933 628 1965 ε
678 1908 1038 1984 Ἐνδείξασθαι
1089 1913 1191 1981 τὴν
1251 1913 1444 1990 ὀργῆν.
1499 1936 1528 1965 ››
1587 1913 1924 1986 {OlKOI‘M.]
1974 1943 2046 1956 —

385 2002 504 2060 Οῦκ
530 1999 634 2076 ἄρα
665 2002 832 2076 ὀργῆς
875 2001 1033 2058 πάθει
1081 2000 1208 2072 ἥλω
1248 2003 1400 2069 Θεὸς,
1432 2001 1640 2078 ἄπαγει
1694 1999 1823 2057 ἀλλ’
1853 1999 2041 2071 ἐπειδὴ

387 2094 556 2145 ταῦτα
611 2088 870 2161 ἐποίησεν
903 2089 934 2146 ἃ
963 2092 1128 2164 ἡμεῖς
1160 2090 1507 2166 ὀργιζόμενοι
1558 2096 1845 2165 ποιοῦμεν,
1877 2093 2043 2166 ὀργὴν

385 2180 452 2236 τὸ
481 2183 710 2258 πρᾶγμα
741 2179 802 2236 ἐκ
827 2185 924 2236 τοῦ
981 2182 1117 2252 ἡμῖν
1175 2181 1458 2256 γνωρίμου
1517 2179 1790 2238 ἐκάλεσεν.
1823 2205 1851 2234 ‹‹
1882 2183 2041 2238 "Hvr-

383 2292 514 2338 γκεν
547 2270 597 2325 ἐν
629 2270 816 2343 πολλῇ
851 2269 1204 2344 μακροθυμίᾳ
1251 2270 1414 2342 σκεύη
1467 2273 1659 2348 ὀργῆς.
1697 2297 1718 2325 ι
1757 2269 2037 2340 Τουτέστι,

385 2359 527 2414 πάνυ
584 2357 1062 2435 ἐμακροθύμησεν,
1121 2360 1197 2423 εἷς
1260 2361 1543 2433 μετάνοιαν
1606 2358 1751 2438 ἄγων
1799 2362 1892 2416 τὸν
1922 2366 2037 2415 Φαα

385 2449 646 2524 ραώ.ᾭς
678 2446 735 2504 δὲ
784 2448 882 2504 οὐκ
939 2449 1075 2518 ἦλθε
1132 2450 1268 2524 πρὸς
1322 2450 1727 2530 σωφρονισμὸν,
1761 2448 2040 2525 ἐτιμωρή-

388 2558 522 2592 σατο
568 2538 748 2594 αύτόν.
809 2565 834 2593 ι
866 2539 1042 2609 Σκεύη
1099 2538 1290 2614 ὀργῆς.
1325 2563 1353 2591 ››
1410 2541 1471 2599 Ὁ
1506 2542 1600 2613 μὲν
1631 2539 1760 2602 Θεὸς
1801 2538 2041 2614 ἐμακρο-

388 2625 628 2699 θύμησεν
662 2626 747 2683 ἐπ’
796 2627 980 2698 αὐτὸν,
1013 2629 1041 2684 6
1075 2625 1133 2684 δὲ
1182 2631 1383 2703 Φαραὼ
1413 2628 1594 2704 γέγονε
1624 2633 1808 2689 σκεῦος
1841 2627 2036 2703 δργῆς,

383 2715 680 2785 τουτέστιν,
741 2717 1021 2792 ἄνθρωπος
1073 2718 1172 2786 τήν
1230 2722 1327 2772 τοῦ
1384 2723 1518 2774 Θεοῦ
1569 2717 1814 2772 ἀνάπτων
1849 2719 2035 2794 ὀργήν,

381 2805 548 2875 ἤτὴν
610 2811 706 2861 τοῦ
764 2811 898 2863 Θεοῦ
955 2807 1122 2882 ὀργήν
1181 2805 1584 2882 ἐπισπώμενος.
1643 2806 1741 2862 Καὶ
1783 2807 1844 2862 ού
1875 2811 2035 2862 τοῦτο

388 2894 577 2970 μόνον,
608 2895 777 2966 am,
808 2896 899 2950 καὶ
941 2896 1016 2958 εἰς
1063 2895 1340 2954 ἀπώλειαν
1384 2897 1840 2973 κατηρτισμίνος,
1878 2919 2038 2953 τουτ-

386 2985 555 3053 έστιν,
589 2985 994 3058 ἐπηρτισμὲνος
1052 2987 1142 3041 καὶ
1198 2985 1619 3060 τετελειωμένος
1667 2988 1804 3062 πρὸς
1834 2987 1896 3043 τὸ
1930 2983 2038 3041 δεῖν

387 3073 708 3130 ἀπολέσθαι*
770 3070 959 3144 δηλῶν
1016 3076 1100 3130 ὅτι
1157 3075 1320 3136 αὐτός
1379 3075 1518 3131 ἐστιν
1575 3075 1750 3140 αἲτιος
1804 3082 1901 3144 τῆς
1941 3079 2037 3130 τοῦ

388 3167 523 3219 Θεοῦ
552 3164 719 3238 ὀργῆς
747 3165 836 3219 καὶ
888 3171 988 3233 τῆς
1048 3165 1240 3220 ἑαυτοῦ
1291 3163 1592 3227 ἀπωλείας.
1624 3164 1702 3222 Οὐ
1734 3165 1835 3241 γάρ
1867 3162 2038 3226 αἴτιος

388 3254 416 3307 ὁ
449 3252 575 3314 Θεὸς
608 3256 716 3307 τῶν
767 3257 970 3323 κακῶν,
1028 3250 1155 3310 ἀλλ’
1211 3251 1433 3315 ἕκαστος
1491 3253 1678 3308 ἑαυτὸν
1711 3254 2036 3308 κατασκευά-

387 3347 468 3411 ζει
532 3345 723 3403 σκεῦος
783 3341 970 3419 ὀργῆς,
1036 3342 1276 3416 καθάπερ
1340 3343 1430 3397 καὶ
1493 3346 1680 3407 σκεῦος
1726 3341 2041 3421 φιλανθρω-

385 3430 532 3500 πίας,
589 3431 890 3499 τουτέστιν,
950 3431 1156 3495 ἐλέους.
1220 3432 1408 3494 Οὕτως
1463 3430 1552 3487 καί
1612 3432 1642 3487 ὁ
1700 3432 1926 3502 Φαραὼ,
1977 3429 2037 3486 οῦ

384 3520 533 3596 παρά
559 3521 654 3577 τὸν
711 3521 862 3591 Θεὸν,
921 3519 1069 3578 ἀλλὰ
1124 3521 1270 3595 παρά
1334 3522 1433 3590 τήν
1486 3520 1686 3576 οἰκείαν
1718 3522 1909 3576 κακίαν
1941 3524 2036 3578 πέ-

383 3611 578 3665 πονθεν
630 3607 663 3665 ἃ
710 3608 989 3668 πέπονθεν.
1050 3634 1077 3662 ιι
1114 3607 1524 3686 Κατηρτισμένα
1566 3608 1644 3674 εἷς
1673 3608 1970 3666 ἀπώλείαν.
2008 3633 2036 3662 ››

381 3697 465 3768 Τί,
523 3698 712 3776 φησὶν,
770 3699 1000 3774 ἀλογίαν
1054 3701 1473 3777 καταγινώσκεις
1529 3703 1625 3754 τοῦ
1684 3703 1854 3768 Θεοῦ;
1903 3699 2038 3754 κατά

387 3788 739 3864 ὗποστιγμήν
798 3788 1185 3864 ἀναγνωστέον.
1245 3789 1348 3848 Καὶ
1420 3785 1612 3857 ἐπειδὴ
1669 3787 1843 3851 οὕτως
1900 3809 2036 3862 συμ-

387 3877 582 3954 βαίνει,
646 3877 721 3947 τί,
778 3879 962 3948 ηησὶν,
1023 3876 1247 3955 ἀλογίαν
1303 3877 1765 3952 καταγινώσκειςς
1825 3884 2040 3936 ι‹“Ηνε-

382 3989 508 4046 γκεν
547 3967 626 4030 εἷς
685 3967 983 4024 ἀπώλειαν.
1022 3993 1043 4024 ι
1105 3966 1410 4025 ’Λπώλειαν
1441 3965 1498 4024 δὶ
1535 3972 1648 4034 νῦν,
1679 3968 1779 4037 τήν
1809 3965 2038 4038 διαφθο-

383 4059 477 4133 ράν
523 4079 711 4137 φησιν.
763 4059 987 4132 Ἤνεγκε
1037 4055 1115 4128 δὶ,
1178 4058 1364 4132 φησῖν,
1398 4059 1426 4113 6
1457 4059 1585 4120 Θεὸς
1631 4057 1706 4119 εἷς
1735 4056 2034 4124 ἀπώλειαν,

380 4146 478 4202 οὐκ
535 4147 611 4208 ὡς
668 4141 880 4224 ἔτυχεν,
959 4145 1089 4202 ἀλλ⁹
1152 4147 1390 4209 ἐκείνους
1459 4147 1878 4222 καταρτίσαντας
1934 4147 2034 4203 αῦ-

377 4235 504 4299 τοῦς
535 4237 612 4300 εἷς
642 4237 806 4308 σκεύη
869 4236 1058 4313 ὀργῆς.
1120 4235 1275 4294 Ἀλλ’
1333 4236 1484 4310 ὅμως
1531 4237 1622 4293 οὗν
1668 4237 1759 4294 καὶ
1792 4237 1880 4292 ἐπὶ
1911 4237 2033 4292 τού-

376 4346 486 4382 των
562 4328 742 4381 καίτοι
817 4326 1082 4381 τοιούτων
1173 4324 1395 4390 ἑαυτοὺς
1492 4329 2032 4400 παρασκευασάντων,

379 4413 570 4470 πολλὰ
627 4401 890 4490 πρότερον
942 4417 1390 4492 μακροθυμήσας,
1427 4413 1599 4476 οὓτως
1655 4413 1933 4489 ἐχρήσατο
1964 4417 2032 4487 τῇ

2069 3126 2110 3192 C

2157 481 2401 537 nitivam
2433 483 2535 539 Dei
2567 484 2915 556 potentiam,
2950 487 3214 558 oportuit
3260 487 3801 562 longanimitatem,

2159 573 2422 643 oportuit
2451 573 2876 648 benignitatem
2909 581 2967 630 et
2991 577 3462 634 misericordiam
3497 595 3562 636 ac
3589 581 3796 639 ineffa-

2158 660 2342 716 bilem
2390 664 2827 737 maximamque
2876 665 3063 737 ipsius
3094 667 3363 740 gloriam.
3401 667 3566 724 Unde
3597 677 3796 728 autem

2159 750 2285 806 hzec
2313 753 2710 810 ostenduntur
2738 754 2765 810 ?
2795 757 2873 810 Ex
2907 756 2998 810 his
3029 773 3161 829 quas
3187 757 3356 831 vulgo
3395 757 3670 815 videntur
3697 760 3798 815 in-

2159 841 2467 898 credibilia
2487 844 2641 900 338
2669 861 2739 901 ex
2771 847 3077 902 Pharaone
3095 888 3108 911 ,
3134 864 3204 902 ex
3228 848 3338 902 hoc
3363 848 3521 919 quod
3541 865 3676 904 eum
3694 851 3796 921 qui

2157 947 2279 986 non
2312 941 2438 988 erat
2467 934 2742 1005 p0pulus,
2775 938 3066 991 vocaverit
3095 937 3378 1009 populum
3409 954 3516 1002 ;ex
3541 955 3607 992 eo
3639 939 3799 1009 quod

2159 1021 2440 1092 reliquias
2468 1024 2650 1078 Israel
2683 1024 3197 1098 salvaveritatque
3237 1042 3306 1082 ex
3335 1027 3650 1082 similibus.
3687 1030 3792 1085 Itas

2157 1127 2272 1182 que
2303 1128 2407 1183 per
2437 1112 2493 1167 id
2519 1113 2677 1185 quod
2707 1114 2915 1186 perﬁdi
2951 1115 3133 1170 Deum
3157 1115 3792 1174 condemnaverintin-

2147 1199 2419 1271 jurtitiaa,
2454 1201 2512 1256 hi
2545 1203 2646 1274 qui
2694 1204 2848 1276 asqui
2876 1209 3033 1270 sunt,
3083 1204 3407 1276 plurimum
3449 1206 3597 1261 lucri
3641 1208 3797 1262 fece-

2156 1293 2538 1347 runt.Rerum
2560 1292 2738 1364 igitur
2769 1298 2980 1349 natura
3002 1294 3456 1367 perplexitatem
3475 1313 3594 1353 non
3617 1296 3796 1353 habet

2159 1379 2264 1435 sed
2294 1379 2660 1451 perﬁdorum
2693 1381 3086 1454 blasphemia.

2227 1469 2357 1523 Alio
2413 1469 2590 1525 modo.
2653 1471 2716 1526 ld
2769 1471 2927 1542 quod
2984 1473 3069 1526 ait
3145 1489 3158 1527 :
3224 1497 3243 1522 α
3310 1474 3477 1540 Quod
3536 1477 3583 1531 si
3647 1475 3804 1533 Deus

2157 1558 2381 1626 volens,
2446 1581 2474 1608 »
2533 1566 2670 1624 etc.,
2739 1560 3213 1631 praecedentibus
3280 1565 3672 1620 connectitur.
3742 1565 3800 1620 Si

2155 1646 2603 1720 volensinquit,
2629 1650 2781 1704 Deus
2801 1651 3134 1710 ostendere.
3160 1657 3342 1724 utque
3365 1659 3572 1709 notum
3601 1654 3796 1719 faciat,

2157 1743 2234 1804 et,
2295 1737 2452 1808 quod
2511 1737 2592 1792 ibi
2650 1738 3022 1795 vocabuntur
3081 1740 3186 1796 filii
3248 1742 3349 1797 Dei
3414 1743 3680 1810 viventis,
3742 1748 3802 1799 et

2154 1826 2312 1899 quod
2344 1827 2613 1899 reliquias
2643 1829 2822 1883 Israel
2849 1829 3021 1884 salvas
3067 1830 3246 1886 fient:
3284 1831 3334 1886 si
3387 1832 3513 1886 haec
3539 1832 3700 1898 facit,
3734 1837 3796 1888 tu

2152 1917 2284 1989 quis
2313 1933 2377 1972 es
2409 1917 2509 1988 qui
2543 1933 2615 1972 ex
2644 1917 2887 1973 adverso
2917 1919 3249 1990 repondeas
3281 1921 3397 1976 Deo
3420 1920 3447 1976 ?
3490 1943 3518 1970 ‹‹
3574 1922 3794 1977 Osten—

2151 2007 2290 2062 dere
2320 2008 2494 2062 iram.
2532 2029 2559 2056 »
2624 2008 2750 2063 Non
2805 2024 2947 2064 sane
3008 2009 3112 2064 ira)
3171 2009 3387 2066 affectu
3442 2016 3648 2083 captus
3705 2016 3795 2068 est

2149 2097 2326 2165 Deus,
2357 2097 2512 2153 absit
2544 2097 2556 2152 l
2592 2097 2696 2154 sed
2727 2098 3010 2169 quoniam
3043 2099 3168 2155 haac
3193 2099 3334 2156 fecit
3357 2117 3487 2172 quas
3520 2117 3627 2156 nos
3661 2102 3796 2158 irati

2147 2186 2420 2251 facimus,
2463 2187 2682 2242 factum
2739 2189 2868 2258 ejus
2915 2189 3138 2244 vocavit
3184 2189 3355 2256 iram,
3389 2188 3462 2245 ab
3521 2206 3588 2245 eo
3637 2191 3795 2263 quod

2148 2275 2320 2332 nobis
2340 2276 2642 2349 cognitum
2675 2283 2782 2332 est.
2817 2300 2843 2326 «
2878 2277 3034 2334 Tulit
3089 2279 3280 2334 multa
3334 2278 3788 2352 longanimitate

2147 2384 2285 2423 vasa
2333 2368 2449 2422 iraa.
2519 2368 2637 2423 Hoc
2696 2374 2804 2436 est,
2864 2368 2975 2424 fuit
3029 2368 3351 2425 admodum
3407 2369 3786 2443 longanimis,

2148 2458 2519 2513 Pharaonem
2551 2457 2775 2513 ducens
2806 2457 2880 2514 ad
2912 2457 3323 2530 pmnitentiam
3356 2475 3370 2514 :
3419 2475 3622 2516 verum
3652 2477 3787 2517 cum
3839 2470 3842 2472 ‘

2146 2563 2266 2602 non
2325 2546 2548 2602 rediret
2602 2547 2677 2602 ad
2756 2545 3133 2604 modestiam.
3191 2547 3484 2604 ultionem
3551 2548 3623 2605 de
3681 2551 3786 2606 illo

2146 2636 2420 2707 sumpsit.
2454 2658 2481 2686 ‹‹
2545 2636 2692 2691 Vasa
2739 2636 2861 2690 irae.
2902 2657 2927 2683 ››
2976 2635 3130 2692 Deus
3161 2635 3402 2706 quidem
3432 2635 3791 2704 longanimis

2145 2723 2256 2778 fuit
2285 2723 2442 2794 quod
2475 2723 2535 2778 in
2564 2739 2627 2779 se
2659 2725 2992 2779 erat.Porro
3025 2724 3250 2778 Pharao
3276 2738 3372 2777 vas
3398 2723 3509 2778 fuit
3532 2725 3653 2785 iraa.
3679 2725 3791 2782 hoc

2148 2818 2256 2876 est,
2291 2811 2468 2867 homo
2503 2827 2860 2883 exasperans
2891 2811 3041 2866 iram
3073 2812 3196 2877 Dei,
3231 2812 3319 2866 vel
3349 2812 3452 2866 Dei
3484 2813 3789 2868 attrahens

2147 2903 2317 2958 iram.
2352 2905 2468 2958 Nec
2500 2903 2558 2957 id
2605 2903 2815 2967 solum,
2866 2918 3068 2957 verum
3128 2903 3308 2958 etiam
3367 2908 3685 2974 apparatus
3715 2902 3790 2959 ad

2146 2991 2476 3057 interitum,
2513 2991 2570 3046 id
2603 2992 2792 3054 est,ad
2823 2992 2934 3046 hoc
2965 2992 3236 3047 addictus
3256 2997 3312 3047 et
3346 2996 3708 3064 praeparatus
3727 2999 3793 3048 ut

2149 3079 2345 3152 perire
2376 3086 2713 3152 oporteret:
2748 3079 3136 3135 manifestans
3179 3080 3338 3151 quod
3396 3081 3524 3152 ipse
3554 3083 3656 3137 ira:
3688 3081 3789 3138 Dei

2149 3184 2330 3226 causa
2352 3175 2510 3223 esset
2530 3185 2769 3238 suaeque
2806 3169 2993 3239 ipsius
3014 3168 3388 3240 perditionis.
3419 3172 3618 3242 Neque
3632 3171 3792 3228 enim

2149 3258 2302 3312 Deus
2335 3272 2514 3312 causa
2534 3257 2962 3322 estmalorum,
2987 3256 3089 3312 sed
3121 3257 3374 3330 quisque
3404 3260 3664 3332 Seipsum
3695 3277 3794 3316 vas

2149 3345 2333 3402 eflicit
2361 3345 2485 3412 iraa,
2519 3344 3023 3417 quemadmodum
3046 3351 3105 3401 et
3134 3363 3231 3402 vas
3260 3347 3646 3421 benignitatis
3675 3349 3794 3405 sive

2150 3434 2597 3490 misericordias.
2647 3436 2735 3490 lta
2783 3435 3075 3490 Pharaoni
3107 3451 3228 3491 non
3260 3437 3436 3502 Deus,
3471 3437 3574 3493 sed
3607 3437 3794 3510 ipsius

2148 3523 2377 3579 malitia
2401 3524 2513 3578 fuit
2543 3539 2723 3580 causa
2753 3530 2820 3580 ut
2849 3529 3153 3595 pateretur
3183 3541 3253 3580 ea
3283 3543 3415 3596 quas
3442 3543 3650 3598 passus
3682 3532 3790 3584 est.

2147 3636 2174 3664 «
2209 3617 2508 3685 Apparata
2562 3613 2624 3670 in
2685 3613 3076 3670 interitum.»
3134 3619 3248 3671 Cur
3301 3616 3507 3681 Deum,
3569 3616 3786 3689 inquit,
3839 3605 3841 3608 ί

2147 3702 3214 3776 irrationabilitatiscondemnas?per
3226 3703 3789 3763 subdistinctionem

2146 3794 2462 3868 legendum
2495 3801 2600 3850 est.
2637 3796 2706 3850 Et
2735 3796 3022 3866 quoniam
3055 3795 3135 3850 ita
3163 3796 3474 3864 contingit,
3507 3811 3613 3850 cur
3642 3796 3790 3851 irra-

2145 3883 2560 3940 tionabilitatis
2616 3883 2980 3940 condemnas
3011 3883 3036 3938 '2
3093 3883 3250 3940 Tulit
3287 3882 3360 3938 ad
3393 3883 3723 3940 interitum.
3763 3905 3785 3934 θ

2149 3975 2460 4029 lnteritum
2490 3990 2626 4028 vero
2661 3973 2804 4030 dicit
2835 3973 2945 4029 hoc
2978 3973 3106 4028 loco
3156 3971 3574 4044 perditionem.
3632 3972 3790 4030 Tulit

2145 4068 2345 4118 autem
2402 4063 2556 4118 Deus
2614 4061 2688 4118 ad
2748 4061 3164 4134 perditionem,
3206 4078 3327 4118 non
3376 4079 3789 4136 quoscunque,

2146 4151 2250 4206 sed
2282 4166 2382 4204 eos
2409 4151 2507 4222 qui
2542 4163 2668 4206 sese
2694 4151 2753 4207 in
2785 4167 2920 4208 vasa
2941 4151 3043 4206 ira:
3074 4157 3524 4223 apparaverant.
3545 4153 3787 4208 Verum-

2145 4245 2347 4296 tamen
2405 4239 2582 4295 etiam
2631 4240 2694 4294 in
2755 4241 2870 4308 his,
2904 4257 3247 4312 quanquam
3281 4257 3344 4297 se
3377 4241 3525 4298 tales
3555 4257 3791 4313 compo-

2145 4332 2409 4394 suerant,
2445 4344 2578 4383 cum
2610 4333 2785 4384 antea
2815 4328 3141 4400 plurimum
3168 4330 3524 4404 longanimis
3555 4329 3787 4396 fuisset,

2143 4418 2227 4473 ita
2261 4416 2500 4472 demum
2539 4417 2712 4488 juxta
2768 4417 2827 4473 id
2885 4419 3045 4490 quod
3089 4437 3326 4492 aaquum
3379 4425 3505 4476 erat
3561 4419 3790 4474 ultione

377 4504 516 4560 κατά
545 4504 607 4560 τὸ
641 4502 848 4560 δίκαιον
895 4504 1159 4580 τιμωρίᾳ.
1220 4509 1288 4559 "ll
1349 4502 1562 4579 μᾶλλον
1597 4503 1770 4565 οὕτως
1799 4505 2036 4574 νοήσειςο

2147 4523 2288 4562 usus
2321 4523 2404 4561 es.
2439 4509 2556 4561 Aut
2592 4507 2675 4561 ita
2704 4508 2902 4579 potius
2932 4509 3274 4583 intelliges:
3313 4532 3339 4560 «
3400 4509 3557 4566 Tulit
3600 4507 3790 4564 multa

378 4617 406 4645 α
437 4595 684 4670 ἸΙ-ιεγκεν
745 4591 797 4648 ἐν
852 4591 1042 4668 πολλῇ
1108 4591 1462 4669 μακροθυμίᾳ
1503 4593 1667 4665 σκεύη
1702 4592 1871 4669 ὀργῆς
1901 4613 2032 4648 κατ-

379 4684 681 4758 ηρτισμὲνα
738 4683 814 4746 εἷς
870 4681 1168 4740 ἀπώλειαν.
1213 4707 1242 4735 ››
1299 4684 1615 4762 ’Υπήνεγκε,
1680 4682 1866 4761 φησὶν,
1937 4683 2031 4738 ὑπ-

378 4773 580 4845 έμεινε,
613 4773 704 4829 καὶ
735 4771 785 4828 ἒν
817 4770 1007 4845 πολλῇ
1041 4771 1409 4847 μακροθυμίᾳ.

451 4868 573 4925 lli);
627 4859 684 4918 δὲ
738 4861 790 4917 ἑν
848 4862 1036 4936 πολλῇ
1096 4862 1488 4938 μακροθυμίας
1544 4866 1664 4924 Ὅτι
1713 4859 1912 4940 ἕτοιμα
1941 4865 2031 4922 καὶ

378 4951 758 5023 ἀπηρτισμένα
815 4947 940 5007 ὄντα
994 4951 1073 5014 εἰς
1127 4951 1430 5020 ἀπώλειαν,
1487 4953 1577 5008 καὶ
1655 4956 1886 5027 μονονοὺ
1942 4954 2030 5011 διὰ

374 5041 474 5109 τήν
538 5035 852 5115 ὑπερϐολὴν
905 5047 1006 5109 τῆς
1060 5039 1250 5102 κακίας
1311 5043 1716 5115 πεπληρωμένα
1775 5042 1896 5100 ὄντα
1946 5042 2027 5100 δι’

373 5130 529 5192 καίας
563 5128 591 5185 ὀ
613 5136 754 5208 γῆς,
789 5128 942 5201 ὅμως
991 5123 1071 5184 ἔτι
1120 5130 1372 5210 ἠνείχετο
1413 5131 1500 5186 καὶ
1533 5126 1874 5205 διεϐάσταζεν
1907 5133 2024 5190 ἐπι-

371 5221 615 5301 στροφήν
647 5217 1028 5297 ἐκδεχόμενος,
1060 5221 1187 5275 “Ott
1221 5220 1315 5276 οῦν
1372 5220 1472 5277 οῦκ
1523 5220 1832 5278 ἀπόλλυται
1860 5229 2026 5280 ταῦτα

371 5309 561 5381 σκεύη,
619 5307 780 5367 παντί
840 5330 946 5365 που
1006 5305 1200 5374 δῆλον·
1259 5311 1552 5384 κατήρτισε
1608 5312 1712 5388 γάρ
1758 5313 1920 5371 ἑαυτά
1946 5314 2023 5378 ε’ς

366 5396 673 5456 ἀπώλειαν.
707 5399 1045 5456 Ἀπόλλυται
1106 5395 1164 5454 δὲ
1229 5399 1365 5472 μετᾶ
1411 5399 1475 5458 τὸ
1521 5400 1813 5475 ἀπαρτίσαι
1840 5401 2020 5468 ἑαυτά.

369 5487 504 5562 μετά
531 5489 594 5547 τὸ
620 5488 698 5553 εἷς
726 5487 883 5551 τέλος
939 5487 1131 5552 κακίας
1177 5487 1534 5566 ἀναδραμεῖν,
1580 5493 1716 5566 μετά
1759 5494 1821 5550 τὸ
1855 5491 2022 5567 μηδὶν

367 5575 472 5632 ἀπὸ
521 5585 622 5647 τῆς
683 5569 1062 5654 μακροθυμίας
1125 5578 1458 5636 ἀπώνασθαι.
1494 5583 1592 5637 Καὶ
1635 5579 1902 5638 δείκνυται
1932 5581 2020 5639 διά

2142 4596 2593 4668 longanimitate
2652 4613 2790 4652 vasa
2837 4597 2938 4652 iraa
2986 4604 3268 4671 apparata
3291 4598 3366 4654 ad
3393 4599 3720 4654 interitum.
3757 4619 3786 4647 »

2141 4688 2674 4761 Toleravit,inquit,
2696 4689 3184 4762 sustinuit,idque
3208 4691 3360 4747 834
3385 4689 3572 4746 multa
3588 4691 3790 4764 longa-

2141 4778 2435 4835 nimitate.

2211 4869 2516 4936 Quomodo
2565 4875 2763 4926 autem
2821 4869 3010 4926 multa
3061 4870 3510 4942 longanimitate
3554 4870 3582 4925 ’ξ
3637 4871 3785 4937 Quia

2141 4975 2275 5015 cum
2299 4962 2426 5030 jam
2460 4966 2596 5029 apta
2617 4965 3016 5030 etprmparata
3033 4966 3235 5016 essent
3261 4961 3334 5016 ad
3366 4960 3787 5033 perditionem,

2139 5066 2207 5106 ac
2238 5056 2481 5121 propter
2520 5049 2767 5104 nimiam
2799 5049 3086 5106 malitiam
3142 5054 3572 5124 propemodum
3621 5051 3786 5122 jusla

2139 5138 2227 5194 ira
2258 5136 2503 5208 impleta
2549 5143 2794 5194 essent:
2854 5137 3049 5198 adhuc
3102 5145 3304 5197 tamen
3357 5139 3696 5213 perferebat
3723 5145 3782 5199 et

2138 5225 2432 5284 tolerabat
2461 5224 2535 5280 ad
2568 5228 3018 5286 conversionem
3050 5247 3150 5286 eos
3208 5237 3580 5302 exspectans.
3613 5229 3782 5298 Quod

2135 5331 2274 5390 ergo
2303 5314 2428 5388 ipse
2459 5330 2578 5371 non
2611 5315 2819 5388 perdat
2839 5316 2944 5376 illa
2972 5320 3377 5384 vasa,omnino
3395 5318 3778 5379 manifestum

2134 5411 2243 5464 est.
2315 5403 2514 5477 seipsa
2568 5405 2731 5463 enim
2811 5406 2887 5465 ad
2929 5408 3236 5469 interitum
3322 5415 3774 5485 apparaverunt.

2129 5493 2337 5554 Perdit
2389 5500 2593 5552 tamen
2637 5493 2750 5553 illa
2805 5505 3122 5574 postquam
3203 5502 3398 5574 seipsa
3477 5518 3786 5580 praapara-_

2131 5590 2294 5652 runt,
2355 5590 2671 5657 postquam
2728 5585 2798 5644 ad
2856 5595 3183 5649 extremum
3245 5591 3485 5648 malitias
3545 5606 3780 5662 procur-
