4222 6194
469 217 590 277 519

1588 185 2011 258 CECUMENII
2055 183 2363 257 TRICCE
2404 193 2761 260 EPlSCOPI

3757 201 3879 266 520

415 372 420 384 ε
465 348 1069 419 rerunt;postquam
1127 335 1200 393 ab
1257 333 1386 407 ejus
1444 327 1896 405 longanimitate
1954 327 2094 385 nihil

2218 332 2328 419 τῆς
2347 325 2423 390 εἷς
2453 325 2648 392 αὑτοὺς
2691 325 2902 395 δικαίας
2954 327 3229 409 τιμωρίας
3260 334 3358 388 τοῦ
3389 335 3545 403 Θεοῦ,
3577 331 3755 390 καὶτὸ
3787 330 3884 390 δυ-

466 439 668 498 auxilii
720 433 1098 504 acceperunt.
1171 427 1242 481 Et
1307 421 1642 480 ostenditur
1729 437 1836 494 per
1879 420 2108 492 justam

468 530 569 587 Dei
603 527 662 580 in
696 523 830 579 illos
887 515 1462 576 animadversionem
1511 512 1690 569 etiam
1749 511 1939 583 ipsius
1999 524 2107 582 po-

472 617 674 677 tentia,
709 615 820 669 hoc
877 615 985 677 est,
1040 607 1305 681 punitiva
1360 609 1641 675 potestas,
1704 606 1779 663 et.
1841 601 1946 657 ira
2005 598 2112 654 de-

469 703 844 770 monstratio,
897 715 1100 774 quam,
1160 698 1260 770 qui
1320 695 1468 750 tales
1525 697 1683 755 sunt,
1746 690 1906 764 digni
1972 692 2112 744 sunt

471 803 538 854 ut
564 797 1028 865 consequantur.
1065 811 1089 834 α
1115 790 1186 844 Et
1217 791 1282 842 ut
1311 791 1481 840 notas
1523 781 1745 838 faceret
1791 779 2044 835 divitias.
2078 798 2108 829 υ

468 884 708 942 Duobus
729 881 924 938 modis
952 876 1333 950 componitur
1362 872 1520 946 quod
1553 871 1648 927 hic
1685 870 1923 936 dicitur,
1956 867 2046 924 vel
2076 883 2111 923 a

465 973 767 1033 communi
795 987 974 1028 sensu
1007 962 1532 1038 subintelligendo,
1565 960 1654 1015 vel
1673 958 2108 1032 perdefectum,

465 1069 514 1125 Α
598 1062 903 1121 communi
990 1057 1232 1132 quidem
1317 1070 1496 1110 sensu
1587 1056 1820 1124 oportet
1900 1047 2109 1106 subin-

465 1155 734 1228 telligere
768 1151 979 1208 «tulit.
1030 1172 1050 1201 ι
1089 1147 1246 1203 Tulit
1286 1160 1425 1200 vasa
1481 1143 1604 1208 ira,
1672 1145 1731 1195 et
1782 1138 1919 1194 tulit
1975 1153 2113 1193 vasa

475 1227 922 1305 misericordia.
956 1242 1067 1296 Per
1097 1236 1390 1293 defectum
1421 1248 1594 1288 vero:
1645 1230 1786 1302 quia
1815 1245 1934 1284 non
1966 1227 2114 1283 dixit

477 1335 552 1393 ad
620 1332 764 1407 quid
833 1331 972 1386 tulit
1027 1343 1167 1383 vasa
1230 1320 1678 1388 misericordia,
1759 1319 1910 1374 sicut
1966 1315 2116 1372 dixit

474 1424 555 1481 ibi
580 1423 735 1497 quod
767 1437 902 1476 vasa
950 1419 1053 1474 ira
1102 1415 1241 1472 tulit
1291 1413 1366 1470 ad
1422 1411 1752 1468 interitum.
1815 1408 1919 1464 Hic
1975 1423 2111 1480 ergo

473 1494 952 1570 subaudiendum
1009 1510 1138 1562 est:
1188 1503 1274 1560 Ad
1321 1502 1572 1559 salutem
1608 1518 1620 1566 ;
1655 1497 1757 1554 Dei
1816 1494 2112 1569 siquidem

467 1601 796 1676 potentiam
819 1593 1283 1669 despicientibus
1300 1609 1367 1648 ac
1385 1587 1821 1663 negligentibus
1834 1601 2110 1642 necessa-

2216 418 2373 474 νατὸν
2407 419 2595 487 αὑτοῦ,
2654 420 2948 491 τουτέστιν,
3006 424 3040 492 ἡ
3099 423 3452 496 τιμωρητικὴ
3495 419 3750 501 δύναμις,
3783 423 3877 481 καὶ

2219 509 2254 578 ἡ
2314 504 2537 581 ἔνδειξις
2590 516 2689 580 τῆς
2746 512 2938 588 ὀργῆς,
2999 512 3066 582 ἧς
3123 512 3256 569 εἰσιν
3315 511 3457 584 ἄξιοι
3501 517 3792 592 τυγχάνειν
3821 515 3876 570 (ἱ

2217 603 2480 660 τοιοῦτοι.
2536 623 2565 652 ι‹
2600 599 2696 656 Καὶ
2753 601 2838 657 ἳνα
2889 602 3157 679 γνωρίσῃ.
3193 627 3223 655 ››
3280 603 3405 659 Δυσὶ
3467 606 3695 678 τρόποις
3727 625 3872 682 σγη-

2223 688 2499 762 ματίζεται
2547 688 2672 747 τόδε
2712 692 2775 747 τὸ
2825 693 3014 768 ῥητὸν,
3048 693 3154 749 ἀπὸ
3201 699 3407 759 κοινοῦ,
3461 694 3553 750 καὶ
3591 693 3875 752 ἑλλειπτι-

2217 785 2351 842 κῶς.
2413 782 2546 839 Ἀπὸ
2597 787 2785 840 κοινοῦ
2843 783 2937 858 μὶν
2992 785 3096 860 γάρ
3155 781 3238 840 δεῖ
3293 780 3480 841 λαϐεῖν
3529 788 3617 849 τὸ,
3649 811 3679 839 ι(
3712 788 3877 844 Ἤνε-

2221 891 2365 945 γκεν.
2420 893 2449 922 ››
2536 872 2764 950 Ἤνεγκε
2816 873 2979 946 σκεύη
3041 873 3235 950 ὀργῆς,
3293 876 3381 930 καὶ
3439 875 3628 951 ⁴ἤνεγκε
3675 875 3877 947 σκεύη-

2219 957 2428 1022 ἐλέους.
2461 959 2857 1024 Ἐλλειπτικῶς
2908 959 2985 1034 δὲ,
3039 961 3124 1020 ὅτι
3175 964 3279 1020 οὑκ
3307 964 3456 1020 εἶπεν
3486 965 3563 1028 εἷς
3594 965 3644 1022 τί
3676 965 3876 1041 ἤνεγκε

2220 1050 2287 1104 τὰ
2338 1049 2500 1122 σκεύη
2558 1055 2656 1108 τοῦ
2703 1051 2910 1123 ἒλέους,
2969 1051 3151 1126 ὥσπερ
3183 1053 3294 1111 ἐκεῖ
3324 1054 3443 1111 εἶπε
3472 1057 3538 1112 τὰ
3568 1056 3730 1123 σκεύη
3766 1062 3878 1126 τῆς

2221 1136 2418 1213 ὀργῆς,
2467 1138 2550 1194 ὅτι
2597 1139 2673 1201 εἰς
2723 1141 3021 1199 ἀπώλειαν.
3075 1143 3458 1213 Ἐξακουστὲον
3501 1144 3592 1201 οὗν
3626 1144 3877 1214 ἐνταῦθα,

2220 1229 2304 1297 τὸ,
2383 1228 2475 1290 Εἷς
2550 1229 2841 1306 σωτηρίαν.
2918 1233 3048 1295 Τοῖς
3129 1235 3230 1310 γάρ
3305 1239 3707 1312 καταφρονοῦσι
3780 1234 3882 1290 καὶ

2223 1317 2527 1394 ὑπερορῶσι
2582 1327 2685 1390 τῆς
2744 1317 3025 1395 δυνάμεως
3075 1327 3172 1379 τοῦ
3227 1329 3385 1392 Θεοῦ,
3441 1324 3736 1400 ἀναγκαῖον
3781 1327 3883 1380 καὶ

2223 1405 2495 1487 συμφέρον
2525 1409 2591 1479 ἧν
2640 1410 2902 1486 γνωρίσαι
2959 1412 3154 1476 αὑτοῖς
3185 1409 3275 1469 διά
3304 1415 3576 1490 τιμωρίας
3605 1417 3669 1472 τὸ
3710 1413 3876 1473 δυναο

2222 1497 2312 1552 τὸν
2365 1497 2455 1553 καὶ
2513 1500 2798 1565 πανσθενές
2851 1502 2942 1556 καὶ
2998 1501 3402 1561 πανεπίσκοπον
3453 1503 3639 1567 αὑτοῦ,
3682 1530 3712 1559 ‹‹
3745 1507 3877 1565 Ἐπὶ

2221 1588 2381 1659 σκεύη
2429 1585 2636 1650 ἐλέους.
2672 1612 2700 1641 ››
2761 1591 2987 1668 Ὠσπερ,
3046 1592 3233 1669 φησὶν,
3293 1592 3370 1656 εἷς
3426 1593 3492 1650 τὰ
3552 1596 3714 1668 σκεύη
3769 1605 3878 1668 τῆς

465 1674 621 1749 rium
648 1689 913 1761 utileque
946 1691 1093 1753 erat,
1125 1689 1190 1741 ut
1221 1699 1328 1755 per
1359 1679 1718 1754 supplicium
1748 1677 1969 1732 faceret
1993 1674 2094 1730 illi:

2221 1677 2414 1753 ὀργῆς,
2446 1678 2711 1751 τουτέστι,
2767 1681 2857 1736 τὸν
2918 1684 3121 1758 Φαραὼ
3179 1684 3404 1760 ἤνεγκεν
3461 1687 3653 1765 ὀργῆν,
3683 1687 3881 1744 πολλὰ

460 1787 670 1839 notum
724 1795 904 1852 quam
934 1781 1144 1849 potens
1187 1778 1363 1839 esset,
1424 1768 1582 1842 quod
1638 1765 2106 1832 robustissimus,

461 1870 784 1941 omniaque
811 1865 1220 1925 considerans.
1255 1885 1282 1912 «
1315 1864 1378 1917 In
1408 1875 1548 1917 vasa
1607 1854 2053 1914 misericordia.
2079 1875 2108 1903 »

462 1957 998 2028 Quemadmodum,
1029 1954 1245 2026 inquit,
1280 1951 1340 2007 in
1372 1966 1512 2006 vasa
1562 1949 1685 2016 ira,
1728 1947 1838 2004 hoc
1884 1949 1992 2011 est,
2044 1944 2105 1999 in

459 2051 831 2108 Pharaonem
862 2046 1000 2103 tulit
1027 2041 1404 2108 iram,multa
1433 2039 1694 2113 primum
1726 2053 1868 2092 usus
1897 2035 2104 2107 longa-

460 2140 780 2197 nimitate:
824 2138 908 2194 ita
933 2141 1010 2203 et,
1073 2135 1135 2190 in
1192 2149 1332 2189 vasa
1389 2125 1837 2192 misericordia,
1889 2139 2104 2197 nempe

463 2230 526 2288 in
555 2247 665 2287 nos
696 2229 796 2302 qui
821 2227 980 2301 digni
1012 2241 1218 2282 sumus
1269 2219 1699 2286 misericordia,
1749 2216 1886 2273 tulit
1934 2215 2104 2270 beni-

462 2321 770 2392 gnitatem.
804 2320 947 2376 Nam
980 2317 1093 2372 hoc
1123 2310 1618 2371 subaudiendum.
1652 2331 1680 2359 ‹‹
1705 2309 1844 2374 Qua
1873 2321 2104 2378 pracpa-

461 2409 632 2467 ravit.
691 2429 718 2457 ››
780 2404 1136 2478 Praparavit
1209 2407 1408 2458 autem
1481 2398 1622 2470 quia
1689 2393 2102 2452 misericordia

452 2497 723 2572 cognovit
750 2495 960 2569 dignos
995 2510 1101 2568 per
1134 2491 1520 2548 fidem.Porro
1551 2487 1610 2543 id
1641 2486 1702 2542 in
1737 2485 1899 2540 illius
1917 2482 2098 2556 vergit

451 2592 722 2661 gloriam.
742 2613 769 2641 «
786 2589 1161 2661 Praparavit,
1187 2610 1215 2636 »
1248 2591 1450 2658 utpote
1468 2581 1838 2656 prascius,et
1854 2593 2098 2650 cognos-

450 2699 594 2738 cens
625 2679 779 2754 quod
817 2680 1094 2737 virtutem
1125 2681 1324 2734 essent
1381 2669 1794 2746 amplexaturi.
1859 2670 2096 2738 Praepa-

447 2771 597 2827 ravit
650 2771 851 2842 itaque
909 2767 1088 2843 digna
1141 2783 1279 2822 vasa
1337 2760 1762 2821 misericordia
1839 2773 1959 2813 sua
2019 2754 2092 2810 ad

443 2861 715 2934 gloriam,
750 2860 859 2915 hoc
891 2864 1000 2922 est,
1028 2864 1096 2914 ut
1125 2858 1255 2930 ipsa
1292 2855 1789 2929 gloriﬁcarentur.
1858 2846 2090 2903 Etenim

445 2951 663 3007 divitia
737 2951 940 3025 gloria
1015 2949 1206 3022 ipsius
1289 2953 1444 3004 nota
1521 2948 1660 3001 sunt
1741 2943 1804 2998 in
1891 2937 2085 3006 nobis,

2220 1768 2484 1842 πρότερον
2512 1771 2960 1844 μακροθυμήσας,
3013 1772 3186 1833 οὕτως
3235 1774 3325 1829 καὶ
3359 1775 3436 1838 είς
3465 1775 3627 1850 σκεύη
3661 1775 3881 1848 ἐλέους,

2217 1858 2514 1948 τουτέστιν,
2545 1857 2622 1920 εἷς
2653 1856 2832 1929 ἀξίους
2885 1865 2981 1916 τοῦ
3013 1859 3280 1927 ἐλεεῖσθαι
3311 1866 3482 1937 ἡμᾶς,
3515 1865 3711 1941 ἤνεγκε
3739 1866 3880 1948 φιλ-

2215 1947 2542 2021 ανθρωπίαν.
2601 1952 2770 2004 Τοῦτο
2829 1949 2933 2027 γὰρ
2993 1952 3479 2012 συνυπακουστέον.
3539 1980 3569 2008 «
3614 1957 3685 2014 Ἀ
3741 1947 3882 2032 προ-

2215 2037 2529 2112 ητοίμασεν.
2556 2063 2584 2091 ››
2616 2040 3003 2115 Προητοίμασε
3043 2039 3123 2112 δὲ,
3173 2042 3289 2100 ἐπεὶ
3323 2041 3462 2120 ἔγνω
3493 2046 3677 2118 ἀξίους
3707 2046 3877 2105 ὶλᾶου

2214 2124 2304 2182 διὰ
2330 2129 2428 2196 τήν
2461 2127 2662 2186 πίστιν.
2695 2129 2870 2188 Τοῦτο
2931 2129 3010 2198 δὲ,
3069 2131 3146 2195 εἷς
3205 2129 3360 2205 δόξαν
3393 2134 3561 2192 αὑτοῦ
3592 2137 3871 2197 συντείνει.

2213 2242 2243 2270 ‹‹
2274 2218 2710 2294 Προητοίμασεν.
2745 2243 2773 2271 ››
2814 2253 2881 2264 -
2912 2223 3120 2298 [ΦΩΤ.]
3176 2222 3266 2287 Ὠς
3311 2227 3666 2299 προγνώστης
3697 2228 3788 2282 καὶ
3823 2227 3879 2284 εἰ

2213 2305 2320 2371 δὼς
2352 2310 2434 2366 ὃτι
2467 2307 2754 2366 σπουδαῖοι
2813 2309 3046 2368 ἔσονται.
3113 2313 3525 2388 Προητοίμασὲν
3568 2316 3659 2371 οὖν
3699 2315 3871 2373 αὑτοῦ

2209 2398 2274 2452 τὰ
2329 2397 2449 2472 ἄξια
2500 2398 2686 2462 ἐλέους
2721 2401 2909 2472 σκεύη,
2965 2400 3043 2464 εἷς
3101 2399 3278 2475 δόξαν,
3337 2403 3631 2474 τουτέστιν,
3684 2405 3762 2469 εἷς
3804 2407 3868 2462 τὸ

2209 2486 2532 2559 δοξασθῆναι
2563 2489 2716 2546 αὑτά.
2777 2491 2883 2547 Καὶ
2941 2493 3042 2568 γάρ
3097 2494 3125 2548 ὁ
3179 2491 3420 2558 πλοῦτος
3446 2503 3545 2564 τῆς
3577 2492 3739 2566 δόξης
3769 2496 3866 2552 αὑ-

2204 2583 2301 2632 τοῦ
2333 2576 2632 2656 ἐγνωρίσθη
2667 2578 2719 2634 ἐν
2768 2581 2928 2654 ἡμῖν,
2988 2579 3071 2636 ὅτι
3126 2587 3242 2645 τοῖς
3301 2581 3556 2647 εἰδώλοις
3588 2604 3864 2661 προσανα-

2202 2668 2506 2742 κειμένους,
2547 2669 2634 2723 καὶ
2670 2666 2904 2732 δούλους
2963 2671 3312 2748 ὑπάρχοντας
3343 2674 3529 2729 παθῶν
3555 2675 3642 2730 καὶ
3681 2677 3863 2750 ἁμαρ·

2200 2757 2341 2825 τίσις,
2402 2757 2464 2812 οὑ
2526 2757 2690 2831 μόνον
2747 2758 2953 2814 τούτων
3007 2759 3404 2836 ἠλευθέρωσεν,
3453 2761 3600 2819 ἀλλὰ
3646 2764 3736 2819 καὶ
3768 2762 3862 2822 διᾶ

2201 2846 2472 2911 υἱοθεσίας
2505 2844 2775 2919 ἐδόξασεν,
2800 2872 2829 2901 ‹‹
2853 2848 2926 2905 Οὑ
2953 2847 3117 2923 μόνον
3144 2848 3197 2921 ἐξ
3218 2848 3516 2909 Ἰουδαίων,
3537 2876 3566 2905 n
3591 2854 3753 2928 Ὁρᾷς
3771 2853 3860 2910 ὅτι

2203 2937 2268 2991 οὑ
2304 2941 2628 3014 μονομερῶς
2666 2938 2696 2994 ὁ
2745 2938 2898 3006 Θεὸς,
2940 2936 3086 2995 ἀλλὰ
3132 2941 3223 2995 καὶ
3277 2939 3328 3012 ἐξ
3376 2938 3655 2998 Ἰουδαίων
3683 2942 3772 2998 καὶ
3805 2942 3860 3017 ἐξ

446 3041 587 3114 quia
642 3057 778 3096 cum
837 3039 1012 3095 idolis
1086 3038 1548 3105 adhareremus,
1606 3032 1870 3104 fervique
1931 3044 2083 3085 esse-

2205 3024 2360 3081 ἐθνῶν
2395 3027 2559 3096 σώζει
2616 3024 2706 3082 διὰ
2759 3034 2858 3098 τῆς
2909 3027 3143 3091 πίστεως
3179 3029 3308 3093 τοὺς
3344 3031 3522 3106 ἀξίους
3552 3011 3852 3104 σωτηρίαςλ

447 3145 582 3187 mus
628 3130 948 3185 affectuum
1008 3133 1066 3184 et
1112 3127 1387 3200 peccati:
1449 3141 1570 3181 non
1619 3122 1814 3180 solum
1871 3118 1962 3173 his
2021 3114 2310 3185 liberavit,
2365 3133 2573 3174 verum
2631 3117 2809 3174 etiam
2863 3135 2970 3192 per
3027 3119 3408 3193 adoptionem
3501 3121 3861 3196 glorificavit

514 3241 542 3269 ‹‹
572 3219 697 3275 Non
723 3218 916 3274 solum
948 3234 1016 3274 ex
1063 3217 1302 3274 Iudaeis.
1339 3237 1367 3265 ››
1400 3215 1596 3276 Vides.
1656 3210 1815 3284 quod
1849 3213 2000 3264 Deus
2031 3221 2151 3262 non
2183 3222 2254 3262 ex
2284 3223 2404 3264 una
2449 3213 2680 3265 tantum
2701 3215 2888 3281 parte,
2924 3209 3028 3267 sed
3062 3214 3179 3268 tam
3206 3227 3276 3270 ex
3296 3211 3514 3269 Judais
3547 3228 3724 3287 quam
3754 3229 3852 3272 ex.

443 3307 717 3384 gentibus
749 3306 940 3364 salvos
970 3305 1110 3362 facit
1140 3322 1247 3378 per
1277 3304 1458 3361 fidem
1489 3319 1590 3359 eos
1622 3301 1755 3374 quis
1788 3298 1978 3353 salute
2011 3295 2171 3368 digni
2203 3302 2363 3354 sunt.

515 3397 610 3462 1X,
641 3400 708 3452 25
742 3398 830 3452 27.
892 3395 1042 3452 385
1069 3395 1534 3462 Quemadmodum
1576 3398 1627 3446 et
1665 3393 1725 3446 in
1747 3391 1874 3447 Osee
1905 3387 2038 3442 dicit
2069 3400 2088 3440 :

449 3488 662 3545 Vocabo
688 3487 958 3558 populum
979 3483 1079 3556 qui
1099 3500 1246 3539 meus
1289 3498 1400 3537 non
1423 3479 1837 3551 erat.populum
1859 3491 2037 3532 meum
2072 3489 2085 3528 :

439 3583 491 3636 et
519 3593 638 3634 eam
667 3592 790 3649 qua
821 3573 1026 3630 dilecta
1066 3589 1176 3629 non
1234 3578 1374 3634 erat.
1434 3571 1715 3626 dilectam.
1768 3569 1834 3624 Et
1875 3567 1978 3622 erit
2028 3567 2088 3619 in

443 3666 557 3724 loco
578 3665 675 3722 ubi
695 3665 902 3721 dictum
921 3667 1110 3734 fuerat
1149 3664 1243 3724 eis,
1279 3663 1394 3716 Non
1429 3659 1667 3732 populus
1697 3673 1844 3712 meus
1864 3673 1976 3721 vos,
2009 3655 2088 3711 ibi

437 3756 780 3812 vocabuntur
833 3754 940 3823 ﬁlii
981 3753 1074 3807 Dei
1138 3751 1384 3806 viventis.
1448 3750 1623 3804 Isaias
1668 3752 1852 3803 autem
1881 3745 2084 3801 clamat

438 3860 603 3915 super
629 3841 801 3899 Israel
824 3859 838 3897 :
871 3843 934 3897 Si
960 3843 1133 3916 fuerit
1160 3855 1421 3897 numerus
1445 3839 1611 3897 Israel
1665 3845 1727 3894 ut
1764 3852 1934 3894 arena
1963 3851 2081 3892 ma»

435 3933 538 4002 ris,
563 3931 816 4004 reliquie
841 3931 1012 3989 salva
1033 3937 1220 3988 erunt.

507 4100 673 4168 Quod
703 4095 900 4158 autem
936 4119 1059 4160 non
1092 4108 1334 4170 temere,
1381 4102 1597 4174 inquit,
1649 4115 1867 4173 neque,
1928 4098 2084 4157 sicut

439 4189 666 4248 diceret
694 4192 1013 4266 quispiam,
1047 4211 1115 4250 ex
1147 4209 1270 4250 una
1301 4198 1528 4250 tantum
1559 4196 1747 4266 parte,
1782 4189 1973 4247 salvos
2004 4189 2081 4246 fe-

435 4281 517 4338 cit
548 4283 702 4338 Deus
734 4299 803 4338 ex
833 4283 1108 4356 gentibus
1140 4283 1367 4348 ﬁdeles,
1410 4283 1516 4339 sed
1547 4282 1830 4355 quoniam
1889 4280 2079 4337 salute

435 4369 600 4445 digni
631 4373 1103 4446 erant,producit
1131 4380 1189 4430 et
1215 4374 1563 4447 prophetam
1598 4375 1698 4447 qui
1741 4374 1920 4430 tantis
1941 4378 2079 4429 ante

438 4463 808 4536 temporibus
840 4464 950 4520 hoc
977 4469 1101 4519 erat
1130 4463 1501 4520 vaticinatus.
1537 4463 1679 4520 Ecce
1707 4465 1893 4534 fenim
1929 4465 2078 4520 Deus

433 4553 722 4625 populum
756 4559 812 4610 et
839 4553 1165 4611 Ecclesiam
1197 4553 1476 4610 dilectam
1502 4571 1570 4610 ac
1604 4553 1759 4610 ﬁlios
1784 4560 1951 4610 vocat
1978 4570 2077 4610 eos

2263 3389 2350 3446 Ὦς
2393 3384 2483 3439 καὶ
2559 3384 2609 3440 ὲν
2684 3389 2764 3458 τῷ
2837 3386 3001 3458 Ὠσηε
3075 3385 3243 3464 λέγει’
3321 3386 3548 3445 Καλέσω
3621 3391 3714 3446 τὸν
3788 3389 3852 3448 οὑ

2194 3470 2323 3528 λαόν
2395 3494 2522 3546 μου,
2591 3470 2723 3528 λαόν
2796 3495 2924 3548 μου,
2991 3474 3082 3531 καὶ
3145 3477 3245 3546 τὴν
3312 3477 3412 3533 οὑκ
3448 3479 3841 3556 ἠγαπημένην,

2191 3562 2581 3638 ἠγαπημένην.
2651 3563 2758 3622 Καὶ
2815 3557 2964 3620 ἔσται
3024 3563 3075 3620 ἐν
3146 3569 3224 3639 τῷ
3276 3566 3434 3641 τόπῳ
3501 3568 3564 3624 οὗ
3631 3567 3836 3644 ὲρῥήθη

2190 3653 2398 3715 αὐτοῖς’
2474 3654 2552 3710 Οὑ
2619 3651 2754 3715 λαός
2823 3675 2927 3727 μου
3007 3654 3184 3730 ὑμεῖς,
3260 3654 3371 3712 ἐκεῖ
3465 3656 3851 3728 κληθήσονται

2191 3741 2300 3797 υἱοὶ
2365 3747 2499 3800 Θεοῦ
2567 3747 2786 3813 ζῶντος.
2851 3744 3080 3807 ἸῙσαῒας
3171 3743 3228 3802 δὶ
3294 3748 3483 3823 κράζει
3551 3747 3681 3822 ὑπὲρ
3749 3751 3849 3803 τοῦ

2190 3831 2433 3908 Ἰσραήλο
2513 3831 2634 3889 Ἐάν
2803 3832 2830 3888 ὁ
2899 3833 3134 3910 ἀριθμὸς
3208 3839 3316 3891 τῶν
3393 3834 3524 3892 υἲῶν
3593 3833 3841 3910 Ἰσραὴλο

2188 3920 2262 3983 ὠς
2328 3923 2364 3991 ἡ
2429 3919 2614 3994 ἅμμος
2681 3927 2782 3991 τῆς
2840 3919 3144 3994 θαλάσσης,
3192 3924 3254 3980 τὸ
3317 3922 3660 3997 γατάλειμμα
3726 3945 3841 3980 σω-

2185 4011 2428 4082 θήσεται.

2253 4102 2376 4159 Ὅτι
2423 4096 2501 4168 δὲ,
2551 4098 2738 4180 φησὶν,
2790 4101 2899 4178 οὑχ
2949 4101 3164 4173 ἁπλῶς,
3196 4099 3332 4170 οὐδ’,
3364 4102 3440 4166 ὡς
3471 4101 3529 4159 ἃν
3559 4101 3704 4159 εἴποι
3734 4125 3840 4175 τις,

2187 4194 2510 4264 μονομερῶς
2563 4187 2757 4246 ἔσωσεν
2815 4191 2844 4246 ὁ
2901 4191 3032 4254 Θεὸς
3086 4190 3218 4255 τοὺς
3272 4190 3325 4264 ἐξ
3382 4192 3546 4249 ἐθνῶν
3592 4192 3843 4264 πιστοὺς,

2185 4276 2312 4335 ἀλλ’
2367 4276 2555 4348 ἐπειδή
2609 4277 2748 4350 ἄξιοι
2805 4279 2944 4349 ἦσαν
2995 4281 3290 4356 σωτηρίας,
3324 4285 3557 4360 παράγει
3586 4285 3679 4340 τὸν
3705 4304 3847 4360 προ-

2184 4370 2361 4448 φήτην
2395 4369 2501 4444 πρὸ
2531 4370 2804 4426 τοσούτων
2848 4370 3065 4444 χρόνων
3125 4376 3288 4429 τοῦτο
3335 4373 3843 4452 προαναφωνοῖητα.

2185 4458 2322 4517 Ἰδοὺ
2352 4462 2457 4539 γάρ
2516 4461 2544 4516 ὁ
2601 4460 2754 4531 Θεὸς,
2810 4463 2902 4516 καὶ
2963 4459 3118 4533 λαὸν,
3177 4463 3268 4519 καὶ
3322 4464 3686 4540 ἠγαπημένην
3720 4466 3847 4523 Ἐκ-

2179 4548 2434 4622 κλησίαν,
2512 4548 2600 4606 καὶ
2669 4549 2824 4613 υἱοὺς
2891 4549 3055 4607 καλεῖ
3093 4553 3222 4616 τοὺς
3286 4552 3339 4625 ἐξ
3398 4552 3588 4618 ἐθνῶν.
3632 4553 3697 4612 Τί
3771 4551 3841 4624 δὴ

568 4643 953 4700 crediderunt
983 4661 1052 4701 ex
1080 4642 1777 4719 gentibus.Quamobrem
1797 4644 2076 4702 tandem?

2205 4659 2354 4709 :ors;
2422 4641 2638 4702 πάντως
2703 4637 2795 4696 διὰ
2859 4643 2960 4711 τὴν
3029 4642 3210 4698 αὐτῶν
3279 4643 3711 4718 εὐγνωμοσύνην
3748 4643 3844 4701 καὶ

439 4729 653 4801 Utique
684 4738 926 4805 pr0pter
955 4733 1195 4789 illorum
1244 4732 1723 4790 benevolentiam
1772 4749 1842 4790 ac
1871 4733 2071 4791 ﬁdem.

441 4836 470 4866 «
504 4818 642 4874 Eam
676 4836 808 4892 qua
840 4820 1058 4879 dilecta
1082 4839 1201 4879 non
1235 4828 1380 4879 erat.
1415 4844 1445 4873 »
1476 4821 1800 4879 Ecclesiam
1842 4840 1975 4896 qua
2008 4840 2078 4881 ex

438 4908 717 4982 gentibus
749 4917 1101 4984 congregata
1131 4918 1220 4968 est
1253 4929 1421 4985 :qua
1453 4918 1631 4970 antea
1656 4929 1779 4970 non
1801 4912 2079 4988 diligeba-

439 4998 762 5072 tur.Neque
785 5000 944 5056 enim
965 5001 1150 5057 Deum
1181 5001 1590 5076 cognoscebat.
1621 5023 1650 5053 ‹‹
1683 5005 1808 5059 Νοη
1824 5005 2078 5078 populus

441 5103 612 5146 meus
643 5104 763 5144 vos.
802 5111 828 5137 ››
856 5091 1001 5146 Nam
1031 5097 1236 5164 gentes
1266 5093 1409 5150 olim
1436 5092 1690 5168 negabat
1719 5094 1871 5151 Deus
1909 5112 2080 5170 prop-

439 5182 532 5234 ter
561 5178 1066 5266 superstitionem.
1099 5203 1130 5232 ‹‹
1181 5182 1359 5240 Isaias
1405 5190 1604 5242 autem
1636 5183 1851 5242 clamat
1904 5198 2081 5260 super

434 5266 642 5348 Israél.
679 5290 708 5317 ››
763 5267 944 5336 Nihil,
1003 5270 1221 5346 inquit.
1275 5277 1532 5335 veretur.
1591 5271 1696 5332 sed
1765 5275 2080 5334 manifeste

437 5355 771 5436 clamat.Ad
793 5358 923 5419 hac
951 5362 1161 5442 omnia
1175 5361 1594 5440 inscrutabitia‘
1609 5364 1796 5438 ipsius
1810 5366 2076 5442 judicia:

431 5467 472 5529 α.
496 5448 744 5523 Tu‘quis
764 5465 828 5509 es
859 5439 1066 5525 qui'ex
1090 5437 1334 5510 adverso
1383 5437 1745 5527 respondeas
1793 5437 1932 5512 Deo.
1957 5478 1990 5529 ν»
2024 5459 2071 5517 Α

435 5528 744 5601 communi
765 5556 944 5601 sensu
961 5542 1073 5602 hoc
1096 5541 1573 5604 subaudiendum
1596 5550 1706 5615 est,
1737 5545 1826 5602 vel
1846 5528 1961 5619 per.
1983 5531 2080 5605 de-

2183 4728 2387 4787 πίστιν.
2461 4753 2482 4780 α
2524 4729 2637 4796 Τὴν
2708 4727 2808 4784 οὑκ
2871 4729 3257 4806 ἠγαπημένην.
3303 4754 3331 4784 »
3372 4733 3488 4802 Τὴν
3554 4732 3607 4804 ἐξ
3673 4731 3840 4789 ἐθνῶν

2187 4817 2537 4890 Ἐκκλησίαν,
2604 4819 2724 4888 ἣτις
2790 4818 2890 4875 οὑκ
2955 4820 3209 4897 ἡγάπητο
3275 4821 3558 4898 πρότερον.
3612 4821 3688 4881 Οὑ
3737 4822 3842 4900 γὰρ

2186 4917 2447 4993 ἐγίνωσκε
2497 4916 2648 4987 Θεόν,
2706 4941 2734 4969 ‹‹
2785 4917 2860 4976 Οὑ
2919 4915 3051 4980 λαός
3115 4941 3219 4992 μου
3281 4919 3457 4992 ὑμεῖς.
3517 4945 3546 4974 ››
3605 4921 3686 4979 Τὰ
3742 4922 3844 4998 γάρ

2186 5001 2312 5078 ἔθνη
2371 5007 2668 5083 ἀπηρνεῖτο
2725 5006 2754 5061 ὁ
2827 5009 2960 5070 Θεὸς
3018 5005 3214 5078 πάλαι,
3275 5005 3517 5079 διάτὴν
3579 5007 3840 5066 δεισιδαι·

2190 5095 2398 5170 μονίαν.
2459 5119 2488 5148 ι(
2547 5093 2771 5159 Ἡσαΐας
2828 5094 2886 5152 6‘s
2940 5097 3127 5172 κράζει
3183 5097 3317 5174 ὑπὲρ
3373 5103 3470 5154 τοῦ
3528 5099 3777 5175 Ἰσραήλ.
3813 5120 3838 5151 ι

2187 5183 2381 5244 Οὐδὲν.
2412 5184 2598 5267 φησὶν,
2631 5182 3131 5259 ὑποστελλόμενος,
3183 5185 3332 5244 ἀλλὰ
3379 5185 3684 5265 διαρῤἤδην
3717 5178 3846 5264 pi;-

2187 5275 2330 5350 Πρὸς
2387 5279 2580 5351 ταῦτα,
2609 5274 2781 5330 πάντα
2828 5276 2898 5330 τά
2945 5275 3327 5358 ἀνεξιχνίαστά
3359 5277 3617 5354 κρίματα
3652 5275 3845 5343 αὑτοῦ,

2188 5389 2218 5418 (ι’
2251 5364 2337 5424 Eii
2367 5365 2484 5426 ’τίς
2527 5362 2580 5420 εἴ
2627 5363 2656 5420 ὁ
2713 5352 3255 5442 ἀνταποκρινόμενος
3296 5352 3377 5440 τῷ
3416 5352 3578 5439 Θεῷς
3608 5385 3632 5418 ι
3672 5363 3854 5442 ⁵ΚῖῑτεάΓ

2186 5457 2372 5512 κοινοῦ
2399 5457 2560 5509 τοῦτο
2615 5451 2928 5524 ἀκουστέον,
2984 5455 3022 5525 ἤ
3069 5442 3208 5512 κατὰ
3241 5452 3487 5536 ἔλλειψιν
3514 5437 3841 5526 ἔκληπτὲον,

2189 5548 2344 5617 Οἷον,
2408 5569 2436 5597 (ι
2470 5542 2536 5604 Εἰ
2596 5541 2769 5610 θίλων
2829 5543 2858 5600 ὁ
2917 5545 3049 5609 Θεὸς
3108 5541 3455 5622 ἰνδείεασθαι.
3492 5569 3520 5596 »
3551 5543 3685 5605 Εἶτα
3711 5539 3847 5600 τάδε
