4188 6196
313 236 431 296 585

1414 238 1809 301 COMMENT.
1856 244 1945 302 IN
1993 244 2242 306 EPIST.
2286 250 2391 308 AD
2441 251 2623 313 ROM.

3603 268 3728 330 586

308 389 434 438 νης,
460 367 558 421 καὶ
589 367 794 430 παντὸς
821 369 1120 442 προσώπου
1176 369 1657 444 περιαιρουμὲνου,
1722 375 1812 428 καὶ
1868 381 1970 444 τῆς

2091 384 2301 448 stersa;
2321 389 2375 436 et
2407 386 2657 458 caligine
2682 404 2813 459 quae
2827 391 3283 462 cogitationibus
3300 397 3736 460 obtendebatur

322 454 765 529 ἐπιπροσθούσης
794 453 1005 530 ἀχλύος
1059 461 1176 519 τοῖς
1232 454 1526 534 λογισμοῖς
1583 459 1973 537 ἐκκαθαιρομέ-

319 567 442 616 νης.
475 547 800 618 Συνετμήθη
835 545 947 613 οὗν,
980 546 1165 623 φησὶν,
1199 548 1234 616 ἡ
1295 545 1407 618 νὺξ,
1464 548 1761 619 τουτέστιν,
1792 553 1819 606 6
1857 552 1975 627 βίος

315 637 500 707 ἡμῶν,
558 633 649 689 καὶ
702 633 908 710 ἐγγίζει
964 636 1026 690 τὸ
1092 634 1276 705 τέλος,
1348 638 1473 707 ἢτοι
1533 640 1567 707 ἡ
1627 639 1808 715 ἡμέρα
1863 638 1973 712 ἢδη

316 723 617 794 πλησιάζει
645 729 746 792 τῆς
772 721 1032 794 τελευτῆς
1065 724 1156 778 καὶ
1208 731 1309 794 τῆς
1362 724 1797 791 ἀνταποδόσεως.
1857 730 1972 805 Χρή

315 812 527 866 οὖνκαὶ
560 808 650 865 διὰ
708 814 878 865 ταῦτα
933 815 1107 866 πᾶσαν
1162 810 1388 883 ἐντολὴν
1448 814 1747 889 προθύμως
1795 814 1977 872 ἐπιτε-

318 901 459 972 λεῖν,
492 899 704 976 ἀγαπᾷν
739 898 1049 971 ἀλλήλους,
1079 898 1399 957 ἀποδιδόναι
1429 907 1559 957 πᾶσι
1590 905 1685 967 τὰς
1728 903 1974 983 ὀφειλάς,

320 992 713 1046 ὑποτάσσεσθαι
770 994 889 1052 ταῖς
944 989 1168 1064 ἀρχαῖς.
1223 990 1327 1047 Καὶ
1386 992 1489 1068 γὰρ
1547 993 1637 1047 καὶ
1697 990 1886 1068 ὀλίγος
1949 994 1976 1049 ὁ

321 1079 492 1141 πόνος
522 1076 656 1150 ἤδη,
690 1079 791 1133 οὐκ
817 1077 894 1140 εἷς
929 1082 1103 1152 μῆκος
1138 1081 1191 1134 οἱ
1245 1080 1479 1157 ἀγῶνες,
1528 1079 1582 1136 εἷ’
1625 1103 1678 1136 τι
1733 1082 1823 1137 καὶ
1863 1080 1974 1138 δέοι

321 1167 711 1245 ἀγωνίσασθαι,
773 1166 1127 1225 ἐκτείνονται.
1187 1170 1375 1242 Βραχὺ
1434 1170 1538 1247 γὰρ
1593 1168 1714 1226 λίαν
1790 1173 1976 1248 γέγονε

318 1261 382 1316 16
415 1258 633 1317 στάδιον
664 1267 763 1331 τῆς
798 1266 943 1331 ζωῆς
972 1263 1156 1334 ἡμῶν.
1209 1260 1416 1333 Μηδεὶς
1475 1264 1719 1334 ὁκνείτω,
1777 1267 1975 1329 πάντες

316 1350 734 1425 σπουδάσωμεν.
772 1377 792 1402 ι
830 1354 967 1428 ’Ὠρα
998 1355 1145 1425 ἡμᾶς
1176 1350 1308 1424 ⁴ἤδη.
1365 1377 1393 1405 ››
1428 1353 1642 1430 Ἐγγὺς,
1703 1354 1858 1433 φησὶ,
1912 1366 1974 1421 τὸ

316 1440 505 1508 τέλος,
535 1442 625 1496 καὶ
662 1437 747 1496 δεῖ
773 1442 923 1514 ἡμᾶς
952 1441 1257 1517 ἐπείγεσθαι
1307 1443 1382 1504 εἷς
1439 1444 1538 1513 τήν
1596 1448 1702 1499 τῶν
1759 1445 1974 1519 ἀγαθῶν

317 1526 496 1607 ἔργων
525 1529 803 1608 ἐργασίαν.
836 1556 864 1582 (ί
921 1531 1011 1602 Ἐξ
1069 1532 1240 1587 ὓπνου
1297 1531 1595 1609 ἐγερθῆναι.
1656 1557 1684 1585 ›)
1735 1536 1847 1603 Τῆς
1878 1535 1969 1609 ῥᾳ-

322 1619 519 1692 θυμίας
580 1619 890 1685 ἀναστῆναι.
958 1645 978 1671 σι
1040 1622 1147 1678 Νῦν
1199 1623 1301 1697 γὰρ
1355 1620 1635 1696 ἐγγύτερον
1696 1625 1856 1695 ἡμῶν
1934 1626 1968 1693 ἡ

321 1708 585 1782 σωτηρία.
641 1732 669 1759 n
728 1712 839 1766 Τοῦ
896 1710 1001 1784 γὰρ
1062 1706 1330 1784 παρόντος
1384 1711 1507 1784 βίου
1561 1711 1968 1788 ὑποσυρομένου
2000 1748 2048 1813 Β

1209 1802 1237 1814 η

314 1797 453 1853 κατᾶ
505 1799 719 1873 μικρὸν,
784 1797 1071 1873 ἐγγύεερος
1105 1800 1133 1854 6
1171 1802 1270 1864 τῆς
1330 1800 1687 1887 ἀναστάσεως
1731 1802 1820 1856 καὶ
1869 1808 1967 1871 τῆς

308 1887 594 1961 σωτηρίας
629 1890 792 1960 ἡμῶν
824 1887 1030 1961 γίνεται
1060 1889 1271 1963 καιρὸς,
1332 1890 1475 1963 παρὸ
1531 1888 1622 1945 ὅτε
1662 1891 1762 1959 τὴν
1791 1890 1970 1966 ἀρχήν

307 1976 563 2050 ἤλθομεν
597 1977 672 2040 εἰς
701 1978 800 2047 τὴν
833 1977 1035 2036 πίστιν.
1067 2003 1093 2030 ‹‹
1148 1979 1210 2036 Ἡ
1248 1979 1510 2054 σωτηρία.
1564 2004 1592 2032 ››
1638 1981 1768 2038 Ἐὰν
1824 1982 1971 2054 ὦμεν

311 2066 389 2127 ὡς
431 2061 516 2120 δεῖ
543 2066 1060 2141 παρεσκευασμένοι,
1104 2069 1377 2142 σωτήριος
1422 2070 1559 2141 ἡμῖν
1616 2066 1760 2124 ἔσται
1808 2071 1843 2140 ἡ
1870 2076 1969 2140 τῆς

317 2154 553 2228 κρίσεως
580 2155 780 2230 ἡμέρα·
826 2153 936 2210 εἶδε
989 2157 1088 2228 μή,
1155 2154 1424 2232 ὀλέθριος.
1488 2156 1639 2227 Πλὴν
1699 2157 1858 2223 αὐτὸς
1913 2159 1972 2215 ἐκ

316 2248 433 2298 τῶν
484 2242 870 2318 χρηστοτέρων
924 2242 1093 2315 δηλοῖ
1168 2247 1268 2315 τήν
1318 2247 1528 2322 ἡμέραν
1584 2246 1806 2319 ἐκείνην.
1844 2252 1970 2305 «"H

315 2332 412 2386 ὅτε
442 2330 850 2406 ἐπιστεύσαμεν.
913 2357 941 2384 ››
995 2332 1157 2395 Εἴκὸς
1211 2334 1278 2402 ἦν
1307 2335 1533 2400 τούτους
1590 2334 1643 2390 ἐν
1670 2335 1815 2412 ἀρχῆ
1875 2337 1971 2411 μὶν

313 2422 397 2483 ὡς
428 2420 656 2494 νεαροὺς
686 2421 845 2492 ξὲειν,
879 2426 971 2476 νῦν
1014 2420 1073 2477 δὲ
1130 2422 1608 2497 ἀπομεμαράνθαι.
1647 2430 1820 2481 Τοῦτο
1878 2424 1972 2481 οὖν

310 2508 626 2578 αἰνίττεται,
663 2510 747 2565 ὅτι
779 2513 967 2584 ”Οσον,
1002 2514 1159 2588 φησί,
1192 2511 1480 2590 ἐγγύτερον
1513 2517 1673 2588 ἡμῶν
1720 2517 1754 2585 ἡ
1789 2536 1970 2587 σωτη-

314 2598 431 2673 ρία,
461 2599 756 2671 τουτέστιν,
790 2599 818 2654 6
848 2606 949 2670 τῆς
998 2600 1228 2673 κρίσεως
1284 2603 1472 2677 καιρὸς
1528 2602 1618 2657 καὶ
1674 2606 1968 2679 σωτήριος,

313 2683 639 2757 σπουδάζειν
671 2686 886 2761 μᾶλλον
915 2690 1181 2765 προσήκει
1213 2687 1249 2759 ἤ
1282 2690 1572 2767 ῥᾳθυμεῖν.

387 2941 450 2990 Ἥ
483 2935 570 3006 νὺξ
604 2936 929 3012 προέκοψεν,
960 2941 995 3009 ἡ
1030 2936 1086 2994 δὲ
1118 2938 1298 3015 ἡμέρα
1347 2962 1588 3017 ηγγικεν.
1615 2943 1972 3016 Ἀποθώμεθα

326 3025 420 3079 οὖν
452 3025 519 3079 τὰ
546 3020 675 3100 ἔργα
705 3031 802 3081 τοῦ
832 3027 1076 3098 σκότους,
1108 3030 1201 3083 καὶ
1233 3027 1579 3104 ἐνδυσώμεθα
1606 3031 1673 3086 τὰ
1702 3029 1848 3087 ὅπλα
1874 3036 1972 3087 τοῦ

2088 476 2425 542 expurgatu.
2460 474 2664 545 Itaque
2694 476 3052 547 abbreviata,
3086 482 3302 555 inquit.
3335 492 3424 542 est
3479 505 3618 555 nox,
3672 492 3734 547 id

2087 563 2196 624 est,
2230 559 2347 614 vita
2384 568 2586 617 nostra
2616 579 2683 619 ac
2720 565 2857 621 finis
2887 585 3069 641 prOpe
3102 578 3191 626 est
3223 589 3236 627 :
3273 574 3381 629 hoc
3439 582 3545 643 est,
3606 579 3735 636 dies

2078 645 2204 715 jam
2236 651 2675 723 appropinquat
2705 656 2904 710 mortis
2935 674 3001 712 ac
3034 661 3459 719 retributionis.
3495 667 3737 738 Oportet

2083 735 2265 807 igitur
2294 737 2445 794 hanc
2476 740 2655 796 etiam
2685 743 2759 798 ob
2790 760 3029 801 causam
3061 756 3333 822 prompto
3365 735 3566 810 animo
3588 774 3737 827 prae-

2085 830 2323 895 ceptum
2354 843 2529 883 omne
2568 831 2877 900 perficere,
2912 833 3154 905 diligere
3186 839 3458 906 invicem,
3483 844 3735 902 reddere

2085 914 2361 970 omnibus
2388 916 2609 984 debita,
2644 920 2813 976 subdi
2844 926 3562 1001 potestatibus.Siquidem
3595 951 3735 1005 par-

2083 1019 2188 1057 vus
2219 1021 2456 1076 quoque
2487 1022 2648 1063 nunc
2678 1008 2846 1065 labor
2874 1017 2964 1066 est
2997 1029 3009 1067 :
3040 1030 3162 1069 non
3216 1016 3276 1071 in
3330 1018 3571 1092 longum
3602 1039 3735 1094 pro-

2084 1092 2411 1149 tenduntur
2441 1098 2788 1165 certamina,
2816 1098 2957 1155 licet
2983 1103 3293 1173 paululum
3324 1113 3551 1164 certare
3568 1092 3737 1181 opor-

2084 1183 2374 1237 teat.Nam
2406 1184 2726 1261 admodum
2756 1187 2930 1245 breve
2963 1190 3184 1248 factum
3204 1200 3293 1249 est
3323 1196 3578 1252 stadium
3603 1200 3734 1255 vitm

2084 1275 2331 1325 nostra);
2364 1288 2540 1328 nemo
2572 1282 2903 1343 cunctetur,
2936 1296 3145 1336 omnes
3168 1283 3430 1340 studium
3452 1287 3733 1345 adhibea-

2083 1376 2234 1414 mus.
2271 1382 2298 1409 «
2331 1362 2494 1426 Quod
2526 1364 2672 1420 hora
2702 1366 2777 1420 sit
2826 1385 2935 1423 nos
2957 1370 3107 1441 jam.
3146 1394 3168 1422 ι
3205 1376 3270 1429 In
3316 1377 3606 1446 proximo,
3640 1381 3735 1436 in-

2082 1448 2234 1519 quit,
2264 1456 2355 1505 est
2386 1452 2609 1519 ﬁnis,et
2639 1455 2721 1510 ita
2750 1472 2860 1512 nos
2886 1475 3207 1530 properare
3236 1470 3469 1535 oportet
3496 1467 3571 1523 ad
3591 1486 3731 1541 ope-

2082 1537 2374 1594 rationem
2402 1539 2697 1598 bonorum
2720 1561 2987 1615 operum.
3007 1570 3033 1598 «
3051 1550 3099 1603 A
3115 1566 3324 1606 somno
3347 1537 3730 1628 expergisci.»

2081 1626 2127 1678 A
2160 1627 2408 1698 segnitie
2469 1645 2807 1704 exsurgere.
2842 1656 2870 1684 η
2906 1636 3071 1691 Nunc
3130 1639 3289 1694 enim
3343 1626 3587 1713 propior
3643 1652 3734 1701 est

2080 1720 2286 1770 nostra
2316 1716 2497 1772 salus.
2563 1740 2590 1767 »
2652 1722 2990 1779 Praesertim
3049 1727 3207 1796 quod
3259 1729 3374 1784 vita
3429 1733 3733 1802 paululum

2076 1809 2353 1872 retracta,
2385 1808 2632 1878 propius
2675 1809 2934 1867 efficitur
2987 1818 3222 1886 tempus
3276 1822 3733 1878 resurrectionis

2075 1909 2143 1950 ac
2176 1895 2385 1950 salutis
2415 1902 2657 1965 nostra),
2691 1917 2871 1971 quam
2904 1908 3029 1959 tum
3062 1922 3197 1961 cum
3258 1907 3430 1964 initio
3459 1912 3732 1967 venimus

2076 1982 2150 2037 ad
2182 1982 2419 2039 fidem.»
2444 2006 2470 2033 (ι
2497 1985 2724 2042 Salus.»
2755 1988 2808 2043 Si
2840 1988 3224 2062 fuerimus,ut
3246 2002 3731 2072 oportet,praapa-

2074 2071 2208 2142 rati,
2243 2072 2521 2128 salutaris
2553 2074 2729 2131 nobis
2763 2078 2876 2132 erit
2907 2079 3122 2150 judicii
3161 2082 3330 2139 dies:
3382 2086 3474 2141 sin
3506 2093 3727 2158 autem,

2075 2160 2521 2232 perniciosus.A
2535 2179 2663 2218 com
2674 2165 3040 2224 modioribus
3053 2174 3253 2226 tamen
3267 2172 3422 2228 diem
3444 2174 3615 2231 illum
3632 2177 3729 2233 de-

2075 2253 2362 2308 nominat.
2394 2277 2421 2303 «
2459 2256 2645 2319 Quam
2679 2261 2804 2312 tum
2838 2275 2970 2314 cum
3013 2262 3416 2323 credebamus.
3454 2287 3478 2319 ι
3516 2269 3730 2325 Verisi-

2075 2340 2217 2396 mile
2240 2347 2347 2410 est,
2372 2343 2529 2413 quod
2560 2344 2620 2398 hi
2651 2345 2821 2401 initio
2854 2348 3095 2418 quidem
3128 2357 3421 2425 tamquam
3453 2364 3724 2415 recentes

2075 2431 2140 2486 in
2182 2430 2294 2486 ﬁde
2324 2432 2637 2503 ferverent,
2671 2437 3050 2506 postmodum
3080 2458 3215 2498 vero
3247 2442 3722 2518 languescerent,

2078 2520 2188 2575 hoc
2219 2537 2356 2591 ergo
2378 2538 2538 2577 nunc
2561 2523 3055 2599 latenterinnuit,
3088 2547 3156 2586 ac
3188 2531 3237 2586 si
3257 2531 3417 2589 dicat
3448 2552 3461 2588 :
3494 2537 3723 2602 Quanto

2078 2608 2469 2680 propinquior
2509 2617 2598 2666 est
2627 2629 2787 2669 nunc
2818 2621 3025 2672 nostra
3071 2619 3251 2686 salus,
3285 2620 3442 2677 880
3473 2623 3585 2680 hoc
3615 2631 3725 2694 est,

2069 2696 2281 2769 judicii
2302 2698 2429 2753 dies
2462 2700 2762 2771 salutaris,
2792 2705 2979 2777 magis
2996 2704 3313 2779 diligentas
3336 2725 3464 2766 esse
3495 2717 3732 2783 Oportet

2078 2791 2137 2842 et
2164 2803 2285 2842 non
2318 2804 2527 2861 segnes
2559 2789 2737 2844 effici.

2148 2875 2289 2943 XIII,
2333 2880 2523 2931 12-14.
2558 2900 2585 2927 ‹‹
2621 2880 2742 2933 Nox
2771 2883 3097 2950 pawcessit,
3131 2884 3259 2940 dies
3289 2892 3489 2943 autem
3514 2905 3733 2961 appro-

2080 2986 2105 3014 α
2127 2964 2451 3035 pinquavit.
2478 2966 2843 3038 Abjiciamus
2866 2970 3044 3042 igitur
3057 2989 3236 3044 opera
3248 2976 3650 3049 tenebrarum,
3674 2984 3732 3034 et

2080 3075 2107 3102 ‹‹
2142 3052 2463 3108 iuduamur
2491 3071 2660 3110 arma
2709 3056 2860 3111 lucis
2892 3076 2905 3111 :
2940 3064 3225 3131 tanquam
3255 3062 3316 3117 in
3349 3064 3444 3119 die
3480 3067 3732 3124 honeste

323 3115 531 3193 φωτὸς,
562 3114 637 3176 ὡς
665 3113 717 3170 ἐν
747 3114 929 3189 ἡμέρᾳ
960 3116 1318 3192 εὐσχημόνως
1361 3121 1840 3224 περιπατήσωμεν.
1872 3122 1967 3224 Mi;

2091 3165 2102 3189 ι
2138 3141 2515 3198 ambulemus
2541 3145 2663 3199 Non
2683 3148 3217 3206 comessationibus
3239 3157 3296 3206 et
3323 3152 3732 3224 ebrietatibus,

325 3204 541 3275 κώμοις
571 3203 661 3258 καὶ
709 3203 919 3276 μέθαις,
982 3207 1058 3279 μὴ
1107 3206 1316 3268 κοίταις
1372 3207 1461 3262 καὶ
1508 3206 1835 3283 ἀσελγείαις,
1892 3210 1968 3282 μή

320 3289 575 3363 ἔριδικαὶ
609 3291 788 3365 ζήλῳ.
822 3291 973 3350 Ἀλλ’
1026 3291 1317 3350 ἐνδύσασθε
1371 3295 1462 3351 τὸν
1519 3297 1718 3372 Κύριον
1757 3297 1969 3369 Ἰησοῦν

323 3380 577 3454 Χριστόν.
613 3380 712 3435 Καὶ
741 3387 840 3451 τῆς
895 3382 1092 3457 σαρκὸς
1146 3383 1407 3458 πρόνοιαν
1469 3386 1545 3457 μὴ
1603 3386 1845 3440 ποιεῖσθε
1895 3384 1972 3448 εἷς

325 3468 483 3523 ἐπιθυ
491 3470 639 3542 μίας.

400 3581 428 3609 ι(
472 3558 537 3614 Ἠ
567 3556 654 3627 νὺξ
686 3556 1009 3633 προέκοψεν.
1043 3583 1073 3611 »
1133 3558 1317 3616 Νύκτα
1381 3561 1471 3616 τὸν
1522 3561 1766 3637 παρόντα
1818 3559 1979 3617 καλεῖ

326 3646 469 3722 βίον.
532 3644 700 3704 Ούδὶν
758 3648 860 3724 γὰρ
920 3647 1213 3723 ὀνειράτων
1266 3646 1507 3728 διαφέρει
1587 3652 1655 3705 τὰ
1705 3650 1756 3706 ἐν
1804 3652 1974 3724 αὐτῷ.

320 3736 562 3811 Ἠμέραν
596 3734 654 3791 δὲ
683 3735 775 3791 τὸν
813 3735 1091 3810 μέλλοντα
1142 3737 1369 3813 χρόνον,
1405 3737 1493 3794 διὰ
1538 3739 1603 3794 τὸ
1655 3739 1724 3795 τὰ
1769 3740 1981 3814 κρυπτὰ

326 3822 378 3878 ἐν
436 3823 588 3896 αὐτῷ
636 3829 1018 3902 φανεροῦσθαι.
1077 3850 1098 3878 ι
1158 3827 1522 3901 Ἀποθώμεθα
1579 3828 1670 3883 οὖν
1722 3830 1791 3884 τὰ
1848 3824 1981 3904 ἔργα

328 3916 426 3968 τοῦ
477 3911 725 3974 σκότους.
787 3937 816 3965 ››
870 3915 1046 3990 Ἔργα
1103 3913 1328 3978 σκότους
1378 3915 1532 3993 φησί,
1588 3917 1684 3978 τὰς
1742 3918 1982 3992 πονηρὰς

331 4002 572 4075 πράξεις,
619 4001 764 4057 ὅπλα
829 3998 886 4057 δὲ
918 4003 1098 4079 φωτὸς
1154 4005 1254 4074 τήν
1309 4004 1527 4076 ἀρετήν.
1586 4007 1674 4069 Ὠς
1733 4006 1828 4080 μὶν
1886 4007 1979 4061 οὗν

335 4088 907 4168 δπλα,ἀσφαλίζεται·
967 4091 1042 4155 ὡς
1088 4088 1147 4147 δὲ
1195 4093 1393 4168 φωτὸς,
1449 4091 1775 4167 λαμπρύνει.
1836 4119 1864 4147 ι(
1897 4096 1984 4157 Ὡς

335 4178 389 4234 ἐν
417 4178 599 4255 ήμὲρᾳ
623 4180 1009 4255 εὐσχημόνως.
1048 4205 1077 4232 ››
1128 4215 1199 4223 —
1253 4184 1491 4256 [ΦΩΤ.]
1547 4189 1633 4248 Ὠς
1686 4181 1795 4255 ἤδη
1846 4203 1984 4258 παρ-

335 4269 530 4339 ούσης,
563 4268 638 4333 ὡς
691 4268 1033 4341 ἐνεστηκυίας
1088 4277 1190 4339 τῆς
1247 4271 1371 4325 ’ὀσον
1428 4271 1578 4326 οὔπω
1609 4273 1988 4347 παρεσομένης

336 4357 571 4431 ἡμέρας,
631 4356 776 4413 οὕτω
834 4356 1290 4432 πολιτευσώμεθα
1365 4357 1750 4435 εὐσχημόνως.
1803 4361 1870 4417 Τί
1931 4358 1988 4415 δέ

2085 3251 2105 3282 ι
2140 3248 2261 3286 non
2294 3230 2589 3287 cubilibus
2621 3238 2680 3287 et
2708 3232 3078 3304 libidinibus,
3113 3256 3235 3295 non
3260 3244 3637 3300 contentione
3672 3252 3733 3301 et

2082 3342 2108 3369 ‹‹
2124 3320 2505 3375 (nmulatione
2523 3337 2535 3385 ;
2553 3321 2654 3376 sed
2670 3322 2988 3380 induimini
3003 3327 3320 3384 Dominum
3330 3332 3527 3388 Jesum
3543 3334 3738 3390 Chris-

2087 3430 2108 3458 α
2132 3414 2288 3475 tum;
2312 3414 2369 3463 et
2388 3409 2585 3464 carnis
2607 3428 2808 3467 curam
2832 3428 2908 3467 ne
2929 3413 3188 3473 feceritis
3209 3417 3285 3473 ad
3305 3421 3735 3493 concupiscen-

2091 3517 2113 3545 ι
2149 3498 2282 3553 tias.
2318 3520 2345 3546 n

2160 3608 2188 3637 «
2218 3588 2338 3642 Nox
2370 3588 2694 3658 prmcessit.
2730 3612 2757 3639 ››
2790 3592 3031 3648 Noctem
3074 3601 3239 3651 vocat
3267 3603 3625 3669 prmsentem
3655 3600 3739 3653 vi-

2093 3679 2237 3743 tam,
2259 3675 2419 3746 quod
2437 3676 2590 3732 nihil
2613 3693 2647 3732 a
2669 3680 2919 3735 somniis
2941 3681 3222 3739 differant
3238 3702 3369 3756 qum
3393 3682 3452 3741 in
3476 3703 3545 3742 ea
3567 3692 3739 3753 sunt;

2088 3765 2245 3821 diem
2295 3781 2427 3820 vero
2474 3771 2711 3837 tempus
2745 3767 3030 3839 futurum,
3078 3773 3234 3843 quod
3282 3774 3342 3826 in
3382 3790 3450 3828 eo
3491 3774 3741 3828 manife-

2090 3853 2302 3909 standa
2324 3854 2445 3909 sint
2473 3855 2725 3911 occulta.
2757 3880 2777 3905 ι
2806 3857 3172 3928 Abjiciamus
3190 3861 3368 3933 igitur
3383 3878 3564 3934 opera
3586 3867 3746 3917 tene-

2090 3942 2355 3999 brarum.
2383 3964 2406 3993 ι)
2437 3944 2628 4015 Opera
2644 3945 3023 4001 tenebrarum
3051 3947 3198 4002 dicit
3225 3952 3741 4020 pravasactiones;

2093 4047 2259 4087 arma
2288 4047 2423 4086 vero
2465 4032 2639 4099 lucis,
2682 4033 2977 4089 virtutem.
3010 4036 3242 4092 Etenim
3288 4038 3347 4094 in
3380 4041 3626 4096 modum
3648 4058 3744 4096 ar-

2094 4136 2349 4189 morum,
2369 4121 2623 4193 protegit
2644 4121 2945 4177 hominem
2967 4140 2981 4178 :
3000 4123 3075 4179 ad
3094 4126 3336 4183 modum
3356 4135 3555 4185 autem
3574 4130 3745 4198 lucis,

2095 4208 2349 4263 illustra.
2401 4230 2428 4257 «
2463 4210 2785 4279 Tamquam
2818 4211 2879 4265 in
2931 4211 3026 4268 die
3060 4213 3328 4272 honeste.
3366 4240 3387 4266 ιο
3432 4219 3607 4283 Quasi
3631 4219 3748 4289 jam

2096 4300 2412 4368 praesente,
2468 4300 2753 4367 tanquam
2794 4298 3074 4369 instante,
3121 4309 3409 4373 quantum
3458 4305 3749 4361 hactenus

2099 4399 2429 4454 nunquam,
2480 4383 2678 4440 futuro
2711 4385 2826 4454 die,
2879 4387 2963 4444 ita
3009 4390 3259 4447 honeste
3309 4410 3750 4451 conversemur.

338 4444 452 4500 ἐστι
483 4445 564 4515 τὸ,
598 4469 626 4496 ι(
687 4445 1097 4521 Εύσχημόνως,
1134 4471 1161 4498 ›)
1194 4447 1480 4521 ἒρμηνεύει
1537 4447 1696 4511 αὐτὸς
1746 4449 1980 4525 ὲπςιὶγων¹

390 4537 469 4555 ‘ll‘
508 4554 533 4555 ν.
561 4535 574 4555 Ι
902 4535 915 4555 ἱ
950 4536 1037 4555 (δν
1221 4536 1285 4555 IS,
1476 4538 1488 4555 Ι
1747 4536 1795 4555 ἣν

2098 4444 2341 4539 ριιίᾶέἰι
2372 4444 2571 4529 autem
2590 4496 2618 4525 ‹‹
2644 4444 2923 4545 Honeste,
2959 4499 2984 4531 ι
3022 4480 3452 4553 interpretatur
3473 4483 3600 4555 ipse
3624 4483 3757 4539 sub-

338 4558 367 4587 «
390 4537 479 4604 Μή
504 4535 741 4608 κώμοις,
770 4559 799 4588 ››
828 4535 918 4590 καὶ
950 4536 1092 4609 ἑξῆς.
1129 4560 1157 4590 ‹‹
1218 4536 1601 4616 Εύσχημόνως
1654 4560 1681 4591 ιι
1744 4536 1802 4594 δὲ
1830 4561 1986 4614 φησι,

336 4622 460 4679 λίαν
490 4624 780 4698 ἐντρέπων,
842 4626 927 4680 ὅτι
986 4626 1159 4680 εἶκαὶ
1227 4629 1303 4699 μή
1361 4625 1587 4689 κόλασις
1640 4628 1706 4698 ἦν
1764 4627 1987 4685 ἀποκει-

343 4712 477 4786 μένη
508 4717 626 4775 τοῖς
662 4714 1051 4789 ἁμαρτάνουσι,
1095 4716 1185 4769 καὶ
1243 4713 1549 4778 ἀπόλαυσις
1607 4721 1724 4779 τοῖς
1782 4738 1989 4793 κατορ-

344 4804 553 4874 θοῦσιν,
587 4798 694 4857 ἔδει
749 4803 813 4857 τὸ
870 4801 1099 4878 αἷσχρὸν
1149 4804 1239 4859 καὶ
1295 4803 1529 4880 ἀπρεπὲς
1585 4806 1675 4860 καὶ
1734 4807 1990 4883 ἀσχημο-

345 4895 473 4946 νοῦν
531 4889 848 4968 φεύγοντας,
908 4888 1128 4973 ἔχεσθαι
1180 4896 1282 4958 τῆς
1336 4894 1550 4969 ἀρετῆς.
1604 4896 1732 4951 Ὅτε
1789 4893 1846 4950 δὲ
1902 4896 1992 4952 καὶ

344 4981 416 5036 τα
444 4979 667 5056 ῥηθέντα
694 4978 932 5056 ἐκατέρῳ
957 4982 1064 5057 βίῳ
1122 4979 1437 5052 ἀκολουθεῖ,
1494 4982 1547 5037 τί
1592 4983 1704 5058 χρὴ
1767 4992 1940 5041 ποιεῖν
1978 5005 1992 5055 ;

347 5094 377 5122 ‹‹
413 5070 898 5143 ῐιεριπατήσωμεν.
935 5093 964 5120 »
995 5074 1143 5126 "Avm
1199 5069 1434 5145 εἰρηκὼς
1491 5068 1715 5145 μέλλειν
1767 5075 1866 5143 τήν
1894 5083 1994 5146 τῆς

342 5157 577 5234 κρίσεως
629 5159 863 5233 ἡμέραν,
922 5163 1012 5212 νῦν
1096 5159 1266 5230 αὐτὴν
1329 5158 1574 5239 ἐφίστησι
1631 5166 1813 5215 πτοῶν
1903 5166 1994 5220 τὸν

346 5248 645 5323 ἀκροατήν.
702 5248 777 5305 Τὸ
836 5244 916 5313 δὲ,
959 5272 987 5298 ‹‹
1050 5248 1541 5322 Περιπατήσωμεν,
1604 5272 1632 5299 ››
1716 5250 1998 5333 ἀνεπαχθῆ

344 5343 497 5393 ποιεῖ
522 5346 616 5393 τὸν
646 5336 830 5412 Λόγον.
866 5337 969 5393 Καὶ
1000 5338 1104 5414 γὰρ
1164 5337 1352 5392 ἑαυτὸν
1411 5332 1612 5412 ἔμιξεν.
1673 5363 1701 5392 ‹‹
1754 5344 1844 5412 Μὴ
1897 5332 2000 5400 κώ.

352 5449 478 5503 μοις
506 5428 594 5483 καὶ
659 5425 865 5501 μέθαις.
902 5452 929 5478 ››
977 5427 1053 5485 Ού
1113 5430 1175 5483 16
1222 5428 1415 5499 πίνειν,
1474 5426 1622 5484 ἀλλά
1666 5430 1730 5484 16
1791 5433 2005 5505 μεθύειν

347 5515 578 5574 κωλύει.
613 5519 814 5590 Κῶμος
846 5513 903 5571 δὲ
934 5515 1163 5584 ἐττιμτᾶ
1220 5517 1354 5590 μετὰ
1413 5517 1584 5589 μὲθης
1649 5518 1740 5572 καὶ
1798 5518 2006 5599 ὕϐρεως

350 5605 650 5681 ᾇσματα,ὃ
716 5605 806 5660 καὶ
835 5603 1091 5681 παροινία
1121 5602 1360 5681 λέγεται.
1396 5627 1425 5658 ‹‹
1479 5606 1582 5662 Καὶ
1624 5606 1946 5684 ἀσελγείαις.
1981 5642 2005 5669 ρ

597 5726 863 5787 quat.
909 5724 1021 5786 Gn.
1066 5721 1339 5786 CXVIII.

2100 4562 2296 4618 dendo
2328 4579 2341 4617 :
2378 4564 2504 4619 Non
2545 4568 3100 4638 comessationibus,
3136 4594 3164 4621 ››
3209 4578 3268 4627 et
3296 4578 3528 4629 cmtera.
3579 4576 3755 4629 Porro

2100 4657 2260 4708 recte
2291 4651 2613 4709 admodum
2632 4654 2798 4721 dicit,
2830 4679 2857 4707 ‹‹
2894 4659 3172 4714 Honeste.
3209 4682 3237 4710 »
3262 4663 3412 4716 Nam
3446 4662 3589 4717 licet
3618 4679 3760 4735 sup-

2102 4741 2348 4813 plicium
2385 4760 2507 4799 non
2539 4751 2695 4800 esset
2743 4747 3074 4817 repositum
3106 4748 3621 4821 delinquentibus,
3647 4768 3758 4807 nec

2102 4830 2304 4886 fruitio
2365 4838 2523 4888 recte
2584 4834 2913 4905 operibus:
2976 4842 3279 4907 oporteret
3328 4840 3761 4913 turpitudinem

2106 4922 2165 4973 et
2193 4918 2628 4989 impudicitiam
2656 4937 2724 4976 ac
2766 4922 3252 4981 inverecundiam
3300 4925 3528 5001 fugere,
3560 4933 3618 4984 et
3646 4928 3761 4983 vir-

2106 5007 2215 5062 tuti
2247 5007 2570 5064 adhaarere.
2596 5011 2740 5065 Cum
2758 5016 2955 5066 autem
2976 5029 3046 5069 ea
3060 5031 3190 5086 quae
3209 5016 3368 5072 dicta
3387 5024 3527 5073 sunt
3546 5024 3766 5074 utram-

2108 5111 2223 5166 que
2276 5102 2604 5166 sequantur
2647 5099 2846 5165 vitam,
2896 5101 3183 5171 quidnam
3234 5104 3427 5161 facere
3477 5104 3767 5179 oportet?

2110 5204 2140 5233 «
2174 5184 2584 5241 Ambulemus.
2622 5210 2643 5235 ι
2682 5188 2787 5243 Ubi
2812 5191 3087 5267 superius
3118 5192 3369 5250 dixisset
3393 5195 3771 5267 futurumju-

2111 5273 2251 5329 dicii
2283 5274 2462 5343 diem,
2489 5276 2685 5347 ipsum
2716 5296 2874 5335 nunc
2893 5281 3061 5351 ponit
3092 5282 3164 5337 ob
3188 5284 3413 5352 oculos,
3439 5285 3771 5342 auditorem

2113 5362 2414 5418 territans.
2469 5365 2678 5421 Dicens
2708 5373 2928 5432 autem,
2964 5392 2992 5420 ‹‹
3028 5371 3440 5442 Ambulemus,
3476 5396 3504 5424 »
3548 5389 3775 5441 sermo:-

2115 5467 2253 5506 nem
2277 5451 2498 5507 invidia
2518 5470 2719 5511 carere
2738 5455 2896 5525 facit,
2922 5459 3185 5530 seipsum
3207 5462 3384 5518 etiam
3409 5462 3778 5518 immiscens.

2118 5558 2150 5593 ιι
2180 5541 2308 5596 Non
2330 5544 2867 5601 comessationibus
2900 5552 2959 5602 et
2988 5546 3396 5618 ebrietatibus.
3428 5573 3457 5600 υ
3486 5552 3613 5605 Non
3645 5563 3777 5618 pro-

2121 5566 2150 5593 ιι
2180 5566 2308 5596 nun
2330 5566 2867 5601 uuruessuuoumus
2900 5566 2959 5602 et
2988 5566 3095 5603 enr
3120 5566 3396 5605 etaunus.
3428 5573 3457 5600 υ
3486 5566 3613 5605 non
3645 5566 3777 5618 ΡΓΟ·

2121 5627 2284 5685 hibet
2302 5628 2530 5699 bibere,
2555 5632 2657 5690 sed
2687 5634 2971 5691 inebriari
2998 5654 3011 5703 ;
3041 5566 3219 5712 m690<
3244 5643 3443 5694 autem
3465 5635 3780 5693 cantilena

3418 5756 3491 5815 19
