4198 6200
417 399 538 458 593
1523 407 1915 469 COMMENT.
1968 411 2044 469 ΙΝ
2095 411 2344 472 EPIST.
2391 417 2492 473 AD
2540 418 2730 478 RHM.
3711 421 3826 486 594

416 535 625 610 καιρὸν,
660 535 744 589 ὅτι
777 537 924 614 ἀρχῆ
957 541 1059 591 τοῦ
1089 538 1446 614 κηρύγματος
1478 542 1568 610 ἦν.
1599 542 1700 596 Τὸν
1734 539 1790 597 δὲ
1817 543 2038 598 ἓσθίονσιτ¹

2179 547 2250 600 de
2284 565 2351 602 eo
2385 552 2483 620 qui
2529 552 2682 607 inter
2733 555 2894 611 cibos
2953 558 3274 614 discernit:
3337 561 3436 615 ille
3495 563 3654 616 enim
3708 580 3826 620 non

416 627 535 680 καθ’
571 625 783 700 ἡμέραν
845 625 935 680 καὶ
994 629 1318 694 νηστεύοντα
1378 629 1508 704 ὑπὲρ
1569 633 1802 707 ἡμέραν,
1862 633 1923 687 ού
1985 631 2066 688 δεῖ

416 713 564 776 ὅλως
599 713 714 770 οὐδ’
769 713 954 789 ἓτερον
1017 713 1131 772 οὐδ’
1199 717 1365 793 ἑτέρῳ
1419 721 1627 795 μέμψιν
1684 721 1920 796 ἐπάγειν,
1980 722 2064 777 ὅτι

415 802 583 881 ἅμτρῳ
615 803 692 868 εἷς
714 801 872 874 δόξαν
906 805 1104 881 Κυρίου
1156 811 1407 862 ποιοῦσιν
1464 808 1494 863 6'
1551 814 1791 866 ποιοῦσι.
1839 812 1944 866 Καὶ
2001 811 2068 865 τὰ

413 891 604 969 ἐφεξῆς
663 893 761 948 ὅσα
817 894 940 968 περὶ
988 896 1089 963 τήν
1148 895 1316 964 αὐτὴν
1375 894 1582 952 ἔννοιαν
1644 900 1945 974 στρέφεται,
1979 898 2066 954 ἐπὶ

409 986 523 1036 τῶν
548 984 924 1053 νηστευόντων
986 984 1116 1058 ὑπὲρ
1175 986 1407 1059 ἡμέραν,
1465 986 1554 1041 καὶ
1611 987 1898 1042 ἐσθιόντων
1950 990 2067 1043 καθ’

409 1073 645 1146 ἡμέραν,
673 1070 980 1143 ἐκληπτέον
1023 1074 1212 1147 μόνον·
1247 1076 1386 1142 οἷον,
1419 1101 1446 1126 ι(
1510 1075 1585 1130 Σὺ
1643 1073 1701 1131 δὲ
1755 1076 1808 1132 τί
1864 1079 2066 1152 κρίνεις

404 1163 500 1216 τὸν
531 1157 768 1241 ἀδελφόν
799 1183 895 1217 σου
929 1180 942 1230 ;
977 1187 1004 1214 »
1036 1163 1149 1232 καὶ,
1187 1186 1210 1218 α
1260 1165 1402 1238 ’Ἄρα
1457 1164 1551 1220 οὖν
1629 1161 1848 1229 ἕκαστος
1905 1169 2066 1240 ἡμῶν

404 1251 530 1326 περὶ
563 1253 754 1307 ἑαυτοῦ
784 1251 954 1328 λόγον
988 1249 1149 1307 δώσει
1183 1258 1262 1326 τῷ
1293 1259 1430 1327 Θεῷ.
1467 1278 1494 1304 ››

2175 640 2376 708 edens,
2411 659 2785 716 nequaquam
2818 650 2890 703 ad
2949 651 3163 706 Christi
3217 653 3465 724 gloriam
3519 670 3635 709 non
3685 657 3824 721 edit,

2176 729 2279 782 sed
2307 734 2589 801 tanquam
2625 735 2941 792 imbecillis
2976 746 3035 794 et
3065 740 3340 797 infirmus
3370 743 3429 796 in
3463 743 3598 797 ﬁde.
3625 744 3734 799 Sed
3765 745 3829 798 il'

2176 817 2299 872 lum
2323 821 2563 889 quidem
2586 841 2702 878 non
2732 833 2965 897 oportet
2985 830 3382 885 condemnare
3408 837 3650 903 propter
3681 839 3825 887 temo

2177 907 2337 976 poris
2367 912 2758 978 occasionem,
2786 917 2922 986 quia
2942 917 3381 988 prmdicationis
3406 920 3640 975 initium
3663 929 3822 976 erat:

2176 994 2348 1050 illum
2380 1015 2514 1054 vero
2540 1003 2640 1071 qui
2675 1005 2937 1072 quotidie
2970 1006 3109 1075 edit,
3169 1013 3272 1062 aut
3315 1025 3450 1062 eum
3504 1010 3604 1080 qui
3650 1027 3827 1082 super

2177 1085 2333 1140 diem
2358 1088 2614 1160 jejunat,
2648 1109 2840 1164 neque
2872 1095 3028 1150 hunc
3055 1113 3247 1168 neque
3296 1098 3547 1153 alterum
3596 1107 3828 1170 oportet

2178 1176 2421 1232 omnino
2453 1183 2831 1237 accusatione
2863 1187 3139 1256 persequi
3173 1204 3185 1240 :
3220 1187 3392 1241 ambo
3421 1187 3577 1242 enim
3599 1189 3671 1243 ad
3703 1190 3826 1261 glo-

2177 1263 2327 1318 riam
2363 1268 2461 1321 Dei
2493 1269 2716 1325 faciunt
2748 1275 2905 1343 quod
2935 1274 3180 1329 faciunt.
3205 1277 3274 1330 Et
3295 1277 3605 1347 sequentia
3628 1279 3826 1332 omnia

404 1361 789 1436 quascunque
809 1345 881 1436 ad
913 1345 1091 1436 illam
1112 1349 1465 1436 torquentur
1496 1346 1972 1420 intelligentiam,
2006 1348 2077 1403 de
2102 1350 2516 1422 jejunantibus
2543 1359 2631 1414 vel
2651 1361 3089 1418 abstinentibus
3112 1382 3292 1436 super
3347 1345 3505 1420 diem
3557 1371 3615 1420 et
3644 1367 3824 1420 eden-

401 1435 560 1490 tibus
593 1435 877 1505 quotidie,
913 1434 1259 1506 accipienda
1288 1441 1521 1490 tantum
1553 1443 1712 1504 sunt,
1747 1436 1922 1508 quale
1953 1441 2044 1491 est
2071 1437 2255 1494 illud:
2295 1465 2313 1490 ιι
2343 1445 2423 1499 Tu
2455 1453 2652 1503 autem
2700 1450 2841 1518 quid
2883 1450 3120 1521 judicas
3171 1434 3413 1508 fratrem
3467 1460 3629 1508 tuum
3653 1455 3680 1508 ‘?
3705 1472 3732 1501 η
3768 1462 3824 1509 et

403 1524 553 1579 illud
579 1542 592 1579 :
633 1546 655 1569 «
688 1524 871 1596 Igitur
899 1525 1312 1596 unusquisque
1339 1531 1610 1580 nostrum
1643 1527 1714 1580 de
1747 1527 1941 1596 seipso
1972 1527 2265 1584 rationem
2295 1532 2462 1588 dabit
2492 1537 2628 1594 Deo.
2664 1559 2692 1586 η

479 1615 615 1668 Εἶτα
672 1607 858 1666 λαϐὼν
920 1609 1162 1667 ἐντεῦθεν
1231 1612 1488 1690 ἀφορμήν
1521 1659 1534 1681 ,
1590 1614 1679 1668 καὶ
1751 1614 2063 1687 ἀναμνήσας

400 1703 488 1756 ’ὁτι
521 1699 716 1775 Κύριον
745 1697 952 1775 ἔχομεν
984 1701 1073 1755 καὶ
1107 1702 1299 1772 κριτὴν
1352 1699 1440 1756 ἐπὶ
1496 1705 1597 1756 τοῦ
1653 1703 1925 1776 βήματος,
1985 1702 2062 1762 εἰς

397 1791 716 1866 παραίνεσιν
749 1789 931 1866 ἀνάγει
989 1790 1079 1844 τὸν
1139 1788 1302 1864 λόγον
1362 1789 1683 1862 καθολικήν.
1744 1793 1835 1860 Τί,
1896 1792 2053 1869 φησὶ,

395 1884 560 1935 τοῦτο
591 1877 628 1949 ἤ
661 1878 832 1934 ἐκεῖνο
875 1878 1023 1955 λέγω
1057 1898 1071 1949 ;
1104 1877 1258 1934 Οίὶτω
1313 1875 1396 1933 δεῖ
1425 1879 1560 1956 πρὸς
1594 1879 1880 1950 ἀλλήλους
1939 1877 2055 1935 δια-

395 1971 633 2038 κεῖσθαι,
665 1966 805 2023 ὥστε
845 1967 900 2023 ἒν
943 1965 1160 2040 μηδενὶ,
1205 1969 1268 2022 τὸ
1321 1967 1448 2022 ὅσον
1506 1968 1588 2047 ἐφ’
1639 1972 1798 2040 ἡμῖν,
1831 1967 2051 2044 ἐπάγειν

401 2057 685 2128 ἀλλήλοις
714 2059 1048 2132 πρόσκομμα
1092 2055 1128 2126 ἤ
1172 2055 1497 2115 σκάνδαλον.
1560 2083 1585 2109 ‹‹
1622 2059 1717 2128 Τῷ
1771 2053 1991 2130 ἀδελφῷ
2023 2081 2051 2109 ››

403 2143 462 2202 δὲ
485 2145 837 2222 εἴρηκεν,καὶ
879 2145 938 2202 ἐκ
990 2151 1089 2202 τοῦ
1149 2147 1419 2219 ὀνόματος
1476 2143 1794 2215 δυσωπῆσαι
1851 2144 2048 2209 θέλων*

399 2262 430 2288 ‹‹
478 2239 570 2307 Τί,
628 2237 783 2315 φησὶ,
842 2233 1265 2306 σκανδαλίζειςς
1323 2258 1351 2287 ››
1401 2232 1667 2313 Ἀδελφός
1728 2235 1822 2289 σού
1882 2233 2048 2308 ἔστιν,

403 2326 572 2400 μέλος
607 2326 703 2380 σού
732 2325 894 2394 ἐστιν,
920 2322 1010 2380 ἕνα
1041 2327 1251 2399 Ιίατέρα
1299 2321 1474 2400 ἔχετε,
1530 2321 1621 2380 ἕνα
1677 2325 2045 2402 Δημιουργόν.

398 2419 499 2475 Ἀν
565 2417 655 2472 οὗν
710 2416 964 2492 ἀναιρεθῇ
1023 2415 1112 2494 ἀφ’
1170 2417 1320 2488 ὑμῶν
1375 2417 1442 2470 τὰ
1511 2413 1785 2471 σκάνδαλα
1835 2416 1926 2470 καὶ
1981 2417 2049 2470 τὰ

396 2508 824 2582 προσκόμματα,
855 2503 1056 2577 πολλῷ
1101 2503 1316 2578 μᾶλλον
1347 2505 1752 2581 ἀναιρεθήσεται
1807 2505 1872 2561 τὸ
1923 2503 2046 2579 κρί-

390 2617 500 2652 νειν
556 2596 644 2652 καὶ
699 2593 1062 2670 κατακρίνειν.
1139 2593 1286 2669 Οὐχὶ
1346 2595 1509 2668 μόνον
1573 2597 1634 2651 τὸ
1692 2593 1779 2649 ἐπὶ
1862 2595 2043 2667 τούτῳ

385 2685 585 2762 κρίνειν
617 2687 704 2741 καὶ
745 2684 1106 2760 κατακρίνειν,
1169 2683 1205 2753 ἢ
1261 2683 1352 2739 επὶ
1409 2685 1608 2757 τούτῳ,
1666 2682 1796 2738 ἀλλ’
1853 2683 2042 2746 ἁπλῶς

381 2777 474 2832 καὶ
507 2775 746 2831 καθόλου
776 2774 1185 2848 ἀναιρεθήσεται
1217 2775 1279 2828 τὸ
1299 2773 1501 2849 κρίνειν
1545 2773 1691 2836 ὅλως
1751 2771 2039 2843 ἀλλήλους

381 2866 474 2920 καὶ
508 2865 862 2940 κατακρίνειν.
894 2865 997 2920 Καὶ
1026 2863 1150 2918 τότε
1177 2857 1321 2917 ἔσται
1355 2863 1430 2927 ὡς
1487 2861 1543 2918 ἀ)
1561 2865 1712 2934 ηθῶς
1771 2865 1799 2917 ὅ
1839 2884 1897 2919 τε
1962 2864 2038 2936 μή

386 2956 710 3030 κρινόμενος
738 2955 1226 3030 τρισμακάριστος,
1255 2955 1343 3008 καὶ
1378 2955 1406 3008 ὁ
1470 2956 1544 3026 μή
1602 2954 1801 3030 κρίνων
1862 2974 2037 3030 παρα-

384 3044 647 3116 πλήσιος,
688 3043 739 3100 ἰν
775 3047 938 3118 ἀρετῇ
977 3044 1068 3098 καὶ
1126 3041 1371 3119 ἁγιότητι
1407 3044 1623 3112 ζώντων
1681 3045 1864 3114 ἡμῶν,
1947 3041 2035 3096 καὶ

2244 1621 2392 1679 885
2432 1626 2652 1682 Deinde
2698 1634 2936 1695 sumpta
2992 1629 3127 1683 hinc
3177 1630 3486 1685 occasione
3531 1647 3597 1686 ac
3649 1649 3822 1687 men-

2173 1709 2330 1765 tione
2361 1711 2513 1768 iacta
2545 1716 2703 1784 quod
2734 1719 3049 1772 Dominum
3081 1718 3368 1774 habemus
3386 1720 3724 1790 etjudicem
3755 1722 3817 1776 in

2172 1797 2447 1854 tribunali
2484 1802 2810 1870 sedentem,
2845 1806 2918 1859 ad
2951 1806 3288 1877 generalem
3342 1807 3814 1862 admonitionem

2163 1887 2449 1940 convertit
2483 1905 2844 1947 sermonem.
2884 1893 3033 1957 Quid
3065 1893 3177 1948 hoc
3208 1900 3309 1948 aut
3339 1893 3489 1948 illud
3522 1893 3652 1949 dico
3675 1894 3703 1949 ?
3733 1895 3814 1948 in-

2161 1975 2309 2044 quit.
2343 1977 2430 2032 lta
2458 1985 2692 2048 oportet
2719 1982 2789 2035 ad
2842 1998 2941 2036 eos
2999 1983 3249 2038 invicem
3305 1989 3511 2037 mutuo
3571 1984 3812 2039 allectos

2161 2081 2290 2118 esse
2321 2071 2387 2119 ut
2417 2067 2472 2120 in
2507 2067 2672 2122 nullo
2706 2076 2991 2139 quantum
3025 2071 3082 2124 in
3114 2071 3285 2126 nobis
3319 2077 3408 2126 est
3459 2072 3810 2128 inducamus

2159 2153 2310 2208 alius
2323 2154 2424 2210 alii
2447 2157 2838 2213 offensionem
2862 2165 2963 2214 aut
2983 2160 3594 2216 otiendiculum.Dixit
3608 2167 3805 2217 autem

2159 2265 2186 2292 ‹‹
2218 2244 2428 2310 Fratri,
2463 2268 2490 2293 »
2520 2245 2724 2301 volens
2756 2255 2814 2302 et
2844 2250 3084 2304 nomine
3115 2250 3374 2304 flectere.
3414 2275 3434 2299 ι
3470 2251 3681 2317 Quare,
3714 2253 3806 2306 in-

2156 2333 2305 2402 quit,
2339 2334 2593 2389 offendis
2612 2336 2640 2390 ?
2671 2356 2694 2386 υ
2730 2338 2934 2392 Frater
2964 2345 3100 2393 tuus
3129 2345 3238 2405 est,
3268 2339 3601 2394 membrum
3637 2347 3802 2395 tuum

2155 2427 2265 2487 est,
2295 2438 2478 2476 unum
2508 2424 2742 2479 habetis
2790 2427 3046 2495 Patrem,
3103 2443 3286 2483 unum
3345 2429 3702 2485 Creatorem.
3746 2430 3801 2483 Si

2155 2525 2290 2581 ergo
2325 2511 2571 2567 sublatae
2601 2513 2824 2569 fuerint
2853 2533 2887 2571 a
2919 2516 3080 2572 vobis
3111 2517 3468 2572 offensiones
3525 2523 3584 2572 et
3630 2535 3799 2572 scan-

2154 2600 2308 2665 dala,
2342 2603 2528 2658 multo
2559 2606 2746 2676 magis
2776 2606 3390 2678 aufereturjudicium
3423 2612 3482 2662 et
3519 2608 3798 2663 condem-

2152 2690 2312 2744 natio
2339 2706 2351 2745 :
2385 2709 2502 2746 non
2537 2694 2727 2748 solum
2760 2712 2832 2750 ne
2862 2696 2936 2750 ob
2968 2697 3079 2751 hoc
3109 2702 3211 2752 aut
3239 2696 3386 2751 illud
3426 2697 3708 2767 judicetis
3738 2703 3797 2750 et

2150 2783 2556 2838 condemnetis
2579 2801 2591 2837 :
2612 2786 2714 2839 sed
2736 2786 3089 2856 simpliciter
3114 2793 3172 2841 et
3189 2788 3246 2840 in
3270 2793 3458 2841 totum
3472 2785 3791 2848 auferetur,

2149 2886 2224 2924 ne
2257 2872 2499 2926 omnino
2531 2873 2684 2927 alius
2713 2873 2898 2928 alium
2922 2875 3204 2945 judicetis
3255 2880 3312 2928 et
3359 2872 3788 2929 condemnetis.

2146 2961 2216 3014 Et
2247 2965 2384 3015 tunc
2415 2977 2548 3016 vere
2580 2962 2693 3015 erit
2741 2967 2800 3016 et
2856 2963 2957 3032 qui
3017 2979 3133 3017 non
3175 2962 3480 3032 judicatur
3535 2962 3791 3016 maxime

2144 3046 2373 3112 beatus.
2408 3055 2466 3103 et
2494 3050 2799 3120 proximus
2831 3049 2992 3104 illius
3051 3050 3151 3120 qui
3201 3065 3317 3102 non
3363 3049 3614 3118 judicat,
3655 3065 3790 3103 cum

381 3139 484 3189 τοῖ’)
514 3135 711 3209 κρίνειν
761 3134 853 3188 καὶ
906 3131 1198 3207 κρίνεσθαι,
1261 3135 1432 3186 πᾶσαν
1492 3130 1551 3186 ἐκ
1608 3129 1834 3186 πολλῶν
1876 3151 2037 3201 ποιη-

2149 3154 2256 3192 nos
2289 3138 2346 3190 in
2374 3139 2586 3192 virtute
2615 3145 2673 3194 et
2703 3139 3012 3193 sanctitate
3044 3139 3384 3205 vixerimus,
3445 3143 3503 3192 et
3553 3154 3789 3193 omnem

383 3225 635 3296 σαμένων
667 3223 956 3302 πρόφασιν.
991 3228 1058 3276 Ὤ
1112 3220 1333 3276 Παύλου
1391 3227 1579 3296 φωνῆς
1613 3223 1625 3276 l
1659 3217 1703 3273 ὥ
1735 3216 2033 3293 οἰκοδόμου

386 3313 644 3387 θεμέλιος
680 3316 692 3370 l
725 3316 902 3370 Τοῦτο
931 3311 1168 3386 κρίνατε,
1201 3312 1356 3388 φησὶ,
1415 3311 1476 3366 τὸ
1506 3310 1582 3384 μή
1640 3309 2031 3383 τιθὲναιπρόσ-

382 3423 578 3476 κομμα
625 3407 705 3474 τῷ
761 3400 983 3481 ἀδελφῷ
1037 3404 1072 3472 ἢ
1153 3398 1472 3456 σκάνδαλονο
1529 3399 1730 3468 ταύτην
1786 3395 2031 3468 κρηπῖδα

381 3493 609 3567 πρώτην
636 3487 1026 3556 καταϐἀλεσθε,
1081 3493 1174 3547 Ἂν
1234 3489 1368 3560 αὕτη
1429 3487 1661 3563 ἑδρασθῇ
1720 3487 1773 3542 ἐν
1811 3489 1938 3560 ὑμῖν
1991 3492 2025 3558 ἡ

379 3582 605 3654 κρηπὶς,
639 3583 766 3656 ῥᾷον
805 3581 874 3636 τὰ
928 3579 1074 3636 ἄλλα
1131 3577 1518 3653 ἐποικοδομεῖν
1561 3578 1724 3634 ἐστιν.
1759 3602 1788 3628 ‹‹
1849 3577 1948 3633 Καὶ
1999 3579 2027 3633 ὸ

383 3668 462 3740 μή
494 3673 706 3744 φρονῶν
741 3671 840 3738 τήν
872 3666 1104 3743 ἡμέραν.
1140 3688 1166 3720 ι
1228 3671 1289 3723 ’O
1347 3665 1547 3736 οὕτως,
1608 3666 1762 3744 φησὶ,
1809 3672 2023 3745 φρονῶν

380 3757 521 3813 ὥστε
560 3760 680 3823 καθ’
736 3757 944 3833 ἠμᾶραν
1003 3755 1298 3828 νηστεύειν,
1350 3755 1439 3811 διὰ
1490 3757 1581 3812 τὸν
1636 3756 1828 3830 Κύριον
1881 3756 2025 3812 οὕτω

379 3853 590 3922 φρονεῖ.
651 3847 748 3902 Καὶ
798 3849 826 3902 ὁ
887 3850 1098 3925 φρονῶν
1153 3844 1291 3900 ὥστε
1341 3847 1460 3900 καθ’
1515 3847 1724 3920 ἡμέραν
1789 3849 1865 3920 μή
1925 3869 2022 3916 νη-

381 3939 608 4006 στεύειν,
641 3934 730 3991 διὰ
758 3937 848 3990 τὸν
881 3935 1076 4010 Κύριον
1107 3934 1280 3997 οὕτως
1323 3940 1532 4010 φρονεῖ.
1566 3941 1673 3991 Πᾶν
1729 3934 1786 3992 δὲ
1840 3937 1869 3991 ’ὀ
1937 3934 2026 3992 διὰ

379 4029 471 4082 τὸν
507 4028 705 4100 Κύριον
737 4025 962 4100 γίνεται,
1001 4021 1171 4079 καλόν
1209 4022 1342 4092 ἐστι,
1403 4025 1580 4102 φησίν.
1616 4049 1644 4076 ‹‹
1700 4024 2026 4101 Εὖχαριστεῖ

379 4117 479 4191 γάρ
535 4137 616 4188 τῳ
673 4122 810 4187 Θεῳ.
846 4139 874 4166 ››
915 4113 978 4168 Εί
1037 4113 1152 4181 οὖν,
1206 4113 1361 4186 φησὶ,
1419 4115 1481 4168 τὸ
1535 4113 1747 4189 γαίριον
1797 4114 2024 4190 γίνεται,

377 4208 440 4262 τὸ
490 4204 581 4262 διὰ
637 4205 850 4261 πάντων
910 4204 1312 4280 εὐχαριστεῖθαι
1378 4205 1470 4258 τὸν
1518 4205 1670 4270 Θεὸν,
1727 4206 1781 4259 τί
1839 4203 2026 4280 διαφὲ-

379 4297 533 4369 ρεσθε
587 4295 710 4370 περῖ
766 4300 869 4362 τῆς
923 4291 1174 4362 νηστείας
1231 4291 1372 4346 οὕτω
1422 4288 1670 4366 σοοδρως
1736 4310 1750 4361 ;
1807 4293 2024 4370 Ὀλίγον

380 4384 484 4461 γάρ
548 4384 612 4439 τὸ
675 4384 857 4456 μέσον.
920 4375 1404 4458 Συγκαταϐατικῶς
1463 4382 1560 4452 μὲν
1617 4382 1790 4444 οὕτως
1851 4381 2022 4458 λέγει.

2131 3225 2440 3297 judicandi
2472 3230 2574 3280 aut
2603 3225 3038 3280 condemnandi
3071 3225 3442 3281 occasionem
3487 3243 3556 3280 ex
3585 3226 3789 3280 multis

2137 3314 2578 3370 abstulerimus.
2615 3316 2658 3370 Ο
2690 3315 2855 3370 Pauli
2905 3331 3128 3381 vocem,
3164 3331 3197 3369 ο
3233 3315 3539 3369 architecti
3586 3314 3791 3369 funda-

2137 3411 2400 3461 mentum
2430 3404 2441 3458 !
2478 3406 2596 3460 Hoc
2627 3405 2730 3471 ait,
2758 3405 3024 3476 judicate
3055 3421 3129 3459 ne
3157 3411 3412 3476 ponatur
3463 3403 3786 3458 otfendicu-

2135 3496 2258 3552 lum
2282 3495 2450 3551 fratri
2473 3501 2576 3551 aut
2597 3496 2875 3552 offensio:
2902 3497 3052 3551 hanc
3076 3496 3328 3567 primam
3358 3494 3745 3565 basimjacite
3770 3509 3783 3548 :

2133 3587 2181 3640 si
2202 3587 2312 3641 hoc
2337 3585 2696 3657 principium
2720 3585 2778 3640 in
2801 3585 2961 3640 vobis
2985 3585 3164 3640 fuerit
3187 3585 3540 3655 perfectum,
3573 3588 3786 3638 caatera

2130 3675 2304 3730 facile
2334 3675 2512 3730 fuerit
2560 3675 3053 3745 supermdiﬁcare.
3109 3696 3136 3723 ε.
3170 3675 3239 3727 Et
3288 3675 3386 3744 qui
3438 3690 3557 3728 non
3604 3677 3772 3727 curat

2131 3765 2308 3820 diem.
2346 3787 2373 3815 »
2407 3765 2509 3818 Vel
2539 3765 2622 3818 ita
2650 3764 2795 3819 dicit
2823 3780 2835 3817 :
2867 3764 2969 3818 Cui
3001 3779 3156 3817 curas
3187 3769 3276 3816 est
3300 3767 3368 3816 ut
3397 3761 3660 3832 quotidie
3684 3761 3772 3831 je-

2124 3855 2300 3928 junet
2329 3859 2431 3908 aut
2458 3853 2774 3917 abstineat,
2807 3856 3048 3922 propter
3079 3850 3391 3904 Dominum
3423 3850 3505 3904 ita
3526 3850 3772 3902 aﬂ‘ectus

2131 3950 2239 4012 est;
2260 3945 2378 3998 imo
2393 3942 2486 3996 cui
2511 3959 2666 3996 curae
2694 3945 2784 3995 est
2803 3945 2868 3994 ut
2899 3938 3162 4009 quotidie
3185 3954 3302 3991 non
3322 3937 3579 4008 jejunet,
3604 3938 3776 4007 juxta

2130 4033 2446 4088 Dominum
2466 4031 2640 4100 sapit.
2663 4027 2957 4098 Quidquid
2975 4032 3172 4082 autem
3195 4031 3434 4097 propter
3464 4027 3778 4082 Dominum

2131 4123 2226 4189 sit,
2261 4121 2481 4176 bonum
2513 4124 2619 4173 est.
2659 4139 2687 4167 «
2719 4117 2948 4171 Gratias
2979 4115 3136 4170 enim
3168 4117 3287 4187 agit
3320 4117 3460 4171 Deo.
3493 4137 3520 4165 »
3557 4117 3612 4170 Si
3674 4117 3779 4188 igi-

2128 4215 2224 4266 tur
2255 4212 2658 4281 Opportunum
2685 4205 2943 4260 efﬁcitur
2970 4221 3135 4276 opus,
3187 4210 3251 4258 ut
3298 4205 3416 4260 Deo
3447 4222 3552 4276 per
3582 4205 3783 4260 omnia

2131 4299 2332 4370 gratiae
2350 4301 2615 4368 agantur,
2655 4311 2835 4366 quare
2862 4293 3329 4364 circajejunium
3356 4294 3503 4349 adeo
3527 4293 3779 4347 disside-

2134 4387 2250 4442 tis?
2290 4389 2538 4441 Parvum
2597 4384 2755 4439 enim
2813 4387 2902 4438 est
2958 4382 3298 4439 discrimen.
3357 4382 3776 4438 Condescendo

380 4471 531 4542 Πλὴν
558 4477 675 4534 πῶς
703 4470 920 4527 δύναται
946 4472 1164 4544 Χριστῷ
1195 4470 1534 4544 εὐχαριστεῖν
1565 4471 1594 4524 6
1649 4471 1724 4544 μὴ
1787 4469 1976 4526 ἐσθίων
2006 4494 2020 4542 ;

2149 4475 2374 4549 {uidem
2408 4475 2489 4528 ita
2519 4473 2662 4528 dicit
2690 4490 2703 4528 :
2735 4475 3009 4527 Attamen
3029 4472 3323 4542 quomodo
3345 4470 3775 4542 potestChristo

374 4563 461 4624 Ὠς
490 4565 592 4638 γάρ
619 4566 716 4616 τοῦ
746 4560 918 4634 νόμου
950 4559 1245 4634 ἐχόμενος,
1278 4559 1382 4613 ούκ
1429 4557 1611 4614 ἐσθίει.
1667 4559 1762 4614 Καὶ
1824 4558 2020 4616 λοιπὸν

376 4651 692 4726 εὐχαριστεῖ
717 4671 798 4722 τῳ
829 4656 966 4722 Θεῳ,
999 4649 1027 4702 6
1060 4647 1272 4711 ἐσθίων.

446 4827 638 4889 Οὐδεὶς
691 4827 794 4902 γὰρ
851 4829 1012 4898 ἡμῶν
1073 4825 1246 4879 εαυτῶ
1297 4827 1385 4897 ζῇ,
1449 4824 1538 4879 καὶ
1615 4823 1792 4886 οὐδεὶς
1851 4825 2025 4899 ἑαυτῳ

375 4920 726 4988 ἀποθνήσκει.
761 4917 882 4973 Ἐὰν
923 4936 979 4970 τε
1017 4914 1120 4990 γὰρ
1189 4915 1384 4986 ζῶμεν,
1440 4919 1520 4968 τῶ
1578 4918 1765 4990 Κυρίῳ
1823 4921 2023 4990 ζῶμενο

375 5009 468 5063 ἐάν
499 5029 556 5062 τε
585 5009 1034 5078 ἀποθνήσκωμεν,
1071 5025 1152 5076 τῳ
1183 5001 1368 5077 Κυρίῳ
1420 5002 1850 5078 ἀποθνήσκομεν,
1902 5007 2024 5062 Ἐάν

371 5116 434 5151 τε
494 5097 583 5151 οὗν
634 5100 838 5170 ζῶμεν,
897 5092 982 5149 ἐάν
1048 5114 1108 5148 τε
1161 5091 1612 5164 ἀποθνήσκωμεν,
1670 5091 1767 5148 τοῦ
1826 5095 2022 5169 Κυρίου

373 5185 554 5257 ἐσμέν.
624 5184 717 5246 Εἷς
771 5187 933 5239 τοῦτο
999 5183 1103 5257 γὰρ
1161 5181 1402 5256 Χριστὸς
1457 5181 1547 5234 καὶ
1624 5181 1874 5251 ἀπὲθανε,
1931 5185 2020 5240 καί

374 5275 594 5345 ἀνέστη,
654 5274 743 5329 καὶ
827 5267 1036 5342 ἔζησεν,
1093 5269 1182 5324 ’ἱνα
1237 5268 1326 5324 καὶ
1391 5274 1595 5344 νεκρῶν
1653 5269 1741 5325 καὶ
1801 5273 2018 5341 ζώντων

370 5365 652 5440 κυριεύσῃ.

442 5455 716 5528 ,Εχομεη
750 5453 907 5530 φησὶ,
964 5451 1164 5525 Κύριον
1196 5451 1241 5522 ᾦ
1295 5451 1385 5504 καὶ
1447 5455 1621 5522 ζῶμεν
1675 5452 1764 5506 ὲάν
1824 5457 2020 5527 ζῶμεν,

371 5546 418 5617 ᾧ
448 5545 540 5600 καὶ
593 5545 1012 5615 ἀποθνήσκομεν
1079 5539 1168 5594 ἑὰν
1227 5539 1680 5611 ἀποθνήσκωμεν.
1723 5541 1783 5597 Εἰ
1818 5542 1908 5597 οὗν
1941 5565 2020 5615 τῳ

375 5635 560 5708 Κυρίῳ
591 5631 828 5712 διαφέρει
859 5634 1021 5706 ἡμῶν
1071 5632 1106 5699 ἡ
1169 5629 1280 5698 ζωὴ
1315 5629 1402 5682 καὶ
1468 5629 1496 5681 ὁ
1555 5629 1800 5699 θάνατος,
1863 5631 2020 5695 αὐτὸς

377 5725 731 5796 οἰκονομήσει
761 5723 828 5777 τὰ
855 5723 973 5786 καθ’
1002 5723 1174 5794 ἡμᾶς,
1207 5717 1295 5772 καὶ
1354 5714 1416 5771 οὔ
1473 5719 1634 5792 χρεία
1691 5721 1894 5793 κρίνειν
1925 5722 2018 5776 τὸν

2131 4566 2348 4640 gratias
2380 4579 2551 4635 agere
2584 4563 2635 4618 is
2688 4563 2787 4632 qui
2834 4579 2954 4617 non
2998 4561 3174 4616 edit?
3232 4563 3375 4615 Nam
3435 4559 3602 4630 quasi
3661 4558 3773 4629 legi

2135 4656 2445 4711 adhairens
2475 4669 2593 4708 non
2625 4653 2762 4708 edit.
2796 4655 3083 4707 Craterum
3117 4651 3164 4703 is
3213 4650 3313 4721 qui
3364 4649 3504 4715 edit,
3555 4649 3774 4720 gratias

2133 4746 2253 4818 agit
2283 4747 2420 4800 Deo.

2203 4833 2318 4902 XV,
2351 4837 2468 4887 7-9.
2506 4855 2533 4883 ‹‹
2565 4833 2772 4888 Nullus
2804 4831 2960 4885 enim
2992 4835 3259 4884 nostrum
3291 4828 3399 4883 sibi
3459 4828 3571 4900 ipsi
3617 4829 3772 4896 vivit,

2133 4944 2162 4972 «
2196 4912 2484 4976 et'nullus
2509 4926 2778 4974 nostrum
2829 4916 2939 4971 sibi
2993 4916 3104 4986 ipsi
3160 4916 3426 4972 moritur.
3479 4918 3621 4971 Nam
3655 4918 3772 4972 sive

2133 5034 2161 5062 «
2194 5013 2476 5076 vivamus,
2510 5009 2753 5064 Domino
2785 5007 3030 5061 vivimus
3071 5025 3086 5072 ;
3121 5007 3239 5060 sive
3272 5006 3614 5078 moriamur,
3672 5009 3775 5062 Do-

2136 5122 2163 5149 «
2193 5101 2354 5154 mino
2386 5098 2694 5153 morimur.
2729 5096 2855 5150 Sive
2887 5112 3021 5166 ergo
3078 5095 3338 5150 vivamus
3365 5096 3512 5166 gsive
3560 5098 3778 5152 moria~

2132 5211 2158 5236 «ι
2195 5206 2347 5253 mur,
2380 5187 2613 5242 Domini
2646 5202 2870 5240 sumus.
2906 5186 2970 5238 In
3031 5185 3141 5238 hoc
3192 5185 3348 5238 enim
3406 5186 3673 5242 Christus
3722 5194 3779 5242 et

2131 5303 2158 5327 ‹ι
2195 5281 2461 5332 mortuus
2493 5280 2582 5330 est
2613 5280 2670 5329 et
2697 5274 3021 5328 resurrexit
3047 5289 3116 5328 ac
3149 5273 3378 5340 revixit,
3413 5281 3478 5330 ut
3515 5281 3573 5330 et
3619 5292 3778 5331 mor-

2133 5385 2158 5416 ι
2194 5366 2312 5420 tuis
2343 5371 2400 5419 et
2430 5365 2570 5420 vivis
2601 5363 2962 5418 dominetur.
2999 5385 3020 5412 ι

2204 5455 2516 5517 Habemus,
2553 5451 2767 5524 inquit,
2800 5451 3116 5508 Dominum
3168 5453 3260 5506 cui
3323 5459 3382 5506 et
3429 5455 3672 5509 vivimus
3724 5455 3771 5509 si

2130 5545 2398 5611 vivimus,
2431 5545 2523 5599 cui
2549 5545 2729 5598 etiam
2761 5543 3050 5598 morimur
3083 5542 3131 5595 si
3163 5543 3470 5596 morimur.
3502 5545 3656 5599 886
3713 5543 3770 5597 Si

2131 5652 2265 5707 ergo
2296 5634 2367 5688 ad
2397 5635 2709 5689 Dominum
2743 5635 2858 5688 vita
2892 5648 3170 5702 morsque
3199 5633 3473 5702 pertinet,
3504 5633 3627 5703 ipse
3649 5635 3768 5706 dis-

2129 5728 2311 5796 ponet
2339 5740 2468 5794 quas
2500 5741 2606 5779 nos
2631 5723 3003 5794 contingunt,
3032 5735 3224 5790 neque
3256 5719 3768 5789 oportetjudicare
