4188 6196
441 370 560 432 595

1563 365 1988 427 (ECUMENII
2035 367 2339 429 ΤιιιΟΟιΕ
2382 368 2759 435 EPISCOPI.

3739 374 3858 436 596

442 502 777 578 proximum
810 502 912 554 aut
941 496 1264 570 despicere.
1321 519 1349 547 «
1384 499 1528 556 Nam
1579 498 1696 556 sive
1746 498 2029 555 vivamus.
2069 520 2096 548 »

2213 494 2449 570 πλησίον
2481 501 2516 575 ἢ
2549 500 2862 575 ἐξουθενεῖν.
2900 528 2926 556 ‹‹
2959 503 3084 564 Ἐάν
3140 524 3198 561 τε
3255 503 3362 580 γὰρ
3396 507 3594 576 ζῶμεν.
3632 525 3660 557 ››
3701 507 3856 568 Ζωῆς

441 594 572 663 Ipse
603 587 898 659 siquidem
927 587 1089 641 solus
1121 586 1251 640 vitm
1283 605 1349 642 ac
1382 588 1590 645 mortis
1624 587 1798 643 habet
1830 593 2087 662 potesta-

443 685 581 734 tem.
616 700 643 725 ‹‹
679 677 743 732 In
778 675 889 730 hoc
935 676 1093 731 enim
1151 675 1418 731 Christus
1478 681 1534 731 et
1591 683 1860 732 mortuus
1919 684 2026 732 est.
2064 699 2090 726 ››

443 767 753 822 Rationem
788 764 1096 835 subjunxit
1123 781 1230 820 cur
1261 782 1369 820 nos
1403 771 1459 819 et
1488 766 1748 820 viventes
1780 771 1837 822 et
1872 766 2092 822 mortui

444 854 661 912 Christi
685 854 891 909 simus.
926 853 1013 912 Ad
1045 854 1171 909 haec
1203 858 1394 909 autem
1431 855 1606 910 etiam
1641 854 1791 910 illud
1813 854 2094 922 ostendit,

447 943 605 1016 quod
647 943 694 998 si
725 949 886 1000 tanta
913 943 1068 998 circa
1102 960 1209 998 nos
1265 960 1408 1000 usus
1461 949 1549 998 est
1601 943 1982 1014 providentia,
2034 949 2097 998 ut

449 1035 629 1092 etiam
689 1034 1154 1106 cruciﬁgeretur,
1205 1051 1582 1105 nequaquam
1632 1051 1740 1089 nos
1788 1034 2093 1105 despiciet.

451 1125 598 1178 Nam
630 1123 678 1182 si
707 1122 891 1179 nostri
945 1123 1122 1178 etiam
1171 1121 1312 1177 dum
1371 1123 1589 1178 mortui
1640 1138 1844 1180 sumus
1893 1139 2097 1182 curam

455 1211 651 1274 habet,
686 1211 870 1267 multo
905 1211 1091 1284 magis
1123 1211 1261 1266 dum
1294 1211 1559 1266 vivimus.
1596 1212 1714 1266 Hoc
1745 1211 1925 1267 etiam
1956 1211 2097 1268 dicit

453 1302 736 1360 adversus
765 1319 862 1357 eos
896 1301 995 1372 qui
1029 1301 1428 1359 condemnant
1456 1301 1614 1374 quod
1639 1302 2012 1359 inﬁrmorum
2035 1302 2097 1358 in

455 1391 570 1446 ﬁde
604 1406 805 1446 curam
838 1389 1057 1447 habeat
1084 1391 1258 1455 Deus,
1293 1389 1365 1446 ob
1399 1390 1750 1448 immensam
1801 1390 1959 1446 circa
1989 1407 2099 1448 nos

454 1479 910 1552 providentiam,
937 1485 1145 1533 etcum
1169 1479 1269 1549 qui
1293 1479 1408 1533 ﬁde
1427 1480 1679 1551 pusillus
1707 1483 1796 1537 est
1820 1479 2101 1536 adhorta-

453 1574 570 1632 tur,
600 1569 754 1623 facta
768 1567 1197 1626 beneﬁciorum
1213 1569 1315 1623 Dei
1340 1569 1666 1626 mentione.
1696 1591 1722 1622 ιι
1744 1571 1810 1627 Et
1830 1575 2100 1628 mortuus

455 1663 546 1714 est
575 1664 634 1718 et
658 1659 1002 1714 resurrexit.
1040 1680 1067 1706 »
1099 1657 1264 1724 Quod
1293 1659 1486 1730 nobis,
1522 1660 1734 1734 inquit,
1769 1659 2103 1720 dominare-

458 1753 573 1816 tur,
599 1747 762 1820 prius
785 1748 908 1820 ipse
924 1748 1118 1819 justas
1150 1764 1357 1804 causas
1384 1748 1676 1820 deposuit.
1715 1771 1740 1800 ιι
1772 1750 1843 1805 Ut
1873 1755 1930 1805 et
1961 1749 2101 1806 vivis

2199 588 2302 660 γὰρ
2359 588 2521 655 αὐτὸς
2577 589 2666 646 καὶ
2727 592 2959 655 θανάτου
3020 593 3188 666 μόνος
3247 586 3367 666 ἔχει
3431 594 3531 662 τὴν
3591 590 3853 663 ἐξουσίαν.

2203 697 2230 724 ‹‹
2267 674 2357 737 Εἰς
2387 681 2548 734 τοῦτο
2579 679 2682 753 γάρ
2714 679 2942 754 Χριστὸς
2999 681 3088 736 καὶ
3143 679 3397 744 ἀπέθανε.
3459 703 3488 732 ιι
3540 681 3639 736 Τὸν
3696 681 3859 756 λογι-

2202 764 2339 836 σμὸν
2396 764 2652 844 ἐπήγαγε,
2707 774 2806 824 τοῦ
2861 771 2952 826 καὶ
3013 773 3222 840 ζῶντας
3275 771 3426 842 ἡμᾶς
3486 769 3577 826 καὶ
3646 771 3858 826 ἀποθα-

2202 853 2391 918 νόντας
2421 857 2550 912 εἶναι
2580 861 2675 913 τοῦ
2734 862 2989 932 Χριστοῦ.
3047 859 3190 932 Πρὸς
3249 855 3307 915 δὲ
3362 857 3582 924 τούτοις
3636 858 3860 915 κάκεῖνο

2203 941 2493 1018 δείκνυσιν,
2528 945 2632 1015 ὅτι,
2668 947 2855 1023 φησὶν,
2889 947 2950 1005 Εἰ
2997 948 3233 1024 τοσαύτῃ
3295 949 3421 1024 περὶ
3479 951 3626 1023 ἡμᾶς
3685 947 3864 1025 ἐχρή-

2204 1056 2339 1092 σατο
2396 1035 2626 1106 προνοίᾳ
2683 1036 2758 1098 ὡς
2810 1037 2900 1091 καὶ
2958 1039 3362 1114 σταυρωθῆναι,
3421 1037 3519 1093 οὐκ
3575 1036 3637 1092 ἄν
3697 1041 3860 1111 ἡμῶν

2203 1125 2620 1202 καταφρονήσει.
2681 1124 2748 1182 Εἴ
2799 1127 2900 1201 γὰρ
2952 1123 3042 1180 καὶ
3101 1126 3485 1190 ἀποθανόντων
3529 1129 3692 1203 ἡμῶν
3719 1148 3859 1204 προσ

2201 1217 2333 1282 νοεῖ,
2376 1211 2573 1284 πολλῷ
2627 1213 2840 1285 μᾶλλον
2898 1216 3140 1286 ζώντων.
3201 1219 3378 1276 Τοῦτο
3432 1213 3490 1273 δὲ
3540 1217 3676 1290 πρὸς
3731 1218 3862 1280 τοὺς

2201 1300 2619 1377 κατακρίνοντας
2651 1302 2823 1380 λέγει,
2865 1304 2949 1362 ὅτι
3009 1310 3379 1382 φροντισθῶσι
3435 1306 3582 1383 παρά
3636 1311 3752 1379 Θεῷ
3810 1309 3861 1361 οἱ

2203 1391 2438 1458 ἀσθενεῖς
2492 1397 2560 1466 τῇ
2615 1391 2815 1464 πίστει,
2877 1391 2965 1452 διὰ
3020 1395 3121 1464 τὴν
3179 1394 3448 1465 τοσαύτην
3525 1396 3688 1450 αὐτοῦ
3735 1413 3863 1474 περὶ

2204 1480 2409 1543 πάντας
2433 1482 2714 1556 πρόνοιαν
2771 1483 2861 1538 καὶ
2916 1484 3010 1540 τὸν
3071 1480 3430 1561 ὀλιγόπιστον
3487 1481 3546 1543 δὲ
3595 1482 3863 1560 ἐντρέπει,

2205 1574 2310 1628 τῶν
2345 1570 2664 1648 εὐεργεσιῶν
2693 1571 3126 1646 ὑπομιμνήσκων
3152 1576 3250 1629 τοῦ
3304 1577 3464 1632 Θεοῦ.
3502 1597 3522 1625 ι
3590 1574 3691 1630 Καὶ
3727 1575 3864 1637 ,ἀπ-

2207 1658 2360 1716 ἑθανε
2387 1659 2476 1716 καὶ
2524 1657 2742 1732 ἀνέστη.
2779 1684 2806 1710 ››
2869 1661 3245 1735 Δικαιώματα,
3305 1660 3460 1737 φησὶ,
3521 1662 3862 1738 προαπέθετο

2204 1752 2306 1817 τῆς
2363 1743 2629 1821 ἡμετέρας
2678 1743 3013 1812 δεσποτείας.
3071 1770 3103 1805 ιι
3159 1749 3275 1806 Ἵνα
3329 1748 3419 1804 καὶ
3494 1754 3700 1828 νεκρῶν
3764 1751 3859 1806 καί

458 1842 516 1894 et
532 1837 780 1894 mortuis
802 1837 1160 1893 dominetur.
1189 1861 1209 1889 ι
1261 1837 1381 1893 Hoc
1411 1843 1518 1893 est.
1555 1839 1771 1896 animis
1803 1843 1861 1892 et
1888 1855 2100 1912 corpo-

2213 1836 2428 1906 ζώντων
2457 1835 2736 1912 κυριεύσῃ.
2772 1860 2800 1888 ››
2833 1837 3116 1910 Τουτὲστι,
3164 1841 3359 1916 ψυχῶν
3416 1839 3505 1894 καὶ
3565 1839 3857 1912 σωμάτων.

456 1930 766 1986 ribus:illi
790 1931 948 1985 enim
981 1936 1120 1986 sunt
1152 1929 1538 1995 immortales,
1573 1929 1686 1985 ista
1716 1945 1848 1984 vero
1879 1932 2099 1988 morta-

451 2019 553 2076 lia.
589 2022 674 2076 lta
701 2018 879 2081 habet
935 2020 1102 2075 divus
1156 2018 1488 2076 Methodius
1537 2018 1685 2074 libro
1737 2018 1808 2074 De
1854 2033 2099 2074 resurre-

453 2115 652 2168 ctione.

520 2218 674 2284 XIV,
708 2216 906 2275 40-13.
940 2237 968 2266 «
990 2217 1070 2270 Tu
1092 2232 1227 2270 vero
1249 2231 1356 2272 cur
1364 2214 1601 2286 judicas
1623 2214 1866 2271 fratrem
1889 2219 2054 2270 tuum
2075 2213 2102 2268 ?

450 2326 480 2356 ιι
512 2307 630 2361 Aut
659 2305 837 2362 etiam
870 2310 932 2360 tu
962 2321 1067 2359 cur
1098 2303 1354 2375 despicis
1376 2303 1620 2362 fratrem
1641 2303 1852 2360 tuum?
1881 2305 2102 2359 Omnes

457 2418 479 2445 ι
516 2397 676 2452 enim
703 2401 1034 2451 statuemur
1060 2399 1196 2454 ante
1230 2393 1488 2451 tribunal
1517 2393 1755 2451 Christi.
1808 2393 2102 2464 Scriptum

453 2507 481 2535 «
519 2490 605 2541 est
637 2485 840 2541 enim:
874 2485 1011 2539 Vivo
1071 2499 1194 2555 ego,
1241 2482 1389 2539 dicit
1427 2483 1736 2540 Dominus.
1791 2481 1925 2538 Mihi
1973 2497 2100 2536 sese

455 2595 484 2626 «
517 2574 718 2630 ﬁectet
743 2590 919 2630 omne
945 2589 1120 2646 genu,
1155 2577 1212 2630 et
1242 2573 1438 2630 omnis
1469 2573 1670 2645 lingua
1700 2571 2099 2630 conﬁtebitur.

457 2686 487 2714 ιι
518 2665 655 2721 Deo.
689 2663 1109 2734 Unusquisque
1142 2663 1321 2734 igitur
1352 2667 1621 2719 nostrum
1664 2662 1735 2717 de
1769 2662 1964 2732 seipso
2010 2677 2100 2718 ra-

460 2777 482 2804 ε
517 2755 743 2812 tionem
774 2753 940 2810 dabit
969 2755 1108 2810 Deo.
1142 2755 1222 2808 Ne
1253 2754 1498 2824 posthac
1529 2753 1707 2825 igitur
1736 2751 1889 2810 alius
1919 2750 2101 2810 alium

460 2865 481 2892 ι
511 2842 873 2914 judicemus,
904 2859 1106 2899 verum
1137 2840 1289 2898 illud
1309 2841 1578 2913 judicate
1608 2840 1794 2911 magis
1819 2854 1894 2896 ne
1923 2854 2105 2909 pona-

455 2955 484 2982 «
521 2938 614 2988 tur
645 2932 892 2989 oﬁ‘ensio
924 2931 1089 2988 fratri
1123 2936 1224 2988 aut
1252 2929 1702 2988 offendiculum.
1738 2946 1761 2972 »

525 3132 783 3185 Rursum
815 3143 1008 3183 sermo
1040 3127 1128 3181 illi
1159 3131 1250 3181 est
1274 3125 1348 3180 ad
1379 3139 1515 3179 eum
1547 3124 1648 3194 qui
1682 3124 1797 3180 ﬁde
1847 3125 2101 3196 pusillus

2213 1925 2280 1983 Αἱ
2316 1926 2410 2000 μὶν
2439 1927 2544 2002 γάρ
2576 1925 2710 1984 εἶ’σιν
2741 1925 3014 1993 ἀθάνατοι,
3045 1927 3113 1982 τά
3143 1925 3200 1982 δὲ
3257 1929 3443 2000 θνητά.
3493 1929 3680 1994 Οὕτως
3705 1930 3794 1985 καὶ
3828 1931 3857 1985 ὁ

2207 2015 2363 2091 ἅγιος
2391 2012 2658 2080 Μεθόδιος
2679 2015 2730 2070 ἐν
2761 2019 2841 2089 τῷ
2874 2015 3003 2094 Περὶ
3037 2017 3373 2082 ἀναστάσεως
3406 2014 3578 2092 λόγῳ.

2281 2210 2356 2266 Σὺ
2431 2209 2490 2266 δὲ
2543 2211 2596 2267 τί
2645 2211 2848 2284 κρίνεις
2905 2212 2998 2267 τὸν
3053 2209 3286 2292 ἀδελφόν
3351 2234 3494 2284 σους
3552 2213 3587 2284 ἤ
3645 2213 3734 2269 καὶ
3793 2214 3857 2270 σὺ

2202 2299 2256 2356 τί
2337 2297 2628 2373 ἐξουθενεῖς
2717 2300 2810 2355 τὸν
2892 2299 3126 2381 ἀδελφόν
3199 2322 3296 2358 σου
3357 2322 3371 2370 ;
3470 2304 3673 2365 Πάντες
3755 2304 3858 2380 γάρ

2206 2389 2667 2463 παραστησόμεθα
2745 2394 2824 2462 τῷ
2935 2392 3144 2463 βήματι
3253 2395 3348 2447 τοῦ
3428 2393 3686 2466 Χριστοῦ.
3764 2394 3861 2448 Γὲ-

2207 2496 2443 2553 γραπται
2502 2479 2628 2553 γὰρ,
2683 2483 2766 2533 Ζῶ
2829 2477 2962 2554 ἐγὼ,
3050 2479 3195 2556 λέγει
3275 2480 3500 2553 Κύριος,
3579 2479 3661 2536 ὃτι
3737 2480 3864 2556 ἐμοὶ

2204 2565 2408 2640 κάμψει
2465 2571 2568 2622 πᾶν
2625 2565 2780 2642 γόνυ,
2837 2567 2927 2624 καὶ
2999 2573 3141 2624 πᾶσα
3201 2567 3424 2646 γλῶσσα
3509 2568 3862 2646 ἐξομολογή-

2208 2675 2355 2712 σεται
2442 2659 2521 2727 τῷ
2602 2661 2736 2728 Θεῷ.
2802 2661 2938 2731 Ἀρα
3023 2654 3113 2713 οὖν
3191 2656 3416 2722 ἕκαστος
3501 2661 3662 2732 ἡμῶν
3735 2653 3862 2738 περῖ

2207 2745 2398 2803 ἑαυτοῦ
2457 2742 2624 2822 λόγον
2687 2743 2847 2802 δώσει
2904 2751 2985 2819 τῷ
3052 2753 3190 2820 Θεῷ.
3243 2749 3455 2819 Μηκέτι
3522 2749 3618 2804 οὖν
3675 2747 3862 2822 ἀλλή-

2209 2830 2338 2894 λους
2405 2834 2714 2910 κρίνωμεν,
2775 2833 2920 2891 ἀλλά
2978 2840 3140 2894 τοῦτο
3199 2838 3419 2912 κρίνατε
3487 2836 3730 2911 μᾶλλον,
3795 2839 3859 2895 τὸ

2211 2926 2287 2998 μὴ
2346 2925 2548 2981 τιθέναι
2611 2925 2947 3000 πρόσκομμα
3018 2932 3099 3000 τῷ
3173 2925 3396 3003 ἀδελ.φῷ
3505 2927 3540 2999 ἤ
3619 2927 3857 2987 σκάνδα-

2206 3010 2323 3070 λον.

2279 3120 2422 3194 Ιίρὸς
2451 3121 2542 3176 τὸν
2576 3120 2934 3199 ὀλιγόπιστον
2964 3121 3132 3179 πάλιν
3188 3123 3334 3196 αὐτῷ
3382 3125 3412 3180 ὁ
3461 3122 3656 3200 λόγος.
3687 3149 3717 3180 ιι
3753 3127 3860 3184 Καὶ

454 3224 564 3275 est.
604 3238 626 3267 ι
659 3218 848 3273 Etiam
881 3222 944 3272 tu
975 3234 1081 3272 cur
1109 3215 1364 3286 despicis
1397 3214 1640 3268 fratrem
1675 3215 1891 3270 tuum?
1925 3235 1952 3264 »
2000 3215 2100 3272 llic

2213 3209 2269 3264 σὺ
2299 3209 2353 3265 τί
2381 3209 2674 3283 ἐξουθενεῖς
2696 3212 2791 3266 τὸν
2820 3210 3057 3290 ἀδελφόν
3097 3234 3194 3268 σου
3219 3233 3234 3283 ;
3271 3237 3300 3265 ι)
3332 3214 3475 3288 Πρὸς
3519 3215 3612 3270 τὸν
3645 3213 3858 3290 ἑδραῖον

454 3325 648 3366 sermo
680 3307 754 3364 ad
785 3322 921 3362 eum
953 3306 1054 3376 qui
1080 3305 1194 3360 ﬁde
1218 3305 1424 3358 ﬁrmus
1447 3309 1537 3358 est
1568 3302 1857 3375 dirigitur.
1881 3304 2100 3359 Fratris

454 3405 652 3456 autem
683 3398 923 3452 nomine
957 3394 1128 3449 solvit
1159 3393 1278 3448 illis
1309 3393 1772 3449 contentionem.
1807 3394 2098 3466 Scriptum

454 3494 544 3545 est
569 3489 767 3544 enim:
807 3509 826 3534 ι
861 3485 999 3539 Vivo
1030 3499 1156 3555 ego,
1193 3504 1221 3533 ››
1255 3489 1364 3537 etc.
1411 3482 1654 3537 Videtur
1707 3482 1947 3553 quidem
1996 3501 2102 3555 per

451 3575 778 3652 prOphetiae
825 3572 1243 3629 deductionem
1302 3571 1375 3625 ad
1427 3571 1780 3626 modestiam
1828 3587 2101 3627 revocare

457 3667 717 3732 ﬁdelem,
752 3681 824 3718 ne
850 3662 1252 3735 judaizantem
1285 3660 1619 3731 despiceret
1647 3676 1660 3715 :
1696 3666 1878 3715 totam
1903 3666 2102 3715 tamen

456 3755 810 3830 particulam
834 3753 1136 3822 dixit,ejus
1159 3751 1260 3821 qui
1279 3749 1816 3821 adhucjudaizaret
1836 3752 2101 3806 animum

457 3843 805 3899 concutiens
834 3857 848 3894 :
883 3839 978 3893 hic
1009 3837 1249 3908 quidem
1277 3837 1488 3909 judicii
1515 3837 1837 3907 mentione,
1863 3837 1943 3892 ibi
1967 3854 2102 3896 vero

456 3931 673 3986 Christi
713 3928 1017 3983 beneﬁciis
1074 3929 1412 3982 exhortans.
1474 3927 1705 3981 Etenim
1764 3927 1812 3981 si
1871 3943 2100 3994 omnes,

456 4020 672 4089 inquit,
701 4023 836 4073 ante
867 4018 1164 4073 Christum
1190 4022 1522 4072 statuemur
1546 4034 1558 4071 :
1588 4023 1647 4072 et
1673 4017 1820 4089 ipse,
1843 4033 1963 4072 non
1986 4017 2102 4084 lex,

456 4109 748 4164 rationem
780 4125 813 4162 a
843 4107 1015 4162 nobis
1046 4108 1239 4179 exiget
1267 4123 1279 4162 :
1314 4124 1419 4161 cur
1451 4113 1514 4162 tu
1545 4107 1656 4178 legi
1689 4107 2024 4176 adhaerens,
2047 4111 2105 4162 et

455 4216 577 4254 non
625 4199 921 4253 Christum
973 4197 1159 4252 semel
1223 4196 1672 4268 apprehendis?
1705 4220 1725 4244 ι
1778 4197 1914 4254 Mihi
1971 4209 2102 4252 sese

455 4289 656 4344 ﬁectet
693 4305 868 4344 omne
925 4304 1164 4360 genu.»
1223 4286 1367 4342 387
1435 4287 1713 4342 Omnium
1770 4286 2102 4345 dominium

455 4378 594 4433 huic
626 4379 868 4434 subesse
892 4383 1224 4433 attestatur.
1251 4399 1277 4425 ‹‹
1305 4379 1371 4429 Et
1393 4377 1590 4431 omnis
1620 4375 1826 4447 lingua
1857 4376 2100 4431 conﬁte-

454 4468 634 4525 bitur.
666 4485 693 4515 ιο
726 4468 971 4538 Propria
1021 4466 1297 4521 videlicet
1344 4472 1606 4536 peccata,
1657 4482 1726 4519 ex
1775 4466 1904 4537 ipsa
1961 4482 2100 4523 con-

459 4559 728 4625 scientia,
756 4564 1035 4628 tanquam
1069 4555 1307 4626 proprio
1332 4555 1544 4625 judici.
1574 4585 1636 4597 ς-
1658 4554 1842 4610 Aliud.
1871 4556 2101 4610 Dictum

460 4653 550 4702 est
580 4647 650 4702 de
684 4649 799 4701 Deo
830 4647 1002 4701 Patre
1035 4643 1192 4713 quod
1222 4643 1318 4696 hic
1349 4643 1581 4697 nullum
1613 4643 1864 4713 judicat,
1890 4643 2103 4714 sedju-

459 4738 682 4792 dictum
715 4734 878 4789 dedit
907 4733 1054 4787 Filio
1085 4731 1149 4784 ⁵⁵.
1213 4732 1586 4786 Manifestum
1638 4748 1773 4802 ergo
1827 4731 1987 4802 quod
2030 4731 2102 4787 de

450 4826 654 4897 judice
687 4823 910 4876 dictum
925 4820 1102 4875 fuerit
1129 4836 1162 4875 a
1192 4820 1396 4887 Paulo,
1430 4842 1458 4870 «
1491 4819 1881 4874 Conﬁtebitur
1914 4822 2049 4890 Deo,
2076 4842 2104 4870 »

459 4919 517 4968 et
549 4934 576 4962 «
609 4911 921 4966 Rationem
955 4909 1118 4966 dabit
1152 4910 1288 4963 Deo.
1325 4931 1346 4954 »
1378 4909 1582 4980 Itaque
1640 4908 1908 4964 Christus
1952 4911 2105 4964 Deus

458 5007 566 5068 est,
601 5001 778 5055 etiam
807 4999 854 5054 si
887 4999 1290 5069 nolintimpii.
1322 5022 1349 5048 «
1381 4999 1461 5054 Ne
1493 5000 1738 5070 posthac
1759 4999 1938 5070 igitur
1953 4999 2105 5054 alius

457 5090 641 5146 alium
666 5089 1026 5162 judicemus.
1060 5111 1083 5136 η
1117 5090 1372 5143 Rursum
1402 5088 1593 5159 primo
1617 5089 1801 5144 haeret
1821 5089 2104 5158 sermoni,

457 5195 531 5233 ne
565 5179 777 5232 timore
811 5177 1078 5232 videatur
1108 5175 1318 5230 fecisse
1343 5175 1555 5247 judicii
1589 5177 1974 5246 mentionem,
2000 5177 2103 5234 sed

457 5267 713 5337 quadam
745 5266 1041 5322 sermonis
1074 5266 1524 5336 consequentia.
1560 5288 1588 5315 «
1623 5268 1702 5321 Ne
1733 5273 1989 5339 ponatur
2016 5267 2102 5322 of-

455 5358 667 5411 fensio.
705 5382 724 5409 ι
763 5358 879 5410 Hoc
913 5360 970 5409 et
998 5354 1068 5409 ad
1104 5371 1239 5409 eum
1274 5355 1373 5425 qui
1407 5355 1638 5410 sincere
1697 5356 1890 5412 ﬁdelis
1929 5362 2020 5412 est
2050 5361 2109 5411 et

457 5445 530 5499 ad
563 5445 733 5501 illum
767 5444 868 5516 qui
892 5443 1365 5516 adhucjudaizat
1395 5449 1650 5516 aptatur.
1679 5447 1823 5501 Nam
1846 5451 1905 5500 et
1926 5447 1976 5500 is
2005 5446 2106 5516 qui

456 5536 755 5606 perfectus
788 5538 933 5602 erat,
967 5533 1378 5589 offendebatur
1408 5533 1817 5589 observatione
1839 5535 2106 5590 ciborum

527 5661 577 5696 ⁸⁵
603 5661 768 5721 Joan.
801 5675 854 5728 v,
891 5660 981 5713 22.

2207 3303 2277 3375 τῇ
2307 3300 2483 3359 πίστει
2516 3302 2545 3356 ὁ
2577 3300 2746 3377 λόγος
2780 3301 2962 3365 οὗτος.
2994 3301 3092 3376 Τῷ
3122 3301 3180 3360 δὶ
3210 3302 3439 3378 ὀνόματι
3467 3303 3565 3360 τοῦ
3595 3303 3861 3384 ἀδελφοῦ,

2211 3389 2328 3445 λύει
2363 3390 2549 3454 αὐτοῖς
2579 3392 2679 3459 τήν
2713 3388 2844 3467 ἔριν.
2888 3417 2916 3444 ι(
2958 3397 3043 3447 Ζῶ
3073 3392 3200 3467 ἐγὼ,
3245 3417 3273 3446 υ
3302 3393 3393 3448 καὶ
3422 3393 3488 3449 τὰ
3531 3394 3674 3465 ἑξῆς.
3707 3401 3864 3452 Δοκεῖ

2216 3480 2312 3553 μὲν
2343 3475 2431 3533 διὰ
2460 3486 2563 3549 τῆς
2605 3487 2940 3557 παραγωγῆς
2977 3488 3079 3552 τῆς
3136 3481 3493 3560 προφητείας,
3552 3485 3643 3539 καὶ
3699 3505 3861 3540 κατα-

2213 3565 2460 3623 στέλλειν
2490 3569 2580 3623 τὸν
2609 3570 2823 3639 πιστὸν,
2856 3571 2932 3632 εἷς
2985 3569 3050 3626 τὸ
3109 3571 3186 3643 μή
3245 3569 3537 3641 ἐξουθενεῖν
3590 3573 3684 3628 τὸν
3734 3573 3864 3630 Ἰου-

2212 3650 2488 3724 δαῒζοντα,
2519 3653 2669 3725 πλὴν
2703 3654 2836 3712 ’ὀλον
2865 3657 2928 3710 τὸ
2957 3656 3168 3735 χωρίον
3226 3657 3367 3729 εἶπε,
3405 3659 3704 3714 κατασείων
3760 3661 3859 3728 τὴν

2211 3743 2398 3818 ψυχὴν
2454 3746 2552 3798 τοῦ
2605 3741 2996 3815 Ἰουδαῖζοντος
3053 3740 3152 3816 ἔτι,
3210 3743 3317 3802 ὧδε
3378 3747 3474 3821 μὶν
3528 3751 3598 3822 τῇ
3668 3749 3858 3823 μνήμῃ

2211 3839 2312 3900 τῆς
2367 3833 2615 3906 κρίσεως,
2673 3831 2784 3889 ἅνω
2844 3832 2901 3890 δὲ
2957 3840 3076 3898 ταῖς
3135 3835 3466 3911 εὐεργεσίαις
3537 3838 3704 3894 αὐτοῦ
3760 3841 3860 3892 τοῦ

2213 3923 2452 3998 Χριστοῦ
2481 3920 2770 3998 ἰντρέπων.
2803 3923 2870 3981 Εἰ
2920 3925 3024 3999 γάρ
3078 3930 3161 3998 τῷ
3204 3927 3446 4001 Χριστῷ,
3477 3925 3628 4004 φησὶ,
3658 3926 3857 3988 πάντες

2213 4013 2694 4084 παραστησόμεθα,
2725 4013 2817 4068 καὶ
2853 4013 3015 4076 αὐτὸς
3047 4017 3216 4089 ἡμᾶς,
3276 4015 3367 4070 καὶ
3416 4014 3525 4091 οὐχ
3579 4015 3606 4071 ὁ
3663 4013 3860 4088 νόμος,

2214 4099 2437 4163 εὐθύνας
2495 4101 2804 4172 ἀπαιτήσει·
2858 4103 2910 4158 τί
2970 4103 3033 4157 σὺ
3088 4102 3192 4179 ἔχῃ
3252 4107 3349 4160 τοῦ
3401 4104 3599 4178 νόμου,
3651 4104 3740 4160 καὶ
3799 4103 3863 4158 οὐ

2213 4189 2451 4260 καθάπαξ
2508 4186 2857 4265 ἐπιλαμϐάνῃ
2907 4196 3006 4247 τοῦ
3084 4197 3317 4268 Χριστοῦ
3379 4221 3394 4262 ι
3455 4217 3484 4248 ι(
3538 4194 3663 4251 Ὃτι
3738 4191 3863 4265 ἐμοὶ

2213 4278 2417 4352 κάμψει
2448 4283 2552 4334 πᾶν
2584 4279 2738 4356 γόνυ.
2774 4302 2803 4331 »
2859 4281 2966 4349 Τὴν
3030 4279 3280 4336 ἀπάντων
3340 4281 3491 4338 αὐτῶ
3550 4278 3862 4337 δεσποτείαν

2219 4375 2500 4440 μαρτυρεῖ.
2534 4395 2561 4422 ιι
2595 4369 2698 4425 Καὶ
2729 4374 2871 4424 πᾶσα
2900 4367 3128 4444 γλῶσσα
3181 4368 3666 4446 ἐξομολογήσεται.
3701 4393 3730 4421 ››
3760 4371 3863 4432 Τὰς

2215 4456 2408 4519 εἶκείας
2479 4459 2746 4532 ἁμαρτίας
2827 4457 2878 4528 ἐξ
2957 4458 3127 4514 αὐτοῦ
3210 4464 3308 4516 τοῦ
3387 4457 3714 4529 συνειδότος,
3773 4460 3863 4515 am

2213 4549 2396 4620 κριτῇ.
2452 4579 2522 4589 -
2579 4544 2826 4610 Ἄλλως.
2887 4549 3232 4624 [ΟΙΚΟΥΜ.]
3306 4549 3535 4626 Εἴρηται
3586 4550 3713 4625 περὶ
3766 4552 3865 4604 τοῦ

2215 4641 2278 4689 ΘΑ
2318 4638 2343 4649 ~
2451 4634 2463 4653 ε
2499 4640 2540 4688 u
2656 4635 2669 4652 \
2791 4634 2821 4689 ὅ
2970 4634 2984 4654 9
3035 4637 3048 4652 \
3225 4636 3236 4658 Ι
3416 4635 3471 4657 ,ἢ
3693 4638 3708 4654 \

2258 4655 2348 4688 εου
2377 4655 2466 4689 και
2549 4655 2732 4709 ατρος,
2823 4656 2875 4689 τι
2927 4656 3091 4699 αυτος
3145 4656 3318 4712 κρινει
3375 4639 3590 4707 ουοίνα,
3646 4657 3747 4707 την
3804 4635 3864 4693 δὲ

2214 4723 2388 4798 κρίσιν
2444 4721 2644 4779 δέδωκε
2698 4727 2777 4795 τῷ
2835 4725 2966 4797 Υἱῷ.
3026 4723 3206 4795 Δῆλον
3265 4726 3358 4780 οῦν
3433 4727 3507 4790 ὼς
3581 4728 3705 4803 περὶ
3763 4731 3861 4782 τοῦ

2215 4815 2403 4886 κριτοῦ
2459 4809 2674 4888 εἴρηται
2729 4817 2810 4885 τῷ
2862 4811 3066 4885 Παύλῳ
3121 4813 3205 4884 τὸ,
3265 4839 3294 4868 ιι
3363 4814 3862 4892 Ἐξομολογήσεται

2214 4906 2294 4974 τῷ
2322 4906 2454 4974 Θεῷ.
2487 4926 2516 4956 n
2576 4901 2674 4958 Καὶ
2726 4901 2810 4971 τὸ,
2873 4926 2896 4956 ε
2958 4903 3134 4977 Λόγον
3196 4900 3358 4960 δώσει
3384 4909 3466 4977 τῷ
3495 4909 3629 4977 Θεῷ.
3666 4929 3694 4958 ››
3727 4907 3868 4981 Ἀρα

2220 4994 2350 5054 Θεὸς
2403 4994 2432 5047 ὁ
2490 4991 2744 5064 Χριστὸς,
2805 4989 2900 5048 κᾶν
2962 4994 3014 5050 οἱ
3071 4989 3281 5057 ἀσεϐεῖς
3358 4995 3436 5070 μὴ
3533 4993 3868 5072 βούλωνται.

2223 5106 2252 5136 ιι
2282 5079 2492 5154 Μηκέτι
2520 5080 2609 5138 οὖν
2641 5080 2932 5154 ἀλλήλους
2961 5081 3254 5157 κρίνωμεν.
3290 5109 3320 5138 ››
3375 5083 3546 5142 Πάλιν
3593 5091 3690 5143 τοῦ
3718 5087 3874 5163 πρώ-

2219 5195 2316 5228 του
2349 5168 2538 5252 ἔχεται
2571 5172 2763 5246 λόγου,
2789 5169 2882 5227 ’ἕνα
2909 5174 2985 5246 μή
3048 5170 3175 5249 δόξῃ
3228 5171 3316 5230 διὰ
3371 5171 3543 5250 φόϐον
3599 5183 3699 5247 τῆς
3754 5177 3875 5253 χρί-

2225 5284 2360 5326 σιως
2396 5268 2729 5333 μνησθῆναι,
2773 5259 2922 5316 ἀλλά
2976 5258 3064 5316 διά
3117 5283 3240 5320 τινα
3292 5261 3462 5339 λόγου
3522 5265 3870 5330 ἀκολουθῶν.

2229 5378 2255 5406 ιι
2288 5353 2365 5410 Τὸ
2401 5353 2478 5425 μή
2510 5352 2710 5407 τιθέναι
2742 5349 3096 5425 πρόσκομμα.
3133 5376 3161 5403 n
3209 5355 3392 5410 Τοῦτο
3450 5355 3540 5410 καὶ
3599 5356 3730 5431 πρὸς
3776 5357 3869 5411 τὸν

2226 5441 2498 5518 εἷλικρινῆ
2529 5440 2740 5511 πιστὸν,
2783 5439 2872 5494 καὶ
2922 5441 3017 5495 τὸν
3071 5436 3150 5497 ἔτι
3209 5441 3574 5514 ’Ῑουδαίζοντα
3619 5446 3868 5520 ἁρμόζει.

2225 5531 2326 5589 Καὶ
2357 5530 2456 5607 γὰρ
2489 5532 2516 5585 ὁ
2547 5528 2758 5592 τέλειος
2817 5527 3229 5601 ἆσκανδαλίζετο
3283 5537 3352 5608 τῇ
3389 5539 3499 5591 τῶν
3560 5537 3872 5611 βρωμάτων
