4188 6196
333 406 445 466 597

1418 350 1841 471 COMMENT.
1890 398 1969 459 IN
2020 395 2269 463 EPIST.
2311 397 2419 461 AD
2465 397 2653 462 aou.

3630 407 3748 473 598

332 535 711 610 παρατηρήσει
742 533 839 589 τοὺ
868 531 1134 606 πλησίον,
1172 534 1261 591 καὶ
1321 533 1350 588 6
1407 532 1476 590 τὰ
1535 532 1803 609 βρώματα
1848 548 1980 604 παρσ

2100 529 2376 602 proximi,
2409 534 2468 587 et
2496 530 2545 588 is
2575 530 2679 605 qui
2707 530 2871 591 cibos
2897 531 3266 603 observabat,
3296 535 3631 599 vehementi
3658 540 3746 598 in.

333 624 684 698 αιτούμενος,
739 626 809 697 τῇ
896 620 1107 698 σιροδρᾷ
1164 621 1454 696 ἐπιπλήξει
1514 624 1617 679 τοῦ
1677 618 1986 693 εἰλικρινῶς

330 718 554 775 πιστοῦ.
609 720 771 770 Ὥστε
831 719 929 787 μιᾷ
983 709 1280 787 συμϐουλῇ
1335 713 1460 777 τοὺς
1519 708 1614 769 δύο
1673 707 1986 786 διορθοῦται

330 804 631 879 ἀπέχεσθαι
661 801 894 876 τούτων,
932 801 967 859 a
997 802 1269 861 σκανάλου
1317 803 1586 879 πρόφασις
1642 805 1722 874 τῷ
1750 796 1987 872 πλησίον

327 897 563 969 γίνεται.

404 981 538 1041 Οἶδα
639 982 728 1039 καὶ
802 981 1089 1055 πετεισμαι
1180 983 1231 1037 ἰν
1310 981 1491 1057 Κυρίῳ
1590 981 1824 1051 Ἰησοῦ,
1900 974 1985 1033 ὅτι

328 1071 489 1129 οὐδὲν
560 1072 743 1128 κοινὸν
819 1068 892 1126 δι’
963 1072 1154 1141 αὐτοῦ,
1195 1071 1246 1126 εἴ
1322 1072 1396 1145 μή
1473 1074 1553 1144 τῷ
1629 1065 1986 1145 λογιζομένῳ

326 1184 384 1219 τι
440 1162 623 1217 κοινὸν
679 1161 843 1229 εἶναι,
905 1160 1094 1234 ἐκείνῳ
1149 1160 1334 1217 κοινόν
1368 1205 1383 1219 .
1440 1158 1505 1219 Εἰ
1573 1155 1630 1214 δὶ
1688 1153 1778 1215 διὰ
1836 1155 1985 1231 βρῶ-

331 1273 412 1325 μα
463 1252 492 1306 6
547 1247 785 1328 ἀδελφός
865 1269 961 1304 σου
1036 1247 1336 1319 λυπεῖται,
1395 1246 1495 1304 οὐκ
1549 1242 1625 1304 ἔτι
1677 1244 1814 1301 κατὰ
1860 1240 1988 1317 ἀγά-

326 1361 442 1411 πην
523 1343 861 1416 περιπατεῖς.
940 1338 1034 1407 Μὴ
1118 1341 1199 1411 τῷ
1287 1334 1537 1411 βρώματί
1623 1354 1718 1391 σου
1778 1331 1984 1389 ἐκεῖνον

330 1426 580 1484 ἀπόλλυε
613 1473 630 1500 ,
717 1427 848 1501 ὑπὲρ
909 1427 971 1481 οὗ
1029 1425 1261 1502 Χριστὸς
1318 1425 1546 1493 ἀπέθανε
1577 1467 1590 1480 .
1653 1423 1748 1494 Μὴ
1811 1418 1988 1497 βλασ-

330 1516 624 1599 φημείσθω
681 1516 777 1572 οὖν
819 1518 971 1591 ὑμῶν
1042 1518 1106 1573 τὸ
1182 1514 1400 1589 ἀγαθόν.
1503 1514 1581 1573 Οὐ
1681 1513 1786 1588 γὰρ
1844 1510 1987 1599 ἐστιν

328 1596 365 1678 ἦ
429 1606 683 1684 βασιλεία
738 1611 839 1662 τοῦ
922 1610 1057 1662 Θεοῦ
1144 1607 1351 1681 βρὼσις
1423 1603 1514 1660 καὶ
1585 1602 1766 1668 πόσις,
1838 1596 1984 1656 ἀλλὰ

328 1694 651 1768 δικαιοσύνη
708 1697 800 1753 καὶ
898 1695 1090 1772 εἰρήνη
1194 1694 1286 1751 καὶ
1388 1693 1556 1770 χαρὰ,
1659 1690 1714 1746 ἐν
1816 1686 1984 1746 Ilvati-

334 1807 463 1859 ματι
497 1781 656 1861 ἃγίῳ.
725 1786 787 1843 Ὀ
842 1786 946 1860 γὰρ
1005 1784 1057 1840 ἰν
1116 1782 1332 1845 τούτοις
1390 1779 1659 1838 δουαεύων
1720 1783 1800 1851 τῷ
1852 1782 1984 1851 Χρι-

2092 621 2432 693 crepatione
2463 622 2626 680 illius
2660 622 2763 698 qui
2795 623 3025 683 sincere
3055 624 3355 684 credebat.
3388 627 3513 686 Uno
3543 627 3745 700 itaque

2091 708 2340 767 consilio
2363 710 2513 766 duos
2565 711 2826 785 corrigit,
2876 717 2941 769 ut
2971 712 3044 769 ab
3096 713 3190 771 his
3243 713 3585 773 abstineant
3606 733 3739 788 qum

2090 800 2361 870 proximo
2393 800 2545 857 ﬁunt
2571 801 2802 861 occasio
2829 801 3114 861 scandali.

2159 981 2303 1049 XIV,
2336 982 2527 1038 14-18.
2559 1004 2588 1035 ιι
2622 982 2751 1039 Scio
2784 981 3024 1054 quidem
3055 988 3113 1039 et
3140 999 3492 1055 persuasum
3544 987 3733 1047 habeo

2096 1093 2117 1120 ι
2153 1086 2260 1143 per
2290 1071 2605 1129 Dominum
2634 1072 2855 1138 Jesum,
2882 1071 3035 1127 nihil
3085 1088 3216 1130 esse
3262 1090 3580 1134 commune
3632 1094 3738 1148 per

2092 1180 2121 1208 «
2153 1159 2389 1231 ipsum:
2422 1160 2537 1217 nisi
2569 1159 2730 1232 quod
2761 1161 2813 1216 ei
2847 1161 2949 1233 qui
2990 1162 3292 1219 existimat.
3342 1163 3570 1236 aliquid
3608 1181 3741 1221 esse

2092 1270 2121 1300 «
2153 1266 2493 1321 commune,
2527 1250 2614 1311 illi
2661 1267 2978 1311 commune
3025 1257 3134 1308 est.
3171 1254 3385 1311 Verum
3417 1253 3467 1311 si
3500 1259 3744 1326 propter

2092 1359 2122 1388 α
2154 1338 2350 1396 cibum
2383 1338 2566 1397 frater
2596 1344 2733 1398 tuus
2784 1340 3193 1410 contristatur,
3214 1340 3344 1413 jam
3384 1358 3507 1401 non
3539 1358 3751 1401 secun-

2090 1450 2120 1481 α
2155 1428 2296 1485 dum
2328 1429 2678 1487 charitatem
2709 1428 3003 1487 ambulas.
3028 1432 3108 1487 Ne
3136 1430 3267 1488 cibo
3296 1437 3394 1487 tuo
3418 1432 3589 1491 illum
3614 1448 3723 1505 per

2094 1538 2119 1573 σ
2147 1517 2253 1574 das
2276 1535 2381 1590 pro
2405 1534 2522 1589 quo
2544 1519 2813 1579 Christus
2836 1525 3109 1579 mortuus
3139 1526 3247 1579 est.
3282 1522 3363 1580 Ne
3391 1522 3571 1594 igitur
3599 1539 3742 1582 con-

2093 1629 2120 1659 «
2156 1608 2322 1664 viciis
2350 1607 2648 1667 afficiatur
2694 1607 2917 1666 bonum
2948 1614 3230 1667 vestrum.
3263 1613 3390 1669 Non
3440 1617 3531 1669 est
3587 1613 3747 1673 enim

2093 1720 2121 1749 «
2155 1713 2404 1770 regnum
2430 1698 2534 1754 Dei
2564 1698 2734 1756 cibus
2783 1704 2841 1759 et
2882 1704 3097 1771 potus:
3131 1700 3236 1756 sed
3282 1702 3520 1772 justitia
3549 1707 3609 1758 et
3631 1718 3744 1774 pax

2092 1812 2119 1841 ‹‹
2154 1794 2213 1845 et
2241 1787 2521 1861 gaudium
2552 1788 2615 1845 in
2645 1789 2866 1860 Spiritu
2907 1794 3134 1849 sancto.
3196 1791 3341 1847 Nam
3398 1792 3500 1861 qui
3558 1793 3620 1850 in
3647 1793 3741 1850 his

333 1879 444 1947 στῷ
478 1917 493 1944 ,
551 1873 836 1949 εὐάρεστος
893 1878 975 1947 τῷ
1025 1877 1141 1946 Θεῷ
1174 1916 1188 1942 ,
1264 1872 1353 1929 καὶ
1438 1868 1669 1945 δόκιμος
1724 1871 1842 1935 τοῖς
1896 1865 1980 1923 ἀνα

2093 1901 2122 1929 «ι
2157 1878 2335 1935 servit
2361 1878 2610 1946 Christo,
2641 1883 2918 1950 acceptus
2949 1883 3039 1935 est
3068 1880 3186 1935 Deo
3213 1884 3272 1936 et
3326 1879 3609 1950 probatus
3638 1880 3741 1941 ho-

332 1964 598 2041 θρώποις.

406 2055 524 2110 Ἕτι
582 2052 708 2127 περὶ
758 2060 858 2123 τῆς
914 2058 1022 2110 τῶν
1089 2050 1397 2128 βρωμάτων
1462 2050 1894 2126 παρατηρήσεως
1953 2048 1982 2105 6

336 2147 507 2225 λόγος
557 2148 731 2221 αὐτῷ.
766 2147 915 2206 Ἐπεὶ
951 2144 1047 2202 οὖν
1099 2146 1260 2216 εἶπεν,
1321 2170 1348 2196 α
1383 2142 1520 2203 Οἶδα
1565 2141 1655 2197 καὶ
1685 2142 1982 2215 πέπεισμαι

333 2239 421 2293 δτι
479 2234 637 2293 οὐδὲν
673 2237 856 2291 κοινὸν
893 2259 944 2305 ››,
994 2232 1083 2290 *ίνα
1145 2236 1221 2307 μή
1276 2231 1402 2308 εἴπῃ
1455 2229 1594 2288 ὁὲτι
1651 2229 1979 2300 Ἰουδαίζων·

327 2326 429 2381 Καὶ
458 2326 532 2395 τί,
566 2324 611 2382 εἰ
644 2324 706 2382 σὸ
740 2323 1103 2397 πεπεισμένος
1152 2326 1223 2394 εἴ,
1254 2327 1350 2379 τοῦ
1389 2323 1562 2395 νόμου
1620 2320 1683 2377 τὸ
1737 2319 1978 2376 ἐναντίον

324 2414 720 2489 εἰσηγουμένου
755 2432 769 2483 ;
799 2412 1124 2488 προστίθησι
1168 2413 1253 2482 τὸ,
1313 2436 1341 2464 (ι
1376 2412 1466 2468 Ἐν
1501 2410 1682 2485 Κυρίῳ
1711 2409 1915 2480 Ἰησοῦ,
1950 2432 1976 2464 ι

327 2499 535 2564 δεικνὺς
566 2501 651 2558 ὅτι
684 2503 810 2578 παρ’
840 2502 1005 2559 αὐτοῦ
1047 2505 1218 2558 ταῦτα
1267 2499 1553 2574 μεμάθηκε
1608 2499 1697 2554 καὶ
1759 2496 1976 2570 πεπλη-

329 2592 649 2671 ροφόρηται,
684 2591 773 2648 καὶ
816 2590 915 2648 οὐκ
969 2590 1061 2669 ἀφ’
1114 2590 1305 2646 ἑαυτοῦ
1358 2586 1525 2664 λέγει.
1587 2610 1611 2642 ι
1639 2589 1765 2645 Ὅτι
1822 2583 1977 2644 οὐδὲν

322 2681 523 2738 κοινόν.
559 2705 588 2732 ››
641 2715 710 2724 -
788 2680 1000 2755 [ΦΩΤ.]
1050 2679 1316 2737 Ἐντεῦθεν
1374 2677 1538 2734 πάλιν
1578 2676 1676 2743 ¹εἷς
1732 2677 1799 2733 τὰ
1851 2676 1975 2752 περὶ

326 2770 637 2848 βρωμάτων
695 2770 985 2837 ἐπάνεισι,
1029 2769 1120 2825 καὶ
1214 2771 1466 2845 παραινεῖ
1533 2767 1659 2830 τοὺς
1718 2763 1976 2831 δυνατοὺς

322 2860 460 2916 κατά
514 2860 616 2929 τήν
670 2860 897 2930 πίστιν,
959 2852 1459 2931 ἀντιλαμϐάνεσθαι
1543 2862 1650 2913 τῶν
1715 2855 1973 2926 ἀσθενῶν,

324 2949 417 3006 καὶ
446 2945 712 3005 δείκνυσιν
745 2947 796 3022 ἐξ
854 2946 928 3003 ὧν
962 2946 1133 3022 λέγει,
1165 2944 1340 3022 καλὸγ
1373 2946 1466 3021 μὶν
1529 2944 1621 3002 καὶ
1675 2945 1737 3002 τὸ
1769 2943 1973 3001 ἐκεῖνον

326 3038 381 3097 ἐν
440 3039 694 3114 βρώμασι
800 3035 1260 3111 διακρινόμενον,
1335 3040 1619 3110 πειρᾶσθαι
1704 3030 1977 3107 διορθοῦν,

329 3125 553 3201 ἄμεινον
587 3123 645 3183 δὶ
701 3127 763 3182 τὸ
792 3124 1157 3182 ἀδυνατοῦντα
1212 3124 1264 3180 ἂν
1319 3123 1522 3196 τούτῳ,
1591 3121 1974 3199 ὑπερορᾷν,τὸ

328 3215 623 3290 ἐλάττωμα
663 3259 679 3287 ,
737 3216 828 3272 καὶ
886 3218 1248 3291 χειραγωγεῖν
1297 3212 1457 3268 παντὶ
1514 3211 1701 3287 τρόπῳ

326 3301 585 3381 κερδῆσαι
609 3304 698 3360 καὶ
723 3308 894 3360 σῶσαι
918 3303 1082 3359 αὐτὸν
1102 3300 1282 3360 αὐτόν.
1307 3334 1375 3345 —-
1402 3302 1732 3375 [GEOAQR]
1760 3324 1785 3351 ‹‹
1813 3295 1974 3355 Οὐδὲν

327 3394 482 3469 φησὶ,
516 3393 693 3449 κοινὸν
727 3390 797 3448 δι’
826 3392 1013 3452 αὐτοῦ.
1043 3415 1072 3447 υ
1106 3393 1221 3451 Ἵνα
1259 3392 1366 3468 γὰρ
1416 3391 1492 3463 μή
1525 3388 1751 3466 λίγωσι,
1787 3389 1861 3447 Σὺ
1891 3386 1973 3451 τίς

325 3480 401 3539 ὢν
459 3481 893 3556 ἀντινομοθετεῖς
950 3483 1176 3555 Mincii;
1242 3480 1332 3539 τὸν
1393 3478 1633 3542 Μωσέως
1700 3477 1974 3547 Δεσπότην

323 3572 401 3635 εἷς
435 3572 597 3648 μέσον
629 3572 886 3649 παράγει,
919 3567 1187 3627 διδάσκων
1245 3570 1321 3633 ὡς
1375 3567 1536 3632 αὐτὸς
1592 3568 1690 3630 τὰς
1745 3567 1975 3641 νομικὰς

324 3682 732 3738 παρατηρησεις
798 3655 995 3721 ἔπαυσε
1029 3704 1044 3732 ,
1117 3659 1209 3717 καὶ
1275 3655 1428 3715 οὖδὶν
1511 3655 1656 3714 εἴασε
1737 3656 1977 3732 νομίζειν

328 3752 627 3827 ἀκάθαρτον
689 3749 909 3826 ἔδεσμα.
954 3783 1019 3794 -
1053 3751 1342 3824 [ΣΕΥΗΡ’]
1398 3749 1476 3808 Τὸ
1531 3748 1656 3824 γὰρ,
1712 3772 1739 3800 ι(
1771 3748 1849 3805 Δι’
1880 3746 1977 3801 αὐ-

326 3845 444 3915 τοῦ,
478 3865 508 3897 υ
531 3842 797 3916 τουτέστι,
829 3838 918 3897 διά
954 3841 1054 3908 τήν
1114 3837 1475 3916 εὖαγγελικήν
1530 3838 1697 3895 αὐτοῦ
1747 3839 1977 3911 νομοθε.

330 3930 471 3988 σίσν.
506 3955 533 3984 ιι
565 3927 737 3989 Οὐδὲν
767 3929 950 3986 κοινὸν
994 3924 1065 3983 δι’
1094 3926 1280 3995 αὐτοῦ,
1316 3952 1343 3980 υ
1374 3927 1647 3984 τουτέστιν
1678 3924 1978 4000 ἀκάθαρτον

330 4022 400 4093 τῇ
431 4018 607 4094 φύσει.
643 4043 671 4071 ιι
706 4020 782 4074 Δι’
840 4017 1028 4085 αὐτοῦ,
1057 4014 1326 4085 τουτὲσοι,
1379 4019 1476 4072 τοῦ
1534 4017 1687 4074 Θεοῦ.
1749 4014 1846 4071 Διὰ
1872 4015 1977 4083 τὴν

328 4111 440 4177 νῦν,
490 4106 647 4183 φησὶ,
690 4103 933 4172 δοθεῖσαν
988 4106 1151 4182 χάριν
1208 4106 1336 4179 παρ’
1392 4103 1576 4175 αὐτοῦ,
1636 4102 1789 4161 οὐδὲν
1822 4102 1977 4177 φύσει

329 4197 510 4253 κοινὸν
543 4239 559 4269 ,
619 4194 748 4252 ἀλλ’
806 4196 912 4253 ἀπὸ
986 4202 1087 4261 τῆς
1142 4193 1476 4270 πραιρὲσεως
1540 4197 1636 4249 τοῦ
1695 4192 1977 4268 μετιόντος

331 4283 537 4362 γίνεται
590 4280 771 4342 κοινόν
810 4328 823 4343 .
879 4287 1039 4349 “Ὀθεν
1102 4284 1192 4338 καὶ
1284 4281 1475 4354 ἐκείνῳ
1561 4280 1715 4356 μόνῳ
1772 4279 1978 4356 γίνεται

327 4375 532 4443 κοινὸν,
565 4374 695 4453 οὐχὶ
728 4371 786 4432 δὲ
813 4374 903 4431 καὶ
943 4379 1124 4432 πᾶσιν.
1165 4397 1186 4425 ιι
1235 4369 1456 4444 Ἑκείνῳ
1485 4371 1638 4447 ςγᾶρ,
1671 4368 1827 4446 φησὶ,
1858 4389 1979 4427 κοι-

328 4463 444 4521 νόν.
473 4488 499 4517 n
534 4497 592 4506 --
626 4487 655 4518 ιι
688 4464 751 4522 El
782 4460 839 4521 δὲ
870 4462 959 4519 διὰ
980 4464 1180 4539 βρῶμα
1211 4463 1239 4518 6
1262 4458 1499 4538 ἀδελφός
1532 4480 1628 4515 σου
1646 4457 1922 4517 λυπεῖται.
1953 4481 1975 4509 ι

331 4550 623 4624 Ὠνείδιζον
679 4553 783 4628 γὰρ
833 4550 1027 4617 αὐτοὺς
1095 4552 1147 4605 οἱ
1212 4549 1398 4607 πιστοὶ
1457 4548 1530 4617 ὼς
1579 4546 1977 4618 Ἰουδαῗζοντας

1784 3209 1974 3319 ίξὶξδ
2014 3247 2058 3319 c

2092 1990 2122 2020 α
2152 1967 2434 2025 minibus.
2468 1989 2497 2021 υ

2164 2131 2375 2189 Adhuc
2406 2130 2522 2205 ipsi
2554 2129 2626 2190 de
2658 2128 2926 2189 ciborum
2957 2129 3366 2189 observatione
3402 2147 3597 2189 sermo
3628 2138 3738 2193 est.

2092 2221 2239 2287 Quia
2271 2237 2405 2293 ergo
2438 2219 2626 2275 dixit:
2662 2242 2690 2269 «
2726 2218 2857 2274 Scio
2885 2224 2945 2274 et
2970 2235 3323 2291 persuasum
3352 2218 3541 2277 habeo
3589 2223 3744 2282 nihil

2092 2326 2223 2369 esse
2253 2324 2569 2367 commune
2602 2324 2616 2376 ;
2649 2324 2723 2366 ne
2764 2307 2923 2365 dicat
2975 2308 3026 2365 is
3058 2308 3158 2380 qui
3180 2308 3379 2367 adhuc
3437 2309 3623 2367 haeret
3680 2312 3744 2366 in

2089 2399 2431 2457 Judaismo:
2465 2399 2535 2455 Et
2581 2396 2724 2471 quid
2768 2396 2818 2453 si
2851 2402 2913 2453 tu
2967 2413 3288 2471 persuasus
3342 2398 3424 2456 sis
3482 2415 3618 2459 cum
3647 2400 3744 2459 lex

2091 2489 2458 2548 contrarium
2481 2485 2711 2554 doceat,
2726 2485 2891 2543 addit
2914 2503 2928 2543 :
2948 2508 2976 2538 ‹‹
2992 2488 3105 2543 Per
3116 2487 3433 2546 Dominum
3452 2489 3651 2547 Jesum
3672 2507 3687 2559 ;
3713 2511 3740 2542 ι»

2089 2577 2411 2635 ostendens
2442 2575 2602 2651 quod
2634 2574 2707 2635 ab
2747 2576 2875 2650 ipso
2927 2576 3055 2632 haec
3083 2576 3361 2635 didicerit
3413 2583 3470 2637 et
3524 2579 3743 2638 certior

2087 2668 2277 2724 factus
2309 2666 2404 2735 sit,
2433 2670 2492 2722 et
2520 2682 2642 2721 non
2673 2681 2708 2721 a
2737 2665 2931 2741 seipso
2963 2664 3141 2723 dicat.
3175 2690 3194 2718 ι
3233 2666 3389 2725 Nihil
3418 2683 3736 2727 commune

2089 2772 2238 2814 esse.
2276 2778 2304 2807 »
2343 2756 2489 2812 Hinc
2517 2771 2724 2813 rursus
2749 2752 2823 2810 ad
2845 2771 2914 2811 ea
2942 2754 3097 2809 redit
3125 2771 3256 2828 qum
3287 2756 3359 2811 de
3390 2755 3539 2814 cibis
3577 2756 3736 2813 dicta

2089 2849 2262 2902 sunt:
2287 2850 2346 2902 et
2375 2848 2646 2918 potentes
2677 2844 2740 2901 in
2770 2843 2890 2903 ﬁde
2918 2843 3203 2901 admonet
3230 2849 3296 2901 ut
3322 2844 3577 2905 infirmis
3608 2861 3736 2903 suc-

2087 2939 2347 2991 currant.
2379 2935 2460 2991 Ex
2486 2933 2579 2992 his
2610 2932 2788 2989 etiam
2819 2949 2950 3003 quae
2994 2931 3159 2996 dicit,
3218 2933 3480 2991 ostendit
3505 2933 3731 2991 bonum

2089 3021 2330 3097 quidem
2361 3038 2489 3079 esse
2524 3021 2631 3077 niti
2679 3020 2851 3077 illum
2883 3020 3174 3095 corrigere
3225 3021 3328 3091 qui
3380 3021 3536 3079 inter
3565 3021 3731 3081 cibos

2087 3110 2406 3185 dijudicat:
2436 3108 2594 3181 quod
2626 3108 2675 3166 si
2704 3108 2799 3165 hic
2842 3108 3056 3183 corrigi
3090 3115 3370 3181 nequeat,
3403 3110 3554 3169 388
3608 3126 3736 3169 me—

2087 3201 2205 3257 lius
2221 3204 2364 3257 tunc
2377 3215 2505 3255 esse
2528 3197 2823 3257 defectum
2846 3198 3005 3256 hunc
3027 3202 3432 3269 contemnere,
3455 3200 3736 3274 omnique

2087 3288 2263 3346 modo
2290 3289 2458 3346 illum
2492 3286 2896 3347 manuducere
2927 3304 3043 3359 quo
3075 3287 3303 3347 lucriﬁt
3330 3304 3401 3372 ac
3457 3288 3734 3350 salvetur.

2086 3402 2114 3429 ‹‹
2148 3378 2326 3445 Nihil,
2357 3378 2570 3450 inquit,
2604 3393 2733 3435 esse
2785 3393 3103 3434 commune
3162 3393 3268 3449 per
3325 3376 3544 3451 ipsum.
3578 3399 3607 3431 ››
3653 3380 3733 3436 Ne

2085 3467 2246 3523 enim
2277 3466 2515 3522 dicant:
2564 3466 2647 3520 Tu
2678 3465 2811 3536 quis
2868 3481 2932 3523 es
2993 3463 3095 3537 qui
3148 3464 3341 3538 legem
3408 3464 3562 3523 feras
3594 3466 3735 3524 Mosi

2085 3555 2493 3624 contrariam?
2512 3554 2687 3613 Mosis
2717 3554 3037 3613 Dominum
3069 3554 3131 3610 in
3163 3553 3426 3613 medium
3443 3554 3735 3627 producit,

2086 3645 2304 3705 docens
2327 3643 2486 3717 quod
2516 3644 2642 3719 ipse
2673 3643 2895 3717 legales
2925 3643 3366 3703 observationes
3388 3661 3619 3702 cessare
3648 3644 3737 3701 i‘e-

2084 3733 2608 3809 cerit,nullumque
2624 3731 2889 3791 edulium
2912 3732 3042 3790 duci
3064 3733 3363 3805 impurum
3377 3732 3735 3804 permiserit.

2086 3825 2228 3879 Nam
2259 3823 2372 3878 hoc
2429 3822 2728 3892 significat
2759 3844 2786 3872 «
2821 3824 2933 3881 Per
2964 3822 3181 3894 ipsum,
3216 3842 3244 3870 »
3304 3819 3362 3875 id
3402 3825 3510 3886 est,
3564 3821 3737 3893 juxta

2084 3912 2276 3987 legem
2307 3911 2726 3984 evangelicum.
2758 3913 2892 3981 Aut,
2918 3909 3074 3967 Nihil
3096 3924 3413 3967 commune
3444 3904 3518 3965 δι’
3545 3905 3735 3976 αὐτοῦ,

2085 4003 2197 4061 hoc
2228 4008 2337 4070 est,
2372 4018 2480 4073 per
2511 4017 2596 4067 se,
2619 4017 2689 4059 ex
2719 4005 2950 4057 natura.
3007 3998 3135 4055 Sive
3184 3992 3252 4055 δι’
3309 3995 3477 4055 αὐτοῦ
3508 4015 3615 4072 per
3643 3998 3737 4073 ip.

2087 4109 2241 4163 sum,
2266 4107 2479 4164 nempe
2526 4090 2733 4147 Deum.
2791 4090 2903 4147 Per
2931 4087 3152 4156 datam,
3204 4087 3420 4161 inquit,
3473 4104 3633 4149 nunc
3662 4088 3735 4147 ab

2087 4180 2215 4252 ipso
2246 4179 2494 4252 gratiam
2527 4177 2678 4235 nihil
2719 4182 2933 4236 natura
2987 4192 3304 4237 commune
3336 4180 3446 4243 est,
3507 4176 3612 4233 sed
3663 4176 3736 4235 ab

2089 4267 2427 4325 accedentis
2458 4266 2763 4325 voluntate
2784 4266 2850 4321 ﬁt
2869 4282 3209 4323 commune.
3238 4265 3402 4324 Unde
3424 4266 3604 4323 etiam
3625 4264 3736 4323 soli

2087 4357 2175 4413 illi
2196 4358 2611 4425 ﬁtconimune,
2628 4372 2747 4415 non
2761 4361 2959 4413 autem
2982 4355 3281 4413 omnibus.
3306 4356 3452 4413 Nam
3464 4353 3573 4413 ait:
3598 4374 3624 4404 «
3642 4352 3734 4413 Illi

2088 4461 2404 4504 commune
2422 4451 2532 4503 est.
2550 4469 2699 4497 ››-‹‹
2732 4446 2946 4501 Verum
2971 4445 3278 4519 sipropter
3318 4441 3517 4501 cibum
3550 4442 3736 4501 frater

2087 4542 2224 4592 tuus
2255 4535 2658 4595 contristatur.
2690 4555 2718 4584 »
2750 4533 3051 4607 Siquidem
3085 4532 3291 4593 ﬁdeles
3323 4533 3553 4591 sincere
3604 4547 3731 4589 cre-

332 4635 433 4709 ἔτι,
489 4642 580 4698 καὶ
633 4638 722 4697 διὸ.
776 4639 940 4698 τοῦτδ
994 4637 1509 4716 παρατηρουμένους
1564 4637 1632 4696 τά
1689 4637 1976 4713 βρώματα.

2092 4625 2295 4683 dentes
2325 4623 2761 4699 exprobrabant
2813 4622 2934 4680 illis
2982 4623 3083 4696 qui
3113 4621 3485 4716 Judaismum
3538 4620 3732 4716 adhuc

335 4729 410 4788 Οὔ
442 4730 700 4807 βούλεται
732 4731 825 4785 οῦν
886 4728 1107 4802 αὐτοὺς,
1139 4727 1191 4784 ἐν
1227 4732 1344 4790 τοῖς
1377 4728 1452 4802 μή
1511 4724 1649 4784 πάνυ
1711 4725 1979 4804 μεγάλοις

334 4818 673 4890 πλήττεσθαι
723 4816 997 4899 σφοδρῶς,
1058 4811 1398 4896 φοϐούμενος
1461 4818 1536 4888 μὴ
1578 4820 1695 4878 πῶς
1729 4814 1981 4891 ὁλιγοθυ-

339 4910 609 4984 μήσαντες
645 4955 660 4977 ,
725 4906 908 4963 τὲλεον
978 4908 1254 4964 ἀποστωσι
1302 4908 1400 4975 τῆς
1456 4904 1711 4969 πίστεως.
1764 4904 1827 4961 Εἰ
1886 4908 1979 4963 οῦν

333 4998 425 5054 καὶ
462 4994 631 5070 μηδὲν
686 4996 737 5052 ἐν
781 4996 1037 5071 βρώμασι
1090 4994 1292 5064 κοινὸν,
1327 4994 1482 5072 φησὶ,
1549 4993 1696 5064 τλήν
1729 4993 1979 5069 ἀπόσχου

331 5094 434 5156 τῆς
469 5083 707 5166 σφοδρᾶς
740 5083 1056 5161 ἐγκλήσεως
1087 5088 1184 5139 τοῦ
1238 5079 1476 5161 ἀδελφου
1529 5079 1645 5136 σοῦ’
1692 5081 1980 5157 οἰκονομι-

330 5181 444 5240 κῶς
478 5175 788 5248 οἰκονομῶν
851 5171 941 5229 διὰ
996 5174 1094 5243 την
1151 5169 1446 5247 εἰρημένην
1501 5168 1697 5229 αἰτίαν.
1755 5171 1896 5245 "Op:
1927 5167 1984 5229 δὶ

332 5267 452 5342 τήμ
482 5270 578 5321 τοῦ
611 5263 766 5340 ἁγίου
826 5263 1037 5343 σοφίαν·
1098 5261 1198 5320 Τὸν
1250 5260 1434 5318 τέλεον
1495 5258 1866 5338 πληροφορῶν
1900 5257 1983 5317 ὅτι

335 5356 438 5413 οὐκ
466 5350 582 5413 ἔστι
630 5356 836 5425 κοινὸν,
889 5353 976 5409 καὶ
1031 5351 1121 5409 τὸν
1176 5349 1529 5430 ὀλιγόπιστον
1592 5350 1849 5415 ὡσαύτως
1881 5347 1981 5407 δει⁶

331 5444 511 5502 κνύων
563 5444 886 5509 ἀσθενοῦντα
946 5440 1004 5499 ἐκ
1054 5446 1154 5511 τῆς
1240 5440 1704 5513 παρατηρήσεως,
1787 5467 1812 5493 ιι
1873 5440 1987 5498 Οὐκ

338 5533 444 5609 ἔτι,
476 5536 636 5621 φησὶ,
663 5538 803 5593 κατά
859 5534 1075 5611 ἀγάπην
1125 5538 1438 5609 περιπατεῖς
1491 5558 1519 5586 ››
1585 5532 1851 5592 Βούλεται
1881 5534 1985 5610 γὰρ

343 5619 756 5703 εἷναι-ἃγάπην,
798 5622 981 5692 εἰδὼς,
1037 5622 1213 5680 πάντά
1265 5619 1333 5681 δι’
1390 5622 1561 5694 αὐτῆς
1615 5623 1752 5681 κατὰ
1809 5625 1988 5699 μήρος

340 5717 761 5795 κατορθοῦσθαι.
830 5739 849 5765 ι
884 5715 978 5784 Μὴ
1033 5716 1114 5788 τῷ
1166 5710 1414 5787 βρώματί
1447 5716 1543 5767 σὸυ
1580 5712 1780 5769 ὖκεῖνον
1813 5711 1987 5771 ἀπόλ-

2089 4713 2513 4787 sequebantur,
2545 4719 2604 4772 et
2632 4713 2714 4768 ita
2744 4711 2908 4771 cibos
2960 4710 3368 4771 observabant.
3426 4711 3553 4767 Non
3608 4709 3732 4767 vult

2088 4820 2224 4878 ergo
2256 4803 2393 4861 illos
2424 4804 2489 4866 in.
2516 4804 2609 4861 his
2635 4819 2767 4873 quea
2793 4818 2912 4859 non
2934 4800 3082 4859 adeo
3111 4815 3328 4875 magna
3355 4803 3513 4867 sunt,
3544 4800 3730 4874 gravi~

2090 4898 2180 4950 ter
2209 4894 2451 4966 corripi,
2482 4893 2700 4949 veritus
2725 4908 2801 4949 ne
2832 4890 2981 4949 forte
3039 4891 3258 4965 pusillo
3315 4890 3455 4949 facti
3509 4891 3731 4958 animo,

2089 4982 2329 5039 tandem
2360 4998 2395 5037 a
2426 4980 2540 5039 ﬁde
2572 4980 2921 5038 desciscant.
2948 4980 3318 5055 Quanquam,
3344 4979 3557 5052 inquit,
3582 4978 3736 5041 nihil

2093 5072 2154 5129 in
2186 5070 2334 5127 cibis
2364 5085 2679 5129 commune
2712 5068 2808 5134 sit,
2840 5067 3071 5126 abstine
3102 5073 3300 5126 tamen
3338 5084 3374 5125 a
3402 5066 3737 5129 vehementi

2092 5160 2560 5235 reprehensione
2582 5158 2781 5216 fratris
2804 5158 2909 5226 tui,
2932 5157 3365 5233 dispensatorio
3382 5157 3559 5221 modo
3581 5157 3738 5215 ordi-

2094 5265 2244 5311 nans
2289 5253 2531 5323 propter
2573 5247 2792 5305 dictam
2849 5263 3109 5307 causam.
3148 5246 3287 5305 Vide
3345 5252 3544 5306 autem
3576 5245 3741 5307 Pauli

2096 5337 2472 5410 sapientiam.
2493 5337 2746 5396 Omnino
2778 5336 2995 5395 certior
3025 5336 3213 5397 factus
3231 5336 3388 5408 quod
3410 5336 3560 5394 nihil
3580 5351 3741 5395 com-

2096 5445 2276 5488 mune
2309 5429 2406 5496 sit,
2436 5432 2494 5486 et
2526 5428 2607 5487 ita
2638 5428 2752 5487 ﬁde
2779 5427 3065 5501 pusillum
3092 5444 3223 5487 esse
3253 5427 3576 5489 ostendens
3609 5441 3743 5487 eum

2099 5519 2198 5593 qui
2233 5534 2302 5576 ex
2335 5517 2605 5574 ciborum
2634 5517 3044 5575 observatione
3075 5517 3498 5577 inﬁrmaretur.
3530 5537 3552 5567 ι
3593 5517 3742 5581 iam,

2097 5625 2314 5697 inquit,
2344 5641 2467 5681 non
2490 5625 2819 5683 secundum
2850 5624 3200 5683 charitatem
3223 5623 3513 5681 ambulas.
3543 5643 3570 5673 ››
3602 5619 3741 5677 Vult

2099 5716 2259 5777 enim
2290 5715 2639 5775 charitatem
2658 5731 2809 5782 esse,
2834 5714 3028 5773 sciens
3058 5713 3261 5774 omnia
3289 5729 3395 5783 per
3413 5711 3580 5769 illam
3602 5722 3742 5779 pau—
