4198 6200
422 395 539 460 599

1542 389 1972 454 (ECUMENII
2014 384 2320 449 TRICCIE
2363 387 2746 453 EPISCOPI.

3704 352 3826 447 eoo

419 532 588 588 latim
620 527 853 600 corrigi.
893 544 916 575 ι
950 528 1029 582 Ne
1060 526 1190 582 cibo
1224 531 1321 582 tuo
1353 527 1524 583 illum
1565 526 1798 599 perdas.
1827 543 1856 575 ιι
1912 523 2073 578 Licet

2197 517 2302 577 Ᾰυε.
2371 542 2399 571 ››
2473 523 2565 594 Mr‘;
2625 520 2812 592 ἐπειδὴ
2882 523 2943 576 σὺ
2998 519 3172 578 πάντα
3226 519 3420 581 ἐσθίεις
3470 521 3661 582 πιστὸς
3729 518 3825 584 ὢν,

418 626 502 684 tu,
536 632 671 671 cum
704 616 786 670 sis
819 614 1035 682 ﬁdelis,
1060 616 1262 670 omnia
1295 616 1434 671 edas
1460 632 1536 670 ne
1557 615 1728 670 illum
1754 614 2070 668 vehemen-

417 713 508 761 ter
536 705 929 776 increpando,
990 705 1228 776 penitus
1260 722 1294 760 a
1324 705 1439 760 ﬁde
1470 706 1696 777 ejicias.
1755 702 1988 758 Etenim
2010 717 2067 755 e-

418 795 563 849 tiam
594 809 700 865 pro
734 792 838 848 illo
868 794 1139 849 Christus
1165 799 1433 849 mortuus
1466 799 1574 849 est.
1600 794 1921 864 Propterea
1950 789 2074 844 dis—

419 882 762 954 pensatorio
795 882 972 937 modo
1004 881 1184 936 debes
1215 881 1303 936 illi
1345 880 1843 938 condescendere.
1873 912 1945 920 —
1971 876 2073 932 Hic

424 970 636 1027 suadet
678 970 884 1026 ﬁdeles
918 987 1154 1042 quoque
1183 987 1218 1026 a
1245 971 1394 1026 cibis
1422 971 1721 1027 abstinere
1750 976 1816 1026 ut
1846 969 2072 1027 conde-

425 1060 745 1116 scendatur
774 1060 891 1115 ﬁde
923 1059 1178 1132 pusillis,
1203 1060 1360 1131 quod
1391 1061 1648 1115 etiamin
1678 1075 1960 1132 processu
1981 1058 2072 1113 di-

429 1150 529 1205 cit.
586 1172 614 1199 ‹‹
676 1152 754 1205 Ne
812 1150 992 1221 igitur
1044 1149 1323 1204 conviciis
1381 1148 1676 1205 afﬁciatur
1726 1149 1948 1204 bonum
1979 1163 2076 1202 ve-

427 1245 639 1295 strum.
676 1260 701 1291 ι
736 1239 1083 1296 Accusando
1118 1240 1277 1294 enim
1309 1244 1368 1293 et
1396 1255 1632 1311 semper
1662 1236 2073 1294 contendendo

425 1326 500 1381 ob
532 1327 801 1382 ciborum
861 1327 1335 1382 observationem
1394 1327 1676 1383 adversus
1725 1326 1920 1392 illum,
1952 1341 2075 1380 non

427 1416 623 1472 solum
654 1416 855 1471 reddis
887 1432 1022 1471 eum
1054 1416 1417 1487 pervicacem
1453 1433 1464 1471 :
1502 1414 1606 1470 sed
1654 1416 1833 1471 etiam
1863 1414 2076 1471 alienis

427 1521 462 1559 a
494 1505 610 1559 ﬁde
644 1504 853 1559 tribuis
883 1505 1280 1568 occasionem,
1302 1510 1366 1560 ut
1396 1505 1575 1561 ﬁdem
1596 1511 1862 1560 nostram
1889 1503 2081 1560 convi-

432 1594 541 1650 cii's
562 1594 826 1651 afﬁciant
843 1601 1087 1667 propter
1107 1596 1450 1668 hujusmodi
1504 1613 1751 1669 pugnas.
1783 1595 1926 1651 Nam
1972 1595 2079 1651 bo-

431 1700 577 1739 num
607 1690 775 1740 vocat
806 1685 1005 1740 ﬁdem.
1042 1686 1195 1740 Bene
1219 1686 1459 1757 quidem
1484 1686 1679 1750 doces,
1711 1685 1813 1740 sed
1833 1690 2079 1741 conten-

431 1774 514 1829 tio
551 1773 945 1829 conviciorem
976 1790 1153 1829 causa
1199 1774 1475 1831 efﬁcitur.
1502 1776 1583 1830 Ne
1640 1774 1919 1830 conviciis
1950 1773 2079 1829 afﬁ-

2179 603 2430 680 έγκαλῶν
2483 608 2738 686 σφοδρως
2792 609 3002 684 ἐκείνῳ,
3054 606 3294 685 ἐκϐάλῃς
3325 607 3485 663 αὐτὸν
3515 607 3702 663 τέλεον
3722 616 3824 679 τῆς

2176 694 2426 758 πίστεως.
2487 700 2582 754 Καὶ
2644 701 2749 778 γὰρ
2807 701 2898 755 καὶ
2959 700 3089 774 ὑπὲρ
3146 699 3310 754 αὐτοῦ
3350 699 3378 753 ὁ
3434 699 3669 773 Χριστὸς
3722 699 3825 754 ἀπα

2175 786 2377 850 έθανεν.
2443 790 2600 853 ’Ὸθεν
2661 788 2898 870 ὀφείλεις
2957 789 3328 864 οἰκονομικῶς
3385 784 3823 864 συγκαταϐαίνειν

2177 874 2344 948 αύτῷ.
2374 910 2441 920 --
2466 879 2677 952 [ΦΩΤ,]
2710 877 2839 934 Ὧδε
2861 875 2917 934 δὲ
2937 873 3302 952 συμϐουλεύει
3322 878 3415 933 καὶ
3443 876 3572 939 τοὺς
3599 877 3825 943 πιστοὺς

2178 963 2475 1040 ἀπέχεσθαι
2535 969 2885 1043 βρωμάτων,
2971 965 3059 1022 διὰ
3136 969 3235 1037 τήν
3295 971 3402 1022 τῶν
3463 965 3825 1042 ολιγοπίστιυν

2178 1050 2592 1130 συγκατάϐασιν,
2634 1056 2770 1132 ὅπερ
2826 1058 2913 1112 καὶ
2973 1056 3179 1133 προϊὼν
3238 1055 3406 1132 λέγει⁹
3474 1082 3494 1107 ι
3526 1058 3617 1126 Mi
3654 1058 3828 1131 βλασο

2178 1144 2468 1222 φημείσθω
2516 1146 2612 1200 οὗν
2671 1147 2824 1219 ὑμῶν
2890 1146 2983 1202 τὸν
3042 1145 3262 1221 ἀγαθόν.
3298 1170 3324 1196 )›
3385 1144 3670 1220 Ἐγκαλῶν
3725 1147 3828 1222 γὰρ

2178 1232 2267 1286 καὶ
2326 1233 2404 1287 ἀεὶ
2487 1234 2813 1310 φιλονεικῶν
2888 1236 3023 1311 πρὸς
3080 1233 3239 1289 αὐτὸν
3300 1231 3389 1289 διὰ
3442 1236 3542 1304 τήν
3598 1236 3831 1311 τήρησιν

2175 1324 2285 1375 τῶν
2342 1322 2674 1396 βρωμάτων,
2754 1323 2816 1378 ού
2906 1324 3071 1396 μόνον
3156 1322 3316 1378 αὐτὸν
3378 1321 3825 1400 φιλονεικότερον

2177 1415 2375 1479 ποιεῖς,
2406 1408 2551 1465 ἁλλὰ
2581 1412 2670 1467 καὶ
2701 1412 2970 1488 πρόφασιν
3005 1408 3169 1473 δίδως
3229 1416 3347 1475 τοῖς
3404 1409 3598 1482 ἔξωθεν
3661 1411 3834 1488 βλασ-

2179 1504 2382 1575 φημεῖν
2410 1502 2572 1573 ἡμῶν
2628 1503 2728 1571 τήν
2780 1501 2957 1556 πίστιν
3019 1498 3109 1556 διὰ
3163 1501 3258 1563 τὰς
3310 1499 3563 1562 τοιαύτας
3624 1501 3830 1579 μάχας.

2178 1587 2255 1644 Τὸ
2304 1586 2502 1663 ἀγαθὸν
2569 1589 2693 1666 γὰρ,
2756 1592 2870 1644 οἷον
2931 1588 3199 1660 ἡπίστις,
3259 1588 3414 1667 φησί.
3475 1588 3670 1655 Καλῶς
3732 1591 3830 1664 μὲν

2180 1674 2474 1750 διδάσκεις,
2515 1677 2641 1735 ἀλλ’
2687 1682 2722 1750 ἡ
2759 1679 2914 1759 μάχη
2971 1680 3119 1736 αἰτία
3187 1678 3542 1757 βλασφημίας
3600 1681 3831 1757 γίνεται.

2182 1798 2247 1807 —
2280 1791 2307 1817 ‹‹
2346 1768 2434 1835 Μὴ
2473 1766 2906 1847 βλασφημείσθω
2937 1769 3030 1823 οὖν
3066 1769 3217 1842 ὑμῶν
3250 1769 3313 1824 τὸ
3344 1769 3563 1846 ἀγαθόν.
3601 1793 3628 1820 ››
3661 1770 3831 1845 Ἀγα-

432 1864 623 1920 ciatur
651 1864 875 1919 bonum
914 1870 1193 1919 vestrum.
1230 1888 1258 1915 ››
1314 1866 1540 1921 Bonum
1602 1866 1863 1936 quidem,
1922 1864 2075 1921 889

2197 1854 2274 1909 ἱὸν
2308 1854 2405 1929 μὶν
2435 1856 2562 1931 γὰρ,
2592 1857 2655 1911 τὸ
2703 1853 2793 1911 διὰ
2847 1857 2910 1911 τὸ
2966 1853 3358 1931 ἐστηριγμένον
3393 1859 3524 1913 εἶναι
3550 1861 3619 1933 τῇ
3653 1859 3832 1913 πίστει

431 1970 571 2009 nam
602 1953 717 2008 ﬁde
748 1954 1167 2009 conﬁrmatum
1209 1959 1299 2009 est
1324 1970 1446 2009 non
1501 1953 1920 2026 dijudicandos
1950 1969 2079 2009 esse

432 2042 634 2098 cibos:
694 2043 799 2098 sed
830 2042 1257 2098 contendentes
1289 2048 1347 2098 et
1375 2043 1758 2098 vehementer
1815 2043 2079 2098 rixantes

433 2131 712 2187 adversus
744 2148 844 2187 eos
902 2132 1002 2202 qui
1062 2131 1416 2204 dijudicant,
1476 2132 1671 2187 facitis
1726 2132 1951 2187 bonum
1981 2148 2082 2188 ve-

436 2226 623 2276 strum
656 2220 813 2276 afﬁci
847 2220 1150 2277 conviciis.

507 2310 599 2364 Illi
632 2326 893 2381 namque
924 2310 1226 2383 redarguti
1279 2310 1724 2382 compelluntur
1769 2310 2084 2366 adversum

437 2416 538 2455 vos
568 2399 765 2455 dicere
815 2399 974 2470 quod
1004 2399 1115 2454 hoc
1137 2417 1257 2455 non
1289 2416 1358 2455 ex
1400 2399 1516 2455 ﬁde
1537 2399 1788 2470 faciatis,
1811 2400 1915 2455 sed
1944 2416 2087 2455 ven-

438 2489 547 2543 tris
579 2489 826 2544 curandi
874 2489 1080 2562 gratia.
1124 2490 1327 2560 Itaque
1361 2490 1538 2544 etiam
1568 2490 1615 2543 si
1648 2488 1809 2545 aliud
1840 2488 1994 2544 nihil
2024 2489 2087 2543 in

440 2594 617 2634 causa
647 2583 825 2645 esset,
871 2578 1132 2650 oportuit
1188 2578 1260 2633 ab
1309 2577 1650 2649 hujusmodi
1708 2578 2089 2634 contentione

437 2667 735 2723 abstinere
762 2668 940 2739 :quin
972 2667 1168 2738 potius
1197 2666 1309 2722 hoc
1339 2667 1535 2739 ipsum
1558 2684 1633 2723 ne
1656 2668 1935 2723 conviciis
1957 2667 2091 2722 afﬁ-

445 2757 636 2812 ciatur
663 2756 886 2811 bonum
918 2760 1197 2822 vestrum,
1233 2757 1378 2811 satis
1437 2773 1566 2812 esse
1590 2756 1793 2812 debuit
1843 2761 1911 2812 ut
1957 2773 2089 2829 per-

444 2846 721 2902 suaderet
746 2845 910 2901 vobis
931 2845 1379 2901 contentionem
1410 2845 1731 2902 dissolvere
1763 2846 1825 2901 in
1854 2862 2094 2901 concor-

445 2935 606 2992 diam
635 2940 694 2991 et
722 2951 1008 2991 amorem.
1034 2939 1237 3007 Neque
1255 2936 1416 2991 enim
1448 2934 1559 2991 hoc
1590 2941 1679 2990 est
1708 2940 2092 2991 contemnere

447 3046 579 3100 qua:
604 3028 739 3084 ﬁdei
774 3033 933 3095 sunt,
960 3027 1063 3083 sed
1092 3028 1408 3096 honorare,
1432 3027 1806 3099 prohibendo
1831 3027 2095 3083 convicia

447 3117 661 3187 quibus
703 3117 1062 3173 afﬁceretur.
1118 3117 1461 3173 Veresimile
1494 3133 1733 3188 quoque
1791 3122 1881 3172 est
1937 3115 2095 3187 quod

443 3207 720 3262 nonnulli
743 3223 777 3263 a
795 3207 911 3263 ﬁde
933 3207 1113 3263 alieni
1137 3207 1448 3263 audientes
1476 3208 1911 3273 contentiones,
1929 3207 2095 3261 Chri-

447 3297 778 3352 stianorum
809 3296 1083 3369 dogmata
1102 3296 1352 3351 irrident
1384 3311 1451 3351 ac
1473 3295 1864 3362 subsannant,
1898 3296 2095 3351 convi-

452 3386 680 3456 ciisque
710 3384 996 3441 afﬁciunt.
1031 3384 1114 3439 0b
1146 3400 1277 3454 quas
1312 3384 1513 3438 omnia
1542 3384 1758 3439 melius
1787 3389 1945 3439 esset
1972 3384 2100 3439 loco

454 3476 884 3547 intempestisz
913 3474 1313 3529 contentionis
1344 3475 1669 3529 concordes
1700 3474 1857 3529 circa
1887 3491 2101 3547 oppor-

454 3570 601 3620 tuna
631 3571 691 3620 et
718 3563 1046 3619 conformia
1075 3562 1368 3629 charitati,
1404 3578 1643 3617 omnem
1689 3562 2002 3618 calumniae
2034 3579 2101 3617 ac

449 3653 835 3725 blasphemia:
858 3657 1208 3723 praetextum
1233 3656 1560 3721 amputare.
1595 3652 1727 3705 Haec
1760 3652 1912 3705 enim
1964 3658 2103 3707 sunt

451 3759 584 3813 quae
616 3741 689 3796 ad
720 3756 967 3812 regnum
1001 3739 1283 3794 caelorum
1309 3738 1716 3808 introducunt,
1750 3756 1965 3811 nempe
1987 3757 2098 3810 pax

448 3831 510 3885 in
535 3830 672 3896 ﬁde,
695 3827 974 3901 gaudium
996 3829 1057 3882 in
1082 3826 1302 3898 Spiritu
1325 3828 1894 3899 sancto,etjustitia.
1921 3851 1949 3878 ‹‹
1974 3831 2098 3885 Non

447 3923 539 3972 est
568 3916 729 3971 enim
773 3931 1022 3988 regnum
1054 3916 1155 3971 Dei
1180 3915 1346 3970 cibus
1390 3921 1449 3971 et
1494 3922 1686 3988 potus.
1728 3940 1756 3967 »
1814 3918 2098 3974 Cohibere

447 4002 572 4057 vult
601 4002 736 4057 illos
770 4003 843 4058 ab
875 4003 1377 4060 accusationibus.
1431 4004 1731 4076 Siquidem
1761 4022 1867 4077 per
1898 4006 2097 4062 cibum

450 4096 509 4146 et
537 4094 762 4162 potum,
798 4092 1012 4164 inquit,
1065 4109 1313 4165 regnum
1347 4095 1445 4149 Dei
1497 4110 1617 4149 non
1647 4110 1966 4166 possumus
2012 4096 2099 4151 in-

449 4178 636 4252 gredi.
667 4212 739 4221 —
768 4181 887 4237 Alio
939 4182 1119 4238 modo.
1174 4182 1384 4238 Dicens
1411 4200 1423 4237 :
1452 4206 1480 4232 «
1515 4185 1640 4238 Non
1668 4191 1757 4240 est
1785 4185 1947 4240 enim
1993 4202 2095 4240 re-

449 4287 631 4344 gnum
661 4272 758 4328 Dei
790 4273 959 4328 cibus
988 4279 1048 4328 et
1075 4279 1271 4344 potus,
1305 4294 1332 4322 »
1366 4274 1629 4329 ostendit
1649 4275 2096 4332 contentionem

449 4360 692 4416 illorum
722 4362 883 4417 circa
910 4361 1073 4417 cibos
1096 4362 1676 4418 vehementissimam
1709 4380 1838 4419 esse
1857 4381 1923 4420 ac
1942 4365 2098 4421 ultra

450 4450 693 4519 limites,
722 4455 782 4506 et
810 4451 926 4506 tale
960 4451 1264 4522 quidpiam
1298 4451 1599 4507 insinuat:
1627 4452 1683 4506 Si
1714 4470 1960 4526 regnum
1999 4455 2092 4510 Dei

451 4539 617 4594 cibus
648 4555 715 4594 ac
742 4544 914 4610 potus
953 4545 1129 4607 esset,
1177 4556 1298 4595 non
1338 4540 1720 4596 decertaretis
1776 4543 2096 4599 vehemen-

2136 3251 2180 3319 C

2192 1945 2268 2017 μή
2331 1942 2690 2020 διακρίνεσθαι
2749 1946 2802 2001 ἐν
2856 1952 2972 2008 τοῖς
3049 1948 3353 2022 βρώμασιν.
3419 1949 3719 2023 Ἐριζοντες
3775 1946 3835 2004 δὲ

2187 2032 2277 2087 καὶ
2310 2030 2834 2112 διαφιλονεικοῦντες
2875 2032 3083 2113 σφόδρα
3139 2035 3275 2108 πρὸς
3328 2035 3457 2098 τοὺς
3489 2033 3838 2112 διακρινομέ-

2188 2139 2334 2190 νους,
2367 2126 2577 2177 ποιεῖτε
2604 2122 2667 2177 τὸ
2697 2121 2894 2196 ἀγαθὸν
2930 2123 3082 2196 ὑμῶν
3119 2120 3337 2201 βλασφη
3348 2130 3587 2197 μεῖσθαι.

2267 2307 2664 2383 Ἐλεγχόμενοι
2720 2311 2824 2386 γὰρ
2882 2309 3078 2366 ἑκεῖνοῖ
3107 2356 3123 2381 ,
3195 2310 3604 2368 συνελαύνονται
3664 2312 3845 2390 λέγειν

2194 2396 2333 2472 πρὸς
2362 2397 2522 2471 ὑμᾶς,
2556 2398 2630 2461 ὡς
2673 2398 2735 2454 οὐ
2796 2396 2884 2453 διὰ
2940 2400 3123 2456 πίστιν
3185 2404 3345 2455 τοῦτο
3409 2406 3642 2467 ποιεῖτε,
3702 2400 3850 2458 ἀλλὰ

2194 2487 2294 2554 τήν
2318 2484 2549 2561 γαστέρα
2595 2488 2999 2562 θεραπεύοντες.
3052 2488 3117 2546 Et
3174 2490 3267 2544 οὗν
3318 2489 3410 2544 καὶ
3461 2492 3537 2563 μή
3588 2488 3658 2545 δι’
3705 2488 3847 2545 ἄλλο

2196 2595 2250 2630 τι
2282 2573 2455 2649 ἐχρῆν
2515 2582 2616 2645 τῆς
2674 2577 2797 2650 περί
2861 2580 3023 2634 τοῦτο
3081 2573 3259 2654 ἔριδος
3310 2578 3667 2653 ἀποσχέσθαι,
3721 2577 3850 2635 ἀλλ’

2202 2664 2295 2718 οῦν
2326 2664 2416 2718 καὶ
2449 2664 2580 2720 αύτὸ
2609 2670 2771 2721 τοῦτο
2801 2667 2863 2722 τὸ
2898 2668 2972 2740 μή
3031 2666 3472 2746 βλασφημεῖσθαι
3530 2669 3593 2724 τὸ
3650 2669 3851 2744 ἀγαθὸν

2203 2753 2373 2825 ὑμῶν,
2407 2753 2586 2808 ἱκανόν
2618 2753 2760 2809 ἔστιν
2806 2756 2882 2817 εἷς
2919 2757 2982 2811 τὸ
3025 2761 3208 2812 πεῖσαι
3252 2757 3412 2831 ὑμᾶς,
3470 2758 3571 2827 τήν
3627 2753 3737 2833 ἔριν
3770 2757 3849 2820 είς

2200 2841 2458 2915 ὁμόνοιαν
2487 2845 2578 2899 καὶ
2627 2842 2841 2922 ἀγάπην
2903 2844 3182 2905 διαλῦσαι.
3250 2848 3325 2903 Ού
3364 2847 3468 2924 γάρ
3519 2847 3629 2903 ἐστι
3687 2851 3848 2904 τοῦτο

2203 2931 2469 3006 ὗπερορᾷν
2497 2932 2566 2987 τὰ
2610 2940 2713 3003 τῆς
2771 2935 3024 3004 πίστεως,
3083 2933 3230 2991 ἀλλὰ
3286 2941 3470 3010 τιμᾷν,
3524 2935 3576 2991 ἐν
3629 2940 3707 3009 τῷ
3749 2937 3850 2999 τὰς

2200 3020 2319 3075 κατ’
2350 3021 2517 3091 αὐτῆς
2545 3019 2779 3077 κωλύειν
2842 3023 3213 3102 βλασφημίας.
3267 3025 3429 3088 Εἰκὸς
3487 3022 3544 3081 δὲ
3593 3027 3681 3081 καὶ
3740 3031 3850 3082 τῶν

2203 3106 2305 3179 ἔξω
2334 3110 2506 3179 τινὰς,
2546 3111 2643 3173 τὰς
2700 3106 2883 3188 ἔριδας
2943 3110 3316 3181 διακούοντας,
3375 3112 3632 3191 ἐπιγελᾷν
3663 3115 3849 3169 καὶτὰ

2202 3200 2311 3253 τῶν
2370 3204 2706 3274 Χριστιανῶν
2762 3201 3050 3276 χλευάζειν
3105 3202 3196 3257 καὶ
3261 3200 3629 3282 βλασφημεῖν⁹
3690 3202 3760 3258 δι’
3818 3203 3850 3258 ἃ

2206 3286 2377 3341 πάντα
2407 3289 2627 3360 ἄμεινον
2668 3288 2758 3361 ἦν,
2792 3289 2910 3345 ἀντὶ
2939 3296 3038 3345 τοῦ
3095 3290 3287 3366 ἐρίζειν
3314 3291 3439 3368 περὶ
3493 3293 3561 3347 τὰ
3619 3294 3695 3366 μή
3726 3292 3847 3347 καί·

2207 3393 2317 3450 ρια,
2372 3376 2738 3449 ὁμονοοῦντας
2789 3378 2911 3453 περὶ
2979 3378 3045 3434 τὰ
3094 3381 3281 3455 καίρια
3334 3380 3425 3435 καὶ
3478 3382 3851 3456 συνερμοσμέ-

2202 3484 2326 3527 νους
2381 3468 2449 3539 τῇ
2507 3466 2711 3541 ἀγάπῃ,
2763 3471 2934 3522 πᾶσαν
3023 3464 3289 3536 διαϐολῆς
3345 3470 3435 3524 καὶ
3492 3469 3851 3548 βλασφημίας

2203 3555 2470 3631 πρόφασιν
2521 3553 2837 3615 ἐκκόπτειν.
2894 3560 3075 3614 Ταῦτα
3125 3558 3225 3635 γὰρ
3285 3557 3400 3615 ἐστι
3451 3559 3521 3615 τὰ
3571 3558 3853 3636 εἰσάγοντα

2203 3641 2282 3705 είς
2310 3644 2410 3711 τὴν
2443 3643 2721 3719 βασιλείαν
2750 3650 2856 3700 τῶν
2891 3647 3154 3724 οὐρανῶν*
3189 3649 3224 3717 ἡ
3282 3646 3335 3703 ἐν
3392 3650 3572 3704 πίστει
3632 3648 3848 3725 εἰρήνη,

2203 3733 2237 3800 ἡ
2272 3731 2322 3785 ἐν
2356 3731 2498 3807 ἁγίῳ
2529 3733 2801 3806 Ηνεύματι
2861 3740 3027 3811 χαρά,
3086 3737 3176 3791 καὶ
3207 3739 3241 3807 ἡ
3276 3733 3643 3809 δικαίοσύνην.
3711 3763 3738 3789 α
3771 3738 3850 3795 Οὐ

2199 3820 2304 3895 γὰρ
2338 3818 2480 3875 ἐστίν
2514 3824 2548 3891 ἡ
2580 3820 2826 3897 βασίλεία
2852 3829 2950 3880 τοῦ
3008 3830 3142 3881 Θεοῦ
3202 3827 3405 3902 βρῶσις
3462 3829 3551 3883 καὶ
3605 3828 3780 3888 πόσις.
3818 3852 3849 3880 ››

2202 3912 2408 3963 Παῦσαι
2454 3908 2710 3986 βούλεται
2745 3911 2975 3977 ἐκείνους
3031 3919 3139 3970 τῶν
3195 3914 3578 3993 ἐγκλημάτων.
3609 3915 3685 3973 Ού
3738 3918 3848 3992 γὰρ

2203 3994 2291 4051 διά
2318 3998 2574 4073 βρώσεως
2596 3999 2629 4069 ἢ
2655 4002 2888 4071 πόσεως,
2912 4003 3098 4080 φησὶν,
3132 4000 3335 4079 ἔχομεν
3356 4003 3614 4060 εἰσελθεῖν
3645 4004 3721 4067 εἷς
3745 4006 3848 4074 τήν

2207 4085 2482 4160 βασιλείαν
2536 4091 2635 4142 τοῦ
2690 4093 2824 4144 Θεοῦ
2856 4130 2870 4145 .
2930 4124 3001 4135 -—-
3055 4090 3315 4155 1Ἄλλως.
3378 4096 3587 4167 [ΦΩΤ.]
3643 4093 3850 4163 Εῗπὼν,

2204 4198 2231 4226 ‹‹
2264 4174 2341 4231 Οὐ
2397 4174 2499 4252 γάρ
2558 4175 2700 4232 ἐστιν
2755 4179 2790 4248 ἠ
2854 4179 3102 4255 βασιλεία
3156 4185 3253 4236 τοῦ
3310 4186 3444 4237 Θεοῦ
3500 4184 3705 4257 βρῶσις
3759 4184 3854 4238 καὶ

2200 4263 2381 4334 πόσις,
2416 4288 2443 4316 ››
2476 4262 2714 4321 δείκνυσι
2761 4269 2860 4336 τήν
2916 4268 3041 4343 περὶ
3087 4271 3153 4325 τὰ
3216 4271 3480 4346 βρώματα
3537 4272 3685 4326 αὐτῶ
3739 4266 3851 4347 ἔριν

2200 4351 2574 4429 σφοδροτάτην
2615 4354 2776 4411 οὖσαν
2807 4357 2897 4412 καὶ
2945 4357 3082 4434 πέρα
3136 4362 3235 4414 τοῦ
3268 4359 3490 4435 μέτρου.
3552 4361 3651 4415 Καὶ
3682 4361 3854 4417 αἰνίτ-

2197 4464 2369 4513 τεται,
2403 4440 2478 4506 ὥς
2512 4444 2571 4501 Et
2602 4446 2668 4514 ἦν
2706 4445 2961 4521 βάσιλεία
2989 4453 3089 4503 τοῦ
3122 4453 3255 4504 Θεοῦ
3288 4450 3491 4525 βρῶσις
3543 4449 3634 4506 καὶ
3691 4451 3855 4512 πόσις

2203 4532 2302 4587 οὐκ
2331 4532 2389 4587 ἂν
2418 4532 2588 4589 πλέον
2620 4531 3033 4611 διηγωνίσασθε’
3068 4535 3178 4612 ἅμα
3211 4535 3268 4593 δὲ
3320 4539 3411 4594 καὶ
3471 4538 3855 4615 ὲντρεπτικῶς,

450 4628 590 4684 tius.
621 4627 809 4683 Simul
841 4628 1018 4683 etiam
1073 4628 1465 4684 adhortando.
1502 4629 1555 4683 Si
1587 4646 1693 4701 pro
1725 4629 1818 4685 his
1846 4631 1928 4686 ita
1956 4650 2089 4687 con-

2206 4621 2288 4677 ὅτι
2332 4622 2394 4679 Et
2426 4623 2559 4698 ὑπὲρ
2588 4623 2796 4680 τούτων
2832 4626 3007 4689 οὕτως
3040 4632 3267 4697 ποιεῖτε,
3318 4628 3372 4683 τί
3427 4630 3540 4704 χρὴ
3599 4628 3855 4705 πράττειν

450 4717 717 4783 tenditis,
740 4717 884 4788 quid
904 4717 1097 4773 facere
1120 4722 1354 4788 oportet
1373 4734 1478 4789 pro
1523 4718 1756 4789 justitia
1782 4724 1839 4773 et
1866 4736 2009 4791 pace
2038 4727 2096 4777 et

450 4805 663 4877 gaudio
686 4805 745 4858 in
770 4805 990 4876 Spiritu
1010 4816 1214 4861 sancto
1240 4805 1268 4861 ?
1293 4827 1316 4857 ιι
1339 4805 1449 4861 Sed
1459 4806 1711 4876 justitia.
1746 4829 1776 4857 »
1797 4808 1935 4873 Quae
1957 4816 2098 4866 sunt

453 4907 590 4964 ergo
610 4908 741 4961 qua:
764 4892 825 4947 in
847 4910 1095 4966 regnum
1128 4895 1230 4950 Dei
1261 4894 1689 4950 introducunt?
1701 4896 1955 4968 justitia,
1984 4900 2096 4957 hoc

417 4976 426 4985 ’
456 4985 564 5048 est,
597 4981 716 5035 vita
745 4980 1045 5035 studiosa:
1080 4999 1190 5053 pax
1241 5002 1377 5057 erga
1432 4984 1696 5051 fratrem,
1729 4990 1789 5040 et
1815 4987 2095 5057 gaudium

453 5085 523 5124 ex
556 5069 893 5124 concordia.
928 5070 1219 5135 Quoniam
1251 5080 1451 5128 autem
1482 5074 1772 5147 contingit
1801 5091 2006 5147 pacem
2039 5081 2098 5131 et

450 5158 733 5231 gaudium
755 5176 885 5214 esse
916 5160 1094 5214 etiam
1120 5160 1180 5215 in
1200 5162 1492 5233 turpibus,
1525 5163 1708 5228 addit,
1733 5164 1847 5220 «In
1877 5165 2098 5236 Spiritu

452 5253 641 5315 sanct,
668 5269 695 5297 n
714 5253 996 5319 tanquam
1028 5249 1252 5304 diceret
1279 5266 1292 5305 :
1329 5251 1489 5306 Hanc
1519 5251 1649 5307 dico
1680 5269 1885 5325 pacem
1907 5259 1966 5309 et
1986 5255 2098 5309 hoc

451 5336 732 5410 gaudium
756 5354 888 5407 quae
915 5338 975 5392 in
998 5338 1217 5409 Spiritu
1237 5346 1440 5396 sancto
1470 5340 1828 5413 efficiuntur,
1853 5343 1964 5397 hoc
1986 5348 2095 5411 est,

450 5444 558 5499 per
586 5428 870 5498 Spiritum
902 5434 1174 5484 sanctum
1215 5431 1711 5487 introducuntur:
1763 5456 1791 5484 ‹‹
1821 5435 1962 5489 Nam
1996 5434 2096 5505 qui

454 5517 517 5572 in
545 5516 646 5571 his
678 5518 857 5572 servit
885 5518 1135 5573 Christo.
1176 5541 1201 5567 ››
1243 5520 1376 5575 Haec
1432 5521 1514 5575 ita
1562 5521 1784 5577 faciens
1816 5529 2098 5595 tanquam

452 5608 685 5664 debitor
715 5614 771 5662 et
800 5608 902 5679 qui
932 5608 1005 5663 ad
1037 5609 1098 5663 id
1132 5609 1443 5680 obligatur,
1478 5626 1611 5663 cum
1640 5612 1851 5666 timore
1881 5629 1950 5668 ac
1977 5620 2098 5668 tre-

453 5714 641 5766 more,
675 5698 827 5753 sicut
857 5696 1051 5752 ﬁdelis
1082 5696 1184 5751 Dei
1217 5712 1437 5751 servus.
1472 5697 1578 5761 Qui
1610 5699 1768 5753 enim
1800 5700 1862 5755 in
1892 5700 1986 5756 his
2018 5708 2101 5756 tu-

2205 4710 2336 4785 ὗπέρ
2369 4709 2740 4783 δικαιοσύνης,
2766 4714 2854 4768 καὶ
2884 4715 3130 4789 εἰρήνης,
3186 4716 3277 4771 καὶ
3326 4723 3427 4786 τῆς
3481 4725 3855 4791 πνευματικῆς

2203 4804 2381 4873 χαρᾶς
2415 4818 2428 4868 ;
2464 4830 2490 4852 ιι
2524 4798 2699 4856 ’Λλλᾶ
2729 4798 3069 4874 δικαιοσύνη.
3105 4827 3134 4855 ››
3166 4805 3301 4859 ιΙοία
3331 4805 3422 4859 οὗν
3477 4803 3590 4861 ἐστι
3648 4807 3715 4861 τὰ
3743 4807 3858 4861 εἷσ-

2203 4887 2409 4962 ἆγοντα
2440 4889 2516 4952 εἰς
2561 4892 2661 4958 τὴν
2693 4889 2975 4965 βασιλείαν
3011 4911 3024 4961 ;
3085 4893 3434 4963 Δικαιοσύνη,
3490 4894 3793 4963 τουτέστιν,
3828 4898 3857 4951 ὁ

2205 4977 2450 5052 ἰνάρετος
2507 4979 2646 5055 βίος,
2703 4982 2736 5048 ἡ
2784 4981 2919 5052 πρὸς
2948 4981 3040 5036 τὸν
3067 4979 3303 5059 ἀδελφὸν
3336 4982 3550 5056 εἰρήνη,
3603 4986 3692 5038 καὶ
3731 4986 3766 5054 ἡ
3799 4983 3859 5040 ἐκ

2203 5075 2303 5138 τῆς
2337 5068 2594 5140 ὁμονοίας
2635 5069 2800 5142 χαρά.
2835 5068 3055 5138 Ἐπειδὴ
3100 5068 3157 5126 δὲ
3208 5069 3285 5127 ἔνι
3339 5070 3530 5147 εἰρήνη
3589 5074 3678 5129 καὶ
3712 5075 3857 5149 χαρὰ

2205 5156 2294 5213 ἐπὶ
2325 5157 2603 5232 αἶσχροῖς,
2635 5159 2954 5232 προστίθησι
2972 5161 3056 5229 τὸ,
3077 5185 3105 5211 ‹‹
3131 5162 3221 5218 Ἑν
3245 5161 3519 5235 Πνεύματι
3542 5164 3697 5238 ἁγίῳ,
3732 5187 3755 5216 ι
3782 5164 3857 5226 ὡς

2208 5250 2253 5305 εί
2285 5251 2423 5309 εἶπε.
2482 5251 2695 5320 Ταύτην
2755 5249 2902 5329 λέγω
2949 5253 3050 5320 τήν
3111 5252 3301 5327 εἷ’ρήνη
3356 5253 3445 5310 καὶ
3499 5255 3695 5330 χαρὰν,
3753 5256 3856 5323 τὴν

2207 5339 2258 5395 ἐν
2286 5339 2559 5412 Πνεύματι
2593 5339 2727 5413 ἁγίῳ
2765 5339 3079 5414 γινομένην,
3128 5345 3396 5411 τουτέστι,
3431 5341 3518 5398 δια
3549 5347 3643 5398 τοῦ
3695 5342 3852 5416 ἁγίου

2208 5428 2518 5502 Πνεύματος
2576 5429 2995 5503 εἰσηγουμένην.
3050 5455 3078 5482 ‹‹
3110 5432 3171 5488 Ὀ
3202 5432 3305 5508 γὰρ
3364 5430 3416 5487 έν
3481 5433 3695 5496 τούτοις
3726 5429 3852 5487 δου-

2208 5519 2383 5576 λεύων
2414 5523 2493 5590 τῷ
2522 5520 2761 5593 Χριστῷ.
2793 5542 2821 5569 ››
2854 5519 3042 5583 Οὕτως
3105 5522 3348 5597 βράττων
3403 5524 3541 5579 αὐτὰ
3571 5524 3646 5587 ὡς
3678 5543 3856 5600 χρεω-

2209 5613 2368 5675 στῶν,
2404 5609 2476 5667 ὡς
2509 5606 2816 5685 ὀφειλέτης,
2855 5609 2993 5680 μετὰ
3023 5605 3195 5688 φόϐου
3251 5612 3342 5666 καὶ
3403 5612 3537 5685 μετὰ
3593 5633 3857 5687 συντριμ-

2211 5701 2339 5772 μοῦ,
2372 5698 2448 5757 ὡς
2478 5695 2667 5757 πιστὸς
2713 5692 2912 5758 δοῦλος
2952 5702 3107 5757 Θεοῦ.
3167 5701 3275 5757 «Ὁ
3333 5700 3439 5776 γὰρ
3493 5703 3857 5779 φυσιούμενος
