4188 6196
409 385 514 445 601

1504 387 1902 447 COMMENT.
1947 384 2035 445 1N
2081 382 2328 443 EPIST.
2375 383 2478 440 AD
2525 383 2720 441 ROM.

3697 383 3817 442 602

405 515 496 568 καὶ
528 515 990 589 ἀλαζονευόμενος
1043 516 1094 570 ἐν
1155 516 1390 585 τούτοις,
1454 516 1578 572 οὕτε
1637 515 1882 572 δουλεύει
1942 520 2047 586 Θεῷ

2173 513 2366 569 midus
2398 517 2488 568 est
2517 518 2575 568 et
2602 529 2904 585 arrogans,
2937 530 3057 568 non
3103 512 3258 568 390
3289 513 3468 567 servit
3515 515 3653 582 Deo,
3707 531 3814 571 ne-

408 602 532 658 οῧτε
563 605 846 679 εὐάρεστος
877 607 1043 660 αὐτοῦ
1075 605 1239 662 ἐστιν.
1272 607 1391 662 Ἐνι
1451 605 1506 661 δὲ
1558 606 1649 661 καὶ
1700 606 1807 662 ἀπὸ
1835 603 2058 661 κενοδο-

406 694 522 763 ξίας
552 694 819 771 ἐγκαλεῖν,
853 698 941 749 καὶ
974 695 1036 750 ού
1095 693 1183 750 διά
1239 691 1405 773 φόϐον
1439 697 1473 767 ἢ
1506 696 1723 767 ἀγάπην
1783 701 1936 752 Θεοῦ.
1968 696 2060 750 Διὸ

407 783 621 860 ἐπάγει’
655 809 680 833 ‹‹
708 786 763 837 Ὀ
793 785 896 860 γάρ
926 784 980 839 ἐν
1011 786 1226 847 τούτοις
1257 783 1532 840 δουλεύων
1563 787 1644 859 τῷ
1703 784 1938 860 Χριστῷ,
1973 810 2000 836 ››
2032 783 2062 839 6'

405 872 576 942 ἐστιν,
610 872 661 927 ἐν
698 871 1012 948 δικαιοσύνῃ
1045 875 1134 928 καὶ
1167 880 1312 949 χαρᾷ
1341 875 1428 929 καὶ
1464 875 1655 950 εἰρήνῃ
1687 878 2051 948 πνευματικῇ.

405 986 438 1014 ‹‹
471 963 565 1016 Καὶ
612 961 845 1035 δόκιμος
866 967 983 1023 τοῖς
1013 963 1341 1037 ἀνθρώποις.
1378 988 1404 1014 ››
1449 965 1534 1033 Mi“,-
1592 965 1754 1036 μόνον
1806 961 1882 1030 δὲ,
1915 962 2061 1018 ἀλλὰ

401 1049 498 1104 καὶ
554 1050 607 1104 οἱ
665 1049 944 1125 ἄνθρωποί
1013 1071 1068 1104 σε
1123 1049 1486 1123 θαυμάσουσιν
1547 1052 1780 1126 ὁρῶντες
1839 1051 2057 1123 εἰρήνην

403 1136 606 1214 ἔχοντα
661 1138 750 1193 καὶ
816 1139 989 1214 χαράν
1049 1139 1138 1193 καὶ
1199 1139 1546 1210 δικαιοσύνην
1582 1185 1595 1209 ,
1649 1141 1790 1215 παρὸ
1850 1136 1940 1194 διὰ
1993 1139 2061 1193 τὰ

402 1227 570 1302 χοίρα
602 1227 797 1283 ἐσθίειν
830 1225 1165 1305 ἀδιαφόρως.

480 1320 621 1391 ’Ἄρα
651 1318 743 1372 οὖν
786 1317 850 1372 τὰ
904 1324 1005 1386 τῆς
1062 1318 1282 1391 εἷρήνης
1337 1315 1632 1391 διώκομεν,
1685 1317 1776 1372 καὶ
1833 1319 1901 1372 τὰ
1956 1324 2057 1387 τῆς

405 1405 711 1480 οἶκοδομῆς
765 1415 867 1477 τῆς
949 1408 1025 1470 εἷς
1111 1406 1418 1478 ἀλλήλους.
1505 1410 1596 1477 Μὴ
1681 1404 1853 1462 ἕνεκεν
1913 1407 2061 1482 βρώ-

410 1518 578 1570 ματος
636 1495 872 1552 κατάλυε
956 1499 1018 1552 τὸ
1098 1491 1250 1573 ἔργον
1336 1501 1433 1552 τοῦ
1504 1501 1655 1554 Θεοῦ.
1718 1497 1900 1553 ΙΙάντα
1962 1497 2055 1567 μὲν

400 1589 608 1661 καθαρά
641 1631 654 1655 ,
711 1585 859 1641 ἀλλά
915 1588 1080 1642 κακὸν
1143 1592 1222 1659 τῷ
1279 1587 1550 1660 ἀνθρώπῳ
1606 1592 1687 1658 τῷ
1745 1583 1832 1640 διὰ
1887 1605 2059 1660 προσ-

401 1677 688 1747 κόμματος
745 1675 974 1731 ἐσθίοντι
1011 1722 1024 1734 .
1096 1675 1277 1731 Καλὸν
1357 1676 1420 1730 τὸ
1506 1678 1581 1748 μή
1661 1680 1849 1754 φαγεῖν
1904 1673 2058 1748 κρὲαν

407 1762 549 1838 μηδὲ
579 1770 720 1820 πιεῖν
753 1765 920 1836 οἶνον,
958 1763 1099 1838 μηδέ
1129 1765 1180 1820 ἐν
1214 1767 1260 1838 ᾧ
1319 1766 1347 1820 6
1382 1762 1619 1842 ἀδελφός
1650 1785 1745 1819 σου
1777 1765 2057 1839 προσκόπ-

402 1875 504 1917 τει,
536 1855 571 1923 ἢ
599 1851 1030 1924 σκανδαλίζεται,
1063 1854 1098 1924 ἢ
1132 1854 1355 1919 ἀσθενεῖ.

475 1944 622 1999 Έπεὶ
657 1942 747 1998 οὖν
796 1947 962 1999 ταῦτα
1019 1943 1472 2020 ἀνωμολόγηται,
1527 1945 1681 2019 φησὶ,
1736 1943 1825 1999 καὶ
1885 1941 2053 1998 δέδει-

408 2051 532 2086 κται
572 2033 654 2086 δτι
709 2030 878 2087 καλὸν
934 2035 968 2102 ἡ
1030 2031 1246 2107 εἶ’ρήνη,
1293 2033 1515 2104 ταύτην,
1580 2033 1734 2112 φησὶ,
1772 2032 2059 2108 μετεχρώ-

411 2131 568 2192 μεθα,
604 2118 676 2174 δι’
704 2121 772 2190 ἧς
823 2115 971 2177 ἔσται
1025 2123 1114 2176 καὶ
1144 2123 1178 2192 ἠ
1214 2122 1426 2176 πάντων
1483 2119 1849 2194 οἷκοδοδομή.
1915 2144 1938 2174 α
1969 2124 2054 2191 Μή

403 2207 578 2264 ἕνεκεν
611 2211 923 2287 βρώματος.
962 2233 985 2263 ν
1021 2209 1098 2269 Οὐ
1135 2211 1318 2284 μόνον,
1352 2211 1538 2290 φησὶν,
1597 2211 1697 2266 ούκ
1743 2209 2057 2284 οῗκοδομεῖς

404 2297 650 2373 ἐγκαλῶν
697 2299 777 2355 ἀεὶ
838 2297 929 2354 διὰ
980 2301 1047 2356 τά
1117 2301 1410 2376 βρώματα,
1468 2299 1615 2356 ἀλλὰ
1671 2301 1763 2355 καὶ
1817 2300 1882 2370 ἣν
1941 2299 2056 2376 ἔχει

398 2389 576 2444 πίστιν
610 2388 921 2460 καταλύεις,
969 2388 1444 2466 φιλονεικοτὲρους
1501 2389 1701 2452 αὐτοὺς
1733 2394 1925 2457 ποιῶν,
1967 2389 2056 2444 καὶ

404 2478 706 2548 ἀποστῆναι
739 2477 926 2534 τὲλεον
957 2487 1058 2548 τῆς
1087 2480 1322 2540 πίστεως
1356 2480 1694 2554 παροξύνων,
1747 2499 1768 2528 α
1801 2480 1872 2533 Τὸ
1904 2475 2058 2554 ἔργον

404 2572 500 2622 τοί
521 2573 671 2624 Θεοῦ.
712 2594 738 2618 ››
772 2567 1104 2641 [ΟΙΚΟΥΜ.]
1136 2569 1198 2625 Ὀ
1233 2568 1383 2635 Θεὸς,
1432 2571 1586 2647 φησὶ,
1622 2565 1711 2623 διὰ
1767 2573 1864 2622 τοῦ
1896 2589 2054 2623 σταυ-

398 2661 498 2730 ροῦ
528 2654 877 2729 ᾠκοδόμησε,
912 2656 975 2711 σὺ
1009 2655 1067 2711 δὲ
1095 2658 1194 2724 τήν
1237 2655 1538 2729 οἰκοδομὴν
1569 2657 1736 2711 αύτοῦ
1766 2655 2054 2719 καταλύεις

400 2744 491 2800 διὰ
527 2748 744 2820 βρῶμα.
781 2747 981 2821 Ἔργον
1016 2743 1072 2801 δὲ
1101 2749 1199 2801 τοῦ
1228 2751 1363 2802 Θεοῦ
1422 2745 1593 2823 λέγει,
1653 2748 1750 2816 τήν
1785 2746 2055 2814 σωτηρίαν

397 2839 509 2890 τῶν
560 2837 880 2909 ἀνθρώπων.
934 2861 961 2886 ‹‹
999 2837 1177 2890 Πάντα
1230 2836 1324 2908 μὲν
1381 2835 1610 2910 καθαρά.
1646 2859 1674 2886 n
1729 2842 1842 2890 ’Ίνα
1877 2838 1952 2908 μή
1984 2839 2052 2909 τῇ

397 2923 588 2998 πολλῇ
619 2929 726 2980 τῶν
759 2924 1106 3001 ὑγιαινόντων
1137 2924 1428 2996 ἐπιπλήξει
1463 2920 1742 3001 βεϐαιώσῃ
1793 2929 1874 2998 τῷ
1904 2925 2056 2990 ἀσθε-

398 3020 482 3068 νεῖ
511 3015 573 3070 τὸ
605 3017 1035 3090 παρατηρεῖσθαι
1067 3016 1134 3070 τά
1163 3013 1452 3090 βρώματα,
1473 3016 1560 3070 καὶ
1592 3015 1668 3078 εἰς
1696 3016 1858 3070 αὐτὸν
1881 3020 2055 3090 χωρεῖ

397 3103 612 3160 λοιπόν.
647 3107 822 3159 Πάντα
859 3105 953 3178 μὲν
987 3104 1216 3177 καθαρὰ,
1250 3104 1413 3177 φησὶν
1448 3103 1592 3159 ἀλλὰ
1613 3104 1774 3159 κακὸν
1805 3109 1884 3176 τῷ
1921 3105 2054 3176 μετᾶ

398 3191 702 3256 συνειδότος
727 3199 972 3268 πονηροῦ
1007 3192 1261 3249 ἐσθίοντι.
1296 3217 1322 3243 ‹‹
1357 3195 1451 3264 Τῷ
1482 3190 1570 3248 διὰ
1617 3191 2048 3267 προσκόμματος

397 3279 652 3344 ἐσθίοντι.
687 3306 715 3332 ››
776 3283 878 3337 Καὶ
950 3281 1052 3357 γάρ
1107 3282 1151 3336 εἰ
1210 3281 1562 3357 ἀναγκασθεὶς
1612 3279 1807 3357 φάγῃς·
1863 3280 2046 3360 φησὶν,

397 3373 547 3426 ούεέν
606 3371 898 3452 ὠφέλησας
932 3391 945 3404 ·
1014 3373 1148 3445 μετὰ
1203 3373 1306 3449 γὰρ
1362 3369 1685 3446 διακρίσεως
1747 3366 2048 3447 βέϐρωκας.

393 3460 472 3516 Ού
499 3461 602 3535 γάρ
631 3462 693 3515 τὸ
737 3467 922 3538 φαγεῖν
974 3465 1124 3516 ποιεῖ
1177 3482 1235 3515 σε
1299 3461 1556 3534 καθαρὸν,
1615 3458 1742 3515 ἀλλ’
1773 3464 1807 3530 ἡ
1838 3461 2048 3536 καθαρᾶ

391 3549 587 3624 γνώμη
614 3552 730 3622 μεθ’
760 3551 830 3620 ἧς
863 3549 1079 3612 ἐσθίεις.
1114 3574 1141 3601 ‹‹
1178 3549 1358 3606 Καλὸν
1391 3550 1452 3604 τὸ
1489 3550 1564 3623 μή
1597 3554 1782 3628 φαγεῖν
1827 3551 1978 3625 κρέα.
2015 3576 2043 3602 ››

389 3643 652 3702 Ἐνταῦθα
703 3641 768 3695 οὗ
804 3640 968 3713 μόνον
1025 3643 1105 3710 τῷ
1160 3639 1337 3711 πιστῷ
1392 3644 1645 3714 παραινεῖ
1704 3639 1780 3711 μὴ
1839 3638 2044 3718 σφόδρα

390 3729 749 3790 καθάπτεσθαι
833 3732 930 3783 τοῦ
987 3729 1358 3792 ἀσθενοῦντος,
1417 3726 1566 3782 ἀλλὰ
1624 3725 1714 3782 καὶ
1774 3749 2043 3803 συγκατα-

393 3809 553 3883 ϐῆναι
586 3815 754 3888 αὐτῷ,
781 3815 870 3871 καὶ
908 3818 981 3889 μή
1031 3821 1215 3893 φαγεῖν
1260 3817 1410 3890 κρὲα,
1474 3813 1614 3890 μηδὲ
1670 3821 1839 3871 πιεῖεν
1869 3818 2038 3872 οἶνον’

392 3903 503 3960 Κᾶν
537 3904 679 3960 ἄλλο
707 3926 758 3960 τι
792 3903 923 3972 δέοι,
977 3907 1309 3978 παραίτησαι
1347 3903 1435 3960 διὰ
1463 3906 1563 3974 τὴν
1622 3906 1896 3980 σωτηρίαν
1943 3913 2040 3962 τοῦ

391 3990 629 4071 ἀδελφοῦ
686 4015 782 4049 σου
812 4039 824 4050 .
915 3995 1181 4068 Μεγίστην
1259 3995 1360 4068 γὰρ
1421 3989 1536 4070 ἔχει
1597 3989 2042 4070 συγκαταϐάσεως

389 4082 643 4159 ἀφορμὴν
679 4083 1000 4152 ἡάσθὲνεια.
1067 4106 1093 4137 α
1127 4081 1292 4154 Μηδὲ
1349 4083 1400 4138 ἐν
1459 4085 1504 4155 ᾦ
1571 4085 1598 4138 6
1657 4081 1891 4161 ἀδελφός
1944 4105 2040 4139 σου

388 4171 741 4246 προσκόπτει.
777 4196 804 4222 ››
836 4175 969 4245 Ὅρα
999 4176 1116 4232 πῶς
1147 4169 1199 4225 ἐν
1232 4176 1310 4242 τῷ
1340 4171 1477 4245 πρὸς
1502 4173 1597 4226 τὸν
1638 4173 1828 4226 πιστὸν
1866 4170 2036 4248 λόγῳ,

384 4264 493 4314 τῶν
552 4259 924 4337 ὀλιγοπίστων
983 4259 1360 4328 καθάπτεται,
1443 4259 1494 4313 ἐν
1549 4261 1702 4332 ᾧτινι
1761 4261 2040 4336 πράγματι

385 4349 738 4422 προσκόπτει,
770 4348 901 4424 ὅπερ
934 4353 1041 4403 τῶν
1103 4346 1502 4427 τυφλουμὲνων
1563 4345 1726 4406 ἴδιον.
1789 4346 2037 4403 Σκανδα-

384 4438 582 4507 Λίξεται
642 4436 698 4493 δὲ
733 4483 746 4506 ,
809 4437 940 4514 ὅπερ
1002 4435 1468 4492 εύσκανδαλίστων
1502 4479 1515 4493 .
1573 4438 1843 4504 Ἀσθενεῖ,
1903 4439 2036 4513 ’ὀπερ

385 4525 454 4581 ἀλ
465 4527 787 4604 ιγοπίστων.

455 4802 530 4855 Σὺ
588 4801 768 4855 πίστιν
835 4797 981 4876 ἔχεις
1016 4844 1030 4868 ,
1087 4801 1222 4856 κατᾶ
1305 4799 1526 4854 σεαυτὸν
1580 4796 1696 4874 ἔχε.
1755 4798 2037 4874 Μακάριος

384 4893 412 4945 6
461 4892 536 4964 μή
591 4891 788 4962 κρίνων
849 4891 1035 4944 ἑαυτὸν
1092 4891 1142 4944 ἐν
1203 4889 1247 4962 ᾧ
1301 4887 1628 4962 δοκιμάζει.
1686 4890 1748 4946 Ὀ
1807 4886 1863 4944 δὲ
1921 4886 2036 4944 δια-

382 4980 698 5054 κρινόμενος
733 5025 747 5044 ,
803 4979 890 5033 ἐάν
951 4980 1096 5058 τράγῃ
1131 5025 1143 5046 ,
1205 4977 1638 5053 κατακέκριται,
1688 4975 1773 5033 ὅτι
1821 4977 1920 5034 οὐκ
1977 4978 2036 5033 ἐκ

379 5069 633 5131 πίστεως.
667 5074 781 5125 Πᾶν
823 5065 880 5122 δὲ
936 5069 964 5122 ὃ
1024 5068 1122 5123 οὐκ
1182 5067 1241 5123 ἐκ
1289 5069 1547 5137 πίστεως,
1609 5067 1846 5143 ἁμαρτία
1898 5066 2029 5124 ἐστί.

452 5249 638 5304 Πίστιν
667 5246 914 5317 ἐνταῦθα,
966 5246 1066 5314 τὴν
1125 5247 1388 5321 περὶτῶν
1442 5243 1814 5321 προκειμένων
1858 5244 2028 5323 λέγει,

376 5340 496 5394 οἷον
532 5337 864 5412 βρωμάτων·
899 5336 973 5396 ὡς
1003 5336 1102 5409 ἦγε
1159 5335 1281 5408 περὶ
1333 5332 1644 5411 δογμάτων,
1705 5334 1758 5389 ἐν
1814 5339 1893 5408 τῷ
1923 5357 2028 5415 φα-

371 5431 516 5500 νερῷ
547 5425 936 5499 ὁμολογεῖσθαι
995 5428 1155 5477 πᾶσιν
1214 5421 1444 5500 ὀφείλει.
1510 5449 1536 5474 ‹‹
1573 5429 1683 5485 Πᾶς
1745 5424 1837 5497 μὲν
1899 5424 2025 5499 γὰρ,

373 5515 560 5594 φησὶν,
621 5513 768 5574 ὅστις
825 5510 1147 5587 ὁμολογήσῃ
1208 5511 1258 5566 ἐν
1292 5512 1416 5586 ἐμοὶ
1476 5507 1749 5588 ἔμπροσθε
1804 5516 1911 5567 τῶν
1943 5511 2028 5567 ἀν-

376 5601 634 5676 θρώπων,
673 5626 694 5650 ι
756 5600 847 5654 καὶ
900 5599 1041 5670 ἑξῆς.
1104 5601 1366 5656 Ἐνταῦθα
1415 5599 1472 5656 δὲ
1504 5645 1518 5670 ,
1577 5601 1666 5656 καὶ
1721 5601 2021 5674 κενοδοξεῖν

450 5709 497 5744 ⁵⁸
527 5709 729 5764 Matth.
765 5725 822 5774 x,
855 5709 941 5764 31.

2170 619 2284 674 que
2317 603 2405 657 illi
2437 608 2712 673 acceptus
2746 609 2850 657 est.
2889 604 3184 676 Contingit
3214 609 3273 659 et
3301 621 3372 659 ex
3402 602 3569 657 inani
3626 604 3814 675 gloria

2169 695 2486 765 corripere,
2516 699 2575 748 et
2621 709 2741 747 non
2774 710 2844 747 ex
2871 694 3080 748 timore
3137 699 3240 748 aut
3290 693 3606 747 dilectione
3665 693 3768 746 Dei
3800 708 3814 749 :

2168 783 2300 839 ideo
2334 782 2550 838 subdit.
2586 784 2729 837 Nam
2762 783 2862 854 qui
2894 784 2954 837 in
2990 783 3080 838 bis
3113 784 3291 838 servit
3315 781 3568 847 Christo,
3598 799 3815 853 nempe

2171 873 2231 928 in
2257 872 2491 944 justitia
2523 878 2580 926 et
2608 873 2820 944 gaudio
2852 889 3114 943 paceque
3178 872 3492 944 spirituali.
3527 894 3555 921 ‹‹
3588 873 3658 924 Ει
3686 889 3815 942 pro-

2169 961 2344 1016 batus
2375 961 2738 1017 hominibus.
2775 983 2801 1009 ››
2833 964 2959 1016 Non
2994 962 3187 1017 solum
3221 966 3420 1016 autem
3451 961 3585 1025 hoc,
3613 977 3814 1016 verum

2169 1051 2618 1107 admirabantur
2647 1057 2702 1106 te
2742 1052 3052 1106 homines:
3101 1052 3365 1106 videntes
3421 1051 3576 1121 quod
3610 1067 3816 1122 pacem

2169 1141 2387 1197 habeas
2427 1147 2486 1196 et
2508 1141 2787 1214 gaudium
2819 1158 2886 1196 ac
2909 1141 3247 1213 justitiam:
3277 1143 3564 1211 prasterea
3593 1145 3651 1195 et
3681 1157 3814 1212 por-

2168 1231 2332 1286 cinas
2364 1246 2570 1285 carnes
2601 1231 2766 1285 nullo
2799 1229 3143 1285 discrimine
3185 1230 3345 1286 edas.

2239 1321 2378 1387 XIV,
2407 1321 2584 1376 19-21.
2610 1322 2860 1391 «Itaque
2884 1337 3014 1391 qua:
3035 1320 3198 1391 pacis
3225 1327 3364 1376 sunt
3395 1328 3725 1377 sectemur:
3760 1326 3819 1375 et

2168 1432 2196 1458 α
2222 1426 2353 1479 qum
2377 1414 2596 1462 mutum
2623 1409 2779 1462 inter
2809 1424 2918 1462 nos
2941 1407 3372 1464 mdilicationis.
3400 1412 3480 1464 Ne
3501 1409 3618 1463 cibi
3640 1425 3818 1464 causa

2169 1519 2196 1547 ‹‹
2229 1497 2500 1552 destruas
2532 1514 2680 1568 opus
2699 1498 2821 1551 Dei.
2858 1498 3068 1552 Omnia
3089 1497 3330 1567 quidem
3357 1515 3526 1568 pura,
3553 1497 3657 1552 sed
3686 1514 3814 1552 ma-

2171 1608 2198 1636 «
2229 1587 2353 1642 lum
2387 1592 2476 1642 est
2518 1587 2741 1642 homini
2775 1586 2874 1657 qui
2898 1603 3003 1658 per
3058 1586 3481 1642 offendiculum
3535 1587 3812 1642 vescitur.

2167 1700 2193 1727 «ι
2225 1679 2448 1732 Bonum
2485 1680 2574 1730 est
2604 1693 2723 1731 non
2751 1675 2925 1731 edere
2976 1692 3204 1744 carnes,
3263 1691 3460 1746 neque
3489 1675 3691 1730 bibere
3722 1676 3815 1729 vi-

2165 1788 2194 1817 «
2228 1783 2393 1834 num,
2426 1782 2620 1836 neque
2653 1765 2957 1836 quidpiam
2998 1765 3190 1819 facere
3221 1765 3282 1818 in
3315 1781 3430 1834 quo
3460 1765 3644 1819 frater
3673 1769 3808 1818 tuus

2083 1882 2131 1944 Β
2174 1881 2198 1910 α
2220 1858 2496 1929 impingit
2514 1863 2616 1911 aut
2633 1856 2956 1911 offenditur
2976 1861 3078 1910 aut
3105 1855 3461 1944 inﬁrmatur.
3497 1880 3519 1907 ι

2239 1948 2383 2002 Cum
2413 1963 2547 2019 ergo
2579 1946 2705 2000 haec
2754 1946 2814 1999 in
2869 1945 3138 2000 confesso
3173 1945 3310 2009 sint,
3343 1943 3558 2014 inquit,
3619 1943 3812 2014 sitque

2167 2042 2470 2091 ostensum
2503 2037 2720 2092 bonam
2752 2052 2882 2090 esse
2913 2051 3142 2106 pacem,
3175 2034 3234 2088 in
3267 2033 3375 2088 hac
3405 2050 3515 2088 nos
3547 2049 3814 2088 exercea-

2165 2143 2318 2194 mus,
2333 2143 2440 2197 per
2458 2142 2635 2197 quam
2659 2126 2962 2198 continget
2981 2125 3160 2179 etiam
3183 2123 3452 2178 omnium
3474 2122 3810 2178 aediﬁcatio.

2165 2238 2191 2264 ‹‹
2219 2216 2298 2269 Ne
2329 2214 2444 2268 cibi
2471 2231 2666 2269 causa.
2694 2237 2721 2263 η
2754 2216 2879 2269 Non
2910 2213 3126 2280 solum,
3161 2213 3376 2283 inquit,
3401 2229 3519 2267 non
3552 2211 3811 2267 aediﬁcas

2164 2302 2304 2357 dum
2336 2308 2578 2374 propter
2603 2304 2765 2358 cibos
2788 2320 3022 2375 semper
3057 2319 3299 2358 accusas
3334 2319 3347 2356 :
3383 2301 3485 2357 sed
3542 2307 3601 2357 et
3633 2302 3812 2357 ﬁdem

2165 2407 2344 2460 quam
2377 2391 2557 2446 habet
2576 2391 2870 2459 dissolvis,
2900 2391 3328 2464 pervicaciores
3355 2391 3515 2463 ipsos
3542 2391 3811 2446 efﬁciens

2164 2495 2231 2534 ac
2264 2479 2526 2547 irritans,
2552 2480 2738 2535 donec
2761 2481 2999 2552 penitus
3029 2497 3063 2535 a
3085 2480 3200 2535 ﬁde
3227 2480 3580 2536 desciscant.
3605 2503 3631 2531 «
3653 2481 3811 2551 Opus

2164 2565 2287 2622 Dei.
2329 2593 2348 2616 -
2386 2575 2560 2635 Deus,
2594 2570 2809 2641 inquit,
2843 2587 2950 2642 per
2979 2570 3319 2642 passionem
3350 2570 3695 2637 mdiﬁcavit;
3747 2575 3812 2626 tu

2163 2673 2298 2712 vero
2315 2659 2500 2729 ipsius
2523 2658 2840 2714 aediﬁcium
2868 2665 3108 2731 propter
3128 2660 3327 2714 cibum
3352 2660 3809 2730 dissolvis.0pus

2162 2754 2358 2803 autem
2394 2748 2492 2802 Dei
2528 2755 2686 2804 vocat
2721 2749 3027 2803 hominum
3067 2749 3342 2804 salutem.
3375 2771 3402 2799 «
3436 2748 3649 2804 Omnia
3679 2748 3814 2818 qui—

2162 2835 2296 2891 dem
2328 2855 2492 2907 pura.
2525 2860 2552 2885 »
2587 2840 2665 2891 Ne
2697 2838 2883 2892 multa
2923 2838 3295 2908 correptione
3345 2837 3498 2891 facta
3528 2836 3810 2891 adversus

2163 2943 2264 2981 eos
2299 2927 2400 2996 qui
2432 2942 2646 2982 sanum
2705 2926 3342 2996 habebantjudicium,
3375 2925 3688 2980 conﬁrmet
3716 2925 3810 2979 in-

2162 3016 2399 3070 ﬁrmum
2419 3017 2490 3070 ad
2505 3017 2775 3071 ciborum
2806 3016 3300 3081 observationem,
3321 3016 3602 3087 deinceps
3627 3016 3806 3070 etiam

2159 3103 2231 3158 ad
2264 3104 2433 3159 illum
2465 3105 2638 3159 vertit
2669 3121 3026 3159 sermonem.
3075 3105 3284 3160 Omnia
3343 3104 3583 3175 quidem
3636 3121 3806 3176 pura,

2161 3194 2373 3264 inquit,
2410 3195 2511 3250 sed
2537 3195 2761 3250 malum
2785 3201 2873 3249 est
2895 3195 3121 3250 homini
3154 3195 3407 3266 quicum
3439 3195 3808 3252 conscientia

2160 3283 2302 3338 mali
2334 3285 2606 3340 vescitur.
2644 3306 2667 3336 α
2701 3285 2807 3350 Qui
2840 3301 2946 3356 per
2985 3285 3411 3340 oﬁendiculum
3467 3286 3743 3340 vescitur.
3775 3307 3803 3335 »

2159 3374 2390 3428 Etenim
2422 3375 2469 3428 si
2503 3380 2738 3429 coactus
2769 3375 2929 3439 edas,
2970 3374 3122 3429 nihil
3181 3375 3292 3428 hoc
3337 3374 3444 3428 tibi
3475 3374 3807 3445 profuerit:

2159 3464 2299 3534 quia
2331 3481 2466 3518 cum
2497 3464 2927 3536 dijudicatione
2958 3464 3152 3520 edisti.
3189 3466 3388 3534 Neque
3416 3463 3574 3518 enim
3609 3465 3805 3534 ipsum

2157 3552 2330 3608 edere
2363 3553 2546 3608 efﬁcit
2577 3559 2630 3608 te
2661 3571 2898 3625 purum,
2933 3553 3037 3608 sed
3070 3570 3218 3624 pura
3276 3570 3446 3608 mens
3477 3569 3595 3624 qua
3651 3551 3801 3608 edis.

2155 3665 2182 3691 ‹‹
2220 3643 2440 3698 Bonum
2473 3649 2564 3698 est
2591 3660 2712 3698 non
2743 3643 2918 3698 edere
2967 3660 3196 3698 carnes.
3225 3665 3246 3692 ι
3306 3644 3409 3697 Hic
3438 3659 3558 3696 non
3607 3642 3800 3697 solum

2153 3730 2434 3787 admonet
2478 3732 2716 3788 ﬁdelem
2749 3751 2822 3788 ne
2854 3733 3106 3805 graviter
3159 3733 3412 3787 lacessat
3467 3731 3796 3796 inﬁrmum,

2154 3839 2353 3878 verum
2385 3822 2564 3877 etiam
2589 3828 2655 3877 ut
2677 3823 2749 3878 ad
2783 3824 2974 3894 ipsum
3009 3839 3138 3877 sese
3168 3821 3476 3874 demittat:
3510 3826 3568 3872 et
3587 3835 3796 3874 carnes

2151 3927 2270 3966 non
2305 3912 2461 3978 edat,
2493 3929 2599 3966 nec
2639 3913 2840 3966 vinum
2899 3911 3081 3978 bibat,
3140 3913 3198 3962 et
3228 3909 3274 3962 si
3328 3907 3469 3978 quid
3501 3907 3662 3962 aliud
3692 3907 3795 3962 ob-

2152 4017 2382 4056 servare
2413 4006 2682 4072 oporteat
2702 4000 2776 4054 ob
2797 4000 2994 4053 fratris
3022 3997 3453 4052 salutem.Nam
3475 3998 3796 4052 maximam

2151 4089 2330 4143 habet
2393 4087 2919 4144 condescensionis
3009 4086 3383 4140 occasionem
3455 4087 3792 4142 inﬁrmitas.

2151 4200 2178 4227 «
2217 4180 2414 4248 Neque
2441 4177 2746 4248 quippiam
2795 4176 2989 4230 facere
3023 4175 3082 4229 in
3115 4191 3231 4246 quo
3260 4175 3442 4230 frater
3490 4181 3626 4229 tuus
3682 4175 3794 4228 im-

2150 4267 2354 4338 pingit.
2386 4289 2412 4314 »
2443 4267 2586 4321 Vide
2616 4265 2914 4336 quomodo
2950 4265 3009 4319 in
3041 4281 3314 4319 sermone
3348 4264 3483 4319 ﬁdei
3516 4281 3616 4318 eos
3641 4281 3798 4318 mor-

2150 4356 2287 4410 deat
2309 4357 2408 4426 qui
2433 4355 2546 4410 ﬁde
2570 4355 2941 4426 pusillisunt.
2972 4359 3031 4409 In
3055 4355 3258 4425 quavis
3279 4371 3340 4407 re
3366 4353 3499 4408 talis
3522 4354 3798 4425 impingit

2149 4444 2308 4516 quod
2339 4461 2628 4499 cmcorum
2660 4445 2966 4516 proprium
2999 4449 3091 4499 est
3120 4462 3135 4512 ;
3169 4444 3313 4498 39]
3345 4443 3667 4498 offenditur
3689 4459 3795 4497 au-

2148 4541 2268 4590 tem
2301 4534 2458 4606 quod
2489 4550 2692 4590 eorum
2723 4534 3031 4606 proprium
3064 4538 3153 4588 est
3181 4534 3279 4604 qui
3311 4533 3485 4587 facile
3512 4531 3795 4587 offensio-

2067 4607 2113 4671 Ῐ)
2145 4641 2284 4680 nem
2317 4625 2642 4696 patiuntur.
2683 4625 3045 4693 ‘Inﬁrmatur
3074 4639 3208 4677 vero
3245 4639 3256 4676 :
3319 4621 3478 4692 quod
3525 4620 3796 4676 imbecil—

2146 4713 2294 4768 lium
2327 4719 2418 4769 est
2447 4720 2504 4768 et
2531 4713 2646 4769 ﬁde
2677 4713 3052 4784 pusillorum.

2219 4805 2367 4871 XIV,
2401 4807 2469 4857 22
2504 4806 2592 4858 23.
2617 4822 2647 4855 ιι
2668 4805 2749 4858 Tu
2783 4803 2958 4857 ﬁdem
2981 4800 3163 4856 habes
3189 4817 3201 4853 :
3225 4799 3384 4871 apud
3411 4799 3791 4870 temetipsum

2148 4915 2176 4944 «
2211 4894 2360 4949 habe
2387 4911 2587 4950 coram
2619 4896 2756 4950 Deo.
2790 4895 3003 4948 Beatus
3029 4891 3129 4961 qui
3162 4908 3281 4945 non
3329 4889 3560 4962 judicat
3607 4905 3791 4945 seme«

2148 5005 2173 5032 (ι
2213 4983 2432 5054 tipsum
2465 4985 2526 5038 in
2558 5000 2624 5038 eo
2658 4981 2817 5052 quod
2848 4981 3077 5054 probat.
3111 4981 3217 5045 Qui
3251 4997 3383 5034 vero
3412 4979 3720 5051 dijudicat,
3742 4978 3792 5033 si

2146 5095 2172 5120 α
2208 5072 2418 5139 ederit,
2451 5071 2880 5127 condemnatus
2913 5075 3021 5135 est,
3057 5071 3195 5140 quia
3222 5086 3345 5124 non
3390 5084 3459 5124 ex
3499 5069 3613 5123 ﬁde
3647 5067 3786 5121 edit.

2146 5184 2173 5210 ‹‹
2198 5162 2378 5216 Porro
2411 5160 2702 5231 quidquid
2752 5177 2871 5214 non
2894 5176 2965 5214 ex
2998 5160 3112 5214 ﬁde
3135 5164 3244 5225 est,
3277 5162 3584 5230 peccatum
3614 5161 3721 5211 est.
3757 5178 3784 5205 ››

2215 5253 2414 5308 Fidem
2439 5254 2536 5308 hic
2567 5253 2795 5308 dicitde
2813 5254 3044 5323 hisquze
3063 5252 3368 5324 prmmissa
3389 5257 3546 5318 sunt,
3571 5266 3783 5320 nempe

2143 5343 2213 5396 de
2245 5343 2426 5397 cibis:
2455 5343 2935 5413 quandoquidem
2967 5359 3097 5397 eam
3111 5358 3243 5412 quze
3265 5341 3338 5395 de
3369 5339 3782 5412 dogmatisest,

2139 5433 2316 5488 debet
2336 5434 2586 5505 quisque
2609 5449 2807 5489 coram
2825 5432 3101 5486 omnibus
3124 5431 3406 5502 proﬁteri.
3431 5432 3572 5485 Nam
3597 5453 3623 5480 «
3654 5429 3785 5485 Om-

2140 5523 2254 5591 nis,
2296 5523 2508 5593 inquit,
2544 5523 2643 5593 qui
2677 5522 2982 5577 conl‘essus
3010 5521 3190 5576 fuerit
3218 5521 3278 5574 in
3309 5536 3401 5573 me
3435 5535 3633 5574 coram
3673 5519 3780 5572 ho-

2136 5611 2398 5666 minibus
2418 5611 2485 5682 56,
2521 5633 2550 5662 »
2581 5618 2643 5667 et
2671 5618 2902 5667 caetera.
2939 5612 3043 5665 Hic
3098 5616 3295 5664 autem
3350 5609 3616 5663 insinuat
3644 5621 3780 5661 eum
