4198 6200
356 381 471 445 605

1440 381 1849 444 COMMENT.
1897 383 1976 448 IN
2023 380 2278 444 EPIST.
2322 382 2426 443 AD
2470 383 2654 444 BOM.

3657 375 3776 438 606

357 513 629 590 εὔχεσθαι,
681 515 710 568 6'
762 514 851 572 καὶ
911 514 1137 578 ἐνταῦθα
1192 518 1361 584 ποιεῖ,
1421 513 1553 589 ύπὶρ
1582 518 1690 570 τῶν
1724 512 2003 572 ὰτελεστέο

2131 531 2268 574 nem
2300 531 2536 588 semper
2564 514 2791 588 precari
2826 514 2999 584 solet,
3056 512 3214 583 quod
3273 512 3451 570 etiam
3507 512 3566 568 id
3612 503 3776 570 facit'

361 627 467 681 ρων
501 605 833 680 εὐχόμενος,
886 603 980 660 καὶ
1036 605 1098 658 06
1155 603 1318 677 μόνον
1363 602 1518 680 λόγῳ
1551 601 1848 673 παιδεύων,
1879 604 2022 660 ἀλλὰ

360 697 446 751 καὶ
478 697 581 765 τήν
615 694 762 770 παρὰ
821 698 955 749 Θεοῦ
1015 693 1334 768 συμμαχίαν
1396 693 1643 769 εἰσάγων.
1676 695 1737 751 Ὶί
1790 691 1846 749 δὲ
1889 694 2020 751 ἀκο-

361 783 555 840 λουθία
584 790 684 851 τῆς
717 782 1013 852 συντάξεως
1043 779 1250 838 τοιάδε⁶
1289 807 1316 832 ‹‹
1349 781 1442 854 Τῷ
1474 780 1530 836 δὲ
1572 780 1846 855 δυναμένῳ
1881 785 2020 856 ὑμᾶς

362 873 610 947 στηρίξαι
644 869 735 927 διὰ
766 873 948 942 Ἰησοῦ
978 872 1236 943 Χριστοῦ,
1285 873 1320 940 ἡ
1373 867 1503 942 δόξα
1533 871 1610 934 είς
1639 870 1766 932 106:.
1796 872 2018 942 αἰῶνας,

358 964 565 1034 Ἀμήν,
599 985 627 1014 ιι
657 961 737 1018 Τὸ
765 960 890 1035 γὰρ,
925 960 992 1032 ᾦ,
1027 957 1242 1035 ἄρθρον,
1301 957 1360 1014 ἐκ
1415 963 1674 1034 περισσοῦ
1704 967 1895 1027 κεῖται,
1932 958 2020 1017 διὰ

356 1051 419 1105 τὸ
452 1047 660 1113 δεῖσθαι
693 1048 784 1104 τὸν
845 1047 1011 1124 λόγον
1074 1046 1490 1122 ἐπαναλήψεως,
1523 1047 1898 1124 παραληφθὲν.
1929 1053 2017 1120 Τῷ

355 1136 638 1212 δυναμένῳ
673 1138 816 1210 ὑμᾶς
847 1136 974 1198 τοὺς
1028 1136 1264 1207 ἀτελεῖς,
1295 1138 1422 1200 τοὺς
1454 1135 1851 1210 σαλευομένους
1884 1159 2017 1208 στησ-

355 1227 522 1302 ρίξαι.
556 1231 678 1287 Πῶς
704 1248 720 1295 ;
756 1253 775 1275 ι
813 1226 960 1284 Κατὰ
983 1226 1067 1291 τὸ,
1097 1225 1442 1302 Εὐαγγέλιόν
1479 1248 1583 1300 μου
1609 1246 1622 1295 ;
1659 1251 1686 1280 ››
1716 1225 2012 1287 τουτέστιν.

355 1319 468 1374 ἰνα
498 1315 769 1391 κατέχητε
797 1315 826 1369 ἃ
857 1312 1116 1371 διδάσκω.
1152 1317 1231 1372 Τὸ
1280 1313 1358 1385 δὲ,
1393 1342 1418 1367 α
1453 1315 1789 1390 Εὖαγγέλιόν
1823 1338 1950 1389 μου,
1986 1340 2014 1368 ››

353 1405 466 1474 καὶ,
493 1429 520 1457 ‹‹
543 1409 642 1459 τοῦ
674 1405 908 1479 Χριστοῦ
936 1405 997 1460 τὸ
1025 1406 1306 1480 κήρυγμα,
1332 1428 1358 1458 ››
1391 1401 1608 1462 ἓνείσιν.
1635 1405 1754 1480 Οὐχ
1773 1407 2014 1479 ἡμέτερα

357 1495 460 1569 γὰρ
501 1495 568 1549 τὰ
599 1492 870 1569 δόγματα,
903 1491 1028 1550 ἀλλ’
1082 1494 1286 1548 ἐκείνου
1319 1495 1369 1548 οἱ
1409 1495 1594 1566 νόμοι.
1630 1519 1658 1547 u
1695 1493 1843 1550 Κατὰ
1874 1494 2013 1549 απο-

356 1583 591 1656 κάλυψιν
656 1583 964 1656 μυστηρίου
1023 1607 1050 1635 υ
1110 1581 1384 1656 Μεγίστης
1437 1589 1606 1655 τιμῆς
1667 1582 2012 1656 σημεῖον,τὸ

361 1671 676 1746 μυστηρίων
738 1673 885 1744 ἡμᾶς
972 1671 1218 1745 γενέσθαι
1301 1671 1621 1739 κοινωνοὺς,
1691 1671 2013 1747 πράγματος

356 1763 528 1818 πάλαι
565 1762 660 1834 μὲν
693 1760 1136 1836 προωρισμένου,
1166 1762 1423 1838 φανέντος
1459 1759 1514 1816 δὲ
1540 1766 1631 1816 νῦν
1663 1759 1752 1818 διὰ
1784 1763 2009 1836 Ιιραφῶν

358 1855 716 1931 προφητικῶν
728 1893 740 1907 .

426 1943 589 1994 "om
647 1939 698 1994 τί
755 1933 899 2017 φοϐῇ
962 1937 1023 1992 σὺ
1078 1939 1105 1994 6
1169 1939 1416 2009 ἀσθενὴς,
1479 1940 1556 2012 μή
1614 1937 1858 2012 ἀποστῇς
1916 1942 2014 1993 τοῦ

353 2029 550 2102 νόμου,
585 2027 778 2092 ἐσθίων
810 2027 876 2082 τα
925 2028 1156 2105 χοίριας
1192 2024 1332 2085 ’ἰδοὺ
1382 2029 1486 2104 γὰρ
1531 2029 1585 2082 αἱ
1617 2028 1822 2104 Γραφαὶ
1852 2033 2016 2084 πᾶσαι

353 2123 517 2174 τοῦτο
561 2118 623 2174 τὸ
676 2118 974 2190 μυστήριον
1008 2114 1362 2192 κηρύττουσι,
1419 2117 1482 2172 τὸ
1533 2119 1633 2185 τήν
1695 2115 2014 2196 ἀδιαφορίαν

354 2213 470 2263 τῶκ
503 2206 814 2282 βρωμάτων
847 2203 1082 2282 είσσὶγον.
1117 2204 1292 2263 Ἀλλὰ
1344 2207 1435 2262 καὶ
1486 2209 1600 2260 κατ’
1633 2205 1892 2281 ἐπιταγὴν
1923 2209 2018 2261 τοῦ

356 2295 581 2351 αἰωνίου
613 2299 749 2350 Θεοῦ
780 2293 944 2351 ἐστιν.
1006 2292 1243 2363 Οὐκοῦν,
1301 2293 1361 2349 o6
1423 2291 1505 2349 δεῖ
1564 2299 1679 2366 Θεῷ
1709 2295 2016 2353 ἀντιτάττε-

359 2397 502 2455 σθαι,
563 2383 712 2441 ἀλλὰ
769 2382 1036 2439 πιστεύειν
1097 2382 1186 2438 καὶ
1249 2383 1560 2441 ὑπακούειν.
1613 2385 1885 2454 Ὑπακοῆς
1913 2383 2016 2459 γὰρ

365 2477 402 2544 ἡ
460 2475 640 2535 πίστις
701 2471 894 2540 δεῖται,
957 2473 1020 2528 o6
1084 2471 1633 2550 φιλοπραγμοσύνης.
1695 2472 1873 2530 Ἀλλᾶ
1928 2472 2017 2529 καὶ

375 2563 630 2619 πάντατὰ
659 2560 786 2633 ἔθνη
838 2562 983 2618 οὕτω
1040 2562 1301 2619 πιστεύει.
1361 2568 1497 2618 Ηᾶσι
1555 2563 1658 2638 γὰρ
1691 2561 2016 2638 ἐγνωρίσθη.

368 2655 493 2714 HJ);
519 2651 608 2706 οὗν
635 2651 799 2714 αὐτὸς
824 2648 902 2707 ἔτι
923 2656 1000 2724 τῷ
1021 2653 1176 2726 νόμῳ
1199 2648 1514 2722 δουλεύεις;
1540 2677 1567 2703 ‹‹
1595 2652 1762 2725 Μόνῳ
1789 2651 1846 2707 δε
1868 2657 2018 2734 σοφῷ

359 2745 501 2813 Θεῷ,
536 2764 564 2794 υ
598 2740 733 2809 εἷπε,
783 2742 922 2817 πρὸς
953 2737 1373 2810 ἀντιδιαστολήν
1431 2738 1676 2819 ἀγγέλων
1709 2741 1798 2796 καί
1830 2744 2016 2814 ἡμῶν,

358 2829 398 2902 ἤ
427 2835 535 2887 τῶν
598 2828 966 2904 ψευδωνύμων
1002 2835 1159 2898 θεῶν,
1220 2830 1282 2884 ού
1340 2834 1434 2888 τοῦ
1495 2832 1622 2888 ι’ίοῦ
1653 2829 1688 2901 ἢ
1717 2831 1815 2888 τοῦ
1849 2834 2015 2892 Πνεύ-

365 2941 554 2995 ματος.
586 2921 834 2997 Ἀπαγεί
897 2921 956 2977 Ὁ
1015 2921 1139 2982 Υἱὸς
1182 2920 1284 2997 γάρ
1330 2918 1472 2976 ἐστιν
1522 2922 1557 2990 ἠ
1589 2921 1749 3000 σοφία
1777 2925 1873 2976 τοῦ
1905 2927 2017 2978 Πα-

359 3011 510 3085 τρός.
546 3009 713 3082 Δί)τῷ
753 3009 842 3064 οὖν
904 3010 938 3079 ἡ
1001 3007 1127 3078 δόξα
1178 3013 1258 3081 τῷ
1315 3009 1679 3086 φανερώσαντι
1709 3011 1771 3066 τὸ
1807 3013 2013 3084 μυστή-

358 3119 502 3174 ριον,
536 3097 597 3155 ού
653 3102 734 3170 τῷ
787 3098 942 3170 νόμῳ
1001 3099 1047 3170 ᾧ
1103 3094 1483 3171 προσεδρεύεις
1529 3095 1607 3154 ἔτι
1654 3097 1738 3168 σὺ,
1771 3119 2016 3174 παρατη-

354 3188 631 3264 ρούμενος
661 3187 726 3242 τὰ
764 3187 1046 3264 βρώματα.
1083 3187 1158 3243 Τὸ
1193 3183 1268 3256 δὲ,
1303 3211 1330 3240 ‹‹
1369 3185 1467 3244 Διᾶ
1499 3188 1678 3257 Ἰησοῦ
1709 3191 2007 3262 Χριστοῦ,››

355 3276 574 3334 δύναται
637 3278 753 3351 μέν,
830 3277 903 3339 ὡς
992 3276 1244 3352 ἀνωτέρω
1329 3274 1564 3348 εἷ’ρηται,
1651 3280 2009 3354 συνταχθῆναι

354 3371 459 3442 τῷ,
492 3392 520 3422 ι(
555 3363 846 3441 Δυναμένῳ
881 3367 1018 3439 ὑμᾶς
1065 3366 1310 3441 στηρίξαι
1361 3362 1449 3422 διὰ
1478 3367 1659 3435 Ἰησοῦ
1690 3372 1957 3444 Χριστοῦ,
1993 3391 2012 3418 ο

354 3457 528 3522 Λύτὸς
572 3456 673 3532 γὰρ
729 3453 988 3530 ἐγνώρισε
1047 3455 1110 3510 τὸ
1174 3455 1478 3528 μυστήριον
1537 3460 1653 3517 τοῖς
1709 3453 1929 3524 ἔθνεσιν,
1992 3455 2019 3512 ὁ

353 3566 486 3608 τους
523 3545 767 3618 μαθητὰς
831 3541 1160 3605 ἀποστείλας
1222 3543 1296 3606 εἷς
1358 3543 1421 3600 τὸ
1481 3548 1814 3616 μαθητεῦσαι
1848 3545 2022 3601 πάντα

361 3634 430 3690 τὰ
489 3631 636 3704 ἔθνη.
695 3633 770 3688 Τὸ
831 3629 908 3703 δὲ,
969 3633 1036 3705 ᾧ,
1096 3632 1374 3705 περισσόν.
1429 3632 1597 3688 «Καὶ
1655 3631 1717 3688 τι)
1766 3636 2022 3710 κηρυγμα

360 3723 545 3794 Ἰησοῦ
578 3723 835 3798 Χριστοῦ.
871 3744 896 3771 λ)
965 3755 1029 3763 -—
1090 3724 1295 3796 [ΦΩΤ.]
1351 3721 1411 3776 Τί
1442 3718 1498 3777 δέ
1529 3719 1642 3776 ἐστι
1672 3723 1734 3776 τὸ
1763 3725 2022 3799 κήρυγμα

364 3814 461 3866 τοῦ
492 3813 708 3882 Ἰησοῦ;
775 3833 797 3864 ι
833 3811 942 3866 Ἵνα
999 3810 1308 3884 γινώσκουσί
1368 3831 1443 3879 σε,
1504 3809 1662 3889 φησὶ,
1711 3810 1799 3864 καὶ
1831 3811 1888 3867 δν
1917 3812 2024 3867 ἀπ-

367 3897 611 3959 έστειλας
655 3899 884 3969 Ἰησοῦν.
921 3921 946 3947 υ
976 3929 1044 3939 -
1077 3921 1104 3949 ‹‹
1136 3898 1197 3955 Ὃ
1251 3897 1509 3971 ἑωρακὼς
1544 3896 1664 3971 ἐμὲ,
1697 3898 1903 3974 ἑώρακε
1930 3902 2020 3956 τὸν

371 3987 584 4060 Πατέρα
639 4011 666 4037 ››
697 4018 761 4028 -—-
793 4009 818 4036 ι(
856 3985 999 4062 Ἐγὼ
1032 3985 1119 4040 καὶ
1161 3985 1189 4039 6
1242 3988 1426 4061 Ηατήρ
1457 3985 1512 4040 ’ὲν
1540 3985 1721 4060 ἐσμεν.
1758 4013 1785 4039 ››
1820 3988 1916 4042 Καὶ
1950 3988 2025 4051 ὠς

370 4076 397 4130 6
460 4078 658 4149 Πέτρος
717 4075 900 4151 φησὶν,
961 4074 1042 4130 ὃτι
1103 4073 1262 4136 αὐτός
1313 4072 1460 4129 ἐστιν
1495 4075 1523 4129 6
1557 4076 1678 4139 Υἱὸς
1736 4081 1832 4131 τοῦ
1892 4077 2024 4132 Θεοῦ

371 4167 469 4218 τοῦ
523 4167 741 4234 ςῶντος,
807 4163 908 4218 Καὶ
964 4163 1046 4217 ὅτι
1101 4163 1199 4230 τὴν
1248 4161 1422 4239 κρίσιν
1471 4167 1642 4218 πᾶσαν
1673 4165 1700 4218 ὁ
1731 4165 1855 4230 Υἱὸς
1884 4159 2024 4244 ἔχει.

375 4253 500 4322 Καὶ,
535 4277 561 4303 ‹‹
598 4249 949 4327 Πορευθέντες
1017 4249 1386 4326 μαθητεύσατε
1444 4254 1618 4307 πάντα
1645 4253 1711 4307 τὰ
1741 4247 1891 4324 ἔθνη,
1927 4255 2029 4327 βα-

373 4345 653 4413 πτίζοντες
685 4342 878 4408 αὐτοὺς
937 4342 1013 4409 εἰς
1065 4343 1127 4397 τὸ
1184 4338 1360 4414 ὄνομα
1414 4346 1511 4397 τοῦ
1555 4343 1780 4417 Πατρὸς,
1812 4344 2028 4398 καὶτοῦ

377 4433 523 4503 ι’ἱοῦ,
579 4431 668 4486 καὶ
727 4435 824 4487 τοῦ
886 4433 1043 4508 ἁγίου
1105 4430 1442 4502 Πνεύματος,
1482 4455 1501 4479 ι
1565 4429 1655 4484 καί
1712 4433 1777 4485 τὰ
1835 4432 2026 4505 ὃμοια.

376 4547 403 4575 σι
437 4523 535 4575 Καί
587 4521 650 4576 τὸ
707 4523 963 4595 κήρυγμα
1019 4521 1201 4591 Ἰησοῦ
1263 4522 1522 4594 Χριστοῦ,
1561 4543 1588 4570 ››
1624 4519 1721 4583 Τίς
1782 4518 1839 4575 δέ
1891 4519 2030 4576 ἐστιν

374 4611 532 4674 οὗτος
563 4611 590 4664 6
622 4611 832 4680 Ἰησοῦς
864 4608 1096 4683 Χριστός
1132 4630 1146 4679 ς
1178 4610 1237 4666 '0
1268 4607 1316 4680 ἐξ
1377 4607 1557 4684 ἀρχῆς
1611 4610 1704 4682 μὲν
1759 4609 1926 4665 συνὼν
1951 4616 2028 4685 τῷ

379 4699 569 4774 Πατρῖ,
602 4699 928 4778 φανερωθεὶς
961 4696 1062 4772 [δέ]
1103 4702 1212 4754 νῦν.
1277 4700 1397 4758 Πῶς
1430 4695 1486 4753 δὲ
1517 4699 1882 4778 φανερωθεῖςς
1916 4703 2027 4757 Τοῦ

381 4787 706 4863 μυστηρίου,
738 4787 923 4866 φησὶν,
972 4784 1470 4865 ἇποκαλυιρθέντος.
1530 4791 1620 4844 Ἐν
1676 4789 1899 4867 χρόνοις
1927 4790 2026 4864 γὰρ

374 4875 619 4940 αἰωνίοις
650 4879 809 4932 τοῦτο
841 4875 1202 4951 σεσιγημένου
1261 4877 1500 4951 ὑπῆρχε,
1567 4878 1716 4950 μόνῳ
1746 4883 1825 4952 τῷ
1858 4878 2027 4954 Πατρὶ

373 4964 461 5019 καὶ
488 4969 568 5038 τῷ
597 4966 706 5037 fit}:
745 4965 832 5019 καὶ
891 4969 968 5038 τῷ
1022 4965 1296 5036 Ιῐνεύματι
1353 4965 1771 5040 γινωσκόμενοψ
1828 4971 1918 5021 νῦν
1950 4963 2026 5037 δὲ,

371 5057 468 5108 τοῦ
503 5052 808 5128 μυστηρίου
866 5047 1372 5133 ἀποκαλυφθέντος,
1435 5053 1510 5116 εἷς
1571 5055 1742 5108 πάντα
1793 5055 1858 5109 τὰ
1902 5050 2026 5127 ἔθνη

373 5140 688 5219 ἐφανερώθη
743 5142 770 5197 6
802 5142 1065 5216 Χριστὸς,
1126 5141 1249 5202 Υἱὸς
1306 5139 1380 5195 ὥν
1412 5145 1509 5196 τοῦ
1563 5146 1696 5196 Θεοῦ
1751 5142 1840 5197 καὶ
1899 5145 2027 5200 Θεὸς

385 5231 700 5304 ὁμοούσιος.
753 5228 930 5286 Ἀλλὰ
987 5235 1104 5292 πῶς
1158 5228 1508 5310 ἐφανερώθης
1554 5231 1649 5286 Διά
1675 5237 1782 5287 τῶν
1813 5253 2028 5311 προφη-

382 5323 515 5385 τῶν,
574 5316 662 5373 διὰ
720 5324 826 5373 τῶν
886 5321 1112 5393 Γραφῶν
1173 5318 1374 5373 αὐτῶν.
1408 5319 1506 5374 Καὶ
1536 5319 1696 5385 πόθεν
1727 5321 1876 5377 οὗτοι
1909 5321 2033 5377 ἐλά-

377 5407 552 5478 λησαν
611 5406 701 5462 καὶ
761 5402 1033 5483 ἔγραψαν;
1092 5409 1510 5470 Ἐπιτάττοντος
1561 5408 1651 5463 καὶ
1705 5407 2029 5485 ἐμπνέοντος

376 5495 567 5558 αὐτοῖς
598 5501 696 5552 τοῦ
753 5499 1023 5574 παναγίου
1089 5497 1425 5571 ῙῙνεύματος·
1485 5502 1647 5554 τοῦτο
1679 5498 1780 5579 γὰρ
1811 5499 2031 5554 αἰώνιον

448 5625 491 5664 ⁸⁷
520 5625 688 5680 Joan.
722 5640 860 5694 xvii,
895 5627 946 5679 3.
1070 5623 1117 5658 δ’
1146 5625 1309 5679 Joan.
1343 5640 1453 5690 xxv,
1487 5626 1540 5678 9.

376 5729 578 5780 nun,
615 5714 701 5780 19,
733 5715 822 5768 20.

1670 5623 1720 5659 5°
1750 5627 1916 5682 Joan.
1948 5643 2009 5694 ι,
2042 5627 2131 5682 30.

2134 620 2311 659 orans
2342 622 2445 675 pro
2478 603 3052 675 imperfectioribus:
3089 619 3207 659 non
3240 601 3431 658 solum
3477 602 3652 659 verbo
3684 604 3778 659 in-

2133 698 2390 759 struens,
2423 693 2527 748 sed
2559 693 2736 748 etiam
2769 692 3053 748 auxilium
3079 707 3113 746 a
3141 692 3260 746 Deo
3293 691 3568 746 afferens.
3620 692 3776 747 Con-

2132 782 2444 852 sequentia
2464 787 2663 838 antem
2681 780 3296 838 coordinationistalis
3314 784 3405 834 est
3441 802 3467 830 ιι
3487 779 3549 835 Εἰ
3578 784 3777 837 autem

2131 871 2230 941 qui
2265 877 2474 942 potens
2497 877 2588 926 est
2615 888 2715 927 vos
2745 873 3097 926 conﬁrmare
3121 885 3224 941 per
3251 870 3450 924 Jesum
3479 869 3777 926 Christum

2128 958 2319 1030 gloria
2350 960 2408 1014 in
2442 976 2679 1025 saecu,a.
2715 964 2920 1015 Amen.
2960 981 2984 1008 υ
3015 965 3047 1011 Λ
3061 957 3309 1014 rticulus
3327 974 3460 1014 vero
3481 957 3548 1029 ᾧ,
3573 957 3633 1014 id
3664 963 3774 1024 est,

2128 1049 2246 1116 cui,
2280 1048 2578 1119 superﬂue
2610 1049 2794 1120 ponit,
2829 1048 2958 1103 ideo
3011 1053 3371 1120 assumptus,
3421 1046 3579 1116 quod
3627 1063 3773 1119 opus

2128 1143 2284 1192 esset
2308 1137 2788 1209 repetitiones.Ei
2808 1138 2908 1210 qui
2934 1142 3142 1210 potens
3169 1141 3368 1191 estvos
3393 1136 3770 1208 imperfectos

2126 1232 2183 1281 et
2207 1226 2550 1282 vacillantes
2573 1228 2941 1286 confirmare.
2972 1225 3316 1292 Quomodo?
3340 1226 3559 1282 «Juxta
3584 1225 3774 1280 Evan—

2123 1315 2341 1388 gelium
2358 1333 2576 1373 meum.
2588 1318 2738 1372 »Hoc
2753 1323 2932 1384 est,ut
2944 1317 3036 1372 his
3051 1333 3182 1387 qua:
3197 1315 3379 1371 doceo
3395 1313 3769 1370 adhaereatis.

2121 1402 2326 1457 Porro.
2365 1424 2386 1455 ιι
2423 1405 2612 1458 Meum
2645 1403 3042 1476 Evangelium,
3078 1426 3105 1454 .›
3138 1411 3214 1468 et,
3257 1427 3275 1451 ι
3314 1402 3528 1458 Christi
3557 1400 3778 1475 prmdi-

2123 1489 2296 1554 catio,
2326 1512 2351 1536 υ
2380 1507 2564 1546 unum
2585 1497 2741 1546 sunt.
2767 1493 2890 1547 Non
2915 1492 3074 1548 enim
3099 1497 3302 1545 nostra
3320 1496 3458 1546 sunt
3477 1490 3773 1562 dogmata,

2126 1579 2229 1636 sed
2262 1579 2448 1651 ipsius
2478 1580 2658 1652 leges.
2723 1603 2749 1632 ι(
2783 1579 3120 1635 Secundum
3180 1579 3603 1635 revelationem
3654 1593 3777 1649 my-

2125 1667 2308 1722 sterii.
2337 1688 2363 1716 ››
2391 1668 2578 1740 Magni
2603 1669 2840 1740 signum
2872 1667 3114 1724 honoris
3146 1666 3304 1737 quod
3339 1665 3607 1738 mysterii
3642 1665 3746 1722 siti

2121 1752 2259 1810 facti
2284 1755 2635 1825 participes:
2661 1755 2745 1810 rei
2764 1755 2906 1812 olim
2934 1755 3172 1828 quidem
3193 1754 3772 1825 prmdeﬁnitm,nunc

2127 1859 2263 1898 vero
2295 1860 2401 1916 per
2431 1844 2760 1915 Scripturas
2793 1845 3172 1916 propheticas
3199 1843 3559 1916 apparentis.

2201 1932 2354 1988 893
2387 1933 2537 2000 Quid
2567 1933 2764 2006 itaque
2799 1934 2972 1990 times
2998 1939 3080 2000 tu,
3108 1930 3446 1999 imbecillis,
3494 1946 3591 1997 ne,
3651 1946 3785 2004 por-

2121 2021 2286 2076 cinas
2319 2038 2527 2077 carnes
2559 2022 2761 2092 edens,
2796 2040 2830 2079 a
2861 2023 2987 2096 lege
3037 2019 3307 2077 discedas
3338 2019 3365 2074 ?
3420 2019 3564 2076 Ecce
3615 2019 3778 2076 enim

2123 2110 2438 2182 Scripturas
2471 2127 2678 2167 omnes
2709 2112 3036 2186 praedicant
3086 2111 3196 2165 hoc
3239 2109 3589 2182 mysterium
3623 2109 3780 2181 quod

2125 2202 2393 2260 ciborum
2419 2202 2881 2260 indifferentiam
2903 2202 3153 2270 inducit,
3179 2207 3236 2257 et
3267 2199 3594 2257 secundum
3627 2217 3782 2272 pras-

2125 2297 2364 2363 ceptum
2395 2291 2603 2348 aeterni
2629 2291 2750 2347 Dei.
2777 2293 2903 2348 Non
2927 2307 3062 2365 ergo
3095 2291 3213 2349 Deo
3236 2305 3566 2362 repugnare
3598 2305 3778 2360 opor-

2125 2385 2227 2446 tet,
2265 2380 2368 2435 sed
2401 2379 2643 2436 credere
2677 2396 2744 2435 ac
2776 2380 3052 2436 obedire:
3087 2396 3225 2436 nam
3260 2377 3410 2436 ﬁdes
3427 2394 3548 2434 non
3581 2377 3780 2433 curio-

2130 2470 2326 2538 sitate,
2356 2467 2460 2523 sed
2491 2467 2831 2524 obedientia
2863 2469 3106 2541 indiget.
3143 2468 3293 2534 Quin
3327 2471 3385 2521 et
3413 2472 3618 2540 gentes
3655 2482 3785 2522 om-

2130 2575 2238 2613 nes
2261 2558 2343 2613 ita
2362 2555 2642 2614 credunt:
2667 2557 2945 2614 omnibus
2967 2557 3126 2612 enim
3154 2555 3415 2614 innotuit
3440 2573 3451 2610 :
3483 2554 3778 2626 quomodo

2125 2663 2260 2719 ergo
2276 2646 2478 2717 tuipse
2495 2645 2688 2702 adhuc
2709 2645 2820 2719 legi
2850 2645 3070 2702 servis?
3092 2649 3293 2712 Porro,
3318 2669 3344 2695 ιι
3371 2645 3489 2700 Soli
3525 2643 3776 2715 sapienti

2123 2737 2262 2804 Deo,
2301 2758 2320 2784 ι
2349 2734 2516 2802 dixit,
2552 2734 2625 2789 ad
2645 2733 3090 2790 distinctionem
3113 2734 3460 2805 angelorum
3487 2737 3544 2787 et
3565 2732 3772 2798 nostri,

2121 2830 2224 2880 aut
2252 2823 2401 2879 falso
2435 2823 2878 2879 nominatorum
2910 2823 3178 2891 deorum,
3212 2839 3332 2878 non
3364 2821 3493 2878 Filii
3517 2824 3617 2874 aut
3647 2819 3770 2891 Spi-

2119 2915 2270 2969 ritus
2303 2915 2511 2971 sancti.
2533 2913 2701 2969 Absit
2725 2912 2737 2967 !
2765 2914 2909 2970 Nam
2932 2913 3112 2967 Filius
3132 2912 3425 2984 sapientia
3445 2910 3634 2965 Patris
3657 2915 3766 2967 esti

2119 3003 2236 3076 Ipsi
2270 3020 2406 3076 ergo
2438 3002 2626 3075 gloria
2655 3002 2756 3075 qui
2790 3002 3136 3074 mysterium
3193 3001 3613 3067 manifestavit,
3648 3016 3768 3055 non

2122 3095 2233 3167 legi
2265 3095 2358 3150 cui
2391 3094 2583 3151 adhuc
2613 3094 2903 3162 adhaeres,
2938 3093 3100 3148 cibos
3125 3094 3462 3152 observans.
3489 3092 3653 3159 Quod
3673 3109 3773 3148 au-

2123 3191 2242 3242 tem
2277 3186 2477 3242 addit:
2509 3214 2532 3238 ιι
2566 3187 2676 3243 Per
2700 3187 2902 3242 Jesum
2933 3185 3231 3242 Christum
3267 3209 3317 3253 ν,
3348 3192 3561 3258 potest,
3613 3184 3774 3241 velut

2126 3280 2301 3332 antea
2331 3275 2555 3332 dictum
2587 3280 2696 3346 est,
2728 3275 3009 3348 conjungi
3068 3276 3446 3348 prmcedenti.
3499 3298 3526 3327 «
3557 3277 3622 3330 Ei
3671 3275 3771 3346 qui

2125 3369 2337 3436 potens
2369 3370 2459 3420 est
2488 3381 2590 3421 vos
2623 3365 2978 3420 conﬁrmare
3011 3382 3116 3436 per
3143 3366 3340 3422 Jesum
3390 3367 3709 3422 Christum.
3745 3387 3771 3414 »

2125 3453 2256 3526 Ipse
2280 3453 2439 3510 enim
2471 3453 2824 3526 mysterium
2864 3453 3140 3526 gentibus
3200 3455 3617 3521 manifestavit,
3672 3455 3771 3526 qui

2128 3541 2451 3614 discipulos
2483 3542 2679 3600 emisit
2712 3542 2784 3597 ad
2817 3543 3150 3599 docendum
3183 3560 3389 3600 omnes
3420 3549 3776 3618 gentes.’Ar-

2129 3630 2344 3687 ticulus
2377 3648 2510 3688 vero
2541 3631 2609 3702 ᾦ,
2635 3631 2695 3686 id
2726 3637 2835 3700 est,
2892 3655 2913 3677 ‹‹
2949 3633 3064 3701 cui,
3099 3653 3122 3678 υ
3157 3634 3493 3706 superﬂuus
3539 3639 3646 3690 est.
3706 3664 3776 3674 —

2130 3743 2154 3770 ιι
2193 3722 2263 3774 Et
2293 3719 2576 3793 κήρυγμα,
2606 3721 2666 3776 id
2697 3725 2788 3776 est
2817 3722 3181 3793 prmconium
3249 3740 3354 3779 seu
3401 3722 3774 3794 praedicatio-

2132 3826 2293 3876 nem,
2320 3811 2456 3865 Jesu
2487 3809 2723 3866 Christi.
2759 3834 2781 3863 ι
2819 3811 2968 3877 Quid
3025 3817 3113 3868 est
3159 3817 3356 3867 autem
3413 3809 3775 3881 prmconium

2129 3901 2268 3954 Jesu
2302 3899 2330 3954 ?
2366 3919 2388 3949 ι
2425 3899 2498 3954 Ut
2525 3906 2899 3972 cognoscant,
2933 3900 3149 3970 inquit,
3183 3904 3236 3953 te
3268 3905 3325 3953 et
3355 3915 3530 3969 quem
3561 3897 3778 3953 misisti

2130 3989 2330 4043 Iesum
2361 3987 2661 4043 Christum
2687 3987 2754 4053 ⁵⁷,
2783 4010 2809 4038 ››
2847 4019 2911 4028 -
2938 4011 2964 4038 ‹‹
3001 3987 3107 4054 Qui
3130 3987 3411 4054 viditme,
3444 3986 3588 4042 vidit
3610 3989 3782 4043 etPa—

2133 4083 2283 4134 trem
2321 4073 2386 4132 ⁸⁸.
2419 4097 2448 4126 ››
2482 4106 2551 4118 -
2600 4097 2627 4126 ‹‹
2661 4078 2776 4148 Ego
2831 4082 2888 4130 et
2943 4078 3116 4131 Pater
3171 4093 3356 4133 unum
3417 4093 3621 4133 sumus
3650 4077 3713 4132 δ’.
3750 4100 3773 4132 ι

2130 4168 2199 4221 Et
2227 4166 2380 4222 sicut
2409 4165 2492 4220 ait
2523 4167 2750 4232 Petrus,
2801 4165 2958 4236 quod
3012 4166 3137 4238 ipse
3179 4167 3256 4222 sit
3299 4167 3480 4223 Filius
3529 4168 3629 4223 ille
3678 4166 3782 4222 Dei

2133 4254 2380 4308 viventis
2401 4253 2468 4306 ⁶⁰.
2493 4255 2562 4308 Et
2581 4253 3045 4324 quodjudicium
3069 4272 3242 4312 omne
3260 4256 3440 4311 Filius
3470 4255 3685 4310 habeat
3711 4253 3780 4310 θί.

2136 4345 2256 4409 Et,«
2278 4342 2500 4397 Euntes
2523 4342 2727 4398 docete
2741 4358 2950 4399 omnes
2966 4343 3568 4415 gentes,baptizantes
3590 4360 3689 4398 eos
3720 4343 3782 4398 in

2137 4431 2378 4486 nomine
2404 4431 2618 4496 Patris,
2647 4431 2876 4501 etFilii,
2901 4437 2956 4486 et
2988 4433 3236 4503 Spiritus
3269 4433 3457 4487 sancti
3480 4430 3546 4499 δ’,
3577 4453 3604 4481 »
3639 4437 3689 4485 et
3715 4434 3783 4486 si-

2137 4521 2315 4578 milia.
2345 4545 2373 4574 ι(
2397 4523 2466 4579 Et
2482 4523 2964 4594 prmdicationem
2986 4525 3123 4580 Jesu
3139 4524 3412 4579 Christi.»
3428 4525 3568 4589 Quis
3583 4528 3780 4579 autem

2141 4618 2230 4668 est
2255 4612 2348 4667 hic
2369 4613 2537 4669 Jesus
2563 4613 2872 4669 Christus?
2895 4614 2950 4668 Is
2972 4614 3070 4687 qui
3095 4613 3166 4668 ab
3191 4613 3361 4668 initio
3384 4619 3510 4668 erat
3541 4611 3783 4683 quidem

2139 4719 2274 4759 cum
2307 4704 2501 4767 Patre,
2537 4719 2697 4759 nunc
2727 4708 2924 4758 autem
2955 4703 3368 4758 manifestatus
3400 4707 3506 4758 est.
3541 4703 3610 4756 Et
3665 4717 3782 4774 quo

2141 4791 2315 4846 modo
2339 4791 2754 4848 manifestatus
2778 4791 2913 4846 est?
2943 4792 3236 4863 Mysterio,
3261 4790 3780 4864 inquit,revelato;

2139 4895 2278 4935 nam
2309 4881 2547 4935 aeternis
2586 4879 2948 4952 temporibus
2983 4880 3223 4935 tacitum
3256 4887 3417 4937 erat:
3470 4880 3580 4936 soli
3625 4880 3782 4936 Patri

2139 4973 2198 5024 et
2229 4969 2373 5025 Filio
2405 4975 2462 5024 et
2484 4968 2726 5040 Spiritui
2761 4975 2962 5025 sancto
2995 4969 3293 5042 cognitum
3328 4976 3664 5028 eratznunc
3687 4987 3784 5028 au-

2141 5063 2255 5114 tem
2291 5057 2544 5114 revelato
2577 5058 2884 5129 mysterio,
2906 5059 2965 5113 in
2989 5075 3196 5114 omnes
3222 5065 3427 5133 gentes
3449 5060 3788 5117 manifesta-

2141 5153 2234 5202 tus
2266 5153 2358 5203 est
2386 5147 2670 5214 Christus,
2702 5147 2860 5219 quod
2888 5147 3070 5203 Filius
3102 5149 3202 5204 Dei
3236 5150 3310 5204 sit
3339 5167 3405 5206 ac
3443 5152 3595 5206 Deus
3627 5151 3787 5224 ejus-

2142 5237 2278 5292 dem
2310 5237 2675 5292 substantiae.
2711 5236 2823 5292 Sed
2855 5239 3149 5309 quomodo
3183 5239 3594 5296 manifestatus
3651 5245 3788 5298 est?

2144 5328 2255 5381 Per
2285 5325 2626 5398 prophetas,
2654 5341 2760 5396 per
2784 5327 3115 5398 Scripturas
3145 5327 3403 5384 illorum.
3439 5332 3509 5385 Et
3538 5331 3693 5387 unde
3725 5329 3785 5385 hi

2142 5413 2322 5470 locuti
2356 5419 2495 5469 sunt
2523 5431 2591 5471 ac
2621 5414 3024 5486 scripserunt?
3061 5415 3309 5473 Jubente
3337 5433 3403 5474 ac
3454 5420 3786 5491 inspirante

2143 5503 2520 5560 sanctissimo
2553 5502 2815 5574 Spiritu:
2849 5503 3006 5558 hunc
3039 5503 3197 5561 enim
3258 5511 3545 5563 internum
3600 5509 3782 5563 Deum

2262 5628 2308 5664 ⁸ο
2337 5627 2538 5684 Matth.
2572 5643 2687 5696 xw,
2725 5632 2810 5685 16.
2951 5628 2992 5664 ⁶¹
3026 5630 3190 5686 Joan.
3224 5646 3276 5696 v,
3309 5631 3397 5686 22.
3501 5630 3550 5666 ⁶²
3577 5630 3777 5685 Matth.
