4198 6200
415 387 534 448 607
1531 385 1936 448 ΟΕΟΗΜΕΝΠ
1984 384 2050 442 TI

2157 379 2290 442 IC/E
2333 381 2683 444 EPISCOPI
3697 387 3819 444 608

413 527 600 588 vocat,
637 521 746 574 hoc
774 523 881 585 est,
911 535 1030 573 non
1089 519 1500 590 temporalem.
1560 519 1724 586 Quod
1775 533 1908 590 ergo
1968 521 2050 570 est

2169 514 2296 568 Θεὸν
2329 512 2508 582 καλεῖ,
2537 515 2832 582 τουτέστιν,
2865 511 3124 594 ἄχρονον.
3174 516 3236 571 Τί
3293 515 3384 569 οῦν
3419 514 3482 568 τὸ
3512 510 3671 592 ἔργον
3704 521 3816 572 τῶν

415 625 561 678 opus
593 606 1072 678 pr0pheticarum
1105 607 1563 678 Scripturarum,
1595 625 1741 678 quas
1773 625 1878 678 per
1928 607 2053 679 Spi-

417 696 596 750 ritum
623 695 801 749 locuti
834 695 1013 750 sunt?
1059 701 1124 750 ut
1151 697 1631 752 manifestaretur
1653 697 1920 752 Christus
1941 713 2062 750 om-

417 783 592 838 nibus
614 783 1218 855 gentibus.Quomudo
1237 785 1422 840 ?Dum
1446 786 1532 840 illi
1553 786 1864 840 obedirent
1895 786 2056 853 ﬁdei,

413 874 569 929 894
591 890 698 944 per
719 891 819 928 eos
841 875 942 945 qui
966 875 1156 945 ipsam
1181 875 1299 930 illis
1330 876 1833 931 annuntiaverunt
1865 893 1878 930 :
1913 895 2057 948 quo-

413 979 547 1018 rum
577 963 896 1034 plurimam
927 969 1156 1035 partem
1187 964 1350 1020 Pauli
1378 981 1588 1020 cursus
1611 967 2056 1034 etEvanqelium

415 1055 681 1126 perfecit.
715 1055 906 1110 Habes
936 1055 1116 1127 igitur
1145 1063 1204 1110 et
1241 1056 1336 1111 hic
1379 1057 1756 1129 conjunctam
1807 1057 2060 1113 Trinita-

415 1149 562 1202 tom.
586 1146 650 1200 In
671 1161 740 1200 eo
764 1146 1002 1216 quidem
1036 1144 1192 1216 quod
1215 1145 1466 1200 dicitur:
1503 1169 1528 1194 ιι
1559 1147 1818 1218 Sapienti
1851 1148 1992 1216 Deo,
2027 1169 2055 1196 »

415 1237 648 1290 Patrem
675 1254 688 1303 ;
721 1253 828 1307 per
859 1236 1006 1290 illud
1037 1242 1234 1291 autem
1259 1237 1416 1307 quod
1441 1238 1523 1291 ait
1549 1254 1560 1290 :
1595 1259 1622 1286 «
1653 1239 1850 1292 Jesum
1883 1239 2056 1293 Chri-

411 1329 589 1390 stum,
629 1346 655 1372 ν
686 1325 932 1394 planum
967 1331 1056 1379 est
1085 1325 1242 1395 quod
1273 1325 1486 1380 Filium
1513 1343 1526 1392 ;
1575 1332 1854 1382 caeterum
1888 1345 1958 1382 ex
1989 1345 2057 1382 eo

409 1413 569 1483 quod
601 1413 927 1468 secundum
963 1417 1324 1484 praeceptum
1357 1414 1562 1468 aeterni
1597 1415 1696 1468 Dei
1739 1416 2059 1486 prophetas

410 1501 492 1556 ait
519 1501 868 1556 vaticinatos
899 1501 1102 1570 fuisse,
1137 1502 1418 1572 Spiritum
1467 1509 1756 1558 sanctum.
1817 1507 1886 1558 Et
1933 1506 2062 1560 vide

411 1595 644 1644 acutam
678 1591 866 1644 aciem
901 1590 1177 1645 eublimis
1209 1607 1275 1646 ac
1305 1607 1438 1646 vere
1468 1593 1725 1648 caelestis
1757 1593 2060 1650 discursus

410 1677 629 1732 mentis
657 1679 845 1733 Pauli.
877 1679 1180 1750 Siquidem
1215 1681 1498 1750 quoniam
1557 1681 1886 1753 sapientem
1937 1700 2060 1738 om-

407 1769 549 1823 nino
591 1769 872 1840 Spiritum
923 1785 1072 1839 esse,
1128 1770 1430 1825 nullorum
1477 1777 1639 1843 patet
1693 1772 2050 1828 calumniae:

2165 609 2522 680 προφητικῶν
2553 609 2792 682 Γραφῶν,
2855 604 2915 665 ἃς
2971 602 3060 658 διὰ
3117 608 3212 659 τοῦ
3261 603 3569 676 Πνεῦματος
3601 603 3808 676 ἐλάλη-

2167 712 2303 762 σαν;
2341 699 2708 768 Γνωρισθῆναι
2766 694 2858 748 τὸν
2919 694 3147 769 Χριστὸν
3206 699 3365 748 πᾶσιν
3421 688 3612 758 ἔθνεσι.
3649 699 3814 764 Πῶς;

2163 781 2608 836 Ὑπακουσάντων
2666 783 2842 838 αὐτῶν
2900 787 2968 856 τῇ
3027 782 3226 848 πίστει,
3287 779 3375 836 διὰ
3433 787 3540 837 τῶν
3586 783 3815 858 εὐαγγε-

2165 867 2475 944 λισαμένων
2507 872 2702 933 αὐτοῖς
2733 872 2952 942 ταότην.
3011 875 3103 926 Ὠν
3159 872 3221 927 τὸ
3279 877 3536 926 πλεῖστον
3587 879 3750 947 μέρος
3783 875 3812 928 ὁ

2161 964 2258 1015 τοῦ
2290 959 2508 1015 Παύλου
2541 959 2746 1035 δρόμος
2775 962 2865 1015 καὶ
2897 961 2957 1016 τὸ
2991 957 3321 1036 Εὐαγγέλιον
3359 962 3572 1030 ἢνυσεν.

2233 1051 2426 1126 Ἔχεις
2480 1051 2571 1106 οῦν
2629 1052 2898 1106 κάνταῦθα
2953 1053 3052 1121 τὴν
3106 1047 3316 1126 Τριάὂα
3375 1051 3806 1124 συναπτομένην.

2162 1138 2258 1192 Διὰ
2319 1140 2412 1210 μὲν
2461 1143 2579 1210 τοῦ,
2625 1164 2652 1191 ιι
2687 1144 2852 1213 Σοφῶ
2904 1143 3039 1210 Θεῷ,
3077 1164 3103 1190 ››
3161 1141 3252 1193 τὸν
3315 1141 3542 1211 Πατέρα·
3603 1137 3693 1194 διὰ
3749 1138 3809 1195 δὲ

2159 1231 2278 1296 τοῦ,
2311 1252 2339 1278 ιι
2375 1230 2556 1286 Ἰασοῦ
2586 1231 2841 1302 Χριστοῦ,
2878 1253 2904 1278 n
2963 1225 3223 1298 δηλονότι
3279 1229 3367 1282 τὸν
3429 1230 3572 1283 Υἱόν’
3633 1226 3719 1284 διὰ
3751 1226 3816 1284 δὲ

2161 1319 2277 1385 τοῦ,
2311 1318 2428 1372 κατ’
2459 1317 2716 1391 ἐπιταγὴν
2769 1321 2866 1372 τοῦ
2927 1315 3147 1371 αέίωνίου
3181 1321 3337 1383 Θεοῦ,
3369 1319 3496 1380 τοὺς
3527 1321 3814 1395 προφήτας

2161 1410 2556 1483 προφητεῦσαι,
2585 1407 2648 1460 τὸ
2679 1401 2834 1482 ἅγιον
2871 1410 3108 1480 Πνεῦμα.
3172 1406 3275 1461 Καὶ
3331 1405 3432 1481 ὅρα
3458 1413 3560 1474 τῆς
3593 1407 3815 1482 ὑψηλῆς

2161 1495 2252 1549 καί
2314 1493 2386 1556 ὠς
2439 1493 2663 1565 ἀληθῶς
2721 1493 3134 1570 οὐρανοδρόμου
3193 1493 3436 1557 διανοίας
3489 1495 3710 1551 Παύλου
3747 1498 3816 1552 τὸ

2165 1583 2420 1653 ὁξυωπὲς.
2483 1586 2630 1641 Ἐπεὶ
2687 1587 2792 1660 γὰρ
2849 1585 2922 1646 ὠς
2982 1585 3176 1640 ἐπίπαν
3224 1585 3284 1640 τὸ
3339 1587 3434 1658 μὲν
3467 1587 3630 1660 σοφὸν
3667 1587 3810 1641 εἶναι

2169 1681 2405 1751 Πνεῦμα,
2440 1677 2501 1731 οῦ
2554 1675 2910 1751 προσίσταταί
2966 1697 3095 1744 τισι,
3149 1677 3210 1730 τὸ
3269 1673 3326 1730 δὲ
3383 1677 3621 1754 ἄχρονον
3651 1677 3814 1746 εἶναι,

2164 1767 2515 1844 προσίσταται
2550 1771 2668 1826 τοῖς
2700 1764 2962 1832 πολλοῖς,
3011 1762 3217 1836 ἤμειψε
3263 1770 3451 1820 ταῦτα·
3485 1766 3572 1820 καὶ
3603 1766 3662 1820 τὸ
3695 1767 3815 1838 μὲν,

405 1857 588 1914 fuisse
615 1876 749 1914 vero
772 1859 844 1915 ab
869 1865 1112 1928 (sterno,
1146 1861 1468 1916 multorum
1519 1863 1742 1933 patitur
1771 1863 2050 1935 objectio-

2165 1858 2195 1912 ὅ
2225 1857 2468 1930 προῦστη
2503 1853 2562 1909 ἂν
2600 1875 2763 1922 τισιν,
2818 1853 2861 1908 εί
2919 1854 2996 1926 μή
3059 1852 3272 1916 Παῦλος
3303 1849 3453 1921 ἐϐόα,
3485 1854 3692 1925 τίθησιν
3726 1855 3817 1909 ἐπὶ

403 1963 531 2018 nes,
557 1949 682 2003 haec
703 1949 1090 2020 permutavit:
1115 1955 1173 2004 et
1189 1949 1299 2004 hoc
1331 1949 1570 2020 quidem
1598 1951 1754 2021 quod
1787 1953 2047 2007 nonnul—

403 2039 492 2094 los
523 2039 778 2095 habebat
809 2041 1274 2096 contradictores
1307 2043 1419 2096 nisi
1451 2043 1672 2100 Paulus
1708 2044 2044 2114 clamasset,

403 2129 659 2198 ponitde
685 2129 925 2200 Spirilu,
951 2136 1240 2184 internum
1263 2132 1446 2186 Deum
1471 2148 1686 2186 vocans
1712 2149 1724 2186 :
1761 2133 1909 2188 illud
1939 2151 2046 2189 au-

407 2225 526 2274 tem
567 2218 726 2288 quod
755 2219 927 2274 facile
959 2225 1133 2290 captu
1156 2225 1300 2288 erat,
1325 2225 1390 2274 ut
1410 2220 1642 2276 etiamsi
1674 2221 1745 2276 de
1771 2223 1896 2294 ipso
1927 2241 2047 2278 non

404 2309 776 2376 testiﬁcetur,
801 2313 998 2363 tamen
1014 2307 1084 2362 de
1109 2308 1327 2380 Spiritu
1360 2310 1762 2381 conciperent,
1795 2311 1946 2366 nihil
1979 2329 2048 2367 ex

402 2401 514 2454 hoc
537 2399 776 2468 timens,
799 2397 1056 2470 ponitde
1080 2401 1266 2464 Patre,
1291 2415 1506 2453 vocans
1530 2416 1664 2454 eum
1689 2401 2042 2472 sapientem.

404 2492 602 2561 Neque
635 2487 796 2542 enim
827 2487 1138 2542 verebatur
1160 2504 1233 2542 ne
1265 2488 1398 2558 quis
1429 2505 1464 2543 a
1493 2489 1818 2545 multorum
1849 2493 2046 2547 cordi-

402 2579 512 2633 bus
545 2579 804 2633 auferret
831 2577 920 2631 vel
953 2577 1306 2647 sapientiam
1341 2594 1376 2632 a
1424 2578 1664 2648 Spiritu,
1697 2580 1787 2635 vel
1819 2582 2049 2636 aeterni-

401 2673 583 2722 tatem
613 2684 648 2722 a
685 2669 878 2722 Patre.
911 2665 1174 2738 Idipsum
1205 2671 1402 2721 autem
1437 2673 1494 2722 et
1519 2667 1590 2722 de
1621 2669 1786 2724 Filio.
1815 2672 1958 2725 Nam
1992 2678 2050 2726 et

402 2757 561 2829 quod
592 2757 694 2824 ait,
755 2779 776 2804 ι
811 2755 1196 2826 Temporibus
1245 2756 1505 2825 aeternis,
1541 2781 1567 2805 ››
1619 2765 1694 2826 et,
1749 2783 1768 2808 ι
1807 2761 2048 2816 Manife-

403 2849 565 2913 stati,
593 2873 614 2900 ι
654 2846 1044 2902 aeternitatem
1077 2845 1358 2916 praedicat
1389 2847 1558 2902 Filii:
1595 2848 1653 2902 id
1703 2866 1916 2906 curans
1974 2851 2046 2906 ad

405 2938 564 3012 quod
592 2939 857 2992 futurum
877 2941 1003 2991 erat
1022 2941 1086 2990 ut
1108 2935 1378 2991 nonnulli
1403 2936 1818 3010 impingereut.
1835 2941 2047 3006 Quem-

407 3029 727 3086 admodum
759 3043 894 3099 ergo
926 3026 1066 3081 dum
1097 3025 1278 3080 Filius
1308 3043 1376 3082 ac
1421 3027 1671 3098 Spiritus
1719 3029 1860 3084 dicti
1912 3037 2050 3086 sunt

407 3121 633 3186 aeterni,
667 3120 845 3174 etiam
875 3119 1048 3172 Pater
1078 3131 1147 3170 ex
1178 3118 1564 3186 consequenti
1597 3118 1771 3174 datur
1797 3121 2048 3194 intelligi

2153 1951 2249 2004 105
2282 1945 2617 2017 Πνεῦματος,
2649 1942 2872 1998 αἰώνιον
2922 1943 3050 1997 Θεὸν
3085 1941 3294 1999 καλῶν.
3326 1944 3398 1997 Τὸ
3432 1939 3512 2012 δὲ,
3552 1943 3582 1998 ὅ
3609 1944 3698 1998 καὶ
3737 1944 3817 2016 μὴ

2159 2039 2558 2110 μαρτυροῦντος
2591 2031 2864 2104 εὔληπτον
2915 2033 3156 2105 νομίζειν
3212 2032 3299 2088 ἐπὶ
3339 2039 3437 2088 τοῦ
3471 2033 3810 2107 Πνεῦματος,

2154 2129 2314 2180 τοῦτο
2355 2124 2537 2193 τίθησι
2599 2117 2767 2194 μηδὲν
2829 2118 3022 2183 δεδιὼς
3081 2119 3168 2176 ἐπὶ
3225 2127 3322 2176 τοῦ
3373 2121 3601 2195 Πατρὸς,
3635 2123 3804 2198 σοφὸν

2155 2212 2472 2272 ἀποκαλῶν.
2533 2212 2611 2269 Οῦ
2671 2211 2776 2286 γὰρ
2832 2207 3022 2266 ἐδεδίει
3076 2213 3151 2285 μή
3221 2232 3301 2272 τις
3361 2211 3635 2288 ἀφαιρήσῃ
3695 2215 3806 2266 τῶν

2155 2303 2406 2372 πολλῶν,
2465 2301 2500 2371 ἢ
2561 2301 2622 2356 τὸ
2681 2301 2844 2379 σοφὸν
2918 2304 3015 2354 τοῦ
3077 2301 3406 2373 Ηνεόματος,
3459 2297 3495 2369 ἥ
3553 2301 3616 2354 τὸ
3667 2299 3802 2354 αἰώ-

2153 2413 2267 2448 νιον
2295 2391 2403 2445 ἀπὸ
2431 2393 2527 2444 τοῦ
2587 2388 2817 2460 Πατρὸς,
2877 2391 2938 2443 τὸ
3003 2388 3132 2442 αὖτό
3190 2385 3247 2442 δὲ
3293 2389 3382 2442 καὶ
3411 2387 3496 2443 έπῖ
3525 2391 3622 2443 τοῦ
3651 2389 3802 2441 Υίοῦ.

2155 2483 2250 2549 Τὸ,
2283 2503 2311 2532 ι‹
2345 2479 2570 2554 Χρόνοις
2599 2477 2863 2544 αίωνίοις,
2898 2501 2926 2528 ››
2969 2478 3060 2532 καὶ
3097 2479 3181 2547 τὸ,
3237 2501 3266 2528 ιι
3301 2479 3734 2552 Φανερωθέντος,
3773 2501 3802 2528 n

2155 2572 2218 2627 τὸ
2249 2570 2488 2646 ἂχρονον
2517 2567 2774 2643 κηρύσσει
2833 2572 2930 2624 τοῦ
2987 2569 3136 2636 Υἱοῦ,
3191 2568 3318 2642 περὶ
3367 2567 3396 2622 8
3443 2568 3808 2640 προσκόπτειν

2156 2667 2392 2744 ἔμελλόν
2447 2689 2610 2738 τινες,
2695 2671 2856 2722 τοῦτο
2939 2667 3382 2742 προθεραπεύων.
3452 2667 3652 2741 Ὠσπερ
3716 2667 3807 2721 οὗν

2158 2760 2415 2834 ῥηθέντος
2447 2761 2544 2813 τοῦ
2593 2758 2720 2812 Υίοῦ
2777 2756 2866 2810 καὶ
2918 2754 3016 2810 τοῦ
3072 2756 3404 2828 Ιινεώματος
3434 2754 3679 2825 αἰωνίου,
3711 2757 3808 2810 καὶ

2159 2850 2247 2904 τὸν
2307 2847 2513 2921 Πατέρα
2570 2846 2794 2900 αἰώνιον
2852 2848 2886 2914 ἡ
2949 2843 3249 2900 ἀκολουθία
3307 2841 3523 2899 δίδωσιν
3579 2844 3807 2912 ἐννοεῖν,

2158 2937 2301 2993 οὕτω
2333 2940 2500 3014 σοφοῦ
2559 2935 2819 3009 ῥηθέντος
2875 2937 2972 2987 τοῦ
3035 2934 3264 3005 Πατρὸς,
3293 2933 3382 2987 καὶ
3415 2934 3442 2988 ὁ
3473 2933 3598 2994 Υἱὸς
3624 2934 3710 2987 καὶ
3743 2935 3809 2988 τὸ

2157 3031 2370 3100 Πνεῦμα
2428 3024 2652 3087 εἰκότως
2711 3024 2762 3078 ἐν
2835 3022 3058 3099 ἀρρήτῳ
3143 3023 3234 3077 καὶ
3294 3028 3584 3097 θεοπρεπεῖ
3639 3023 3807 3100 σορία

2156 3117 2398 3186 νοηθεῖεν
2431 3113 2514 3186 ἂν,
2547 3115 2638 3168 καὶ
2697 3111 2820 3168 οὔτε
2875 3112 2940 3167 τὸ
2997 3111 3218 3166 αἰώνιον
3273 3115 3370 3166 τοῦ
3403 3112 3614 3188 Πατρὸς
3645 3112 3805 3190 ἀφαι-

402 3216 660 3266 aeternus
697 3226 708 3263 :
743 3208 826 3262 ita
854 3206 996 3262 dum
1027 3207 1201 3260 Pater
1229 3205 1421 3261 dictus
1453 3213 1542 3262 est
1573 3209 1832 3280 sapiens,
1866 3211 2042 3266 etiam

2161 3203 2362 3280 ρεθείη,
2420 3203 2544 3258 οὔτε
2597 3201 2661 3256 τὸ
2719 3202 2882 3275 σοφὸν
2939 3205 3036 3256 τοῦ
3096 3199 3405 3273 Πνεῦματος
3460 3197 3496 3268 ἤ
3545 3203 3645 3254 τοῦ
3673 3201 3804 3255 Υἱοῦ

401 3301 587 3357 F.lius
619 3315 684 3354 ac
718 3296 967 3368 Spiritus
999 3295 1210 3348 merito
1260 3295 1550 3350 ineffabili
1599 3312 1666 3350 ac
1715 3298 1911 3354 divina
1955 3315 2046 3354 sa-

399 3390 626 3462 pientia
655 3385 878 3458 pollere
909 3382 1160 3454 intelligi
1194 3389 1480 3452 possunt:
1513 3389 1573 3437 et
1597 3401 1790 3455 neque
1814 3387 2050 3442 aeterni-

400 3489 488 3536 tas
513 3496 546 3534 a
575 3477 745 3531 Patre
770 3477 963 3544 potest
987 3471 1237 3525 auferri:
1263 3488 1456 3541 neque
1481 3473 1663 3527 Filius
1683 3475 2049 3546 autSpiritus

405 3571 632 3639 queunt
655 3561 948 3634 sapientia
971 3561 1206 3630 privari.
1233 3560 1302 3614 Et
1322 3561 1480 3630 quod
1503 3561 1574 3615 de
1597 3563 1768 3617 Patre
1791 3565 1934 3619 dicit
1953 3565 2050 3620 hic

406 3655 576 3709 divus
596 3647 1088 3716 Paulus,dictioni
1105 3669 1132 3696 ιι
1153 3647 1409 3718 Sapienti
1432 3670 1458 3696 »
1473 3649 1855 3721 contingens<<
1870 3651 2049 3718 Soli,»

407 3761 537 3798 vere
571 3747 696 3796 erat
725 3736 1028 3809 sapientiae
1055 3735 1328 3808 Spiritus,
1362 3743 1420 3791 et
1458 3739 1674 3793 mentis
1705 3756 1836 3810 qum
1867 3743 2048 3798 Paulo

403 3846 684 3889 concessa
714 3832 840 3882 erat
868 3843 902 3881 a
933 3826 1171 3897 Spiritu.
1201 3825 1347 3880 Nam
1369 3827 1431 3882 in
1452 3827 1564 3882 hoc
1581 3829 1778 3898 posuit
1799 3853 1826 3879 ‹‹
1853 3829 1970 3886 Soli
1997 3853 2047 3898 η,

401 3925 462 3976 in
507 3935 622 3990 quo
672 3916 948 3972 omnibus
999 3921 1088 3969 est
1143 3914 1563 3981 indubitatum,
1613 3916 1792 3972 etiam
1823 3919 1916 3974 his
1947 3921 2046 3990 qui

399 4014 538 4064 sunt
567 4007 823 4061 maxime
849 4005 1204 4076 pervicaces,
1241 4004 1397 4076 quod
1441 4004 1625 4060 Filius
1675 4023 1742 4060 ac
1793 4009 2047 4078 Spiritus

397 4099 508 4152 hoc
535 4095 746 4168 privati
775 4110 894 4148 non
926 4094 1064 4148 sint.
1102 4095 1216 4148 Cur
1246 4095 1354 4148 hoc
1415 4093 1602 4148 fecit?
1651 4096 1722 4150 Ut
1765 4096 1937 4152 etiam
1986 4099 2048 4152 in

401 4185 856 4257 quibuscunque
886 4182 1020 4237 aliis
1049 4183 1264 4238 divinis
1295 4183 1568 4238 sensibus
1596 4201 1662 4240 ac
1701 4187 2049 4242 nominibus

402 4275 720 4330 dictienem
755 4293 783 4322 ιι
814 4271 1016 4326 Solum
1046 4293 1072 4320 ››
1102 4272 1442 4343 adjunctam
1474 4273 1754 4340 audieris,
1807 4293 1926 4331 non
1977 4277 2048 4331 ad

401 4363 845 4419 distinctionem
880 4359 1010 4415 Filii
1070 4376 1136 4415 ac
1185 4361 1438 4432 Spiritus
1483 4379 1685 4418 vocem
1729 4365 2046 4437 intelligas,

402 4455 506 4510 sed
531 4454 602 4508 ad
649 4452 918 4507 omnium
975 4449 1214 4522 quidem
1273 4451 1526 4506 aliorum
1579 4452 2045 4522 distinctionem,

2153 3291 2573 3368 ἀποστερηθείη.
2609 3290 2709 3347 Καὶ
2737 3291 2800 3344 τὸ
2833 3289 3000 3345 εἰπεῖν
3059 3287 3114 3344 δὲ
3171 3291 3260 3344 τὸν
3295 3294 3434 3353 θεῖον
3469 3287 3684 3344 Παῦλον
3715 3289 3804 3344 ἰπὶ

2152 3387 2250 3438 τοῦ
2281 3383 2488 3456 Πατρὸς
2527 3379 2767 3449 ἐνθαῦθα,
2792 3383 2896 3451 τῷ,
2947 3383 3129 3458 Σοφῷ,
3177 3380 3476 3453 συνάψαντα
3503 3379 3588 3448 τὸ,
3621 3379 3804 3451 Μόνῳ,

2149 3477 2270 3539 τῆς,
2305 3471 2380 3534 ὡς
2408 3467 2634 3538 ἀληθῶς
2683 3470 2776 3538 ἧν,
2834 3472 2932 3523 τοῦ
2991 3467 3304 3540 ΙΙνε·5ματος
3335 3467 3549 3546 σοφίας,
3583 3467 3672 3522 καὶ
3703 3470 3805 3534 τῆς

2151 3557 2350 3624 ἐκεῖθεν
2410 3559 2831 3635 χορθγουμένης
2889 3555 3091 3630 Παύλῳ
3163 3554 3422 3621 διανοίας.
3485 3559 3572 3613 Ἐν
3629 3556 3808 3629 τούτῳ

2151 3651 2252 3725 γὰρ
2281 3650 2486 3712 τέθεικε
2539 3648 2622 3714 τὸ,
2687 3669 2714 3699 ιι
2745 3645 2929 3719 Μόνῳ,
2961 3669 2990 3696 ι)
3048 3645 3100 3700 έν
3161 3647 3205 3717 ᾧ
3265 3646 3426 3700 πᾶσίν
3459 3647 3602 3701 ἐστιν
3631 3645 3806 3718 ἀναμ-

2152 3743 2404 3825 φίϐολον,
2436 3747 2524 3800 καὶ
2558 3751 2672 3806 τοῖς
2699 3743 2820 3799 λίαν
2877 3743 3235 3813 οιλονείκοις,
3267 3743 3348 3798 ὅτι
3381 3744 3466 3798 καὶ
3502 3745 3529 3798 ὁ
3559 3745 3685 3806 Υἱὸς
3713 3743 3806 3798 καὶ

2150 3836 2212 3890 τὸ
2237 3840 2453 3907 Πνεῦμα
2509 3833 2610 3889 οῦκ
2671 3834 3028 3908 ἀπεστέρηται
3089 3832 3306 3890 τούτου.
3341 3831 3408 3890 Τί
3445 3831 3604 3888 τοῦτο
3637 3835 3808 3903 ποιή-

2151 3945 2282 3990 σας;
2319 3925 2434 3980 Ἵνα
2463 3923 2554 3978 καὶ
2613 3921 2664 3977 ἐν
2725 3925 2807 3984 οἷς
2867 3921 2925 3977 ἂν
2983 3921 3184 3996 ἑτέροις
3213 3923 3530 3997 θεοπρεπέσι
3561 3924 3802 3994 νοήμασι

2149 4015 2240 4070 καὶ
2301 4013 2532 4086 ὀνόμασι
2581 4014 2664 4081 τὸ,
2725 4039 2752 4063 ιι
2789 4013 2986 4080 Μόνον,
3023 4037 3050 4064 ››
3111 4011 3603 4083 έπισυνατιτὸμενον
3637 4009 3804 4064 ἀκού-

2153 4126 2270 4176 σῃς,
2302 4104 2376 4176 μὴ
2407 4102 2546 4176 πρὸς
2601 4099 3016 4170 ἀντιδιαστολήν
3074 4105 3172 4155 τοῦ
3233 4102 3360 4155 Υἱοῦ
3389 4101 3478 4154 καὶ
3506 4103 3602 4154 τοῦ
3634 4099 3803 4156 Ηθεῦ-

2155 4213 2322 4265 ματος
2351 4192 2450 4260 τὴν
2481 4191 2666 4269 φωνην
2703 4184 2980 4256 ἐκλάϐοις,
3025 4187 3170 4244 ἀλλᾶ
3221 4189 3360 4262 πρὸς
3390 4185 3802 4256 ἀντιδιαστολὴν

2156 4283 2252 4354 μὲν
2299 4285 2406 4335 τῶν
2463 4277 2650 4334 ἄλλων
2709 4279 2980 4344 ἁπάντων,
3038 4273 3228 4332 ἕνωσιν
3291 4273 3348 4332 δε
3393 4277 3482 4330 καὶ
3521 4276 3806 4352 συνάφειαν

2151 4374 2250 4433 τῆς
2286 4373 2629 4446 μοναρχικῆς
2673 4363 2921 4440 Τριάδος.
2970 4367 3031 4422 Ὁ
3079 4365 3179 4441 γάρ
3225 4363 3448 4428 ἐνταῦθα
3475 4369 3640 4419 τοῦτο
3669 4370 3808 4419 νοεῖν

2154 4463 2396 4536 αανερῶς
2449 4455 2742 4520 ὑποτιθεῖς,
2805 4455 2890 4509 καὶ
2959 4453 3042 4508 ἐπὶ
3106 4459 3213 4508 τῶν
3272 4453 3672 4529 παραπλησίων
3705 4455 3806 4522 τὴν

394 4545 757 4601 monarchim
781 4557 916 4596 vero
938 4541 1241 4596 Trinitatis
1263 4542 1548 4596 unionem
1575 4558 1643 4597 ac
1673 4545 2044 4614 conjunctio-

2157 4545 2323 4614 αὐτὴν
2366 4543 2643 4618 ὑπόληψιν
2678 4541 2823 4618 ἔχειν
2889 4539 3278 4597 διακελεύεται.
3336 4543 3611 4602 ’Ἤκουσας
3645 4541 3812 4620 σοφὸν

395 4652 552 4690 nem.
578 4633 725 4689 Nam
751 4633 843 4686 hic
867 4631 1205 4702 exprimens
1227 4630 1326 4684 ubi
1344 4631 1517 4685 facile
1539 4632 1878 4688 intellectus
1909 4650 2046 4688 con-

393 4724 630 4796 cipitur,
657 4721 833 4794 jubet
863 4720 1040 4775 etiam
1075 4720 1136 4773 in
1170 4717 1466 4774 similibus
1499 4719 1768 4775 eamdem
1827 4720 2046 4776 habere

399 4813 763 4884 opinionem.
799 4810 1030 4865 Audisti
1065 4809 1394 4881 sapientem
1425 4811 1658 4864 Patrem
1679 4811 1706 4865 ?
1737 4816 1796 4865 et
1833 4811 2046 4865 Filium

401 4919 468 4958 ac
500 4903 784 4974 Spiritum
815 4918 936 4956 una
984 4901 1231 4972 concipe
1264 4900 1612 4972 sapientem.
1661 4901 1809 4958 895
1861 4902 2048 4956 Eter-

401 5009 545 5047 num
578 4991 700 5045 dixi
733 4991 944 5044 Filium
975 5007 1042 5045 ac
1069 4991 1350 5060 Spiritum
1373 4989 1400 5044 ?
1430 4991 1634 5044 eodem
1672 4991 1850 5045 etiam
1874 4991 2047 5045 modo

400 5083 634 5136 Patrem
669 5079 814 5133 mihi
839 5077 1123 5150 intellige.
1160 5081 1374 5151 Regem
1399 5079 1518 5133 dixi
1551 5081 1807 5146 Patrem,
1839 5085 2046 5150 poten-

399 5177 540 5237 tem,
575 5183 924 5240 magnaaque
955 5168 1323 5222 auctoritatis
1347 5167 1374 5222 ?
1400 5168 1480 5222 ita
1505 5185 1740 5239 quoque
1760 5173 1819 5224 et
1838 5169 2050 5223 Filium

395 5275 463 5314 ac
486 5258 772 5330 Spiritum
798 5255 1131 5328 gloriﬁcaro
1154 5257 1566 5327 Oportet.Bene
1589 5257 1708 5312 dixi
1735 5279 1758 5308 ιι
1781 5258 2004 5325 Solum,
2023 5281 2050 5307 »ι

395 5354 464 5402 ut
488 5347 874 5418 singulariter
897 5345 1165 5400 Trinitati
1201 5347 1258 5400 id
1292 5345 1449 5416 quod
1479 5347 1778 5402 excellens
1804 5353 1930 5401 erat
1957 5361 2050 5400 re-

403 5453 722 5504 servarem,
755 5453 874 5492 non
905 5443 971 5490 ut
999 5437 1190 5507 ipsam
1252 5435 1596 5508 dignitatem
1649 5435 2052 5491 discendendo

402 5530 718 5584 auferrem.
753 5531 898 5584 Cum
926 5552 952 5578 «
987 5528 1184 5582 Solum
1212 5551 1238 5576 »
1267 5528 1442 5594 addo,
1461 5529 1660 5582 omnia
1683 5529 1798 5581 alia
1824 5543 2053 5598 separo,

397 5623 590 5693 ipsam
604 5635 739 5673 vero
765 5635 871 5691 per
885 5618 1208 5673 dictionem
1233 5639 1257 5666 ιι
1277 5616 1478 5670 Solum
1507 5617 2054 5688 nmagisunioznon

410 5727 540 5768 eam
561 5710 622 5764 in
643 5715 841 5781 partes
874 5707 1141 5762 dividens
1173 5721 1302 5775 qua:
1335 5705 1594 5760 naturali
1623 5705 1814 5759 forma
1841 5705 2056 5759 indivi-

2156 4636 2250 4690 τὸν
2311 4635 2554 4706 Πατέρα;
2613 4631 2702 4686 καὶ
2761 4631 2852 4686 τὸν
2915 4630 3036 4684 Υίὸν
3093 4631 3183 4685 καὶ
3240 4632 3303 4685 τὸ
3362 4634 3579 4703 Πνεῦμα
3629 4633 3814 4700 συνεξ-

2157 4730 2386 4784 άκουσον
2420 4726 2603 4804 σοφόν.
2640 4725 2874 4780 Αίώνιον
2908 4725 3059 4779 εἶπον
3107 4726 3200 4779 τὸν
3233 4725 3358 4779 Ϊίὸν
3388 4725 3423 4795 ἧ
3455 4725 3518 4779 τὸ
3549 4729 3808 4798 Ηνεῦμα;

2155 4818 2246 4872 καὶ
2275 4819 2368 4874 τὸν
2401 4815 2610 4890 Πατέρα
2668 4815 2809 4869 οὕτω
2872 4835 2967 4886 μοι
3027 4813 3240 4884 νόησον.
3275 4813 3510 4868 Βασιλέα
3539 4815 3690 4868 εἶπον
3717 4814 3810 4868 τὸν

2159 4907 2388 4980 Πατέρα,
2449 4901 2694 4970 δυνατὸν,
2753 4903 3144 4972 ἐξουσιαστήν,·
3203 4903 3288 4956 καὶ
3349 4903 3439 4957 τὸν
3477 4903 3600 4956 Υἱὸν
3627 4903 3715 4958 καὶ
3749 4903 3812 4957 τὸ

2159 5000 2380 5067 Πνεῦμα
2410 4993 2552 5047 οὕτω
2586 4989 2826 5062 δοξάζειν
2887 4993 3022 5069 χρή,
3059 5015 3084 5042 ιι
3121 4992 3321 5059 Μόνον,
3359 5015 3385 5042 ››
3418 4991 3571 5047 εἶπον
3602 4991 3809 5058 καλῶς,

2153 5083 2248 5138 ’ίνα
2295 5085 2361 5155 τῇ
2423 5078 2688 5155 μοναδικῇ
2769 5078 2964 5154 Τριάόι
3022 5081 3348 5154 συντηρήσω
3403 5082 3464 5135 τὸ
3518 5079 3810 5156 ἐξαίρετον,

2160 5172 2270 5246 οὐχ
2295 5171 2382 5225 ἳνα
2433 5170 2627 5246 σχίσας
2685 5167 2875 5237 αὐτὴν,
2935 5168 3225 5247 ἀφαιρήσω
3253 5169 3316 5224 τὸ
3351 5169 3585 5244 ἀξίωμα.
3619 5195 3646 5221 ιι
3681 5169 3810 5226 Μό-

2157 5282 2271 5328 νον,
2305 5283 2330 5314 s
2367 5261 2493 5314 ὅταν
2526 5261 2767 5332 συνάψω,
2817 5259 2864 5312 τ’
2916 5257 3063 5312 ἄλλα
3089 5259 3264 5313 πάντα
3309 5255 3639 5330 διαστέλλω,
3674 5257 3813 5314 ἐκεί-

2159 5371 2258 5420 νην
2289 5346 2344 5403 δὲ
2377 5347 2591 5420 μᾶλλον
2645 5343 2736 5401 διὰ
2762 5349 2880 5414 τοῦ,
2935 5369 2961 5396 ‹‹
2997 5345 3196 5412 Μόνον,
3229 5367 3255 5399 ιι
3294 5347 3551 5416 ένοποιῶ,
3581 5350 3678 5414 τῆς
3711 5369 3815 5422 φυ-

2161 5441 2316 5503 σικῆς
2351 5435 2592 5512 σχέσεως
2641 5435 2706 5490 οὗ
2759 5435 2993 5509 μερίζων
3049 5435 3110 5490 τὸ
3159 5432 3500 5504 ἂδιαστατον,
3535 5433 3674 5490 ἀλλὰ
3719 5456 3814 5488 συ-

2167 5525 2410 5602 σφίγγων
2454 5530 2572 5587 ταῖς
2631 5527 2739 5578 τῶν
2793 5521 3074 5596 ἀκροατῶν
3133 5519 3394 5585 διανοίαις
3439 5527 3540 5593 τὴν
3572 5523 3817 5594 ἑνότητα.

2171 5641 2192 5666 ιι
2247 5615 2356 5671 Καὶ
2392 5613 2457 5667 τὸ
2515 5614 2771 5685 κήρυγμα
2829 5611 3014 5680 Ἰησοῦ
3069 5615 3333 5685 Χριστοῦ.
3384 5638 3411 5664 ιι
3473 5615 3532 5670 Ὀ
3590 5613 3821 5688 Χριστὸς

2167 5703 2300 5760 αὖτά
2331 5701 2577 5776 ἐκήρυξε,
2627 5702 2809 5780 φησίν·
2875 5701 3071 5756 οὐκοῦν
3115 5701 3213 5755 οὐκ
3240 5701 3538 5775 ἀνθρώπων
3572 5703 3624 5757 οἱ
3656 5704 3822 5776 νόμοι
