4198 6200
403 323 522 384 609
604 312 621 319 “

1485 315 1901 378 COMMENT.
1947 316 2027 377 IN
2071 314 2326 376 EPIS'I‘.
2373 316 2475 375 AD
2519 314 2702 375 HOM.

3692 323 3815 385 610

405 459 506 510 τοῦ
538 448 906 527 Εὐαγγελίου,
941 449 1064 505 ἀλλ’
1098 448 1263 504 αὐτοῦ
1309 454 1408 505 τοῦ
1464 450 1723 537 Χριστοῦ.
1753 451 1830 507 Τὸ
1899 449 2054 521 ἀξιό-

2181 448 2363 504 sibilis
2394 455 2503 517 est,
2535 452 2639 506 sed
2670 452 2960 508 unitatem
3010 454 3070 508 in
3126 456 3463 512 auditorum
3513 461 3812 517 mentibus

406 566 599 601 πιστον
631 542 687 599 δὲ
744 542 917 598 αὐτῶν
980 539 1263 612 δείκνυσιν,
1322 541 1428 597 ἀπό
1466 562 1524 597 τε
1552 546 1648 596 τοῦ
1706 541 2061 620 κηρύγματος

406 636 497 690 καὶ
527 638 626 689 τοῦ
666 632 956 706 ὀνόματος.
1023 629 1356 706 Εὐαγγέλιον
1411 631 1515 708 γὰρ
1568 629 1806 705 λέγεται.
1893 635 2056 686 Ποῖον

409 724 469 782 δὶ
530 724 595 779 τὸ
650 726 911 798 κήρυγμα
966 726 1063 778 τοῦ
1122 722 1361 795 Χριστοῦ
1421 740 1435 790 ;
1493 720 1659 784 Αὐτὸς
1705 723 1734 776 ὁ
1802 721 2056 798 Χριστός.

409 840 439 867 ιι
472 812 623 871 Κατά
654 811 1000 885 ἀποκάλυψιν
1033 809 1352 884 μυστηρίου.
1390 835 1417 862 ››
1449 813 1559 868 Τοῦ
1598 808 1870 880 δοθέντος,
1903 810 2058 889 φησὶ,

408 903 547 958 κατὰ
578 898 920 975 ἀπδκαλυψιν
954 898 1282 973 μυστηρίου.
1319 898 1485 954 Ιιοίου
1521 925 1536 967 ;
1566 904 1663 954 τοῦ
1700 899 2059 974 σεσιγημένου

415 993 509 1066 μὶν
574 989 629 1046 ἐν
682 995 801 1051 τοῖς
858 984 1232 1064 προλαϐοῦσιν
1288 987 1532 1050 αἰωνίοις
1589 988 1829 1063 χρόνοις,
1861 989 1890 1043 δ
1948 988 2059 1043 ἑστι

406 1079 673 1142 πολλοῖς,
702 1078 1103 1159 φανερωθέντος
1137 1075 1196 1132 δὲ
1224 1082 1339 1133 νῦν.
1376 1076 1694 1150 Σημείωσαι
1727 1074 1784 1131 δὲ
1810 1077 1873 1131 τὸ
1924 1076 2060 1131 εἶναι

406 1168 538 1224 αὐτὸ
570 1165 790 1232 πολλῆς
817 1174 987 1240 τιμῆς
1025 1163 1224 1240 δῶρον,
1293 1164 1355 1220 οὐ
1418 1165 1582 1238 μόνον
1632 1164 1691 1220 ἐκ
1753 1168 1854 1220 τοῦ
1883 1163 2062 1240 κηρύ-

405 1258 595 1328 ξαντος
648 1259 913 1332 Χριστοῦ,
960 1254 1050 1310 καὶ
1107 1253 1167 1310 ἐκ
1223 1258 1320 1309 τοῦ
1394 1252 1647 1329 λέγεσθαι
1699 1252 2056 1330 Εὐαγγέλιον,

403 1346 554 1403 ἀλλά
582 1346 668 1402 καὶ
713 1344 775 1400 ἐκ
799 1349 895 1400 τοῦ
924 1345 1016 1399 νῦν
1074 1347 1210 1417 ἡμῖν
1243 1344 1377 1400 κατά
1428 1342 1632 1419 δωρεὰν
1665 1346 2057 1424 φανερωθῆναι,

406 1436 454 1491 εἰ
483 1434 574 1490 καὶ
605 1436 671 1503 ἦν
704 1434 1058 1506 προαιώνιον.
1094 1433 1178 1502 Ἐξ
1213 1433 1396 1512 ἀρχῆς
1425 1432 1526 1508 γὰρ
1575 1432 1643 1501 ἦν
1677 1434 1705 1487 ὁ
1736 1432 1881 1499 Υἱὸς,
1913 1430 2063 1486 ἀλλά

400 1528 496 1578 νῦν
527 1522 798 1600 ἐγνώσθη,
841 1521 1204 1598 ἀγνοούμενος
1261 1522 1324 1576 τὸ
1380 1520 1524 1596 πρίν.
1588 1545 1616 1573 ιι
1684 1521 1780 1576 Διά
1834 1542 1893 1575 τε
1924 1527 2060 1596 Γρα-

404 1617 522 1692 φῶν
556 1615 932 1689 προφητικῶν.
969 1635 999 1663 ››
1034 1615 1156 1673 Ηῶς
1189 1607 1267 1678 δὲ,
1302 1610 1490 1685 φησὶν,
1523 1608 1870 1688 ἐφανερώθητ,
1900 1635 1919 1662 ιι
1967 1609 2062 1665 Διά

412 1703 642 1778 Γραφῶν
698 1703 1075 1773 προφητικῶν,
1138 1723 1167 1751 ››
1225 1699 1401 1761 οὕτως
1456 1699 1553 1755 τοῦ
1609 1699 1821 1775 Πατρὸς
1875 1698 2062 1753 huti-

409 1792 600 1861 ξαντος
625 1790 888 1864 γενέσθαι.
944 1786 1130 1863 Ταύτῃ
1194 1785 1249 1843 δὲ
1309 1788 1401 1844 τὸν
1460 1786 1686 1843 ἄπιστον
1746 1788 1821 1850 εἰς
1879 1786 2060 1843 πίστιν

409 1878 793 1954 προτρέπεται.
863 1876 926 1935 Τί
989 1877 1093 1953 γὰρ
1154 1871 1299 1952 φοϐῇ
1377 1874 1691 1952 εἰλικρινῶς
1764 1877 1910 1949 αὖτῷ
1969 1899 2061 1932 πι-

410 1972 629 2024 στεῦσαι
666 1986 688 2031 ;
754 1968 821 2025 Οἱ
877 1974 1157 2044 προφῆται
1215 1966 1393 2034 εἶπον,
1449 1966 1478 2020 ὁ
1547 1967 1675 2029 Θεὸς
1732 1964 2056 2024 ἐνετείλατο,

408 2082 439 2111 ιι
472 2057 567 2120 Εἷς
628 2057 871 2127 ὑπακοὴν
929 2056 1181 2117 πίστεως.
1264 2080 1293 2109 »
1353 2056 1624 2126 Ὑπακοῆς
1685 2057 1787 2131 γὰρ
1873 2057 2063 2135 χρείαν

399 2169 494 2227 χει
534 2149 568 2219 ή
611 2147 822 2216 πίστις,
858 2144 954 2201 ’ίνα
992 2147 1068 2219 μή
1127 2166 1214 2209 τις
1275 2147 1723 2223 περιεργάζηται,
1785 2144 1928 2201 διατί
1971 2150 2059 2200 νῦν

411 2236 753 2314 ἐφανερώθη,
809 2236 901 2291 καὶ
960 2233 1101 2290 διατί
1166 2234 1339 2290 πάλαι
1395 2233 1637 2310 ἐσιγᾶτο.
1670 2259 1700 2287 ιι
1751 2236 1841 2298 Εἰς
1894 2237 2065 2291 πάντα

410 2327 481 2382 τὰ
506 2323 651 2396 ἔθνη.
688 2347 716 2376 ι)
746 2325 836 2395 Μὴ
877 2319 1073 2403 φοϐοῦ,
1106 2324 1291 2403 φησὶν,
1324 2323 1388 2379 οὐ
1424 2321 1486 2378 σὺ
1549 2324 1711 2397 μόνος
1769 2324 2063 2394 πιστεῦεις,

408 2412 675 2470 ἀλλὰκαὶ
704 2418 849 2469 πᾶσα
880 2414 915 2482 ἠ
965 2412 1287 2486 οἰκουμένη,
1348 2436 1376 2465 ιι
1431 2412 1600 2485 Μόνῳ
1654 2417 1807 2490 σοφῷ
1865 2417 2000 2486 Θεῷ.
2035 2436 2064 2465 »

415 2504 559 2578 Πρὸς
591 2498 1001 2572 ἀντιδιαστολῆν
1050 2505 1157 2556 τῶν
1225 2498 1593 2576 ψευδωνύμων
1636 2503 1795 2570 θεῶν,
1851 2501 1913 2557 οῦ
1969 2507 2065 2557 τοῦ

415 2593 681 2667 Χριστοῦ,
706 2591 742 2661 ἢ
766 2595 862 2647 τοῦ
902 2591 1240 2664 Πνεῦματος,
1287 2593 1360 2662 μή
1396 2590 1612 2666 γένοιτο
1647 2593 1660 2649 i
1691 2615 1719 2644 ιι
1754 2592 1852 2646 Διὰ
1881 2594 2066 2663 Ἰησοῦ

412 2684 674 2755 Χριστοῦ,
713 2704 740 2733 ››
788 2680 1188 2756 Γνωρισθέντος
1249 2680 1300 2735 ἐν
1358 2687 1477 2742 τοῖς
1536 2679 1705 2736 ἔθνεσι
1767 2678 1857 2736 διὰ
1882 2683 2067 2752 Ἰησοῦ

411 2774 668 2846 Χριστοῦ,
704 2770 778 2833 ὡς
808 2769 897 2824 καὶ
929 2769 1285 2845 κηρύξαντος.
1343 2771 1549 2827 Λοιπὸν
1606 2767 1694 2825 διὰ
1758 2770 1924 2842 μέσου
1980 2771 2065 2840 τὸ,

407 2887 438 2915 ιι
473 2861 645 2934 Μόνῳ
666 2864 819 2938 σοφῷ
848 2864 964 2932 Θεῷ
994 2861 1029 2931 ἡ
1055 2856 1203 2929 δόξα.
1243 2882 1273 2911 ιι
1315 2860 1464 2915 Μ”Η
1498 2856 1692 2923 οὕτως.
1726 2860 2067 2936 [ΟΙΚΟΥΜ.]

401 2976 433 3003 ιι
462 2949 558 3023 Τῷ
589 2948 645 3006 δὲ
685 2947 966 3023 δυναμένῳ
998 2948 1140 3021 ὑμᾶς
1172 2946 1421 3023 στηρίξαι
1468 2948 1619 3022 μόνῳ
1650 2947 1804 3026 σοφῷ
1855 2953 1991 3020 Θεῷ.
2037 2971 2065 2999 ››

405 3036 756 3113 Στηρῖξαιδὶ
780 3042 947 3106 πῶς;
1012 3062 1039 3090 ιι
1101 3036 1200 3092 Διὰ
1250 3037 1433 3104 Ἰησοῦ
1491 3040 1751 3113 Χριστοῦ,
1811 3038 1856 3110 ᾧ
1915 3034 2065 3107 δόξα,

405 3128 587 3208 φησὶν,
612 3128 691 3190 εἰς
726 3128 853 3190 τοὺς
884 3127 1107 3189 αἰῶνας.
1151 3128 1352 3198 Ἀμήν.
1383 3149 1410 3176 n
1442 3158 1511 3170 -—
1538 3150 1566 3178 ιι
1598 3129 1664 3202 ᾮ
1694 3128 1730 3195 ἡ
1764 3123 2065 3197 δόξα,››Τὸ,

406 3219 454 3292 ᾧ
483 3220 830 3292 παρέλκεται.
867 3251 930 3261 -
957 3220 1175 3292 [ΦΩΤᾸ
1209 3221 1302 3284 Τὸ,

398 3310 471 3366 τὰ
494 3309 620 3384 τρία
648 3308 964 3376 ἀκουστέον,
997 3296 1176 3376 ὧςτὸ,
1229 3328 1250 3357 ι
1310 3310 1401 3379 Τῷ
1459 3302 1520 3360 δὲ
1576 3302 1861 3377 δυναμένῳ
1928 3304 2067 3377 ὑμᾶς

401 3396 648 3472 στηρίξαι
685 3396 835 3472 μόνῳ
866 3399 1002 3467 Θεῷ,
1046 3418 1072 3447 η
1105 3395 1196 3450 καὶ
1227 3394 1303 3457 ὡς
1330 3394 1418 3462 τὸ,
1452 3416 1480 3444 ιι
1526 3394 1656 3449 Κατ’
1683 3391 1942 3468 ἐπιταγὴν
1966 3395 2065 3446 τοῦ

400 3486 630 3542 αἰωνίου
661 3491 862 3554 Θεοῦ,η
894 3486 986 3540 καὶ
1017 3485 1093 3548 ὡς
1115 3485 1200 3551 τὸ,
1259 3507 1289 3536 ››
1349 3482 1447 3537 Διά
1502 3483 1683 3553 Ἰησοῦ
1734 3485 1999 3557 Χριστοῦ.
2033 3501 2066 3533 ιι

406 3578 524 3646 Τῆς
553 3573 788 3652 Τριάδος
844 3575 947 3650 γὰρ
1006 3571 1095 3629 διὰ
1148 3573 1356 3629 τούτων
1414 3571 1789 3646 δηλουμένης,
1847 3572 1938 3626 καὶ
1995 3574 2066 3645 τῇ

413 3663 612 3741 Τριςὶδι
640 3667 743 3735 τήν
776 3664 933 3736 δόξαν
962 3665 1260 3738 ἀνήνεγκεν.

2166 540 2355 611 magis
2413 541 2848 614 constringens.
2907 565 2936 592 «
3002 546 3072 598 Et
3152 546 3618 616 prmlicationem
3675 553 3811 608 Jesu

2165 628 2404 684 Christi.
2434 651 2461 678 ››
2492 630 2779 698 Christus,
2809 632 3024 702 inquit,
3058 634 3182 690 haec
3230 637 3566 707 praedicavit
3604 654 3618 693 :
3652 639 3812 712 leges

2166 718 2367 789 itaque
2398 718 2697 792 Evangelii
2755 736 2875 775 non
2923 722 3235 779 hominum
3278 732 3437 791 sunt,
3493 727 3595 782 sed
3627 728 3814 800 ipsius

2164 806 2403 861 Christi.
2441 807 2607 872 Quod
2640 813 2838 863 autem
2871 809 2987 865 ﬁde
3019 811 3212 884 digna:
3243 814 3380 881 siut,
3405 816 3667 872 ostendit
3695 822 3753 873 et
3782 834 3818 873 a

2164 896 2586 968 praedicatione
2620 902 2678 952 et
2705 915 2739 953 a
2768 901 3011 955 nomine
3037 918 3049 954 :
3084 919 3223 957 nam
3256 905 3634 977 Evangelium
3665 907 3814 963 dici-

2166 991 2280 1042 tur.
2314 988 2453 1052 Qua)
2485 993 2575 1042 est
2605 993 2803 1044 autem
2825 989 3041 1045 Christi
3073 993 3412 1062 praedicatio
3434 995 3461 1049 ’ἶ
3494 996 3626 1067 Ipse
3656 998 3819 1053 Chri-

2167 1081 2313 1131 stus.
2353 1098 2382 1126 «
2414 1077 2753 1132 Secundum
2785 1079 3204 1136 revelationem
3264 1085 3553 1156 mysterii.
3589 1109 3617 1136 »
3649 1087 3813 1153 Quod

2166 1166 2573 1239 Evangelium,
2608 1168 2829 1238 inquit.
2864 1168 3067 1225 datum
3100 1176 3191 1227 est
3224 1174 3551 1230 secundum
3591 1177 3818 1233 revela-

2167 1256 2389 1311 tionem
2423 1257 2709 1328 mysterii.
2743 1259 2943 1323 Qualis
2972 1260 2998 1315 ?
3026 1260 3206 1317 Taciti
3248 1264 3489 1333 quidem
3521 1265 3819 1336 prioribus

2166 1345 2407 1399 aaternis
2449 1345 2838 1417 temporibus,
2900 1348 3011 1403 hoc
3068 1354 3157 1404 est
3211 1350 3435 1416 multis,
3492 1369 3652 1409 nunc
3683 1371 3819 1410 vero

2166 1433 2550 1489 manifestati.
2584 1434 2927 1506 Signiﬁcare
2982 1438 3105 1492 vult
3161 1441 3360 1511 magni
3393 1441 3639 1498 honoris
3688 1461 3818 1501 esse

2169 1520 2549 1590 donum,non
2581 1539 2650 1578 ex
2681 1523 2792 1579 hoc
2819 1525 3013 1580 solum
3041 1528 3199 1597 quod
3228 1528 3378 1585 illud
3410 1532 3820 1602 prmdicaverit

2167 1610 2460 1679 Christus,
2524 1617 2583 1666 et
2639 1612 2798 1682 quod
2855 1613 3235 1687 Evangelium
3292 1618 3553 1689 dicatur,
3610 1638 3815 1678 verum

2169 1699 2347 1756 etiam
2376 1716 2445 1754 ex
2475 1716 2544 1755 eo
2578 1701 2738 1771 quod
2776 1719 2934 1758 nunc
2982 1706 3162 1777 gratis
3213 1708 3657 1766 manifestatum
3716 1712 3815 1781 sit,

2170 1805 2513 1859 quanquam
2551 1796 2689 1844 ante
2722 1792 2939 1847 saecula
2966 1793 3166 1848 fuerit.
3198 1797 3341 1851 Nam
3386 1797 3458 1852 ab
3490 1799 3661 1854 initio
3692 1806 3823 1856 erat

2172 1877 2379 1945 Filius,
2408 1878 2512 1933 sed
2549 1896 2707 1935 nunc
2738 1881 3008 1952 cognitus
3039 1888 3128 1938 est
3159 1901 3292 1939 cum
3324 1885 3489 1955 prius
3519 1888 3820 1958 ignorare-

2172 1973 2288 2023 tur.
2329 1987 2349 2014 ι
2383 1968 2454 2021 Et
2483 1984 2589 2038 per
2638 1969 2970 2041 Scripturas
3027 1973 3425 2044 propheticas.
3454 1993 3478 2024 η
3517 1977 3822 2041 Quomodo

2171 2062 2372 2112 autem
2394 2058 2839 2113 manifestatum
2868 2065 2957 2114 est
2986 2059 3013 2113 ?
3044 2061 3257 2133 inquit.
3287 2085 3315 2112 ιι
3350 2064 3462 2118 Per
3492 2065 3822 2137 Scripturas
3920 2046 3925 2049 ⁷

2172 2146 2571 2218 propheticus,
2615 2169 2642 2196 »
2675 2164 2810 2204 cum
2844 2153 3015 2204 Pater
3056 2149 3139 2206 ita
3190 2151 3320 2207 ﬂeri
3365 2152 3668 2224 jussisset.
3720 2159 3824 2211 Per

2173 2236 2286 2291 hoc
2316 2241 2516 2292 autem
2545 2236 2921 2294 incredulum
2943 2237 3016 2293 ad
3050 2239 3229 2295 fidem
3252 2241 3613 2300 exhortatur.
3675 2245 3821 2300 Nam

2174 2324 2317 2396 quid
2350 2325 2612 2398 trepidas
2642 2326 2730 2381 illi
2763 2326 2994 2383 sincere
3016 2328 3259 2386 credere
3280 2329 3308 2385 ?
3336 2330 3822 2403 Prophetaadixe-

2173 2420 2333 2484 runt,
2362 2416 2519 2470 Deus
2560 2417 2861 2488 praecepit.
2913 2440 2941 2467 ιι
2999 2417 3086 2474 Ad
3144 2418 3544 2477 obedientiam
3597 2423 3759 2480 fidei.
3793 2446 3824 2476 »

2174 2506 2320 2560 Nam
2350 2504 2501 2560 fides
2531 2505 2871 2562 obedientia
2898 2524 3049 2580 opus
3078 2508 3277 2576 habet,
3312 2526 3388 2566 ne
3418 2512 3552 2583 quis
3591 2514 3823 2571 curiose

2176 2597 2475 2648 scrutetur
2503 2610 2682 2664 quam
2695 2594 2769 2649 ob
2800 2612 3042 2653 causam
3074 2614 3236 2655 nunc
3267 2600 3710 2658 manifestatum
3726 2604 3824 2675 sit,

2176 2685 2236 2736 et
2264 2697 2447 2752 quare
2474 2681 2619 2737 olim
2648 2683 2976 2740 tacebatur.
3013 2707 3041 2735 ιι
3066 2688 3179 2741 Per
3209 2703 3415 2743 omnes
3445 2694 3710 2760 gentes.»
3742 2693 3824 2745 Ne

2175 2772 2407 2839 timeas,
2432 2772 2644 2843 inquit,
2670 2791 2791 2829 non
2826 2781 2890 2829 tu
2920 2776 3082 2831 solus
3110 2776 3324 2846 credis,
3357 2778 3462 2834 sed
3496 2783 3556 2832 et
3582 2779 3823 2835 univer-

2175 2878 2276 2917 sus
2307 2861 2489 2917 orbis.
2525 2884 2554 2913 ιι
2587 2862 2702 2918 Soli
2734 2864 2989 2935 sapienti
3023 2866 3160 2921 Deo.
3196 2888 3224 2915 ››
3255 2866 3344 2921 Ad
3374 2867 3822 2925 distinctionem

2177 2967 2247 3005 ex
2268 2950 2513 3007 adverso
2543 2950 2694 3007 falso
2719 2951 3015 3008 dictorum
3036 2952 3306 3020 deorum,
3329 2972 3452 3011 non
3483 2957 3698 3013 Christi
3731 2957 3824 3013 vel

2175 3040 2465 3111 Spiritus:
2499 3039 2702 3095 Absit!
2736 3063 2763 3091 ιι
2799 3044 2911 3096 Per
2935 3044 3135 3098 Jesum
3193 3044 3514 3103 Christum.
3550 3068 3578 3097 »
3629 3046 3826 3121 Agniti

2178 3128 2335 3183 inter
2363 3146 2572 3183 omnes
2600 3134 2806 3201 gentes
2836 3147 2943 3201 per
2970 3132 3169 3188 Jesum
3220 3134 3545 3205 Christum,
3602 3143 3671 3192 ut
3724 3137 3830 3209 qui

1377 3241 1398 3267 ιι
1460 3221 1525 3294 *ῼ
1564 3219 1598 3285 ἡ
1635 3214 1783 3286 δόξα,
1837 3240 1865 3267 n
1924 3215 2061 3290 πρὸς

2181 3217 2358 3271 etiam
2388 3217 2747 3288 praedicavit.
2800 3220 3088 3274 Cmterum
3149 3238 3256 3293 per
3311 3204 3830 3295 interpositionem

2178 3304 2325 3359 dicit
2357 3320 2369 3359 :
2406 3327 2435 3354 ιι
2468 3305 2585 3360 Soli
2620 3307 2874 3378 sapienti
2897 3309 3014 3363 Deo
3047 3309 3256 3381 gloria.
3293 3333 3320 3361 ››
3359 3312 3447 3368 νει
3493 3313 3591 3368 hoc
3621 3314 3779 3369 modo
3813 3328 3830 3369 :

2181 3415 2208 3444 ιι
2239 3394 2301 3448 Εἰ
2334 3399 2534 3451 autem
2565 3396 2667 3466 qui
2698 3401 2911 3467 potens
2933 3404 3023 3452 est
3055 3415 3156 3454 vos
3186 3403 3543 3458 confirmare
3584 3403 3696 3459 soli
3746 3420 3835 3460 sa-

2177 3484 2362 3555 pienti
2387 3484 2527 3541 Deo.
2553 3506 2582 3535 ››
2614 3487 2739 3551 Quo
2770 3491 2968 3542 autem
3002 3488 3176 3544 modo
3236 3492 3590 3550 conﬁrmare
3612 3493 3641 3548 ?
3669 3514 3696 3544 ιι
3724 3495 3837 3550 Per

2176 3575 2377 3629 Iesum
2410 3574 2708 3629 Christum
2736 3591 2749 3628 :
2773 3576 2867 3631 cui
2898 3575 3088 3649 gloria
3109 3577 3168 3632 in
3204 3579 3441 3637 saecula.
3477 3584 3729 3638 Amen.»
3766 3612 3837 3625 ...-

2179 3685 2207 3713 ιι
2243 3663 2346 3718 Cui
2378 3663 2586 3737 gloria.
2622 3685 2650 3713 ››
2683 3664 2836 3720 896
2862 3665 2967 3722 Cui
2996 3666 3275 3738 parelcon
3302 3674 3410 3737 est,
3442 3670 3555 3725 hoc
3588 3677 3698 3736 est,
3731 3689 3839 3742 per

419 3757 937 3833 interpositionem
970 3754 1258 3811 additum.
1307 3786 1360 3795 —
1397 3753 1564 3820 Quod
1603 3753 1821 3810 dicitur
1853 3770 1866 3810 :
1901 3776 1927 3803 ιι
1960 3751 2061 3808 Cui
2111 3752 2323 3825 gloria,
2357 3775 2379 3804 ι
2418 3753 2491 3809 ad
2549 3753 2661 3808 tria
2704 3752 3145 3828 adiungendum
3209 3762 3318 3822 est,
3353 3763 3514 3827 puta,
3553 3781 3573 3806 ιι
3611 3759 3673 3812 Ei
3734 3759 3836 3828 qui

426 3853 639 3919 potens
669 3851 760 3902 est
788 3864 887 3901 vos
921 3845 1273 3901 conﬁrmare
1306 3843 1416 3899 soli
1451 3843 1702 3915 sapienti
1735 3845 1892 3911 Deo;
1928 3864 1947 3890 ι

1992 3847 2051 3896 et
2101 3863 2130 3892 ιι
2168 3841 2502 3898 Secundum
2560 3848 2923 3915 praeceptum
2980 3845 3187 3900 aeterni
3228 3844 3374 3910 Dei;
3429 3868 3451 3895 ι
3514 3862 3583 3900 ac
3642 3845 3839 3917 tertio,

426 3955 447 3985 ι
482 3936 593 3992 Per
619 3936 818 3991 Jesum
845 3933 1166 3989 Christum.
1200 3954 1229 3983 »
1265 3933 1378 3988 Per
1409 3933 1536 3987 haac
1591 3933 1757 3988 enim
1821 3932 2203 3989 manifestata
2261 3932 2544 3987 Trinitate
2603 3932 2851 4003 gloriam
2906 3949 3142 4003 quoque
3197 3931 3401 3988 retulit
3455 3932 3530 3989 ad
3585 3933 3838 3990 Trinita-

424 4030 563 4081 tem.

1062 4111 1312 4166 KE¢A.\.
1347 4109 1447 4166 16‘.

604 4198 736 4273 Περὶ
771 4198 1061 4270 μιμήσεως
1103 4204 1206 4266 τῆς
1263 4199 1502 4273 Χριστοῦ
1544 4196 1898 4269 ἀνεξικακίας.

496 4302 823 4383 Ὀφείλομεν
883 4299 944 4359 δὲ
1000 4304 1164 4375 ἡμεῖς
1216 4302 1269 4357 οἱ
1325 4299 1550 4358 δυνατοὶ
1606 4302 1672 4357 τὰ
1727 4301 2080 4375 ἀσθενήματα

431 4398 539 4449 τῶν
614 4392 887 4450 ἀδυνάτων
975 4394 1290 4468 βαστάζειν,
1377 4389 1467 4445 καὶ
1529 4392 1605 4465 μή
1689 4392 1901 4455 ἑαυτοῖς
1965 4392 2083 4465 ἀρέ-

431 4504 595 4540 σκειν.
655 4487 922 4545 Ἕκαστος
999 4485 1160 4555 ἡμῶν
1239 4486 1320 4554 τῷ
1382 4479 1621 4551 πλησίον
1681 4480 1951 4556 ἀρεσκέτω
2004 4480 2080 4543 εἷς

425 4574 489 4629 τὸ
572 4572 773 4648 ἀγαθὸν
822 4571 959 4646 πρὸς
1033 4568 1355 4643 οἰκοδομήν.
1428 4568 1527 4624 Καὶ
1583 4569 1684 4644 γὰρ
1762 4570 1790 4624 ὁ
1848 4569 2082 4647 Χριστὸς

433 4662 544 4738 οὐχ
572 4662 747 4734 ἑαυτῷ
803 4661 1016 4736 ἤρεσεν,
1075 4657 1241 4732 ἀλλὰ,
1297 4659 1479 4724 καθὼς
1537 4658 1861 4736 γέγραπται,
1929 4680 1949 4709 ι
2013 4661 2081 4717 Οἱ

435 4749 740 4822 ὀνειδισμοὶ
850 4753 961 4803 τῶν
1039 4745 1412 4817 ὀνειδιζόντων
1515 4766 1573 4801 σε
1655 4746 1912 4803 ἐπέπεσον
1998 4747 2081 4804 ἐπ’

437 4837 555 4913 ἰμέ.
590 4862 619 4892 ››
650 4841 791 4896 Ὅσα
826 4839 930 4914 γὰρ
990 4836 1471 4929 προεγράφηκε-ἱς
1523 4837 1622 4929 τὴν
1663 4838 1944 4929 ⁸ἡμετέραν
2006 4837 2091 4896 δι-
2118 4865 2157 4929 D

435 4924 732 4983 δασκαλίαν
782 4929 1140 5006 προεγράφη,
1198 4924 1286 4979 ἳνα
1353 4922 1442 4979 διὰ
1493 4927 1592 4988 τῆς
1655 4926 1941 4999 ὑπομονῆς
1995 4932 2084 4987 καὶ

434 5023 534 5086 τῆς
590 5015 987 5089 παρακλήσεως
1040 5020 1151 5071 τῶν
1211 5018 1462 5092 Γραφῶν,
1518 5015 1618 5084 τὴν
1693 5012 1890 5072 ἐλπίδα
1942 5013 2085 5095 ἔχω-

485 5125 559 5163 εν.

485 5127 559 5163 εν.

441 5127 652 5270 μηρὸς
696 5194 820 5257 τοὺς
884 5196 1223 5271 ὑγιαίνοντας
1279 5193 1462 5269 τρέπει
1525 5193 1618 5247 τὸν
1687 5192 1876 5269 λόγον,
1936 5194 2085 5253 διδά-

435 5303 580 5338 σκων
625 5280 735 5338 δεῖν
790 5279 1233 5361 συγκαταϐαίνειν
1291 5287 1408 5345 τοῖς
1457 5280 1717 5337 ἀσθενέσι.
1777 5284 2089 5357 Χρεωστοῦ-

440 5392 537 5446 μεν
577 5372 680 5448 γαρ
715 5377 896 5443 τοῦτο,
938 5371 1123 5452 φησίν.
1178 5377 1311 5443 Ὅρα
1360 5367 1417 5424 δὲ
1469 5374 1585 5432 πῶς
1640 5369 1901 5442 εὐτελίζει
1957 5375 2084 5439 τοὺς

435 5459 697 5524 ἀσθενεῖς.
732 5460 863 5535 Περὶ
891 5462 986 5534 μὶν
1019 5461 1121 5538 γὰρ
1166 5465 1272 5514 τῶν
1335 5457 1522 5514 ἄλλων
1579 5459 1763 5535 φησὶν,
1800 5481 1822 5511 ι
1854 5463 1921 5519 0".
1991 5461 2085 5519 δυ-

429 5549 607 5605 νατοίο
671 5572 700 5601 ιι
784 5550 907 5625 περὶ
982 5550 1190 5606 τούτων
1245 5545 1322 5619 δί,
1385 5571 1414 5599 ιι
1491 5549 1575 5605 Ti
1647 5547 2015 5624 ἀσθενήματα.
2053 5577 2084 5607 ››

434 5639 603 5709 καὶ,ι‹
633 5641 755 5697 Τῶν
814 5636 1105 5695 ἀδυνάτων
1144 5665 1165 5693 ι
1221 5638 1312 5692 καὶ
1365 5639 1448 5706 τὸ,
1507 5662 1535 5689 ιι
1600 5638 1919 5714 Βαστάζειν,
1990 5643 2082 5699 καὶ

2822 4110 3052 4165 CAPUT
3090 4110 3230 4165 XIX.

2500 4209 2578 4262 De
2606 4207 2925 4264 imitatione
2963 4208 3263 4266 clementiae
3294 4211 3521 4268 Christi.

2261 4311 2374 4378 XV,
2407 4312 2522 4369 1-4.
2558 4334 2586 4361 ‹ι
2612 4312 2907 4369 Debemus
2938 4318 3136 4369 autem
3169 4316 3417 4386 nos,qui
3450 4320 3724 4388 potentes
3747 4333 3839 4371 su-

2191 4421 2219 4450 ιι
2235 4416 2384 4462 mus,
2397 4399 2774 4458 infirmitates
2796 4403 3211 4475 impotentium
3224 4403 3580 4477 bajulare,et
3599 4422 3721 4460 non
3734 4422 3839 4461 no-

2191 4510 2218 4537 ιι
2250 4487 2344 4543 bis
2369 4488 2515 4560 ipsis
2537 4490 2789 4561 placere.
2826 4493 3245 4564 Unusquisque
3276 4500 3543 4548 nostrum
3567 4494 3837 4566 proximo

2192 4598 2220 4627 ιι
2249 4576 2482 4649 placeat
2511 4579 2572 4633 in
2602 4578 2821 4636 bonum
2850 4586 2909 4637 et
2932 4582 3647 4638 aadificationemEtenim
3671 4584 3839 4639 Chri-

2194 4687 2221 4716 ιι
2249 4671 2373 4721 stus
2402 4682 2523 4721 non
2557 4666 2666 4721 sibi
2719 4668 2829 4740 ipsi
2874 4669 3118 4741 placuit,
3155 4669 3280 4738 sed,
3337 4670 3841 4742 quemadmodum

2193 4778 2223 4806 ιι
2258 4755 2542 4827 scriptum
2577 4762 2695 4812 est:
2731 4779 2761 4807 ιι
2813 4757 3141 4830 Opprobria
3198 4759 3688 4830 opprobrantium
3734 4761 3842 4817 tibi

2193 4866 2222 4893 ιι
2254 4844 2599 4901 ceciderunt
2629 4863 2808 4918 super
2836 4863 2951 4901 me.
2985 4868 3014 4897 «
3037 4847 3415 4919 Quaecunque
3446 4849 3605 4904 enim
3624 4850 3844 4922 scripta

2202 4954 2228 4983 ιι
2261 4932 2505 5001 sunt,ad
2533 4939 2798 4989 nostram
2821 4933 3153 4989 doctrinam
3180 4935 3322 4990 olim
3345 4936 3567 5009 scripta
3588 4943 3746 5005 sunt,
3778 4944 3847 4993 ut

2203 5041 2226 5071 ι
2269 5037 2374 5092 per
2402 5021 2749 5092 patientiam
2790 5028 2849 5077 et
2892 5022 3364 5079 exhortationem
3405 5025 3842 5096 Scripturarum

2199 5131 2227 5160 ιι
2259 5125 2423 5181 spem
2456 5110 2799 5166 habeamus.
2839 5135 2859 5160 ι

2266 5197 2352 5252 Ad
2380 5215 2481 5254 eos
2513 5200 2613 5269 qui
2648 5200 2778 5255 sani
2830 5206 3000 5257 erant
3029 5201 3091 5257 in
3124 5202 3239 5258 fide
3294 5205 3587 5259 convertit
3617 5221 3843 5260 sermo-

2195 5305 2354 5356 nem,
2380 5287 2600 5344 docens
2619 5296 2892 5362 oportere
2922 5291 3059 5347 illos
3081 5293 3562 5352 condescendere
3585 5294 3850 5350 imbecil-

2192 5376 2517 5432 libus.Debi
2529 5382 2684 5434 tores
2699 5380 2858 5434 enim
2876 5380 3051 5453 hujus
3063 5383 3442 5439 sumus.Vide
3454 5389 3653 5439 autem
3667 5399 3845 5454 quam

2192 5471 2460 5523 attenuet
2479 5484 2549 5523 ac
2571 5468 2813 5541 dejiciat
2832 5468 3332 5527 imbecilles.Nam
3353 5472 3425 5528 de
3444 5472 3578 5527 aliis
3602 5473 3844 5542 quidem

2191 5557 2303 5612 ait:
2326 5579 2352 5605 ιι
2373 5554 2668 5627 Potentes,
2687 5579 2710 5608 ι
2737 5558 2811 5614 de
2834 5558 2925 5614 his
2945 5574 3141 5628 vero,«
3157 5559 3578 5616 Intirmitates»
3599 5564 3659 5615 et
3679 5580 3706 5609 ιι
3726 5564 3844 5614 Im-

2191 5645 2522 5719 potentium
2549 5669 2577 5697 ››
2599 5664 2665 5704 ac
2689 5670 2717 5698 ιι
2744 5647 3035 5722 Bajulare.
3054 5670 3082 5697 ν
3114 5679 3183 5689 -
3209 5668 3231 5697 ι
3258 5650 3328 5704 Ει
3356 5665 3477 5705 non
3507 5647 3678 5703 nobis
3696 5645 3844 5717 ipsis
