4198 6200
404 297 523 357 613

1483 289 1905 355 COMMENT.
1954 289 2025 350 1N
2070 288 2312 351 EPIST.
2358 293 2462 352 AD
2507 292 2702 356 ROM.

3693 299 3817 360 614

405 435 602 498 νῆσθαι
668 427 1032 503 πρεριτομῆς,
1086 426 1177 480 ἵνα
1226 426 1319 480 καὶ
1375 426 1545 501 ταύτῃ
1627 419 1907 500 βεϐαιώσῃ
1964 421 2052 477 καὶ

2179 429 2355 480 strum
2386 426 2606 482 factum
2636 427 2819 484 fuisse
2845 430 3431 487 circumcisioniszut
3445 433 3809 506 hacquoque

408 517 682 592 πληρώσῃ
709 515 803 570 τὸν
833 515 1027 588 νόμον.
1067 537 1089 567 ι
1125 513 1283 592 Λέγω
1332 515 1438 590 γὰρ
1493 515 1727 589 Χριστὸν
1756 513 1994 583 Ἰησοῦν,
2028 532 2058 563 ιο

408 598 497 663 καὶ
529 608 675 679 ἑξῆς.
709 637 779 648 --
802 607 1014 679 [cur]
1066 606 1216 663 Οῗονο
1268 610 1395 667 litin;
1452 598 1827 681 προσελάϐετο
1858 602 1999 676 ὑμᾶς
2032 602 2061 656 ὁ

412 696 647 771 Χριστός
684 714 699 763 ;
731 695 896 752 Οὕτω
928 695 1102 770 λέγω,
1133 694 1287 775 φησί’
1326 717 1349 748 ι
1382 694 1526 758 Τοὺς
1587 694 1683 767 μὶν
1739 689 2059 759 Ἰουδαίους,

411 784 770 861 περιτμηθεὶς
799 783 890 839 καὶ
920 783 1271 862 χρηματίσας
1298 783 1434 839 κατὰ
1466 784 1636 856 σάρκα
1667 782 1726 837 ἐκ
1770 786 1869 837 τοῦ
1898 778 2063 855 σπέρ-

415 896 585 948 ματος
619 875 824 943 αὐτῶν,
856 871 907 946 ἐξ
939 871 1003 927 οὗ
1034 870 1332 943 ἀληθεῦσαι
1362 893 1420 928 τε
1451 874 1761 949 συνήργησε
1806 871 1897 925 τὸν
1959 871 2064 927 Πα-

409 962 560 1038 τέρα,
592 962 682 1018 καὶ
712 961 809 1023 τὰς
842 959 1176 1038 ἐπαγγελίας
1219 960 1598 1039 ἐκπληρῶσαι.

483 1145 597 1200 Ἵνα
626 1140 731 1218 γὰρ
755 1143 927 1215 μήτις
959 1138 1308 1215 εῗπῃ,Καὶτίς
1336 1139 1495 1216 χρεία
1525 1145 1623 1197 τοῦ
1640 1137 2065 1218 προσληφηῆναι

412 1230 541 1294 τοὺς
572 1227 893 1300 Ἰουδαίους,
952 1227 1124 1285 πάλαι
1178 1233 1257 1302 τῷ
1314 1230 1484 1307 Πατρὶ
1543 1227 2066 1306 προσῳκειωμξνους

416 1316 597 1387 ὄντας,
627 1320 718 1376 καὶ
750 1317 1079 1395 ἒπαγγεΛίας
1115 1315 1536 1395 ἐκδεχομένους,
1566 1314 1627 1382 ἃς
1687 1317 1795 1394 οὐχ
1834 1318 1953 1373 οἷόν
2007 1336 2067 1373 τε

416 1411 483 1480 ἦν
547 1411 621 1484 μὴ
680 1403 933 1479 ἐκϐῆναι,
990 1407 1105 1463 ἐπεὶ
1165 1406 1490 1479 παναληθής
1549 1408 1577 1463 ὁ
1636 1407 2065 1482 ὑποσχόμενοςς

417 1500 588 1559 ταῦτά
641 1521 826 1575 φησιν,
885 1501 970 1555 δτι
1033 1497 1136 1555 Κᾶν
1189 1499 1614 1577 προελήφθησαν
1680 1497 1731 1553 οἱ
1787 1492 2069 1566 Ἰουδαῖοι,

416 1591 516 1649 κᾶν
548 1588 866 1667 ἐπαγγελίας
894 1585 1164 1660 ἐδέξαντο,
1215 1588 1260 1643 εί
1321 1588 1398 1662 μή
1458 1581 1827 1663 προσελάϐετο
1872 1584 2067 1649 αὐτοὺς

421 1684 600 1745 δι’ἱὸς
631 1678 927 1753 σαρκωθεὶς
986 1679 1077 1736 καὶ
1135 1678 1512 1757 περιτμηθεῖς,
1572 1676 1695 1735 οἷίτε
1748 1680 1858 1733 τῶν
1904 1675 2067 1753 ἐπαγ-

2167 516 2643 585 contirmaret,ac
2664 517 2854 591 legem
2884 521 3060 577 etiam
3092 521 3470 593 complerem
3490 525 3633 579 Dico
3650 525 3812 581 enim

2167 603 2461 660 Christum
2492 607 2750 662 Jesum.»
2781 638 2849 650 --
2879 611 3176 681 Tanquam
3213 610 3473 667 diceret:
3506 614 3809 677 Quomodo

2167 704 2267 745 vos
2296 693 2620 765 assumpsit
2648 695 2915 751 Christus
2951 697 2979 752 ‘2
3007 699 3094 753 ita
3131 698 3284 766 dico,
3318 699 3548 771 inquit:
3580 700 3814 757 Judzeos

2169 778 2435 848 quidem,
2468 782 2875 852 circumcisus,
2907 785 3151 855 etjuxta
3173 787 3413 843 oracula
3441 788 3814 845 descendens

2169 869 2496 924 secundum
2530 888 2769 927 carnem
2814 890 2882 928 ex
2942 875 3167 931 semine
3226 876 3512 948 ipsorum,
3574 895 3643 934 ex
3696 896 3813 950 quo

2171 957 2349 1013 etiam
2381 958 2536 1014 Patri
2565 967 2915 1034 coeperatus
2955 969 3044 1020 est
3072 971 3138 1020 ut
3190 982 3355 1022 veras
3385 966 3728 1023 ostenderet
3759 972 3819 1024 et

2171 1044 2498 1119 compleret
2527 1050 2972 1122 promissiones.

2250 1136 2552 1208 Siquidem
2584 1157 2662 1196 ne
2691 1141 2824 1213 quis
2847 1142 3187 1200 diceret:Et
3209 1161 3340 1214 qua:
3354 1152 3481 1202 erat
3499 1147 3820 1203 necessitas

2174 1231 2238 1282 ut
2267 1236 2715 1285 assumerentur
2743 1231 2948 1300 Judazi,
2982 1234 3083 1304 qui
3108 1233 3235 1304 jam
3267 1234 3409 1290 olim
3433 1233 3506 1290 ad
3529 1236 3717 1291 Patris
3734 1234 3819 1292 fa-

2173 1316 2576 1373 miliaritatem
2624 1321 2912 1392 assumpti
2980 1329 3168 1391 erant,
3255 1340 3323 1379 ac
3395 1323 3823 1396 promissiones

2176 1414 2581 1478 susceperant,
2615 1426 2762 1480 quas
2811 1410 3178 1482 impossibile
3238 1420 3363 1469 erat
3406 1431 3526 1470 non
3567 1414 3823 1484 evenire,

2175 1509 2311 1550 cum
2336 1494 2543 1551 fallere
2574 1514 2694 1553 non
2744 1505 2947 1570 posset
3002 1500 3051 1557 is
3109 1499 3209 1573 qui
3243 1502 3649 1573 promiserat?
3680 1502 3820 1572 Hoc,

2176 1583 2392 1655 inquit,
2424 1584 2556 1641 ideo
2602 1586 2715 1642 fuit
2745 1605 3008 1657 necesse,
3057 1590 3215 1662 quia,
3251 1590 3361 1646 etsi
3393 1591 3560 1663 prius
3589 1609 3822 1648 assum-

2176 1673 2261 1745 pti
2293 1679 2465 1729 erant
2518 1674 2725 1744 Judaei,
2765 1693 3107 1749 quanquam
3161 1680 3591 1750 promissiones
3624 1697 3822 1736 susce-

421 1769 621 1849 γελιῶν
654 1769 963 1841 ἠξιώθησαν
1020 1766 1105 1838 ἄν,
1164 1767 1386 1832 ἑαυτοὺς
1434 1772 1542 1823 τῶν
1600 1762 1836 1822 ἐντολῶν
1895 1784 2070 1838 παρα-

2179 1769 2408 1834 perant,
2440 1764 3001 1839 uisiassumpsisset
3055 1787 3156 1826 eos
3212 1769 3418 1836 Filius,
3477 1771 3821 1827 incarnatus

421 1858 585 1924 ϐάτας
618 1859 1074 1935 ἀπεργασάμενοι,
1109 1856 1221 1914 οὔτ’
1281 1857 1339 1913 ἂν
1371 1859 1434 1914 τὸ
1490 1856 1614 1933 περὲ
1670 1858 1770 1926 τήν
1804 1855 2065 1928 ἀλήθειαν

422 1948 683 2025 ἃτρεπτον
716 1948 804 2003 καὶ
838 1946 1256 2022 ἀμεταμέλητον
1311 1952 1409 2003 τοῦ
1471 1947 1675 2021 lla-rgo;
1730 1945 1808 2008 εἷς
1861 1944 2069 2022 συμφέ-

421 2060 516 2117 ρον
540 2038 724 2101 αὐτοῖς
757 2036 1118 2117 ἐχρημάτιζε,
1152 2033 1242 2092 διὰ
1297 2042 1395 2106 τῆς
1451 2031 1809 2112 παραϐάσεως
1856 2054 2068 2110 ποιρεμ⁴

421 2127 706 2199 ποδίζουσι
734 2127 933 2197 ταύτην
963 2122 1258 2197 ἂποὸῆναι.
1317 2124 1411 2181 Διὸ
1461 2119 1915 2198 προσλαϐόμενος
1968 2123 2069 2179 αὖ·

421 2222 549 2281 τους
581 2215 1080 2293 καῖπεριτμηοεῖς,
1139 2217 1230 2270 καὶ
1288 2219 1357 2289 τῇ
1411 2220 1507 2271 τοῦ
1568 2217 1775 2291 Πατρὸς
1838 2213 2069 2286 ἀληθείᾳ

423 2305 737 2384 συνέπραξε,
781 2306 871 2360 καὶ
928 2305 1025 2369 τᾶς
1081 2303 1410 2381 ἐπαγγελίας
1471 2301 1785 2375 τελεσθῆναι
1842 2303 1931 2359 καὶ
1988 2305 2073 2380 βε-

423 2393 728 2468 ϐαιωθῆναι
768 2396 1129 2472 συνήργησεν.
1190 2390 1367 2450 Ἀλλᾶ
1416 2394 1542 2457 τοὺς
1600 2392 1697 2466 μὲν
1751 2390 2069 2464 Ἰουδαίους,

426 2487 570 2543 οὓτω
597 2507 656 2542 τε
683 2483 773 2540 καὶ
795 2480 885 2540 δια
914 2486 1099 2538 ταῦτα·
1126 2484 1193 2538 τὲ
1224 2479 1281 2537 δῖε
1310 2474 1461 2554 ἔθνη,
1491 2480 1647 2560 φησὶ,
1684 2479 1772 2536 διὰ
1799 2483 1851 2537 τί
1899 2499 2071 2557 προσ-

428 2572 654 2631 ελάϐετο
687 2594 701 2644 ;
733 2573 812 2629 Δι’
842 2569 1045 2652 ἄφατον
1077 2565 1254 2639 ἔλεος,
1285 2570 1373 2627 καὶ
1416 2575 1513 2627 τοῦ
1571 2568 1892 2643 δοξασυῆναο.
1928 2567 2069 2646 μᾶλ-

427 2666 524 2722 λον
553 2666 643 2721 τὸν
678 2664 908 2739 Πατέρα.
941 2662 1007 2720 Εἰ
1064 2661 1165 2737 γὰρ
1220 2661 1284 2716 τὸ
1343 2660 1437 2723 τὰς
1493 2659 1822 2737 ἐπαγγελίας
1861 2659 2067 2732 ἔκπλη-

427 2761 617 2831 ρῶσαι,
649 2753 738 2808 καὶ
775 2753 852 2825 μὴ
881 2748 1029 2821 δόξαι
1061 2751 1171 2805 τισὶ
1213 2751 1504 2822 ψευσασθαι
1560 2750 1652 2805 τὸν
1720 2747 1953 2825 Ηατὲρα,
1994 2749 2070 2812 εἰς

423 2843 583 2916 δόξαν
615 2845 782 2898 αὑτοῦ
812 2839 1075 2896 συντελεῖ·
1107 2837 1168 2894 τὸ
1199 2835 1328 2912 μηδ’
1352 2838 1709 2914 ὑποσχέσθαι,
1751 2836 1884 2912 μηδ’
1903 2837 2073 2916 ἐπαγ-

417 2935 726 3013 γείλασθαι,
760 2931 888 2988 ἀλλ’
920 2928 1093 2987 οὕτως
1127 2929 1322 3003 ἀθρόον
1354 2929 1684 3005 χαρίσασθαι
1711 2929 1779 2985 τὰ
1823 2930 2072 3005 ὑπερφυῆ

418 3026 509 3080 καὶ
540 3024 866 3091 ἀνέλπιστα,
896 3024 1018 3082 πῶς
1050 3018 1182 3094 οὐχὶ
1214 3016 1291 3080 εἷς
1322 3015 1525 3099 ἄφατον
1551 3015 1707 3090 δόξαν
1732 3023 1834 3074 τοῦ
1862 3020 2069 3095 Ματρὸς

422 3110 723 3169 συντελέσει
759 3126 774 3179 ;
809 3140 878 3151 —-
922 3106 1145 3170 Ἄλλως
1205 3110 1361 3182 [ΤΟΥ
1406 3108 1673 3180 ΑΥΤ()Υ.]
1726 3108 1791 3165 Ὀ
1848 3108 2070 3183 Χριστὸς

427 3205 593 3277 μόνος
627 3200 919 3277 ἐπλήρωσε
947 3201 1038 3257 τὸν
1067 3199 1259 3273 νόμον,
1290 3200 1466 3260 πασας
1520 3200 1618 3263 τὰς
1672 3199 1895 3261 ἐντολὰς
1948 3218 2073 3254 κατ-

422 3295 688 3371 ορθώσας.
724 3290 904 3347 Ἀλλᾶ
927 3291 1017 3345 καὶ
1047 3286 1315 3351 Ἰουδαῖος
1342 3289 1409 3358 ἦν
1469 3289 1603 3344 κατὰ
1659 3289 1853 3363 σάρκα.
1902 3293 2072 3345 Τοῦτο

424 3384 529 3458 γαρ
548 3382 639 3438 καὶ
672 3379 761 3437 διὰ
789 3387 891 3450 τῆς
938 3386 1245 3455 περιτομῆς
1302 3375 1590 3449 δηλοῦται.
1651 3376 1827 3435 Ἀλλὰ
1879 3380 1971 3433 καὶ
2019 3379 2073 3434 οἱ

425 3475 577 3546 αὖτῷ
607 3470 1029 3542 υίοθετηθέντες,
1060 3469 1135 3531 ὡς
1163 3470 1231 3524 τὰ
1261 3467 1429 3543 ἄστρα
1458 3472 1558 3523 τοῦ
1616 3467 1848 3543 οὐρανοῦ
1895 3467 2074 3540 ἐπλη-

424 3564 716 3633 θύνθησαν,
747 3562 839 3616 καὶ
873 3560 948 3621 ὡς
984 3561 1021 3628 ἡ
1053 3557 1239 3632 ἅμμος
1267 3559 1302 3626 ἠ
1362 3558 1511 3632 παρᾶ
1537 3558 1601 3613 τὸ
1633 3556 1825 3633 χεῖλος
1850 3562 1952 3625 τῆς
1978 3568 2072 3622 θα-

425 3650 655 3722 λάσσης.
683 3652 849 3705 Ὥστε
878 3647 1042 3712 αὐτὸς
1067 3647 1158 3701 καὶ
1189 3651 1269 3719 τῷ
1316 3646 1485 3721 Πατρὶ
1526 3649 1859 3723 συνήργησεν
1907 3646 1981 3712 είς
2010 3647 2073 3702 τὸ

427 3738 861 3811 ἀλτ,θεῦσαι,ιιαὶ
920 3736 998 3798 εἷς
1055 3736 1119 3790 τὸ
1172 3735 1267 3797 τὰς
1296 3734 1435 3811 πρὸς
1461 3736 1555 3791 τὸν
1596 3730 1851 3811 Ἀϐραὰμ
1907 3735 2072 3813 ἐπαγ-

423 3828 609 3906 γελίας
639 3825 1137 3898 ἀποπληρωθῆναι,
1194 3825 1545 3898 κατορθώσας
1605 3825 1699 3899 μὶν
1758 3829 1928 3880 πᾶσαν
1986 3824 2072 3880 ἐν-

424 3915 624 3987 τολὴν,
659 3915 733 3977 εῗς
772 3909 1023 3990 Ἀϐραὰμ
1054 3909 1111 3968 δὲ
1169 3912 1385 3987 σπέρμα
1441 3913 1734 3989 λογισθεὶς,
1786 3920 1955 3969 πᾶσαν
2015 3911 2075 3969 δὶ

424 4010 524 4077 τήν
555 4005 880 4078 οἰκουμένην
912 4001 1214 4078 πληρώσας
1247 4000 1336 4057 διὰ
1385 4007 1493 4057 τῶν
1544 4008 1768 4060 πιστῶν.
1805 4029 1832 4055 (ι
1889 4003 2075 4059 Διακο-

424 4117 516 4152 νον
539 4095 852 4171 γεγενῆσθαι
883 4098 1212 4167 περιτομῆς.
1254 4116 1273 4141 n
1309 4092 1428 4147 Ἐνι
1480 4092 1568 4146 καὶ
1626 4093 1800 4154 οὓτως
1853 4098 2070 4162 νοῆσαυ

430 4186 682 4248 Διακονος
712 4184 930 4261 γέγονεν
959 4183 988 4237 ὁ
1017 4181 1250 4255 Χριστὸς
1277 4184 1387 4236 τῶν
1441 4178 1741 4249 Ἰουδαίων,
1773 4180 2072 4252 τουτέστιν,

429 4276 562 4350 ὑπὲρ
592 4278 691 4329 τοῦ
714 4273 847 4333 τοὺς
876 4270 1183 4330 Ἰουδαίους
1242 4268 1389 4332 ἐντὸς
1443 4266 1684 4343 γενέσθαι
1739 4274 1848 4325 τῶν
1906 4269 2073 4344 ἐπαγο

428 4364 650 4439 γελιῶν,
704 4362 794 4416 ἳνα
848 4359 936 4415 καὶ
996 4360 1024 4415 ὁ
1080 4358 1278 4420 ταύτας
1363 4356 1818 4434 ἐπαγγειλάμενος
1886 4360 2071 4434 Πατὴρ

430 4451 730 4526 ἂληθεῦσῃ.
765 4475 792 4502 ‹‹
827 4450 919 4512 Εἰς
947 4449 1010 4504 τὸ
1069 4443 1370 4523 βεϐαιῶσαι
1429 4446 1526 4508 τὰς
1582 4443 1906 4524 ἐπαγγελίας
1960 4452 2069 4503 τῶν

2176 1871 2244 1910 ac
2276 1855 2680 1922 circumcisus,
2707 1874 3085 1930 nequaquam
3106 1859 3602 1931 promissionihus
3659 1857 3820 1932 digni

2175 1942 2362 1998 habiti
2393 1944 2665 2013 fuissent,
2697 1962 2830 2002 cum
2864 1949 3091 2021 seipsos
3155 1953 3586 2021 praeceptorum
3627 1954 3825 2005 trans-

2178 2048 2479 2105 gressores
2504 2034 2805 2103 fecissent,
2840 2053 3037 2109 neque
3070 2037 3261 2093 Patris
3328 2037 3637 2094 oraculum
3667 2039 3828 2096 circa

2177 2122 2892 2188 veritatem,immutabile
2924 2144 2991 2183 ac
3015 2127 3305 2200 paenitere
3335 2128 3630 2195 nescium,
3663 2127 3827 2183 utili-

2180 2212 2284 2266 tati
2313 2213 2399 2267 eis
2428 2213 2656 2283 fuisset,
2691 2215 2909 2287 quippe
2940 2217 3041 2287 qui
3084 2233 3190 2272 sua
3221 2217 3688 2289 transgressione
3711 2217 3829 2274 im-

2178 2302 2587 2374 pedimentum
2608 2304 3045 2375 prmstitissent,
3077 2323 3153 2362 ne
3184 2323 3253 2362 ea
3283 2307 3496 2363 veritas
3529 2307 3830 2381 continge-

2175 2395 2288 2446 ret.
2330 2393 2651 2463 PrOpterea
2679 2410 2815 2450 cum
2844 2394 3006 2466 ipsos
3029 2395 3452 2468 assumpsisset
3475 2414 3543 2454 ac
3563 2397 3828 2454 circum-

2179 2488 2338 2545 cisus
2368 2495 2566 2546 esset:
2599 2496 2658 2546 et
2692 2492 2884 2549 Patris
2924 2494 3153 2550 veritati
3198 2501 3549 2568 cooperatus
3606 2502 3716 2565 est,
3773 2500 3832 2552 et

2179 2582 2246 2630 ut
2264 2577 2696 2648 promissiones
2743 2581 3173 2652 perﬁcerentur
3229 2600 3299 2639 ac
3328 2584 3833 2640 conﬁrmarentur

2182 2664 2361 2720 simul
2388 2667 2601 2721 effecit.
2629 2668 2739 2723 Sed
2766 2669 2927 2740 ipsos
2950 2668 3191 2741 quidem
3222 2670 3459 2727 Iudaeos
3490 2671 3602 2727 hoc
3644 2671 3830 2737 modo

2184 2758 2240 2806 et
2270 2760 2509 2825 propter
2537 2755 2650 2811 ista
2678 2759 3034 2829 assumpsit:
3069 2775 3273 2813 verum
3302 2776 3484 2830 quare
3509 2766 3716 2831 gentes
3738 2776 3833 2814 as-

2181 2841 2473 2913 sumpsit?
2490 2845 2735 2916 PrOpter
2747 2842 3109 2901 ineffabilem
3125 2848 3618 2918 misericordiam,
3645 2852 3830 2919 utque

2180 2932 2371 3002 magis
2399 2932 2834 3001 gloriﬁcaretur
2873 2936 3064 2989 Pater.
3098 2935 3242 2991 Nam
3304 2936 3353 2991 si
3400 2936 3834 3008 promissiones

2179 3020 2491 3091 compleri,
2517 3026 2577 3076 et
2604 3037 2723 3077 non
2749 3023 2933 3078 videri
2980 3023 3340 3094 quibusdam
3371 3027 3605 3081 Patrem
3646 3026 3832 3083 fuisse

2180 3107 2554 3174 mendacem,
2586 3109 2812 3166 confert
2860 3111 2935 3167 ad
2967 3111 3155 3183 ipsius
3197 3113 3448 3185 gloriam
3485 3131 3500 3180 ;
3533 3114 3834 3185 quomodo

2542 3164 2554 3174 ,
2662 3164 2693 3165 η
2867 3164 2935 3167 με
3197 3164 3448 3185 ο-μ-ηςη
3486 3164 3500 3180 ,
3539 3164 3830 3185 ι--η-νη

2110 3164 2154 3230 c
2184 3197 2256 3253 ad
2286 3195 2643 3253 immensam
2674 3199 2864 3255 Patris
2894 3200 3143 3272 gloriam
3175 3216 3295 3256 non
3362 3201 3615 3270 confert,
3665 3203 3832 3274 prius

2180 3302 2301 3343 non
2331 3286 2721 3360 spopondisse
2750 3304 2859 3344 nec
2890 3290 3257 3362 promisisse,
3290 3296 3350 3346 et
3381 3297 3578 3347 tamen
3608 3291 3692 3347 ita
3734 3307 3830 3347 re.

2179 3384 2355 3450 pente
2388 3377 2637 3434 donatos
2667 3378 2849 3434 fuisse
2888 3379 3342 3436 incredibilibus
3373 3397 3441 3437 ac
3507 3381 3831 3453 insperatis

2182 3466 2353 3522 bonis
2378 3466 2406 3521 ‘2
2438 3496 2501 3507 --
2535 3465 2666 3523 Alio
2694 3468 2873 3525 modo.
2914 3468 3185 3524 Christus
3218 3469 3380 3525 solus
3430 3469 3621 3543 legem
3673 3485 3832 3527 com-

2179 3556 2378 3628 plevit,
2412 3556 2613 3612 omnia
2642 3572 2974 3629 exsequens
3014 3564 3328 3631 praecepta.
3363 3560 3476 3615 Sed
3507 3566 3566 3615 et
3592 3562 3830 3617 Judmus

2182 3646 2510 3702 secundum
2541 3661 2782 3702 carnem
2813 3652 2972 3716 erat;
3006 3664 3145 3704 nam
3167 3655 3227 3703 et
3247 3651 3360 3705 hoc
3385 3664 3495 3720 per
3516 3649 3830 3706 circumci-

2180 3734 2409 3789 sionem
2439 3734 2846 3807 significatur:
2881 3740 2940 3791 et
2969 3737 3072 3807 qui
3136 3737 3208 3792 ab
3252 3754 3320 3792 eo
3362 3737 3622 3807 adoptati
3668 3743 3826 3806 sunt,

2181 3823 2335 3879 sicut
2366 3828 2526 3880 astra
2554 3825 2686 3881 coeli
2717 3825 3096 3898 multiplicati
3133 3831 3298 3889 sunt,
3358 3830 3419 3880 et
3466 3825 3620 3880 sicut
3644 3840 3832 3881 arena

2180 3925 2313 3985 qua:
2340 3919 2429 3969 est
2456 3912 2531 3969 ad
2560 3913 2727 3969 littus
2758 3914 2960 3970 maris.
2992 3915 3125 3985 Ipse
3161 3914 3359 3985 itaque
3406 3918 3466 3968 et
3521 3914 3680 3969 Patri
3731 3931 3833 3970 co-

2180 4009 2459 4075 operatus
2490 4008 2581 4059 est
2610 4008 2672 4059 ut
2703 4020 2876 4059 verax
2908 4008 3255 4074 appareret:
3303 4008 3362 4058 et
3390 4009 3457 4058 ut
3484 4004 3832 4076 promissio-

2180 4111 2287 4150 nes
2312 4094 2387 4149 ad
2417 4093 2713 4149 Abraham
2744 4093 2912 4149 factae
2929 4092 3574 4165 complerentur,omne
3589 4095 3834 4166 quidem

2182 4198 2513 4254 exsequens
2545 4188 2927 4254 praeceptum,
2947 4182 3051 4238 sed
3079 4183 3144 4237 in
3175 4199 3381 4239 semen
3410 4183 3707 4239 Abraham
3739 4198 3832 4238 re-

2180 4271 2790 4344 putatus,universum
2823 4271 3027 4327 orbem
3059 4271 3337 4328 fidelibus
3360 4272 3644 4342 implevit.
3678 4271 3831 4327 σου

2185 4381 2213 4412 ι(
2245 4358 2575 4415 Ministrum
2606 4359 2825 4415 factum
2854 4360 3039 4418 fuisse
3079 4360 3573 4418 circnmcisionis.
3606 4381 3635 4411 ιι
3659 4362 3835 4415 Potes

2180 4448 2293 4505 hoc
2325 4449 2499 4505 etiam
2544 4449 2722 4505 modo
2782 4449 3134 4523 intelligere.
3194 4450 3461 4506 Minister
3496 4449 3690 4504 factus
3746 4461 3841 4511 est,

427 4520 698 4617 Πατὲρωνξ
730 4562 758 4590 »ι
801 4538 953 4612 ’Υπὲρ
1009 4520 1107 4591 τοῦ
1163 4535 1484 4607 ἀληθεῦσαι,
1538 4520 1841 4613 snake...
1900 4535 2070 4612 ἐπαγ.

2179 4538 2446 4594 Christus
2474 4538 2814 4594 Judaaorum
2850 4556 2863 4593 :
2894 4539 2957 4595 in
2985 4520 3098 4595 hoc
3128 4537 3404 4595 videlicet
3429 4543 3498 4593 ut
3524 4536 3710 4593 Judsai
3742 4537 3841 4593 in-

426 4633 750 4709 γειλάμενον
776 4629 1005 4706 Πατέρα.
1036 4631 1095 4685 ὀ
1134 4626 1192 4684 ὂὲ
1233 4649 1293 4703 γε
1348 4629 1521 4702 νόμος
1572 4628 1673 4683 οὐκ
1722 4625 1948 4706 ἴσχυσεν
1979 4629 2075 4684 αὖ·

425 4724 520 4785 τὰς
573 4718 892 4798 βεϐαιῶσαι,
953 4724 1077 4782 Πῶς
1131 4716 1250 4788 οὗν,
1307 4718 1497 4798 φησὶν,
1556 4718 1656 4773 οὐκ
1710 4717 1930 4790 ἃτοπον,
1981 4720 2075 4775 τὸν

431 4807 805 4887 βεϐαιώσαντα
835 4812 995 4883 ἡμῶν
1026 4808 1122 4870 τὰς
1153 4805 1481 4882 ἐπαγγελίας
1511 4807 1576 4872 ἃς
1603 4802 1804 4863 ἔλαϐον
1833 4808 1885 4862 οἱ
1916 4806 2080 4865 πατί-

428 4921 539 4975 ρες,
571 4900 804 4973 Χριστὸν
839 4902 1108 4973 παρορᾷν,
1139 4897 1229 4952 καὶ
1257 4899 1355 4953 τοῦ
1386 4898 1556 4970 νόμου
1588 4891 1809 4968 ἔχεσθαι
1866 4901 1965 4953 τοῦ
1999 4898 2075 4971 μὴ

426 4989 754 5067 ίσχύσαντ-›ς
782 4991 880 5053 τὰς
908 4983 1239 5063 ἐπαγγελίας
1266 4988 1404 5059 ἡμῖν
1435 4984 1669 5066 φυλάξαι
1703 5005 1721 5055 ς

2187 4633 2277 4684 tra
2305 4628 2733 4701 promissiones
2764 4630 3231 4696 continerentur,
3258 4632 3324 4682 ut
3364 4628 3490 4699 ipse
3519 4626 3699 4682 etiam
3732 4625 3837 4696 qui

2192 4734 2291 4776 cas
2316 4721 2676 4793 promiserat
2704 4722 2895 4790 Pater,
2928 4737 3100 4777 verax
3156 4723 3489 4792 appareret.
3524 4739 3554 4768 ει
3586 4718 3673 4773 Ad
3702 4730 3839 4773 con-

2187 4810 2511 4867 tirmandas
2568 4812 2996 4883 promissiones
3056 4808 3322 4882 patribus
3370 4809 3611 4865 factas.»
3647 4809 3836 4865 Utve-

2182 4915 2405 4971 racem,
2438 4901 2654 4973 inquit,
2686 4901 3026 4956 ostenderet
3062 4901 3321 4968 Patrem,
3352 4899 3450 4971 qui
3480 4914 3583 4955 eas
3615 4898 3839 4971 promi-

2188 4996 2381 5046 serat:
2413 4989 2510 5046 lex
2564 4996 2761 5046 autem
2815 5006 2934 5044 non
2989 4989 3184 5062 potuit
3244 4990 3402 5062 ipsas
3459 4989 3837 5045 confirmare.

424 5083 611 5148 Quam
636 5080 815 5155 igitur
835 5076 1161 5136 absurdum
1191 5082 1367 5146 esset,
1399 5092 1510 5133 nos
1566 5075 1765 5149 ipsum
1795 5077 1896 5149 qui
1928 5083 2158 5134 nostras
2189 5079 2565 5135 conﬁrmavit
2593 5078 3021 5151 promissiones
3054 5094 3201 5150 quas
3225 5084 3421 5151 patres
3451 5080 3834 5152 acceperant,

420 5170 728 5227 Christum
753 5175 1156 5235 contemnere,
1190 5166 1426 5240 legique
1445 5166 1672 5222 haerere
1702 5182 1836 5237 quas
1856 5168 2283 5239 promissiones
2314 5168 2485 5224 nobis
2517 5183 2747 5224 servare
2780 5167 3046 5240 nequivit
3073 5166 3086 5223 !

495 5339 580 5397 Τὰ
682 5334 738 5392 δὲ
838 5330 965 5407 ἔθνη
1067 5332 1200 5409 ὑπερ
1259 5330 1447 5393 ἐλέους
1495 5329 1712 5402 δοξάσαι
1765 5332 1857 5388 τὸν
1916 5334 2071 5402 Θεὸν,

421 5427 603 5489 καθὼς
626 5426 945 5503 γέγραπταυ
994 5446 1026 5477 ιι
1086 5421 1184 5477 Διᾶ
1230 5426 1394 5479 τοῦτο
1448 5419 1928 5497 ἰξομολογήσομαί
1987 5440 2075 5477 σοι

423 5518 475 5575 ἄν
501 5514 693 5589 ἔθνεσι,
723 5517 812 5571 καὶ
844 5537 925 5588 τῳ
984 5511 1211 5586 ὀνόματί
1270 5532 1366 5566 σου
1417 5508 1600 5584 ψαλῶ.
1657 5534 1684 5565 ιι
1745 5512 1850 5567 Καὶ
1908 5513 2075 5567 πάλιν

425 5608 598 5687 λέγει,
648 5632 677 5660 ιι
737 5605 1190 5685 Εὐφρανθήσεσθε
1244 5596 1372 5670 ’έθνη
1437 5601 1572 5674 μετᾶ
1629 5603 1724 5656 τοῦ
1782 5599 1918 5657 λαοῦ
1975 5601 2076 5657 αὐ-

2256 5336 2379 5403 XV,
2410 5338 2608 5392 9-12.“
2640 5338 3027 5406 Caeterumpt
3055 5344 3261 5411 gentes
3286 5355 3391 5411 pro
3424 5336 3834 5395 misericordia

2190 5447 2218 5476 ιι
2238 5425 2575 5498 gloriﬁcent
2605 5427 2811 5492 Deum,
2842 5428 3346 5498 quemadmodum
3380 5427 3668 5499 scriptum
3695 5430 3789 5484 est
3820 5441 3833 5479 :

2188 5537 2216 5566 ‹‹
2240 5516 2610 5588 Propterhoc
2631 5516 2964 5573 conﬁtebor
2994 5517 3101 5572 tibi
3132 5517 3193 5573 in
3222 5516 3585 5590 gentibus,et
3605 5514 3835 5571 nomini

2189 5627 2216 5655 ‹‹
2251 5609 2350 5662 tuo
2382 5606 2690 5679 psallam.»
2723 5608 2791 5661 Et
2821 5623 3059 5663 rursum
3086 5605 3264 5662 dicit:
3299 5603 3580 5671 Gaudete,
3609 5604 3836 5674 gentes,
