4198 6200
294 340 436 416 διτπ

1361 336 1773 399 COMMENT.
1824 335 1898 395 ΙΝ
1944 336 2196 398 EPIST.
2241 341 2347 400 AD
2395 341 2582 401 ΗΘΜ.

3564 351 3685 412 618
3704 381 3709 385 ·

289 492 397 538 σαι,
429 493 457 523 ι)
493 468 632 526 Ποία
660 470 798 541 αὕτη
830 487 845 539 ;
875 469 932 524 '0
984 468 1362 544 ἀνιστάμενος,
1418 470 1601 548 φησὶν,
1633 469 1826 547 ἄρχειν
1851 467 1937 536 ἐθ-

2062 474 2386 546 perandum
2442 477 2739 550 gentibus.
2773 501 2802 531 ››
2834 480 3187 553 Conjunctio
3224 482 3338 552 καὶ,
3397 485 3459 542 id
3489 494 3601 555 est,
3629 495 3704 558 et,

292 564 424 630 νῶν,
452 559 733 615 τουτιστιν
767 557 795 612 ὁ
826 558 1083 635 Χριστός.

363 841 407 895 Ο
467 834 524 893 δὶ
582 837 711 898 Θεὸς
761 843 863 906 τῆς
927 835 1154 901 ἐλπίδος
1209 837 1506 915 πληρώσαι
1575 839 1716 910 ὑμᾶς
1772 835 1950 907 πάσης

294 930 469 1002 χαρᾶς
524 925 613 980 καὶ
673 926 921 1003 εἰρήνης,
980 925 1037 982 ἐν
1090 932 1172 1000 τῷ
1220 927 1490 983 πιστεύειν
1524 925 1603 989 εἷς
1648 926 1711 982 τὸ
1760 946 1947 1002 περισ-

289 1016 461 1070 σεύειν
523 1015 667 1086 ὑμᾶς
724 1019 776 1070 ἐν
835 1019 903 1089 τῇ
990 1014 1196 1087 ἐλπίδι,
1247 1016 1299 1072 ὲν
1357 1013 1581 1090 δυνάμει
1637 1015 1950 1088 υνεύματος

290 1102 470 1179 ἁγίου.
509 1108 809 1178 Πεπεισμαι
871 1101 948 1173 δὲ,
1007 1103 1239 1185 ἀδελφοὶ
1302 1126 1432 1180 μου,
1487 1104 1579 1160 καὶ
1635 1104 1802 1167 αὐτὸς
1839 1103 1951 1182 ἐγὼ

287 1194 414 1268 περὶ
483 1192 660 1266 ὑμῶν,
728 1192 812 1248 ὅτι
863 1194 954 1249 καὶ
1012 1193 1167 1251 αὐτοὶ
1240 1194 1429 1268 μεστοὶ
1482 1192 1600 1249 ἐστε
1663 1192 1948 1269 ἀγαθωσύ-

282 1282 864 1357 νης,πεπληρωμένοι
920 1284 1097 1355 πάσης
1157 1286 1437 1363 γνώσεως,
1510 1282 1800 1360 δυνάμενοι
1858 1282 1951 1340 καὶ

290 1371 497 1435 ἄλλους
528 1378 817 1437 νουθετεῖν.

363 1461 535 1519 Πάλιν
598 1461 675 1526 είς
732 1462 907 1539 εὐχὴν
960 1461 1117 1536 ἦλθε,
1177 1462 1345 1539 λέγει·
1424 1466 1485 1522 Ὀ
1544 1465 1695 1532 Θεὸς,
1763 1472 1948 1541 φησιν,

290 1551 596 1622 ἀπαλλάξει
631 1552 768 1625 ὑμᾶς
816 1558 917 1622 τῆς
972 1554 1108 1627 πρὸς
1169 1551 1456 1624 ἀλλήλους
1489 1553 1699 1629 μάχης,
1730 1552 1820 1608 καὶ
1849 1551 1949 1620 τῆς

284 1638 435 1706 ’ἐνθεν
488 1641 745 1714 ἀθυμίας.
807 1664 835 1694 ι(
868 1642 930 1699 Ὀ
989 1642 1123 1705 Θεὸς
1179 1649 1280 1712 τῆς
1339 1640 1589 1705 ἐλπίδος.
1622 1638 1950 1705 »Ἐλπίδος

288 1730 428 1796 ἐστὶ,
459 1731 617 1811 φησὶ,
646 1732 802 1801 Θεὸς,
831 1732 858 1786 ὁ
890 1731 1021 1794 Θεὸς
1053 1734 1236 1805 ἡμῶν.

358 1823 524 1878 Ὥστε
554 1819 739 1884 καλῶς
803 1821 1114 1899 ἐπεύχομαι
1175 1823 1325 1898 ὑμῖν.
1382 1822 1625 1915 Ἐλπίζω
1665 1822 1770 1899 γὰρ
1802 1821 1952 1915 ἔνερ-
1980 1850 2027 1915 Β

289 1921 456 1989 γῆσαι
486 1920 590 1983 τῆν
645 1913 843 1994 εὐχὴν,
893 1912 956 1969 ἂν
1013 1914 1167 1970 αὐτοὶ
1224 1916 1391 1988 μόνον
1424 1912 1735 1990 βούλοισθε.
1771 1916 1859 1972 Ἐν
1893 1911 1950 1970 δὲ

289 2010 368 2078 τῷ
398 2005 691 2075 πιστεύειν,
726 2011 901 2085 χαρᾶς
928 2007 1017 2063 καὶ
1065 2006 1290 2079 είρηνης
1338 2013 1440 2077 τῆς
1469 2007 1610 2063 κατᾶ
1631 2006 1758 2068 τοὺς
1789 2004 1952 2081 λογι-

296 2095 468 2170 σμοὺς
498 2094 901 2169 πληρούμενοι,
926 2096 1059 2172 ὅπερ
1093 2096 1246 2171 ὑμῶν
1285 2097 1692 2177 ὑπερεύχομαι,
1714 2096 1833 2154 ἐστὶ
1859 2095 1949 2151 καὶ

297 2185 350 2240 ἐν
408 2190 475 2258 τῇ
528 2184 713 2241 ἐλπίδι
771 2187 1203 2262 περισσεύοντες,
1260 2189 1376 2242 οἷον
1434 2186 1828 2257 πλουτοῦντες,
1858 2186 1949 2242 καὶ

298 2271 547 2350 δαψιλῶς
577 2272 929 2350 διακείμενοι.
990 2280 1171 2334 Ταῦτα
1227 2274 1286 2332 δὲ
1333 2273 1423 2332 δια
1469 2284 1570 2349 τῆς
1601 2277 1828 2353 χάριτος
1856 2273 1948 2332 καὶ

296 2359 577 2439 δυνάμεως
644 2370 740 2421 τοῦ
805 2367 1073 2443 παναγίου
1149 2366 1504 2442 παραγίνεται
1610 2367 1945 2440 ΙΙνεύματος.

299 2485 364 2497 -
393 2452 639 2517 Ἀλλως·
702 2454 938 2529 Εθχεται
993 2454 1177 2517 αὐτοῖς
1230 2455 1317 2512 ἳνα
1371 2454 1713 2531 πληρωθῶσι
1769 2456 1947 2528 πάσης

294 2547 468 2618 χαρᾶς
500 2544 552 2598 οἱ
583 2544 631 2617 ἑξ
666 2543 943 2601 Ἰουδαίων
1000 2544 1176 2618 (οὗτοι
1245 2545 1348 2623 γὰρ
1403 2546 1651 2618 ἠθύμουν
1696 2544 1948 2615 ἐκπλητ-

290 2632 558 2706 τόμενοι),
589 2633 683 2688 καὶ
712 2633 960 2708 εἰρήνης,
994 2633 1051 2689 οἱ
1083 2633 1133 2704 ἐξ
1161 2633 1354 2698 ἐθνῶν.
1388 2635 1553 2693 Οὗτοι
1594 2639 1697 2710 γαρ
1729 2629 1949 2690 ἰδόκουν

293 2717 549 2795 ἀπεχθῶν
578 2713 724 2795 ἔχειν
755 2720 890 2795 πρὸς
946 2721 1073 2784 τοὺς
1133 2719 1211 2776 ἔτι
1264 2726 1344 2794 τῷ
1374 2722 1531 2796 νόμῳ
1563 2720 1948 2802 ἐξεχομὲνους,

296 2808 509 2879 μᾶλλον
541 2806 601 2864 δὲ
631 2811 934 2888 ἀμςρότέροι
968 2810 1312 2889 ἀμφοτέρων.
1349 2838 1370 2863 ιι
1398 2812 1586 2884 Ἐντῷ
1616 2810 1947 2869 πιστεύειν.»

295 2899 468 2953 Τοῦτο
492 2898 594 2973 γὰρ
626 2904 751 2974 παρ’
792 2902 953 2973 ἡμῶν
1010 2898 1357 2967 εἲσενεκτέον,
1389 2902 1486 2969 τὴν
1518 2920 1722 2957 πιστιν.
1753 2902 1848 2956 Ἐκ
1876 2896 1945 2970 δὴ

291 2986 488 3042 τούτου
520 2986 667 3043 ἔσται
695 2990 833 3060 ἡμῖν
889 2989 952 3043 τὸ
1008 2989 1224 3044 πάντων
1282 2988 1457 3045 αἶ’τιον
1486 2995 1595 3045 τῶν
1619 2989 1857 3064 ἀγαθῶν.
1882 2988 1945 3046 Ἠ

294 3075 365 3136 εἰς
394 3077 532 3132 Θεὸν
562 3074 740 3140 ἐλπίς.
771 3083 871 3133 ’Ἢν
905 3080 1021 3151 μεθ’
1053 3073 1372 3153 ὑπερϐολῆς
1416 3077 1729 3154 ἐπεύχεται.
1762 3078 1858 3142 Εἷς
1882 3078 1948 3133 τὸ

293 3165 630 3241 περισσεύειν
658 3167 762 3244 γὰρ
792 3188 981 3244 φησιν,
1003 3165 1135 3242 ὅπερ
1163 3166 1262 3222 οὐκ
1291 3164 1482 3228 ἄλλως
1511 3165 1681 3235 ἔσται,
1706 3166 1751 3221 εί
1776 3167 1854 3239 μή
1877 3169 1946 3240 τῇ

295 3252 526 3330 δυναμει
563 3260 660 3311 τοῦ
716 3256 1033 3319 Πνεύνατος.
1088 3257 1149 3314 Ὁ
1200 3257 1382 3311 τοίνυν
1411 3255 1473 3311 τὸ
1530 3259 1748 3328 ΙΙνεῦμα
1776 3251 1943 3330 ἔχων,

290 3348 355 3400 τε
384 3346 564 3400 πάντα
593 3339 730 3421 ἔχει.
785 3370 812 3399 ι(
845 3347 1144 3418 Πεπεισμαι
1178 3342 1252 3400 δὲ.
1293 3370 1320 3397 ››
1382 3345 1454 3400 Ού
1513 3342 1730 3419 δέομαι,
1790 3343 1947 3420 φησὶ,

293 3439 483 3509 μαθεῖν
528 3437 654 3510 παρ’
711 3434 930 3509 ἑτέρων,
994 3434 1141 3490 ἀλλά
1198 3433 1727 3511 πεπληροφόρημαι.
1778 3459 1803 3486 ‹‹
1840 3440 1947 3489 Με-

289 3524 405 3581 στοί
463 3523 588 3581 ἐστε
644 3523 1016 3599 ἀγαθωσύνης.
1068 3550 1093 3579 ι)
1153 3523 1538 3600 Ἀγαθωσύνην
1608 3521 1790 3593 καλεῖ,
1847 3524 1945 3593 τήν

287 3613 708 3692 ἀπηρτισμένην
737 3613 953 3690 ἀρετήν.
985 3615 1057 3670 Τὸ
1113 3611 1191 3683 δὲ,
1260 3635 1281 3663 ι
1320 3613 1532 3686 μεστοὶ,
1567 3646 1589 3670 ››
1650 3612 1946 3674 ἔπιτάσεώς

290 3704 399 3761 ἔστι
459 3706 639 3783 ῥῆμα.
707 3705 1197 3781 «Πεπληρωμένοι
1255 3705 1432 3775 πάσης
1490 3705 1762 3780 γνώσεως.
1799 3729 1827 3757 ››
1885 3703 1946 3762 Τί

290 3796 391 3869 γὰρ
423 3797 516 3851 δτι
564 3794 903 3872 φιλάδελφός
964 3794 1074 3851 ἐστί
1128 3815 1237 3860 τις,
1298 3793 1358 3850 ού
1418 3792 1715 3870 δυνάμενος
1759 3791 1818 3849 δὲ
1873 3792 1949 3856 εἷς

293 3881 412 3940 δεον
441 3887 516 3958 τῇ
548 3884 726 3959 ἀγάπῃ
759 3885 1109 3960 χρησασθαι;
1142 3884 1243 3940 Διά
1291 3884 1459 3940 τοῦτό
1509 3904 1666 3960 φησι·
1700 3908 1728 3937 ‹‹
1765 3884 1948 3954 Πάσης

292 3974 573 4049 γνώσεως.
608 3997 635 4025 ι)
695 3973 994 4049 Δυνάμενοι
1047 3974 1136 4029 καὶ
1195 3970 1401 4037 ἄλλους
1448 3976 1735 4031 νουθετεῖν.
1778 4006 1845 4019 -
1875 3972 1949 4030 Ού

296 4066 460 4139 μόνον
498 4063 562 4120 ού
590 4060 785 4134 δεῖσθε,
818 4063 976 4142 φησὶ,
1018 4066 1410 4141 παραινέσεως,
1443 4064 1591 4123 ἀλλά
1618 4066 1711 4123 καὶ
1742 4063 1949 4130 ἄλλους

294 4149 597 4211 διδάσκετε.

941 4304 1210 4359 ΚΕΦΑΛ.
1250 4303 1311 4358 Κ.

363 4411 497 4489 Περὶ
525 4409 873 4490 λειτουργίας
904 4410 1092 4482 αὐτοῦ,
1124 4416 1225 4481 τῆς
1275 4408 1326 4465 ἐν
1360 4408 1627 4485 Ἀνατολῇ
1659 4409 1748 4466 καὶ
1781 4410 1881 4466 Δύ-

1077 4503 1177 4540 σει.

2055 563 2352 635 superﬂue
2384 564 2786 638 interponitur
2813 575 2880 626 ut
2909 571 2987 626 sit
3014 572 3112 627 hic
3133 589 3344 629 sensus
3370 590 3384 628 ε
3408 596 3437 624 ‹‹
3461 576 3586 630 Erit
3612 593 3705 634 ra-

2054 650 2154 707 dix
2184 653 2383 709 Jessaa.
2424 677 2444 702 ι
2476 656 2759 722 Quaenam
2784 658 2938 715 illa?
2966 683 2995 712 ι‹
3028 661 3139 727 Qui
3168 668 3464 736 exsurget.
3486 664 3703 737 inquit,

2054 741 2130 796 ad
2160 742 2577 815 imperandum
2606 747 2903 819 gentibus,
2938 748 2999 803 id
3030 758 3137 820 est,
3166 752 3453 809 Christus.

2123 830 2237 896 XV,
2272 834 2355 898 13,
2393 835 2476 888 14.
2512 857 2537 883 α
2574 836 2728 891 Deus
2750 843 2948 892 autem
2982 838 3108 911 spei
3140 840 3386 912 impleat
3410 858 3510 897 vos
3541 844 3713 898 omni

2055 939 2083 967 «
2107 920 2321 991 gaudio
2344 929 2401 976 et
2419 938 2564 994 pace
2587 924 2647 979 in
2667 925 3051 994 credendo,in
3072 927 3276 996 hoc,ut
3293 930 3629 986 exuberetis
3649 931 3718 987 in

2062 1025 2211 1081 «,Spe
2239 1027 2341 1081 per
2360 1013 2689 1083 potentiam
2713 1014 2964 1086 Spiritus
2993 1017 3201 1073 sancti.
3221 1020 3550 1075 Persuasus
3585 1036 3720 1077 sum

2055 1120 2080 1147 (ι
2107 1104 2327 1167 autem,
2358 1102 2572 1157 fratres
2605 1103 2744 1170 mei,
2769 1110 2827 1158 et
2854 1120 2959 1177 ego
2992 1105 3117 1176 ipse
3149 1105 3222 1161 de
3254 1107 3442 1175 vobis,
3478 1110 3640 1181 quod
3663 1115 3722 1166 et

2057 1210 2085 1237 (ί
2109 1187 2220 1260 ipsi
2243 1190 2406 1261 pleni
2438 1193 2581 1246 estis
2598 1191 3122 1265 bonitate,impleti
3139 1195 3306 1250 omni
3330 1197 3715 1271 scientia,po-

2056 1300 2083 1327 ‹‹
2113 1284 2304 1335 tentes
2330 1280 2509 1336 etiam
2541 1282 2792 1339 invicem
2825 1283 2981 1339 alius
3010 1284 3197 1341 alium
3228 1285 3571 1345 admonere.
3607 1309 3631 1340 ι

2078 1430 2081 1431 ν
2127 1369 2384 1425 Rursum
2415 1371 2488 1426 ad
2514 1372 2845 1428 orationem
2876 1374 3055 1443 venit,
3108 1380 3167 1431 et
3216 1376 3336 1431 ait:
3371 1376 3526 1433 Deus
3559 1377 3714 1434 libe-

2055 1457 2211 1513 rabit
2231 1475 2330 1514 vos
2361 1475 2396 1515 a
2420 1467 2627 1517 mutua
2647 1461 2804 1517 inter
2823 1479 2925 1518 vos
2945 1480 3162 1537 pugna,
3189 1467 3338 1521 40!
3369 1472 3428 1522 et
3458 1467 3529 1523 ab
3553 1467 3714 1523 omni

2056 1549 2330 1621 angustia
2350 1566 2481 1617 quae
2532 1550 2670 1606 inde
2725 1554 3016 1625 provenit.
3052 1575 3081 1603 α
3112 1555 3265 1610 Deus
3298 1555 3447 1627 spei.
3477 1575 3505 1607 ο
3555 1557 3713 1631 Spei,

2058 1638 2273 1710 inquit,
2307 1640 2462 1697 Deus
2488 1646 2578 1698 est
2605 1643 2760 1699 Deus
2789 1648 3013 1701 noster.

2125 1824 2329 1896 Itaque
2357 1826 2510 1883 bene
2539 1844 2750 1900 precor
2778 1829 2960 1885 vobis.
2997 1831 3177 1901 Spero
3210 1830 3373 1886 enim
3404 1830 3708 1887 efﬁcacem

2054 1912 2179 1969 fore
2212 1916 2565 1985 orationem,
2607 1918 2657 1973 si
2686 1917 2862 1973 modo
2893 1918 3005 1991 ipsi
3045 1920 3260 1975 velitis.
3316 1921 3384 1975 In
3410 1920 3708 1976 credendo

2055 2009 2253 2059 autem
2284 2004 2512 2077 impleti
2545 2007 2673 2063 sitis
2693 2008 2905 2080 gaudio
2939 2014 2997 2064 et
3026 2026 3192 2081 pace,
3216 2025 3348 2080 quas
3378 2008 3709 2067 secundum

2055 2093 2442 2166 cogitationes
2459 2101 2550 2151 est
2565 2096 2744 2167 (quod
2771 2114 2874 2168 pro
2900 2098 3064 2153 vobis
3086 2102 3352 2169 excepto)
3378 2098 3507 2153 sitis
3529 2099 3713 2155 etiam

2056 2181 2118 2236 in
2151 2199 2254 2254 spe
2287 2183 2681 2241 exuberantes
2715 2186 2835 2242 sive
2884 2186 3055 2242 ditati
3111 2193 3170 2242 et
3224 2186 3459 2244 abunde
3490 2188 3715 2245 affecti.

2054 2273 2188 2325 Haec
2218 2278 2415 2328 autem
2447 2290 2555 2346 per
2582 2274 2835 2347 gratiam
2866 2291 2935 2331 ac
2978 2276 3307 2347 potentiam
3351 2276 3713 2333 sanctissimi

2056 2358 2308 2431 Spiritus
2331 2364 2706 2437 contingunt.
2730 2396 2799 2405 —
2818 2366 2947 2422 Alio
2971 2367 3148 2421 modo.
3175 2367 3315 2424 Orat
3332 2373 3399 2423 ut
3427 2368 3729 2439 impleant

2054 2454 2152 2505 tur
2180 2452 2344 2507 omni
2372 2453 2586 2525 gaudio
2620 2454 2826 2510 fideles
2856 2454 2957 2527 qui
3008 2471 3079 2510 ex
3107 2455 3324 2512 Judmis
3355 2464 3526 2514 erant
3554 2460 3717 2528 (nam

2054 2538 2116 2593 hi
2148 2541 2348 2597 animo
2377 2542 2748 2615 angebantur
2801 2544 2873 2600 ab
2933 2544 3069 2600 aliis
3117 2545 3474 2620 objurgati):
3508 2553 3568 2602 et
3594 2547 3721 2603 im-t

2055 2628 2333 2699 pleantur
2362 2646 2506 2703 pace
2539 2632 2642 2702 qui
2674 2638 2845 2689 erant
2875 2650 2943 2688 ex
2986 2634 3284 2704 gentibus,
3318 2635 3379 2689 hi
3411 2635 3710 2707 siquidem

2053 2716 2298 2775 inimico
2330 2722 2530 2778 animo
2568 2721 2920 2779 videbantur
2948 2739 3011 2778 se
3042 2722 3260 2778 habere
3310 2739 3448 2796 erga
3477 2739 3579 2780 eos
3608 2724 3711 2794 qui

2056 2806 2169 2881 legi
2193 2808 2388 2864 adhuc
2409 2809 2832 2866 adhmrebant:
2861 2811 3046 2883 magis
3067 2818 3266 2866 autem
3289 2812 3530 2883 utrique
3557 2818 3717 2867 utro-

2052 2910 2170 2965 que
2192 2897 2559 2968 repleantur.
2587 2920 2611 2950 α
2637 2900 2704 2954 In
2729 2897 3047 2955 credendo.
3068 2925 3094 2954 υ
3124 2899 3243 2955 Hoc
3283 2900 3444 2955 enim
3477 2917 3511 2956 a
3541 2898 3714 2955 nobis

2055 2982 2433 3041 inferendum
2465 2992 2572 3051 cst,
2608 3003 2824 3059 nempe
2858 2986 3025 3041 ﬁdes.
3062 2988 3144 3042 Ex
3175 2987 3287 3043 hoc
3313 3005 3456 3044 sane
3484 3005 3622 3060 spes
3653 2989 3717 3045 in

2054 3076 2240 3127 Deum
2270 3074 2441 3129 nobis
2499 3074 2762 3141 accedet,
2822 3075 3094 3131 omniurn
3153 3092 3332 3132 causa
3372 3077 3711 3134 bonorum:

2055 3176 2234 3230 quam
2257 3162 2660 3234 maximopere
2686 3171 2980 3235 precatur.
3012 3164 3083 3220 Ut
3104 3164 3465 3231 exuberetis,
3497 3168 3717 3238 inquit,

2055 3247 2215 3318 quod
2245 3266 2366 3305 non
2396 3251 2512 3306 alio
2544 3251 2712 3307 modo
2743 3253 3066 3325 continget,
3099 3254 3216 3308 nisi
3249 3271 3359 3326 per
3387 3257 3719 3326 potentiam

2056 3335 2326 3408 Spiritus.
2360 3340 2469 3405 Qui
2501 3357 2639 3414 ergo
2680 3342 2963 3413 Spiritum
3022 3341 3228 3407 habet,
3285 3344 3494 3399 omnia
3522 3345 3721 3401 habet.

2057 3452 2084 3479 «
2118 3433 2443 3489 Persuasus
2474 3451 2607 3490 sum
2637 3441 2857 3491 autem.
2894 3458 2922 3485 »
2954 3437 3080 3491 Non
3112 3452 3264 3508 opus
3308 3443 3398 3493 est
3427 3439 3597 3507 mihi,
3625 3439 3724 3494 in-

2056 3519 2205 3590 quit,
2239 3527 2304 3576 ut
2327 3522 2399 3576 ab
2429 3522 2563 3578 aliis
2594 3522 2843 3589 discam,
2900 3524 3004 3579 sed
3065 3525 3287 3580 certior
3337 3526 3533 3584 factus
3565 3544 3719 3585 sum.

2057 3629 2085 3658 ι(
2118 3608 2285 3664 Pleni
2309 3612 2453 3668 estis
2477 3612 2761 3668 bonitate.
2792 3636 2820 3664 »
2849 3613 3181 3669 Bonitatem
3204 3622 3371 3671 vocat
3390 3619 3720 3687 perfectam

2056 3700 2553 3774 virtutem.Pleni,
2585 3721 2721 3760 vero
2753 3703 2933 3760 dictio
2965 3706 3260 3761 intensiva
3289 3712 3399 3761 est.
3426 3729 3453 3756 ‹‹
3484 3706 3721 3778 lmpleti

2057 3791 2219 3845 omni
2253 3792 2524 3849 scientia.
2561 3815 2590 3843 ››
2630 3792 2779 3859 Quid
2811 3799 3011 3848 autem
3042 3793 3307 3864 proderit
3336 3793 3385 3847 si
3416 3793 3718 3865 quispiam

2056 3877 2268 3936 fratres
2298 3881 2527 3956 diligat,
2558 3882 2674 3937 nisi
2705 3883 2781 3939 ad
2812 3882 2872 3936 id
2922 3882 3081 3953 quod
3109 3896 3257 3952 opus
3288 3886 3378 3937 est
3406 3882 3596 3954 possit
3622 3883 3711 3949 uti

2059 3966 2375 4025 dilectione
2396 3970 2424 4027 ?
2448 3972 2697 4043 Propter
2725 3971 2837 4027 hoc
2857 3970 3021 4037 dicit,
3043 3991 3071 4019 «
3097 3969 3269 4025 Omni
3291 3971 3560 4028 scientia.
3590 3995 3620 4036 υ
3642 4001 3713 4016 --

2060 4079 2088 4108 ι(
2121 4058 2401 4115 Potentes
2432 4060 2608 4115 etiam
2632 4060 2883 4116 invicem
2913 4058 3068 4115 alius
3098 4058 3284 4117 alium
3312 4060 3657 4119 admonere.
3685 4084 3707 4115 ε

2060 4148 2187 4203 Non
2217 4148 2413 4205 solum
2440 4164 2562 4205 non
2617 4149 2801 4221 egetis
2857 4147 3291 4222 admonitione,
3341 4150 3447 4208 sed
3475 4158 3539 4208 et
3560 4151 3714 4211 alios

2061 4233 2304 4292 docetis.

2687 4326 2918 4384 CAPUT
2964 4326 3087 4386 XX.

2064 4414 2135 4470 De
2191 4416 2500 4472 ministerio
2552 4417 2725 4487 ipsius
2781 4414 2949 4473 Pauli
3002 4417 3065 4471 in
3110 4416 3368 4488 partibus
3400 4416 3637 4477 Orientis
3661 4435 3718 4491 σε

2730 4502 3055 4563 Occidentis.

359 4592 790 4671 Τολμηρότερον
877 4592 935 4652 δὲ
1007 4589 1213 4672 ἔγραψα
1291 4592 1441 4668 ὑμῖν,
1517 4590 1767 4670 ἀδελφοὶ,
1843 4592 1950 4648 ἀπὸ

2132 4594 2442 4663 XV,15,16.
2466 4594 2809 4654 «Audacius
2827 4602 3028 4653 autem
3051 4596 3261 4669 scripsi
3284 4594 3692 4672 vobis,fratres
3719 4613 3725 4619 ’

301 4684 520 4763 μέρους,
586 4683 659 4747 ὡς
748 4682 1248 4758 ἐπαναμιμνήσκων
1346 4682 1484 4754 ὑμᾶς
1547 4678 1636 4738 διὰ
1672 4683 1770 4752 τὴν
1838 4680 1940 4756 χά-

301 4794 381 4848 ριν
437 4774 540 4841 τήν
603 4768 849 4836 δοθεῖσάν
914 4792 1007 4844 μοι
1070 4772 1173 4827 ὑπὸ
1223 4775 1319 4827 τοῦ
1375 4774 1531 4843 Θεοῦ,
1592 4769 1670 4834 εἷς
1715 4772 1779 4828 τὸ
1810 4770 1944 4827 εἶναί

303 4883 370 4931 με
447 4858 770 4939 λειτουργὸν
848 4862 1027 4931 Ἰησοῦ
1105 4860 1339 4931 Χριστοῦ
1406 4860 1484 4924 εἶς
1561 4860 1629 4915 τὰ
1688 4858 1809 4930 ἔθνη
1862 4859 1948 4913 ἰε-

302 4957 637 5029 ρουργοῦντα
692 4952 755 5007 τὸ
812 4948 1134 5027 Εὖαγγὲλιον
1188 4953 1286 5006 τοῦ
1366 4955 1520 5021 Θεοῦ,
1578 4950 1668 5006 ἳνα
1724 4952 1947 5026 γένηται

299 5045 335 5112 ἡ
385 5042 676 5121 προσφορά
728 5046 837 5098 τῶν
893 5041 1054 5098 ἐθνῶν
1109 5036 1523 5117 εὐπρόσδεκτος,
1554 5042 1862 5117 ἡγιασμὲνη
1895 5039 1949 5096 ἐν

302 5136 372 5188 Πν
382 5133 775 5208 εύματιάγίῳ..

359 5251 399 5277 -ιι
436 5223 859 5299 Τολμηρότερον
912 5220 1019 5277 ἀπὸ
1081 5221 1304 5296 μέρους.
1342 5244 1363 5271 ι
1429 5219 1572 5276 Ἀντὶ
1602 5224 1722 5291 τοῦ,
1754 5220 1954 5296 τρόπον

300 5316 440 5379 τινα,
471 5313 565 5368 καί
595 5312 643 5369 εἲ
694 5334 777 5376 τις
837 5314 913 5385 μή
970 5313 1070 5381 τήν
1105 5307 1375 5366 ’διάνοιαν
1412 5308 1551 5380 ὅλην
1584 5308 1797 5385 βλέπει,
1828 5310 1953 5367 ἀλλ’

303 5401 466 5466 αύτᾶις
497 5402 593 5464 τας
644 5398 814 5472 λέξεις
860 5400 919 5456 lx
969 5401 1168 5475 μέρους
1212 5397 1686 5474 πολυπραγμονεῖ,
1732 5402 1958 5475 γυμνώ-

306 5511 398 5554 σας
428 5499 531 5562 τῆς
563 5489 819 5555 διανοίας.
854 5488 921 5550 Ei
964 5510 1046 5552 τις
1097 5488 1189 5544 οὗν
1234 5487 1294 5544 ἐκ
1351 5487 1548 5564 μέρους
1578 5497 1789 5561 σκοπεῖ,
1815 5488 1959 5565 δόξει

308 5578 366 5635 ἃν
398 5580 548 5655 αύτῷ
578 5579 949 5659 σκληρότερὸν
999 5599 1065 5654 με
1121 5578 1208 5632 καὶ
1263 5577 1598 5658 τραχύτερον
1629 5579 1755 5655 ὑμῖν
1786 5602 1958 5659 προσ-

310 5677 597 5746 ενεχθῆναι
644 5669 733 5728 διὰ
776 5674 884 5728 τῶν
951 5669 1319 5748 γραμμάτων,
1369 5664 1502 5723 ἀλλ’
1548 5666 1679 5745 ὶγὼ,
1736 5670 1811 5736 ὡς
1864 5672 1962 5734 ἐπ-

633 5794 868 5853 Parant
885 5836 899 5851 .
946 5790 1056 5852 Gn.
1106 5788 1363 5852 CXVI“.

2054 4709 2080 4735 ιι
2111 4699 2182 4741 ex
2201 4690 2400 4757 parte:
2434 4691 2720 4758 tanquam
2750 4686 3292 4743 commonefaciens
3319 4703 3421 4743 vos
3463 4694 3675 4760 propte

2059 4796 2084 4826 ι
2109 4775 2359 4848 gratiam
2380 4789 2395 4830 :
2418 4791 2550 4847 quas
2572 4774 2710 4831 data
2731 4780 2821 4831 est
2838 4774 2985 4829 mihi
3009 4790 3045 4829 a
3060 4775 3201 4842 Deo,
3215 4780 3281 4831 ut
3302 4774 3415 4830 sim
3435 4776 3716 4839 minister

2060 4884 2088 4912 ‹‹
2110 4864 2247 4920 Jesu
2271 4865 2487 4920 Christi
2518 4864 2582 4919 in
2613 4869 2817 4937 gentes
2839 4870 3043 4919 sancte
3071 4863 3500 4920 administrans
3527 4866 3716 4922 Evan-

2060 4975 2088 5005 «
2111 4954 2334 5026 gelium
2372 4953 2500 5021 Dei,
2547 4954 2699 5009 402
2730 4958 2797 5009 ut
2826 4951 2930 5007 ﬂat
2958 4952 3180 5008 oblatio
3211 4954 3478 5026 gentium
3507 4970 3717 5030 accep-

2064 5064 2088 5096 ι
2118 5043 2338 5111 tabilis,
2369 5042 2740 5124 sanctiﬁcata
2769 5058 2877 5116 per
2900 5042 3188 5114 Spiritum
3215 5050 3512 5117 sanctum.
3542 5065 3576 5096 κ

2135 5245 2163 5273 ‹‹
2196 5221 2491 5279 Audacius
2521 5238 2588 5276 ex
2621 5227 2806 5293 parte.
2838 5243 2865 5271 »
2899 5222 3019 5277 Hoc
3050 5226 3160 5287 est,
3193 5220 3722 5294 quodammodo,et

2066 5314 2116 5369 si
2147 5313 2282 5384 quis
2319 5327 2442 5367 non
2498 5309 2698 5365 videat
2754 5315 2938 5366 totam
2995 5313 3378 5379 sententiam,
3409 5311 3514 5368 sed
3544 5312 3723 5368 verba

2067 5404 2196 5475 ipsa
2224 5419 2296 5458 ex
2323 5406 2490 5474 parte
2510 5399 2803 5456 curiosius
2824 5405 3124 5457 scrutetur
3144 5401 3273 5457 sine
3306 5401 3640 5457 intellectu.
3661 5399 3722 5456 Si

2069 5511 2205 5568 ergo
2236 5510 2307 5550 ex
2334 5498 2501 5566 parte
2531 5492 2886 5563 consideret,
2918 5494 3228 5567 apparebit
3257 5510 3400 5550 sane
3432 5494 3543 5561 illi,
3563 5490 3724 5566 quod

2068 5583 2370 5642 duriorem
2400 5600 2467 5641 ac
2497 5582 2863 5658 asperiorem
2893 5599 2989 5640 me
3020 5583 3185 5656 vobis
3214 5582 3589 5640 exhibuerim
3614 5596 3723 5654 per

2071 5678 2319 5752 litteras,
2351 5674 2457 5751 sed
2477 5690 2582 5751 ego
2606 5679 2888 5750 tanquam
2904 5671 3456 5746 commonefaciam
3485 5669 3719 5741 scripsi.

3398 5788 3480 5850 20
