4198 6200
444 369 562 431 619

1565 361 1986 425 (ΕΟΗΜΕΝΙΙ
2034 359 2336 423 ΤΗΙΟΟΕ
2377 359 2729 424 EPISCOPI

3735 359 3854 422 620

447 508 517 562 Et
547 520 784 560 rursum
821 516 1065 558 necesse
1097 501 1208 556 fuit
1237 501 1382 556 mihi
1417 502 1698 566 scribere,
1732 500 1890 571 quod
1911 499 2082 572 gratia

2209 494 2645 571 ἀναμιμνήσκων
2676 495 2906 576 ἔγραψα.
2941 497 3042 554 Καὶ
3089 496 3253 552 πάλιν
3305 492 3546 570 ἀνάγκην
3574 494 3726 573 εἶχον
3757 499 3854 549 τοῦ

445 595 590 652 mihi
625 611 657 648 a
692 594 807 648 Deo
837 592 972 648 data
1003 591 1080 646 sit
1109 592 1167 646 in
1194 592 1303 647 hoc
1327 599 1394 648 ut
1414 591 1796 664 praedicarem
1829 605 1896 644 ac
1928 588 2093 644 doce-

446 700 568 739 rem
597 689 802 754 gentes
829 699 840 736 :
881 681 1148 736 Minister
1180 681 1337 736 enim
1377 697 1507 736 sum
1539 679 1774 737 Christi.
1809 685 2094 750 tanquam

441 771 703 827 famulus
735 777 794 826 et
822 771 1238 827 obsecundans
1296 771 1483 842 ipsius
1514 769 1819 824 voluntati.
1857 769 1925 822 Et
1954 765 2092 838 quid

443 861 709 932 operaris
729 861 757 916 ‘I
787 861 996 916 Sancte
1027 860 1400 927 administro,
1430 861 1642 930 inquit,
1676 859 1794 913 sive
1827 857 2094 912 sacrifico

443 952 826 1024 Evangelium
860 951 988 1023 ejus
1017 969 1028 1005 :
1086 953 1198 1006 hoc
1248 958 1355 1013 est,
1405 950 1656 1004 hostiam
1691 949 1864 1004 istam
1897 948 1947 1002 ei
1982 947 2098 1000 im-

443 1041 624 1101 molo,
658 1058 873 1112 nempe
911 1041 1284 1114 Evangelium
1322 1040 1529 1112 ipsius.
1553 1040 1617 1094 Et
1641 1038 1936 1110 quomodo
1961 1051 2097 1091 con-

443 1129 618 1202 tingit
651 1129 959 1185 immolare
1002 1147 1068 1185 ac
1117 1130 1450 1185 saeriflcare
1485 1128 1860 1200 Evangelium
1884 1126 1911 1180 ‘2
1940 1125 2092 1180 Offe-

444 1219 650 1288 rendo,
686 1219 900 1291 inquit,
934 1219 1021 1273 illi
1053 1226 1258 1290 gentes
1287 1234 1415 1290 quae
1449 1235 1554 1290 per
1585 1217 1732 1271 illud
1763 1216 2098 1281 credunt,et

444 1314 510 1364 ut
539 1309 682 1380 ipsa;
711 1308 857 1363 flant
877 1308 1272 1380 acceptabiles
1295 1315 1353 1362 et
1379 1306 1759 1363 sanctificata:
1787 1322 1892 1376 per
1913 1303 2098 1375 Spiri-

445 1404 570 1454 tum
603 1405 890 1454 sanctum.
915 1398 1275 1453 Adducendo
1308 1398 1504 1467 itaque
1535 1397 1609 1451 ad
1638 1396 2098 1466 fidem,Evange-

444 1488 595 1544 lium
629 1489 730 1544 Dei
765 1489 1077 1544 sacrificat.
1141 1488 1245 1542 Vel
1307 1488 1485 1542 dictio
1518 1487 1926 1560 ’Ῑερουργοῦντοι
1957 1487 2096 1540 sim-

442 1575 657 1647 plicius
689 1576 1078 1648 intelligenda
1110 1581 1217 1638 est,
1244 1580 1309 1630 ut
1331 1575 1622 1646 significet
1653 1580 1854 1628 sancte
1881 1590 1947 1628 ac
1970 1573 2098 1628 dili-

443 1672 650 1738 genter
682 1671 1050 1737 operantem,
1077 1681 1197 1720 non
1228 1671 1450 1719 temere
1473 1680 1540 1718 ac
1572 1664 1970 1736 negligenter;
2000 1667 2101 1716 aut

444 1758 554 1814 hoc
584 1775 720 1832 ergo
755 1758 949 1824 modo,
983 1765 1084 1814 aut
1143 1759 1338 1828 potius
1373 1759 1485 1811 isto
1524 1755 1936 1827 accipiendum
1971 1761 2095 1808 est:

444 1847 741 1903 Audacius
773 1848 980 1919 scripsi
1041 1865 1110 1902 ex
1169 1854 1335 1918 parte
1367 1847 1550 1910 vobis,
1586 1847 1763 1901 etiam
1809 1850 2090 1914 tanquam
2126 1872 2172 1937 Β

445 1937 1028 1993 commonefaciendo
1076 1937 1360 1991 scribens.
1395 1936 1698 2007 Siquidem
1744 1934 2094 1990 incumbens

447 2027 587 2084 mihi
624 2029 947 2083 necessitas
975 2033 1032 2083 et
1054 2027 1462 2081 vehementius
1486 2034 1542 2080 et
1573 2025 1916 2097 diligentius
1951 2024 2092 2078 scri-

442 2117 582 2171 bere
613 2116 893 2188 postulat.
921 2118 1034 2189 Ego
1062 2133 1195 2171 vero
1217 2133 1399 2172 ausus
1420 2132 1550 2171 sum
1583 2122 1641 2170 et
1671 2122 1934 2169 exactam
1958 2113 2096 2168 dili-

443 2207 701 2279 gentiam
735 2208 1029 2275 omittere,
1054 2214 1111 2263 et
1137 2225 1253 2262 non
1284 2215 1564 2277 tanquam
1598 2212 1926 2278 przcceptor
1949 2203 2093 2259 scri—

445 2299 582 2353 bere
604 2315 616 2352 :
642 2298 746 2353 sed
769 2298 1019 2354 multum
1050 2299 1344 2370 parcendo
1371 2306 1427 2352 et
1448 2305 1729 2368 tanquam
1759 2312 2096 2352 commone-

443 2387 688 2457 faciens,
749 2387 865 2443 sive
935 2389 1130 2459 potius
1216 2388 1288 2442 ad
1347 2389 1694 2442 memoriam
1752 2387 2091 2440 reducens:

445 2495 786 2550 quanquam
811 2478 1088 2534 deberem
1111 2485 1168 2534 et
1189 2480 1450 2534 exactius
1475 2485 1531 2532 et
1551 2476 1957 2532 vehementius
1982 2475 2092 2528 hoc

445 2569 673 2624 facere:
700 2568 772 2623 ad
801 2569 909 2622 hoc
933 2570 1090 2622 enim
1127 2569 1382 2639 primum
1403 2585 1432 2622 a
1456 2568 1642 2640 gratia
1666 2567 1914 2620 traditus
1938 2580 2090 2630 sum,

446 2657 594 2713 etin
637 2659 746 2713 boc
806 2664 870 2712 ut
924 2658 1296 2712 manifestem
1358 2675 1424 2712 ac
1482 2658 1730 2711 serviam
1787 2655 2092 2710 ordinatus

450 2763 600 2802 sum.
637 2747 839 2817 Itaque
873 2747 918 2800 si
945 2748 1077 2818 quis
1103 2747 1260 2801 dicat
1283 2747 1549 2801 fortassis
1569 2744 1725 2816 quod
1753 2745 1812 2798 in
1845 2745 1937 2798 bis
1962 2760 2091 2815 quae

446 2836 653 2907 scripsi
687 2836 984 2908 obiurgavi
1019 2853 1134 2896 vos.
1168 2844 1225 2892 et
1256 2837 1612 2908 quibusdam
1646 2843 1902 2890 vestrum
1935 2834 2092 2888 visus

443 2942 571 2982 sum
604 2925 950 2998 przestitisse
981 2942 1074 2980 me
1105 2925 1269 2980 vobis
1299 2927 1598 2981 duriorem
1627 2943 1638 2978 :
1665 2931 1894 2980 tantum
1926 2923 2093 2978 abest

439 3022 503 3071 ut
533 3033 638 3082 ego
670 3016 780 3071 hoc
811 3015 1075 3081 fecerim,
1109 3021 1171 3070 ut
1229 3017 1406 3071 etiam
1456 3033 1658 3071 verear
1689 3031 1761 3069 ne
1793 3012 2090 3084 quomodo

437 3120 641 3176 pinnas
673 3105 830 3159 luam
865 3106 1022 3175 quod
1045 3105 1191 3160 adeo
1223 3123 1470 3176 parcens
1501 3123 1568 3160 ac
1602 3104 1804 3159 timide
1839 3103 2087 3173 scripse-

434 3193 570 3259 rim,
598 3199 879 3264 tanquam
912 3212 1092 3250 ausus
1127 3195 1236 3249 sim
1272 3196 1468 3250 minus
1499 3195 1691 3249 facere
1725 3210 1902 3265 quam
1935 3209 2082 3264 opus

435 3281 625 3351 exigat
657 3284 1058 3352 praeceptoris.
1100 3283 1331 3338 Etenim
1383 3284 1609 3352 majora
1639 3301 1706 3337 ac
1736 3283 1907 3354 plura
1938 3281 2080 3335 scri-

432 3369 573 3421 bere
605 3369 901 3434 deberem,
924 3377 989 3425 ut
1020 3372 1118 3441 qui
1143 3372 1214 3425 ad
1246 3373 1578 3427 docendum
1612 3372 1912 3427 adhibitus
1936 3373 2079 3425 sim:

440 3471 599 3509 nunc
628 3472 766 3510 vero
795 3459 964 3527 quasi
998 3459 1281 3514 audacius
1340 3461 1641 3532 quidpiam
1674 3461 1915 3515 faciens.
1955 3466 2085 3513 tan-

437 3548 560 3598 tum
586 3545 881 3614 parcendo
899 3563 967 3601 ac
983 3547 1129 3601 adeo
1153 3548 1442 3619 meipsum
1463 3549 1827 3603 demittenda
1849 3549 2080 3620 scripsi.

436 3662 504 3672 —-
529 3632 656 3688 Alio
688 3634 867 3689 modo.
899 3637 1054 3690 408
1087 3637 1335 3691 Romani
1369 3637 1428 3691 in
1462 3637 1745 3710 dignitate
1777 3637 2080 3692 constituti

437 3727 628 3789 erant,
662 3739 729 3780 ac
761 3725 976 3780 mirum
1011 3725 1070 3780 in
1104 3726 1344 3781 modum
1377 3727 1585 3782 cristas
1616 3727 2078 3798 erigebant,ideo

435 3814 714 3871 conciliat
768 3832 892 3880 eos,
953 3815 1156 3872 dicens
1214 3835 1276 3872 se
1323 3833 1532 3873 ausum
1577 3818 1792 3873 fuisse:
1825 3818 2078 3874 multum

433 3904 594 3958 enim
625 3905 785 3976 ipsos
817 3906 926 3961 hoc
957 3906 1132 3962 verbo
1155 3907 1391 3979 frangit.
1424 3909 1538 3963 Nec
1571 3908 1631 3962 id
1659 3909 1802 3962 satis
1833 3914 1941 3973 est,
1975 3909 2078 3964 sed

431 3993 698 4048 addidit:
737 4018 762 4046 ι
792 3995 871 4050 Ex
926 4003 1113 4069 parte,
1146 4019 1173 4047 »
1207 3998 1317 4052 hoc
1371 4004 1478 4066 est,
1514 3998 1728 4053 leniter
1757 4004 1814 4054 et
1843 3998 2075 4056 brevius

429 4088 631 4136 etnon
665 4085 833 4155 quasi
865 4085 1104 4149 docens,
1140 4086 1241 4142 sed
1273 4085 1346 4143 ad
1377 4088 1729 4144 memoriam
1760 4087 2070 4144 reducens.

425 4192 451 4218 «ι
486 4170 738 4227 Fratres.
773 4194 800 4221 ιι
834 4174 1105 4246 Oportuit
1157 4177 1316 4231 enim
1366 4193 1466 4232 eos
1498 4177 1598 4248 qui
1647 4179 1840 4234 acrius
1872 4178 2070 4252 objur-

420 4259 537 4331 gati
571 4269 769 4318 essent
797 4263 1022 4319 affatim
1053 4263 1261 4321 lenire.
1284 4285 1308 4309 α
1336 4267 1636 4338 Tanquam
1668 4269 2068 4324 commonefa-

420 4348 604 4406 ciens.
640 4373 667 4400 ››
701 4351 953 4422 Leniter,
986 4353 1199 4424 inquit,
1233 4355 1531 4425 quomodo
1553 4356 1580 4411 ‘2
1637 4357 1812 4414 veluti
1845 4357 1918 4413 ad
1943 4375 2066 4415 me-

420 4438 668 4495 moriam
703 4441 1031 4498 revocando
1085 4443 1437 4510 admonens,
1471 4445 1582 4501 hoc
1614 4453 1722 4514 est,
1756 4447 2065 4518 paululum

419 4530 982 4610 commonefaciens.
1021 4533 1368 4603 Hujusmodi
1427 4541 1625 4590 autem
1669 4536 2066 4606 signiﬁcantia

2204 590 2448 666 γράφειν,
2504 587 2586 643 ὃτι
2648 587 2897 662 χάρισμά
2957 608 3051 661 μοι
3110 585 3217 642 ἀπὸ
3277 590 3410 642 Θεοῦ
3465 581 3650 655 ἐδόθη.
3685 583 3759 646 εἰς
3793 583 3856 639 τὸ

2199 681 2491 750 κηρύσσειν
2544 680 2633 735 καὶ
2701 677 2971 735 διδάσκειν
3037 682 3104 734 τά
3163 677 3314 751 ἔθνη.
3376 677 3706 754 Λειτουργὸς
3756 678 3855 752 γάρ

2207 767 2320 840 εἰμι
2354 769 2615 843 Χριστοῦ,
2677 770 2795 826 οἷον
2856 770 3128 844 ὑπουργὸς
3179 768 3269 824 καὶ
3331 767 3625 840 ὑπηρέτης.
3671 766 3776 822 Καὶ
3805 765 3859 820 τί

2202 856 2404 933 ἐργάζῃ
2434 876 2448 926 ;
2482 859 2796 936 Ἰερουργῶ,
2830 858 2986 933 φησὶ,
3015 859 3078 914 τὸ
3115 855 3442 934 Εὑαγγέλιον
3485 857 3672 920 αὑτοῦ,
3703 875 3858 910 τουτ-

2203 944 2313 1001 ἑστι
2368 948 2557 1001 Θυσίαν
2615 945 2762 1021 αὑτῷ
2819 946 3017 1018 ταύτην
3081 946 3214 1016 θύω,
3269 947 3332 1002 τὸ
3389 943 3723 1023 Εὑαγγέλιον
3755 944 3854 999 αὑ-

2201 1038 2317 1090 τοῦ.
2357 1035 2453 1091 Καὶ
2499 1040 2616 1098 πῶς
2675 1031 2787 1092 ἔστι
2844 1037 2989 1101 θύειν
3045 1036 3135 1092 καὶ
3191 1035 3484 1110 ἱερουργεῖν
3517 1035 3580 1090 τὸ
3613 1033 3850 1108 Εὐαγγὲ-

2203 1120 2361 1194 ho";
2417 1125 2512 1181 Ἐκ
2566 1129 2663 1180 τοῦ
2723 1123 3044 1206 προσφέρειν
3103 1126 3270 1196 αὑτῷ,
3304 1125 3459 1202 φῆσῖ,
3491 1127 3557 1178 τά
3589 1122 3660 1178 δι’
3689 1123 3852 1178 αὑτοῦ

2203 1213 2522 1268 πιστεύοντα
2553 1211 2702 1285 ἔθνη,
2760 1216 2852 1270 καί
2903 1213 3137 1289 γίνεσθαι
3194 1214 3328 1270 αὑτά
3367 1211 3731 1289 εὑπρόσδεκτα
3762 1211 3850 1268 καὶ

2202 1303 2509 1378 ἡγιασμὲνα
2565 1303 2616 1358 ἐν
2678 1304 2947 1378 Ηνεύματι
3033 1304 3191 1380 ἁγίῳ,
3250 1307 3411 1360 ’Ὥστε
3475 1305 3503 1358 ὁ
3559 1303 3850 1380 προσάγων

2201 1393 2270 1464 τῇ
2353 1393 2554 1464 πίστει,
2635 1396 2698 1449 τὸ
2784 1393 3112 1470 Εὑαγγέλιον
3193 1397 3290 1450 τοῦ
3371 1397 3503 1450 Θεοῦ
3558 1395 3849 1468 ἱερουργεῖ.

2203 1483 2271 1538 ’Ή
2361 1482 2742 1559 ἱερουργοῦντα
2850 1483 3146 1539 ἀκουστέον
3235 1482 3627 1558 ἁπλούστερον,
3713 1483 3850 1551 οἷον,

2205 1569 2364 1644 ἱερῶς
2424 1570 2791 1648 ἐργαζόμενον
2869 1573 2960 1628 καί
3043 1569 3373 1641 σπουδαίως,
3432 1571 3578 1627 ἀλλὰ
3642 1573 3716 1646 μή
3777 1571 3853 1630 ὡς

2204 1657 2367 1737 ἔτυχε
2418 1662 2508 1716 καὶ
2565 1660 2956 1736 ἠμελημένως,
3016 1665 3087 1719 Ἦ
3144 1665 3235 1718 οὑν
3295 1663 3489 1732 οὓτως,
3545 1663 3579 1731 ἢ
3635 1658 3847 1734 μᾶλλον

2205 1748 2380 1810 οὕτως
2466 1748 2785 1821 ἑκληπτέοψ
2871 1749 3297 1828 Τολμηρότερον
3370 1749 3579 1827 ἔγραψα
3634 1748 3695 1804 ἐκ
3753 1754 3848 1823 μὲ-

2205 1857 2332 1912 ρους
2392 1839 2544 1913 ὑμῖν,
2603 1839 2694 1896 καὶ
2752 1841 2827 1903 ὡς
2911 1839 3409 1917 ἐπαναμιμνήσκων
3466 1841 3698 1918 γράψας.
3783 1841 3845 1896 Ἦ

2202 1928 2308 2004 γὰρ
2365 1927 2678 2001 ἐπικειμένη
2743 1951 2836 2003 μοι
2897 1930 3125 2007 ἀνάγκη,
3184 1929 3274 1986 καὶ
3333 1928 3697 2008 σφοδρότερον
3757 1929 3846 1983 καὶ

2199 2011 2578 2092 ἀκριϐέστερον
2617 2021 2838 2098 γράφειν
2891 2020 3126 2078 ἀπαιτεῖ.
3189 2020 3328 2094 Ἐγὼ
3361 2017 3418 2075 δὶ
3446 2015 3732 2090 ἐτόλμησα
3759 2017 3847 2071 καὶ

2197 2119 2298 2182 τῆς
2351 2109 2627 2187 ἀκριϐείας
2683 2119 3015 2194 καθυφεῖναι,
3076 2117 3164 2172 καὶ
3224 2118 3335 2193 οὑχ
3386 2115 3460 2178 ὡς
3521 2113 3849 2176 διδάσκαλος

2197 2202 2438 2278 γράφειν,
2469 2199 2616 2257 ἀλλὰ
2679 2203 2812 2276 μετά
2869 2202 3089 2274 πολλῆς
3149 2201 3389 2284 φειδοῦς,
3421 2202 3510 2258 καὶ
3544 2204 3618 2264 ὡς
3654 2203 3848 2258 ἐπανα-

2202 2293 2543 2365 μιμνήσκων,
2583 2293 2760 2348 καίτοι
2815 2299 3110 2373 χρεωστῶν
3167 2293 3258 2349 καὶ
3316 2289 3694 2368 ἀκριϐὲστερον
3753 2293 3841 2348 καὶ

2198 2378 2578 2457 σφοδρότερον.
2613 2381 2708 2444 Εἲς
2737 2388 2898 2438 τοῦτο
2951 2384 3055 2458 γὰρ
3113 2383 3216 2438 ὑπὸ
3245 2389 3345 2454 τῆς
3379 2384 3611 2458 χάριτος
3642 2403 3840 2455 προκε-

2199 2470 2505 2546 γείρισμαι,
2535 2471 2626 2527 καὶ
2657 2471 2708 2527 ἐν
2759 2472 2937 2545 τούτῳ
2995 2473 3285 2547 ὑπουργεῖν
3322 2472 3413 2528 καὶ
3448 2471 3723 2528 δουλεύειν
3755 2469 3844 2526 τέο

2197 2577 2425 2632 ταγμαι⁶
2487 2561 2560 2622 ὼς
2616 2559 2676 2614 ἃν
2740 2560 2788 2616 εἲ
2842 2581 2926 2624 τις
2985 2557 3188 2637 ἔλεγεν
3226 2564 3382 2626 Ἴσιος
3428 2561 3478 2616 ἐν
3527 2562 3614 2625 οἷς
3642 2557 3848 2636 ἔγραψα

2197 2647 2530 2721 καθηψάμην
2566 2650 2740 2721 ὑμῶν,
2772 2650 2861 2704 καὶ
2912 2648 3068 2721 ἔδοξά
3121 2672 3260 2707 τισιν
3293 2652 3445 2724 ὑμῶν
3477 2650 3842 2724 σκληρότερον

2199 2735 2326 2808 ὑμῖν
2382 2745 2834 2814 προσενεχθῆναι.
2895 2740 3036 2816 Ἐγὼ
3105 2737 3160 2795 δὲ
3221 2739 3468 2812 τοσούτῳ
3527 2737 3632 2794 δέω
3685 2743 3846 2794 τοῦτο

2196 2834 2445 2896 ποιῆσαι,
2479 2827 2562 2883 ὅτι
2618 2830 2706 2883 καὶ
2757 2824 3035 2904 φοϐοῦμαι
3091 2832 3166 2904 μή
3216 2851 3331 2892 πως
3363 2830 3507 2884 οὕτω
3543 2829 3676 2902 μετά
3706 2826 3851 2884 πολ-

2199 2915 2303 2985 λῆς
2360 2913 2579 2997 φειδοῦς
2635 2917 2724 2974 καὶ
2785 2918 3096 2988 ὑποστολῆς
3174 2919 3409 2996 γράψας,
3476 2919 3567 2972 καὶ
3627 2917 3847 2982 εὐθύνας

2200 3008 2396 3085 ὑφέξω,
2428 3008 2504 3070 ὡς
2535 3007 2821 3081 τολμήσας
2852 3004 3080 3065 ἔλαττον
3129 3005 3286 3086 ἔργον
3321 3006 3649 3064 διδασκάλου
3678 3015 3849 3078 ποιῆ-

2196 3104 2303 3154 σαιζ
2337 3096 2439 3154 Καὶ
2464 3097 2565 3172 γάρ
2630 3099 2852 3171 μείζονα
2908 3100 3131 3180 γράφειν
3184 3099 3275 3154 καὶ
3333 3097 3529 3166 πλείω,
3563 3097 3638 3159 ὡς
3666 3098 3728 3152 τὸ
3761 3095 3844 3152 δι-

2195 3182 2406 3242 δάσκειν
2462 3185 2960 3260 ὲμπεπιστευμὲνος
3019 3193 3306 3263 χρεωστῶ,
3359 3193 3450 3242 νῦν
3508 3185 3565 3242 δὲ
3623 3187 3696 3248 ὡς
3729 3207 3842 3264 φει-

2195 3273 2445 3349 δόμενος,
2487 3277 2576 3331 καὶ
2634 3278 2708 3342 ὡς
2765 3276 3050 3353 τολμηρόν
3107 3299 3160 3332 τι
3213 3279 3485 3353 πράττων,
3519 3277 3690 3340 οὓτως
3722 3281 3840 3347 ὺιρει

2198 3364 2374 3438 μένως
2407 3361 2635 3441 ἔγραψα.
2671 3399 2735 3410 -—
2767 3365 3012 3428 Ἄλλως.
3042 3368 3134 3423 Ἐν
3163 3366 3432 3440 ἀξιώματι
3461 3366 3597 3435 ἦσαν
3628 3366 3680 3420 οἱ
3713 3370 3839 3422 Ρω-

2199 3456 2493 3527 μαῖοι,καῖ
2551 3456 2768 3525 πολλήν
2828 3457 2981 3536 εἶχον
3037 3455 3375 3534 φλεγμονῆν.
3435 3457 3527 3513 Διὸ
3559 3455 3839 3532 θεραπεύει

2191 3553 2386 3617 αὑτοὺς
2419 3554 2478 3610 ἐκ
2506 3559 2600 3610 τοῦ
2633 3555 2799 3630 λόγου
2855 3561 2975 3623 τοῦ,
3033 3554 3376 3629 ’Κτόλμιησιῑ⁸
3434 3557 3573 3610 Πάνυ
3604 3555 3710 3629 γὰρ
3738 3575 3842 3609 κα-

2190 3642 2364 3715 τακλᾷ
2418 3644 2644 3706 τούτους
2699 3642 2787 3700 διὰ
2843 3644 3037 3700 τούτου
3093 3649 3192 3700 τοῦ
3245 3645 3513 3720 ῥήματος.
3575 3643 3680 3702 Καὶ
3717 3641 3841 3699 οὑδὲ

2187 3733 2366 3804 τούτῳ
2397 3732 2662 3808 ἀρκεῖται,
2723 3731 2868 3789 ἀλλά
2925 3733 3276 3806 προσέθηκεν·
3327 3756 3348 3783 ι
3383 3734 3518 3790 Ἀπὸ
3553 3734 3775 3808 μὲρους.
3809 3755 3836 3785 »ι

2186 3820 2494 3882 Τουτέστιν.
2527 3819 2733 3896 Ἠρὲμα
2764 3821 2851 3877 καὶ
2886 3821 2975 3877 διὰ
3010 3821 3279 3900 βραχέων,
3312 3822 3399 3877 καὶ
3441 3822 3550 3901 οὑχ
3579 3822 3653 3885 ὡς
3683 3818 3837 3876 διδά-

2188 3928 2352 3974 σκων,
2411 3907 2539 3965 ἀλλ’
2595 3909 3043 3984 ἀναμιμνήσκων.
3110 3938 3130 3961 ιι
3176 3909 3459 3990 Ἀδελφοί.
3495 3935 3523 3963 ››
3555 3907 3704 3966 ’Έδει
3732 3909 3836 3983 γάρ

2185 3995 2378 4062 αὑτοὺς
2433 4007 2938 4082 κατασκωιρθὲντας,
2997 4003 3196 4065 ἱκανῶς
3254 4001 3342 4057 καὶ
3401 4000 3604 4058 λεᾶναι.
3663 4024 3691 4051 ‹‹
3742 4000 3834 4063 Ὦς

2184 4086 2704 4163 ἐπαναμιμνήσκων.
2766 4115 2794 4142 ››
2881 4091 3108 4166 ’Πρέμα,
3185 4089 3338 4171 φησί.
3402 4095 3564 4159 Πῶς;
3623 4087 3834 4144 Ὧσανεὶ

2181 4175 2517 4250 ἀναμνήσας,
2594 4178 2863 4249 τουτέστι,
2951 4180 3142 4256 μικρὸν
3225 4181 3561 4253 ἂναμνὴσας.
3627 4180 3690 4236 Ἡ
3776 4174 3835 4233 δὶ

2178 4266 2404 4338 τοιαύτη
2465 4268 2711 4341 σημασία
2765 4273 2872 4325 τῶν
2933 4267 3152 4341 λέξεων,
3211 4268 3433 4340 κολάζει
3463 4271 3526 4324 τὸ
3562 4271 3636 4342 μή
3699 4278 3831 4331 καθ⁸

2179 4355 2313 4412 όλου
2344 4356 2539 4423 αὑτοὺς
2570 4359 3005 4431 ἀναμεμνῆσθαι.
3057 4362 3212 4424 ’Ὀθεν
3246 4357 3308 4415 οὗ
3340 4381 3495 4441 φησι,
3529 4357 3830 4445 Διδάσκων,

2177 4444 2326 4514 ἀλλ’,
2366 4473 2385 4498 ε
2424 4448 2908 4521 Ἀναμιμνήσκων,
2942 4474 2970 4501 ››
3002 4482 3069 4492 -
3101 4475 3127 4501 ‹‹
3163 4450 3262 4504 Διά
3289 4451 3387 4519 τὴν
3421 4449 3584 4524 χάριν
3613 4450 3712 4517 τῆν
3745 4444 3834 4506 80-

2173 4535 2350 4591 θεῖσάν
2381 4557 2496 4609 μοι.
2522 4560 2549 4587 ››
2575 4537 2690 4593 Ούκ
2713 4537 2844 4610 ὶμὸς
2877 4539 2905 4594 ὁ
2927 4539 3113 4607 πόνος,
3145 4539 3334 4616 φησὶν,
3360 4535 3505 4594 ἀλλᾶ
3529 4538 3691 4613 χάρις
3719 4537 3830 4594 ἰστί

417 4616 743 4688 dictionum
781 4620 1053 4691 prohibet
1091 4636 1165 4676 ne
1196 4622 1257 4676 in
1291 4627 1475 4678 totum
1509 4623 1798 4680 admoniti
1828 4641 1956 4681 esse
1983 4627 2067 4681 vi-

2190 4631 2328 4680 Βεοῦ.
2347 4650 2366 4675 ο
2394 4624 2638 4681 Δείκνυσι
2667 4623 2724 4681 δὲ
2745 4627 2827 4681 δτι
2865 4624 2991 4683 οὑδὶ
3015 4627 3318 4699 ἀναμνῆσαι
3343 4627 3401 4682 ἂν
3428 4625 3752 4701 ἐτόλμησεν,
3784 4626 3831 4682 εἱ

422 4707 695 4767 deantur.
717 4711 884 4768 Unde
907 4728 1026 4767 non
1049 4711 1194 4768 dicit
1217 4713 1464 4780 Docens,
1487 4713 1590 4770 sed
1613 4739 1639 4765 ‹ς
1665 4717 2070 4775 Commonefa-

417 4797 603 4864 ciens,
641 4823 666 4848 υ
726 4817 832 4856 seu
889 4800 962 4856 ad
1024 4802 1373 4858 memoriam
1422 4819 1725 4861 revocans.
1762 4808 2070 4880 «Propter

416 4887 665 4957 gratiam
689 4905 819 4960 quae
841 4891 977 4946 data
1000 4899 1087 4947 est
1108 4891 1252 4948 mihi
1274 4909 1309 4950 a
1331 4894 1465 4950 Deo.
1505 4917 1529 4945 ι
1555 4897 1678 4951 Non
1713 4913 1878 4953 meus
1901 4898 2069 4954 labor

418 4980 527 5039 est,
561 4975 772 5047 inquit.
797 4977 901 5033 sed
931 4983 1118 5052 gratia
1144 4984 1238 5038 Hei
1286 4983 1553 5039 Ostendit
1581 4989 1780 5040 autem
1813 4986 1972 5057 quod
1992 5003 2065 5043 ne

413 5061 738 5122 admonere
768 5065 1010 5137 quidem
1059 5069 1268 5124 fuisset
1319 5087 1521 5138 ausus,
1572 5073 1684 5128 nisi
1717 5081 1922 5146 gentes
1951 5077 2062 5148 ipsi

407 5155 663 5210 fuissent
693 5157 1068 5224 concreditm,
1096 5161 1279 5216 multa
1302 5169 1498 5217 autem
1530 5164 1716 5220 utitur
1747 5166 2056 5222 modestia.

406 5267 434 5294 «
467 5244 533 5299 In
563 5251 765 5316 gentes
795 5246 1236 5306 administrans.
1264 5273 1292 5300 η
1328 5253 1529 5323 Itaque
1562 5269 1595 5309 a
1626 5254 1792 5311 vobis
1824 5273 2059 5328 quoque

396 5332 627 5403 justum
660 5335 768 5390 fuit
797 5343 863 5392 ut
882 5338 1138 5395 audirer.
1165 5364 1189 5388 «
1222 5342 1637 5412 Acceptabilis.
1666 5367 1693 5393 »
1717 5345 1856 5400 Cum
1882 5347 2059 5418 igitur

402 5422 807 5503 concreditum
842 5427 984 5482 mihi
1044 5430 1118 5484 sit
1175 5429 1288 5485 hoc
1341 5430 1691 5503 obsequium
1729 5441 1789 5488 et
1818 5450 2052 5491 sacrum

399 5511 824 5582 ministerium,
856 5517 1001 5573 mihi
1031 5517 1227 5575 studio
1261 5524 1371 5585 est,
1401 5528 1467 5576 ut
1497 5523 1558 5577 in
1587 5537 1736 5594 opus
1763 5523 2051 5582 deducam

400 5601 504 5659 Dei
534 5603 850 5664 consilium
877 5621 891 5673 ;
925 5605 985 5663 id
1009 5613 1211 5665 autem
1245 5614 1354 5673 est,
1385 5615 1452 5664 ut
1483 5609 1703 5667 oblatio
1732 5619 1927 5671 vestra
1955 5629 2050 5671 ac-

401 5691 712 5765 coptabilis
744 5692 864 5752 flat.
897 5726 966 5737 —
995 5696 1134 5751 Item
1164 5697 1276 5752 alio
1299 5698 1611 5756 modo.N0n
1639 5705 1705 5757 ut
1733 5716 1839 5774 ego
1869 5703 2052 5776 glori-

2183 4715 2257 4786 μῆ
2290 4715 2356 4771 τά
2384 4709 2504 4785 ἔθνη
2531 4713 2904 4772 ἐπεπίστευτο.
2942 4714 3134 4773 Ηολλᾶ
3168 4714 3223 4772 δὲ
3258 4718 3553 4791 μετριάζει.
3588 4742 3615 4767 ‹‹
3642 4717 3734 4779 Εἷς
3763 4717 3832 4770 τά

2176 4797 2299 4873 ἔθνη
2331 4803 2736 4878 ἱερουργοῦντα.
2774 4829 2801 4856 ››
2859 4804 3070 4862 Οὐκοῦν
3127 4807 3217 4860 καὶ
3259 4808 3388 4877 παρ’
3421 4805 3574 4878 ὑμῶν
3606 4803 3831 4868 δικαίως

2177 4888 2236 4944 ἃν
2297 4891 2634 4960 ἀκουσθείην.
2685 4918 2712 4945 ε(
2744 4892 3175 4969 Εὑπρόσδεκτος,
3210 4918 3239 4945 ››
3299 4897 3604 4972 Τοιγαροῦν
3659 4892 3829 4967 ἔμπιο

2175 4989 2410 5050 στευθεῖς
2466 4989 2669 5060 ταύτην
2743 4992 2841 5060 τῆν
2923 4990 3264 5066 λειτουργίαν
3345 4992 3436 5046 καὶ
3496 4990 3826 5067 ἱερουργίαν,

2173 5076 2414 5147 σπουδήν
2445 5072 2563 5158 ἔχω
2595 5079 2671 5140 εἷς
2705 5079 2865 5154 ἔργον
2896 5083 3116 5158 ἀγαγεῖν
3165 5083 3264 5149 τῆν
3300 5083 3510 5157 βουλὴν
3537 5087 3639 5138 τοῦ
3669 5084 3825 5138 Θεοῦ.

2171 5169 2232 5225 ἸΙ
2263 5165 2320 5222 δὲ
2349 5166 2514 5236 ἐστιν,
2573 5168 2968 5245 εὐπρόσδεκτον
3029 5172 3184 5243 ὑμῶν
3243 5173 3490 5246 γενέσθαι
3521 5174 3620 5242 τὴν
3651 5191 3826 5248 προσ-

2169 5257 2356 5336 φοράν.
2406 5291 2475 5300 -
2526 5259 2620 5312 Καὶ
2675 5257 2877 5323 ἄλλως.
2941 5259 3067 5340 Ούχ
3114 5259 3206 5315 ’ἶνα
3253 5259 3364 5336 ἐγὼ
3418 5260 3682 5332 δοξασθῶ,
3735 5258 3824 5314 διὰ

2164 5350 2326 5401 τοῦτο
2356 5345 2445 5401 καὶ
2479 5345 2609 5420 ὑμῖν
2641 5343 2864 5423 ἔγραψα,
2897 5347 3026 5404 ἀλλ’
3079 5350 3174 5404 ἳνα
3231 5351 3321 5404 καὶ
3357 5351 3513 5424 ὑμεῖς
3547 5350 3676 5423 μετὰ
3709 5353 3818 5404 τῶν

2164 5432 2354 5490 ἄλλων
2388 5435 2553 5489 ἐθνῶν
2588 5437 2820 5506 σωθῆτε,
2853 5437 2943 5491 καὶ
2995 5437 3170 5501 οῦτῶς
3215 5439 3432 5514 γενηται
3466 5441 3501 5508 ἠ
3534 5437 3819 5513 προσφορά

2161 5529 2268 5580 τῶν
2300 5523 2488 5593 ἐθνῶν,
2521 5521 2852 5598 ὁλοκλήρῶς
2915 5524 3330 5603 εὐπρόσδεκτος.
3363 5555 3390 5580 «
3424 5530 3509 5584 ’Ev
3546 5525 3818 5600 Πνεύματι

2163 5613 2320 5691 ἁγίῳ.
2355 5637 2382 5664 ››
2441 5618 2563 5675 Πῶς
2621 5609 2668 5669 δ’
2728 5613 2786 5668 ἃν
2849 5611 3026 5672 ἔσεσθε
3083 5613 3472 5692 εὑπρόσδεντοι
3529 5617 3619 5675 καὶ
3660 5619 3822 5694 ἡγια-

2161 5702 2385 5776 σμίνδις
2418 5700 2481 5760 Et
2540 5695 2717 5780 ἔχετε,
2767 5703 2923 5785 φησὶ,
2980 5705 3044 5760 τὸ
3097 5710 3336 5783 Πνεῦμα.
3393 5709 3515 5772 Πῶς
3547 5705 3604 5764 Si
3655 5709 3818 5764 τοῦτο
