4198 6200
317 356 426 416 621
1405 360 1556 421 COM
1572 361 1812 419 .‘ilENT.
1862 357 1939 417 IN
1986 361 1987 365 “

2097 355 2230 415 lST.
2279 357 2380 415 AD
2429 356 2614 414 ROM.
3610 361 3727 418 622

319 492 714 567 παραγίνεταις
750 492 850 546 Διὰ
908 490 1030 566 βίου
1085 491 1355 562 ἀλήπτου.
1413 494 1500 555 Ὠς
1543 491 1654 566 οἵγε
1687 494 1764 565 μή
1796 491 1972 566 ὀρθῶς

2097 492 2246 556 ticer,
2281 497 2594 562 propterea
2623 490 2785 546 vobis
2842 507 3077 561 quoque
3135 489 3367 562 scripsi,
3401 491 3506 548 sed
3533 499 3598 550 ut
3627 511 3728 550 vos

324 582 587 657 βιοῦντες,
624 579 883 637 διώκουσι
917 583 979 637 τὸ
1011 584 1158 657 ἅγιον
1191 577 1530 658 Πνεῦμαάιο⁹
1561 583 1786 638 ἑαυτῶν.

2097 582 2256 636 etiam
2289 596 2423 635 cum
2453 581 2684 635 caeteris
2713 581 2987 652 gentibus
3040 581 3211 636 salvas
3258 582 3406 646 sitis,
3439 589 3617 654 atque
3649 584 3730 639 ita

322 674 586 746 gentium
648 674 868 729 oblatio
930 674 1034 729 fiat
1090 675 1344 746 perfecte
1377 675 1780 747 acceptabilis.
1841 695 1869 722 «
1920 675 2032 727 Per
2087 671 2368 741 Spiritum
2403 676 2693 725 sanctum.
2725 692 2750 720 ι
2789 669 3093 734 Quomodo
3150 687 3285 726 vero
3333 671 3726 743 acceptabiles

323 768 380 818 et
408 764 759 818 sanctificati
793 763 1006 818 eritis?
1037 765 1092 819 Si
1119 765 1468 831 habueritis,
1498 766 1712 836 inquit,
1749 764 2052 835 Spiritum.
2087 763 2268 815 Porro
2319 760 2420 814 ille
2470 759 2765 830 quomodo
2798 759 3085 815 accedet?
3116 762 3221 815 Per
3249 761 3427 818 vitam
3459 761 3729 832 inculpa-

323 860 466 909 tam.
501 853 608 918 Qui
641 869 779 925 ergo
811 869 930 907 non
961 860 1118 910 recte
1153 855 1368 921 vivunt,
1403 856 1686 926 Spiritum
1719 859 1990 910 sanctum
2022 867 2057 906 a
2090 867 2150 905 se
2183 851 2501 920 repellunt.

393 942 548 1015 Ἕχω
609 939 699 994 οὖν
759 939 1030 1014 καύχήσιν
1092 941 1142 995 ἐν
1202 946 1428 1016 Χριστῷ
1482 945 1667 1013 Ἰησοῦ
1722 942 1789 996 τὰ
1831 941 1966 1016 πρὸς

319 1029 413 1084 τὸν
443 1029 592 1085 Θεὸν.
655 1027 732 1086 Οὐ
791 1030 898 1104 γὰρ
948 1027 1220 1103 τολμήσω
1273 1028 1462 1086 λαλεῖν
1521 1052 1572 1086 τι
1633 1032 1706 1086 ὧν
1759 1031 1823 1084 οὐ
1851 1049 1973 1085 κατ-

321 1119 608 1196 ειργάσατο
691 1119 922 1194 Χριστὸς
981 1115 1050 1172 δι’
1109 1119 1265 1192 ἐμοῦ,
1345 1120 1424 1184 εἷς
1479 1121 1722 1188 ὑπακοὴν
1781 1116 1968 1190 ἔθνων,

319 1206 476 1282 λόγῳ
533 1208 624 1263 καὶ
684 1203 847 1284 ἔργῳ,
902 1207 955 1263 ἐν
1013 1206 1235 1282 δυνάμει
1297 1211 1540 1284 σημείων
1586 1211 1676 1266 καὶ
1707 1211 1969 1285 τεράτων,

323 1299 374 1353 ἐν
419 1295 640 1369 δυνάμει
698 1298 1014 1370 Ηνεύματος
1074 1302 1228 1367 Θεοῦ,
1291 1300 1427 1354 ὥστε
1491 1321 1556 1373 με
1613 1301 1719 1355 ἀπὸ
1775 1301 1971 1375 Ἰερου·

325 1387 516 1460 σαλῆμ
571 1387 658 1442 καὶ
717 1385 903 1459 κύκλῳ
965 1386 1126 1463 μέχρι
1201 1392 1296 1444 τοῦ
1355 1389 1686 1464 Ἰλλυρικοῦ,
1754 1387 1970 1459 πεπλη-

326 1476 555 1552 ρωκέναι
588 1478 648 1530 τὸ
681 1474 1019 1550 Εὐαγγέλιον
1049 1481 1149 1531 τοῦ
1182 1480 1445 1552 Χριστοῦ.

397 1570 706 1642 Καυχῶμαι
736 1571 1022 1642 τοιγαροῦν
1071 1566 1167 1622 οὐκ
1199 1567 1250 1622 ἐν
1298 1568 1539 1642 ἐμαυτῷ,
1574 1568 1696 1625 οὐδὲ
1729 1569 1778 1624 ἐν
1814 1590 1975 1624 σπου-

327 1654 393 1729 δῇ
427 1655 558 1728 ἐμῇ,
605 1653 730 1710 ἀλλ’
762 1654 814 1710 ἐν
841 1658 1079 1730 Χριστῷ,
1139 1657 1192 1712 ἐν
1242 1664 1358 1720 τοῖς
1417 1660 1701 1734 πράγμασι
1731 1664 1846 1722 τοῖς
1877 1661 1977 1714 ἀν-

326 1751 522 1818 ήκουσι
555 1746 644 1800 καὶ
679 1743 995 1824 διαφέρουσι
1044 1752 1122 1820 τῷ
1173 1749 1364 1821 Πατρί.
1406 1751 1548 1824 ’Ἄρα
1578 1752 1612 1818 ἡ
1646 1749 1722 1812 εἷς
1751 1751 1978 1824 Χριστὸν

327 1833 534 1903 πίστις,
564 1839 644 1906 τῷ
677 1835 843 1908 ΙΙατρὶ
903 1833 1164 1912 διαφέρει·
1233 1843 1427 1912 Πρῶτα
1487 1839 1580 1910 μὲν
1628 1838 1731 1913 γὰρ
1769 1838 1982 1915 μετριά-

323 1945 419 1986 σας
453 1923 529 1985 εἷς
560 1925 622 1979 τὸ
654 1921 855 1999 λέγειν,
917 1949 942 1977 ‹‹
976 1923 1402 2002 Τολμηρότερον
1462 1925 1518 1983 δὲ
1549 1922 1777 2003 ἔγραψα,
1813 1952 1839 1978 ››
1888 1932 1980 1982 νῦν

324 2012 534 2086 ἐπαίρει
569 2013 779 2075 ἑαυτὸν,
836 2012 982 2082 πλὴν
1039 2013 1090 2068 ἐν
1154 2016 1368 2090 Χριστῷ
1401 2018 1597 2088 Ἰησοῦ.
1635 2050 1700 2060 -
1731 2015 1978 2080 Ἄλλως.
2014 2011 2058 2076 Β

322 2101 533 2177 [ΦΩΤ.]
597 2100 664 2157 Τί
719 2100 855 2171 οὖνς
928 2103 990 2156 σῦ
1050 2103 1428 2175 ἐνεπιστεύθης
1484 2107 1585 2174 τήν
1641 2110 1750 2161 τῶν
1808 2105 1972 2162 ίθνῶν

321 2190 683 2269 προσᾳοράνς
742 2192 868 2261 Nai,
929 2192 1083 2267 φησί.
1141 2194 1238 2248 Καὶ
1297 2197 1677 2270 καυχήσασθαι
1719 2192 1972 2270 δύναμαι,

323 2281 378 2336 ἐν
412 2281 499 2343 οἷς
531 2281 871 2358 εἶργασάμην
902 2281 956 2336 ἐν
990 2283 1190 2344 αὐτοῖς.
1221 2289 1284 2341 Ἡ
1316 2281 1372 2339 δὲ
1415 2286 1684 2360 καύχησίς
1716 2307 1841 2358 μου,
1873 2289 1976 2342 οὐκ

321 2369 377 2425 ἐν
409 2367 555 2442 ἐμοὶ,
587 2369 883 2438 τουτέστιν,
937 2370 1036 2425 οὐκ
1087 2371 1136 2425 ἐν
1194 2376 1262 2446 τῇ
1305 2371 1524 2447 δυνάμει
1557 2374 1590 2443 ἢ
1623 2378 1690 2447 τῇ
1725 2374 1878 2449 ἰσχύϊ
1905 2379 1973 2449 τῇ

321 2457 458 2530 ἐμῇ,
491 2455 617 2512 ἀλλ’
649 2458 700 2512 ἐν
732 2460 955 2533 Χριστῷ
984 2461 1191 2531 Ἰησοῦ.
1223 2461 1324 2518 Καὶ
1358 2462 1460 2535 γαρ
1493 2462 1592 2516 εἷ’τι
1625 2461 1686 2517 ἃν
1717 2462 1856 2518 εἷ’πω
1884 2464 1974 2519 καὶ

325 2549 728 2622 κασχήσωμαι,
761 2547 916 2604 οὐδὲν
949 2548 1091 2604 ἀλλο
1111 2548 1382 2624 τολμήσω
1405 2550 1604 2629 λέγειν,
1631 2551 1760 2609 ἀλλ’
1782 2553 1817 2622 ἢ
1843 2555 1974 2628 ἅπερ

322 2640 350 2694 ὁ
413 2638 638 2710 Χριστὸς
696 2636 748 2692 ἐν
790 2635 916 2709 ἐμοὶ
975 2640 1364 2716 κατειργάσατο
1423 2642 1498 2703 εἰς
1553 2643 1615 2696 τὸ
1677 2643 1976 2698 ὑπακοῦσαι

321 2730 418 2784 καὶ
450 2733 730 2784 πιστεῦσαι
760 2729 825 2783 τὰ
869 2728 1018 2800 ἔθνη.
1069 2729 1136 2786 Τί
1197 2729 1288 2785 οὖν
1337 2734 1768 2807 κατειργάσατο;
1802 2734 1976 2809 Λόγον

322 2818 402 2882 εἷς
461 2819 524 2874 τὸ
580 2817 868 2893 κηρύττειν
953 2813 1142 2890 ἔδωκε,
1231 2826 1434 2892 σημεῖα
1498 2823 1588 2876 xui
1645 2823 1842 2896 τέρατα
1899 2821 1978 2884 είς

319 2912 384 2965 τὸ
421 2908 717 2985 εὐεργετεῖν
773 2908 862 2963 καὶ
923 2907 1123 2963 πείθειν
1179 2907 1514 2985 ἐχορήγησε.
1575 2911 1763 2979 Τέλος,
1807 2911 1979 2974 οὕτως

321 2995 532 3068 ηὕξητε
565 2998 654 3052 καὶ
715 2993 980 3052 ἐπλάτυνε
1037 2997 1126 3051 xui
1182 2997 1426 3072 ἐστήριξε
1477 3001 1576 3069 τήν
1611 2998 1682 3054 δι’
1712 3000 1846 3070 ἐμοῦ
1876 3021 1976 3068 κη-

323 3084 662 3162 ρυττομένην
707 3088 912 3150 πίστιν,
977 3084 1116 3142 ὥστε
1170 3088 1274 3142 ἀπὸ
1304 3086 1672 3161 Ἰερουσαλὴμ
1703 3087 1753 3160 ἐξ
1784 3091 1852 3159 ἧς
1881 3090 1980 3158 τήν

321 3177 556 3253 πρώτην
586 3175 776 3249 ἤνεγκε
811 3175 1052 3249 βλάστην
1111 3176 1200 3230 καὶ
1250 3175 1425 3250 πέρις,
1471 3177 1638 3250 μέχρι
1668 3182 1765 3232 τοῦ
1796 3176 1977 3233 Ἰλλυ-

326 3270 487 3343 ρικοῦ
539 3263 930 3340 διαριζωθῆναι
981 3266 1070 3320 xui
1120 3262 1409 3343 διαφυῆναι
1460 3267 1548 3319 xui
1593 3264 1887 3340 πληρῶσαι
1917 3267 1979 3321 τὸ

2154 940 2341 1004 XV,”
2371 943 2457 993 19.
2495 962 2521 989 ‹‹
2551 938 2744 994 Habeo
2769 939 2946 1011 igitur
2975 939 3388 1011 gloriationem
3411 940 3474 995 in
3495 940 3727 995 Christo

2080 1051 2108 1078 ‹‹
2133 1029 2268 1084 Jesu
2285 1030 2343 1082 in
2360 1029 2450 1083 his
2467 1045 2593 1098 quae
2609 1027 3175 1084 suntadDeum.Non
3191 1030 3348 1084 enim
3365 1029 3555 1084 ausim
3570 1027 3732 1100 loqui

2088 1141 2112 1170 ι
2127 1117 2453 1189 quidquam
2467 1133 2668 1172 eorum
2685 1135 2814 1189 quas
2828 1135 2946 1172 non
2961 1117 3425 1172 etfecitChristus
3438 1133 3543 1190 per
3557 1134 3644 1172 me
3657 1115 3733 1172 ad

2083 1229 2111 1256 ‹‹
2131 1207 2529 1262 obedientiam
2547 1208 2812 1276 gentium
2827 1207 3000 1262 verbo
3015 1213 3395 1279 etopere,per
3409 1207 3735 1279 potentiam

2084 1319 2110 1346 «
2137 1297 2440 1368 signorum
2457 1313 2524 1352 ac
2543 1297 3033 1368 prodigiorum,in
3053 1298 3317 1368 potentia
3330 1297 3582 1368 Spiritus
3597 1297 3732 1352 Dei:

2091 1405 2116 1438 α
2137 1392 2200 1439 ut
2231 1385 2302 1440 ab
2334 1386 2660 1441 Jerusalem
2689 1394 2745 1442 et
2776 1386 3335 1457 circumjacentibus
3367 1386 3514 1441 locis
3545 1398 3732 1456 usque

2085 1497 2112 1524 ‹‹
2133 1475 2207 1531 ad
2237 1476 2539 1546 Illyricum
2600 1477 2970 1547 impleverim
3025 1476 3404 1547 Evangelium
3435 1475 3669 1529 Christi.
3705 1497 3731 1523 η

2160 1587 2389 1642 Glorior
2420 1585 2598 1656 igitur
2653 1601 2770 1639 non
2825 1585 2883 1638 in
2943 1585 3191 1655 meipso,
3225 1599 3416 1654 neque
3450 1585 3508 1638 in
3541 1583 3734 1639 studio

2087 1675 2352 1743 meo,sed
2384 1676 2443 1729 in
2476 1674 2795 1740 (,Lhristo,in
2821 1675 2996 1728 rebus
3020 1690 3149 1743 quae
3182 1674 3479 1745 pertinent
3510 1690 3578 1728 ac
3607 1672 3737 1728 red-

2091 1771 2234 1823 eunt
2263 1765 2336 1820 ad
2370 1763 2804 1818 Patrem.Fides
2837 1764 3034 1833 itaque
3091 1763 3151 1817 in
3182 1763 3478 1817 Christum
3511 1760 3586 1816 ad
3619 1763 3735 1817 Pa-

2090 1863 2239 1911 trem
2263 1853 2809 1925 pertinet.Primum
2833 1852 3125 1924 siquidem
3149 1851 3442 1907 modestia
3461 1867 3605 1906 usus
3627 1855 3737 1915 est,

2090 1946 2330 2001 dicens:
2365 1947 2518 1998 404
2551 1942 2849 1998 Audacius
2897 1949 3096 1998 autem
3130 1941 3362 2012 scripsi,
3394 1955 3551 1996 nunc
3583 1939 3738 2009 seip-

2089 2051 2221 2089 sum
2243 2033 2753 2098 attollit,attamen
2776 2032 2836 2085 in
2858 2031 3089 2086 Christo
3119 2032 3276 2085 Jesu.
3310 2060 3378 2070 —-
3408 2029 3536 2084 Alio
3556 2028 3732 2083 modo.

2088 2122 2237 2189 Quid
2262 2122 2442 2194 ergo?
2469 2121 2670 2176 Tibine
2702 2120 3040 2177 concredita
3072 2125 3160 2175 est
3189 2119 3451 2192 gentium
3475 2115 3740 2173 oblatio?

2089 2213 2322 2283 Utique,
2357 2212 2570 2282 inquit,
2630 2217 2687 2266 et
2743 2210 2982 2282 gloriari
3013 2224 3256 2280 possum
3288 2208 3360 2263 de
3391 2207 3485 2262 his
3515 2222 3646 2278 quae
3679 2207 3741 2262 in

2087 2302 2207 2356 illis
2234 2307 2511 2373 operatus
2545 2316 2695 2356 sum.
2730 2299 3012 2355 Gloriatio
3069 2315 3204 2353 vero
3245 2314 3377 2353 mea
3404 2313 3522 2353 non
3553 2301 3643 2352 est
3673 2296 3734 2352 in

2087 2408 2204 2456 me,
2239 2391 2349 2447 hoc
2380 2396 2488 2456 est,
2545 2391 2605 2444 in
2661 2390 2883 2445 viribus
2939 2395 2996 2444 et
3052 2389 3317 2460 potentia
3351 2404 3504 2451 mea,
3539 2387 3641 2442 sed
3673 2388 3734 2442 in

2086 2481 2316 2536 Christo
2346 2482 2502 2536 Jesu.
2538 2479 2768 2535 Etenim
2814 2479 2860 2533 si
2912 2479 3056 2550 quid
3085 2479 3290 2534 dixero
3322 2485 3423 2534 aut
3451 2478 3736 2551 gloriatus

2085 2571 2273 2640 fuero,
2302 2556 2451 2625 nihil
2481 2569 2644 2626 aliud
2675 2569 2903 2624 audebo
2935 2569 3129 2624 dicere
3162 2585 3339 2640 quam
3372 2584 3442 2624 ea
3471 2584 3602 2640 quae
3634 2582 3741 2639 per

2087 2677 2183 2716 me
2211 2661 2477 2716 Christus
2508 2661 2703 2716 eﬂ'ecit
2749 2661 2810 2714 in
2863 2659 2974 2714 hoc
3003 2665 3068 2714 ut
3097 2667 3301 2731 gentes
3333 2659 3642 2715 obedirent
3671 2673 3739 2714 ac

2089 2749 2419 2805 crederent.
2445 2750 2594 2815 Quid
2617 2750 2795 2822 igitur
2825 2750 3065 2804 eﬂ‘ecit?
3095 2750 3439 2804 Sermonem
3472 2747 3637 2803 dedit
3664 2747 3740 2803 ad

2089 2840 2530 2911 praedicandum
2554 2857 2566 2894 :
2593 2841 2758 2913 signa
2780 2846 2839 2895 et
2860 2839 3128 2912 prodigia
3152 2839 3227 2895 ad
3248 2836 3740 2893 benefaciendum

2089 2950 2156 2989 ac
2187 2934 2665 3005 persuadendum
2723 2933 2949 2989 tribuit.
3009 2933 3269 2989 Tandem
3310 2933 3457 2989 adeo
3491 2931 3656 2988 auxit
3681 2933 3741 2986 et

2091 3022 2355 3079 dilatavit
2388 3039 2455 3077 ac
2487 3022 2857 3078 conﬁrmavit
2886 3021 3064 3077 fidem
3098 3039 3202 3093 per
3231 3021 3741 3093 me'praedicatam

2089 3119 2153 3168 ut
2183 3131 2216 3169 a
2244 3113 2594 3178 Jerusalem,
2651 3130 2722 3168 ex
2778 3130 2894 3184 qua
2923 3114 3182 3185 primum
3220 3131 3462 3186 germen
3494 3115 3651 3180 tulit,
3685 3121 3743 3169 et

2091 3202 2655 3273 circumiacentibus
2701 3203 3043 3276 regionibus
3087 3219 3276 3275 usque
3309 3204 3382 3259 ad
3416 3203 3738 3275 Illyricum,

2090 3293 2321 3348 radices
2345 3292 2541 3347 fixerit
2561 3309 2629 3348 ac
2655 3292 2956 3348 inhxeserit
2979 3301 3036 3349 et
3054 3292 3382 3364 impleverit
3399 3293 3741 3364 prmdicatio

322 3362 586 3432 κήρυγμα
642 3357 741 3424 τήν
799 3355 1063 3425 τοσαύτην
1121 3355 1472 3428 οἰκουμένην.
1532 3356 1739 3413 Οὐκοῦν
1795 3356 1980 3418 καλῶς

2097 3390 2286 3439 tantas
2316 3383 2626 3439 hominum
2686 3389 2894 3438 terras.
2933 3355 3156 3455 Itaque.
3193 3383 3339 3439 bene
3373 3355 3551 3439 etiam
3582 3382 3746 3438 vobis

323 3449 415 3504 xui
479 3449 609 3520 ὑμῖν
668 3442 876 3524 ἔγραψα
956 3445 1046 3500 καὶ
1136 3445 1422 3516 ὑπέμνησα
1477 3449 1581 3498 τῶν
1642 3444 1692 3498 ἐν
1757 3445 1981 3507 ἐκείνοις

321 3536 806 3612 κατορθωθέντων,
867 3533 1081 3610 θαῤῥεῖν
1139 3535 1227 3588 καὶ
1286 3535 1407 3609 περὶ
1463 3534 1602 3606 ὑμᾶς
1655 3533 1982 3607 ὑποτιθεμέ-

318 3649 458 3695 νων,
490 3626 581 3681 καὶ
609 3628 710 3694 τήν
744 3623 981 3698 ἐξουσίαν
1039 3624 1128 3678 καὶ
1189 3620 1368 3678 ἄδειαν
1423 3627 1519 3678 τοῦ
1550 3626 1816 3679 νουθετεῖν
1849 3624 1983 3694 μετὰ

319 3725 425 3778 τοῦ
456 3719 769 3789 Πνεύματος
799 3712 1172 3788 ἐγγυωμένων.
1236 3739 1262 3766 ‹‹
1297 3714 1375 3771 Οὐ
1432 3715 1533 3788 γὰρ
1585 3713 1856 3787 τολμήσω
1887 3713 1984 3769 λα-

321 3818 453 3877 λεῖν
483 3837 555 3871 τι.
588 3839 614 3863 n
648 3805 871 3876 Ἐπειδὴ
897 3808 1061 3876 εἶπεν,
1087 3831 1114 3859 ‹‹
1139 3808 1300 3880 Ἐχω
1328 3804 1616 3882 καύχημα,
1645 3831 1669 3858 ›;
1696 3807 1988 3881 προστίθη-

327 3931 443 3967 σιν.
477 3906 560 3962 ὅτι
621 3903 697 3961 Ού
755 3902 994 3974 κόμπος,
1056 3897 1213 3973 φησὶ,
1270 3895 1529 3970 ῥημάτων
1581 3896 1645 3950 τὰ
1703 3894 1982 3970 εἰρημένα.

325 3997 476 4060 Οῦὸὶ
506 4000 611 4076 γὰρ
644 3995 815 4051 εἰπεῖν
870 3991 1068 4064 τολμῶ
1123 3993 1232 4044 τῶν
1295 3987 1370 4060 μὴ
1429 3987 1573 4061 παρὰ
1621 3987 1857 4061 Χριστοῦ
1894 4007 1988 4059 μοι

326 4075 798 4166 παρασχεθέντων
859 4083 935 4144 εἷς
990 4081 1088 4150 τὴν
1145 4082 1252 4133 τῶν
1313 4076 1476 4140 ἐθνῶν
1534 4075 1858 4151 ἱερουργίαν,
1899 4075 1989 4130 καὶ

326 4179 420 4238 ἵνα
458 4202 567 4254 μου
621 4177 690 4233 τὰ
747 4173 871 4245 ἔθνη
935 4169 1230 4243 ὑπακούσῃ,
1262 4165 1408 4224 ἀλλᾶ
1435 4167 1525 4223 καὶ
1559 4167 1800 4239 σημείων
1834 4170 1993 4238 ποιή-

337 4291 480 4335 me,
511 4269 601 4324 καὶ
630 4266 870 4341 τεράτων
899 4257 1182 4334 ἅπιδείξεις
1235 4277 1327 4329 μοι
1383 4256 1812 4330 παρεσχέθησαν,
1847 4256 1994 4313 Ἀνά-

330 4381 426 4437 γει
461 4360 568 4439 γὰρ
598 4355 794 4415 λοιπὸν
851 4352 1058 4419 ἑαυτὸν,
1117 4346 1306 4415 ἐπειδὴ
1365 4342 1570 4422 σφόδρα
1627 4343 1678 4400 ἐν
1737 4351 1854 4410 τοῖς
1883 4344 1994 4401 ἂνω

330 4432 693 4507 (ταπείνωσιν
752 4443 962 4509 ἑαυτὸν,
1024 4439 1210 4505 εἰπὼν,
1271 4432 1751 4510 «Τολμηρότερον
1791 4432 1996 4511 ἔγραψα

335 4542 499 4617 ὑμῖν,
539 4564 559 4588 ι
587 4535 682 4592 ’ίνα
716 4535 790 4607 μὴ
824 4532 898 4593 ὡς
931 4527 1203 4592 εὐτελοῦς,
1238 4519 1556 4617 ἀπόϐλητος
1589 4521 1819 4617 δᾼλόγος
1848 4523 1999 4617 γένη,

335 4612 454 4688 ται.
495 4652 523 4681 ι(
549 4629 650 4684 Ὠν
683 4625 746 4681 οὔ
800 4621 1188 4697 κατειργάσατο
1245 4616 1475 4693 Χριστὸς
1532 4612 1602 4669 δι’
1632 4614 1786 4687 ἐμοῦ.
1823 4638 1850 4667 ››
1886 4615 1998 4670 Δεζ.

335 4741 535 4779 κνυσιν
582 4716 665 4772 ὅτι
704 4710 856 4771 οὐδὲν
915 4712 980 4782 ἦν
1039 4709 1226 4776 αὐτοῦ,
1284 4705 1432 4763 ἀλλὰ
1486 4706 1548 4760 τὸ
1607 4709 1706 4760 πᾶν
1739 4707 1998 4781 Χριστοῦο

335 4835 368 4865 ‹‹
409 4813 506 4868 Ἐν
567 4804 800 4874 δυνάμει
863 4801 1180 4874 Πνεύματος
1238 4800 1392 4855 Θεοῦ.
1429 4821 1456 4847 ››
1487 4795 1561 4852 Τὸ
1594 4795 1810 4867 ἀξίωμα
1865 4795 2010 4873 λέγει

336 4903 443 4957 τοῦ
505 4895 659 4972 ἁγίου
721 4892 1056 4965 Πνεύματος,
1110 4888 1192 4944 ὅτι
1250 4890 1434 4945 Ταῦτα
1483 4884 1779 4955 πεποίηκα,
1813 4887 2001 4962 φησδν,

336 4991 529 5064 ἦγουν
562 4986 758 5060 τέρατα
786 4983 879 5039 καὶ
912 4985 1133 5053 σημεῖα,
1187 4980 1255 5050 τῇ
1312 4975 1535 5050 δυνάμει
1566 4975 1748 5030 αὐτοῦ.
1791 4999 1816 5029 ι
1849 4979 2009 5032 Ὥστε

348 5099 422 5154 με
457 5077 568 5133 ἀπὸ
597 5071 963 5151 Ἰερουσαλὴμ
1011 5070 1100 5126 καὶ
1158 5068 1367 5141 κύκλῳ.
1404 5093 1431 5120 ››
1491 5067 1694 5122 Λοιπὸν
1725 5068 1759 5135 ἡ
1793 5064 2009 5122 ἀπόδει-

346 5168 433 5239 ξις
465 5171 576 5222 τῶν
636 5162 962 5240 ε”ρημένων,
1017 5165 1122 5216 τῶν
1186 5162 1441 5233 μαθητῶν
1497 5159 1559 5213 τὸ
1617 5155 1856 5228 πλῆθος.
1911 5158 2010 5216 Διά

336 5261 512 5314 τοῦτο
564 5252 620 5310 δὲ
673 5255 813 5320 εἶπε,
872 5279 900 5306 υ
935 5250 1156 5325 Κύιιλῳ,
1194 5276 1222 5302 ››
1276 5251 1366 5306 ἳνα
1409 5251 1484 5325 μή
1517 5251 1617 5316 τῆν
1649 5252 1768 5307 κατ’
1799 5251 2005 5306 εὐθεῖαν

344 5345 484 5404 ὁδὸν
518 5343 848 5416 ἐνθυμηθῆς.
897 5341 1044 5400 ἀλλᾶ
1097 5344 1271 5399 πάντα
1331 5343 1397 5396 τὰ
1456 5342 1627 5416 πέριξ.
1667 5366 1694 5392 ››
1726 5341 1836 5398 Οὐκ
1865 5344 2006 5410 εἷπε,

343 5434 684 5508 Κεκηούξαι,
717 5431 844 5490 ἀλλ’
873 5433 904 5489 ὅ
932 5439 1116 5506 μεῖζον
1144 5434 1234 5503 ἦν,
1291 5458 1317 5486 ιι
1348 5430 1798 5510 Πεπληρωκέναι.
1839 5456 1865 5486 ι
1901 5433 2008 5490 Ἰλ-

344 5522 580 5602 λυρικὸν
642 5521 699 5580 δὲ
753 5521 885 5596 ἐστι,
943 5524 1010 5580 τὰ
1065 5517 1269 5600 ἔσχατα
1325 5530 1423 5593 τῆς
1479 5528 1568 5580 νῦν
1598 5525 2009 5600 ὀνομαζομένης

339 5609 691 5691 Βολγαρίας.

303 6033 349 6056 μή
381 6033 430 6062 θ’)

303 6033 456 6112 ὡ.
503 6079 506 6082 ~

264 6119 270 6124 ,
319 6113 338 6120 Α

309 6121 342 6137 ,ο

2095 3473 2303 3544 scripsi
2335 3490 2402 3529 ac
2434 3473 2695 3544 suggessi
2722 3473 2791 3528 de
2814 3473 2906 3528 his
2933 3490 3063 3544 qua;
3090 3472 3247 3545 apud
3273 3473 3409 3528 illos
3435 3478 3564 3528 acta
3587 3477 3746 3540 sunt,

2095 3564 2320 3620 audens
2350 3565 2529 3619 etiam
2574 3580 2674 3619 vos
2724 3563 3044 3620 admonere
3093 3580 3212 3620 una
3243 3581 3377 3620 cum
3409 3564 3642 3636 spiritu,
3674 3571 3746 3619 de

2095 3656 2188 3709 his
2219 3671 2349 3725 quas
2382 3655 2542 3710 vobis
2585 3655 2888 3726 proposita
2943 3660 3080 3711 sunt
3137 3672 3206 3710 ac
3264 3654 3749 3726 promissajuxta

2097 3746 2424 3818 potentiam
2457 3762 2525 3801 ac
2554 3745 2915 3802 libertatem.
2951 3768 2980 3794 «
3017 3747 3141 3799 Non
3173 3745 3332 3799 enim
3360 3743 3553 3797 ausim
3585 3741 3748 3812 loqui

2101 3837 2448 3907 quidquam.
2486 3857 2510 3887 ι
2551 3839 2873 3907 Postquam
2930 3833 3120 3888 dixit:
3159 3853 3186 3881 ‹‹
3221 3833 3417 3888 Habeo
3445 3833 3753 3906 gloriatio-

2099 3926 2468 3986 nem.»addit
2487 3943 2605 3981 non
2625 3926 2936 3980 verborum
2953 3925 3302 3991 arrogantiae
3317 3941 3445 3980 esse
3470 3923 3752 3996 przedicta

2101 4033 2294 4086 neque
2327 4017 2506 4080 enim,
2527 4014 2934 4086 inquit,audeo
2965 4014 3289 4085 quidquam
3324 4015 3520 4072 dicere
3544 4032 3751 4074 eorum

2105 4123 2235 4176 qua:
2266 4123 2384 4161 non
2416 4112 2552 4161 sunt
2611 4106 2756 4160 mihi
2811 4123 2844 4161 a
2906 4105 3137 4160 Christo
3168 4104 3386 4161 tradita
3416 4107 3491 4162 ad
3523 4121 3752 4163 sacram

2104 4197 2366 4268 gentium
2399 4195 2997 4260 administrationem,
3015 4200 3196 4266 utque
3219 4201 3423 4264 gentes
3445 4195 3590 4251 mihi
3621 4195 3757 4252 obe—

2107 4287 2292 4341 diant.
2317 4286 2440 4338 Imo
2462 4289 2519 4339 et
2541 4285 2842 4356 signorum
2867 4285 3242 4356 operationes
3261 4302 3328 4342 ac
3350 4283 3756 4358 prodigiorum

2109 4374 2647 4432 demonstrationes
2669 4375 2813 4429 mihi
2840 4375 2990 4430 datae
3011 4376 3296 4431 suntJam
3316 4375 3475 4431 enim
3495 4375 3758 4449 seipsum

2110 4466 2348 4531 attollit,
2383 4466 2520 4537 quia
2551 4467 2610 4521 in
2643 4466 3113 4538 praecedentibus
3152 4468 3532 4524 vehementer
3563 4483 3624 4524 se
3656 4466 3760 4524 de-

2110 4555 2667 4630 presserat,'dicens
2696 4573 2709 4611 :
2742 4556 3064 4614 Audiacius
3086 4557 3291 4630 scripsi
3315 4556 3498 4622 vobis,
3530 4572 3604 4614 ne
3635 4561 3762 4613 tau-

2113 4665 2291 4722 quam
2324 4648 2455 4702 vilis
2484 4646 2744 4703 hominis
2766 4664 2961 4704 sermo
2993 4647 3161 4704 ﬂeret
3191 4647 3476 4720 abjectus.
3501 4648 3762 4704 «Eorum

2042 4761 2087 4826 Β
2115 4739 2398 4812 quaﬁmn
2433 4738 2628 4794 efl‘ecit
2655 4737 2923 4792 Christus
2953 4755 3060 4809 per
3091 4754 3204 4793 me.
3247 4759 3273 4786 »
3307 4736 3573 4794 Ostendit
3603 4736 3765 4809 quod

2114 4829 2260 4886 nihil
2296 4835 2423 4886 erat
2447 4827 2656 4900 ipsius,
2691 4827 3031 4899 sedjtotum
3072 4827 3307 4883 Christi.
3342 4851 3369 4877 «
3402 4829 3765 4902 ln‘potentia

2117 4919 2368 4991 Spiritus
2400 4917 2523 4972 Dei.
2548 4939 2574 4966 »
2615 4916 2967 4989 Dignitatem
2992 4916 3136 4972 dicit
3166 4917 3418 4989 Spiritus
3449 4918 3570 4977 Dei.
3607 4919 3762 4988 Haec,

2116 5007 2328 5078 inquit,
2390 5005 2525 5069 feci,
2585 5004 2702 5060 sive
2762 5005 3029 5076 prodigia
3087 5006 3206 5062 sive
3267 5008 3433 5074 signa
3471 5014 3763 5080 potestate

2118 5095 2320 5166 ipsius.
2357 5116 2386 5143 «
2420 5095 2490 5149 Ut
2522 5093 2594 5149 ab
2627 5093 3048 5152 JerusalemTet
3085 5096 3645 5170 circumjacentibus
3677 5099 3765 5155 lo-

2121 5185 2221 5240 cis.
2260 5187 2297 5231 ι’
2318 5185 2500 5238 Porro
2531 5185 2903 5254 eorum‘quaa
2965 5183 3121 5240 dicta
3152 5191 3288 5241 sunt
3319 5185 3767 5256 demonstratio,

2120 5271 2548 5342 discipulorum
2579 5279 2668 5328 est
2695 5272 3533 5346 multitudo.Propterea'dixit
3557 5295 3570 5332 :
3591 5301 3618 5326 ‹‹
3643 5278 3768 5334 Cir-

2119 5362 2782 5432 cumjacentibus'locis,
2835 5380 2909 5419 ne
2942 5371 3190 5422 rectam
3222 5368 3374 5423 viam
3407 5368 3769 5436 consideres,

2121 5455 2223 5510 sed
2246 5470 2452 5509 omnes
2473 5455 2696 5524 positas
2727 5454 2787 5509 in
2818 5455 3068 5512 circuitu
3089 5459 3381 5532 regiones.
3410 5480 3433 5510 ››
3455 5460 3580 5514 Non
3602 5459 3770 5524 dixit,

2122 5542 2589 5609 Prmdicaverim,
2611 5542 2712 5599 sed
2738 5544 2897 5616 quod
2920 5547 3114 5620 majus
3139 5553 3266 5604 erat
3283 5571 3309 5598 ‹‹
3331 5546 3720 5621 lmpleverim.
3746 5570 3768 5596 ι

2122 5632 2424 5708 Illyricum
2481 5638 2680 5690 autem
2738 5633 3060 5694 novissima
3116 5653 3253 5708 pars
3314 5639 3401 5691 est
3459 5638 3587 5707 ejus
3642 5651 3772 5705 qua

2121 5722 2397 5800 Bulgaria
2423 5722 2658 5782 dicitur.
3741 5737 3744 5740 ’
