4198 6200
437 387 552 450 623

1554 382 1971 445 uacuum“
2017 381 2321 443 'l‘RICCxE
2369 381 2724 443 EPISCOPI

3724 377 3846 438 θαι
3879 444 3885 450 ,

509 524 658 582 405
693 520 814 582 XV,
845 520 1026 574 20-24.
1061 543 1088 568 ιι
1124 521 1208 574 Ita
1237 535 1373 576 vero
1405 519 1678 576 adnitens
1708 519 2059 592 Evangeliun

2168 579 2169 582 η
2273 514 2462 577 Οὕτως
2546 514 2603 571 δὲ
2683 513 3146 596 φιλοτιμούμενον
3224 513 3681 591 εὐαγγελίζεσθαι,
3739 512 3850 592 ούχ

438 638 464 663 ιι
489 612 862 675 annuntiare,
895 627 1013 665 non
1045 609 1143 665 ubi
1177 611 1518 666 nominatus
1546 617 1671 665 erat
1700 610 1986 669 Christus.
2011 624 2084 664 ne

434 726 457 755 ιι
481 703 931 775 superalienum
949 702 1397 757 fundamentum
1413 703 1768 757 aedilicarem
1788 719 1800 756 :
1818 702 1919 757 sed
1933 702 2086 756 sicut

433 817 460 843 ιι
484 793 766 864 scriptum
787 791 1128 855 est:Quibus
1145 808 1262 846 non
1278 793 1794 847 estannuntiatum
1817 791 1888 845 de
1909 791 2082 855 eo,vi-

429 904 455 931 ιι
479 881 897 952 debunt,etqui
914 898 1030 936 non
1045 881 1381 944 audierunt,
1404 882 1750 954 intelligent.
1773 884 2080 951 Quaprop-

433 993 452 1020 ι
467 977 562 1028 ter
574 973 837 1028 etiamim
848 971 1127 1042 pediebar
1139 974 1477 1042 frequenter
1489 973 1805 1042 quominus
1820 973 2077 1027 venirem

431 1081 456 1114 ιι
477 1061 553 1119 ad
572 1077 862 1126 vos,nunc
883 1077 1017 1116 vero
1042 1077 1174 1117 cum
1194 1076 1312 1116 non
1335 1061 1591 1133 amplius
1615 1061 1862 1116 habeam
1883 1062 2077 1117 locum

431 1172 459 1201 ιι
480 1150 544 1207 in
565 1150 658 1207 his
681 1149 1044 1224 regionibus,
1081 1149 1443 1206 desiderium
1471 1156 1667 1207 autem
1697 1150 1947 1206 habeam
1982 1168 2079 1206 ve-

433 1263 451 1290 α
479 1237 681 1297 niendi
715 1239 790 1296 ad
805 1257 905 1298 vos
930 1241 1273 1311 multisjam
1298 1242 1561 1306 annis,ut
1579 1241 1626 1295 si
1646 1240 1987 1311 proﬁciscar
2016 1243 2075 1296 in

425 1351 454 1380 ιι
487 1329 1182 1401 Ηὶερᾶῐιὶᾶω.ζνθηίαωίιιὶ
1225 1347 1340 1386 vos.
1379 1331 1558 1401 Spero
1599 1331 1758 1385 enim
1792 1347 1884 1384 me
1916 1337 2076 1385 tran-

425 1444 452 1470 ‹‹
487 1421 715 1477 seundo
755 1422 1014 1477 visurum
1038 1429 1223 1485 vos,et
1242 1439 1274 1477 a
1297 1421 1461 1475 vobis
1478 1419 1888 1476 deducendum
1911 1422 2073 1488 illuc,

423 1533 452 1560 ιι
487 1512 536 1564 si
576 1516 778 1566 tamen
793 1510 1437 1566 vestraconsuetudine
1453 1511 1617 1582 prius
1632 1518 1882 1581 exparte
1897 1511 2062 1567 fuero

421 1621 449 1648 «
481 1599 774 1671 expletus.
813 1624 834 1650 ι

477 1695 767 1757 Conatus,
801 1691 1015 1761 inquit,
1051 1696 1107 1745 et
1137 1690 1326 1763 gloria
1361 1690 1505 1745 mihi
1543 1697 1667 1746 erat
1701 1690 1778 1744 ibi
1812 1692 2071 1763 Evange-

419 1779 566 1838 lium
627 1783 979 1838 annuntiare
1036 1783 1137 1837 ubi
1199 1783 1462 1838 nondum
1508 1783 1848 1838 nominatus
1879 1784 2070 1838 fuerat

2191 603 2330 658 ὅπου
2389 606 2682 678 ὠνομασθη
2770 607 3020 679 Χριστὸς.
3076 603 3167 660 ’ἶνα
3228 607 3302 678 μή
3391 603 3476 660 ἐπ’
3543 602 3838 665 ἀλλότριον

2190 691 2444 765 θεμέλιον
2546 691 2849 766 οἰκοδομῶ,
2978 693 3127 751 ἀλλᾶ
3234 695 3415 758 καθὼς
3517 695 3836 771 γέγραπται.

2189 783 2286 844 Οἷς
2336 783 2435 838 οὐκ
2509 782 2788 862 ἀνηγγέλη
2870 783 2990 855 περὶ
3067 785 3255 853 αὑτοῦ,
3330 780 3574 857 ὄψονται·
3653 783 3744 836 καὶ
3785 781 3838 838 οἳ

2187 870 2290 925 οὐκ
2363 872 2650 943 ἀκηκόασι,
2729 879 3041 942 συνήσουσι.
3119 873 3213 928 Διὸ
3285 872 3374 927 καὶ
3459 872 3836 944 ἐνεκοπτόμην

2184 963 2250 1015 τὰ
2297 960 2484 1018 πολλὰ
2539 967 2635 1018 τοῦ
2694 963 2867 1019 ἐλθεῖν
2927 964 3063 1036 πρὸς
3123 963 3287 1035 ὑμᾶς.
3347 962 3478 1018 Νυνὶ
3529 961 3586 1017 δέ
3642 963 3834 1034 μηκέτι

2183 1049 2348 1106 τόπον
2406 1045 2550 1127 ἔχων
2634 1052 2686 1108 ἐν
2770 1059 2886 1115 τοῖς
2971 1051 3203 1124 κλίμασι
3255 1052 3494 1122 τούτοις,
3553 1049 3836 1116 ἐπιποθίαν

2185 1135 2240 1193 δὲ
2296 1138 2439 1216 ἔχων
2497 1145 2594 1196 τοῦ
2649 1140 2828 1198 ἐλθεῖν
2887 1143 3024 1217 πρὸς
3085 1142 3224 1216 ὑμᾶς
3283 1142 3387 1196 ἀπὸ
3417 1137 3645 1198 πολλῶν
3679 1142 3833 1196 ἐτῶν⁶

2182 1229 2255 1290 ὡς
2340 1230 2430 1284 ἐὰν
2514 1231 2836 1305 πορεύωμαι
2896 1230 2974 1296 εἷς
3053 1233 3155 1300 τήν
3224 1231 3484 1301 Σπανίαν,
3540 1229 3834 1304 ἐλεύσομαι

2179 1319 2315 1391 πρὸς
2375 1319 2534 1392 ὑμᾶς.
2619 1319 2864 1390 Ἐλπίζω
2952 1321 3057 1396 γὰρ
3136 1317 3563 1395 διαπορεύμενος
3651 1321 3834 1383 θεασα-

2181 1408 2300 1461 σθαι
2360 1408 2522 1481 ὑμᾶς,
2574 1410 2662 1465 καὶ
2727 1411 2810 1489 ὑφ’
2873 1411 3024 1483 ὑμῶν
3075 1411 3496 1488 προπεμφθῆναι
3560 1408 3694 1478 ἐκεῖ,
3745 1408 3831 1464 ἐὰν

2182 1496 2334 1567 ὑμῶν
2366 1501 2582 1571 πρῶτον
2618 1497 2723 1554 ἀπὸ
2761 1500 2959 1574 μέρους
2992 1497 3320 1572 ἐμπλησθῶ.

2249 1677 2555 1750 Φιλοτιμία
2583 1675 2641 1734 δέ
2675 1699 2768 1752 μοι
2802 1678 2970 1756 ἤγουν
3006 1675 3133 1752 διεξα
3183 1679 3272 1748 ἧν,
3304 1677 3490 1755 φησὶν,
3525 1678 3635 1734 ἐκεῖ
3666 1679 3826 1752 εὐαγ-

2172 1768 2505 1848 γελίζεσθαι,
2538 1766 2661 1824 ἔνθα
2710 1767 2862 1824 οὔπω
2917 1769 2985 1838 ἦν
3046 1769 3370 1840 ὀνομασθείς
3400 1768 3429 1823 ὁ
3462 1767 3724 1843 Χριστός.
3757 1764 3824 1824 Τί

417 1869 704 1926 Christus.
738 1871 926 1938 Quare
947 1871 974 1926 ?
1005 1874 1083 1926 Ne
1116 1889 1294 1943 super
1323 1874 1581 1929 alienum
1616 1872 2059 1928 fundamentum

2177 1865 2244 1939 δή
2279 1887 2447 1936 ποτε;
2509 1868 2620 1924 Ἵνα
2682 1869 2782 1941 μή,
2843 1869 3030 1943 φησὶν,
3087 1865 3174 1922 ἐπ’
3229 1865 3524 1940 ἀλλότριον
3577 1865 3828 1937 θεμέλιον

417 1958 775 2017 mdiﬁcarem
805 1978 818 2013 τ
858 1983 882 2013 ι.
915 1963 1038 2016 Non
1070 1963 1166 2016 ubi
1201 1963 1540 2018 nominatus
1569 1969 1695 2018 erat
1718 1963 2006 2018 Christus.
2037 1983 2060 2013 υ

418 2048 544 2102 Non
575 2047 734 2120 quod
764 2056 1112 2105 caeterorum
1131 2050 1536 2120 apostolorum
1560 2051 1902 2105 societatem
1937 2049 2065 2105 des-

414 2135 713 2205 picerem:
748 2136 850 2191 sed
881 2138 1036 2208 quod
1083 2139 1517 2194 contentiosum
1553 2155 1619 2192 ac
1653 2139 1938 2205 iniustum
1964 2138 2060 2209 ju-

414 2222 696 2290 dicarem,
729 2225 976 2298 gloriam
1010 2227 1218 2282 alienis
1268 2227 1526 2282 debitam
1558 2227 1836 2298 operibus
1867 2227 2060 2282 subri-

411 2338 573 2394 pere.
608 2345 636 2372 ‹‹
670 2326 750 2379 Ne
784 2340 962 2396 super
993 2326 1257 2381 alienum
1320 2326 1771 2382 fundamentum
1804 2326 2063 2382 aedifica-

409 2428 556 2468 rem.
593 2435 621 2461 »
653 2414 926 2470 Alienum
957 2415 1404 2471 fundamentum
1434 2416 1576 2470 dicit
1606 2416 2061 2487 prredicatorum

410 2500 761 2559 doctrinam.
795 2504 1070 2560 Alienum
1104 2521 1148 2556 νι
1177 2521 1238 2560 ro
1261 2521 1379 2560 non
1412 2504 1748 2559 diversitate
1776 2505 2059 2576 prwdica-

410 2591 720 2656 tionis,sed
751 2593 977 2648 ratione
1012 2594 1299 2648 mercedis
1331 2610 1396 2649 ac
1430 2594 1668 2650 laboris.
1709 2616 1729 2644 ιι
1767 2594 1878 2650 Sed
1909 2595 2059 2650 sicut

413 2681 695 2752 scriptum
730 2689 838 2737 est.
874 2706 899 2731 ›ι
934 2683 1201 2738 Ostendit
1234 2684 1392 2754 quod
1448 2683 1559 2738 hoc
1604 2699 1781 2756 agens
1812 2682 2061 2755 prophe-

409 2771 556 2828 tiam
590 2771 852 2843 impleat.
887 2791 917 2824 ιι
949 2772 1318 2844 QuaprOpter
1338 2774 1516 2829 etiam
1550 2773 1915 2845 impediebar
1943 2773 2056 2827 fre.

412 2867 682 2932 quenter.
719 2887 738 2910 -
774 2864 915 2933 Ejus
967 2863 1124 2934 quod
1157 2865 1217 2919 in
1273 2865 1440 2919 initio
1473 2864 1737 2919 dixerat:
1771 2889 1796 2913 «
1834 2864 2058 2934 Saepius

409 2953 692 3024 proposui
724 2954 921 3009 venire
953 2953 1028 3010 ad
1087 2972 1204 3020 vos,
1241 2981 1257 3003 ι
1323 2957 1613 3011 rationem
1656 2971 1814 3010 nunc
1843 2954 2054 3011 reddit.

405 3039 552 3097 Nam
586 3041 874 3108 doctrina,
909 3044 1122 3115 inquit,
1175 3045 1330 3102 circa
1373 3052 1575 3117 gentes
1608 3061 1700 3100 me
1734 3043 2054 3116 prohibuit.

403 3126 602 3184 Πολλά
635 3134 909 3200 multum,
942 3134 1053 3190 hoc
1084 3142 1193 3198 est,
1229 3153 1400 3207 saepe.
1431 3157 1449 3182 ι
1478 3137 1619 3191 Cum
1652 3153 1772 3191 non
1801 3135 2057 3206 amplius

403 3217 598 3274 locum
633 3220 907 3277 habeam.
947 3247 966 3270 ι
1007 3225 1203 3291 Vides,
1238 3226 1448 3295 inquit,
1482 3226 1639 3295 quod
1679 3242 1796 3280 non
1827 3223 2056 3295 cupidi-

401 3314 521 3364 tate
556 3323 674 3362 suae
706 3309 906 3380 glorias
939 3313 1242 3382 scripserit
1300 3315 1429 3368 eis?
1485 3331 1677 3385 neque
1735 3321 1799 3369 ut
1839 3316 2056 3372 dicitur

402 3397 742 3452 assenlandi
779 3399 1016 3454 illorum
1044 3404 1250 3472 gratia,
1275 3412 1341 3459 ut
1361 3405 1459 3474 qui
1496 3407 1778 3474 primates
1810 3406 2055 3462 essent?

403 3485 456 3539 ei
481 3484 723 3554 quidem
755 3490 1181 3558 propemodum
1217 3493 1328 3547 hoc
1358 3494 1873 3559 scribit.Quoniam
1907 3511 2055 3567 Opus

405 3573 692 3646 complevi
725 3582 783 3630 et
814 3576 963 3630 nihil
1011 3585 1099 3633 est
1152 3582 1308 3650 quod
1362 3598 1552 3653 agam,
1586 3584 1716 3639 volo
1749 3586 1945 3640 venire
1979 3584 2053 3640 ad

405 3679 528 3720 vos.
563 3683 595 3717 ιι
626 3664 998 3720 Desiderium
1031 3675 1226 3724 autem
1259 3669 1530 3726 habeam.
1571 3696 1589 3720 ιι
1628 3674 1706 3727 Ne
1739 3673 1872 3727 illos
1904 3673 2053 3744 deji-

407 3769 540 3811 cere
571 3753 861 3820 videatur,
905 3757 1173 3814 scribens
1209 3777 1221 3815 :
1283 3761 1428 3825 Quia
1484 3761 1531 3815 si
1591 3762 1741 3817 nihil
1775 3769 1864 3817 est
1896 3761 2054 3834 quod

406 3857 596 3917 agam,
629 3845 859 3900 veniam
883 3845 955 3900 ad
982 3862 1101 3911 vos,
1126 3848 1431 3922 subjungit
1454 3867 1466 3903 :
1493 3872 1520 3899 ιι
1550 3851 1916 3907 Desiderium
1946 3854 2052 3908 ha-

406 3930 580 3989 beam
612 3934 958 4006 multisjam
984 3938 1227 4001 annis,»
1254 3939 1362 3994 hoc
1380 3945 1468 3994 est
1499 3939 1859 3997 desiderium
1893 3957 2050 3997 com-

404 4020 570 4092 plere
601 4023 777 4077 nitor.
820 4048 839 4073 ιι
879 4025 948 4079 Ut
1007 4027 1054 4080 si
1111 4027 1453 4098 proficiscar
1511 4030 1570 4085 in
1630 4032 2048 4105 Hispaniam.»

403 4108 484 4163 Ne
514 4124 750 4166 rursum
795 4111 1154 4172 adulationis
1185 4133 1319 4190 ergo
1379 4118 1599 4176 dixisse
1657 4122 2051 4187 existimetur,

408 4219 435 4246 ιι
473 4197 841 4256 Desiderium
883 4202 1133 4258 habeam
1191 4207 1396 4262 multis
1444 4210 1571 4278 jam
1604 4211 1797 4272 annis,
1836 4234 1861 4260 ››
1895 4209 2052 4282 quod

395 4284 620 4344 dictum
654 4294 743 4344 est
783 4291 1044 4364 corrigit,
1087 4293 1328 4350 dicens:
1365 4297 1516 4352 406
1551 4298 1632 4353 Ob
1669 4299 1779 4355 hoc
1810 4299 2052 4372 potissi-

397 4391 562 4432 mum
595 4379 795 4434 venire
825 4381 1022 4452 cupio,
1074 4389 1138 4438 ut
1196 4385 1256 4438 in
1316 4386 1656 4457 Hispaniam
1691 4388 2050 4459 proficiscar.

399 4485 427 4516 ι(
463 4465 644 4538 Spero
677 4468 837 4524 enim
900 4485 990 4526 me
1050 4472 1413 4529 transeundo
1471 4476 1733 4532 visurum
1780 4495 1899 4544 vos,
1935 4485 1992 4534 et
2022 4493 2056 4533 a

392 4553 557 4612 vobis
615 4555 1051 4615 deducendum.
1090 4583 1116 4608 η
1175 4563 1255 4617 Ne
1315 4562 1535 4629 dicant,
1597 4567 1761 4622 Facis
1805 4583 1913 4623 nos
1949 4568 2055 4622 viaa

2177 1955 2481 2030 ο’κοδομὼ.
2521 1982 2541 2007 ιι
2577 1957 2704 2031 Οὐχ
2733 1957 2870 2011 ὅπου
2901 1954 3196 2029 ὠνομάσθη
3231 1957 3478 2031 Χριστός.
3516 1980 3542 2007 ››
3598 1957 3723 2031 Οὐχ
3753 1956 3826 2018 ὡς

2167 2046 2554 2122 ἀπευχόμενος
2604 2050 2709 2101 τῶν
2763 2043 2974 2100 λοιπῶν
3037 2043 3359 2101 αποστὸλων
3389 2047 3488 2112 τήν
3521 2043 3832 2114 κοινωνίαν,

2166 2135 2295 2192 ἀλλ’
2354 2135 2428 2197 ὡς
2488 2136 2871 2190 πλεονεκτικὸν
2930 2135 3018 2188 καὶ
3079 2133 3262 2189 αόικον
3320 2134 3532 2210 κρῖνων,
3587 2135 3688 2202 τήν
3720 2139 3827 2189 τῶν

2169 2222 2479 2297 ἀλλοτρίων
2540 2218 2713 2298 ἔργων
2772 2219 2927 2290 δόξαν
2988 2221 3340 2298 ὑφαρπάζειν,
3402 2223 3572 2277 «Ἵνα
3631 2222 3708 2292 μή
3742 2218 3826 2274 ἐπ’

2167 2311 2464 2386 ἀλλότριον
2500 2309 2754 2383 θεμέλιον
2814 2306 3114 2383 οἰκοδομῶ.
3153 2336 3174 2365 ι
3209 2309 3536 2384 Ἀλλότριον
3573 2307 3827 2382 θεμέλιον

2167 2401 2430 2480 φησὶτὴν
2463 2404 2569 2455 τῶν
2629 2397 2816 2455 ἄλλων
2871 2399 3124 2474 κηρύκων
3185 2397 3438 2474 διδαχήν.
3492 2397 3819 2474 ’Λλλότριον

2168 2490 2244 2554 δὲ,
2279 2491 2342 2545 οὐ
2376 2487 2464 2544 διὰ
2519 2490 2582 2544 τὸ
2639 2486 2869 2543 ἀλλοῖον
2924 2494 3020 2543 105
3075 2487 3453 2564 κηρύγματος,
3513 2486 3660 2544 ἀλλὰ
3689 2489 3823 2542 κατά

2165 2579 2254 2633 τὸν
2283 2582 2379 2634 τοῦ
2411 2580 2607 2652 μισθοῦ
2666 2575 2835 2652 λόγον
2887 2577 2978 2631 καὶ
3029 2582 3126 2632 τοῦ
3157 2577 3430 2651 καμάτου.
3471 2599 3490 2627 ι
3524 2575 3706 2632 Ἀλλὰ
3735 2597 3825 2631 κα-

2166 2669 2273 2733 θὼς
2335 2669 2716 2746 γέγραπται.»
2782 2667 3060 2722 Δείκνυσιν
3117 2666 3200 2722 ὅτι
3261 2671 3420 2723 τοῦτο
3479 2671 3679 2736 ποιῶν,
3728 2666 3814 2720 καὶ

2164 2759 2500 2837 προφητείαν
2535 2757 2804 2832 ἐπλήρου.
2839 2782 2868 2811 ιι
2903 2761 2995 2813 Διὸ
3044 2758 3133 2813 καὶ
3183 2757 3555 2830 ἐνεκοπτόμην
3587 2761 3651 2813 τα
3680 2755 3818 2812 πολ-

2165 2847 2256 2906 λα.
2293 2875 2313 2900 ν
2348 2852 2452 2903 Τοῦ
2482 2845 2534 2903 ἐν
2577 2849 2724 2923 ἀρχῇ
2783 2846 2933 2919 αύτῷ
2993 2846 3304 2922 εἰρημένου,
3359 2847 3443 2903 ὅτι
3474 2873 3501 2899 ‹‹
3542 2846 3820 2911 Πολλάκις

2163 2939 2474 3013 προεθέμην
2507 2936 2683 3001 ἐλθεῖν
2717 2938 2852 3011 πρὸς
2886 2933 3049 3008 ὕμᾶς,
3084 2961 3111 2990 n
3165 2941 3253 2991 νῦν
3298 2939 3397 3003 τήν
3430 2937 3606 2992 αἰτίαν
3640 2935 3828 3000 ἀποδί,

2165 3025 2347 3082 δωσιν·
2383 3028 2530 3092 Ὅτι,
2564 3027 2720 3103 φησὶ,
2777 3028 2812 3095 ἡ
2872 3026 3006 3100 πρὸς
3060 3027 3127 3082 τὰ
3179 3022 3299 3097 ἔθνη
3335 3023 3660 3084 διδασκαλία
3695 3026 3827 3081 ἐκώ-

2165 3114 2294 3172 λυσὲ
2320 3135 2404 3189 με.
2433 3138 2462 3167 ιι
2485 3115 2560 3171 Τὰ
2584 3113 2790 3169 πολλά.
2816 3139 2843 3164 ››
2869 3116 2997 3172 Οἱον
3033 3114 3326 3177 πολλάκις.
3353 3142 3379 3166 ιι
3406 3116 3618 3186 Μηκέτι
3646 3115 3820 3171 τόπον

2162 3202 2327 3279 ἔχων,
2364 3229 2391 3253 ››
2418 3203 2575 3278 Ὁρᾷς
2605 3202 2688 3257 ὅτι
2720 3201 2782 3256 οὐ
2811 3209 2912 3272 τῆς
2945 3204 3114 3272 αὐτῆς
3168 3202 3328 3274 δόξης
3363 3204 3638 3278 ἐφιέμενος
3670 3203 3821 3279 ἔγρεο

2087 3281 2128 3348 C
2157 3298 2250 3367 ψεν
2274 3313 2288 3362 ;
2319 3293 2384 3348 οὐ
2417 3291 2497 3360 δέ,
2527 3292 2602 3355 ὡς
2629 3290 2686 3346 ἂν
2715 3291 2857 3348 εἷ’ποι
2882 3314 2988 3362 τις,
3011 3293 3326 3348 κολακεύων
3357 3293 3550 3356 αὐτοὺς
3575 3293 3650 3356 ὡς
3673 3290 3824 3347 δυνά-

2163 3404 2314 3445 στας.
2349 3383 2452 3440 Καὶ
2479 3383 2583 3457 γὰρ
2619 3382 2918 3456 μονονουχὶ
2948 3386 3109 3436 τοῦτο
3141 3402 3355 3461 γραφει·
3389 3380 3616 3452 Ἐπειδὴ
3647 3383 3710 3438 τὸ
3741 3377 3822 3457 ἕρ.

2161 3494 2258 3547 γον
2291 3472 2658 3547 πεπλήρωκα,
2694 3470 2849 3527 οὐδὲν
2879 3470 2995 3547 ἔχω
3026 3479 3275 3542 ποιῆσαι,
3302 3473 3447 3536 θέλω
3477 3471 3652 3528 ἐλθεῖν
3686 3474 3822 3536 πρὸς

2163 3562 2320 3634 ὑμᾶς.
2347 3584 2378 3617 ‹‹
2405 3562 2723 3619 Ἐπιποθίαν
2753 3559 2811 3616 δὲ
2833 3557 2998 3636 ἔχων.
3031 3586 3059 3613 ››
3083 3564 3194 3618 ἰνα
3219 3564 3295 3636 μή
3321 3560 3448 3638 δόξῃ
3473 3561 3822 3632 ἐξευτελίζειν

2163 3651 2362 3714 αὐτοὺς
2392 3653 2640 3727 γράσων,
2701 3652 2810 3722 ὅτι,
2869 3649 3054 3722 Μηδὲν
3110 3649 3255 3727 ἔχων
3301 3659 3552 3723 ποιῆσαι,
3584 3650 3822 3728 ἔρχομαι

2159 3742 2294 3816 πρὸς
2330 3741 2489 3814 ὑμᾶς,
2550 3740 2758 3814 ἐπαγει,
2819 3766 2844 3792 ιι
2881 3741 3200 3806 Ἐπιποθίαν
3257 3736 3404 3818 ἔχων
3455 3745 3561 3812 πρὸ
3594 3742 3820 3800 πολλῶν

2164 3831 2321 3898 ἐτῶν,
2357 3853 2385 3882 ››
2439 3831 2536 3899 τὴν
2600 3828 2892 3903 ἐπιθυμίαν
2961 3831 3164 3901 ταύτην
3223 3832 3438 3888 σπεύδω
3503 3830 3860 3907 πληρῶσαι.ο

2160 3945 2186 3969 (‹
2220 3919 2312 3980 Ὠς
2376 3917 2463 3974 ἐὰν
2519 3917 2842 3992 πορεύωμαι
2905 3917 2981 3982 εἷς
3035 3920 3135 3989 τήν
3185 3923 3443 3977 Σπανίαν.
3493 3947 3514 3975 ι
3573 3925 3682 3978 Ἵνα
3742 3923 3820 3994 μή

2157 4004 2322 4064 πάλιν
2356 4011 2594 4081 νομισθῇ
2651 4006 2788 4062 κατὰ
2844 4005 3133 4063 κολακείαν
3191 4007 3460 4083 εἰρηκέναι
3491 4011 3574 4078 τὸ,
3613 4035 3639 4062 ιι
3671 4010 3819 4066 Ἑπι-

2158 4096 2351 4152 ποθίαν
2411 4089 2556 4171 ἔχων
2612 4095 2719 4150 ἀπὸ
2776 4093 3004 4152 πολλῶν
3040 4097 3196 4167 ἐτῶν,
3236 4123 3256 4148 ο
3323 4097 3547 4168 λολάζει
3577 4100 3642 4155 τὸ
3673 4098 3824 4171 εἰρη-

2165 4183 2340 4258 μένον,
2375 4184 2584 4262 λέγων,
2635 4183 2716 4239 ὅτι
2777 4185 2876 4240 Διά
2931 4189 3092 4241 τοῦτο
3149 4184 3388 4260 μάλιστα
3439 4187 3616 4252 ἐλθεῖν
3648 4187 3814 4260 θέλω,

2156 4273 2252 4328 ’ίνα
2284 4275 2360 4338 εἰς
2391 4275 2489 4343 τήν
2552 4273 2788 4328 Σπανίαν
2844 4272 3086 4334 ἀπέλθω,
3151 4301 3178 4327 ιι
3224 4274 3471 4347 Ἐλπίζω
3499 4279 3600 4354 γὰρ
3634 4275 3842 4340 διαποο,

2161 4363 2448 4438 ρευὸμενος
2507 4362 2789 4427 θεάσασθαι
2852 4363 3018 4436 ὑμᾶς,
3071 4363 3161 4419 καὶ
3220 4363 3312 4439 ἀφ’
3372 4367 3522 4438 ὑμῶν
3575 4388 3850 4442 προπεμο,

2161 4455 2380 4526 φθῆναι.
2413 4477 2440 4504 ››
2475 4452 2612 4508 Εἶτα
2639 4451 2726 4506 ἳνα
2761 4453 2836 4523 μὴ
2873 4452 3135 4526 λεγωσιν,
3167 4454 3329 4510 ’05οὖ
3363 4455 3634 4534 πάρεργον
3668 4459 3816 4528 ἡμᾶς

2160 4546 2316 4616 ποιῇ,
2352 4541 2535 4617 ἐπάγει
2592 4542 2653 4595 τὸ
2713 4566 2740 4591 ιι
2774 4541 2894 4619 Ἀφ’
2954 4542 3110 4615 ὑμῶν
3166 4553 3616 4618 προπεμφθῆναι,
3653 4569 3680 4596 ι)
3727 4543 3837 4601 ἳνα-

386 4645 792 4702 accessionem
827 4656 1045 4720 praeter
1073 4654 1468 4724 propositum,
1495 4655 1837 4728 subjungit:
1867 4681 1893 4706 «
1921 4659 1984 4711 Et
2019 4673 2055 4712 a

2168 4629 2325 4687 πάλιν
2386 4633 2487 4700 τὴν
2546 4631 2758 4704 ἀγάπην
2817 4627 3138 4703 ἐνδείξηται.
3197 4633 3354 4691 Ἀλλ’
3387 4633 3575 4705 ἐπειδὴ
3610 4635 3711 4691 οὐκ
3742 4638 3807 4706 ἦν

388 4732 552 4788 vobis
585 4733 1022 4798 deducendum.
1061 4763 1086 4788 ››
1118 4747 1183 4796 ut
1205 4757 1410 4799 rursus
1433 4743 1815 4802 dilectionem
1847 4752 2053 4802 osten-

410 4814 530 4872 dat.
563 4819 672 4875 Sed
694 4839 975 4891 quoniain
999 4825 1058 4882 .d
1081 4843 1200 4884 non
1226 4830 1369 4885 satis
1400 4837 1546 4897 erat,
1580 4831 1765 4898 addit,
1792 4858 1816 4881 ιι
1841 4834 2052 4905 Exple-

443 4919 517 4960 us
543 4906 710 4964 fuero
734 4953 747 4977 ,
783 4937 810 4961 υ
844 4916 1000 4986 quod
1054 4919 1236 4988 patris
1295 4922 1490 4991 potius
1546 4928 1670 4978 erat
1701 4939 1877 4995 quam
1913 4941 2050 4995 prae-

378 5001 655 5065 ceptoris.
697 5022 724 5048 ‹‹
762 4999 843 5057 Ex
877 5011 1040 5074 parte
1072 5009 1345 5078 expletus
1393 5011 1582 5069 fuero.
1622 5036 1646 5061 ››
1683 5013 1800 5069 Hoc
1833 5020 1943 5079 est,
1980 5015 2044 5069 in

377 5091 567 5155 parte.
604 5087 841 5146 Nulluzn
875 5094 1037 5148 enim
1070 5102 1304 5169 tempus
1357 5101 1614 5170 perfecte
1668 5105 1908 5174 etplere
1949 5120 2039 5158 me

383 5181 593 5258 poseet
628 5182 822 5234 vestra
844 5179 1182 5253 dilectione,
1207 5203 1316 5243 nec
1342 5193 1806 5248 conversationis
1843 5203 2046 5250 vestrm

388 5263 725 5334 satietatem
779 5270 1106 5341 inducere;
1169 5277 1272 5332 sed
1329 5287 1563 5350 gratum
1624 5287 1714 5338 est
1781 5284 1926 5340 mihi
1985 5292 2055 5341 ut-

391 5352 604 5409 saltem
639 5371 708 5412 ex
741 5367 904 5430 parte
939 5361 1208 5435 implear.

449 5441 785 5505 XV.25-29.«
814 5450 977 5507 Nunc
998 5460 1195 5511 autem
1227 5456 1570 5527 proficiscor
1597 5460 1922 5518 Jerusalem
1947 5463 2052 5520 mi-

384 5553 412 5582 ιι
435 5531 700 5591 nistrans
713 5540 950 5596 sanctis.
963 5542 1191 5604 Placuit
1205 5545 1365 5601 enim
1385 5547 1736 5606 Macedoniae
1751 5552 2048 5610 etAchaiaa

395 5642 424 5673 ιι
441 5626 929 5712 communionem
943 5631 1204 5705 aliquam
1219 5633 1411 5693 facere
1427 5636 1490 5695 in
1507 5652 1798 5712 pauperes
1813 5650 2046 5700 sanctos

381 5729 410 5759 α
425 5709 528 5782 qui
543 5709 2070 5800 suntHierosolymis.Placuitnamqueipsisetdebi»

379 5818 410 5847 ιι
423 5802 583 5857 tores
597 5810 735 5860 sunt
747 5805 1164 5863 illorum.Nam
1181 5808 1229 5863 si
1245 5809 1656 5878 spiritualibus
1670 5805 1875 5870 eorum
1890 5811 2040 5874 com-

2163 4721 2462 4794 ἀξιόχρεων
2492 4724 2674 4787 τοῦτο,
2708 4719 3032 4793 προστίθησι
3054 4721 3138 4789 τὸ,
3173 4744 3192 4772 ι
3225 4723 3588 4795 ’Βμπλησθῶ,
3619 4750 3646 4776 ››
3680 4725 3813 4799 ὅπερ

2161 4812 2364 4882 πατρὸς
2423 4811 2484 4878 ἦν
2548 4805 2790 4881 μᾶλλον,
2850 4807 2886 4879 ἤ
2939 4807 3293 4868 διδασκάλου.
3348 4838 3377 4863 ιι
3441 4814 3576 4870 Ἀπὸ
3612 4815 3815 4890 μέρους

2161 4895 2488 4971 ἐμπλησθῶ,
2531 4921 2558 4949 ››
2613 4897 2747 4954 Οἷον
2804 4897 2854 4952 ἐν
2919 4900 3090 4972 μέρει.
3148 4898 3341 4962 Ούδεῖς
3371 4902 3471 4978 γὶρ
3503 4903 3706 4977 χρόνος
3736 4897 3827 4960 τε..

2162 4985 2348 5051 λείως,
2381 4986 2567 5062 φησὶν,
2600 4985 2883 5059 ἐμπλῆσαι
2946 5007 3013 5062 με
3068 4986 3288 5044 δύναται
3348 4998 3446 5060 τῆν
3510 4993 3660 5065 ὑμῶν
3691 4992 3820 5068 ἆγὰο

2159 5099 2291 5146 πης,
2325 5073 2453 5130 ούδέ
2511 5075 2812 5146 ἐμποιῆσαί
2871 5098 2964 5148 μοι
3021 5078 3181 5153 κόρον
3240 5086 3338 5149 τῆς
3377 5081 3531 5153 ὑμῶν
3563 5082 3810 5156 ὁμιλίας,

2158 5165 2286 5222 ἀλλ’
2316 5164 2589 5239 ἀγαπητόν
2646 5163 2754 5219 ἐστί
2818 5187 2936 5238 μοι,
2991 5166 3080 5222 ἳνα
3138 5167 3234 5223 κᾶν
3296 5175 3534 5246 μερικῶς
3585 5171 3809 5244 ἐμπλη-

2162 5258 2292 5314 σθῶ.

2228 5452 2363 5511 Νυνὶ
2422 5449 2478 5506 δὲ
2552 5450 2855 5526 πορεύομαι
2941 5453 3016 5514 εἷς
3099 5457 3482 5530 Ἰερουσαλὴμ,
3541 5454 3831 5512 διακονων·

2153 5549 2275 5607 τοῖς
2329 5541 2526 5617 ὁγίοις.
2587 5537 2897 5612 Εὐδόκησαν
2953 5543 3052 5618 γὰρ
3104 5541 3410 5600 Μακεδονία
3463 5551 3555 5602 καὶ
3606 5547 3833 5622 Ἀχαῗαζ

2155 5631 2440 5691 κοινωνίαν
2521 5633 2644 5685 τινὰ
2729 5633 3055 5703 ποιήσασθαι
3140 5633 3217 5697 εἰς
3301 5637 3431 5698 τοὺς
3543 5636 3840 5716 πτωχοὺς·

2155 5729 2260 5780 τῶν
2347 5719 2540 5796 ἁγίων,
2623 5722 2730 5774 τῶν
2843 5717 2893 5775 ἐν
3007 5721 3395 5798 Ἰερουσαλήμ.
3487 5724 3808 5798 Εύδόκησαν

2158 5817 2286 5892 γὰρ,
2341 5810 2433 5866 καὶ
2492 5805 2766 5888 ὀφειλέται
2824 5810 2999 5868 αὐτῶν
3059 5809 3215 5870 τίσιν.
3268 5812 3334 5870 El
3377 5811 3477 5891 γὰρ
3507 5818 3625 5879 τοῖς
3649 5836 3808 5871 meu-
