4188 6196
339 327 354 381 4
393 338 520 402 νεεδ

1499 335 1910 400 OOMMENT.
1957 291 2036 394 ιιι
2083 328 2329 392 EPIST.
2378 333 2480 391 AD
2527 332 2714 395 RUM.

3696 337 3816 398 626

345 461 659 551 ἶ’ματικοῖς
725 473 901 530 αὐτῶν
969 468 1326 543 ἐκοινώνησαν
1385 471 1452 526 τὰ
1544 469 1695 540 ἔθνη,
1764 466 2042 550 ὀφείλουσι

2166 488 2196 518 ‹‹
2218 465 2674 524 municaverunt
2692 472 2920 541 gentes,
2944 468 3167 528 debent
3190 471 3370 527 etiam
3387 469 3449 529 ln
3473 470 3811 529 carnalibus

348 590 357 600 ι
401 563 492 621 καὶ
537 561 588 618 ἐν
645 566 762 623 τοῖς
816 565 1098 638 σαρκικοῖς
1155 557 1549 638 λειτουργῆσαι
1603 558 1810 620 αὐτοῖς.
1871 559 2055 616 Τοῦτα

341 652 495 710 -ὀῦν
577 650 916 723 ἐπιτελέσας,
978 649 1069 704 καὶ
1174 647 1605 727 σφραγισάμενος
1671 648 1858 711 αὐτοῖς
1959 645 2051 701 τὸν

403 743 612 818 καρπὸν
685 747 903 808 τοῦτον,
973 738 1345 812 ἀπελεύσομαι
1413 737 1484 794 δι’
1572 740 1726 813 ὑμῶν
1794 737 1870 800 εἷς
1951 737 2050 803 τήν

329 817 359 868 π’
403 832 666 890 Σπανίαν.
727 828 865 889 Οἶδα
919 827 977 886 δὶ
1041 829 1126 885 ὅτι
1192 829 1493 908 ἐρχόμενος
1560 829 1698 902 πρὸς
1767 828 1930 902 ὑμᾶς,
1997 825 2050 889 ἐν

329 928 341 964 ί
396 922 740 999 πληρώματι
789 921 1046 1002 εὐλογίας
1097 925 1196 976 τοῦ
1252 919 1595 999 Εὐαγγελίου
1648 924 1747 976 τοῦ
1813 920 2052 996 Χριστοῦ

397 1011 676 1085 ιλεύσομα
689 1035 723 1072 ι.

465 1102 692 1170 Ἐπιιδή
726 1102 866 1173 εἶπε,
905 1100 1112 1173 Μηκέτι
1143 1101 1312 1158 τόπον
1349 1094 1496 1174 ἔχων
1545 1099 1601 1156 Iv
1652 1103 1771 1162 τοῖς
1814 1096 2049 1174 κλίμασι

398 1193 635 1261 τούτοις,
669 1189 908 1267 ἔρχομαι
936 1191 1077 1265 πρὸς
1108 1190 1270 1263 ὑμᾶς,
1304 1186 1507 1263 ἔμελλε
1533 1185 1592 1246 δὶ
1618 1184 1698 1244 ἔτι
1741 1185 2046 1263 βραδύνειν,

392 1284 490 1340 ’ἱνα
524 1287 598 1356 μή
630 1281 934 1358 χλευᾶσθαι
987 1276 1280 1352 νομίσωσι,
1338 1277 1488 1355 λέγει
1545 1278 1646 1348 τὴν
1711 1274 1890 1332 αἰτίαν
1945 1281 2046 1346 τῆς

392 1368 473 1430 ἶτι
512 1369 855 1447 μελλήσεως,
889 1393 917 1420 ιι
951 1371 1220 1426 Διακονῶν
1276 1371 1392 1428 τοῖς
1424 1366 1624 1439 ἁγίοις.
1659 1387 1688 1415 »δ
1721 1365 1788 1423 Εἰ
1834 1363 2050 1430 ΙΙαύλος

393 1459 668 1529 διάκονος,
693 1459 944 1527 ἐννόησον
977 1458 1040 1512 τὸ
1076 1459 1334 1534 μέγιστον
1364 1459 1464 1513 τοῖ’)
1495 1454 1830 1532 πράγματος.
1858 1478 1885 1507 ιτ
1939 1454 2048 1510 Εὐ-

337 1567 342 1570 ·
399 1549 637 1622 δόκησαν
671 1550 774 1627 γὰρ
806 1544 1110 1606 Μακεδονία
1139 1546 1230 1601 καὶ
1286 1544 1512 1621 Ἀχαΐα.
1543 1568 1572 1597 ››
1626 1544 1704 1602 Οὐ
1755 1544 1917 1617 μόνον
1946 1545 2046 1612 τῆν

398 1641 574 1696 αἰτίαν
593 1639 738 1697 θέλει
761 1638 933 1694 εἰπεῖν
949 1645 1052 1707 τῆς
1078 1631 1160 1694 ἔτι
1190 1635 1530 1709 μελλήσιως,
1560 1633 1709 1691 ἀλλὰ
1737 1632 2044 1710 προτρέψα-

333 1744 342 1750 “
377 1742 523 1795 ’σθαι
556 1730 754 1792 αὐτοὺς
783 1726 992 1799 ὁμοίως
1019 1732 1136 1789 τοῖς
1168 1723 1362 1787 ἄλλοις
1417 1727 1631 1800 πέμψαι
1687 1729 1805 1785 τοῖς
1843 1723 1898 1778 ἐν
1946 1723 2046 1779 Ἱε-

399 1818 712 1893 ρουσαλήμ.
745 1820 919 1874 Τοῦτο
947 1818 1048 1892 γὰρ
1090 1814 1350 1891 βούλεται
1405 1812 1550 1887 αὐτῷ
1606 1815 1668 1871 τὸ
1727 1813 1894 1870 εἷπεῖν
1954 1812 2044 1869 καὶ

334 1919 336 1922 ’
396 1909 527 1970 τοὺς
570 1908 910 1977 πέμποντας.
971 1900 1309 1972 Εὐδόκησαν,
1370 1901 1484 1957 ἀντὶ
1535 1906 1655 1971 τοῦ,
1715 1896 2045 1970 ἐϐουλεύθη-

337 2009 349 2020 ·
397 2017 515 2054 σαν.
550 1996 612 2051 Οἱ
643 1993 695 2051 ἂν
725 1991 1041 2066 Μακεδονίᾳ
1078 1992 1290 2066 ὁμοίως
1329 1991 1418 2048 καὶ
1477 1990 1536 2046 οἳ
1577 1991 1627 2045 ιν
1681 1989 1882 2070 Ἀχαίᾳ
1919 1988 2048 2060 ἠθέ-

352 2083 572 2156 ’λησαν
629 2091 860 2152 ποιῆσαι
924 2080 1323 2156 ἔλεημοσύνηνο
1378 2105 1407 2132 α
1465 2078 1764 2138 Κοινωνίαν
1814 2079 1956 2135 τινάο
2018 2101 2046 2130 ››

397 2173 702 2235 Κοινωνίαν
759 2169 816 2228 δί
873 2171 1032 2227 καλεῖ
1088 2171 1186 2239 τήν
1245 2167 1648 2243 ἐλεημοσύνην,
1701 2168 1835 2244 suos
1890 2166 2046 2224 αὐτοῖ

333 2249 344 2267 ’
398 2263 495 2339 μὶν
527 2264 796 2344 χρήματα
821 2263 1152 2334 πέμπουσιν,
1186 2259 1239 2316 οἱ
1270 2256 1328 2314 δὶ
1379 2258 1530 2334 ’ἀγιοι
1576 2258 1675 2325 τήν
1726 2257 1863 2332 πρὸς
1919 2256 2047 2312 Θεὸν

392 2351 700 2429 παρρησίαν
729 2349 1180 2430 συνεισφέρουσιν.
1242 2372 1269 2400 ‹‹
1311 2348 1404 2410 Ei:
1449 2349 1576 2410 τοὺς
1627 2346 1890 2422 πτωχοὺς
1937 2351 2046 2402 τῶν

392 2444 581 2518 ἁγίων.
619 2463 646 2492 ιι
680 2439 858 2509 Διπλῆ
891 2441 926 2509 ἡ
957 2446 1058 2506 τῆς
1088 2435 1382 2499 ἐπιδόσεως
1426 2436 1656 2514 ἀνάγκη,
1697 2432 1786 2491 διά
1837 2456 1894 2490 τε
1940 2439 2040 2505 τὴν

393 2536 598 2601 πενίαν,
630 2532 720 2587 καὶ
753 2528 840 2586 διὰ
880 2531 979 2597 τήν
1036 2529 1254 2604 ἀρετήν.
1314 2553 1342 2581 ‹‹
1377 2529 1474 2583 Καὶ
1536 2526 1811 2604 ὀφειλέται
1868 2526 2044 2582 αὐτῶν

387 2624 542 2680 εἰσιν.
579 2646 605 2673 ›ι
647 2622 744 2678 Δια
773 2621 824 2674 τί
858 2617 916 2675 δὲ
945 2623 1107 2674 τοῦτο
1141 2623 1315 2673 ποιεῖν
1379 2613 1770 2674 ἐϐουλεύσαντο
1798 2635 1813 2686 ;
1868 2618 2040 2681 Ισασι,

389 2712 547 2792 φησὶ,
581 2713 988 2786 χρεωστοῦντες
1016 2711 1200 2766 τοῦτο.

460 3007 576 3067 Οὐκ
640 3007 744 3080 ἄρα
768 3002 907 3059 κατά
969 2999 1374 3075 ἐλεημοσύνην,
1433 2999 1580 3058 ἀλλὰ
1665 3002 1801 3056 κατὰ
1870 3000 2040 3076 Χρέος

383 3096 714 3168 πέμπουσιν.
754 3118 780 3146 ιι
817 3091 879 3149 Ei
906 3091 1011 3170 γὰρ
1042 3096 1160 3155 τοῖς
1211 3096 1602 3162 πνευματικοῖς
1655 3092 1832 3146 αὐτῶν
1889 3090 2039 3146 ἐκοι-

2166 582 2197 612 «
2228 560 2572 616 ministrare
2603 561 2766 632 ipsis.
2803 562 2920 617 Hoc
2949 562 3130 631 igitur
3157 561 3258 619 ubi
3291 562 3592 635 perfecere
3623 569 3682 620 et
3709 563 3812 621 ob-

2169 673 2190 699 ι
2227 651 2528 722 signavero
2559 651 2705 721 ipsis
2735 651 2992 707 fructum
3030 653 3209 719 hunc,
3244 659 3510 709 revertur
3555 670 3662 724 per
3706 673 3807 711 vos

2166 760 2194 788 α
2221 739 2281 794 in
2317 739 2680 811 Hispaniam.
2715 739 2844 794 Scio
2873 748 3072 796 autem
3115 742 3272 812 quod
3327 742 3428 798 ubi
3475 759 3688 799 venere
3732 743 3806 798 ad

2168 849 2190 879 α
2224 845 2345 893 vos,
2428 829 2490 883 in
2577 828 2947 900 plenitudine
3017 830 3448 888 benedictionis
3507 833 3802 906 Evangelii

2160 939 2191 966 ‹‹
2223 917 2438 974 Christi
2467 919 2720 974 veniam.
2753 939 2782 968 ››

2231 1113 2378 1178 Quia
2403 1113 2671 1170 dixerat:
2702 1113 2844 1170 Cum
2878 1130 2998 1171 non
3027 1114 3286 1187 amplius
3330 1114 3525 1172 locum
3551 1116 3805 1177 habeam

2157 1200 2220 1257 in
2243 1201 2336 1257 his
2358 1202 2719 1276 regionibus.
2743 1203 2974 1258 veniam
2998 1203 3072 1258 ad
3096 1219 3215 1269 vos,
3244 1204 3438 1260 adhuc
3463 1212 3660 1261 autem
3688 1223 3808 1263 mo-

2156 1307 2282 1348 ram
2315 1291 2580 1347 facturus
2611 1299 2757 1356 erat,
2790 1309 2867 1348 ne
2899 1310 2964 1349 se
2996 1294 3204 1350 illusos
3235 1310 3365 1350 esse
3419 1295 3804 1362 arbitrentur,

2158 1396 2396 1437 causam
2429 1381 2575 1436 dicit
2603 1384 3012 1437 cunctationes
3044 1383 3239 1438 adhuc
3270 1384 3612 1440 detinentis.
3647 1410 3676 1436 ι(
3701 1386 3807 1442 Mi-

2157 1471 2420 1528 nistrans
2451 1471 2696 1526 sanctis.
2728 1495 2747 1518 -
2780 1471 2836 1526 Si
2862 1473 3080 1528 Paulus
3101 1473 3376 1528 minister
3397 1482 3544 1540 erat,
3559 1477 3806 1550 concipe

2155 1560 2243 1616 rei
2274 1560 2767 1629 magnitudinem.
2832 1584 2858 1611 ‹‹
2886 1561 3118 1617 Placuit
3145 1563 3303 1618 enim
3335 1563 3691 1619 Macedonia;
3746 1570 3806 1620 et

2157 1649 2415 1704 Achaiae.
2436 1671 2466 1698 »
2488 1651 2614 1706 Non
2637 1650 2829 1705 solum
2850 1666 3092 1706 causam
3113 1651 3334 1708 referre
3347 1653 3805 1712 vultdetinentia

2157 1737 2349 1793 adhuc
2379 1739 2812 1795 cunctationis:
2849 1739 2952 1795 sed
2983 1740 3206 1797 hortari
3233 1757 3470 1813 quoque
3497 1758 3598 1797 eos
3627 1749 3694 1798 ut
3721 1743 3803 1800 si—

2076 1829 2124 1896 B
2157 1825 2380 1883 militer
2408 1826 2542 1882 aliis
2581 1827 2820 1884 mittant
2875 1830 2975 1902 qui
3009 1835 3150 1886 sunt
3173 1831 3235 1885 in
3263 1831 3610 1887 Jerusalem.
3657 1834 3802 1890 Nam

2154 1916 2268 1972 hoc
2294 1916 2420 1972 vult
2455 1933 2589 1973 cum
2623 1918 2800 1974 etiam
2831 1917 2969 1976 illos
3021 1919 3292 1975 nominat
3333 1920 3434 1990 qui
3488 1921 3802 1978 miserunt.

2151 1999 2496 2074 Εὑδύκησαν,
2529 2006 2590 2062 id
2622 2013 2730 2074 est,
2764 2008 2990 2079 placuit
3043 2009 3152 2075 eis,
3203 2009 3322 2065 sive
3364 2009 3803 2067 consultatione

2152 2093 2309 2150 facta
2339 2100 2697 2164 statuerunt,
2729 2096 2791 2153 id
2823 2103 2930 2166 est,
2964 2098 3065 2170 qui
3099 2099 3159 2154 in
3189 2098 3533 2155 Macedonia
3562 2105 3703 2156 sunt
3745 2106 3805 2156 et

2154 2183 2375 2239 Achaia
2401 2183 2715 2243 voluerunt
2745 2186 3187 2260 eleemosynam
3217 2187 3433 2244 facere.
3466 2210 3493 2238 »
3525 2188 3801 2248 Commu-

2152 2273 2396 2330 nionem
2453 2275 2737 2346 aliquam.
2775 2298 2802 2326 ››
2867 2277 3045 2332 Vocat
3101 2284 3300 2334 autem
3360 2278 3800 2352 eleemosynam

2154 2365 2640 2421 communionem
2678 2383 2691 2420 :
2726 2373 3013 2438 tanquam
3059 2369 3171 2440 ipsi
3222 2370 3461 2442 quidem
3515 2372 3802 2443 pecunias

2152 2455 2414 2515 mittant.
2439 2456 2628 2510 sancti
2647 2473 2781 2512 vero
2806 2457 3140 2513 libertatem
3167 2477 3303 2532 erga
3329 2461 3587 2516 Deumin
3614 2477 3800 2516 unum

2150 2543 2477 2600 conferant.
2511 2568 2540 2595 «
2573 2547 2637 2601 In
2697 2563 2989 2619 pauperes
3037 2555 3292 2605 sanctos.
3333 2573 3358 2597 η
3410 2551 3636 2624 Duplex
3675 2555 3803 2607 erat

2149 2635 2712 2691 communicationis
2725 2638 3394 2710 necessitas,etpropter
3406 2647 3806 2712 paupertatem

2150 2729 2209 2780 et
2237 2730 2482 2795 propter
2510 2725 2806 2782 virtutem.
2843 2750 2870 2776 ‹‹
2906 2729 2975 2781 Et
2997 2726 3297 2782 debitores
3324 2737 3464 2784 sunt
3488 2730 3746 2784 illorum.
3771 2752 3799 2779 ››

2149 2813 2340 2879 Quare
2399 2819 2597 2869 autem
2657 2815 2770 2869 hoc
2823 2821 3160 2871 statuerunt
3214 2817 3457 2872 facere?
3510 2818 3799 2883 Quoniam

2148 2902 2329 2971 hujus
2362 2919 2423 2958 se
2455 2910 2824 2976 cognoscunt
2855 2921 2984 2960 esse
3016 2905 3335 2960 debitores.

2219 2991 2368 3046 407
2423 2993 2547 3046 Non
2580 2991 2779 3062 itaque
2812 3009 2880 3046 ex
2914 2992 3311 3064 eleemosyna,
3347 2993 3452 3049 sed
3483 3011 3554 3049 ex
3600 2993 3800 3051 debito

2146 3080 2411 3136 mittunt.
2454 3101 2481 3131 c
2511 3081 2654 3135 Nam
2687 3079 2735 3134 si
2768 3081 3178 3152 spiritualibus
3209 3098 3415 3138 eorum
3464 3085 3797 3140 communi-

379 3188 653 3257 νώνησαν.
691 3208 718 3234 ››
759 3182 966 3238 Λοιπὸν
997 3178 1151 3254 λέγει
1181 3185 1300 3241 πῶς
1332 3179 1464 3235 εἰσιν
1497 3179 1675 3236 αὐτῶν
1737 3178 2032 3257 ὀφειλέται.

2155 3173 2494 3224 caverunt.»
2508 3169 2957 3240 Consequenter
2971 3171 3115 3226 dicit
3134 3173 3432 3243 quomodo
3452 3174 3572 3228 sint
3588 3190 3795 3230 eorum

381 3280 465 3334 Δι’
489 3274 708 3343 αὐτοὺς,
741 3273 898 3351 φησὶ,
930 3269 1168 3345 μάλιστα
1197 3267 1364 3338 ἦλθεν
1395 3271 1422 3325 ὁ
1453 3269 1706 3345 Χριστός.
1767 3271 1896 3345 Περὶ
1927 3270 2032 3344 γὰρ

380 3371 491 3425 τῶν
518 3363 578 3420 ἐκ
625 3367 931 3440 περιτομῆς
989 3361 1196 3415 πιστῶν
1231 3360 1259 3414 ὁ
1297 3357 1465 3433 λόγος
1512 3358 1683 3430 αὐτῷ,
1714 3360 1804 3414 καὶ
1856 3358 2032 3414 αὐτῶν

383 3456 551 3525 ἦντὰ
583 3452 752 3528 ἀγαθὲ
807 3450 898 3506 καὶ
966 3450 1021 3503 αἱ
1089 3447 1424 3522 ἐπαγγελίαι.
1494 3448 1696 3522 Ὠσπερ
1763 3449 1855 3504 οὗν
1919 3455 2035 3511 τοῖς

384 3546 779 3615 πνευμάτικαῖς
808 3539 987 3596 οὔτῶν
1019 3538 1346 3606 ἐκοινώνησε
1373 3537 1440 3592 τὰ
1495 3533 1647 3607 ἔθνη,
1695 3535 1868 3593 οὕτως
1923 3538 2035 3612 γρὴ

382 3631 585 3692 αὐτοὺς
614 3630 706 3685 καὶ
766 3628 820 3683 ἐν
878 3632 1000 3689 τοῖς
1069 3631 1352 3699 σαρκικοῖς
1409 3622 1796 3699 λειτουργῆσαι
1828 3624 2034 3688 αὐτοῖς.

382 3720 501 3778 Οὐκ
525 3717 603 3775 ἔτι
638 3715 694 3772 δὶ
725 3714 874 3793 λέγει
904 3719 1258 3784 κοινωνῆσαι,
1318 3711 1465 3768 ἀλλά
1526 3712 1939 3790 λειτουργῆσαι,
1988 3711 2040 3767 ἐν

384 3809 530 3879 τάξει
591 3804 856 3862 διακόνων
918 3801 1113 3861 αὐτοὺς
1174 3802 1361 3865 τιθεῖς,
1418 3805 1535 3861 τοῖς
1604 3801 1784 3875 ἁγίοις
1835 3800 2040 3881 φόρους

390 3897 704 3954 τελούντων
737 3895 812 3955 ὡς
857 3889 1193 3967 βασιλεῦσιν.
1230 3915 1257 3942 ‹‹
1290 3890 1394 3948 Καὶ
1448 3891 1890 3965 σφραγισάμενος
1942 3890 2040 3945 αὐ-

352 3976 354 3978 ’
389 3991 530 4046 τοῖς.
567 4008 595 4038 ››
626 3985 714 4044 Ὠς
743 3980 795 4037 ἐν
827 3980 1016 4053 ασύλῳ
1044 3980 1199 4052 τόπῳ
1227 3979 1317 4033 καὶ
1355 3978 1588 4058 ἀσφαλεῖ
1647 3977 1868 4051 μέλλων
1912 3979 2042 4033 ἀπο-

380 4075 644 4141 τίθεσθαι,
672 4073 784 4146 (καὶ
824 4072 928 4145 γὰρ
961 4067 1013 4125 ἐν
1052 4069 1298 4143 οὐρανοῖς
1374 4064 1611 4139 ἕμελλεν
1669 4067 2040 4135 ἀποτίθεσθαι,

389 4164 570 4236 φησὶ),
610 4160 700 4216 καὶ
750 4159 1203 4240 σφραγισάμενος.
1266 4180 1293 4207 ‹‹
1338 4157 1446 4214 Τὸν
1495 4155 1698 4228 καρπὸν
1753 4160 1970 4212 τοῦτον.
2010 4179 2038 4206 υ

388 4251 608 4327 Καρπὸν
644 4239 802 4306 καλεῖ
831 4249 930 4315 τὴν
968 4244 1368 4317 ἐλεημοσύνην,
1427 4241 1640 4306 δεικνὺς
1695 4239 2040 4319 κερδαίνοντα

392 4341 606 4416 μᾶλλον
638 4341 729 4396 τὸν
762 4339 1094 4414 παρέχοντα.
1129 4359 1158 4388 ‹‹
1191 4334 1284 4397 Εἷς
1317 4336 1416 4405 τὴν
1448 4334 1706 4390 Σπανίαν.
1741 4333 1915 4390 Πάλιν
1935 4343 2039 4404 τῆς

392 4431 628 4493 Σπανίας
666 4429 960 4505 μέμνηται,
1020 4423 1230 4487 δεικνὺς
1285 4425 1346 4481 τὸ
1403 4425 1538 4499 πρὸς
1583 4426 1711 4488 τοὺς
1766 4424 2040 4488 Σπανίους

393 4521 645 4603 φίλτρον.
672 4546 698 4571 ‹‹
732 4521 820 4576 Ἐν
847 4515 1208 4588 πληρώματι,
1238 4536 1264 4568 ιι
1299 4513 1391 4569 καὶ
1418 4514 1485 4569 τὰ
1515 4514 1659 4586 ἑξῆς.
1728 4515 2040 4586 Τουτὲστιν,

391 4600 532 4669 Οἶδα
562 4609 646 4665 ὅτι
675 4608 976 4684 ἐρχόμενος
1010 4605 1146 4680 πρὸς
1205 4604 1344 4672 ὑμᾶς
1399 4607 1687 4674 κομῶντας
1743 4600 1876 4666 ὐλᾶς
1926 4609 2043 4665 τοῖς

387 4701 616 4778 ἀγαθοῖς
645 4697 883 4774 εὐρήσωο
905 4696 979 4753 Τὸ
998 4696 1123 4771 γὰρ,
1153 4718 1179 4745 ‹‹
1204 4695 1292 4751 Ἐν
1310 4693 1648 4766 πληρώματι
1669 4692 1926 4770 εὐλογίας
1946 4697 2042 4749 τοῦ

385 4786 751 4864 Εὐαγγελίου,
770 4813 789 4840 ι
820 4786 882 4841 τὸ
904 4785 1117 4840 πάντων
1139 4780 1283 4844 ἐντὸς
1306 4781 1577 4837 εἶναι’τῶν
1610 4782 1824 4854 ἀγαθῶν
1847 4781 2042 4844 αὐτοὺς

385 4879 663 4950 σημαίνει.
701 4877 855 4930 -Ἴὶ
909 4869 1104 4936 οὕτως.
1169 4872 1715 4946 [ΟΙΚΟΥΜΕΝΙΟΥ.]
1769 4867 1908 4929 Οἶδα
1958 4872 2040 4927 ὅτι

385 4967 689 5048 ἐρχόμενος
722 4965 860 5039 πρὸς
887 4963 949 5018 τὸ
981 4962 1276 5037 πληρῶσαι
1309 4959 1454 5032 ὐμᾶς
1481 4967 1583 5029 τῆς
1611 4959 1674 5016 ἐκ
1717 4965 1814 5016 τοῦ
1870 4960 2038 5034 Εὐαγ-

354 5049 589 5134 ’γελίου
655 5055 906 5128 εὐλογίας
965 5049 1281 5123 ἐλεύσομαι,
1340 5049 1422 5104 ὅτι
1502 5049 1639 5124 πρὸς
1693 5049 1887 5123 ἀρετήν
1950 5050 2040 5104 καὶ

388 5147 569 5203 πίστιν
606 5143 841 5217 ἀλείψω.

468 5232 777 5309 Παρακαλῶ
840 5228 897 5287 δὶ
964 5231 1126 5304 ὑμᾶς,
1203 5225 1455 5295 ἀδελφοὶ,
1525 5225 1613 5283 διὰ
1675 5232 1771 5283 τοῦ
1842 5229 2039 5304 Κυρίου

387 5327 551 5399 ἡμῶν
606 5325 784 5392 Ἰησοῦ
852 5324 1114 5396 Χριστοῦ,
1182 5318 1271 5373 καὶ
1342 5313 1432 5374 διὰ
1494 5324 1594 5386 τῆς
1660 5316 1874 5394 ἀγάπης
1943 5322 2038 5374 τοῦ

378 5414 724 5488 Ηνεύματος,
795 5406 1273 5485 συναγωνίσασθαί
1340 5427 1431 5479 μοι
1520 5406 1570 5461 ἐν
1667 5411 1783 5469 ταῖς
1869 5427 2038 5482 προσ-

390 5509 580 5578 ευχαῖς
616 5503 749 5576 ὑπὲρ
797 5499 932 5573 ἔμοῦ
987 5498 1123 5573 πρὸς
1185 5496 1277 5551 τὸν
1340 5496 1490 5563 Θεὸν,
1549 5497 1639 5551 ἳνα
1698 5496 1878 5569 ῥυσθῶ
1931 5496 2038 5550 ἀπὸ

379 5599 491 5649 τῶν
527 5592 894 5654 ἀπειθούντων
950 5586 1000 5642 ἐν
1056 5590 1124 5658 τῇ
1196 5581 1452 5654 Ἰουδαίᾳ,
1522 5585 1611 5639 καὶ
1670 5585 1756 5638 ’ἱνα
1814 5587 1847 5652 ἡ
1919 5583 2039 5638 δια-

382 5681 542 5738 κονία
611 5701 740 5758 μου,
807 5682 842 5750 ἡ
911 5677 987 5743 εἷς
1051 5671 1434 5752 Ἰερουσαλήμ,
1503 5671 1889 5753 εὐπρόσδεκτος
1945 5673 2038 5751 γὲ-

1667 5411 1783 5469 ταῖς

2075 4568 2120 4634 D

2149 3258 2486 3314 debitores:
2530 3265 2773 3331 propter
2829 3260 3008 3332 ipsos,
3070 3261 3284 3332 inquit,
3347 3263 3602 3319 maxime
3639 3265 3802 3320 venit

2144 3346 2454 3404 Christus:
2489 3347 2560 3403 de
2592 3347 2869 3404 ﬁdelibus
2901 3351 3060 3406 enim
3094 3351 3419 3423 sermoipsi
3445 3358 3573 3407 erat
3601 3354 3700 3424 qui
3725 3368 3795 3409 ex

2145 3435 2599 3492 circumcisione
2628 3441 2913 3493 venerant
2944 3453 2957 3491 :
2993 3442 3051 3492 et
3089 3437 3138 3492 si
3172 3437 3411 3493 illorum
3437 3447 3608 3494 erant
3638 3439 3794 3496 bona

2147 3543 2213 3582 ac
2238 3525 3199 3597 promissiones.Quemadmodum
3224 3545 3360 3601 ergo
3383 3529 3792 3602 spiritualibus

2147 3615 3298 3689 illorumcommunicaveruntgentes.ita
3315 3627 3797 3694 oportetquoque

2147 3707 2309 3778 ipsas
2339 3707 2401 3762 in
2433 3707 2773 3762 carnalibus
2794 3708 3290 3763 ministrareillis.
3314 3710 3438 3764 Jam
3458 3716 3796 3766 autemnon

2150 3796 2313 3860 dicit,
2355 3795 2830 3863 Communicare,
2862 3798 2965 3853 sed
2998 3820 3024 3846 «
3061 3798 3409 3861 Ministrare,
3442 3820 3468 3844 »
3503 3799 3562 3852 in
3589 3797 3799 3853 ordine

2147 3886 2561 3941 ministrorum
2587 3903 2688 3940 eos
2713 3887 3066 3958 ponens,qui
3095 3887 3315 3941 sanctis
3335 3885 3554 3940 tributa
3573 3886 3801 3957 pende-

2149 3982 2284 4030 rent
2317 3981 2600 4046 tanquam
2634 3975 2890 4047 regibus.
2931 3996 2956 4026 ιι
2992 3975 3056 4028 Et
3084 3975 3468 4046 obsignavero
3492 3977 3596 4032 eis.
3634 3999 3660 4024 »
3694 3979 3800 4034 Ve-

2151 4067 2260 4122 luti
2292 4067 2352 4121 in
2387 4067 2550 4137 asylo
2583 4072 2828 4136 tutoque
2857 4066 2987 4120 loco
3019 4067 3316 4137 repositus
3366 4067 3441 4122 sit
3485 4069 3802 4141 (siquidem

2151 4157 2214 4210 in
2246 4155 2393 4209 ccelo
2427 4155 2798 4225 repositurus
2851 4155 2998 4224 erat)
3047 4154 3237 4210 dicit:
3295 4143 3370 4212 Et
3417 4157 3800 4230 obsignavero

2153 4245 2238 4298 eis
2297 4243 2416 4297 sive
2469 4242 2664 4312 sigillo
2725 4243 3056 4298 munivero.
3112 4267 3141 4294 ‹‹
3201 4246 3475 4301 Fructum
3538 4247 3716 4302 hunc.
3771 4268 3800 4297 »

2151 4333 2429 4387 Fructum
2463 4335 2632 4386 vocat
2661 4330 3124 4406 eleemosynam,
3168 4335 3488 4390 ostendens
3517 4333 3673 4406 quod
3707 4334 3799 4389 lu-

2153 4438 2318 4479 crum
2344 4423 2532 4495 magis
2563 4422 2738 4479 faciat
2769 4423 2818 4478 is
2842 4425 2943 4495 qui
2975 4424 3201 4480 tribuit.
3237 4449 3262 4475 υ
3294 4427 3361 4481 In
3385 4426 3746 4498 Hispaniam.
3773 4449 3801 4476 »

2153 4513 2408 4567 Rursum
2431 4512 2728 4584 Hispaniae
2744 4514 3454 4578 meminit,vehementem
3478 4515 3802 4571 ostendens

2153 4618 2419 4658 amorem
2452 4618 2629 4673 quem
2662 4603 2879 4659 habeat
2901 4620 3038 4677 erga
3067 4605 3380 4676 Hispanos.
3409 4626 3438 4654 «
3456 4605 3522 4660 In
3549 4605 3806 4678 plenitu-

2155 4689 2314 4757 dine,
2349 4713 2378 4741 »
2412 4697 2523 4747 etc.
2559 4693 2678 4747 Hoc
2709 4697 2821 4757 est,
2853 4693 2974 4748 scio
3006 4691 3166 4763 quod
3195 4692 3296 4749 ubi
3329 4693 3402 4747 ad
3433 4709 3533 4748 vos
3562 4709 3800 4760 venero,

2152 4781 2452 4836 inveniam
2479 4799 2577 4837 vos
2606 4782 2776 4838 bonis
2822 4783 2973 4839 fetos
3017 4797 3086 4838 ac
3130 4788 3390 4838 ornatos.
3437 4783 3601 4848 Quod
3641 4785 3802 4840 enim

2152 4871 2281 4925 ait:
2317 4893 2343 4920 «
2388 4873 2453 4926 In
2507 4872 2881 4943 plenitudine
2934 4871 3370 4928 benedictionis
3421 4873 3736 4946 Evangelii,
3773 4896 3800 4923 ››

2153 4961 2450 5031 signiﬁcat
2479 4961 2641 5032 ipsos
2672 4961 2874 5015 omnia
2903 4961 2964 5015 in
3007 4977 3068 5016 se
3126 4961 3343 5018 habere
3391 4962 3566 5019 bona.
3599 4994 3665 5004 —
3704 4963 3804 5019 Vel

2151 5049 2252 5104 hoc
2292 5049 2468 5103 modo.
2507 5049 2635 5104 Scio
2669 5049 2823 5120 quod
2856 5049 2957 5104 ubi
3009 5067 3243 5116 venero,
3295 5051 3369 5106 ad
3425 5052 3797 5124 implendum

2153 5154 2254 5192 vos
2287 5137 2705 5192 benedictione
2737 5138 3039 5210 Evangelii
3072 5139 3328 5196 veniam.

2222 5227 2337 5293 XV,
2376 5228 2562 5280 30-33.
2609 5249 2635 5275 «
2670 5228 2782 5283 Oro
2814 5235 3010 5283 autem
3042 5245 3164 5293 vos,
3196 5229 3430 5293 fratres.
3464 5248 3571 5303 per
3600 5232 3800 5287 Domi-

2152 5337 2180 5365 «
2211 5333 2353 5372 num
2395 5322 2666 5372 nostrum
2696 5318 2894 5373 Jesum
2929 5319 3247 5389 Christum,
3282 5325 3340 5374 et
3369 5337 3476 5392 per
3532 5321 3797 5377 dilectio-

2151 5426 2178 5454 α
2218 5421 2355 5460 nem
2388 5406 2678 5477 Spiritus:
2712 5413 2778 5464 ut
2809 5407 2987 5463 simul
3018 5425 3250 5464 mecum
3285 5411 3522 5466 certetis
3571 5410 3630 5465 in
3662 5427 3796 5482 pre—

2151 5514 2179 5543 «ε
2213 5494 2548 5549 cationibus
2577 5513 2684 5566 pro
2718 5512 2812 5551 me
2845 5497 2916 5552 ad
2949 5497 3132 5552 Deum
3163 5497 3312 5552 fusis
3339 5515 3352 5551 :
3385 5505 3451 5553 ut
3476 5498 3694 5554 liberer
3721 5499 3793 5554 ab

2155 5602 2175 5629 ι
2211 5584 2535 5638 incredulis
2567 5584 2626 5638 in
2657 5584 2894 5639 Judaaa:
2925 5592 2992 5640 ut
3023 5586 3423 5641 ministerium
3455 5588 3564 5641 hoc
3592 5604 3787 5642 meum

2153 5694 2172 5721 ι
2211 5687 2410 5728 versus
2439 5673 2788 5747 Jerusalem,
2819 5675 3263 5747 acceptum‘ﬂat
3300 5676 3571 5742 sanctis;
3611 5681 3678 5732 ut
3722 5676 3784 5733 in
