4198 6200
435 310 555 371 627

1560 310 1975 373 (ΕΟΠΜΕΝΙΙ
2018 305 2335 370 ΤΒΙΟΟΕ
2375 307 2726 369 EPISCOPI

3739 308 3859 370 628

440 457 469 486 α
502 445 716 521 gaudio
747 444 974 498 veniam
1008 442 1082 499 ad
1114 448 1213 497 vOs
1238 459 1347 515 per
1375 444 1739 501 voluntatem
1776 444 1895 509 llei,
1936 458 2086 499 una-

2208 460 2367 508 νηται
2410 446 2525 501 τοῖς
2584 440 2784 520 ἁγίοις,
2848 439 2931 495 ἵνα
2986 439 3046 497 ἐκ
3107 444 3252 521 χαρᾷ
3306 436 3453 505 ἔλθω
3509 439 3648 517 πρὸς
3712 444 3853 514 υμᾶς

446 561 475 588 ι(
508 554 620 611 que
651 532 950 590 vobiscum
978 532 1296 590 refociller.
1358 534 1514 590 Deus
1562 540 1761 591 autem
1808 534 1969 605 pacis
2018 533 2094 587 sit

452 646 476 673 ε
510 642 641 681 cum
673 623 952 679 omnibus
985 622 1169 679 vobis.
1212 626 1422 679 Amen.
1461 645 1489 674 »

514 804 689 869 Quasi
724 804 851 875 ipse
881 802 1135 859 idoneus
1164 819 1285 858 non
1338 803 1414 857 sit
1461 803 1533 858 ad
1585 802 2091 876 persuadendum,

443 896 554 949 Per
570 894 892 959 Christum,
917 892 1125 964 inquit,
1165 900 1224 947 et
1254 910 1361 964 per
1382 894 1666 964 Spiritum
1692 897 1963 949 sanctum
1991 909 2093 947 vos

444 998 568 1039 oro.
604 982 745 1037 Vide
778 990 977 1039 autem
1010 982 1166 1053 quod
1199 984 1329 1038 Filii
1367 989 1424 1037 et
1456 982 1707 1054 Spiritus
1730 983 2092 1049 meminerit,

429 1073 559 1145 jam
588 1088 723 1128 vero
755 1088 873 1127 non
907 1072 1181 1127 meminit
1236 1072 1444 1127 Patris.
1498 1070 1663 1137 Quod
1714 1072 1945 1127 dictum
1982 1076 2091 1139 est,

441 1168 527 1225 ut,
579 1162 681 1217 ubi
740 1162 928 1217 Patris
987 1177 1056 1216 ac
1116 1162 1244 1219 Filii
1303 1168 1533 1219 tantum
1592 1161 1960 1226 meminerit,
2019 1177 2094 1217 ne

444 1253 702 1309 turberis
759 1252 919 1324 quod
970 1269 1090 1308 non
1150 1253 1327 1308 etiam
1416 1252 1667 1324 Spiritus
1732 1253 2092 1308 meminerit.

445 1343 824 1403 Multifariam
862 1342 1022 1397 enim
1080 1342 1153 1396 de
1209 1348 1414 1397 sancta
1465 1342 1731 1414 loquitur
1787 1343 2091 1398 Trinitate.

450 1455 471 1482 ι
535 1432 609 1489 Ut
662 1432 841 1487 simul
902 1447 1139 1487 mecum
1199 1432 1459 1487 certetis.
1511 1453 1540 1482 »
1602 1432 1853 1487 Maxima
1909 1431 2097 1488 utitur

446 1522 631 1577 animi
662 1520 977 1587 modestia,
1002 1519 1160 1592 quod
1193 1520 1353 1577 dicat
1378 1520 1487 1575 sibi
1512 1536 1661 1592 opus
1692 1538 1821 1577 esse
1852 1520 2095 1577 illorum

447 1609 732 1665 oratione.
764 1608 919 1665 408
954 1630 984 1658 ‹‹
1015 1610 1088 1666 Ut
1115 1608 1353 1665 liberer.
1388 1631 1416 1660 »
1449 1611 1575 1665 Non
1606 1610 1771 1679 dixit,
1794 1610 1866 1666 Ut
1886 1608 2095 1665 conﬂi-

445 1715 582 1773 3am
613 1703 671 1754 et
716 1698 947 1754 vincam
998 1698 1155 1765 illos,
1218 1698 1319 1754 sed
1377 1721 1405 1749 «
1456 1698 1716 1764 Liberer,
1753 1721 1780 1747 »
1836 1698 2093 1755 divinam

447 1789 754 1861 complens
775 1788 967 1863 legem
989 1804 1120 1860 quas
1147 1786 1317 1844 dicit:
1344 1810 1371 1838 «
1397 1788 1643 1860 Vigilate
1666 1792 1730 1843 ut
1751 1805 1871 1844 non
1904 1789 2091 1844 intre-

446 1880 522 1935 tis
540 1878 1004 1936 intentationem
1018 1877 1083 1933 ⁸⁵.
1105 1900 1131 1927 ››
1154 1908 1222 1920 --
1237 1899 1263 1927 α
1282 1876 1366 1933 Ab
1385 1876 1731 1933 incredulis.
1748 1900 1774 1927 ι»
1794 1878 2096 1950 Signiﬁcat

444 1969 635 2029 malos
664 1969 975 2041 quosdam,
1006 1974 1063 2023 et
1092 1967 1263 2040 lupos
1289 1969 1476 2039 magis
1497 1984 1675 2040 quam
1698 1968 1973 2023 homines
1993 1970 2093 2041 qui

445 2058 559 2132 ipsi
590 2060 853 2132 paraturi
887 2063 1057 2115 erant
1085 2056 1356 2115 insidias.
1389 2079 1417 2106 ‹‹
1451 2060 1771 2129 Acceptum
1802 2058 1925 2114 fiat.
1962 2080 1989 2107 »
2024 2059 2097 2115 Ut

446 2153 504 2205 et
529 2146 724 2204 hostia
753 2164 905 2215 mea,
940 2147 1155 2219 inquit,
1190 2151 1432 2218 accepta
1463 2145 1539 2201 sit
1567 2144 1726 2217 apud
1784 2147 1989 2214 Deum,
2037 2152 2095 2205 et

445 2245 511 2294 ut
540 2237 652 2309 ipsi
684 2253 817 2293 cum
849 2243 1122 2310 prompto
1152 2236 1353 2291 animo
1385 2241 1444 2290 et
1490 2235 1814 2308 gratiarum
1862 2237 2093 2292 actione

447 2343 515 2384 ea
533 2327 861 2398 suscipiant
882 2342 1007 2398 qua)
1030 2342 1137 2399 per
1163 2341 1257 2379 me
1280 2324 1608 2379 tradentur.
1637 2344 1657 2371 ι
1686 2325 1757 2381 Ut
1787 2325 1847 2379 in
1878 2325 2091 2397 gaudio

444 2416 698 2472 veniam.
732 2439 760 2467 »
796 2418 938 2472 Nam
972 2416 1020 2470 si
1061 2414 1132 2469 ab
1164 2412 1515 2477 incredulis,
1551 2414 1766 2484 inquit,
1808 2413 2092 2470 liberatus

444 2506 633 2573 fuero,
658 2505 1131 2561 etministerium
1148 2519 1347 2559 meum
1380 2510 1686 2573 acceptum
1714 2502 1835 2567 fiat,
1868 2503 1926 2557 in
1951 2520 2094 2576 gau-

446 2596 543 2651 dio
576 2601 635 2650 et
658 2612 777 2650 non
809 2595 870 2649 in
906 2593 1145 2649 tristitia
1200 2592 1453 2647 veniam.
1506 2614 1533 2640 ‹‹
1568 2593 1675 2645 Per
1728 2591 2089 2648 voluntatem

444 2685 568 2741 Dei.
600 2706 629 2734 ››
661 2683 825 2749 Quod
856 2683 929 2737 ab
962 2683 1132 2737 initio
1163 2681 1329 2739 dixit.
1381 2680 1560 2736 etiam
1611 2697 1769 2735 nunc
1820 2681 2001 2736 dicit:
2036 2683 2089 2737 Si

443 2775 740 2847 quomodo
764 2776 889 2845 jam
926 2772 1164 2827 tandem
1196 2788 1546 2843 prosperum
1606 2772 1752 2826 mihi
1804 2771 2092 2843 contingit

439 2866 552 2920 iter
582 2881 687 2935 per
714 2863 1075 2918 voluntatem
1109 2862 1209 2916 Dei
1244 2860 1515 2915 veniendi
1547 2860 1620 2915 ad
1651 2878 1769 2916 vos.
1792 2883 1819 2910 «
1849 2861 2089 2931 Unaque

441 2952 745 3008 vobiscum
777 2951 1096 3007 ret‘ociller.
1129 2972 1157 3000 »
1196 2949 1369 3005 Vides
1401 2966 1577 3021 quam
1610 2967 1644 3004 a
1673 2949 1827 3005 fastu
1858 2950 2090 3005 alienus

438 3042 560 3099 sit?
586 3044 711 3098 Non
744 3042 904 3098 enim
936 3040 1103 3107 dixit,
1151 3040 1403 3095 Doceam
1434 3056 1557 3108 vos,
1592 3045 1713 3106 aut,
1769 3039 2085 3104 lnstruam,

437 3133 540 3189 sed
572 3153 601 3181 «
636 3130 969 3196 Refociller,
1001 3153 1029 3180 ››
1062 3131 1173 3185 hoc
1203 3136 1312 3197 est,
1348 3146 1446 3184 vos
1478 3130 1539 3184 in
1573 3146 1665 3185 me
1719 3146 1823 3200 per
1870 3129 2085 3185 doctri-

437 3239 596 3287 nam,
634 3228 691 3277 et
722 3239 825 3295 ego
858 3223 919 3277 in
952 3221 1115 3277 vobis
1146 3238 1252 3292 per
1283 3221 1419 3276 ﬁdei
1454 3220 1869 3276 traditionem:
1922 3219 2082 3293 quod

439 3311 613 3367 etiam
650 3310 807 3365 circa
837 3309 1008 3364 initia
1066 3309 1312 3373 dixerat,
1360 3309 1471 3363 hoc
1518 3316 1715 3366 autem
1766 3316 1855 3364 est
1903 3309 2083 3365 simul

439 3398 909 3454 consolationem
941 3398 1207 3467 accipere
1237 3413 1343 3467 per
1364 3404 1629 3452 mutuam
1658 3397 1857 3454 ﬁdem.
1880 3420 1908 3448 α
1932 3400 2083 3455 Deus

442 3492 641 3542 autem
672 3485 834 3558 pacis
861 3486 938 3540 sit
966 3501 1100 3541 cum
1130 3484 1406 3539 omnibus
1437 3484 1617 3540 vobis.
1655 3506 1683 3535 ››
1716 3489 1832 3540 Hoc
1860 3485 2083 3557 ubique

446 3574 629 3633 Paulo
660 3575 842 3632 moris
871 3578 961 3630 est
1013 3574 1416 3645 precationem
1459 3573 1850 3629 admonitioni
1898 3574 2083 3645 subji-

442 3680 597 3726 661⁸0.

512 3757 662 3824 XVI,
691 3758 805 3812 i~5.
841 3778 866 3807 ει
906 3752 1265 3810 Commendo
1296 3758 1493 3808 autem
1521 3752 1687 3808 vobis
1714 3752 1969 3809 Phoeben
1992 3769 2081 3809 so-

438 3872 465 3900 ιι
497 3864 695 3905 rorem
729 3852 1014 3904 nostram.
1049 3861 1179 3917 quae
1213 3850 1301 3898 est
1325 3843 1600 3898 ministra
1631 3842 1903 3897 Ecclesiae
1933 3844 2079 3899 Cen-

436 3960 466 3989 α
497 3936 837 3993 chreensis:
870 3942 935 3991 ut
964 3934 1129 3989 illam
1163 3932 1501 4005 suscipiatis
1531 3933 1592 3987 in
1623 3933 1886 3995 Domino,
1919 3932 2000 3988 ita
2018 3938 2081 3989 ut

434 4050 463 4078 ι(
496 4027 667 4083 decet
696 4032 953 4085 sanctos.
987 4031 1045 4080 et
1075 4024 1283 4079 adsitis
1316 4025 1366 4079 ei
1400 4024 1461 4078 in
1501 4039 1860 4096 quocunque
1901 4040 2080 4097 nego-

431 4139 459 4167 «
496 4117 575 4172 tio
606 4116 771 4171 vobis
803 4115 1046 4187 eguerit.
1084 4116 1216 4169 limo
1249 4114 1407 4169 enim
1441 4119 1500 4168 et
1540 4114 1747 4170 multis
1786 4114 1973 4168 astitit
2023 4118 2077 4169 et

435 4228 457 4257 ι
490 4205 637 4264 mihi
669 4206 815 4277 ipsi:
854 4205 1112 4259 Salutate
1144 4204 1474 4258 Priscillam
1510 4210 1567 4258 et
1597 4203 1873 4275 Aquilam
1905 4202 2075 4272 adju-

430 4319 456 4345 α
492 4302 651 4352 tores
683 4310 846 4349 meos
878 4294 940 4348 in
972 4293 1221 4352 Christo.
1259 4293 1359 4363 qui
1386 4309 1492 4363 pro
1516 4292 1715 4347 anima
1747 4308 1879 4347 mea
1909 4308 2074 4347 suam

433 4385 750 4456 «ipsorum
801 4383 1089 4439 cervicem
1156 4387 1639 4453 supposuerunt:
1694 4381 1909 4453 quibus
1958 4398 2077 4437 non

440 4493 462 4522 ι
497 4476 661 4531 solus
691 4490 794 4547 ego
825 4472 1043 4544 gratias
1094 4487 1224 4543 ago,
1276 4471 1377 4525 sed
1429 4477 1487 4525 et
1543 4487 1750 4526 omnes
1799 4470 2074 4526 Ecclesiae

2202 528 2291 584 διὰ
2357 528 2671 604 θελήματος
2733 535 2891 600 Θεοῦ,
2959 530 3050 585 καὶ
3137 530 3627 603 συναναπαύσωμαι
3702 532 3853 603 ὑμῖν.

2198 622 2260 679 Ὀ
2329 620 2387 677 δὲ
2452 623 2579 684 Θεὸς
2649 628 2749 690 τῆς
2821 621 3048 696 εἰρήνης
3138 621 3273 693 μετὰ
3364 622 3586 676 πάντων
3683 622 3859 696 ὑμῶν.

2203 711 2263 769 ’Δ
2277 713 2403 783 μήν.

2271 800 2361 860 ἐὶς
2394 800 2467 873 μὴ
2502 799 2661 861 αὐτὸς
2693 798 2767 855 ὢν
2819 799 3123 875 ἀξιόχρεως
3182 802 3320 876 πρὸς
3382 801 3444 855 τὸ
3502 806 3707 869 πεῖσαι,
3766 802 3861 860 Διά

2202 893 2297 945 τοῦ
2329 892 2587 964 Χριστοῦ,
2620 890 2804 969 φησὶν,
2842 890 2982 963 ὑμᾶς
3024 889 3117 944 καὶ
3173 894 3270 945 τοῦ
3334 889 3490 964 ἁγίου
3554 890 3862 965 [Ινεέματος

2200 978 2525 1049 παρακαλῶ.
2559 986 2695 1049 Ὅρα
2727 977 2784 1036 δὶ
2842 980 2927 1035 ὅτι
2986 980 3114 1033 Υἱοῦ
3172 979 3263 1035 καὶ
3328 980 3633 1052 Πνεύματος
3691 979 3861 1051 ἐμνη-

2203 1080 2329 1138 σθη,
2363 1067 2463 1125 οὐκ
2488 1066 2564 1123 ἔτι
2598 1064 2653 1124 δί
2684 1069 2773 1123 καὶ
2829 1072 2925 1124 τοῦ
2984 1068 3213 1144 Πατρός·
3269 1072 3440 1125 Τοῦτο
3507 1066 3564 1123 δὶ
3620 1066 3855 1143 εἶ’ρηται,

2196 1156 2313 1219 Ἵνα,
2344 1158 2432 1213 ὅτε
2463 1157 2674 1232 Ila-rgo:
2704 1159 2795 1211 καὶ
2825 1159 2956 1214 Υίοῦ
2998 1158 3164 1231 μόνου
3220 1156 3521 1233 μέμνηται,
3566 1160 3642 1231 μὴ
3694 1160 3855 1234 θορυ-

2201 1242 2375 1320 ϐηθῇς
2407 1244 2495 1302 διὰ
2527 1246 2579 1303 τί
2614 1250 2688 1319 μὴ
2753 1246 2843 1302 καὶ
2891 1250 2988 1301 τοῦ
3046 1246 3354 1320 Ηνεύματος
3408 1246 3681 1321 ἰμνήσθη.
3734 1256 3855 1304 Δῖα-

2202 1338 2386 1417 φόρως
2433 1337 2538 1413 γὰρ
2594 1337 2694 1407 τὴν
2752 1335 2911 1410 ἁγίαν
2974 1336 3151 1405 τίθησι
3206 1335 3433 1412 Τειάδα.
3478 1362 3505 1389 ι‹
3539 1337 3858 1414 Συναγωνί-

2200 1426 2393 1481 σασθαί
2453 1448 2568 1499 μοι.
2625 1450 2653 1477 n
2710 1426 2954 1500 Μεγίστη
3012 1426 3507 1504 ταπεινοφροσύνῃ,
3565 1426 3649 1481 ὅτι
3708 1424 3854 1502 λέγει

2200 1518 2297 1587 τῆς
2328 1516 2534 1571 τούτων
2568 1512 2775 1579 δεῖσθαι
2806 1515 3000 1595 εὐχῆς.
3069 1536 3090 1565 ι
3122 1518 3240 1573 Ἵνα
3289 1516 3490 1590 ῥυσθῶ.
3524 1540 3553 1567 »
3607 1516 3722 1575 Οὐκ
3774 1516 3853 1573 εἴ·

2202 1626 2320 1675 πεν,
2387 1608 2503 1663 Ἵνα
2559 1604 2867 1677 συμπλακῶ
2920 1605 3010 1661 καὶ
3096 1607 3305 1675 νικήσω
3383 1604 3600 1673 αὐτούς,
3683 1602 3851 1677 ἀλλὰ,

2208 1720 2227 1746 ε
2263 1696 2494 1764 Ῥυσθῶ,
2531 1720 2557 1746 ››
2598 1696 2740 1750 θεῖον
2804 1694 2973 1768 νόμον
3025 1700 3277 1769 πληρῶν,
3333 1693 3394 1759 ὅς
3438 1714 3625 1775 φησιν·
3688 1719 3714 1746 ιι
3749 1690 3855 1751 Εὗ-

2124 1822 2170 1887 B
2202 1797 2365 1864 χεσθε
2400 1786 2476 1859 μὴ
2527 1783 2781 1858 ἐμπεσεῖν
2841 1784 2915 1847 εἰς
2971 1784 3289 1860 πειρασμόν,
3328 1808 3356 1836 ››
3389 1816 3455 1827 -
3488 1808 3517 1837 ››
3556 1784 3696 1841 Ἀπὸ
3744 1787 3849 1839 τῶν

2199 1876 2587 1936 ἀπειθούντων,
2628 1903 2647 1929 ιι
2685 1875 2949 1950 Σημαίνει
2979 1877 3254 1952 πονηρούς
3285 1898 3455 1942 τινας,
3506 1877 3597 1933 καὶ
3651 1875 3854 1943 λύκους

2202 1964 2478 2037 μᾶλλονῆ
2539 1965 2885 2040 ἀνθρώπους,
2944 1963 3378 2039 ἐπιθησομένους
3436 1964 3608 2035 αὐτῷ.
3670 1988 3698 2015 α
3736 1964 3851 2021 Εὖ·-

2196 2051 2529 2129 πρόσδεκτος
2572 2055 2818 2132 γένηται.
2851 2077 2881 2107 »ι
2912 2055 3010 2109 Καὶ
3068 2051 3176 2120 ἵνα,
3238 2053 3422 2127 φησὶν,
3453 2056 3488 2124 ἡ
3524 2052 3681 2118 θυσία
3735 2073 3840 2128 μου

2197 2141 2589 2218 εὐπρόσδεκτος
2620 2146 2844 2219 γένηται
2874 2144 3018 2217 παρὰ
3067 2147 3202 2214 Θεῷ,
3252 2144 3340 2198 καὶ
3388 2141 3479 2199 ιίνα
3534 2142 3625 2200 καῖ
3681 2142 3834 2200 αὑτοῖ

2201 2236 2333 2309 μετὰ
2392 2234 2701 2311 προθυμίας
2751 2236 2841 2290 καὶ
2900 2235 3251 2314 εὐχαριστίας
3313 2231 3568 2306 δέξωνται
3624 2234 3693 2289 τὰ
3758 2232 3855 2290 ἀπ’

2196 2326 2352 2399 ἐμοῦ.
2397 2350 2425 2378 ‹‹
2455 2328 2573 2380 Ἵνα
2604 2325 2655 2379 ἐν
2688 2330 2833 2400 χαρᾷ
2862 2319 3026 2389 ἔλθω,
3066 2348 3093 2376 ››
3124 2324 3187 2382 Ei
3249 2324 3351 2400 γὰρ
3411 2324 3612 2399 ῥυσθῶ,
3663 2322 3843 2404 φησὶν,

2195 2416 2255 2472 ἐκ
2309 2420 2414 2471 τῶν
2465 2415 2859 2479 ἀπειθούντων,
2913 2414 3003 2471 καὶ
3060 2416 3094 2483 ἠ
3156 2412 3399 2469 διακονία
3457 2434 3559 2484 μου
3615 2412 3845 2479 εὐπλεόσ-

2196 2504 2380 2569 δεκτος
2416 2507 2663 2581 μένηται,
2696 2505 2749 2562 ἐν
2782 2510 2927 2581 χαρᾷ
2962 2505 3050 2560 καὶ
3112 2504 3213 2560 οὐκ
3262 2504 3315 2559 ἐν
3365 2504 3567 2576 ἀθυμίᾳ
3623 2502 3848 2559 ἐλεύσο-

2199 2618 2316 2669 μαι.
2360 2621 2387 2648 ‹‹
2423 2599 2519 2651 Διά
2550 2596 2863 2669 θελήματος
2898 2600 3053 2652 Θεοῦ.
3091 2619 3118 2647 ›)
3148 2598 3217 2652 "0
3246 2592 3295 2664 ἐξ
3327 2593 3509 2674 ἀρχῆς
3569 2595 3703 2663 εἶπε,
3744 2593 3832 2647 καὶ

2190 2690 2281 2740 νῦν
2308 2684 2476 2760 λέγει’
2526 2682 2591 2740 ΕῪ
2642 2706 2758 2746 πως
2812 2682 2921 2754 ἤδη
2978 2685 3109 2742 “at!
3167 2681 3585 2757 εὐοδωθήσομαι
3645 2683 3695 2737 ἐν
3753 2686 3830 2753 τῷ

2195 2774 2464 2846 θελήματι
2524 2778 2619 2828 τοῦ
2677 2778 2810 2830 Θεοῦ
2870 2772 3046 2829 ἐλθεῖν
3103 2775 3237 2848 πρὸς
3297 2774 3457 2845 ὑμᾶς.
3498 2797 3525 2822 ο(
3560 2772 3656 2827 Καὶ
3715 2791 3838 2825 συν-

2193 2863 2583 2937 αναπαύσωμαι
2619 2864 2766 2935 ὑμῖν.
2830 2886 2857 2912 ››
2916 2864 3076 2937 Ὁρᾷς
3134 2862 3301 2917 αὐτοῦ
3359 2862 3420 2917 τὸ
3480 2860 3723 2941 ἅτυφονς
3765 2860 3846 2916 Οὐ

2193 2955 2295 3029 γὰρ
2329 2954 2465 3021 εἶπε,
2500 2950 2704 3022 Διδὰξω
2738 2954 2900 3025 ὑμᾶς,
2934 2950 2992 3020 ἤ,
3030 2954 3364 3027 Κατηχήσω,
3411 2950 3579 3017 ἀλλὰ,
3634 2976 3660 3002 ‹‹
3697 2956 3842 3006 Κυν-

2192 3043 2609 3115 αναπαύστυμαι,
2647 3066 2673 3091 n
2704 3040 3008 3107 τουτέστιν,
3059 3042 3239 3113 Ὑμεῖς
3283 3040 3405 3113 ἐμοὶ
3466 3037 3553 3095 διὰ
3610 3041 3709 3109 τήν
3768 3037 3854 3094 δι-

2196 3130 2509 3193 δασκαλίαν.
2541 3132 2695 3208 κάγὼ
2729 3132 2855 3203 ὑμῖν
2890 3129 2980 3185 διὰ
3002 3132 3100 3201 τὴν
3136 3133 3235 3199 ἁῆς
3292 3131 3530 3192 πίστεως
3587 3125 3849 3197 ἐπίδοσιν,

2195 3222 2327 3295 ὅπερ
2359 3222 2449 3277 καὶ
2480 3225 2597 3277 κατ’
2623 3221 2799 3301 ἀρχὰς
2831 3218 3005 3295 ἓλεγε,
3038 3225 3200 3277 τοῦτο
3270 3216 3329 3275 δέ
3386 3218 3497 3275 ἐστι
3557 3241 3620 3274 συ
3634 3239 3851 3291 μπαρα-

2194 3311 2467 3382 κληθῆναι
2504 3308 2591 3366 διὰ
2621 3318 2721 3379 τῆς
2751 3309 2801 3364 ἐν
2829 3308 3107 3381 ἀλλήλοις
3139 3312 3396 3370 πιστεως.
3461 3333 3487 3359 ‹‹
3516 3309 3591 3367 Ὀ.
3617 3305 3674 3363 δὲ
3716 3306 3849 3371 Θεὸς

2190 3408 2292 3471 τῆς
2325 3400 2546 3476 εἶρηνης
2582 3400 2715 3472 μετὰ
2767 3401 2980 3454 πάντων
3044 3399 3221 3471 ὑμῶν.
3256 3422 3283 3450 »
3334 3401 3506 3454 Τοῦτο
3560 3401 3847 3473 πανταχοῦ

2193 3488 2314 3555 ἔθος
2346 3490 2513 3563 αὐτῷ,
2543 3489 2714 3565 εὐχὴν
2743 3488 2946 3545 τιθέναι
2981 3489 3115 3561 μετὰ
3142 3489 3242 3557 τὴν
3274 3485 3611 3564 παραίνεσιν.

2265 3760 2571 3829 Συνίστημι
2640 3756 2697 3813 δὲ
2740 3759 2867 3831 ὑμῖν
2930 3752 3140 3828 Φοίϐην
3200 3758 3299 3827 τὴν
3358 3753 3597 3835 ἀδελφὴν
3654 3760 3839 3828 ἡμῶν,

2192 3846 2354 3903 οὖσαν
2419 3844 2663 3902 διάκονον
2756 3853 2853 3915 τῆς
2947 3844 3277 3916 Ἐκκλησίας
3368 3854 3467 3915 τῆς
3563 3845 3613 3901 ἐν
3704 3849 3837 3920 Κεγ-

2189 3942 2402 4014 χρεαῖς,
2463 3934 2555 3991 ’ίνα
2624 3935 2791 4006 αὐτὴν
2852 3935 3216 4007 προσδέξησθε
3282 3935 3332 3990 ἐν
3398 3935 3600 4009 Κυρίῳ,
3670 3934 3835 4005 ἀξίως

2188 4032 2294 4081 τῶν
2356 4025 2549 4103 ἁγίων,
2610 4026 2697 4080 καὶ
2760 4033 3069 4097 παραστῆτε
3126 4024 3262 4098 αὐτῇ
3335 4024 3386 4079 ἐν
3442 4026 3486 4097 ᾧ
3552 4024 3609 4079 ἂν
3680 4024 3833 4095 ὑμῶν

2187 4121 2372 4191 χρῖιξη
2432 4116 2732 4189 πράγματι-
2795 4115 2893 4171 Καῗ
2964 4117 3065 4190 γᾶρ
3128 4114 3264 4191 αὕτη
3336 4114 3626 4189 προστάτις
3692 4114 3832 4167 πολ-

2189 4202 2299 4259 λῶν
2365 4205 2619 4279 δγενηθη,
2677 4204 2767 4258 καὶ
2826 4203 2992 4259 αὐτοῦ
3076 4202 3227 4278 ἐμοῦ.
3304 4204 3637 4260 Ἀσπάσασθε
3704 4202 3834 4277 Πρί-

2188 4291 2419 4351 σκιλλαν
2522 4292 2612 4347 καὶ
2717 4291 2952 4350 Ἀκύλαν
3030 4293 3156 4354 τούς
3234 4292 3521 4368 συνεργούς
3602 4312 3707 4364 μου
3780 4290 3833 4347 ἐν

2188 4387 2428 4458 Χριστῷ,
2488 4380 2682 4445 οἵτινες
2746 4383 2875 4457 ὑπὶρ
2933 4389 3031 4452 τῆς
3090 4386 3275 4457 ψυχῆς
3360 4402 3486 4454 μου,
3547 4382 3638 4437 τὸν
3709 4382 3831 4437 ἑαυ-

2188 4479 2294 4529 τῶν
2346 4473 2630 4549 τρὰχηλον
2694 4472 2985 4541 ὑπέθηκαν,
3056 4473 3137 4534 οἷς
3195 4472 3289 4527 οὖν
3349 4470 3458 4549 ἐγὼ
3521 4472 3684 4544 μόνος
3741 4470 3829 4526 εὖ·

435 4586 465 4614 ‹‹
494 4565 759 4639 gentium
785 4580 798 4617 :
831 4578 900 4618 ac
929 4560 1318 4617 domesticam
1349 4560 1589 4616 illorum
1631 4560 1975 4616 Ecclesiam.
2013 4580 2040 4608 η

2195 4567 2457 4638 χαριστῶ,
2492 4559 2637 4616 ἀλλὰ
2665 4561 2754 4615 καὶ
2802 4566 2967 4615 πᾶσαι
3018 4562 3072 4616 αἱ
3124 4559 3447 4631 Ἐκκλησίαι
3493 4565 3600 4618 τῶν
3642 4560 3829 4632 ὲᾶνῶν,

507 4744 647 4799 Vide
678 4743 834 4815 quod
864 4740 1055 4799 titulis
1084 4738 1342 4795 Phoeben
1374 4743 1564 4793 ornet.
1605 4738 1903 4809 Siquidem
1938 4740 2078 4809 quia

433 4833 560 4888 hmc
592 4840 720 4887 erat
753 4848 884 4904 quas
916 4829 1227 4902 epistolam
1252 4827 1572 4884 deferebat.
1598 4828 1742 4897 ipsis
1764 4843 1891 4882 eam
1916 4844 2077 4883 com—

429 4920 689 4977 mendat.
721 4921 1004 4976 Honestat
1024 4924 1221 4974 autem
1255 4924 1376 4974 tum
1416 4916 1572 4987 quod
1634 4917 1762 4986 ejus
1817 4916 2075 4988 primum

425 5010 786 5069 meminerit,
822 5015 945 5062 tum
974 5007 1131 5078 quod
1166 5022 1429 5063 sororem
1459 5011 1625 5061 vocet
1653 5021 1665 5059 :
1701 5006 1843 5076 quid
1875 5012 2075 5062 autem

426 5102 475 5158 si
510 5100 674 5155 Pauli
707 5099 974 5154 fortassis
1004 5114 1172 5153 soror
1196 5100 1371 5154 erat?
1400 5119 1425 5147 ιι
1458 5097 1802 5168 Suscipiatis
1856 5098 1916 5152 in
1960 5097 2075 5152 Do-

421 5189 669 5247 mino.»
731 5185 833 5241 Vel
893 5190 1133 5256 propter
1192 5185 1533 5251 Dominum,
1597 5184 1688 5240 vel
1745 5184 2076 5243 secundum

423 5275 743 5334 Dominum
795 5294 825 5324 »
846 5275 932 5327 Ita
949 5279 1018 5331 ut
1037 5272 1208 5331 decet
1231 5279 1486 5328 sanctos.
1514 5296 1539 5319 »
1566 5272 1871 5344 Eo.inquit
1897 5272 2077 5327 modo

424 5380 543 5438 quo
574 5362 746 5419 decet
775 5369 1011 5417 sanctos
1042 5361 1361 5432 suscipere.
1396 5361 1645 5433 Duplam
1708 5361 1874 5416 dedit
1920 5377 2077 5417 curm

422 5455 614 5529 ipsius
645 5452 1019 5509 occasionem
1046 5469 1057 5506 :
1093 5458 1151 5507 et
1180 5458 1246 5507 ut
1274 5458 1516 5524 propter
1546 5450 1862 5507 Dominum
1885 5451 2075 5523 ipsam

428 5546 819 5618 susciperent,
853 5548 911 5600 et
943 5542 1099 5616 quod
1132 5545 1260 5615 ipsa
1291 5548 1495 5599 sancta
1526 5547 1702 5599 esset.

495 5662 777 5723 «suum.
801 5678 955 5731 xxw,
984 5663 1074 5718 ιι.

2182 4651 2272 4707 καὶ
2302 4652 2401 4720 τὴν
2424 4652 2540 4705 κατ’
2573 4650 2723 4705 οἷκον
2755 4650 2930 4705 αὐτῶν
2961 4650 3311 4720 Ἐκκλησίαν.

2258 4742 2394 4815 Ὀρα
2428 4736 2515 4793 διὰ
2545 4740 2726 4793 πόσων
2756 4739 2922 4807 αὐτὴν
2985 4739 3255 4812 σεμνύνει.
3304 4737 3525 4808 Ἐπειδὴ
3578 4738 3713 4809 αὕτη
3766 4742 3834 4807 ἦν

2188 4830 2576 4903 διακομίζουσα
2604 4833 2704 4901 τήν
2747 4830 3072 4901 ἐπιστολήν,
3133 4836 3351 4903 συνιστᾷ
3407 4832 3573 4902 αὐτὴν
3622 4833 3828 4895 αὐτοῖς.

2189 4920 2447 4991 Σεμνόνει
2480 4917 2555 4987 δὲ,
2586 4925 2666 4991 τῷ
2696 4921 2920 4996 πρώτης
2955 4923 3285 4993 μεμνῆσθαι,
3317 4920 3407 4975 καὶ
3456 4926 3537 4993 τῷ
3584 4918 3827 4995 ἀδελφὴν

2186 5009 2431 5067 καλέσαι.
2466 5009 2529 5066 Τί
2559 5006 2616 5065 δὶ
2639 5008 2757 5064 ’ἶσον
2778 5014 2871 5064 τοῦ
2924 5012 3060 5066 εἶναι
3116 5014 3212 5065 τοῦ
3272 5008 3490 5066 Παύλου
3549 5008 3828 5091 ἀδελφτξνς

2188 5096 2611 5174 ‹‹Ηρ;σδέξησθε
2665 5098 2715 5152 έν
2778 5097 2983 5173 Κορίῳ.
3022 5124 3041 5147 ι
3111 5100 3182 5155 Ἤ
3242 5096 3329 5153 διὰ
3384 5100 3475 5154 τὸν
3538 5100 3829 5175 Κύριονμῆ

2185 5188 2323 5243 κατὰ
2352 5188 2571 5261 Κύριον.
2611 5212 2638 5239 ‹‹
2669 5186 2773 5243 Καὶ
2804 5188 2966 5257 ἀξίως
2997 5192 3105 5243 τῶν
3151 5188 3339 5264 ἁγίων.
3371 5212 3400 5240 ››
3459 5190 3555 5247 "Ov
3600 5188 3826 5265 τρόπον,

2183 5278 2337 5355 φησὶ,
2398 5276 2590 5349 πρέπει
2659 5276 2849 5353 ἁγίους
2939 5274 3213 5351 δέχεσθαι.
3300 5274 3511 5349 Διπλῆν
3593 5275 3824 5333 δέδωκεν

2183 5365 2317 5437 αὐτῇ
2359 5365 2643 5440 θεραπείας
2696 5364 2975 5441 ἀφορμὴν,
3033 5366 3123 5420 καὶ
3180 5367 3265 5437 τὸ,
3325 5367 3423 5423 Διὰ
3480 5366 3568 5424 τὸν
3629 5367 3822 5441 Κύριον

2186 5454 2353 5522 αὐτὴν
2386 5450 2667 5529 δεχθῆναι,
2698 5454 2788 5510 καὶ
2817 5454 2879 5509 τὸ
2911 5456 3047 5511 εἶναι
3081 5455 3246 5525 αῧτὴν
3278 5457 3452 5532 ἁγίαν.
