4198 6200
385 320 503 382 629

1496 318 1914 383 COMMENT.
1962 319 2040 379 IN
2082 318 2326 382 EPIST.
2374 322 2476 383 AD
2513 325 2701 386 ROM.

3689 335 3809 400 630

462 475 491 505 (ς
524 450 626 510 Καὶ
656 454 968 527 παραστῆτε
996 449 1156 527 αὐτῇ.
1189 472 1216 506 ι
1248 451 1406 523 Ὀρᾷς
1457 451 1519 506 τὸ
1545 448 1848 527 ἀνεπαχθὲς
1873 450 2011 542 ςγΟόι

2219 454 2371 510 4ου
2398 477 2422 506 α
2456 456 2525 513 Et
2549 455 2758 513 adsitis
2783 459 2860 516 ei.
2889 483 2909 509 ι
2956 460 3130 519 Vides
3176 468 3468 535 quantum
3489 467 3694 542 fugiat,
3730 489 3804 532 ne

389 543 557 611 εἶπεν,
590 541 695 608 ὅτι,
747 538 1122 612 Ἀπαλλάξατε
1176 541 1347 612 αὐτὴν
1407 539 1468 596 ἐκ
1520 545 1627 596 τῶν
1659 540 2042 614 ἐπικειμένων,

386 630 555 700 ἀλλὰ,
589 656 617 684 ‹‹
647 633 992 706 Παράστητε,
1027 656 1053 683 υ
1112 633 1380 697 τουτέστι,
1429 632 1510 689 Τὰ
1538 633 1667 706 παρ’
1719 633 1871 706 ὑμῶν
1900 631 2039 688 εἷσε-

385 720 628 796 νὲγκατε,
660 723 750 775 καὶ
808 728 968 797 χεῖρα
1038 721 1272 798 ὀρίξατε.
1336 747 1364 774 ‹‹
1399 723 1696 798 Προστάτις
1724 719 1972 779 πολλῶν.
2005 742 2032 774 ι

384 809 569 884 Μέγας
599 812 628 866 ὁ
673 809 912 878 ἔπαινος,
972 811 1060 867 καὶ
1115 813 1300 873 ἱκανὸς
1354 812 1552 874 αὐτοὺς
1610 811 2036 886 προτρέψασθαι.

385 925 414 953 ι(
453 904 555 960 Καὶ
584 901 752 957 αὐτοῦ
781 899 938 976 ἐμοῦ.
976 925 1004 947 ιι
1058 903 1129 956 Τὸ
1188 902 1442 977 μέγιστον
1497 901 1796 980 ἐγκώμιον,
1849 902 2033 959 τελευ-

381 997 531 1050 ταῖον
562 989 786 1048 τέθεικε.
852 993 1106 1064 Μακαρία
1159 992 1260 1068 γάρ
1310 987 1480 1055 ὅντως
1513 994 1546 1061 ἡ
1581 989 1871 1064 δυνηθεῖσα
1900 1011 2038 1068 προ-

381 1088 574 1149 στῆναι
630 1081 722 1135 καὶ
781 1079 1082 1137 ἀναπαῦσαι
1135 1083 1236 1150 τὴν
1317 1081 1470 1155 ἁγίαν
1543 1082 1730 1156 ψυχὴν
1792 1080 2032 1138 Παύλου.

381 1195 412 1223 α
444 1171 629 1228 Αὐτοῦ
660 1169 816 1242 εμοῦ.
856 1193 884 1220 »
913 1170 1170 1226 Τουτέστι
1200 1173 1297 1226 τοῦ
1339 1169 1703 1237 ’Δποστόλου,
1733 1173 1830 1226 τοῦ
1859 1172 2031 1245 κήρυο

378 1280 495 1326 κος,
551 1265 650 1316 τοῦ
707 1257 1040 1317 διδασκάλου
1095 1268 1196 1330 τῆς
1256 1259 1606 1333 οἲκουμὲνης.
1636 1285 1664 1314 ιι
1697 1259 2033 1318 ’Δσπάσασθε

378 1349 719 1424 Πρίσκιλλαν
765 1349 857 1406 καὶ
907 1350 1140 1410 Ἀκύλαν
1187 1351 1316 1410 τοὺς
1368 1349 1661 1426 συνεργούς
1704 1371 1832 1424 μου.
1864 1373 1895 1404 γι
1927 1357 2030 1410 Συ-

374 1442 682 1516 νήργησαν,
750 1441 936 1522 φησὶν,
1015 1439 1066 1494 ἐν
1149 1438 1378 1516 διδαχῇ,
1443 1439 1496 1496 ἄν
1564 1445 1912 1516 πειρασμοῖς,
1977 1438 2030 1496 δν

375 1525 669 1594 κινδύνοις.
730 1528 910 1606 Μέγας
967 1529 1026 1586 δὶ
1077 1531 1106 1586 ὁ
1161 1525 1403 1592 ἔπαινος.
1464 1531 1617 1592 Τινὲς
1648 1526 1708 1586 δὶ
1738 1528 2026 1605 συνεργοὺς

375 1618 602 1682 τούτους
631 1618 706 1683 ὡς
737 1617 1101 1690 σκηνοποιοὺς
1161 1617 1251 1674 καὶ
1307 1617 1506 1681 αὐτοὺς
1565 1615 1722 1680 ὄντας
1779 1617 2025 1690 ἐνόησαν.

378 1731 409 1762 α
438 1705 621 1766 Ἀλλὰ
675 1709 765 1763 καὶ
816 1713 983 1763 πᾶσαι
1033 1709 1091 1764 αἱ
1149 1705 1473 1779 Ἐκκλησίαι
1531 1713 1640 1765 τῶν
1668 1707 1858 1773 ἐθνῶν,
1890 1731 1921 1762 n
1952 1714 2024 1765 "II

2147 542 2433 599 molestus
2465 545 2559 599 sit.
2581 547 2708 602 Non
2724 546 2898 604 dixit:
2923 550 3174 606 Eximite
3195 569 3330 608 eam
3353 553 3426 609 ab
3459 556 3806 628 impendam

2148 631 2307 689 tibus
2329 633 2440 688 sibi
2470 635 2663 700 malis,
2690 638 2794 692 sed
2831 662 2851 686 ι
2885 641 3126 708 Adsitis,
3164 665 3190 690 »
3224 643 3335 699 hoc
3369 653 3476 708 est.
3511 651 3706 718 quoad
3737 654 3798 708 in

2146 722 2310 778 vobis
2337 731 2427 779 est
2446 724 2684 798 benigni
2709 728 2860 794 sitis,
2880 746 3242 803 manumque
3263 735 3565 805 porrigite,
3597 759 3624 788 «
3645 742 3800 795 Asti-

2146 810 2217 866 tit
2238 813 2715 886 multis.»Magna
2737 816 2865 872 laus
2879 825 2937 874 et
2959 837 3089 891 quas
3112 821 3454 879 suificiatad
3474 841 3574 880 eos
3591 828 3801 883 exhor-

2145 903 2412 961 tandum.
2429 928 2454 952 υ
2472 905 2542 959 Et
2559 905 2702 959 mihi
2724 907 2854 977 ipsi.
2880 928 2902 957 υ
2919 907 3083 972 Quod
3103 911 3425 971 maximum
3442 917 3790 976 eratultimo

2149 991 2285 1046 loco
2317 993 2535 1064 posuit,
2567 1009 2700 1049 vere
2733 995 2890 1050 enim
2925 995 3098 1052 beata
3125 1005 3234 1060 est.
3268 1017 3399 1070 quas
3427 1005 3618 1075 potuit
3647 1022 3794 1064 san-

2143 1087 2296 1136 ctam
2319 1082 2594 1140 Pauliani
2605 1099 2760 1139 mam
2781 1084 3127 1141 refocillare.
3155 1111 3181 1135 ‹‹
3200 1089 3335 1144 Mihi
3354 1091 3484 1162 ipsi.
3510 1116 3536 1140 ι»
3555 1098 3670 1150 Hoc
3683 1101 3794 1164 est,

2140 1170 2444 1243 Apostolo,
2467 1173 2894 1241 concionatori,
2914 1178 3215 1235 communi
3238 1178 3400 1233 orbis
3419 1185 3790 1255 praceptori.

2145 1282 2173 1310 (ι
2201 1260 2465 1320 Salutate
2497 1263 2829 1320 Priscillam
2849 1271 2908 1319 et
2933 1265 3207 1336 Aquilam
3231 1267 3533 1340 adjutores
3555 1288 3736 1330 meos.
3763 1296 3791 1324 υ

2140 1351 2418 1410 Auxiliati
2447 1359 2604 1415 sunt,
2629 1353 2848 1425 inquit,
2875 1355 2938 1410 in
2959 1356 3319 1426 doctrina,in
3336 1364 3797 1434 tentationibus,

2139 1440 2201 1497 in
2222 1441 2526 1515 periculis.
2551 1443 2653 1499 Est
2681 1449 2881 1500 autem
2912 1445 3024 1502 hoc
3048 1463 3275 1520 magna:
3297 1450 3514 1507 laudis.
3539 1455 3791 1521 Quidam

2136 1546 2271 1587 vero
2303 1532 2410 1587 hos
2431 1531 2736 1604 adjutores
2758 1533 3206 1608 intellexerunt,
3232 1539 3392 1611 quod
3413 1542 3528 1613 ipsi
3551 1560 3789 1618 quoque

2136 1619 2656 1680 tabernaculorum
2687 1627 2946 1680 textores
2977 1631 3197 1683 essent.
3249 1648 3280 1680 α
3311 1628 3423 1684 Sed
3471 1636 3530 1687 et
3579 1649 3787 1691 omnes

2134 1709 2413 1766 Ecclesia
2441 1711 2728 1782 gentium.
2765 1734 2793 1761 »
2828 1713 2926 1768 Vel
2985 1721 3226 1788 propter
3284 1717 3635 1792 doctrinam,
3696 1723 3786 1781 vel

378 1793 468 1854 διὰ
495 1799 594 1867 τὴν
630 1795 1000 1866 διδασκαλίαν,
1030 1798 1066 1868 ἢ
1097 1795 1190 1855 διὰ
1241 1800 1343 1870 τὴν
1395 1798 1454 1854 iu
1476 1802 1582 1854 τῶν
1614 1799 1920 1890 χρημάτων
1940 1797 2011 1890 θεῖε

2135 1803 2376 1890 propter
2403 1799 2750 1860 facultatum
2783 1801 2845 1857 in
2875 1802 3012 1859 illos
3062 1805 3464 1873 collationem.
3502 1831 3531 1859 ι(
3562 1812 3645 1868 Ac
3676 1812 3785 1869 do—

373 1887 570 1949 αὐτοὺς
603 1887 976 1964 συνεισωοράν.
1019 1910 1044 1942 α
1075 1889 1171 1943 Καὶ
1223 1888 1324 1957 τήν
1354 1889 1472 1944 κατ’
1502 1889 1654 1944 οἷκον
1682 1887 1860 1943 αὐτῶν
1893 1887 2022 1945 Ἐκ-

369 1976 627 2049 κλησίαν.
667 2000 690 2032 ο
725 1978 915 2040 Οὕτως
949 1976 1007 2035 δὶ
1030 1979 1165 2049 ἦσαν
1199 1975 1505 2053 εὐδόκιμοι,
1537 1979 1620 2034 ὅτι
1664 1978 1754 2033 καὶ
1804 1979 1898 2034 τὸν
1931 1978 2023 2034 οἵ·

367 2089 465 2125 κον
517 2070 696 2125 αὐτῶν
757 2068 1050 2140 ἐκκλησίαν
1107 2069 1386 2136 δποίησαν.
1416 2070 1488 2126 ’Ἢ
1521 2071 1606 2124 δτι
1634 2069 1852 2125 πανοικὶ
1884 2069 2020 2139 ἦσαν

364 2159 574 2228 πιστοὶ,
607 2160 683 2223 ὡς
712 2161 804 2216 τὸν
839 2161 992 2217 οἶκον
1024 2159 1222 2219 λοιπὸν
1250 2159 1544 2232 ἐκκλησίαν
1576 2161 1732 2217 εἶναι.

437 2249 778 2315 Ἀσπάσασθε
833 2249 1143 2306 Ἐπαίνετον
1223 2250 1316 2306 τὸν
1403 2249 1683 2329 ἀγαπητόν
1763 2271 1891 2325 μου,
1960 2252 2020 2313 ὅς

357 2344 504 2401 ἰστιν
559 2343 783 2420 ἀπαρχή
847 2349 946 2412 τῆς
1033 2343 1265 2420 Ἀχαῒας
1349 2342 1424 2406 εἰς
1506 2343 1759 2416 Χριστόν.
1818 2343 2021 2400 Ἀσπά-

353 2437 517 2491 σασθε
576 2434 827 2510 Μαριάμ,
886 2432 1009 2502 ἥτις
1089 2431 1275 2488 πολλᾶ
1367 2431 1653 2489 ἐκοπίασεν
1714 2433 1792 2497 εἰς
1846 2436 2016 2506 ἡμᾶς.

348 2525 696 2589 Ἀσπάσασθε
780 2521 1137 2599 Ἀνδρόνικον
1225 2526 1313 2578 καὶ
1399 2523 1649 2592 Ἰουνίαν,
1706 2524 1833 2587 τοὺς
1889 2543 2018 2597 συγ-

355 2619 530 2688 γενεῖς
620 2635 744 2686 μου,
831 2614 920 2669 καὶ
1009 2612 1505 2688 συναιχμαλώτους
1608 2633 1736 2685 μου,
1821 2613 2017 2674 οἳτινές

352 2703 496 2759 εἰσιν
559 2702 823 2774 ἆτ-ίσημοι
901 2702 953 2758 ἐν
1034 2708 1152 2767 τοῖς
1235 2701 1589 2772 ἀποστόλοις,
1649 2701 1706 2756 ο⁹ί
1759 2702 1849 2758 καὶ
1909 2704 2016 2776 πρὸ

348 2793 495 2865 ἐμοῦ
553 2793 830 2867 γεγόνασιν
911 2790 962 2848 ἐν
1049 2793 1288 2868 Χριστῷ.
1346 2792 1684 2848 Ἀσπάσασθε
1739 2791 2015 2864 Ἀμπλίαν

346 2883 449 2935 τὸν
516 2881 792 2954 ἀγαπητόν
886 2901 991 2952 μου
1079 2878 1130 2934 ἐν
1214 2877 1416 2953 Κυρίῳ.
1481 2879 1815 2936 Ἀσπάσασθε
1867 2877 2012 2952 Οὒρ-

347 2963 522 3023 ϐανὸν
578 2969 671 3024 τὸν
730 2969 985 3044 συνεργὸν
1042 2971 1203 3043 ἡμῶν
1292 2968 1344 3024 ἐν
1403 2971 1648 3040 Χριστῷ,
1716 2969 1805 3023 καὶ
1867 2969 2008 3024 Στά-

345 3078 457 3133 χυν
540 3061 634 3112 τὸν
717 3058 993 3135 ἀγαπητόν
1084 3079 1210 3131 μου.
1298 3057 1638 3115 Ἀσπάσασθε
1709 3057 2008 3126 Ἀπελλῆν,

339 3148 441 3203 τὸν
499 3143 725 3220 δόκιμον
805 3145 856 3202 ἐν
913 3152 1144 3222 χριστῷ.
1204 3145 1544 3204 Ἀσπάσασθε
1601 3145 1728 3209 τοὺς
1783 3145 1844 3201 ἐκ
1896 3151 2006 3201 τῶν

338 3230 802 3308 Ἀριστοϐούλου.
888 3234 1227 3299 Ἀσπάσασθε
1305 3232 1621 3310 ’Ἡροδίωνα
1703 3235 1796 3290 τὸν
1877 3256 2003 3314 συγ-

337 3327 477 3400 γενῆ
551 3345 676 3396 μου.
759 3326 1095 3382 Ἀσπάσασθε
1180 3323 1308 3388 τοὺς
1394 3323 1454 3380 ἐκ
1505 3330 1612 3380 τῶν
1670 3324 1999 3399 Ναρκίσσου,

336 3415 475 3476 τοὺς
559 3412 716 3476 ὄντας
795 3414 846 3470 ὲν
931 3415 1141 3490 Κυρίῳ.
1251 3415 1588 3472 Ἀσπάσασθε
1691 3414 2002 3494 Τρύφαιναν

337 3503 438 3560 καὶ
492 3506 790 3580 Τρυφῶσαν
855 3506 950 3567 τὰς
1009 3505 1287 3566 κοπιώσας
1370 3504 1424 3558 ἐν
1506 3504 1706 3581 Κυρίῳ.
1797 3505 1998 3561 Ἀσπά-

340 3604 513 3657 σασθε
577 3591 812 3668 Περσίδα
866 3595 966 3662 τὴν
1032 3593 1339 3670 ἀγαπητὴν,
1397 3593 1519 3663 ἥτις
1605 3593 1794 3650 πολλὰ
1877 3595 1998 3650 ἐκο-

340 3683 537 3740 πίασεν
641 3681 693 3738 ἐν
810 3684 1012 3757 Κυρίῳ.
1144 3682 1482 3738 ’Δσπάσασθε
1581 3684 1808 3758 Ῥοῦφον
1911 3683 2001 3739 τὸν

341 3770 604 3828 ἰκλεκτὸν
671 3770 722 3825 ἐν
778 3771 985 3847 Κυρίῳ,
1067 3770 1154 3826 καὶ
1231 3773 1330 3841 τήν
1395 3771 1604 3847 μητέρα
1687 3772 1851 3829 αὐτοῦ
1909 3773 1999 3828 καὶ

341 3858 507 3931 ἐμοῦ.
593 3859 934 3925 Ἀσπάσασθε
1020 3859 1399 3935 Ἀσύγκριτον,
1486 3859 1788 3936 Φλέγοντα,
1873 3861 2001 3936 Ἐρ-

345 3951 479 4020 μᾶν,
565 3943 864 4022 Πατρόϐαν,
947 3951 1176 4022 Ἑρμῆν,
1260 3951 1347 4005 καὶ
1432 3949 1558 4012 τοὺς
1643 3949 1738 4005 σὺν
1805 3951 1996 4012 αὐτοῖς

338 4035 636 4111 ἀδελφούς.
705 4039 1040 4102 Ἀσπάσασθε
1087 4035 1404 4113 Φιλόλογον
1461 4038 1550 4094 καὶ
1608 4037 1872 4109 Ἰουλίαν,
1935 4042 2116 4117 Νηρέα
2171 4039 2262 4096 καὶ
2307 4041 2407 4107 τήν
2489 4035 2731 4114 ἀδελφὴν
2814 4037 3001 4106 αὑτοῦ,
3080 4035 3169 4089 καὶ
3255 4034 3572 4112 Ὀλυμπᾶν,

2132 1889 2442 1945 mesticam
2474 1890 2716 1948 illorum
2747 1892 3094 1950 Ecclesium.
3121 1917 3148 1944 »
3183 1895 3344 1951 Adeo
3377 1898 3549 1969 probi
3582 1904 3641 1955 et
3667 1901 3785 1958 vir-

2131 1978 2239 2035 tuti
2271 1979 2490 2036 addicti
2515 1987 2702 2047 erant,
2725 1987 2791 2037 ut
2812 1999 2980 2038 suam
3001 1984 3180 2040 etiam
3204 1984 3445 2042 domum
3470 1988 3783 2046 ecclesiam

2128 2066 2398 2125 fecerint.
2432 2069 2536 2125 Vel
2567 2069 2786 2126 dcitur
2834 2073 2966 2141 hoc,
3026 2073 3166 2145 quia
3215 2091 3424 2132 omnes
3473 2076 3783 2138 domestici

2129 2156 2340 2214 ﬁdeles
2371 2165 2560 2226 erant,
2597 2166 2663 2216 ut
2682 2161 2808 2233 jam
2842 2161 3053 2218 domus
3085 2170 3243 2220 esset
3272 2165 3566 2223 Ecclesia.

2199 2249 2342 2317 XVI,
2397 2252 2551 2305 5-16.
2603 2250 2851 2307 Salutate
2897 2255 3218 2324 Epcenetum
3265 2255 3527 2312 dilectum
3579 2274 3779 2328 meum,

2123 2354 2224 2409 qui
2253 2345 2332 2394 est
2355 2340 2561 2410 primae
2590 2340 2807 2396 Achaia
2835 2344 2893 2396 in
2927 2342 3226 2398 Christum.
3252 2345 3500 2402 Salutate
3519 2349 3777 2419 Mariam,

2123 2443 2246 2498 qua
2273 2429 2509 2484 multum
2560 2430 2829 2485 laboravit
2887 2447 3019 2501 erga
3074 2448 3189 2488 nos.
3245 2434 3499 2490 Salutate
3553 2438 3776 2494 Andro-

2121 2518 2306 2573 nicum
2336 2524 2387 2573 et
2410 2520 2635 2574 Juniam
2673 2526 2931 2589 cognatos
2962 2538 3104 2578 meos
3134 2529 3187 2578 et
3217 2528 3567 2594 concaptivos
3609 2543 3773 2596 meos,

2121 2609 2220 2678 qui
2246 2614 2373 2662 sunt
2412 2607 2656 2678 insignes
2685 2611 2829 2665 inter
2857 2612 3146 2681 apostolos,
3182 2613 3281 2681 qui
3309 2617 3476 2670 etiam
3506 2622 3636 2671 ante
3688 2635 3776 2673 me

2119 2699 2348 2765 fuerunt
2379 2697 2440 2752 in
2465 2700 2698 2754 Christo.
2733 2701 2985 2755 Salutate
3005 2702 3288 2772 Ampliam
3311 2703 3574 2758 dilectum
3595 2721 3772 2761 meum

2120 2788 2180 2841 in
2211 2788 2460 2843 Domino.
2496 2789 2748 2844 Salutate
2783 2791 3061 2845 Urbanum
3091 2792 3404 2860 adjutorem
3433 2799 3679 2848 nostrum
3711 2798 3772 2850 in

2122 2876 2335 2933 Christo
2361 2894 2375 2931 :
2408 2884 2460 2932 et
2491 2877 2735 2950 Stachyn
2763 2878 3023 2934 dilectum
3055 2895 3252 2935 meum.
3295 2882 3547 2937 Salutate
3599 2883 3775 2954 Apel-

2120 2966 2222 3020 lem
2266 2967 2566 3036 probatum
2623 2968 2683 3020 in
2725 2967 2960 3021 Christo.
3018 2967 3270 3023 Salutate
3321 2985 3409 3024 eos
3470 2973 3568 3041 qui
3639 2980 3770 3029 sunt

2116 3071 2185 3110 ea:
2209 3055 2507 3110 Aristobuli
2534 3055 2714 3109 domo.
2757 3055 3010 3110 Salutate
3058 3055 3427 3112 llerodionem
3473 3069 3766 3128 cognatum

2115 3159 2312 3198 meum.
2333 3143 2585 3199 Salutate
2614 3158 2702 3199 eos
2723 3144 2822 3214 qui
2840 3150 2968 3200 sunt
2998 3161 3068 3200 ea:
3097 3147 3342 3202 Narcissi
3367 3149 3764 3216 familiaribus,

2112 3234 2212 3307 qui
2235 3239 2361 3291 sunt
2387 3236 2445 3289 in
2492 3235 2740 3290 Domino.
2795 3234 3044 3290 Salutate
3094 3238 3455 3308 Tryphenam
3501 3247 3554 3296 et
3602 3243 3768 3313 Thry-

2102 3322 2357 3394 phosam,
2388 3338 2510 3394 qua:
2539 3321 2802 3378 laborant
2834 3325 2892 3378 in
2923 3324 3150 3379 Domino
3205 3325 3455 3383 Salutate
3485 3329 3762 3387 Persidem

2109 3411 2385 3476 dilectam,
2417 3428 2546 3482 quae
2572 3412 2805 3467 multum
2837 3412 3107 3469 laboravit
3136 3415 3191 3468 in
3222 3414 3474 3470 Domino.
3510 3415 3760 3484 Salutate

2111 3505 2315 3570 Rufum
2333 3503 2560 3559 electum
2581 3505 2640 3556 in
2662 3502 2909 3562 Domino.
2933 3509 2985 3559 et
3012 3510 3242 3559 matrem
3268 3507 3439 3576 ipsius
3468 3523 3530 3562 ac
3559 3524 3756 3565 meam.

2111 3591 2360 3648 Salutate
2383 3594 2758 3662 Asyncritum,
2771 3592 3139 3663 Phlegontem,
3155 3595 3434 3662 Hermam,
3446 3598 3756 3670 Patrobam,

2109 3687 2574 3755 Hermen.quique
2594 3700 2717 3738 cum
2737 3683 2850 3738 illis
2868 3690 2994 3738 sunt
3014 3684 3496 3752 fratres.8alutate
3513 3687 3727 3745 Philolo
3740 3717 3756 3731 -

2108 3791 2238 3846 gum
2259 3779 2310 3829 et
2330 3772 2558 3836 Juliam,
2584 3773 2814 3828 Nereum
2835 3778 2886 3827 et
2909 3788 3148 3828 sororem
3172 3774 3342 3842 ipsius
3362 3789 3425 3827 ac
3448 3773 3758 3844 Olympam,

2109 3871 2162 3920 et
2183 3879 2362 3919 omnes
2377 3865 2476 3934 qui
2496 3878 2618 3917 cum
2646 3863 2776 3932 ipsis
2796 3867 2924 3916 sunt
2943 3867 3177 3916 sanctos.
3200 3861 3454 3915 Salutate
3483 3877 3572 3918 vos
3603 3866 3694 3918 41
3709 3865 3758 3921 0

2110 3955 2340 4010 invicem
2378 3951 2560 4008 osculo
2589 3957 2796 4007 sancto.
2831 3949 3087 4004 Salutant
3115 3964 3206 4004 vos
3236 3950 3488 4005 Ecclesia:
3523 3953 3756 4010 Christi.

3660 4062 3750 4096 και

340 4128 468 4187 τοὺς
524 4125 618 4182 σὺν
669 4126 852 4192 αὐτοῖς
933 4128 1135 4189 πάντας
1219 4128 1431 4206 ἁγίους.
1515 4128 1855 4186 Ἀσπάσασθε
1939 4129 2226 4201 ἀλλήλους
2309 4127 2360 4182 ἐν
2439 4123 2716 4206 φιλήματι
2801 4123 2960 4198 ἁγίῳ.
3036 4122 3394 4197 Ἀσπάζονται
3479 4127 3620 4202 ὑμᾶς
3700 4131 3756 4186 αἱ

341 4213 669 4285 Ἐκκλησίαι
697 4220 798 4271 τοῦ
827 4217 1083 4292 Χριστοῦ.

411 4312 566 4388 Μέγα
629 4314 690 4370 τὸ
749 4315 886 4369 εἶναι
944 4314 1162 4372 Παύλου
1221 4313 1529 4393 ἀγαπητὸν,
1576 4319 1673 4371 τοῦ
1703 4314 1873 4390 κρίσει
1904 4315 1993 4371 καὶ

2175 4319 2446 4389 Magnum
2475 4320 2602 4370 erat
2645 4312 2812 4369 Pauli
2859 4312 3142 4370 dilectum
3193 4330 3343 4379 esse,
3401 4319 3603 4387 utpote
3652 4314 3754 4387 qui

344 4402 406 4457 οὐ
466 4405 602 4479 πρὸς
661 4404 824 4480 χάριν
881 4402 1056 4481 φιλεῖν
1115 4403 1347 4469 εἰδότος.
1410 4406 1696 4480 Ἀπαργήν
1749 4403 1806 4461 δὶ
1835 4405 1994 4462 αὐτὸν

2131 4406 2329 4463 udicio
2363 4409 2420 4461 et
2440 4420 2558 4459 non
2593 4403 2665 4459 ad
2695 4403 2947 4476 gratiam
2979 4402 3132 4458 solet
3159 4402 3424 4475 diligere.
3453 4404 3753 4461 Primitias

344 4490 514 4568 λέγει,
547 4495 580 4560 ἢ
615 4493 700 4549 ’ὁτι
754 4499 972 4569 πρῶτος
1031 4493 1359 4564 ἐπίστευσεν,
1385 4496 1419 4565 ἣ
1448 4495 1534 4550 ’ὁτι
1591 4491 1819 4551 πλείονα
1862 4495 1993 4548 πάν-

341 4605 446 4639 των
506 4577 792 4638 εὐλάϐειαν
854 4581 1218 4640 ἐπεδείκνυτο.
1275 4587 1392 4642 Ἵνα
1439 4581 1498 4639 δὶ
1539 4585 1612 4657 μή
1646 4584 1880 4658 νομίσῃς
1911 4583 1994 4640 ὅτι

344 4669 394 4727 ἐν
453 4677 745 4746 κοσμικοῖς
801 4671 868 4742 ἧν
929 4674 1244 4751 πράγμασιν
1303 4672 1554 4754 ἀπαρχὴ,
1613 4673 1990 4747 προστίθησιν·

345 4760 438 4823 ET:
469 4762 723 4837 Χριστόν.
758 4785 788 4815 ››
819 4795 889 4806 -
919 4788 944 4813 ι(
981 4763 1174 4818 Πολλὰ
1203 4763 1504 4820 ἐκοπίασεν.
1541 4787 1568 4814 ››
1601 4761 1874 4819 Δείκνυσιν
1907 4761 1992 4818 ὅτι

349 4850 482 4920 μετὰ
534 4857 636 4921 τῆς
695 4848 1071 4919 διδασκαλίας,
1131 4852 1222 4906 καὶ
1277 4851 1431 4928 ’ἔτερα
1487 4852 1758 4926 κέκμηκεν
1789 4852 1866 4916 εἷς
1896 4852 1993 4908 αὐ-

339 4939 486 5000 τούς,
548 4965 576 4992 ‹‹
611 4941 708 5004 Εἰς
761 4943 931 5014 ἡμᾶς.
969 4965 996 4992 ››
1049 4939 1121 4996 Οὔ
1183 4941 1368 5014 μόνον,
1423 4942 1608 5020 φησὶν,
1672 4941 1747 5002 ε’ς
1793 4943 1988 5011 ἑαυτήν

343 5025 645 5093 ἐκοπίασεν,
669 5027 757 5084 ⁴¹ίνα
817 5033 990 5102 σωθῇ,
1029 5029 1176 5085 ἀλλά
1225 5029 1313 5086 καὶ
1366 5030 1440 5093 εἷς
1472 5033 1642 5106 ἡμᾶς,
1677 5030 1989 5087 ἀποστόλου

336 5116 480 5190 τάξιν
536 5117 827 5194 πληροῦσα
881 5119 971 5174 καὶ
1050 5118 1455 5195 εὐαγγελιστοῦ.
1517 5125 1640 5182 Πῶς
1700 5119 1793 5175 οὖν
1849 5121 1986 5188 εἶπε,

340 5229 366 5255 ‹‹
398 5208 617 5263 Γυναικὶ
649 5206 708 5263 δὲ
757 5205 1027 5264 διδάσκειν
1091 5207 1190 5263 οὐκ
1245 5208 1557 5284 ὲπιτρέπω;
1595 5233 1622 5260 ››
1676 5211 1791 5278 Τῆς
1826 5210 1880 5264 ἐν
1911 5211 1989 5282 τῷ

343 5293 487 5368 μέσῳ
519 5297 612 5352 καὶ
667 5303 836 5370 κοινῷ
893 5295 1180 5373 προεδρίας
1235 5297 1404 5367 αὐτὴν
1460 5299 1713 5366 κωλύων,
1767 5299 1988 5368 καὶτῆς

340 5380 391 5437 ἰν
418 5385 625 5458 βήματι
682 5384 964 5462 καθέδρας,
1021 5387 1084 5442 οὐ
1141 5395 1240 5458 τῆς
1279 5391 1376 5442 τοῦ
1407 5386 1579 5464 λόγου
1611 5385 1986 5450 διδασκαλίας.

343 5494 369 5521 α
400 5474 500 5530 Καὶ
560 5474 1054 5555 συναιχμαλώτους
1115 5497 1244 5550 μου.
1277 5502 1306 5530 ››
1369 5479 1570 5548 Μεῖζον
1617 5479 1680 5534 τὸ
1712 5477 1985 5552 ἰγκώμιον

413 5636 456 5674 ⁸⁸
484 5641 508 5697 I
537 5641 683 5704 Tim.
716 5658 780 5716 ιι,
812 5643 898 5700 1³.

2107 4503 2304 4554 autem
2337 4495 2511 4551 illum
2545 4493 2725 4550 dicit:
2759 4493 2850 4549 vel
2900 4493 3060 4566 quod
3106 4494 3335 4566 primus
3379 4493 3751 4562 credidisset,

2105 4587 2194 4642 vel
2227 4585 2385 4657 quod
2402 4585 2682 4658 pietatem
2707 4584 2937 4640 caeteris
2960 4583 3237 4640 omnibus
3249 4584 3536 4656 majorem
3553 4589 3751 4640 osten-

2105 4676 2306 4732 disset.
2342 4677 2422 4732 Ne
2446 4681 2642 4731 autem
2666 4680 2837 4746 putes
2865 4673 3022 4744 quod
3045 4673 3108 4728 in
3131 4672 3557 4743 temporalibus
3576 4673 3755 4731 rebus

2105 4771 2306 4824 essent
2325 4764 2623 4838 primitiae.
2640 4763 2833 4819 addit:
2858 4785 2886 4813 «
2911 4763 2971 4817 in
2994 4761 3312 4818 Christum.
3335 4783 3444 4812 ››-
3464 4784 3483 4810 ι
3503 4762 3751 4821 Multum

2103 4857 2406 4913 laboravit.
2437 4877 2461 4904 ο
2493 4853 2764 4910 Ostendit
2785 4851 2943 4923 quod
2967 4856 3181 4922 prmter
3194 4850 3522 4907 doctrinam
3539 4851 3599 4908 in
3616 4853 3751 4912 aliis

2104 4963 2342 5019 quoque
2371 4961 2509 5017 erga
2536 4943 2694 5015 ipsos
2725 4941 3099 4996 laboraverit.
3131 4962 3158 4990 ι.
3193 4942 3342 5013 Erga
3380 4958 3506 4997 nos.
3543 4964 3572 4992 »
3625 4944 3750 4998 Non

2105 5037 2318 5100 solum,
2356 5035 2569 5105 inquit,
2603 5034 2761 5088 circa
2801 5032 3056 5104 seipsam
3114 5031 3424 5096 laboravit,
3475 5039 3540 5090 ut
3589 5033 3752 5090 salva

2103 5129 2279 5185 esset,
2311 5138 2512 5177 verum
2533 5121 2710 5176 etiam
2734 5120 2891 5176 circa
2913 5136 3041 5184 nos,
3063 5120 3312 5191 apostoli
3344 5120 3466 5176 vice
3496 5121 3750 5193 fungens

2101 5229 2169 5269 ac
2218 5211 2612 5283 evangelistaa.
2670 5209 2973 5275 Quomodo
3027 5225 3162 5280 ergo
3212 5209 3396 5265 dixit:
3441 5232 3468 5258 ‹‹
3519 5209 3747 5265 Mulieri

2101 5302 2312 5357 docere
2336 5317 2453 5355 non
2481 5299 2758 5366 permitto
2775 5299 2818 5334 °°
2840 5297 2867 5352 ?
2885 5319 2910 5348 υ
2939 5314 2972 5353 a
2997 5297 3234 5370 publica
3255 5315 3470 5369 nempe
3492 5315 3560 5356 ac
3584 5314 3750 5354 com-

2099 5389 2266 5445 muni
2295 5387 2674 5460 praasidentia
2695 5402 2826 5442 eam
2852 5401 3080 5452 arcens,
3099 5392 3276 5457 atque
3301 5384 3747 5441 concionatorio

2099 5484 2391 5552 suggesto,
2434 5493 2555 5534 non
2611 5476 2775 5533 verbi
2828 5475 3118 5532 doctrina.
3153 5496 3181 5525 »
3242 5476 3312 5532 Et
3367 5475 3743 5546 coucaptivos
