4198 6200
430 325 560 389 ωί

1543 321 1958 387 (ΕΟῸΜΕΝΙΙ
2003 319 2311 381 ΤΒΙΟΟΔΞ
2351 319 2709 386 EPISCOPI

3739 331 3862 396 832

428 479 636 523 ‘meos.
665 489 686 516 ι
725 462 909 530 Majas
931 461 1267 516 encomium
1293 465 1382 516 est
1411 462 1630 530 dicere,
1666 458 2103 530 «Concaptivos

2214 454 2278 509 τὸ
2336 479 2364 544 ι(
2407 457 2912 533 Συναιχμαλώτόυς
2975 481 3100 533 μου.
3161 485 3190 513 ››
3247 461 3614 538 Χαλεπώτερα
3638 465 3742 544 γὰρ
3772 468 3860 523 αἷ-

427 571 614 611 ~meos
639 570 653 616 ;
677 573 704 600 η
724 549 1063 622 indigniora
1091 566 1352 623 namque
1375 553 1775 623 patiebantur,
1795 565 1971 622 quam
1998 546 2097 602 alii

431 642 681 713 -captivi,
711 656 927 711 nempe
960 641 1437 712 persecutionem
1463 643 1850 707 sustinentes,
1879 645 1937 693 et
1957 654 2102 694 con-

435 731 688 786 tumelia
717 747 785 785 ac
824 731 1050 801 injuria
1081 732 1296 786 affecti.
1363 754 1385 782 α
1421 731 1706 803 lnsignes.
1747 753 1774 778 ››
1829 731 2100 802 Magnum

443 819 683 890 quidem
715 825 806 874 est
837 835 967 873 esse
997 819 1319 890 apostolos,
1355 821 1683 876 maximum
1739 835 1898 884 vero,
1945 817 2102 871 inter

437 909 547 964 hos
571 925 702 964 esse
725 909 1015 979 insignes.
1051 910 1202 975 «Qui
1225 909 1403 964 etiam
1429 916 1564 964 ante
1590 925 1705 963 me.
1733 929 1760 954 η
1779 905 2104 962 Considera

435 1004 713 1054 sanctam
746 997 910 1052 Pauli
939 997 1225 1052 animam.
1274 1000 1399 1053 Non
1432 998 1657 1071 pudore
1689 996 1967 1059 afﬁcitur,
2002 993 2102 1048 di-

448 1101 632 1144 cens:
709 1087 833 1142 uili
892 1093 1030 1142 ante
1089 1103 1183 1143 me
1243 1087 1475 1142 Christo
1536 1085 1939 1142 crediderunt.
1976 1105 2102 1132 ››--

431 1198 480 1227 -ιι
522 1177 868 1247 Adjutorem
917 1182 1188 1232 nostrum
1234 1176 1297 1230 in
1348 1176 1601 1231 Christo.
1638 1196 1667 1226 »
1717 1176 1922 1247 Magna
1971 1172 2102 1228 laus

431 1266 752 1324 ‘Urbanum
787 1266 969 1322 fuisse
1001 1266 1360 1337 adjutorem,
1394 1266 1455 1320 id
1489 1270 1687 1320 tamen
1718 1264 1916 1333 majus
1947 1262 2105 1333 quod

447 1358 687 1429 adjutor
711 1358 892 1412 fuerit
921 1356 982 1412 in
1018 1356 1307 1412 doctrina.
1347 1378 1374 1406 ‹‹
1410 1356 1674 1428 Apellam
1707 1354 2041 1426 probatum.
2073 1374 2101 1402 »

431 1449 663 1521 Utpote
682 1447 1291 1520 irreprehensibilem.
1317 1469 1346 1497 α
1369 1449 1482 1502 Eos
1503 1447 1604 1518 qui
1628 1451 1860 1502 suntex
1886 1445 2103 1500 Aristo-

451 1537 592 1593 bulo
624 1537 822 1592 domo.
864 1559 894 1616 ιν
923 1539 1046 1592 Non
1079 1541 1250 1592 erant
1305 1537 1577 1592 fortassis
1631 1535 1840 1608 quales
1886 1534 2100 1606 primi:

441 1627 674 1684 'i'dcirco
705 1641 900 1698 neque
930 1627 1289 1682 nominatim
1319 1626 1597 1682 meminit
1641 1625 1900 1681 illarum.
1935 1647 1960 1674 «
1997 1623 2104 1689 Qui

453 1721 594 1774 sunt
622 1716 683 1772 in
717 1715 988 1771 Domino.
1031 1738 1050 1763 ι
1087 1715 1352 1787 Equalis
1379 1715 1656 1770 omnibus
1688 1714 1838 1778 laus,
1863 1712 2020 1784 quod
2041 1713 2104 1767 in

2209 543 2530 618 χμαλώτων
2591 545 2857 628 ἔπασχον,
2921 546 3273 624 διωκόμενοι,
3333 543 3860 627 ὑϐριζόμενοι,ἆδι-

2207 631 2488 707 κούμενοι.
2554 660 2576 688 α
2623 638 2950 711 ’Βπίσημοι.
3007 663 3036 690 »
3093 640 3244 714 Μέγα
3304 643 3398 716 μὲν
3454 644 3544 698 καὶ
3601 644 3664 699 τὸ
3720 647 3858 700 εἶναι

2205 721 2571 792 ἀποστόλους,
2601 727 2664 782 τὸ
2695 725 2752 782 δὲ
2781 729 2871 782 καὶ
2917 727 3221 801 ἐπισήμους
3253 729 3306 785 ἐν
3341 730 3548 800 αὑτοῖς,
3583 733 3856 809 μέγιστον.

2209 810 2336 868 «Ui
2363 814 2453 867 καὶ
2509 816 2614 890 πρὸ
2673 814 2828 888 ἐμοῦ.
2867 842 2895 868 ››
2954 819 3093 892 Ὀρα
3147 821 3248 888 τήν.
3304 820 3462 897 ἁγίαν
3522 824 3858 898 ψυχὴν,οὖκ

2204 901 2590 978 ἐπαισχύνεται
2648 902 2846 983 λέγων,
2933 906 3017 963 ὅτι
3077 933 3105 959 ‹‹
3165 911 3276 982 Πρὸ
3344 910 3481 982 ὲμοῦ
3540 910 3856 969 ἇπίστευσαν

2187 991 2358 1062 οὗτοι
2403 997 2481 1063 τῷ
2530 996 2771 1069 Χριστῷ.
2806 1019 2834 1047 ››
2865 1028 2933 1048 ς·-
2965 1021 2993 1048 ‹‹
3027 996 3130 1054 Τδν
3160 1000 3416 1074 συνεργὸν
3437 1002 3605 1071 ἡμῶν
3636 1001 3686 1057 ἐν
3717 1004 3856 1073 Χρι-

2190 1084 2336 1151 .στῷ.
2364 1107 2385 1134 ι
2426 1081 2612 1156 Μέγας
2635 1085 2662 1138 ὁ
2685 1081 2922 1151 ἔπαινος,
2957 1081 3230 1160 Οὐρϐανὸν
3258 1088 3352 1144 τὸν
3382 1091 3654 1165 συνεργὸν.
3687 1095 3854 1149 Τοῦτο

2210 1175 2414 1244 μεῖζον,
2474 1171 2559 1226 ὅτι
2617 1175 2874 1248 συνήργει
2927 1173 2985 1230 ἓν
3039 1179 3108 1249 τῇ
3140 1173 3481 1250 διδασκαλίᾳ·
3515 1202 3544 1231 ‹‹
3577 1176 3852 1248 Ἀπελλῆν

2205 1260 2295 1315 τὸν
2352 1256 2604 1330 δόκιμον,
2645 1285 2676 1315 ››
2735 1268 2852 1317 οἷον
2907 1262 3298 1333 ἀνεπίληπτον.
3361 1291 3390 1318 ‹‹
3441 1267 3578 1330 Τοὺς
3639 1268 3696 1324 ἐκ
3747 1274 3854 1325 τῶν

2206 1344 2655 1422 Ἀριστοϐούλου.
2692 1352 2909 1415 »Ἴσως
2967 1354 3066 1409 οὑκ
3118 1355 3254 1424 ἦσαν
3319 1355 3394 1418 ὡς
3426 1359 3480 1414 οἱ
3508 1363 3737 1431 πρῶτοι,
3772 1357 3857 1417 διὸ

2207 1434 2338 1493 οὑδὲ
2366 1438 2626 1512 ὀνομαστὶ
2659 1440 2835 1497 αὐτῶν
2897 1440 3163 1516 ἐμνήσθη.
3223 1470 3252 1497 ιι
3305 1445 3447 1508 Τοὺς
3478 1445 3632 1510 ὄντας
3665 1447 3715 1502 ἐν
3746 1452 3853 1506 Κυ-

3830 1539 3850 1553 η

2211 1526 2324 1602 ρίῳ.
2361 1552 2386 1577 ι
2428 1529 2574 1589 Ἴσος
2631 1535 2792 1584 πᾶσιν
2837 1532 2866 1586 ὁ
2915 1528 3159 1601 ἔπαινος,
3195 1533 3295 1591 .’ὀτι
3335 1533 3388 1590 ἰν
3422 1526 3613 1608 Κυρίῳ
3642 1537 3798 1606 ἦσαν,
3829 1539 3858 1592 ὃ

2193 1613 2320 1672 ἐστι
2350 1617 2553 1674 πιστοί.
2590 1642 2618 1671 (ι
2649 1621 2759 1681 Τὰς
2788 1621 3069 1684 κοπιώσας
3099 1621 3151 1676 ἐν
3181 1622 3388 1699 Κυρίῳ,
3421 1649 3449 1676 ιι
3481 1625 3610 1699 Περὶ
3645 1627 3855 1700 Μαρίας

2212 1707 2319 1760 ἅνω
2350 1701 2550 1781 ἔλεγεν.
2583 1731 2612 1759 ιι
2645 1710 2796 1770 ’Ἠτις
2827 1708 3016 1766 πολλὰ
3063 1710 3336 1770 ἐκοπίασε.
3371 1739 3393 1767 ι
3429 1711 3748 1785 Ταύταςδὶ,
3779 1710 3857 1772 ἔτι

453 1807 702 1863 Domino
735 1811 955 1869 essent,
985 1805 1098 1861 hoc
1128 1811 1238 1872 est,
1274 1805 1500 1861 tldeles.
1525 1828 1552 1854 ‹‹
1578 1805 1716 1871 Quae
1739 1803 2013 1858 laborant
2041 1802 2102 1858 in

2212 1796 2488 1858 κοπιώσας
2547 1797 2717 1874 Λέγει..
2776 1799 2868 1855 Διὸ
2931 1800 3129 1872 μείζων
3187 1801 3214 1856 ὁ
3269 1795 3513 1865 ἔπαινος.
3561 1801 3858 1878 «Περσίδα

450 1897 721 1952 Domino.
757 1917 788 1946 »
809 1896 890 1952 De
916 1896 1097 1950 Maria
1127 1896 1400 1966 superius
1422 1894 1607 1951 dixit:
1634 1917 1659 1944 α
1685 1892 1823 1958 Quaa
1843 1892 2101 1948 multum

449 1986 778 2044 laboravit:
813 2005 843 2036 »
875 1984 947 2041 de
978 1984 1071 2040 his
1121 1999 1258 2040 vero
1309 2001 1472 2040 nunc
1521 1983 1666 2039 dicit
1705 1981 1862 2055 quod
1912 1981 2104 2038 adhuc

450 2075 725 2134 laborent
754 2091 768 2129 :
801 2075 995 2145 major
1024 2074 1225 2145 itaque
1256 2073 1385 2128 laus
1417 2079 1523 2128 est.
1563 2095 1589 2122 »
1623 2072 1924 2128 Persidem
1957 2070 2105 2126 dile-

454 2172 631 2223 ctam.
672 2184 695 2214 ν
732 2163 866 2220 Haec
899 2164 1092 2236 major
1122 2168 1248 2218 erat
1291 2162 1621 2235 Tryphaena
1679 2167 1738 2218 et
1783 2160 2106 2235 Tryphosa,

457 2261 585 2312 tum
619 2253 778 2326 quod
810 2253 1044 2321 dilecta,
1086 2257 1213 2308 tum
1247 2252 1404 2323 quod
1436 2252 1693 2308 multum
1733 2250 2105 2307 laboraverit.

459 2367 488 2395 «
522 2345 590 2400 Et
618 2349 868 2399 matrem
897 2342 1084 2414 ipsius
1115 2358 1183 2398 ac
1215 2358 1429 2398 meam.
1464 2364 1493 2391 »
1526 2342 1754 2414 Duplex
1779 2341 2023 2406 bonum,
2053 2346 2111 2396 et

459 2433 616 2507 quod
656 2434 816 2489 filius
854 2433 1034 2488 fuerit
1064 2433 1531 2505 reprehensione
1563 2448 1794 2497 carens,
1843 2437 1902 2487 et
1950 2430 2109 2500 quod

456 2532 648 2581 mater
705 2525 982 2578 virtutem
1038 2521 1262 2578 colens.
1299 2552 1362 2562 —
1407 2524 1589 2577 Porro
1650 2521 1762 2575 hoc
1815 2519 2111 2592 signiﬁcat

454 2613 612 2686 quod
645 2612 847 2668 addit:
911 2637 936 2660 α
973 2612 1044 2665 Ει
1089 2627 1305 2666 meam.
1342 2631 1372 2660 »
1403 2641 1472 2652 —
1502 2634 1528 2659 ‹‹
1565 2611 1635 2664 Et
1691 2610 1790 2680 qui
1839 2625 1974 2665 cum
2023 2609 2108 2663 eis

453 2708 594 2758 sunt
625 2702 855 2756 fratres.
885 2723 910 2747 »ι
938 2701 1207 2771 Magnum
1240 2715 1477 2770 quoque
1507 2705 1635 2754 erat
1655 2699 1765 2754 hoc
1788 2714 1918 2753 esse
1943 2697 2108 2752 Pauli

451 2791 685 2848 fratres.
746 2812 775 2840 ‹‹
809 2789 1178 2861 Philologum
1242 2795 1299 2844 et
1349 2789 1583 2844 Juliam.
1620 2809 1650 2839 »
1709 2787 2107 2853 Philologum,

457 2895 635 2952 quem
669 2878 924 2948 primum
958 2875 1204 2948 Sinopes
1227 2877 1568 2948 episcopum
1601 2874 1786 2932 fuisse
1817 2872 2107 2930 aiuntsub

457 2968 698 3025 Andrea
762 2989 791 3017 ‹‹
822 2969 892 3021 Et
921 2982 1128 3022 omnes
1160 2967 1261 3038 qui
1294 2983 1428 3022 cum
1460 2965 1606 3036 ipsis
1633 2969 1773 3019 sunt
1791 2969 2050 3019 sanctos.
2078 2982 2107 3011 »

457 3053 623 3124 Quod
666 3057 712 3111 si
746 3056 956 3122 sancti,
995 3072 1112 3111 non
1145 3072 1326 3128 parva
1349 3055 1477 3110 laus
1507 3055 1747 3110 illorum
1797 3057 1905 3108 est.
1956 3053 2100 3106 411

453 3168 485 3202 ιι
517 3148 777 3205 Salutate
806 3164 909 3202 vos
941 3148 1212 3203 invicem.
1247 3167 1277 3198 »
1309 3147 1526 3204 Omnes
1553 3161 1712 3201 nunc
1769 3142 2104 3215 permistim

2210 1886 2310 1954 τήν
2367 1886 2673 1959 ἀγαπητήν.
2737 1888 2884 1957 Αὕτη
2950 1889 3150 1961 μείζων
3205 1891 3514 1969 Τρυφαίνης
3569 1893 3659 1948 καὶ
3713 1896 3855 1969 Τρυο

2209 1972 2420 2054 φώσης,
2453 1976 2536 2032 ’ὁτι
2594 1996 2652 2032 τε
2706 1976 2988 2055 ἀγαπητὴ,
3045 1979 3136 2034 καὶ
3188 1980 3271 2036 ὃτι
3329 1979 3515 2038 πολλὰ
3553 1981 3856 2042 ἐκοπίασεν.

2213 2085 2242 2114 ‹‹
2274 2063 2372 2118 Καὶ
2411 2066 2510 2134 τήν
2573 2065 2783 2142 μητέρα
2834 2067 3002 2123 αὑτοῦ
3057 2068 3144 2124 καὶ
3206 2069 3364 2141 δμοῦ.
3403 2096 3425 2121 ι
3461 2070 3696 2127 Διπλοῢν
3723 2073 3857 2148 ἀγα-

2212 2151 2324 2216 θὺν,
2381 2153 2465 2220 τὸ,
2523 2154 2612 2210 καὶ
2673 2155 2763 2209 τὸν
2819 2155 2934 2210 υἱὸν
2991 2157 3132 2214 εἶναι
3190 2157 3582 2230 ἀνεπίληπτον,
3639 2161 3727 2216 καὶ
3758 2162 3859 2229 τὴν

2216 2241 2714 2322 μητέραένάρετον.
2747 2248 2922 2299 Τοῦτο
2954 2246 3058 2322 γὰρ
3103 2243 3272 2313 δηλοῖ
3321 2248 3404 2315 τὸ,
3439 2273 3466 2300 ‹‹
3501 2249 3604 2308 Καὶ
3638 2249 3791 2322 ἐμοῦ.
3833 2274 3860 2302 »

2210 2363 2282 2375 —
2312 2350 2336 2375 α
2372 2330 2468 2386 Καὶ
2519 2330 2646 2394 τοὺς
2686 2333 2778 2388 σὺν
2811 2333 3024 2396 αὐτοῖς
3057 2331 3348 2414 ἀδελφούς.
3382 2360 3409 2389 ››
3443 2338 3590 2412 Μέγα
3621 2339 3711 2395 καὶ
3739 2337 3864 2394 τού-

2214 2441 2352 2489 τοις,
2396 2421 2458 2476 τὸ
2517 2421 2650 2477 εἶναι
2713 2422 2932 2477 Παύλου
2989 2420 3280 2501 ἀδελφούς.
3342 2450 3369 2477 ‹‹
3408 2425 3720 2502 Φιλόλογον
3771 2429 3861 2483 καὶ

2215 2507 2468 2575 Ἰουλίαν,
2502 2528 2528 2558 η
2561 2511 2670 2567 Τὸν
2729 2508 3065 2587 Φιλόλογον,
3123 2514 3180 2568 δν
3242 2511 3465 2587 λέγουσι
3494 2521 3714 2590 πρῶτον
3741 2514 3862 2572 ἐπί-

2216 2619 2414 2652 σκοπον
2457 2597 2702 2675 γειιέσθαι
2761 2601 3017 2669 Σινώπης
3078 2601 3182 2656 ὑπὸ
3243 2599 3512 2678 Ἀνδρίου.
3550 2628 3574 2657 ιι
3613 2605 3709 2660 Καὶ
3736 2606 3864 2668 τοὺς

2216 2687 2307 2742 σὺν
2333 2687 2521 2749 αὐτοῖς
2552 2689 2752 2751 πάντας
2795 2688 3003 2764 ἁγίους.
3042 2713 3070 2740 ››
3128 2691 3194 2748 Εἰ
3252 2687 3308 2746 δὲ
3365 2692 3536 2769 ἃγιοι.
3573 2693 3634 2748 οὑ
3671 2696 3860 2768 μικρὸν

2213 2775 2400 2840 αὑτοῖς
2429 2777 2490 2830 τὸ
2531 2775 2821 2851 ἐγκώμιον.
2883 2803 2911 2829 ‹‹
2941 2779 3277 2836 ’Δσπάεασθε
3331 2778 3642 2852 ἀλλήλους.
3678 2806 3700 2829 ιο
3757 2787 3861 2838 Νῦν

2214 2865 2418 2925 πάντας
2450 2864 2639 2936 ἀναμὶξ
2673 2867 2911 2937 τίθησιν,
2939 2863 3032 2921 ’ίνα
3065 2870 3139 2940 μή
3189 2890 3272 2930 τις
3304 2867 3451 2939 λύπη
3486 2873 3708 2944 γένηται
3741 2877 3863 2934 τοῖς

2219 2956 2294 3026 μή
2328 2953 2592 3025 ὀνομαστὶ
2646 2956 3113 3026 μνημονευθεῖσιν.
3147 2981 3175 3008 ‹‹
3215 2959 3303 3014 Ἐν
3333 2957 3610 3037 φιλήματι
3644 2959 3795 3036 ἁγίῳ.
3834 2984 3864 3011 ››

2214 3045 2334 3101 Ἔνι
2365 3043 2472 3118 γὰρ
2529 3043 2618 3097 καὶ
2672 3044 2747 3116 μή
2807 3043 2965 3118 ἁγίῳ.
3029 3068 3057 3096 ‹‹
3107 3046 3659 3120 Ἀσπάζονταιὺςιᾶς.
3696 3076 3715 3102 ι
3755 3050 3864 3106 Οὑκ

2215 3128 2294 3188 ἔτι
2323 3133 2413 3188 τὸν
2461 3130 2605 3186 δεῖνα
2630 3132 2666 3203 ἢ
2698 3134 2789 3187 τὸν
2847 3131 3014 3204 δεῖνα,
3045 3131 3174 3191 ἀλλ’
3203 3136 3606 3208 ὶκοινοποίησεν
3641 3139 3863 3209 αὐτοὺς,

431 3238 642 3312 ~ponit,
675 3253 750 3291 ne
782 3253 914 3306 qua
947 3236 1289 3291 suboriatur
1321 3235 1563 3290 tristitia
1595 3234 1684 3288 his
1703 3249 1956 3304 quorum
1982 3245 2102 3285 non

2213 3224 2296 3293 τὸ,
2335 3245 2356 3271 ι
2389 3223 2578 3294 Ὑμᾶς,
2613 3247 2631 3272 ο
2668 3221 2858 3280 εἰπών.

438 3331 548 3384 est
576 3325 930 3380 nominatim
959 3325 1112 3380 facta
1145 3325 1389 3380 mentio.
1425 3344 1451 3375 υ
1488 3323 1699 3380 Oscqu
1749 3328 1974 3378 sancto.
2009 3341 2038 3369 »
2083 3319 2228 3374 Nam
2282 3315 2459 3371 etiam
2511 3330 2633 3372 non
2677 3321 2884 3371 sancto
2928 3315 3238 3391 contingit.
3278 3340 3308 3369 «
3355 3318 3628 3378 Salutant
3680 3336 3802 3378 vos.
3833 3341 3866 3371 an

441 3415 573 3473 ‘Jam
608 3431 729 3472 non
757 3414 915 3471 hunc
944 3413 1035 3468 vel
1066 3414 1258 3479 lllum,
1293 3413 1390 3467 sed
1429 3412 1588 3482 ipsos
1618 3411 1679 3466 in
1710 3409 2014 3466 communi
2045 3405 2254 3472 univit,
2286 3404 2491 3460 dicens
2530 3425 2557 3452 α
2595 3405 2724 3458 Vos.
2753 3425 2784 3455 »
3127 3427 3130 3431 ~

443 3539 449 3544 -
522 3505 666 3570 XVI,
703 3505 888 3560 i7o20.
925 3525 952 3552 «
987 3502 1240 3559 Obsecro
1273 3507 1471 3558 autem
1499 3517 1620 3566 vos,
1676 3498 1910 3564 fratres,
1961 3513 2107 3553 cou-

459 3618 489 3646 ιι
525 3595 777 3650 siderate
812 3608 911 3647 eos
943 3592 1042 3663 qui
1085 3589 1333 3644 dissidia
1379 3595 1437 3643 et
1484 3588 1842 3644 otTendicula
1893 3594 2109 3659 praeter

465 3705 492 3738 α
523 3683 851 3740 doctrinam
886 3696 1062 3752 quam
1093 3696 1194 3734 vos
1226 3677 1538 3740 didicistis,
1565 3676 1813 3744 faciunt,
1845 3684 1903 3731 et
1932 3675 2107 3731 decli-

459 3794 489 3824 (ι
521 3778 660 3828 nate
690 3770 935 3825 abillis.
981 3770 1125 3823 Nam
1186 3767 1336 3821 tales
1386 3765 1636 3820 Domino
1688 3766 1826 3821 Jesu
1872 3763 2103 3820 Christo

450 3884 481 3914 ‹‹
507 3877 628 3919 non
661 3859 944 3920 serviunt,
978 3856 1080 3912 sed
1115 3872 1220 3910 suo
1269 3855 1455 3911 ventri
1484 3871 1497 3908 :
1549 3861 1606 3909 et
1651 3871 1760 3926 per
1807 3852 2100 3907 blandilo-

443 3973 472 4000 ‹‹
507 3947 816 4020 quentiam
844 3953 902 4001 et
930 3945 1397 4001 assentationem
1421 3943 1730 4016 decipiunt
1760 3941 1940 3998 corda
1969 3941 2106 3997 sim-

453 4059 481 4088 ‹‹
514 4036 780 4109 plicium.
817 4037 960 4092 Nam
993 4041 1184 4090 vestra
1224 4033 1565 4090 obedientia
1603 4032 1676 4088 ad
1709 4048 1918 4088 omnes
1968 4047 2104 4103 per-

448 4149 476 4178 ‹‹
510 4126 790 4184 manavit.
828 4125 1062 4182 Gaudeo
1096 4124 1275 4198 igitur
1303 4129 1542 4196 propter
1571 4140 1692 4180 vos.
1722 4122 1832 4180 Sed
1851 4121 1980 4177 volo
2003 4137 2102 4176 vos

449 4239 480 4270 α
511 4217 754 4289 quidem
787 4217 1085 4289 sapientes
1115 4231 1243 4270 esse
1276 4214 1348 4269 ad
1380 4213 1624 4275 bonum,
1667 4214 1934 4268 sinceros
1964 4227 2100 4266 vero

436 4329 483 4360 .«
512 4306 587 4364 ad
619 4305 864 4362 malum.
897 4307 1050 4361 Deus
1080 4310 1280 4360 autem
1315 4303 1478 4374 pacis
1509 4308 1778 4359 conteret
1825 4303 2101 4358 Satanam

437 4419 480 4449 -α
514 4397 622 4454 sub
654 4396 904 4470 pedibus
934 4395 1142 4451 vestris
1171 4393 1350 4448 brevi.
1383 4393 1582 4449 Gratia
1629 4391 1864 4448 Domini
1910 4388 2098 4447 nostri

451 4511 483 4543 α
514 4490 652 4548 Jesu
681 4486 898 4545 Christi
930 4487 1008 4542 sit
1034 4483 1362 4541 vobiscum.
1397 4504 1426 4532 »

523 4678 745 4734 Novum
769 4689 955 4748 genus
977 4667 1532 4741 c0nsilii.Supplicis
1545 4683 1862 4741 personam
1882 4666 2096 4732 induit,

2192 3847 2392 3916 ,Ἴησοῦ
2441 3853 2660 3922 Χριστῷ

2288 3488 2594 3566 Παρακαλῶ
2692 3487 2750 3546 δὲ
2853 3491 3013 3565 ὑμᾶς.
3089 3491 3342 3572 ἀδελφοὶ,
3419 3503 3637 3554 σκοπεῖν
3740 3497 3864 3560 τοὺς

2211 3579 2307 3641 τας
2376 3576 2731 3653 διχοστασίας
2793 3580 2885 3635 καὶ
2950 3582 3018 3638 τὰ
3080 3579 3356 3638 σκάνδαλα
3421 3586 3566 3660 παρὰ
3630 3588 3730 3655 τήν
3784 3581 3864 3642 δι-

2213 3666 2392 3744 δαχὴν
2448 3670 2514 3738 ἢν
2576 3671 2731 3744 ὑμεῖς
2813 3672 3064 3746 ἱμαοετε,
3149 3679 3459 3740 ποιοῦντας,
3527 3677 3617 3731 καὶ
3677 3677 3862 3733 ἐκκλί-

2209 3778 2333 3814 νατε
2386 3759 2477 3814 ἀπ’
2539 3759 2743 3816 αὐτῶν.
2803 3761 2869 3817 Οἱ
2927 3761 3027 3834 γὰρ
3085 3767 3326 3818 τοιοῦτοι
3374 3769 3453 3837 τῷ
3489 3765 3670 3838 Κυρίῳ
3701 3748 3860 3842 ἡμῶν

2748 3849 2811 3930 οὑ
2899 3847 3275 3920 δουλεύουσιν,
3335 3851 3482 3908 ἀλλὰ
3534 3858 3602 3928 τῇ
3663 3856 3863 3910 ἑαυτῶν

2210 3933 2417 4008 κοιλίᾳο
2477 3935 2567 3990 καὶ
2625 3934 2715 3992 διὰ
2798 3945 2897 4007 τῆς
2966 3940 3386 4018 χρηστολογίας
3445 3943 3534 3997 καὶ
3607 3942 3862 4021 εὐλογίας

2210 4024 2512 4094 ἑξαπατᾶηι
2603 4025 2698 4088 τὰς
2792 4024 3018 4102 καρδίας
3107 4033 3215 4086 τῶν
3306 4029 3540 4100 ἀκάκων.
3629 4033 3693 4089 Ἥ
3755 4033 3862 4107 γὰρ

2212 4114 2364 4185 ὑμῶν
2447 4114 2658 4183 ὑπακοή
2743 4115 2819 4177 εἷς
2901 4117 3106 4180 πάντας
3189 4119 3430 4196 ἀφίκετο.
3509 4122 3696 4195 Χαίρω
3769 4123 3860 4177 οὗν

2207 4203 2270 4260 τὸ
2333 4201 2414 4280 ἐφ’
2483 4203 2632 4274 ὑμῖν’
2721 4201 2866 4267 Θέλω
2911 4202 2916 4208 ’
2955 4201 3013 4261 δὲ
3089 4207 3230 4280 ὑμᾶς
3295 4208 3494 4286 σοφοὺς
3567 4212 3662 4284 μὲν
3725 4212 3865 4268 εἶναι

2209 4289 2288 4355 εἷς
2351 4292 2415 4347 τὸ
2476 4293 2697 4368 ἀγαθὸν,
2743 4294 3044 4371 ,ἀκεραίους
3138 4294 3196 4352 δὲ
3281 4297 3357 4361 είς
3426 4300 3488 4355 τὸ
3551 4303 3736 4361 κακόν.
3803 4303 3864 4360 Ὀ

2210 4378 2267 4436 δὲ
2357 4382 2487 4446 Θεὸς
2576 4389 2676 4452 τῆς
2771 4383 2994 4457 εἰρήνης
3092 4387 3365 4463 συντρίψει
3457 4390 3548 4444 τὸν
3627 4396 3865 4446 Σατανᾶν

2210 4470 2313 4527 ὑπὸ
2341 4471 2470 4533 τοὺς
2524 4469 2694 4535 πόδας
2755 4472 2909 4542 ὑμῶν
2971 4473 3021 4528 ἐν
3079 4474 3257 4550 τάχει.
3317 4477 3380 4535 Ἠ
3436 4479 3598 4553 χάρις
3628 4483 3724 4536 τοῦ
3757 4482 3863 4538 Κυ-

2211 4559 2332 4636 ρίου
2362 4562 2524 4632 ἡμῶν
2556 4562 2738 4630 Ἰησοῦ
2769 4563 3012 4635 Χριστοῦ
3044 4564 3162 4636 μεθ’
3187 4565 3362 4637 ὑμῶν.

2277 4667 2445 4723 Ξένον
2479 4665 2626 4730 εἶδος
2661 4663 3007 4740 συμϐουλῆς.
3071 4671 3274 4727 Ἱκέτου
3331 4673 3436 4749 γὰρ
3494 4672 3660 4731 ὑπέδυ
3691 4676 3863 4752 πρόσ-

434 4771 521 4825 ·ἐο
548 4769 759 4823 fratres
789 4771 956 4820 vocat
991 4762 1176 4818 multo
1209 4777 1341 4816 cum
1378 4761 1619 4814 honore.
1656 4782 1680 4808 ‹‹
1717 4757 2099 4816 Considerate

2212 4777 2381 4826 ωπον,
2411 4757 2498 4812 καὶ
2530 4754 2799 4836 ἀδελφοὺς
2859 4758 3021 4814 καλεῖ
3081 4760 3216 4833 μετὰ
3272 4762 3492 4833 πολλῆς
3539 4772 3638 4833 τῆς
3671 4775 3857 4840 τιμῆς.

456 4872 557 4913 eos
587 4857 684 4926 qui
718 4854 978 4908 dissidia.
1020 4874 1048 4902 »ι
1077 4849 1454 4907 Scrutamini.
1513 4848 1727 4920 inquit,
1781 4864 1847 4903 ac
1907 4847 2102 4920 perdi-

436 4942 899 5001 -scite.Ostendit
913 4947 1110 4996 autem
1133 4939 1429 4994 fallaciam
1455 4938 1786 5001 illorum,et
1801 4936 1958 5008 quod
1982 4952 2102 4992 non

455 5034 653 5108 palam
676 5030 1066 5086 ostendantur
1096 5045 1224 5083 esse
1257 5028 1546 5085 scelerati.
1584 5028 1650 5082 Et
1681 5027 1753 5083 ad
1787 5027 2103 5082 maximam

457 5121 736 5179 Ecclesiae
755 5117 1201 5174 subversionem
1216 5117 1474 5189 estquod
1488 5116 1978 5172 discriminentur
1995 5131 2028 5169 a
2042 5131 2102 5170 se

458 5211 738 5270 invicem.
766 5229 790 5257 ι
829 5209 899 5262 Et
925 5205 1300 5264 otl‘endicula.
1338 5229 1365 5254 ››
1398 5208 1537 5260 Post
1567 5205 1815 5261 dissidia
1845 5219 2103 5276 namque

459 5298 920 5377 patetintroitus
945 5294 1337 5352 oﬂ‘endiculis.
1373 5294 1521 5360 Quid
1554 5301 1750 5351 autem
1774 5293 1894 5349 sint
1918 5295 2102 5349 otl'en-

464 5390 1136 5460 diculainterpretatur:
1165 5385 1368 5452 Sectae,
1401 5385 1617 5456 inquit,
1651 5389 1864 5456 prater
1884 5383 2105 5439 doctri-

461 5496 601 5538 nam
657 5484 923 5535 nostram
978 5473 1348 5530 introducta.
1413 5496 1440 5522 (ι
1493 5473 1604 5528 Sed
1659 5490 1762 5529 suo
1816 5471 2026 5528 ventri.
2073 5493 2100 5523 »

465 5571 680 5628 Omnes
704 5569 861 5624 enim
887 5572 1059 5621 secta:
1083 5580 1150 5618 ac
1181 5561 1541 5618 oilendicula
1572 5562 1707 5617 inde
1731 5565 2102 5633 proveniunt,

466 5659 624 5734 quod
655 5659 927 5715 homines
953 5650 1262 5709 affectibus
1320 5649 1721 5721 obsequantur
1771 5667 1836 5705 ac
1888 5654 2105 5713 ventri.

2214 4871 2240 4897 «
2280 4852 2509 4901 Σκοπεῖν
2538 4847 2664 4908 τοὺς
2721 4849 2815 4910 τὰς
2873 4845 3248 4923 διχοστασίας.
3281 4873 3307 4906 ι
3371 4853 3647 4926 Ἐρευνᾷν,
3706 4858 3861 4932 φησέ,

2216 4959 2245 4987 «
2273 4938 2363 4992 καὶ
2397 4936 2838 5011 καταμανθάνειν.
2874 4940 3120 4994 Δείκνυσι
3179 4938 3234 4996 δὲ
3284 4943 3348 4997 τὸ
3405 4941 3634 5019 δολερὸν
3668 4947 3861 5004 αὑτῶνι

2213 5026 2302 5080 καὶ
2334 5025 2418 5081 ὅτι
2465 5027 2530 5080 οὑ
2588 5025 2833 5101 γίνονται
2890 5027 3197 5098 κατάδηλοι
3238 5034 3470 5107 πονηροὶ
3506 5030 3677 5096 ὄντες.
3715 5038 3862 5107 Αὕτη

2211 5113 2316 5190 γὰρ
2377 5114 2617 5187 μάλιστα
2675 5115 3002 5186 Ἐκκλησίας
3083 5117 3385 5193 ἀνατροπὴ,
3445 5123 3508 5178 τὸ
3572 5122 3864 5198 διῃρῆσθαι

2212 5204 2302 5258 ἀπ’
2333 5202 2618 5274 ἀλλήλων.
2682 5229 2709 5257 (ι
2742 5206 2844 5260 Καὶ
2902 5205 2968 5260 τὰ
3025 5205 3321 5270 σκάνδαλα,
3357 5233 3383 5260 ››
3449 5214 3596 5270 Μετᾶ
3626 5215 3731 5289 γὰρ
3764 5216 3866 5283 τήν

2213 5289 2584 5366 διχοστασίαν,
2646 5291 2855 5349 εἶ’σοδον
2911 5295 3145 5369 εὑρίσκει
3220 5301 3286 5353 τὰ
3355 5298 3650 5360 σκάνδαλα.
3713 5301 3865 5358 Τίδὲ

2213 5381 2324 5440 ἐστι
2379 5386 2446 5439 τὰ
2495 5382 2790 5456 σκάνδαλα,
2849 5385 3152 5461 ὲρμηνεύει.
3204 5389 3472 5464 Αἱρέσεις,
3530 5393 3681 5472 φησί,
3713 5393 3859 5462 παρᾶ

2211 5476 2310 5542 τήν
2357 5471 2589 5550 διδαχὴν
2659 5477 2822 5548 ἡμῶν
2893 5475 3252 5536 ἐπεισιοῦσαι.
3293 5505 3318 5531 ιι
3355 5471 3630 5557 ama-cf.
3663 5483 3866 5538 ἑαυτῶν

2213 5564 2418 5623 κοιλίὺ,
2482 5591 2509 5616 ››
2563 5568 2628 5622 Αἱ
2683 5567 2784 5640 γὰρ
2842 5567 3073 5641 αἱρέσεις
3126 5575 3289 5623 πᾶσαι
3350 5573 3534 5627 καὶτὰ
3569 5572 3874 5640 σκάνδαλα,

2215 5654 2318 5709 ἀπὸ
2351 5659 2446 5710 τοῦ
2477 5651 2752 5712 δουλεύειν
2793 5656 2984 5722 πάθεσι
3039 5658 3124 5712 καὶ
3183 5660 3392 5737 γαστρί.
3423 5661 3528 5718 Διό
3559 5684 3742 5740 φησιν,
3776 5665 3868 5721 ὅτι
