4198 6200
424 329 542 390 535
1543 316 1971 381 (ECUMENII
2014 314 2322 379 meo):
2366 319 2721 382 EPISCOPI
3706 313 3831 379 636

427 476 667 521 manem
710 454 1122 514 concludit-tn
1156 453 1602 525 precationem,
1642 474 1662 500 ι
1701 450 1920 518 Gratia,
1977 450 2069 505 in-

2186 448 2409 506 ταπαύει
2441 451 2532 508 τὸν
2572 450 2737 525 λόγον
2768 453 3071 526 προσεικῶς
3127 448 3206 513 εἰ(
3259 449 3449 529 εὐχήν.
3511 472 3541 502 α
3571 448 3634 505 Ἦ
3663 448 3831 528 χάρις

428 553 572 624 quit,
600 546 982 603 DominiJesu
1013 543 1227 599 Christi
1272 564 1298 593 ιι
1327 547 1498 598 Amat
1514 543 1673 599 enim
1700 558 1936 613 semper
1959 540 2074 597 hoc

2185 547 2277 595 τοῦ
2309 542 2509 615 Κυρίνο
2544 545 2702 614 ἡμῶν
2762 545 2943 613 Ἰησοῦ
2973 544 3263 616 Χριστοῦ.»
3295 540 3508 610 Ταύτην
3540 541 3640 616 γὰρ
3671 541 3832 613 θεμέ-

426 654 645 712 ponere
676 635 1154 703 fundamentum,
1179 635 1426 707 parique
1459 633 1636 689 modo
1667 632 1827 688 hunc
1852 647 2073 704 ponere

425 727 771 783 terminum.

423 818 595 879 Finis,
630 816 818 870 divino
845 818 1067 887 favente
1094 815 1329 877 auxilio,
1362 814 1618 885 Epistola
1672 812 1745 867 ad
1774 814 2068 867 Romanos.

423 940 652 1013 Scripta
684 946 774 997 est
802 958 836 997 ο,
864 942 1145 997 Corintho
1176 957 1283 1012 per
1303 939 1561 995 Phoeben
1596 938 1933 995 ministram
1966 937 2072 994 Ec-

905 1031 1101 1087 clesiaa
1141 1030 1590 1087 Cenchreensis.

2183 632 2328 703 λιον,
2352 633 2554 703 ταύτην
2587 630 2711 709 ὅρον
2740 632 2823 689 ἀεὶ
2853 639 3029 689 ποιεῖν
3062 632 3215 703 αὐτῷ
3245 631 3426 710 φίγον.

2252 805 2426 868 Τέλος
2460 804 2552 861 σὺν
2596 811 2713 878 Θεῷ
2762 811 2863 874 τῆς
2913 805 3049 880 πρὸς
3102 803 3414 876 Ῥωμαίους
3472 802 3820 869 Ἐπιστολῆς.

2183 931 2424 1011 Ἐγράφη
2458 931 2565 988 ἀπὸ
2595 933 2861 1005 Κορίνθου
2892 928 2983 986 δ.ἁ
3012 923 3222 1001 Φοίϐης
3263 934 3363 996 τῆς
3422 924 3671 982 διακόνου
3728 932 3831 995 τῆς

2622 1020 2675 1078 ἰν
2710 1022 3018 1096 Κεγχρεαῖς
3047 1017 3405 1089 Ἐκκλησίας.

424 1184 3831 1245 ____—w—E_M——=

427 1231 1696 1241 ,______________wiﬁ
1819 1231 1825 1232 ,
1979 1231 2022 1233 -,

1812 1382 2442 1483 ΥΠΟΘΕΣΙΣ

1313 1602 1456 1663 ΤΗΣ
1508 1600 1692 1664 ΠΡΟΣ
1743 1599 2167 1665 ΚΟΡΙΝΘΙΟΥΣ
2210 1598 2480 1660 ΗΡΩΤΠΣ
2522 1594 2942 1658 ΕΠΙΣΤΟΛΗὲ.

1679 1986 2597 2086 ARGUMENTUM

1479 2177 1762 2241 PRIORIS
1799 2178 1896 2239 AD
1945 2178 2362 2241 CORINTHIOS
2398 2178 2773 2241 ΕΡΙετοιιε.

497 2446 652 2499 au
684 2444 939 2501 Hanc‘ab
966 2443 1192 2517 Epheso
1214 2444 1447 2500 civitate
1468 2444 1621 2501 Asiae
1655 2444 1881 2513 scribit,
1936 2461 2071 2504 cum

2251 2445 2459 2515 Ταύτην
2490 2444 2811 2501 ἱπιστὲλλει
2841 2445 2949 2500 ἀπὸ
2996 2442 3221 2525 Ἐφέσου
3276 2449 3375 2511 τῆς
3430 2444 3636 2507 Ἀσίας,
3669 2443 3848 2515 ἑωρα-

419 2535 547 2605 jam
571 2551 672 2589 eos
696 2534 1079 2589 etvidissetet
1101 2534 1434 2601 docuisset;
1455 2534 1565 2591 hac
1586 2535 1785 2606 itaque
1812 2535 2075 2606 Epistola

427 2640 724 2680 memores
754 2640 854 2679 eos
886 2623 1097 2679 reddit.
1133 2625 1233 2679 Est
1262 2630 1457 2680 autem
1510 2624 1620 2679 hoc
1649 2624 1919 2696 Epistolas
1972 2629 2073 2678 Ar-

426 2720 791 2786 gumentum.
828 2713 1116 2768 Corinthii
1164 2714 1537 2770 contensiose
1569 2714 1905 2786 congregati
1938 2730 2077 2769 sen-

430 2803 631 2858 tentiis
655 2802 1088 2868 dividebantur,
1122 2809 1181 2858 et
1201 2804 1331 2874 jam
1363 2809 1533 2860 erant
1581 2804 1737 2858 inter
1766 2820 1867 2858 eos
1898 2803 2075 2858 dissi-

425 2892 539 2947 dia.
565 2894 829 2963 Cumque
851 2892 1174 2948 divisiones
1193 2899 1412 2961 essent,
1432 2892 1828 2949 connivebant
1847 2908 1982 2948 cum
2007 2908 2074 2947 eo

427 2983 528 3053 qui
561 2998 869 3037 novercam
902 2982 1104 3039 uxoris
1123 2982 1251 3039 loco
1270 2988 1596 3055 acceperat.
1623 2983 1736 3038 Alii
1761 2998 1897 3038 vero
1920 2999 2071 3038 con-

425 3072 689 3128 tinentiae
706 3078 989 3144 praetextu
1016 3073 1283 3144 proprias
1304 3071 1658 3129 deserebant
1680 3089 1895 3130 uxores
1917 3090 1929 3127 :
1951 3072 2074 3144 qui-

428 3160 563 3217 dam
596 3169 793 3216 autem
818 3163 878 3216 in
909 3162 1147 3233 templis
1170 3162 1465 3220 idolorum
1490 3162 1765 3221 edebant.
1789 3162 2076 3218 habentes

425 3265 495 3305 ea
516 3266 645 3320 quae
670 3250 845 3304 idolis
868 3250 1764 3308 immolabanturindiﬂ‘erentia.
1789 3252 1901 3306 Alii
1926 3267 2077 3324 prm-

427 3346 531 3392 ter.
555 3355 589 3392 a
620 3354 721 3393 eos
745 3340 845 3409 qui
878 3340 1097 3413 linguis
1135 3340 1527 3413 loquerentur
1571 3342 1632 3396 in
1685 3342 2076 3397 admiratione

425 3426 734 3493 habentes,
770 3433 1016 3483 caeteros
1048 3428 1472 3500 despiciebant.
1510 3431 1777 3502 Denique
1799 3432 2080 3488 errabant

429 3516 608 3572 etiam
668 3517 825 3573 circa
874 3520 1327 3575 resurrectionis
1377 3521 1748 3590 mysterium,
1807 3519 2076 3577 dicentes

430 3620 669 3662 carnem
704 3605 857 3661 hanc
884 3622 1003 3661 non
1040 3609 1401 3663 resuscitari.
1456 3609 1555 3664 His
1613 3608 1889 3666 omnibus
1919 3609 2076 3680 apud

428 3694 800 3751 Corinthium
858 3696 1169 3751 commotis
1204 3736 1218 3758 .
1308 3696 1509 3769 populi
1575 3697 1751 3753 vicini
1809 3698 2079 3753 scribunt

2183 2535 2294 2597 κὼς
2325 2534 2517 2597 αὐτοὺς
2572 2532 2681 2604 ἤδη
2732 2533 2819 2589 καὶ
2852 2530 3087 2605 διδάξας.
3122 2534 3556 2607 ὑπομιμνήσκων
3589 2529 3647 2586 δὶ
3680 2532 3840 2603 ὅμως

2186 2621 2274 2680 διά
2301 2632 2402 2693 τῆς
2434 2622 2768 2692 Ἐπιστολῆς
2801 2625 3023 2693 ταύτης.
3055 2624 3117 2680 Ἣ
3146 2620 3204 2677 δὲ
3235 2622 3501 2702 πρόφασις
3546 2628 3646 2690 τῆς
3676 2621 3833 2677 Ἑπι-

2185 2712 2388 2781 στολῆς
2420 2714 2577 2786 αὕτη⁸
2614 2714 2894 2786 Κορίνθιοι
2940 2712 3000 2768 ἐκ
3056 2712 3391 2786 φιλονεικίας
3453 2713 3835 2786 συναγόμενοι,

2184 2803 2469 2876 ἐσχίζοντο
2511 2807 2628 2864 ταῖς
2681 2803 2952 2877 γνώμαις,
3011 2801 3100 2857 καὶ
3161 2799 3359 2856 λοιπὸν
3416 2800 3484 2869 ἦν
3548 2798 3601 2856 ἐν
3657 2799 3845 2861 αὐτοῖς

2187 2893 2483 2968 σχίσματα.
2516 2894 2617 2951 Καὶ
2666 2890 2833 2949 ὅντων
2888 2896 2995 2946 τῶν
3052 2890 3370 2966 σχισμάτων
3430 2884 3839 2959 παρεϐλέποντο

2183 2983 2274 3037 τὸν
2311 2977 2548 3037 λαϐόντα
2578 2983 2675 3050 τήν
2719 2983 3007 3056 μητρυιάν.
3070 2978 3246 3036 Λλλοι
3307 2976 3366 3035 δὶ
3420 2976 3619 3049 ἤθελον
3675 2998 3837 3033 κατα-

2187 3072 2479 3145 λιμπάνειν
2525 3073 2619 3135 τὰς
2670 3068 2811 3132 ἰδίας
2841 3076 3116 3146 γυναῖκας,
3166 3068 3431 3146 προφάσει
3487 3070 3587 3135 τῆς
3645 3066 3839 3142 ἐγκρα-

2185 3164 2348 3226 τείας.
2383 3163 2539 3223 Τινές
2599 3159 2656 3218 δὶ
2685 3160 2737 3217 ἐν
2767 3158 3073 3221 εἰδωλείοις
3128 3156 3341 3227 ἤσθιον,
3402 3158 3476 3220 ὡς
3524 3154 3837 3237 ἀδιαφόρων

2186 3249 2356 3306 ὄντων
2383 3256 2492 3305 τῶν
2534 3247 2933 3314 εἰδωλοθύτων.
2968 3246 3173 3305 ’Ἄλλοι
3232 3245 3309 3319 δὶ,
3343 3248 3471 3309 τοὺς
3506 3249 3600 3319 μὶν
3631 3244 3840 3308 ἄλλους

2184 3338 2521 3414 ὶξουθὲνουν,
2550 3339 2676 3401 τοὺς
2716 3338 2774 3395 δὶ
2823 3337 3126 3400 λαλοῦντας
3180 3336 3454 3412 γλώσσαις
3513 3336 3839 3408 ἐθαύμαζον.

2186 3430 2285 3485 Καὶ
2343 3428 2536 3499 τέλος,
2592 3429 2878 3501 ἡπάτηντο
2924 3428 3016 3483 καὶ
3074 3427 3149 3489 εἷς
3200 3428 3261 3483 τὸ
3320 3426 3443 3501 περὶ
3501 3424 3841 3486 ἀναστάσεως

2188 3521 2513 3593 μυστήριον,
2547 3517 2797 3593 λέγοντες
2858 3520 2933 3592 μὴ
2996 3517 3293 3592 δγείρεσθαι
3349 3517 3451 3585 τήν
3503 3516 3676 3592 σάρκα
3702 3514 3835 3570 ταύ-

2183 3629 2306 3678 την.
2347 3608 2562 3663 Τούτων
2618 3606 2833 3664 πάντων
2892 3607 2945 3661 ἐν
3005 3606 3233 3681 Κορίνθη
3286 3604 3641 3680 κινουμένων,
3698 3604 3831 3679 γρά-

2186 3717 2372 3775 φουσιν
2403 3698 2453 3752 οἱ
2487 3697 2611 3751 λαοὶ
2638 3701 2718 3769 τῷ
2750 3692 3095 3768 Ἀπόστολῳ.
3134 3695 3231 3750 Καὶ
3265 3694 3461 3750 λοιπὸν
3496 3693 3631 3768 πρὸς
3662 3692 3841 3748 πάντα

430 3785 745 3857 Apostolo:
783 3790 839 3841 et
861 3800 1019 3841 nunc
1042 3785 1115 3840 ad
1138 3785 1371 3858 singula
1402 3785 1694 3841 rescribit.
1726 3788 1795 3843 Et
1817 3787 2074 3858 primum

2186 3788 2548 3861 ἀντιγράφει.
2613 3787 2713 3844 Καὶ
2765 3791 2981 3862 πρῶτον
3039 3786 3153 3859 μὶν,
3216 3789 3478 3861 μαρτυρεῖ
3533 3784 3720 3844 αὐτοῖς
3776 3779 3828 3838 ἂν

431 3876 671 3947 quidem
701 3876 816 3931 fert
839 3875 1241 3931 testimonium
1266 3875 1338 3930 de
1374 3874 1692 3948 prudentia
1743 3882 1918 3948 atque
1977 3893 2074 3932 co-

427 3964 690 4037 gnitione
721 3966 1028 4037 ipsorum:
1087 3980 1197 4019 nec
1255 3980 1355 4020 eos
1411 3965 1624 4039 recipit
1678 3965 1779 4037 qui
1828 3965 2076 4022 dissidia

430 4051 782 4108 excitabant.
821 4055 1112 4109 Prwterea
1143 4054 1349 4112 suadet
1380 4071 1500 4111 non
1546 4055 1607 4111 in
1640 4071 1934 4119 sermone,
1969 4055 2073 4112 sed

427 4143 489 4197 in
522 4157 699 4211 opere
730 4146 789 4197 et
808 4142 1019 4199 virtute
1052 4144 1374 4200 existimari
1408 4145 1579 4201 sitam
1612 4162 1739 4202 esse
1775 4146 2069 4203 virtutem.

430 4229 653 4287 Deinde
682 4230 784 4287 ubi
813 4231 985 4289 illum
1016 4232 1383 4305 increpasset
1406 4235 1507 4307 qui
1546 4250 1858 4292 novercam
1908 4250 2072 4291 acce-

430 4326 637 4393 perat:
671 4320 1000 4394 fuissetque
1048 4322 1413 4388 adhortatus,
1448 4340 1525 4381 ne
1556 4324 1689 4381 lites
1722 4341 1790 4381 ac
1843 4324 2075 4396 judicia

428 4412 586 4467 inter
615 4427 677 4467 se
708 4410 1017 4478 haberent,
1068 4419 1504 4484 consequenter
1532 4414 1606 4470 ad
1654 4429 1725 4471 ea
1753 4414 2076 4487 respondet

430 4516 561 4571 qua:
594 4501 973 4573 scripserant,
1009 4500 1080 4556 de
1110 4504 1334 4575 nuptiis
1390 4504 1652 4573 quidem.
1712 4503 2073 4561 indivisibile

429 4606 558 4646 esse
583 4592 962 4663 conjugium:
1010 4590 1082 4646 ad
1116 4599 1351 4663 tempus
1380 4600 1579 4651 autem
1632 4596 1780 4651 415
1818 4599 2072 4660 tantum,

424 4684 491 4737 ut
514 4679 904 4747 abstinerent,
933 4695 1049 4751 quo
1081 4681 1333 4737 orationi
1360 4689 1655 4738 vacarent.
1691 4686 1906 4739 Verum
1938 4699 2073 4743 cum

427 4767 516 4822 illi
548 4770 974 4825 continentiam
1006 4777 1298 4831 amarent.
1332 4770 1404 4826 de
1458 4772 1789 4841 virginitate
1846 4773 2070 4829 scribit.

432 4858 551 4912 Hoc
575 4873 693 4913 non
724 4859 796 4912 ad
822 4861 1259 4927 necessitatem,
1293 4862 1507 4933 inquit,
1534 4862 1635 4917 sed
1665 4863 1914 4919 consilio
1950 4864 2071 4919 ﬁat.

434 4947 812 5002 Postmodum
845 4948 917 5003 de
984 4949 1076 5004 his
1129 4966 1260 5021 quas
1317 4951 1493 5006 idolis
1559 4952 1965 5018 immolantur,
1998 4969 2071 5009 ne

430 5034 679 5090 scientia
707 5035 1045 5097 abutantur.
1092 5039 1195 5093 sed
1228 5040 1289 5094 in
1322 5046 1527 5097 mutua
1555 5040 1875 5097 dilectione
1932 5058 2071 5099 con-

426 5131 751 5182 versentur.
780 5126 1063 5183 Prohibet
1086 5129 1285 5201 itaque
1310 5129 1437 5186 ﬁeri
1460 5132 1721 5188 convivia
1750 5132 1811 5188 in
1835 5133 2073 5205 templis

2188 3878 2443 3956 φρονήσει
2500 3877 2590 3932 καὶ
2677 3878 2895 3951 γνώσει·
2984 3876 3087 3933 οὐκ
3148 3873 3477 3951 ἀποδέχεται
3530 3871 3587 3929 δὲ
3636 3872 3840 3934 αὐτοὺς

2185 3971 2471 4030 ποιοῦντας
2520 3970 2818 4045 σχίσματα,
2874 3966 3022 4024 ἀλλὰ
3075 3968 3165 4023 καὶ
3224 3961 3607 4039 συμϐουλευει,
3667 3964 3741 4035 μὴ
3777 3962 3831 4018 ὲν

2186 4054 2338 4131 λόγῳ
2366 4060 2464 4125 τήν
2498 4058 2715 4131 ἀρετὴν,
2744 4056 2870 4115 ἀλλ’
2893 4058 2943 4113 ἐν
2978 4052 3121 4132 ἔργῳ
3149 4056 3242 4113 καὶ
3300 4055 3522 4127 δυνάμει
3552 4058 3829 4132 ἡγεῖσθαι.

2186 4148 2415 4205 Ἔπειτα
2456 4147 2783 4221 ἐπιτιμήσας
2835 4152 2914 4219 τῷ
2970 4150 3069 4216 τὴν
3133 4145 3397 4219 μητρυιὰν
3434 4139 3682 4209 λαϐόντι,
3739 4142 3832 4197 καὶ

2187 4238 2504 4313 παραινέσας
2542 4239 2616 4310 μὴ
2648 4230 2795 4313 ἔχειν
2834 4237 3078 4311 κρίματα
3134 4236 3270 4310 πρὸς
3327 4232 3573 4303 ἑαυτοὺς,
3635 4231 3827 4288 λοιπὸν

2185 4327 2309 4401 περὶ
2339 4328 2412 4383 ὧν
2468 4325 2700 4403 ἔγραψαν
2754 4326 3126 4401 ἀποκρίνεται,
3158 4325 3280 4399 περὶ
3343 4326 3438 4397 μὶν
3491 4327 3593 4378 τοῦ
3648 4321 3832 4400 γάμου

2187 4413 2454 4472 διδάσκων
2489 4414 2758 4490 ἅιῗρηκτον
2814 4414 2949 4471 εἶναι
3004 4417 3103 4485 τὴν
3160 4412 3437 4491 συζυγία-ι,
3465 4412 3555 4466 καὶ
3579 4410 3630 4466 ἐν
3662 4413 3836 4486 καιρῷ

2191 4502 2341 4579 μὸνῳ
2371 4505 2687 4579 σχολάζειν,
2722 4502 2811 4561 διὰ
2865 4506 2934 4573 τὴ
2967 4506 3161 4581 εὐχήν.
3220 4504 3317 4561 Διὰ
3381 4501 3440 4558 δὶ
3497 4502 3559 4557 τὸ
3616 4500 3827 4576 ἀγαπᾷν

2186 4593 2380 4657 αὐτοὺς
2406 4596 2505 4664 τὴν
2550 4592 2885 4667 ἐγκράτειαν,
2942 4594 3136 4670 γράφει
3193 4591 3317 4666 περὶ
3370 4590 3679 4666 παρθενίας.
3740 4587 3828 4645 ὅτι

2186 4682 2263 4742 Οὔ
2295 4684 2429 4739 κατὰ
2460 4684 2714 4757 ἀνάγκην*
2746 4680 2895 4739 ἀλλὰ
2931 4684 3118 4739 πειθοῖ
3169 4686 3329 4738 τοῦτο
3384 4679 3615 4756 γινέσθω
3693 4679 3830 4735 Εἶτα

2186 4773 2309 4847 περὶ
2340 4778 2445 4829 τῶν
2477 4770 2875 4837 εἰδωλοθύτων,
2906 4770 2997 4827 ’ἕνα
3032 4774 3108 4844 μὴ
3148 4776 3531 4850 καταχρῶνται
3588 4773 3656 4842 τῇ
3686 4769 3830 4842 γνώ-

2187 4883 2288 4925 σει,
2320 4860 2467 4918 ἀλλὰ
2496 4866 2564 4936 τῇ
2594 4862 2776 4938 ἀγάπῃ
2809 4860 3227 4920 πολιτιῦωνται.
3274 4859 3494 4917 Κωλύει
3538 4859 3631 4914 οὗν
3682 4858 3749 4914 τά
3779 4856 3832 4913 ἰν

2186 4948 2455 5020 εἰδωλείῳ
2486 4952 2784 5022 συμπόσια,
2823 4947 2916 5005 ἵνα
2970 4952 3044 5023 μὴ
3102 4947 3564 5019 σκανδαλίζωνται
3623 4948 3676 5002 οἱ
3740 4968 3831 5019 μι-

2183 5042 2327 5115 κροί.
2367 5040 2497 5097 Εἶτα
2522 5040 2645 5113 περὶ
2699 5045 2806 5095 τῶν
2864 5043 3241 5111 πνευματικῶν
3294 5039 3651 5117 χαρισμάτων
3698 5036 3833 5113 γρά-

2187 5151 2295 5209 φει,
2344 5128 2433 5183 ἳνα
2492 5130 2567 5201 μή
2625 5126 2981 5209 διαφέρωνται
3034 5128 3086 5184 ἐν
3142 5132 3259 5189 τοῖς
3314 5127 3641 5202 χαρίσμασι,
3688 5125 3834 5197 μηέὶ

422 5212 742 5274 idolorum.
775 5230 848 5270 ne
876 5214 1078 5286 pusilli
1101 5217 1501 5276 otTendantur.
1526 5219 1747 5275 Exinde
1773 5220 1979 5275 scribit
2000 5219 2072 5276 de

2185 5220 2515 5296 προκρίνωσι
2546 5222 2639 5275 τὸν
2696 5218 2896 5299 ἔχοντα
2952 5217 3401 5295 χάρισματόδε,
3451 5222 3548 5273 τοῦ
3604 5216 3833 5293 ἔχοντος

426 5302 836 5375 spiritualibus
865 5302 1059 5369 donis,
1086 5321 1160 5361 ne
1198 5306 1271 5362 ob
1303 5307 1458 5363 dona
1480 5308 1845 5365 dissideant:
1880 5324 2074 5382 neque

2185 5310 2326 5369 τοδε.
2364 5312 2538 5367 Πάντα
2560 5313 2663 5385 γάρ
2716 5318 2813 5369 τοῦ
2865 5311 3030 5367 αὐτοῦ
3060 5311 3403 5385 ζᾘνιύματος
3463 5310 3597 5367 εἶναι
3657 5308 3829 5384 λέγει.

427 5390 611 5448 istum
637 5392 736 5463 qui
760 5392 871 5449 hoc
897 5393 1073 5449 habet
1094 5394 1316 5454 donum
1347 5397 1401 5455 ei
1425 5405 1773 5471 praeponant
1802 5399 1902 5469 qui
1927 5396 2074 5456 illud

2186 5401 2289 5461 Καὶ
2348 5400 2542 5456 λοιπὸν
2597 5401 2720 5475 περὶ
2778 5400 3119 5465 ἀναστάσεως
3166 5397 3431 5468 διδάσκει,
3486 5400 3569 5456 ὅτι
3612 5400 3645 5467 ἡ
3700 5397 3829 5467 σάρξ

430 5479 628 5541 habet.
662 5483 806 5538 Nam
836 5483 1037 5540 omnia
1067 5485 1335 5556 ejusdem
1367 5485 1511 5542 dicit
1540 5503 1669 5543 esse
1699 5487 1970 5559 Spiritus.
2004 5488 2075 5542 Et

2185 5489 2480 5565 ὶγεέρεται,
2538 5491 2957 5559 ἀποθνῄσκουσα
3018 5489 3110 5561 μὶν
3166 5490 3346 5565 σαρκὶ,
3406 5484 3727 5563 ἕγειρομάνη
3770 5482 3829 5543 δὶ

428 5568 670 5628 tandem
697 5571 769 5628 de
801 5574 1236 5631 resurrectione
1268 5574 1438 5631 docet
1471 5592 1708 5632 carnem
1739 5592 2069 5650 resurgere.

2185 5578 2449 5660 ἔιρθαρτος
2497 5579 2663 5651 κατὰδη
2689 5580 2787 5649 τήν
2819 5582 2915 5633 τοῦ
2946 5594 2967 5650 ξ
2976 5582 3215 5655 Χριστοῦ
3265 5577 3450 5655 χάριν.
3477 5579 3586 5648 Τὴν
3615 5573 3824 5649 δὶαάνᾶ·

428 5656 568 5731 quia
594 5660 846 5721 moritur
867 5662 1110 5736 quidem
1140 5663 1545 5736 corruptibilis
1576 5680 1734 5733 caro,
1762 5665 1951 5740 surgit
1968 5680 2069 5725 au-

2185 5656 2389 5739 σσασιν,
2420 5666 2527 5723 ἀπὸ
2584 5671 2682 5724 τοῦ
2736 5664 3029 5747 ἆγηγάρθαι
3085 5668 3177 5725 τὸν
3236 5670 3467 5740 Χριστον
3521 5664 3827 5738 συνίστησι.
