  <div class='ocr_page' id='page_1' title='image "/cluster/home/n/w/nwhite01/storage/ocr_20150623/118/hvd.32044073502247/324.png"; bbox 0 0 4188 6196; ppageno 0'>
   <div class='ocr_carea' id='block_1_1' title="bbox 388 332 516 397">
    <p class='ocr_par' dir='ltr' id='par_1_1' title="bbox 388 332 516 397">
     <span class='ocr_line' id='line_1_1' title="bbox 388 332 516 397; baseline -0.016 -1"><span class='ocrx_word' id='word_1_1' title='bbox 388 332 516 397; x_wconf 75' lang='lat'><strong>037</strong></span> 
     </span>
    </p>
   </div>
   <div class='ocr_carea' id='block_1_2' title="bbox 1507 322 2731 391">
    <p class='ocr_par' dir='ltr' id='par_1_2' title="bbox 1507 322 2731 391">
     <span class='ocr_line' id='line_1_2' title="bbox 1507 322 2731 391; baseline -0.007 -1"><span class='ocrx_word' id='word_1_2' title='bbox 1507 326 1922 391; x_wconf 72' lang='lat' dir='ltr'><strong>COMMENT.</strong></span> <span class='ocrx_word' id='word_1_3' title='bbox 1968 324 2047 387; x_wconf 82' lang='lat' dir='ltr'><strong>IN</strong></span> <span class='ocrx_word' id='word_1_4' title='bbox 2091 322 2337 385; x_wconf 77' lang='lat' dir='ltr'><strong>EPIST.</strong></span> <span class='ocrx_word' id='word_1_5' title='bbox 2383 322 2496 385; x_wconf 79' lang='lat' dir='ltr'><strong>AD</strong></span> <span class='ocrx_word' id='word_1_6' title='bbox 2542 323 2731 385; x_wconf 64' lang='lat' dir='ltr'><strong>R031.</strong></span> 
     </span>
    </p>
   </div>
   <div class='ocr_carea' id='block_1_3' title="bbox 3684 324 3803 386">
    <p class='ocr_par' dir='ltr' id='par_1_3' title="bbox 3684 324 3803 386">
     <span class='ocr_line' id='line_1_3' title="bbox 3684 324 3803 386; baseline 0.025 -3"><span class='ocrx_word' id='word_1_7' title='bbox 3684 324 3803 386; x_wconf 75' lang='lat'><strong>638</strong></span> 
     </span>
    </p>
   </div>
   <div class='ocr_carea' id='block_1_4' title="bbox 392 460 2056 542">
    <p class='ocr_par' dir='ltr' id='par_1_4' title="bbox 392 460 2030 542">
     <span class='ocr_line' id='line_1_4' title="bbox 392 460 2030 542; baseline -0.005 -16"><span class='ocrx_word' id='word_1_8' title='bbox 392 470 494 526; x_wconf 80' lang='grc' dir='ltr'><strong>Καὶ</strong></span> <span class='ocrx_word' id='word_1_9' title='bbox 530 467 691 525; x_wconf 76' lang='grc' dir='ltr'>τὲλπι</span> <span class='ocrx_word' id='word_1_10' title='bbox 743 468 1157 542; x_wconf 74' lang='grc' dir='ltr'>παραινετικοὸς</span> <span class='ocrx_word' id='word_1_11' title='bbox 1220 463 1420 541; x_wconf 76' lang='grc' dir='ltr'>λόγους</span> <span class='ocrx_word' id='word_1_12' title='bbox 1454 466 1530 527; x_wconf 83' lang='grc' dir='ltr'><strong>είς</strong></span> <span class='ocrx_word' id='word_1_13' title='bbox 1556 464 1624 520; x_wconf 71' lang='grc' dir='ltr'>τὰ</span> <span class='ocrx_word' id='word_1_14' title='bbox 1652 460 1761 535; x_wconf 76' lang='grc' dir='ltr'><strong>ἤθη</strong></span> <span class='ocrx_word' id='word_1_15' title='bbox 1813 460 2030 541; x_wconf 68' lang='grc' dir='ltr'>γράφει,</span> 
     </span>
    </p>
   </div>
   <div class='ocr_carea' id='block_1_5' title="bbox 2126 460 3796 542">
    <p class='ocr_par' dir='ltr' id='par_1_5' title="bbox 2144 460 3796 539">
     <span class='ocr_line' id='line_1_5' title="bbox 2144 460 3796 539; baseline 0.003 -22"><span class='ocrx_word' id='word_1_16' title='bbox 2144 464 2265 518; x_wconf 87' lang='lat' dir='ltr'><strong>tem</strong></span> <span class='ocrx_word' id='word_1_17' title='bbox 2299 460 2770 534; x_wconf 84' lang='lat' dir='ltr'><strong>incorruptibilis</strong></span> <span class='ocrx_word' id='word_1_18' title='bbox 2802 480 2908 537; x_wconf 87' lang='lat' dir='ltr'><strong>per</strong></span> <span class='ocrx_word' id='word_1_19' title='bbox 2935 464 3150 522; x_wconf 84' lang='lat' dir='ltr'><strong>Christi</strong></span> <span class='ocrx_word' id='word_1_20' title='bbox 3194 465 3464 539; x_wconf 85' lang='lat' dir='ltr'><strong>gratiam.</strong></span> <span class='ocrx_word' id='word_1_21' title='bbox 3515 466 3796 525; x_wconf 75' lang='lat' dir='ltr'><strong>Resurre-</strong></span> 
     </span>
    </p>
   </div>
   <div class='ocr_carea' id='block_1_6' title="bbox 388 553 2030 633">
    <p class='ocr_par' dir='ltr' id='par_1_6' title="bbox 388 553 2030 633">
     <span class='ocr_line' id='line_1_6' title="bbox 388 553 2030 633; baseline -0.003 -20"><span class='ocrx_word' id='word_1_22' title='bbox 388 560 476 614; x_wconf 77' lang='grc' dir='ltr'><strong>καὶ</strong></span> <span class='ocrx_word' id='word_1_23' title='bbox 508 558 630 633; x_wconf 81' lang='grc' dir='ltr'>περὶ</span> <span class='ocrx_word' id='word_1_24' title='bbox 664 556 852 631; x_wconf 92' lang='grc' dir='ltr'>λογίας</span> <span class='ocrx_word' id='word_1_25' title='bbox 882 564 981 626; x_wconf 81' lang='grc' dir='ltr'><strong>τῆς</strong></span> <span class='ocrx_word' id='word_1_26' title='bbox 1012 556 1088 619; x_wconf 51' lang='lat' dir='ltr'><strong>si:</strong></span> <span class='ocrx_word' id='word_1_27' title='bbox 1126 557 1252 617; x_wconf 76' lang='grc' dir='ltr'>τοὺς</span> <span class='ocrx_word' id='word_1_28' title='bbox 1310 556 1497 631; x_wconf 78' lang='grc' dir='ltr'>ἁγίους</span> <span class='ocrx_word' id='word_1_29' title='bbox 1552 553 1912 632; x_wconf 79' lang='grc' dir='ltr'>παραγγέλει,</span> <span class='ocrx_word' id='word_1_30' title='bbox 1944 553 2030 608; x_wconf 71' lang='grc' dir='ltr'>οιαὶ</span> 
     </span>
    </p>
   </div>
   <div class='ocr_carea' id='block_1_7' title="bbox 385 643 1297 714">
    <p class='ocr_par' dir='ltr' id='par_1_7' title="bbox 385 643 1297 714">
     <span class='ocr_line' id='line_1_7' title="bbox 385 643 1297 714; baseline 0 -12"><span class='ocrx_word' id='word_1_31' title='bbox 385 647 560 709; x_wconf 69' lang='grc' dir='ltr'>οὕτως</span> <span class='ocrx_word' id='word_1_32' title='bbox 582 645 789 703; x_wconf 89' lang='grc' dir='ltr'>τελειοῖ</span> <span class='ocrx_word' id='word_1_33' title='bbox 813 647 913 714; x_wconf 84' lang='grc' dir='ltr'><strong>τήν</strong></span> <span class='ocrx_word' id='word_1_34' title='bbox 945 643 1297 714; x_wconf 78' lang='grc' dir='ltr'>Ἐπιστολήν.</span> 
     </span>
    </p>
   </div>
   <div class='ocr_carea' id='block_1_8' title="bbox 2145 551 3794 625">
    <p class='ocr_par' dir='ltr' id='par_1_8' title="bbox 2145 551 3794 625">
     <span class='ocr_line' id='line_1_8' title="bbox 2145 551 3794 625; baseline 0.004 -19"><span class='ocrx_word' id='word_1_35' title='bbox 2145 551 2403 608; x_wconf 88' lang='lat' dir='ltr'><strong>ctionem</strong></span> <span class='ocrx_word' id='word_1_36' title='bbox 2434 569 2571 608; x_wconf 89' lang='lat' dir='ltr'><strong>vero</strong></span> <span class='ocrx_word' id='word_1_37' title='bbox 2599 569 2667 608; x_wconf 84' lang='lat' dir='ltr'><strong>ex</strong></span> <span class='ocrx_word' id='word_1_38' title='bbox 2715 569 2784 609; x_wconf 94' lang='lat' dir='ltr'><strong>eo</strong></span> <span class='ocrx_word' id='word_1_39' title='bbox 2844 553 3000 625; x_wconf 89' lang='lat' dir='ltr'><strong>quod</strong></span> <span class='ocrx_word' id='word_1_40' title='bbox 3058 555 3326 610; x_wconf 82' lang='lat' dir='ltr'><strong>Christus</strong></span> <span class='ocrx_word' id='word_1_41' title='bbox 3383 559 3794 624; x_wconf 84' lang='lat' dir='ltr'><strong>resurrexerit,</strong></span> 
     </span>
    </p>
   </div>
   <div class='ocr_carea' id='block_1_9' title="bbox 2146 642 3794 701">
    <p class='ocr_par' dir='ltr' id='par_1_9' title="bbox 2146 642 3794 701">
     <span class='ocr_line' id='line_1_9' title="bbox 2146 642 3794 701; baseline 0.002 -4"><span class='ocrx_word' id='word_1_42' title='bbox 2146 642 2479 698; x_wconf 81' lang='lat' dir='ltr'><strong>conﬁrmat.</strong></span> <span class='ocrx_word' id='word_1_43' title='bbox 2516 643 2763 699; x_wconf 88' lang='lat' dir='ltr'><strong>Demum</strong></span> <span class='ocrx_word' id='word_1_44' title='bbox 2787 660 3092 700; x_wconf 83' lang='lat' dir='ltr'><strong>sermones</strong></span> <span class='ocrx_word' id='word_1_45' title='bbox 3123 644 3553 700; x_wconf 82' lang='lat' dir='ltr'><strong>exhortatorias</strong></span> <span class='ocrx_word' id='word_1_46' title='bbox 3579 646 3652 701; x_wconf 91' lang='lat' dir='ltr'><strong>ad</strong></span> <span class='ocrx_word' id='word_1_47' title='bbox 3676 663 3794 701; x_wconf 87' lang='lat' dir='ltr'><strong>mo-</strong></span> 
     </span>
    </p>
   </div>
   <div class='ocr_carea' id='block_1_10' title="bbox 2145 731 3795 805">
    <p class='ocr_par' dir='ltr' id='par_1_10' title="bbox 2145 731 3795 805">
     <span class='ocr_line' id='line_1_10' title="bbox 2145 731 3795 805; baseline 0.001 -19"><span class='ocrx_word' id='word_1_48' title='bbox 2145 747 2241 788; x_wconf 90' lang='lat' dir='ltr'><strong>res</strong></span> <span class='ocrx_word' id='word_1_49' title='bbox 2272 732 2497 798; x_wconf 86' lang='lat' dir='ltr'><strong>scribit,</strong></span> <span class='ocrx_word' id='word_1_50' title='bbox 2530 731 2691 788; x_wconf 83' lang='lat' dir='ltr'>etde</span> <span class='ocrx_word' id='word_1_51' title='bbox 2750 735 3146 805; x_wconf 72' lang='lat' dir='ltr'><strong>eleemosynaa</strong></span> <span class='ocrx_word' id='word_1_52' title='bbox 3202 735 3266 789; x_wconf 92' lang='lat' dir='ltr'><strong>in</strong></span> <span class='ocrx_word' id='word_1_53' title='bbox 3321 740 3558 790; x_wconf 86' lang='lat' dir='ltr'><strong>sanctos</strong></span> <span class='ocrx_word' id='word_1_54' title='bbox 3615 734 3795 790; x_wconf 66' lang='lat' dir='ltr'><strong>calleo</strong></span> 
     </span>
    </p>
   </div>
   <div class='ocr_carea' id='block_1_11' title="bbox 2145 820 3615 894">
    <p class='ocr_par' dir='ltr' id='par_1_11' title="bbox 2145 820 3615 894">
     <span class='ocr_line' id='line_1_11' title="bbox 2145 820 3615 894; baseline 0.001 -18"><span class='ocrx_word' id='word_1_55' title='bbox 2145 820 2343 877; x_wconf 80' lang='lat' dir='ltr'><strong>ctione</strong></span> <span class='ocrx_word' id='word_1_56' title='bbox 2376 821 2663 894; x_wconf 66' lang='lat' dir='ltr'><strong>praecipit,</strong></span> <span class='ocrx_word' id='word_1_57' title='bbox 2699 822 2905 894; x_wconf 78' lang='lat' dir='ltr'><strong>sicque</strong></span> <span class='ocrx_word' id='word_1_58' title='bbox 2936 822 3243 880; x_wconf 86' lang='lat' dir='ltr'><strong>concludit</strong></span> <span class='ocrx_word' id='word_1_59' title='bbox 3272 822 3615 894; x_wconf 89' lang='lat' dir='ltr'><strong>Epistolam.</strong></span> 
     </span>
    </p>
   </div>
   <div class='ocr_carea' id='block_1_12' title="bbox 1258 1156 2904 1311">
    <p class='ocr_par' dir='ltr' id='par_1_12' title="bbox 1258 1156 2904 1311">
     <span class='ocr_line' id='line_1_12' title="bbox 1258 1156 2904 1311; baseline 0.001 -2"><span class='ocrx_word' id='word_1_60' title='bbox 1258 1156 2904 1311; x_wconf 80' lang='lat' dir='ltr'><strong>COMMENTARIUS</strong></span> 
     </span>
    </p>
   </div>
   <div class='ocr_carea' id='block_1_13' title="bbox 965 1428 3180 1532">
    <p class='ocr_par' dir='ltr' id='par_1_13' title="bbox 965 1428 3180 1532">
     <span class='ocr_line' id='line_1_13' title="bbox 965 1428 3180 1532; baseline -0.004 -1"><span class='ocrx_word' id='word_1_61' title='bbox 965 1434 1101 1532; x_wconf 91' lang='lat' dir='ltr'><strong>IN</strong></span> <span class='ocrx_word' id='word_1_62' title='bbox 1185 1432 1921 1531; x_wconf 91' lang='lat' dir='ltr'><strong>EPISTOLAM</strong></span> <span class='ocrx_word' id='word_1_63' title='bbox 2010 1430 2057 1527; x_wconf 95' lang='grc' dir='ltr'>Ι</span> <span class='ocrx_word' id='word_1_64' title='bbox 2132 1430 2304 1528; x_wconf 91' lang='lat' dir='ltr'><strong>AD</strong></span> <span class='ocrx_word' id='word_1_65' title='bbox 2385 1428 3180 1529; x_wconf 81' lang='lat' dir='ltr'><strong>CORINTHIOS.</strong></span> 
     </span>
    </p>
   </div>
   <div class='ocr_carea' id='block_1_14' title="bbox 969 1801 1424 1860">
    <p class='ocr_par' dir='ltr' id='par_1_14' title="bbox 969 1801 1424 1860">
     <span class='ocr_line' id='line_1_14' title="bbox 969 1801 1424 1860; baseline 0 -1"><span class='ocrx_word' id='word_1_66' title='bbox 969 1801 1424 1860; x_wconf 73' lang='grc' dir='ltr'><strong>ΘΕΟΔΩΡΙΤΟΥ.</strong></span> 
     </span>
    </p>
   </div>
   <div class='ocr_carea' id='block_1_15' title="bbox 442 1886 2016 1967">
    <p class='ocr_par' dir='ltr' id='par_1_15' title="bbox 442 1886 2016 1967">
     <span class='ocr_line' id='line_1_15' title="bbox 442 1886 2016 1967; baseline -0.006 -15"><span class='ocrx_word' id='word_1_67' title='bbox 442 1894 658 1967; x_wconf 81' lang='grc' dir='ltr'><strong>0ρῶνὸ</strong></span> <span class='ocrx_word' id='word_1_68' title='bbox 709 1890 922 1964; x_wconf 82' lang='grc' dir='ltr'>δαίμων</span> <span class='ocrx_word' id='word_1_69' title='bbox 982 1889 1127 1948; x_wconf 63' lang='grc' dir='ltr'>οὕτω</span> <span class='ocrx_word' id='word_1_70' title='bbox 1177 1887 1609 1965; x_wconf 70' lang='grc' dir='ltr'><strong>πολυάνθρωπον</strong></span> <span class='ocrx_word' id='word_1_71' title='bbox 1666 1891 1765 1958; x_wconf 80' lang='grc' dir='ltr'><strong>τήν</strong></span> <span class='ocrx_word' id='word_1_72' title='bbox 1820 1886 2016 1965; x_wconf 78' lang='grc' dir='ltr'>Κόρινο</span> 
     </span>
    </p>
   </div>
   <div class='ocr_carea' id='block_1_16' title="bbox 2727 1797 3197 1859">
    <p class='ocr_par' dir='ltr' id='par_1_16' title="bbox 2727 1797 3197 1859">
     <span class='ocr_line' id='line_1_16' title="bbox 2727 1797 3197 1859; baseline -0.009 0"><span class='ocrx_word' id='word_1_73' title='bbox 2727 1797 3197 1859; x_wconf 69' lang='grc' dir='ltr'><strong>ΤΠΕΟῠΟΒΕΤῙ.</strong></span> 
     </span>
    </p>
   </div>
   <div class='ocr_carea' id='block_1_17' title="bbox 2207 1889 3785 1964">
    <p class='ocr_par' dir='ltr' id='par_1_17' title="bbox 2207 1889 3785 1964">
     <span class='ocr_line' id='line_1_17' title="bbox 2207 1889 3785 1964; baseline 0 -12"><span class='ocrx_word' id='word_1_74' title='bbox 2207 1889 2451 1964; x_wconf 83' lang='lat' dir='ltr'><strong>Indigna</strong></span> <span class='ocrx_word' id='word_1_75' title='bbox 2479 1892 2678 1951; x_wconf 80' lang='lat' dir='ltr'><strong>ferens</strong></span> <span class='ocrx_word' id='word_1_76' title='bbox 2708 1890 2943 1949; x_wconf 80' lang='lat' dir='ltr'><strong>daemon</strong></span> <span class='ocrx_word' id='word_1_77' title='bbox 3000 1890 3348 1951; x_wconf 78' lang='lat' dir='ltr'><strong>Corinthum</strong></span> <span class='ocrx_word' id='word_1_78' title='bbox 3393 1896 3561 1952; x_wconf 85' lang='lat' dir='ltr'><strong>tanta</strong></span> <span class='ocrx_word' id='word_1_79' title='bbox 3588 1894 3785 1953; x_wconf 83' lang='lat' dir='ltr'><strong>homi-</strong></span> 
     </span>
    </p>
   </div>
   <div class='ocr_carea' id='block_1_18' title="bbox 368 1977 2056 2060">
    <p class='ocr_par' dir='ltr' id='par_1_18' title="bbox 368 1977 2038 2056">
     <span class='ocr_line' id='line_1_18' title="bbox 368 1977 2038 2056; baseline -0.003 -17"><span class='ocrx_word' id='word_1_80' title='bbox 368 1985 484 2055; x_wconf 80' lang='grc' dir='ltr'>θον,</span> <span class='ocrx_word' id='word_1_81' title='bbox 542 1983 631 2039; x_wconf 79' lang='grc' dir='ltr'><strong>καὶ</strong></span> <span class='ocrx_word' id='word_1_82' title='bbox 687 1977 1110 2056; x_wconf 76' lang='grc' dir='ltr'>εἶδωλολάτριν,</span> <span class='ocrx_word' id='word_1_83' title='bbox 1170 1984 1585 2038; x_wconf 69' lang='grc' dir='ltr'>πεπιστευκοῖαν</span> <span class='ocrx_word' id='word_1_84' title='bbox 1642 1982 1779 2052; x_wconf 77' lang='grc' dir='ltr'>Θεῷ.</span> <span class='ocrx_word' id='word_1_85' title='bbox 1841 1998 2038 2055; x_wconf 72' lang='grc' dir='ltr'>παρι-</span> 
     </span>
    </p>
   </div>
   <div class='ocr_carea' id='block_1_19' title="bbox 2126 1977 3786 2060">
    <p class='ocr_par' dir='ltr' id='par_1_19' title="bbox 2134 1982 3786 2060">
     <span class='ocr_line' id='line_1_19' title="bbox 2134 1982 3786 2060; baseline 0.002 -21"><span class='ocrx_word' id='word_1_86' title='bbox 2134 1997 2278 2042; x_wconf 89' lang='lat' dir='ltr'><strong>num</strong></span> <span class='ocrx_word' id='word_1_87' title='bbox 2310 1982 2648 2056; x_wconf 74' lang='lat' dir='ltr'><strong>frequentia</strong></span> <span class='ocrx_word' id='word_1_88' title='bbox 2689 1983 3007 2046; x_wconf 84' lang='lat' dir='ltr'><strong>civitatem.</strong></span> <span class='ocrx_word' id='word_1_89' title='bbox 3067 1999 3135 2040; x_wconf 88' lang='lat' dir='ltr'><strong>ac</strong></span> <span class='ocrx_word' id='word_1_90' title='bbox 3190 1983 3482 2041; x_wconf 66' lang='lat' dir='ltr'><strong>idolatriae</strong></span> <span class='ocrx_word' id='word_1_91' title='bbox 3526 1986 3786 2060; x_wconf 86' lang='lat' dir='ltr'><strong>primum</strong></span> 
     </span>
    </p>
   </div>
   <div class='ocr_carea' id='block_1_20' title="bbox 370 2065 2016 2150">
    <p class='ocr_par' dir='ltr' id='par_1_20' title="bbox 370 2065 2016 2150">
     <span class='ocr_line' id='line_1_20' title="bbox 370 2065 2016 2150; baseline -0.001 -22"><span class='ocrx_word' id='word_1_92' title='bbox 370 2073 613 2145; x_wconf 65' lang='grc' dir='ltr'>σκευάζει</span> <span class='ocrx_word' id='word_1_93' title='bbox 666 2071 816 2136; x_wconf 76' lang='grc' dir='ltr'>τινας</span> <span class='ocrx_word' id='word_1_94' title='bbox 898 2071 957 2127; x_wconf 75' lang='grc' dir='ltr'>ἐκ</span> <span class='ocrx_word' id='word_1_95' title='bbox 1012 2070 1119 2128; x_wconf 83' lang='grc' dir='ltr'>τῶν</span> <span class='ocrx_word' id='word_1_96' title='bbox 1177 2072 1322 2145; x_wconf 80' lang='grc' dir='ltr'><strong>παρά</strong></span> <span class='ocrx_word' id='word_1_97' title='bbox 1381 2071 1532 2150; x_wconf 63' lang='grc' dir='ltr'>σφίσι</span> <span class='ocrx_word' id='word_1_98' title='bbox 1586 2065 1868 2127; x_wconf 83' lang='grc' dir='ltr'>πλουσίων</span> <span class='ocrx_word' id='word_1_99' title='bbox 1924 2070 2016 2127; x_wconf 70' lang='grc' dir='ltr'><strong>καὶ</strong></span> 
     </span>
    </p>
   </div>
   <div class='ocr_carea' id='block_1_21' title="bbox 367 2155 2015 2242">
    <p class='ocr_par' dir='ltr' id='par_1_21' title="bbox 367 2155 2015 2242">
     <span class='ocr_line' id='line_1_21' title="bbox 367 2155 2015 2242; baseline -0.003 -25"><span class='ocrx_word' id='word_1_100' title='bbox 367 2162 685 2242; x_wconf 74' lang='grc' dir='ltr'>φιλοσόφων</span> <span class='ocrx_word' id='word_1_101' title='bbox 718 2160 1274 2236; x_wconf 65' lang='grc' dir='ltr'>αὐτοχειροτονήτονς</span> <span class='ocrx_word' id='word_1_102' title='bbox 1306 2163 1623 2233; x_wconf 81' lang='grc' dir='ltr'>προστατεῖν</span> <span class='ocrx_word' id='word_1_103' title='bbox 1668 2162 1765 2216; x_wconf 71' lang='grc' dir='ltr'>τοῦ</span> <span class='ocrx_word' id='word_1_104' title='bbox 1831 2155 2015 2231; x_wconf 71' lang='grc' dir='ltr'>δήμου</span> 
     </span>
    </p>
   </div>
   <div class='ocr_carea' id='block_1_22' title="bbox 361 2245 2014 2325">
    <p class='ocr_par' dir='ltr' id='par_1_22' title="bbox 361 2245 2014 2325">
     <span class='ocr_line' id='line_1_22' title="bbox 361 2245 2014 2325; baseline -0.004 -16"><span class='ocrx_word' id='word_1_105' title='bbox 361 2253 416 2309; x_wconf 76' lang='grc' dir='ltr'>ἐν</span> <span class='ocrx_word' id='word_1_106' title='bbox 447 2258 563 2313; x_wconf 88' lang='grc' dir='ltr'>τοῖς</span> <span class='ocrx_word' id='word_1_107' title='bbox 593 2254 983 2325; x_wconf 68' lang='grc' dir='ltr'><strong>πνευματικοῖς</strong></span> <span class='ocrx_word' id='word_1_108' title='bbox 1016 2250 1348 2325; x_wconf 81' lang='grc' dir='ltr'>πράγμασιν,</span> <span class='ocrx_word' id='word_1_109' title='bbox 1381 2249 1456 2311; x_wconf 82' lang='grc' dir='ltr'>ὡς</span> <span class='ocrx_word' id='word_1_110' title='bbox 1495 2245 1694 2304; x_wconf 77' lang='grc' dir='ltr'>λοιπὸν</span> <span class='ocrx_word' id='word_1_111' title='bbox 1749 2252 1846 2304; x_wconf 78' lang='grc' dir='ltr'><strong>τοῦ</strong></span> <span class='ocrx_word' id='word_1_112' title='bbox 1877 2247 2014 2305; x_wconf 73' lang='grc' dir='ltr'>λαοῦ</span> 
     </span>
    </p>
   </div>
   <div class='ocr_carea' id='block_1_23' title="bbox 360 2334 2014 2413">
    <p class='ocr_par' dir='ltr' id='par_1_23' title="bbox 360 2334 2014 2413">
     <span class='ocr_line' id='line_1_23' title="bbox 360 2334 2014 2413; baseline -0.002 -16"><span class='ocrx_word' id='word_1_113' title='bbox 360 2340 632 2409; x_wconf 66' lang='grc' dir='ltr'>πολλοὺς,</span> <span class='ocrx_word' id='word_1_114' title='bbox 662 2340 790 2402; x_wconf 75' lang='grc' dir='ltr'>τοὺς</span> <span class='ocrx_word' id='word_1_115' title='bbox 822 2341 917 2413; x_wconf 71' lang='grc' dir='ltr'>μὲν</span> <span class='ocrx_word' id='word_1_116' title='bbox 945 2344 1058 2402; x_wconf 81' lang='grc' dir='ltr'>τοῖς</span> <span class='ocrx_word' id='word_1_117' title='bbox 1090 2337 1379 2399; x_wconf 72' lang='grc' dir='ltr'>πλουσίοις</span> <span class='ocrx_word' id='word_1_118' title='bbox 1437 2337 1511 2400; x_wconf 81' lang='grc' dir='ltr'>ὡς</span> <span class='ocrx_word' id='word_1_119' title='bbox 1568 2334 1814 2402; x_wconf 74' lang='grc' dir='ltr'>δυνατοῖς</span> <span class='ocrx_word' id='word_1_120' title='bbox 1843 2358 2014 2413; x_wconf 72' lang='grc' dir='ltr'>προσ-</span> 
     </span>
    </p>
   </div>
   <div class='ocr_carea' id='block_1_24' title="bbox 364 2424 2008 2511">
    <p class='ocr_par' dir='ltr' id='par_1_24' title="bbox 364 2424 2008 2511">
     <span class='ocr_line' id='line_1_24' title="bbox 364 2424 2008 2511; baseline -0.002 -26"><span class='ocrx_word' id='word_1_121' title='bbox 364 2438 643 2511; x_wconf 77' lang='grc' dir='ltr'>χωρῆσαι,</span> <span class='ocrx_word' id='word_1_122' title='bbox 675 2430 803 2491; x_wconf 78' lang='grc' dir='ltr'>τοὺς</span> <span class='ocrx_word' id='word_1_123' title='bbox 834 2427 892 2486; x_wconf 69' lang='grc' dir='ltr'>δὲ</span> <span class='ocrx_word' id='word_1_124' title='bbox 920 2434 1039 2490; x_wconf 84' lang='grc' dir='ltr'>τοῖς</span> <span class='ocrx_word' id='word_1_125' title='bbox 1082 2428 1406 2506; x_wconf 68' lang='grc' dir='ltr'>φιλοσόφοις</span> <span class='ocrx_word' id='word_1_126' title='bbox 1440 2427 1515 2488; x_wconf 84' lang='grc' dir='ltr'><strong>ὡς</strong></span> <span class='ocrx_word' id='word_1_127' title='bbox 1554 2425 1719 2482; x_wconf 70' lang='grc' dir='ltr'>πλέον</span> <span class='ocrx_word' id='word_1_128' title='bbox 1763 2424 2008 2483; x_wconf 78' lang='grc' dir='ltr'>διδάσκιν</span> 
     </span>
    </p>
   </div>
   <div class='ocr_carea' id='block_1_25' title="bbox 365 2514 2011 2595">
    <p class='ocr_par' dir='ltr' id='par_1_25' title="bbox 365 2514 2011 2595">
     <span class='ocr_line' id='line_1_25' title="bbox 365 2514 2011 2595; baseline -0.002 -19"><span class='ocrx_word' id='word_1_129' title='bbox 365 2519 677 2593; x_wconf 69' lang='grc' dir='ltr'>δυναμένοις</span> <span class='ocrx_word' id='word_1_130' title='bbox 706 2520 851 2595; x_wconf 85' lang='grc' dir='ltr'><strong>παρά</strong></span> <span class='ocrx_word' id='word_1_131' title='bbox 881 2521 980 2589; x_wconf 81' lang='grc' dir='ltr'><strong>τήν</strong></span> <span class='ocrx_word' id='word_1_132' title='bbox 1011 2523 1108 2574; x_wconf 76' lang='grc' dir='ltr'><strong>τοῦ</strong></span> <span class='ocrx_word' id='word_1_133' title='bbox 1138 2518 1481 2575; x_wconf 74' lang='grc' dir='ltr'>Ἀποστόλου</span> <span class='ocrx_word' id='word_1_134' title='bbox 1524 2514 1784 2593; x_wconf 77' lang='grc' dir='ltr'><strong>διδαχὴν,</strong></span> <span class='ocrx_word' id='word_1_135' title='bbox 1829 2517 1905 2579; x_wconf 90' lang='grc' dir='ltr'><strong>ὡς</strong></span> <span class='ocrx_word' id='word_1_136' title='bbox 1952 2517 2011 2573; x_wconf 73' lang='grc' dir='ltr'>ἐκ</span> 
     </span>
    </p>
   </div>
   <div class='ocr_carea' id='block_1_26' title="bbox 360 2604 2008 2686">
    <p class='ocr_par' dir='ltr' id='par_1_26' title="bbox 360 2604 2008 2686">
     <span class='ocr_line' id='line_1_26' title="bbox 360 2604 2008 2686; baseline -0.002 -19"><span class='ocrx_word' id='word_1_137' title='bbox 360 2612 558 2667; x_wconf 68' lang='grc' dir='ltr'>τούτου</span> <span class='ocrx_word' id='word_1_138' title='bbox 616 2613 897 2686; x_wconf 77' lang='grc' dir='ltr'><strong>σχίσματα</strong></span> <span class='ocrx_word' id='word_1_139' title='bbox 954 2609 1044 2664; x_wconf 84' lang='grc' dir='ltr'>καὶ</span> <span class='ocrx_word' id='word_1_140' title='bbox 1100 2604 1282 2683; x_wconf 77' lang='grc' dir='ltr'>ἔριδας</span> <span class='ocrx_word' id='word_1_141' title='bbox 1341 2607 1578 2685; x_wconf 79' lang='grc' dir='ltr'>γίνεσθαι</span> <span class='ocrx_word' id='word_1_142' title='bbox 1640 2609 1766 2681; x_wconf 85' lang='grc' dir='ltr'>παρ’</span> <span class='ocrx_word' id='word_1_143' title='bbox 1822 2608 2008 2669; x_wconf 80' lang='grc' dir='ltr'>αὐτοῖς</span> 
     </span>
    </p>
   </div>
   <div class='ocr_carea' id='block_1_27' title="bbox 360 2696 2006 2777">
    <p class='ocr_par' dir='ltr' id='par_1_27' title="bbox 360 2696 2006 2777">
     <span class='ocr_line' id='line_1_27' title="bbox 360 2696 2006 2777; baseline -0.004 -20"><span class='ocrx_word' id='word_1_144' title='bbox 360 2704 643 2777; x_wconf 78' lang='grc' dir='ltr'>’Έγραψαν</span> <span class='ocrx_word' id='word_1_145' title='bbox 727 2699 820 2754; x_wconf 78' lang='grc' dir='ltr'><strong>οὗν</strong></span> <span class='ocrx_word' id='word_1_146' title='bbox 872 2704 953 2772; x_wconf 79' lang='grc' dir='ltr'><strong>τῷ</strong></span> <span class='ocrx_word' id='word_1_147' title='bbox 1010 2697 1213 2770; x_wconf 71' lang='grc' dir='ltr'>Παύλῳ</span> <span class='ocrx_word' id='word_1_148' title='bbox 1276 2696 1366 2752; x_wconf 75' lang='grc' dir='ltr'><strong>διὰ</strong></span> <span class='ocrx_word' id='word_1_149' title='bbox 1424 2696 1858 2771; x_wconf 71' lang='grc' dir='ltr'>Φουρτουνᾶτου,</span> <span class='ocrx_word' id='word_1_150' title='bbox 1916 2697 2006 2753; x_wconf 84' lang='grc' dir='ltr'><strong>καὶ</strong></span> 
     </span>
    </p>
   </div>
   <div class='ocr_carea' id='block_1_28' title="bbox 357 2784 2005 2864">
    <p class='ocr_par' dir='ltr' id='par_1_28' title="bbox 357 2784 2005 2864">
     <span class='ocr_line' id='line_1_28' title="bbox 357 2784 2005 2864; baseline -0.003 -19"><span class='ocrx_word' id='word_1_151' title='bbox 357 2794 652 2864; x_wconf 67' lang='grc' dir='ltr'>Στεφάνου,</span> <span class='ocrx_word' id='word_1_152' title='bbox 710 2786 799 2840; x_wconf 84' lang='grc' dir='ltr'><strong>καὶ</strong></span> <span class='ocrx_word' id='word_1_153' title='bbox 840 2786 1121 2864; x_wconf 72' lang='grc' dir='ltr'>Ἀχαϊκοῦ,</span> <span class='ocrx_word' id='word_1_154' title='bbox 1154 2784 1278 2859; x_wconf 87' lang='grc' dir='ltr'>περὶ</span> <span class='ocrx_word' id='word_1_155' title='bbox 1309 2785 1490 2858; x_wconf 82' lang='grc' dir='ltr'>γάμου</span> <span class='ocrx_word' id='word_1_156' title='bbox 1546 2785 1633 2839; x_wconf 85' lang='grc' dir='ltr'><strong>καὶ</strong></span> <span class='ocrx_word' id='word_1_157' title='bbox 1694 2785 2005 2859; x_wconf 78' lang='grc' dir='ltr'>παρθενίας,</span> 
     </span>
    </p>
   </div>
   <div class='ocr_carea' id='block_1_29' title="bbox 358 2872 2005 2952">
    <p class='ocr_par' dir='ltr' id='par_1_29' title="bbox 358 2872 2005 2952">
     <span class='ocr_line' id='line_1_29' title="bbox 358 2872 2005 2952; baseline -0.002 -21"><span class='ocrx_word' id='word_1_158' title='bbox 358 2874 429 2932; x_wconf 90' lang='grc' dir='ltr'><strong>δι’</strong></span> <span class='ocrx_word' id='word_1_159' title='bbox 462 2877 536 2931; x_wconf 84' lang='grc' dir='ltr'>ὧν</span> <span class='ocrx_word' id='word_1_160' title='bbox 570 2875 658 2929; x_wconf 84' lang='grc' dir='ltr'><strong>καὶ</strong></span> <span class='ocrx_word' id='word_1_161' title='bbox 699 2875 1009 2952; x_wconf 74' lang='grc' dir='ltr'>ἀντιγράφει</span> <span class='ocrx_word' id='word_1_162' title='bbox 1059 2874 1268 2945; x_wconf 73' lang='grc' dir='ltr'>αὐτοῖς,</span> <span class='ocrx_word' id='word_1_163' title='bbox 1325 2873 1416 2928; x_wconf 86' lang='grc' dir='ltr'><strong>καὶ</strong></span> <span class='ocrx_word' id='word_1_164' title='bbox 1474 2872 1597 2947; x_wconf 79' lang='grc' dir='ltr'>περὶ</span> <span class='ocrx_word' id='word_1_165' title='bbox 1652 2873 1860 2928; x_wconf 77' lang='grc' dir='ltr'>τούτων</span> <span class='ocrx_word' id='word_1_166' title='bbox 1914 2876 2005 2929; x_wconf 84' lang='grc' dir='ltr'><strong>καὶ</strong></span> 
     </span>
    </p>
   </div>
   <div class='ocr_carea' id='block_1_30' title="bbox 353 2962 2003 3040">
    <p class='ocr_par' dir='ltr' id='par_1_30' title="bbox 353 2962 2003 3040">
     <span class='ocr_line' id='line_1_30' title="bbox 353 2962 2003 3040; baseline -0.004 -18"><span class='ocrx_word' id='word_1_167' title='bbox 353 2965 480 3040; x_wconf 81' lang='grc' dir='ltr'>περὶ</span> <span class='ocrx_word' id='word_1_168' title='bbox 510 2966 703 3034; x_wconf 84' lang='grc' dir='ltr'>ἄλλον,</span> <span class='ocrx_word' id='word_1_169' title='bbox 746 2962 1168 3027; x_wconf 70' lang='grc' dir='ltr'>συναποστείλας</span> <span class='ocrx_word' id='word_1_170' title='bbox 1223 2963 1315 3017; x_wconf 84' lang='grc' dir='ltr'><strong>καὶ</strong></span> <span class='ocrx_word' id='word_1_171' title='bbox 1364 2962 1456 3019; x_wconf 86' lang='grc' dir='ltr'>τὸν</span> <span class='ocrx_word' id='word_1_172' title='bbox 1500 2963 1793 3035; x_wconf 74' lang='grc' dir='ltr'>Τιμόθεον.</span> <span class='ocrx_word' id='word_1_173' title='bbox 1853 2963 2003 3019; x_wconf 76' lang='grc' dir='ltr'>Ἐπεὶ</span> 
     </span>
    </p>
   </div>
   <div class='ocr_carea' id='block_1_31' title="bbox 354 3048 2006 3125">
    <p class='ocr_par' dir='ltr' id='par_1_31' title="bbox 354 3048 2006 3125">
     <span class='ocr_line' id='line_1_31' title="bbox 354 3048 2006 3125; baseline -0.004 -14"><span class='ocrx_word' id='word_1_174' title='bbox 354 3054 448 3111; x_wconf 76' lang='grc' dir='ltr'>οὖν</span> <span class='ocrx_word' id='word_1_175' title='bbox 480 3054 531 3125; x_wconf 76' lang='grc' dir='ltr'><strong>ἐξ</strong></span> <span class='ocrx_word' id='word_1_176' title='bbox 563 3054 822 3114; x_wconf 79' lang='grc' dir='ltr'>ἀπονοίας</span> <span class='ocrx_word' id='word_1_177' title='bbox 850 3056 986 3123; x_wconf 71' lang='grc' dir='ltr'>ἦσαν</span> <span class='ocrx_word' id='word_1_178' title='bbox 1014 3053 1106 3109; x_wconf 85' lang='grc' dir='ltr'>τὸν</span> <span class='ocrx_word' id='word_1_179' title='bbox 1138 3050 1273 3109; x_wconf 86' lang='grc' dir='ltr'>λαὸν</span> <span class='ocrx_word' id='word_1_180' title='bbox 1305 3048 1708 3123; x_wconf 78' lang='grc' dir='ltr'>διανειμάμενοι</span> <span class='ocrx_word' id='word_1_181' title='bbox 1741 3053 1793 3107; x_wconf 70' lang='grc' dir='ltr'>οἱ</span> <span class='ocrx_word' id='word_1_182' title='bbox 1828 3050 2006 3106; x_wconf 78' lang='grc' dir='ltr'>πλού-</span> 
     </span>
    </p>
   </div>
   <div class='ocr_carea' id='block_1_32' title="bbox 2134 2070 3787 2136">
    <p class='ocr_par' dir='ltr' id='par_1_32' title="bbox 2134 2070 3787 2136">
     <span class='ocr_line' id='line_1_32' title="bbox 2134 2070 3787 2136; baseline 0.001 -8"><span class='ocrx_word' id='word_1_183' title='bbox 2134 2070 2397 2129; x_wconf 85' lang='lat' dir='ltr'><strong>deditam</strong></span> <span class='ocrx_word' id='word_1_184' title='bbox 2452 2072 2513 2129; x_wconf 91' lang='lat' dir='ltr'><strong>in</strong></span> <span class='ocrx_word' id='word_1_185' title='bbox 2547 2074 2731 2132; x_wconf 90' lang='lat' dir='ltr'><strong>Deum</strong></span> <span class='ocrx_word' id='word_1_186' title='bbox 2767 2071 3111 2136; x_wconf 80' lang='lat' dir='ltr'><strong>credidisse,</strong></span> <span class='ocrx_word' id='word_1_187' title='bbox 3145 2071 3431 2131; x_wconf 84' lang='lat' dir='ltr'><strong>subornat</strong></span> <span class='ocrx_word' id='word_1_188' title='bbox 3460 2075 3787 2132; x_wconf 70' lang='lat' dir='ltr'><strong>nonnullos</strong></span> 
     </span>
    </p>
   </div>
   <div class='ocr_carea' id='block_1_33' title="bbox 2127 2160 3779 2237">
    <p class='ocr_par' dir='ltr' id='par_1_33' title="bbox 2127 2160 3779 2237">
     <span class='ocr_line' id='line_1_33' title="bbox 2127 2160 3779 2237; baseline 0.001 -19"><span class='ocrx_word' id='word_1_189' title='bbox 2127 2160 2338 2220; x_wconf 87' lang='lat' dir='ltr'><strong>divites</strong></span> <span class='ocrx_word' id='word_1_190' title='bbox 2360 2178 2427 2219; x_wconf 92' lang='lat' dir='ltr'><strong>ac</strong></span> <span class='ocrx_word' id='word_1_191' title='bbox 2458 2161 2845 2235; x_wconf 89' lang='lat' dir='ltr'><strong>philosophos</strong></span> <span class='ocrx_word' id='word_1_192' title='bbox 2869 2162 2969 2234; x_wconf 88' lang='lat' dir='ltr'><strong>qui</strong></span> <span class='ocrx_word' id='word_1_193' title='bbox 3004 2162 3162 2219; x_wconf 91' lang='lat' dir='ltr'><strong>inter</strong></span> <span class='ocrx_word' id='word_1_194' title='bbox 3181 2178 3282 2220; x_wconf 91' lang='lat' dir='ltr'><strong>eos</strong></span> <span class='ocrx_word' id='word_1_195' title='bbox 3312 2168 3506 2232; x_wconf 88' lang='lat' dir='ltr'><strong>erant,</strong></span> <span class='ocrx_word' id='word_1_196' title='bbox 3536 2169 3594 2221; x_wconf 86' lang='lat' dir='ltr'><strong>et</strong></span> <span class='ocrx_word' id='word_1_197' title='bbox 3622 2165 3779 2237; x_wconf 77' lang='lat' dir='ltr'><strong>seip-</strong></span> 
     </span>
    </p>
   </div>
   <div class='ocr_carea' id='block_1_34' title="bbox 2125 2252 3773 2326">
    <p class='ocr_par' dir='ltr' id='par_1_34' title="bbox 2125 2252 3773 2326">
     <span class='ocr_line' id='line_1_34' title="bbox 2125 2252 3773 2326; baseline 0.002 -19"><span class='ocrx_word' id='word_1_198' title='bbox 2125 2268 2221 2308; x_wconf 88' lang='lat' dir='ltr'><strong>sos</strong></span> <span class='ocrx_word' id='word_1_199' title='bbox 2252 2252 2705 2312; x_wconf 86' lang='lat' dir='ltr'><strong>constituerant.</strong></span> <span class='ocrx_word' id='word_1_200' title='bbox 2736 2258 2803 2311; x_wconf 91' lang='lat' dir='ltr'><strong>ut</strong></span> <span class='ocrx_word' id='word_1_201' title='bbox 2825 2252 2887 2308; x_wconf 92' lang='lat' dir='ltr'><strong>in</strong></span> <span class='ocrx_word' id='word_1_202' title='bbox 2919 2252 3327 2325; x_wconf 85' lang='lat' dir='ltr'><strong>spiritualibus</strong></span> <span class='ocrx_word' id='word_1_203' title='bbox 3348 2255 3529 2310; x_wconf 83' lang='lat' dir='ltr'><strong>rebus</strong></span> <span class='ocrx_word' id='word_1_204' title='bbox 3554 2254 3773 2326; x_wconf 88' lang='lat' dir='ltr'><strong>popqu</strong></span> 
     </span>
    </p>
   </div>
   <div class='ocr_carea' id='block_1_35' title="bbox 2123 2340 3773 2416">
    <p class='ocr_par' dir='ltr' id='par_1_35' title="bbox 2123 2340 3773 2416">
     <span class='ocr_line' id='line_1_35' title="bbox 2123 2340 3773 2416; baseline 0.004 -21"><span class='ocrx_word' id='word_1_205' title='bbox 2123 2340 2515 2415; x_wconf 72' lang='lat' dir='ltr'><strong>praesiderent</strong></span> <span class='ocrx_word' id='word_1_206' title='bbox 2540 2359 2553 2397; x_wconf 89' lang='lat'><strong>:</strong></span> <span class='ocrx_word' id='word_1_207' title='bbox 2588 2358 2705 2413; x_wconf 90' lang='lat' dir='ltr'><strong>quo</strong></span> <span class='ocrx_word' id='word_1_208' title='bbox 2737 2341 3019 2413; x_wconf 87' lang='lat' dir='ltr'><strong>deinceps</strong></span> <span class='ocrx_word' id='word_1_209' title='bbox 3049 2342 3292 2414; x_wconf 89' lang='lat' dir='ltr'><strong>plurimi</strong></span> <span class='ocrx_word' id='word_1_210' title='bbox 3317 2358 3347 2397; x_wconf 91' lang='lat' dir='ltr'><strong>e</strong></span> <span class='ocrx_word' id='word_1_211' title='bbox 3376 2342 3545 2416; x_wconf 81' lang='lat' dir='ltr'><strong>vulgo</strong></span> <span class='ocrx_word' id='word_1_212' title='bbox 3575 2342 3773 2401; x_wconf 81' lang='lat' dir='ltr'><strong>diviti-</strong></span> 
     </span>
    </p>
   </div>
   <div class='ocr_carea' id='block_1_36' title="bbox 2121 2429 3771 2506">
    <p class='ocr_par' dir='ltr' id='par_1_36' title="bbox 2121 2429 3771 2506">
     <span class='ocr_line' id='line_1_36' title="bbox 2121 2429 3771 2506; baseline 0.002 -21"><span class='ocrx_word' id='word_1_213' title='bbox 2121 2429 2232 2485; x_wconf 87' lang='lat' dir='ltr'><strong>bus</strong></span> <span class='ocrx_word' id='word_1_214' title='bbox 2264 2436 2549 2502; x_wconf 80' lang='lat' dir='ltr'><strong>tanquam</strong></span> <span class='ocrx_word' id='word_1_215' title='bbox 2582 2430 2924 2503; x_wconf 90' lang='lat' dir='ltr'><strong>potentibus</strong></span> <span class='ocrx_word' id='word_1_216' title='bbox 2947 2432 3378 2504; x_wconf 82' lang='lat' dir='ltr'><strong>jungerentur:</strong></span> <span class='ocrx_word' id='word_1_217' title='bbox 3412 2432 3488 2489; x_wconf 90' lang='lat' dir='ltr'><strong>ad</strong></span> <span class='ocrx_word' id='word_1_218' title='bbox 3508 2432 3771 2506; x_wconf 87' lang='lat' dir='ltr'><strong>philoso-</strong></span> 
     </span>
    </p>
   </div>
   <div class='ocr_carea' id='block_1_37' title="bbox 2120 2519 3764 2594">
    <p class='ocr_par' dir='ltr' id='par_1_37' title="bbox 2120 2519 3764 2594">
     <span class='ocr_line' id='line_1_37' title="bbox 2120 2519 3764 2594; baseline 0.003 -19"><span class='ocrx_word' id='word_1_219' title='bbox 2120 2519 2271 2592; x_wconf 88' lang='lat' dir='ltr'><strong>phos</strong></span> <span class='ocrx_word' id='word_1_220' title='bbox 2301 2536 2435 2577; x_wconf 88' lang='lat' dir='ltr'><strong>vero</strong></span> <span class='ocrx_word' id='word_1_221' title='bbox 2465 2520 2837 2586; x_wconf 84' lang='lat' dir='ltr'><strong>accederent,</strong></span> <span class='ocrx_word' id='word_1_222' title='bbox 2871 2526 3156 2593; x_wconf 85' lang='lat' dir='ltr'><strong>tanquam</strong></span> <span class='ocrx_word' id='word_1_223' title='bbox 3188 2521 3263 2577; x_wconf 91' lang='lat' dir='ltr'><strong>ad</strong></span> <span class='ocrx_word' id='word_1_224' title='bbox 3295 2538 3395 2577; x_wconf 89' lang='lat' dir='ltr'><strong>eos</strong></span> <span class='ocrx_word' id='word_1_225' title='bbox 3449 2524 3550 2594; x_wconf 85' lang='lat' dir='ltr'><strong>qui</strong></span> <span class='ocrx_word' id='word_1_226' title='bbox 3583 2540 3764 2594; x_wconf 66' lang='lat' dir='ltr'><strong>praes-</strong></span> 
     </span>
    </p>
   </div>
   <div class='ocr_carea' id='block_1_38' title="bbox 2118 2609 3764 2683">
    <p class='ocr_par' dir='ltr' id='par_1_38' title="bbox 2118 2609 3764 2683">
     <span class='ocr_line' id='line_1_38' title="bbox 2118 2609 3764 2683; baseline 0.001 -18"><span class='ocrx_word' id='word_1_227' title='bbox 2118 2610 2341 2665; x_wconf 85' lang='lat' dir='ltr'><strong>tantius</strong></span> <span class='ocrx_word' id='word_1_228' title='bbox 2372 2609 2600 2681; x_wconf 89' lang='lat' dir='ltr'><strong>aliquid</strong></span> <span class='ocrx_word' id='word_1_229' title='bbox 2650 2610 2862 2667; x_wconf 87' lang='lat' dir='ltr'><strong>docere</strong></span> <span class='ocrx_word' id='word_1_230' title='bbox 2923 2617 3164 2682; x_wconf 87' lang='lat' dir='ltr'><strong>possent</strong></span> <span class='ocrx_word' id='word_1_231' title='bbox 3208 2628 3387 2683; x_wconf 85' lang='lat' dir='ltr'><strong>supra</strong></span> <span class='ocrx_word' id='word_1_232' title='bbox 3434 2612 3764 2669; x_wconf 87' lang='lat' dir='ltr'><strong>doctrinam</strong></span> 
     </span>
    </p>
   </div>
   <div class='ocr_carea' id='block_1_39' title="bbox 2116 2699 3767 2771">
    <p class='ocr_par' dir='ltr' id='par_1_39' title="bbox 2116 2699 3767 2771">
     <span class='ocr_line' id='line_1_39' title="bbox 2116 2699 3767 2771; baseline 0.001 -18"><span class='ocrx_word' id='word_1_233' title='bbox 2116 2700 2421 2771; x_wconf 89' lang='lat' dir='ltr'><strong>Apostoli:</strong></span> <span class='ocrx_word' id='word_1_234' title='bbox 2452 2706 2518 2756; x_wconf 90' lang='lat' dir='ltr'><strong>ut</strong></span> <span class='ocrx_word' id='word_1_235' title='bbox 2548 2716 2615 2755; x_wconf 82' lang='lat' dir='ltr'><strong>ex</strong></span> <span class='ocrx_word' id='word_1_236' title='bbox 2645 2702 2756 2755; x_wconf 87' lang='lat' dir='ltr'><strong>hoc</strong></span> <span class='ocrx_word' id='word_1_237' title='bbox 2788 2699 3034 2756; x_wconf 90' lang='lat' dir='ltr'><strong>dissidia</strong></span> <span class='ocrx_word' id='word_1_238' title='bbox 3062 2718 3132 2757; x_wconf 90' lang='lat' dir='ltr'><strong>ac</strong></span> <span class='ocrx_word' id='word_1_239' title='bbox 3169 2707 3582 2757; x_wconf 77' lang='lat' dir='ltr'><strong>contentiones</strong></span> <span class='ocrx_word' id='word_1_240' title='bbox 3612 2704 3767 2757; x_wconf 88' lang='lat' dir='ltr'><strong>inter</strong></span> 
     </span>
    </p>
   </div>
   <div class='ocr_carea' id='block_1_40' title="bbox 2116 2788 3766 2861">
    <p class='ocr_par' dir='ltr' id='par_1_40' title="bbox 2116 2788 3766 2861">
     <span class='ocr_line' id='line_1_40' title="bbox 2116 2788 3766 2861; baseline 0 -18"><span class='ocrx_word' id='word_1_241' title='bbox 2116 2788 2279 2859; x_wconf 89' lang='lat' dir='ltr'><strong>ipsos</strong></span> <span class='ocrx_word' id='word_1_242' title='bbox 2308 2790 2728 2845; x_wconf 83' lang='lat' dir='ltr'><strong>excitarentur.</strong></span> <span class='ocrx_word' id='word_1_243' title='bbox 2764 2789 3139 2860; x_wconf 85' lang='lat' dir='ltr'><strong>Scripserunt</strong></span> <span class='ocrx_word' id='word_1_244' title='bbox 3189 2790 3389 2861; x_wconf 86' lang='lat' dir='ltr'><strong>itaque</strong></span> <span class='ocrx_word' id='word_1_245' title='bbox 3446 2789 3630 2845; x_wconf 88' lang='lat' dir='ltr'><strong>Paulo</strong></span> <span class='ocrx_word' id='word_1_246' title='bbox 3662 2805 3766 2860; x_wconf 86' lang='lat' dir='ltr'><strong>per</strong></span> 
     </span>
    </p>
   </div>
   <div class='ocr_carea' id='block_1_41' title="bbox 2118 2878 3763 2950">
    <p class='ocr_par' dir='ltr' id='par_1_41' title="bbox 2118 2878 3763 2950">
     <span class='ocr_line' id='line_1_41' title="bbox 2118 2878 3763 2950; baseline -0.001 -17"><span class='ocrx_word' id='word_1_247' title='bbox 2118 2878 2525 2947; x_wconf 85' lang='lat' dir='ltr'><strong>Fortunatum,</strong></span> <span class='ocrx_word' id='word_1_248' title='bbox 2574 2878 2937 2949; x_wconf 87' lang='lat' dir='ltr'><strong>Stephanum</strong></span> <span class='ocrx_word' id='word_1_249' title='bbox 2970 2885 3030 2933; x_wconf 90' lang='lat' dir='ltr'><strong>et</strong></span> <span class='ocrx_word' id='word_1_250' title='bbox 3058 2880 3377 2933; x_wconf 86' lang='lat' dir='ltr'><strong>Achaicum</strong></span> <span class='ocrx_word' id='word_1_251' title='bbox 3435 2879 3505 2934; x_wconf 93' lang='lat' dir='ltr'><strong>de</strong></span> <span class='ocrx_word' id='word_1_252' title='bbox 3540 2879 3763 2950; x_wconf 85' lang='lat' dir='ltr'><strong>nuptiis</strong></span> 
     </span>
    </p>
   </div>
   <div class='ocr_carea' id='block_1_42' title="bbox 2116 2966 3759 3039">
    <p class='ocr_par' dir='ltr' id='par_1_42' title="bbox 2116 2966 3759 3039">
     <span class='ocr_line' id='line_1_42' title="bbox 2116 2966 3759 3039; baseline -0.001 -17"><span class='ocrx_word' id='word_1_253' title='bbox 2116 2972 2174 3022; x_wconf 88' lang='lat' dir='ltr'><strong>et</strong></span> <span class='ocrx_word' id='word_1_254' title='bbox 2239 2966 2622 3039; x_wconf 87' lang='lat' dir='ltr'><strong>virginitate:</strong></span> <span class='ocrx_word' id='word_1_255' title='bbox 2685 2982 2790 3035; x_wconf 90' lang='lat' dir='ltr'><strong>per</strong></span> <span class='ocrx_word' id='word_1_256' title='bbox 2844 2982 2992 3036; x_wconf 90' lang='lat' dir='ltr'><strong>quos</strong></span> <span class='ocrx_word' id='word_1_257' title='bbox 3044 2966 3351 3036; x_wconf 86' lang='lat' dir='ltr'><strong>rescripsit</strong></span> <span class='ocrx_word' id='word_1_258' title='bbox 3407 2966 3575 3039; x_wconf 81' lang='lat' dir='ltr'><strong>ipsis,</strong></span> <span class='ocrx_word' id='word_1_259' title='bbox 3636 2973 3759 3021; x_wconf 85' lang='lat' dir='ltr'><strong>tum</strong></span> 
     </span>
    </p>
   </div>
   <div class='ocr_carea' id='block_1_43' title="bbox 2114 3054 3763 3120">
    <p class='ocr_par' dir='ltr' id='par_1_43' title="bbox 2114 3054 3763 3120">
     <span class='ocr_line' id='line_1_43' title="bbox 2114 3054 3763 3120; baseline 0.001 -10"><span class='ocrx_word' id='word_1_260' title='bbox 2114 3055 2187 3110; x_wconf 91' lang='lat' dir='ltr'><strong>de</strong></span> <span class='ocrx_word' id='word_1_261' title='bbox 2217 3055 2331 3120; x_wconf 88' lang='lat' dir='ltr'><strong>his,</strong></span> <span class='ocrx_word' id='word_1_262' title='bbox 2364 3060 2490 3112; x_wconf 85' lang='lat' dir='ltr'><strong>tum</strong></span> <span class='ocrx_word' id='word_1_263' title='bbox 2523 3054 2594 3111; x_wconf 90' lang='lat' dir='ltr'><strong>de</strong></span> <span class='ocrx_word' id='word_1_264' title='bbox 2616 3055 2771 3111; x_wconf 84' lang='lat' dir='ltr'><strong>aliis.</strong></span> <span class='ocrx_word' id='word_1_265' title='bbox 2804 3056 2987 3110; x_wconf 89' lang='lat' dir='ltr'><strong>misso</strong></span> <span class='ocrx_word' id='word_1_266' title='bbox 3018 3055 3193 3110; x_wconf 87' lang='lat' dir='ltr'><strong>simul</strong></span> <span class='ocrx_word' id='word_1_267' title='bbox 3226 3056 3403 3112; x_wconf 84' lang='lat' dir='ltr'><strong>etiam</strong></span> <span class='ocrx_word' id='word_1_268' title='bbox 3435 3056 3763 3111; x_wconf 87' lang='lat' dir='ltr'><strong>Timotheo.</strong></span> 
     </span>
    </p>
   </div>
   <div class='ocr_carea' id='block_1_44' title="bbox 356 3138 2056 3244">
    <p class='ocr_par' dir='ltr' id='par_1_44' title="bbox 356 3138 2056 3242">
     <span class='ocr_line' id='line_1_44' title="bbox 356 3138 2056 3242; baseline -0.002 -43"><span class='ocrx_word' id='word_1_269' title='bbox 356 3165 465 3199; x_wconf 84' lang='grc' dir='ltr'>σιοι</span> <span class='ocrx_word' id='word_1_270' title='bbox 497 3143 587 3199; x_wconf 88' lang='grc' dir='ltr'><strong>καὶ</strong></span> <span class='ocrx_word' id='word_1_271' title='bbox 611 3141 925 3222; x_wconf 67' lang='grc' dir='ltr'>φιλόσοφοι,</span> <span class='ocrx_word' id='word_1_272' title='bbox 960 3148 1059 3212; x_wconf 75' lang='grc' dir='ltr'>τῆς</span> <span class='ocrx_word' id='word_1_273' title='bbox 1088 3140 1346 3203; x_wconf 73' lang='grc' dir='ltr'>ἀπονοίας</span> <span class='ocrx_word' id='word_1_274' title='bbox 1399 3138 1711 3216; x_wconf 69' lang='grc' dir='ltr'>διορθοῦται</span> <span class='ocrx_word' id='word_1_275' title='bbox 1739 3141 1803 3195; x_wconf 87' lang='grc' dir='ltr'>τὸ</span> <span class='ocrx_word' id='word_1_276' title='bbox 1832 3140 2002 3205; x_wconf 76' lang='grc' dir='ltr'>πάθος</span> <span class='ocrx_word' id='word_1_277' title='bbox 2043 3183 2056 3242; x_wconf 51' lang='grc' dir='ltr'><strong>γ</strong></span> 
     </span>
    </p>
   </div>
   <div class='ocr_carea' id='block_1_45' title="bbox 2126 3138 3763 3244">
    <p class='ocr_par' dir='ltr' id='par_1_45' title="bbox 2126 3143 3763 3219">
     <span class='ocr_line' id='line_1_45' title="bbox 2126 3143 3763 3219; baseline 0.001 -19"><span class='ocrx_word' id='word_1_278' title='bbox 2126 3144 2402 3211; x_wconf 68' lang='lat' dir='ltr'><strong>Quoniam</strong></span> <span class='ocrx_word' id='word_1_279' title='bbox 2436 3144 2612 3217; x_wconf 77' lang='lat' dir='ltr'><strong>igitur</strong></span> <span class='ocrx_word' id='word_1_280' title='bbox 2642 3143 2851 3200; x_wconf 88' lang='lat' dir='ltr'><strong>divites</strong></span> <span class='ocrx_word' id='word_1_281' title='bbox 2881 3161 2949 3199; x_wconf 88' lang='lat' dir='ltr'><strong>ac</strong></span> <span class='ocrx_word' id='word_1_282' title='bbox 2980 3144 3318 3217; x_wconf 83' lang='lat' dir='ltr'><strong>phi1050phi</strong></span> <span class='ocrx_word' id='word_1_283' title='bbox 3362 3162 3430 3200; x_wconf 83' lang='lat' dir='ltr'><strong>ex</strong></span> <span class='ocrx_word' id='word_1_284' title='bbox 3480 3162 3763 3219; x_wconf 82' lang='lat' dir='ltr'><strong>arrogan-</strong></span> 
     </span>
    </p>
   </div>
   <div class='ocr_carea' id='block_1_46' title="bbox 356 3235 699 3310">
    <p class='ocr_par' dir='ltr' id='par_1_46' title="bbox 356 3235 699 3310">
     <span class='ocr_line' id='line_1_46' title="bbox 356 3235 699 3310; baseline 0.009 -21"><span class='ocrx_word' id='word_1_285' title='bbox 356 3235 409 3289; x_wconf 68' lang='lat' dir='ltr'><strong>iv</strong></span> <span class='ocrx_word' id='word_1_286' title='bbox 435 3244 699 3310; x_wconf 81' lang='grc' dir='ltr'>πρώτοις.</span> 
     </span>
    </p>
   </div>
   <div class='ocr_carea' id='block_1_47' title="bbox 353 3636 2008 3703">
    <p class='ocr_par' dir='ltr' id='par_1_47' title="bbox 353 3636 2008 3703">
     <span class='ocr_line' id='line_1_47' title="bbox 353 3636 2008 3703; baseline -0.002 -3"><span class='ocrx_word' id='word_1_287' title='bbox 353 3642 724 3703; x_wconf 74' lang='grc' dir='ltr'><strong>ΚΕΦΔΑΑΙΛ</strong></span> <span class='ocrx_word' id='word_1_288' title='bbox 780 3644 917 3699; x_wconf 78' lang='grc' dir='ltr'><strong>ΤΗΣ</strong></span> <span class='ocrx_word' id='word_1_289' title='bbox 982 3639 1167 3699; x_wconf 75' lang='grc' dir='ltr'><strong>ΠΡΟΣ</strong></span> <span class='ocrx_word' id='word_1_290' title='bbox 1235 3636 1653 3698; x_wconf 78' lang='grc' dir='ltr'><strong>ΚΟΡΙΝΘΙΟΥΣ</strong></span> <span class='ocrx_word' id='word_1_291' title='bbox 1724 3638 2008 3698; x_wconf 79' lang='grc' dir='ltr'><strong>ΕΠΙΣΤΟ-</strong></span> 
     </span>
    </p>
   </div>
   <div class='ocr_carea' id='block_1_48' title="bbox 959 3729 1412 3787">
    <p class='ocr_par' dir='ltr' id='par_1_48' title="bbox 959 3729 1412 3787">
     <span class='ocr_line' id='line_1_48' title="bbox 959 3729 1412 3787; baseline 0 -2"><span class='ocrx_word' id='word_1_292' title='bbox 959 3732 1099 3787; x_wconf 68' lang='lat' dir='ltr'><strong>All}:</strong></span> <span class='ocrx_word' id='word_1_293' title='bbox 1132 3729 1412 3786; x_wconf 81' lang='grc' dir='ltr'><strong>ΠΡΩΤΙΙΖ</strong></span> 
     </span>
    </p>
   </div>
   <div class='ocr_carea' id='block_1_49' title="bbox 360 3839 2005 3921">
    <p class='ocr_par' dir='ltr' id='par_1_49' title="bbox 360 3839 2005 3921">
     <span class='ocr_line' id='line_1_49' title="bbox 360 3839 2005 3921; baseline -0.004 -17"><span class='ocrx_word' id='word_1_294' title='bbox 360 3850 425 3905; x_wconf 75' lang='grc' dir='ltr'><strong>α’.</strong></span> <span class='ocrx_word' id='word_1_295' title='bbox 470 3849 597 3921; x_wconf 79' lang='grc' dir='ltr'>Περὶ</span> <span class='ocrx_word' id='word_1_296' title='bbox 626 3850 725 3903; x_wconf 77' lang='grc' dir='ltr'>τοῦ</span> <span class='ocrx_word' id='word_1_297' title='bbox 760 3849 834 3920; x_wconf 79' lang='grc' dir='ltr'>μὴ</span> <span class='ocrx_word' id='word_1_298' title='bbox 869 3844 1106 3921; x_wconf 71' lang='grc' dir='ltr'>διχονεῖν</span> <span class='ocrx_word' id='word_1_299' title='bbox 1145 3844 1282 3919; x_wconf 82' lang='grc' dir='ltr'>πρὸς</span> <span class='ocrx_word' id='word_1_300' title='bbox 1336 3841 1626 3913; x_wconf 75' lang='grc' dir='ltr'>ἀλΛήλους</span> <span class='ocrx_word' id='word_1_301' title='bbox 1683 3840 1744 3900; x_wconf 76' lang='grc' dir='ltr'>ἐκ</span> <span class='ocrx_word' id='word_1_302' title='bbox 1771 3839 2005 3921; x_wconf 76' lang='grc' dir='ltr'>φιλοδο-</span> 
     </span>
    </p>
   </div>
   <div class='ocr_carea' id='block_1_50' title="bbox 466 3933 1374 4016">
    <p class='ocr_par' dir='ltr' id='par_1_50' title="bbox 466 3933 1374 4016">
     <span class='ocr_line' id='line_1_50' title="bbox 466 3933 1374 4016; baseline -0.002 -25"><span class='ocrx_word' id='word_1_303' title='bbox 466 3938 579 4009; x_wconf 79' lang='grc' dir='ltr'>ξίας</span> <span class='ocrx_word' id='word_1_304' title='bbox 607 3944 706 4007; x_wconf 78' lang='grc' dir='ltr'>τῆς</span> <span class='ocrx_word' id='word_1_305' title='bbox 735 3935 823 3993; x_wconf 81' lang='grc' dir='ltr'><strong>ἐπὶ</strong></span> <span class='ocrx_word' id='word_1_306' title='bbox 854 3934 1018 4016; x_wconf 74' lang='grc' dir='ltr'>σοφίᾳ</span> <span class='ocrx_word' id='word_1_307' title='bbox 1046 3933 1374 4010; x_wconf 77' lang='grc' dir='ltr'>ἀνθρωπίνῃ.</span> 
     </span>
    </p>
   </div>
   <div class='ocr_carea' id='block_1_51' title="bbox 362 4020 2006 4103">
    <p class='ocr_par' dir='ltr' id='par_1_51' title="bbox 362 4020 2006 4103">
     <span class='ocr_line' id='line_1_51' title="bbox 362 4020 2006 4103; baseline -0.005 -18"><span class='ocrx_word' id='word_1_308' title='bbox 362 4030 409 4103; x_wconf 86' lang='grc' dir='ltr'><strong>β’</strong></span> <span class='ocrx_word' id='word_1_309' title='bbox 472 4028 624 4085; x_wconf 79' lang='grc' dir='ltr'><strong>Κατᾶ</strong></span> <span class='ocrx_word' id='word_1_310' title='bbox 707 4030 921 4101; x_wconf 79' lang='grc' dir='ltr'>πορνῶν</span> <span class='ocrx_word' id='word_1_311' title='bbox 970 4025 1060 4080; x_wconf 84' lang='grc' dir='ltr'><strong>καὶ</strong></span> <span class='ocrx_word' id='word_1_312' title='bbox 1116 4022 1411 4097; x_wconf 81' lang='grc' dir='ltr'>πορνείας,</span> <span class='ocrx_word' id='word_1_313' title='bbox 1468 4020 1559 4077; x_wconf 80' lang='grc' dir='ltr'><strong>καὶ</strong></span> <span class='ocrx_word' id='word_1_314' title='bbox 1620 4025 1728 4078; x_wconf 84' lang='grc' dir='ltr'><strong>τῶν</strong></span> <span class='ocrx_word' id='word_1_315' title='bbox 1786 4021 2006 4083; x_wconf 78' lang='grc' dir='ltr'>τούτοις</span> 
     </span>
    </p>
   </div>
   <div class='ocr_carea' id='block_1_52' title="bbox 460 4115 891 4176">
    <p class='ocr_par' dir='ltr' id='par_1_52' title="bbox 460 4115 891 4176">
     <span class='ocr_line' id='line_1_52' title="bbox 460 4115 891 4176; baseline -0.002 -3"><span class='ocrx_word' id='word_1_316' title='bbox 460 4115 891 4176; x_wconf 68' lang='grc' dir='ltr'>κοινωνούντων.</span> 
     </span>
    </p>
   </div>
   <div class='ocr_carea' id='block_1_53' title="bbox 2115 3232 3762 3307">
    <p class='ocr_par' dir='ltr' id='par_1_53' title="bbox 2115 3232 3762 3307">
     <span class='ocr_line' id='line_1_53' title="bbox 2115 3232 3762 3307; baseline 0.002 -19"><span class='ocrx_word' id='word_1_317' title='bbox 2115 3234 2199 3288; x_wconf 89' lang='lat' dir='ltr'><strong>tia</strong></span> <span class='ocrx_word' id='word_1_318' title='bbox 2238 3233 2522 3305; x_wconf 90' lang='lat' dir='ltr'><strong>populum</strong></span> <span class='ocrx_word' id='word_1_319' title='bbox 2580 3232 2925 3301; x_wconf 87' lang='lat' dir='ltr'><strong>diviserant,</strong></span> <span class='ocrx_word' id='word_1_320' title='bbox 2975 3234 3327 3307; x_wconf 76' lang='lat' dir='ltr'><strong>arrogantiua</strong></span> <span class='ocrx_word' id='word_1_321' title='bbox 3385 3234 3762 3292; x_wconf 63' lang='lat' dir='ltr'><strong>affectionem</strong></span> 
     </span>
    </p>
   </div>
   <div class='ocr_carea' id='block_1_54' title="bbox 2115 3323 2763 3400">
    <p class='ocr_par' dir='ltr' id='par_1_54' title="bbox 2115 3323 2763 3400">
     <span class='ocr_line' id='line_1_54' title="bbox 2115 3323 2763 3400; baseline -0.003 -17"><span class='ocrx_word' id='word_1_322' title='bbox 2115 3323 2274 3383; x_wconf 85' lang='lat' dir='ltr'><strong>inter</strong></span> <span class='ocrx_word' id='word_1_323' title='bbox 2302 3325 2475 3383; x_wconf 85' lang='lat' dir='ltr'><strong>initia</strong></span> <span class='ocrx_word' id='word_1_324' title='bbox 2502 3324 2763 3400; x_wconf 76' lang='lat' dir='ltr'><strong>corrigit.</strong></span> 
     </span>
    </p>
   </div>
   <div class='ocr_carea' id='block_1_55' title="bbox 2189 3640 3695 3702">
    <p class='ocr_par' dir='ltr' id='par_1_55' title="bbox 2189 3640 3695 3702">
     <span class='ocr_line' id='line_1_55' title="bbox 2189 3640 3695 3702; baseline 0.003 -4"><span class='ocrx_word' id='word_1_325' title='bbox 2189 3640 2344 3698; x_wconf 74' lang='grc' dir='ltr'><strong>4η</strong></span> <span class='ocrx_word' id='word_1_326' title='bbox 2400 3641 2642 3701; x_wconf 63' lang='grc' dir='ltr'><strong>ΡΒΙΜΔ</strong></span> <span class='ocrx_word' id='word_1_327' title='bbox 2696 3642 2800 3700; x_wconf 76' lang='lat' dir='ltr'><strong><em>AD</em></strong></span> <span class='ocrx_word' id='word_1_328' title='bbox 2855 3642 3271 3701; x_wconf 76' lang='lat' dir='ltr'><strong>CORINTHIOS</strong></span> <span class='ocrx_word' id='word_1_329' title='bbox 3334 3640 3695 3702; x_wconf 58' lang='lat' dir='ltr'><strong>EPISTOLJ</strong></span> 
     </span>
    </p>
   </div>
   <div class='ocr_carea' id='block_1_56' title="bbox 2796 3733 3087 3791">
    <p class='ocr_par' dir='ltr' id='par_1_56' title="bbox 2796 3733 3087 3791">
     <span class='ocr_line' id='line_1_56' title="bbox 2796 3733 3087 3791; baseline -0.01 -1"><span class='ocrx_word' id='word_1_330' title='bbox 2796 3733 3087 3791; x_wconf 75' lang='grc' dir='ltr'><strong>ΟΑΡΙΤΑ.</strong></span> 
     </span>
    </p>
   </div>
   <div class='ocr_carea' id='block_1_57' title="bbox 2120 3845 3761 3921">
    <p class='ocr_par' dir='ltr' id='par_1_57' title="bbox 2120 3845 3761 3921">
     <span class='ocr_line' id='line_1_57' title="bbox 2120 3845 3761 3921; baseline -0.004 -14"><span class='ocrx_word' id='word_1_331' title='bbox 2120 3851 2169 3907; x_wconf 85' lang='grc'><strong>1.</strong></span> <span class='ocrx_word' id='word_1_332' title='bbox 2212 3850 2369 3916; x_wconf 83' lang='lat' dir='ltr'><strong>Quod</strong></span> <span class='ocrx_word' id='word_1_333' title='bbox 2394 3866 2505 3906; x_wconf 88' lang='lat' dir='ltr'><strong>non</strong></span> <span class='ocrx_word' id='word_1_334' title='bbox 2534 3856 2783 3921; x_wconf 81' lang='lat' dir='ltr'><strong>oporteat</strong></span> <span class='ocrx_word' id='word_1_335' title='bbox 2810 3866 2845 3905; x_wconf 90' lang='lat' dir='ltr'><strong>a</strong></span> <span class='ocrx_word' id='word_1_336' title='bbox 2871 3865 2927 3906; x_wconf 85' lang='lat' dir='ltr'><strong>se</strong></span> <span class='ocrx_word' id='word_1_337' title='bbox 2955 3850 3189 3904; x_wconf 78' lang='lat' dir='ltr'><strong>invicem</strong></span> <span class='ocrx_word' id='word_1_338' title='bbox 3221 3846 3482 3902; x_wconf 78' lang='lat' dir='ltr'><strong>dissidere</strong></span> <span class='ocrx_word' id='word_1_339' title='bbox 3511 3845 3578 3902; x_wconf 90' lang='lat' dir='ltr'><strong>ob</strong></span> <span class='ocrx_word' id='word_1_340' title='bbox 3608 3860 3761 3901; x_wconf 90' lang='lat' dir='ltr'><strong>amo-</strong></span> 
     </span>
    </p>
   </div>
   <div class='ocr_carea' id='block_1_58' title="bbox 2222 3934 3523 4012">
    <p class='ocr_par' dir='ltr' id='par_1_58' title="bbox 2222 3934 3523 4012">
     <span class='ocr_line' id='line_1_58' title="bbox 2222 3934 3523 4012; baseline -0.004 -17"><span class='ocrx_word' id='word_1_341' title='bbox 2222 3956 2337 3996; x_wconf 86' lang='lat' dir='ltr'><strong>rem</strong></span> <span class='ocrx_word' id='word_1_342' title='bbox 2366 3940 2577 4012; x_wconf 69' lang='lat' dir='ltr'><strong>gloria,</strong></span> <span class='ocrx_word' id='word_1_343' title='bbox 2610 3954 2731 4012; x_wconf 75' lang='lat' dir='ltr'><strong>quae</strong></span> <span class='ocrx_word' id='word_1_344' title='bbox 2760 3939 2826 3994; x_wconf 89' lang='lat' dir='ltr'><strong>de</strong></span> <span class='ocrx_word' id='word_1_345' title='bbox 2856 3939 3098 3993; x_wconf 84' lang='lat' dir='ltr'><strong>humana</strong></span> <span class='ocrx_word' id='word_1_346' title='bbox 3126 3940 3201 3990; x_wconf 91' lang='lat' dir='ltr'><strong>est</strong></span> <span class='ocrx_word' id='word_1_347' title='bbox 3227 3934 3523 4007; x_wconf 79' lang='lat' dir='ltr'><strong>sapientia.</strong></span> 
     </span>
    </p>
   </div>
   <div class='ocr_carea' id='block_1_59' title="bbox 2113 4026 3757 4101">
    <p class='ocr_par' dir='ltr' id='par_1_59' title="bbox 2113 4026 3757 4101">
     <span class='ocr_line' id='line_1_59' title="bbox 2113 4026 3757 4101; baseline -0.004 -15"><span class='ocrx_word' id='word_1_348' title='bbox 2113 4032 2169 4086; x_wconf 84' lang='lat'><strong>2.</strong></span> <span class='ocrx_word' id='word_1_349' title='bbox 2211 4031 2476 4087; x_wconf 75' lang='lat' dir='ltr'><strong>Adversus</strong></span> <span class='ocrx_word' id='word_1_350' title='bbox 2532 4037 2727 4101; x_wconf 85' lang='lat' dir='ltr'><strong>stupra</strong></span> <span class='ocrx_word' id='word_1_351' title='bbox 2756 4035 2808 4085; x_wconf 87' lang='lat' dir='ltr'><strong>et</strong></span> <span class='ocrx_word' id='word_1_352' title='bbox 2836 4028 3193 4084; x_wconf 85' lang='lat' dir='ltr'><strong>scortationes</strong></span> <span class='ocrx_word' id='word_1_353' title='bbox 3229 4040 3293 4081; x_wconf 90' lang='lat' dir='ltr'><strong>ac</strong></span> <span class='ocrx_word' id='word_1_354' title='bbox 3349 4040 3435 4083; x_wconf 85' lang='lat' dir='ltr'><strong>eos</strong></span> <span class='ocrx_word' id='word_1_355' title='bbox 3492 4026 3593 4098; x_wconf 84' lang='lat' dir='ltr'><strong>qui</strong></span> <span class='ocrx_word' id='word_1_356' title='bbox 3640 4042 3757 4081; x_wconf 82' lang='lat' dir='ltr'><strong>cum</strong></span> 
     </span>
    </p>
   </div>
   <div class='ocr_carea' id='block_1_60' title="bbox 2225 4121 2687 4192">
    <p class='ocr_par' dir='ltr' id='par_1_60' title="bbox 2225 4121 2687 4192">
     <span class='ocr_line' id='line_1_60' title="bbox 2225 4121 2687 4192; baseline -0.002 -17"><span class='ocrx_word' id='word_1_357' title='bbox 2225 4122 2311 4177; x_wconf 85' lang='lat' dir='ltr'><strong>his</strong></span> <span class='ocrx_word' id='word_1_358' title='bbox 2320 4121 2687 4192; x_wconf 77' lang='lat' dir='ltr'><strong>participant.</strong></span> 
     </span>
    </p>
   </div>
   <div class='ocr_carea' id='block_1_61' title="bbox 353 4200 2056 4284">
    <p class='ocr_par' dir='ltr' id='par_1_61' title="bbox 353 4200 2008 4284">
     <span class='ocr_line' id='line_1_61' title="bbox 353 4200 2008 4284; baseline -0.002 -23"><span class='ocrx_word' id='word_1_359' title='bbox 353 4226 415 4283; x_wconf 54' lang='grc' dir='ltr'>γλ·</span> <span class='ocrx_word' id='word_1_360' title='bbox 463 4209 721 4284; x_wconf 68' lang='grc' dir='ltr'>Περί.τοῦ</span> <span class='ocrx_word' id='word_1_361' title='bbox 772 4208 847 4282; x_wconf 78' lang='grc' dir='ltr'>μὴ</span> <span class='ocrx_word' id='word_1_362' title='bbox 897 4203 1100 4264; x_wconf 77' lang='grc' dir='ltr'>διῖσθαι</span> <span class='ocrx_word' id='word_1_363' title='bbox 1158 4202 1343 4271; x_wconf 79' lang='grc' dir='ltr'>δικῶν,</span> <span class='ocrx_word' id='word_1_364' title='bbox 1398 4203 1487 4258; x_wconf 75' lang='grc' dir='ltr'><strong>καὶ</strong></span> <span class='ocrx_word' id='word_1_365' title='bbox 1540 4205 1709 4257; x_wconf 81' lang='grc' dir='ltr'>ταῦτα</span> <span class='ocrx_word' id='word_1_366' title='bbox 1761 4200 1849 4257; x_wconf 68' lang='grc' dir='ltr'>ἰπὶ</span> <span class='ocrx_word' id='word_1_367' title='bbox 1877 4201 2008 4257; x_wconf 88' lang='grc' dir='ltr'>ἀπί-</span> 
     </span>
    </p>
   </div>
   <div class='ocr_carea' id='block_1_62' title="bbox 2126 4200 3505 4284">
    <p class='ocr_par' dir='ltr' id='par_1_62' title="bbox 2126 4205 3505 4279">
     <span class='ocr_line' id='line_1_62' title="bbox 2126 4205 3505 4279; baseline -0.005 -14"><span class='ocrx_word' id='word_1_368' title='bbox 2126 4210 2166 4265; x_wconf 75' lang='lat'><strong>3.</strong></span> <span class='ocrx_word' id='word_1_369' title='bbox 2209 4211 2366 4276; x_wconf 79' lang='lat' dir='ltr'><strong>Quod</strong></span> <span class='ocrx_word' id='word_1_370' title='bbox 2392 4225 2505 4265; x_wconf 84' lang='lat' dir='ltr'><strong>non</strong></span> <span class='ocrx_word' id='word_1_371' title='bbox 2533 4212 2785 4279; x_wconf 84' lang='lat' dir='ltr'><strong>oporteat</strong></span> <span class='ocrx_word' id='word_1_372' title='bbox 2814 4206 3012 4262; x_wconf 84' lang='lat' dir='ltr'><strong>habere</strong></span> <span class='ocrx_word' id='word_1_373' title='bbox 3041 4205 3161 4262; x_wconf 82' lang='lat' dir='ltr'><strong>lites</strong></span> <span class='ocrx_word' id='word_1_374' title='bbox 3190 4221 3254 4261; x_wconf 79' lang='lat' dir='ltr'><strong>ac</strong></span> <span class='ocrx_word' id='word_1_375' title='bbox 3263 4206 3505 4277; x_wconf 79' lang='lat' dir='ltr'><strong>judicia.</strong></span> 
     </span>
    </p>
   </div>
   <div class='ocr_carea' id='block_1_63' title="bbox 466 4320 627 4356">
    <p class='ocr_par' dir='ltr' id='par_1_63' title="bbox 466 4320 627 4356">
     <span class='ocr_line' id='line_1_63' title="bbox 466 4320 627 4356; baseline 0 0"><span class='ocrx_word' id='word_1_376' title='bbox 466 4320 627 4356; x_wconf 87' lang='grc' dir='ltr'>στων.</span> 
     </span>
    </p>
   </div>
   <div class='ocr_carea' id='block_1_64' title="bbox 361 4380 1574 4463">
    <p class='ocr_par' dir='ltr' id='par_1_64' title="bbox 361 4380 1574 4463">
     <span class='ocr_line' id='line_1_64' title="bbox 361 4380 1574 4463; baseline -0.006 -20"><span class='ocrx_word' id='word_1_377' title='bbox 361 4386 403 4443; x_wconf 83' lang='grc' dir='ltr'>δ’</span> <span class='ocrx_word' id='word_1_378' title='bbox 444 4388 573 4463; x_wconf 83' lang='grc' dir='ltr'>Ηερὶ</span> <span class='ocrx_word' id='word_1_379' title='bbox 602 4387 784 4461; x_wconf 77' lang='grc' dir='ltr'>γάμου</span> <span class='ocrx_word' id='word_1_380' title='bbox 812 4383 904 4440; x_wconf 79' lang='grc' dir='ltr'><strong>καὶ</strong></span> <span class='ocrx_word' id='word_1_381' title='bbox 933 4383 1166 4460; x_wconf 84' lang='grc' dir='ltr'>χηρείας</span> <span class='ocrx_word' id='word_1_382' title='bbox 1193 4381 1283 4437; x_wconf 86' lang='grc' dir='ltr'><strong>καὶ</strong></span> <span class='ocrx_word' id='word_1_383' title='bbox 1315 4380 1574 4457; x_wconf 84' lang='grc' dir='ltr'>ἀγαμίας.</span> 
     </span>
    </p>
   </div>
   <div class='ocr_carea' id='block_1_65' title="bbox 356 4465 2002 4552">
    <p class='ocr_par' dir='ltr' id='par_1_65' title="bbox 356 4465 2002 4552">
     <span class='ocr_line' id='line_1_65' title="bbox 356 4465 2002 4552; baseline -0.005 -19"><span class='ocrx_word' id='word_1_384' title='bbox 356 4480 413 4534; x_wconf 80' lang='grc' dir='ltr'><strong>ε’.</strong></span> <span class='ocrx_word' id='word_1_385' title='bbox 459 4476 587 4552; x_wconf 74' lang='grc' dir='ltr'>Περὶ</span> <span class='ocrx_word' id='word_1_386' title='bbox 646 4474 905 4549; x_wconf 74' lang='grc' dir='ltr'>διαφορᾶς</span> <span class='ocrx_word' id='word_1_387' title='bbox 965 4470 1273 4546; x_wconf 75' lang='grc' dir='ltr'>ἐδεσμάτων</span> <span class='ocrx_word' id='word_1_388' title='bbox 1307 4515 1322 4541; x_wconf 94' lang='grc'><strong>,</strong></span> <span class='ocrx_word' id='word_1_389' title='bbox 1378 4468 1469 4526; x_wconf 87' lang='grc' dir='ltr'><strong>καὶ</strong></span> <span class='ocrx_word' id='word_1_390' title='bbox 1531 4468 1751 4544; x_wconf 79' lang='grc' dir='ltr'>ἀποχῆς</span> <span class='ocrx_word' id='word_1_391' title='bbox 1810 4465 2002 4543; x_wconf 79' lang='grc' dir='ltr'>δαιμοο</span> 
     </span>
    </p>
   </div>
   <div class='ocr_carea' id='block_1_66' title="bbox 464 4559 1010 4637">
    <p class='ocr_par' dir='ltr' id='par_1_66' title="bbox 464 4559 1010 4637">
     <span class='ocr_line' id='line_1_66' title="bbox 464 4559 1010 4637; baseline -0.007 -16"><span class='ocrx_word' id='word_1_392' title='bbox 464 4570 618 4621; x_wconf 78' lang='grc' dir='ltr'>νικοῦ</span> <span class='ocrx_word' id='word_1_393' title='bbox 651 4559 1010 4637; x_wconf 76' lang='grc' dir='ltr'>σεϐάσματος.</span> 
     </span>
    </p>
   </div>
   <div class='ocr_carea' id='block_1_67' title="bbox 2112 4384 3303 4460">
    <p class='ocr_par' dir='ltr' id='par_1_67' title="bbox 2112 4384 3303 4460">
     <span class='ocr_line' id='line_1_67' title="bbox 2112 4384 3303 4460; baseline -0.006 -15"><span class='ocrx_word' id='word_1_394' title='bbox 2112 4392 2166 4447; x_wconf 72' lang='grc' dir='ltr'>ι.</span> <span class='ocrx_word' id='word_1_395' title='bbox 2212 4394 2290 4444; x_wconf 87' lang='lat' dir='ltr'><strong>De</strong></span> <span class='ocrx_word' id='word_1_396' title='bbox 2316 4390 2527 4460; x_wconf 81' lang='lat' dir='ltr'><strong>nuptiis</strong></span> <span class='ocrx_word' id='word_1_397' title='bbox 2555 4394 2609 4444; x_wconf 87' lang='lat' dir='ltr'><strong>et</strong></span> <span class='ocrx_word' id='word_1_398' title='bbox 2636 4388 2907 4444; x_wconf 81' lang='lat' dir='ltr'><strong>viduitate</strong></span> <span class='ocrx_word' id='word_1_399' title='bbox 2934 4402 2998 4443; x_wconf 87' lang='lat' dir='ltr'><strong>ac</strong></span> <span class='ocrx_word' id='word_1_400' title='bbox 3027 4384 3303 4441; x_wconf 63' lang='lat' dir='ltr'><strong>calibatu.</strong></span> 
     </span>
    </p>
   </div>
   <div class='ocr_carea' id='block_1_68' title="bbox 2113 4472 3757 4535">
    <p class='ocr_par' dir='ltr' id='par_1_68' title="bbox 2113 4472 3757 4535">
     <span class='ocr_line' id='line_1_68' title="bbox 2113 4472 3757 4535; baseline -0.006 0"><span class='ocrx_word' id='word_1_401' title='bbox 2113 4481 2165 4535; x_wconf 75' lang='grc'><strong>5.</strong></span> <span class='ocrx_word' id='word_1_402' title='bbox 2209 4479 2285 4535; x_wconf 90' lang='lat' dir='ltr'><strong>De</strong></span> <span class='ocrx_word' id='word_1_403' title='bbox 2334 4478 2653 4534; x_wconf 66' lang='lat' dir='ltr'><strong>diversitate</strong></span> <span class='ocrx_word' id='word_1_404' title='bbox 2716 4477 2958 4533; x_wconf 86' lang='lat' dir='ltr'><strong>ciborum</strong></span> <span class='ocrx_word' id='word_1_405' title='bbox 3031 4482 3085 4531; x_wconf 85' lang='lat' dir='ltr'><strong>et</strong></span> <span class='ocrx_word' id='word_1_406' title='bbox 3140 4474 3471 4531; x_wconf 85' lang='lat' dir='ltr'><strong>abstinentia</strong></span> <span class='ocrx_word' id='word_1_407' title='bbox 3526 4488 3561 4527; x_wconf 80' lang='grc' dir='ltr'><strong>α</strong></span> <span class='ocrx_word' id='word_1_408' title='bbox 3608 4472 3757 4526; x_wconf 85' lang='lat' dir='ltr'><strong>cultu</strong></span> 
     </span>
    </p>
   </div>
   <div class='ocr_carea' id='block_1_69' title="bbox 2219 4568 2544 4626">
    <p class='ocr_par' dir='ltr' id='par_1_69' title="bbox 2219 4568 2544 4626">
     <span class='ocr_line' id='line_1_69' title="bbox 2219 4568 2544 4626; baseline -0.009 0"><span class='ocrx_word' id='word_1_409' title='bbox 2219 4568 2544 4626; x_wconf 62' lang='lat' dir='ltr'><strong>demonum.</strong></span> 
     </span>
    </p>
   </div>
   <div class='ocr_carea' id='block_1_70' title="bbox 354 4647 2056 4730">
    <p class='ocr_par' dir='ltr' id='par_1_70' title="bbox 354 4647 2056 4730">
     <span class='ocr_line' id='line_1_70' title="bbox 354 4647 2056 4730; baseline -0.007 -17"><span class='ocrx_word' id='word_1_410' title='bbox 354 4664 417 4722; x_wconf 84' lang='grc' dir='ltr'><strong>ς’.</strong></span> <span class='ocrx_word' id='word_1_411' title='bbox 462 4656 591 4730; x_wconf 82' lang='grc' dir='ltr'>Περὶ</span> <span class='ocrx_word' id='word_1_412' title='bbox 622 4657 910 4729; x_wconf 79' lang='grc' dir='ltr'>σχήματος</span> <span class='ocrx_word' id='word_1_413' title='bbox 941 4649 1151 4727; x_wconf 81' lang='grc' dir='ltr'>ἀνδρῶν</span> <span class='ocrx_word' id='word_1_414' title='bbox 1211 4649 1301 4706; x_wconf 79' lang='grc' dir='ltr'><strong>καὶ</strong></span> <span class='ocrx_word' id='word_1_415' title='bbox 1360 4650 1649 4725; x_wconf 67' lang='grc' dir='ltr'>γυναικῶν,</span> <span class='ocrx_word' id='word_1_416' title='bbox 1706 4647 1759 4704; x_wconf 70' lang='grc' dir='ltr'>ἐν</span> <span class='ocrx_word' id='word_1_417' title='bbox 1816 4647 2004 4725; x_wconf 73' lang='grc' dir='ltr'>εὐχαῖς</span> <span class='ocrx_word' id='word_1_418' title='bbox 2033 4720 2056 4730; x_wconf 85' lang='lat'>_</span> 
     </span>
    </p>
   </div>
   <div class='ocr_carea' id='block_1_71' title="bbox 2126 4647 3758 4730">
    <p class='ocr_par' dir='ltr' id='par_1_71' title="bbox 2126 4652 3758 4724">
     <span class='ocr_line' id='line_1_71' title="bbox 2126 4652 3758 4724; baseline -0.007 -10"><span class='ocrx_word' id='word_1_419' title='bbox 2126 4660 2163 4714; x_wconf 76' lang='grc'><strong>5.</strong></span> <span class='ocrx_word' id='word_1_420' title='bbox 2205 4661 2282 4715; x_wconf 85' lang='lat' dir='ltr'><strong>De</strong></span> <span class='ocrx_word' id='word_1_421' title='bbox 2310 4659 2536 4715; x_wconf 80' lang='lat' dir='ltr'><strong>dissidio</strong></span> <span class='ocrx_word' id='word_1_422' title='bbox 2564 4656 2811 4714; x_wconf 85' lang='lat' dir='ltr'><strong>virorum</strong></span> <span class='ocrx_word' id='word_1_423' title='bbox 2835 4672 2898 4713; x_wconf 84' lang='lat' dir='ltr'><strong>ac</strong></span> <span class='ocrx_word' id='word_1_424' title='bbox 2924 4654 3213 4711; x_wconf 81' lang='lat' dir='ltr'><strong>mulierum</strong></span> <span class='ocrx_word' id='word_1_425' title='bbox 3262 4654 3323 4707; x_wconf 86' lang='lat' dir='ltr'><strong>in</strong></span> <span class='ocrx_word' id='word_1_426' title='bbox 3346 4652 3758 4724; x_wconf 83' lang='lat' dir='ltr'><strong>precationibus</strong></span> 
     </span>
    </p>
   </div>
   <div class='ocr_carea' id='block_1_72' title="bbox 458 4742 962 4819">
    <p class='ocr_par' dir='ltr' id='par_1_72' title="bbox 458 4742 962 4819">
     <span class='ocr_line' id='line_1_72' title="bbox 458 4742 962 4819; baseline 0 -20"><span class='ocrx_word' id='word_1_427' title='bbox 458 4750 550 4800; x_wconf 81' lang='grc' dir='ltr'><strong>και</strong></span> <span class='ocrx_word' id='word_1_428' title='bbox 579 4742 962 4819; x_wconf 74' lang='grc' dir='ltr'>προφητείαις.</span> 
     </span>
    </p>
   </div>
   <div class='ocr_carea' id='block_1_73' title="bbox 354 4827 1813 4911">
    <p class='ocr_par' dir='ltr' id='par_1_73' title="bbox 354 4827 1813 4911">
     <span class='ocr_line' id='line_1_73' title="bbox 354 4827 1813 4911; baseline -0.005 -18"><span class='ocrx_word' id='word_1_429' title='bbox 354 4842 415 4905; x_wconf 69' lang='grc' dir='ltr'><strong>ζ.</strong></span> <span class='ocrx_word' id='word_1_430' title='bbox 448 4834 582 4911; x_wconf 82' lang='grc' dir='ltr'>Περὶ</span> <span class='ocrx_word' id='word_1_431' title='bbox 607 4832 889 4894; x_wconf 74' lang='grc' dir='ltr'>κοινωνίας</span> <span class='ocrx_word' id='word_1_432' title='bbox 921 4833 1277 4906; x_wconf 75' lang='grc' dir='ltr'>θεοπρεποῦς,</span> <span class='ocrx_word' id='word_1_433' title='bbox 1308 4830 1374 4885; x_wconf 77' lang='grc' dir='ltr'>οὐ</span> <span class='ocrx_word' id='word_1_434' title='bbox 1404 4827 1813 4902; x_wconf 79' lang='grc' dir='ltr'>πλησμονικῆς.</span> 
     </span>
    </p>
   </div>
   <div class='ocr_carea' id='block_1_74' title="bbox 349 5013 1388 5094">
    <p class='ocr_par' dir='ltr' id='par_1_74' title="bbox 349 5013 1388 5094">
     <span class='ocr_line' id='line_1_74' title="bbox 349 5013 1388 5094; baseline -0.011 -18"><span class='ocrx_word' id='word_1_435' title='bbox 349 5025 398 5089; x_wconf 81' lang='grc' dir='ltr'><strong>η’</strong></span> <span class='ocrx_word' id='word_1_436' title='bbox 438 5017 571 5094; x_wconf 80' lang='grc' dir='ltr'><strong>Περῖ</strong></span> <span class='ocrx_word' id='word_1_437' title='bbox 657 5014 917 5094; x_wconf 56' lang='grc' dir='ltr'>διαφορᾶς</span> <span class='ocrx_word' id='word_1_438' title='bbox 1009 5013 1388 5090; x_wconf 80' lang='grc' dir='ltr'>χαρισμάτων,</span> 
     </span>
    </p>
   </div>
   <div class='ocr_carea' id='block_1_75' title="bbox 457 5128 657 5165">
    <p class='ocr_par' dir='ltr' id='par_1_75' title="bbox 457 5128 657 5165">
     <span class='ocr_line' id='line_1_75' title="bbox 457 5128 657 5165; baseline 0.005 -1"><span class='ocrx_word' id='word_1_439' title='bbox 457 5128 657 5165; x_wconf 75' lang='grc' dir='ltr'>αυτων.</span> 
     </span>
    </p>
   </div>
   <div class='ocr_carea' id='block_1_76' title="bbox 346 5190 1600 5274">
    <p class='ocr_par' dir='ltr' id='par_1_76' title="bbox 346 5190 1600 5274">
     <span class='ocr_line' id='line_1_76' title="bbox 346 5190 1600 5274; baseline -0.003 -19"><span class='ocrx_word' id='word_1_440' title='bbox 346 5201 411 5256; x_wconf 86' lang='grc' dir='ltr'><strong>θ’.</strong></span> <span class='ocrx_word' id='word_1_441' title='bbox 454 5198 583 5274; x_wconf 83' lang='grc' dir='ltr'>Περὶ</span> <span class='ocrx_word' id='word_1_442' title='bbox 612 5192 947 5258; x_wconf 70' lang='grc' dir='ltr'>ἀναστᾶσεως</span> <span class='ocrx_word' id='word_1_443' title='bbox 977 5214 1247 5269; x_wconf 81' lang='grc' dir='ltr'>σωματων</span> <span class='ocrx_word' id='word_1_444' title='bbox 1278 5190 1600 5263; x_wconf 70' lang='grc' dir='ltr'>καθολικῆς.</span> 
     </span>
    </p>
   </div>
   <div class='ocr_carea' id='block_1_77' title="bbox 2214 4748 2622 4822">
    <p class='ocr_par' dir='ltr' id='par_1_77' title="bbox 2214 4748 2622 4822">
     <span class='ocr_line' id='line_1_77' title="bbox 2214 4748 2622 4822; baseline -0.007 -17"><span class='ocrx_word' id='word_1_445' title='bbox 2214 4756 2266 4805; x_wconf 87' lang='lat' dir='ltr'><strong>et</strong></span> <span class='ocrx_word' id='word_1_446' title='bbox 2292 4748 2622 4822; x_wconf 85' lang='lat' dir='ltr'><strong>prophetiis.</strong></span> 
     </span>
    </p>
   </div>
   <div class='ocr_carea' id='block_1_78' title="bbox 2108 4831 3757 4907">
    <p class='ocr_par' dir='ltr' id='par_1_78' title="bbox 2108 4831 3757 4907">
     <span class='ocr_line' id='line_1_78' title="bbox 2108 4831 3757 4907; baseline -0.006 -14"><span class='ocrx_word' id='word_1_447' title='bbox 2108 4842 2159 4893; x_wconf 84' lang='grc'><strong>7.</strong></span> <span class='ocrx_word' id='word_1_448' title='bbox 2205 4839 2274 4895; x_wconf 89' lang='lat' dir='ltr'><strong>De</strong></span> <span class='ocrx_word' id='word_1_449' title='bbox 2314 4839 2803 4895; x_wconf 79' lang='lat' dir='ltr'><strong>communicatione</strong></span> <span class='ocrx_word' id='word_1_450' title='bbox 2859 4849 2987 4907; x_wconf 71' lang='lat' dir='ltr'><strong>quae</strong></span> <span class='ocrx_word' id='word_1_451' title='bbox 3043 4834 3137 4888; x_wconf 85' lang='lat' dir='ltr'><strong>Dei</strong></span> <span class='ocrx_word' id='word_1_452' title='bbox 3192 4831 3429 4888; x_wconf 79' lang='lat' dir='ltr'><strong>cultores</strong></span> <span class='ocrx_word' id='word_1_453' title='bbox 3484 4831 3671 4887; x_wconf 83' lang='lat' dir='ltr'><strong>deceat</strong></span> <span class='ocrx_word' id='word_1_454' title='bbox 3700 4836 3757 4885; x_wconf 89' lang='lat' dir='ltr'><strong>et</strong></span> 
     </span>
    </p>
   </div>
   <div class='ocr_carea' id='block_1_79' title="bbox 2214 4927 3062 4995">
    <p class='ocr_par' dir='ltr' id='par_1_79' title="bbox 2214 4927 3062 4995">
     <span class='ocr_line' id='line_1_79' title="bbox 2214 4927 3062 4995; baseline -0.011 -12"><span class='ocrx_word' id='word_1_455' title='bbox 2214 4945 2323 4984; x_wconf 89' lang='lat' dir='ltr'><strong>non</strong></span> <span class='ocrx_word' id='word_1_456' title='bbox 2353 4931 2425 4984; x_wconf 87' lang='lat' dir='ltr'><strong>sit</strong></span> <span class='ocrx_word' id='word_1_457' title='bbox 2451 4929 2525 4983; x_wconf 86' lang='lat' dir='ltr'><strong>ad</strong></span> <span class='ocrx_word' id='word_1_458' title='bbox 2554 4927 3062 4995; x_wconf 84' lang='lat' dir='ltr'><strong>ingurgitationem.</strong></span> 
     </span>
    </p>
   </div>
   <div class='ocr_carea' id='block_1_80' title="bbox 1488 5009 2056 5085">
    <p class='ocr_par' dir='ltr' id='par_1_80' title="bbox 1488 5009 1999 5085">
     <span class='ocr_line' id='line_1_80' title="bbox 1488 5009 1999 5085; baseline -0.004 -18"><span class='ocrx_word' id='word_1_459' title='bbox 1488 5011 1579 5067; x_wconf 85' lang='grc' dir='ltr'><strong>καὶ</strong></span> <span class='ocrx_word' id='word_1_460' title='bbox 1681 5010 1863 5067; x_wconf 88' lang='grc' dir='ltr'>οίκονο</span> <span class='ocrx_word' id='word_1_461' title='bbox 1872 5009 1999 5085; x_wconf 87' lang='grc' dir='ltr'>μίας</span> 
     </span>
    </p>
   </div>
   <div class='ocr_carea' id='block_1_81' title="bbox 2126 5009 3643 5085">
    <p class='ocr_par' dir='ltr' id='par_1_81' title="bbox 2126 5011 3643 5085">
     <span class='ocr_line' id='line_1_81' title="bbox 2126 5011 3643 5085; baseline -0.007 -11"><span class='ocrx_word' id='word_1_462' title='bbox 2126 5021 2160 5074; x_wconf 81' lang='grc' dir='ltr'>ι.</span> <span class='ocrx_word' id='word_1_463' title='bbox 2202 5020 2277 5075; x_wconf 87' lang='lat' dir='ltr'><strong>De</strong></span> <span class='ocrx_word' id='word_1_464' title='bbox 2303 5020 2569 5074; x_wconf 85' lang='lat' dir='ltr'><strong>varietate</strong></span> <span class='ocrx_word' id='word_1_465' title='bbox 2597 5017 2865 5072; x_wconf 87' lang='lat' dir='ltr'><strong>donorum</strong></span> <span class='ocrx_word' id='word_1_466' title='bbox 2895 5029 3188 5085; x_wconf 86' lang='lat' dir='ltr'><strong>eorumque</strong></span> <span class='ocrx_word' id='word_1_467' title='bbox 3216 5011 3643 5083; x_wconf 87' lang='lat' dir='ltr'><strong>dispensatione.</strong></span> 
     </span>
    </p>
   </div>
   <div class='ocr_carea' id='block_1_82' title="bbox 2106 5185 3374 5263">
    <p class='ocr_par' dir='ltr' id='par_1_82' title="bbox 2106 5185 3374 5263">
     <span class='ocr_line' id='line_1_82' title="bbox 2106 5185 3374 5263; baseline -0.007 -15"><span class='ocrx_word' id='word_1_468' title='bbox 2106 5194 2160 5248; x_wconf 80' lang='lat'><strong>9.</strong></span> <span class='ocrx_word' id='word_1_469' title='bbox 2201 5194 2279 5250; x_wconf 84' lang='lat' dir='ltr'><strong>De</strong></span> <span class='ocrx_word' id='word_1_470' title='bbox 2309 5189 2608 5249; x_wconf 80' lang='lat' dir='ltr'><strong>universali</strong></span> <span class='ocrx_word' id='word_1_471' title='bbox 2636 5204 2928 5263; x_wconf 84' lang='lat' dir='ltr'><strong>corporum</strong></span> <span class='ocrx_word' id='word_1_472' title='bbox 2956 5185 3374 5246; x_wconf 75' lang='lat' dir='ltr'><strong>resurrectione.</strong></span> 
     </span>
    </p>
   </div>
  </div>
