4188 6196
442 383 456 390 ς
481 333 611 408 σεο

1324 484 2084 719 ΠΑΥΛΟΥ.

1600 343 1970 408 ’ωΟΗΜΕΝ
1977 349 2036 409 II
2079 341 2385 413 TRICCB
2401 349 2408 354 ’
2427 351 2777 416 EPISCOPI

2157 489 3245 727 AHOZTOACY

2128 826 2264 884 ΤΩΝ

487 1015 504 1019 ’
793 1017 2913 1178 ”“”ῙῙΡὈ’Σ”ΚΟΡῙΝΘῘΟΥΣἘΠΙΣΤΟΛὨΝ
2991 1031 3469 1134 ΠΡΩΤΗ.

1091 1439 1118 1525 -ς
1171 1439 1196 1446 ~-
1235 1441 1238 1444 ~
1281 1312 1578 1538 PA
1603 1389 1991 1542 ULL
2061 1389 3150 1548 .APOSTOLI'
3195 1462 3254 1471 σο

2013 1646 2362 1708 DU'ARUM

623 1901 630 1908 ,
2005 1790 3458 1916 ΕΡΙΞΤΟΕΑΒΠΜηΡΒΙΜΑ

1019 2171 1172 2229 ιη
1214 2174 1597 2236 ramulum.
2164 2182 2218 2250 Α
2471 2137 2473 2139 ’
2863 2183 3268 2247 ΠΡΟΟΙΜΙΟΝ.

554 2260 592 2325 l,
621 2263 735 2316 1-3.
763 2283 795 2313 α
814 2262 1034 2321 Paulus
1051 2271 1288 2322 vocatus
1314 2268 1620 2340 Apostolus
1634 2267 1767 2325 Jcsu
1792 2267 2006 2326 Christi
2027 2284 2136 2343 per

481 2369 513 2401 οι
542 2349 904 2409 voluntatem
931 2354 1031 2409 Dei
1057 2361 1117 2410 et
1140 2355 1458 2413 Sosthenes
1485 2359 1687 2422 frater,
1720 2359 1998 2414 Ecclesiae
2031 2361 2135 2426 Dei

480 2459 511 2490 α
545 2457 675 2512 quas
709 2447 798 2496 est
827 2442 1088 2500 Corinthi
1123 2447 1507 2503 sanctiﬁcatis
1547 2465 1654 2520 per
1710 2448 2009 2505 Christum
2039 2451 2134 2506 Je-

482 2549 514 2581 ‹‹
545 2547 673 2586 sum
707 2533 926 2589 vocatis
959 2535 1202 2596 sanctis.
1232 2551 1356 2594 una
1402 2551 1536 2595 cum
1597 2537 1877 2594 omnibus
1908 2539 2008 2611 qui
2043 2538 2136 2596 in-

483 2639 514 2669 κ
544 2627 752 2676 vocant
800 2639 1019 2679 nomen
1078 2625 1313 2681 Domini
1363 2627 1550 2682 nostri
1608 2629 1748 2685 Jesu
1797 2628 2036 2688 Christi.
2070 2629 2132 2685 in

472 2722 512 2759 '«
546 2711 751 2781 quovis
775 2711 921 2772 loco.
958 2718 1018 2767 et
1047 2730 1174 2781 suo,
1195 2722 1471 2771 etnostro
1495 2733 1508 2770 :
1540 2717 1728 2788 gratia
1747 2716 1911 2772 vobis
1941 2723 2000 2773 et
2019 2734 2132 2790 pax

479 2818 511 2850 (ι
540 2815 574 2853 a
605 2799 723 2854 Deo
754 2801 926 2856 Patre
955 2809 1161 2860 nostro
1183 2810 1242 2858 et
1261 2805 1513 2862 Domino
1542 2805 1679 2862 Iesu
1707 2807 1958 2864 Christo.
1992 2829 2023 2858 »

546 2982 627 3036 Ex
659 2996 727 3038 eo
751 2981 908 3055 quod
930 2983 1013 3038 sei
1024 2998 1195 3055 psum
1217 2984 1362 3041 dicit
1383 2991 1680 3054 vocatum,
1704 2987 1948 3053 corrigit
1973 2987 2129 3045 illos.

480 3068 596 3142 Ego
626 3070 774 3141 ipse,
809 3069 1020 3142 inquit.
1055 3087 1175 3128 non
1220 3073 1500 3130 constitui
1550 3076 1844 3148 meipsum
1895 3082 2133 3148 aposto-

480 3157 629 3220 lum.
663 3165 721 3214 et
750 3158 1048 3230 quomodo
1078 3177 1182 3219 vos
1212 3162 1372 3236 ipsos
1403 3165 1768 3222 constituitis
1811 3172 2132 3238 pracepto-

482 3249 626 3305 res‘?
647 3270 676 3299 «
709 3249 1023 3322 Apostolus
1052 3252 1190 3310 Jesu
1220 3253 1457 3320 Christi,
1491 3274 1520 3306 ι)
1553 3257 1888 3328 Praeceptor
1941 3263 2134 3312 vester

483 3339 749 3395 Christus
782 3346 890 3406 est,
923 3341 1140 3413 inquit,
1190 3359 1297 3398 cur
1353 3345 1631 3408 homines
1687 3345 1913 3402 fecistis
1967 3345 2133 3402 vobis

481 3436 879 3503 praeceptores
906 3429 934 3484 Ἰ
965 3452 995 3482 cc
1026 3432 1138 3486 Per
1164 3432 1529 3490 voluntatem
1566 3434 1687 3488 Dei.
1723 3455 1754 3485 »
1811 3436 1881 3490 Et
1927 3435 2040 3493 hoc
2069 3441 2135 3490 ut

2294 2270 2536 2338 ’Παῦλος
2597 2272 2806 2343 κλητὸς
2897 2274 3205 2339 ἀποστολος
3271 2278 3454 2347 Ἰησοῦ
3512 2280 3752 2351 Χριστοῦ
3809 2275 3899 2334 διὰ

2243 2358 2561 2435 θελήματος
2641 2365 2826 2432 Θεοῦ,
2912 2364 3006 2420 καὶ
3081 2368 3365 2438 Σωσθένης
3423 2368 3453 2424 ὁ
3502 2364 3770 2448 ἁδελφὸς,
3826 2371 3896 2442 τῇ

2245 2449 2549 2525 Ἐκκλησίᾳ
2605 2457 2704 2509 τοῦ
2766 2458 2904 2511 Θεοῦ
2971 2458 3038 2528 τῇ
3098 2453 3229 2531 οὔσῃ
3285 2456 3337 2512 ἐν
3400 2457 3670 2530 Κορίνθῳ,
3731 2461 3900 2534 ἡγια-

2240 2540 2460 2614 σμένοις
2546 2541 2599 2598 ἐν
2689 2548 2907 2617 Χριστῳ
2982 2545 3168 2614 Ἰησοῦ
3242 2544 3475 2613 κλητοῖς
3563 2545 3744 2623 ἁγίοις
3805 2544 3898 2601 σὺν

2243 2631 2376 2687 πᾶσι
2459 2637 2577 2694 τοῖς
2661 2629 3125 2706 ἐπικαλουμένοις
3196 2635 3259 2688 τὸ
3318 2630 3494 2709 ὄνομα
3538 2639 3636 2692 τοῦ
3697 2635 3892 2712 Κυρίου

2223 2715 2400 2793 ’ἡμῶν
2470 2723 2652 2794 Ἰησοῦ
2737 2724 2977 2797 Χριστοῦ
3061 2722 3115 2776 ἂν
3170 2722 3332 2778 παντὶ
3369 2724 3550 2797 τόπῳ,
3611 2723 3788 2780 αὐτῶν
3837 2745 3896 2780 τε

2219 2808 2327 2864 ρκαὶ
2384 2811 2569 2882 ἡμῶν,
2621 2809 2785 2884 χάρις
2843 2810 2974 2884 ὖμῖν
3023 2811 3115 2866 καὶ
3165 2812 3357 2884 εἴρήνη
3419 2813 3526 2868 ἀπὸ
3585 2817 3720 2870 Θεοῦ
3778 2814 3892 2871 Ha-

2235 2899 2364 2973 τρὸς
2392 2901 2553 2972 ἡμῶν
2581 2901 2668 2954 καὶ
2704 2901 2906 2973 Κυρίου
2933 2901 3118 2969 Ἰησοῦ
3148 2905 3404 2976 Χριστοῦ.

2309 2989 2406 3044 Ἐκ
2459 2991 2555 3042 τοῦ
2609 2987 2815 3057 κλητὸν
2876 2988 3062 3044 ἑαυτὸν
3113 2989 3363 3057 καλέσαι,
3423 2987 3738 3065 διορθοῦται
3792 2991 3893 3048 αὖα

2237 3075 2385 3140 τούς.
2427 3077 2576 3155 Ἐγὼ
2605 3077 2785 3142 αὐτὸς.
2818 3078 3007 3151 φησὲν,
3049 3079 3153 3135 οὐκ
3208 3079 3738 3161 αὐτοχειροτόνητός
3777 3079 3893 3154 εἶμι

2239 3164 2567 3235 ἀπόστολος,
2625 3165 2718 3220 καὶ
2769 3169 2886 3226 πῶς
2947 3166 3104 3238 ὑμεῖς
3159 3166 3681 3245 αὖτοχειροτόνῃτοι
3741 3165 3895 3226 διδέ-

2238 3253 2436 3312 σκαλοι
2469 3274 2482 3322 ;
2517 3277 2546 3306 (ι
2578 3253 2916 3316 ’Λπόστολος
2947 3254 3130 3325 Ἰησοῦ
3165 3260 3420 3322 Χριστοῦ.
3455 3279 3484 3308 »
3543 3258 3605 3315 '0
3637 3253 3891 3314 διδάσκα·

2238 3341 2337 3406 λος
2365 3343 2542 3418 ὑμῶν,
2570 3343 2801 3416 Χριστός
2830 3340 2965 3410 ἐστι,
2998 3343 3155 3415 φησί,
3189 3345 3242 3398 τί
3277 3345 3596 3417 ἀνθρώπους
3629 3345 3888 3416 ἐποιήσα-

2235 3453 2295 3488 τε
2327 3433 2478 3505 ὑμῶν
2507 3428 2868 3495 διδασκάλους
2901 3450 2916 3500 ;
2963 3456 2992 3484 ι(
3026 3432 3131 3492 Καὶ
3178 3436 3342 3488 τοῦτο
3393 3431 3616 3508 θὲλημα
3671 3438 3826 3491 Θεοῦ.
3862 3457 3892 3487 ιο

393 3594 404 3606 .
479 3519 752 3577 voluntas
790 3520 886 3575 Dei
921 3536 1025 3591 per
1055 3537 1165 3576 nos
1196 3522 1496 3594 apostolos
1526 3523 1968 3592 prmdicaretur.
2004 3545 2035 3574 α
2065 3525 2132 3578 Ει

2244 3523 2322 3576 Δι’
2380 3524 2541 3596 ἡμῶν
2600 3522 2957 3597 κηρπόσσεσθαι
3011 3527 3120 3578 τῶν
3176 3523 3518 3583 ἀποστόλων.
3576 3549 3604 3576 ‹‹
3640 3525 3742 3583 Καὶ
3775 3531 3894 3581 Σω-

483 3609 888 3665 Sosthenes..»
923 3609 1224 3680 Siquidem
1265 3627 1341 3666 ne
1373 3611 1744 3668 arbitremini
1774 3612 1932 3669 418
1975 3613 2132 3685 quod

483 3698 780 3755 vindicata
806 3699 951 3755 mihi
1007 3699 1126 3772 ipsi
1152 3699 1403 3756 docendi
1445 3700 1753 3773 dignitate,
1782 3705 1883 3758 vos
1917 3719 2133 3774 purga-

486 3794 655 3847 turus
681 3789 910 3845 veniam
943 3807 975 3845 a
1006 3794 1238 3844 tumore
1268 3789 1366 3860 qui
1400 3789 1536 3844 inde
1577 3790 1885 3860 provenire
1933 3789 2086 3846 solet
2117 3809 2130 3847 :

488 3878 622 3932 ecCe
655 3880 710 3932 et
737 3878 1086 3934 Sosthenem
1119 3879 1265 3933 mihi
1302 3878 1412 3949 ipsi
1457 3878 1754 3951 conjungo
1793 3895 1860 3934 ac
1891 3879 2133 3936 fratrem

486 3966 744 4036 appello,
788 3976 989 4025 etuna
1036 3985 1170 4026 cum
1201 3969 1330 4040 ipso
1363 3969 1577 4032 scribo,
1613 3985 1744 4041 quas
1801 3986 1937 4026 mea
1997 3977 2137 4026 sunt

484 4056 954 4112 communicans.
1001 4058 1116 4112 Cur
1145 4058 1324 4132 igitur
1352 4058 1516 4114 vobis
1547 4058 1770 4114 obsisto
1801 4059 1827 4114 ?
1855 4060 2003 4126 Quia
2023 4076 2130 4117 no-

484 4144 645 4202 civus
677 4151 764 4201 est
792 4145 955 4201 vobis
985 4151 1183 4204 tumor
1237 4146 1310 4202 ob
1352 4146 1682 4203 doctrinam
1718 4153 1976 4207 exortus.
2037 4149 2132 4204 Et-

485 4235 645 4292 enim
678 4233 810 4291 cum
842 4234 994 4291 nihil
1025 4235 1190 4290 vobis
1221 4236 1426 4307 prosit.
1459 4252 1559 4292 eos
1579 4237 1758 4292 etiam
1783 4237 1880 4308 qui
1903 4236 2133 4292 obtem-

480 4329 695 4398 perant
714 4340 748 4378 a
773 4323 1042 4380 doctrina
1069 4340 1214 4380 sana
1229 4324 1506 4381 aberrare
1538 4325 1696 4390 facit,
1731 4331 1788 4382 et
1818 4341 2134 4383 commune

485 4413 693 4470 dividit
722 4414 997 4470 Ecclesiae
1028 4418 1261 4486 corpus.
1324 4436 1354 4465 «
1386 4415 1606 4471 Frater.
1638 4436 1668 4465 »
1718 4417 1800 4470 Ex
1845 4415 2136 4472 modestia

486 4521 615 4560 sese
641 4502 918 4559 Sostheni
944 4504 1076 4575 conj
1090 4505 1277 4577 ungit.
1307 4525 1337 4554 «
1367 4504 1645 4560 Ecclesiaa
1680 4505 1802 4562 Dei.
1837 4525 1866 4556 »
1889 4505 2133 4570 Quodsi

486 4593 586 4650 Dei
619 4593 881 4649 Ecclesia
911 4594 1074 4658 estis,
1104 4609 1220 4665 quo
1251 4599 1417 4664 pacto
1451 4610 1548 4648 vos
1574 4594 1736 4665 ipsos
1792 4593 2134 4650 hominibus

484 4683 831 4739 addixistis:
876 4705 903 4733 ‹‹
963 4682 1359 4739 Sanctificatis
1413 4699 1519 4754 per
1574 4683 1956 4738 Christum.»
2015 4685 2134 4739 Hoc

486 4779 594 4828 est.
631 4774 858 4828 lavacro
891 4779 951 4829 et
980 4772 1096 4830 {ide
1136 4773 1375 4835 Christi,
1409 4789 1531 4828 non
1562 4788 1670 4844 per
1700 4788 1800 4827 eos
1827 4773 1928 4843 qui
1971 4788 2133 4829 nunc

488 4867 627 4916 sunt
654 4860 818 4915 vobis
858 4869 1272 4934 praeceptores.
1326 4882 1356 4913 «
1391 4862 1620 4917 Vocatis
1652 4861 1893 4917 sanctis.
1925 4882 1954 4911 »
1987 4863 2132 4916 Nam

489 4948 678 5002 ethoc
726 4950 917 5019 ipsum
953 4951 1112 5022 quod
1143 4969 1242 5008 vos
1295 4951 1666 5008 credideritis
1697 4967 1817 5006 non
1875 4956 2131 5008 vestrum

489 5042 596 5098 est.
631 5038 734 5092 sed
761 5055 794 5093 a
825 5040 938 5094 Deo
970 5041 1156 5096 vocati
1207 5043 1350 5097 estis
1407 5041 1481 5097 ad
1513 5040 1712 5097 fidem.
1743 5063 1772 5090 ‹‹
1823 5042 1949 5097 Una
1995 5057 2130 5097 cum

486 5128 761 5184 omnibus
791 5130 891 5202 qui
923 5130 1213 5186 invocant.
1251 5153 1280 5183 »
1312 5133 1436 5187 Non
1475 5131 1666 5187 solum
1707 5131 1870 5186 vobis
1927 5131 2132 5186 Corin-

485 5219 647 5278 thiis.
681 5218 894 5290 inquit,
919 5220 1106 5293 gratia
1137 5226 1194 5275 et
1222 5238 1356 5293 pax,
1392 5221 1495 5277 sed
1523 5237 1646 5279 una
1675 5238 1810 5277 cum
1855 5220 2132 5276 omnibus

484 5309 580 5381 qui
619 5309 892 5364 invocant
922 5310 1216 5366 Christum
1258 5310 1318 5365 in
1351 5327 1706 5383 quocunque
1748 5311 1876 5367 loco
1904 5317 2007 5366 aut
2044 5309 2132 5364 illi

483 5404 744 5456 suntaut
773 5416 872 5454 vos
905 5398 1065 5454 estis.
1115 5431 1182 5440 —
1218 5399 1407 5455 Aliud.
1467 5402 1761 5466 Quantum
1811 5400 1895 5455 illi
1955 5405 2132 5458 etiam

2171 4899 2213 4966 C

2241 3611 2514 3682 σθένης.,››
2547 3611 2774 3685 Μὴ,γὰρ
2831 3611 3092 3684 νομίσητε
3144 3611 3228 3668 ὅτι
3289 3611 3507 3686 ἐμαυτῷ
3561 3613 3890 3690 περιποιοῦ-

2243 3720 2400 3772 μενος
2425 3699 2489 3756 τὸ
2515 3701 2611 3768 τῆς
2642 3697 2994 3763 διδασκαλίας
3025 3699 3238 3774 ἀξίωμα
3289 3701 3428 3775 ὑμᾶς
3483 3699 3674 3775 μέλλω
3704 3706 3888 3761 καθαι-

2241 3793 2351 3862 ρεῖν
2373 3795 2473 3856 τῆς
2504 3787 2590 3844 ἐπὶ
2631 3788 2811 3861 τούτῳ
2871 3791 3204 3866 φυσιώσεως.
3268 3786 3410 3846 Ἰδοὺ
3465 3790 3570 3866 γὰρ
3623 3791 3714 3846 καὶ
3771 3798 3893 3847 Σω-

2241 3876 2428 3948 σθένην
2469 3877 2702 3950 -ἐμαὶιτῷ
2761 3867 3034 3935 συντάττω
3087 3876 3177 3935 κὰῖ
3230 3875 3466 3957 ἀδελφὸν
3533 3875 3690 3936 καλῶ
3721 3923 3736 3949 ,
3796 3882 3891 3938 καὶ

2240 3967 2332 4022 συν
2389 3966 2534 4040 αὐτῷ
2565 3965 2896 4039 ἐπιστέλλω,
2957 3970 3448 4042 κοινοποιούμενος
3479 3971 3547 4026 τὰ
3579 3971 3700 4034 ἐμά.
3735 3971 3892 4027 Διατί

2241 4056 2331 4112 οῦν
2367 4056 2507 4130 ὑμᾶς
2561 4055 2854 4132 ιγκόπτωε
2909 4059 3030 4118 Ὀτι
3061 4053 3357 4121 ἐπιϐλαϐές
3391 4060 3542 4132 ὑμῶν
3574 4059 3637 4116 τὸ
3696 4059 3788 4116 ἰπὶ
3817 4064 3889 4136 τῇ

2242 4142 2601 4217 διδοασκαλίᾳ
2651 4145 2915 4222 φύσημα.
2973 4149 3139 4220 Ὑμᾶς
3186 4167 3243 4202 τε
3296 4147 3398 4223 γὰρ
3448 4145 3601 4204 οὐδὲν
3659 4149 3892 4220 ὀνίνησι,

2241 4235 2370 4299 τούς
2401 4257 2461 4290 τε
2491 4235 2848 4310 πειθομένους
2878 4235 3118 4307 ἐξίστησι
3170 4244 3274 4306 τῆς
3333 4239 3685 4314 ὑγιαινούσης
3739 4237 3894 4296 διδα-

2245 4324 2494 4394 σκαλίας,
2525 4327 2611 4381 καὶ
2647 4326 2710 4382 τὸ
2739 4325 2916 4383 κοινὸν
2968 4327 3176 4400 μερίζει
3214 4333 3315 4398 τῆς
3346 4327 3674 4396 Ἐκκλησίας
3711 4334 3891 4402 σῶμα,

2246 4440 2276 4469 κ
2306 4417 2368 4474 Ὀ
2426 4413 2678 4494 ἀδελφός.
2723 4439 2753 4468 δι
2807 4414 2955 4475 Κατὰ
3014 4410 3342 4492 μετριότητα
3393 4419 3648 4475 συνάπτει
3707 4419 3892 4475 ἑαυτὸν

2245 4503 2532 4568 Σωσθὲνει.
2584 4507 2719 4578 «Τῇ
2773 4501 3077 4576 Ἐκκλησίᾳ
3123 4507 3222 4560 τοῦ
3277 4509 3411 4560 Θεοῦ
3475 4528 3504 4557 ››
3563 4506 3623 4561 Εἰ
3676 4503 3736 4563 δὶ
3763 4510 3894 4562 Θεοῦ

2242 4594 2361 4652 ἕστε
2399 4592 2720 4662 Ἐκκλησία,
2753 4598 2870 4655 πῶς
2921 4593 3224 4662 ἀνθρώποις
3277 4594 3498 4659 ὶαυτοὺς
3534 4595 3892 4670 προσενείμαο

2239 4705 2299 4740 τε
2329 4705 2343 4754 ;
2378 4707 2408 4735 «
2438 4681 2816 4757 Ἥγιασμὲνοις
2845 4680 2896 4738 ἐν
2960 4687 3200 4754 Χριστῷ.
3234 4706 3262 4734 ››
3323 4686 3418 4754 Τῷ
3449 4681 3667 4758 λουτρῷ
3707 4686 3796 4740 καὶ
3823 4689 3892 4758 τῇ

2241 4774 2710 4845 πίστειΧριστοῦ,
2745 4769 2806 4826 οὗ
2856 4767 2945 4826 διὰ
2997 4775 3104 4826 τῶν
3155 4775 3248 4825 νῦν
3309 4772 3464 4844 ὑμῶν
3525 4770 3891 4831 διδασκάλων.

2243 4888 2271 4916 ‹‹
2336 4860 2574 4931 Κλητοῖς
2633 4859 2830 4935 ἁγίοις.
2864 4883 2891 4912 n
2953 4861 3058 4919 Καὶ
3108 4859 3239 4916 αὐτὸ
3317 4862 3419 4936 γὰρ
3495 4862 3558 4918 τὸ
3611 4867 3890 4918 πιστεῦσαι

2244 4953 2404 5026 ὑμᾶς,
2438 4952 2549 5026 οὐχ
2581 4949 2862 5023 ὑμέτερον,
2891 4948 3019 5004 ἀλλ’
3049 4948 3156 5005 ἀπὸ
3211 4955 3345 5006 Θεοῦ
3399 4951 3537 5024 πρὸς
3575 4953 3674 5022 τήν
3709 4953 3892 5008 πίστιν

2241 5040 2534 5112 ἐκλήθητε.
2575 5065 2594 5089 ε
2633 5039 2737 5094 Σὺν
2766 5045 2899 5094 πᾶσι
2941 5044 3058 5100 τοῖς
3118 5038 3594 5113 ἰπικαλουμένοις.
3626 5045 3656 5094 »ἰ
3686 5043 3764 5100 Οὐ
3798 5043 3894 5117 μό.

2238 5153 2328 5186 νον
2361 5131 2489 5203 ὑμῖν
2537 5134 2652 5190 τοῖς
2703 5129 3031 5202 Κορινθίοις,
3090 5131 3244 5205 φησὶ,
3307 5132 3472 5206 χάρις
3530 5131 3622 5188 καὶ
3678 5131 3892 5209 εῗρήνη,

2240 5219 2387 5278 ἀλλᾶ
2426 5219 2521 5276 σὺν
2577 5224 2709 5274 πᾶσι
2764 5223 2880 5280 τοῖς
2936 5215 3394 5291 ἰπικαλουμὲνοις
3445 5221 3540 5278 τὸν
3577 5222 3813 5296 Χριστὸν
3844 5220 3896 5278 ἂν

2243 5307 2552 5382 οἱῳδήποτε
2582 5307 2755 5382 τόπῳ,
2816 5307 2866 5362 ἐν
2899 5307 2946 5381 ᾧ
3003 5306 3136 5362 εἶσιν
3195 5307 3396 5364 ἐκεῖνοί
3455 5331 3515 5367 τε
3563 5310 3654 5366 καὶ
3708 5312 3892 5384 ὑμεῖς.

2241 5433 2312 5446 --
2331 5397 2534 5454 ”Αλλο.
2565 5398 2722 5451 Ὀσον
2745 5395 3360 5468 ἐκεῖνοικατ’ἀλλήλων
3384 5396 3742 5480 διεσχίζοντο,
3765 5418 3892 5455 τοσ-

484 5490 642 5547 ίΠῐΤ
689 5505 751 5545 se
810 5488 1198 5556 dissidebant,
1262 5494 1490 5545 tantum
1557 5492 1684 5561 ipse
1739 5489 2132 5546 contendebat

2246 5487 2400 5546 οῦτον
2444 5485 2601 5547 αὐτὸς
2660 5483 2984 5562 ἐφιλονείκει
3041 5486 3133 5542 καὶ
3189 5491 3306 5549 τοῖς
3365 5487 3556 5563 πόρῥω
3610 5487 3887 5543 συνάπτειν

489 5597 589 5639 eos
620 5580 739 5636 illis
771 5595 1006 5651 quoque
1040 5579 1398 5652 conjungere
1431 5581 1527 5651 qui
1562 5582 1764 5651 procul
1796 5580 2134 5636 distabant:

2246 5578 2461 5640 αὐτούς.
2525 5575 2617 5632 Διὸ
2679 5573 2898 5647 μέλλων
2953 5572 3138 5636 αὐτοῖς
3195 5583 3535 5655 προσφωνεῖν
3585 5578 3683 5646 τήν
3734 5578 3894 5654 χάριν

490 5671 623 5730 ideo
663 5676 972 5746 optaturus
1023 5670 1105 5726 eis
1148 5669 1398 5744 gratiam
1431 5674 1491 5726 et
1518 5685 1724 5742 pacem
1764 5686 1800 5726 ελ
1829 5671 1971 5741 Deo,
2003 5686 2132 5727 cum

2245 5668 2335 5726 καὶ
2364 5669 2465 5738 τήν
2491 5667 2712 5743 εἰρήνην
2736 5670 2834 5734 τῆν
2867 5661 2974 5717 ἀπὸ
3006 5668 3161 5736 Θεοῦ,
3190 5665 3282 5720 καὶ
3338 5665 3528 5738 εἰπὼν,
3589 5691 3617 5721 ι(
3651 5664 3891 5736 κλητοῖς
