4198 6200
371 335 483 400 ﬁll
497 333 521 376 ’ἶ

1482 336 1892 400 COMMENT.
1938 333 2012 397 ΙΝ
2061 333 2311 400 EPIST.
2359 336 2462 394 AD
2509 337 2691 404 ROM.

3665 347 3817 411 6‘2."

373 469 574 544 ἁγίοις,
605 494 632 521 ιι
663 469 854 526 αὐτίκκ
885 474 1109 543 συνῆψε.
1163 494 1189 520 ι(
1249 469 1354 524 Σὺν
1411 475 1540 524 πᾶσι
1589 474 1703 530 τοῖς
1735 465 2024 523 ἐπικαλουο

2143 467 2385 523 dixisset
2415 491 2441 516 ‹‹
2482 470 2710 524 Vocatis
2741 473 2976 528 sanctis.
3003 492 3031 523 ι
3061 475 3336 546 protinus
3384 479 3803 553 coniungendi-

376 558 584 634 μένοις,
623 582 646 612 ι
695 559 785 614 καὶ
840 559 983 630 ὶξῆς.
1017 558 1119 616 Καὶ
1177 558 1329 632 ὑμῖν,
1389 561 1544 631 φησὶ,
1602 558 1692 614 καὶ
1751 556 2024 631 σύμπασιν

369 647 457 718 εἴη
483 651 518 718 ἡ
552 648 662 704 ἀπὸ
695 652 830 704 Θεοῦ
860 647 950 702 καὶ
988 649 1196 723 ΙΙατρὸς
1237 649 1402 724 χάρις
1458 647 1550 703 καὶ
1599 647 1809 722 εἰρήνη.
1853 670 1881 698 ι(
1916 644 2027 701 Αὐ-

369 743 477 793 τῶν
510 758 568 793 τε
593 737 683 793 καὶ
713 741 898 809 ἡμῶν.
936 765 958 792 ι
990 736 1218 806 Ἐπειδὴ
1254 737 1445 807 εἰπὼν,
1475 763 1503 790 ‹‹
1567 737 1672 792 Σὺν
1733 740 1861 790 πᾶσι
1905 739 2022 794 τοῖς

370 827 827 900 ἐπικαλουμένοις
857 828 919 881 τὸ
953 825 1130 899 ὄνομα
1159 831 1255 881 τοῦ
1290 825 1507 902 Κυρίου,
1537 851 1565 878 ››
1597 826 1833 901 ἐπήγαγε
1859 822 2022 896 μόνον

369 919 452 987 τὸ,
488 943 514 964 σι
549 919 758 989 Ἠμῶν,
813 940 834 969 ι
899 915 1383 991 ἐπιδιορθοόμενος
1440 917 1529 971 καὶ
1584 912 1790 978 δεικνὺς
1843 912 2023 969 κοινὸν

373 1009 533 1064 αὐτὸν
568 1008 770 1083 Κύριον
800 1007 889 1064 καὶ
951 1009 1226 1078 Δεσπότην
1285 1007 1534 1062 ἁπάντων
1596 1007 1742 1074 ὄντα,
1799 1000 2027 1078 προστί-

369 1100 554 1169 θησιν,
589 1122 616 1149 α
650 1097 840 1155 Αὐτῶν
869 1118 928 1152 τε
953 1096 1044 1152 καὶ
1071 1099 1254 1170 ἡμῶν.
1296 1123 1316 1148 ι
1381 1096 1445 1154 Εἰ
1505 1093 1564 1151 δὲ
1621 1095 1805 1156 κοινὸς
1855 1091 2027 1147 ἀπάν-

367 1208 475 1242 των
537 1186 758 1262 Κύριος,
815 1187 905 1241 καὶ
968 1185 1030 1242 οὐ
1089 1185 1249 1259 μόνον
1323 1189 1507 1261 ἡμῶν,
1567 1183 1716 1242 ἀλλὰ
1769 1183 1859 1238 καὶ
1914 1185 2021 1238 τῶν

367 1279 706 1352 ἁπανταχοῦ,
737 1277 788 1332 τί
823 1278 1126 1353 σχιζόμεθα
1157 1274 1446 1348 ἀλλήλων,
1479 1277 1568 1332 καὶ
1621 1277 1722 1345 τὴν
1752 1276 1938 1345 κοινήν
1974 1273 2053 1346 ξε

367 1367 443 1421 ὦν
499 1369 752 1440 τέμνεσθε
809 1362 1229 1440 καθυϐρίζοντες
1290 1367 1620 1443 κυριότητα,
1677 1367 1879 1439 ἑτέροις
1933 1365 2022 1420 καὶ

367 1455 574 1531 ἑτέροις
604 1456 828 1518 ἑαυτοὺς
859 1455 1141 1529 διανὲμετε
1173 1477 1188 1526 ;
1224 1481 1252 1509 ιι
1312 1457 1416 1514 Καὶ
1479 1457 1670 1530 εἰρήνη
1731 1456 1837 1510 ἀπὸ
1890 1459 2026 1510 Θεοῦ

368 1545 598 1622 Πατρός.
635 1571 662 1598 ››
689 1546 755 1605 Τί
789 1543 868 1610 δὶ,
898 1547 1083 1626 φησὶν,
1133 1546 1168 1616 ἢ
1223 1547 1362 1621 πρὸς
1392 1543 1554 1601 τόνδε
1607 1543 1928 1616 εἴρηνεύετε,
1987 1543 2023 1612 ἢ

364 1634 471 1691 ἀπὸ
499 1633 658 1691 τοῦδε
684 1638 848 1714 χάριν
883 1632 1038 1692 usu
1071 1655 1085 1705 ;
1121 1637 1286 1712 Ἐγὼ,
1338 1637 1493 1716 φησὶ,
1548 1641 1723 1691 ταῦτα
1753 1634 1859 1689 ἀπὸ
1891 1636 2026 1688 Θεοῦ

367 1726 497 1797 ὑμῖν
529 1722 768 1801 εὔχομαι
795 1727 1060 1800 γενεσθαι.
1095 1724 1400 1782 Αἶνίττεται
1448 1723 1526 1796 Si,
1585 1722 1712 1786 τοὺς
1769 1719 2023 1778 διδασκά-

365 1811 497 1874 λους
527 1811 704 1868 αὐτῶν
725 1813 1156 1887 καθαπτόμενος.

446 2073 775 2150 Εὖχαριστῶ
802 2078 881 2129 τῶ
911 2079 1028 2130 Θεῶ
1062 2095 1168 2146 μου
1198 2076 1429 2130 πάντοτε
1459 2074 1582 2151 περὶ
1628 2075 1803 2148 ὑμῶν,
1841 2073 1926 2131 ἐπὶ
1953 2077 2022 2150 τῇ

369 2164 560 2239 χάριτι
586 2163 682 2220 τοῦ
714 2168 848 2219 Θεοῦ
875 2168 944 2238 τῇ
979 2162 1194 2238 ξοθείσῃ
1247 2165 1376 2238 ὑμῖν
1430 2163 1482 2220 ἦν
1539 2169 1760 2240 Χριστῶ
1815 2167 2022 2235 Ἰησοῦ,

378 2252 462 2307 ὅτι
497 2255 549 2307 ἐν
579 2251 736 2308 παντὶ
769 2250 1170 2324 ἂπλουτίσθητε
1199 2252 1250 2307 ἐν
1283 2252 1452 2324 αὐτῶ,
1483 2251 1535 2308 ἂν
1567 2254 1726 2308 παντὶ
1761 2252 1910 2327 λόγῳ
1934 2249 2024 2307 καί

366 2342 512 2416 πάσῃ
537 2346 758 2416 γνώσει,
791 2342 972 2404 καθὼς
997 2343 1059 2398 τὸ
1114 2342 1408 2418 μαρτύριον
1466 2347 1564 2397 τοῦ
1613 2345 1846 2417 Χριστοῦ
1903 2335 2025 2396 ἐϐε-

370 2425 586 2502 ϐαιώθη
618 2431 669 2486 ἐν
707 2431 858 2502 ὑμῖν.

445 2519 466 2593 [
498 2547 523 2569 u
548 2519 896 2599 Εὐχαρίστῶ.
934 2520 1372 2599 ι]Εὐχαρίστους
1404 2521 1543 2578 εἶναι
1571 2523 1721 2593 ἡμᾶς
1737 2517 2025 2591 παιδεύων,

373 2609 431 2664 ἂν
459 2610 601 2682 πάσῃ
629 2607 930 2682 Ἐπιστολῇ
958 2614 1118 2665 τοῦτο
1149 2611 1381 2680 τίθησιν.
1418 2634 1446 2662 ‹‹
1489 2613 1582 2668 Τὼ
1611 2615 1725 2666 Θεῶ
1751 2631 1911 2684 pou.»
1934 2611 2028 2665 Ἐκ

370 2693 595 2766 πολλῆς
625 2697 929 2772 ἀγάπης,τό
960 2699 1141 2754 κοινὸν
1167 2697 1307 2754 ἴδιον
1344 2705 1634 2756 multum
1666 2699 1786 2754 Ἐπὶ
1817 2703 1885 2773 τῇ
1918 2698 2026 2774 χά-

378 2807 487 2863 ριτι
512 2790 609 2842 τοῦ
643 2790 797 2843 Θεοῦ.
839 2814 858 2837 ι
897 2787 1046 2862 Μέγα
1077 2788 1328 2867 ἐφρόνουν
1353 2786 1441 2844 ἐπὶ
1497 2793 1613 2850 τοῖς
1667 2787 2025 2862 χαρίσμασιν.

379 2874 682 2931 Δίνίττεται
717 2872 832 2930 οὖν’
893 2875 954 2933 Εἰ
1018 2876 1119 2932 οὐκ
1170 2876 1221 2947 ἐξ
1280 2875 1496 2932 οἰκείων
1558 2878 2026 2951 κατορθωμάτων,

372 2964 520 3022 ἀλλὰ
549 2969 619 3040 τῇ
650 2971 748 3022 τοῦ
781 2971 1022 3041 Χριστοῦ
1054 2964 1230 3042 δωρεᾷ
1257 2967 1320 3022 τὸ
1353 2969 1600 3042 χάρισμα
1657 2964 1940 3039 ε’λήφάτε,
1971 2959 2023 3021 τί

375 3056 511 3130 μέγα
543 3061 792 3136 φρονεῖτε
827 3076 841 3125 ;
879 3079 908 3109 ι(
941 3057 1029 3114 Ἐν
1065 3061 1281 3132 Χριστῶ
1316 3058 1513 3126 Ἰησοῦ.
1551 3079 1580 3108 ››
1611 3055 1694 3129 Τῇ
1754 3054 1843 3110 διὰ
1893 3060 2028 3130 Χρι-

373 3147 522 3200 στοῦ.
558 3145 657 3197 Διά
686 3144 928 3217 Χριστοῦ
982 3143 1084 3218 γὰρ
1145 3143 1172 3198 ὁ
1235 3145 1420 3218 Πατῆρ
1475 3141 1724 3198 δέδωκεν.
1760 3165 1788 3195 ‹‹
1824 3144 1907 3198 Ἐν
1932 3140 2027 3196 αὖ·

2044 1852 2094 1918 Β

2141 556 2444 629 subjunxit
2478 575 2490 612 :
2519 580 2549 609 «
2582 561 2724 615 Cum
2781 564 3054 619 omnibus
3109 568 3208 637 qui
3251 569 3546 631 invocant.
3584 595 3608 618 υ
3668 580 3782 628 etc.

2138 646 2206 701 Et
2261 646 2443 714 vobis,
2494 647 2708 720 inquit,
2767 657 2825 706 et
2882 654 3174 710 universis
3231 658 3306 712 sit
3355 675 3389 714 a
3447 661 3563 716 Deo
3617 663 3787 716 Patre

2133 737 2321 806 gratia
2349 743 2408 793 et
2440 755 2569 808 pax.
2617 741 2747 794 «Et
2787 758 2913 805 suo,
2985 750 3044 798 et
3099 752 3322 800 nostro.
3387 770 3415 795 »
3497 750 3812 814 Quoniamv

2133 825 2232 879 ubi
2261 826 2524 888 dixisset.
2555 853 2574 875 ι
2608 831 2752 884 Cum
2786 833 3060 888 omnibus
3108 836 3207 905 qui
3271 837 3540 893 invocant
3570 856 3815 904 nomen,

2135 913 2389 979 Domini,
2415 938 2444 966 »
2472 917 2823 986 adiunxerat
2851 927 3081 976 tantum
3103 923 3361 986 «Nostri.
3389 951 3410 978 υ
3429 928 3788 998 tanquamid

2134 1005 2432 1076 corrigens
2491 1015 2550 1063 et
2625 1011 2941 1066 ostendens
2991 1029 3367 1071 communem
3454 1017 3646 1088 ipsum
3730 1024 3803 1074 et.

2135 1099 2483 1150 cunctorum
2535 1112 2663 1153 esse
2697 1099 3013 1156 Dominum
3065 1108 3125 1157 et
3156 1105 3523 1174 magistrum,
3581 1108 3745 1163 addit
3774 1121 3804 1164 ες

2139 1201 2165 1233 α
2195 1182 2263 1236 Et
2293 1199 2420 1248 suo,
2455 1189 2512 1240 et
2537 1192 2757 1242 nostro.
2797 1213 2818 1240 ι
2859 1188 3026 1253 Quod
3059 1191 3106 1246 si
3141 1193 3472 1250 communis
3521 1196 3792 1251 omnium

2135 1269 2417 1328 Dominus
2447 1279 2556 1340 est,
2589 1281 2648 1329 et
2676 1291 2796 1331 non
2826 1278 3018 1334 solum
3057 1287 3279 1348 noster,
3313 1281 3414 1337 sed
3448 1283 3626 1340 etiam
3681 1296 3806 1342 '60-.

2132 1375 2267 1414 rum
2299 1361 2399 1431 qui
2433 1362 2623 1419 ubivis
2670 1365 2938 1422 locorum
2967 1367 3206 1440 degunt,
3241 1371 3450 1442 utquid
3483 1373 3639 1429 inter
3690 1389 3788 1429 vos

2136 1455 2340 1503 mutuo
2373 1449 2693 1518 dissidetis,
2744 1461 2802 1510 et
2860 1473 3236 1515 communem
3296 1460 3788 1529 dominationem,

2135 1555 2234 1593 vos
2265 1538 2423 1610 ipsos
2455 1543 2806 1612 separando,
2841 1545 3062 1616 injuria
3080 1548 3436 1618 aificientes,
3457 1553 3589 1607 aliis
3608 1560 3787 1624 atque

2135 1627 2268 1683 aliis
2300 1645 2401 1684 vos
2432 1632 2754 1690 attribuitis
2785 1635 2812 1689 ?
2839 1657 2863 1687 ι
2895 1636 2962 1690 Et
2994 1654 3106 1707 pax
3137 1655 3171 1692 a
3200 1640 3316 1694 Deo
3350 1643 3542 1697 Patre.
3579 1664 3604 1690 ››
3639 1642 3788 1706 Quid

2135 1723 2354 1778 autem.
2379 1726 2481 1774 aut
2511 1737 2648 1794 erga
2681 1739 2881 1794 quem,
2916 1725 3126 1796 inquit,
3161 1745 3370 1798 pacein
3402 1729 3654 1793 habetis,
3688 1736 3789 1786 aut

2136 1821 2170 1861 a
2199 1823 2317 1877 quo
2340 1809 2592 1880 gratiam
2623 1813 2936 1883 accipitis?
2967 1817 3103 1888 Ego.
3141 1819 3242 1882 ait,
3297 1818 3421 1874 haec
3473 1827 3530 1876 et
3587 1837 3622 1874 ο.
3671 1821 3786 1876 Deo

2133 1894 2296 1952 vobis
2322 1899 2664 1971 contingere
2696 1903 2887 1974 cupio.
2927 1905 3024 1959 His
3048 1912 3245 1962 autem
3278 1908 3550 1965 doctores
3581 1925 3806 1965 eorum

2134 1987 2364 2045 occulte
2398 1992 2798 2061 reprehendit.

2205 2078 2248 2144 Ι,
2272 2079 2305 2133 4
2342 2080 2394 2134 6.
2430 2108 2454 2130 u
2491 2080 2717 2138 Gratias
2759 2100 2863 2152 ago
2896 2084 3012 2141 Deo
3058 2103 3189 2144 meo
3223 2104 3460 2160 semper
3488 2107 3594 2161 pro
3627 2089 3789 2146 vobis

2134 2187 2162 2215 ‹‹
2197 2182 2376 2238 super
2403 2170 2592 2240 gratia
2619 2172 2737 2232 Dei,
2759 2190 2888 2244 quas
2904 2175 3040 2230 data
3065 2183 3154 2232 est
3186 2176 3346 2232 vobis
3369 2194 3471 2248 per
3493 2179 3790 2236 Christum

2136 2276 2164 2304 «
2195 2255 2718 2329 Jesum,quoniam
2754 2262 2813 2317 in
2836 2265 2994 2318 omni
3030 2282 3088 2321 re
3123 2267 3288 2321 ditati
3323 2268 3468 2324 estis
3485 2269 3793 2340 peripsum

2142 2367 2168 2398 ι
2202 2346 2261 2402 in
2292 2349 2452 2404 omni
2483 2367 2756 2409 sermone
2788 2361 2847 2409 et
2880 2355 2938 2409 in
2966 2358 3128 2411 omni
3166 2359 3317 2412 419
3361 2359 3628 2420 scientia.
3664 2361 3793 2430 qui-

2136 2433 2280 2490 «bus
2294 2437 2700 2494 testimonium
2717 2441 2930 2498 Christi
2945 2445 3363 2502 confirmatum
3387 2455 3474 2504 est
3490 2449 3549 2504 in
3565 2449 3789 2505 vobis.»

2207 2545 2235 2573 α
2271 2525 2496 2582 Gratias
2525 2544 2651 2599 ago.
2687 2551 2717 2580 »
2749 2533 3052 2590 lnstruens
3111 2552 3238 2601 nos,
3283 2543 3346 2591 ut
3401 2539 3550 2609 grati
3582 2538 3788 2602 simus.

2137 2610 2248 2667 hoc
2281 2613 2340 2669 in
2371 2617 2531 2672 omni
2562 2618 2727 2674 addit
2760 2623 3035 2692 Epistola.
3063 2647 3088 2672 «
3115 2626 3232 2682 Deo
3257 2642 3408 2683 meo.
3444 2649 3474 2676 ››
3507 2629 3574 2682 Et
3595 2628 3782 2682 multo

2137 2716 2336 2758 amore
2370 2705 2625 2763 vindicat
2657 2709 2767 2764 sibi
2801 2711 2857 2765 id
2886 2711 3045 2781 quod
3076 2731 3388 2771 commune
3419 2721 3522 2772 est.
3545 2731 3568 2764 ‹‹
3598 2715 3784 2787 Super

2135 2793 2322 2865 gratia
2351 2795 2475 2852 Dei.
2513 2819 2536 2847 ι
2557 2797 2733 2854 Donis
2764 2801 3087 2872 plurimum
3121 2804 3786 2860 intumescebant.Hunc

2137 2898 2274 2950 ergo
2307 2883 2500 2940 innuit
2529 2901 2800 2943 sensum:
2825 2889 2881 2944 Si
2912 2906 3033 2946 non
3063 2893 3268 2948 vestris
3300 2893 3706 2964 bonisoperib:
3735 2910 3784 2962 s,

2137 2969 2237 3024 sed
2271 2970 2482 3026 Christi
2517 2989 2760 3029 munere
2792 2975 3013 3031 donum
3055 2979 3391 3049 accepistis,
3425 2979 3568 3049 quid
3627 2981 3788 3035 intu-

2141 3058 2417 3114 mescitis.
2459 3083 2485 3109 «
2519 3061 2629 3116 Per
2658 3062 2954 3118 Christum
2985 3065 3181 3121 Jesum
3238 3088 3268 3117 υ
3327 3067 3569 3138 Capitur
3625 3068 3784 3123 enim

2138 3140 2188 3195 ἐν
2227 3149 2447 3218 Χριστῴ
2505 3164 2608 3219 pro
2667 3145 2756 3202 διὰ
2811 3151 3065 3222 Χριστοῦ.
3125 3154 3267 3208 Nam
3327 3169 3434 3226 per
3487 3155 3786 3211 Christum

371 3235 472 3287 τῶ.
508 3255 537 3284 ››
573 3230 743 3288 Πάλιν
774 3232 859 3302 τὸ,
890 3231 940 3286 ἐν
970 3233 1141 3301 αὐτῶ,
1171 3234 1442 3295 τουτέστι,
1502 3229 1573 3286 δι’
1626 3230 1813 3286 αὐτοῦ.
1874 3230 1938 3286 Εἰ
1971 3226 2028 3285 δὲ

2143 3233 2301 3290 dedit
2331 3237 2520 3292 Pater.
2555 3260 2582 3286 ‹‹
2618 3243 2727 3294 Per
2755 3239 2968 3312 ipsum.
3016 3265 3042 3292 »
3078 3223 3381 3314 Siquidem
3438 3262 3673 3300 rursum
3733 3242 3786 3298 ἐν

375 3323 444 3380 δι’
479 3324 646 3380 αὐτοῦ
705 3323 1098 3395 ἐπλουτίσθητε
1156 3323 1206 3379 ἐν
1269 3323 1426 3378 παντὶ
1490 3323 1795 3397 πράγματι,
1856 3319 1947 3376 καὶ
1999 3321 2027 3375 ὁ

374 3413 616 3475 πλοῦτος
647 3416 793 3490 παρά
823 3419 978 3470 Θεοῦ·
1030 3420 1148 3476 πῶς
1208 3414 1514 3488 ἀνθρώποις
1570 3411 1813 3480 ἑαυτοὺς,
1873 3409 2028 3488 φησὶ,

374 3503 761 3579 προσενείματε
794 3524 808 3573 ;
842 3529 868 3555 «
904 3504 1005 3562 Καὶ
1051 3504 1195 3572 πάσῃ
1242 3503 1460 3576 γνώσει.
1497 3527 1524 3552 υ
1554 3503 1678 3558 "Evt
1706 3501 1806 3574 γάρ
1865 3498 2033 3574 λόγος

377 3593 552 3670 χωρὶς
571 3595 844 3668 γνώσεως,
876 3594 951 3656 ὡς
1008 3596 1042 3662 ἡ
1095 3591 1488 3671 φλυαρία.”ιτ;νι
1536 3591 1625 3647 καὶ
1682 3595 1880 3668 γνῶσις
1911 3609 2034 3664 χιι-

377 3685 461 3757 ρίς
493 3681 682 3758 λόγου,
711 3682 784 3744 ὡς
815 3684 849 3752 ἡ
871 3687 978 3738 τῶν
1013 3680 1276 3751 ἰδιωτῶν,
1308 3680 1578 3736 νοούντων
1653 3679 1771 3752 μὶν,
1804 3679 2028 3748 ἐξειπεῖν
2060 3702 2064 3706 ι

378 3771 436 3830 δὶ
467 3774 529 3830 τὰ
559 3775 752 3844 νοηθὲν
789 3775 864 3846 μὴ
901 3771 1235 3848 δυναμένων.
1308 3771 1471 3830 Ἀλλ’
1510 3773 1687 3844 ὑμεῖς,
1721 3771 1876 3848 φησὶ,
1909 3789 2031 3838 κατ,

381 3863 550 3945 ἃμφω
575 3862 990 3934 ἐπλουτίσθητε,
1019 3863 1110 3919 διάῖ
1151 3859 1299 3937 λόγῳ
1354 3863 1442 3918 καὶ
1497 3861 1716 3939 γνώσει.
1754 3885 1782 3912 ‹‹
1844 3859 2032 3924 Καθὼς

381 3955 442 4009 τὸ
485 3953 781 4028 μαρτύριον
821 3958 917 4009 τοῦ
949 3955 1208 4026 Χριστοῦ.
1273 3976 1302 4006 ››
1361 3952 1574 4021 Καθὼς,
1633 3948 1900 4022 τουτέστι,
1963 3946 2030 4004 δι’

386 4043 480 4099 ὧν.
516 4042 617 4100 Διά
647 4043 818 4118 λόγου
847 4043 970 4118 γάο,
1004 4043 1158 4120 φησί,
1203 4041 1294 4097 καὶ
1324 4049 1424 4111 τῆς
1473 4038 1728 4105 θεοδότου
1759 4041 2030 4116 γνώσεως,

386 4135 449 4189 τὸ
485 4133 782 4207 μαρτύριον
838 4137 934 4187 τοῦ
987 4136 1250 4205 Χριστοῦ,
1305 4133 1572 4200 τουτέστι,
1637 4131 1700 4187 τὸ
1755 4133 2033 4204 κήρυγμα,

386 4221 460 4285 είς
501 4223 640 4295 ὑμᾶς
697 4223 976 4278 πιστευθὶν
1037 4216 1364 4292 ἐϐεϐαιώθησ
1424 4221 1556 4295 ὅπερ
1619 4221 1744 4292 ὑμῖν
1805 4217 2034 4294 ἐγένετο,

387 4311 449 4365 οὗ
506 4308 575 4365 δι’
627 4308 848 4388 ῑῦφυῖας
909 4309 1111 4372 οἰκείας
1143 4308 1178 4379 ἦ
1235 4316 1335 4378 τῆς
1386 4307 1576 4379 ἔξωθεν
1634 4307 1841 4384 σοφίας,
1891 4305 2036 4362 ἀλλᾶ

389 4398 478 4454 διὰ
508 4401 738 4475 7.άριτος
768 4403 925 4456 Θεοῦ.
958 4431 1027 4442 -—
1057 4399 1236 4457 Ἀλλο
1263 4400 1477 4473 [ΦΩΤ.]
1517 4397 1680 4460 Ιιόθεν
1733 4395 1902 4465 δῆλον
1950 4395 2034 4451 ὅτι

388 4486 783 4560 ἐπλουτίσθητε
829 4487 985 4561 λόγῳ
1014 4488 1103 4543 καὶ
1136 4490 1376 4563 γνώσει;
1409 4485 1468 4542 ἐκ
1520 4489 1616 4540 τοῦ
1657 4486 1720 4540 τὸ
1775 4486 2035 4559 κήρυγμα

2139 3321 2287 3390 αὐτῷ
2316 3325 2547 3396 capitur
2578 3344 2681 3398 pro
2715 3324 2784 3381 δι’
2817 3328 3002 3383 αὐτοῦ.
3038 3332 3202 3396 Quod
3232 3333 3279 3388 si
3315 3350 3420 3404 per
3475 3335 3666 3405 ipsum
3728 3335 3789 3388 in

2139 3415 2300 3469 omni
2331 3432 2393 3472 re
2424 3416 2592 3472 ditati
2625 3420 2785 3484 estis,
2820 3420 2996 3492 idque
3029 3420 3246 3478 divitiis
3279 3441 3461 3494 quma
3489 3425 3608 3481 Deo
3631 3430 3788 3492 sunt,

2141 3520 2258 3573 quo
2291 3511 2458 3575 pacto
2491 3523 2589 3561 vos
2620 3507 2778 3578 ipsos
2809 3509 3146 3567 hominibus
3195 3513 3596 3570 addixistis?«
3632 3515 3699 3568 Et
3730 3515 3791 3568 in

2141 3593 2300 3648 omni
2332 3594 2598 3651 scientia.
2635 3619 2662 3645 ››
2695 3598 2989 3672 Contingit
3047 3601 3204 3656 enim
3265 3618 3602 3658 sermonem
3661 3618 3789 3658 esse

2141 3684 2364 3756 absque
2395 3686 2851 3749 scientia,veluti
2899 3698 3036 3747 sunt
3084 3708 3275 3764 nugm.
3310 3695 3564 3749 Rursum
3595 3694 3793 3749 scien-

2141 3775 2284 3830 tiam
2317 3791 2443 3832 esse
2491 3779 2778 3852 contingit
2807 3779 3028 3852 absque
3060 3798 3356 3842 sermone.
3390 3781 3788 3852 quemadmo-

2143 3864 2284 3920 dum
2316 3865 2378 3919 in
2408 3865 2755 3939 idiotis:qui
2787 3885 2913 3924 rem
2945 3870 3186 3940 quidem
3218 3870 3789 3943 intelligunt.verum

2145 3954 2301 4025 quod
2341 3954 2540 4010 animo
2597 3965 3015 4029 conceperunt.
3075 3959 3407 4031 exprimere
3464 3965 3788 4031 nequeunt.

2146 4042 2256 4098 Sed
2288 4059 2404 4106 vos.
2439 4043 2911 4117 inquit,utroque
2941 4047 3108 4102 ditati
3140 4048 3281 4106 estis
3317 4065 3329 4103 :
3366 4055 3482 4106 tam
3513 4065 3787 4108 sermone

2146 4147 2322 4203 quam
2355 4131 2620 4187 scientia.
2655 4155 2681 4181 ‹‹
2717 4134 2941 4200 Quibus
2973 4137 3380 4192 testimonium
3403 4139 3524 4194 Dei.
3553 4160 3583 4190 ››
3609 4139 3794 4200 Καθώς

2144 4219 2375 4290 capitur
2406 4237 2508 4290 pro
2541 4217 2590 4272 δι
2624 4218 2718 4275 ὧν.
2755 4223 3057 4294 Siquidem
3082 4241 3188 4296 per
3215 4227 3794 4298 sermonem,inquit,

2146 4314 2204 4364 et
2232 4307 2508 4363 traditam
2541 4326 2574 4363 a
2606 4310 2724 4364 Deo
2755 4311 3085 4375 scientiam,
3117 4315 3525 4370 testimonium
3557 4315 3794 4380 Christi,

2147 4398 2258 4452 hoc
2288 4403 2395 4457 est.
2431 4397 2794 4467 praedicatio,
2829 4399 2942 4457 fide
2974 4402 3392 4458 conﬁrmatum
3437 4409 3527 4468 est
3583 4403 3643 4458 in
3673 4420 3795 4471 vos,

2148 4489 2301 4560 quod
2336 4485 2500 4542 vobis
2529 4502 2649 4543 non
2681 4491 2919 4561 propria
2950 4491 3149 4548 datum
3209 4501 3297 4549 est
3354 4493 3666 4559 industria,
3699 4498 3800 4548 aut

385 4579 484 4647 τῆς
516 4578 592 4641 εἰς
652 4578 884 4648 Χριστὸν
940 4577 1195 4642 πίστεως,
1252 4572 1620 4651 βεϐαιωθῆναι
1677 4573 1728 4629 ἄν
1791 4573 1940 4647 ὑμῖν.
1973 4573 2031 4629 Ἠ

2149 4583 2391 4633 externa
2419 4577 2730 4648 sapientia,
2765 4579 2868 4636 sed
2908 4581 3010 4636 Dei
3068 4584 3274 4654 gratia.
3308 4613 3376 4622 —
3405 4581 3600 4638 Aliud.
3637 4580 3798 4638 Unde

384 4667 485 4743 γάρ
511 4667 710 4721 τούτου
746 4662 1040 4741 βεϐαίωσις
1069 4664 1120 4723 ἐν
1159 4666 1311 4739 ὑμῖν,
1343 4666 1431 4720 καὶ
1464 4663 1631 4740 λόγου
1656 4663 1744 4719 καὶ
1791 4663 2042 4740 γνώσεως

386 4754 584 4828 γίνεται
621 4756 918 4830 μάρτῦριον
951 4755 1100 4828 ὑμῖν.
1165 4781 1184 4804 ι
1223 4752 1528 4827 Μαρτῦριον
1590 4754 1846 4823 Χριστοῦ.
1882 4775 1912 4804 ››
1968 4752 2040 4808 "H

387 4847 452 4898 τὸ
491 4844 736 4898 ὲκοῦσιον
768 4844 856 4900 καὶ
890 4847 1162 4920 σωτήριον
1195 4844 1387 4910 πάθος,
1421 4842 1510 4898 καὶ
1568 4840 1756 4904 ἁπλῶς
1812 4843 1844 4910 ἡ
1908 4840 2040 4913 ὑπὲρ

388 4935 548 5006 ἡμῶι
581 4938 677 4988 τοῦ
715 4934 893 5009 Λόγου
925 4935 1154 4995 κένωσις
1184 4934 1275 4989 καὶ
1336 4931 1762 5006 ἐνανθρώπησις
1914 4949 2043 5002 μαρ-

389 5021 574 5096 τῦριον
625 5027 856 5099 Χριστοῦ
913 5028 948 5094 ἡ
1008 5029 1115 5080 τῶν
1174 5021 1418 5096 σημείων
1476 5021 1636 5096 χάρις
1695 5020 1781 5074 καὶ
1842 5016 2040 5093 δωρεά.

390 5113 494 5168 Καὶ
531 5113 632 5188 γὰρ
666 5113 765 5170 εἰσὶ
800 5118 971 5170 ταῦτα
1013 5114 1306 5188 pcipe-ipim
1365 5118 1463 5180 τῆς
1519 5110 1595 5172 ἐς
1651 5109 1885 5179 Χριστὸν
1945 5109 2042 5164 πί-

387 5221 580 5265 στεως.
610 5205 832 5272 καὶτῆς
864 5203 1150 5274 θειότητος
1205 5198 1374 5257 αὐτοῦ
1431 5199 1522 5255 καὶ
1585 5197 2038 5273 μεγαλειότητος.

386 5293 557 5346 Ἦσαν
587 5292 716 5366 γὰρ,
749 5294 884 5363 ἦσαν
915 5293 966 5349 οἱ
999 5292 1278 5369 Κορίνθιοι
1307 5291 1673 5350 πλουτοῦντες
1705 5289 1756 5343 ἐν
1802 5287 2039 5349 τούτοις.

388 5383 538 5439 Ἐπεὶ
572 5383 686 5450 οὖν,
721 5385 878 5457 φησὶ,
934 5387 1103 5440 ταῦτα
1160 5384 1349 5460 ὁρᾶται
1405 5381 1458 5435 ἐν
1521 5380 1648 5453 ὑμῖν
1708 5377 1758 5433 ὲν
1819 5376 2044 5456 ἀφθονίᾳ

386 5471 479 5526 καὶ
515 5466 827 5545 βεϐαιώσει,
867 5472 1071 5537 καλῶς,
1104 5473 1262 5554 φησί,
1294 5470 1628 5546 προείπομεν
1658 5467 1740 5523 ὃτι
1773 5465 1826 5521 ἐν
1884 5466 2037 5521 παντὶ

391 5558 546 5634 λόγῳ
574 5559 668 5617 καὶ
697 5562 844 5637 πάσῃ
861 5561 1055 5639 γνώσει
1087 5559 1500 5632 ἒπλουτίσθητε,
1552 5558 1727 5635 Μέρος
1775 5556 1876 5634 γὰρ
1932 5560 2038 5612 τῶν

391 5649 772 5725 χαρισμάτων,
805 5650 834 5705 ὃ
866 5671 922 5706 τι
953 5648 1127 5726 λόγος
1157 5651 1245 5706 καὶ
1298 5652 1332 5719 ἡ
1391 5652 1612 5725 γνῶσις,
1671 5647 1699 5703 ὁ
1735 5648 1830 5721 μὲν
1876 5644 2043 5722 λόγος

2153 4666 2530 4721 manifestum
2588 4672 2678 4723 est
2734 4667 2892 4740 quod
2965 4686 3237 4726 sermone
3295 4669 3464 4726 ditati
3547 4669 3674 4726 sitis
3733 4684 3799 4726 ac

2152 4754 2436 4810 scientia?
2466 4770 2535 4810 ex
2567 4771 2635 4811 eo
2668 4756 2826 4826 quod
2858 4758 3199 4829 praedicatio
3216 4760 3352 4816 fidei
3384 4760 3446 4815 in
3477 4759 3796 4826 Christum,

2153 4845 2566 4902 conﬁrmatum
2601 4851 2688 4916 est
2745 4847 2997 4918 invobis
3030 4865 3071 4914 ε,
3104 4851 3284 4920 hujus
3340 4867 3600 4919 namque
3659 4865 3798 4906 oon-

2153 4933 2408 4990 ﬁrmatio
2442 4933 2500 4987 in
2532 4932 2713 4991 vobis.
2747 4940 2804 4989 et
2859 4931 3150 4992 sermonis
3208 4946 3266 4995 et
3325 4941 3587 5006 scientia:
3635 4940 3799 4996 vobis

2151 5021 2557 5078 testimonium
2593 5028 2699 5077 est.
2735 5044 2764 5071 ‹‹
2809 5025 3236 5095 Testimonium
3296 5030 3534 5084 Christi.
3598 5052 3624 5081 ››
3685 5032 3800 5084 Aut

2152 5110 2482 5167 voluntaria
2511 5116 2568 5164 et
2600 5110 2875 5168 salutaris
2935 5116 3149 5185 passio,
3209 5123 3391 5188 utque
3449 5135 3565 5175 uno
3622 5118 3798 5186 verbo

2151 5203 2366 5260 dicam.
2400 5199 2553 5254 facta
2584 5216 2688 5270 pro
2719 5202 2890 5258 nobis
2927 5205 3096 5260 Verbi
3129 5208 3452 5262 exinanitio
3509 5216 3567 5264 et
3608 5210 3802 5264 incar-

2151 5290 2312 5345 natio
2347 5305 2358 5344 :
2393 5293 2495 5342 aut
2523 5289 2934 5347 testimonium
2965 5294 3178 5350 Christi
3211 5298 3400 5368 gratia
3429 5303 3519 5352 est
3547 5297 3804 5352 donum-

2153 5394 2266 5450 que
2298 5377 2616 5448 signorum.
2657 5378 2962 5449 Siquidem
3019 5383 3144 5439 haec
3201 5392 3339 5441 sunt
3393 5385 3803 5441 testimonium

2152 5469 2292 5526 fidei
2325 5467 2384 5522 in
2414 5465 2711 5524 Christum
2769 5487 2835 5527 ac
2894 5473 3212 5531 divinitatis
3271 5484 3327 5532 et
3378 5475 3805 5550 magnitudinis

2152 5560 2300 5631 ejus.
2335 5557 2402 5614 In
2433 5555 2524 5612 his
2555 5557 2714 5614 enim
2746 5559 2918 5618 ditati
2949 5564 3803 5632 erantCorinthii..Namrcum

2152 5649 2298 5716 haec,
2332 5644 2545 5718 inquit,
2580 5646 2640 5703 in
2671 5647 2832 5706 vobis
2865 5653 3322 5725 conspiciantur,
3354 5653 3504 5711 bono
3535 5649 3805 5725 praedixi.
