4188 6196
469 321 590 400 οιει

1616 325 2025 390 LEGUMENII
2071 325 2376 387 TBICCIE
2420 324 2771 387 EPISCOPI

3770 321 3879 384 844

3053 521 3132 544 Ν

480 489 612 528 mus
642 471 800 543 quod
832 470 890 524 in
921 468 1082 522 omni
1115 482 1387 522 sermone
1403 466 1686 536 omnique
1703 463 2124 521 scientiaditati

2246 456 2517 515 συντελῶν
2551 457 2627 520 είς
2654 458 2717 512 τὸ
2748 455 3132 543 ὃιδιίιτκεινλῇίξιν
3189 454 3246 512 δὶ
3290 459 3488 530 γνῶσις
3520 453 3597 519 εἷς
3623 455 3686 510 τὸ
3725 455 3894 512 συνιὺ-

478 563 623 618 sitis.
663 564 794 615 Pars
827 559 986 614 enim
1016 562 1154 613 sunt
1184 556 1475 612 donorum
1514 570 1710 611 sermo
1743 559 1919 625 atque
1949 554 2144 610 scien-

481 651 562 704 tia
591 665 602 704 :
639 665 845 704 sermo
877 647 1120 719 quidem
1152 647 1463 702 conferens
1487 644 1562 700 ad
1593 643 2140 710 docendum,scien-

488 738 572 793 tia
602 753 735 793 vero
767 738 841 793 ad
886 736 1361 808 intelligendum.
1396 732 1559 800 Quod
1591 738 1790 789 autem
1822 731 2093 803 sequitur
2125 747 2138 787 :

484 822 986 897 interpretationi.

566 917 720 971 420
750 917 794 983 Ι,
819 919 871 984 7,
903 916 955 970 8.
982 937 1009 963 «
1046 913 1138 968 Sic
1167 917 1234 967 ut
1260 927 1379 967 non
1435 909 1843 966 destituamini
1901 910 1962 964 in
2018 908 2140 963 ullo

501 1023 522 1054 ε
557 1005 728 1067 dono,
765 1007 1172 1075 exspectantes
1229 999 1651 1056 revelationem
1683 998 1916 1054 Domini
1954 996 2141 1052 nostri

495 1117 525 1145 ‹‹
556 1095 691 1150 Jesu
722 1092 1075 1164 Christi,qui
1106 1091 1283 1146 etiam
1317 1087 1692 1144 confirmabit
1721 1106 1820 1143 vos
1850 1102 2035 1158 usque
2065 1083 2141 1141 ad

493 1205 523 1234 α
558 1184 738 1238 finem
757 1183 1091 1255 inculpatos
1124 1182 1184 1235 in
1214 1179 1309 1236 die
1339 1178 1573 1234 Domini
1597 1178 1784 1233 nostri
1813 1177 1948 1232 Jesu
1976 1174 2141 1231 Chri-

493 1271 715 1328 «sti.»

564 1362 857 1428 Quaeritur
912 1362 972 1416 in
1027 1361 1136 1416 hoc
1194 1358 1344 1428 loco,
1431 1374 1563 1413 cum
1622 1357 1787 1428 prius
1843 1357 2137 1413 dixisset:

494 1473 520 1504 «
556 1453 729 1507 Ditati
746 1452 886 1505 estis
917 1449 1150 1504 inomni
1181 1463 1453 1504 sermone
1477 1454 1532 1502 et
1561 1448 1622 1502 in
1653 1448 1812 1503 omni
1836 1448 2139 1516 scientia,»

495 1557 848 1612 rursumque
880 1555 1072 1595 nunc:
1133 1539 1288 1594 «Sic
1345 1544 1409 1592 ut
1465 1553 1584 1593 non
1641 1537 2045 1594 destituamini
2077 1537 2139 1593 in

492 1629 614 1684 ullo
646 1629 822 1698 dono,
884 1651 912 1678 »
973 1644 1150 1699 quam
1208 1627 1281 1682 ob
1339 1643 1577 1682 causam
1637 1627 1696 1682 in
1755 1626 2138 1698 sequentibus

492 1717 634 1773 dicit
666 1719 824 1789 ipsos
856 1717 1125 1773 carnales
1147 1716 1217 1772 ?«
1243 1717 1448 1772 Adhuc
1466 1717 1622 1771 enim
1657 1718 1922 1772 carnales
1941 1717 2135 1783 estis,»

493 1811 595 1878 ait,
628 1813 766 1882 quia
796 1817 853 1866 et
882 1811 1008 1866 haec
1037 1817 1096 1866 et
1143 1811 1248 1866 illa
1303 1811 1506 1865 multis
1564 1809 2009 1865 cenveniebant.
2070 1809 2132 1864 1n

2243 570 2349 606 ναι.
2385 548 2482 606 Καὶ
2510 547 2595 618 τὸ,
2629 571 2659 600 ‹‹
2687 549 2850 603 Ὥστε
2888 549 2963 622 μὴ
3001 548 3334 622 ὑστερεῖσθαι
3371 546 3533 619 ὑμᾶς,
3573 571 3594 599 ι
3629 546 3763 621 πρὸς
3789 547 3880 614 τὴν

2248 637 2496 715 δευτέραν
2529 639 2820 714 ἑρμηνείαν
2852 636 3065 712 μᾶΛλον
3095 634 3329 708 συνᾴδει.

2319 909 2478 958 Ὠστε
2511 903 2652 975 ὑμᾶς
2687 902 2763 976 μή
2824 903 3160 978 ὑστερεῖσθαι
3209 901 3260 957 ἐν
3322 898 3514 973 μηδενὶ
3574 900 3888 976 χαρίσματι,

2249 989 2721 1066 ἀπεκδεχόμενους
2774 993 2874 1062 τήν
2923 989 3268 1066 ἀποκάλυψιν
3327 994 3424 1046 τοῦ
3482 990 3684 1065 Κυρίου
3737 992 3886 1064 ἡμῶν

2249 1077 2431 1149 Ἰησοῦ
2481 1079 2738 1151 Χριστοῦ,
2797 1078 2855 1140 ὃς
2912 1078 3004 1134 καὶ
3063 1073 3350 1154 βεϐαιώσει
3386 1078 3524 1152 ὑμᾶς
3549 1073 3655 1138 ἓως
3701 1073 3886 1139 τέλους

2249 1164 2620 1245 ἀνεγκλήτους
2652 1165 2802 1242 ἑντῇ
2841 1169 3022 1243 ήμὲρᾳ
3075 1171 3175 1223 τοῦ
3233 1167 3436 1242 Κυρίου
3495 1169 3660 1238 ἡμῶν
3713 1169 3886 1234 Ἰησοῦ

2247 1255 2503 1332 Χριστοῦ.

2319 1351 2567 1417 Ζητεῖται
2601 1346 2819 1403 ἐνταῦθα
2846 1349 2900 1403 τί
2934 1344 3000 1418 δή
3032 1367 3165 1402 ποτε
3195 1345 3454 1420 ἀνωτέρω
3486 1346 3582 1418 μὶν
3639 1345 3886 1418 είρηκὼς,

2247 1435 2370 1509 περὶ
2411 1435 2609 1504 αὐτῶν,
2637 1435 2720 1492 ὅτι
2759 1462 2786 1488 ‹‹
2815 1435 3244 1506 Ἑπλουτίσθητε
3296 1435 3348 1490 ἐν
3405 1435 3565 1490 παντὶ
3597 1434 3750 1510 λόγῳ
3805 1448 3892 1501 καὶ

2246 1524 2387 1599 πάσῃ
2416 1526 2634 1600 γνώσει,
2665 1525 2820 1580 »καὶ
2881 1529 2968 1580 νῦν
3025 1525 3210 1596 πάλιν,
3265 1549 3292 1574 α
3352 1528 3515 1580 *Ὠστε
3585 1527 3662 1598 μὴ
3746 1523 3887 1578 {meo

2249 1618 2454 1689 ρεῖσθαι
2489 1616 2630 1688 ὑμᾶς
2671 1614 2723 1670 ἐν
2755 1613 2949 1689 μηδενὶ
2983 1616 3306 1690 χαρίσματι,
3351 1639 3378 1667 ››
3440 1614 3652 1688 προῖὼν
3708 1633 3889 1685 σαρκι-

2245 1704 2373 1765 κοὺς
2404 1703 2600 1766 αὑτοὺς
2641 1703 2808 1780 λέγει,
2847 1707 3012 1762 αἘτι
3069 1705 3170 1780 γαρ
3230 1705 3479 1778 σαρκικοί
3539 1703 3677 1768 ἐστε,
3710 1725 3735 1756 υ
3778 1724 3886 1781 (ρη-

2247 1795 2353 1852 σίν.
2387 1795 2510 1852 Ὀτι
2538 1794 2676 1868 πρὸς
2709 1793 2957 1857 πολλοὺς
2998 1795 3094 1868 μὲν
3132 1798 3319 1861 ταῦτα,
3351 1795 3487 1867 πρὸς
3557 1791 3801 1853 πολλοὺς
3833 1789 3886 1846 δί

495 1859 595 1878 __-,
633 1859 766 1882 γ--
801 1859 851 1866 --
882 1859 1005 1866 -π,
1042 1859 1095 1866 --
1143 1859 1247 1866 __-_
1303 1859 1504 1865 _-__---_
1569 1859 2009 1865 ----.-___-___-.

495 1905 654 1954 tanta
684 1901 840 1954 enim
874 1900 1348 1974 congregatione,
1380 1915 1572 1971 neque
1617 1915 1823 1954 omnes
1868 1907 2124 1970 poteranl

2244 1883 2417 1939 ἐκεῖνα
2468 1859 2742 1958 ἥρμοζεν.
2809 1881 2949 1942 Οὐδὲ
2998 1859 3106 1958 χάρ
3167 1883 3218 1939 ἐν
3295 1859 3538 1958 τοσαύτῃ
3594 1879 3887 1974 ’Βξκκλησίᾳ

491 2005 622 2044 esse
655 1989 922 2061 perfecti,
955 2006 1149 2061 neque
1181 2007 1413 2045 rursum
1449 2005 1654 2044 omnes
1685 1989 2014 2060 imperfecti
2039 1997 2140 2044 aut

489 2076 924 2149 imprudentes.
988 2103 1014 2129 ιι
1099 2081 1516 2150 Exspectantes
1600 2078 2042 2134 revelationem.
2107 2101 2136 2128 ››

491 2167 583 2223 Sic
614 2173 677 2222 ut
707 2183 825 2224 non
856 2168 1263 2224 destituamini
1297 2170 1357 2224 in
1377 2184 1495 2224 uno
1514 2167 1668 2224 dono
1687 2169 1758 2224 ad
1781 2173 2136 2240 exspectan-

487 2257 627 2312 dum
664 2259 1080 2314 revelationem
1140 2260 1375 2314 Christi.
1438 2259 1778 2314 Necessaria
1834 2265 1921 2315 est
1979 2259 2138 2315 enim

489 2348 804 2403 tolerantia
843 2349 915 2403 ad
949 2348 1430 2420 exspectandum.
1479 2350 1659 2403 Porro
1716 2349 2136 2405 revelationem

490 2445 650 2492 vorat
684 2437 1010 2494 secundum
1044 2439 1386 2504 adventum,
1422 2439 1739 2494 ostendens
1769 2439 1926 2510 quod
1956 2441 2137 2495 etiam

488 2543 644 2582 nunc.
675 2527 1116 2599 sit,quanqnam
1141 2529 1329 2584 oculis
1352 2543 1469 2582 non
1489 2527 1755 2583 Videatur
1773 2528 2135 2585 carnalibus.

486 2645 512 2665 α
547 2619 652 2682 Qui
687 2619 864 2673 etiam
899 2619 1280 2674 confirmabit
1337 2634 1455 2673 vos.
1521 2640 1547 2667 »
1607 2619 1834 2675 lndicat
1891 2636 1991 2675 eos
2021 2619 2133 2676 flu-

486 2713 705 2762 ctuare.
741 2708 953 2763 Dicens
984 2715 1181 2763 autem
1210 2730 1238 2758 ‹‹
1273 2707 1624 2779 inculpatos,
1660 2730 1689 2757 »
1721 2709 2015 2782 signiﬁcat
2036 2725 2136 2766 eos

482 2799 670 2869 culpae
703 2814 832 2854 esse
865 2799 1172 2853 obnoxios.
1199 2822 1224 2848 «
1245 2799 1310 2852 In
1342 2797 1438 2853 die
1470 2797 1726 2852 Domini.
1762 2821 1791 2849 »
1825 2798 1910 2854 Ab
1935 2801 2135 2855 huma-

485 2887 579 2940 nis
611 2887 910 2943 abducens
940 2892 1123 2942 terret
1152 2902 1276 2953 eos,
1309 2887 1464 2943 facta
1494 2887 1709 2958 judicii
1739 2889 2060 2944 mentione.

547 3064 590 3129 Ι,
625 3067 677 3118 9.
696 3085 723 3114 ‹‹
745 3061 962 3120 Fidelis
977 3063 1264 3136 Deus,per
1292 3080 1468 3137 quem
1491 3066 1711 3121 vocatis
1741 3067 1884 3122 estis
1911 3067 1972 3123 in
2002 3083 2134 3124 con-

478 3174 503 3200 α
542 3153 792 3206 sortium
824 3152 953 3206 Filii
985 3156 1114 3224 ejus
1144 3154 1277 3209 Jesu
1326 3154 1541 3210 Christi
1598 3154 1829 3211 Domini
1863 3157 2068 3212 nostri.
2109 3184 2129 3209 ι

2246 1971 2394 2045 εἶχον
2433 1973 2630 2042 εἶναιῆ
2663 1973 2858 2036 πάντες
2904 1972 3127 2043 τέλειοι,
3188 1974 3223 2044 ἢ
3283 1973 3476 2032 πάντες
3539 1967 3750 2031 ἀτελεῖς
3801 1970 3880 2024 καὶ

2245 2063 2460 2133 νήπιοι.
2580 2085 2606 2117 ι
2711 2059 3208 2141 Ἀπεκδεχο;ιὲνους
3279 2063 3380 2130 την
3456 2057 3825 2126 ἀποκάλυψιν.
3859 2083 3884 2110 »

2243 2153 2402 2207 ’Ώστε
2441 2152 2580 2225 ὑμᾶς
2642 2153 2717 2223 μή
2779 2153 3139 2226 ὑστερηθῆναι
3201 2151 3255 2208 ἐν
3316 2149 3514 2225 μηδενὶ
3573 2151 3886 2232 χαρίσματι,

2245 2239 2296 2296 ἐν
2342 2245 2420 2312 τῷ
2474 2237 2864 2317 ἀπεκδέχεσθαι
2913 2243 3012 2306 τὴν
3079 2239 3425 2316 ἀποκάλυψιν
3484 2243 3588 2296 τοῦ
3640 2242 3888 2316 Χριστοῦ.

2244 2329 2419 2402 Χρεία
2442 2329 2543 2406 γαρ
2584 2330 2864 2404 ὑπομονῆς
2897 2329 2974 2392 εἰς
3029 2331 3093 2386 τὸ
3124 2328 3450 2404 ἐκδέξασθαι.
3514 2327 3883 2402 ’Λποκάλυψιν

2245 2415 2302 2474 δέ
2332 2439 2486 2496 φησι,
2536 2420 2634 2487 τήν
2691 2417 2940 2492 δευτέραν
3006 2421 3327 2495 παρουσίαν,
3395 2417 3607 2481 δεικνὺς
3654 2418 3736 2475 ὅτι
3800 2418 3884 2474 καὶ

2241 2510 2330 2562 vim
2375 2507 2540 2574 ἐστιν,
2593 2508 2639 2563 εί
2696 2508 2785 2564 καὶ
2838 2511 2914 2582 μὴ
2976 2509 3166 2584 ὁρᾶται
3224 2513 3510 2585 σαρκικοῖς
3567 2506 3881 2586 ὀφθαλμοῖς.

2244 2620 2273 2649 ι(
2306 2599 2399 2657 ’Ὀς
2430 2596 2519 2651 καὶ
2555 2592 2842 2671 βεϐαιώσει
2879 2599 3038 2670 ὑμᾶς.
3099 2623 3125 2648 ››
3175 2599 3417 2655 Δείκνυσι
3470 2594 3884 2670 σαλευομένους.

2243 2712 2270 2740 (ι
2308 2686 2705 2762 Ἀνεγκλήτους
2747 2709 2775 2738 ι»
2803 2683 2860 2742 εὶ
2891 2685 3081 2756 εῗπὼν,
3115 2683 3281 2756 δηλοῖ
3329 2684 3483 2750 ὄντας
3530 2686 3632 2743 ὑπὸ
3688 2681 3881 2762 ἔγκληο

2246 2796 2341 2850 μα.
2377 2802 2406 2828 ‹‹
2445 2779 2530 2830 Ἐν
2587 2780 2654 2850 τῇ
2712 2775 2893 2852 ἡμέρᾳ
2949 2781 3047 2832 τοῦ
3107 2779 3332 2854 Κυρίου.
3402 2802 3431 2831 ››
3464 2778 3722 2856 Ἀπάγων
3784 2780 3877 2832 τῶν

2240 2865 2618 2942 ἀνθρωπίνων,
2653 2861 2815 2948 φοϐεῖ
2841 2867 3065 2937 αὐτοὺς,
3085 2874 3186 2938 τῆς
3216 2866 3428 2943 ἡμέρας
3449 2867 3880 2943 ὑπομιμνήσκων

2239 2960 2340 3026 τῆς
2372 2957 2622 3031 κρίσεως.

2314 3045 2512 3107 ιιιστὸς
2547 3047 2575 3102 ὁ
2607 3046 2736 3109 Θεὸς
2767 3043 2841 3102 δι’
2879 3046 2942 3102 οὗ
2974 3046 3250 3119 ἐκλήθητε
3315 3047 3396 3109 εἲς
3451 3045 3743 3104 κοινωνίαν
3791 3044 3881 3101 τοῦ

2242 3135 2370 3190 Υίοῦ
2399 3135 2566 3191 αὑτοῦ
2596 3137 2778 3206 ἰησοῦ
2818 3139 3054 3212 Χριστοῦ
3084 3140 3183 3193 τοῦ
3221 3137 3423 3212 Κυρίου
3454 3140 3646 3212 ἡμῶν.

552 3241 668 3296 Hoc
699 3247 788 3296 est
817 3257 990 3297 verax
1023 3259 1035 3296 :
1070 3242 1230 3314 quod
1259 3243 1308 3298 si
1341 3260 1531 3301 verax.
1552 3245 2124 3316 complebitomnino

2310 3226 2594 3280 Τουτέστιν
2626 3223 2859 3298 ἀληθής.
2899 3226 2960 3282 Εἰ
3014 3223 3070 3282 δὲ
3107 3223 3347 3297 ἀληθής,
3405 3226 3699 3302 πληρώσει
3752 3223 3878 3316 πάν-

479 3346 610 3399 quao
642 3330 934 3400 promisit.
965 3351 994 3379 ι(
1028 3333 1139 3385 Per
1183 3348 1357 3402 quem
1415 3335 1600 3388 vocati
1659 3336 1824 3390 estis.
1859 3358 1887 3387 »
1948 3339 2128 3391 Nemo

476 3417 695 3489 quippe
753 3417 914 3471 venit
970 3418 1045 3473 ad
1102 3420 1336 3486 Filium,
1422 3422 1538 3476 nisi
1625 3424 1801 3478 Pater
1882 3428 2130 3485 traxerit

476 3520 612 3558 eum
641 3503 709 3558 ⁸⁷.
742 3505 1252 3570 Quemadmodum
1285 3525 1477 3578 neque
1536 3509 1609 3564 ad
1668 3511 1901 3567 Patrem
1963 3513 2124 3584 quis-

474 3608 652 3662 quam
682 3593 861 3650 venit.
895 3595 1010 3648 nisi
1041 3596 1136 3650 cui
1166 3595 1513 3651 revelaverit
1569 3597 1748 3654 Filius
1805 3599 1870 3664 “,
1929 3622 1958 3650 «
2019 3603 2128 3655 Per

473 3697 649 3752 quem
681 3683 866 3738 vocati
899 3684 1063 3750 estis,
1097 3706 1124 3734 ››
1160 3684 1269 3738 hoc
1313 3691 1420 3751 est,
1479 3701 1513 3739 ει
1569 3702 1685 3757 quo
1743 3689 1926 3744 vocati
1959 3689 2122 3759 estis,

471 3771 571 3844 qui
605 3773 827 3828 vocavit
857 3789 976 3828 vos.
1011 3775 1080 3828 Et
1111 3773 1375 3846 intellige
1408 3775 1704 3846 quomodo
1747 3784 1927 3848 ponat
1957 3777 2123 3834 divus

468 3861 685 3917 Paulus
717 3859 785 3915 δι’
817 3859 899 3930 οὗ,
935 3861 994 3916 id
1024 3867 1247 3936 est.per
1276 3879 1476 3934 quem.
1501 3865 1680 3920 etiam
1713 3865 1784 3921 de
1821 3870 1984 3922 Patre
2014 3884 2027 3922 :
2061 3873 2119 3924 et

467 3966 572 4020 pro
602 3967 720 4022 quo
751 3951 898 4006 illud
926 3968 1080 4023 pono
1117 3968 1129 4007 :
1164 3959 1229 4007 ut
1269 3969 1401 4008 cum
1435 3953 1694 4025 idipsum
1727 3953 1798 4010 de
1831 3955 1977 4010 Filio
2009 3973 2083 4012 au

469 4037 649 4094 diei-is
680 4055 798 4096 non
829 4041 1174 4097 substantias
1199 4041 1724 4110 mutationem,sed
1746 4042 2116 4102 identitatem

467 4129 788 4200 concipias.
822 4151 851 4179 ‹‹
889 4130 1114 4186 Vocatis
1146 4131 1308 4186 estis.
1344 4153 1372 4181 »
1401 4131 1602 4204 Neque
1661 4132 1821 4188 enim
1879 4151 1914 4190 a
1955 4135 2118 4191 vobis

464 4218 611 4289 ipsis
637 4220 1012 4289 venistis,sed
1043 4223 1231 4294 gratia
1271 4223 1459 4277 vocati
1507 4223 1669 4279 estis.
1707 4245 1734 4272 οι
1779 4226 1845 4280 In
1876 4242 2114 4281 consor-

465 4310 672 4365 tium.»
701 4316 870 4383 Papa:
898 4311 910 4366 ί
935 4311 1077 4384 quid
1100 4312 1231 4369 ait?
1257 4314 1324 4368 In
1356 4315 1726 4370 consortium
1745 4315 1930 4372 vocati
1950 4316 2114 4392 estis,

466 4399 679 4471 inquit,
709 4401 1028 4474 Unigeniti.
1060 4409 1126 4458 ut
1153 4409 1214 4460 et
1259 4403 1321 4458 in
1352 4419 1532 4476 regno
1583 4410 1643 4461 et
1672 4404 1734 4461 in
1763 4405 1950 4478 gloria
1978 4423 2113 4464 con-

464 4496 652 4546 sortes
683 4490 1222 4556 efﬁciamini.Quod
1263 4491 1402 4546 alibi
1434 4492 1648 4550 dicitzu
1683 4493 1741 4548 Si
1773 4493 2111 4553 suﬂ‘erimus

2233 3337 2340 3377 τως
2382 3314 2418 3370 ἄ
2471 3315 2864 3390 ἐπηγγείλατο.
2931 3343 2951 3366 ι
3015 3317 3092 3371 Δι’
3153 3317 3216 3372 οὗ
3276 3313 3576 3389 ἐκλήθητε.
3611 3343 3639 3370 ι(
3695 3311 3874 3374 Οὐδεές

2231 3405 2334 3478 γὰρ
2368 3402 2590 3478 ἔρχεται
2618 3405 2755 3478 πρὸς
2791 3406 2882 3460 τὸν
2911 3406 3058 3476 Υίὸν,
3119 3405 3166 3461 εἰ
3228 3408 3302 3480 μὴ
3363 3403 3585 3462 ἒλκὺσει
3635 3404 3788 3460 αὑτὸν
3848 3403 3873 3457 ὁ

2230 3494 2438 3567 Πατήρ·
2475 3492 2657 3562 ὥσπερ
2712 3492 2835 3550 οὐδε
2889 3495 3024 3569 πρὸς
3080 3495 3172 3550 τὸν
3234 3497 3446 3570 Πατέρα
3519 3490 3737 3571 ἔρχεταί
3785 3511 3878 3562 τις,

2230 3579 2382 3656 είημὴ
2415 3582 2461 3654 ᾧ
2499 3580 2559 3638 ἅν
2596 3582 2930 3658 ἀποκαλύψῃ
2960 3585 2988 3639 ό
3029 3584 3171 3647 Υἱός.
3208 3609 3235 3635 ‹‹
3273 3586 3352 3639 Δι’
3410 3583 3473 3639 οὗ
3533 3584 3818 3654 ἕκλήθητε.
3854 3602 3880 3631 υ

2227 3679 2378 3734 Ἀντὶ
2407 3684 2526 3750 τοῦ,
2556 3681 2672 3757 Ὑφ’
2701 3680 2763 3736 οὗ
2796 3679 3310 3753 Ξκλήθητε,οἷον,⁶0
3342 3681 3582 3745 καλίσας
3614 3675 3876 3757 ὑμᾶςΚαῖ

2227 3766 2516 3838 ἐπίστησον
2558 3774 2676 3832 πῶς
2706 3771 2795 3838 τὸ,
2855 3768 2926 3826 δι’
2961 3769 3045 3842 οὗ,
3103 3773 3317 3842 τίθησιν
3378 3772 3407 3827 ὁ
3467 3779 3616 3836 θεῖος
3671 3766 3873 3828 Παῦλνις

2225 3861 2313 3915 καὶ
2347 3858 2436 3918 ἰπὶ
2464 3867 2560 3916 τοῦ
2593 3863 2826 3937 Πατρὸς,
2856 3865 2945 3918 καὶ
3005 3864 3124 3919 ἀντὶ
3181 3862 3332 3928 τίνος
3371 3863 3592 3934 τίθησιν
3622 3863 3772 3931 αὑτὸ,
3802 3861 3870 3914 ’ἔν’

2225 3951 2349 4006 ὁταν
2381 3951 2471 4007 καὶ
2504 3951 2589 4008 ἐπὶ
2619 3957 2717 4008 τοῦ
2756 3953 2885 4008 Υίοῦ
2916 3953 3047 4008 αὐτὸ
3077 3953 3337 4029 ἀκούσῃς,
3396 3955 3471 4026 μη
3503 3950 3856 4031 παραλλαγὴν

2225 4039 2430 4110 οὐσίας,
2462 4038 2610 4096 ἀλλὰ
2636 4042 2942 4114 ταυτότητα
2975 4041 3180 4118 ἐννοῇς.
3217 4069 3244 4095 ‹‹
3303 4042 3636 4114 Ἐκλήοητε.
3673 4066 3700 4094 »
3731 4036 3863 4097 Οὖδὶ

2223 4129 2325 4206 γὰρ
2357 4128 2446 4208 ἀφ’
2476 4131 2677 4186 ἑαυτῶν
2711 4131 2900 4201 ἤκατε,
2932 4130 3077 4188 ἀλλά
3134 4133 3324 4212 χάριτι
3364 4130 3662 4203 ἐκλήθητε.
3700 4154 3726 4183 ‹‹
3781 4126 3864 4189 Εἲς

2221 4219 2528 4287 κοινωνίαν,
2563 4245 2589 4272 ››
2611 4215 2781 4278 Βαόαι
2816 4221 2903 4278 Ῑτί
2935 4222 3080 4277 εἶπεν
3103 4240 3116 4291 ;
3139 4223 3232 4284 Εἷς
3253 4222 3549 4278 κοινωνίαν
3576 4221 3858 4290 ἐκλήθητε,

2221 4309 2374 4387 φησὶ,
2403 4313 2500 4364 τοῦ
2535 4311 2895 4388 Μονογενοῦς,
2927 4309 3017 4367 ’ίνα
3045 4311 3134 4367 καὶ
3200 4310 3254 4368 ἐν
3305 4317 3374 4386 τῇ
3409 4312 3665 4388 βασιλείᾳ
3695 4307 3778 4365 καὶ
3808 4304 3856 4361 iv

2219 4401 2286 4472 τῇ
2337 4395 2462 4473 δόξῃ
2528 4399 2778 4456 κοινωνοὶ
2834 4401 3110 4476 γενώμεθα
3175 4404 3359 4458 αὑτοῦ·
3420 4401 3556 4477 ὅπερ
3615 4397 3858 4472 ἀλλαχοῦ

2219 4508 2402 4564 φησιν,
2446 4513 2474 4541 ‹‹
2531 4490 2593 4544 Εἰ
2663 4490 3030 4565 ὑπομὲνομεν,
3087 4492 3176 4547 καὶ
3244 4487 3771 4566 συμϐασιλεύσομεν.
3830 4510 3856 4537 ι»

464 4583 519 4634 et
544 4579 1040 4653 conregnabimus
1067 4581 1132 4633 “.
1172 4602 1198 4627 ››
1229 4579 1296 4634 In
1327 4582 1692 4636 consortium
1750 4585 1936 4639 vocati
1967 4587 2110 4642 estis

2233 4576 2316 4638 Κῐς
2347 4579 2632 4634 κοινωνίαν
2664 4577 2936 4650 ἐκλήθητε
2966 4582 3286 4657 Χριστοῦ,τί
3317 4579 3522 4642 ἆλΛους
3544 4579 3635 4637 καὶ
3662 4575 3854 4637 ἀλλους

460 4666 768 4726 Christi,ut
789 4667 932 4739 quid
962 4667 1112 4724 alios
1133 4674 1311 4740 atque
1340 4667 1488 4724 alios
1518 4669 1932 4726 constituendo
1951 4673 2110 4729 vobis

459 4757 606 4828 ipsis
639 4764 1030 4828 przeceptores
1075 4760 1222 4815 421
1288 4775 1357 4814 ac
1385 4757 1676 4820 doctores.
1710 4775 1745 4814 a
1774 4759 1969 4818 divino
2007 4763 2112 4819 illo

462 4845 828 4917 salutarique
859 4849 1160 4904 consortio
1179 4864 1277 4904 vos
1292 4847 1452 4920 ipsos
1465 4846 1795 4905 distrahere
1813 4867 1882 4906 ac
1903 4867 2109 4925 ampu-

457 4941 582 4989 tare
616 4935 976 4992 contenditis
1005 4937 1034 4992 ?

1125 5024 1358 5084 CAPUT
1395 5027 1438 5083 Ι.

460 5113 614 5179 Quod
643 5129 757 5186 non,
781 5121 1031 5186 oporteat
1057 5132 1092 5170 α
1132 5133 1188 5172 se
1218 5117 1451 5171 invicem
1482 5116 1745 5174 dissidere
1772 5119 1837 5174 ob
1868 5137 2104 5180 amorem

705 5185 898 5257 gloriae
927 5202 1056 5258 quae
1083 5188 1151 5243 de
1181 5188 1424 5243 humana
1453 5196 1528 5244 est
1555 5191 1852 5261 sapientia.

526 5275 570 5337 Ι,
597 5278 775 5332 10-13.
809 5300 829 5325 ι
866 5276 1121 5333 Obsecro
1145 5277 1478 5344 vos,fratres
1505 5294 1612 5350 per
1640 5283 2103 5341 nomenDomini

520 5367 709 5421 nostri
729 5367 867 5422 Jesu
887 5367 1370 5432 Christi,utidem
1393 5368 1603 5424 dicatis
1632 5387 1863 5439 omnes,
1897 5380 1954 5429 et
1984 5391 2102 5432 non

459 5475 489 5505 ι(
523 5455 636 5510 sint
668 5456 826 5511 inter
857 5471 954 5512 vos
985 5456 1322 5512 sectre.Sitis
1342 5463 1539 5512 autem
1558 5460 1871 5530 compositi
1895 5463 2102 5520 eadem

460 5565 487 5593 «
512 5550 707 5603 mente
729 5545 1059 5619 eademque
1081 5546 1807 5620 sententia.Signiﬁcatum
1820 5557 1911 5608 est
1939 5554 2101 5612 enim

2221 4666 2541 4747 ἒφιστῶντες
2581 4668 2792 4731 ἑαυτοῖς
2831 4671 3136 4746 προστάτας
3195 4672 3283 4726 καὶ
3343 4668 3725 4737 διδασκάλους,
3762 4669 3856 4731 τῆς

2223 4757 2522 4828 θαυμασίας
2569 4758 2776 4828 ἐκείνης
2814 4761 2901 4815 καὶ
2973 4759 3245 4834 σωτηρίου
3298 4763 3582 4822 κοινωνίας
3638 4755 3850 4815 ἑαυτοὺς

2220 4843 2584 4919 φιλονεικεῖτε
2622 4845 2924 4928 διασχίζειν
2957 4850 3043 4905 καὶ
3084 4849 3474 4925 ἀποτέμνεσθαι
3509 4870 3524 4919 ;

2843 5032 3104 5086 ΚΕΦΑΔ.
3164 5035 3240 5084 Λ’.

2217 5111 2344 5188 Περῖ
2376 5117 2478 5170 τοῦ
2512 5117 2588 5190 μή
2623 5113 2895 5194 διχονοεῖν
2928 5117 3066 5190 πρὸς
3093 5114 3383 5188 ἀλλήλους
3424 5118 3484 5172 ix
3541 5109 3846 5196 φιλοδοξία

2602 5212 2702 5273 τῆς
2768 5205 2856 5262 επὶ
2918 5204 3081 5281 σοφίᾳ
3143 5204 3472 5282 ἀνθρωπίνῃ.

2283 5291 2595 5363 Παρακαλῶ
2655 5292 2712 5349 δὶ
2768 5295 2906 5369 ὑμᾶς
2939 5339 2955 5364 ,
3007 5292 3285 5374 ἀδελφοὶ,
3344 5292 3433 5350 διὰ
3498 5297 3592 5350 τοῦ
3655 5290 3837 5374 ὀνόμιγο

2209 5397 2303 5440 τος
2387 5385 2485 5435 τοῦ
2537 5383 2740 5458 Κυρίου
2817 5387 2978 5458 ἡμῶν
3065 5373 3244 5456 Ἰησοῦ
3312 5385 3575 5460 Χριστοῦ.
3618 5379 3705 5436 ἵνα
3777 5373 3831 5429 τὸ

2209 5466 2340 5525 αὑτὸ
2373 5467 2572 5548 λέγητε
2595 5473 2811 5546 πέντες,
2870 5474 2963 5531 καὶ
3024 5476 3098 5549 μή
3159 5476 3198 5548 ᾗ
3252 5475 3306 5530 ἓν
3369 5475 3496 5549 ὑμῖν
3555 5469 3832 5548 σχίσματα,

2209 5554 2306 5631 ᾖτε
2329 5559 2420 5615 καὶ
2467 5564 2888 5636 κατηρτισμίνοι
2920 5562 2973 5619 ἀν
3012 5569 3092 5620 τῶ
3145 5564 3295 5638 αὑτῷ
3347 5564 3452 5632 νοΐ,
3511 5561 3601 5619 καὶ
3669 5558 3718 5614 ιν
3775 5553 3842 5627 τῇ
