4188 6196
336 305 457 414 eis

1444 349 1854 411 COMMENT.
1905 348 1984 408 ΙΝ
2031 350 2278 411 EPIST.
2328 356 2429 412 AD
2481 358 2664 414 HOM.

3633 373 3750 433 646

341 484 484 558 αὐτῇ
514 486 730 558 γνώμῃ.
773 480 1066 553 Ἑὸηλώθη
1124 482 1225 557 γάρ
1286 502 1380 554 μοι
1441 482 1563 556 περὶ
1600 483 1772 554 ὑμῶν,
1832 480 1994 536 ἀδελ-

2112 509 2138 532 .‹
2166 486 2304 538 mihi
2329 487 2398 539 de
2424 487 2606 552 vobis,
2639 487 2850 546 fratres
2871 492 3009 555 mei,
3043 493 3114 548 ab
3138 495 3231 550 his
3263 499 3363 568 qui
3396 507 3534 556 sunt
3555 503 3752 562 Chloza

339 575 433 651 φοί
472 593 599 645 μου,
635 571 739 626 ὑπὸ
771 576 878 628 τῶν
914 570 1120 642 Χλοης,
1166 571 1254 627 ’ὁτι
1299 567 1474 643 ἔριδες
1537 569 1590 625 ὲν
1646 571 1774 643 ὑμῖν
1835 570 1990 625 εἶ’σιν.

340 661 500 736 Λέγω
527 657 583 716 δὶ
615 665 783 717 τοῦτο
815 662 920 716 ὂτι·
976 662 1241 720 Ἕκαστος
1298 660 1448 734 ὑμῶν
1501 658 1664 736 Λέγει·
1725 657 1832 733 εγὼ
1898 660 1992 734 μέν

341 749 460 822 εἰμι
493 748 734 811 Παύλου,
769 748 874 822 ἐγὼ
926 747 983 804 ὂὶ
1034 746 1322 818 Ἀπολλῶ,
1379 751 1484 824 ἐγὼ
1529 747 1586 804 δὲ
1642 753 1824 826 Κηφᾶ,
1885 749 1993 824 ἐγὼ

345 835 404 894 δὶ
435 841 698 912 Χριστοῦ,
734 839 1070 912 Μεμέρισται
1101 839 1128 893 6
1158 841 1388 914 Χριστός
1418 857 1432 908 ;

418 939 586 1016 Ἐγὼ.
622 939 778 1018 φησὶ,
812 935 1164 1012 παρακαλῶν,
1226 936 1324 992 οὐκ
1373 936 1484 1009 εἶμί
1533 938 1718 998 ἱκανὸς
1774 942 1984 994 πεῖσαι.

346 1032 444 1086 Διὰ
475 1034 572 1086 τοῦ
602 1032 836 1105 Χριστοῦ
882 1030 972 1084 οὖν
1030 1030 1353 1105 παρακαλῶ,
1408 1031 1708 1098 τουτὲστιν,
1767 1029 1931 1090 αὐτὸς
1966 1030 1993 1084 6

346 1120 582 1194 Χριστὸς
642 1121 670 1174 6
731 1113 1055 1192 ὑϐρισμένος
1116 1124 1356 1174 ποιεῖται
1443 1119 1542 1188 τὴν
1624 1117 1990 1191 παράκλησιν.

351 1233 380 1262 ιι
414 1208 516 1266 Καὶ
551 1207 690 1283 μή
722 1207 772 1264 ἐν
809 1208 937 1282 ὑμῖν
991 1209 1291 1284 σχίσματα.
1328 1232 1355 1259 ››
1406 1208 1481 1263 Τὸ
1528 1207 1631 1286 γαρ
1683 1207 1758 1269 είς
1808 1207 1997 1264 πολλᾶ

352 1298 513 1372 ὑμᾶς,
547 1298 704 1378 φησί,
740 1296 1004 1375 γενέσθαι,
1047 1297 1146 1352 οὐκ
1193 1294 1421 1369 ἐποίησε
1475 1296 1661 1353 πολλά
1721 1296 1856 1370 μέρη
1907 1298 1993 1353 τέ-

349 1386 492 1458 λεία,
516 1385 662 1444 ἀλλᾶ
683 1389 746 1444 τὸ
774 1387 982 1444 τέλειον
1019 1387 1184 1462 μέρος
1236 1389 1334 1455 τήν
1378 1387 1705 1458 Ἐκκλησίαν
1756 1381 1991 1463 ἔσχισεν.

350 1498 378 1531 ι
410 1478 867 1552 Κατηρτισμένοι.
900 1501 925 1531 ιι
961 1476 1412 1552 Ἀπηρτισμένοι,
1451 1475 1677 1536 τέλειοι.
1710 1502 1737 1528 ‹‹
1772 1478 1856 1533 Ἐν
1915 1482 1995 1550 τῷ

343 1565 497 1638 αὖτῷ
525 1564 630 1623 νοΐ.
665 1590 693 1619 ››
737 1563 960 1634 Ἐπειδή
996 1565 1107 1620 ἅνω
1138 1565 1303 1630 εἶπεν,
1333 1591 1357 1616 (ι
1390 1567 1503 1620 Ἵνα
1533 1567 1595 1620 τὸ
1648 1566 1779 1621 αὐτὸ
1829 1565 1995 1640 λὲγη-

341 1677 421 1727 τε,
458 1679 484 1706 »ι
543 1654 631 1710 ἳνα
693 1659 767 1729 μὴ
826 1655 1122 1730 νομίσωσιν
1192 1656 1324 1734 ἄχρι
1379 1653 1641 1729 ῥημάτων
1693 1653 1802 1711 δεῖν
1859 1659 1994 1711 εἶναι

341 1745 441 1813 τῆν
473 1744 756 1817 ὁμόνοιαν,
811 1743 1016 1818 ἐπάγει,
1073 1770 1101 1798 ι(
1137 1744 1222 1800 Ἐν
1277 1747 1356 1816 τῷ
1406 1745 1552 1818 αὐτῷ
1610 1742 1714 1813 νοΐ,
1749 1769 1776 1796 ››
1833 1765 1990 1800 τουτ-

2103 574 2309 645 «quod
2338 578 2754 634 contentiones
2782 581 2900 636 sint
2930 582 3084 639 inter
3101 603 3219 641 vos.
3255 589 3370 644 Hoc
3393 599 3590 649 autem
3622 595 3753 652 dico

2102 686 2128 712 «
2159 664 2315 752 quod
2331 667 2739 740 unusquisque
2762 679 3016 728 vestrum
3041 674 3215 731 dicit:
3237 680 3346 751 Ego
3366 682 3605 752 quidem
3622 702 3751 741 sum

2103 773 2131 802 «
2159 751 2344 818 Pauli,
2379 771 2481 818 ego
2513 764 2712 812 autem
2743 761 2975 831 Apollo.
2999 779 3102 835 ego
3121 781 3255 819 vero
3275 751 3751 839 Cepham‘ursum

2110 861 2136 893 α
2168 857 2272 913 ego
2304 841 2540 898 Christi.
2573 846 2802 902 Divisus
2835 856 2924 904 est
2943 851 3254 908 Christus?

2176 929 2312 1002 Ego,
2346 931 2561 1003 inquit,
2592 935 2692 1006 qui
2725 937 2969 993 obsecro
3017 957 3134 996 non
3180 945 3484 1004 sufficiens
3516 967 3644 1006 sum
3679 952 3751 1008 ad

2102 1023 2609 1091 persuadendum.
2644 1027 2757 1082 Per
2786 1029 3080 1086 Christum
3115 1032 3312 1105 itaque
3345 1037 3750 1106 obsecro;hoc

2104 1113 2212 1174 est,
2246 1109 2372 1181 ipse
2404 1113 2669 1168 Christus
2702 1116 2923 1186 injuria
2980 1121 3226 1176 affectus
3285 1125 3753 1187 obsecrationem

2102 1201 2326 1259 facitet
2375 1205 2874 1265 adhortationem.
2905 1233 2933 1261 «
2998 1217 3061 1266 Et
3110 1231 3230 1271 non
3277 1218 3394 1273 sint
3453 1221 3607 1276 inter
3653 1239 3752 1279 vos

2104 1297 2298 1347 sectae.
2336 1315 2364 1343 ››
2395 1295 2559 1360 Quod
2591 1297 2748 1352 enim
2779 1316 2879 1354 vos
2914 1301 2975 1356 in
3005 1305 3195 1360 multa
3225 1305 3393 1362 divisi
3451 1310 3598 1377 sitis,
3632 1329 3752 1368 non

2105 1381 2300 1436 effecit
2330 1383 2549 1440 multas
2580 1393 2776 1457 partes
2807 1389 3119 1461 perfectas,
3146 1394 3248 1449 sed
3277 1397 3597 1468 perfectam
3618 1418 3753 1473 par-

2104 1475 2222 1525 tem
2254 1480 2397 1544 puta
2453 1476 2774 1532 Ecclesiam
2825 1479 3080 1536 discidit.
3117 1505 3145 1533 «
3177 1485 3518 1558 Compositi.
3551 1514 3577 1539 ››
3637 1493 3755 1549 Hoc

2105 1562 2526 1633 est,completi,
2548 1565 2813 1635 perfecti.
2853 1591 2877 1615 α
2911 1569 3126 1626 Eadem
3160 1582 3378 1631 mente.
3413 1601 3440 1627 ››
3467 1579 3754 1644 Quoniam

2103 1650 2512 1718 praemiserat:
2547 1655 2760 1711 «Idem
2794 1657 3024 1726 dicatis,
3063 1683 3090 1711 ››
3123 1679 3196 1717 ne
3256 1665 3664 1724 existimarent
3695 1671 3754 1725 in

2103 1738 2293 1794 verbis
2324 1740 2610 1799 duntaxat
2638 1753 2910 1817 oportere
2943 1764 3071 1804 esse
3103 1768 3481 1824 consensum,
3516 1759 3756 1831 subjun-

344 1832 477 1890 ἑστι.
515 1834 618 1890 Καὶ
651 1833 843 1908 λόγοις
873 1833 963 1890 καὶ
995 1831 1182 1911 ἔργοις
1236 1834 1326 1888 καὶ
1385 1833 1582 1908 γνώμῃ
1637 1832 1726 1888 καὶ
1786 1830 1994 1905 διανοίᾳ

2106 1827 2224 1898 git:
2259 1854 2285 1881 ‹‹
2319 1833 2538 1889 Eadem
2569 1844 2770 1892 mente
2804 1860 2851 1906 ι),
2883 1839 2993 1894 hoc
3024 1848 3132 1902 est.
3167 1851 3224 1899 et
3263 1827 3640 1905 sermonibus
3697 1857 3756 1906 et

344 1923 554 2001 γίνεσθε
612 1923 939 2005 ὁμόφρονες.
1023 1947 1050 1976 ι(
1105 1922 1404 1999 Ἐγηλώθη
1459 1925 1559 1999 γάρ
1622 1945 1738 1996 μοι.
1791 1949 1818 1976 ››
1878 1925 1994 1978 Ἵνα

352 2015 428 2086 μή
460 2013 828 2085 ἀρνήσωνται,
859 2013 950 2068 καὶ
1007 2013 1281 2087 μάρτυρας
1329 2011 1559 2085 παράγει
1608 2012 1738 2073 τοὺς
1780 2010 1994 2080 Χλόης.

351 2127 380 2155 α
416 2099 674 2183 Ἀδελφοί
742 2123 865 2176 μου,
901 2125 930 2153 ι)
985 2101 1096 2158 Κᾶν
1146 2104 1249 2180 γὰρ
1305 2100 1474 2171 δῆλον
1502 2101 1625 2176 ᾔτὸ
1671 2102 1996 2176 ἁμάργημα,

355 2192 541 2268 φησὶν,
575 2190 802 2266 ἀδελφοί
835 2191 940 2265 μού
980 2190 1115 2250 ἐστε.
1166 2193 1241 2249 Τὸ
1287 2190 1366 2257 δὲ,
1417 2217 1443 2243 ‹‹
1479 2194 1622 2257 Maii,
1660 2216 1686 2242 ›ι
1744 2189 1996 2255 ὃιθέσεώς

351 2282 513 2339 ἔστιν.
551 2306 578 2334 ι(
600 2282 730 2336 Ὑπὸ
760 2287 866 2337 τῶν
897 2282 1106 2352 Χλόης,
1140 2305 1168 2333 ››
1194 2280 1352 2338 Οἰκία
1377 2302 1458 2344 τις
1486 2283 1550 2348 ἦν
1577 2280 1752 2344 οὕτως
1805 2279 1996 2336 ἐπονο-

354 2371 661 2447 μαζομένη,
693 2370 883 2441 Χλόης
915 2369 1042 2432 ’ἴσως
1073 2371 1244 2432 τινός.
1305 2369 1420 2428 Οὐκ
1463 2371 1581 2425 εἷπε
1629 2366 1686 2424 δὲ
1737 2369 1998 2440 ὀνομαστὶ

347 2461 476 2523 τοὺς
509 2458 885 2532 δηλώσαντας,
915 2461 1002 2514 ἳνα
1037 2461 1113 2532 μή
1173 2459 1311 2535 πρὸς
1359 2459 1556 2520 αὐτοὺς
1600 2456 1996 2531 ἐκπολεμηθῶ-

351 2571 455 2606 σιν.
492 2575 518 2602 (ι
553 2552 676 2608 ’Ότι
709 2547 901 2617 ἔριδες.
929 2575 958 2601 ››
1005 2549 1082 2606 Τὰ
1128 2551 1274 2623 παρᾶ
1319 2553 1426 2604 τῶν
1473 2547 1840 2619 δηλωσάντων
1889 2548 1994 2604 ἀπ-

347 2637 658 2714 αγγέλλων,
701 2636 880 2709 ἔριδας
941 2638 1106 2706 εἶπεν,
1160 2637 1246 2692 ’ἰνα
1305 2638 1382 2710 μή
1442 2635 1749 2712 ἐκθηριώσῃ
1803 2637 1998 2699 αὐτοὺς

342 2729 483 2804 πρὸς
511 2728 638 2791 τοὺς
673 2728 778 2784 ἀπὸ
807 2730 907 2797 τῆς
941 2728 1155 2799 Χλόης.
1186 2730 1349 2782 Ὅταν
1392 2725 1449 2783 δὶ
1480 2727 1584 2782 ἀπὸ
1611 2728 1818 2783 οἰκείου
1837 2747 1997 2803 προσ-

346 2819 502 2875 ώπου
531 2819 666 2895 λέγῃ
711 2820 773 2875 τὸ
811 2819 1048 2896 γεγονὸς,
1107 2820 1382 2896 σχίσματα
1439 2818 1572 2875 αὐτὰ
1628 2818 1805 2888 καλεῖ,
1863 2819 1994 2893 ὅπερ

344 2906 546 2980 πολλῷ
579 2915 767 2985 χεῖρον
797 2915 897 2979 τῆς
929 2905 1126 2982 ἔριδος.
1162 2933 1188 2960 ‹‹
1224 2909 1382 2984 Λέγω
1413 2906 1470 2964 δὲ
1498 2911 1679 2965 τοῦτο.
1715 2932 1744 2960 ι)
1805 2915 1996 2987 Σαφη-

342 2998 488 3061 νείας
521 2995 696 3054 ἕνεκεν
751 2999 834 3068 τὸ,
877 3024 904 3051 ‹‹
939 2997 1097 3076 Λέγω
1123 2994 1180 3053 δὲ
1217 3002 1404 3067 τοῦτο,
1437 3022 1465 3050 ››
1497 2998 1570 3060 ὡς
1604 2997 1648 3053 εἰ
1681 2997 1843 3053 εἶπεψ
1878 2998 1993 3052 Λό-

345 3109 448 3167 γου
482 3091 670 3164 χάριν,
708 3114 728 3140 α
765 3093 990 3145 τοιαῦτα
1045 3095 1254 3144 ποιεῖτε
1291 3087 1379 3143 καὶ
1440 3086 1670 3163 λέγειτι.
1716 3089 1834 3145 Οὐκ
1880 3083 1996 3142 ἔλε-

347 3201 442 3256 γον
475 3176 531 3234 δὲ
561 3177 755 3234 ἐκεῖνοι
789 3179 982 3240 οὕτως.
1020 3204 1048 3231 ‹‹
1078 3178 1220 3254 Ἐγὼ
1279 3179 1372 3251 μὲν
1428 3177 1540 3249 εἶμι
1593 3174 1834 3248 Παύλου,
1885 3175 1994 3252 ἐγὼ
2025 3217 2068 3284 C

351 3266 480 3284 ..μ
580 3267 687 3284 μ-
809 3265 1029 3284 .u...
1219 3265 1238 3281 ,ρ
1394 3267 1414 3284 ρ.
1592 3265 1612 3284 ς
1797 3267 1812 3284 ,
1952 3267 1964 3284 .

347 3266 406 3324 δὲ
436 3267 721 3324 Ἀπολλῶο
746 3291 774 3321 η
802 3265 944 3324 ἀλλὰ
965 3268 1133 3342 λόγου
1165 3265 1329 3346 χάριν
1360 3267 1534 3328 οὓτως
1567 3265 1732 3331 εἶπεν,
1760 3267 1995 3323 αἰνιττό-

351 3377 514 3431 μενος
570 3359 654 3419 οἷς
702 3357 1111 3433 προσεῤῥῦησαν
1171 3355 1464 3415 πλουσίοις
1520 3357 1610 3411 καὶ
1671 3361 1877 3434 σοφοῖς·
1941 3354 1994 3412 ἐν

347 3450 537 3519 παυτῷ
568 3444 793 3517 δεικνὺς,
826 3447 910 3503 ’ὁτι
950 3446 995 3502 εί
1025 3447 1088 3501 τὸ
1146 3446 1321 3507 οὕτως
1376 3443 1574 3520 λέγειν,
1635 3444 1855 3500 Παύλου
1903 3445 1994 3500 καὶ

345 3542 627 3612 Ἀπολλὼ,
658 3547 760 3602 οὐκ
788 3545 1095 3614 ἀνεύθυνον,
1126 3543 1327 3618 πολλῷ
1359 3541 1574 3617 μᾶλλον
1601 3545 1663 3599 τὸ
1695 3543 1872 3618 λέγειν
1905 3564 1993 3599 σο-

345 3638 460 3712 φῶν
519 3638 652 3689 εἶναι
709 3635 744 3703 ἢ
803 3633 1108 3704 πλουσίων,
1167 3633 1260 3696 οὓς
1341 3630 1701 3694 διδασκάλους
1785 3633 1995 3695 ἑαυτοῖς

343 3719 616 3780 ἐκάθισαν.
651 3748 678 3775 ‹‹
713 3725 858 3801 Ἐγὼ
891 3720 947 3779 δὶ
979 3726 1157 3802 Κηφᾶ.
1193 3747 1220 3776 ››
1285 3728 1581 3796 Προοιμῶν
1631 3722 1723 3777 τὸν
1772 3722 1992 3795 Πέτρον,

345 3811 565 3887 ὕστερον
620 3814 853 3869 τέθεικεν
908 3813 1092 3882 αὐτὸν,
1178 3810 1365 3883 ἐπειδή
1421 3811 1748 3888 κατηγορίας
1813 3810 1990 3868 αὐτῶν

345 3899 519 3958 ἕνεκεν
548 3906 713 3957 ταῦτα
745 3900 910 3977 λέγει.
949 3927 975 3954 ‹‹
1010 3902 1152 3978 Ἐγὼ
1201 3899 1258 3958 δὲ
1306 3906 1557 3977 Χριστοῦ.
1596 3927 1623 3953 n
1670 3901 1787 3959 Οὐκ
1832 3900 1993 3978 ἐγκα-

345 3987 434 4046 λεῖ
462 3991 544 4046 ὅτι
579 3989 847 4068 λέγουσιν,
885 4015 911 4044 ‹‹
943 3991 1090 4068 Ἐγὼ
1121 3989 1177 4046 δὲ
1206 3993 1470 4067 Χριστοῦ,
1513 4019 1537 4044 ››
1569 3989 1717 4046 ἀλλᾶ
1748 3989 1887 4046 διότι
1915 3992 1990 4064 μὴ

345 4081 541 4143 πάντες
598 4085 765 4137 τοῦτο
823 4080 1064 4158 λέγουσι,
1130 4076 1420 4156 μέμφεται.
1482 4105 1511 4133 ‹‹
1570 4081 1906 4155 Μεμὲρισται
1964 4081 1991 4133 6

345 4169 574 4246 Χριστός
602 4190 615 4240 ;
648 4195 676 4223 ››
709 4171 1060 4244 Κατιτέμετε,
1093 4171 1249 4248 φησὶ,
1307 4172 1398 4225 τὸν
1455 4171 1706 4242 Χριστὸν,
1767 4169 1994 4226 διείλετε

346 4259 512 4315 αὐτοῦ
541 4260 603 4316 τὸ
635 4265 811 4334 σῶμα.
850 4255 1035 4316 Φόϐου
1067 4257 1123 4315 δὲ
1152 4263 1314 4336 γέμει
1351 4260 1414 4315 τὸ
1466 4259 1636 4334 ῥῆμα.
1677 4260 1747 4316 Ἥ
1797 4257 1990 4320 οὕτως.

344 4349 669 4424 Ἐμερίσατο
697 4352 797 4420 τήν
835 4349 1112 4426 βασιλείαν
1153 4349 1240 4403 καὶ
1297 4349 1398 4416 τήν
1465 4348 1792 4418 Ἐκκλησίαν
1861 4347 1993 4420 μετᾶ

344 4437 646 4513 ἀνθρώπων
675 4441 704 4495 6
735 4439 1007 4513 Χριστός;
1043 4440 1132 4507 Μὴ
1167 4436 1654 4513 συγκληρονόμους
1702 4432 1842 4514 ἔχει,
1888 4459 1993 4515 φη-

344 4527 446 4596 σὶν,
482 4529 511 4582 ὁ
544 4530 802 4603 Χριστὸς,
833 4527 927 4584 ’ἱνα
961 4527 1154 4605 μερίσῃ
1187 4548 1269 4590 τις
1303 4527 1418 4601 μετ’
1447 4527 1618 4582 αὐτοῦ
1647 4528 1775 4589 τοὺς
1827 4534 1992 4596 σωζν-

2115 1921 2414 1990 operibus,
2447 1931 2506 1979 et
2533 1928 2846 1995 sententia,
2880 1934 2938 1983 et
2995 1948 3173 1988 sr'nsu
3223 1936 3350 1992 sitis
3399 1940 3752 1996 conformes.

2120 2029 2142 2056 ι
2177 2011 2578 2084 Significatum
2614 2024 2699 2071 est
2732 2018 2890 2073 enim
2922 2020 3088 2076 mihi.
3126 2046 3150 2070 ››
3180 2023 3263 2079 Ne
3315 2026 3545 2084 inficias
3598 2037 3755 2093 eant,

2113 2104 2295 2156 testes
2327 2119 2563 2175 quoque
2595 2122 2694 2161 eos
2724 2107 2993 2178 producit
3012 2112 3111 2181 qui
3143 2114 3338 2170 Chloaa
3369 2125 3553 2172 erant.
3584 2120 3757 2175 «Fra-

2111 2192 2234 2243 tres
2266 2191 2401 2247 mei.
2436 2214 2465 2242 »
2497 2195 2638 2248 Nam
2665 2195 2770 2248 etsi
2807 2199 3186 2256 manitestum
3220 2204 3314 2271 sit,
3376 2206 3586 2276 inquit.
3622 2225 3758 2280 pec-

2112 2285 2330 2347 catum,
2362 2283 2574 2338 fratres
2606 2287 2722 2340 mei
2756 2289 2897 2343 estis
2953 2291 3114 2356 Quod
3148 2300 3343 2348 autem
3376 2296 3457 2350 ait
3489 2319 3514 2344 υ
3562 2299 3691 2363 Mei,
3727 2323 3754 2348 »

2111 2369 2356 2424 affectus
2388 2378 2494 2426 est.
2530 2397 2558 2422 «ι
2595 2373 2679 2429 Ab
2713 2376 2804 2431 his
2828 2380 2928 2449 qui
2970 2389 3106 2436 sunt
3155 2383 3372 2438 Chloce.
3435 2409 3461 2434 ››
3514 2387 3760 2442 Familia

2111 2458 2381 2528 quaedam
2439 2468 2566 2517 erat
2621 2463 2703 2519 ita
2757 2469 3073 2538 appellata,
3125 2472 3432 2541 cujusdam
3493 2475 3762 2532 fortassis

2110 2547 2324 2602 Chloe).
2351 2549 2476 2606 Non
2501 2560 2699 2609 autem
2733 2557 3086 2613 nominatim
3114 2576 3212 2614 eos
3245 2562 3506 2634 dixitqui
3534 2566 3756 2637 signiti-

2109 2648 2405 2708 caverant,
2439 2659 2514 2698 ne
2544 2646 2830 2703 adversus
2879 2649 3013 2706 illos
3047 2651 3181 2706 odia
3209 2662 3500 2723 gererent.
3537 2680 3561 2703 ‹‹
3599 2657 3762 2720 Quod

2109 2733 2540 2789 contentiones.
2580 2756 2600 2785 ο
2653 2738 2796 2792 Cum
2831 2755 2897 2793 ea
2931 2739 3244 2796 denuntiat
3293 2761 3423 2812 quae
3455 2744 3526 2798 ab
3561 2745 3632 2798 iis
3664 2763 3759 2799 ac-

2108 2817 2263 2888 cepit
2293 2821 2394 2891 qui
2427 2822 2923 2895 signiﬁcaverant,
2958 2831 3373 2885 contentiones
3403 2831 3565 2888 dicit.
3585 2847 3658 2886 ne
3681 2831 3760 2887 ef.

2104 2905 2324 2963 feraret
2352 2927 2452 2965 eos
2484 2912 2767 2968 adversus
2823 2915 3110 2972 familiam
3143 2918 3373 2974 Chloaa:
3426 2921 3578 2976 422
3609 2922 3754 2975 Cum

2107 3003 2302 3052 autem
2361 2999 2466 3054 illa
2509 3002 2652 3056 dicit
2707 3003 2767 3057 in
2826 3006 3065 3076 prOpria
3117 3023 3392 3078 persona,
3442 3016 3608 3065 vocat
3654 3010 3757 3065 illa

2107 3086 2449 3150 schismata.
2483 3091 2594 3147 hoc
2625 3099 2732 3155 est,
2760 3093 3007 3150 dissidia
3039 3098 3125 3153 vel
3156 3105 3365 3166 sectas,
3391 3100 3548 3170 quod
3568 3101 3754 3155 multo

2106 3178 2278 3246 pejus
2308 3185 2395 3233 est
2425 3196 2601 3251 quam
2634 3183 3066 3241 contentiones.
3099 3210 3126 3237 «
3166 3188 3284 3243 Hoc
3317 3196 3512 3244 autem
3546 3189 3698 3247 dico.
3728 3214 3754 3240 υ

2104 3268 2545 3340 Explanationis
2577 3290 2754 3330 causa
2782 3275 3012 3331 addidit
3036 3295 3049 3332 :
3074 3302 3100 3327 ‹‹
3129 3279 3247 3334 Hoc
3269 3286 3467 3336 autem
3487 3281 3618 3337 dico
3641 3306 3659 3328 ι
3688 3298 3756 3337 ac

2102 3360 2150 3416 si
2169 3359 2414 3416 dixisset
2436 3379 2449 3416 :
2472 3363 2646 3418 Verbi
2669 3367 3227 3439 gratia,hujusmodi
3260 3378 3398 3426 sunt
3417 3389 3547 3443 qum
3565 3372 3758 3428 facitis

2103 3470 2170 3509 ac
2191 3453 2443 3510 dicitis.«
2460 3457 2623 3521 Quod
2638 3459 3046 3531 unusquisque
3065 3468 3327 3518 vestrum
3345 3464 3504 3519 dicit.
3518 3468 3753 3519 nAtnon

2100 3544 2184 3599 ita
2213 3544 2488 3601 dicebant
2546 3547 2632 3602 illi
2668 3563 2734 3602 τα
2779 3550 2894 3622 Ego
2954 3567 3084 3606 sum
3149 3553 3333 3612 Pauli.
3394 3569 3498 3624 ego
3556 3561 3754 3609 autem

2100 3634 2331 3707 Apollo,
2365 3658 2392 3685 ››
2427 3634 2532 3692 sed
2563 3637 2718 3693 verbi
2748 3656 2927 3696 causa
2959 3641 3040 3698 ita
3071 3642 3219 3698 dixit
3252 3662 3266 3709 ;
3300 3643 3509 3699 divites
3560 3661 3627 3699 ac
3659 3660 3756 3700 sa-

2101 3723 2333 3795 pientes
2363 3726 2592 3782 occulte
2624 3727 3008 3785 subindicans
3039 3730 3112 3785 ad
3155 3747 3306 3801 quos
3338 3730 3753 3800 confluebant;

2105 3827 2172 3867 ex
2195 3812 2306 3868 hoc
2336 3815 2656 3871 ostendens
2681 3818 2837 3888 quod
2869 3819 2916 3873 si
2949 3817 3031 3873 ita
3060 3818 3311 3873 dicendo
3345 3835 3406 3873 se
3437 3819 3601 3872 Pauli
3627 3832 3757 3872 esse

2101 3903 2189 3960 vel
2213 3905 2627 3976 Apollo,culpa
2657 3922 2778 3962 non
2811 3909 3143 3963 caruissent
3177 3923 3189 3963 :
3223 3907 3412 3964 multo
3450 3907 3636 3978 magis
3667 3906 3758 3962 di-

2102 4001 2302 4050 centes
2359 4010 2421 4049 se
2455 3995 2788 4066 sapientum
2822 4012 2951 4050 esse
2986 4001 3088 4050 aut
3145 3996 3418 4067 divitum,
3461 4012 3609 4069 quos
3641 3995 3756 4053 sibi

2100 4083 2244 4156 ipsis
2274 4089 2668 4155 praeceptores
2700 4084 3309 4159 constituerant.«Ego
3327 4101 3460 4143 vero
3479 4087 3750 4158 Cephea.»

2101 4172 2429 4227 Prwt‘erens
2462 4171 2720 4239 Petrum,
2752 4179 3052 4243 postremo
3085 4175 3282 4246 ipsum
3332 4177 3461 4232 loco
3504 4176 3703 4247 posuit
3736 4193 3749 4230 :

2101 4258 2586 4331 quandoquidem
2619 4260 2742 4316 haec
2769 4263 3165 4319 accusationis
3189 4265 3429 4320 illorum
3458 4265 3647 4335 gratia
3663 4263 3752 4317 di-

2101 4350 2199 4403 cit.
2237 4371 2264 4397 ‹‹
2297 4351 2548 4405 Rursum
2582 4365 2686 4421 ego
2717 4350 2953 4406 Christi.
2990 4374 3016 4400 »
3049 4353 3177 4408 Non
3234 4353 3423 4425 carpit
3478 4350 3638 4424 quod
3668 4351 3748 4406 di-

2101 4442 2303 4492 cerent
2331 4453 2344 4491 :
2379 4439 2541 4511 «Ego
2574 4437 2795 4495 Christi
2827 4455 2958 4496 sum
2993 4458 3008 4509 ;
3042 4441 3145 4497 sed
3177 4441 3334 4513 quod
3369 4458 3486 4497 non
3547 4455 3756 4496 omnes

2103 4526 2214 4582 hoc
2245 4526 2533 4592 dicerent,
2555 4528 2915 4602 indignatur.
2955 4553 2982 4582 ‹‹
3017 4532 3245 4588 Divisus
3277 4539 3364 4588 est
3384 4531 3652 4586 Christus
3681 4530 3707 4584 ‘?
3729 4553 3754 4578 ››

346 4616 576 4692 μὲννυςς
608 4621 694 4689 Μή
728 4640 879 4681 τινας
910 4614 1029 4694 ἔχει
1085 4617 1380 4679 κοινωνοὺς
1424 4616 1512 4672 καὶ
1554 4615 1648 4672 σὺν
1696 4616 1846 4690 αὖτῷ
1892 4619 1990 4686 τήν

2106 4593 2708 4688 Rescinditianquit:
2740 4619 3060 4678 Christum.
3084 4619 3342 4674 dividitis
3372 4635 3584 4690 corpus
3603 4619 3750 4688 ejus.

343 4707 672 4784 οἰκουμένην
724 4707 1163 4784 πληρώσαντας;
1224 4708 1458 4782 Χριστὸς
1489 4709 1518 4763 6
1554 4707 1685 4782 ὑπὲρ
1741 4712 1838 4763 τοῦ
1896 4708 1992 4764 κό-

347 4817 493 4869 σμου
521 4799 828 4862 ἀποθανὼν.
863 4799 1015 4870 ὑμῶν
1050 4796 1108 4853 δὲ
1163 4796 1358 4859 οὐδείς.
1414 4797 1754 4872 Μεμὲρῖσται
1786 4797 1813 4850 6
1858 4798 1988 4874 Χρι·

345 4889 486 4950 στός.
537 4888 793 4946 Τουτὲστι
842 4889 978 4945 κατᾶ
1031 4885 1224 4964 μερίδα
1270 4887 1412 4950 τινὶς
1465 4888 1560 4962 μὶν
1608 4888 1702 4944 τὸν
1753 4889 1990 4961 Χριστὸν

343 4975 571 5052 ἔλαχον,
605 4975 768 5035 ἄλλοι
801 4976 858 5034 δὲ
892 4977 1095 5040 ἄλλους
1145 4978 1211 5035 Οἱ
1247 4977 1340 5049 μὲν
1378 4983 1590 5054 Κηφᾶν,
1624 4978 1676 5033 οἱ
1709 4974 1766 5032 ὂὶ
1783 4975 1992 5034 Ἀπολ-

341 5063 450 5133 λῶ,
479 5066 537 5129 ὅς
577 5065 789 5146 λέγεται
838 5072 1055 5144 πρῶτος
1113 5065 1408 5128 ἐπίσκοπος
1467 5068 1738 5141 γεγονὲναι
1798 5068 1987 5142 Κορινι

341 5156 494 5220 θίων.

2103 4705 2204 4760 Est
2233 4712 2432 4761 autem
2463 4705 2574 4762 hoc
2607 4707 2848 4763 verbum
2884 4708 3128 4780 plenum
3171 4709 3432 4763 terreris.
3492 4711 3608 4763 Aut
3653 4707 3754 4762 hoc

2103 4797 2263 4852 modo
2295 4800 2384 4868 (ut
2408 4797 2729 4870 μεμέρισται
2764 4799 2948 4854 active
2979 4797 3290 4871 signiﬁcet)
3327 4813 3340 4852 :
3373 4800 3522 4854 Num
3552 4797 3754 4854 divisit

2103 4885 2262 4941 inter
2290 4887 2565 4942 homines
2597 4888 2864 4943 Christus
2897 4904 3141 4960 regnum
3158 4887 3548 4944 etEcclesiam
3565 4887 3752 4942 ?Num

2103 4977 2392 5047 quosdam
2425 4977 2603 5032 habet
2632 4978 2918 5036 Christus.
2950 4979 3051 5048 qui
3085 4978 3490 5033 hzereditatem
3517 4993 3651 5032 cum
3683 4991 3752 5032 eo

2101 5069 2386 5135 dividant,
2420 5077 2484 5124 ut
2513 5086 2648 5125 cum
2682 5086 2750 5125 eo
2805 5069 3096 5141 partiatur
3149 5071 3448 5142 quispiam
3500 5085 3601 5125 eas
3650 5068 3752 5141 qui

2103 5157 2246 5213 salvi
2278 5157 2430 5212 fiunt
2459 5157 2487 5213 ?
2511 5158 2664 5214 Num
2697 5159 2982 5229 quosdam
3009 5160 3188 5215 etiam
3213 5159 3396 5216 habet
3425 5165 3753 5223 consortes,

348 5248 572 5320 quique
603 5267 736 5305 cum
770 5267 840 5306 eo
897 5255 1187 5306 terrarum
1247 5249 1453 5305 orbem
1506 5248 1954 5320 impleverunt?
2017 5247 2286 5303 Christus
2343 5248 2393 5302 is
2439 5254 2527 5302 est
2580 5249 2681 5319 qui
2735 5266 2840 5321 pro
2900 5250 3124 5305 mundo
3181 5257 3454 5306 mortuus
3512 5255 3621 5309 est.
3656 5263 3753 5302 ve-

334 5343 528 5394 strum
587 5346 792 5395 autem
837 5339 1059 5396 nullus.
1118 5339 1348 5395 Divisus
1400 5339 1490 5408 (ut
1545 5339 1899 5393 afﬂrmative
1959 5337 2228 5410 legatur),
2287 5336 2348 5392 id
2433 5343 2542 5405 est,
2631 5339 2880 5394 seorsim
2967 5339 3210 5412 quidam
3296 5346 3556 5394 vestrum
3615 5353 3748 5392 sor-

329 5427 910 5497 tiunturtzhristum,
944 5430 1046 5486 alii
1080 5445 1214 5485 vero
1242 5429 1440 5485 alios:
1494 5444 1710 5500 nempe
1763 5427 1824 5483 hi
1880 5427 2163 5499 Cepham,
2224 5426 2314 5481 illi
2374 5441 2509 5483 vero
2565 5428 2798 5499 Apollo,
2860 5429 2960 5502 qui
3018 5430 3250 5503 primus
3311 5429 3500 5485 fuisse
3558 5427 3754 5483 dicitu

334 5516 780 5576 Corinthiorum
811 5523 1144 5594 episcopus.

403 5607 495 5676 Μὴ
555 5606 771 5669 Παῦλος
829 5608 1142 5683 ὖσταυρώθη
1230 5607 1363 5663 ὑπὶο
1449 5607 1624 5680 ὑμῶν,
1685 5602 1721 5675 ἥ
1786 5605 1861 5667 εἷς
1917 5603 1979 5659 τὸ

332 5697 509 5771 δνομα
565 5696 792 5756 Παυλου
856 5695 1264 5771 ἇϐαπτίσθητις
1325 5699 1654 5777 Εὐχαριστῶ
1707 5701 1789 5771 τῷ
1841 5699 1980 5769 θεῷ,

2152 5605 2397 5672 1,1347.
2428 5627 2458 5655 «ι
2479 5605 2632 5663 Num
2664 5605 2890 5664 Paulus
2922 5623 3030 5682 pro
3060 5607 3223 5664 vobis
3253 5605 3572 5665 cruciﬁxus
3604 5607 3696 5661 est
3725 5601 3752 5657 ι

2083 5716 2110 5745 ‹‹
2127 5700 2230 5752 aut
2257 5694 2322 5751 in
2353 5693 2595 5752 nomine
2627 5695 2796 5752 Pauli
2812 5695 3094 5770 baptizati
3124 5695 3324 5753 fuistis
3341 5693 3610 5751 ?Gratias
3631 5705 3742 5763 ago
