4188 6196
302 309 423 370 M9

1264 307 1672 372 COMMENT.
1718 310 1794 371 IN
1842 308 2089 372 EPIST.
2134 311 2155 371 l
2200 311 2311 375 AD
2356 311 2729 376 CORINTH.

3589 308 3710 371 650

297 466 447 508 στοις
476 444 889 521 εὐηγγελίζετο,
939 445 1066 520 παρ’
1125 445 1209 508 οἷς
1267 446 1357 501 καὶ
1391 442 1741 503 ἐκινδύνευεν.
1780 469 1805 501 ε
1836 446 1950 506 Οὐκ

2088 449 2513 518 irohibebatur,
2547 448 2652 505 sed
2704 448 2764 504 id
2800 463 3035 521 quoque
3064 464 3135 503 ex
3170 446 3527 503 liberalitate
3558 462 3711 519 prm-

296 534 349 591 ἐν
382 535 545 611 σοφίᾳ
575 531 771 611 λόγου.
806 558 835 586 ››
866 535 981 592 Οὐκ
1027 534 1203 604 οἶπεν,
1250 533 1365 594 Οὐκ
1403 536 1458 591 ἐν
1490 536 1652 615 σοφίᾳ
1680 539 1952 612 γνώσεως,

296 624 432 681 ἀλλ’
466 649 493 680 ι
549 624 666 683 Οὐκ
712 622 765 680 ἐν
812 622 977 705 σοφίᾳ
1033 624 1227 701 λόγου.
1264 649 1293 677 ››
1353 622 1575 688 Καλῶς·
1626 625 1725 681 Καὶ
1769 628 1873 704 γάρ
1903 625 1956 681 ἐν

301 715 469 787 σοφίᾳ
497 714 752 789 γνώσεως
784 712 1152 789 εὖηγελίζετο.
1178 714 1271 770 Διὸ
1296 716 1385 769 καὶ
1412 714 1689 791 ἀλλαχοῦ,
1719 739 1747 768 ‹‹
1781 713 1959 773 Ἰδιώ-

298 825 405 876 της
461 808 542 875 τῷ
601 801 778 878 λόγῳ,
836 800 966 857 ἀλλ’
1023 803 1086 858 οὐ
1139 807 1208 877 τῇ
1267 805 1517 882 γνώσει..
1581 805 1644 860 Τί
1699 806 1805 879 γὰρ
1850 803 1959 859 ἐστι

305 895 623 972 σοφώτερον
674 893 710 962 ἢ
760 892 838 954 εἷς
897 897 1097 959 γνῶσιν
1157 892 1379 967 ἄμεινον
1429 894 1521 949 καί
1553 892 1960 970 λαμπρότερον,

305 986 405 1038 τοῦ
440 984 625 1057 μαθεῖν
655 980 746 1037 καὶ
779 978 989 1052 διδάξαι
1038 984 1123 1038 ὅτι
1154 987 1368 1058 σταυρῷ
1396 983 1486 1039 καὶ
1517 984 1729 1056 θανάτῳ
1758 984 1966 1057 κατήρ-

309 1093 476 1150 γηται
533 1074 805 1141 θάνατος;
880 1092 973 1126 και
1050 1072 1106 1127 τὸ
1177 1074 1450 1149 ἡμέτερον
1504 1077 1610 1128 τῶν
1668 1074 1965 1147 ἀνθρώπων

307 1163 481 1239 γένος,
544 1165 757 1237 μακρᾶς
813 1160 904 1215 καὶ
963 1158 1366 1237 χαλεπωτάτης
1418 1164 1518 1231 τῆς
1564 1166 1661 1217 τοῦ
1693 1157 1966 1217 Διαϐόλου

306 1248 628 1327 τυραννίδος
659 1248 1036 1324 ἧλευθὲρωται
1062 1268 1077 1318 ;
1138 1273 1166 1302 «
1196 1251 1310 1304 Ἳνα
1370 1252 1447 1323 μὴ
1506 1254 1717 1325 κενωθῇ
1746 1252 1774 1306 6
1805 1271 1969 1305 σταυ-

311 1342 408 1417 ρὸς
448 1344 547 1395 τοῦ
608 1344 873 1415 Χριστοῦ.
908 1364 938 1391 ››
995 1343 1104 1397 Ἱνα
1167 1340 1244 1413 μή
1307 1335 1522 1416 βλάϐην
1551 1340 1640 1395 καὶ
1672 1339 1968 1395 ἐλάττωσιν

311 1430 577 1505 ὑπομείνῃ
609 1430 638 1484 6
669 1430 924 1505 σταυρός.
985 1430 1048 1484 Εἰ
1100 1430 1204 1506 γάρ
1259 1429 1311 1484 ὲν
1364 1429 1528 1508 σοφίᾳ
1574 1430 1741 1506 λόγου
1773 1429 1968 1506 ἐκήρυ-

307 1521 400 1590 ξαν
440 1521 493 1575 οἱ
543 1519 875 1590 ἀπόστολοι,
924 1518 1076 1599 εἶχόν
1126 1540 1268 1581 τινες
1315 1523 1579 1593 νομίζειν,
1612 1518 1700 1575 διὸ.
1727 1522 1827 1590 τήν
1860 1525 1968 1576 τῶν

312 1606 494 1685 λόγων
521 1610 714 1675 πειθὼ,
768 1611 1051 1663 πεπεῖσθαι
1094 1610 1223 1671 τοὺς
1273 1610 1609 1684 ἀνθρώπους,
1658 1610 1719 1665 οὗ
1752 1608 1840 1665 διά
1870 1612 1968 1679 τὴν

313 1694 544 1771 δύναμιν
592 1703 691 1753 τοῦ
738 1698 1149 1773 κηρυσσομένου
1203 1700 1464 1773 Χριστοῦ,
1499 1699 1529 1754 ὅ
1558 1700 1593 1768 ἦ
1640 1696 1823 1775 βλάϐη
1873 1703 1972 1754 τοῦ

311 1788 672 1864 κηρύγματος
722 1786 811 1843 καί
862 1791 961 1844 τοῦ
1006 1793 1259 1863 σταυροῦ.
1312 1793 1417 1844 Νῦν
1468 1786 1525 1844 δὲ
1566 1794 1644 1863 τῷ
1675 1789 1968 1865 ἀγραμμάο

310 1898 429 1940 τοις
473 1878 563 1933 καὶ
614 1875 863 1939 ἱδιώταις
929 1878 1235 1952 ἀνθρώποις
1295 1879 1387 1933 τὸν
1433 1880 1641 1952 κόσμον
1686 1900 1974 1934 πεπιστευ-

310 1968 485 2038 κέναι,
544 1968 644 2037 τήν
703 1971 799 2023 τοῦ
849 1968 1086 2043 Χριστοῦ
1146 1966 1370 2042 δύναμιν
1427 1968 1807 2044 ἂνακηρόττει.
1866 1976 1968 2023 Κε-

312 2060 499 2112 νοῦται
555 2057 657 2132 γάρ
705 2055 796 2112 καὶ
846 2056 1278 2127 κατευτελίζεται
1328 2059 1357 2113 ὸ
1405 2060 1631 2133 σταυρὸς
1688 2062 1785 2114 τοῦ
1828 2060 1972 2133 Χρι-

315 2150 447 2202 στοῦ
475 2146 598 2216 ἢτοι
648 2146 711 2201 τὸ
764 2146 896 2222 ὑπὲρ
945 2148 1105 2220 ἡμῶν
1153 2147 1400 2202 ἑκούσιον
1440 2150 1609 2211 πάθος
1641 2146 1826 2219 αὐτοῦ,
1856 2152 1969 2211 τοῖς

312 2232 472 2313 λόγῳ
502 2235 693 2311 σοφίας
748 2235 838 2291 καὶ
891 2236 1214 2305 πιθανότητι
1273 2235 1639 2313 πειρωμένοις
1695 2237 1860 2292 αὐτοῦ
1904 2238 1968 2293 τὸ

314 2323 608 2401 μεγαλεῖον
664 2324 754 2379 καὶ
807 2326 907 2395 τήν
974 2324 1227 2396 θειότητα
1284 2332 1646 2401 παραστῆσαι.
1698 2327 1825 2389 Πῶς
1866 2326 1969 2403 γὰρ

317 2414 429 2470 ἐστι
452 2415 517 2470 τὸ
551 2415 684 2490 ὑπὲρ
716 2410 879 2487 λόγον
932 2413 1022 2469 καὶ
1082 2414 1263 2494 φῦσιν,
1324 2416 1517 2490 λόγοις
1545 2415 1636 2471 καὶ
1668 2418 1834 2491 τέχνῃ
1866 2416 1970 2471 τινὶ

314 2510 698 2581 παραστῆσαις
747 2502 841 2565 Τίς
902 2500 959 2558 δὲ
1014 2504 1105 2557 καὶ
1165 2504 1329 2583 χρεία
1387 2503 1570 2579 λόγων
1602 2505 1693 2560 καὶ
1723 2506 1968 2575 πειθοῦς,

312 2597 424 2649 τῶν
454 2593 701 2666 σημείων
731 2592 825 2647 καὶ
856 2593 1148 2666 θαυμάτων
1182 2599 1367 2667 μεῖζον
1417 2594 1507 2650 καὶ
1538 2598 1725 2673 φωνῆς
1758 2594 1969 2666 ἀπάσης

313 2682 684 2758 κεκραγότων,
746 2682 836 2737 καὶ
893 2683 1069 2738 πάντα
1140 2683 1232 2738 τὸν
1322 2681 1657 2758 βουλομενον
1714 2682 1805 2739 ἐπὶ
1868 2685 1968 2754 τήν

322 2768 595 2828 εὐσέϐειαν
622 2772 715 2827 καὶ
744 2772 807 2827 τὸ
835 2773 1093 2847 κήρυγμα
1124 2773 1650 2848 χειραγωγοῦντωνς

2005 1841 2052 1906 Β

2066 539 2275 595 stabat.
2316 562 2343 590 α
2376 540 2487 595 Sed
2520 545 2585 593 ut
2622 538 3003 612 Evangelium
3062 536 3468 611 praedicarem.
3506 557 3533 585 ››
3567 537 3711 591 Nam

2067 628 2177 684 hoc
2206 629 2403 701 magni
2436 635 2563 684 erat
2581 628 2820 693 laboris,
2850 627 3128 700 quodque
3156 628 3414 683 ferreum
3446 624 3711 695 require-

2066 723 2157 773 ret
2185 718 2783 789 animum.Siquidem
2815 717 2917 773 ille
2941 718 3069 790 jam
3100 716 3409 772 credentes
3437 712 3711 785 baptizat,

2068 808 2164 863 hic
2196 825 2327 862 vero
2358 808 2684 863 incredulis
2717 806 3095 880 Evangelium
3129 804 3509 878 prasdicabat,
3556 800 3715 874 apud

2070 914 2219 968 quos
2250 899 2427 952 etiam
2455 894 3410 969 periculisexponebaturmNonin
3426 891 3719 964 sapientia

2068 985 2250 1040 verbi.
2287 1008 2316 1036 »
2362 988 2489 1041 Non
2546 986 2711 1054 dixit,
2768 986 2895 1041 Non
2964 986 3026 1040 in
3085 983 3376 1056 sapientia
3427 982 3715 1051 scientias,

2071 1075 2174 1131 sed
2205 1092 2217 1129 :
2252 1098 2281 1127 «
2312 1077 2437 1131 Non
2464 1076 2525 1130 in
2554 1075 2845 1147 sapientia
2871 1074 3048 1129 verbi.
3086 1095 3115 1123 ››
3149 1072 3415 1128 Pulchre.
3478 1072 3623 1127 Nam
3652 1068 3716 1126 in

2074 1165 2367 1237 sapientia
2397 1166 2659 1221 scientim
2706 1164 3084 1237 Evangelium
3141 1159 3519 1235 praedicabat.
3579 1160 3715 1216 Ideo

2075 1272 2312 1327 quoque
2339 1253 2481 1310 alibi
2514 1255 2695 1310 dicit:
2729 1278 2756 1304 ‹‹
2790 1253 2911 1309 Etsi
2944 1253 3256 1325 imperitus
3288 1266 3585 1315 sermone,
3605 1265 3726 1304 non

2076 1351 2275 1401 tamen
2308 1344 2575 1400 scientia.
2612 1369 2634 1397 ι
2672 1344 2822 1410 Quid
2844 1343 3003 1398 enim
3036 1342 3365 1414 sapientius
3382 1345 3492 1405 est,
3525 1344 3629 1395 aut
3652 1338 3729 1394 ad

2078 1435 2387 1491 scientiam
2440 1434 2654 1490 melius
2711 1450 2779 1489 ac
2809 1432 3217 1489 vehementius
3242 1448 3420 1503 quam
3450 1430 3602 1486 scire
3659 1443 3727 1484 ac

2078 1525 2291 1580 docere
2324 1524 2481 1595 quod
2503 1541 2675 1580 cruce
2698 1540 2766 1579 ac
2798 1530 2986 1579 morte
3019 1522 3246 1578 devicta
3295 1521 3373 1577 sit
3428 1537 3608 1583 mors,
3666 1522 3724 1574 et

2079 1621 2347 1670 nostrum
2382 1631 2589 1686 genus,
2624 1631 2837 1685 nempe
2869 1613 3178 1669 hominum
3212 1612 3387 1682 longa
3442 1610 3730 1666 maxime-

2080 1721 2194 1776 que
2228 1704 2553 1759 miserabili
2603 1702 2823 1759 diaboli
2858 1701 3170 1776 tyrannide
3219 1702 3296 1757 sit
3352 1700 3672 1756 liberatum
3702 1697 3732 1753 ἵ

2086 1814 2115 1844 α
2143 1794 2224 1847 Ne
2257 1798 2570 1848 evacuetur
2602 1809 2743 1848 crux
2774 1791 3008 1849 Christi.
3045 1814 3071 1840 ››
3101 1792 3182 1846 Ne
3216 1795 3639 1846 nocumentum
3672 1791 3731 1842 et

2084 1882 2478 1955 abjectionem
2504 1899 2648 1938 crux
2678 1881 3227 1937 sustineat.Etenim
3263 1879 3311 1935 si
3343 1879 3405 1933 in
3437 1877 3732 1950 sapientia

2082 1973 2375 2028 sermonis
2401 1970 2828 2043 praedicasseut
2856 1970 3133 2043 apostoli,
3184 1969 3522 2042 potuissent
3577 1982 3731 2023 non-

2080 2060 2230 2115 nulli
2254 2062 2590 2117 existimare
2622 2061 2779 2133 quod
2809 2066 3050 2133 propter
3075 2075 3420 2116 sermonum
3447 2070 3731 2130 apparen-

2080 2152 2222 2207 tiam
2237 2153 2506 2224 persuasi
2525 2152 3210 2222 fuissenthomines,non
3224 2148 3743 2223 proptervirtutem

2081 2239 2298 2295 Christi
2351 2240 2452 2311 qui
2522 2240 2958 2312 praadicabatur
2989 2280 3004 2306 ,
3057 2238 3215 2311 quod
3302 2242 3730 2295 nocumentum

2080 2328 2289 2384 fuisset
2318 2328 2757 2400 prmdicationis
2789 2334 2846 2384 et
2892 2329 3105 2384 crucis.
3139 2329 3305 2383 Nunc
3334 2332 3532 2383 autem
3554 2341 3728 2382 mun-

2080 2418 2221 2473 dum
2253 2418 2575 2473 illitteratis
2606 2435 2672 2474 ac
2703 2418 2995 2491 imperitis
3025 2417 3348 2474 credidisse
3366 2416 3733 2486 hominibus,

2080 2508 2296 2563 Christi
2356 2510 2633 2565 virtutem
2700 2509 2983 2566 declarat.
3052 2510 3383 2566 Evacuatur
3467 2507 3627 2565 enim
3677 2511 3738 2562 et

2084 2597 2317 2670 abjecta
2346 2598 2617 2655 redditur
2647 2616 2790 2655 crux
2820 2600 3060 2667 Christi,
3093 2600 3214 2655 sive
3242 2598 3577 2654 voluntaria
3605 2598 3735 2669 ejus

2081 2688 2279 2760 passio
2312 2706 2418 2760 pro
2449 2688 2648 2757 nobis,
2697 2689 2770 2745 ab
2824 2690 2917 2745 his
2977 2689 3078 2761 qui
3138 2687 3610 2762 magnitudinem
3670 2702 3739 2741 ac

2082 2776 2454 2834 divinitatem
2513 2780 2663 2850 ejus,
2735 2778 3029 2849 sapientia
3085 2795 3152 2835 ac
3232 2773 3735 2850 persuasibilitate

318 2862 595 2918 nituntur
623 2862 1052 2923 demonstrare.
1091 2864 1236 2919 Nam
1262 2863 1363 2934 qui
1393 2863 1520 2919 ﬁeri
1552 2868 1766 2936 potest,
1798 2870 1864 2920 ut
1895 2864 2053 2935 quod
2083 2884 2263 2937 supra
2295 2883 2635 2922 sermonem
2667 2883 2735 2922 ac
2765 2871 3039 2921 naturam
3074 2871 3183 2932 est,
3217 2881 3489 2921 sermone
3523 2871 3583 2920 et
3610 2870 3736 2922 arte

318 2952 576 3025 quadam
608 2952 1097 3008 demonstretur?
1132 2954 1250 3008 lmo
1284 2970 1415 3024 quae
1448 2954 1628 3009 etiam
1660 2954 1981 3009 necessitas
2012 2960 2099 3010 est
2148 2973 2492 3011 sermonum
2524 2955 2876 3027 virtutisque
2910 2955 3268 3021 ﬂexanimaa,
3301 2972 3437 3010 cum
3468 2954 3635 3028 signa
3665 2972 3736 3011 ac

319 3041 611 3098 miracula
636 3041 848 3098 fortius
878 3042 1042 3097 omni
1073 3043 1195 3098 voci
1227 3042 1487 3099 clament
1518 3060 1874 3114 omnemque
1908 3044 2201 3100 volentem
2232 3045 2306 3100 ad
2335 3046 2617 3117 pietatem
2649 3050 2706 3100 et
2735 3044 3217 3116 praedicationem
3250 3043 3596 3100 deducant?

386 3131 449 3187 ὐ
495 3128 661 3207 λόγος
737 3131 840 3207 γάρ
899 3130 927 3184 6
983 3134 1081 3186 τοῦ
1154 3135 1412 3204 σταυροῦ,
1468 3136 1584 3193 τοῖς
1646 3132 1740 3204 μὲν
1798 3131 1976 3187 ἀπολ-

316 3218 601 3295 λυμένοις,
662 3219 844 3297 μωρία
899 3219 1035 3277 ἐστί.
1092 3225 1216 3282 Τοῖς
1295 3219 1352 3275 δὲ
1422 3219 1756 3295 σωζομένοις
1810 3223 1971 3295 ἡμῖν,

2155 3136 2198 3202 Ι,
2230 3136 2417 3190 18-20.
2436 3158 2461 3185 ‹‹
2480 3136 2681 3190 Sermo
2706 3134 2867 3190 enim
2884 3134 3097 3201 crucis,
3130 3133 3478 3204 hisquidem
3509 3135 3610 3206 qui
3640 3151 3737 3206 pe.

2081 3247 2108 3274 ‹‹
2141 3230 2318 3279 reunt
2338 3223 2589 3280 stultitia
2612 3229 2729 3279 est:
2748 3223 2921 3279 nobis
2936 3229 3133 3279 autem
3150 3223 3248 3296 qui
3265 3223 3517 3279 salutem
3533 3240 3736 3280 conse-

317 3305 550 3377 δύναμις
606 3313 740 3364 Θεοῦ
824 3307 955 3366 ἑστι,
1042 3308 1347 3384 Γέγραπται
1405 3307 1529 3384 γάρ⁸
1591 3306 1823 3364 Ἀπολῶ
1876 3310 1976 3378 τήν

2098 3332 2119 3361 ι
2144 3312 2401 3383 quimur,
2438 3314 2700 3386 potentia
2714 3313 2814 3368 Dei
2847 3319 2955 3370 est.
2980 3312 3279 3384 Siquidem
3302 3314 3588 3385 scriptum
3610 3318 3733 3368 est:

317 3417 512 3478 σοφιαν
573 3403 680 3454 τῶν
742 3404 943 3477 σοφῶν,
1022 3398 1113 3453 καὶ
1198 3398 1297 3467 τήν
1387 3398 1596 3453 σύνεσιν
1661 3402 1769 3453 τῶν
1831 3418 1982 3453 συνε-

316 3492 427 3543 τῶν
486 3488 758 3559 ἀθετήσω.
822 3492 934 3543 Ποῦ
993 3489 1204 3566 σοφός;
1264 3493 1376 3543 Ποῦ
1436 3487 1982 3565 γραμματεύς;ΙΙοῦ

319 3579 633 3649 συζητητής
689 3582 785 3633 τοῦ
842 3576 1044 3638 αἲῶνος
1098 3580 1347 3645 τοῦτους
1416 3577 1560 3652 Οὐχὶ
1618 3576 1893 3653 ἐμώρανεν
1952 3577 1979 3631 6

322 3667 453 3729 Θεὸς
481 3668 581 3736 τὴν
610 3667 801 3746 σοφίαν
831 3671 932 3722 τοῦ
964 3667 1178 3739 κόσμου
1208 3668 1403 3721 τούτου
1430 3685 1443 3735 ;

398 3756 562 3819 Εἰκὸς
591 3758 726 3812 εἶναι
782 3759 909 3831 παρ’
966 3756 1151 3819 αὐτοῖς
1205 3754 1487 3826 ἀπίστους,
1522 3755 1576 3810 οἳ
1618 3753 1860 3831 διέσυρον
1887 3757 1979 3812 τὸν

326 3846 577 3921 σταυρόν.
606 3847 782 3918 Φησὶν
816 3843 930 3901 οῦν·
968 3844 1148 3917 Μηδὲν
1181 3845 1480 3917 ξενισθῆτε.
1513 3849 1642 3908 Τοῖς
1672 3845 1773 3922 γὰρ
1807 3848 1982 3902 ἀπολ-

328 3934 612 4009 λυμένοις,
640 3938 707 3993 τά
739 3936 814 3999 εἷς
847 3936 1123 4012 σωτηρίαν
1175 3934 1398 3991 δοθὲντα
1437 3936 1586 4012 παρά
1614 3939 1769 4009 Θεοῦ,
1805 3936 1982 4013 μωρία

330 4028 469 4084 εἶναι
504 4026 679 4086 δοκεῖ.

399 4120 614 4193 [ΦΩΤ.]
647 4117 887 4174 Δείκνυσι
917 4116 1141 4189 λοιπὸν,
1172 4116 1256 4173 ὅτι
1307 4114 1431 4172 οὐδὲ
1459 4114 1579 4187 ἐνῆν
1612 4116 1764 4191 λόγῳ
1794 4116 1985 4195 σοφίας

325 4207 771 4283 προσαγαγέσθαι
824 4208 973 4268 τινὰς
1041 4211 1119 4279 τῷ
1192 4206 1524 4282 κηρύγματι.
1581 4207 1643 4263 Ὁ
1698 4206 1805 4280 γὰρ
1860 4205 1984 4279 περὶ

327 4301 427 4352 τοῦ
458 4301 692 4373 σταυροῦ
741 4297 927 4373 Λόγος,
960 4295 1021 4352 οῦ
1059 4296 1222 4370 μόνον
1282 4294 1344 4349 οὐ
1400 4298 1687 4371 προσάγει,
1720 4292 1867 4349 ἀλλά
1894 4293 1985 4348 καὶ

325 4392 447 4449 τοῖς
469 4383 877 4460 ἀπολλυμένοις
909 4385 1090 4462 μωρία
1116 4382 1286 4443 δοκεῖ.
1320 4384 1385 4440 Εἰ
1417 4382 1474 4439 δὲ
1502 4387 1689 4451 τοῦτο,
1722 4382 1772 4438 τί
1807 4381 1871 4438 ἄν
1903 4404 1987 4454 τις

327 4470 456 4551 ἔχοι
516 4473 691 4551 λεγειν
750 4475 874 4552 περὶ
929 4480 1028 4530 τοῦ
1085 4475 1460 4551 κηρύγματος,
1522 4474 1598 4546 μὴ
1656 4474 1834 4528 πάντα
1887 4479 1987 4542 τῆς

330 4566 562 4641 χάριτος
612 4565 762 4637 αὖτῷ
832 4564 1227 4641 χορηγούσης,
1285 4585 1307 4614 ε
1358 4565 1485 4625 Τοῖς
1540 4558 1597 4617 δὲ
1655 4560 1985 4635 σωζομένοις

2092 3423 2118 3450 ‹‹
2155 3399 2404 3456 Perdam
2437 3401 2791 3472 sapientiam
2819 3401 3178 3472 sapientium
3192 3405 3251 3455 et
3280 3399 3737 3472 intelligentiam

2091 3514 2117 3539 ‹‹
2141 3490 2606 3563 intelligentium
2632 3490 2920 3563 rejiciam.
2941 3489 3043 3545 Ubi
3069 3490 3306 3562 sapiens
3328 3489 3356 3545 ‘2
3378 3488 3693 3546 Ubiscriba
3712 3490 3740 3545 ?

2090 3604 2116 3629 ‹‹
2146 3580 2251 3636 Ubi
2282 3580 2615 3652 disputator
2669 3581 2851 3653 hujus
2882 3578 3083 3636 saeculi
3113 3579 3141 3635 ?
3169 3582 3384 3636 Annon
3431 3579 3743 3636 infatuavit

2091 3693 2117 3719 υ
2152 3671 2306 3725 Deus
2340 3671 2694 3742 sapientiam
2724 3670 2933 3725 mundi
2963 3669 3188 3742 hujus?
3214 3692 3241 3720 υ

2164 3761 2495 3816 Verisimile
2526 3766 2617 3817 est
2646 3761 2991 3817 incredulos
3027 3759 3211 3815 fuisse
3241 3757 3399 3830 apud
3444 3760 3606 3829 ipsos
3637 3757 3738 3829 qui

2090 3851 2666 3908 crucidetraherent.
2682 3852 2926 3923 Aitergo
2945 3849 3126 3904 :Nihil
3160 3848 3374 3902 mirum
3389 3853 3491 3903 aut
3520 3863 3737 3904 novum

2090 3940 2255 3995 vobis
2271 3941 2554 4005 videatur,
2571 3940 2868 4011 siquidem
2891 3939 2981 3994 his
3002 3938 3100 4009 qui
3117 3944 3389 4009 pereunt,
3413 3954 3624 4008 eaquae
3662 3935 3737 3993 ad

2092 4030 2341 4085 salutem
2376 4047 2410 4085 a
2446 4032 2561 4085 Deo
2592 4029 2728 4085 data
2776 4034 2932 4091 sunt.
2963 4026 3214 4082 stultitia
3270 4044 3398 4083 esse
3439 4027 3732 4084 videntur.

2163 4121 2311 4176 425
2331 4119 3047 4188 Ostenditconsequenter
3063 4116 3221 4187 quod
3241 4118 3366 4173 fieri
3380 4135 3500 4173 non
3514 4122 3733 4190 posset,

2092 4214 2157 4263 ut
2172 4225 2444 4263 sermone
2463 4208 2768 4279 sapientiae
2782 4206 3219 4262 adducerentur
3230 4206 3474 4278 quidam
3502 4206 3577 4262 ad
3590 4223 3737 4277 prm-

2094 4297 2453 4352 dicationem
2470 4314 2483 4351 :
2503 4296 2799 4367 siquidem
2814 4312 3007 4351 sermo
3032 4296 3103 4351 de
3126 4313 3300 4352 cruce
3343 4311 3462 4350 non
3505 4299 3739 4350 tantum

2094 4403 2214 4442 non
2230 4386 2490 4450 adducit,
2525 4386 2629 4442 sed
2661 4386 2840 4442 etiam
2862 4385 3113 4442 stultitia
3137 4386 3368 4442 videtur
3396 4385 3489 4441 his
3520 4385 3621 4456 qui
3652 4400 3747 4456 pe-

2094 4476 2461 4542 reunt.Quod
2477 4475 2524 4531 si
2540 4476 2651 4531 hoc
2665 4476 2747 4533 ita
2764 4475 3167 4549 est,quidnam
3180 4476 3380 4533 dicere
3393 4479 3595 4547 posset
3611 4472 3747 4545 qui-

2097 4566 2287 4639 spiam
2307 4565 2377 4621 de
2397 4565 2842 4638 prtedicatione,
2875 4582 3008 4622 cum
3032 4565 3221 4639 gratia
3261 4565 3373 4636 ipsi
3391 4580 3511 4620 non
3546 4561 3750 4619 omnia

329 4655 488 4727 ἡμῖν,
521 4650 753 4726 δύναμις
781 4657 917 4709 Θεοῦ
946 4652 1080 4709 ἐστι.
1120 4677 1140 4704 ι
1165 4739 1171 4740 7
1200 4652 1267 4710 Οἱ
1325 4650 1428 4740 γὰρ
1490 4651 1567 4724 μὴ
1619 4648 1976 4740 ἐξεστηκότες,

2099 4655 2691 4729 suppeditet?«Nobis
2705 4661 2904 4712 autem
2918 4656 3018 4727 qui
3033 4655 3288 4711 salutem
3300 4651 3746 4740 consequimur,

332 4740 463 4799 ἀλλ’
522 4745 607 4807 οἷς
656 4741 768 4798 ἐστι
828 4741 1103 4817 σωτηρίας
1160 4739 1342 4808 ἔλπὶς,
1395 4739 1455 4795 ἐκ
1500 4740 1696 4795 τούτου
1751 4737 1987 4809 μάλιστα

329 4836 677 4910 γινώσκομεν
705 4836 805 4905 τήν
866 4832 1094 4907 δύναμιν
1152 4834 1244 4888 καὶ
1300 4834 1399 4901 τήν
1456 4832 1644 4910 σοφίαν
1700 4837 1797 4888 τοῦ
1827 4837 1982 4892 Θεοῦ.

335 4925 574 4998 Δύναμιν
614 4925 729 4999 μὶν,
788 4923 872 4980 ὅτι
930 4924 1139 4997 θανάτῳ
1198 4921 1423 4986 θάνατον
1469 4917 1648 4977 ἔλυσε*
1685 4921 1875 4999 σοφίαν
1906 4919 1985 4994 δὲ,

334 5014 421 5070 ὅτι
477 5013 660 5088 τούτῳ
714 5014 795 5086 τῷ
850 5008 1041 5090 τρόπῳ
1097 5008 1467 5073 ἀπολωλότας
1520 5006 1765 5067 διέσωσε.
1821 5038 1841 5063 ι
1879 5016 1988 5066 Ποῦ

334 5104 539 5182 σοφός;
573 5128 596 5158 ι
635 5098 828 5159 Λαϐὼν
862 5101 1167 5181 παρρησίαν
1224 5101 1331 5156 ἀπὸ
1387 5107 1487 5171 τῆς
1520 5105 1761 5177 Γραφῆς,
1794 5102 1987 5157 λοιπὸν

333 5194 664 5251 καθάπτεται
693 5193 893 5250 αὐτῶν
946 5218 973 5247 ‹‹
1009 5197 1122 5249 [Ιοῦ
1174 5194 1381 5271 σοφός;
1418 5213 1443 5244 ι
1502 5194 1627 5268 περὶ
1678 5191 1987 5263 Ἑλλήνων·

338 5284 537 5359 λέγων·
571 5310 600 5337 ‹‹
635 5290 748 5339 Ποῦ
791 5281 1185 5360 γραμματεύς
1220 5307 1246 5334 ››
1302 5281 1425 5357 περὶ
1487 5278 1783 5337 Ἰουδαίων.
1819 5308 1846 5334 ‹‹
1884 5287 1994 5337 Ποῦ

340 5376 655 5446 συζητητής
683 5392 698 5445 ;
729 5395 755 5426 ι
792 5372 1101 5446 Τουτὲστιν,
1160 5373 1213 5427 οἱ
1260 5370 1557 5448 λογισμοῖς
1609 5370 1700 5424 καὶ
1760 5370 1994 5446 ἒρεῦναις

340 5465 410 5520 τὰ
465 5463 641 5520 πάντα
697 5462 1100 5537 ἐπιτρέψαντες.
1160 5461 1326 5518 Οὗτοι
1381 5460 1483 5535 γὰρ
1540 5457 1755 5527 πάντες,
1806 5462 1998 5517 ὡσανεὶ

339 5546 555 5625 ἔλεγεν,
611 5549 903 5626 ἐξαρπάσαι
956 5549 1077 5604 τινά
1143 5548 1245 5617 τῆς
1321 5545 1536 5616 πλάνης
1592 5546 1692 5601 οὐκ
1748 5545 1999 5624 ἴσχυσαν.

341 5641 498 5719 Οὐχὶ
554 5639 834 5718 ἰμώρανεν
893 5640 922 5695 ὁ
980 5638 1110 5701 Θεὸς
1194 5636 1293 5705 τὴν
1375 5635 1564 5713 σοφίαν
1635 5639 1734 5693 τοῦ
1790 5638 2002 5714 κόσμου

622 5762 872 5821 Panos.
912 5756 1018 5817 Gn.
1059 5752 1316 5817 CXVIII.

2095 4745 2362 4818 potentia
2392 4746 2493 4802 Dei
2525 4751 2633 4801 est.
2672 4767 2699 4794 »
2754 4746 2899 4800 Nam
2931 4744 3033 4815 qui
3085 4759 3208 4798 non
3258 4742 3582 4808 resilimus,
3642 4739 3747 4798 sed

2097 4854 2262 4909 spem
2296 4836 2582 4892 habemus
2622 4835 2852 4903 salutis,
2911 4851 2980 4890 ex
3031 4834 3143 4889 hoc
3208 4833 3586 4906 potissimum
3644 4831 3749 4888 Dei

2096 4927 2424 4997 potentiam
2454 4932 2512 4981 et
2542 4924 2897 4996 sapientiam
2929 4924 3381 4996 cognoscimus:
3423 4923 3747 4995 potentiam

2099 5016 2367 5086 quidem,
2400 5013 2557 5086 quod
2589 5019 2778 5068 morte
2806 5012 3046 5070 solverit
3075 5019 3363 5080 mortem;
3389 5011 3748 5085 sapientiam

2102 5122 2257 5172 vero,
2288 5103 2585 5175 quodjam
2618 5102 2904 5174 perditos,
2936 5103 3046 5158 hoc
3074 5101 3246 5159 modo
3280 5102 3471 5159 salvos
3511 5100 3747 5158 fecerit.

2105 5216 2131 5244 «
2167 5193 2275 5248 Ubi
2306 5191 2590 5263 sapiens?
2622 5214 2649 5241 ››
2683 5192 2927 5264 Sumpta
2954 5192 3235 5263 loquendi
3254 5192 3528 5248 libertate
3545 5189 3748 5247 aScri-

2105 5290 2297 5356 ptura,
2331 5299 2431 5337 eos
2454 5282 2833 5354 postmodum
2854 5282 3147 5355 objurgat,
3180 5284 3418 5339 dicens:
3457 5282 3563 5339 Ubi
3588 5304 3616 5332 «
3656 5296 3750 5336 sa-

2105 5372 2444 5445 piens‘hde
2464 5372 2756 5429 Graacism
2798 5372 2904 5428 Ubi
2942 5372 3174 5429 scriba?
3211 5373 3282 5429 de
3315 5370 3563 5429 Judmis:
3586 5392 3614 5421 ‹‹
3644 5367 3756 5425 Ubi

2108 5463 2542 5537 disputator?»
2594 5464 2712 5520 Hoc
2772 5470 2877 5531 est,
2913 5464 3017 5537 qui
3074 5463 3637 5521 ratiocinationibus
3690 5477 3760 5517 ac

2107 5553 2569 5610 scrutationibus
2601 5555 2802 5611 omnia
2826 5554 3229 5611 committunt.
3282 5557 3363 5611 Ac
3422 5554 3471 5610 si
3515 5552 3759 5608 diceret.

2106 5644 2176 5705 Hi
2206 5644 2368 5702 enim
2400 5660 2610 5702 omnes
2643 5645 2880 5703 nullum
2905 5644 2978 5702 ab
3027 5661 3229 5704 errore
3286 5646 3611 5717 potuerunt
3651 5637 3761 5693 eri-

3400 5759 3468 5815 21
