4198 6200
422 336 435 348 ’
495 329 610 417 651

1614 339 2024 404 CECUMENII
2068 338 2376 402 TRICCE
2418 339 2765 405 EPISCOPl

3774 348 3886 409 651

496 503 658 560 pere,
696 505 723 535 ι(
760 482 973 537 Annon
1006 474 1319 531 infatuavit
1347 474 1499 530 Deus
1557 473 1909 545 sapientiam
1938 472 2147 529 mundi

2268 468 2495 541 τούτους
2530 495 2559 525 ι»
2591 471 2790 534 Πάντες
2817 473 2920 549 γὰρ
2975 474 3027 528 οἱ
3087 469 3373 536 δοκοῦντες
3405 473 3540 530 εἶναι
3573 474 3725 552 σοφοὶ
3754 474 3890 549 ἔμω-

496 577 673 646 hujus
694 571 764 625 7»
801 570 1023 625 Omnes
1054 565 1211 620 enim
1246 563 1347 634 qui
1381 562 1677 635 sapientes
1710 579 1839 618 esse
1869 562 2152 618 videban-

498 672 592 719 tur
622 660 905 717 infatuati
938 656 1330 717 sunt,adeout
1357 653 1445 709 illi
1474 653 1742 709 invenire
1761 670 1879 709 non
1909 658 2154 725 possent

495 770 625 827 quae
650 769 681 807 a
712 748 1109 822 piscatoribus
1142 753 1201 802 et
1230 746 1554 800 illitteratis
1576 744 1917 799 hominibus
1936 744 2154 815 praedi-

497 849 625 899 cata
657 847 797 896 sunt
829 846 887 895 et
918 839 1291 895 confirmata.
1325 835 1631 901 Quomodo
1674 842 1872 890 autem
1933 834 2150 889 conﬁr-

496 932 724 989 mavit?
752 932 870 987 Hoc
900 934 1011 997 est,
1045 928 1289 984 stultam
1328 943 1457 981 esse
1518 926 1805 998 coarguit,
1865 942 1934 980 eo
1993 924 2153 996 quod

495 1024 803 1079 veritatem
818 1019 1010 1075 inveni
1024 1036 1082 1074 re
1098 1035 1215 1073 non
1231 1016 1762 1089 possent.--Aliud.
1789 1014 2083 1087 Sapientia
2096 1031 2151 1069 m

497 1112 704 1169 mundi
733 1116 901 1165 vocat
932 1107 1333 1180 eloquentiam
1365 1127 1379 1172 ;
1413 1105 1633 1161 etenim
1684 1104 1861 1176 hujus
1910 1102 2155 1176 largitor

499 1203 655 1259 Deus
688 1207 794 1256 est.
827 1201 972 1255 Nam
1006 1204 1064 1252 et
1111 1198 1236 1268 ipse
1269 1196 1500 1268 linguas
1544 1193 1761 1259 divisit,
1793 1198 1851 1248 et
1881 1192 2153 1265 proprios

497 1292 710 1363 cuique
743 1290 1114 1346 characteres
1146 1285 1467 1341 distribuit.
1504 1287 1707 1355 Itaque
1741 1283 1953 1338 Graecas
2003 1298 2151 1353 quo-

498 1400 612 1455 que
644 1382 861 1451 linguae
893 1380 1018 1450 ipse
1051 1375 1214 1431 dedit
1259 1374 1664 1446 splendorem.
1707 1371 1887 1428 Atilli
1921 1373 2030 1427 hoc
2062 1370 2153 1426 usi

496 1489 614 1528 non
648 1476 787 1525 sunt
816 1467 890 1523 ad
921 1467 981 1521 id
1034 1466 1192 1537 quod
1251 1463 1531 1536 oportuit,
1593 1462 1920 1517 efficientes
1961 1462 2152 1533 ipsam

498 1558 863 1618 seductionis
896 1555 1238 1621 illecebras,
1264 1554 1443 1625 idque
1494 1558 1735 1625 agentes
1766 1557 1833 1607 ut
1858 1551 2151 1607 sermonis

496 1647 970 1723 persuasibilitas
989 1661 1167 1700 causa
1182 1643 1351 1699 fieret
1372 1640 1789 1697 introducendi
1806 1641 2024 1697 erroris
2046 1657 2150 1712 per

2263 561 2549 637 ράνθησαν,
2602 567 2684 636 τῷ
2746 562 2822 634 μή
2884 558 3178 634 δυνηθῆναι
3238 563 3433 627 αὐτοὺς
3487 564 3659 639 εὑρεῖν
3687 564 3893 639 ἃπερέκ

2258 655 2367 705 τῶν
2395 650 2595 707 ἀλιέων
2654 652 2743 706 καί
2803 651 3175 728 ἀγραμμάτων
3226 655 3561 727 κεκήρυκται
3614 654 3702 709 καὶ
3741 656 3890 711 πεπί-

2262 762 2492 797 στευται.
2540 747 2662 804 Πῶς
2720 738 2778 797 δὲ
2833 741 3121 818 ἐμώρανες
3176 744 3444 811 τουτέστι,
3503 744 3689 819 μωρὰν
3747 745 3891 800 οὖσαν

2258 830 2475 905 ἤλεγξε,
2506 836 2583 903 τῷ
2617 833 2694 905 μὴ
2725 831 2949 908 ἰσχύσαι
3005 833 3181 909 εὑρεῖν
3241 832 3304 888 τὸ
3358 833 3579 903 ἀληθὲς.
3611 865 3681 878 -
3706 833 3888 891 Ἄλλο.

2261 922 2597 996 [ΘΕΟΔΩΡ.]
2631 920 2830 995 Σοφίαν
2858 920 2955 977 τοῦ
2985 923 3215 994 κόσμου,
3245 924 3344 992 τήν
3369 921 3701 1002 εὐγλωττίαν
3730 923 3890 981 καλεῖ.

2259 1010 2349 1064 καὶ
2379 1011 2479 1086 γὰρ
2538 1009 2738 1081 ταύτης
2796 1012 3045 1091 χορηγὸς
3077 1011 3106 1066 6'
3137 1011 3287 1074 Θεὸς.
3347 1013 3524 1075 Αὐτὸς
3564 1013 3667 1090 γάρ
3698 1012 3781 1067 καὶ
3807 1012 3891 1076 τὰς

2260 1097 2516 1176 γλώσσας
2574 1095 2766 1170 διεῖλε,
2822 1101 2911 1156 καὶ
2972 1102 3172 1177 ἑκάστῃ
3227 1105 3578 1178 χαρακτῇρας
3612 1099 3776 1164 ίδίους
3802 1103 3894 1158 ἀπο

2263 1189 2459 1262 ἐνειμε.
2494 1189 2598 1246 Καὶ
2628 1189 2697 1264 τῇ
2731 1188 2961 1248 Ἐλλάδι
3005 1193 3182 1247 τοίνυν
3216 1196 3392 1272 ιρωνῇ,
3426 1190 3588 1253 αὐτὸς
3619 1186 3780 1247 ἔδωκε
3805 1193 3893 1260 τήν

2262 1275 2646 1355 λαμπρότητα.
2703 1280 2770 1337 Οἱ
2828 1277 2886 1335 δὲ
2938 1302 2999 1357 γε
3056 1281 3155 1337 οὐκ
3210 1281 3287 1345 εἰς
3343 1278 3461 1337 δεον
3502 1281 3671 1356 ταύτῃ
3704 1280 3899 1358 χρησά-

2266 1388 2440 1440 μενοι,
2475 1365 2669 1443 δέλεαρ
2724 1366 2890 1440 αὐτὴν
2946 1376 3047 1439 τῆς
3100 1369 3314 1441 ἀπάτης
3372 1369 3668 1449 ἀπέφηναν,
3702 1369 3898 1425 καῖπι-

2263 1457 2429 1525 θανὴν
2458 1457 2555 1525 τήν
2596 1456 2932 1534 μυθολογίαν
2987 1466 3089 1530 τῆς
3130 1459 3346 1531 πλάνης
3393 1459 3733 1535 εἰργάσαντο.
3768 1462 3899 1517 Κατ-

2260 1551 2453 1622 ηγορεῖ
2480 1547 2684 1620 τοίνυν,
2720 1548 2782 1603 ού
2837 1556 2939 1619 τῆς
2996 1548 3357 1627 εὐγλωττίας,
3391 1548 3539 1605 ἀλλά
3566 1555 3663 1619 της
3695 1549 3744 1605 ἐν
3774 1548 3900 1624 αὐτῇ

2259 1655 2467 1709 κρυπτο
2477 1635 2610 1709 μένη
2622 1660 2647 1701 ς
2676 1634 3059 1713 ψευδολογίας.

493 1740 791 1796 fabulosus
806 1730 1822 1804 ratiocinationcs.Redarguitigitur
1833 1747 1951 1784 non
1965 1727 2500 1801 eloquentiam,sed
2515 1729 2854 1801 eamquaein
2868 1730 2994 1802 ipsa
3007 1736 3095 1786 est
3108 1730 3351 1787 fallendi
3366 1731 3903 1805 promptitudinem,

569 1829 811 1894 1,2t-21£.
837 1848 863 1875 ‹‹
889 1821 1382 1895 Quandoquidem
1426 1821 1584 1875 enim
1611 1819 1668 1875 in
1721 1820 2016 1891 sapientia
2047 1817 2147 1874 Dei
2178 1819 2226 1884 Β

502 1941 529 1972 ι(
553 1934 674 1974 non
708 1914 977 1988 cognovit
998 1911 1256 1968 mundus
1287 1928 1392 1983 per
1414 1909 1766 1982 sapientiam
1784 1911 1990 1977 Deum,
2013 1908 2140 1981 pla-

499 2031 528 2062 ι(
556 2007 676 2064 cuit
698 2008 810 2061 Deo
832 2021 937 2077 per
960 2001 1272 2059 stultitiam
1286 1998 1723 2073 praedicationis
1742 1998 1932 2055 salvos
1948 2000 2145 2055 facere

503 2124 527 2147 α
555 2096 885 2154 credentes.
937 2091 1226 2158 Quoniam
1250 2096 1308 2145 et
1336 2088 1519 2144 Judaei
1545 2090 1711 2162 signa
1732 2089 2055 2161 postulant,
2090 2094 2148 2144 et

503 2210 529 2237 ‹‹
563 2186 745 2243 Graeci
768 2181 1121 2255 sapientiam
1144 2184 1440 2252 quaerunt.
1476 2180 1590 2234 Nos
1639 2184 1837 2234 autem
1864 2178 2148 2251 praedica-

503 2300 529 2330 ‹‹
564 2293 695 2333 mus
726 2274 1025 2330 Christum
1058 2268 1615 2340 crucitixum,Judaei
1639 2268 1878 2340 quidem
1901 2268 2148 2325 otl‘endi-

503 2390 531 2420 ‹‹
572 2365 793 2435 culum,
819 2362 1033 2420 Graecis
1063 2378 1197 2417 vero
1222 2359 1557 2415 stultitiam.
1592 2381 1620 2410 ››

570 2456 725 2513 4‘20
758 2477 785 2506 ι(
818 2456 882 2508 In
916 2451 1226 2524 sapientia.
1254 2470 1283 2499 ››
1344 2450 1480 2514 Quae
1539 2448 1817 2504 videlicet
1875 2449 1937 2504 in
1995 2467 2160 2507 crea-

502 2545 651 2600 turis
684 2540 1233 2609 relucebat,nempe
1257 2536 1319 2592 in
1350 2535 1498 2592 cwlo
1521 2541 1580 2591 et
1610 2536 1671 2590 in
1703 2538 2163 2602 terra.Quando-

503 2633 767 2706 quidem,
803 2630 1018 2702 inquit,
1052 2645 1169 2684 non
1201 2628 1473 2700 cognovit
1528 2625 1788 2682 mundus
1840 2628 2022 2682 Deum
2055 2647 2164 2703 per

506 2726 688 2783 talem
722 2723 910 2797 ipsius
943 2720 1300 2794 sapientiam
1333 2736 1463 2791 quae
1504 2719 1564 2774 in
1598 2719 1885 2775 creaturis
1924 2721 2160 2794 conspi-

505 2816 795 2883 ciebatur,
837 2812 1064 2886 placuit
1115 2812 1233 2866 Deo
1294 2826 1401 2882 per
1461 2825 1696 2865 crucem
1747 2808 1939 2865 salvos
1964 2810 2163 2867 facere

508 2923 608 2962 eos
641 2904 741 2978 qui
774 2901 1107 2970 crederent,
1128 2916 1260 2970 qua)
1292 2897 1545 2954 stultitia
1565 2914 1693 2954 esse
1716 2897 2162 2956 videturincre-

508 2997 752 3064 dulis,et
776 2994 870 3049 his
902 2992 1002 3064 qui
1025 2996 1298 3063 pereunt.
1334 2988 1697 3062 Sapientiam
1728 2993 1924 3045 autem
1952 2989 2159 3062 appel-

507 3087 594 3142 lat
623 3087 949 3141 humanam
984 3098 1219 3154 quoque
1278 3078 1736 3153 intelligentiam
1770 3085 1827 3134 et
1874 3078 2157 3151 eloquen-

510 3177 675 3240 tiam,
704 3175 822 3229 sive
855 3174 1045 3244 ipsam
1078 3170 1360 3226 doctrinm
1394 3169 1739 3225 suavitatem
1762 3172 1856 3223 :ut
1885 3167 2162 3225 ostendat

512 3267 696 3320 Deum
729 3262 947 3318 mentis
990 3275 1117 3313 esse
1163 3263 1488 3313 creatorem
1517 3262 1576 3313 et
1595 3256 1924 3329 prudentiae
1947 3274 2015 3314 ac
2037 3257 2158 3313 elo-

515 3352 772 3423 quentiae
804 3348 1144 3420 largitorem
1170 3364 1181 3400 :
1207 3363 1548 3417 quanquam
1580 3347 1853 3401 nonnulli
1883 3347 1973 3402 his
1998 3346 2072 3402 ad
2100 3364 2169 3402 ea

519 3457 649 3511 quas
682 3455 802 3493 non
834 3441 1065 3507 Oportet
1094 3435 1183 3489 usi
1216 3435 1683 3490 sint.Stultitiam
1716 3452 1852 3491 vero
1882 3436 2162 3508 praedica-

518 3528 699 3584 tionis
730 3526 873 3582 dicit
902 3522 1344 3595 simplicitatem
1375 3522 1723 3579 dictionum.
1759 3524 1944 3580 Divini
1978 3525 2163 3596 siqui-

523 3620 659 3676 dem
691 3613 964 3687 discipuli
997 3612 1194 3668 idiolae
1253 3617 1443 3679 erant,
1504 3611 1661 3683 quod
1707 3612 1781 3668 ad
1829 3629 2166 3670 sermonem

521 3711 751 3773 attinet,
778 3705 881 3763 sed
902 3702 1109 3760 divites
1132 3700 1397 3759 scientia.
1419 3725 1444 3749 α
1465 3703 1535 3756 Et
1552 3701 1735 3757 Judaai
1768 3702 1935 3775 signa
1964 3709 2167 3775 postu-

521 3799 718 3854 lant.»
749 3794 805 3849 Si
836 3791 1059 3857 Judmo,
1093 3789 1307 3861 inquit,
1340 3787 1664 3844 dixerimus
1691 3804 1705 3844 :
1738 3789 1948 3859 Crede,
1978 3792 2165 3864 proti-

522 3904 634 3944 nus
665 3886 832 3958 signa
853 3900 920 3938 ac
941 3880 1207 3954 prodigia
1226 3879 1352 3935 ﬁeri
1371 3878 2165 3952 postulatadprzndicationis

514 3973 1051 4032 conﬁrmationem.
1083 3971 1199 4024 Nos
1230 3973 1428 4025 autem
1451 3969 1747 4024 Christum
1768 3970 2164 4041 prmdicamus

515 4064 884 4129 cruciﬁxum,
929 4059 1085 4132 quod
1117 4076 1238 4114 non
1298 4059 1471 4114 modo
1516 4075 1639 4114 non
1707 4065 1797 4115 est
1854 4060 2163 4130 signorum

515 4150 1119 4221 demonstratio,quin
1152 4150 1347 4221 potius
1376 4148 1806 4204 imbecillitatis
1838 4156 1947 4217 est,
1982 4169 2167 4223 quan-

504 4253 629 4303 tum
668 4244 742 4300 ad
774 4242 832 4298 id
864 4240 1022 4313 quod
1053 4245 1314 4313 apparet.
1349 4242 1624 4296 Attamen
1656 4256 1794 4296 cum
1824 4241 1937 4298 hoc
1996 4241 2163 4298 infir-

498 4348 668 4395 mum
701 4334 989 4397 videatur,
1022 4336 1079 4386 et
1108 4331 1200 4386 his
1251 4348 1380 4401 quae
1424 4331 1739 4402 requirunt
1768 4334 2158 4397 contrarium,

499 4427 879 4484 adducuntur
910 4421 1304 4478 nihilominus
1336 4419 1410 4475 ad
1445 4421 1647 4486 ﬁdem,
1680 4421 1839 4493 quod
1885 4440 2161 4496 magnam

500 4519 604 4573 Dei
640 4514 918 4571 ostendat
946 4510 1555 4583 potentiam.Rursum
1590 4510 1774 4565 Graeci
1807 4512 2159 4582 sapientiam

507 4606 734 4663 anobis
767 4602 1103 4674 requirunt,
1139 4600 1243 4655 sed
1282 4598 1404 4653 illis
1462 4615 1699 4669 quoque
1755 4616 1865 4655 nos
1923 4617 2157 4656 crucem

2327 1813 2549 1885 Ἐπειδὴ
2611 1816 2714 1894 γὰρ
2771 1815 2825 1872 ἐν
2882 1821 2951 1893 τῇ
3027 1820 3191 1897 σοφίᾳ
3265 1819 3364 1875 οὐκ
3421 1815 3564 1895 ἔγνω
3624 1821 3652 1874 ὸ
3710 1819 3906 1892 κόσμος

2252 1900 2340 1958 διὰ
2380 1911 2480 1974 τῆς
2539 1906 2689 1970 σοίας
2746 1908 2836 1962 τὸν
2897 1909 3045 1981 Θεὸν,
3106 1907 3395 1982 εὐδόκησεν
3429 1909 3622 1974 ὁΘεὸς
3652 1906 3740 1963 διὰ
3807 1915 3898 1977 τῆς

2258 2014 2470 2068 μωριας
2551 2000 2648 2051 τοῦ
2732 1997 3110 2077 κηρύγματος,
3194 2005 3362 2055 σῶσαι
3444 1998 3577 2064 τοὺς
3638 1997 3907 2055 πιστεύον-

2255 2104 2372 2145 τας.
2428 2083 2654 2156 Ἐπειδὴ
2720 2087 2811 2143 καὶ
2898 2086 3154 2146 Ἰουδαῖοι
3242 2096 3471 2163 σημεῖον
3532 2089 3765 2159 αίτοῦσι,
3818 2088 3899 2142 καὶ

2256 2171 2528 2246 Ἓλληνες
2631 2177 2821 2256 σοφίαν
2914 2182 3187 2249 ζητοῦσιν,
3264 2182 3428 2254 ἡμεῖς
3508 2176 3568 2235 δὲ
3638 2175 3903 2255 κηρύσσο-

2264 2284 2358 2337 μεν
2493 2266 2728 2342 Χριστὸν
2860 2265 3292 2345 ἐσταυρωμένον,
3404 2266 3695 2333 Ἰουδαίοις
3809 2267 3898 2342 μὲν

2261 2351 2584 2426 σκάνδαλον,
2608 2354 2851 2429 Ἕλλησι
2883 2354 2940 2414 δὲ
2970 2359 3203 2435 μωρίαν.

2349 2466 2371 2495 ι
2406 2446 2493 2502 Ἐν
2519 2449 2588 2521 τῇ
2621 2446 2800 2526 σοφίᾳ.
2827 2471 2856 2499 ››
2878 2451 2963 2523 Τῇ
2996 2446 3085 2504 διὰ
3112 2454 3218 2505 τῶν
3253 2450 3581 2524 κτισμάτων
3615 2447 3906 2527 φαινομένῃ

2272 2535 2383 2589 οἷον
2419 2535 2653 2611 ούρανοῦ
2711 2537 2798 2592 καὶ
2853 2541 2977 2611 γῆς.
3038 2536 3285 2608 Ἐπειδὴ,
3346 2539 3515 2620 φησὶν
3575 2537 3676 2594 οὐκ
3731 2532 3913 2612 ἕγνωό

2269 2625 2477 2699 κόσμος
2506 2626 2598 2681 τὸν
2631 2626 2758 2681 Θεὸν
2810 2623 2901 2682 διὰ
2952 2634 3053 2699 τῆς
3109 2627 3373 2699 τοιαύτης
3404 2628 3578 2684 αὐτοῦ
3612 2626 3800 2705 σοφίας
3827 2631 3916 2694 τῆς

2270 2710 2710 2789 ἐνθεωρουμὲνης
2766 2721 2884 2780 τοῖς
2967 2717 3279 2792 κτίσμασιν,
3358 2714 3654 2789 εὐδόκησεν
3714 2718 3741 2771 ὁ
3798 2714 3916 2775 Θεὸς

2270 2800 2359 2858 διὰ
2407 2808 2503 2860 τοῦ
2552 2810 2784 2881 σταυροῦ
2817 2810 2985 2862 σῶσαι
3034 2807 3162 2870 τοὺς
3214 2806 3598 2878 πιστεύοντας,
3630 2807 3777 2868 ’ὀστις
3811 2826 3919 2879 μω-

2273 2892 2359 2967 ρία
2388 2898 2508 2956 τοῖς
2536 2893 2785 2960 ἀπίστοις
2836 2895 2929 2951 καὶ
2983 2892 3395 2971 ἀπολλυμένοις
3428 2885 3570 2952 εἶναι
3625 2894 3788 2951 δοκει.
3822 2900 3921 2949 Σο-

2270 2982 2389 3061 φίαν
2425 2980 2502 3050 δὲ,
2559 2985 2651 3040 καὶ
2707 2984 2807 3055 τήν
2864 2984 3211 3060 ἀνθρωπίνην
3267 2986 3525 3062 ὀνομάζει
3583 2972 3916 3052 συνέσιν,καῖ

2313 3075 2327 3093 ‘
2437 3074 2451 3095 ν
2660 3072 2673 3095 Ῑ
3020 3076 3034 3095 ν
3201 3078 3215 3095 ς
3320 3083 3347 3094 ευ
3684 3076 3697 3091 τ
3844 3073 3856 3090 ς

2268 3094 2368 3144 την
2400 3071 2758 3150 ευγλωττιαν,
2788 3072 2914 3145 ἤτοι
2977 3076 3108 3131 αυτὸ
3161 3098 3224 3132 το
3281 3097 3382 3146 της
3440 3075 3642 3146 λέξεως
3673 3086 3913 3150 ανθηρον,

2267 3164 2356 3219 ἳνα
2388 3161 2598 3241 διδάξῃ,
2659 3164 2742 3222 ὅτι
2798 3171 2895 3221 νοῦ
2958 3169 3198 3239 ποιητὴς
3244 3167 3272 3222 ὁ
3316 3168 3468 3239 Θεὸς,
3495 3165 3591 3222 καί
3621 3166 3917 3244 φρονήσεως

2275 3254 2520 3328 χορηγὸς
2575 3255 2664 3311 καὶ
2721 3254 3071 3333 εὐγλωττίαςν
3133 3256 3176 3312 εἷ
3235 3257 3324 3311 καὶ
3378 3277 3526 3320 τινες
3574 3255 3754 3319 αὐτοῖς
3782 3253 3914 3331 ἐφ’ἓι

2277 3344 2356 3419 μὴ
2389 3341 2470 3399 δεῖ
2498 3344 2825 3420 ἐχρήσαντο.
2888 3347 3118 3419 Μωρίαν
3163 3343 3220 3402 δὲ
3264 3350 3361 3401 τοῦ
3413 3347 3791 3422 κηρύγματος,
3822 3345 3911 3412 τήν

2274 3438 2381 3489 τῶν
2410 3433 2603 3508 λέξεων
2637 3433 2925 3505 ἁπλότητα
2953 3457 3136 3515 φησιν.
3164 3432 3401 3492 ’ἰδιῶται
3427 3436 3526 3508 μὶν
3553 3437 3654 3513 γάρ
3676 3439 3745 3507 εῷ
3775 3431 3914 3506 λόγῳ

2274 3523 2407 3593 ἦσαν
2463 3524 2515 3578 οἱ
2575 3527 2847 3589 θεσπεσιοι
2908 3525 3167 3599 μαθηταὶ,
3223 3522 3478 3580 πλούσιοι
3516 3523 3577 3580 δὲ
3612 3528 3680 3599 τῇ
3708 3525 3914 3600 γνώσει.

2277 3635 2305 3666 ι(
2340 3612 2439 3667 Καὶ
2472 3609 2728 3669 ’Ῑουδαιοι
2749 3620 2981 3688 σημεῖον
3012 3613 3271 3670 αἰτοῦσιν.
3302 3634 3329 3668 1
3367 3615 3516 3682 Ἐὰν,
3552 3613 3739 3690 φησὶν,
3770 3612 3919 3668 ε’ἰπω-

2278 3724 2371 3778 μεν
2410 3700 2681 3778 Ἰουδαίῳ,
2714 3704 3025 3774 Πίστευσον,
3057 3704 3215 3767 εὐθὺς
3247 3708 3449 3779 σημεῖα
3477 3703 3575 3759 καὶ
3599 3703 3789 3780 τέρατα
3809 3701 3918 3757 ἐπι-

2277 3798 2432 3865 ζητει
2512 3796 2776 3870 γενεσθαι,
2860 3795 2999 3870 πρὸς
3058 3793 3308 3851 σύστασιν
3366 3798 3462 3849 τοῦ
3554 3793 3914 3870 κηρύγματος.

2272 3875 2464 3957 Ἠμεις
2497 3881 2554 3941 δὲ
2598 3885 2830 3959 Χριστὸν
2885 3883 3230 3960 κηρύσσομεν
3289 3882 3727 3961 ἐσταυρωμένον.
3758 3883 3912 3955 Ὅπερ

2275 3976 2339 4030 οὐ
2374 3975 2538 4049 μόνον
2568 3976 2667 4032 οὐκ
2708 3973 2817 4032 ἔστι
2869 3976 3111 4051 σημείων
3162 3974 3438 4047 ἐπίδειξις,
3472 3975 3625 4032 ἀλλά
3654 3974 3738 4031 καὶ
3770 3973 3913 4028 ἀσθε-

2272 4064 2437 4135 νείας,
2470 4066 2593 4121 ὅσον
2621 4065 2759 4121 κατά
2813 4067 2875 4121 τὸ
2934 4066 3280 4145 φαινόμενον,
3315 4065 3419 4123 Καὶ
3451 4066 3607 4140 ὅμως
3644 4063 3811 4136 τούτῳ
3839 4061 3912 4133 τῷ

2275 4150 2523 4208 δοκοῦντι
2583 4154 2786 4208 ἀσθενεῖ
2840 4153 2930 4209 καὶ
2990 4152 3212 4227 ἐναντίῳ
3261 4153 3335 4218 ὡς
3376 4153 3513 4228 πρὸς
3547 4154 3579 4208 ἃ
3610 4152 3909 4208 ἀπαιτοῦσιν

2272 4241 2548 4319 ἐνάγονται
2607 4244 2743 4317 πρὸς
2797 4245 2896 4315 τήν
2954 4243 3158 4314 πίστιν,
3213 4241 3346 4319 ὅπερ
3409 4244 3658 4318 μεγάλην
3694 4240 3912 4297 δείκνυσι

2270 4335 2366 4387 τοῦ
2415 4336 2550 4387 Θεοῦ
2601 4329 2700 4402 τήν
2754 4330 3006 4407 δύναμιν.
3059 4330 3232 4390 Πάλιν
3281 4332 3553 4404 Ἓλληνες
3602 4331 3789 4412 σοφίαν
3832 4334 3915 4398 ζη-

2271 4426 2422 4478 τοῦσι
2451 4424 2578 4498 παρ’
2607 4425 2792 4497 ἡμῶν,
2852 4422 2997 4478 am
3047 4422 3319 4487 κάκείνοις
3374 4425 3539 4496 ἡμεις
3571 4423 3662 4477 τὸν
3699 4418 3911 4491 σταυρὸν

2270 4510 2632 4585 κηρύσσομεν,
2664 4510 2819 4585 ὅπερ,
2877 4510 3012 4565 κατὰ
3059 4511 3120 4565 τὸ
3165 4511 3511 4588 φαινόμενον,
3550 4509 3758 4587 μωρίας
3789 4507 3911 4563 εἶναι

2272 4596 2439 4673 δοκεῖ,
2492 4601 2621 4656 Θεὸν
2669 4600 2961 4672 κηρύσσειν
3011 4600 3441 4676 ἐσταυρωμένον,
3472 4599 3623 4655 ἀλλὰ
3681 4599 3769 4654 καὶ
3825 4594 3914 4650 οὕ-

500 4689 1087 4768 preedicamus,quod
1121 4689 1193 4745 ad
1226 4689 1283 4745 id
1310 4687 1467 4760 quod
1487 4688 1546 4742 in
1570 4695 1888 4760 prospectu
1911 4695 2000 4745 est
2021 4690 2158 4746 stul.

2268 4711 2376 4754 τως
2426 4690 2729 4750 πείθονται.
2780 4692 2921 4768 Ἀρά
2968 4692 3029 4747 οὐ
3084 4695 3251 4747 ταῦτα
3307 4689 3567 4769 μεγίστου
3643 4688 3907 4762 θαύματος

501 4788 646 4857 ιὶιίω
680 4804 810 4841 esse
842 4782 1093 4847 videtur,
1122 4782 1307 4837 Deum
1364 4778 1640 4834 videlicet
1671 4778 1993 4850 prmdicare
2028 4798 2162 4837 cru-

501 4876 871 4931 ciﬂxum:at
919 4873 1030 4928 hoc
1088 4886 1324 4943 quoque
1379 4868 1555 4924 modo
1616 4868 2049 4940 persuadentur
2105 4876 2164 4927 et

497 4965 931 5034 obtemperant.
955 4964 1168 5015 Annon
1193 4962 1317 5015 haec
1339 4959 1612 5015 maximas
1645 4964 1782 5014 sunt
1801 4957 2150 5017 admiratio-

499 5054 595 5111 nis
622 5070 689 5107 ac
722 5050 1017 5117 miraculi,
1051 5067 1151 5104 eos
1190 5067 1296 5121 per
1324 5051 1449 5105 haec
1476 5048 1821 5122 persuaderi
1851 5066 1984 5121 quae
2017 5067 2159 5106 con-

500 5142 682 5198 traria
713 5146 852 5196 sunt
882 5140 954 5193 iis
1014 5155 1146 5209 qua)
1195 5138 1565 5211 requirunt?
1614 5141 1726 5193 Aut
1782 5138 1891 5194 hoc
1924 5156 2159 5211 quoque

496 5232 678 5289 modo
710 5228 969 5298 intelligi
1004 5232 1244 5300 potest:
1305 5227 1619 5293 Quoniam,
1702 5228 1915 5299 inquit,
1973 5229 2159 5285 Judaei

493 5324 659 5395 signa
690 5320 990 5393 postulant
1047 5324 1105 5373 et
1162 5317 1343 5373 Graeci
1395 5318 1776 5390 sapientian,
1844 5318 2158 5375 inveniunt

490 5414 811 5484 ntriquein
853 5409 1087 5466 Christo
1121 5424 1188 5463 ea
1220 5424 1349 5478 quas
1409 5407 1741 5479 requirunt.
1794 5408 2101 5472 Quomodo
2136 5409 2161 5465 ?

489 5503 794 5575 Siquidem
834 5498 1159 5557 incredulis
1188 5495 1847 5553 Judmisotl'endiculum
1884 5500 2161 5563 est,Grte-

487 5594 689 5666 eisque
722 5592 783 5647 in
800 5589 1077 5647 fidelibus
1109 5586 1350 5642 fatuitas
1382 5590 1647 5658 apparet.
1709 5587 1783 5639 At
1826 5585 1886 5640 hi
1921 5588 2023 5660 qui
2088 5606 2159 5645 ex

484 5684 637 5760 ipsis
667 5684 852 5742 vocati
882 5689 1019 5742 sunt
1066 5686 1125 5736 et
1181 5679 1374 5747 electi,
1420 5678 1729 5735 inveniunt
1760 5696 1892 5736 eum
1955 5682 2153 5740 Patris

2274 4780 2337 4834 τὸ
2368 4778 2427 4835 ἐκ
2456 4784 2561 4836 τῶν
2613 4779 2863 4836 ἐναντίων
2922 4780 2998 4843 ὠς
3054 4782 3189 4856 πρὸς
3244 4780 3398 4836 αὐτοὶ
3457 4778 3775 4850 ἐπιζητοῦσι
3803 4772 3915 4832 πεί-

2273 4880 2456 4934 θεσθαι
2486 4868 2725 4940 αὐτούςς
2772 4871 2806 4940 ἢ
2858 4870 2947 4926 καὶ
3001 4870 3172 4933 οὕτως
3216 4868 3455 4941 νοητέον·
3490 4865 3733 4937 Ἐπειδὴ,
3769 4862 3911 4936 Οησὲ,

2267 4958 2358 5014 καὶ
2400 4957 2658 5017 Ἰουδαῖοι
2718 4965 2917 5030 σηπεῖα
2977 4958 3297 5032 ἐπιζητοῦσι
3354 4959 3444 5015 καὶ
3504 4955 3775 5029 Ἕλληνες
3833 4972 3914 5008 σο-

2270 5047 2413 5126 ιρίαν,
2482 5049 2818 5126 εὑρίσκουσιν
2887 5050 3187 5129 ἀμφότεροι
3266 5049 3298 5104 ἃ
3366 5052 3618 5120 ζητοῦσιν
3686 5045 3760 5107 εἰς
3823 5042 3908 5099 τὸν

2269 5140 2523 5217 Χριστόν.
2570 5146 2743 5209 Πῶςς
2796 5148 2928 5203 Τοῖς
2988 5142 3083 5215 μὲν
3156 5141 3261 5219 γὰρ
3310 5139 3560 5203 ἀπίστοις
3634 5133 3909 5196 Ἰουδαίοις

2268 5228 2570 5285 σκάνδαλύν
2623 5229 2757 5300 ἐστι,
2811 5230 2900 5285 καὶ
2956 5235 3073 5295 τοῖς
3128 5230 3385 5291 ἀπίστοις
3441 5226 3679 5298 Ἕλλησι
3736 5221 3908 5297 μωρία

2268 5316 2433 5374 δοκεῖ.
2487 5320 2553 5378 Οἱ
2602 5317 2658 5373 δὲ
2706 5341 2787 5395 γε,
2833 5318 2991 5399 φησὶ,
3040 5318 3242 5390 κλητοὶ
3290 5318 3381 5373 καὶ
3428 5315 3698 5373 ἐπίλεκτοι
3746 5311 3792 5382 ἐξ
3822 5306 3907 5363 αὖ·

2264 5414 2393 5469 τῶν.
2427 5407 2760 5482 εὑρίσκουσιν
2814 5407 2972 5463 αὐτὸν
3031 5404 3162 5463 ὄντα
3215 5405 3443 5482 δύναμιν
3485 5406 3575 5463 καὶ
3605 5398 3782 5478 σοιρίαν
3806 5398 3899 5449 τοῦ

2267 5498 2492 5574 Πατρός.
2528 5498 2594 5554 Τί
2643 5498 2745 5573 γὰρ
2790 5496 2987 5572 λὲγεις,
3043 5495 3086 5552 ὦ
3141 5495 3413 5567 Ἰουδαῖε;
3472 5496 3681 5568 Σημεῖα
3723 5486 3908 5555 ἐπιζη-

2263 5593 2413 5663 τεῖςς
2466 5585 2607 5646 Ἰδοὺ
2659 5588 2687 5642 ὁ
2742 5589 3002 5665 Χριστὸς,
3052 5591 3187 5644 Θεοῦ
3237 5584 3464 5663 δύναμίς
3517 5586 3659 5643 ἐστιν
3714 5579 3752 5651 ἡ
3806 5578 3911 5638 τῶν

2265 5680 2509 5755 σημείων
2543 5681 2829 5754 ποιητική.
2863 5680 2965 5739 Καὶ
3015 5683 3077 5739 σὺ
3126 5679 3179 5736 τί
3225 5677 3429 5758 λὲγεις,
3463 5676 3510 5733 ὦ
3537 5672 3751 5744 Ἕλλην
3779 5688 3794 5742 ;
3825 5687 3916 5725 σο-
