4198 6200
347 335 470 396 853

350 467 475 526 φίαν
506 472 726 539 ζητεῖς;
761 469 949 543 Ἔχεις
1002 467 1094 522 τὸν
1151 467 1408 544 Χριστὸν,
1468 465 1659 544 σοφίαν
1722 462 1849 524 ὄντα
1905 469 2002 522 τοῦ

1338 334 1743 398 COMMENT.
1793 332 1869 393 ΙΝ
1915 332 2163 394 EPIST.
2212 332 2236 392 ι
2279 334 2388 394 ΑΒ
2433 335 2805 397 CORINTH.

3648 344 3768 407 654

2120 484 2250 524 esse
2266 469 2594 541 potentiam
2610 474 2667 527 et
2680 469 3211 543 sapientiam.Quid
3238 472 3397 528 enim
3414 475 3725 543 ais,Judaee
3747 480 3775 536 ?

353 556 586 631 Πατρός.
623 555 777 614 Ἐπεὶ
807 555 904 611 οὗν
940 561 1143 629 σημεῖα
1201 556 1292 613 καὶ
1342 556 1532 632 σοφίαν
1580 556 2006 631 ἐπιζητούμεθα,
2036 589 2038 593 ε

2151 529 2298 631 tigna
2325 561 2625 630 requiris?
2681 529 2826 617 Ecce
2884 529 3150 619 Christus
3208 529 3774 639 potentia'es—tﬁqvua;

348 646 698 721 κηρύσσομεν
729 646 822 702 τὸν
872 648 1103 723 Χριστὸν
1162 646 1447 725 ἀμφότερα
1512 642 1642 702 ὅντα
1689 652 1810 710 τοῖς
1867 644 2008 717 κλη-

351 740 493 799 τοῖς.
528 733 747 800 Οἳτινες
805 737 895 792 καὶ
955 736 1294 811 εὑρίσκοντες
1348 735 1660 808 ἅζητοῦσι,
1720 736 2012 792 πιστεύου-

354 848 434 882 σιν
491 826 544 882 οἷ
577 824 636 882 δέ
684 848 748 902 γε
803 825 1046 897 ἄπιστοι,
1106 824 1410 883 σκανδάλου
1467 827 1559 883 καὶ
1620 827 1833 902 μωρίας
1890 824 2012 896 ἂξια

351 915 420 973 τὰ
451 915 858 991 ἀξιοθαύμαστα
886 917 1194 991 νομίζουσι.
1254 918 1357 974 Καὶ
1405 917 1461 972 τί
1514 916 1866 992 θαυμπιστόνς
1920 914 2011 970 καὶ

351 1004 457 1082 γάρ
488 1007 516 1061 ὁ
550 1004 810 1077 αἰσθητὸς
868 1004 1031 1076 ἥλιος
1073 1007 1347 1069 σκοτεινὸς
1407 1011 1522 1069 τοῖς
1584 1000 2011 1080 ἀμϐλυώττουσι

350 1095 447 1158 τὰς
507 1090 663 1170 ὄψεις
722 1096 934 1171 ὁρᾶται.
990 1120 1020 1148 «
1081 1094 1369 1161 Ἰουδαίοις
1426 1096 1521 1171 μὶν
1583 1091 1915 1154 σκάνδαλον.
1979 1117 2011 1147 ››

353 1182 668 1241 Σκάνδαλον
732 1186 869 1241 εἶναι
929 1182 1125 1241 δοκοῦν
1211 1186 1347 1241 κατὰ
1403 1188 1503 1257 τὴν
1569 1185 1795 1259 πρώτην
1861 1184 2008 1259 δψιν.

350 1274 439 1338 Τίς
504 1275 609 1350 γὰρ
666 1280 774 1331 τῶν
830 1274 1070 1331 ἀπίστῶν
1139 1275 1245 1331 οῦκ
1306 1274 1367 1330 ἄν
1436 1272 1851 1346 σκανδαλισθείη
1919 1272 2012 1329 καὶ

353 1363 734 1440 ἀπιστήσῃς·
771 1363 1013 1435 Ἕλλησι
1068 1361 1126 1420 δὶ
1180 1364 1407 1440 μωρίαν.
1444 1389 1472 1417 ››
1533 1366 1664 1422 Οἶον
1724 1364 1859 1419 εἶναι
1919 1360 2013 1419 δο-

352 1458 534 1523 κοῦσι,
564 1454 692 1510 Θεὸν
725 1453 1131 1530 ἐσταυρωμένον
1160 1455 1546 1528 κηρύσσεσθαι.

2123 647 2291 720 signa
2321 648 2462 704 edit.
2488 652 2570 705 Tu
2601 667 2735 707 vero
2788 652 2933 724 quid
2984 654 3093 725 ais,
3129 656 3324 712 Graece
3355 656 3382 712 ?
3413 656 3775 729 Sapientiam

2120 739 2388 811 postulas
2419 739 2447 794 ?
2476 741 2668 797 Habes
2702 742 3023 812 Christum,
3073 746 3174 816 qui
3230 745 3421 801 Patris
3480 748 3776 819 sapientia

2125 831 2233 883 est.
2268 828 2557 893 Quoniam
2592 830 2773 904 igitur
2820 833 2991 902 signa
3042 850 3110 889 ac
3166 835 3460 906 sapientia
3510 853 3544 892 θ.
3600 837 3773 893 nobis

2121 916 2532 987 requiruntur,
2565 921 2961 992 praedicamus
3004 924 3323 992 Christum,
3384 926 3484 998 qui
3542 932 3773 982 utrum-

2123 1021 2238 1077 que
2271 1012 2361 1061 est
2391 1008 2484 1063 his
2517 1010 2616 1079 qui
2647 1011 2833 1066 vocati
2869 1016 3027 1079 sunt,
3071 1012 3170 1083 qui
3202 1030 3337 1069 cum
3370 1031 3438 1070 ea
3467 1015 3777 1073 inveniant

2121 1114 2255 1169 qum
2285 1102 2623 1171 requirunt.
2640 1103 2910 1160 credunt.
2926 1106 3223 1161 Increduli
3248 1124 3385 1163 vero
3418 1106 3776 1163 offendicula

2122 1203 2190 1242 ac
2219 1189 2492 1246 fatuitate
2533 1190 2713 1264 digna
2765 1194 3111 1251 existimant
3173 1213 3305 1268 quae
3363 1198 3777 1255 vehementem

2121 1288 2431 1337 merentur
2460 1284 2606 1339 4⁸ιῖ
2645 1283 3128 1342 admirationem.
3182 1289 3251 1343 Et
3306 1288 3448 1360 quid
3507 1287 3778 1345 mirum?

2122 1370 2268 1425 Cum
2296 1370 2392 1427 hic
2422 1390 2659 1445 quoque
2682 1376 2983 1431 sensibilis
2996 1377 3083 1433 sol
3098 1378 3384 1434 obscurus
3403 1380 3668 1436 videatur
3684 1379 3777 1436 his

2122 1461 2224 1530 qui
2256 1469 2501 1533 aspectu
2532 1466 2854 1521 caecutiunt
2882 1467 2909 1522 ?
2940 1489 2968 1518 α
2997 1468 3214 1523 Judaais
3247 1470 3486 1541 quidem
3523 1470 3778 1526 offendi-

354 1546 579 1604 culum.
615 1568 644 1597 »
675 1546 783 1613 Qui
815 1547 1006 1620 primo
1043 1553 1285 1620 aspectu
1311 1546 1543 1603 videtur
1568 1544 2016 1602 offendiculum.
2072 1550 2212 1614 Quis
2271 1552 2434 1609 enim
2495 1554 2941 1612 incredulorum
2998 1574 3119 1614 non
3178 1560 3579 1617 offenderetur
3602 1561 3630 1616 ‘I
3677 1567 3779 1618 aut

355 1637 488 1708 quis
521 1635 935 1692 inﬁdelitatem
966 1637 1380 1709 relinqueret?
1412 1658 1440 1688 ‹‹
1474 1636 1692 1692 Graecis
1722 1651 1860 1692 vero
1893 1636 2227 1695 stultitiam.
2273 1663 2303 1691 ››
2334 1643 2845 1708 Quemadmodum
2877 1663 3006 1703 esse
3036 1648 3267 1704 videtur
3295 1651 3620 1722 praedicare
3642 1667 3778 1710 cum

353 1742 484 1783 esse
526 1726 734 1787 Deum.
768 1726 870 1798 qui
901 1726 1222 1783 cruciﬁxus
1256 1732 1367 1783 est.

430 1812 632 1876 Αὐτοῖς
689 1809 748 1868 δὲ
800 1818 917 1876 τοῖς
973 1812 1203 1886 κλητοῖς
1263 1811 1549 1879 Ἰουδαίοις
1604 1835 1664 1870 τε
1724 1814 1812 1869 καὶ
1869 1813 2038 1888 ’Ἑλ-η

2187 1821 2235 1888 Ι,
2266 1822 2356 1889 24,
2384 1824 2475 1880 25.
2501 1846 2530 1873 α
2563 1824 2680 1880 Sed
2711 1826 2922 1883 iisdem
2954 1827 3172 1885 vocatis
3201 1828 3419 1885 Iudaeis
3462 1829 3686 1903 pariter
3708 1837 3767 1887 et

355 1901 515 1974 λησι,
584 1903 821 1977 Χριστὸν
886 1907 1020 1958 Θεοῦ
1089 1900 1317 1977 δύναμιν
1383 1905 1471 1959 καὶ
1568 1907 1703 1959 Θεοῦ
1792 1903 2004 1978 σοφίαν.

356 1996 482 2052 ’Ότι
536 1992 599 2048 τὸ
677 1992 863 2071 μωρὸν
937 1997 1036 2049 τοῦ
1111 1994 1267 2065 Θεοῦ,
1343 1995 1658 2073 σοφώτερον
1731 1996 1839 2048 τῶν
1916 1992 2011 2047 ἆν-

359 2082 593 2158 θρώπων
625 2080 759 2154 ἐστὶ,
817 2083 908 2139 καὶ
965 2082 1028 2138 τὸ
1086 2082 1299 2146 ἀσθενὶς
1350 2087 1449 2139 τοῦ
1508 2085 1660 2155 Θεοῦ,
1724 2081 2010 2157 ίσχυρότε-

360 2192 456 2249 ρον
488 2176 592 2228 τῶν
629 2172 927 2248 ἀνθρώπων
956 2170 1123 2229 ἐστίν.

436 2280 593 2338 Εἶναι
656 2280 749 2354 μὲν
817 2279 989 2350 δοκεῖ,
1055 2284 1211 2360 φησί,
1280 2279 1577 2338 σκάνδαλον
1645 2283 1737 2339 καὶ
1810 2283 2013 2359 μωρία.

362 2368 515 2440 πλὴν
547 2370 732 2435 αὐτοῖς
774 2370 1015 2445 τούτοις,
1075 2371 1232 2451 φησὶ,
1292 2369 1500 2428 δοκεῖὸ
1528 2372 1768 2450 Χριστὸς
1814 2372 1905 2429 καὶ
1952 2371 2019 2426 τὰ

364 2459 533 2517 αὐτοῦ
589 2460 759 2533 πάθη,
822 2463 956 2518 εἶναι
1014 2458 1242 2536 δύναμις
1301 2466 1434 2518 Θεοῦ
1480 2463 1570 2517 καὶ
1644 2462 1823 2542 σοφία.
1880 2465 2021 2539 Ἀρα

371 2551 438 2606 οὖ
469 2552 817 2627 θαυμαστόν;
852 2576 881 2605 ‹‹
916 2552 1114 2617 Αὖτοῖς
1148 2548 1205 2608 δὲ
1232 2557 1349 2615 τοῖς
1404 2552 1655 2624 κλητοῖς.
1690 2576 1719 2605 »
1766 2551 2022 2625 Κλητούς

373 2662 558 2720 φησιν,
627 2642 725 2705 οὕς
782 2643 811 2698 ὁ
868 2644 996 2706 Θεὸς
1063 2642 1285 2698 ἐκάλεσε
1351 2639 1439 2698 διὰ
1498 2645 1562 2698 τὸ
1629 2642 1809 2714 ἀξίους
1867 2646 2022 2702 εἶναι.

374 2757 398 2784 ι
434 2732 555 2787 Ὀτι
584 2734 648 2788 τὸ
683 2732 869 2807 μωρὸν
899 2737 998 2787 τοῦ
1058 2736 1210 2790 Θεοῦ.
1246 2756 1275 2785 ››
1323 2736 1382 2790 Ὀ
1430 2732 1660 2806 σταυρὸς
1721 2733 1815 2807 μὲν
1876 2730 2028 2787 δοκεῖ

379 2822 592 2896 μωρὸν,
623 2821 774 2893 πλὴν
806 2822 1116 2903 σοφώτερον
1163 2827 1273 2877 τῶν
1332 2820 1631 2895 ἀνθρώπων
1676 2821 1808 2878 ἐστί.
1860 2827 2026 2891 Πῶς,

377 2911 433 2965 οἱ
477 2911 574 2984 μὲν
628 2910 731 2987 γὰρ
791 2913 946 2992 σοφοὶ
1008 2912 1099 2967 καὶ
1153 2909 1450 2991 φιλόσοφοι
1510 2913 1636 2987 περὶ
1693 2912 1883 2992 ψυχρὰ
1939 2912 2029 2967 καὶ

384 2998 624 3072 ἀνόνητα
677 3000 1101 3080 ἡσχολήθησπιν,
1163 3004 1191 3056 ὁ
1250 2999 1307 3055 δὲ
1374 3003 1601 3075 σταυρὸς
1656 3002 1756 3056 ’τὸν
1823 3000 2030 3075 κόσμον

384 3085 607 3147 ἔσωσεν.
639 3092 712 3148 ’Ἡ
743 3092 833 3146 καὶ
865 3089 1061 3153 οὕτως.
1115 3090 1308 3148 Βούλει
1367 3096 1552 3164 μαθεῖν
1604 3090 1687 3146 ὅτι
1734 3091 1798 3147 τὸ
1848 3090 2032 3167 μωρὸν

2121 1932 2149 1960 (ς
2168 1912 2713 1979 Grmcis,Christum
2734 1917 2834 1971 Dei
2859 1919 3185 1989 potentiam
3201 1934 3267 1974 ac
3282 1918 3381 1974 Dei
3399 1920 3776 1991 sapientiam.

2125 2019 2149 2052 ι
2175 2000 2466 2065 Quoniam
2499 2003 2749 2059 stultum
2782 2006 2885 2060 Dei
2917 2008 3247 2078 sapientius
3278 2013 3369 2064 est
3390 2009 3734 2067 hominibus
3761 2026 3777 2068 :

2125 2110 2155 2141 «
2179 2091 2563 2149 etimbecille
2585 2095 2687 2150 Dei
2733 2094 3036 2153 robustius
3083 2104 3173 2154 est
3200 2099 3564 2157 hominibus.
3600 2122 3633 2155 ››

2194 2278 2336 2331 Esse
2358 2276 2602 2348 quidem
2633 2277 2865 2335 videtur
2920 2279 3385 2352 offendiculum,.
3429 2282 3645 2355 inquit,
3703 2297 3772 2340 ac

2126 2363 2366 2421 fatuitas
2391 2372 2687 2425 :attamen
2711 2368 2923 2426 iisdem
2945 2370 3091 2444 ipsis
3109 2378 3354 2444 apparet
3393 2372 3683 2441 Christus,
3716 2378 3774 2428 et

2130 2469 2201 2509 ea
2230 2470 2361 2525 quas
2390 2473 2601 2527 passus
2633 2464 2740 2525 est,
2775 2476 2907 2515 esse
2936 2460 3040 2516 Dei
3067 2462 3335 2533 potentia
3359 2478 3426 2518 ac
3461 2461 3775 2535 sapientia.

2133 2546 2348 2600 Annon
2377 2545 2489 2602 hoc
2510 2546 2929 2605 admirandum
2949 2550 2978 2604 εἶ
3007 2570 3037 2600 ‹‹
3068 2550 3180 2606 Sed
3210 2551 3425 2607 iisdem
3474 2553 3713 2608 vocatis.
3751 2573 3780 2602 ››

2136 2635 2383 2691 Vocatos
2413 2637 2677 2708 appellat
2702 2655 2801 2695 eos
2834 2656 2983 2711 quos
3041 2641 3196 2696 Deus
3246 2642 3487 2709 vocavit,
3525 2660 3594 2697 eo
3622 2641 3784 2713 quod

2135 2725 2299 2798 digni
2339 2734 2557 2784 essent.
2593 2752 2622 2780 (ί
2653 2731 2941 2795 Quoniam
2974 2732 3222 2788 stultum
3255 2731 3416 2788 Dei.»
3449 2734 3601 2787 Crux
3623 2731 3785 2786 enim

2138 2817 2387 2871 stultum
2424 2819 2707 2888 quiddam
2764 2821 3013 2884 videtur,
3075 2838 3279 2877 verum
3341 2822 3666 2893 sapientius
3700 2825 3791 2876 est

2141 2905 2501 2962 hominibus.
2538 2908 2843 2973 Quomodo
2867 2910 2894 2963 ?
2925 2910 3224 2980 Siquidem
3254 2911 3551 2981 sapientes
3574 2926 3641 2965 ac
3665 2910 3792 2981 phi‘

2143 2993 2377 3065 loSOphi
2411 2996 2567 3051 circa
2598 2997 2811 3067 frigida
2839 3014 2908 3053 ac
2937 2998 3244 3054 insensata
3291 3001 3560 3072 occupati
3596 3006 3787 3068 erant,

2147 3099 2287 3137 crux
2314 3090 2512 3139 autem
2545 3087 2833 3143 mundum
2862 3088 3086 3143 salvum
3116 3089 3275 3144 fecit.
3311 3092 3425 3145 Aut
3474 3090 3584 3145 hoc
3610 3089 3791 3145 etiam

382 3184 483 3235 τοῦ
557 3183 693 3236 Θεοῦ
770 3182 1076 3259 σοφώτερον
1151 3185 1260 3236 τῶν
1337 3178 1632 3256 ἀνθρώπων
1736 3178 1871 3249 ἐστὶ,
1946 3179 2038 3233 καὶ

2151 3173 2344 3229 modo.
2379 3174 2476 3229 Vis
2499 3175 2726 3232 discere
2752 3178 2909 3249 quod
2941 3178 3188 3234 stultum
3216 3180 3311 3234 Dei
3345 3179 3672 3251 sapientius
3704 3182 3794 3234 est

380 3270 447 3324 τὸ
476 3269 690 3334 ἀσθενὲς
750 3268 1144 3346 ίσχυρὸτερονς
1196 3270 1325 3326 Ἀπ’
1374 3268 1541 3338 αὐτῆς
1579 3267 1671 3324 καὶ
1732 3267 1901 3341 μόνης
1936 3276 2036 3338 τῆς

381 3355 659 3429 κλήσεως,
719 3357 846 3435 ῥᾷόν
902 3357 1013 3414 ἐστι
1070 3362 1232 3413 τοῦτο
1283 3364 1638 3427 κατανοῆσαι.
1698 3355 1878 3414 Βλέπε
1933 3356 2037 3434 γάρ

389 3468 506 3522 μοι.
541 3448 687 3528 Οὐχὶ
719 3446 923 3504 πολλοὶ
958 3448 1119 3524 σοφοὶ
1147 3447 1284 3520 ἦσαν
1316 3449 1417 3518 τὴν
1458 3444 1511 3502 ἒν
1559 3449 1753 3522 κόσμῳ
1804 3448 1994 3525 σοφίαν
2023 3467 2037 3517 ;

384 3538 532 3618 Οὐχὶ
590 3536 794 3594 πολλοὶ
849 3538 1068 3593 δυνατοὶ
1124 3540 1326 3608 ταύτην
1381 3538 1480 3607 τήν
1549 3535 1826 3612 δύναμινς
1896 3534 2042 3613 Ούχὶ

384 3624 596 3684 πολλοὶ
624 3627 857 3703 εὐγενεῖς
910 3629 1011 3698 τὴν
1070 3626 1349 3683 ἒπίκαισον
1407 3626 1716 3704 εὐγένειανς
1774 3627 1843 3684 Τί
1899 3627 2040 3683 οὗνῖ

388 3719 480 3788 Μὴ
512 3718 741 3782 τούτους
784 3717 1082 3789 ἐποιήσατο
1142 3718 1170 3772 ὁ
1229 3717 1465 3793 Χριστὸς
1519 3717 1710 3772 ἑαυτοῦ
1773 3716 2042 3792 μαθητὰς,

386 3808 482 3865 καὶ
533 3805 603 3863 δι’
659 3807 834 3863 αὐτῶν
893 3805 1164 3879 ἐκλήθητε
1221 3806 1426 3881 ὑμεῖς;
1488 3804 1783 3881 Οὐδαμῶς.
1868 3804 2045 3863 Ἀλλὰ

388 3896 726 3956 τουναντίον.
787 3894 960 3955 Ἀλλά
1015 3897 1080 3952 τὰ
1141 3897 1301 3972 μωρὰ
1355 3897 1491 3951 κοιτά
1545 3897 1779 3970 κόσμον,
1835 3897 1924 3952 καὶ
1981 3898 2048 3952 τὰ

394 3989 590 4058 ἀσθενῆ
641 3988 731 4044 καὶ
788 3987 855 4044 τὰ
915 3987 1102 4065 ἀγενῆ,
1152 3987 1243 4042 καὶ
1300 3986 1369 4042 τὰ
1426 3986 1815 4061 ἐξουθενημένα
1872 3987 2048 4058 ἐξελε-

396 4080 544 4150 ξατο,
618 4076 935 4154 ἀνθρώπους
1013 4075 1209 4147 ἀλιεῖς,
1284 4077 1542 4148 πένητας,
1622 4077 2047 4153 ἀγραμμάτους.

399 4169 500 4225 Καὶ
536 4165 608 4223 δι’
637 4167 815 4225 αὐτῶν
846 4166 1148 4239 ἐποιήσατο
1204 4168 1303 4238 τὴν
1356 4165 1553 4236 κλῆσιν
1605 4166 1756 4240 ὑμῶν
1808 4165 2047 4238 πάντων,

396 4258 490 4313 καὶ
519 4262 700 4338 σοφῶν
728 4257 821 4313 καὶ
852 4255 1111 4331 ἰδιωτῶν,
1159 4255 1251 4313 καὶ
1313 4256 1560 4327 πενήτων
1606 4254 1697 4311 καὶ
1742 4253 2050 4327 πλουσίων,

396 4349 488 4403 καὶ
519 4347 754 4404 ἀσθενῶν
800 4348 887 4404 καὶ
941 4346 1209 4423 ἰσχυρῶν,
1266 4345 1357 4401 καὶ
1414 4344 1727 4425 κατῄσχυνε
1782 4344 1913 4409 τούς
1965 4345 2051 4400 εῦ-

400 4442 576 4514 γενεῖς
622 4439 715 4493 καὶ
783 4438 1046 4518 ἰσχυροὺς
1103 4436 1196 4492 καὶ
1245 4433 1466 4513 σοφούς.
1524 4436 1648 4492 Ὅτι
1709 4433 1841 4510 ὅπερ
1899 4434 2054 4490 αὐτοὶ

401 4527 502 4584 ούκ
541 4525 605 4582 ἄν
657 4524 784 4584 οὐδὲ
850 4527 1201 4603 ἐπιχειρῆσαι
1259 4522 1593 4599 ἐτόλμησαν,
1649 4524 1862 4597 κόσμον
1920 4522 2055 4580 ὅλον

405 4624 759 4693 μεταστῆσαι,
813 4621 975 4674 τοῦτο
1035 4616 1104 4673 τὰ
1160 4616 1355 4686 ἀσθενῆ
1412 4614 1504 4671 καὶ
1559 4614 1627 4670 τὰ
1686 4614 1845 4689 μωρὰ
1900 4635 2055 4691 περι-

405 4712 591 4786 φανῶς
650 4706 1071 4784 κατεπράξαντο.
1130 4706 1257 4781 ’Δρ’
1335 4704 1399 4761 ού
1480 4703 1932 4779 κατῃσχύνθησαν
2013 4705 2066 4759 οἱ

406 4794 701 4860 δοκοῦντες
730 4797 864 4853 εἶναι
895 4795 1055 4876 σοφοὶ
1105 4795 1197 4852 καὶ
1249 4792 1468 4851 δυνατοί
1493 4813 1508 4866 ;
1556 4794 1681 4867 Ἆρ’
1735 4792 1862 4873 οὐχὶ
1915 4792 2067 4869 ἐναρ-

417 4890 532 4966 γῶς
592 4884 991 4958 ἀποδὲδεικται,
1050 4884 1133 4943 ὅτι
1190 4886 1253 4941 τὸ
1318 4884 1503 4961 μωρὸν
1558 4883 1647 4940 καὶ
1705 4883 1917 4946 ἀσθενὲς
1975 4888 2070 4939 τοῦ

421 4980 578 5050 Θεοῦ,
637 4980 946 5057 σοφώτερον
1003 4978 1095 5033 καὶ
1154 4976 1511 5053 ἰσχυρότερον
1596 4978 1703 5031 τῶν
1776 4972 2073 5047 ἀνθρώπων

412 5067 531 5123 ἐστί
588 5086 602 5139 ;
665 5068 763 5124 Καὶ
818 5067 921 5144 γὰρ
983 5065 1189 5144 μυρίων
1273 5062 1701 5140 ἐπιχειρούντων
1770 5059 1956 5119 σϐέσαι
2010 5064 2073 5119 τὸ

412 5153 593 5230 ὄνομα
621 5162 720 5212 τοῦ
751 5158 1011 5234 Χριστοῦ,
1044 5154 1104 5212 οὐ
1141 5155 1305 5230 μόνον
1337 5154 1438 5210 οὐκ
1486 5147 1738 5224 ἐσϐέσθη,
1790 5151 1936 5208 ἀλλά
1982 5152 2072 5209 καὶ

414 5242 586 5301 πλέον
618 5245 788 5317 ἀνθεῖ,
821 5243 911 5302 διὰ
928 5245 1027 5301 τοῦ
1083 5245 1339 5311 ἀσθενοῦς
1393 5242 1525 5299 εἶναι
1585 5238 1873 5304 δοκοῦντος
1913 5263 2072 5298 σταυ-

418 5338 541 5411 ροῦ,
590 5333 720 5398 τοὺς
775 5335 1044 5413 ἰσχυροὺς
1095 5332 1550 5410 τροπωσαμένου.
1610 5364 1682 5376 --
1734 5330 1940 5390 ’¹Αλλο.
2000 5331 2076 5391 Οὐ

426 5425 597 5500 μόνον
626 5424 711 5481 ὅτι
734 5430 881 5481 πᾶσα
923 5425 1239 5503 ἀνθρωπίνη
1295 5422 1510 5479 διάνοια
1566 5420 1743 5493 πλάνη
1802 5443 1907 5494 τις,
1960 5445 2078 5499 κρι-

422 5513 631 5589 νομὲνη
692 5516 830 5592 πρὸς
886 5517 950 5573 τὸ
1010 5516 1265 5591 σταθερὸν
1322 5513 1415 5570 καὶ
1472 5511 1700 5589 μόνιμον
1760 5516 1866 5567 τῶν
1918 5514 2076 5570 θείων

408 5606 503 5662 καὶ
526 5602 901 5662 τελειοτάτων
930 5607 1199 5679 νοήσεων,
1227 5601 1354 5660 ἄλλ’
1411 5601 1495 5659 ὅτι
1544 5602 1637 5658 καὶ
1687 5599 1914 5673 σύνηθες
1965 5602 2078 5660 ἐστι

411 5697 532 5761 τοῖς
588 5692 877 5775 θεολόγοις
963 5694 1438 5759 ἆντιπεπονθότως
1494 5690 1582 5750 ἰπὶ
1641 5693 1783 5749 Θεοῦ
1850 5692 1918 5749 τὰ
1978 5700 2079 5770 τῆς

2149 3262 2889 3332 hominibus,etimbecille
2903 3269 3322 3325 robustius?Ab
3337 3270 3464 3341 ipsa
3479 3271 3656 3325 etiam
3670 3269 3798 3325 sola

2148 3353 2452 3410 vocatione
2475 3355 2650 3411 facile
2694 3362 2784 3412 est
2815 3358 2925 3414 hoc
2955 3359 3306 3433 intelligere.
3337 3361 3574 3415 Intuere
3610 3359 3795 3425 enim,

2150 3442 2416 3512 obsecro,
2449 3462 2649 3501 nonne
2706 3447 2879 3502 multi
2930 3449 3230 3521 sapientes
3270 3454 3440 3506 erant
3496 3449 3803 3505 mundana

2153 3533 2445 3605 sapientia
2491 3535 2518 3591 ?
2554 3537 2761 3593 Nonne
2827 3538 3000 3593 multi
3084 3545 3359 3612 potentes
3441 3545 3612 3596 erant
3692 3541 3804 3596 hac

2152 3623 2465 3694 potentia?
2493 3626 2697 3681 Nonne
2731 3627 2902 3682 multi
2935 3629 3206 3701 generosi
3261 3634 3431 3685 erant
3487 3628 3805 3699 temporali

2153 3714 2550 3786 generositate
2569 3716 2598 3769 ‘?
2627 3717 2777 3782 Quid
2809 3734 2945 3792 ergo
2966 3719 2994 3773 ‘?
3015 3721 3164 3774 Num
3195 3720 3302 3774 hos
3352 3718 3494 3773 fecit
3537 3717 3803 3774 Christus

2156 3820 2294 3859 suos
2326 3803 2671 3876 discipulos,
2704 3812 2762 3862 et
2804 3824 2911 3878 per
2940 3808 3099 3878 ipsos
3132 3808 3308 3879 elegit
3364 3823 3462 3861 vos
3491 3806 3519 3861 ‘I
3574 3807 3807 3877 Nequa-

2158 3894 2469 3966 quam,sed
2502 3911 2531 3948 e
2563 3894 2943 3951 diverso.lmo
2975 3915 3106 3967 qua;
3121 3897 3293 3968 juxta
3314 3895 3604 3952 mundum
3623 3896 3806 3952 stulta

2158 3990 2327 4040 erant
2341 3990 2399 4039 et
2413 3985 2736 4043 imbecillia
2749 3986 3114 4059 acignobilia
3133 3993 3591 4060 contemptaque
3610 3987 3807 4061 elegit:

2160 4091 2376 4147 nempe
2395 4076 2667 4131 homines
2688 4076 3013 4148 piscatores
3042 4094 3334 4150 pauperes
3379 4096 3446 4135 ac
3468 4080 3809 4135 illitteratos

2163 4169 2220 4218 et
2244 4181 2351 4236 per
2380 4164 2515 4221 illos
2536 4166 2903 4222 vocationem
2926 4168 3122 4224 effecit
3144 4169 3414 4224 omnium
3439 4174 3719 4236 vestrum,
3750 4174 3808 4223 et

2165 4254 2523 4325 sapientium
2546 4255 3048 4327 etinsipientium,
3065 4258 3811 4331 etpauperum,etdivitum

2165 4347 2224 4397 et
2244 4342 2631 4400 imbecillium
2660 4351 2715 4401 et
2736 4346 3140 4414 robustorum,
3174 4348 3554 4421 etpudefecit
3583 4347 3814 4403 nobiles

2164 4433 2444 4489 robustos
2465 4451 2531 4490 ac
2550 4435 3041 4507 sapientes.Quod
3056 4438 3217 4494 enim
3233 4438 3320 4494 illi
3357 4443 3582 4494 tentare
3596 4453 3824 4508 nequa-

2170 4540 2349 4595 quam
2371 4524 2498 4580 ausi
2515 4530 2674 4589 sunt,
2709 4542 2923 4599 nempe
2959 4528 3250 4585 mundum
3280 4527 3625 4584 universum
3639 4533 3827 4584 trans-

2167 4615 2851 4683 mutare,hocirnbecillia
2868 4620 3119 4675 etstulta
3130 4620 3431 4675 manifeste
3450 4623 3831 4691 peregerunt-

2178 4715 2390 4764 Annon
2422 4723 2490 4761 ex
2522 4723 2590 4762 eo
2630 4707 2925 4778 pudefacti
2983 4713 3122 4765 sunt
3180 4709 3281 4780 qui
3342 4709 3640 4781 sapientes
3699 4725 3829 4766 esse

2176 4795 2530 4852 videbantur
2558 4812 2625 4851 ac
2652 4802 2923 4868 potentes
2940 4798 3192 4853 ?Annon
3223 4803 3423 4870 aperte
3457 4797 3833 4854 demonstra-

2180 4892 2306 4943 tum
2329 4892 2417 4943 est
2434 4885 2592 4957 quod
2615 4886 2862 4943 stultum
2886 4905 2953 4944 ac
2985 4889 3283 4945 imbecille
3306 4890 3408 4945 Dei
3425 4888 3751 4962 sapientius
3766 4906 3832 4946 ac

2181 4976 2482 5031 robustius
2515 4975 2593 5030 sit
2638 4975 3031 5033 hominibus?
3078 4978 3230 5034 428
3278 4979 3510 5035 Etenim
3544 4995 3678 5035 cum
3737 4979 3831 5035 in-

2181 5066 2417 5123 numeri
2448 5070 2781 5122 tentassent
2811 5068 3025 5124 Christi
3058 5087 3280 5126 nomen
3311 5071 3837 5145 exstinguere,non

2184 5157 2352 5214 modo
2384 5173 2505 5210 non
2533 5157 2891 5214 exstinctum
2917 5161 3137 5229 est,sed
3165 5166 3222 5217 et
3251 5162 3424 5218 ﬂoret
3449 5162 3707 5234 amplius
3730 5178 3837 5234 per

2186 5262 2442 5308 crucem,
2478 5262 2609 5316 quae
2640 5263 2777 5302 cum
2810 5247 3191 5306 imbecillitas
3223 5268 3351 5307 esse
3383 5251 3707 5317 videretur,
3738 5267 3838 5304 ro-

2186 5340 2392 5395 bustos
2425 5337 2659 5394 devicit.
2691 5342 2967 5398 —Aliud.
3028 5344 3155 5398 Non
3210 5343 3406 5400 solum
3464 5344 3605 5416 quia
3645 5342 3843 5398 omnis

2188 5432 2450 5486 humana
2477 5428 2878 5504 intelligentia
2911 5449 3076 5488 error
3116 5434 3357 5506 quidam
3386 5440 3495 5500 est,
3530 5433 3577 5490 si
3637 5433 3710 5489 ad
3744 5433 3851 5487 llr-

2187 5520 2457 5576 mitatem
2482 5535 2549 5575 ac
2580 5519 3065 5579 immobilitatem
3088 5522 3423 5579 divinarum
3456 5527 3513 5578 et
3532 5520 3846 5593 perfectis-

2191 5610 2482 5666 simarum
2513 5608 3052 5684 intelligentiarum
3112 5613 3493 5678 conferatur;
3555 5608 3659 5664 sed
3689 5605 3850 5677 quod

2192 5701 2371 5761 etiam
2400 5700 2695 5762 familiare
2727 5703 2805 5762 sit
2829 5701 3119 5776 theologis
3149 5701 3225 5760 ad
3262 5697 3621 5760 obviandum
3645 5697 3855 5756 huma-
