4198 6200
469 339 588 403 655

1592 330 2008 393 (ECUMENII
2052 328 2356 392 TBICCJE
2404 330 2755 397 EPISCOPI

3757 338 3882 398 656

470 478 565 533 nis
588 470 914 533 alTectibus,
949 467 1022 524 de
1080 470 1197 526 Deo
1246 485 1354 539 per
1381 469 1663 541 privativa
1695 467 1880 525 effari.
1920 468 2013 524 Sic
2063 472 2109 524 et

2233 471 2537 544 στερήσεως
2614 469 2971 549 ἅποφάσκειν.
3047 473 3207 530 Οὕτω
3264 472 3355 528 καὶ
3407 472 3659 550 ἀόρατον,
3721 476 3878 553 φησὶ,

472 563 711 620 oracula
740 561 947 615 dicunt
976 558 1678 630 invisibilelumen,quod
1706 565 1901 615 tamen
1924 558 2127 614 omnia

470 652 766 706 illustrat:
801 655 859 705 et
882 647 1252 704 multimodis
1300 649 1608 705 laudatum
1638 655 1816 721 atque
1848 646 2127 703 nomina-

470 749 615 804 tum,
651 738 1017 795 ineffabilem
1077 739 1303 805 dicunt,
1363 741 1727 811 nomineque
1785 753 2032 806 carere;
2067 741 2127 793 et

470 847 604 888 eum
638 831 739 902 qui
770 829 1051 885 omnibus
1072 846 1332 899 praesens
1360 835 1536 893 est,et
1566 847 1636 885 ex
1653 829 1930 884 omnibus
1946 827 2124 883 rebus

469 921 784 988 invenitur,
845 918 1511 991 iucomprehensibilem
1569 919 1889 992 appellant,
1934 923 1993 973 et
2021 915 2121 988 qui

467 1010 809 1081 investigari
843 1025 961 1064 non
996 1009 1200 1079 possit.

541 1103 807 1168 l,26-29.«
820 1099 1039 1154 Videtis
1053 1099 1212 1154 enim
1229 1099 1592 1155 vocationem
1608 1097 2120 1167 vestram,fratres,

474 1218 494 1244 σ
519 1193 675 1265 quod
692 1208 808 1247 non
831 1188 999 1244 multi
1022 1191 1321 1261 sapientes
1354 1188 1683 1245 secundum
1706 1205 1968 1257 carnem,
2001 1204 2122 1243 non

471 1283 674 1339 «multi
696 1286 964 1353 potentes
982 1295 1118 1334 :non
1136 1279 1305 1333 multi
1324 1278 1782 1345 nobiles,verum
1799 1295 1929 1350 quas
1942 1277 2124 1333 stulta

466 1397 493 1424 ‹‹
513 1372 840 1429 secundum
859 1369 1148 1424 mundum
1167 1372 1335 1423 erant
1352 1368 1571 1440 delegit
1585 1370 1758 1433 Deus,
1792 1373 1857 1423 ut
1874 1366 2119 1439 pudefa-

467 1484 495 1514 ‹‹
527 1466 686 1518 ceret
715 1460 1014 1532 sapientes
1044 1474 1057 1513 :
1085 1464 1294 1529 etquae
1319 1457 1647 1513 secundum
1672 1456 1961 1512 mundum
2008 1457 2123 1510 im-

466 1576 493 1605 ‹‹
511 1554 750 1612 becillia
776 1556 947 1608 erant
980 1550 1465 1622 delegitDeus,ut
1495 1567 1564 1607 ea
1590 1549 2119 1622 pudet’aceretqum

466 1667 494 1694 ‹‹
526 1644 771 1700 robusta
799 1646 940 1698 sunt
974 1657 986 1695 :
1020 1645 1079 1697 et
1108 1657 1238 1712 quae
1265 1640 1597 1696 secundum
1637 1638 1928 1695 mundum
1950 1638 2119 1710 igno-

470 1759 498 1787 «
531 1735 675 1791 bilia
696 1737 865 1789 erant
897 1737 954 1787 et
985 1736 1325 1803 contempta
1356 1730 1576 1804 delegit
1607 1732 1781 1800 Deus,
1800 1735 1859 1785 et
1890 1746 1957 1785 ea
1988 1744 2119 1801 qum

467 1847 493 1881 α
529 1843 651 1882 non
684 1828 946 1890 erant,ut
976 1838 1045 1878 ea
1073 1838 1204 1893 quas
1237 1826 1377 1877 sunt
1400 1821 1766 1888 obscuraret,
1800 1836 1875 1875 ne
1895 1818 2114 1891 gloria-
2145 1863 2192 1928 Β

468 1938 495 1965 ‹‹
529 1921 692 1971 retur
721 1913 845 1968 ulla
873 1929 1010 1968 caro
1045 1928 1243 1967 coram
1273 1912 1421 1983 ipso.
1447 1930 1472 1963 ι

537 2004 939 2069 Considerate,
975 2002 1187 2073 inquit,
1221 2007 1280 2057 et
1335 2000 1622 2056 attendite
1674 2006 1895 2072 quanta
1924 2003 2118 2072 potest

462 2096 709 2164 vocatio,
742 2108 873 2166 quin
905 2092 1101 2147 effecit
1148 2096 1213 2146 ut
1244 2090 1441 2146 idiota:
1501 2090 1645 2145 adeo
1705 2089 1997 2161 sapientia
2028 2088 2115 2143 di-

463 2190 698 2243 scerent
728 2184 1021 2256 dogmata.
1059 2203 1086 2231 ‹‹
1119 2180 1283 2246 Quod
1318 2196 1440 2236 non
1470 2179 1641 2235 multi
1668 2180 2026 2250 sapientes.»
2050 2177 2115 2232 In

460 2278 613 2333 hanc
642 2274 1011 2330 vocationem
1046 2275 1099 2326 et
1133 2271 1313 2326 ﬁnem
1346 2287 1466 2324 non
1497 2274 1789 2325 venerunt
1824 2269 1995 2324 multi
2012 2284 2115 2323 sa-

461 2365 715 2440 pieutes.
767 2363 1165 2418 Additautem
1199 2359 1394 2415 multi.
1429 2361 1567 2430 quia
1599 2358 1878 2415 nonnulli
1936 2358 2114 2413 etiam

460 2457 761 2529 sapientes
790 2452 1188 2514 crediderant,
1222 2456 1290 2505 ut
1328 2449 1699 2522 AreoPagita.
1744 2448 2116 2520 Anthypatus

462 2565 531 2606 ac
562 2546 693 2603 alii:
714 2551 773 2600 et
793 2544 1035 2599 oblianc
1050 2556 1289 2596 causam
1313 2539 1530 2611 ubique
1549 2538 1859 2595 additurm
1891 2538 2107 2605 Multi,n

465 2637 606 2709 quia
628 2641 800 2693 erant
821 2641 879 2690 et
909 2631 1151 2705 quidam
1186 2637 1457 2703 potentes
1488 2646 1554 2685 ac
1585 2629 1868 2701 praeclaro
1898 2644 2113 2702 genere

464 2727 579 2782 orti
613 2726 713 2798 qui
745 2723 1141 2780 crediderant.
1181 2744 1199 2769 ι
1232 2719 1569 2776 Secundum
1597 2734 1859 2775 carnem.
1886 2742 1912 2767 ››
1943 2720 2114 2773 Juxta

467 2817 525 2873 id
557 2815 714 2889 quod
749 2818 1015 2886 apparet,
1049 2809 1377 2867 secundum
1428 2816 1783 2882 praesentem
1824 2809 1999 2864 vitam
2055 2811 2114 2864 et

463 2913 772 2963 externam
787 2900 1281 2958 eruditionem.Hi
1305 2900 1468 2955 enim
1492 2899 1743 2954 maxime
1766 2897 1930 2954 stulti
1948 2902 2108 2968 sunt,

460 2997 562 3068 qui
596 2995 706 3052 sibi
735 2992 880 3066 ipsis
911 2995 1341 3065 persuaserunt
1360 2988 1519 3062 quod
1551 2993 1749 3045 essent
1770 2988 2069 3060 sapientes
2095 3004 2108 3042 :

456 3087 709 3157 ideoque
733 3082 1074 3138 difﬁcillimi
1107 3086 1246 3136 sunt
1304 3098 1339 3136 a
1391 3080 1513 3135 suis
1571 3079 1743 3134 avelli
1795 3076 2106 3150 dogmatis.

455 3196 484 3225 ‹‹
516 3175 643 3228 Non
677 3171 847 3226 multi
879 3175 1174 3241 potentes.
1202 3191 1229 3218 ››
1253 3166 1554 3238 Siquidem
1580 3171 1851 3237 potentes
1868 3181 1936 3220 ac
1955 3182 2103 3236 prm-

2226 560 2293 612 τὰ
2324 556 2486 635 λόγια
2541 562 2604 617 τὸ
2665 563 2916 641 παμφαὲς
2975 567 3109 642 φῶς,
3166 563 3259 618 καὶ
3311 562 3404 618 τὸν
3466 561 3879 638 τολυύμνητον,

2226 648 2317 703 καὶ
2385 652 2777 725 πολυώνυμον,
2833 651 3074 729 ἄῤῥητον
3130 652 3220 708 καὶ
3277 652 3574 726 δνώνυμον,
3636 654 3723 710 καὶ
3783 655 3876 710 τὸν

2228 744 2359 794 πᾶσι
2393 741 2634 817 παρόντα
2679 743 2770 797 καὶ
2829 740 2889 798 ἐκ
2939 742 3150 798 πάντων
3203 742 3615 821 εὑρισκόμενον,
3675 745 3876 801 ἀκατά-

2228 824 2439 900 ληπτον
2473 832 2560 886 καὶ
2591 830 3015 912 ἀνεξιχνίαστον.

2299 935 2536 994 Βλέπετε
2560 938 2659 1011 γὰρ
2711 940 2811 1010 τὴν
2865 936 3068 1010 κλῆσιν
3128 938 3308 1012 ὑμῶν,
3364 936 3613 1018 ἀδελφοὶ,
3670 941 3753 997 ὅτι
3811 940 3872 997 οὐ

2224 1023 2430 1081 πολλοὶ
2502 1027 2658 1108 σοφοὶ
2725 1028 2864 1084 κατὰ
2929 1031 3118 1099 σάρκα,
3210 1029 3271 1085 οὐ
3361 1026 3562 1087 πολλοὶ
3634 1027 3873 1101 δυνατοὶ,

2226 1112 2287 1168 οὐ
2350 1111 2560 1171 πολλοὶ
2621 1115 2877 1191 εὐγενεῖς,
2964 1114 3108 1173 ἀλλὰ
3162 1120 3232 1173 τὰ
3291 1118 3449 1193 μωρὰ
3495 1121 3594 1175 τοῦ
3664 1118 3873 1192 κόσμου

2225 1200 2501 1275 ἐξελέξατο
2561 1205 2589 1260 6
2651 1206 2802 1277 Θεὸς,
2858 1203 2952 1262 ’ίνα
3017 1206 3355 1283 καταισχύνῃ
3440 1208 3567 1271 τοὺς
3652 1210 3873 1288 σοςςοὺς,

2222 1292 2314 1348 καὶ
2372 1293 2439 1349 τὰ
2516 1294 2712 1366 ἀσθενῆ
2771 1301 2868 1352 τοῦ
2925 1296 3137 1372 κόσμου
3193 1295 3466 1371 ἐξελέξατο
3523 1298 3553 1354 6
3598 1298 3729 1363 Θεὸς
3781 1297 3874 1354 ’ἕνα

2224 1385 2558 1460 καταισχύνῃ
2598 1385 2665 1440 τὰ
2722 1385 2945 1463 ἰσχυρά.
3008 1388 3115 1444 Καὶ
3172 1389 3238 1443 τὰ
3296 1389 3454 1463 ἀγενῆ
3512 1393 3609 1444 τοῦ
3665 1389 3873 1464 κόσμου

2224 1473 2310 1527 καὶ
2345 1472 2413 1528 τὰ
2443 1473 2832 1550 ἐξουθενημένα
2860 1473 3135 1550 ἐξελέξατο
3166 1477 3195 1531 6
3227 1477 3381 1545 Θεὸς,
3410 1476 3500 1533 καῖ
3528 1479 3593 1533 τὰ
3619 1480 3693 1553 μὴ
3724 1475 3871 1551 ὄντα,

2222 1561 2312 1618 ἳνα
2340 1564 2409 1619 τὰ
2438 1559 2566 1620 ὄντα
2595 1568 2940 1643 καταργήσῃ,
2997 1567 3148 1631 ὅπως
3203 1568 3277 1642 μὴ
3332 1570 3682 1643 καυχήσηται
3730 1576 3873 1625 πᾶσα

2225 1652 2352 1729 σὰρξ
2384 1651 2617 1711 ἐνώπιον
2643 1656 2831 1715 αὐτοῦ.

2301 1993 2713 2070 Ἐπισκέψασθε,
2792 1996 2947 2074 φησί,
3023 2001 3344 2077 προσὲγετε,
3438 2005 3557 2063 πῶς
3654 2002 3871 2080 μεγάλα

2226 2078 2445 2140 δύναται
2475 2085 2510 2155 ἡ
2542 2083 2761 2157 κλῆσις,
2794 2085 2879 2142 δτι
2938 2083 3183 2159 ἰδιώτας,
3238 2088 3381 2145 οὕτω
3426 2091 3565 2171 σοφᾶ
3624 2078 3870 2169 δόγματα

2227 2177 2414 2245 μαθεῖν
2444 2175 2858 2251 παρεσκεύασεν.
2896 2200 2918 2227 ι
2950 2178 3068 2233 Ὅτι
3101 2178 3166 2233 οὐ
3221 2176 3428 2235 πολλοὶ
3488 2181 3668 2259 σοφοί.
3701 2204 3729 2236 ι
3780 2185 3865 2241 Ἐν

2221 2266 2290 2337 τῇ
2319 2262 2514 2337 κλήσει
2543 2264 2713 2341 ταύτῃ
2765 2265 2855 2322 καὶ
2909 2270 2979 2340 τῇ
3036 2266 3236 2337 πίστει,
3294 2270 3479 2342 φησὶν,
3538 2270 3642 2326 οὐκ
3694 2270 3865 2342 ἦλθον

2223 2351 2426 2409 πολλοὶ
2459 2354 2637 2433 σοφοί.
2672 2354 2978 2432 Προσέθηκε
3009 2353 3066 2412 δὲ
3089 2358 3152 2412 τὸ
3185 2356 3413 2428 πολλοὲ,
3454 2360 3538 2415 ὅτι
3589 2361 3725 2430 ἦσαν
3776 2362 3869 2418 καὶ

2223 2441 2384 2518 σοφοί
2441 2464 2585 2506 τινες
2659 2444 3056 2514 πιστεύσαντες,
3118 2446 3233 2503 οἷον
3292 2448 3320 2503 ὁ
3380 2451 3799 2526 Ἀρεοπαγίτης,
3840 2453 3868 2508 6

2222 2531 2576 2605 Ἀνθύπατος,
2628 2534 2718 2589 καὶ
2767 2534 2965 2610 ἕτεροι.
3028 2535 3129 2592 Καὶ
3182 2541 3464 2613 πανταχοῦ
3514 2539 3599 2608 τὸ,
3660 2566 3687 2592 ‹‹
3723 2539 3869 2598 ΙΙολ-

2221 2618 2335 2690 λοί,
2372 2645 2400 2673 ››
2431 2618 2522 2677 διὰ
2548 2628 2709 2678 τοῦτο
2758 2624 3096 2700 πρόσκειται,
3147 2626 3231 2680 ὅτι
3279 2626 3413 2696 ἦσαν
3464 2648 3605 2691 τινες
3656 2626 3870 2686 δυνατοῖ

2218 2709 2310 2764 καὶ
2364 2709 2594 2787 εὐγενεῖς
2648 2714 3039 2777 πιστεύσαντες.
3097 2738 3126 2769 ‹‹
3188 2716 3342 2771 Κατὰ
3399 2716 3590 2791 σάρκα.
3627 2742 3655 2769 ››
3724 2719 3874 2776 Κατᾶ

2217 2800 2279 2854 τὸ
2336 2801 2683 2878 φαινόμενον,
2742 2803 2880 2858 κατὰ
2934 2804 3026 2859 τὸν
3086 2804 3324 2871 παρόντα
3409 2806 3552 2880 βίον,
3624 2807 3716 2862 καί
3772 2810 3871 2879 τὴν

2218 2885 2408 2958 ἔξωθεν
2463 2887 2761 2949 παίδευσιν.
2846 2893 3011 2950 Οὗτοι
3092 2895 3195 2969 γὰρ
3254 2891 3493 2968 μάλιστα
3556 2897 3757 2973 μωροὶ,
3818 2900 3870 2954 οἱ

2218 2980 2637 3044 πεπιστευκότες
2670 2982 2885 3043 ἑαυτοῖς
2932 2983 3016 3038 δτι
3071 2981 3176 3037 εἰσὶ
3224 2984 3402 3063 σοφοί.
3459 2984 3553 3040 Διό
3599 2987 3689 3041 καὶ
3740 2983 3871 3043 δυσ-

2217 3069 2580 3132 αποσπάστως
2641 3068 2834 3146 ἔχουσι
2879 3072 3015 3147 πρὸς
3069 3073 3135 3128 τὰ
3191 3070 3306 3128 iam:
3364 3071 3635 3150 δόγματα.
3701 3101 3723 3127 ι
3785 3078 3866 3135 Οὐ

2214 3157 2421 3215 πολλοὶ
2454 3157 2690 3218 δυνατοί.
2728 3184 2755 3212 ››
2788 3160 2886 3215 Καὶ
2910 3161 3013 3237 γὰρ
3045 3163 3097 3216 οἱ
3130 3159 3344 3218 δυνατοὶ
3374 3163 3466 3218 καὶ
3500 3164 3553 3218 οἰ
3611 3163 3864 3239 εὐγενεῖς,

454 3263 613 3318 claro
644 3262 769 3315 nati
799 3234 1196 3331 genere,fastu
1230 3234 1388 3329 pleni
1423 3273 1436 3310 :
1468 3256 1555 3312 illi
1582 3234 1831 3326 quidem
1860 3234 2099 3328 propter

2214 3249 2384 3325 τύφου
2413 3249 2865 3327 πεπληρωμένοι,
2899 3234 2951 3307 οἰ
2981 3251 3076 3325 μὲν
3106 3249 3195 3307 δια
3231 3252 3325 3308 τὸν
3386 3252 3652 3324 πλοῦτον,
3684 3234 3753 3309 ὀἰ
3808 3234 3866 3311 δὲ

455 3348 790 3415 divitias,hi
821 3354 1019 3402 autem
1051 3352 1294 3418 propter
1323 3361 1530 3417 genus.
1562 3345 1789 3416 seipsos
1819 3360 1854 3398 a
1884 3345 1985 3400 Dei
2008 3361 2109 3400 co-

455 3438 718 3513 gnitione
746 3441 1042 3507 separant,
1068 3451 1174 3491 nec
1206 3435 1411 3489 volunt
1449 3433 2108 3506 praasentiadespicere.

531 3527 696 3583 «Sed
738 3542 868 3597 qua)
921 3525 1103 3579 stulta
1159 3528 1299 3578 sunt
1356 3521 1682 3578 secundum
1732 3522 2044 3579 mundum.
2079 3543 2109 3574 »

436 3617 615 3675 *429
647 3616 876 3688 Ubique
908 3614 1131 3686 rejecta
1160 3629 1226 3668 ac
1259 3611 1395 3667 vilia
1424 3612 1670 3684 accepit,
1720 3617 1788 3667 ut
1835 3616 2109 3683 potentes

462 3706 804 3764 incredulos
820 3703 1372 3777 pudefaccret.Cum
1390 3709 1592 3757 autem
1614 3699 2105 3774 audis«Delegit,»

462 3814 536 3853 ne
572 3794 892 3868 suspiceris
921 3792 1078 3866 quod
1113 3792 1267 3848 Deus
1300 3808 1448 3863 opus
1487 3789 1765 3846 habuerit
1816 3806 2106 3862 pauperes

462 3904 785 3953 assumere,
802 3890 1073 3957 potentes
1096 3900 1230 3938 vero
1259 3880 1681 3953 repellere,sed
1705 3880 1861 3951 quod
1891 3880 2105 3953 abjecti

458 3979 849 4032 accurrerunt
877 3974 1066 4046 magis
1092 3972 1167 4028 ad
1195 3971 1394 4028 ﬁdem.
1429 3971 1534 4037 Qui
1571 3971 1730 4026 enim
1757 3970 1815 4025 in
1833 3975 2106 4042 potenta-

458 4066 616 4121 tibus
648 4070 818 4121 erant
849 4070 907 4119 et
924 4062 1482 4135 sapientia,seipsos
1505 4060 2105 4129 abstraxerunt,indi~

452 4170 634 4228 gnum
667 4153 952 4209 ducentes
976 4151 1133 4224 quod
1193 4151 1265 4207 ab
1324 4148 1524 4206 idiotis
1575 4148 1876 4205 discerent
1907 4167 1921 4221 ;
1950 4151 2104 4206 Deus

452 4260 710 4315 namque
741 4258 949 4298 omnes
983 4241 1175 4298 salvos
1191 4239 1319 4296 ﬁeri
1351 4238 1696 4311 cupiebat.»
1722 4239 2104 4311 Utsapientes

446 4334 851 4405 pudefaceret.
897 4355 926 4382 ››
959 4332 1103 4387 Cum
1135 4335 1333 4386 autem
1363 4329 1585 4400 ubique
1616 4327 1809 4396 audis,
1835 4352 1861 4379 «
1913 4328 2105 4385 Pude-

444 4421 687 4487 faceret,
724 4442 751 4470 ››
785 4420 856 4475 de
887 4420 1006 4475 illis
1038 4418 1306 4491 intellige
1341 4417 1441 4488 qui
1474 4417 1535 4472 in
1568 4419 1810 4489 propria
1842 4416 2107 4473 ﬁdebant

448 4509 743 4581 sapientia
773 4526 840 4564 ac
870 4508 1111 4572 divitiis,
1145 4522 1255 4562 nec
1303 4504 1700 4561 crediderant.
1755 4506 1889 4560 Ηωο
1942 4507 2102 4561 enim

2220 3336 2309 3395 διὰ
2362 3341 2425 3396 τὸ
2481 3340 2659 3416 γὲιος,
2706 3338 3012 3411 ἐξέλκουσιν
3067 3341 3288 3406 ἑαυτοὺς
3353 3347 3452 3410 τῆς
3512 3343 3862 3419 θεογνωσίατ,

2215 3429 2305 3485 καὶ
2337 3429 2443 3507 οὐχ
2473 3432 2752 3500 αἱροῦνται
2779 3436 2888 3487 τῶν
2921 3432 3203 3507 παρόντων
3234 3439 3615 3510 καταφρονεῖν.

2291 3541 2315 3573 α
2346 3517 2525 3576 Ἀλλᾶ
2550 3521 2618 3576 τὰ
2674 3521 2832 3597 μωρὰ
2885 3524 2984 3577 τοῦ
3049 3520 3282 3595 κόσμου.
3329 3544 3356 3576 ι
3424 3522 3527 3580 Καὶ
3578 3528 3863 3599 πανταχοῦ

2213 3608 2281 3663 τὰ
2336 3607 2658 3683 ἆποϐὁλιμα
2708 3610 2798 3665 καὶ
2880 3610 2949 3666 τὰ
3029 3610 3221 3681 εὐτελῆ
3304 3607 3697 3687 προσελάϐετο,
3770 3610 3866 3669 ’ίνα

2212 3697 2340 3761 τοὺς
2401 3695 2660 3763 δυνατοὺς
2744 3700 3004 3761 ἀπίστους
3059 3701 3420 3778 καταισχύνῃ.
3480 3704 3724 3760 Ἀκούων
3783 3699 3862 3772 δέ,

2216 3813 2245 3841 ‹‹
2279 3785 2610 3861 Ἐξελέξατο,
2636 3813 2664 3842 ››
2699 3790 2774 3865 μή
2808 3794 2972 3845 τοῦτο
3005 3789 3351 3866 ὑποπτεύσῃς
3382 3793 3466 3848 ὅτι
3497 3789 3659 3869 ἔργον
3704 3791 3860 3868 ἔσχεν

2216 3876 2244 3930 ὁ
2278 3877 2429 3947 Θεὸς;
2460 3877 2588 3940 τοὺς
2620 3878 2714 3952 μὲν
2751 3880 3012 3954 πτωχοὺς
3065 3874 3276 3949 λαϐεῖν,
3321 3879 3448 3944 τοὺς
3495 3877 3553 3935 δὲ
3600 3878 3861 3944 δυνάστας

2216 3966 2555 4037 ἀπώσασθαι,
2589 3966 2717 4024 ἀλλ’
2756 3967 2838 4024 ὅτι
2888 3969 2942 4023 οἱ
3000 3968 3237 4032 εὐτελεῖς
3287 3967 3665 4046 προσέδραμον
3713 3967 3861 4043 μᾶλ-

2214 4053 2310 4110 λον
2343 4059 2411 4131 τῇ
2441 4055 2640 4112 πίστει.
2693 4058 2756 4111 Οἱ
2806 4053 2864 4113 δὲ
2922 4056 2973 4114 ἐν
3036 4056 3369 4123 δυναστείαις
3421 4058 3570 4122 ὄντες
3624 4059 3714 4114 καὶ
3773 4080 3865 4116 σο·-

2213 4144 2310 4219 φίᾳ
2406 4146 2627 4208 ἑαυτοὺς
2703 4146 3111 4223 ἀπεσχοίνισαν,
3212 4147 3610 4219 ἀπαξιώσαντες
3711 4150 3860 4224 παρὰ

2213 4233 2446 4291 ἰδιωτῶν
2482 4238 2694 4310 μαθεῖν,
2727 4237 2802 4300 ὡς
2833 4237 2863 4292 ὅ
2892 4257 2950 4313 γε
3009 4238 3139 4301 Θεὸς
3187 4240 3391 4301 πάντας
3443 4236 3610 4309 ἤθελε
3665 4242 3857 4298 σῶσαι.

2211 4349 2239 4377 ‹‹
2272 4326 2383 4382 Ἵνα
2407 4324 2536 4388 τοὺς
2558 4324 2756 4405 σοφοὺς
2788 4327 3151 4403 καταισχύνῃ.
3185 4354 3207 4383 ι
3242 4363 3314 4372 -
3335 4353 3361 4380 «
3386 4349 3720 4405 καταισχννῃ
3745 4352 3773 4380 )›
3801 4326 3862 4383 δὲ

2208 4419 2491 4490 πανταχοῦ
2556 4416 2761 4488 ἀκούω,
2818 4418 2942 4492 περὶ
3003 4417 3222 4473 ἐκείνων
3309 4418 3418 4474 νόει
3496 4422 3606 4473 τῶν
3687 4418 3862 4490 οἰκείᾳ

2210 4506 2374 4584 σοφίᾳ
2392 4505 2482 4560 καὶ
2510 4502 2737 4579 πλούτῳ
2767 4507 3131 4576 πεποιθότων,
3171 4507 3265 4562 καὶ
3300 4508 3375 4581 μή
3433 4507 3859 4565 πιστευσάντων.

442 4599 704 4655 maxima
733 4597 946 4654 Christi
979 4594 1221 4652 victoria
1243 4598 1332 4649 est
1352 4610 1459 4665 per
1480 4593 1692 4649 stultos
1722 4593 1839 4648 sive
1882 4593 2096 4651 idiotas

2214 4594 2364 4668 Αὕτη
2397 4597 2501 4672 γὰρ
2544 4597 2666 4675 νίκη
2732 4596 2961 4674 μεγίστη
3018 4603 3117 4654 τοῦ
3170 4602 3427 4673 Χριστοῦ,
3483 4604 3547 4654 τὸ
3608 4596 3698 4654 διὰ
3748 4602 3857 4655 τῶν

444 4685 755 4743 devincere
787 4688 1086 4759 sapientes
1118 4702 1186 4741 ac
1226 4682 1599 4757 pudefacere.
1660 4682 1947 4738 Maximus
1997 4700 2093 4739 sa-

439 4775 713 4846 pientum
746 4776 937 4848 pudor
964 4771 2096 4846 estquodidiotisinferioresinvenian-

439 4868 622 4918 tur:et
639 4865 895 4921 maxima
910 4866 1151 4937 quidem
1166 4862 1380 4920 Christi
1397 4860 1641 4917 victoria
1660 4867 1750 4916 est
1763 4878 1869 4934 per
1883 4862 2095 4918 stultos

441 4970 725 5025 superare
753 4958 1070 5027 sapientes.
1103 4979 1122 5006 ι
1157 4957 1294 5021 Quae
1326 4953 1571 5009 robusta
1602 4957 1758 5007 sunt.
1777 4973 1805 5002 ››
1836 4953 1955 5008 Hoc
1986 4957 2093 5021 est,

440 5043 912 5100 intumescentes
935 5045 1007 5100 ob
1040 5045 1367 5117 potentiam
1391 5048 1449 5099 et
1478 5040 1847 5098 divitias.«Et
1877 5059 1945 5098 ea
1962 5060 2093 5114 quas

434 5148 559 5187 non
593 5139 782 5188 erant.
821 5156 848 5183 ››
882 5136 961 5190 Ea
994 5151 1114 5190 non
1177 5151 1303 5190 esse
1335 5133 1480 5189 dicit
1511 5148 1643 5203 qua)
1676 5148 1805 5187 esse
1851 5131 2092 5203 quidem

433 5222 878 5287 existimantur,
910 5231 1152 5297 propter
1208 5223 1458 5280 multam
1509 5220 1927 5294 abjectiouem.
1963 5245 1988 5273 (ι
2023 5223 2095 5278 Ut

429 5328 499 5367 ea
531 5330 662 5383 quae
704 5321 843 5370 sunt
887 5316 1252 5372 obscuraret.
1319 5339 1337 5363 ι
1393 5312 1625 5375 Omnia,
1690 5312 1901 5383 inquit,
1954 5312 2094 5368 fecit

427 5402 603 5459 Deus.
642 5421 758 5474 quo
790 5422 891 5461 eos
922 5407 994 5461 ab
1028 5405 1367 5479 arrogantia
1417 5401 1741 5459 cohiberet.
1801 5406 1859 5458 et
1907 5418 1941 5457 a
1999 5402 2089 5458 sui

425 5494 826 5564 reputatione,
863 5515 980 5570 qua
1013 5515 1140 5554 sese
1174 5494 1403 5567 aliquid
1434 5508 1563 5549 esse
1596 5491 2093 5548 existimabantet

423 5599 524 5640 vos
555 5583 748 5641 adhuc
771 5593 1115 5662 arrogantes
1175 5587 1315 5643 estis
1372 5598 1440 5638 ac
1507 5581 1923 5645 intumescitis,
1959 5603 1987 5632 «
2012 5582 2091 5639 Ea

422 5691 555 5746 quae
583 5693 707 5733 non
742 5685 931 5735 erant.
987 5700 1021 5729 ››
1078 5676 1441 5732 Videbantur
1491 5669 1743 5743 apostoli
1802 5688 1925 5728 non
1957 5688 2088 5731 esse

423 5763 751 5838 quidquam
786 5773 989 5840 utpote
1024 5766 1239 5837 abjecti
1275 5761 1496 5821 :Graeci
1553 5774 1689 5815 vero
1744 5775 1875 5814 esse
1923 5761 2087 5817 vide-

2210 4690 2432 4762 μωρῶν,
2456 4684 2581 4757 ἤτοι
2614 4683 2876 4754 ἰδιωτῶν,
2909 4694 3127 4758 νικῆσαι
3157 4687 3284 4751 τοὺς
3340 4687 3539 4764 σοψοῦς
3589 4688 3679 4744 καὶ
3726 4708 3858 4744 κατ-

2206 4780 2483 4851 αισχῦναι.
2543 4776 2787 4854 Μεγίστη
2842 4777 2948 4852 γὰρ
3004 4783 3113 4833 τῶν
3167 4783 3347 4858 σοφῶν
3414 4777 3649 4852 αῗσχύνη
3709 4778 3855 4853 παρὰ

2205 4863 2440 4922 ἰδιωτῶν
2491 4869 2773 4937 ἡττᾶσθαι,
2841 4867 2931 4923 καὶ
3019 4868 3247 4944 μεγίστη
3296 4867 3422 4941 νίκη
3484 4869 3742 4941 Χριστοῦ,
3800 4866 3855 4923 ὲν

2205 4960 2415 5031 μωροῖς
2470 4960 2621 5027 νικᾷν
2680 4955 2806 5019 τοὺς
2863 4958 3082 5034 σοφούς.
3146 4981 3173 5011 (ι
3206 4959 3289 5015 Τὰ
3341 4956 3564 5034 ἰσχυρὰ.
3623 4979 3648 5011 η
3711 4953 3853 5019 Τοὺς

2206 5046 2345 5121 μέγα
2402 5049 2732 5126 φρονοῦντας
2776 5044 2863 5101 ἐπὶ
2923 5043 3146 5120 δυνάμει
3202 5047 3295 5102 καὶ
3353 5044 3604 5119 πλούαῳ.
3671 5068 3696 5100 ι
3748 5045 3851 5102 Καὶ

2198 5135 2265 5190 τὰ
2298 5138 2372 5208 μὴ
2408 5135 2553 5194 ὄντα.
2593 5160 2620 5188 υ
2652 5137 2744 5204 Μή
2779 5133 2907 5192 ὄντα
2932 5136 3111 5206 καλεῖ,
3141 5134 3272 5199 τοὺς
3317 5133 3460 5210 μηδὲ
3510 5136 3646 5191 εἶναι
3694 5154 3854 5206 νομι-

2202 5223 2481 5297 ζομένους,
2515 5221 2606 5279 διὰ
2632 5225 2731 5293 τὴν
2779 5224 2997 5295 πολλὴν
3049 5222 3342 5281 εὐτέλειαν.
3394 5226 3563 5280 «Ἵνα
3613 5224 3682 5280 τὰ
3728 5218 3854 5277 ὄντα

2197 5314 2533 5390 καταργήσῃ.
2570 5339 2595 5365 ››
2659 5314 2854 5377 Πάντα.
2906 5313 3090 5393 φησὶν,
3153 5313 3406 5386 ἐποίησεν
3462 5313 3492 5369 6
3550 5313 3702 5383 Θεὸς,
3759 5308 3853 5364 ἵνα

2197 5401 2376 5477 παῧσϊὶ
2433 5401 2627 5465 αὐτοὺς
2686 5409 2785 5472 τῆς
2868 5402 3208 5474 ἀλαζονείας,
3294 5403 3385 5459 καί
3445 5407 3540 5459 τοῦ
3611 5399 3852 5474 νομίζειν

2198 5492 2421 5556 ἑαυτοὺς
2475 5491 2605 5547 ε’ῗναί
2661 5513 2737 5560 τι,
2791 5493 2882 5548 καὶ
2937 5492 3095 5566 ὑμεῖς
3153 5491 3232 5550 ἔτι
3291 5493 3701 5564 ἀλαζονεῦεσθε,
3758 5487 3853 5545 καὶ

2198 5585 2446 5658 φρονεῖτε
2480 5581 2637 5657 μέγα.
2671 5604 2699 5633 ι(
2737 5581 2830 5650 Μὴ
2861 5578 3007 5637 ὄντα.
3047 5604 3075 5633 ››
3112 5582 3203 5651 Μή
3239 5579 3380 5636 εἷναί
3412 5601 3463 5637 τι
3520 5577 3698 5635 ἐδόκει
3726 5575 3859 5640 τοὺς

2194 5670 2537 5734 ἀποστόΛους
2595 5670 2672 5735 ὡς
2756 5670 3015 5728 εὐτελεῖς.
3084 5672 3251 5731 Ὄντα
3330 5668 3389 5725 δὲ
3470 5665 3649 5725 ἐδόκει
3723 5663 3854 5728 τοὺς

2193 5758 2497 5837 Ἕλληνας,
2555 5760 2632 5827 ὡς
2713 5760 3001 5840 οἰομένους
3081 5760 3222 5818 εἷναί
3276 5780 3354 5835 τι,
3417 5759 3494 5837 μῆ
3555 5753 3715 5825 ὄντας
3767 5752 3848 5815 δέ.
