  <div class='ocr_page' id='page_1' title='image "/cluster/home/n/w/nwhite01/storage/ocr_20150623/118/hvd.32044073502247/334.png"; bbox 0 0 4198 6200; ppageno 0'>
   <div class='ocr_carea' id='block_1_1' title="bbox 367 328 486 391">
    <p class='ocr_par' dir='ltr' id='par_1_1' title="bbox 367 328 486 391">
     <span class='ocr_line' id='line_1_1' title="bbox 367 328 486 391; baseline -0.025 0"><span class='ocrx_word' id='word_1_1' title='bbox 367 328 486 391; x_wconf 71' lang='grc'>657</span> 
     </span>
    </p>
   </div>
   <div class='ocr_carea' id='block_1_2' title="bbox 1335 330 2825 408">
    <p class='ocr_par' dir='ltr' id='par_1_2' title="bbox 1335 330 2825 408">
     <span class='ocr_line' id='line_1_2' title="bbox 1335 330 2825 408; baseline 0.011 -15"><span class='ocrx_word' id='word_1_2' title='bbox 1335 330 1753 395; x_wconf 79' lang='lat' dir='ltr'>COMMENT.</span> <span class='ocrx_word' id='word_1_3' title='bbox 1799 330 1887 395; x_wconf 77' lang='lat' dir='ltr'>IN</span> <span class='ocrx_word' id='word_1_4' title='bbox 1933 332 2192 396; x_wconf 85' lang='lat' dir='ltr'>EPIST.</span> <span class='ocrx_word' id='word_1_5' title='bbox 2238 337 2265 399; x_wconf 91' lang='grc' dir='ltr'>Ι</span> <span class='ocrx_word' id='word_1_6' title='bbox 2309 341 2412 403; x_wconf 81' lang='lat' dir='ltr'>AD</span> <span class='ocrx_word' id='word_1_7' title='bbox 2458 341 2825 408; x_wconf 79' lang='lat' dir='ltr'>CORINTH.</span> 
     </span>
    </p>
   </div>
   <div class='ocr_carea' id='block_1_3' title="bbox 3678 351 3797 411">
    <p class='ocr_par' dir='ltr' id='par_1_3' title="bbox 3678 351 3797 411">
     <span class='ocr_line' id='line_1_3' title="bbox 3678 351 3797 411; baseline 0.017 -2"><span class='ocrx_word' id='word_1_8' title='bbox 3678 351 3797 411; x_wconf 74' lang='lat'>658</span> 
     </span>
    </p>
   </div>
   <div class='ocr_carea' id='block_1_4' title="bbox 370 461 2014 558">
    <p class='ocr_par' dir='ltr' id='par_1_4' title="bbox 370 461 2014 541">
     <span class='ocr_line' id='line_1_4' title="bbox 370 461 2014 541; baseline 0.002 -23"><span class='ocrx_word' id='word_1_9' title='bbox 370 485 403 518; x_wconf 78' lang='grc' dir='ltr'>ιι</span> <span class='ocrx_word' id='word_1_10' title='bbox 433 465 621 527; x_wconf 86' lang='grc' dir='ltr'>Ὅπως</span> <span class='ocrx_word' id='word_1_11' title='bbox 656 461 732 535; x_wconf 79' lang='grc' dir='ltr'>μὴ</span> <span class='ocrx_word' id='word_1_12' title='bbox 781 463 1135 539; x_wconf 76' lang='grc' dir='ltr'>καυχήσηται</span> <span class='ocrx_word' id='word_1_13' title='bbox 1177 467 1321 519; x_wconf 82' lang='grc' dir='ltr'>πᾶσα</span> <span class='ocrx_word' id='word_1_14' title='bbox 1350 463 1477 541; x_wconf 78' lang='grc' dir='ltr'>σὰρξ</span> <span class='ocrx_word' id='word_1_15' title='bbox 1512 464 1748 522; x_wconf 68' lang='grc' dir='ltr'>ἐνώπιον</span> <span class='ocrx_word' id='word_1_16' title='bbox 1777 465 1963 527; x_wconf 81' lang='grc' dir='ltr'>αὐτοῦ.</span> <span class='ocrx_word' id='word_1_17' title='bbox 1996 491 2014 521; x_wconf 64' lang='grc' dir='ltr'><em>κ</em></span> 
     </span>
    </p>
   </div>
   <div class='ocr_carea' id='block_1_5' title="bbox 2129 461 3792 558">
    <p class='ocr_par' dir='ltr' id='par_1_5' title="bbox 2146 471 3792 558">
     <span class='ocr_line' id='line_1_5' title="bbox 2146 471 3792 558; baseline 0.01 -30"><span class='ocrx_word' id='word_1_18' title='bbox 2146 471 2382 547; x_wconf 83' lang='lat' dir='ltr'>bantur,</span> <span class='ocrx_word' id='word_1_19' title='bbox 2413 479 2571 549; x_wconf 89' lang='lat' dir='ltr'>quod</span> <span class='ocrx_word' id='word_1_20' title='bbox 2603 497 2732 538; x_wconf 89' lang='lat' dir='ltr'>sese</span> <span class='ocrx_word' id='word_1_21' title='bbox 2758 482 2988 555; x_wconf 91' lang='lat' dir='ltr'>aliquid</span> <span class='ocrx_word' id='word_1_22' title='bbox 3019 500 3149 539; x_wconf 89' lang='lat' dir='ltr'>esse</span> <span class='ocrx_word' id='word_1_23' title='bbox 3180 483 3634 558; x_wconf 79' lang='lat' dir='ltr'>arbitrarentur,</span> <span class='ocrx_word' id='word_1_24' title='bbox 3658 503 3792 545; x_wconf 89' lang='lat' dir='ltr'>cum</span> 
     </span>
    </p>
   </div>
   <div class='ocr_carea' id='block_1_6' title="bbox 369 549 2031 637">
    <p class='ocr_par' dir='ltr' id='par_1_6' title="bbox 369 549 2031 637">
     <span class='ocr_line' id='line_1_6' title="bbox 369 549 2031 637; baseline 0.003 -29"><span class='ocrx_word' id='word_1_25' title='bbox 369 553 585 611; x_wconf 75' lang='grc' dir='ltr'>Οὐκοῦν</span> <span class='ocrx_word' id='word_1_26' title='bbox 616 549 741 609; x_wconf 72' lang='grc' dir='ltr'>οὐδε</span> <span class='ocrx_word' id='word_1_27' title='bbox 770 553 957 625; x_wconf 72' lang='grc' dir='ltr'>ἡμεῖς,</span> <span class='ocrx_word' id='word_1_28' title='bbox 1015 552 1168 633; x_wconf 62' lang='grc' dir='ltr'>φησὶ,</span> <span class='ocrx_word' id='word_1_29' title='bbox 1226 556 1657 630; x_wconf 71' lang='grc' dir='ltr'>καυχησόμεθας</span> <span class='ocrx_word' id='word_1_30' title='bbox 1692 558 1814 625; x_wconf 81' lang='grc' dir='ltr'>Ναὶ,</span> <span class='ocrx_word' id='word_1_31' title='bbox 1842 560 2031 637; x_wconf 76' lang='grc' dir='ltr'>φησὶν,</span> 
     </span>
    </p>
   </div>
   <div class='ocr_carea' id='block_1_7' title="bbox 371 643 2031 723">
    <p class='ocr_par' dir='ltr' id='par_1_7' title="bbox 371 643 2031 723">
     <span class='ocr_line' id='line_1_7' title="bbox 371 643 2031 723; baseline 0.003 -25"><span class='ocrx_word' id='word_1_32' title='bbox 371 645 525 717; x_wconf 75' lang='grc' dir='ltr'>ὑμεῖς</span> <span class='ocrx_word' id='word_1_33' title='bbox 585 643 637 697; x_wconf 81' lang='grc' dir='ltr'>οἱ</span> <span class='ocrx_word' id='word_1_34' title='bbox 695 643 906 709; x_wconf 75' lang='grc' dir='ltr'>πιστοὶ,</span> <span class='ocrx_word' id='word_1_35' title='bbox 964 646 1275 719; x_wconf 75' lang='grc' dir='ltr'>καυχᾶσθαι</span> <span class='ocrx_word' id='word_1_36' title='bbox 1324 644 1587 722; x_wconf 79' lang='grc' dir='ltr'>ὀφείλετε.</span> <span class='ocrx_word' id='word_1_37' title='bbox 1650 645 1725 705; x_wconf 78' lang='grc' dir='ltr'>Οὐ</span> <span class='ocrx_word' id='word_1_38' title='bbox 1781 647 1883 723; x_wconf 66' lang='grc' dir='ltr'>γὰρ</span> <span class='ocrx_word' id='word_1_39' title='bbox 1913 648 2031 704; x_wconf 76' lang='grc' dir='ltr'>ἐστε</span> 
     </span>
    </p>
   </div>
   <div class='ocr_carea' id='block_1_8' title="bbox 372 732 2026 816">
    <p class='ocr_par' dir='ltr' id='par_1_8' title="bbox 372 732 2026 816">
     <span class='ocr_line' id='line_1_8' title="bbox 372 732 2026 816; baseline 0.003 -27"><span class='ocrx_word' id='word_1_40' title='bbox 372 734 529 809; x_wconf 74' lang='grc' dir='ltr'>ὑμεῖς</span> <span class='ocrx_word' id='word_1_41' title='bbox 589 732 740 808; x_wconf 68' lang='grc' dir='ltr'>σὰρξ,</span> <span class='ocrx_word' id='word_1_42' title='bbox 799 732 928 789; x_wconf 76' lang='grc' dir='ltr'>ἀλλ’</span> <span class='ocrx_word' id='word_1_43' title='bbox 986 734 1036 805; x_wconf 80' lang='grc' dir='ltr'>ἐξ</span> <span class='ocrx_word' id='word_1_44' title='bbox 1095 734 1263 790; x_wconf 79' lang='grc' dir='ltr'>αὐτοῦ</span> <span class='ocrx_word' id='word_1_45' title='bbox 1319 733 1409 790; x_wconf 79' lang='grc' dir='ltr'>διὰ</span> <span class='ocrx_word' id='word_1_46' title='bbox 1465 742 1567 805; x_wconf 79' lang='grc' dir='ltr'>τῆς</span> <span class='ocrx_word' id='word_1_47' title='bbox 1607 736 2026 816; x_wconf 75' lang='grc' dir='ltr'>παλιγγενεσίας</span> 
     </span>
    </p>
   </div>
   <div class='ocr_carea' id='block_1_9' title="bbox 365 822 2026 902">
    <p class='ocr_par' dir='ltr' id='par_1_9' title="bbox 365 822 2026 902">
     <span class='ocr_line' id='line_1_9' title="bbox 365 822 2026 902; baseline 0.002 -23"><span class='ocrx_word' id='word_1_48' title='bbox 365 824 714 901; x_wconf 65' lang='grc' dir='ltr'>ἔγεννήθητε,</span> <span class='ocrx_word' id='word_1_49' title='bbox 770 822 862 879; x_wconf 81' lang='grc' dir='ltr'>καὶ</span> <span class='ocrx_word' id='word_1_50' title='bbox 933 824 1094 899; x_wconf 79' lang='grc' dir='ltr'>σοφοί</span> <span class='ocrx_word' id='word_1_51' title='bbox 1174 823 1314 893; x_wconf 79' lang='grc' dir='ltr'>ἐστε,</span> <span class='ocrx_word' id='word_1_52' title='bbox 1401 823 1529 882; x_wconf 76' lang='grc' dir='ltr'>ἀλλ’</span> <span class='ocrx_word' id='word_1_53' title='bbox 1589 825 1750 882; x_wconf 77' lang='grc' dir='ltr'>αὐτὸν</span> <span class='ocrx_word' id='word_1_54' title='bbox 1808 825 2026 902; x_wconf 81' lang='grc' dir='ltr'>ἔχοντες</span> 
     </span>
    </p>
   </div>
   <div class='ocr_carea' id='block_1_10' title="bbox 365 912 2026 993">
    <p class='ocr_par' dir='ltr' id='par_1_10' title="bbox 365 912 2026 993">
     <span class='ocr_line' id='line_1_10' title="bbox 365 912 2026 993; baseline 0.002 -25"><span class='ocrx_word' id='word_1_55' title='bbox 365 913 578 993; x_wconf 82' lang='grc' dir='ltr'>σοφίαν.</span> <span class='ocrx_word' id='word_1_56' title='bbox 636 914 732 969; x_wconf 88' lang='grc' dir='ltr'>τὸν</span> <span class='ocrx_word' id='word_1_57' title='bbox 791 912 1326 989; x_wconf 75' lang='grc' dir='ltr'>ἀπολυτρωσὰμενον</span> <span class='ocrx_word' id='word_1_58' title='bbox 1384 922 1485 985; x_wconf 76' lang='grc' dir='ltr'>τῆς</span> <span class='ocrx_word' id='word_1_59' title='bbox 1547 914 1887 990; x_wconf 83' lang='grc' dir='ltr'>τυραννίδος,</span> <span class='ocrx_word' id='word_1_60' title='bbox 1935 919 2026 973; x_wconf 85' lang='grc' dir='ltr'>καὶ</span> 
     </span>
    </p>
   </div>
   <div class='ocr_carea' id='block_1_11' title="bbox 367 1000 2029 1083">
    <p class='ocr_par' dir='ltr' id='par_1_11' title="bbox 367 1000 2029 1083">
     <span class='ocr_line' id='line_1_11' title="bbox 367 1000 2029 1083; baseline 0.002 -25"><span class='ocrx_word' id='word_1_61' title='bbox 367 1002 434 1058; x_wconf 82' lang='grc' dir='ltr'>οὗ</span> <span class='ocrx_word' id='word_1_62' title='bbox 468 1002 634 1074; x_wconf 87' lang='grc' dir='ltr'>μόνον</span> <span class='ocrx_word' id='word_1_63' title='bbox 662 1006 847 1070; x_wconf 87' lang='grc' dir='ltr'>τοῦτο,</span> <span class='ocrx_word' id='word_1_64' title='bbox 906 1000 1054 1058; x_wconf 84' lang='grc' dir='ltr'>ἁλλὰ</span> <span class='ocrx_word' id='word_1_65' title='bbox 1110 1004 1201 1060; x_wconf 79' lang='grc' dir='ltr'>καί</span> <span class='ocrx_word' id='word_1_66' title='bbox 1256 1004 1552 1081; x_wconf 79' lang='grc' dir='ltr'>ἆγιάσοντα</span> <span class='ocrx_word' id='word_1_67' title='bbox 1583 1003 1672 1061; x_wconf 83' lang='grc' dir='ltr'>διὰ</span> <span class='ocrx_word' id='word_1_68' title='bbox 1700 1012 1798 1063; x_wconf 88' lang='grc' dir='ltr'>τοῦ</span> <span class='ocrx_word' id='word_1_69' title='bbox 1831 1007 2029 1083; x_wconf 83' lang='grc' dir='ltr'>βαπτί-</span> 
     </span>
    </p>
   </div>
   <div class='ocr_carea' id='block_1_12' title="bbox 365 1090 2026 1165">
    <p class='ocr_par' dir='ltr' id='par_1_12' title="bbox 365 1090 2026 1165">
     <span class='ocr_line' id='line_1_12' title="bbox 365 1090 2026 1165; baseline 0.004 -19"><span class='ocrx_word' id='word_1_70' title='bbox 365 1113 592 1165; x_wconf 80' lang='grc' dir='ltr'>σματος,</span> <span class='ocrx_word' id='word_1_71' title='bbox 650 1091 743 1147; x_wconf 86' lang='grc' dir='ltr'>καὶ</span> <span class='ocrx_word' id='word_1_72' title='bbox 800 1090 862 1147; x_wconf 85' lang='grc' dir='ltr'>οὖ</span> <span class='ocrx_word' id='word_1_73' title='bbox 926 1093 1090 1165; x_wconf 69' lang='grc' dir='ltr'>μόνον</span> <span class='ocrx_word' id='word_1_74' title='bbox 1149 1098 1333 1164; x_wconf 86' lang='grc' dir='ltr'>τοῦτο,</span> <span class='ocrx_word' id='word_1_75' title='bbox 1366 1092 1511 1151; x_wconf 83' lang='grc' dir='ltr'>ἀλλὰ</span> <span class='ocrx_word' id='word_1_76' title='bbox 1541 1098 1630 1151; x_wconf 78' lang='grc' dir='ltr'>καὶ</span> <span class='ocrx_word' id='word_1_77' title='bbox 1664 1092 2026 1154; x_wconf 82' lang='grc' dir='ltr'>δικαιώσαντα</span> 
     </span>
    </p>
   </div>
   <div class='ocr_carea' id='block_1_13' title="bbox 366 1177 2022 1262">
    <p class='ocr_par' dir='ltr' id='par_1_13' title="bbox 366 1177 2022 1262">
     <span class='ocr_line' id='line_1_13' title="bbox 366 1177 2022 1262; baseline 0.003 -27"><span class='ocrx_word' id='word_1_78' title='bbox 366 1177 456 1235; x_wconf 78' lang='grc' dir='ltr'>διὰ</span> <span class='ocrx_word' id='word_1_79' title='bbox 513 1178 896 1260; x_wconf 70' lang='grc' dir='ltr'>χαρισμάτων.</span> <span class='ocrx_word' id='word_1_80' title='bbox 956 1181 1146 1253; x_wconf 82' lang='grc' dir='ltr'>Ἡμεῖς</span> <span class='ocrx_word' id='word_1_81' title='bbox 1201 1181 1297 1236; x_wconf 78' lang='grc' dir='ltr'>οὖν</span> <span class='ocrx_word' id='word_1_82' title='bbox 1358 1179 1448 1238; x_wconf 75' lang='grc' dir='ltr'>διὰ</span> <span class='ocrx_word' id='word_1_83' title='bbox 1502 1186 1670 1239; x_wconf 85' lang='grc' dir='ltr'>ταῦτα</span> <span class='ocrx_word' id='word_1_84' title='bbox 1726 1182 2022 1262; x_wconf 78' lang='grc' dir='ltr'>ὀφείλομεν</span> 
     </span>
    </p>
   </div>
   <div class='ocr_carea' id='block_1_14' title="bbox 361 1267 2022 1349">
    <p class='ocr_par' dir='ltr' id='par_1_14' title="bbox 361 1267 2022 1349">
     <span class='ocr_line' id='line_1_14' title="bbox 361 1267 2022 1349; baseline 0.001 -23"><span class='ocrx_word' id='word_1_85' title='bbox 361 1274 694 1344; x_wconf 71' lang='grc' dir='ltr'>καυχᾶσθαι,</span> <span class='ocrx_word' id='word_1_86' title='bbox 745 1272 1054 1346; x_wconf 78' lang='grc' dir='ltr'>καυχᾶσθαι</span> <span class='ocrx_word' id='word_1_87' title='bbox 1108 1267 1185 1340; x_wconf 75' lang='grc' dir='ltr'>δί,</span> <span class='ocrx_word' id='word_1_88' title='bbox 1236 1272 1346 1349; x_wconf 77' lang='grc' dir='ltr'>οὐχ</span> <span class='ocrx_word' id='word_1_89' title='bbox 1384 1272 1467 1327; x_wconf 87' lang='grc' dir='ltr'>’ὁτι</span> <span class='ocrx_word' id='word_1_90' title='bbox 1498 1273 1887 1348; x_wconf 80' lang='grc' dir='ltr'>κατορθώματί</span> <span class='ocrx_word' id='word_1_91' title='bbox 1914 1294 2022 1329; x_wconf 88' lang='grc' dir='ltr'>τινι</span> 
     </span>
    </p>
   </div>
   <div class='ocr_carea' id='block_1_15' title="bbox 360 1358 2019 1439">
    <p class='ocr_par' dir='ltr' id='par_1_15' title="bbox 360 1358 2019 1439">
     <span class='ocr_line' id='line_1_15' title="bbox 360 1358 2019 1439; baseline 0.004 -25"><span class='ocrx_word' id='word_1_92' title='bbox 360 1358 618 1435; x_wconf 76' lang='grc' dir='ltr'>ἡμετέρῳ</span> <span class='ocrx_word' id='word_1_93' title='bbox 671 1359 878 1415; x_wconf 87' lang='grc' dir='ltr'>τούτων</span> <span class='ocrx_word' id='word_1_94' title='bbox 948 1360 1288 1434; x_wconf 79' lang='grc' dir='ltr'>ἠξιώθημεν,</span> <span class='ocrx_word' id='word_1_95' title='bbox 1366 1359 1499 1418; x_wconf 76' lang='grc' dir='ltr'>ἀλλ’</span> <span class='ocrx_word' id='word_1_96' title='bbox 1553 1360 1608 1417; x_wconf 68' lang='grc' dir='ltr'>ἐν</span> <span class='ocrx_word' id='word_1_97' title='bbox 1668 1361 1877 1439; x_wconf 83' lang='grc' dir='ltr'>Κυρίῳ,</span> <span class='ocrx_word' id='word_1_98' title='bbox 1935 1362 2019 1420; x_wconf 73' lang='grc' dir='ltr'>ὅτι</span> 
     </span>
    </p>
   </div>
   <div class='ocr_carea' id='block_1_16' title="bbox 359 1447 2021 1526">
    <p class='ocr_par' dir='ltr' id='par_1_16' title="bbox 359 1447 2021 1526">
     <span class='ocr_line' id='line_1_16' title="bbox 359 1447 2021 1526; baseline 0.003 -23"><span class='ocrx_word' id='word_1_99' title='bbox 359 1450 536 1504; x_wconf 77' lang='grc' dir='ltr'>πάντα</span> <span class='ocrx_word' id='word_1_100' title='bbox 563 1456 667 1519; x_wconf 80' lang='grc' dir='ltr'>τῆς</span> <span class='ocrx_word' id='word_1_101' title='bbox 726 1449 893 1505; x_wconf 70' lang='grc' dir='ltr'>αὐτοῦ</span> <span class='ocrx_word' id='word_1_102' title='bbox 951 1447 1158 1521; x_wconf 82' lang='grc' dir='ltr'>δωρεᾶς</span> <span class='ocrx_word' id='word_1_103' title='bbox 1216 1451 1308 1507; x_wconf 77' lang='grc' dir='ltr'>καὶ</span> <span class='ocrx_word' id='word_1_104' title='bbox 1367 1450 1780 1526; x_wconf 82' lang='grc' dir='ltr'>φιλανθρωπίας</span> <span class='ocrx_word' id='word_1_105' title='bbox 1811 1460 1911 1522; x_wconf 78' lang='grc' dir='ltr'>τῆς</span> <span class='ocrx_word' id='word_1_106' title='bbox 1942 1453 2021 1516; x_wconf 78' lang='grc' dir='ltr'>εἰς</span> 
     </span>
    </p>
   </div>
   <div class='ocr_carea' id='block_1_17' title="bbox 358 1537 1731 1617">
    <p class='ocr_par' dir='ltr' id='par_1_17' title="bbox 358 1537 1731 1617">
     <span class='ocr_line' id='line_1_17' title="bbox 358 1537 1731 1617; baseline 0.004 -24"><span class='ocrx_word' id='word_1_107' title='bbox 358 1542 531 1613; x_wconf 68' lang='grc' dir='ltr'>ἡμᾶς,</span> <span class='ocrx_word' id='word_1_108' title='bbox 563 1540 629 1595; x_wconf 71' lang='grc' dir='ltr'>τὰ</span> <span class='ocrx_word' id='word_1_109' title='bbox 660 1537 963 1611; x_wconf 83' lang='grc' dir='ltr'>τηλικαῦτα</span> <span class='ocrx_word' id='word_1_110' title='bbox 992 1539 1229 1617; x_wconf 81' lang='grc' dir='ltr'>ὑπάρχει</span> <span class='ocrx_word' id='word_1_111' title='bbox 1257 1539 1554 1614; x_wconf 79' lang='grc' dir='ltr'>πλεονεκτή</span> <span class='ocrx_word' id='word_1_112' title='bbox 1568 1564 1731 1615; x_wconf 86' lang='grc' dir='ltr'>ματα.</span> 
     </span>
    </p>
   </div>
   <div class='ocr_carea' id='block_1_18' title="bbox 436 1735 2016 1814">
    <p class='ocr_par' dir='ltr' id='par_1_18' title="bbox 436 1735 2016 1814">
     <span class='ocr_line' id='line_1_18' title="bbox 436 1735 2016 1814; baseline 0.003 -22"><span class='ocrx_word' id='word_1_113' title='bbox 436 1736 523 1807; x_wconf 82' lang='grc' dir='ltr'>Ἐξ</span> <span class='ocrx_word' id='word_1_114' title='bbox 590 1736 755 1794; x_wconf 67' lang='grc' dir='ltr'>αὐτοῦ</span> <span class='ocrx_word' id='word_1_115' title='bbox 850 1735 908 1793; x_wconf 67' lang='grc' dir='ltr'>δὲ</span> <span class='ocrx_word' id='word_1_116' title='bbox 1003 1739 1157 1812; x_wconf 82' lang='grc' dir='ltr'>ὑμεῖς</span> <span class='ocrx_word' id='word_1_117' title='bbox 1225 1738 1340 1796; x_wconf 78' lang='grc' dir='ltr'>ἐστε</span> <span class='ocrx_word' id='word_1_118' title='bbox 1406 1738 1458 1795; x_wconf 72' lang='grc' dir='ltr'>ἐν</span> <span class='ocrx_word' id='word_1_119' title='bbox 1526 1741 1744 1814; x_wconf 84' lang='grc' dir='ltr'>Χριστῷ</span> <span class='ocrx_word' id='word_1_120' title='bbox 1807 1744 2016 1811; x_wconf 83' lang='grc' dir='ltr'>Ἰησοῦ,</span> 
     </span>
    </p>
   </div>
   <div class='ocr_carea' id='block_1_19' title="bbox 2140 568 3789 650">
    <p class='ocr_par' dir='ltr' id='par_1_19' title="bbox 2140 568 3789 650">
     <span class='ocr_line' id='line_1_19' title="bbox 2140 568 3789 650; baseline 0.011 -30"><span class='ocrx_word' id='word_1_121' title='bbox 2140 568 2341 623; x_wconf 88' lang='lat' dir='ltr'>tamen</span> <span class='ocrx_word' id='word_1_122' title='bbox 2375 588 2493 627; x_wconf 92' lang='lat' dir='ltr'>non</span> <span class='ocrx_word' id='word_1_123' title='bbox 2527 579 2746 631; x_wconf 87' lang='lat' dir='ltr'>essent.</span> <span class='ocrx_word' id='word_1_124' title='bbox 2781 598 2808 624; x_wconf 87' lang='grc'><em>‹‹</em></span> <span class='ocrx_word' id='word_1_125' title='bbox 2843 578 2921 632; x_wconf 91' lang='lat' dir='ltr'>Ne</span> <span class='ocrx_word' id='word_1_126' title='bbox 2953 576 3239 650; x_wconf 80' lang='lat' dir='ltr'>glorietur</span> <span class='ocrx_word' id='word_1_127' title='bbox 3266 578 3392 635; x_wconf 91' lang='lat' dir='ltr'>ulla</span> <span class='ocrx_word' id='word_1_128' title='bbox 3425 596 3560 635; x_wconf 90' lang='lat' dir='ltr'>caro</span> <span class='ocrx_word' id='word_1_129' title='bbox 3592 598 3789 638; x_wconf 86' lang='lat' dir='ltr'>coram</span> 
     </span>
    </p>
   </div>
   <div class='ocr_carea' id='block_1_20' title="bbox 2141 655 3793 741">
    <p class='ocr_par' dir='ltr' id='par_1_20' title="bbox 2141 655 3793 741">
     <span class='ocr_line' id='line_1_20' title="bbox 2141 655 3793 741; baseline 0.01 -32"><span class='ocrx_word' id='word_1_130' title='bbox 2141 655 2289 729; x_wconf 89' lang='lat' dir='ltr'>ipso.</span> <span class='ocrx_word' id='word_1_131' title='bbox 2317 682 2337 710; x_wconf 71' lang='grc' dir='ltr'>ι</span> <span class='ocrx_word' id='word_1_132' title='bbox 2376 663 2467 715; x_wconf 84' lang='lat' dir='ltr'>An</span> <span class='ocrx_word' id='word_1_133' title='bbox 2499 661 2677 735; x_wconf 79' lang='lat' dir='ltr'>igitur</span> <span class='ocrx_word' id='word_1_134' title='bbox 2706 681 2899 737; x_wconf 90' lang='lat' dir='ltr'>neque</span> <span class='ocrx_word' id='word_1_135' title='bbox 2934 683 3064 729; x_wconf 88' lang='lat' dir='ltr'>nos,</span> <span class='ocrx_word' id='word_1_136' title='bbox 3112 668 3325 738; x_wconf 84' lang='lat' dir='ltr'>inquit.</span> <span class='ocrx_word' id='word_1_137' title='bbox 3357 669 3793 741; x_wconf 85' lang='lat' dir='ltr'>gloriabimur?</span> 
     </span>
    </p>
   </div>
   <div class='ocr_carea' id='block_1_21' title="bbox 2140 747 3786 831">
    <p class='ocr_par' dir='ltr' id='par_1_21' title="bbox 2140 747 3786 831">
     <span class='ocr_line' id='line_1_21' title="bbox 2140 747 3786 831; baseline 0.007 -29"><span class='ocrx_word' id='word_1_138' title='bbox 2140 747 2351 818; x_wconf 86' lang='lat' dir='ltr'>Utique</span> <span class='ocrx_word' id='word_1_139' title='bbox 2384 767 2483 806; x_wconf 87' lang='lat' dir='ltr'>vos</span> <span class='ocrx_word' id='word_1_140' title='bbox 2514 753 2614 823; x_wconf 89' lang='lat' dir='ltr'>qui</span> <span class='ocrx_word' id='word_1_141' title='bbox 2649 754 2853 811; x_wconf 83' lang='lat' dir='ltr'>fideles</span> <span class='ocrx_word' id='word_1_142' title='bbox 2899 757 3060 823; x_wconf 83' lang='lat' dir='ltr'>estis,</span> <span class='ocrx_word' id='word_1_143' title='bbox 3092 757 3330 831; x_wconf 84' lang='lat' dir='ltr'>gloriari</span> <span class='ocrx_word' id='word_1_144' title='bbox 3363 758 3631 825; x_wconf 83' lang='lat' dir='ltr'>debetis;</span> <span class='ocrx_word' id='word_1_145' title='bbox 3667 777 3786 814; x_wconf 86' lang='lat' dir='ltr'>non</span> 
     </span>
    </p>
   </div>
   <div class='ocr_carea' id='block_1_22' title="bbox 2139 837 3786 919">
    <p class='ocr_par' dir='ltr' id='par_1_22' title="bbox 2139 837 3786 919">
     <span class='ocr_line' id='line_1_22' title="bbox 2139 837 3786 919; baseline 0.008 -28"><span class='ocrx_word' id='word_1_146' title='bbox 2139 837 2298 892; x_wconf 91' lang='lat' dir='ltr'>enim</span> <span class='ocrx_word' id='word_1_147' title='bbox 2331 840 2473 896; x_wconf 84' lang='lat' dir='ltr'>estis</span> <span class='ocrx_word' id='word_1_148' title='bbox 2503 858 2659 907; x_wconf 88' lang='lat' dir='ltr'>caro,</span> <span class='ocrx_word' id='word_1_149' title='bbox 2687 845 2788 899; x_wconf 90' lang='lat' dir='ltr'>sed</span> <span class='ocrx_word' id='word_1_150' title='bbox 2811 845 2884 900; x_wconf 90' lang='lat' dir='ltr'>ab</span> <span class='ocrx_word' id='word_1_151' title='bbox 2912 862 2980 901; x_wconf 88' lang='lat' dir='ltr'>eo</span> <span class='ocrx_word' id='word_1_152' title='bbox 3003 862 3108 918; x_wconf 87' lang='lat' dir='ltr'>per</span> <span class='ocrx_word' id='word_1_153' title='bbox 3130 848 3637 919; x_wconf 88' lang='lat' dir='ltr'>regenerationem</span> <span class='ocrx_word' id='word_1_154' title='bbox 3664 850 3786 904; x_wconf 88' lang='lat' dir='ltr'>nati</span> 
     </span>
    </p>
   </div>
   <div class='ocr_carea' id='block_1_23' title="bbox 2137 926 3786 1011">
    <p class='ocr_par' dir='ltr' id='par_1_23' title="bbox 2137 926 3786 1011">
     <span class='ocr_line' id='line_1_23' title="bbox 2137 926 3786 1011; baseline 0.008 -30"><span class='ocrx_word' id='word_1_155' title='bbox 2137 926 2299 992; x_wconf 89' lang='lat' dir='ltr'>estis,</span> <span class='ocrx_word' id='word_1_156' title='bbox 2333 935 2392 984; x_wconf 91' lang='lat' dir='ltr'>et</span> <span class='ocrx_word' id='word_1_157' title='bbox 2417 933 2719 1002; x_wconf 87' lang='lat' dir='ltr'>sapientes</span> <span class='ocrx_word' id='word_1_158' title='bbox 2749 936 2932 990; x_wconf 88' lang='lat' dir='ltr'>estis:</span> <span class='ocrx_word' id='word_1_159' title='bbox 2991 936 3095 991; x_wconf 87' lang='lat' dir='ltr'>sed</span> <span class='ocrx_word' id='word_1_160' title='bbox 3142 937 3337 1007; x_wconf 90' lang='lat' dir='ltr'>ipsum</span> <span class='ocrx_word' id='word_1_161' title='bbox 3368 938 3655 994; x_wconf 83' lang='lat' dir='ltr'>habentes</span> <span class='ocrx_word' id='word_1_162' title='bbox 3687 940 3786 1011; x_wconf 89' lang='lat' dir='ltr'>qui</span> 
     </span>
    </p>
   </div>
   <div class='ocr_carea' id='block_1_24' title="bbox 2136 1017 3787 1097">
    <p class='ocr_par' dir='ltr' id='par_1_24' title="bbox 2136 1017 3787 1097">
     <span class='ocr_line' id='line_1_24' title="bbox 2136 1017 3787 1097; baseline 0.007 -26"><span class='ocrx_word' id='word_1_163' title='bbox 2136 1017 2431 1089; x_wconf 84' lang='lat' dir='ltr'>sapientia</span> <span class='ocrx_word' id='word_1_164' title='bbox 2450 1027 2562 1086; x_wconf 81' lang='lat' dir='ltr'>est,</span> <span class='ocrx_word' id='word_1_165' title='bbox 2586 1023 2685 1094; x_wconf 87' lang='lat' dir='ltr'>qui</span> <span class='ocrx_word' id='word_1_166' title='bbox 2714 1040 2747 1079; x_wconf 92' lang='lat' dir='ltr'>a</span> <span class='ocrx_word' id='word_1_167' title='bbox 2766 1026 3004 1096; x_wconf 85' lang='lat' dir='ltr'>tyranni</span> <span class='ocrx_word' id='word_1_168' title='bbox 3028 1024 3317 1082; x_wconf 89' lang='lat' dir='ltr'>redemit:</span> <span class='ocrx_word' id='word_1_169' title='bbox 3341 1043 3449 1082; x_wconf 88' lang='lat' dir='ltr'>nec</span> <span class='ocrx_word' id='word_1_170' title='bbox 3481 1028 3537 1082; x_wconf 89' lang='lat' dir='ltr'>id</span> <span class='ocrx_word' id='word_1_171' title='bbox 3570 1028 3787 1097; x_wconf 90' lang='lat' dir='ltr'>solum,</span> 
     </span>
    </p>
   </div>
   <div class='ocr_carea' id='block_1_25' title="bbox 2136 1106 3788 1186">
    <p class='ocr_par' dir='ltr' id='par_1_25' title="bbox 2136 1106 3788 1186">
     <span class='ocr_line' id='line_1_25' title="bbox 2136 1106 3788 1186; baseline 0.007 -24"><span class='ocrx_word' id='word_1_172' title='bbox 2136 1106 2240 1163; x_wconf 90' lang='lat' dir='ltr'>sed</span> <span class='ocrx_word' id='word_1_173' title='bbox 2261 1114 2318 1163; x_wconf 93' lang='lat' dir='ltr'>et</span> <span class='ocrx_word' id='word_1_174' title='bbox 2339 1112 2725 1168; x_wconf 75' lang='lat' dir='ltr'>sanctiﬁcavit</span> <span class='ocrx_word' id='word_1_175' title='bbox 2748 1130 2854 1186; x_wconf 88' lang='lat' dir='ltr'>per</span> <span class='ocrx_word' id='word_1_176' title='bbox 2874 1114 3202 1186; x_wconf 88' lang='lat' dir='ltr'>baptisma:</span> <span class='ocrx_word' id='word_1_177' title='bbox 3225 1132 3335 1171; x_wconf 91' lang='lat' dir='ltr'>nec</span> <span class='ocrx_word' id='word_1_178' title='bbox 3358 1122 3586 1172; x_wconf 90' lang='lat' dir='ltr'>tantum</span> <span class='ocrx_word' id='word_1_179' title='bbox 3609 1118 3788 1173; x_wconf 90' lang='lat' dir='ltr'>etiam</span> 
     </span>
    </p>
   </div>
   <div class='ocr_carea' id='block_1_26' title="bbox 2134 1196 3787 1280">
    <p class='ocr_par' dir='ltr' id='par_1_26' title="bbox 2134 1196 3787 1280">
     <span class='ocr_line' id='line_1_26' title="bbox 2134 1196 3787 1280; baseline 0.007 -29"><span class='ocrx_word' id='word_1_180' title='bbox 2134 1196 2266 1265; x_wconf 92' lang='lat' dir='ltr'>hoc,</span> <span class='ocrx_word' id='word_1_181' title='bbox 2301 1214 2502 1255; x_wconf 88' lang='lat' dir='ltr'>verum</span> <span class='ocrx_word' id='word_1_182' title='bbox 2535 1201 2715 1257; x_wconf 90' lang='lat' dir='ltr'>etiam</span> <span class='ocrx_word' id='word_1_183' title='bbox 2749 1220 2854 1275; x_wconf 90' lang='lat' dir='ltr'>per</span> <span class='ocrx_word' id='word_1_184' title='bbox 2882 1203 3039 1259; x_wconf 89' lang='lat' dir='ltr'>dona</span> <span class='ocrx_word' id='word_1_185' title='bbox 3086 1204 3453 1275; x_wconf 83' lang='lat' dir='ltr'>justiﬁcavit.</span> <span class='ocrx_word' id='word_1_186' title='bbox 3504 1207 3620 1261; x_wconf 85' lang='lat' dir='ltr'>Nos</span> <span class='ocrx_word' id='word_1_187' title='bbox 3651 1222 3787 1280; x_wconf 88' lang='lat' dir='ltr'>ergo</span> 
     </span>
    </p>
   </div>
   <div class='ocr_carea' id='block_1_27' title="bbox 2132 1289 3790 1364">
    <p class='ocr_par' dir='ltr' id='par_1_27' title="bbox 2132 1289 3790 1364">
     <span class='ocr_line' id='line_1_27' title="bbox 2132 1289 3790 1364; baseline 0.006 -24"><span class='ocrx_word' id='word_1_188' title='bbox 2132 1293 2376 1358; x_wconf 89' lang='lat' dir='ltr'>propter</span> <span class='ocrx_word' id='word_1_189' title='bbox 2404 1289 2529 1345; x_wconf 88' lang='lat' dir='ltr'>haec</span> <span class='ocrx_word' id='word_1_190' title='bbox 2559 1292 2801 1364; x_wconf 88' lang='lat' dir='ltr'>gloriari</span> <span class='ocrx_word' id='word_1_191' title='bbox 2823 1293 3129 1349; x_wconf 88' lang='lat' dir='ltr'>debemus.</span> <span class='ocrx_word' id='word_1_192' title='bbox 3156 1294 3404 1349; x_wconf 85' lang='lat' dir='ltr'>Gloriari</span> <span class='ocrx_word' id='word_1_193' title='bbox 3438 1300 3635 1350; x_wconf 89' lang='lat' dir='ltr'>autem</span> <span class='ocrx_word' id='word_1_194' title='bbox 3668 1312 3790 1351; x_wconf 91' lang='lat' dir='ltr'>non</span> 
     </span>
    </p>
   </div>
   <div class='ocr_carea' id='block_1_28' title="bbox 2132 1375 3787 1457">
    <p class='ocr_par' dir='ltr' id='par_1_28' title="bbox 2132 1375 3787 1457">
     <span class='ocr_line' id='line_1_28' title="bbox 2132 1375 3787 1457; baseline 0.006 -27"><span class='ocrx_word' id='word_1_195' title='bbox 2132 1375 2289 1446; x_wconf 87' lang='lat' dir='ltr'>quod</span> <span class='ocrx_word' id='word_1_196' title='bbox 2321 1384 2524 1434; x_wconf 86' lang='lat' dir='ltr'>nostro</span> <span class='ocrx_word' id='word_1_197' title='bbox 2557 1381 2758 1452; x_wconf 91' lang='lat' dir='ltr'>aliquo</span> <span class='ocrx_word' id='word_1_198' title='bbox 2786 1384 3019 1457; x_wconf 88' lang='lat' dir='ltr'>egregio</span> <span class='ocrx_word' id='word_1_199' title='bbox 3051 1384 3313 1439; x_wconf 86' lang='lat' dir='ltr'>facinore</span> <span class='ocrx_word' id='word_1_200' title='bbox 3344 1384 3437 1439; x_wconf 89' lang='lat' dir='ltr'>his</span> <span class='ocrx_word' id='word_1_201' title='bbox 3461 1384 3622 1457; x_wconf 87' lang='lat' dir='ltr'>digni</span> <span class='ocrx_word' id='word_1_202' title='bbox 3650 1384 3787 1440; x_wconf 86' lang='lat' dir='ltr'>facti</span> 
     </span>
    </p>
   </div>
   <div class='ocr_carea' id='block_1_29' title="bbox 2133 1465 3782 1545">
    <p class='ocr_par' dir='ltr' id='par_1_29' title="bbox 2133 1465 3782 1545">
     <span class='ocr_line' id='line_1_29' title="bbox 2133 1465 3782 1545; baseline 0.005 -25"><span class='ocrx_word' id='word_1_203' title='bbox 2133 1465 2320 1522; x_wconf 89' lang='lat' dir='ltr'>simus</span> <span class='ocrx_word' id='word_1_204' title='bbox 2350 1485 2363 1523; x_wconf 92' lang='lat'>:</span> <span class='ocrx_word' id='word_1_205' title='bbox 2398 1469 2503 1525; x_wconf 88' lang='lat' dir='ltr'>sed</span> <span class='ocrx_word' id='word_1_206' title='bbox 2534 1469 2594 1525; x_wconf 91' lang='lat' dir='ltr'>in</span> <span class='ocrx_word' id='word_1_207' title='bbox 2627 1472 2901 1539; x_wconf 89' lang='lat' dir='ltr'>Domino,</span> <span class='ocrx_word' id='word_1_208' title='bbox 2933 1473 3093 1545; x_wconf 91' lang='lat' dir='ltr'>quod</span> <span class='ocrx_word' id='word_1_209' title='bbox 3124 1474 3404 1529; x_wconf 84' lang='lat' dir='ltr'>universa</span> <span class='ocrx_word' id='word_1_210' title='bbox 3441 1474 3782 1545; x_wconf 77' lang='lat' dir='ltr'>huiusmodi</span> 
     </span>
    </p>
   </div>
   <div class='ocr_carea' id='block_1_30' title="bbox 2130 1561 3781 1639">
    <p class='ocr_par' dir='ltr' id='par_1_30' title="bbox 2130 1561 3781 1639">
     <span class='ocr_line' id='line_1_30' title="bbox 2130 1561 3781 1639; baseline 0.005 -25"><span class='ocrx_word' id='word_1_211' title='bbox 2130 1561 2446 1617; x_wconf 89' lang='lat' dir='ltr'>commoda</span> <span class='ocrx_word' id='word_1_212' title='bbox 2473 1565 2676 1630; x_wconf 69' lang='lat' dir='ltr'>gratias</span> <span class='ocrx_word' id='word_1_213' title='bbox 2709 1565 2896 1637; x_wconf 89' lang='lat' dir='ltr'>ipsius</span> <span class='ocrx_word' id='word_1_214' title='bbox 2929 1567 3067 1629; x_wconf 87' lang='lat' dir='ltr'>sint,</span> <span class='ocrx_word' id='word_1_215' title='bbox 3092 1583 3159 1622; x_wconf 89' lang='lat' dir='ltr'>ac</span> <span class='ocrx_word' id='word_1_216' title='bbox 3183 1567 3572 1639; x_wconf 78' lang='lat' dir='ltr'>benignitatis</span> <span class='ocrx_word' id='word_1_217' title='bbox 3605 1584 3781 1639; x_wconf 87' lang='lat' dir='ltr'>quam</span> 
     </span>
    </p>
   </div>
   <div class='ocr_carea' id='block_1_31' title="bbox 2130 1648 2622 1709">
    <p class='ocr_par' dir='ltr' id='par_1_31' title="bbox 2130 1648 2622 1709">
     <span class='ocr_line' id='line_1_31' title="bbox 2130 1648 2622 1709; baseline 0.012 -7"><span class='ocrx_word' id='word_1_218' title='bbox 2130 1648 2303 1705; x_wconf 91' lang='lat' dir='ltr'>nobis</span> <span class='ocrx_word' id='word_1_219' title='bbox 2335 1651 2622 1709; x_wconf 85' lang='lat' dir='ltr'>exhibuit.</span> 
     </span>
    </p>
   </div>
   <div class='ocr_carea' id='block_1_32' title="bbox 2203 1758 3779 1836">
    <p class='ocr_par' dir='ltr' id='par_1_32' title="bbox 2203 1758 3779 1836">
     <span class='ocr_line' id='line_1_32' title="bbox 2203 1758 3779 1836; baseline 0.006 -25"><span class='ocrx_word' id='word_1_220' title='bbox 2203 1758 2443 1824; x_wconf 81' lang='lat' dir='ltr'>l,30-3l.</span> <span class='ocrx_word' id='word_1_221' title='bbox 2468 1783 2498 1810; x_wconf 89' lang='lat'><strong><em>«</em></strong></span> <span class='ocrx_word' id='word_1_222' title='bbox 2533 1764 2610 1816; x_wconf 80' lang='lat' dir='ltr'>Ex</span> <span class='ocrx_word' id='word_1_223' title='bbox 2634 1778 2703 1817; x_wconf 90' lang='lat' dir='ltr'>eo</span> <span class='ocrx_word' id='word_1_224' title='bbox 2729 1769 2926 1820; x_wconf 87' lang='lat' dir='ltr'>autem</span> <span class='ocrx_word' id='word_1_225' title='bbox 2952 1765 3093 1819; x_wconf 87' lang='lat' dir='ltr'>estis</span> <span class='ocrx_word' id='word_1_226' title='bbox 3114 1781 3220 1836; x_wconf 91' lang='lat' dir='ltr'>per</span> <span class='ocrx_word' id='word_1_227' title='bbox 3240 1766 3534 1822; x_wconf 85' lang='lat' dir='ltr'>Christum</span> <span class='ocrx_word' id='word_1_228' title='bbox 3556 1767 3779 1833; x_wconf 85' lang='lat' dir='ltr'>Jesum,</span> 
     </span>
    </p>
   </div>
   <div class='ocr_carea' id='block_1_33' title="bbox 365 1825 2014 1925">
    <p class='ocr_par' dir='ltr' id='par_1_33' title="bbox 365 1825 2014 1904">
     <span class='ocr_line' id='line_1_33' title="bbox 365 1825 2014 1904; baseline 0.002 -21"><span class='ocrx_word' id='word_1_229' title='bbox 365 1825 426 1891; x_wconf 75' lang='grc' dir='ltr'>ες</span> <span class='ocrx_word' id='word_1_230' title='bbox 489 1826 715 1903; x_wconf 77' lang='grc' dir='ltr'>ἐγενήθη</span> <span class='ocrx_word' id='word_1_231' title='bbox 809 1831 946 1904; x_wconf 78' lang='grc' dir='ltr'>ἡμῖν</span> <span class='ocrx_word' id='word_1_232' title='bbox 1051 1830 1217 1904; x_wconf 85' lang='grc' dir='ltr'>σοφία</span> <span class='ocrx_word' id='word_1_233' title='bbox 1298 1830 1406 1887; x_wconf 80' lang='grc' dir='ltr'>ἀπὸ</span> <span class='ocrx_word' id='word_1_234' title='bbox 1472 1836 1628 1899; x_wconf 89' lang='grc' dir='ltr'>Θεοῦ,</span> <span class='ocrx_word' id='word_1_235' title='bbox 1698 1828 2014 1903; x_wconf 67' lang='grc' dir='ltr'>δικαιοσύνη</span> 
     </span>
    </p>
   </div>
   <div class='ocr_carea' id='block_1_34' title="bbox 2129 1825 3783 1925">
    <p class='ocr_par' dir='ltr' id='par_1_34' title="bbox 2129 1825 3783 1925">
     <span class='ocr_line' id='line_1_34' title="bbox 2129 1825 3783 1925; baseline 0.007 -27"><span class='ocrx_word' id='word_1_236' title='bbox 2129 1866 2157 1897; x_wconf 82' lang='grc'>‹‹</span> <span class='ocrx_word' id='word_1_237' title='bbox 2180 1847 2277 1919; x_wconf 89' lang='lat' dir='ltr'>qui</span> <span class='ocrx_word' id='word_1_238' title='bbox 2298 1848 2487 1905; x_wconf 80' lang='lat' dir='ltr'>factus</span> <span class='ocrx_word' id='word_1_239' title='bbox 2511 1856 2601 1906; x_wconf 88' lang='lat' dir='ltr'>est</span> <span class='ocrx_word' id='word_1_240' title='bbox 2622 1852 2793 1907; x_wconf 89' lang='lat' dir='ltr'>nobis</span> <span class='ocrx_word' id='word_1_241' title='bbox 2821 1825 3170 1925; x_wconf 38' lang='lat' dir='ltr'>sapientia.a</span> <span class='ocrx_word' id='word_1_242' title='bbox 3193 1856 3332 1921; x_wconf 91' lang='lat' dir='ltr'>Deo,</span> <span class='ocrx_word' id='word_1_243' title='bbox 3350 1853 3703 1924; x_wconf 88' lang='lat' dir='ltr'>justitiaque</span> <span class='ocrx_word' id='word_1_244' title='bbox 3726 1825 3783 1909; x_wconf 76' lang='lat' dir='ltr'>et</span> 
     </span>
    </p>
   </div>
   <div class='ocr_carea' id='block_1_35' title="bbox 362 1916 2015 1992">
    <p class='ocr_par' dir='ltr' id='par_1_35' title="bbox 362 1916 2015 1992">
     <span class='ocr_line' id='line_1_35' title="bbox 362 1916 2015 1992; baseline 0.005 -23"><span class='ocrx_word' id='word_1_245' title='bbox 362 1934 424 1969; x_wconf 81' lang='grc' dir='ltr'>τε</span> <span class='ocrx_word' id='word_1_246' title='bbox 505 1916 592 1970; x_wconf 79' lang='grc' dir='ltr'>καὶ</span> <span class='ocrx_word' id='word_1_247' title='bbox 677 1917 945 1991; x_wconf 77' lang='grc' dir='ltr'>ἁγιασμὸς</span> <span class='ocrx_word' id='word_1_248' title='bbox 1001 1918 1090 1972; x_wconf 84' lang='grc' dir='ltr'>καὶ</span> <span class='ocrx_word' id='word_1_249' title='bbox 1161 1916 1567 1992; x_wconf 70' lang='grc' dir='ltr'>ἀπολύτρωσις,</span> <span class='ocrx_word' id='word_1_250' title='bbox 1626 1917 1739 1988; x_wconf 59' lang='grc' dir='ltr'>τίνα,</span> <span class='ocrx_word' id='word_1_251' title='bbox 1831 1922 2015 1986; x_wconf 82' lang='grc' dir='ltr'>καθὼς</span> 
     </span>
    </p>
   </div>
   <div class='ocr_carea' id='block_1_36' title="bbox 363 2002 2014 2088">
    <p class='ocr_par' dir='ltr' id='par_1_36' title="bbox 363 2002 2014 2088">
     <span class='ocr_line' id='line_1_36' title="bbox 363 2002 2014 2088; baseline 0.005 -29"><span class='ocrx_word' id='word_1_252' title='bbox 363 2002 685 2082; x_wconf 71' lang='grc' dir='ltr'>γέγραπται,</span> <span class='ocrx_word' id='word_1_253' title='bbox 789 2005 818 2059; x_wconf 85' lang='grc' dir='ltr'><strong>ὁ</strong></span> <span class='ocrx_word' id='word_1_254' title='bbox 919 2006 1281 2081; x_wconf 75' lang='grc' dir='ltr'>καυχώμενος</span> <span class='ocrx_word' id='word_1_255' title='bbox 1362 2006 1413 2063; x_wconf 73' lang='grc' dir='ltr'>ὲν</span> <span class='ocrx_word' id='word_1_256' title='bbox 1516 2009 1699 2084; x_wconf 80' lang='grc' dir='ltr'>Κυρίῳ</span> <span class='ocrx_word' id='word_1_257' title='bbox 1799 2011 2014 2088; x_wconf 85' lang='grc' dir='ltr'>καυχά-</span> 
     </span>
    </p>
   </div>
   <div class='ocr_carea' id='block_1_37' title="bbox 366 2104 502 2158">
    <p class='ocr_par' dir='ltr' id='par_1_37' title="bbox 366 2104 502 2158">
     <span class='ocr_line' id='line_1_37' title="bbox 366 2104 502 2158; baseline 0.037 -11"><span class='ocrx_word' id='word_1_258' title='bbox 366 2104 502 2158; x_wconf 81' lang='grc' dir='ltr'>σθω.</span> 
     </span>
    </p>
   </div>
   <div class='ocr_carea' id='block_1_38' title="bbox 430 2210 2011 2288">
    <p class='ocr_par' dir='ltr' id='par_1_38' title="bbox 430 2210 2011 2288">
     <span class='ocr_line' id='line_1_38' title="bbox 430 2210 2011 2288; baseline 0.006 -24"><span class='ocrx_word' id='word_1_259' title='bbox 430 2234 458 2263; x_wconf 72' lang='grc' dir='ltr'>(ο</span> <span class='ocrx_word' id='word_1_260' title='bbox 527 2213 610 2284; x_wconf 77' lang='grc' dir='ltr'>Ἐξ</span> <span class='ocrx_word' id='word_1_261' title='bbox 678 2213 846 2269; x_wconf 79' lang='grc' dir='ltr'>αὐτοῦ</span> <span class='ocrx_word' id='word_1_262' title='bbox 905 2210 962 2268; x_wconf 74' lang='grc' dir='ltr'>δὲ</span> <span class='ocrx_word' id='word_1_263' title='bbox 1022 2214 1179 2288; x_wconf 80' lang='grc' dir='ltr'>ὑμεῖς</span> <span class='ocrx_word' id='word_1_264' title='bbox 1244 2214 1363 2271; x_wconf 78' lang='grc' dir='ltr'>ἐστε</span> <span class='ocrx_word' id='word_1_265' title='bbox 1426 2240 1455 2268; x_wconf 72' lang='grc' dir='ltr'>ι»</span> <span class='ocrx_word' id='word_1_266' title='bbox 1524 2217 1681 2274; x_wconf 84' lang='grc' dir='ltr'>Ἤτοι</span> <span class='ocrx_word' id='word_1_267' title='bbox 1729 2222 1826 2274; x_wconf 89' lang='grc' dir='ltr'>τοῦ</span> <span class='ocrx_word' id='word_1_268' title='bbox 1857 2221 2011 2274; x_wconf 87' lang='grc' dir='ltr'>Θεοῦ.</span> 
     </span>
    </p>
   </div>
   <div class='ocr_carea' id='block_1_39' title="bbox 350 2300 2011 2381">
    <p class='ocr_par' dir='ltr' id='par_1_39' title="bbox 350 2300 2011 2381">
     <span class='ocr_line' id='line_1_39' title="bbox 350 2300 2011 2381; baseline 0.004 -22"><span class='ocrx_word' id='word_1_269' title='bbox 350 2303 640 2359; x_wconf 78' lang='grc' dir='ltr'>Τουτέστιν</span> <span class='ocrx_word' id='word_1_270' title='bbox 698 2300 1037 2381; x_wconf 81' lang='grc' dir='ltr'>ἀφελόμενος</span> <span class='ocrx_word' id='word_1_271' title='bbox 1093 2304 1233 2378; x_wconf 76' lang='grc' dir='ltr'>ὑμᾶς</span> <span class='ocrx_word' id='word_1_272' title='bbox 1290 2312 1389 2375; x_wconf 78' lang='grc' dir='ltr'>τῆς</span> <span class='ocrx_word' id='word_1_273' title='bbox 1447 2303 2011 2381; x_wconf 83' lang='grc' dir='ltr'>ὰλαζονείαςὸΘεὸς,</span> 
     </span>
    </p>
   </div>
   <div class='ocr_carea' id='block_1_40' title="bbox 348 2388 2009 2473">
    <p class='ocr_par' dir='ltr' id='par_1_40' title="bbox 348 2388 2009 2473">
     <span class='ocr_line' id='line_1_40' title="bbox 348 2388 2009 2473; baseline 0.004 -27"><span class='ocrx_word' id='word_1_274' title='bbox 348 2391 508 2446; x_wconf 68' lang='grc' dir='ltr'>τέκνα</span> <span class='ocrx_word' id='word_1_275' title='bbox 540 2388 651 2447; x_wconf 73' lang='grc' dir='ltr'>ἴδια</span> <span class='ocrx_word' id='word_1_276' title='bbox 696 2391 966 2462; x_wconf 84' lang='grc' dir='ltr'>πεποίηκε</span> <span class='ocrx_word' id='word_1_277' title='bbox 1023 2390 1113 2448; x_wconf 80' lang='grc' dir='ltr'>8ιὰ</span> <span class='ocrx_word' id='word_1_278' title='bbox 1170 2394 1354 2465; x_wconf 80' lang='grc' dir='ltr'>Ἰησοῦ</span> <span class='ocrx_word' id='word_1_279' title='bbox 1410 2397 1671 2471; x_wconf 81' lang='grc' dir='ltr'>Χριστοῦ.</span> <span class='ocrx_word' id='word_1_280' title='bbox 1704 2400 2009 2473; x_wconf 71' lang='grc' dir='ltr'>Τοιγαροῦν</span> 
     </span>
    </p>
   </div>
   <div class='ocr_carea' id='block_1_41' title="bbox 350 2480 2009 2564">
    <p class='ocr_par' dir='ltr' id='par_1_41' title="bbox 350 2480 2009 2564">
     <span class='ocr_line' id='line_1_41' title="bbox 350 2480 2009 2564; baseline 0.004 -28"><span class='ocrx_word' id='word_1_281' title='bbox 350 2480 647 2555; x_wconf 73' lang='grc' dir='ltr'>ὀφείλομεν</span> <span class='ocrx_word' id='word_1_282' title='bbox 677 2482 766 2536; x_wconf 72' lang='grc' dir='ltr'>καὶ</span> <span class='ocrx_word' id='word_1_283' title='bbox 798 2484 962 2556; x_wconf 77' lang='grc' dir='ltr'>ἡμεῖς</span> <span class='ocrx_word' id='word_1_284' title='bbox 1010 2485 1222 2559; x_wconf 76' lang='grc' dir='ltr'>φεύγειν</span> <span class='ocrx_word' id='word_1_285' title='bbox 1275 2484 1373 2553; x_wconf 76' lang='grc' dir='ltr'>τήν</span> <span class='ocrx_word' id='word_1_286' title='bbox 1434 2482 1774 2556; x_wconf 79' lang='grc' dir='ltr'>ἀλαζονείαν,</span> <span class='ocrx_word' id='word_1_287' title='bbox 1808 2486 2009 2564; x_wconf 73' lang='grc' dir='ltr'>ἐχθρὰν</span> 
     </span>
    </p>
   </div>
   <div class='ocr_carea' id='block_1_42' title="bbox 348 2568 2006 2650">
    <p class='ocr_par' dir='ltr' id='par_1_42' title="bbox 348 2568 2006 2650">
     <span class='ocr_line' id='line_1_42' title="bbox 348 2568 2006 2650; baseline 0.004 -24"><span class='ocrx_word' id='word_1_288' title='bbox 348 2568 512 2626; x_wconf 72' lang='grc' dir='ltr'>οὖσαν</span> <span class='ocrx_word' id='word_1_289' title='bbox 567 2576 662 2625; x_wconf 78' lang='grc' dir='ltr'>τοῦ</span> <span class='ocrx_word' id='word_1_290' title='bbox 716 2576 871 2641; x_wconf 82' lang='grc' dir='ltr'>Θεοῦ,</span> <span class='ocrx_word' id='word_1_291' title='bbox 955 2597 983 2623; x_wconf 86' lang='grc'>‹‹</span> <span class='ocrx_word' id='word_1_292' title='bbox 1044 2573 1161 2642; x_wconf 74' lang='grc' dir='ltr'>Ὃς,</span> <span class='ocrx_word' id='word_1_293' title='bbox 1224 2572 1381 2648; x_wconf 74' lang='grc' dir='ltr'>φησί,</span> <span class='ocrx_word' id='word_1_294' title='bbox 1442 2575 1675 2649; x_wconf 83' lang='grc' dir='ltr'>Χριστὸς</span> <span class='ocrx_word' id='word_1_295' title='bbox 1751 2575 2006 2650; x_wconf 71' lang='grc' dir='ltr'>ἐγνενήθη</span> 
     </span>
    </p>
   </div>
   <div class='ocr_carea' id='block_1_43' title="bbox 348 2660 2005 2743">
    <p class='ocr_par' dir='ltr' id='par_1_43' title="bbox 348 2660 2005 2743">
     <span class='ocr_line' id='line_1_43' title="bbox 348 2660 2005 2743; baseline 0.005 -29"><span class='ocrx_word' id='word_1_296' title='bbox 348 2662 487 2734; x_wconf 82' lang='grc' dir='ltr'>ἡμῖν</span> <span class='ocrx_word' id='word_1_297' title='bbox 541 2660 646 2715; x_wconf 78' lang='grc' dir='ltr'>ἀπὸ</span> <span class='ocrx_word' id='word_1_298' title='bbox 702 2666 837 2718; x_wconf 77' lang='grc' dir='ltr'>Θεοῦ</span> <span class='ocrx_word' id='word_1_299' title='bbox 896 2663 1059 2736; x_wconf 90' lang='grc' dir='ltr'>σοφία</span> <span class='ocrx_word' id='word_1_300' title='bbox 1110 2663 1201 2718; x_wconf 80' lang='grc' dir='ltr'>καὶ</span> <span class='ocrx_word' id='word_1_301' title='bbox 1260 2660 1575 2735; x_wconf 72' lang='grc' dir='ltr'>δικαιοσύνη</span> <span class='ocrx_word' id='word_1_302' title='bbox 1610 2665 1701 2721; x_wconf 75' lang='grc' dir='ltr'>καὶ</span> <span class='ocrx_word' id='word_1_303' title='bbox 1735 2667 2005 2743; x_wconf 69' lang='grc' dir='ltr'>ἁγιασμὸς</span> 
     </span>
    </p>
   </div>
   <div class='ocr_carea' id='block_1_44' title="bbox 350 2749 2007 2831">
    <p class='ocr_par' dir='ltr' id='par_1_44' title="bbox 350 2749 2007 2831">
     <span class='ocr_line' id='line_1_44' title="bbox 350 2749 2007 2831; baseline 0.002 -24"><span class='ocrx_word' id='word_1_304' title='bbox 350 2751 443 2807; x_wconf 75' lang='grc' dir='ltr'>καὶ</span> <span class='ocrx_word' id='word_1_305' title='bbox 504 2749 971 2826; x_wconf 75' lang='grc' dir='ltr'>ἀπολύτρωσις.»</span> <span class='ocrx_word' id='word_1_306' title='bbox 1033 2751 1350 2824; x_wconf 77' lang='grc' dir='ltr'>Τουτὲστιν,</span> <span class='ocrx_word' id='word_1_307' title='bbox 1410 2756 1468 2817; x_wconf 79' lang='grc' dir='ltr'>ὅς</span> <span class='ocrx_word' id='word_1_308' title='bbox 1545 2754 1800 2828; x_wconf 76' lang='grc' dir='ltr'>ἐποίησεν</span> <span class='ocrx_word' id='word_1_309' title='bbox 1858 2760 2007 2831; x_wconf 69' lang='grc' dir='ltr'>ἡμᾶς</span> 
     </span>
    </p>
   </div>
   <div class='ocr_carea' id='block_1_45' title="bbox 352 2837 2007 2920">
    <p class='ocr_par' dir='ltr' id='par_1_45' title="bbox 352 2837 2007 2920">
     <span class='ocr_line' id='line_1_45' title="bbox 352 2837 2007 2920; baseline 0.003 -24"><span class='ocrx_word' id='word_1_310' title='bbox 352 2841 443 2896; x_wconf 82' lang='grc' dir='ltr'>καὶ</span> <span class='ocrx_word' id='word_1_311' title='bbox 503 2837 747 2904; x_wconf 77' lang='grc' dir='ltr'>δικαίους</span> <span class='ocrx_word' id='word_1_312' title='bbox 803 2840 894 2895; x_wconf 79' lang='grc' dir='ltr'>καί</span> <span class='ocrx_word' id='word_1_313' title='bbox 944 2841 1157 2920; x_wconf 80' lang='grc' dir='ltr'>ἁγίους,</span> <span class='ocrx_word' id='word_1_314' title='bbox 1217 2840 1637 2917; x_wconf 68' lang='grc' dir='ltr'>λυτρωσάμενος</span> <span class='ocrx_word' id='word_1_315' title='bbox 1695 2848 1844 2920; x_wconf 68' lang='grc' dir='ltr'>ἡμᾶς</span> <span class='ocrx_word' id='word_1_316' title='bbox 1901 2847 2007 2901; x_wconf 83' lang='grc' dir='ltr'>ἀπὸ</span> 
     </span>
    </p>
   </div>
   <div class='ocr_carea' id='block_1_46' title="bbox 352 2928 2006 3008">
    <p class='ocr_par' dir='ltr' id='par_1_46' title="bbox 352 2928 2006 3008">
     <span class='ocr_line' id='line_1_46' title="bbox 352 2928 2006 3008; baseline 0.003 -22"><span class='ocrx_word' id='word_1_317' title='bbox 352 2934 462 2986; x_wconf 84' lang='grc' dir='ltr'>τῶν</span> <span class='ocrx_word' id='word_1_318' title='bbox 505 2929 770 2986; x_wconf 74' lang='grc' dir='ltr'>τοιούτων</span> <span class='ocrx_word' id='word_1_319' title='bbox 832 2930 1105 2988; x_wconf 80' lang='grc' dir='ltr'>ἐναντίων.</span> <span class='ocrx_word' id='word_1_320' title='bbox 1163 2928 1391 3000; x_wconf 79' lang='grc' dir='ltr'>Ἐπειδὴ</span> <span class='ocrx_word' id='word_1_321' title='bbox 1450 2934 1555 3008; x_wconf 74' lang='grc' dir='ltr'>γαρ</span> <span class='ocrx_word' id='word_1_322' title='bbox 1617 2935 1777 3008; x_wconf 80' lang='grc' dir='ltr'>μωρὰ</span> <span class='ocrx_word' id='word_1_323' title='bbox 1831 2934 2006 3006; x_wconf 74' lang='grc' dir='ltr'>ἐξελέ-</span> 
     </span>
    </p>
   </div>
   <div class='ocr_carea' id='block_1_47' title="bbox 353 3018 2006 3099">
    <p class='ocr_par' dir='ltr' id='par_1_47' title="bbox 353 3018 2006 3099">
     <span class='ocr_line' id='line_1_47' title="bbox 353 3018 2006 3099; baseline 0.001 -27"><span class='ocrx_word' id='word_1_324' title='bbox 353 3020 501 3089; x_wconf 82' lang='grc' dir='ltr'>ξατο,</span> <span class='ocrx_word' id='word_1_325' title='bbox 536 3019 676 3099; x_wconf 80' lang='grc' dir='ltr'>σοφᾶ</span> <span class='ocrx_word' id='word_1_326' title='bbox 710 3019 845 3074; x_wconf 73' lang='grc' dir='ltr'>αύτὰ</span> <span class='ocrx_word' id='word_1_327' title='bbox 892 3018 1114 3091; x_wconf 76' lang='grc' dir='ltr'>ἐποίησε</span> <span class='ocrx_word' id='word_1_328' title='bbox 1168 3020 1257 3075; x_wconf 76' lang='grc' dir='ltr'>καὶ</span> <span class='ocrx_word' id='word_1_329' title='bbox 1313 3018 1494 3077; x_wconf 83' lang='grc' dir='ltr'>δίκαια</span> <span class='ocrx_word' id='word_1_330' title='bbox 1543 3021 1632 3077; x_wconf 84' lang='grc' dir='ltr'>καὶ</span> <span class='ocrx_word' id='word_1_331' title='bbox 1664 3022 1812 3097; x_wconf 76' lang='grc' dir='ltr'>ἅγια,</span> <span class='ocrx_word' id='word_1_332' title='bbox 1846 3047 1873 3074; x_wconf 90' lang='grc'>‹‹</span> <span class='ocrx_word' id='word_1_333' title='bbox 1907 3025 2006 3087; x_wconf 87' lang='grc' dir='ltr'>Ὅς</span> 
     </span>
    </p>
   </div>
   <div class='ocr_carea' id='block_1_48' title="bbox 353 3105 2008 3185">
    <p class='ocr_par' dir='ltr' id='par_1_48' title="bbox 353 3105 2008 3185">
     <span class='ocr_line' id='line_1_48' title="bbox 353 3105 2008 3185; baseline 0.004 -22"><span class='ocrx_word' id='word_1_334' title='bbox 353 3105 585 3185; x_wconf 70' lang='grc' dir='ltr'>ἐγενηθη</span> <span class='ocrx_word' id='word_1_335' title='bbox 619 3110 755 3180; x_wconf 73' lang='grc' dir='ltr'>ἡμῖν</span> <span class='ocrx_word' id='word_1_336' title='bbox 812 3109 973 3183; x_wconf 90' lang='grc' dir='ltr'>σοφία</span> <span class='ocrx_word' id='word_1_337' title='bbox 1024 3109 1132 3165; x_wconf 80' lang='grc' dir='ltr'>ἀπὸ</span> <span class='ocrx_word' id='word_1_338' title='bbox 1190 3113 1345 3167; x_wconf 83' lang='grc' dir='ltr'>Θεοῦ.</span> <span class='ocrx_word' id='word_1_339' title='bbox 1378 3133 1407 3163; x_wconf 87' lang='grc'><strong>››</strong></span> <span class='ocrx_word' id='word_1_340' title='bbox 1468 3110 1582 3168; x_wconf 68' lang='grc' dir='ltr'>Οὔκ</span> <span class='ocrx_word' id='word_1_341' title='bbox 1641 3112 1802 3181; x_wconf 76' lang='grc' dir='ltr'>εἶπεν,</span> <span class='ocrx_word' id='word_1_342' title='bbox 1850 3112 2008 3169; x_wconf 83' lang='grc' dir='ltr'>Ἐσό-</span> 
     </span>
    </p>
   </div>
   <div class='ocr_carea' id='block_1_49' title="bbox 2127 1939 3783 2017">
    <p class='ocr_par' dir='ltr' id='par_1_49' title="bbox 2127 1939 3783 2017">
     <span class='ocr_line' id='line_1_49' title="bbox 2127 1939 3783 2017; baseline 0.007 -28"><span class='ocrx_word' id='word_1_343' title='bbox 2127 1939 2572 1997; x_wconf 79' lang='lat' dir='ltr'>«sanctificatio</span> <span class='ocrx_word' id='word_1_344' title='bbox 2629 1960 2699 1998; x_wconf 90' lang='lat' dir='ltr'>ac</span> <span class='ocrx_word' id='word_1_345' title='bbox 2754 1944 3119 2017; x_wconf 88' lang='lat' dir='ltr'>redemptio:</span> <span class='ocrx_word' id='word_1_346' title='bbox 3150 1951 3235 2012; x_wconf 90' lang='lat' dir='ltr'>ut,</span> <span class='ocrx_word' id='word_1_347' title='bbox 3279 1944 3783 2016; x_wconf 87' lang='lat' dir='ltr'>quemadmodum</span> 
     </span>
    </p>
   </div>
   <div class='ocr_carea' id='block_1_50' title="bbox 2125 2030 3778 2108">
    <p class='ocr_par' dir='ltr' id='par_1_50' title="bbox 2125 2030 3778 2108">
     <span class='ocr_line' id='line_1_50' title="bbox 2125 2030 3778 2108; baseline 0.004 -28"><span class='ocrx_word' id='word_1_348' title='bbox 2125 2049 2155 2080; x_wconf 83' lang='lat'>«</span> <span class='ocrx_word' id='word_1_349' title='bbox 2184 2030 2471 2103; x_wconf 87' lang='lat' dir='ltr'>scriptum</span> <span class='ocrx_word' id='word_1_350' title='bbox 2495 2040 2619 2089; x_wconf 88' lang='lat' dir='ltr'>est:</span> <span class='ocrx_word' id='word_1_351' title='bbox 2642 2035 2748 2101; x_wconf 88' lang='lat' dir='ltr'>Qui</span> <span class='ocrx_word' id='word_1_352' title='bbox 2773 2034 3061 2108; x_wconf 86' lang='lat' dir='ltr'>gloriatur</span> <span class='ocrx_word' id='word_1_353' title='bbox 3081 2037 3143 2092; x_wconf 92' lang='lat' dir='ltr'>in</span> <span class='ocrx_word' id='word_1_354' title='bbox 3168 2036 3416 2092; x_wconf 91' lang='lat' dir='ltr'>Domino</span> <span class='ocrx_word' id='word_1_355' title='bbox 3439 2036 3778 2103; x_wconf 62' lang='lat' dir='ltr'>glorietur.»</span> 
     </span>
    </p>
   </div>
   <div class='ocr_carea' id='block_1_51' title="bbox 2196 2230 3782 2305">
    <p class='ocr_par' dir='ltr' id='par_1_51' title="bbox 2196 2230 3782 2305">
     <span class='ocr_line' id='line_1_51' title="bbox 2196 2230 3782 2305; baseline 0.003 -20"><span class='ocrx_word' id='word_1_356' title='bbox 2196 2230 2351 2286; x_wconf 70' lang='lat'>480</span> <span class='ocrx_word' id='word_1_357' title='bbox 2373 2253 2401 2279; x_wconf 88' lang='grc'>‹‹</span> <span class='ocrx_word' id='word_1_358' title='bbox 2426 2232 2509 2286; x_wconf 88' lang='lat' dir='ltr'>Ex</span> <span class='ocrx_word' id='word_1_359' title='bbox 2532 2247 2599 2287; x_wconf 95' lang='lat' dir='ltr'>eo</span> <span class='ocrx_word' id='word_1_360' title='bbox 2622 2237 2822 2288; x_wconf 90' lang='lat' dir='ltr'>autem</span> <span class='ocrx_word' id='word_1_361' title='bbox 2852 2249 2953 2288; x_wconf 86' lang='lat' dir='ltr'>vos</span> <span class='ocrx_word' id='word_1_362' title='bbox 2984 2234 3147 2289; x_wconf 89' lang='lat' dir='ltr'>estis.</span> <span class='ocrx_word' id='word_1_363' title='bbox 3178 2255 3206 2282; x_wconf 86' lang='grc'>››</span> <span class='ocrx_word' id='word_1_364' title='bbox 3239 2235 3461 2305; x_wconf 88' lang='lat' dir='ltr'>Nempe</span> <span class='ocrx_word' id='word_1_365' title='bbox 3494 2235 3634 2289; x_wconf 90' lang='lat' dir='ltr'>Deo.</span> <span class='ocrx_word' id='word_1_366' title='bbox 3662 2235 3782 2290; x_wconf 89' lang='lat' dir='ltr'>Hoc</span> 
     </span>
    </p>
   </div>
   <div class='ocr_carea' id='block_1_52' title="bbox 2124 2318 3781 2393">
    <p class='ocr_par' dir='ltr' id='par_1_52' title="bbox 2124 2318 3781 2393">
     <span class='ocr_line' id='line_1_52' title="bbox 2124 2318 3781 2393; baseline 0.004 -20"><span class='ocrx_word' id='word_1_367' title='bbox 2124 2324 2232 2386; x_wconf 88' lang='lat' dir='ltr'>est,</span> <span class='ocrx_word' id='word_1_368' title='bbox 2266 2318 2511 2375; x_wconf 87' lang='lat' dir='ltr'>abduxit</span> <span class='ocrx_word' id='word_1_369' title='bbox 2539 2337 2644 2376; x_wconf 82' lang='lat' dir='ltr'>vos</span> <span class='ocrx_word' id='word_1_370' title='bbox 2703 2321 2774 2377; x_wconf 91' lang='lat' dir='ltr'>ab</span> <span class='ocrx_word' id='word_1_371' title='bbox 2833 2323 2996 2377; x_wconf 89' lang='lat' dir='ltr'>omni</span> <span class='ocrx_word' id='word_1_372' title='bbox 3052 2322 3211 2379; x_wconf 81' lang='lat' dir='ltr'>fastu</span> <span class='ocrx_word' id='word_1_373' title='bbox 3243 2324 3417 2393; x_wconf 91' lang='lat' dir='ltr'>Deus,</span> <span class='ocrx_word' id='word_1_374' title='bbox 3454 2322 3609 2378; x_wconf 80' lang='lat' dir='ltr'>filios</span> <span class='ocrx_word' id='word_1_375' title='bbox 3640 2340 3781 2379; x_wconf 90' lang='lat' dir='ltr'>suos</span> 
     </span>
    </p>
   </div>
   <div class='ocr_carea' id='block_1_53' title="bbox 2120 2409 3783 2483">
    <p class='ocr_par' dir='ltr' id='par_1_53' title="bbox 2120 2409 3783 2483">
     <span class='ocr_line' id='line_1_53' title="bbox 2120 2409 3783 2483; baseline 0.004 -21"><span class='ocrx_word' id='word_1_376' title='bbox 2120 2423 2229 2479; x_wconf 93' lang='lat' dir='ltr'>per</span> <span class='ocrx_word' id='word_1_377' title='bbox 2273 2409 2471 2464; x_wconf 84' lang='lat' dir='ltr'>Jesum</span> <span class='ocrx_word' id='word_1_378' title='bbox 2528 2409 2829 2466; x_wconf 88' lang='lat' dir='ltr'>Christum</span> <span class='ocrx_word' id='word_1_379' title='bbox 2884 2411 3100 2466; x_wconf 84' lang='lat' dir='ltr'>effecit.</span> <span class='ocrx_word' id='word_1_380' title='bbox 3162 2412 3365 2483; x_wconf 87' lang='lat' dir='ltr'>Itaque</span> <span class='ocrx_word' id='word_1_381' title='bbox 3404 2411 3690 2469; x_wconf 90' lang='lat' dir='ltr'>debemus</span> <span class='ocrx_word' id='word_1_382' title='bbox 3723 2419 3783 2469; x_wconf 89' lang='lat' dir='ltr'>et</span> 
     </span>
    </p>
   </div>
   <div class='ocr_carea' id='block_1_54' title="bbox 2119 2501 3777 2574">
    <p class='ocr_par' dir='ltr' id='par_1_54' title="bbox 2119 2501 3777 2574">
     <span class='ocr_line' id='line_1_54' title="bbox 2119 2501 3777 2574; baseline 0.002 -19"><span class='ocrx_word' id='word_1_383' title='bbox 2119 2515 2229 2555; x_wconf 89' lang='lat' dir='ltr'>nos</span> <span class='ocrx_word' id='word_1_384' title='bbox 2288 2501 2689 2572; x_wconf 78' lang='lat' dir='ltr'>arrogantiam</span> <span class='ocrx_word' id='word_1_385' title='bbox 2746 2501 2945 2574; x_wconf 83' lang='lat' dir='ltr'>fugere</span> <span class='ocrx_word' id='word_1_386' title='bbox 3008 2519 3139 2574; x_wconf 70' lang='lat' dir='ltr'>qum</span> <span class='ocrx_word' id='word_1_387' title='bbox 3193 2502 3438 2558; x_wconf 90' lang='lat' dir='ltr'>inimica</span> <span class='ocrx_word' id='word_1_388' title='bbox 3486 2509 3575 2558; x_wconf 91' lang='lat' dir='ltr'>est</span> <span class='ocrx_word' id='word_1_389' title='bbox 3617 2505 3777 2559; x_wconf 91' lang='lat' dir='ltr'>Deo:</span> 
     </span>
    </p>
   </div>
   <div class='ocr_carea' id='block_1_55' title="bbox 2119 2589 3774 2661">
    <p class='ocr_par' dir='ltr' id='par_1_55' title="bbox 2119 2589 3774 2661">
     <span class='ocr_line' id='line_1_55' title="bbox 2119 2589 3774 2661; baseline 0.007 -23"><span class='ocrx_word' id='word_1_390' title='bbox 2119 2610 2148 2639; x_wconf 84' lang='grc'><em>‹‹</em></span> <span class='ocrx_word' id='word_1_391' title='bbox 2181 2589 2311 2654; x_wconf 89' lang='lat' dir='ltr'>Qui.</span> <span class='ocrx_word' id='word_1_392' title='bbox 2345 2590 2560 2661; x_wconf 90' lang='lat' dir='ltr'>inquit,</span> <span class='ocrx_word' id='word_1_393' title='bbox 2591 2591 2857 2646; x_wconf 89' lang='lat' dir='ltr'>Christus</span> <span class='ocrx_word' id='word_1_394' title='bbox 2914 2591 3103 2647; x_wconf 81' lang='lat' dir='ltr'>factus</span> <span class='ocrx_word' id='word_1_395' title='bbox 3145 2598 3233 2647; x_wconf 84' lang='lat' dir='ltr'>est</span> <span class='ocrx_word' id='word_1_396' title='bbox 3264 2593 3437 2648; x_wconf 88' lang='lat' dir='ltr'>nobis</span> <span class='ocrx_word' id='word_1_397' title='bbox 3468 2610 3501 2647; x_wconf 93' lang='lat' dir='ltr'>a</span> <span class='ocrx_word' id='word_1_398' title='bbox 3533 2594 3649 2649; x_wconf 89' lang='lat' dir='ltr'>Deo</span> <span class='ocrx_word' id='word_1_399' title='bbox 3684 2610 3774 2649; x_wconf 88' lang='lat' dir='ltr'>sa-</span> 
     </span>
    </p>
   </div>
   <div class='ocr_carea' id='block_1_56' title="bbox 2117 2679 3773 2754">
    <p class='ocr_par' dir='ltr' id='par_1_56' title="bbox 2117 2679 3773 2754">
     <span class='ocr_line' id='line_1_56' title="bbox 2117 2679 3773 2754; baseline 0 -21"><span class='ocrx_word' id='word_1_400' title='bbox 2117 2679 2363 2750; x_wconf 81' lang='lat' dir='ltr'>pientia,</span> <span class='ocrx_word' id='word_1_401' title='bbox 2399 2680 2723 2751; x_wconf 80' lang='lat' dir='ltr'>etjustitia.</span> <span class='ocrx_word' id='word_1_402' title='bbox 2755 2687 2811 2736; x_wconf 91' lang='lat' dir='ltr'>et</span> <span class='ocrx_word' id='word_1_403' title='bbox 2835 2682 3248 2748; x_wconf 82' lang='lat' dir='ltr'>sanctiﬁcatio,</span> <span class='ocrx_word' id='word_1_404' title='bbox 3282 2689 3340 2737; x_wconf 89' lang='lat' dir='ltr'>et</span> <span class='ocrx_word' id='word_1_405' title='bbox 3369 2682 3720 2754; x_wconf 88' lang='lat' dir='ltr'>redemptio.</span> <span class='ocrx_word' id='word_1_406' title='bbox 3743 2705 3773 2734; x_wconf 87' lang='lat'>»</span> 
     </span>
    </p>
   </div>
   <div class='ocr_carea' id='block_1_57' title="bbox 2118 2769 3773 2842">
    <p class='ocr_par' dir='ltr' id='par_1_57' title="bbox 2118 2769 3773 2842">
     <span class='ocr_line' id='line_1_57' title="bbox 2118 2769 3773 2842; baseline 0.002 -19"><span class='ocrx_word' id='word_1_407' title='bbox 2118 2769 2231 2823; x_wconf 83' lang='lat' dir='ltr'>Hoc</span> <span class='ocrx_word' id='word_1_408' title='bbox 2262 2774 2372 2835; x_wconf 89' lang='lat' dir='ltr'>est,</span> <span class='ocrx_word' id='word_1_409' title='bbox 2405 2770 2504 2841; x_wconf 87' lang='lat' dir='ltr'>qui</span> <span class='ocrx_word' id='word_1_410' title='bbox 2538 2770 2677 2825; x_wconf 80' lang='lat' dir='ltr'>fecit</span> <span class='ocrx_word' id='word_1_411' title='bbox 2708 2788 2818 2825; x_wconf 90' lang='lat' dir='ltr'>nos</span> <span class='ocrx_word' id='word_1_412' title='bbox 2839 2776 2897 2826; x_wconf 89' lang='lat' dir='ltr'>et</span> <span class='ocrx_word' id='word_1_413' title='bbox 2918 2772 3115 2842; x_wconf 83' lang='lat' dir='ltr'>justos</span> <span class='ocrx_word' id='word_1_414' title='bbox 3147 2778 3204 2827; x_wconf 88' lang='lat' dir='ltr'>et</span> <span class='ocrx_word' id='word_1_415' title='bbox 3235 2778 3471 2827; x_wconf 90' lang='lat' dir='ltr'>sanctos</span> <span class='ocrx_word' id='word_1_416' title='bbox 3504 2789 3637 2828; x_wconf 89' lang='lat' dir='ltr'>cum</span> <span class='ocrx_word' id='word_1_417' title='bbox 3662 2789 3773 2827; x_wconf 91' lang='lat' dir='ltr'>nos</span> 
     </span>
    </p>
   </div>
   <div class='ocr_carea' id='block_1_58' title="bbox 2116 2858 3769 2931">
    <p class='ocr_par' dir='ltr' id='par_1_58' title="bbox 2116 2858 3769 2931">
     <span class='ocr_line' id='line_1_58' title="bbox 2116 2858 3769 2931; baseline 0.002 -18"><span class='ocrx_word' id='word_1_418' title='bbox 2116 2858 2469 2914; x_wconf 88' lang='lat' dir='ltr'>redemisset</span> <span class='ocrx_word' id='word_1_419' title='bbox 2500 2859 2572 2914; x_wconf 90' lang='lat' dir='ltr'>ab</span> <span class='ocrx_word' id='word_1_420' title='bbox 2607 2859 2725 2914; x_wconf 91' lang='lat' dir='ltr'>illis</span> <span class='ocrx_word' id='word_1_421' title='bbox 2757 2877 2888 2931; x_wconf 72' lang='lat' dir='ltr'>quas</span> <span class='ocrx_word' id='word_1_422' title='bbox 2940 2866 3077 2915; x_wconf 87' lang='lat' dir='ltr'>sunt</span> <span class='ocrx_word' id='word_1_423' title='bbox 3110 2861 3239 2915; x_wconf 90' lang='lat' dir='ltr'>istis</span> <span class='ocrx_word' id='word_1_424' title='bbox 3272 2860 3589 2916; x_wconf 89' lang='lat' dir='ltr'>contraria.</span> <span class='ocrx_word' id='word_1_425' title='bbox 3623 2862 3769 2916; x_wconf 88' lang='lat' dir='ltr'>Cum</span> 
     </span>
    </p>
   </div>
   <div class='ocr_carea' id='block_1_59' title="bbox 2118 2947 3772 3020">
    <p class='ocr_par' dir='ltr' id='par_1_59' title="bbox 2118 2947 3772 3020">
     <span class='ocr_line' id='line_1_59' title="bbox 2118 2947 3772 3020; baseline 0.001 -18"><span class='ocrx_word' id='word_1_426' title='bbox 2118 2947 2279 3002; x_wconf 86' lang='lat' dir='ltr'>enim</span> <span class='ocrx_word' id='word_1_427' title='bbox 2314 2947 2494 3003; x_wconf 89' lang='lat' dir='ltr'>stulta</span> <span class='ocrx_word' id='word_1_428' title='bbox 2514 2948 2849 3020; x_wconf 81' lang='lat' dir='ltr'>delegisset,</span> <span class='ocrx_word' id='word_1_429' title='bbox 2874 2949 3069 3003; x_wconf 78' lang='lat' dir='ltr'>ell‘ecit</span> <span class='ocrx_word' id='word_1_430' title='bbox 3090 2965 3159 3003; x_wconf 89' lang='lat' dir='ltr'>ea</span> <span class='ocrx_word' id='word_1_431' title='bbox 3183 2949 3475 3019; x_wconf 85' lang='lat' dir='ltr'>sapientia</span> <span class='ocrx_word' id='word_1_432' title='bbox 3506 2954 3564 3003; x_wconf 91' lang='lat' dir='ltr'>et</span> <span class='ocrx_word' id='word_1_433' title='bbox 3588 2950 3772 3019; x_wconf 83' lang='lat' dir='ltr'>justa.</span> 
     </span>
    </p>
   </div>
   <div class='ocr_carea' id='block_1_60' title="bbox 2118 3035 3773 3108">
    <p class='ocr_par' dir='ltr' id='par_1_60' title="bbox 2118 3035 3773 3108">
     <span class='ocr_line' id='line_1_60' title="bbox 2118 3035 3773 3108; baseline 0.004 -22"><span class='ocrx_word' id='word_1_434' title='bbox 2118 3059 2146 3086; x_wconf 86' lang='grc'>‹‹</span> <span class='ocrx_word' id='word_1_435' title='bbox 2172 3037 2278 3101; x_wconf 86' lang='lat' dir='ltr'>Qui</span> <span class='ocrx_word' id='word_1_436' title='bbox 2303 3036 2491 3093; x_wconf 87' lang='lat' dir='ltr'>factus</span> <span class='ocrx_word' id='word_1_437' title='bbox 2513 3042 2601 3092; x_wconf 89' lang='lat' dir='ltr'>est</span> <span class='ocrx_word' id='word_1_438' title='bbox 2626 3035 2797 3091; x_wconf 89' lang='lat' dir='ltr'>nobis</span> <span class='ocrx_word' id='word_1_439' title='bbox 2821 3037 3117 3108; x_wconf 87' lang='lat' dir='ltr'>sapientia</span> <span class='ocrx_word' id='word_1_440' title='bbox 3137 3053 3171 3093; x_wconf 90' lang='lat' dir='ltr'>a</span> <span class='ocrx_word' id='word_1_441' title='bbox 3194 3038 3333 3094; x_wconf 90' lang='lat' dir='ltr'>Deo.</span> <span class='ocrx_word' id='word_1_442' title='bbox 3366 3060 3384 3086; x_wconf 83' lang='lat'><strong>-</strong></span> <span class='ocrx_word' id='word_1_443' title='bbox 3424 3040 3549 3094; x_wconf 85' lang='lat' dir='ltr'>Non</span> <span class='ocrx_word' id='word_1_444' title='bbox 3582 3038 3731 3093; x_wconf 88' lang='lat' dir='ltr'>dixit</span> <span class='ocrx_word' id='word_1_445' title='bbox 3760 3056 3773 3093; x_wconf 90' lang='lat'>:</span> 
     </span>
    </p>
   </div>
   <div class='ocr_carea' id='block_1_61' title="bbox 2120 3124 3778 3194">
    <p class='ocr_par' dir='ltr' id='par_1_61' title="bbox 2120 3124 3778 3194">
     <span class='ocr_line' id='line_1_61' title="bbox 2120 3124 3778 3194; baseline 0.002 -17"><span class='ocrx_word' id='word_1_446' title='bbox 2120 3124 2425 3194; x_wconf 89' lang='lat' dir='ltr'>Sapientes</span> <span class='ocrx_word' id='word_1_447' title='bbox 2453 3140 2560 3179; x_wconf 90' lang='lat' dir='ltr'>nos</span> <span class='ocrx_word' id='word_1_448' title='bbox 2587 3124 2801 3188; x_wconf 81' lang='lat' dir='ltr'>ell‘ecit,</span> <span class='ocrx_word' id='word_1_449' title='bbox 2832 3124 2935 3180; x_wconf 88' lang='lat' dir='ltr'>sed</span> <span class='ocrx_word' id='word_1_450' title='bbox 2962 3124 3282 3180; x_wconf 85' lang='lat' dir='ltr'>ostendens</span> <span class='ocrx_word' id='word_1_451' title='bbox 3308 3125 3612 3181; x_wconf 69' lang='lat' dir='ltr'>ineffabile</span> <span class='ocrx_word' id='word_1_452' title='bbox 3642 3142 3778 3181; x_wconf 84' lang='lat' dir='ltr'>mu—</span> 
     </span>
    </p>
   </div>
   <div class='ocr_carea' id='block_1_62' title="bbox 353 3197 2014 3292">
    <p class='ocr_par' dir='ltr' id='par_1_62' title="bbox 353 3197 2001 3280">
     <span class='ocr_line' id='line_1_62' title="bbox 353 3197 2001 3280; baseline 0.004 -28"><span class='ocrx_word' id='word_1_453' title='bbox 353 3217 504 3275; x_wconf 81' lang='grc' dir='ltr'>φισεν</span> <span class='ocrx_word' id='word_1_454' title='bbox 563 3200 734 3272; x_wconf 71' lang='grc' dir='ltr'>ἡμᾶς,</span> <span class='ocrx_word' id='word_1_455' title='bbox 793 3197 960 3267; x_wconf 66' lang='grc' dir='ltr'>ἀλλὰ,</span> <span class='ocrx_word' id='word_1_456' title='bbox 1023 3197 1233 3263; x_wconf 71' lang='grc' dir='ltr'>δεικνὺς</span> <span class='ocrx_word' id='word_1_457' title='bbox 1288 3200 1350 3256; x_wconf 87' lang='grc' dir='ltr'>τὸ</span> <span class='ocrx_word' id='word_1_458' title='bbox 1411 3200 1612 3280; x_wconf 72' lang='grc' dir='ltr'>ἄφατον</span> <span class='ocrx_word' id='word_1_459' title='bbox 1646 3209 1746 3273; x_wconf 84' lang='grc' dir='ltr'>τῆς</span> <span class='ocrx_word' id='word_1_460' title='bbox 1777 3200 2001 3279; x_wconf 79' lang='grc' dir='ltr'>δωρεᾶς.</span> 
     </span>
    </p>
   </div>
   <div class='ocr_carea' id='block_1_63' title="bbox 2129 3197 3777 3292">
    <p class='ocr_par' dir='ltr' id='par_1_63' title="bbox 2129 3212 3777 3285">
     <span class='ocr_line' id='line_1_63' title="bbox 2129 3212 3777 3285; baseline 0.001 -17"><span class='ocrx_word' id='word_1_461' title='bbox 2129 3229 2253 3279; x_wconf 83' lang='lat' dir='ltr'>nus,</span> <span class='ocrx_word' id='word_1_462' title='bbox 2285 3212 2404 3268; x_wconf 86' lang='lat' dir='ltr'>ait:</span> <span class='ocrx_word' id='word_1_463' title='bbox 2437 3233 2465 3261; x_wconf 85' lang='lat'><strong><em>«</em></strong></span> <span class='ocrx_word' id='word_1_464' title='bbox 2498 3213 2707 3269; x_wconf 88' lang='lat' dir='ltr'>Factus</span> <span class='ocrx_word' id='word_1_465' title='bbox 2738 3218 2827 3268; x_wconf 90' lang='lat' dir='ltr'>est</span> <span class='ocrx_word' id='word_1_466' title='bbox 2873 3212 3045 3268; x_wconf 91' lang='lat' dir='ltr'>nobis</span> <span class='ocrx_word' id='word_1_467' title='bbox 3096 3214 3427 3285; x_wconf 88' lang='lat' dir='ltr'>sapientia;</span> <span class='ocrx_word' id='word_1_468' title='bbox 3462 3236 3491 3263; x_wconf 85' lang='grc'>››</span> <span class='ocrx_word' id='word_1_469' title='bbox 3521 3216 3633 3270; x_wconf 84' lang='lat' dir='ltr'>hoc</span> <span class='ocrx_word' id='word_1_470' title='bbox 3664 3219 3777 3280; x_wconf 85' lang='lat' dir='ltr'>est,</span> 
     </span>
    </p>
   </div>
   <div class='ocr_carea' id='block_1_64' title="bbox 353 3285 2004 3368">
    <p class='ocr_par' dir='ltr' id='par_1_64' title="bbox 353 3285 2004 3368">
     <span class='ocr_line' id='line_1_64' title="bbox 353 3285 2004 3368; baseline 0.003 -27"><span class='ocrx_word' id='word_1_471' title='bbox 353 3285 540 3366; x_wconf 75' lang='grc' dir='ltr'>φησίνο</span> <span class='ocrx_word' id='word_1_472' title='bbox 606 3289 924 3366; x_wconf 70' lang='grc' dir='ltr'>«Ἐγενήθη</span> <span class='ocrx_word' id='word_1_473' title='bbox 983 3291 1119 3363; x_wconf 81' lang='grc' dir='ltr'>ἡμῖν</span> <span class='ocrx_word' id='word_1_474' title='bbox 1177 3290 1361 3368; x_wconf 69' lang='grc' dir='ltr'>σοφία,</span> <span class='ocrx_word' id='word_1_475' title='bbox 1396 3312 1422 3344; x_wconf 72' lang='grc' dir='ltr'>ν</span> <span class='ocrx_word' id='word_1_476' title='bbox 1481 3294 1782 3361; x_wconf 74' lang='grc' dir='ltr'>τουτέστιν,</span> <span class='ocrx_word' id='word_1_477' title='bbox 1817 3292 2004 3347; x_wconf 72' lang='grc' dir='ltr'>ἑαυτὸν</span> 
     </span>
    </p>
   </div>
   <div class='ocr_carea' id='block_1_65' title="bbox 349 3369 2009 3455">
    <p class='ocr_par' dir='ltr' id='par_1_65' title="bbox 349 3369 2009 3455">
     <span class='ocr_line' id='line_1_65' title="bbox 349 3369 2009 3455; baseline 0.005 -27"><span class='ocrx_word' id='word_1_478' title='bbox 349 3377 491 3448; x_wconf 75' lang='grc' dir='ltr'>ἡμῖν</span> <span class='ocrx_word' id='word_1_479' title='bbox 547 3369 761 3434; x_wconf 78' lang='grc' dir='ltr'>ἔδωκεν.</span> <span class='ocrx_word' id='word_1_480' title='bbox 819 3376 1045 3452; x_wconf 74' lang='grc' dir='ltr'>Μεγὰλα</span> <span class='ocrx_word' id='word_1_481' title='bbox 1106 3378 1273 3436; x_wconf 71' lang='grc' dir='ltr'>εἰπὼν</span> <span class='ocrx_word' id='word_1_482' title='bbox 1343 3378 1469 3455; x_wconf 80' lang='grc' dir='ltr'>περὶ</span> <span class='ocrx_word' id='word_1_483' title='bbox 1529 3384 1626 3435; x_wconf 92' lang='grc' dir='ltr'>τοῦ</span> <span class='ocrx_word' id='word_1_484' title='bbox 1684 3381 1834 3450; x_wconf 76' lang='grc' dir='ltr'>Υἱοῦ,</span> <span class='ocrx_word' id='word_1_485' title='bbox 1889 3382 2009 3436; x_wconf 80' lang='grc' dir='ltr'>οἷον</span> 
     </span>
    </p>
   </div>
   <div class='ocr_carea' id='block_1_66' title="bbox 348 3464 2008 3546">
    <p class='ocr_par' dir='ltr' id='par_1_66' title="bbox 348 3464 2008 3546">
     <span class='ocr_line' id='line_1_66' title="bbox 348 3464 2008 3546; baseline 0.003 -25"><span class='ocrx_word' id='word_1_486' title='bbox 348 3464 561 3543; x_wconf 78' lang='grc' dir='ltr'>σοφίαν,</span> <span class='ocrx_word' id='word_1_487' title='bbox 695 3464 1061 3538; x_wconf 79' lang='grc' dir='ltr'>δικαιοσύνην,</span> <span class='ocrx_word' id='word_1_488' title='bbox 1200 3469 1489 3544; x_wconf 85' lang='grc' dir='ltr'>ἁγιασμὸν,</span> <span class='ocrx_word' id='word_1_489' title='bbox 1600 3470 2008 3546; x_wconf 82' lang='grc' dir='ltr'>ἀπολύτρωσιν,</span> 
     </span>
    </p>
   </div>
   <div class='ocr_carea' id='block_1_67' title="bbox 348 3554 2007 3638">
    <p class='ocr_par' dir='ltr' id='par_1_67' title="bbox 348 3554 2007 3638">
     <span class='ocr_line' id='line_1_67' title="bbox 348 3554 2007 3638; baseline 0.002 -28"><span class='ocrx_word' id='word_1_490' title='bbox 348 3554 679 3630; x_wconf 73' lang='grc' dir='ltr'>προστίθησι</span> <span class='ocrx_word' id='word_1_491' title='bbox 706 3555 794 3622; x_wconf 86' lang='grc' dir='ltr'>τό,</span> <span class='ocrx_word' id='word_1_492' title='bbox 827 3580 853 3607; x_wconf 79' lang='grc' dir='ltr'>α</span> <span class='ocrx_word' id='word_1_493' title='bbox 888 3556 1026 3612; x_wconf 83' lang='grc' dir='ltr'>’Λπὸ</span> <span class='ocrx_word' id='word_1_494' title='bbox 1057 3561 1215 3625; x_wconf 86' lang='grc' dir='ltr'>Θεοῦ,</span> <span class='ocrx_word' id='word_1_495' title='bbox 1242 3588 1266 3614; x_wconf 74' lang='grc' dir='ltr'>ι)</span> <span class='ocrx_word' id='word_1_496' title='bbox 1288 3555 1381 3612; x_wconf 82' lang='grc' dir='ltr'>’ίνα</span> <span class='ocrx_word' id='word_1_497' title='bbox 1415 3559 1491 3632; x_wconf 81' lang='grc' dir='ltr'>μή</span> <span class='ocrx_word' id='word_1_498' title='bbox 1527 3557 1819 3638; x_wconf 76' lang='grc' dir='ltr'>ἀγέννητον</span> <span class='ocrx_word' id='word_1_499' title='bbox 1845 3559 2007 3617; x_wconf 79' lang='grc' dir='ltr'>αὐτὸν</span> 
     </span>
    </p>
   </div>
   <div class='ocr_carea' id='block_1_68' title="bbox 356 3638 2008 3725">
    <p class='ocr_par' dir='ltr' id='par_1_68' title="bbox 356 3638 2008 3725">
     <span class='ocr_line' id='line_1_68' title="bbox 356 3638 2008 3725; baseline 0.005 -26"><span class='ocrx_word' id='word_1_500' title='bbox 356 3638 663 3719; x_wconf 69' lang='grc' dir='ltr'>ὑπολάϐῃς.</span> <span class='ocrx_word' id='word_1_501' title='bbox 732 3665 754 3695; x_wconf 79' lang='grc' dir='ltr'>ι</span> <span class='ocrx_word' id='word_1_502' title='bbox 817 3644 917 3703; x_wconf 82' lang='grc' dir='ltr'>Καὶ</span> <span class='ocrx_word' id='word_1_503' title='bbox 976 3644 1386 3722; x_wconf 75' lang='grc' dir='ltr'>ἀπολύτρωσις.</span> <span class='ocrx_word' id='word_1_504' title='bbox 1444 3671 1471 3698; x_wconf 75' lang='grc' dir='ltr'>υ</span> <span class='ocrx_word' id='word_1_505' title='bbox 1528 3650 1667 3725; x_wconf 80' lang='grc' dir='ltr'>Ὅρα</span> <span class='ocrx_word' id='word_1_506' title='bbox 1723 3654 1840 3712; x_wconf 81' lang='grc' dir='ltr'>πῶς</span> <span class='ocrx_word' id='word_1_507' title='bbox 1896 3647 2008 3725; x_wconf 84' lang='grc' dir='ltr'>ὁδῷ</span> 
     </span>
    </p>
   </div>
   <div class='ocr_carea' id='block_1_69' title="bbox 353 3729 2010 3813">
    <p class='ocr_par' dir='ltr' id='par_1_69' title="bbox 353 3729 2010 3813">
     <span class='ocr_line' id='line_1_69' title="bbox 353 3729 2010 3813; baseline 0.005 -26"><span class='ocrx_word' id='word_1_508' title='bbox 353 3729 655 3810; x_wconf 67' lang='grc' dir='ltr'>προϐαίνει.</span> <span class='ocrx_word' id='word_1_509' title='bbox 688 3738 912 3808; x_wconf 80' lang='grc' dir='ltr'>Πρῶτον</span> <span class='ocrx_word' id='word_1_510' title='bbox 970 3736 1097 3813; x_wconf 71' lang='grc' dir='ltr'>γὰρ,</span> <span class='ocrx_word' id='word_1_511' title='bbox 1160 3735 1364 3810; x_wconf 67' lang='grc' dir='ltr'>σοφοὺς</span> <span class='ocrx_word' id='word_1_512' title='bbox 1422 3740 1686 3810; x_wconf 77' lang='grc' dir='ltr'>ποιήσας,</span> <span class='ocrx_word' id='word_1_513' title='bbox 1727 3739 2010 3813; x_wconf 66' lang='grc' dir='ltr'>ἀπήλλαξε</span> 
     </span>
    </p>
   </div>
   <div class='ocr_carea' id='block_1_70' title="bbox 350 3823 2010 3905">
    <p class='ocr_par' dir='ltr' id='par_1_70' title="bbox 350 3823 2010 3905">
     <span class='ocr_line' id='line_1_70' title="bbox 350 3823 2010 3905; baseline 0.004 -25"><span class='ocrx_word' id='word_1_514' title='bbox 350 3830 455 3894; x_wconf 81' lang='grc' dir='ltr'>τὴς</span> <span class='ocrx_word' id='word_1_515' title='bbox 512 3823 749 3893; x_wconf 77' lang='grc' dir='ltr'>πλάνης,</span> <span class='ocrx_word' id='word_1_516' title='bbox 805 3825 895 3880; x_wconf 78' lang='grc' dir='ltr'>καὶ</span> <span class='ocrx_word' id='word_1_517' title='bbox 951 3825 1073 3880; x_wconf 83' lang='grc' dir='ltr'>τότε</span> <span class='ocrx_word' id='word_1_518' title='bbox 1133 3823 1380 3891; x_wconf 82' lang='grc' dir='ltr'>δικαίους</span> <span class='ocrx_word' id='word_1_519' title='bbox 1432 3829 1522 3883; x_wconf 86' lang='grc' dir='ltr'>καὶ</span> <span class='ocrx_word' id='word_1_520' title='bbox 1583 3828 1768 3905; x_wconf 83' lang='grc' dir='ltr'>ἁγίους</span> <span class='ocrx_word' id='word_1_521' title='bbox 1811 3834 1880 3905; x_wconf 79' lang='grc' dir='ltr'>τῇ</span> <span class='ocrx_word' id='word_1_522' title='bbox 1912 3836 2010 3886; x_wconf 89' lang='grc' dir='ltr'>τοῦ</span> 
     </span>
    </p>
   </div>
   <div class='ocr_carea' id='block_1_71' title="bbox 355 3913 2011 3993">
    <p class='ocr_par' dir='ltr' id='par_1_71' title="bbox 355 3913 2011 3993">
     <span class='ocr_line' id='line_1_71' title="bbox 355 3913 2011 3993; baseline 0.006 -26"><span class='ocrx_word' id='word_1_523' title='bbox 355 3914 512 3989; x_wconf 84' lang='grc' dir='ltr'>ἁγίου</span> <span class='ocrx_word' id='word_1_524' title='bbox 570 3913 880 3987; x_wconf 73' lang='grc' dir='ltr'>[Ινεύματος</span> <span class='ocrx_word' id='word_1_525' title='bbox 935 3913 1306 3993; x_wconf 69' lang='grc' dir='ltr'>ἐπιφοιτήσει.</span> <span class='ocrx_word' id='word_1_526' title='bbox 1363 3916 1453 3972; x_wconf 81' lang='grc' dir='ltr'>καὶ</span> <span class='ocrx_word' id='word_1_527' title='bbox 1544 3916 1717 3978; x_wconf 73' lang='grc' dir='ltr'>οὕτως</span> <span class='ocrx_word' id='word_1_528' title='bbox 1775 3917 2011 3990; x_wconf 73' lang='grc' dir='ltr'>ἡλευθέο</span> 
     </span>
    </p>
   </div>
   <div class='ocr_carea' id='block_1_72' title="bbox 355 4004 2010 4086">
    <p class='ocr_par' dir='ltr' id='par_1_72' title="bbox 355 4004 2010 4086">
     <span class='ocr_line' id='line_1_72' title="bbox 355 4004 2010 4086; baseline 0.004 -29"><span class='ocrx_word' id='word_1_529' title='bbox 355 4023 498 4078; x_wconf 74' lang='grc' dir='ltr'>ρωσε</span> <span class='ocrx_word' id='word_1_530' title='bbox 551 4004 764 4059; x_wconf 69' lang='grc' dir='ltr'>πάντων</span> <span class='ocrx_word' id='word_1_531' title='bbox 814 4008 924 4060; x_wconf 79' lang='grc' dir='ltr'>τῶν</span> <span class='ocrx_word' id='word_1_532' title='bbox 977 4009 1179 4059; x_wconf 77' lang='grc' dir='ltr'>κακῶν.</span> <span class='ocrx_word' id='word_1_533' title='bbox 1241 4030 1264 4052; x_wconf 76' lang='grc' dir='ltr'>ι</span> <span class='ocrx_word' id='word_1_534' title='bbox 1296 4008 1466 4061; x_wconf 85' lang='grc' dir='ltr'>Τοῦτο</span> <span class='ocrx_word' id='word_1_535' title='bbox 1521 4006 1623 4084; x_wconf 76' lang='grc' dir='ltr'>γὰρ</span> <span class='ocrx_word' id='word_1_536' title='bbox 1657 4007 1791 4078; x_wconf 64' lang='grc' dir='ltr'>ἑστι,</span> <span class='ocrx_word' id='word_1_537' title='bbox 1824 4011 2010 4086; x_wconf 75' lang='grc' dir='ltr'>φησὶν,</span> 
     </span>
    </p>
   </div>
   <div class='ocr_carea' id='block_1_73' title="bbox 352 4091 2011 4178">
    <p class='ocr_par' dir='ltr' id='par_1_73' title="bbox 352 4091 2011 4178">
     <span class='ocr_line' id='line_1_73' title="bbox 352 4091 2011 4178; baseline 0.004 -31"><span class='ocrx_word' id='word_1_538' title='bbox 352 4093 390 4162; x_wconf 80' lang='grc' dir='ltr'>ἡ</span> <span class='ocrx_word' id='word_1_539' title='bbox 422 4091 825 4167; x_wconf 76' lang='grc' dir='ltr'>ἂπολύτρωσις.</span> <span class='ocrx_word' id='word_1_540' title='bbox 884 4095 1024 4161; x_wconf 82' lang='grc' dir='ltr'>Ἵνα,</span> <span class='ocrx_word' id='word_1_541' title='bbox 1074 4094 1258 4156; x_wconf 79' lang='grc' dir='ltr'>καθὼς</span> <span class='ocrx_word' id='word_1_542' title='bbox 1316 4095 1642 4174; x_wconf 73' lang='grc' dir='ltr'>γεγραπται,</span> <span class='ocrx_word' id='word_1_543' title='bbox 1702 4098 1730 4152; x_wconf 84' lang='grc' dir='ltr'>ὁ</span> <span class='ocrx_word' id='word_1_544' title='bbox 1785 4099 2011 4178; x_wconf 73' lang='grc' dir='ltr'>καυχώο</span> 
     </span>
    </p>
   </div>
   <div class='ocr_carea' id='block_1_74' title="bbox 357 4180 2013 4264">
    <p class='ocr_par' dir='ltr' id='par_1_74' title="bbox 357 4180 2013 4264">
     <span class='ocr_line' id='line_1_74' title="bbox 357 4180 2013 4264; baseline 0.004 -29"><span class='ocrx_word' id='word_1_545' title='bbox 357 4202 520 4255; x_wconf 85' lang='grc' dir='ltr'>μενος</span> <span class='ocrx_word' id='word_1_546' title='bbox 574 4180 626 4235; x_wconf 76' lang='grc' dir='ltr'>ἐν</span> <span class='ocrx_word' id='word_1_547' title='bbox 680 4181 859 4257; x_wconf 85' lang='grc' dir='ltr'>Κυρίῳ</span> <span class='ocrx_word' id='word_1_548' title='bbox 915 4182 1231 4259; x_wconf 83' lang='grc' dir='ltr'>καυχάσθω.</span> <span class='ocrx_word' id='word_1_549' title='bbox 1268 4206 1290 4236; x_wconf 74' lang='grc' dir='ltr'><strong><em>ι</em></strong></span> <span class='ocrx_word' id='word_1_550' title='bbox 1359 4184 1555 4254; x_wconf 80' lang='grc' dir='ltr'>Πάντα,</span> <span class='ocrx_word' id='word_1_551' title='bbox 1618 4186 1776 4264; x_wconf 75' lang='grc' dir='ltr'>φησὶ,</span> <span class='ocrx_word' id='word_1_552' title='bbox 1822 4184 2013 4263; x_wconf 77' lang='grc' dir='ltr'>γέγονε</span> 
     </span>
    </p>
   </div>
   <div class='ocr_carea' id='block_1_75' title="bbox 350 4268 2012 4349">
    <p class='ocr_par' dir='ltr' id='par_1_75' title="bbox 350 4268 2012 4349">
     <span class='ocr_line' id='line_1_75' title="bbox 350 4268 2012 4349; baseline 0.001 -22"><span class='ocrx_word' id='word_1_553' title='bbox 350 4274 543 4339; x_wconf 88' lang='grc' dir='ltr'>ταῦτα,</span> <span class='ocrx_word' id='word_1_554' title='bbox 568 4268 662 4325; x_wconf 74' lang='grc' dir='ltr'>’ίνα</span> <span class='ocrx_word' id='word_1_555' title='bbox 714 4269 906 4345; x_wconf 81' lang='grc' dir='ltr'>μηδεὶς</span> <span class='ocrx_word' id='word_1_556' title='bbox 967 4272 1154 4329; x_wconf 73' lang='grc' dir='ltr'>ἑαυτὸν</span> <span class='ocrx_word' id='word_1_557' title='bbox 1210 4270 1346 4329; x_wconf 76' lang='grc' dir='ltr'>εἶναί</span> <span class='ocrx_word' id='word_1_558' title='bbox 1404 4292 1455 4328; x_wconf 92' lang='grc' dir='ltr'>τι</span> <span class='ocrx_word' id='word_1_559' title='bbox 1514 4272 1734 4349; x_wconf 75' lang='grc' dir='ltr'>νομίζῃ,</span> <span class='ocrx_word' id='word_1_560' title='bbox 1766 4273 1907 4349; x_wconf 72' lang='grc' dir='ltr'>μηδὲ</span> <span class='ocrx_word' id='word_1_561' title='bbox 1936 4276 2012 4339; x_wconf 77' lang='grc' dir='ltr'>εἷς</span> 
     </span>
    </p>
   </div>
   <div class='ocr_carea' id='block_1_76' title="bbox 353 4360 2012 4436">
    <p class='ocr_par' dir='ltr' id='par_1_76' title="bbox 353 4360 2012 4436">
     <span class='ocr_line' id='line_1_76' title="bbox 353 4360 2012 4436; baseline 0.002 -21"><span class='ocrx_word' id='word_1_562' title='bbox 353 4360 547 4415; x_wconf 62' lang='grc' dir='ltr'>ἑαυτὸν</span> <span class='ocrx_word' id='word_1_563' title='bbox 604 4364 938 4436; x_wconf 81' lang='grc' dir='ltr'>καυχῶνται,</span> <span class='ocrx_word' id='word_1_564' title='bbox 999 4360 1130 4417; x_wconf 68' lang='grc' dir='ltr'>ἀλλ’</span> <span class='ocrx_word' id='word_1_565' title='bbox 1213 4361 1290 4425; x_wconf 82' lang='grc' dir='ltr'>είς</span> <span class='ocrx_word' id='word_1_566' title='bbox 1348 4363 1439 4417; x_wconf 83' lang='grc' dir='ltr'>τὸν</span> <span class='ocrx_word' id='word_1_567' title='bbox 1500 4363 1653 4421; x_wconf 88' lang='grc' dir='ltr'>Θεόν.</span> <span class='ocrx_word' id='word_1_568' title='bbox 1714 4363 2012 4421; x_wconf 82' lang='grc' dir='ltr'>Αίνίττεται</span> 
     </span>
    </p>
   </div>
   <div class='ocr_carea' id='block_1_77' title="bbox 358 4446 2015 4531">
    <p class='ocr_par' dir='ltr' id='par_1_77' title="bbox 358 4446 2015 4531">
     <span class='ocr_line' id='line_1_77' title="bbox 358 4446 2015 4531; baseline 0.002 -26"><span class='ocrx_word' id='word_1_569' title='bbox 358 4446 418 4505; x_wconf 75' lang='grc' dir='ltr'>δὶ</span> <span class='ocrx_word' id='word_1_570' title='bbox 492 4449 708 4513; x_wconf 81' lang='grc' dir='ltr'>αύτούς.</span> <span class='ocrx_word' id='word_1_571' title='bbox 788 4452 952 4507; x_wconf 87' lang='grc' dir='ltr'>Ἦσαν</span> <span class='ocrx_word' id='word_1_572' title='bbox 1026 4452 1129 4529; x_wconf 80' lang='grc' dir='ltr'>γὰρ</span> <span class='ocrx_word' id='word_1_573' title='bbox 1203 4472 1348 4515; x_wconf 88' lang='grc' dir='ltr'>τινες</span> <span class='ocrx_word' id='word_1_574' title='bbox 1451 4449 1661 4528; x_wconf 82' lang='grc' dir='ltr'>μεγάλα</span> <span class='ocrx_word' id='word_1_575' title='bbox 1748 4459 2015 4531; x_wconf 80' lang='grc' dir='ltr'>φρονοῦν-</span> 
     </span>
    </p>
   </div>
   <div class='ocr_carea' id='block_1_78' title="bbox 355 4558 469 4600">
    <p class='ocr_par' dir='ltr' id='par_1_78' title="bbox 355 4558 469 4600">
     <span class='ocr_line' id='line_1_78' title="bbox 355 4558 469 4600; baseline 0.018 -6"><span class='ocrx_word' id='word_1_576' title='bbox 355 4558 469 4600; x_wconf 86' lang='grc' dir='ltr'>τες.</span> 
     </span>
    </p>
   </div>
   <div class='ocr_carea' id='block_1_79' title="bbox 2119 3300 3774 3375">
    <p class='ocr_par' dir='ltr' id='par_1_79' title="bbox 2119 3300 3774 3375">
     <span class='ocr_line' id='line_1_79' title="bbox 2119 3300 3774 3375; baseline -0.001 -16"><span class='ocrx_word' id='word_1_577' title='bbox 2119 3302 2379 3374; x_wconf 89' lang='lat' dir='ltr'>seipsum</span> <span class='ocrx_word' id='word_1_578' title='bbox 2410 3301 2583 3357; x_wconf 89' lang='lat' dir='ltr'>nobis</span> <span class='ocrx_word' id='word_1_579' title='bbox 2606 3300 2787 3357; x_wconf 88' lang='lat' dir='ltr'>dedit.</span> <span class='ocrx_word' id='word_1_580' title='bbox 2814 3302 2958 3358; x_wconf 87' lang='lat' dir='ltr'>Cum</span> <span class='ocrx_word' id='word_1_581' title='bbox 2983 3318 3197 3375; x_wconf 88' lang='lat' dir='ltr'>magna</span> <span class='ocrx_word' id='word_1_582' title='bbox 3227 3302 3299 3357; x_wconf 93' lang='lat' dir='ltr'>de</span> <span class='ocrx_word' id='word_1_583' title='bbox 3330 3303 3477 3357; x_wconf 90' lang='lat' dir='ltr'>Filio</span> <span class='ocrx_word' id='word_1_584' title='bbox 3503 3302 3774 3369; x_wconf 83' lang='lat' dir='ltr'>dixisset,</span> 
     </span>
    </p>
   </div>
   <div class='ocr_carea' id='block_1_80' title="bbox 2116 3390 3775 3463">
    <p class='ocr_par' dir='ltr' id='par_1_80' title="bbox 2116 3390 3775 3463">
     <span class='ocr_line' id='line_1_80' title="bbox 2116 3390 3775 3463; baseline -0.001 -15"><span class='ocrx_word' id='word_1_585' title='bbox 2116 3395 2322 3462; x_wconf 88' lang='lat' dir='ltr'>utpote</span> <span class='ocrx_word' id='word_1_586' title='bbox 2349 3390 2507 3462; x_wconf 92' lang='lat' dir='ltr'>quod</span> <span class='ocrx_word' id='word_1_587' title='bbox 2540 3390 2833 3463; x_wconf 87' lang='lat' dir='ltr'>sapientia</span> <span class='ocrx_word' id='word_1_588' title='bbox 2862 3396 3039 3456; x_wconf 86' lang='lat' dir='ltr'>esset,</span> <span class='ocrx_word' id='word_1_589' title='bbox 3062 3390 3413 3462; x_wconf 82' lang='lat' dir='ltr'>justiﬁcatio</span> <span class='ocrx_word' id='word_1_590' title='bbox 3446 3407 3513 3446; x_wconf 88' lang='lat' dir='ltr'>ac</span> <span class='ocrx_word' id='word_1_591' title='bbox 3546 3390 3775 3446; x_wconf 90' lang='lat' dir='ltr'>redem-</span> 
     </span>
    </p>
   </div>
   <div class='ocr_carea' id='block_1_81' title="bbox 2117 3479 3773 3553">
    <p class='ocr_par' dir='ltr' id='par_1_81' title="bbox 2117 3479 3773 3553">
     <span class='ocr_line' id='line_1_81' title="bbox 2117 3479 3773 3553; baseline -0.001 -16"><span class='ocrx_word' id='word_1_592' title='bbox 2117 3480 2264 3553; x_wconf 88' lang='lat' dir='ltr'>ptio,</span> <span class='ocrx_word' id='word_1_593' title='bbox 2298 3479 2496 3535; x_wconf 91' lang='lat' dir='ltr'>addit:</span> <span class='ocrx_word' id='word_1_594' title='bbox 2531 3502 2560 3529; x_wconf 90' lang='grc'>‹‹</span> <span class='ocrx_word' id='word_1_595' title='bbox 2594 3484 2627 3534; x_wconf 83' lang='grc' dir='ltr'>Α</span> <span class='ocrx_word' id='word_1_596' title='bbox 2656 3481 2797 3549; x_wconf 91' lang='lat' dir='ltr'>Deo,</span> <span class='ocrx_word' id='word_1_597' title='bbox 2824 3501 2852 3530; x_wconf 84' lang='lat'>»</span> <span class='ocrx_word' id='word_1_598' title='bbox 2875 3496 2949 3535; x_wconf 90' lang='lat' dir='ltr'>ne</span> <span class='ocrx_word' id='word_1_599' title='bbox 2981 3480 3312 3552; x_wconf 86' lang='lat' dir='ltr'>ingenitum</span> <span class='ocrx_word' id='word_1_600' title='bbox 3343 3496 3480 3536; x_wconf 90' lang='lat' dir='ltr'>eum</span> <span class='ocrx_word' id='word_1_601' title='bbox 3513 3482 3773 3552; x_wconf 85' lang='lat' dir='ltr'>suspice-</span> 
     </span>
    </p>
   </div>
   <div class='ocr_carea' id='block_1_82' title="bbox 2117 3568 3769 3642">
    <p class='ocr_par' dir='ltr' id='par_1_82' title="bbox 2117 3568 3769 3642">
     <span class='ocr_line' id='line_1_82' title="bbox 2117 3568 3769 3642; baseline 0.001 -17"><span class='ocrx_word' id='word_1_602' title='bbox 2117 3570 2221 3626; x_wconf 88' lang='lat' dir='ltr'>ris.</span> <span class='ocrx_word' id='word_1_603' title='bbox 2257 3591 2285 3619; x_wconf 85' lang='grc'>‹‹</span> <span class='ocrx_word' id='word_1_604' title='bbox 2317 3571 2395 3625; x_wconf 88' lang='lat' dir='ltr'>Ac</span> <span class='ocrx_word' id='word_1_605' title='bbox 2427 3569 2779 3641; x_wconf 88' lang='lat' dir='ltr'>redemptio.</span> <span class='ocrx_word' id='word_1_606' title='bbox 2817 3591 2845 3619; x_wconf 83' lang='lat'>»</span> <span class='ocrx_word' id='word_1_607' title='bbox 2880 3570 3020 3625; x_wconf 90' lang='lat' dir='ltr'>Vide</span> <span class='ocrx_word' id='word_1_608' title='bbox 3079 3585 3195 3641; x_wconf 93' lang='lat' dir='ltr'>quo</span> <span class='ocrx_word' id='word_1_609' title='bbox 3227 3568 3434 3625; x_wconf 91' lang='lat' dir='ltr'>ordine</span> <span class='ocrx_word' id='word_1_610' title='bbox 3466 3570 3769 3642; x_wconf 87' lang='lat' dir='ltr'>procedat.</span> 
     </span>
    </p>
   </div>
   <div class='ocr_carea' id='block_1_83' title="bbox 2118 3658 3773 3730">
    <p class='ocr_par' dir='ltr' id='par_1_83' title="bbox 2118 3658 3773 3730">
     <span class='ocr_line' id='line_1_83' title="bbox 2118 3658 3773 3730; baseline 0.001 -15"><span class='ocrx_word' id='word_1_611' title='bbox 2118 3660 2382 3716; x_wconf 89' lang='lat' dir='ltr'>Primum</span> <span class='ocrx_word' id='word_1_612' title='bbox 2415 3658 2656 3730; x_wconf 91' lang='lat' dir='ltr'>quidem</span> <span class='ocrx_word' id='word_1_613' title='bbox 2691 3659 2991 3730; x_wconf 87' lang='lat' dir='ltr'>sapientes</span> <span class='ocrx_word' id='word_1_614' title='bbox 3015 3658 3280 3715; x_wconf 83' lang='lat' dir='ltr'>efﬁciens</span> <span class='ocrx_word' id='word_1_615' title='bbox 3302 3659 3375 3714; x_wconf 90' lang='lat' dir='ltr'>ab</span> <span class='ocrx_word' id='word_1_616' title='bbox 3398 3676 3598 3715; x_wconf 87' lang='lat' dir='ltr'>errore</span> <span class='ocrx_word' id='word_1_617' title='bbox 3621 3661 3773 3716; x_wconf 79' lang='lat' dir='ltr'>libe-</span> 
     </span>
    </p>
   </div>
   <div class='ocr_carea' id='block_1_84' title="bbox 2117 3751 3776 3822">
    <p class='ocr_par' dir='ltr' id='par_1_84' title="bbox 2117 3751 3776 3822">
     <span class='ocr_line' id='line_1_84' title="bbox 2117 3751 3776 3822; baseline -0.001 -15"><span class='ocrx_word' id='word_1_618' title='bbox 2117 3751 2285 3817; x_wconf 85' lang='lat' dir='ltr'>ravit,</span> <span class='ocrx_word' id='word_1_619' title='bbox 2312 3756 2370 3807; x_wconf 90' lang='lat' dir='ltr'>et</span> <span class='ocrx_word' id='word_1_620' title='bbox 2389 3751 2743 3822; x_wconf 87' lang='lat' dir='ltr'>tuncjustos</span> <span class='ocrx_word' id='word_1_621' title='bbox 2770 3756 2830 3806; x_wconf 90' lang='lat' dir='ltr'>et</span> <span class='ocrx_word' id='word_1_622' title='bbox 2860 3756 3095 3806; x_wconf 87' lang='lat' dir='ltr'>sanctos</span> <span class='ocrx_word' id='word_1_623' title='bbox 3117 3752 3574 3822; x_wconf 75' lang='lat' dir='ltr'>superventione</span> <span class='ocrx_word' id='word_1_624' title='bbox 3598 3751 3776 3820; x_wconf 87' lang='lat' dir='ltr'>Spiri-</span> 
     </span>
    </p>
   </div>
   <div class='ocr_carea' id='block_1_85' title="bbox 2120 3838 3774 3907">
    <p class='ocr_par' dir='ltr' id='par_1_85' title="bbox 2120 3838 3774 3907">
     <span class='ocr_line' id='line_1_85' title="bbox 2120 3838 3774 3907; baseline -0.001 -12"><span class='ocrx_word' id='word_1_625' title='bbox 2120 3845 2214 3896; x_wconf 91' lang='lat' dir='ltr'>tus</span> <span class='ocrx_word' id='word_1_626' title='bbox 2246 3840 2434 3897; x_wconf 88' lang='lat' dir='ltr'>sancti</span> <span class='ocrx_word' id='word_1_627' title='bbox 2469 3840 2745 3907; x_wconf 86' lang='lat' dir='ltr'>reddidit,</span> <span class='ocrx_word' id='word_1_628' title='bbox 2772 3846 2830 3894; x_wconf 91' lang='lat' dir='ltr'>et</span> <span class='ocrx_word' id='word_1_629' title='bbox 2851 3841 2933 3896; x_wconf 90' lang='lat' dir='ltr'>ita</span> <span class='ocrx_word' id='word_1_630' title='bbox 2958 3857 2991 3895; x_wconf 91' lang='lat' dir='ltr'>a</span> <span class='ocrx_word' id='word_1_631' title='bbox 3012 3840 3241 3895; x_wconf 89' lang='lat' dir='ltr'>cunctis</span> <span class='ocrx_word' id='word_1_632' title='bbox 3269 3838 3441 3893; x_wconf 90' lang='lat' dir='ltr'>malis</span> <span class='ocrx_word' id='word_1_633' title='bbox 3471 3838 3774 3906; x_wconf 86' lang='lat' dir='ltr'>liberavit;</span> 
     </span>
    </p>
   </div>
   <div class='ocr_carea' id='block_1_86' title="bbox 2119 3927 3780 4002">
    <p class='ocr_par' dir='ltr' id='par_1_86' title="bbox 2119 3927 3780 4002">
     <span class='ocr_line' id='line_1_86' title="bbox 2119 3927 3780 4002; baseline -0.002 -15"><span class='ocrx_word' id='word_1_634' title='bbox 2119 3946 2262 3988; x_wconf 86' lang='lat' dir='ltr'>nam</span> <span class='ocrx_word' id='word_1_635' title='bbox 2294 3931 2405 3987; x_wconf 90' lang='lat' dir='ltr'>hoc</span> <span class='ocrx_word' id='word_1_636' title='bbox 2433 3936 2520 3986; x_wconf 89' lang='lat' dir='ltr'>est</span> <span class='ocrx_word' id='word_1_637' title='bbox 2548 3930 2905 4002; x_wconf 87' lang='lat' dir='ltr'>redemptio.</span> <span class='ocrx_word' id='word_1_638' title='bbox 2936 3950 2965 3979; x_wconf 82' lang='lat'>«</span> <span class='ocrx_word' id='word_1_639' title='bbox 2990 3929 3083 3988; x_wconf 87' lang='lat' dir='ltr'>Ut.</span> <span class='ocrx_word' id='word_1_640' title='bbox 3110 3927 3613 3999; x_wconf 82' lang='lat' dir='ltr'>quemadmodum</span> <span class='ocrx_word' id='word_1_641' title='bbox 3637 3928 3780 3984; x_wconf 88' lang='lat' dir='ltr'>scri.</span> 
     </span>
    </p>
   </div>
   <div class='ocr_carea' id='block_1_87' title="bbox 2119 4016 3771 4093">
    <p class='ocr_par' dir='ltr' id='par_1_87' title="bbox 2119 4016 3771 4093">
     <span class='ocr_line' id='line_1_87' title="bbox 2119 4016 3771 4093; baseline -0.006 -16"><span class='ocrx_word' id='word_1_642' title='bbox 2119 4026 2287 4093; x_wconf 89' lang='lat' dir='ltr'>ptum</span> <span class='ocrx_word' id='word_1_643' title='bbox 2318 4025 2428 4077; x_wconf 91' lang='lat' dir='ltr'>est.</span> <span class='ocrx_word' id='word_1_644' title='bbox 2475 4021 2576 4092; x_wconf 87' lang='lat' dir='ltr'>qui</span> <span class='ocrx_word' id='word_1_645' title='bbox 2634 4019 2923 4092; x_wconf 88' lang='lat' dir='ltr'>gloriatur</span> <span class='ocrx_word' id='word_1_646' title='bbox 2979 4018 3040 4073; x_wconf 93' lang='lat' dir='ltr'>in</span> <span class='ocrx_word' id='word_1_647' title='bbox 3097 4016 3344 4072; x_wconf 88' lang='lat' dir='ltr'>Domino</span> <span class='ocrx_word' id='word_1_648' title='bbox 3404 4017 3708 4091; x_wconf 86' lang='lat' dir='ltr'>glorietur.</span> <span class='ocrx_word' id='word_1_649' title='bbox 3751 4042 3771 4067; x_wconf 73' lang='grc' dir='ltr'>ι</span> 
     </span>
    </p>
   </div>
   <div class='ocr_carea' id='block_1_88' title="bbox 2121 4107 3779 4179">
    <p class='ocr_par' dir='ltr' id='par_1_88' title="bbox 2121 4107 3779 4179">
     <span class='ocr_line' id='line_1_88' title="bbox 2121 4107 3779 4179; baseline -0.001 -14"><span class='ocrx_word' id='word_1_650' title='bbox 2121 4109 2351 4174; x_wconf 90' lang='lat' dir='ltr'>Omnia,</span> <span class='ocrx_word' id='word_1_651' title='bbox 2376 4109 2588 4179; x_wconf 89' lang='lat' dir='ltr'>inquit.</span> <span class='ocrx_word' id='word_1_652' title='bbox 2612 4108 2736 4162; x_wconf 68' lang='lat' dir='ltr'>hinc</span> <span class='ocrx_word' id='word_1_653' title='bbox 2758 4107 2909 4163; x_wconf 81' lang='lat' dir='ltr'>facta</span> <span class='ocrx_word' id='word_1_654' title='bbox 2928 4111 3083 4169; x_wconf 62' lang='lat' dir='ltr'>sunt.</span> <span class='ocrx_word' id='word_1_655' title='bbox 3109 4113 3173 4162; x_wconf 92' lang='lat' dir='ltr'>ut</span> <span class='ocrx_word' id='word_1_656' title='bbox 3196 4124 3369 4162; x_wconf 91' lang='lat' dir='ltr'>nemo</span> <span class='ocrx_word' id='word_1_657' title='bbox 3390 4108 3650 4179; x_wconf 86' lang='lat' dir='ltr'>seipsum</span> <span class='ocrx_word' id='word_1_658' title='bbox 3674 4109 3779 4163; x_wconf 87' lang='lat' dir='ltr'>ali-</span> 
     </span>
    </p>
   </div>
   <div class='ocr_carea' id='block_1_89' title="bbox 2122 4196 3777 4270">
    <p class='ocr_par' dir='ltr' id='par_1_89' title="bbox 2122 4196 3777 4270">
     <span class='ocr_line' id='line_1_89' title="bbox 2122 4196 3777 4270; baseline -0.001 -17"><span class='ocrx_word' id='word_1_659' title='bbox 2122 4198 2265 4270; x_wconf 90' lang='lat' dir='ltr'>quid</span> <span class='ocrx_word' id='word_1_660' title='bbox 2288 4213 2415 4252; x_wconf 91' lang='lat' dir='ltr'>esse</span> <span class='ocrx_word' id='word_1_661' title='bbox 2438 4197 2959 4268; x_wconf 72' lang='lat' dir='ltr'>existimet,neque</span> <span class='ocrx_word' id='word_1_662' title='bbox 2978 4197 3039 4251; x_wconf 91' lang='lat' dir='ltr'>in</span> <span class='ocrx_word' id='word_1_663' title='bbox 3059 4196 3253 4268; x_wconf 87' lang='lat' dir='ltr'>seipso</span> <span class='ocrx_word' id='word_1_664' title='bbox 3274 4197 3689 4269; x_wconf 87' lang='lat' dir='ltr'>glorietur,sed</span> <span class='ocrx_word' id='word_1_665' title='bbox 3715 4199 3777 4251; x_wconf 90' lang='lat' dir='ltr'>in</span> 
     </span>
    </p>
   </div>
   <div class='ocr_carea' id='block_1_90' title="bbox 2121 4285 3776 4357">
    <p class='ocr_par' dir='ltr' id='par_1_90' title="bbox 2121 4285 3776 4357">
     <span class='ocr_line' id='line_1_90' title="bbox 2121 4285 3776 4357; baseline -0.001 -14"><span class='ocrx_word' id='word_1_666' title='bbox 2121 4285 2507 4344; x_wconf 89' lang='lat' dir='ltr'>Deo.Occulte</span> <span class='ocrx_word' id='word_1_667' title='bbox 2531 4291 2723 4340; x_wconf 90' lang='lat' dir='ltr'>autem</span> <span class='ocrx_word' id='word_1_668' title='bbox 2749 4286 2911 4357; x_wconf 88' lang='lat' dir='ltr'>ipsos</span> <span class='ocrx_word' id='word_1_669' title='bbox 2934 4291 3129 4353; x_wconf 88' lang='lat' dir='ltr'>notat;</span> <span class='ocrx_word' id='word_1_670' title='bbox 3151 4302 3288 4342; x_wconf 88' lang='lat' dir='ltr'>nam</span> <span class='ocrx_word' id='word_1_671' title='bbox 3312 4292 3483 4342; x_wconf 86' lang='lat' dir='ltr'>erant</span> <span class='ocrx_word' id='word_1_672' title='bbox 3501 4286 3776 4341; x_wconf 90' lang='lat' dir='ltr'>nonnulli</span> 
     </span>
    </p>
   </div>
   <div class='ocr_carea' id='block_1_91' title="bbox 2124 4373 2813 4447">
    <p class='ocr_par' dir='ltr' id='par_1_91' title="bbox 2124 4373 2813 4447">
     <span class='ocr_line' id='line_1_91' title="bbox 2124 4373 2813 4447; baseline -0.004 -16"><span class='ocrx_word' id='word_1_673' title='bbox 2124 4374 2535 4447; x_wconf 85' lang='lat' dir='ltr'>superbientes</span> <span class='ocrx_word' id='word_1_674' title='bbox 2565 4380 2623 4429; x_wconf 90' lang='lat' dir='ltr'>et</span> <span class='ocrx_word' id='word_1_675' title='bbox 2654 4373 2813 4429; x_wconf 90' lang='lat' dir='ltr'>elati.</span> 
     </span>
    </p>
   </div>
   <div class='ocr_carea' id='block_1_92' title="bbox 430 4599 2014 4712">
    <p class='ocr_par' dir='ltr' id='par_1_92' title="bbox 430 4599 2009 4712">
     <span class='ocr_line' id='line_1_92' title="bbox 430 4599 2009 4712; baseline 0.003 -29"><span class='ocrx_word' id='word_1_676' title='bbox 430 4628 595 4704; x_wconf 78' lang='grc' dir='ltr'>Κάγὼ</span> <span class='ocrx_word' id='word_1_677' title='bbox 667 4628 842 4692; x_wconf 69' lang='grc' dir='ltr'>ἐλθὼν</span> <span class='ocrx_word' id='word_1_678' title='bbox 918 4630 1054 4703; x_wconf 83' lang='grc' dir='ltr'>πρὸς</span> <span class='ocrx_word' id='word_1_679' title='bbox 1134 4630 1295 4703; x_wconf 72' lang='grc' dir='ltr'>ὑμᾶς,</span> <span class='ocrx_word' id='word_1_680' title='bbox 1371 4628 1622 4712; x_wconf 78' lang='grc' dir='ltr'>ἀδελφοὶ,</span> <span class='ocrx_word' id='word_1_681' title='bbox 1701 4630 1874 4702; x_wconf 81' lang='grc' dir='ltr'>ἦλθον</span> <span class='ocrx_word' id='word_1_682' title='bbox 1947 4632 2009 4688; x_wconf 81' lang='grc' dir='ltr'>οὐ</span> 
     </span>
    </p>
   </div>
   <div class='ocr_carea' id='block_1_93' title="bbox 2129 4599 3779 4712">
    <p class='ocr_par' dir='ltr' id='par_1_93' title="bbox 2195 4634 3779 4709">
     <span class='ocr_line' id='line_1_93' title="bbox 2195 4634 3779 4709; baseline -0.001 -19"><span class='ocrx_word' id='word_1_683' title='bbox 2195 4635 2265 4701; x_wconf 87' lang='grc' dir='ltr'>ΙΙ,</span> <span class='ocrx_word' id='word_1_684' title='bbox 2297 4639 2405 4690; x_wconf 82' lang='grc'>1-2.</span> <span class='ocrx_word' id='word_1_685' title='bbox 2442 4654 2463 4683; x_wconf 76' lang='grc' dir='ltr'>ι</span> <span class='ocrx_word' id='word_1_686' title='bbox 2487 4637 2556 4691; x_wconf 87' lang='lat' dir='ltr'>Et</span> <span class='ocrx_word' id='word_1_687' title='bbox 2575 4651 2680 4709; x_wconf 86' lang='lat' dir='ltr'>ego</span> <span class='ocrx_word' id='word_1_688' title='bbox 2699 4650 2835 4691; x_wconf 91' lang='lat' dir='ltr'>cum</span> <span class='ocrx_word' id='word_1_689' title='bbox 2858 4635 3152 4691; x_wconf 85' lang='lat' dir='ltr'>venissem</span> <span class='ocrx_word' id='word_1_690' title='bbox 3175 4635 3249 4691; x_wconf 89' lang='lat' dir='ltr'>ad</span> <span class='ocrx_word' id='word_1_691' title='bbox 3269 4634 3779 4702; x_wconf 87' lang='lat' dir='ltr'>vos,fratres,veni</span> 
     </span>
    </p>
   </div>
   <div class='ocr_carea' id='block_1_94' title="bbox 358 4717 2011 4800">
    <p class='ocr_par' dir='ltr' id='par_1_94' title="bbox 358 4717 2011 4800">
     <span class='ocr_line' id='line_1_94' title="bbox 358 4717 2011 4800; baseline 0.002 -26"><span class='ocrx_word' id='word_1_692' title='bbox 358 4720 480 4781; x_wconf 80' lang='grc' dir='ltr'>καθ’</span> <span class='ocrx_word' id='word_1_693' title='bbox 583 4718 863 4794; x_wconf 77' lang='grc' dir='ltr'>ὑπεροχήν</span> <span class='ocrx_word' id='word_1_694' title='bbox 951 4717 1123 4795; x_wconf 82' lang='grc' dir='ltr'>λόγου</span> <span class='ocrx_word' id='word_1_695' title='bbox 1198 4722 1234 4792; x_wconf 76' lang='grc' dir='ltr'>ἢ</span> <span class='ocrx_word' id='word_1_696' title='bbox 1310 4720 1523 4792; x_wconf 73' lang='grc' dir='ltr'>σοφίας,</span> <span class='ocrx_word' id='word_1_697' title='bbox 1624 4720 2011 4800; x_wconf 69' lang='grc' dir='ltr'>καταγγέλλων</span> 
     </span>
    </p>
   </div>
   <div class='ocr_carea' id='block_1_95' title="bbox 361 4807 2012 4887">
    <p class='ocr_par' dir='ltr' id='par_1_95' title="bbox 361 4807 2012 4887">
     <span class='ocr_line' id='line_1_95' title="bbox 361 4807 2012 4887; baseline 0.002 -23"><span class='ocrx_word' id='word_1_698' title='bbox 361 4807 491 4879; x_wconf 79' lang='grc' dir='ltr'>ὑμῖν</span> <span class='ocrx_word' id='word_1_699' title='bbox 544 4807 607 4862; x_wconf 87' lang='grc' dir='ltr'>τὸ</span> <span class='ocrx_word' id='word_1_700' title='bbox 668 4807 964 4884; x_wconf 86' lang='grc' dir='ltr'>μαρτύριον</span> <span class='ocrx_word' id='word_1_701' title='bbox 1013 4813 1111 4864; x_wconf 89' lang='grc' dir='ltr'>τοῦ</span> <span class='ocrx_word' id='word_1_702' title='bbox 1168 4815 1324 4867; x_wconf 87' lang='grc' dir='ltr'>Θεοῦ.</span> <span class='ocrx_word' id='word_1_703' title='bbox 1383 4811 1460 4866; x_wconf 81' lang='grc' dir='ltr'>ού</span> <span class='ocrx_word' id='word_1_704' title='bbox 1512 4814 1618 4887; x_wconf 78' lang='grc' dir='ltr'>γᾶρ</span> <span class='ocrx_word' id='word_1_705' title='bbox 1675 4809 1859 4885; x_wconf 82' lang='grc' dir='ltr'>ἔκρινα</span> <span class='ocrx_word' id='word_1_706' title='bbox 1914 4818 2012 4869; x_wconf 85' lang='grc' dir='ltr'>τοῦ</span> 
     </span>
    </p>
   </div>
   <div class='ocr_carea' id='block_1_96' title="bbox 360 4896 2010 4979">
    <p class='ocr_par' dir='ltr' id='par_1_96' title="bbox 360 4896 2010 4979">
     <span class='ocr_line' id='line_1_96' title="bbox 360 4896 2010 4979; baseline 0.002 -23"><span class='ocrx_word' id='word_1_707' title='bbox 360 4896 559 4956; x_wconf 71' lang='grc' dir='ltr'>εἰδέναι</span> <span class='ocrx_word' id='word_1_708' title='bbox 580 4922 632 4956; x_wconf 89' lang='grc' dir='ltr'>τι</span> <span class='ocrx_word' id='word_1_709' title='bbox 680 4899 731 4955; x_wconf 76' lang='grc' dir='ltr'>ἐν</span> <span class='ocrx_word' id='word_1_710' title='bbox 793 4901 920 4973; x_wconf 79' lang='grc' dir='ltr'>ὑμῖν</span> <span class='ocrx_word' id='word_1_711' title='bbox 977 4901 1021 4956; x_wconf 83' lang='grc' dir='ltr'>εί</span> <span class='ocrx_word' id='word_1_712' title='bbox 1082 4904 1160 4976; x_wconf 76' lang='grc' dir='ltr'>μὴ</span> <span class='ocrx_word' id='word_1_713' title='bbox 1219 4904 1431 4975; x_wconf 85' lang='grc' dir='ltr'>Ἰησοῦν</span> <span class='ocrx_word' id='word_1_714' title='bbox 1485 4905 1731 4979; x_wconf 85' lang='grc' dir='ltr'>Χριστὸν,</span> <span class='ocrx_word' id='word_1_715' title='bbox 1761 4906 1852 4961; x_wconf 82' lang='grc' dir='ltr'>καὶ</span> <span class='ocrx_word' id='word_1_716' title='bbox 1882 4910 2010 4962; x_wconf 58' lang='grc' dir='ltr'>τοῦ-</span> 
     </span>
    </p>
   </div>
   <div class='ocr_carea' id='block_1_97' title="bbox 356 4990 923 5067">
    <p class='ocr_par' dir='ltr' id='par_1_97' title="bbox 356 4990 923 5067">
     <span class='ocr_line' id='line_1_97' title="bbox 356 4990 923 5067; baseline -0.002 -20"><span class='ocrx_word' id='word_1_717' title='bbox 356 5010 456 5047; x_wconf 90' lang='grc' dir='ltr'>τον</span> <span class='ocrx_word' id='word_1_718' title='bbox 488 4990 923 5067; x_wconf 71' lang='grc' dir='ltr'>ἐσταυρωμένον.</span> 
     </span>
    </p>
   </div>
   <div class='ocr_carea' id='block_1_98' title="bbox 427 5079 2015 5159">
    <p class='ocr_par' dir='ltr' id='par_1_98' title="bbox 427 5079 2015 5159">
     <span class='ocr_line' id='line_1_98' title="bbox 427 5079 2015 5159; baseline 0.003 -24"><span class='ocrx_word' id='word_1_719' title='bbox 427 5080 683 5157; x_wconf 78' lang='grc' dir='ltr'>Εἷρηκὼς</span> <span class='ocrx_word' id='word_1_720' title='bbox 721 5080 807 5135; x_wconf 74' lang='grc' dir='ltr'>ὅτι</span> <span class='ocrx_word' id='word_1_721' title='bbox 859 5081 895 5152; x_wconf 79' lang='grc' dir='ltr'>ὴ</span> <span class='ocrx_word' id='word_1_722' title='bbox 956 5079 1118 5159; x_wconf 81' lang='grc' dir='ltr'>σοφία</span> <span class='ocrx_word' id='word_1_723' title='bbox 1175 5080 1490 5158; x_wconf 70' lang='grc' dir='ltr'>ἑμωρὰνθη,</span> <span class='ocrx_word' id='word_1_724' title='bbox 1522 5083 1612 5139; x_wconf 73' lang='grc' dir='ltr'>καὶ</span> <span class='ocrx_word' id='word_1_725' title='bbox 1644 5085 1695 5139; x_wconf 70' lang='grc' dir='ltr'>οἳ</span> <span class='ocrx_word' id='word_1_726' title='bbox 1727 5081 2015 5148; x_wconf 82' lang='grc' dir='ltr'>δοκοῦντες</span> 
     </span>
    </p>
   </div>
   <div class='ocr_carea' id='block_1_99' title="bbox 357 5168 2012 5249">
    <p class='ocr_par' dir='ltr' id='par_1_99' title="bbox 357 5168 2012 5249">
     <span class='ocr_line' id='line_1_99' title="bbox 357 5168 2012 5249; baseline 0.003 -24"><span class='ocrx_word' id='word_1_727' title='bbox 357 5171 538 5246; x_wconf 80' lang='grc' dir='ltr'>μωροὶ</span> <span class='ocrx_word' id='word_1_728' title='bbox 587 5168 926 5246; x_wconf 70' lang='grc' dir='ltr'>ἐξελέγησαν,</span> <span class='ocrx_word' id='word_1_729' title='bbox 1000 5172 1354 5246; x_wconf 78' lang='grc' dir='ltr'>προστίθηοι“</span> <span class='ocrx_word' id='word_1_730' title='bbox 1417 5172 1514 5228; x_wconf 79' lang='grc' dir='ltr'>Καὶ</span> <span class='ocrx_word' id='word_1_731' title='bbox 1572 5172 1680 5249; x_wconf 66' lang='grc' dir='ltr'>ἐγὼ</span> <span class='ocrx_word' id='word_1_732' title='bbox 1739 5170 1795 5229; x_wconf 70' lang='grc' dir='ltr'>δὲ</span> <span class='ocrx_word' id='word_1_733' title='bbox 1851 5173 2012 5237; x_wconf 74' lang='grc' dir='ltr'>αὐτὸς</span> 
     </span>
    </p>
   </div>
   <div class='ocr_carea' id='block_1_100' title="bbox 356 5257 2013 5336">
    <p class='ocr_par' dir='ltr' id='par_1_100' title="bbox 356 5257 2013 5336">
     <span class='ocr_line' id='line_1_100' title="bbox 356 5257 2013 5336; baseline 0.001 -21"><span class='ocrx_word' id='word_1_734' title='bbox 356 5261 609 5332; x_wconf 76' lang='grc' dir='ltr'>ὁκῆρυξ,</span> <span class='ocrx_word' id='word_1_735' title='bbox 665 5259 767 5316; x_wconf 77' lang='grc' dir='ltr'>οὐκ</span> <span class='ocrx_word' id='word_1_736' title='bbox 821 5259 993 5329; x_wconf 74' lang='grc' dir='ltr'>ἦλθον</span> <span class='ocrx_word' id='word_1_737' title='bbox 1053 5257 1457 5335; x_wconf 82' lang='grc' dir='ltr'>συλλογισμοῖς</span> <span class='ocrx_word' id='word_1_738' title='bbox 1488 5265 2013 5336; x_wconf 64' lang='grc' dir='ltr'>παρεσκευασμένος,</span> 
     </span>
    </p>
   </div>
   <div class='ocr_carea' id='block_1_101' title="bbox 352 5349 2015 5429">
    <p class='ocr_par' dir='ltr' id='par_1_101' title="bbox 352 5349 2015 5429">
     <span class='ocr_line' id='line_1_101' title="bbox 352 5349 2015 5429; baseline -0.001 -24"><span class='ocrx_word' id='word_1_739' title='bbox 352 5349 449 5405; x_wconf 78' lang='grc' dir='ltr'>καὶ</span> <span class='ocrx_word' id='word_1_740' title='bbox 509 5350 673 5422; x_wconf 74' lang='grc' dir='ltr'>σοφίᾳ</span> <span class='ocrx_word' id='word_1_741' title='bbox 727 5349 1058 5424; x_wconf 78' lang='grc' dir='ltr'>ἀνθρωπίνῃ,</span> <span class='ocrx_word' id='word_1_742' title='bbox 1120 5349 1275 5423; x_wconf 80' lang='grc' dir='ltr'>φησί.</span> <span class='ocrx_word' id='word_1_743' title='bbox 1332 5372 1359 5401; x_wconf 87' lang='grc'>‹‹</span> <span class='ocrx_word' id='word_1_744' title='bbox 1415 5350 1595 5425; x_wconf 85' lang='grc' dir='ltr'>Δόγου</span> <span class='ocrx_word' id='word_1_745' title='bbox 1649 5349 1687 5421; x_wconf 75' lang='grc' dir='ltr'>ἤ</span> <span class='ocrx_word' id='word_1_746' title='bbox 1738 5353 1951 5429; x_wconf 75' lang='grc' dir='ltr'>σοφίας.</span> <span class='ocrx_word' id='word_1_747' title='bbox 1986 5376 2015 5405; x_wconf 85' lang='lat'><strong>»</strong></span> 
     </span>
    </p>
   </div>
   <div class='ocr_carea' id='block_1_102' title="bbox 358 5434 2015 5512">
    <p class='ocr_par' dir='ltr' id='par_1_102' title="bbox 358 5434 2015 5512">
     <span class='ocr_line' id='line_1_102' title="bbox 358 5434 2015 5512; baseline 0.002 -21"><span class='ocrx_word' id='word_1_748' title='bbox 358 5436 429 5493; x_wconf 82' lang='grc' dir='ltr'>Τί</span> <span class='ocrx_word' id='word_1_749' title='bbox 462 5435 588 5512; x_wconf 75' lang='grc' dir='ltr'>γὰρ,</span> <span class='ocrx_word' id='word_1_750' title='bbox 621 5434 667 5490; x_wconf 82' lang='grc' dir='ltr'>εί</span> <span class='ocrx_word' id='word_1_751' title='bbox 692 5437 780 5491; x_wconf 77' lang='grc' dir='ltr'>καὶ</span> <span class='ocrx_word' id='word_1_752' title='bbox 831 5435 1120 5507; x_wconf 70' lang='grc' dir='ltr'>ἠθέλησεν,</span> <span class='ocrx_word' id='word_1_753' title='bbox 1177 5434 1438 5508; x_wconf 73' lang='grc' dir='ltr'>ἠδύνατο,</span> <span class='ocrx_word' id='word_1_754' title='bbox 1471 5438 1617 5493; x_wconf 73' lang='grc' dir='ltr'>ε’ῐποι</span> <span class='ocrx_word' id='word_1_755' title='bbox 1650 5459 1755 5507; x_wconf 82' lang='grc' dir='ltr'>τις,</span> <span class='ocrx_word' id='word_1_756' title='bbox 1787 5441 1849 5496; x_wconf 87' lang='grc' dir='ltr'>τὸ</span> <span class='ocrx_word' id='word_1_757' title='bbox 1879 5440 2015 5495; x_wconf 80' lang='grc' dir='ltr'>εἶναι</span> 
     </span>
    </p>
   </div>
   <div class='ocr_carea' id='block_1_103' title="bbox 360 5524 2017 5603">
    <p class='ocr_par' dir='ltr' id='par_1_103' title="bbox 360 5524 2017 5603">
     <span class='ocr_line' id='line_1_103' title="bbox 360 5524 2017 5603; baseline 0.002 -22"><span class='ocrx_word' id='word_1_758' title='bbox 360 5524 416 5581; x_wconf 72' lang='grc' dir='ltr'>ἰν</span> <span class='ocrx_word' id='word_1_759' title='bbox 476 5524 679 5603; x_wconf 73' lang='grc' dir='ltr'>σοφίας</span> <span class='ocrx_word' id='word_1_760' title='bbox 737 5524 909 5587; x_wconf 80' lang='grc' dir='ltr'>Αὐτὸς</span> <span class='ocrx_word' id='word_1_761' title='bbox 967 5526 1061 5600; x_wconf 70' lang='grc' dir='ltr'>μὶν</span> <span class='ocrx_word' id='word_1_762' title='bbox 1122 5525 1220 5582; x_wconf 78' lang='grc' dir='ltr'>οὐκ</span> <span class='ocrx_word' id='word_1_763' title='bbox 1276 5524 1531 5597; x_wconf 79' lang='grc' dir='ltr'>ἠδύνατο,</span> <span class='ocrx_word' id='word_1_764' title='bbox 1582 5529 1609 5582; x_wconf 89' lang='grc' dir='ltr'>ὁ</span> <span class='ocrx_word' id='word_1_765' title='bbox 1669 5525 1725 5583; x_wconf 77' lang='grc' dir='ltr'>δὲ</span> <span class='ocrx_word' id='word_1_766' title='bbox 1782 5529 2017 5603; x_wconf 85' lang='grc' dir='ltr'>Χριστὸς</span> 
     </span>
    </p>
   </div>
   <div class='ocr_carea' id='block_1_104' title="bbox 360 5612 2017 5696">
    <p class='ocr_par' dir='ltr' id='par_1_104' title="bbox 360 5612 2017 5696">
     <span class='ocr_line' id='line_1_104' title="bbox 360 5612 2017 5696; baseline 0.004 -27"><span class='ocrx_word' id='word_1_767' title='bbox 360 5612 603 5686; x_wconf 78' lang='grc' dir='ltr'>ἠδύνατο</span> <span class='ocrx_word' id='word_1_768' title='bbox 660 5613 821 5671; x_wconf 78' lang='grc' dir='ltr'>αὐτὸν</span> <span class='ocrx_word' id='word_1_769' title='bbox 872 5621 1103 5686; x_wconf 79' lang='grc' dir='ltr'>ποιῆσαι</span> <span class='ocrx_word' id='word_1_770' title='bbox 1164 5617 1351 5696; x_wconf 76' lang='grc' dir='ltr'>σοφὸν,</span> <span class='ocrx_word' id='word_1_771' title='bbox 1410 5617 1456 5673; x_wconf 76' lang='grc' dir='ltr'>εί</span> <span class='ocrx_word' id='word_1_772' title='bbox 1513 5615 1804 5688; x_wconf 67' lang='grc' dir='ltr'>ἠθέλησεν.</span> <span class='ocrx_word' id='word_1_773' title='bbox 1865 5641 1894 5670; x_wconf 89' lang='grc'>‹‹</span> <span class='ocrx_word' id='word_1_774' title='bbox 1940 5620 2017 5675; x_wconf 81' lang='grc' dir='ltr'>Τὸ</span> 
     </span>
    </p>
   </div>
   <div class='ocr_carea' id='block_1_105' title="bbox 369 5702 2015 5787">
    <p class='ocr_par' dir='ltr' id='par_1_105' title="bbox 369 5702 2015 5787">
     <span class='ocr_line' id='line_1_105' title="bbox 369 5702 2015 5787; baseline 0.003 -28"><span class='ocrx_word' id='word_1_775' title='bbox 369 5702 670 5782; x_wconf 82' lang='grc' dir='ltr'>μαρτύριον</span> <span class='ocrx_word' id='word_1_776' title='bbox 700 5708 798 5761; x_wconf 91' lang='grc' dir='ltr'>τοῦ</span> <span class='ocrx_word' id='word_1_777' title='bbox 842 5708 998 5760; x_wconf 84' lang='grc' dir='ltr'>Θεοῦ.</span> <span class='ocrx_word' id='word_1_778' title='bbox 1052 5728 1083 5757; x_wconf 84' lang='grc'><strong>››</strong></span> <span class='ocrx_word' id='word_1_779' title='bbox 1131 5705 1369 5762; x_wconf 78' lang='grc' dir='ltr'>Θάνατον</span> <span class='ocrx_word' id='word_1_780' title='bbox 1418 5705 1520 5785; x_wconf 79' lang='grc' dir='ltr'>γὰρ</span> <span class='ocrx_word' id='word_1_781' title='bbox 1567 5708 1782 5785; x_wconf 62' lang='grc' dir='ltr'>περιῄει</span> <span class='ocrx_word' id='word_1_782' title='bbox 1810 5705 2015 5787; x_wconf 73' lang='grc' dir='ltr'>κηρύσ-</span> 
     </span>
    </p>
   </div>
   <div class='ocr_carea' id='block_1_106' title="bbox 2122 4725 3780 4796">
    <p class='ocr_par' dir='ltr' id='par_1_106' title="bbox 2122 4725 3780 4796">
     <span class='ocr_line' id='line_1_106' title="bbox 2122 4725 3780 4796; baseline -0.002 -14"><span class='ocrx_word' id='word_1_783' title='bbox 2122 4749 2148 4777; x_wconf 85' lang='grc'>‹‹</span> <span class='ocrx_word' id='word_1_784' title='bbox 2169 4725 2376 4782; x_wconf 90' lang='lat' dir='ltr'>nonin</span> <span class='ocrx_word' id='word_1_785' title='bbox 2404 4725 2758 4782; x_wconf 82' lang='lat' dir='ltr'>excellentia</span> <span class='ocrx_word' id='word_1_786' title='bbox 2781 4725 3078 4780; x_wconf 90' lang='lat' dir='ltr'>sermonis</span> <span class='ocrx_word' id='word_1_787' title='bbox 3100 4729 3203 4779; x_wconf 89' lang='lat' dir='ltr'>aut</span> <span class='ocrx_word' id='word_1_788' title='bbox 3220 4725 3529 4796; x_wconf 62' lang='lat' dir='ltr'>sapientiai</span> <span class='ocrx_word' id='word_1_789' title='bbox 3552 4740 3780 4780; x_wconf 90' lang='lat' dir='ltr'>annun-</span> 
     </span>
    </p>
   </div>
   <div class='ocr_carea' id='block_1_107' title="bbox 2122 4813 3780 4885">
    <p class='ocr_par' dir='ltr' id='par_1_107' title="bbox 2122 4813 3780 4885">
     <span class='ocr_line' id='line_1_107' title="bbox 2122 4813 3780 4885; baseline 0.002 -19"><span class='ocrx_word' id='word_1_790' title='bbox 2122 4838 2152 4866; x_wconf 83' lang='lat'><strong><em>«</em></strong></span> <span class='ocrx_word' id='word_1_791' title='bbox 2178 4816 2333 4871; x_wconf 86' lang='lat' dir='ltr'>tians</span> <span class='ocrx_word' id='word_1_792' title='bbox 2360 4816 2526 4871; x_wconf 82' lang='lat' dir='ltr'>vobis</span> <span class='ocrx_word' id='word_1_793' title='bbox 2557 4815 2970 4872; x_wconf 90' lang='lat' dir='ltr'>testimonium</span> <span class='ocrx_word' id='word_1_794' title='bbox 3003 4813 3125 4869; x_wconf 88' lang='lat' dir='ltr'>Dei.</span> <span class='ocrx_word' id='word_1_795' title='bbox 3161 4815 3288 4869; x_wconf 87' lang='lat' dir='ltr'>Non</span> <span class='ocrx_word' id='word_1_796' title='bbox 3322 4814 3484 4870; x_wconf 89' lang='lat' dir='ltr'>enim</span> <span class='ocrx_word' id='word_1_797' title='bbox 3519 4815 3780 4885; x_wconf 84' lang='lat' dir='ltr'>judicavi</span> 
     </span>
    </p>
   </div>
   <div class='ocr_carea' id='block_1_108' title="bbox 2126 4902 3779 4977">
    <p class='ocr_par' dir='ltr' id='par_1_108' title="bbox 2126 4902 3779 4977">
     <span class='ocr_line' id='line_1_108' title="bbox 2126 4902 3779 4977; baseline 0.003 -22"><span class='ocrx_word' id='word_1_798' title='bbox 2126 4927 2150 4955; x_wconf 77' lang='grc' dir='ltr'><strong>σ</strong></span> <span class='ocrx_word' id='word_1_799' title='bbox 2176 4921 2271 4961; x_wconf 88' lang='lat' dir='ltr'>me</span> <span class='ocrx_word' id='word_1_800' title='bbox 2294 4905 2445 4961; x_wconf 90' lang='lat' dir='ltr'>scire</span> <span class='ocrx_word' id='word_1_801' title='bbox 2464 4904 2791 4977; x_wconf 89' lang='lat' dir='ltr'>quidquam</span> <span class='ocrx_word' id='word_1_802' title='bbox 2811 4903 2970 4958; x_wconf 89' lang='lat' dir='ltr'>inter</span> <span class='ocrx_word' id='word_1_803' title='bbox 2988 4918 3088 4957; x_wconf 86' lang='lat' dir='ltr'>vos</span> <span class='ocrx_word' id='word_1_804' title='bbox 3107 4902 3221 4957; x_wconf 89' lang='lat' dir='ltr'>nisi</span> <span class='ocrx_word' id='word_1_805' title='bbox 3241 4903 3441 4959; x_wconf 72' lang='lat' dir='ltr'>Iesum</span> <span class='ocrx_word' id='word_1_806' title='bbox 3460 4903 3779 4970; x_wconf 85' lang='lat' dir='ltr'>Christum,</span> 
     </span>
    </p>
   </div>
   <div class='ocr_carea' id='block_1_109' title="bbox 2123 4994 2821 5051">
    <p class='ocr_par' dir='ltr' id='par_1_109' title="bbox 2123 4994 2821 5051">
     <span class='ocr_line' id='line_1_109' title="bbox 2123 4994 2821 5051; baseline 0.001 -5"><span class='ocrx_word' id='word_1_807' title='bbox 2123 5017 2150 5046; x_wconf 73' lang='grc' dir='ltr'>α</span> <span class='ocrx_word' id='word_1_808' title='bbox 2178 5000 2236 5051; x_wconf 89' lang='lat' dir='ltr'>et</span> <span class='ocrx_word' id='word_1_809' title='bbox 2258 4995 2415 5051; x_wconf 90' lang='lat' dir='ltr'>hunc</span> <span class='ocrx_word' id='word_1_810' title='bbox 2447 4994 2821 5050; x_wconf 82' lang='lat' dir='ltr'>crucifixum.</span> 
     </span>
    </p>
   </div>
   <div class='ocr_carea' id='block_1_110' title="bbox 2195 5080 3783 5154">
    <p class='ocr_par' dir='ltr' id='par_1_110' title="bbox 2195 5080 3783 5154">
     <span class='ocr_line' id='line_1_110' title="bbox 2195 5080 3783 5154; baseline 0 -14"><span class='ocrx_word' id='word_1_811' title='bbox 2195 5085 2339 5140; x_wconf 91' lang='lat' dir='ltr'>Cum</span> <span class='ocrx_word' id='word_1_812' title='bbox 2374 5082 2622 5137; x_wconf 83' lang='lat' dir='ltr'>dixisset</span> <span class='ocrx_word' id='word_1_813' title='bbox 2650 5080 2806 5153; x_wconf 91' lang='lat' dir='ltr'>quod</span> <span class='ocrx_word' id='word_1_814' title='bbox 2828 5081 3123 5149; x_wconf 87' lang='lat' dir='ltr'>sapientia</span> <span class='ocrx_word' id='word_1_815' title='bbox 3148 5082 3436 5139; x_wconf 88' lang='lat' dir='ltr'>infatuata</span> <span class='ocrx_word' id='word_1_816' title='bbox 3461 5087 3568 5145; x_wconf 88' lang='lat' dir='ltr'>est.</span> <span class='ocrx_word' id='word_1_817' title='bbox 3598 5088 3658 5140; x_wconf 90' lang='lat' dir='ltr'>et</span> <span class='ocrx_word' id='word_1_818' title='bbox 3682 5085 3783 5154; x_wconf 92' lang='lat' dir='ltr'>qui</span> 
     </span>
    </p>
   </div>
   <div class='ocr_carea' id='block_1_111' title="bbox 2125 5172 3783 5247">
    <p class='ocr_par' dir='ltr' id='par_1_111' title="bbox 2125 5172 3783 5247">
     <span class='ocr_line' id='line_1_111' title="bbox 2125 5172 3783 5247; baseline 0 -16"><span class='ocrx_word' id='word_1_819' title='bbox 2125 5174 2289 5231; x_wconf 89' lang='lat' dir='ltr'>stulti</span> <span class='ocrx_word' id='word_1_820' title='bbox 2322 5172 2674 5229; x_wconf 84' lang='lat' dir='ltr'>videbantur</span> <span class='ocrx_word' id='word_1_821' title='bbox 2706 5172 2918 5228; x_wconf 90' lang='lat' dir='ltr'>delecti</span> <span class='ocrx_word' id='word_1_822' title='bbox 2971 5178 3129 5236; x_wconf 87' lang='lat' dir='ltr'>sunt,</span> <span class='ocrx_word' id='word_1_823' title='bbox 3162 5172 3325 5228; x_wconf 87' lang='lat' dir='ltr'>addit</span> <span class='ocrx_word' id='word_1_824' title='bbox 3356 5190 3369 5227; x_wconf 92' lang='lat'>:</span> <span class='ocrx_word' id='word_1_825' title='bbox 3404 5175 3471 5229; x_wconf 86' lang='lat' dir='ltr'>Et</span> <span class='ocrx_word' id='word_1_826' title='bbox 3500 5190 3605 5247; x_wconf 91' lang='lat' dir='ltr'>ego</span> <span class='ocrx_word' id='word_1_827' title='bbox 3633 5174 3783 5247; x_wconf 91' lang='lat' dir='ltr'>ipse,</span> 
     </span>
    </p>
   </div>
   <div class='ocr_carea' id='block_1_112' title="bbox 2125 5261 3786 5338">
    <p class='ocr_par' dir='ltr' id='par_1_112' title="bbox 2125 5261 3786 5338">
     <span class='ocr_line' id='line_1_112' title="bbox 2125 5261 3786 5338; baseline 0.001 -19"><span class='ocrx_word' id='word_1_828' title='bbox 2125 5263 2225 5335; x_wconf 91' lang='lat' dir='ltr'>qui</span> <span class='ocrx_word' id='word_1_829' title='bbox 2259 5278 2450 5334; x_wconf 69' lang='lat' dir='ltr'>prmco</span> <span class='ocrx_word' id='word_1_830' title='bbox 2486 5278 2616 5317; x_wconf 90' lang='lat' dir='ltr'>sum</span> <span class='ocrx_word' id='word_1_831' title='bbox 2644 5268 2701 5317; x_wconf 90' lang='lat' dir='ltr'>et</span> <span class='ocrx_word' id='word_1_832' title='bbox 2723 5261 3095 5334; x_wconf 73' lang='lat' dir='ltr'>praedicator.</span> <span class='ocrx_word' id='word_1_833' title='bbox 3123 5279 3243 5318; x_wconf 92' lang='lat' dir='ltr'>non</span> <span class='ocrx_word' id='word_1_834' title='bbox 3270 5264 3400 5320; x_wconf 86' lang='lat' dir='ltr'>veni</span> <span class='ocrx_word' id='word_1_835' title='bbox 3425 5265 3786 5338; x_wconf 87' lang='lat' dir='ltr'>syllogismis</span> 
     </span>
    </p>
   </div>
   <div class='ocr_carea' id='block_1_113' title="bbox 2124 5351 3783 5423">
    <p class='ocr_par' dir='ltr' id='par_1_113' title="bbox 2124 5351 3783 5423">
     <span class='ocr_line' id='line_1_113' title="bbox 2124 5351 3783 5423; baseline 0.001 -16"><span class='ocrx_word' id='word_1_836' title='bbox 2124 5353 2452 5407; x_wconf 87' lang='lat' dir='ltr'>instructus</span> <span class='ocrx_word' id='word_1_837' title='bbox 2482 5357 2585 5407; x_wconf 87' lang='lat' dir='ltr'>aut</span> <span class='ocrx_word' id='word_1_838' title='bbox 2620 5352 2878 5407; x_wconf 86' lang='lat' dir='ltr'>humana</span> <span class='ocrx_word' id='word_1_839' title='bbox 2937 5351 3248 5423; x_wconf 84' lang='lat' dir='ltr'>sapientia.</span> <span class='ocrx_word' id='word_1_840' title='bbox 3284 5376 3310 5401; x_wconf 78' lang='grc' dir='ltr'>ι(</span> <span class='ocrx_word' id='word_1_841' title='bbox 3346 5353 3651 5408; x_wconf 89' lang='lat' dir='ltr'>Sermonis</span> <span class='ocrx_word' id='word_1_842' title='bbox 3681 5359 3783 5409; x_wconf 89' lang='lat' dir='ltr'>aut</span> 
     </span>
    </p>
   </div>
   <div class='ocr_carea' id='block_1_114' title="bbox 2128 5440 3784 5511">
    <p class='ocr_par' dir='ltr' id='par_1_114' title="bbox 2128 5440 3784 5511">
     <span class='ocr_line' id='line_1_114' title="bbox 2128 5440 3784 5511; baseline -0.001 -15"><span class='ocrx_word' id='word_1_843' title='bbox 2128 5440 2454 5511; x_wconf 62' lang='lat' dir='ltr'>sapientiae.</span> <span class='ocrx_word' id='word_1_844' title='bbox 2492 5463 2519 5489; x_wconf 87' lang='grc'><strong>››</strong></span> <span class='ocrx_word' id='word_1_845' title='bbox 2553 5440 2702 5505; x_wconf 88' lang='lat' dir='ltr'>Quid</span> <span class='ocrx_word' id='word_1_846' title='bbox 2736 5441 2915 5504; x_wconf 90' lang='lat' dir='ltr'>enim,</span> <span class='ocrx_word' id='word_1_847' title='bbox 2951 5441 3131 5496; x_wconf 86' lang='lat' dir='ltr'>etiam</span> <span class='ocrx_word' id='word_1_848' title='bbox 3163 5442 3213 5496; x_wconf 91' lang='lat' dir='ltr'>si</span> <span class='ocrx_word' id='word_1_849' title='bbox 3254 5441 3784 5505; x_wconf 87' lang='lat' dir='ltr'>voluisset,dixerit</span> 
     </span>
    </p>
   </div>
   <div class='ocr_carea' id='block_1_115' title="bbox 2129 5529 3783 5603">
    <p class='ocr_par' dir='ltr' id='par_1_115' title="bbox 2129 5529 3783 5603">
     <span class='ocr_line' id='line_1_115' title="bbox 2129 5529 3783 5603; baseline 0.001 -20"><span class='ocrx_word' id='word_1_850' title='bbox 2129 5529 2447 5601; x_wconf 86' lang='lat' dir='ltr'>quispiam,</span> <span class='ocrx_word' id='word_1_851' title='bbox 2474 5545 2619 5585; x_wconf 87' lang='lat' dir='ltr'>num</span> <span class='ocrx_word' id='word_1_852' title='bbox 2644 5530 2705 5584; x_wconf 90' lang='lat' dir='ltr'>in</span> <span class='ocrx_word' id='word_1_853' title='bbox 2733 5530 3025 5602; x_wconf 86' lang='lat' dir='ltr'>sapientia</span> <span class='ocrx_word' id='word_1_854' title='bbox 3049 5531 3269 5586; x_wconf 82' lang='lat' dir='ltr'>versari</span> <span class='ocrx_word' id='word_1_855' title='bbox 3300 5530 3636 5603; x_wconf 80' lang='lat' dir='ltr'>potuisset?</span> <span class='ocrx_word' id='word_1_856' title='bbox 3657 5533 3783 5601; x_wconf 87' lang='lat' dir='ltr'>[pse</span> 
     </span>
    </p>
   </div>
   <div class='ocr_carea' id='block_1_116' title="bbox 2128 5618 3780 5693">
    <p class='ocr_par' dir='ltr' id='par_1_116' title="bbox 2128 5618 3780 5693">
     <span class='ocr_line' id='line_1_116' title="bbox 2128 5618 3780 5693; baseline -0.002 -19"><span class='ocrx_word' id='word_1_857' title='bbox 2128 5618 2371 5693; x_wconf 89' lang='lat' dir='ltr'>quidem</span> <span class='ocrx_word' id='word_1_858' title='bbox 2403 5635 2524 5674; x_wconf 90' lang='lat' dir='ltr'>non</span> <span class='ocrx_word' id='word_1_859' title='bbox 2556 5620 2866 5692; x_wconf 86' lang='lat' dir='ltr'>potuisset,</span> <span class='ocrx_word' id='word_1_860' title='bbox 2894 5625 2954 5675; x_wconf 89' lang='lat' dir='ltr'>at</span> <span class='ocrx_word' id='word_1_861' title='bbox 2977 5620 3245 5677; x_wconf 88' lang='lat' dir='ltr'>Christus</span> <span class='ocrx_word' id='word_1_862' title='bbox 3266 5620 3555 5692; x_wconf 88' lang='lat' dir='ltr'>potuisset</span> <span class='ocrx_word' id='word_1_863' title='bbox 3585 5619 3780 5689; x_wconf 90' lang='lat' dir='ltr'>ipsum</span> 
     </span>
    </p>
   </div>
   <div class='ocr_carea' id='block_1_117' title="bbox 2129 5707 3781 5784">
    <p class='ocr_par' dir='ltr' id='par_1_117' title="bbox 2129 5707 3781 5784">
     <span class='ocr_line' id='line_1_117' title="bbox 2129 5707 3781 5784; baseline -0.001 -18"><span class='ocrx_word' id='word_1_864' title='bbox 2129 5708 2462 5784; x_wconf 84' lang='lat' dir='ltr'>sapientem</span> <span class='ocrx_word' id='word_1_865' title='bbox 2516 5709 2758 5770; x_wconf 74' lang='lat' dir='ltr'>efﬁcere</span> <span class='ocrx_word' id='word_1_866' title='bbox 2809 5710 2859 5767; x_wconf 88' lang='lat' dir='ltr'>si</span> <span class='ocrx_word' id='word_1_867' title='bbox 2917 5710 3221 5769; x_wconf 84' lang='lat' dir='ltr'>voluisset.</span> <span class='ocrx_word' id='word_1_868' title='bbox 3282 5730 3312 5760; x_wconf 86' lang='lat'>«</span> <span class='ocrx_word' id='word_1_869' title='bbox 3353 5707 3781 5767; x_wconf 86' lang='lat' dir='ltr'>Testimonium</span> 
     </span>
    </p>
   </div>
  </div>
