4188 6196
457 324 584 394 650

1559 316 1983 381 (ECUMENII
2031 316 2343 384 TRICOIE
2385 322 2739 392 EPISCOPI

3773 330 3887 393 ϐω

470 459 595 519 Dei.
632 480 661 511 »
715 457 961 514 Mortem
1020 449 1182 508 enim
1221 450 1437 507 Christi
1467 451 1845 524 praedicando
1877 470 2118 511 annun-

2257 477 2341 516 πων
2370 460 2626 536 Χριστοῦ.
2675 462 2768 520 Διὸ
2823 462 3121 541 μαρτύριον
3178 461 3338 521 αύτὸν
3394 461 3579 522 καλεῖ.
3620 485 3650 519 ιι
3678 462 3758 522 Ού
3786 462 3883 543 γὰρ

469 551 672 613 tiabat,
709 546 840 600 ideo
899 542 1065 598 illam
1124 541 1387 614 appellat
1439 543 1867 600 testimonium.
1926 566 1954 593 ‹‹
1990 546 2118 600 Non

469 641 628 695 enim
654 633 933 708 judicavi.
968 655 995 682 »
1040 632 1273 687 Etenim
1336 648 1439 705 ego
1487 633 1599 689 hoc
1644 634 1870 699 censui,
1905 634 2121 705 inquit,

467 733 615 788 431
652 727 957 800 (quoniam
982 731 1040 782 et
1062 725 1329 782 Christus
1353 727 1577 797 statuit)
1601 734 1664 782 ut
1694 727 1820 785 sine
1844 727 2123 799 eloquen-

465 822 547 878 tia
570 819 978 893 praedicarem.
1006 840 1032 867 ‹‹
1063 817 1183 872 Nisi
1207 818 1408 873 Jesum
1440 817 1759 873 Christum.
1787 840 1814 867 ››
1846 820 2123 887 Externa,

465 910 685 981 inquit.
718 924 835 963 non
886 907 1003 962 fuit
1051 905 1199 961 mihi
1250 923 1397 977 opus
1450 906 1762 978 sapientia,
1796 907 1899 963 sed
1933 908 2126 963 solum

469 999 769 1057 Christum
794 995 1126 1070 praedici-ivi,
1154 1001 1210 1050 et
1234 995 1390 1052 hunc
1416 997 1764 1053 cruciﬁxum
1791 1012 1804 1054 :
1840 1003 1897 1053 et
1929 1003 2127 1053 tamen

471 1090 738 1145 omnium
773 1086 1133 1159 sapientium
1166 1102 1271 1141 ora
1299 1086 1587 1142 obturavi.

543 1181 615 1246 ll,
646 1181 763 1233 3-5.
790 1202 816 1227 ‹‹
843 1179 912 1233 Et
935 1194 1038 1251 ego
1070 1177 1132 1231 in
1163 1176 1574 1233 imbecillitate
1598 1183 1656 1233 et
1676 1179 1889 1235 timore
1910 1195 1978 1235 ac
2003 1183 2127 1235 tre-

477 1291 507 1321 «
539 1286 702 1325 more
754 1268 941 1323 multo
996 1272 1262 1322 versatus
1316 1284 1447 1322 sum
1500 1268 1656 1339 apud
1687 1271 1885 1325 vos.Et
1935 1285 2129 1324 sermo

473 1383 502 1412 «
537 1376 706 1415 meus
735 1376 805 1414 ac
842 1357 1183 1430 praedicatio
1235 1373 1368 1412 mea
1411 1373 1531 1412 non
1580 1358 1691 1412 fuit
1740 1359 2133 1430 persuasoriis

479 1474 500 1501 ι
530 1452 807 1506 humana:
831 1448 1138 1520 sapientiaa
1162 1446 1375 1513 verbis,
1402 1447 1504 1503 sed
1532 1448 1593 1503 in
1635 1449 1979 1505 ostensione
2005 1449 2134 1521 Spi-

482 1564 502 1591 α
534 1542 683 1596 ritus
713 1556 780 1595 ac
812 1538 1095 1610 potentiae
1119 1555 1131 1591 ε
1158 1543 1223 1592 ut
1255 1537 1401 1593 fides
1432 1545 1627 1595 vestra
1656 1556 1776 1594 non
1812 1540 1885 1594 sit
1917 1557 2022 1607 per
2048 1556 2137 1595 sa-

479 1650 511 1685 «
544 1631 829 1703 pientiam
862 1628 1196 1688 hominum,
1230 1628 1333 1682 sed
1361 1646 1466 1700 per
1497 1630 1825 1701 potentiam
1858 1630 1982 1685 Dei.
2016 1651 2044 1682 η

550 1723 695 1777 Nam
715 1718 1013 1791 quomodo
1035 1734 1154 1773 non
1178 1717 1661 1781 imbecillis.cum
1685 1736 1719 1775 a
1739 1721 2142 1793 totmagistra—

2226 543 2431 624 ἔκρινα.
2467 575 2495 603 ››
2530 552 2627 607 Καὶ
2655 554 2758 631 γὰρ
2811 555 2921 632 ἑγὼ
2976 558 3141 611 τοῦτο
3200 552 3496 628 ἐδοκίμασα
3543 551 3767 629 (ἐπειδὴ
3797 556 3881 609 καὶ

2229 641 2256 696 6
2314 644 2594 719 Χριστὸς),
2647 646 2708 700 τὸ
2765 646 2911 715 ἄνευ,
2989 648 3173 725 φησὶν,
3235 645 3577 722 εὐγλωττίας
3629 646 3884 722 κηρύξαι.

2234 757 2254 782 ι
2294 732 2357 789 Ei
2420 735 2494 807 μή
2558 736 2764 802 Ἰησοῦν
2827 738 3085 809 Χριστόν.
3145 761 3166 790 ιι
3224 741 3341 808 Τῆς
3403 734 3629 809 ἔξωθεν,
3702 736 3887 810 φησὶν,

2232 821 2330 878 οὐκ
2358 820 2587 896 ἐδεήθην
2647 824 2861 907 σοφίας,
2918 826 3065 884 ἀλλά
3130 827 3290 901 μόνον
3342 828 3576 904 Χριστὸν
3635 825 3889 902 ὲκήρυξα,

2230 914 2319 968 καὶ
2350 918 2541 972 τοῦτον
2601 915 3034 993 ἐσταυρωμένον,
3091 918 3179 974 καὶ
3236 920 3391 992 ὅμως
3448 918 3701 991 πάντων,
3741 917 3892 997 φησί,

2230 1007 2338 1060 τῶν
2365 1012 2545 1084 σοφῶν
2579 1006 2831 1086 ἐνέφραξα
2859 1007 2927 1066 τά
2956 1008 3224 1083 στόματα.

2307 1170 2408 1227 Καὶ
2466 1170 2576 1248 ἐγὼ
2631 1172 2684 1228 ἐν
2741 1171 2981 1245 ἀσθενείᾳ
3036 1171 3125 1228 καὶ
3178 1169 3231 1228 ἐν
3290 1166 3447 1247 φόϐῳ
3504 1169 3603 1226 καὶ
3662 1168 3720 1227 ἐν
3770 1168 3894 1243 τρό-

2241 1282 2326 1335 μῳ
2382 1261 2585 1336 πολλῷ
2668 1261 2938 1341 ἐγενὸμην
3021 1262 3158 1326 πρὸς
3230 1262 3392 1335 ὑμᾶς.
3475 1261 3589 1318 Καὶ
3648 1260 3678 1315 6
3737 1257 3897 1333 λόγος

2240 1372 2346 1424 μου
2401 1352 2488 1407 καὶ
2548 1352 2609 1407 τὸ
2663 1352 2923 1427 κήρυγμά
2985 1374 3110 1426 μου,
3165 1351 3264 1408 οὐκ
3315 1350 3370 1407 ἐν
3429 1351 3651 1413 πειθοῖς
3701 1350 3902 1425 ἀνθρωο

2238 1439 2398 1511 πίνης
2453 1441 2645 1518 σοφίας
2703 1439 2916 1517 λόγοις,
2993 1441 3119 1497 ἀλλ’
3179 1442 3231 1497 ἰν
3291 1438 3565 1513 ἀποδείξει
3652 1438 3906 1513 ΙῘνεύμα-

2238 1553 2332 1596 τος
2363 1531 2452 1586 καὶ
2512 1530 2816 1607 δυνάμεως,
2873 1533 2962 1588 ἳνα
3019 1535 3054 1601 ἡ
3115 1530 3297 1595 πίστις
3353 1534 3505 1608 ὑμῶν
3545 1531 3628 1607 μὴ
3659 1529 3783 1608 ᾖέν
3814 1551 3906 1585 σο-

2242 1621 2339 1702 φίᾳ
2370 1621 2688 1699 ἀνθρὼπων,
2720 1621 2849 1680 ἀλλ’
2878 1622 2933 1679 ἐν
2966 1620 3188 1698 δυνάμει
3218 1627 3374 1681 Θεοῦ.

2314 1715 2502 1787 [ΦΩΙ.]
2564 1715 2689 1775 ΙῘῶς
2749 1713 2854 1791 γὰρ
2912 1713 3020 1770 οὐκ
3077 1713 3329 1783 ἀσθενής,
3393 1713 3423 1768 6
3477 1712 3589 1769 ὑπὸ
3633 1712 3908 1770 τοσούτων

481 1810 642 1866 tibus
665 1808 1461 1882 persecutiones,sustineret
1478 1808 1505 1863 ?
1534 1810 1787 1865 Tantum
1818 1827 1941 1865 non
1958 1811 2141 1866 dicit:

2257 1800 2520 1858 δυναστῶν
2551 1799 2929 1877 διωκόμενος;
2988 1803 3311 1878 Μονονουχὶ
3374 1801 3582 1882 λέγων,
3618 1802 3691 1861 Τί
3738 1823 3908 1879 προσ-

482 1905 552 1960 Ut
584 1901 726 1975 quid
754 1918 857 1956 vos
887 1900 1047 1972 ipsos
1071 1899 1302 1955 traditis
1327 1898 1569 1971 quidam
1595 1900 1985 1971 sapientibus,
2005 1900 2136 1973 qui~

479 1992 616 2048 dam
647 2006 783 2047 vero
812 1989 1157 2063 potentibus
1183 2007 1197 2057 ;
1226 2006 1368 2044 num
1396 1989 1522 2046 haec
1549 1989 1857 2062 quidpiam
1888 1990 1962 2046 ad
1994 2008 2138 2063 pra:-

479 2082 837 2139 dicationem
872 2080 1206 2147 conferunt,
1239 2096 1452 2151 nempe
1495 2096 1790 2151 apparens
1822 2080 2135 2152 sapientia,

479 2170 697 2227 divitiae
730 2173 787 2224 et
812 2168 1079 2239 potentia
1098 2167 1126 2223 ?
1150 2167 1529 2223 Considerate
1551 2168 1848 2240 quomodo
1879 2168 2138 2225 venerim

480 2258 649 2314 vobis
672 2256 1179 2330 praedicansNum
1199 2256 1258 2310 in
1279 2256 1610 2328 sapientia?
1628 2256 1739 2311 Sed
1762 2273 2141 2329 nequaquam

483 2348 595 2404 hoc
626 2346 821 2402 dicere
850 2344 1125 2418 possetis.
1162 2354 1251 2400 An
1300 2344 1361 2398 in
1415 2350 1728 2417 potentatu
1748 2346 1776 2400 ‘I
1804 2347 1981 2418 Atqui
2013 2351 2139 2402 tre-

484 2454 655 2495 mens
685 2453 754 2492 ac
783 2436 1025 2503 timens,
1085 2434 1419 2507 plenusque
1482 2435 1661 2490 minis
1719 2435 2028 2491 intentatis
2062 2436 2144 2490 ita

484 2525 881 2602 praedicabam
914 2525 1072 2580 inter
1092 2541 1213 2582 vos.
1238 2525 1355 2579 Cur
1376 2541 1512 2598 ergo
1534 2542 1635 2580 vos
1662 2530 1900 2598 sumpta
1928 2525 2141 2580 horum

485 2616 805 2685 oblivione,
842 2615 1141 2687 sapientes
1173 2617 1232 2669 et
1262 2613 1469 2669 divites
1499 2630 1567 2670 ac
1598 2619 1873 2686 potentes
1896 2614 2145 2686 requiri-

482 2706 647 2773 tis,et
665 2706 775 2761 hos
794 2704 960 2760 vobis
991 2709 1388 2776 praeceptores
1416 2709 1473 2758 et
1502 2703 1775 2759 doctores
1806 2704 2098 2760 exhibetis
2117 2704 2146 2760 ‘I

488 2817 515 2851 ι
541 2798 613 2852 Et
640 2796 874 2851 timore.
912 2815 940 2843 ››
988 2795 1115 2849 Non
1168 2792 1383 2861 solum,
1418 2791 1633 2863 inquit,
1667 2792 1813 2848 mihi
1845 2810 1993 2865 opus
2024 2809 2144 2848 non

482 2886 595 2942 fuit
622 2884 917 2958 sapientia
946 2887 1012 2938 ut
1042 2882 1458 2956 praedicarem,
1480 2899 1682 2938 verum
1710 2882 1890 2938 etiam
1915 2899 2050 2938 cum
2081 2882 2145 2938 in

480 2976 671 3033 multo
695 2990 887 3030 essem
910 2972 1124 3028 timore
1148 2989 1214 3029 ac
1237 2976 1495 3028 tremore
1520 2977 1760 3044 propter
1780 2972 2148 3045 persecutio-

482 3083 612 3134 nes,
633 3067 715 3122 ita
738 3070 939 3120 tamen
963 3062 1303 3135 praedicavi,
1330 3064 1488 3135 quod
1509 3080 1659 3137 opus
1679 3064 1929 3119 multam
1953 3069 2147 3119 osten-

483 3156 571 3214 dit
600 3154 927 3229 potentiam
979 3153 1192 3219 crucis,
1243 3153 1384 3226 quia
1432 3154 1494 3209 in
1543 3153 1803 3209 ruditate
1834 3170 1903 3209 ac
1932 3154 2143 3209 timore

482 3244 864 3321 praedicando
918 3243 1318 3316 praevaluerit.
1378 3246 1490 3299 Eos
1549 3244 1829 3316 deprimit
1861 3244 1961 3315 qui
1989 3242 2144 3315 apud

488 3341 652 3413 ipsos
684 3337 983 3410 sapientes
1044 3341 1251 3392 erant:
1313 3335 1633 3391 ostendens
1677 3340 1902 3407 quanta
1933 3335 2155 3390 fuerint

495 3428 802 3488 obstacula
828 3424 1221 3499 impedientia
1251 3441 1325 3480 ne
1357 3423 1701 3480 crederetur
1721 3423 2149 3495 praedicationi.

494 3526 552 3578 et
575 3525 774 3576 tamen
802 3517 1100 3574 creditum
1123 3519 1231 3571 est.
1258 3536 1285 3563 «
1312 3515 1437 3569 Non
1458 3514 1874 3586 persuasoriis.
1901 3536 1929 3564 ››
1953 3515 2151 3585 Neque

494 3611 656 3668 enim
684 3605 1028 3682 praedicatio
1048 3603 1386 3660 adulterata
1407 3608 1534 3658 erat
1556 3619 1661 3675 per
1692 3609 1996 3658 externam
2029 3602 2154 3656 elo-

493 3699 799 3774 quentiam
853 3700 956 3752 aut
1007 3692 1428 3749 eruditionem.
1479 3714 1507 3743 «
1561 3690 1674 3746 Sed
1717 3692 1780 3745 in
1811 3689 2151 3746 ostensione

493 3789 767 3863 Spiritus.
800 3809 828 3837 ‹‹
860 3787 1007 3842 Nam
1039 3801 1145 3855 per
1185 3782 1467 3854 Spiritum
1501 3787 1771 3836 sanctum
1804 3786 1862 3835 et
1891 3780 2056 3853 signa
2087 3797 2153 3836 ac

492 3883 738 3936 virtutes
760 3892 892 3948 qua)
911 3874 982 3931 ab
1007 3890 1074 3928 eo
1098 3871 1747 3940 sunt,demonstramus
1769 3876 1969 3942 aperte
1994 3870 2151 3940 quod

496 3985 633 4025 vera
663 3967 952 4033 dicamus,
986 3967 1042 4020 et
1070 3980 1175 4035 per
1204 3961 1321 4016 vim
1348 3977 1413 4016 ac
1445 3959 1773 4033 potentiam
1803 3976 1932 4030 quae
1966 3960 2152 4015 exerit

498 4073 560 4116 se
592 4057 655 4112 in
681 4053 876 4109 nobis.
918 4072 939 4102 ι
975 4054 1047 4108 Ut
1079 4052 1228 4108 ﬁdes
1276 4055 1469 4106 vestra
1501 4066 1620 4104 non
1653 4049 1747 4104 sit.
1784 4071 1811 4098 n
1842 4048 2075 4103 Etenim
2103 4049 2152 4105 si

494 4163 605 4222 per
624 4145 950 4201 humanam
969 4141 1183 4199 fuisset
1204 4140 1580 4213 sapientiam,
1603 4138 1861 4212 suspicio
1883 4139 2152 4195 fortassis

497 4236 705 4296 haberi
728 4234 1022 4308 potuisset
1044 4231 1201 4304 quod
1224 4247 1330 4303 per
1351 4227 1753 4299 eloquentiam
1777 4237 2114 4301 superasset
2138 4247 2154 4300 ;

498 4346 660 4390 nunc
689 4345 825 4384 vero
857 4342 993 4383 cum
1024 4339 1130 4395 per
1160 4321 1326 4392 signa
1357 4318 1433 4373 sit
1458 4324 1515 4375 et
1545 4321 1813 4389 virtutes,
1847 4321 2154 4377 certitudi—

2248 1891 2490 1966 ενείματε
2520 1895 2767 1966 ἑαυτοὺς,
2818 1894 2871 1949 oi.
2927 1895 3023 1966 μὲν
3076 1900 3195 1957 τοῖς
3247 1899 3458 1973 σοφοῖς,
3490 1894 3549 1950 oi.
3582 1890 3643 1950 δὲ
3674 1898 3795 1956 τοῖς
3826 1890 3910 1949 δυ-

2246 1988 2467 2053 νατοῖς;
2503 1985 2595 2054 Μή
2630 2006 2683 2040 τι
2723 1987 2894 2040 ταῦτα
2950 1979 3330 2058 συμϐάλλεται
3360 1985 3495 2061 πρὸς
3524 1982 3593 2041 τδ
3624 1986 3903 2062 κήρυγμα,

2247 2076 2282 2143 ἡ
2317 2070 2549 2129 δοκοῦσα
2602 2074 2763 2148 σοφία
2819 2074 2907 2129 καὶ
2969 2074 2997 2128 6
3047 2072 3288 2138 πλοῦτος
3343 2076 3433 2130 καὶ
3465 2078 3500 2146 ἡ
3539 2073 3798 2150 δύναμις,
3831 2073 3910 2130 ἒν-

2248 2164 2531 2235 θυμήθητε
2585 2167 2705 2228 πῶς
2757 2161 2932 2233 ἦλθον
2992 2163 3280 2240 κηρύσσων
3354 2164 3500 2236 ὑμῖν.
3562 2166 3654 2221 Ἐν
3716 2162 3910 2239 σοφίας

2250 2250 2376 2308 ἀλλ’
2407 2251 2507 2307 οὒκ
2534 2249 2592 2307 ἄν
2621 2247 2809 2328 ἔχοιτε
2861 2256 3025 2308 τοῦτο
3076 2252 3264 2309 εἰπεῖν.
3300 2252 3460 2311 Ἀλλ’
3490 2252 3546 2308 ἐν
3584 2249 3870 2324 δυναστείᾳ
3897 2270 3913 2321 ;

2246 2342 2337 2397 καὶ
2395 2343 2503 2416 μήν
2559 2342 2774 2417 τρέμων
2834 2342 2923 2398 καὶ
3010 2339 3194 2421 φόϐων
3254 2344 3342 2399 καὶ
3404 2340 3655 2399 ἀπειλῶν
3714 2340 3913 2418 γέμων,

2250 2432 2425 2496 οὕτως
2456 2431 2752 2508 ἐκήρυσσον
2809 2431 2861 2488 ἐν
2912 2434 3064 2509 ὑμῖν.
3116 2434 3186 2492 Τί
3240 2434 3332 2489 οὗν
3365 2433 3523 2508 ὑμεῖς
3566 2433 3779 2490 τούτων
3813 2430 3916 2502 λή-

2249 2523 2348 2592 θην
2410 2516 2689 2592 λαϐόντες,
2752 2521 2955 2602 σοφοὺς
3008 2523 3099 2579 καὶ
3155 2521 3458 2586 πλουσίους
3514 2524 3614 2579 καὶ
3657 2519 3912 2583 δυνάστας

2253 2610 2580 2681 ἐπιζητεῖτε,
2640 2612 2730 2667 καὶ
2788 2611 3018 2675 τούτους
3078 2613 3206 2687 ὑμῖν
3268 2610 3641 2675 διδασκάλους
3671 2611 3760 2668 καὶ
3785 2622 3915 2675 καθ-

2250 2699 2463 2777 ηγητάς
2494 2700 2893 2788 ἀποφαίνεσθες
2955 2726 2983 2753 ‹‹
3019 2701 3119 2758 Καὶ
3181 2699 3237 2757 ἐν
3295 2696 3475 2788 φόϐιη.
3514 2727 3545 2753 υ
3607 2702 3688 2758 Ού
3727 2699 3909 2773 μόνον,

2252 2788 2436 2866 φησὶν,
2471 2788 2571 2844 οὐκ
2601 2786 2829 2862 ἐδεήθην
2864 2790 3058 2868 σοφίας
3115 2789 3191 2853 εἷς
3244 2791 3308 2846 τὸ
3363 2786 3626 2867 κηρύξαι,
3655 2787 3908 2846 ἀλλὰκαὶ

2253 2877 2306 2934 ἓν
2342 2872 2496 2955 φόϐῳ
2525 2880 2615 2934 καὶ
2643 2881 2837 2955 τρόμῳ
2896 2878 2970 2934 ὢν
3031 2878 3231 2953 πολλῷ
3280 2878 3370 2936 διὰ
3422 2879 3557 2945 τοὺς
3615 2877 3907 2956 διωγμοὺς,

2254 2968 2427 3031 οὓτως
2485 2968 2739 3043 ἑκήρυξα,
2793 2968 2926 3044 ὅπερ
2981 2966 3202 3039 πολλὴν
3261 2966 3499 3026 δείκνυσι
3548 2972 3651 3039 τὴν
3686 2969 3906 3043 δύναμιν

2252 3063 2349 3114 τοῦ
2380 3064 2633 3136 σταυροῦ,
2668 3060 2751 3116 ὅτι
2799 3058 2850 3116 ἐν
2898 3057 3145 3135 ἰδιωτείᾳ
3173 3062 3263 3117 καὶ
3313 3057 3470 3137 φόϐῳ
3501 3056 3909 3138 κηρυσσὸμενος

2253 3150 2503 3226 κατέσχε.
2564 3145 2915 3207 Καταϐάλλει
2972 3148 3030 3206 δὲ
3081 3153 3207 3214 τοὺς
3257 3154 3387 3228 παρ’
3443 3151 3634 3216 αὐτοῖς
3690 3149 3909 3229 σοφοὺς,

2258 3237 2469 3303 δεικνὺς
2501 3241 2642 3295 πόσα
2703 3241 2797 3314 μὲν
2856 3244 2920 3312 ἦν
2980 3241 3047 3297 τὰ
3102 3239 3407 3315 κωλύματα
3448 3242 3547 3298 τοῦ
3575 3239 3908 3307 πιστευθῆναι

2259 3331 2321 3386 τὸ
2376 3332 2657 3406 κήρυγμα,
2718 3335 2836 3394 πῶς
2888 3327 2946 3386 δὲ
3002 3330 3336 3403 ἐπιστεύθης
3398 3356 3425 3384 ‹‹
3460 3331 3582 3391 Οὐκ
3629 3331 3683 3388 ἐν
3712 3331 3914 3393 πειθοῖς

2263 3419 2627 3495 ἀνθρωπίνης.
2664 3444 2691 3472 ››
2719 3420 2795 3479 Ού
2824 3420 2928 3497 γάρ
2984 3420 3049 3490 ἦν
3108 3421 3170 3475 τὸ
3227 3423 3489 3500 κήρυγμα
3529 3420 3921 3502 σεσοφισμένον,

2263 3506 2352 3564 διὰ
2383 3512 2482 3574 τῆς
2514 3505 2702 3581 ἔξωθεν
2765 3508 3100 3586 εὐγλωττίας
3156 3509 3248 3565 καὶ
3305 3507 3670 3575 παιδεύσεως.
3702 3535 3731 3563 (ι
3761 3506 3912 3565 Ἀλλ’

2263 3599 2313 3656 ἒν
2349 3597 2616 3672 ἀποδείξει
2649 3600 2988 3673 Πνεύματος.
3031 3623 3059 3651 ››
3119 3599 3216 3655 Διά
3271 3602 3376 3676 γάρ
3424 3605 3521 3657 τοῦ
3564 3601 3721 3676 ἁγίου
3753 3596 3912 3656 Πνεύ-

2265 3711 2435 3763 ματος
2464 3690 2555 3744 καὶ
2609 3694 2719 3746 τῶν
2776 3689 2828 3762 ἐξ
2884 3688 3051 3746 αὐτοῦ
3108 3690 3351 3763 σημείων
3383 3689 3473 3747 καὶ
3506 3688 3789 3765 δυνάμεων
3821 3687 3908 3750 τὰς

2261 3777 2564 3851 ἀποδείξεις
2591 3783 2687 3834 τοῦ
2719 3776 2901 3850 ἀληθῆ
2936 3777 3116 3857 λέγειν
3150 3779 3526 3856 παρεχόμεθα,
3582 3781 3673 3837 καὶ
3706 3777 3791 3835 διά
3816 3784 3909 3847 τῆς

2264 3870 2340 3933 εἷς
2371 3873 2519 3944 ἡμᾶς
2551 3870 2873 3946 ἐνεργούσης
2894 3868 3195 3945 δυνάμεως.
3220 3896 3248 3925 ‹‹
3272 3872 3385 3930 Ἵνα
3413 3874 3447 3943 ἢ
3472 3871 3656 3937 πίστις
3684 3872 3851 3945 ὑμῶν.
3876 3891 3902 3922 ››

2261 3961 2456 4038 Είγάρ
2499 3962 2566 4033 ἦν
2628 3960 2679 4017 ἐν
2740 3961 2903 4043 σοφίᾳ
2953 3962 3288 4040 ἀνθρωπίνῃ,
3348 3962 3478 4027 ἴσως
3534 3965 3601 4021 ἂν
3651 3962 3904 4032 ὑπενοήθη

2261 4056 2330 4129 τῇ
2362 4050 2672 4129 εύγλωττίᾳ
2703 4052 3102 4130 περιγενέσθαι,
3160 4058 3251 4111 νῦν
3318 4051 3376 4111 δὲ
3429 4055 3493 4111 τὸ
3554 4054 3649 4112 διὰ
3677 4052 3906 4127 σημείων

2260 4140 2352 4197 καὶ
2412 4139 2688 4215 δυνάμεων
2745 4143 2899 4214 εἶναι,
2974 4144 3035 4198 τὸ
3113 4139 3494 4224 ἀναμφίϐολον
3552 4146 3796 4222 προξενεῖ
3844 4139 3907 4213 τῇ

2262 4229 2463 4291 πίστει.
2495 4233 2557 4287 ἹΙ
2586 4231 2687 4309 γὰρ
2729 4228 2818 4288 διὰ
2841 4237 2947 4289 τῶν
2977 4232 3154 4309 ἓργων
3209 4233 3302 4290 καὶ
3344 4235 3593 4308 σημείων
3627 4230 3905 4302 ἀπόδειξις⁹

2261 4328 2362 4392 τῆς
2385 4320 2444 4378 ἐκ
2469 4323 2536 4399 ῥη
2552 4323 2736 4397 μάτων
2774 4316 3115 4397 βεϐαιοτέρα.

500 4438 661 4479 nem.
695 4419 848 4475 483
881 4416 1024 4470 Cum
1056 4415 1254 4466 autem
1284 4410 1448 4482 prius
1479 4411 1839 4484 appellasset
1870 4413 2169 4484 principes
2202 4414 2403 4471 saeculi
2433 4414 2615 4489 hujus
2649 4414 2951 4490 sapientes
3009 4416 3368 4488 Graecorum,
3428 4432 3591 4474 nunc
3640 4414 3783 4473 dicit
3820 4425 3905 4467 sa-

500 4514 734 4585 pientes
752 4506 1107 4563 Judmorum.

571 4618 641 4675 Il.
657 4616 804 4670 6-8.«
821 4612 1001 4666 Porro
1016 4606 1366 4681 sapientiam
1383 4609 1852 4681 loquimurinter
1866 4609 2146 4681 perfectos

2342 4612 2547 4691 Σοφίαν
2605 4609 2663 4667 δὲ
2721 4610 3000 4686 λαλοῦμεν
3057 4610 3110 4668 ἐν
3162 4618 3280 4676 τοῖς
3335 4612 3596 4685 τελείοις,
3641 4611 3824 4692 σοφίαν
3852 4603 3905 4662 δδ

504 4729 535 4761 ιι
552 4703 905 4780 sapientiam
930 4706 1129 4758 autem
1148 4717 1269 4756 non
1294 4700 1497 4756 saeculi
1518 4700 1698 4772 hujus
1722 4716 1917 4771 neque
1940 4700 2167 4771 princi-

504 4819 534 4849 «
567 4810 708 4870 pum
743 4791 943 4850 saeculi
977 4793 1180 4862 hujus,
1213 4791 1315 4862 qui
1347 4790 1696 4846 abolentur:
1730 4788 1832 4845 sed
1864 4790 2167 4861 loquimur

507 4910 536 4939 ‹‹
552 4884 1011 4959 sapientiamDei
1028 4884 1088 4938 in
1102 4882 1549 4954 mysterio,quas
1563 4880 1871 4938 recondita
1884 4886 2172 4952 est,quam

509 5000 535 5029 «
557 4975 871 5050 przeﬁnivit
902 4976 1055 5029 Deus
1086 4978 1223 5028 ante
1257 4971 1476 5028 saecula
1507 4972 1567 5027 in
1594 4971 1843 5045 gloriam
1874 4976 2161 5035 nostram.

510 5088 536 5123 α
561 5083 740 5140 quam
771 5081 947 5121 nemo
982 5062 1320 5135 principum
1363 5061 1565 5118 saeculi
1598 5061 1779 5132 hujus
1810 5061 2099 5134 cognovit.
2132 5082 2161 5113 »

578 5161 900 5229 Postquam
922 5153 1109 5211 semel
1130 5153 1564 5209 demonstravit
1583 5169 1736 5221 eam,
1760 5169 1890 5225 quas
1912 5151 2167 5209 homini—

506 5249 619 5306 bus
650 5245 943 5320 sapientia
1000 5242 1253 5312 videtur,
1314 5259 1445 5298 esse
1506 5243 1862 5299 stultitiam:
1896 5243 1998 5298 Dei
2029 5258 2164 5297 vero

509 5342 863 5416 sapientiam
877 5355 1027 5409 ,quze
1042 5335 1430 5409 pereuntibus
1448 5335 1699 5391 stultitia
1712 5335 2165 5403 videtur,veram

509 5453 639 5495 esse
656 5432 1157 5506 sapientiam,jam
1176 5428 1460 5501 deinceps
1480 5435 1716 5501 sumpta
1731 5428 1980 5486 audacia
2000 5431 2169 5485 vocat

507 5526 701 5600 ipsam
725 5521 1096 5593 sapientiam.
1132 5518 1283 5574 Dicit
1312 5524 1511 5574 autem
1544 5519 1918 5590 sapientiam,
1950 5518 2165 5589 praedi-

510 5615 805 5674 cationem
835 5610 907 5667 de
937 5607 1188 5676 Christo,
1241 5605 1521 5681 quodque
1571 5623 1679 5679 per
1726 5622 1968 5664 crucem
2007 5606 2168 5663 salva

511 5707 668 5768 facta
695 5706 772 5764 sit
817 5706 1107 5772 creatura,
1140 5718 1271 5775 quaa
1300 5700 1402 5759 sub
1435 5699 1583 5759 caslo
1615 5703 1726 5758 est.
1763 5723 1790 5753 «
1824 5702 1987 5759 Inter
2018 5716 2164 5773 per-

2276 4703 2340 4758 ού
2370 4707 2466 4758 τοῦ
2499 4701 2694 4766 αἰῶνος
2721 4700 2939 4770 τούτου,
2990 4699 3118 4758 οὐδὲ
3171 4707 3279 4759 τῶν
3330 4704 3617 4784 ἀρχόντων
3647 4706 3743 4760 τοῦ
3772 4699 3903 4756 αἰῶ-

2273 4813 2364 4856 νος
2422 4793 2618 4850 τούτου
2701 4796 2810 4847 τῶν
2893 4790 3368 4869 καταργουμένων,
3438 4792 3586 4850 ἀλλά
3642 4791 3904 4863 λαλοῦμεν

2275 4883 2467 4961 σοφίαν
2554 4887 2687 4939 θεοῦ
2739 4882 2791 4938 ἐν
2853 4883 3143 4956 μυστηρίῳ
3226 4884 3325 4953 τήν
3409 4881 3901 4957 ἀποκεκρυμμένην,

2273 4970 2339 5043 ἤν
2397 4973 2701 5047 προώρισεν
2735 4973 2764 5027 6
2795 4972 2924 5034 Θεὸς
2984 4972 3091 5048 πρὸ
3146 4976 3254 5028 τῶν
3310 4970 3522 5029 αῗώνων
3567 4973 3643 5038 είς
3674 4969 3822 5042 δόξαν
3849 4967 3906 5033 ἡ·

2278 5068 2417 5138 μῶν,
2470 5062 2537 5133 ἤν
2591 5058 2768 5126 οὐδεὶς
2822 5066 2927 5118 τῶν
2989 5062 3274 5141 ἀρχόντων
3335 5067 3434 5120 τοῦ
3485 5063 3678 5127 αἰῶνος
3725 5054 3903 5117 τούτου

2274 5151 2498 5226 ἔγνωκεν
2508 5195 2521 5210 .

2347 5239 2570 5311 Ἐπειδὴ
2627 5240 2764 5311 ’ἅπαξ
2805 5236 3047 5310 ἀπέδειξε
3071 5240 3177 5309 τὴν
3234 5245 3343 5298 τῶν
3402 5241 3701 5318 ἀνθρώπων
3730 5232 3901 5311 σοφίαν

2275 5329 2560 5401 δοκοῦσαν,
2598 5330 2805 5407 μωρίαν
2862 5326 3043 5399 οὖσαν,
3100 5331 3200 5401 τήν
3263 5327 3321 5387 δὶ
3373 5335 3475 5387 τοῦ
3503 5335 3638 5389 Θεοῦ
3662 5326 3899 5385 δοκοῦσαν

2273 5426 2388 5485 τοῖς
2420 5418 2827 5494 ἀπολλυμένοις
2880 5418 3113 5494 μωρίαν,
3172 5420 3373 5493 ταύτην
3421 5421 3580 5477 οὖσαν
3609 5419 3699 5488 τὴν
3728 5411 3892 5479 ἀληθῆ

2277 5511 2487 5590 σοφίαν,
2546 5512 2670 5566 τότε
2724 5509 2919 5564 λοιπὸν
2980 5509 3169 5586 θαρῥεῖ
3240 5516 3428 5566 καΛεῖν
3479 5512 3647 5582 αὐτὴν
3702 5499 3893 5590 σοφίαν-ο

2278 5584 2477 5679 Σοφίαν
2508 5598 2566 5657 δὲ
2617 5597 2790 5675 λέγει,
2844 5597 2906 5654 τὸ
2959 5584 3082 5675 περὶ
3140 5600 3379 5675 Χριστοῦ
3435 5602 3706 5678 κήρυγμα,
3731 5588 3816 5650 καὶ
3838 5584 3897 5643 τὸ

2278 5693 2367 5752 διὰ
2414 5691 2646 5767 σταυροῦ
2697 5690 2939 5756 σωθῆναι
2993 5689 3093 5761 τήν
3150 5689 3242 5746 ὑπ’
3295 5688 3545 5770 οὐρανόν.
3606 5712 3634 5744 ‹‹
3679 5687 3758 5743 Ἐν
3786 5680 3893 5738 τοῖς
