  <div class='ocr_page' id='page_1' title='image "/cluster/home/n/w/nwhite01/storage/ocr_20150623/118/hvd.32044073502247/336.png"; bbox 0 0 4188 6196; ppageno 0'>
   <div class='ocr_carea' id='block_1_1' title="bbox 335 357 451 425">
    <p class='ocr_par' dir='ltr' id='par_1_1' title="bbox 335 357 451 425">
     <span class='ocr_line' id='line_1_1' title="bbox 335 357 451 425; baseline 0.034 -5"><span class='ocrx_word' id='word_1_1' title='bbox 335 357 451 425; x_wconf 77' lang='grc'>661</span> 
     </span>
    </p>
   </div>
   <div class='ocr_carea' id='block_1_2' title="bbox 1302 353 2764 419">
    <p class='ocr_par' dir='ltr' id='par_1_2' title="bbox 1302 353 2764 419">
     <span class='ocr_line' id='line_1_2' title="bbox 1302 353 2764 419; baseline -0.001 -2"><span class='ocrx_word' id='word_1_2' title='bbox 1302 354 1711 419; x_wconf 80' lang='lat' dir='ltr'>COMMENT.</span> <span class='ocrx_word' id='word_1_3' title='bbox 1758 356 1839 419; x_wconf 88' lang='lat' dir='ltr'>IN</span> <span class='ocrx_word' id='word_1_4' title='bbox 1884 353 2133 418; x_wconf 84' lang='lat' dir='ltr'>EPIST.</span> <span class='ocrx_word' id='word_1_5' title='bbox 2182 357 2210 417; x_wconf 92' lang='grc' dir='ltr'>Ι</span> <span class='ocrx_word' id='word_1_6' title='bbox 2253 354 2351 415; x_wconf 88' lang='lat' dir='ltr'>AD</span> <span class='ocrx_word' id='word_1_7' title='bbox 2397 354 2764 417; x_wconf 72' lang='lat' dir='ltr'>COlllNTH.</span> 
     </span>
    </p>
   </div>
   <div class='ocr_carea' id='block_1_3' title="bbox 3633 358 3753 421">
    <p class='ocr_par' dir='ltr' id='par_1_3' title="bbox 3633 358 3753 421">
     <span class='ocr_line' id='line_1_3' title="bbox 3633 358 3753 421; baseline 0.017 -2"><span class='ocrx_word' id='word_1_8' title='bbox 3633 358 3753 421; x_wconf 79' lang='grc'><strong>662</strong></span> 
     </span>
    </p>
   </div>
   <div class='ocr_carea' id='block_1_4' title="bbox 334 486 2003 566">
    <p class='ocr_par' dir='ltr' id='par_1_4' title="bbox 334 486 1983 566">
     <span class='ocr_line' id='line_1_4' title="bbox 334 486 1983 566; baseline -0.002 -18"><span class='ocrx_word' id='word_1_9' title='bbox 334 486 592 553; x_wconf 83' lang='grc' dir='ltr'>τελείοις.</span> <span class='ocrx_word' id='word_1_10' title='bbox 633 513 664 542; x_wconf 70' lang='grc' dir='ltr'>ι»</span> <span class='ocrx_word' id='word_1_11' title='bbox 715 488 1006 548; x_wconf 76' lang='grc' dir='ltr'>Τουτέστιν</span> <span class='ocrx_word' id='word_1_12' title='bbox 1065 486 1117 547; x_wconf 69' lang='grc' dir='ltr'>ιν</span> <span class='ocrx_word' id='word_1_13' title='bbox 1172 492 1292 553; x_wconf 78' lang='grc' dir='ltr'>τοῖς</span> <span class='ocrx_word' id='word_1_14' title='bbox 1343 494 1583 553; x_wconf 67' lang='grc' dir='ltr'>πιστοῖς*</span> <span class='ocrx_word' id='word_1_15' title='bbox 1640 488 1837 547; x_wconf 63' lang='grc' dir='ltr'>ἐκεῖνοι</span> <span class='ocrx_word' id='word_1_16' title='bbox 1883 489 1983 566; x_wconf 70' lang='grc' dir='ltr'>γὰρ</span> 
     </span>
    </p>
   </div>
   <div class='ocr_carea' id='block_1_5' title="bbox 2114 486 3753 566">
    <p class='ocr_par' dir='ltr' id='par_1_5' title="bbox 2114 486 3753 564">
     <span class='ocr_line' id='line_1_5' title="bbox 2114 486 3753 564; baseline 0.003 -19"><span class='ocrx_word' id='word_1_17' title='bbox 2114 488 2302 545; x_wconf 63' lang='lat' dir='ltr'>&quot;ectos.</span> <span class='ocrx_word' id='word_1_18' title='bbox 2337 510 2365 539; x_wconf 72' lang='grc' dir='ltr'>υ</span> <span class='ocrx_word' id='word_1_19' title='bbox 2396 489 2516 546; x_wconf 84' lang='lat' dir='ltr'>Hoc</span> <span class='ocrx_word' id='word_1_20' title='bbox 2546 493 2656 548; x_wconf 90' lang='lat' dir='ltr'>est.</span> <span class='ocrx_word' id='word_1_21' title='bbox 2689 488 2847 545; x_wconf 90' lang='lat' dir='ltr'>inter</span> <span class='ocrx_word' id='word_1_22' title='bbox 2875 486 3083 546; x_wconf 80' lang='lat' dir='ltr'>fideles</span> <span class='ocrx_word' id='word_1_23' title='bbox 3116 504 3130 545; x_wconf 91' lang='lat'><strong>:</strong></span> <span class='ocrx_word' id='word_1_24' title='bbox 3163 504 3303 545; x_wconf 88' lang='lat' dir='ltr'>nam</span> <span class='ocrx_word' id='word_1_25' title='bbox 3333 489 3422 545; x_wconf 86' lang='lat' dir='ltr'>illi</span> <span class='ocrx_word' id='word_1_26' title='bbox 3453 490 3753 564; x_wconf 76' lang='lat' dir='ltr'>sapientes</span> 
     </span>
    </p>
   </div>
   <div class='ocr_carea' id='block_1_6' title="bbox 341 577 1999 659">
    <p class='ocr_par' dir='ltr' id='par_1_6' title="bbox 341 577 1999 659">
     <span class='ocr_line' id='line_1_6' title="bbox 341 577 1999 659; baseline -0.002 -23"><span class='ocrx_word' id='word_1_27' title='bbox 341 580 502 659; x_wconf 72' lang='grc' dir='ltr'>σοφοῖ</span> <span class='ocrx_word' id='word_1_28' title='bbox 535 582 623 636; x_wconf 76' lang='grc' dir='ltr'>καὶ</span> <span class='ocrx_word' id='word_1_29' title='bbox 655 580 885 651; x_wconf 85' lang='grc' dir='ltr'>τέλειοι,</span> <span class='ocrx_word' id='word_1_30' title='bbox 919 583 971 635; x_wconf 72' lang='grc' dir='ltr'>οἳ</span> <span class='ocrx_word' id='word_1_31' title='bbox 1027 582 1095 637; x_wconf 72' lang='grc' dir='ltr'>τὰ</span> <span class='ocrx_word' id='word_1_32' title='bbox 1150 582 1464 657; x_wconf 78' lang='grc' dir='ltr'>ἀνθρώπινα</span> <span class='ocrx_word' id='word_1_33' title='bbox 1514 577 1863 657; x_wconf 71' lang='grc' dir='ltr'>ὑπεριδόντες</span> <span class='ocrx_word' id='word_1_34' title='bbox 1923 581 1999 644; x_wconf 81' lang='grc' dir='ltr'>ὡς</span> 
     </span>
    </p>
   </div>
   <div class='ocr_carea' id='block_1_7' title="bbox 338 669 1997 744">
    <p class='ocr_par' dir='ltr' id='par_1_7' title="bbox 338 669 1997 744">
     <span class='ocr_line' id='line_1_7' title="bbox 338 669 1997 744; baseline -0.002 -17"><span class='ocrx_word' id='word_1_35' title='bbox 338 670 533 744; x_wconf 64' lang='grc' dir='ltr'>ἀποενῇ</span> <span class='ocrx_word' id='word_1_36' title='bbox 572 718 586 737; x_wconf 80' lang='lat'>,</span> <span class='ocrx_word' id='word_1_37' title='bbox 641 672 731 726; x_wconf 72' lang='grc' dir='ltr'>καὶ</span> <span class='ocrx_word' id='word_1_38' title='bbox 789 677 905 743; x_wconf 79' lang='grc' dir='ltr'>Θεῷ</span> <span class='ocrx_word' id='word_1_39' title='bbox 963 672 1185 734; x_wconf 71' lang='grc' dir='ltr'>ἑαυτοὺς</span> <span class='ocrx_word' id='word_1_40' title='bbox 1246 669 1623 733; x_wconf 34' lang='grc' dir='ltr'>ἐκδεδωιιότεςν</span> <span class='ocrx_word' id='word_1_41' title='bbox 1688 697 1715 723; x_wconf 84' lang='lat'><strong>«</strong></span> <span class='ocrx_word' id='word_1_42' title='bbox 1772 672 1852 728; x_wconf 77' lang='grc' dir='ltr'><strong>υῦ</strong></span> <span class='ocrx_word' id='word_1_43' title='bbox 1902 673 1997 725; x_wconf 71' lang='grc' dir='ltr'>τοῦ</span> 
     </span>
    </p>
   </div>
   <div class='ocr_carea' id='block_1_8' title="bbox 339 758 1992 836">
    <p class='ocr_par' dir='ltr' id='par_1_8' title="bbox 339 758 1992 836">
     <span class='ocr_line' id='line_1_8' title="bbox 339 758 1992 836; baseline -0.001 -19"><span class='ocrx_word' id='word_1_44' title='bbox 339 761 537 825; x_wconf 76' lang='grc' dir='ltr'>αἰωνος</span> <span class='ocrx_word' id='word_1_45' title='bbox 574 760 789 817; x_wconf 83' lang='grc' dir='ltr'>τούτου.</span> <span class='ocrx_word' id='word_1_46' title='bbox 826 786 855 815; x_wconf 79' lang='grc'><strong>››</strong></span> <span class='ocrx_word' id='word_1_47' title='bbox 891 761 1097 825; x_wconf 79' lang='grc' dir='ltr'>Αἷῶνος</span> <span class='ocrx_word' id='word_1_48' title='bbox 1126 765 1325 817; x_wconf 73' lang='grc' dir='ltr'>τοῦτου</span> <span class='ocrx_word' id='word_1_49' title='bbox 1376 761 1547 836; x_wconf 86' lang='grc' dir='ltr'>λέγει,</span> <span class='ocrx_word' id='word_1_50' title='bbox 1582 759 1670 816; x_wconf 78' lang='grc' dir='ltr'>διὰ</span> <span class='ocrx_word' id='word_1_51' title='bbox 1693 761 1754 816; x_wconf 86' lang='grc' dir='ltr'>τὸ</span> <span class='ocrx_word' id='word_1_52' title='bbox 1786 758 1992 816; x_wconf 77' lang='grc' dir='ltr'>ἑπίκαί-</span> 
     </span>
    </p>
   </div>
   <div class='ocr_carea' id='block_1_9' title="bbox 342 849 1995 930">
    <p class='ocr_par' dir='ltr' id='par_1_9' title="bbox 342 849 1995 930">
     <span class='ocr_line' id='line_1_9' title="bbox 342 849 1995 930; baseline 0 -25"><span class='ocrx_word' id='word_1_53' title='bbox 342 869 432 926; x_wconf 86' lang='grc' dir='ltr'>ρον</span> <span class='ocrx_word' id='word_1_54' title='bbox 467 850 663 920; x_wconf 71' lang='grc' dir='ltr'>αὐτῶν,</span> <span class='ocrx_word' id='word_1_55' title='bbox 712 849 802 904; x_wconf 86' lang='grc' dir='ltr'>καὶ</span> <span class='ocrx_word' id='word_1_56' title='bbox 863 849 1031 930; x_wconf 88' lang='grc' dir='ltr'>μέχρι</span> <span class='ocrx_word' id='word_1_57' title='bbox 1087 855 1185 907; x_wconf 80' lang='grc' dir='ltr'>τοῦ</span> <span class='ocrx_word' id='word_1_58' title='bbox 1246 851 1446 914; x_wconf 79' lang='grc' dir='ltr'>αἰῶνος</span> <span class='ocrx_word' id='word_1_59' title='bbox 1498 850 1695 907; x_wconf 82' lang='grc' dir='ltr'>τούτου</span> <span class='ocrx_word' id='word_1_60' title='bbox 1754 851 1995 920; x_wconf 72' lang='grc' dir='ltr'>ἑστάναι,</span> 
     </span>
    </p>
   </div>
   <div class='ocr_carea' id='block_1_10' title="bbox 339 938 1996 1019">
    <p class='ocr_par' dir='ltr' id='par_1_10' title="bbox 339 938 1996 1019">
     <span class='ocr_line' id='line_1_10' title="bbox 339 938 1996 1019; baseline -0.002 -24"><span class='ocrx_word' id='word_1_61' title='bbox 339 941 427 996; x_wconf 76' lang='grc' dir='ltr'>καὶ</span> <span class='ocrx_word' id='word_1_62' title='bbox 458 941 534 1014; x_wconf 77' lang='grc' dir='ltr'>μὴ</span> <span class='ocrx_word' id='word_1_63' title='bbox 559 940 805 1015; x_wconf 81' lang='grc' dir='ltr'>προϊέναι</span> <span class='ocrx_word' id='word_1_64' title='bbox 831 938 908 1003; x_wconf 79' lang='grc' dir='ltr'>εἷς</span> <span class='ocrx_word' id='word_1_65' title='bbox 923 940 985 995; x_wconf 86' lang='grc' dir='ltr'>τὸ</span> <span class='ocrx_word' id='word_1_66' title='bbox 1014 938 1240 1013; x_wconf 88' lang='grc' dir='ltr'>μέλλον.</span> <span class='ocrx_word' id='word_1_67' title='bbox 1270 965 1297 991; x_wconf 79' lang='grc' dir='ltr'>α</span> <span class='ocrx_word' id='word_1_68' title='bbox 1320 944 1439 999; x_wconf 82' lang='grc' dir='ltr'>Τῶν</span> <span class='ocrx_word' id='word_1_69' title='bbox 1460 941 1940 1019; x_wconf 81' lang='grc' dir='ltr'>καταργουμένων.</span> <span class='ocrx_word' id='word_1_70' title='bbox 1968 962 1996 991; x_wconf 82' lang='lat' dir='ltr'>n</span> 
     </span>
    </p>
   </div>
   <div class='ocr_carea' id='block_1_11' title="bbox 342 1028 1998 1108">
    <p class='ocr_par' dir='ltr' id='par_1_11' title="bbox 342 1028 1998 1108">
     <span class='ocr_line' id='line_1_11' title="bbox 342 1028 1998 1108; baseline -0.004 -20"><span class='ocrx_word' id='word_1_71' title='bbox 342 1029 445 1088; x_wconf 79' lang='grc' dir='ltr'>Καὶ</span> <span class='ocrx_word' id='word_1_72' title='bbox 477 1030 582 1105; x_wconf 75' lang='grc' dir='ltr'>γὰρ</span> <span class='ocrx_word' id='word_1_73' title='bbox 611 1032 1014 1108; x_wconf 78' lang='grc' dir='ltr'>καταργοῦνται</span> <span class='ocrx_word' id='word_1_74' title='bbox 1064 1029 1153 1084; x_wconf 84' lang='grc' dir='ltr'>καὶ</span> <span class='ocrx_word' id='word_1_75' title='bbox 1212 1030 1586 1104; x_wconf 86' lang='grc' dir='ltr'>συμπαύονται</span> <span class='ocrx_word' id='word_1_76' title='bbox 1639 1033 1718 1099; x_wconf 81' lang='grc' dir='ltr'>τῷ</span> <span class='ocrx_word' id='word_1_77' title='bbox 1772 1028 1998 1102; x_wconf 76' lang='grc' dir='ltr'>παρόντι</span> 
     </span>
    </p>
   </div>
   <div class='ocr_carea' id='block_1_12' title="bbox 345 1109 2001 1189">
    <p class='ocr_par' dir='ltr' id='par_1_12' title="bbox 345 1109 2001 1189">
     <span class='ocr_line' id='line_1_12' title="bbox 345 1109 2001 1189; baseline -0.001 -23"><span class='ocrx_word' id='word_1_78' title='bbox 345 1113 475 1189; x_wconf 82' lang='grc' dir='ltr'>βίῳ,</span> <span class='ocrx_word' id='word_1_79' title='bbox 507 1111 636 1167; x_wconf 85' lang='grc' dir='ltr'>ἀλλ’</span> <span class='ocrx_word' id='word_1_80' title='bbox 675 1111 783 1188; x_wconf 80' lang='grc' dir='ltr'>οὐχ</span> <span class='ocrx_word' id='word_1_81' title='bbox 814 1112 866 1167; x_wconf 78' lang='grc' dir='ltr'>οἱ</span> <span class='ocrx_word' id='word_1_82' title='bbox 898 1109 1122 1179; x_wconf 81' lang='grc' dir='ltr'>δίκαιοι,</span> <span class='ocrx_word' id='word_1_83' title='bbox 1152 1112 1297 1169; x_wconf 88' lang='grc' dir='ltr'>ἀλλά</span> <span class='ocrx_word' id='word_1_84' title='bbox 1324 1113 1447 1169; x_wconf 85' lang='grc' dir='ltr'>τότε</span> <span class='ocrx_word' id='word_1_85' title='bbox 1480 1110 1693 1185; x_wconf 80' lang='grc' dir='ltr'>μᾶλλον</span> <span class='ocrx_word' id='word_1_86' title='bbox 1727 1110 1763 1182; x_wconf 76' lang='grc' dir='ltr'><strong>ἢ</strong></span> <span class='ocrx_word' id='word_1_87' title='bbox 1793 1114 1881 1166; x_wconf 73' lang='grc' dir='ltr'>νῦν</span> <span class='ocrx_word' id='word_1_88' title='bbox 1913 1110 2001 1166; x_wconf 82' lang='grc' dir='ltr'>ἀν-</span> 
     </span>
    </p>
   </div>
   <div class='ocr_carea' id='block_1_13' title="bbox 343 1199 1998 1278">
    <p class='ocr_par' dir='ltr' id='par_1_13' title="bbox 343 1199 1998 1278">
     <span class='ocr_line' id='line_1_13' title="bbox 343 1199 1998 1278; baseline 0.001 -23"><span class='ocrx_word' id='word_1_89' title='bbox 343 1202 548 1258; x_wconf 67' lang='grc' dir='ltr'>θοόσιν.</span> <span class='ocrx_word' id='word_1_90' title='bbox 577 1202 893 1278; x_wconf 78' lang='grc' dir='ltr'>Ἀρχοντας</span> <span class='ocrx_word' id='word_1_91' title='bbox 946 1199 1005 1258; x_wconf 75' lang='grc' dir='ltr'>δὶ</span> <span class='ocrx_word' id='word_1_92' title='bbox 1051 1200 1232 1271; x_wconf 82' lang='grc' dir='ltr'>καλεῖ,</span> <span class='ocrx_word' id='word_1_93' title='bbox 1291 1201 1662 1276; x_wconf 77' lang='grc' dir='ltr'>αἰνιττόμενος</span> <span class='ocrx_word' id='word_1_94' title='bbox 1715 1200 1843 1263; x_wconf 78' lang='grc' dir='ltr'>τοὺς</span> <span class='ocrx_word' id='word_1_95' title='bbox 1870 1201 1998 1274; x_wconf 86' lang='grc' dir='ltr'>παρ’</span> 
     </span>
    </p>
   </div>
   <div class='ocr_carea' id='block_1_14' title="bbox 342 1288 1998 1371">
    <p class='ocr_par' dir='ltr' id='par_1_14' title="bbox 342 1288 1998 1371">
     <span class='ocr_line' id='line_1_14' title="bbox 342 1288 1998 1371; baseline -0.001 -24"><span class='ocrx_word' id='word_1_96' title='bbox 342 1291 529 1353; x_wconf 81' lang='grc' dir='ltr'>αύτοῖς</span> <span class='ocrx_word' id='word_1_97' title='bbox 587 1289 947 1371; x_wconf 71' lang='grc' dir='ltr'>φιλοσόφους,</span> <span class='ocrx_word' id='word_1_98' title='bbox 1009 1291 1412 1367; x_wconf 69' lang='grc' dir='ltr'>λογογράφους,</span> <span class='ocrx_word' id='word_1_99' title='bbox 1484 1293 1742 1368; x_wconf 75' lang='grc' dir='ltr'>ῥήτορας,</span> <span class='ocrx_word' id='word_1_100' title='bbox 1798 1288 1851 1346; x_wconf 71' lang='grc' dir='ltr'>οἳ</span> <span class='ocrx_word' id='word_1_101' title='bbox 1908 1289 1998 1345; x_wconf 75' lang='grc' dir='ltr'>καὶ</span> 
     </span>
    </p>
   </div>
   <div class='ocr_carea' id='block_1_15' title="bbox 343 1377 2001 1456">
    <p class='ocr_par' dir='ltr' id='par_1_15' title="bbox 343 1377 2001 1456">
     <span class='ocr_line' id='line_1_15' title="bbox 343 1377 2001 1456; baseline -0.002 -19"><span class='ocrx_word' id='word_1_102' title='bbox 343 1377 668 1456; x_wconf 86' lang='grc' dir='ltr'>δημαγωγοὶ</span> <span class='ocrx_word' id='word_1_103' title='bbox 731 1380 995 1449; x_wconf 70' lang='grc' dir='ltr'>ἐγίνοντο.</span> <span class='ocrx_word' id='word_1_104' title='bbox 1061 1384 1209 1438; x_wconf 80' lang='grc' dir='ltr'>«Ἐν</span> <span class='ocrx_word' id='word_1_105' title='bbox 1262 1381 1567 1455; x_wconf 73' lang='grc' dir='ltr'>μυστηρίῳ,</span> <span class='ocrx_word' id='word_1_106' title='bbox 1603 1402 1628 1434; x_wconf 73' lang='grc' dir='ltr'><strong><em>ι</em></strong></span> <span class='ocrx_word' id='word_1_107' title='bbox 1689 1381 2001 1455; x_wconf 72' lang='grc' dir='ltr'>Μυστήριον</span> 
     </span>
    </p>
   </div>
   <div class='ocr_carea' id='block_1_16' title="bbox 341 1467 2001 1546">
    <p class='ocr_par' dir='ltr' id='par_1_16' title="bbox 341 1467 2001 1546">
     <span class='ocr_line' id='line_1_16' title="bbox 341 1467 2001 1546; baseline -0.001 -19"><span class='ocrx_word' id='word_1_108' title='bbox 341 1469 524 1536; x_wconf 79' lang='grc' dir='ltr'>καλεῖ,</span> <span class='ocrx_word' id='word_1_109' title='bbox 553 1471 617 1526; x_wconf 85' lang='grc' dir='ltr'>τὸ</span> <span class='ocrx_word' id='word_1_110' title='bbox 646 1470 782 1526; x_wconf 81' lang='grc' dir='ltr'>κατά</span> <span class='ocrx_word' id='word_1_111' title='bbox 807 1471 1041 1546; x_wconf 82' lang='grc' dir='ltr'>Χριστὸν</span> <span class='ocrx_word' id='word_1_112' title='bbox 1102 1473 1380 1546; x_wconf 68' lang='grc' dir='ltr'>κήρυγμα,</span> <span class='ocrx_word' id='word_1_113' title='bbox 1414 1472 1497 1526; x_wconf 81' lang='grc' dir='ltr'>ὅτι</span> <span class='ocrx_word' id='word_1_114' title='bbox 1552 1468 1781 1543; x_wconf 75' lang='grc' dir='ltr'>οὐδεμία</span> <span class='ocrx_word' id='word_1_115' title='bbox 1839 1467 2001 1525; x_wconf 81' lang='grc' dir='ltr'>δύνα-</span> 
     </span>
    </p>
   </div>
   <div class='ocr_carea' id='block_1_17' title="bbox 346 1556 2002 1639">
    <p class='ocr_par' dir='ltr' id='par_1_17' title="bbox 346 1556 2002 1639">
     <span class='ocr_line' id='line_1_17' title="bbox 346 1556 2002 1639; baseline 0 -25"><span class='ocrx_word' id='word_1_116' title='bbox 346 1581 438 1635; x_wconf 86' lang='grc' dir='ltr'>μις</span> <span class='ocrx_word' id='word_1_117' title='bbox 465 1560 705 1633; x_wconf 74' lang='grc' dir='ltr'>οὐρανία,</span> <span class='ocrx_word' id='word_1_118' title='bbox 737 1556 856 1636; x_wconf 76' lang='grc' dir='ltr'>ᾔδει</span> <span class='ocrx_word' id='word_1_119' title='bbox 891 1561 1021 1617; x_wconf 69' lang='grc' dir='ltr'>αὐτὸ</span> <span class='ocrx_word' id='word_1_120' title='bbox 1052 1561 1157 1635; x_wconf 86' lang='grc' dir='ltr'>πρὸ</span> <span class='ocrx_word' id='word_1_121' title='bbox 1186 1566 1283 1616; x_wconf 77' lang='grc' dir='ltr'>τοῦ</span> <span class='ocrx_word' id='word_1_122' title='bbox 1302 1562 1568 1639; x_wconf 75' lang='grc' dir='ltr'>γενέσθαι,</span> <span class='ocrx_word' id='word_1_123' title='bbox 1597 1559 1689 1615; x_wconf 45' lang='lat' dir='ltr'>ita?</span> <span class='ocrx_word' id='word_1_124' title='bbox 1720 1559 1825 1629; x_wconf 81' lang='grc' dir='ltr'>ὅτι,</span> <span class='ocrx_word' id='word_1_125' title='bbox 1857 1558 2002 1615; x_wconf 87' lang='grc' dir='ltr'>ἀλλα</span> 
     </span>
    </p>
   </div>
   <div class='ocr_carea' id='block_1_18' title="bbox 343 1649 2005 1732">
    <p class='ocr_par' dir='ltr' id='par_1_18' title="bbox 343 1649 2005 1732">
     <span class='ocr_line' id='line_1_18' title="bbox 343 1649 2005 1732; baseline 0.002 -29"><span class='ocrx_word' id='word_1_126' title='bbox 343 1652 597 1722; x_wconf 73' lang='grc' dir='ltr'>ὁρῶντες,</span> <span class='ocrx_word' id='word_1_127' title='bbox 626 1649 771 1706; x_wconf 69' lang='grc' dir='ltr'>ἄλλα</span> <span class='ocrx_word' id='word_1_128' title='bbox 794 1652 1134 1724; x_wconf 67' lang='grc' dir='ltr'>πιστεύομεν.</span> <span class='ocrx_word' id='word_1_129' title='bbox 1159 1652 1386 1724; x_wconf 81' lang='grc' dir='ltr'>Χρίστον</span> <span class='ocrx_word' id='word_1_130' title='bbox 1412 1652 1578 1727; x_wconf 81' lang='grc' dir='ltr'>ὀρῶν,</span> <span class='ocrx_word' id='word_1_131' title='bbox 1603 1652 1678 1712; x_wconf 86' lang='grc' dir='ltr'>ὡς</span> <span class='ocrx_word' id='word_1_132' title='bbox 1695 1649 2005 1732; x_wconf 63' lang='grc' dir='ltr'>φιλάνθρω-</span> 
     </span>
    </p>
   </div>
   <div class='ocr_carea' id='block_1_19' title="bbox 342 1734 1999 1817">
    <p class='ocr_par' dir='ltr' id='par_1_19' title="bbox 342 1734 1999 1817">
     <span class='ocr_line' id='line_1_19' title="bbox 342 1734 1999 1817; baseline -0.001 -21"><span class='ocrx_word' id='word_1_133' title='bbox 342 1760 447 1796; x_wconf 88' lang='grc' dir='ltr'>πον</span> <span class='ocrx_word' id='word_1_134' title='bbox 474 1734 640 1794; x_wconf 67' lang='grc' dir='ltr'>σέϐωθ</span> <span class='ocrx_word' id='word_1_135' title='bbox 663 1737 859 1795; x_wconf 70' lang='grc' dir='ltr'>δοῦλον</span> <span class='ocrx_word' id='word_1_136' title='bbox 882 1743 1145 1817; x_wconf 76' lang='grc' dir='ltr'>γεγονότα</span> <span class='ocrx_word' id='word_1_137' title='bbox 1170 1741 1407 1810; x_wconf 81' lang='grc' dir='ltr'>ἀκούων,</span> <span class='ocrx_word' id='word_1_138' title='bbox 1429 1744 1527 1809; x_wconf 72' lang='grc' dir='ltr'>τῆς</span> <span class='ocrx_word' id='word_1_139' title='bbox 1548 1738 1873 1813; x_wconf 76' lang='grc' dir='ltr'>κηδεμονίας</span> <span class='ocrx_word' id='word_1_140' title='bbox 1904 1740 1999 1795; x_wconf 79' lang='grc' dir='ltr'>αὖ·</span> 
     </span>
    </p>
   </div>
   <div class='ocr_carea' id='block_1_20' title="bbox 2106 581 3757 653">
    <p class='ocr_par' dir='ltr' id='par_1_20' title="bbox 2106 581 3757 653">
     <span class='ocr_line' id='line_1_20' title="bbox 2106 581 3757 653; baseline 0.002 -16"><span class='ocrx_word' id='word_1_141' title='bbox 2106 598 2173 637; x_wconf 91' lang='lat' dir='ltr'>ac</span> <span class='ocrx_word' id='word_1_142' title='bbox 2205 581 2445 652; x_wconf 79' lang='lat' dir='ltr'>perfecti</span> <span class='ocrx_word' id='word_1_143' title='bbox 2482 586 2640 644; x_wconf 88' lang='lat' dir='ltr'>sunt,</span> <span class='ocrx_word' id='word_1_144' title='bbox 2691 581 2789 652; x_wconf 91' lang='lat' dir='ltr'>qui</span> <span class='ocrx_word' id='word_1_145' title='bbox 2826 582 3085 636; x_wconf 87' lang='lat' dir='ltr'>humana</span> <span class='ocrx_word' id='word_1_146' title='bbox 3116 588 3399 653; x_wconf 76' lang='lat' dir='ltr'>tanquam</span> <span class='ocrx_word' id='word_1_147' title='bbox 3434 583 3757 641; x_wconf 80' lang='lat' dir='ltr'>imbecillia</span> 
     </span>
    </p>
   </div>
   <div class='ocr_carea' id='block_1_21' title="bbox 2104 670 3757 742">
    <p class='ocr_par' dir='ltr' id='par_1_21' title="bbox 2104 670 3757 742">
     <span class='ocr_line' id='line_1_21' title="bbox 2104 670 3757 742; baseline 0.002 -17"><span class='ocrx_word' id='word_1_148' title='bbox 2104 670 2520 742; x_wconf 78' lang='lat' dir='ltr'>despexerunt.</span> <span class='ocrx_word' id='word_1_149' title='bbox 2556 687 2623 726; x_wconf 85' lang='lat' dir='ltr'>ac</span> <span class='ocrx_word' id='word_1_150' title='bbox 2649 687 2776 725; x_wconf 89' lang='lat' dir='ltr'>sese</span> <span class='ocrx_word' id='word_1_151' title='bbox 2812 672 2925 725; x_wconf 89' lang='lat' dir='ltr'>Deo</span> <span class='ocrx_word' id='word_1_152' title='bbox 2960 671 3330 727; x_wconf 87' lang='lat' dir='ltr'>tradiderunt</span> <span class='ocrx_word' id='word_1_153' title='bbox 3390 675 3513 727; x_wconf 78' lang='lat' dir='ltr'>Non</span> <span class='ocrx_word' id='word_1_154' title='bbox 3556 676 3757 729; x_wconf 74' lang='lat' dir='ltr'>smculi</span> 
     </span>
    </p>
   </div>
   <div class='ocr_carea' id='block_1_22' title="bbox 2103 760 3758 833">
    <p class='ocr_par' dir='ltr' id='par_1_22' title="bbox 2103 760 3758 833">
     <span class='ocr_line' id='line_1_22' title="bbox 2103 760 3758 833; baseline 0.001 -17"><span class='ocrx_word' id='word_1_155' title='bbox 2103 761 2301 830; x_wconf 85' lang='lat' dir='ltr'>hujus.</span> <span class='ocrx_word' id='word_1_156' title='bbox 2331 784 2357 808; x_wconf 73' lang='grc' dir='ltr'>»ι</span> <span class='ocrx_word' id='word_1_157' title='bbox 2391 760 2597 816; x_wconf 69' lang='grc' dir='ltr'>Βωουιί</span> <span class='ocrx_word' id='word_1_158' title='bbox 2633 761 2810 831; x_wconf 85' lang='lat' dir='ltr'>hujus</span> <span class='ocrx_word' id='word_1_159' title='bbox 2833 760 3237 833; x_wconf 87' lang='lat' dir='ltr'>dicitpropter</span> <span class='ocrx_word' id='word_1_160' title='bbox 3260 764 3758 833; x_wconf 85' lang='lat' dir='ltr'>temporalitatem</span> 
     </span>
    </p>
   </div>
   <div class='ocr_carea' id='block_1_23' title="bbox 2102 849 3761 922">
    <p class='ocr_par' dir='ltr' id='par_1_23' title="bbox 2102 849 3761 922">
     <span class='ocr_line' id='line_1_23' title="bbox 2102 849 3761 922; baseline 0.002 -18"><span class='ocrx_word' id='word_1_161' title='bbox 2102 849 2388 922; x_wconf 89' lang='lat' dir='ltr'>ipsorum,</span> <span class='ocrx_word' id='word_1_162' title='bbox 2415 849 2573 921; x_wconf 90' lang='lat' dir='ltr'>quod</span> <span class='ocrx_word' id='word_1_163' title='bbox 2608 866 2726 905; x_wconf 89' lang='lat' dir='ltr'>una</span> <span class='ocrx_word' id='word_1_164' title='bbox 2752 866 2886 905; x_wconf 91' lang='lat' dir='ltr'>cum</span> <span class='ocrx_word' id='word_1_165' title='bbox 2920 850 3029 904; x_wconf 91' lang='lat' dir='ltr'>hoc</span> <span class='ocrx_word' id='word_1_166' title='bbox 3060 851 3277 905; x_wconf 66' lang='lat' dir='ltr'>saeculo</span> <span class='ocrx_word' id='word_1_167' title='bbox 3328 852 3667 922; x_wconf 83' lang='lat' dir='ltr'>persistant,</span> <span class='ocrx_word' id='word_1_168' title='bbox 3703 859 3761 907; x_wconf 86' lang='lat' dir='ltr'>at</span> 
     </span>
    </p>
   </div>
   <div class='ocr_carea' id='block_1_24' title="bbox 2103 938 3761 1012">
    <p class='ocr_par' dir='ltr' id='par_1_24' title="bbox 2103 938 3761 1012">
     <span class='ocr_line' id='line_1_24' title="bbox 2103 938 3761 1012; baseline 0.001 -16"><span class='ocrx_word' id='word_1_169' title='bbox 2103 958 2224 996; x_wconf 90' lang='lat' dir='ltr'>non</span> <span class='ocrx_word' id='word_1_170' title='bbox 2259 939 2583 1012; x_wconf 82' lang='lat' dir='ltr'>procedant</span> <span class='ocrx_word' id='word_1_171' title='bbox 2604 938 2676 994; x_wconf 91' lang='lat' dir='ltr'>ad</span> <span class='ocrx_word' id='word_1_172' title='bbox 2708 938 2995 996; x_wconf 83' lang='lat' dir='ltr'>futurum.</span> <span class='ocrx_word' id='word_1_173' title='bbox 3043 961 3073 989; x_wconf 86' lang='lat'>«</span> <span class='ocrx_word' id='word_1_174' title='bbox 3105 940 3213 1005; x_wconf 88' lang='lat' dir='ltr'>Qui</span> <span class='ocrx_word' id='word_1_175' title='bbox 3246 940 3577 997; x_wconf 77' lang='lat' dir='ltr'>abolentur.</span> <span class='ocrx_word' id='word_1_176' title='bbox 3615 964 3641 990; x_wconf 86' lang='grc'><strong>››</strong></span> <span class='ocrx_word' id='word_1_177' title='bbox 3669 942 3761 997; x_wconf 82' lang='lat' dir='ltr'>Si-</span> 
     </span>
    </p>
   </div>
   <div class='ocr_carea' id='block_1_25' title="bbox 2105 1029 3761 1102">
    <p class='ocr_par' dir='ltr' id='par_1_25' title="bbox 2105 1029 3761 1102">
     <span class='ocr_line' id='line_1_25' title="bbox 2105 1029 3761 1102; baseline -0.001 -17"><span class='ocrx_word' id='word_1_178' title='bbox 2105 1029 2345 1102; x_wconf 77' lang='lat' dir='ltr'>quidem</span> <span class='ocrx_word' id='word_1_179' title='bbox 2380 1034 2615 1084; x_wconf 88' lang='lat' dir='ltr'>cessant</span> <span class='ocrx_word' id='word_1_180' title='bbox 2640 1044 2760 1084; x_wconf 88' lang='lat' dir='ltr'>una</span> <span class='ocrx_word' id='word_1_181' title='bbox 2786 1044 2922 1083; x_wconf 91' lang='lat' dir='ltr'>cum</span> <span class='ocrx_word' id='word_1_182' title='bbox 2954 1030 3235 1100; x_wconf 70' lang='lat' dir='ltr'>prassenti</span> <span class='ocrx_word' id='word_1_183' title='bbox 3270 1030 3405 1085; x_wconf 90' lang='lat' dir='ltr'>vita.</span> <span class='ocrx_word' id='word_1_184' title='bbox 3433 1034 3506 1085; x_wconf 91' lang='lat' dir='ltr'>At</span> <span class='ocrx_word' id='word_1_185' title='bbox 3527 1047 3647 1086; x_wconf 92' lang='lat' dir='ltr'>non</span> <span class='ocrx_word' id='word_1_186' title='bbox 3680 1030 3761 1084; x_wconf 91' lang='lat' dir='ltr'>ita</span> 
     </span>
    </p>
   </div>
   <div class='ocr_carea' id='block_1_26' title="bbox 2099 1116 3760 1191">
    <p class='ocr_par' dir='ltr' id='par_1_26' title="bbox 2099 1116 3760 1191">
     <span class='ocr_line' id='line_1_26' title="bbox 2099 1116 3760 1191; baseline 0.001 -17"><span class='ocrx_word' id='word_1_187' title='bbox 2099 1118 2249 1191; x_wconf 80' lang='lat' dir='ltr'>justi</span> <span class='ocrx_word' id='word_1_188' title='bbox 2284 1134 2297 1173; x_wconf 92' lang='lat'><strong>:</strong></span> <span class='ocrx_word' id='word_1_189' title='bbox 2328 1116 2472 1191; x_wconf 92' lang='lat' dir='ltr'>quin</span> <span class='ocrx_word' id='word_1_190' title='bbox 2505 1117 2702 1189; x_wconf 89' lang='lat' dir='ltr'>potius</span> <span class='ocrx_word' id='word_1_191' title='bbox 2732 1116 2951 1173; x_wconf 87' lang='lat' dir='ltr'>ﬂorent</span> <span class='ocrx_word' id='word_1_192' title='bbox 2980 1122 3121 1173; x_wconf 90' lang='lat' dir='ltr'>tunc</span> <span class='ocrx_word' id='word_1_193' title='bbox 3152 1119 3338 1190; x_wconf 82' lang='lat' dir='ltr'>magis</span> <span class='ocrx_word' id='word_1_194' title='bbox 3368 1136 3546 1190; x_wconf 89' lang='lat' dir='ltr'>quam</span> <span class='ocrx_word' id='word_1_195' title='bbox 3578 1135 3760 1176; x_wconf 91' lang='lat' dir='ltr'>nunc.</span> 
     </span>
    </p>
   </div>
   <div class='ocr_carea' id='block_1_27' title="bbox 2105 1206 3757 1281">
    <p class='ocr_par' dir='ltr' id='par_1_27' title="bbox 2105 1206 3757 1281">
     <span class='ocr_line' id='line_1_27' title="bbox 2105 1206 3757 1281; baseline 0.001 -18"><span class='ocrx_word' id='word_1_196' title='bbox 2105 1208 2413 1280; x_wconf 80' lang='lat' dir='ltr'>Principes</span> <span class='ocrx_word' id='word_1_197' title='bbox 2431 1212 2631 1264; x_wconf 89' lang='lat' dir='ltr'>autem</span> <span class='ocrx_word' id='word_1_198' title='bbox 2645 1212 2840 1263; x_wconf 86' lang='lat' dir='ltr'>vocat:</span> <span class='ocrx_word' id='word_1_199' title='bbox 2857 1207 3011 1263; x_wconf 88' lang='lat' dir='ltr'>clam</span> <span class='ocrx_word' id='word_1_200' title='bbox 3033 1206 3349 1281; x_wconf 79' lang='lat' dir='ltr'>designans</span> <span class='ocrx_word' id='word_1_201' title='bbox 3362 1209 3719 1281; x_wconf 88' lang='lat' dir='ltr'>philosopho</span> <span class='ocrx_word' id='word_1_202' title='bbox 3731 1227 3757 1265; x_wconf 91' lang='lat' dir='ltr'>s</span> 
     </span>
    </p>
   </div>
   <div class='ocr_carea' id='block_1_28' title="bbox 2107 1296 3764 1370">
    <p class='ocr_par' dir='ltr' id='par_1_28' title="bbox 2107 1296 3764 1370">
     <span class='ocr_line' id='line_1_28' title="bbox 2107 1296 3764 1370; baseline 0.001 -18"><span class='ocrx_word' id='word_1_203' title='bbox 2107 1297 2207 1370; x_wconf 90' lang='lat' dir='ltr'>qui</span> <span class='ocrx_word' id='word_1_204' title='bbox 2231 1297 2388 1369; x_wconf 87' lang='lat' dir='ltr'>apud</span> <span class='ocrx_word' id='word_1_205' title='bbox 2419 1313 2520 1353; x_wconf 90' lang='lat' dir='ltr'>eos</span> <span class='ocrx_word' id='word_1_206' title='bbox 2581 1302 2770 1359; x_wconf 80' lang='lat' dir='ltr'>erant.</span> <span class='ocrx_word' id='word_1_207' title='bbox 2804 1296 3315 1369; x_wconf 85' lang='lat' dir='ltr'>historiographos</span> <span class='ocrx_word' id='word_1_208' title='bbox 3347 1314 3413 1353; x_wconf 89' lang='lat' dir='ltr'>ac</span> <span class='ocrx_word' id='word_1_209' title='bbox 3471 1298 3764 1366; x_wconf 84' lang='lat' dir='ltr'>rhetores,</span> 
     </span>
    </p>
   </div>
   <div class='ocr_carea' id='block_1_29' title="bbox 2108 1386 3762 1460">
    <p class='ocr_par' dir='ltr' id='par_1_29' title="bbox 2108 1386 3762 1460">
     <span class='ocr_line' id='line_1_29' title="bbox 2108 1386 3762 1460; baseline 0 -17"><span class='ocrx_word' id='word_1_210' title='bbox 2108 1387 2207 1460; x_wconf 89' lang='lat' dir='ltr'>qui</span> <span class='ocrx_word' id='word_1_211' title='bbox 2241 1387 2419 1443; x_wconf 90' lang='lat' dir='ltr'>etiam</span> <span class='ocrx_word' id='word_1_212' title='bbox 2451 1386 2795 1458; x_wconf 73' lang='lat' dir='ltr'>reipublicaa</span> <span class='ocrx_word' id='word_1_213' title='bbox 2846 1386 3360 1443; x_wconf 88' lang='lat' dir='ltr'>administratores</span> <span class='ocrx_word' id='word_1_214' title='bbox 3399 1387 3538 1443; x_wconf 77' lang='lat' dir='ltr'>facti</span> <span class='ocrx_word' id='word_1_215' title='bbox 3571 1394 3762 1443; x_wconf 90' lang='lat' dir='ltr'>erant.</span> 
     </span>
    </p>
   </div>
   <div class='ocr_carea' id='block_1_30' title="bbox 2108 1476 3765 1549">
    <p class='ocr_par' dir='ltr' id='par_1_30' title="bbox 2108 1476 3765 1549">
     <span class='ocr_line' id='line_1_30' title="bbox 2108 1476 3765 1549; baseline 0.004 -22"><span class='ocrx_word' id='word_1_216' title='bbox 2108 1500 2135 1527; x_wconf 79' lang='grc' dir='ltr'>ι(</span> <span class='ocrx_word' id='word_1_217' title='bbox 2163 1478 2225 1532; x_wconf 91' lang='lat' dir='ltr'>ln</span> <span class='ocrx_word' id='word_1_218' title='bbox 2256 1476 2527 1549; x_wconf 87' lang='lat' dir='ltr'>Mysterio</span> <span class='ocrx_word' id='word_1_219' title='bbox 2583 1499 2612 1525; x_wconf 86' lang='grc'>››</span> <span class='ocrx_word' id='word_1_220' title='bbox 2630 1477 2971 1549; x_wconf 87' lang='lat' dir='ltr'>Mysterium</span> <span class='ocrx_word' id='word_1_221' title='bbox 2996 1484 3163 1532; x_wconf 86' lang='lat' dir='ltr'>vocat</span> <span class='ocrx_word' id='word_1_222' title='bbox 3186 1478 3668 1548; x_wconf 61' lang='lat' dir='ltr'>praedicationem</span> <span class='ocrx_word' id='word_1_223' title='bbox 3692 1477 3765 1534; x_wconf 89' lang='lat' dir='ltr'>de</span> 
     </span>
    </p>
   </div>
   <div class='ocr_carea' id='block_1_31' title="bbox 2108 1565 3767 1636">
    <p class='ocr_par' dir='ltr' id='par_1_31' title="bbox 2108 1565 3767 1636">
     <span class='ocr_line' id='line_1_31' title="bbox 2108 1565 3767 1636; baseline -0.001 -15"><span class='ocrx_word' id='word_1_224' title='bbox 2108 1566 2360 1621; x_wconf 87' lang='lat' dir='ltr'>Christo.</span> <span class='ocrx_word' id='word_1_225' title='bbox 2388 1566 2525 1636; x_wconf 86' lang='lat' dir='ltr'>quia</span> <span class='ocrx_word' id='word_1_226' title='bbox 2552 1582 2746 1636; x_wconf 66' lang='lat' dir='ltr'>neqie</span> <span class='ocrx_word' id='word_1_227' title='bbox 2788 1565 2913 1619; x_wconf 81' lang='lat' dir='ltr'>ulla</span> <span class='ocrx_word' id='word_1_228' title='bbox 2970 1566 3227 1621; x_wconf 74' lang='lat' dir='ltr'>cwlestis</span> <span class='ocrx_word' id='word_1_229' title='bbox 3285 1566 3467 1623; x_wconf 87' lang='lat' dir='ltr'>virtus</span> <span class='ocrx_word' id='word_1_230' title='bbox 3521 1572 3767 1622; x_wconf 82' lang='lat' dir='ltr'>noverat</span> 
     </span>
    </p>
   </div>
   <div class='ocr_carea' id='block_1_32' title="bbox 2107 1655 3767 1726">
    <p class='ocr_par' dir='ltr' id='par_1_32' title="bbox 2107 1655 3767 1726">
     <span class='ocr_line' id='line_1_32' title="bbox 2107 1655 3767 1726; baseline 0.001 -16"><span class='ocrx_word' id='word_1_231' title='bbox 2107 1655 2255 1711; x_wconf 89' lang='lat' dir='ltr'>illud</span> <span class='ocrx_word' id='word_1_232' title='bbox 2294 1655 2633 1726; x_wconf 86' lang='lat' dir='ltr'>priusquam</span> <span class='ocrx_word' id='word_1_233' title='bbox 2654 1655 3059 1725; x_wconf 79' lang='lat' dir='ltr'>lierel,etquia</span> <span class='ocrx_word' id='word_1_234' title='bbox 3084 1656 3202 1711; x_wconf 91' lang='lat' dir='ltr'>alia</span> <span class='ocrx_word' id='word_1_235' title='bbox 3251 1656 3516 1713; x_wconf 82' lang='lat' dir='ltr'>videmus</span> <span class='ocrx_word' id='word_1_236' title='bbox 3568 1665 3623 1711; x_wconf 87' lang='lat' dir='ltr'>et</span> <span class='ocrx_word' id='word_1_237' title='bbox 3649 1657 3767 1711; x_wconf 71' lang='lat' dir='ltr'>alia</span> 
     </span>
    </p>
   </div>
   <div class='ocr_carea' id='block_1_33' title="bbox 2108 1745 3769 1819">
    <p class='ocr_par' dir='ltr' id='par_1_33' title="bbox 2108 1745 3769 1819">
     <span class='ocr_line' id='line_1_33' title="bbox 2108 1745 3769 1819; baseline 0 -19"><span class='ocrx_word' id='word_1_238' title='bbox 2108 1745 2426 1801; x_wconf 90' lang='lat' dir='ltr'>credimus.</span> <span class='ocrx_word' id='word_1_239' title='bbox 2460 1745 2757 1799; x_wconf 83' lang='lat' dir='ltr'>Christum</span> <span class='ocrx_word' id='word_1_240' title='bbox 2790 1745 3014 1807; x_wconf 87' lang='lat' dir='ltr'>videns,</span> <span class='ocrx_word' id='word_1_241' title='bbox 3049 1751 3330 1817; x_wconf 87' lang='lat' dir='ltr'>tanquam</span> <span class='ocrx_word' id='word_1_242' title='bbox 3366 1746 3682 1819; x_wconf 87' lang='lat' dir='ltr'>benignum</span> <span class='ocrx_word' id='word_1_243' title='bbox 3708 1751 3769 1803; x_wconf 91' lang='lat' dir='ltr'>et</span> 
     </span>
    </p>
   </div>
   <div class='ocr_carea' id='block_1_34' title="bbox 340 1829 2003 1926">
    <p class='ocr_par' dir='ltr' id='par_1_34' title="bbox 340 1829 1997 1908">
     <span class='ocr_line' id='line_1_34' title="bbox 340 1829 1997 1908; baseline 0.001 -23"><span class='ocrx_word' id='word_1_244' title='bbox 340 1830 436 1885; x_wconf 77' lang='grc' dir='ltr'>τὸν</span> <span class='ocrx_word' id='word_1_245' title='bbox 470 1835 780 1904; x_wconf 79' lang='grc' dir='ltr'>προσκυνῶ,</span> <span class='ocrx_word' id='word_1_246' title='bbox 813 1857 837 1885; x_wconf 75' lang='grc' dir='ltr'>ι</span> <span class='ocrx_word' id='word_1_247' title='bbox 861 1833 974 1901; x_wconf 68' lang='grc' dir='ltr'>Τῆν</span> <span class='ocrx_word' id='word_1_248' title='bbox 997 1831 1511 1907; x_wconf 77' lang='grc' dir='ltr'>ἀποκεκρυμμένην.</span> <span class='ocrx_word' id='word_1_249' title='bbox 1548 1856 1577 1883; x_wconf 86' lang='grc'><strong>››</strong></span> <span class='ocrx_word' id='word_1_250' title='bbox 1609 1832 1727 1886; x_wconf 75' lang='grc' dir='ltr'>Ἔτι</span> <span class='ocrx_word' id='word_1_251' title='bbox 1774 1831 1878 1908; x_wconf 65' lang='grc' dir='ltr'>γὰρ</span> <span class='ocrx_word' id='word_1_252' title='bbox 1907 1829 1997 1886; x_wconf 68' lang='grc' dir='ltr'>καὶ</span> 
     </span>
    </p>
   </div>
   <div class='ocr_carea' id='block_1_35' title="bbox 2114 1829 3763 1926">
    <p class='ocr_par' dir='ltr' id='par_1_35' title="bbox 2114 1835 3763 1900">
     <span class='ocr_line' id='line_1_35' title="bbox 2114 1835 3763 1900; baseline 0 -9"><span class='ocrx_word' id='word_1_253' title='bbox 2114 1836 2437 1891; x_wconf 86' lang='lat' dir='ltr'>humanum</span> <span class='ocrx_word' id='word_1_254' title='bbox 2469 1835 2638 1890; x_wconf 88' lang='lat' dir='ltr'>colo:</span> <span class='ocrx_word' id='word_1_255' title='bbox 2674 1852 2906 1892; x_wconf 88' lang='lat' dir='ltr'>servum</span> <span class='ocrx_word' id='word_1_256' title='bbox 2934 1835 3184 1891; x_wconf 90' lang='lat' dir='ltr'>audiens</span> <span class='ocrx_word' id='word_1_257' title='bbox 3216 1836 3514 1900; x_wconf 83' lang='lat' dir='ltr'>eﬂ&#39;ectum,</span> <span class='ocrx_word' id='word_1_258' title='bbox 3546 1836 3619 1890; x_wconf 90' lang='lat' dir='ltr'>ob</span> <span class='ocrx_word' id='word_1_259' title='bbox 3644 1835 3763 1893; x_wconf 87' lang='lat' dir='ltr'>dis-</span> 
     </span>
    </p>
   </div>
   <div class='ocr_carea' id='block_1_36' title="bbox 344 1918 1998 1998">
    <p class='ocr_par' dir='ltr' id='par_1_36' title="bbox 344 1918 1998 1998">
     <span class='ocr_line' id='line_1_36' title="bbox 344 1918 1998 1998; baseline 0 -26"><span class='ocrx_word' id='word_1_260' title='bbox 344 1922 436 1973; x_wconf 70' lang='grc' dir='ltr'>νῦν</span> <span class='ocrx_word' id='word_1_261' title='bbox 465 1919 780 1995; x_wconf 79' lang='grc' dir='ltr'>κέκρυπται,</span> <span class='ocrx_word' id='word_1_262' title='bbox 810 1925 927 1984; x_wconf 78' lang='grc' dir='ltr'>τοῖς</span> <span class='ocrx_word' id='word_1_263' title='bbox 984 1921 1079 1994; x_wconf 74' lang='grc' dir='ltr'>μὶν</span> <span class='ocrx_word' id='word_1_264' title='bbox 1132 1921 1383 1985; x_wconf 81' lang='grc' dir='ltr'>ἀπίστοις</span> <span class='ocrx_word' id='word_1_265' title='bbox 1446 1919 1537 1975; x_wconf 82' lang='grc' dir='ltr'>καὶ</span> <span class='ocrx_word' id='word_1_266' title='bbox 1595 1918 1821 1998; x_wconf 87' lang='grc' dir='ltr'>σφόδρα,</span> <span class='ocrx_word' id='word_1_267' title='bbox 1882 1924 1998 1981; x_wconf 85' lang='grc' dir='ltr'>τοῖς</span> 
     </span>
    </p>
   </div>
   <div class='ocr_carea' id='block_1_37' title="bbox 343 2003 1996 2091">
    <p class='ocr_par' dir='ltr' id='par_1_37' title="bbox 343 2003 1996 2091">
     <span class='ocr_line' id='line_1_37' title="bbox 343 2003 1996 2091; baseline -0.001 -28"><span class='ocrx_word' id='word_1_268' title='bbox 343 2003 404 2064; x_wconf 69' lang='grc' dir='ltr'>δὲ</span> <span class='ocrx_word' id='word_1_269' title='bbox 433 2013 673 2080; x_wconf 79' lang='grc' dir='ltr'>πιστοῖς,</span> <span class='ocrx_word' id='word_1_270' title='bbox 704 2011 769 2066; x_wconf 81' lang='grc' dir='ltr'>οὐ</span> <span class='ocrx_word' id='word_1_271' title='bbox 802 2011 1028 2091; x_wconf 63' lang='grc' dir='ltr'>σφόρρα.</span> <span class='ocrx_word' id='word_1_272' title='bbox 1081 2034 1110 2063; x_wconf 88' lang='grc'><strong>‹‹</strong></span> <span class='ocrx_word' id='word_1_273' title='bbox 1143 2011 1243 2065; x_wconf 79' lang='grc' dir='ltr'>Ἠν</span> <span class='ocrx_word' id='word_1_274' title='bbox 1301 2011 1606 2085; x_wconf 79' lang='grc' dir='ltr'>προώρισεν</span> <span class='ocrx_word' id='word_1_275' title='bbox 1636 2009 1663 2064; x_wconf 91' lang='grc' dir='ltr'>ό</span> <span class='ocrx_word' id='word_1_276' title='bbox 1715 2010 1864 2071; x_wconf 88' lang='grc' dir='ltr'>Θεός.</span> <span class='ocrx_word' id='word_1_277' title='bbox 1895 2010 1996 2065; x_wconf 83' lang='grc' dir='ltr'>’Ήν</span> 
     </span>
    </p>
   </div>
   <div class='ocr_carea' id='block_1_38' title="bbox 342 2099 1993 2181">
    <p class='ocr_par' dir='ltr' id='par_1_38' title="bbox 342 2099 1993 2181">
     <span class='ocr_line' id='line_1_38' title="bbox 342 2099 1993 2181; baseline 0 -26"><span class='ocrx_word' id='word_1_278' title='bbox 342 2099 536 2180; x_wconf 84' lang='grc' dir='ltr'>σοφίαν</span> <span class='ocrx_word' id='word_1_279' title='bbox 582 2101 887 2176; x_wconf 84' lang='grc' dir='ltr'>προώρισεν</span> <span class='ocrx_word' id='word_1_280' title='bbox 949 2102 977 2158; x_wconf 76' lang='grc' dir='ltr'><strong>ὁ</strong></span> <span class='ocrx_word' id='word_1_281' title='bbox 1033 2102 1240 2177; x_wconf 79' lang='grc' dir='ltr'>Πατήρ,</span> <span class='ocrx_word' id='word_1_282' title='bbox 1300 2100 1454 2181; x_wconf 84' lang='grc' dir='ltr'>φησὶ,</span> <span class='ocrx_word' id='word_1_283' title='bbox 1510 2102 1607 2171; x_wconf 76' lang='grc' dir='ltr'>τήν</span> <span class='ocrx_word' id='word_1_284' title='bbox 1670 2100 1792 2178; x_wconf 77' lang='grc' dir='ltr'>περὶ</span> <span class='ocrx_word' id='word_1_285' title='bbox 1844 2103 1993 2174; x_wconf 77' lang='grc' dir='ltr'>ἡμᾶς</span> 
     </span>
    </p>
   </div>
   <div class='ocr_carea' id='block_1_39' title="bbox 335 2184 1993 2267">
    <p class='ocr_par' dir='ltr' id='par_1_39' title="bbox 335 2184 1993 2267">
     <span class='ocr_line' id='line_1_39' title="bbox 335 2184 1993 2267; baseline 0.001 -23"><span class='ocrx_word' id='word_1_286' title='bbox 335 2184 670 2263; x_wconf 80' lang='grc' dir='ltr'>κηδεμονίαν</span> <span class='ocrx_word' id='word_1_287' title='bbox 693 2187 1144 2264; x_wconf 77' lang='grc' dir='ltr'>ένδεικνύμενοις,</span> <span class='ocrx_word' id='word_1_288' title='bbox 1169 2191 1261 2246; x_wconf 81' lang='grc' dir='ltr'>ἳνα</span> <span class='ocrx_word' id='word_1_289' title='bbox 1284 2194 1433 2265; x_wconf 74' lang='grc' dir='ltr'>ἡμᾶς</span> <span class='ocrx_word' id='word_1_290' title='bbox 1467 2187 1539 2245; x_wconf 77' lang='grc' dir='ltr'>δι’</span> <span class='ocrx_word' id='word_1_291' title='bbox 1567 2188 1737 2262; x_wconf 76' lang='grc' dir='ltr'>αὐτῆς</span> <span class='ocrx_word' id='word_1_292' title='bbox 1771 2187 1993 2267; x_wconf 76' lang='grc' dir='ltr'>δοξάσῃ.</span> 
     </span>
    </p>
   </div>
   <div class='ocr_carea' id='block_1_40' title="bbox 332 2274 1993 2356">
    <p class='ocr_par' dir='ltr' id='par_1_40' title="bbox 332 2274 1993 2356">
     <span class='ocr_line' id='line_1_40' title="bbox 332 2274 1993 2356; baseline 0 -21"><span class='ocrx_word' id='word_1_293' title='bbox 332 2278 414 2335; x_wconf 89' lang='grc' dir='ltr'>Τὸ</span> <span class='ocrx_word' id='word_1_294' title='bbox 438 2274 515 2348; x_wconf 76' lang='grc' dir='ltr'>δὲ,</span> <span class='ocrx_word' id='word_1_295' title='bbox 550 2304 578 2331; x_wconf 88' lang='grc'><strong>‹‹</strong></span> <span class='ocrx_word' id='word_1_296' title='bbox 609 2279 722 2356; x_wconf 82' lang='grc' dir='ltr'>Πρό</span> <span class='ocrx_word' id='word_1_297' title='bbox 751 2284 858 2335; x_wconf 79' lang='grc' dir='ltr'>τῶν</span> <span class='ocrx_word' id='word_1_298' title='bbox 892 2279 1128 2350; x_wconf 75' lang='grc' dir='ltr'>αἰώνων,</span> <span class='ocrx_word' id='word_1_299' title='bbox 1156 2304 1183 2333; x_wconf 87' lang='grc'><strong>››</strong></span> <span class='ocrx_word' id='word_1_300' title='bbox 1219 2278 1409 2352; x_wconf 86' lang='grc' dir='ltr'>δηλοῖ,</span> <span class='ocrx_word' id='word_1_301' title='bbox 1437 2277 1711 2336; x_wconf 71' lang='grc' dir='ltr'>συναὶδιον</span> <span class='ocrx_word' id='word_1_302' title='bbox 1746 2280 1881 2355; x_wconf 83' lang='grc' dir='ltr'>πρὸς</span> <span class='ocrx_word' id='word_1_303' title='bbox 1902 2280 1993 2335; x_wconf 85' lang='grc' dir='ltr'>τὸν</span> 
     </span>
    </p>
   </div>
   <div class='ocr_carea' id='block_1_41' title="bbox 334 2366 1995 2446">
    <p class='ocr_par' dir='ltr' id='par_1_41' title="bbox 334 2366 1995 2446">
     <span class='ocr_line' id='line_1_41' title="bbox 334 2366 1995 2446; baseline 0.001 -21"><span class='ocrx_word' id='word_1_304' title='bbox 334 2368 576 2444; x_wconf 81' lang='grc' dir='ltr'>Πατέρα.</span> <span class='ocrx_word' id='word_1_305' title='bbox 640 2393 668 2421; x_wconf 87' lang='grc'><em>‹‹</em></span> <span class='ocrx_word' id='word_1_306' title='bbox 725 2371 824 2427; x_wconf 80' lang='grc' dir='ltr'>Ἠν</span> <span class='ocrx_word' id='word_1_307' title='bbox 885 2366 1063 2433; x_wconf 80' lang='grc' dir='ltr'>οὐδεὶς</span> <span class='ocrx_word' id='word_1_308' title='bbox 1122 2374 1231 2426; x_wconf 82' lang='grc' dir='ltr'>τῶν</span> <span class='ocrx_word' id='word_1_309' title='bbox 1290 2369 1656 2446; x_wconf 81' lang='grc' dir='ltr'>ἀρχόντων.»</span> <span class='ocrx_word' id='word_1_310' title='bbox 1723 2371 1843 2427; x_wconf 86' lang='grc' dir='ltr'>Ἐνι</span> <span class='ocrx_word' id='word_1_311' title='bbox 1898 2370 1995 2443; x_wconf 74' lang='grc' dir='ltr'>μὲν</span> 
     </span>
    </p>
   </div>
   <div class='ocr_carea' id='block_1_42' title="bbox 322 2455 1986 2534">
    <p class='ocr_par' dir='ltr' id='par_1_42' title="bbox 322 2455 1986 2534">
     <span class='ocr_line' id='line_1_42' title="bbox 322 2455 1986 2534; baseline 0.001 -21"><span class='ocrx_word' id='word_1_312' title='bbox 322 2460 522 2528; x_wconf 72' lang='grc' dir='ltr'>νοῆσαι</span> <span class='ocrx_word' id='word_1_313' title='bbox 551 2462 735 2526; x_wconf 71' lang='grc' dir='ltr'>τοῦτο,</span> <span class='ocrx_word' id='word_1_314' title='bbox 767 2458 858 2514; x_wconf 81' lang='grc' dir='ltr'>καὶ</span> <span class='ocrx_word' id='word_1_315' title='bbox 916 2458 1041 2534; x_wconf 85' lang='grc' dir='ltr'>περῖ</span> <span class='ocrx_word' id='word_1_316' title='bbox 1107 2464 1204 2515; x_wconf 85' lang='grc' dir='ltr'>τοῦ</span> <span class='ocrx_word' id='word_1_317' title='bbox 1262 2457 1505 2515; x_wconf 80' lang='grc' dir='ltr'>Πιλάτου</span> <span class='ocrx_word' id='word_1_318' title='bbox 1561 2460 1651 2516; x_wconf 78' lang='grc' dir='ltr'>καὶ</span> <span class='ocrx_word' id='word_1_319' title='bbox 1707 2455 1986 2532; x_wconf 82' lang='grc' dir='ltr'>Ἡρώδου,</span> 
     </span>
    </p>
   </div>
   <div class='ocr_carea' id='block_1_43' title="bbox 328 2546 1985 2627">
    <p class='ocr_par' dir='ltr' id='par_1_43' title="bbox 328 2546 1985 2627">
     <span class='ocr_line' id='line_1_43' title="bbox 328 2546 1985 2627; baseline 0.001 -25"><span class='ocrx_word' id='word_1_320' title='bbox 328 2549 572 2623; x_wconf 68' lang='grc' dir='ltr'>ἠγνόουν</span> <span class='ocrx_word' id='word_1_321' title='bbox 604 2549 730 2625; x_wconf 83' lang='grc' dir='ltr'>γάρ.</span> <span class='ocrx_word' id='word_1_322' title='bbox 773 2550 893 2606; x_wconf 81' lang='grc' dir='ltr'>Ἔτι</span> <span class='ocrx_word' id='word_1_323' title='bbox 962 2546 1020 2604; x_wconf 72' lang='grc' dir='ltr'>δὲ</span> <span class='ocrx_word' id='word_1_324' title='bbox 1069 2549 1159 2606; x_wconf 79' lang='grc' dir='ltr'>καὶ</span> <span class='ocrx_word' id='word_1_325' title='bbox 1212 2550 1335 2626; x_wconf 82' lang='grc' dir='ltr'>περὶ</span> <span class='ocrx_word' id='word_1_326' title='bbox 1385 2555 1491 2606; x_wconf 81' lang='grc' dir='ltr'>τῶν</span> <span class='ocrx_word' id='word_1_327' title='bbox 1543 2549 1843 2627; x_wconf 84' lang='grc' dir='ltr'>ἀρχιερέων</span> <span class='ocrx_word' id='word_1_328' title='bbox 1899 2550 1985 2605; x_wconf 82' lang='grc' dir='ltr'>καὶ</span> 
     </span>
    </p>
   </div>
   <div class='ocr_carea' id='block_1_44' title="bbox 325 2636 1991 2715">
    <p class='ocr_par' dir='ltr' id='par_1_44' title="bbox 325 2636 1991 2715">
     <span class='ocr_line' id='line_1_44' title="bbox 325 2636 1991 2715; baseline 0.001 -24"><span class='ocrx_word' id='word_1_329' title='bbox 325 2639 728 2713; x_wconf 72' lang='grc' dir='ltr'>γραμματέων,</span> <span class='ocrx_word' id='word_1_330' title='bbox 763 2639 958 2701; x_wconf 73' lang='grc' dir='ltr'>οἵτινες</span> <span class='ocrx_word' id='word_1_331' title='bbox 1010 2639 1242 2714; x_wconf 71' lang='grc' dir='ltr'>ἠγνόουν</span> <span class='ocrx_word' id='word_1_332' title='bbox 1296 2641 1398 2711; x_wconf 79' lang='grc' dir='ltr'>τήν</span> <span class='ocrx_word' id='word_1_333' title='bbox 1457 2636 1547 2694; x_wconf 70' lang='grc' dir='ltr'>διὰ</span> <span class='ocrx_word' id='word_1_334' title='bbox 1601 2643 1700 2695; x_wconf 74' lang='grc' dir='ltr'>τοῦ</span> <span class='ocrx_word' id='word_1_335' title='bbox 1759 2643 1991 2715; x_wconf 77' lang='grc' dir='ltr'>σταυροῦ</span> 
     </span>
    </p>
   </div>
   <div class='ocr_carea' id='block_1_45' title="bbox 328 2729 1992 2810">
    <p class='ocr_par' dir='ltr' id='par_1_45' title="bbox 328 2729 1992 2810">
     <span class='ocr_line' id='line_1_45' title="bbox 328 2729 1992 2810; baseline 0.001 -25"><span class='ocrx_word' id='word_1_336' title='bbox 328 2732 436 2785; x_wconf 71' lang='grc' dir='ltr'>τοῦ</span> <span class='ocrx_word' id='word_1_337' title='bbox 467 2735 699 2803; x_wconf 78' lang='grc' dir='ltr'>Χριστοῦ</span> <span class='ocrx_word' id='word_1_338' title='bbox 730 2731 819 2786; x_wconf 86' lang='grc' dir='ltr'>καὶ</span> <span class='ocrx_word' id='word_1_339' title='bbox 872 2735 968 2786; x_wconf 76' lang='grc' dir='ltr'>τοῦ</span> <span class='ocrx_word' id='word_1_340' title='bbox 1027 2731 1254 2795; x_wconf 82' lang='grc' dir='ltr'>θανάτου</span> <span class='ocrx_word' id='word_1_341' title='bbox 1310 2729 1603 2810; x_wconf 87' lang='grc' dir='ltr'>γινομένην</span> <span class='ocrx_word' id='word_1_342' title='bbox 1655 2729 1992 2804; x_wconf 75' lang='grc' dir='ltr'>οἰκονομίαν.</span> 
     </span>
    </p>
   </div>
   <div class='ocr_carea' id='block_1_46' title="bbox 328 2817 1996 2897">
    <p class='ocr_par' dir='ltr' id='par_1_46' title="bbox 328 2817 1996 2897">
     <span class='ocr_line' id='line_1_46' title="bbox 328 2817 1996 2897; baseline -0.001 -20"><span class='ocrx_word' id='word_1_343' title='bbox 328 2820 494 2877; x_wconf 63' lang='lat' dir='ltr'>&quot;Avo:</span> <span class='ocrx_word' id='word_1_344' title='bbox 536 2817 595 2875; x_wconf 75' lang='grc' dir='ltr'>δὲ</span> <span class='ocrx_word' id='word_1_345' title='bbox 651 2819 816 2876; x_wconf 77' lang='grc' dir='ltr'>εἷπὼν</span> <span class='ocrx_word' id='word_1_346' title='bbox 873 2818 1143 2897; x_wconf 79' lang='grc' dir='ltr'>ἄρχοντας</span> <span class='ocrx_word' id='word_1_347' title='bbox 1198 2825 1295 2876; x_wconf 76' lang='grc' dir='ltr'>τοῦ</span> <span class='ocrx_word' id='word_1_348' title='bbox 1362 2820 1558 2886; x_wconf 76' lang='grc' dir='ltr'>αἰῶνος</span> <span class='ocrx_word' id='word_1_349' title='bbox 1610 2819 1807 2876; x_wconf 75' lang='grc' dir='ltr'>τούτου</span> <span class='ocrx_word' id='word_1_350' title='bbox 1867 2821 1996 2883; x_wconf 75' lang='grc' dir='ltr'>τοὺς</span> 
     </span>
    </p>
   </div>
   <div class='ocr_carea' id='block_1_47' title="bbox 327 2906 1990 2986">
    <p class='ocr_par' dir='ltr' id='par_1_47' title="bbox 327 2906 1990 2986">
     <span class='ocr_line' id='line_1_47' title="bbox 327 2906 1990 2986; baseline 0.002 -23"><span class='ocrx_word' id='word_1_351' title='bbox 327 2911 451 2963; x_wconf 81' lang='grc' dir='ltr'>τῶν</span> <span class='ocrx_word' id='word_1_352' title='bbox 484 2908 770 2981; x_wconf 72' lang='grc' dir='ltr'>Ἑλλήνων</span> <span class='ocrx_word' id='word_1_353' title='bbox 798 2909 999 2986; x_wconf 74' lang='grc' dir='ltr'>σοφοὺς</span> <span class='ocrx_word' id='word_1_354' title='bbox 1030 2914 1120 2964; x_wconf 80' lang='grc' dir='ltr'>νῦν</span> <span class='ocrx_word' id='word_1_355' title='bbox 1167 2906 1315 2985; x_wconf 75' lang='grc' dir='ltr'>λέγει</span> <span class='ocrx_word' id='word_1_356' title='bbox 1370 2909 1496 2973; x_wconf 73' lang='grc' dir='ltr'>τοὺς</span> <span class='ocrx_word' id='word_1_357' title='bbox 1522 2914 1629 2965; x_wconf 83' lang='grc' dir='ltr'>τῶν</span> <span class='ocrx_word' id='word_1_358' title='bbox 1688 2906 1990 2967; x_wconf 79' lang='grc' dir='ltr'>Ἰουδαίων.</span> 
     </span>
    </p>
   </div>
   <div class='ocr_carea' id='block_1_48' title="bbox 2108 1924 3762 1996">
    <p class='ocr_par' dir='ltr' id='par_1_48' title="bbox 2108 1924 3762 1996">
     <span class='ocr_line' id='line_1_48' title="bbox 2108 1924 3762 1996; baseline -0.001 -17"><span class='ocrx_word' id='word_1_359' title='bbox 2108 1924 2521 1996; x_wconf 89' lang='lat' dir='ltr'>pensationem</span> <span class='ocrx_word' id='word_1_360' title='bbox 2554 1939 2689 1978; x_wconf 91' lang='lat' dir='ltr'>eum</span> <span class='ocrx_word' id='word_1_361' title='bbox 2737 1925 2939 1980; x_wconf 90' lang='lat' dir='ltr'>adoro.</span> <span class='ocrx_word' id='word_1_362' title='bbox 3001 1947 3027 1974; x_wconf 83' lang='lat'>«</span> <span class='ocrx_word' id='word_1_363' title='bbox 3063 1926 3201 1990; x_wconf 65' lang='lat' dir='ltr'>Qua)</span> <span class='ocrx_word' id='word_1_364' title='bbox 3254 1924 3562 1979; x_wconf 88' lang='lat' dir='ltr'>recondita</span> <span class='ocrx_word' id='word_1_365' title='bbox 3594 1929 3700 1979; x_wconf 90' lang='lat' dir='ltr'>est.</span> <span class='ocrx_word' id='word_1_366' title='bbox 3735 1944 3762 1977; x_wconf 75' lang='grc' dir='ltr'>ιι</span> 
     </span>
    </p>
   </div>
   <div class='ocr_carea' id='block_1_49' title="bbox 2106 2013 3764 2086">
    <p class='ocr_par' dir='ltr' id='par_1_49' title="bbox 2106 2013 3764 2086">
     <span class='ocr_line' id='line_1_49' title="bbox 2106 2013 3764 2086; baseline 0 -17"><span class='ocrx_word' id='word_1_367' title='bbox 2106 2015 2252 2069; x_wconf 89' lang='lat' dir='ltr'>Nam</span> <span class='ocrx_word' id='word_1_368' title='bbox 2285 2018 2343 2069; x_wconf 90' lang='lat' dir='ltr'>et</span> <span class='ocrx_word' id='word_1_369' title='bbox 2366 2013 2476 2069; x_wconf 92' lang='lat' dir='ltr'>hoc</span> <span class='ocrx_word' id='word_1_370' title='bbox 2498 2030 2734 2085; x_wconf 88' lang='lat' dir='ltr'>quoque</span> <span class='ocrx_word' id='word_1_371' title='bbox 2759 2019 3021 2086; x_wconf 87' lang='lat' dir='ltr'>tempore</span> <span class='ocrx_word' id='word_1_372' title='bbox 3038 2014 3269 2070; x_wconf 87' lang='lat' dir='ltr'>occulta</span> <span class='ocrx_word' id='word_1_373' title='bbox 3293 2021 3403 2082; x_wconf 88' lang='lat' dir='ltr'>est,</span> <span class='ocrx_word' id='word_1_374' title='bbox 3437 2013 3764 2070; x_wconf 87' lang='lat' dir='ltr'>incredulis</span> 
     </span>
    </p>
   </div>
   <div class='ocr_carea' id='block_1_50' title="bbox 2108 2103 3763 2175">
    <p class='ocr_par' dir='ltr' id='par_1_50' title="bbox 2108 2103 3763 2175">
     <span class='ocr_line' id='line_1_50' title="bbox 2108 2103 3763 2175; baseline 0 -16"><span class='ocrx_word' id='word_1_375' title='bbox 2108 2104 2348 2175; x_wconf 88' lang='lat' dir='ltr'>quidem</span> <span class='ocrx_word' id='word_1_376' title='bbox 2378 2104 2783 2171; x_wconf 85' lang='lat' dir='ltr'>vehementer,</span> <span class='ocrx_word' id='word_1_377' title='bbox 2816 2103 3196 2159; x_wconf 85' lang='lat' dir='ltr'>credentibus</span> <span class='ocrx_word' id='word_1_378' title='bbox 3227 2120 3361 2159; x_wconf 87' lang='lat' dir='ltr'>vero</span> <span class='ocrx_word' id='word_1_379' title='bbox 3410 2120 3531 2158; x_wconf 93' lang='lat' dir='ltr'>non</span> <span class='ocrx_word' id='word_1_380' title='bbox 3589 2104 3763 2159; x_wconf 87' lang='lat' dir='ltr'>adeo.</span> 
     </span>
    </p>
   </div>
   <div class='ocr_carea' id='block_1_51' title="bbox 2106 2192 3764 2265">
    <p class='ocr_par' dir='ltr' id='par_1_51' title="bbox 2106 2192 3764 2265">
     <span class='ocr_line' id='line_1_51' title="bbox 2106 2192 3764 2265; baseline 0.004 -23"><span class='ocrx_word' id='word_1_381' title='bbox 2106 2215 2134 2243; x_wconf 79' lang='grc' dir='ltr'>ι(</span> <span class='ocrx_word' id='word_1_382' title='bbox 2168 2194 2353 2258; x_wconf 89' lang='lat' dir='ltr'>Quam</span> <span class='ocrx_word' id='word_1_383' title='bbox 2384 2192 2699 2265; x_wconf 72' lang='lat' dir='ltr'>praefinivit</span> <span class='ocrx_word' id='word_1_384' title='bbox 2729 2194 2903 2248; x_wconf 90' lang='lat' dir='ltr'>Deus.</span> <span class='ocrx_word' id='word_1_385' title='bbox 2932 2213 2953 2243; x_wconf 71' lang='grc' dir='ltr'>ι</span> <span class='ocrx_word' id='word_1_386' title='bbox 2991 2194 3363 2265; x_wconf 85' lang='lat' dir='ltr'>Quanquam,</span> <span class='ocrx_word' id='word_1_387' title='bbox 3408 2193 3625 2265; x_wconf 87' lang='lat' dir='ltr'>inquit,</span> <span class='ocrx_word' id='word_1_388' title='bbox 3665 2209 3764 2249; x_wconf 86' lang='lat' dir='ltr'>sa-</span> 
     </span>
    </p>
   </div>
   <div class='ocr_carea' id='block_1_52' title="bbox 2104 2281 3760 2357">
    <p class='ocr_par' dir='ltr' id='par_1_52' title="bbox 2104 2281 3760 2357">
     <span class='ocr_line' id='line_1_52' title="bbox 2104 2281 3760 2357; baseline 0.001 -21"><span class='ocrx_word' id='word_1_389' title='bbox 2104 2282 2390 2355; x_wconf 89' lang='lat' dir='ltr'>pientiam</span> <span class='ocrx_word' id='word_1_390' title='bbox 2421 2281 2734 2355; x_wconf 80' lang='lat' dir='ltr'>praeﬁnivit</span> <span class='ocrx_word' id='word_1_391' title='bbox 2767 2284 2958 2349; x_wconf 91' lang='lat' dir='ltr'>Pater,</span> <span class='ocrx_word' id='word_1_392' title='bbox 2994 2282 3318 2339; x_wconf 89' lang='lat' dir='ltr'>ostendens</span> <span class='ocrx_word' id='word_1_393' title='bbox 3371 2282 3760 2357; x_wconf 81' lang='lat' dir='ltr'>gubernatio-</span> 
     </span>
    </p>
   </div>
   <div class='ocr_carea' id='block_1_53' title="bbox 2105 2370 3763 2446">
    <p class='ocr_par' dir='ltr' id='par_1_53' title="bbox 2105 2370 3763 2446">
     <span class='ocr_line' id='line_1_53' title="bbox 2105 2370 3763 2446; baseline 0 -19"><span class='ocrx_word' id='word_1_394' title='bbox 2105 2388 2266 2437; x_wconf 88' lang='lat' dir='ltr'>nem,</span> <span class='ocrx_word' id='word_1_395' title='bbox 2300 2389 2477 2444; x_wconf 87' lang='lat' dir='ltr'>quam</span> <span class='ocrx_word' id='word_1_396' title='bbox 2509 2372 2667 2428; x_wconf 92' lang='lat' dir='ltr'>circa</span> <span class='ocrx_word' id='word_1_397' title='bbox 2696 2388 2805 2427; x_wconf 90' lang='lat' dir='ltr'>nos</span> <span class='ocrx_word' id='word_1_398' title='bbox 2859 2370 3087 2440; x_wconf 89' lang='lat' dir='ltr'>habuit,</span> <span class='ocrx_word' id='word_1_399' title='bbox 3121 2378 3184 2427; x_wconf 89' lang='lat' dir='ltr'>ut</span> <span class='ocrx_word' id='word_1_400' title='bbox 3237 2390 3343 2446; x_wconf 88' lang='lat' dir='ltr'>per</span> <span class='ocrx_word' id='word_1_401' title='bbox 3398 2374 3589 2445; x_wconf 88' lang='lat' dir='ltr'>ipsam</span> <span class='ocrx_word' id='word_1_402' title='bbox 3654 2390 3763 2428; x_wconf 92' lang='lat' dir='ltr'>nos</span> 
     </span>
    </p>
   </div>
   <div class='ocr_carea' id='block_1_54' title="bbox 2109 2459 3764 2535">
    <p class='ocr_par' dir='ltr' id='par_1_54' title="bbox 2109 2459 3764 2535">
     <span class='ocr_line' id='line_1_54' title="bbox 2109 2459 3764 2535; baseline -0.002 -19"><span class='ocrx_word' id='word_1_403' title='bbox 2109 2461 2489 2535; x_wconf 76' lang='lat' dir='ltr'>gloriﬁcaret.</span> <span class='ocrx_word' id='word_1_404' title='bbox 2518 2459 2685 2528; x_wconf 87' lang='lat' dir='ltr'>Quod</span> <span class='ocrx_word' id='word_1_405' title='bbox 2713 2466 2913 2517; x_wconf 90' lang='lat' dir='ltr'>autem</span> <span class='ocrx_word' id='word_1_406' title='bbox 2969 2462 3099 2518; x_wconf 87' lang='lat' dir='ltr'>ait:</span> <span class='ocrx_word' id='word_1_407' title='bbox 3160 2484 3188 2512; x_wconf 88' lang='grc'>‹‹</span> <span class='ocrx_word' id='word_1_408' title='bbox 3251 2464 3400 2518; x_wconf 85' lang='lat' dir='ltr'>Ante</span> <span class='ocrx_word' id='word_1_409' title='bbox 3458 2462 3698 2527; x_wconf 71' lang='lat' dir='ltr'>saacula,</span> <span class='ocrx_word' id='word_1_410' title='bbox 3735 2483 3764 2512; x_wconf 87' lang='grc'><strong>››</strong></span> 
     </span>
    </p>
   </div>
   <div class='ocr_carea' id='block_1_55' title="bbox 2111 2551 3767 2623">
    <p class='ocr_par' dir='ltr' id='par_1_55' title="bbox 2111 2551 3767 2623">
     <span class='ocr_line' id='line_1_55' title="bbox 2111 2551 3767 2623; baseline 0.001 -18"><span class='ocrx_word' id='word_1_411' title='bbox 2111 2551 2410 2623; x_wconf 80' lang='lat' dir='ltr'>significat</span> <span class='ocrx_word' id='word_1_412' title='bbox 2438 2551 2905 2607; x_wconf 69' lang='lat' dir='ltr'>comternitatem</span> <span class='ocrx_word' id='word_1_413' title='bbox 2928 2568 3063 2606; x_wconf 90' lang='lat' dir='ltr'>cum</span> <span class='ocrx_word' id='word_1_414' title='bbox 3094 2555 3282 2606; x_wconf 88' lang='lat' dir='ltr'>Patre.</span> <span class='ocrx_word' id='word_1_415' title='bbox 3319 2573 3346 2601; x_wconf 88' lang='grc'>‹‹</span> <span class='ocrx_word' id='word_1_416' title='bbox 3374 2552 3560 2617; x_wconf 86' lang='lat' dir='ltr'>Quam</span> <span class='ocrx_word' id='word_1_417' title='bbox 3591 2568 3767 2606; x_wconf 90' lang='lat' dir='ltr'>nemo</span> 
     </span>
    </p>
   </div>
   <div class='ocr_carea' id='block_1_56' title="bbox 2112 2642 3766 2716">
    <p class='ocr_par' dir='ltr' id='par_1_56' title="bbox 2112 2642 3766 2716">
     <span class='ocr_line' id='line_1_56' title="bbox 2112 2642 3766 2716; baseline 0.002 -20"><span class='ocrx_word' id='word_1_418' title='bbox 2112 2642 2473 2714; x_wconf 87' lang='lat' dir='ltr'>principum.</span> <span class='ocrx_word' id='word_1_419' title='bbox 2508 2664 2537 2692; x_wconf 86' lang='lat'><strong>»</strong></span> <span class='ocrx_word' id='word_1_420' title='bbox 2569 2644 2770 2699; x_wconf 91' lang='lat' dir='ltr'>Potest</span> <span class='ocrx_word' id='word_1_421' title='bbox 2800 2642 3039 2715; x_wconf 90' lang='lat' dir='ltr'>quidem</span> <span class='ocrx_word' id='word_1_422' title='bbox 3068 2642 3181 2699; x_wconf 91' lang='lat' dir='ltr'>hoc</span> <span class='ocrx_word' id='word_1_423' title='bbox 3211 2643 3463 2716; x_wconf 92' lang='lat' dir='ltr'>intelligi</span> <span class='ocrx_word' id='word_1_424' title='bbox 3492 2645 3670 2700; x_wconf 90' lang='lat' dir='ltr'>etiam</span> <span class='ocrx_word' id='word_1_425' title='bbox 3693 2644 3766 2699; x_wconf 88' lang='lat' dir='ltr'>de</span> 
     </span>
    </p>
   </div>
   <div class='ocr_carea' id='block_1_57' title="bbox 2108 2732 3762 2805">
    <p class='ocr_par' dir='ltr' id='par_1_57' title="bbox 2108 2732 3762 2805">
     <span class='ocr_line' id='line_1_57' title="bbox 2108 2732 3762 2805; baseline -0.001 -18"><span class='ocrx_word' id='word_1_426' title='bbox 2108 2732 2297 2788; x_wconf 86' lang='lat' dir='ltr'>Pilato</span> <span class='ocrx_word' id='word_1_427' title='bbox 2331 2737 2388 2787; x_wconf 92' lang='lat' dir='ltr'>et</span> <span class='ocrx_word' id='word_1_428' title='bbox 2415 2732 2640 2788; x_wconf 85' lang='lat' dir='ltr'>Herode</span> <span class='ocrx_word' id='word_1_429' title='bbox 2667 2749 2679 2787; x_wconf 89' lang='lat'><strong>:</strong></span> <span class='ocrx_word' id='word_1_430' title='bbox 2706 2748 2846 2787; x_wconf 91' lang='lat' dir='ltr'>nam</span> <span class='ocrx_word' id='word_1_431' title='bbox 2866 2733 3218 2805; x_wconf 78' lang='lat' dir='ltr'>ignorabant</span> <span class='ocrx_word' id='word_1_432' title='bbox 3239 2734 3613 2804; x_wconf 89' lang='lat' dir='ltr'>sapientiam.</span> <span class='ocrx_word' id='word_1_433' title='bbox 3648 2735 3762 2787; x_wconf 89' lang='lat' dir='ltr'>Po-</span> 
     </span>
    </p>
   </div>
   <div class='ocr_carea' id='block_1_58' title="bbox 2106 2821 3764 2894">
    <p class='ocr_par' dir='ltr' id='par_1_58' title="bbox 2106 2821 3764 2894">
     <span class='ocr_line' id='line_1_58' title="bbox 2106 2821 3764 2894; baseline -0.001 -17"><span class='ocrx_word' id='word_1_434' title='bbox 2106 2826 2223 2877; x_wconf 89' lang='lat' dir='ltr'>test</span> <span class='ocrx_word' id='word_1_435' title='bbox 2252 2826 2312 2877; x_wconf 90' lang='lat' dir='ltr'>et</span> <span class='ocrx_word' id='word_1_436' title='bbox 2354 2821 2426 2877; x_wconf 90' lang='lat' dir='ltr'>de</span> <span class='ocrx_word' id='word_1_437' title='bbox 2475 2822 2857 2894; x_wconf 86' lang='lat' dir='ltr'>pontificibus</span> <span class='ocrx_word' id='word_1_438' title='bbox 2906 2837 2973 2876; x_wconf 91' lang='lat' dir='ltr'>ac</span> <span class='ocrx_word' id='word_1_439' title='bbox 3008 2821 3218 2876; x_wconf 89' lang='lat' dir='ltr'>scribis</span> <span class='ocrx_word' id='word_1_440' title='bbox 3250 2822 3350 2892; x_wconf 90' lang='lat' dir='ltr'>qui</span> <span class='ocrx_word' id='word_1_441' title='bbox 3411 2821 3764 2894; x_wconf 80' lang='lat' dir='ltr'>ignorabant</span> 
     </span>
    </p>
   </div>
   <div class='ocr_carea' id='block_1_59' title="bbox 2104 2910 3769 2983">
    <p class='ocr_par' dir='ltr' id='par_1_59' title="bbox 2104 2910 3769 2983">
     <span class='ocr_line' id='line_1_59' title="bbox 2104 2910 3769 2983; baseline -0.001 -17"><span class='ocrx_word' id='word_1_442' title='bbox 2104 2910 2321 2968; x_wconf 78' lang='lat' dir='ltr'>factam</span> <span class='ocrx_word' id='word_1_443' title='bbox 2350 2928 2455 2983; x_wconf 91' lang='lat' dir='ltr'>per</span> <span class='ocrx_word' id='word_1_444' title='bbox 2483 2910 2698 2966; x_wconf 87' lang='lat' dir='ltr'>Christi</span> <span class='ocrx_word' id='word_1_445' title='bbox 2730 2926 2969 2965; x_wconf 89' lang='lat' dir='ltr'>crucem</span> <span class='ocrx_word' id='word_1_446' title='bbox 2992 2916 3050 2965; x_wconf 90' lang='lat' dir='ltr'>et</span> <span class='ocrx_word' id='word_1_447' title='bbox 3073 2914 3325 2965; x_wconf 88' lang='lat' dir='ltr'>mortem</span> <span class='ocrx_word' id='word_1_448' title='bbox 3364 2911 3769 2982; x_wconf 86' lang='lat' dir='ltr'>dispensatio-</span> 
     </span>
    </p>
   </div>
   <div class='ocr_carea' id='block_1_60' title="bbox 327 3000 3754 3075">
    <p class='ocr_par' dir='ltr' id='par_1_60' title="bbox 327 3000 3754 3075">
     <span class='ocr_line' id='line_1_60' title="bbox 327 3000 3754 3075; baseline -0.002 -13"><span class='ocrx_word' id='word_1_449' title='bbox 327 3021 503 3066; x_wconf 79' lang='lat' dir='ltr'>nem.</span> <span class='ocrx_word' id='word_1_450' title='bbox 538 3004 692 3061; x_wconf 74' lang='lat'>433</span> <span class='ocrx_word' id='word_1_451' title='bbox 748 3004 893 3059; x_wconf 87' lang='lat' dir='ltr'>Cum</span> <span class='ocrx_word' id='word_1_452' title='bbox 951 3008 1149 3059; x_wconf 88' lang='lat' dir='ltr'>autem</span> <span class='ocrx_word' id='word_1_453' title='bbox 1180 3003 1343 3075; x_wconf 87' lang='lat' dir='ltr'>prius</span> <span class='ocrx_word' id='word_1_454' title='bbox 1375 3001 1735 3075; x_wconf 87' lang='lat' dir='ltr'>appellasset</span> <span class='ocrx_word' id='word_1_455' title='bbox 1766 3002 2065 3075; x_wconf 88' lang='lat' dir='ltr'>principes</span> <span class='ocrx_word' id='word_1_456' title='bbox 2096 3003 2298 3058; x_wconf 79' lang='lat' dir='ltr'>saeculi</span> <span class='ocrx_word' id='word_1_457' title='bbox 2354 3002 2531 3074; x_wconf 80' lang='lat' dir='ltr'>hujus</span> <span class='ocrx_word' id='word_1_458' title='bbox 2563 3001 2863 3073; x_wconf 88' lang='lat' dir='ltr'>sapientes</span> <span class='ocrx_word' id='word_1_459' title='bbox 2899 3001 3258 3069; x_wconf 70' lang='lat' dir='ltr'>Grmcorum,</span> <span class='ocrx_word' id='word_1_460' title='bbox 3292 3017 3449 3057; x_wconf 90' lang='lat' dir='ltr'>nunc</span> <span class='ocrx_word' id='word_1_461' title='bbox 3485 3000 3628 3056; x_wconf 87' lang='lat' dir='ltr'>dicit</span> <span class='ocrx_word' id='word_1_462' title='bbox 3656 3017 3754 3057; x_wconf 76' lang='lat' dir='ltr'>sa-</span> 
     </span>
    </p>
   </div>
   <div class='ocr_carea' id='block_1_61' title="bbox 327 3091 996 3170">
    <p class='ocr_par' dir='ltr' id='par_1_61' title="bbox 327 3091 996 3170">
     <span class='ocr_line' id='line_1_61' title="bbox 327 3091 996 3170; baseline -0.006 -18"><span class='ocrx_word' id='word_1_463' title='bbox 327 3096 579 3170; x_wconf 77' lang='lat' dir='ltr'>pientes</span> <span class='ocrx_word' id='word_1_464' title='bbox 633 3091 996 3148; x_wconf 74' lang='lat' dir='ltr'>Judmorum.</span> 
     </span>
    </p>
   </div>
   <div class='ocr_carea' id='block_1_62' title="bbox 416 3176 2074 3257">
    <p class='ocr_par' dir='ltr' id='par_1_62' title="bbox 416 3176 2074 3257">
     <span class='ocr_line' id='line_1_62' title="bbox 416 3176 2074 3257; baseline 0.019 -38"><span class='ocrx_word' id='word_1_465' title='bbox 416 3181 484 3241; x_wconf 49' lang='lat' dir='ltr'>Et</span> <span class='ocrx_word' id='word_1_466' title='bbox 514 3181 619 3256; x_wconf 72' lang='grc' dir='ltr'>γὰρ</span> <span class='ocrx_word' id='word_1_467' title='bbox 677 3178 939 3257; x_wconf 80' lang='grc' dir='ltr'>ἔγνωσαν,</span> <span class='ocrx_word' id='word_1_468' title='bbox 1000 3178 1100 3235; x_wconf 80' lang='grc' dir='ltr'>ούκ</span> <span class='ocrx_word' id='word_1_469' title='bbox 1152 3179 1213 3235; x_wconf 85' lang='grc' dir='ltr'>ἃν</span> <span class='ocrx_word' id='word_1_470' title='bbox 1269 3178 1363 3235; x_wconf 88' lang='grc' dir='ltr'>τὸν</span> <span class='ocrx_word' id='word_1_471' title='bbox 1431 3178 1629 3255; x_wconf 84' lang='grc' dir='ltr'>Κύριον</span> <span class='ocrx_word' id='word_1_472' title='bbox 1688 3185 1792 3249; x_wconf 81' lang='grc' dir='ltr'>τῆς</span> <span class='ocrx_word' id='word_1_473' title='bbox 1831 3176 1993 3249; x_wconf 75' lang='grc' dir='ltr'>δόξης</span> <span class='ocrx_word' id='word_1_474' title='bbox 2033 3181 2074 3249; x_wconf 78' lang='grc'>0</span> 
     </span>
    </p>
   </div>
   <div class='ocr_carea' id='block_1_63' title="bbox 335 3268 2003 3348">
    <p class='ocr_par' dir='ltr' id='par_1_63' title="bbox 335 3268 2003 3348">
     <span class='ocr_line' id='line_1_63' title="bbox 335 3268 2003 3348; baseline -0.005 -15"><span class='ocrx_word' id='word_1_475' title='bbox 335 3273 686 3347; x_wconf 74' lang='grc' dir='ltr'>ἒσταύρωκαν</span> <span class='ocrx_word' id='word_1_476' title='bbox 719 3291 733 3304; x_wconf 89' lang='grc'><strong>·</strong></span> <span class='ocrx_word' id='word_1_477' title='bbox 795 3269 943 3326; x_wconf 85' lang='grc' dir='ltr'>ἀλλά</span> <span class='ocrx_word' id='word_1_478' title='bbox 976 3314 991 3341; x_wconf 88' lang='grc'>,</span> <span class='ocrx_word' id='word_1_479' title='bbox 1049 3270 1231 3334; x_wconf 73' lang='grc' dir='ltr'>καθὼς</span> <span class='ocrx_word' id='word_1_480' title='bbox 1290 3268 1612 3348; x_wconf 86' lang='grc' dir='ltr'>γέγραπται,</span> <span class='ocrx_word' id='word_1_481' title='bbox 1671 3272 1740 3328; x_wconf 81' lang='grc' dir='ltr'>Ἀ</span> <span class='ocrx_word' id='word_1_482' title='bbox 1798 3268 2003 3347; x_wconf 56' lang='grc' dir='ltr'>όφθαλυ</span> 
     </span>
    </p>
   </div>
   <div class='ocr_carea' id='block_1_64' title="bbox 338 3357 2007 3438">
    <p class='ocr_par' dir='ltr' id='par_1_64' title="bbox 338 3357 2007 3438">
     <span class='ocr_line' id='line_1_64' title="bbox 338 3357 2007 3438; baseline -0.004 -17"><span class='ocrx_word' id='word_1_483' title='bbox 338 3365 453 3438; x_wconf 78' lang='grc' dir='ltr'>μὸς</span> <span class='ocrx_word' id='word_1_484' title='bbox 504 3362 602 3420; x_wconf 68' lang='grc' dir='ltr'>οὐκ</span> <span class='ocrx_word' id='word_1_485' title='bbox 660 3359 792 3429; x_wconf 74' lang='grc' dir='ltr'>εἶδε,</span> <span class='ocrx_word' id='word_1_486' title='bbox 852 3360 945 3418; x_wconf 78' lang='grc' dir='ltr'>καὶ</span> <span class='ocrx_word' id='word_1_487' title='bbox 1010 3361 1101 3425; x_wconf 76' lang='grc' dir='ltr'>οὖς</span> <span class='ocrx_word' id='word_1_488' title='bbox 1159 3359 1258 3415; x_wconf 74' lang='grc' dir='ltr'>οὐκ</span> <span class='ocrx_word' id='word_1_489' title='bbox 1312 3357 1536 3430; x_wconf 78' lang='grc' dir='ltr'>ἤκουσε,</span> <span class='ocrx_word' id='word_1_490' title='bbox 1593 3360 1684 3415; x_wconf 80' lang='grc' dir='ltr'>καὶ</span> <span class='ocrx_word' id='word_1_491' title='bbox 1739 3359 1826 3416; x_wconf 72' lang='grc' dir='ltr'>ἰπὶ</span> <span class='ocrx_word' id='word_1_492' title='bbox 1872 3380 2007 3433; x_wconf 85' lang='grc' dir='ltr'>καρ-</span> 
     </span>
    </p>
   </div>
   <div class='ocr_carea' id='block_1_65' title="bbox 341 3445 2006 3531">
    <p class='ocr_par' dir='ltr' id='par_1_65' title="bbox 341 3445 2006 3531">
     <span class='ocr_line' id='line_1_65' title="bbox 341 3445 2006 3531; baseline -0.004 -19"><span class='ocrx_word' id='word_1_493' title='bbox 341 3453 467 3513; x_wconf 74' lang='grc' dir='ltr'>δίαν</span> <span class='ocrx_word' id='word_1_494' title='bbox 527 3453 817 3531; x_wconf 73' lang='grc' dir='ltr'>ἀνθρώπου</span> <span class='ocrx_word' id='word_1_495' title='bbox 902 3452 1006 3508; x_wconf 81' lang='grc' dir='ltr'>οὐκ</span> <span class='ocrx_word' id='word_1_496' title='bbox 1096 3445 1288 3521; x_wconf 77' lang='grc' dir='ltr'>ἀνέϐη,</span> <span class='ocrx_word' id='word_1_497' title='bbox 1347 3451 1380 3506; x_wconf 74' lang='grc' dir='ltr'>ἃ</span> <span class='ocrx_word' id='word_1_498' title='bbox 1434 3449 1731 3527; x_wconf 79' lang='grc' dir='ltr'>ἡτοίμασεν</span> <span class='ocrx_word' id='word_1_499' title='bbox 1787 3450 1817 3505; x_wconf 79' lang='grc' dir='ltr'><strong>ὁ</strong></span> <span class='ocrx_word' id='word_1_500' title='bbox 1875 3450 2006 3513; x_wconf 77' lang='grc' dir='ltr'>Θεὸς</span> 
     </span>
    </p>
   </div>
   <div class='ocr_carea' id='block_1_66' title="bbox 333 3542 995 3619">
    <p class='ocr_par' dir='ltr' id='par_1_66' title="bbox 333 3542 995 3619">
     <span class='ocr_line' id='line_1_66' title="bbox 333 3542 995 3619; baseline -0.006 -16"><span class='ocrx_word' id='word_1_501' title='bbox 333 3550 461 3607; x_wconf 85' lang='grc' dir='ltr'>τοῖς</span> <span class='ocrx_word' id='word_1_502' title='bbox 497 3546 784 3619; x_wconf 70' lang='grc' dir='ltr'>ἀγαπῶσιν</span> <span class='ocrx_word' id='word_1_503' title='bbox 814 3542 995 3599; x_wconf 71' lang='grc' dir='ltr'>αὐτόν.</span> 
     </span>
    </p>
   </div>
   <div class='ocr_carea' id='block_1_67' title="bbox 419 3626 2007 3705">
    <p class='ocr_par' dir='ltr' id='par_1_67' title="bbox 419 3626 2007 3705">
     <span class='ocr_line' id='line_1_67' title="bbox 419 3626 2007 3705; baseline -0.004 -14"><span class='ocrx_word' id='word_1_504' title='bbox 419 3631 645 3702; x_wconf 80' lang='grc' dir='ltr'>Ἐπειδὴ</span> <span class='ocrx_word' id='word_1_505' title='bbox 678 3638 798 3695; x_wconf 88' lang='grc' dir='ltr'>τοῖς</span> <span class='ocrx_word' id='word_1_506' title='bbox 848 3630 1159 3705; x_wconf 75' lang='grc' dir='ltr'>ἀνοήτοιςὸ</span> <span class='ocrx_word' id='word_1_507' title='bbox 1194 3631 1420 3705; x_wconf 82' lang='grc' dir='ltr'>σταυρὸς</span> <span class='ocrx_word' id='word_1_508' title='bbox 1480 3627 1665 3701; x_wconf 80' lang='grc' dir='ltr'>ἀδοξία</span> <span class='ocrx_word' id='word_1_509' title='bbox 1722 3630 1857 3686; x_wconf 56' lang='grc' dir='ltr'>εῖναι</span> <span class='ocrx_word' id='word_1_510' title='bbox 1906 3626 2007 3685; x_wconf 88' lang='grc' dir='ltr'>δο-</span> 
     </span>
    </p>
   </div>
   <div class='ocr_carea' id='block_1_68' title="bbox 337 3717 2011 3799">
    <p class='ocr_par' dir='ltr' id='par_1_68' title="bbox 337 3717 2011 3799">
     <span class='ocr_line' id='line_1_68' title="bbox 337 3717 2011 3799; baseline -0.004 -17"><span class='ocrx_word' id='word_1_511' title='bbox 337 3730 456 3795; x_wconf 82' lang='grc' dir='ltr'>κεῖ,</span> <span class='ocrx_word' id='word_1_512' title='bbox 489 3726 589 3799; x_wconf 85' lang='grc' dir='ltr'>δρα</span> <span class='ocrx_word' id='word_1_513' title='bbox 620 3728 760 3795; x_wconf 79' lang='grc' dir='ltr'>πῶς,</span> <span class='ocrx_word' id='word_1_514' title='bbox 790 3724 1036 3797; x_wconf 81' lang='grc' dir='ltr'>Χριστοῦ</span> <span class='ocrx_word' id='word_1_515' title='bbox 1079 3720 1360 3795; x_wconf 79' lang='grc' dir='ltr'>μνησθεὶς.</span> <span class='ocrx_word' id='word_1_516' title='bbox 1406 3721 1600 3796; x_wconf 77' lang='grc' dir='ltr'>Κύριον</span> <span class='ocrx_word' id='word_1_517' title='bbox 1648 3720 1807 3776; x_wconf 83' lang='grc' dir='ltr'>αὐτὸν</span> <span class='ocrx_word' id='word_1_518' title='bbox 1848 3717 2011 3792; x_wconf 83' lang='grc' dir='ltr'>δόξης</span> 
     </span>
    </p>
   </div>
   <div class='ocr_carea' id='block_1_69' title="bbox 336 3806 2009 3885">
    <p class='ocr_par' dir='ltr' id='par_1_69' title="bbox 336 3806 2009 3885">
     <span class='ocr_line' id='line_1_69' title="bbox 336 3806 2009 3885; baseline -0.004 -14"><span class='ocrx_word' id='word_1_519' title='bbox 336 3813 529 3877; x_wconf 80' lang='grc' dir='ltr'>καλεῖ,</span> <span class='ocrx_word' id='word_1_520' title='bbox 565 3810 770 3874; x_wconf 77' lang='grc' dir='ltr'>δεικνὺς</span> <span class='ocrx_word' id='word_1_521' title='bbox 824 3811 910 3869; x_wconf 82' lang='grc' dir='ltr'>δτι</span> <span class='ocrx_word' id='word_1_522' title='bbox 961 3810 1023 3865; x_wconf 81' lang='grc' dir='ltr'>οὐ</span> <span class='ocrx_word' id='word_1_523' title='bbox 1087 3810 1249 3884; x_wconf 76' lang='grc' dir='ltr'>μόνον</span> <span class='ocrx_word' id='word_1_524' title='bbox 1305 3806 1457 3865; x_wconf 78' lang='grc' dir='ltr'>οὐδὶν</span> <span class='ocrx_word' id='word_1_525' title='bbox 1518 3808 1594 3872; x_wconf 73' lang='grc' dir='ltr'>εἷς</span> <span class='ocrx_word' id='word_1_526' title='bbox 1654 3806 1810 3880; x_wconf 81' lang='grc' dir='ltr'>δόξαν</span> <span class='ocrx_word' id='word_1_527' title='bbox 1869 3824 2009 3885; x_wconf 90' lang='grc' dir='ltr'>παρ-</span> 
     </span>
    </p>
   </div>
   <div class='ocr_carea' id='block_1_70' title="bbox 338 3897 2007 3976">
    <p class='ocr_par' dir='ltr' id='par_1_70' title="bbox 338 3897 2007 3976">
     <span class='ocr_line' id='line_1_70' title="bbox 338 3897 2007 3976; baseline -0.005 -15"><span class='ocrx_word' id='word_1_528' title='bbox 338 3897 562 3973; x_wconf 73' lang='grc' dir='ltr'>εϐλάὅη</span> <span class='ocrx_word' id='word_1_529' title='bbox 596 3901 656 3958; x_wconf 79' lang='grc' dir='ltr'>ἐκ</span> <span class='ocrx_word' id='word_1_530' title='bbox 682 3905 781 3957; x_wconf 76' lang='grc' dir='ltr'>τοῦ</span> <span class='ocrx_word' id='word_1_531' title='bbox 819 3903 1051 3976; x_wconf 82' lang='grc' dir='ltr'>σταυροῦ</span> <span class='ocrx_word' id='word_1_532' title='bbox 1106 3899 1196 3954; x_wconf 80' lang='grc' dir='ltr'>καὶ</span> <span class='ocrx_word' id='word_1_533' title='bbox 1252 3903 1350 3955; x_wconf 74' lang='grc' dir='ltr'>τοῖ’)</span> <span class='ocrx_word' id='word_1_534' title='bbox 1405 3897 1656 3965; x_wconf 69' lang='grc' dir='ltr'>θανάτου,</span> <span class='ocrx_word' id='word_1_535' title='bbox 1716 3897 1863 3955; x_wconf 81' lang='grc' dir='ltr'>ἀλλά</span> <span class='ocrx_word' id='word_1_536' title='bbox 1917 3898 2007 3953; x_wconf 82' lang='grc' dir='ltr'>καὶ</span> 
     </span>
    </p>
   </div>
   <div class='ocr_carea' id='block_1_71' title="bbox 342 3986 2011 4071">
    <p class='ocr_par' dir='ltr' id='par_1_71' title="bbox 342 3986 2011 4071">
     <span class='ocr_line' id='line_1_71' title="bbox 342 3986 2011 4071; baseline -0.002 -23"><span class='ocrx_word' id='word_1_537' title='bbox 342 3991 570 4070; x_wconf 79' lang='grc' dir='ltr'>μᾶλλον</span> <span class='ocrx_word' id='word_1_538' title='bbox 618 3991 706 4046; x_wconf 74' lang='grc' dir='ltr'>ἐπὶ</span> <span class='ocrx_word' id='word_1_539' title='bbox 765 3989 1151 4071; x_wconf 78' lang='grc' dir='ltr'>φιλανθρωπίᾳ</span> <span class='ocrx_word' id='word_1_540' title='bbox 1204 3986 1485 4062; x_wconf 59' lang='grc' dir='ltr'>ἐδοξάσθη.</span> <span class='ocrx_word' id='word_1_541' title='bbox 1520 4021 1589 4031; x_wconf 91' lang='lat'><strong>—</strong></span> <span class='ocrx_word' id='word_1_542' title='bbox 1618 3986 1819 4045; x_wconf 75' lang='grc' dir='ltr'>ἸΛλλο.</span> <span class='ocrx_word' id='word_1_543' title='bbox 1855 3990 1875 4064; x_wconf 95' lang='grc'>[</span> <span class='ocrx_word' id='word_1_544' title='bbox 1907 3989 2011 4047; x_wconf 86' lang='grc' dir='ltr'>ΟΙ-</span> 
     </span>
    </p>
   </div>
   <div class='ocr_carea' id='block_1_72' title="bbox 336 4072 2010 4156">
    <p class='ocr_par' dir='ltr' id='par_1_72' title="bbox 336 4072 2010 4156">
     <span class='ocr_line' id='line_1_72' title="bbox 336 4072 2010 4156; baseline -0.004 -15"><span class='ocrx_word' id='word_1_545' title='bbox 336 4082 773 4156; x_wconf 69' lang='grc' dir='ltr'>ΚΟΥΜΕΝΙΟΥ]</span> <span class='ocrx_word' id='word_1_546' title='bbox 840 4079 904 4137; x_wconf 69' lang='grc' dir='ltr'>Εἴ</span> <span class='ocrx_word' id='word_1_547' title='bbox 968 4079 1060 4152; x_wconf 77' lang='grc' dir='ltr'>μὶν</span> <span class='ocrx_word' id='word_1_548' title='bbox 1120 4072 1185 4133; x_wconf 84' lang='grc' dir='ltr'>τό</span> <span class='ocrx_word' id='word_1_549' title='bbox 1219 4121 1234 4147; x_wconf 93' lang='grc'>,</span> <span class='ocrx_word' id='word_1_550' title='bbox 1305 4101 1335 4132; x_wconf 88' lang='grc'>‹‹</span> <span class='ocrx_word' id='word_1_551' title='bbox 1395 4081 1513 4134; x_wconf 82' lang='grc' dir='ltr'>Τῶν</span> <span class='ocrx_word' id='word_1_552' title='bbox 1572 4077 1855 4155; x_wconf 81' lang='grc' dir='ltr'>ἀρχόντων</span> <span class='ocrx_word' id='word_1_553' title='bbox 1912 4082 2010 4134; x_wconf 79' lang='grc' dir='ltr'>τοῦ</span> 
     </span>
    </p>
   </div>
   <div class='ocr_carea' id='block_1_73' title="bbox 339 4164 2012 4243">
    <p class='ocr_par' dir='ltr' id='par_1_73' title="bbox 339 4164 2012 4243">
     <span class='ocr_line' id='line_1_73' title="bbox 339 4164 2012 4243; baseline -0.004 -16"><span class='ocrx_word' id='word_1_554' title='bbox 339 4174 551 4234; x_wconf 78' lang='grc' dir='ltr'>αἰῶνος</span> <span class='ocrx_word' id='word_1_555' title='bbox 581 4171 778 4228; x_wconf 84' lang='grc' dir='ltr'>τούτου</span> <span class='ocrx_word' id='word_1_556' title='bbox 808 4166 952 4242; x_wconf 82' lang='grc' dir='ltr'>δέξῃ,</span> <span class='ocrx_word' id='word_1_557' title='bbox 982 4191 1006 4222; x_wconf 70' lang='grc' dir='ltr'>ι</span> <span class='ocrx_word' id='word_1_558' title='bbox 1042 4166 1117 4229; x_wconf 85' lang='grc' dir='ltr'>ὠς</span> <span class='ocrx_word' id='word_1_559' title='bbox 1157 4167 1295 4242; x_wconf 83' lang='grc' dir='ltr'>πρὸς</span> <span class='ocrx_word' id='word_1_560' title='bbox 1342 4168 1434 4222; x_wconf 86' lang='grc' dir='ltr'>τὸν</span> <span class='ocrx_word' id='word_1_561' title='bbox 1462 4164 1715 4243; x_wconf 82' lang='grc' dir='ltr'>Ἡρώδην</span> <span class='ocrx_word' id='word_1_562' title='bbox 1769 4168 1861 4223; x_wconf 84' lang='grc' dir='ltr'>καὶ</span> <span class='ocrx_word' id='word_1_563' title='bbox 1921 4167 2012 4223; x_wconf 87' lang='grc' dir='ltr'>τὸν</span> 
     </span>
    </p>
   </div>
   <div class='ocr_carea' id='block_1_74' title="bbox 338 4255 2010 4333">
    <p class='ocr_par' dir='ltr' id='par_1_74' title="bbox 338 4255 2010 4333">
     <span class='ocr_line' id='line_1_74' title="bbox 338 4255 2010 4333; baseline -0.005 -15"><span class='ocrx_word' id='word_1_564' title='bbox 338 4261 608 4325; x_wconf 72' lang='grc' dir='ltr'>Πιλᾶτον,</span> <span class='ocrx_word' id='word_1_565' title='bbox 644 4256 1031 4330; x_wconf 79' lang='grc' dir='ltr'>ἀπλουστέρως</span> <span class='ocrx_word' id='word_1_566' title='bbox 1060 4259 1280 4329; x_wconf 76' lang='grc' dir='ltr'>νοήσεις</span> <span class='ocrx_word' id='word_1_567' title='bbox 1312 4257 1376 4311; x_wconf 87' lang='grc' dir='ltr'>τὸ</span> <span class='ocrx_word' id='word_1_568' title='bbox 1407 4257 1695 4330; x_wconf 72' lang='grc' dir='ltr'>ἑπόμενον.</span> <span class='ocrx_word' id='word_1_569' title='bbox 1727 4281 1754 4308; x_wconf 83' lang='grc' dir='ltr'>ι(</span> <span class='ocrx_word' id='word_1_570' title='bbox 1788 4255 1854 4314; x_wconf 80' lang='grc' dir='ltr'>Εἰ</span> <span class='ocrx_word' id='word_1_571' title='bbox 1883 4258 2010 4333; x_wconf 76' lang='grc' dir='ltr'>γὰρ,</span> 
     </span>
    </p>
   </div>
   <div class='ocr_carea' id='block_1_75' title="bbox 341 4343 2010 4432">
    <p class='ocr_par' dir='ltr' id='par_1_75' title="bbox 341 4343 2010 4432">
     <span class='ocr_line' id='line_1_75' title="bbox 341 4343 2010 4432; baseline -0.003 -26"><span class='ocrx_word' id='word_1_572' title='bbox 341 4352 539 4432; x_wconf 80' lang='grc' dir='ltr'>φησὶν,</span> <span class='ocrx_word' id='word_1_573' title='bbox 574 4348 829 4426; x_wconf 82' lang='grc' dir='ltr'>ἔγνωσαν,</span> <span class='ocrx_word' id='word_1_574' title='bbox 865 4347 966 4405; x_wconf 76' lang='grc' dir='ltr'>οὐκ</span> <span class='ocrx_word' id='word_1_575' title='bbox 994 4346 1052 4403; x_wconf 72' lang='grc' dir='ltr'>ἂν</span> <span class='ocrx_word' id='word_1_576' title='bbox 1081 4348 1173 4403; x_wconf 74' lang='grc' dir='ltr'>τάν</span> <span class='ocrx_word' id='word_1_577' title='bbox 1222 4345 1426 4421; x_wconf 86' lang='grc' dir='ltr'>Κύριον</span> <span class='ocrx_word' id='word_1_578' title='bbox 1452 4352 1553 4415; x_wconf 75' lang='grc' dir='ltr'>τῆς</span> <span class='ocrx_word' id='word_1_579' title='bbox 1612 4343 1774 4417; x_wconf 80' lang='grc' dir='ltr'>δόξης</span> <span class='ocrx_word' id='word_1_580' title='bbox 1822 4345 2010 4401; x_wconf 80' lang='grc' dir='ltr'>ἐσταύ-</span> 
     </span>
    </p>
   </div>
   <div class='ocr_carea' id='block_1_76' title="bbox 347 4435 2011 4519">
    <p class='ocr_par' dir='ltr' id='par_1_76' title="bbox 347 4435 2011 4519">
     <span class='ocr_line' id='line_1_76' title="bbox 347 4435 2011 4519; baseline -0.003 -24"><span class='ocrx_word' id='word_1_581' title='bbox 347 4441 553 4519; x_wconf 85' lang='grc' dir='ltr'>ρῶσαν.</span> <span class='ocrx_word' id='word_1_582' title='bbox 600 4463 621 4491; x_wconf 74' lang='grc' dir='ltr'>ι</span> <span class='ocrx_word' id='word_1_583' title='bbox 658 4439 737 4497; x_wconf 83' lang='grc' dir='ltr'>Ού</span> <span class='ocrx_word' id='word_1_584' title='bbox 789 4440 891 4516; x_wconf 73' lang='grc' dir='ltr'>γὰρ</span> <span class='ocrx_word' id='word_1_585' title='bbox 946 4439 1205 4494; x_wconf 77' lang='grc' dir='ltr'>τοσοῦτον</span> <span class='ocrx_word' id='word_1_586' title='bbox 1266 4435 1632 4509; x_wconf 76' lang='grc' dir='ltr'>ἐμεμήνεσαν,</span> <span class='ocrx_word' id='word_1_587' title='bbox 1689 4436 1889 4511; x_wconf 78' lang='grc' dir='ltr'>φθόνου</span> <span class='ocrx_word' id='word_1_588' title='bbox 1934 4435 2011 4510; x_wconf 82' lang='grc' dir='ltr'>μή</span> 
     </span>
    </p>
   </div>
   <div class='ocr_carea' id='block_1_77' title="bbox 2176 3177 3759 3251">
    <p class='ocr_par' dir='ltr' id='par_1_77' title="bbox 2176 3177 3759 3251">
     <span class='ocr_line' id='line_1_77' title="bbox 2176 3177 3759 3251; baseline -0.001 -16"><span class='ocrx_word' id='word_1_589' title='bbox 2176 3179 2242 3235; x_wconf 86' lang='grc' dir='ltr'>ΙΙ.</span> <span class='ocrx_word' id='word_1_590' title='bbox 2276 3180 2330 3245; x_wconf 91' lang='lat'>8,</span> <span class='ocrx_word' id='word_1_591' title='bbox 2364 3182 2416 3235; x_wconf 84' lang='lat'>9.</span> <span class='ocrx_word' id='word_1_592' title='bbox 2452 3200 2481 3228; x_wconf 87' lang='grc'>‹‹</span> <span class='ocrx_word' id='word_1_593' title='bbox 2523 3177 2669 3233; x_wconf 88' lang='lat' dir='ltr'>Nam</span> <span class='ocrx_word' id='word_1_594' title='bbox 2701 3177 2749 3231; x_wconf 89' lang='lat' dir='ltr'>si</span> <span class='ocrx_word' id='word_1_595' title='bbox 2772 3177 3204 3247; x_wconf 73' lang='lat' dir='ltr'>cognovissent,</span> <span class='ocrx_word' id='word_1_596' title='bbox 3240 3194 3619 3251; x_wconf 88' lang='lat' dir='ltr'>nequaquam</span> <span class='ocrx_word' id='word_1_597' title='bbox 3648 3179 3759 3233; x_wconf 81' lang='lat' dir='ltr'>Do-</span> 
     </span>
    </p>
   </div>
   <div class='ocr_carea' id='block_1_78' title="bbox 2113 3266 3771 3340">
    <p class='ocr_par' dir='ltr' id='par_1_78' title="bbox 2113 3266 3771 3340">
     <span class='ocr_line' id='line_1_78' title="bbox 2113 3266 3771 3340; baseline 0 -16"><span class='ocrx_word' id='word_1_598' title='bbox 2113 3292 2139 3319; x_wconf 75' lang='grc' dir='ltr'>«ι</span> <span class='ocrx_word' id='word_1_599' title='bbox 2166 3269 2394 3326; x_wconf 91' lang='lat' dir='ltr'>minum</span> <span class='ocrx_word' id='word_1_600' title='bbox 2416 3268 2616 3333; x_wconf 66' lang='lat' dir='ltr'>gloriae</span> <span class='ocrx_word' id='word_1_601' title='bbox 2633 3268 3103 3336; x_wconf 80' lang='lat' dir='ltr'>crucifixissent;</span> <span class='ocrx_word' id='word_1_602' title='bbox 3128 3266 3771 3340; x_wconf 80' lang='lat' dir='ltr'>sed,quemadmodum</span> 
     </span>
    </p>
   </div>
   <div class='ocr_carea' id='block_1_79' title="bbox 2114 3358 3773 3431">
    <p class='ocr_par' dir='ltr' id='par_1_79' title="bbox 2114 3358 3773 3431">
     <span class='ocr_line' id='line_1_79' title="bbox 2114 3358 3773 3431; baseline 0.001 -19"><span class='ocrx_word' id='word_1_603' title='bbox 2114 3359 2445 3431; x_wconf 83' lang='lat' dir='ltr'>«scriptum</span> <span class='ocrx_word' id='word_1_604' title='bbox 2480 3365 2599 3425; x_wconf 80' lang='lat' dir='ltr'>est;</span> <span class='ocrx_word' id='word_1_605' title='bbox 2621 3360 2760 3425; x_wconf 65' lang='lat' dir='ltr'>Quas</span> <span class='ocrx_word' id='word_1_606' title='bbox 2782 3358 2993 3415; x_wconf 90' lang='lat' dir='ltr'>oculus</span> <span class='ocrx_word' id='word_1_607' title='bbox 3016 3375 3136 3414; x_wconf 91' lang='lat' dir='ltr'>non</span> <span class='ocrx_word' id='word_1_608' title='bbox 3162 3358 3321 3413; x_wconf 81' lang='lat' dir='ltr'>vidit.</span> <span class='ocrx_word' id='word_1_609' title='bbox 3354 3375 3460 3413; x_wconf 93' lang='lat' dir='ltr'>nec</span> <span class='ocrx_word' id='word_1_610' title='bbox 3482 3358 3641 3413; x_wconf 90' lang='lat' dir='ltr'>auris</span> <span class='ocrx_word' id='word_1_611' title='bbox 3665 3374 3773 3414; x_wconf 83' lang='lat' dir='ltr'>au-</span> 
     </span>
    </p>
   </div>
   <div class='ocr_carea' id='block_1_80' title="bbox 2114 3447 3774 3522">
    <p class='ocr_par' dir='ltr' id='par_1_80' title="bbox 2114 3447 3774 3522">
     <span class='ocr_line' id='line_1_80' title="bbox 2114 3447 3774 3522; baseline 0.004 -23"><span class='ocrx_word' id='word_1_612' title='bbox 2114 3470 2144 3500; x_wconf 78' lang='grc' dir='ltr'>ιι</span> <span class='ocrx_word' id='word_1_613' title='bbox 2167 3448 2329 3508; x_wconf 88' lang='lat' dir='ltr'>divit.</span> <span class='ocrx_word' id='word_1_614' title='bbox 2353 3465 2463 3505; x_wconf 90' lang='lat' dir='ltr'>nec</span> <span class='ocrx_word' id='word_1_615' title='bbox 2486 3450 2545 3504; x_wconf 91' lang='lat' dir='ltr'>in</span> <span class='ocrx_word' id='word_1_616' title='bbox 2567 3465 2669 3504; x_wconf 93' lang='lat' dir='ltr'>cor</span> <span class='ocrx_word' id='word_1_617' title='bbox 2690 3448 2951 3504; x_wconf 82' lang='lat' dir='ltr'>hominis</span> <span class='ocrx_word' id='word_1_618' title='bbox 2974 3447 3379 3505; x_wconf 86' lang='lat' dir='ltr'>ascenderunt</span> <span class='ocrx_word' id='word_1_619' title='bbox 3401 3465 3532 3521; x_wconf 78' lang='lat' dir='ltr'>quae</span> <span class='ocrx_word' id='word_1_620' title='bbox 3553 3464 3774 3522; x_wconf 69' lang='lat' dir='ltr'>prmpa-</span> 
     </span>
    </p>
   </div>
   <div class='ocr_carea' id='block_1_81' title="bbox 2112 3538 3063 3611">
    <p class='ocr_par' dir='ltr' id='par_1_81' title="bbox 2112 3538 3063 3611">
     <span class='ocr_line' id='line_1_81' title="bbox 2112 3538 3063 3611; baseline -0.002 -21"><span class='ocrx_word' id='word_1_621' title='bbox 2112 3560 2141 3590; x_wconf 83' lang='lat'><strong>«</strong></span> <span class='ocrx_word' id='word_1_622' title='bbox 2158 3539 2305 3594; x_wconf 89' lang='lat' dir='ltr'>ravit</span> <span class='ocrx_word' id='word_1_623' title='bbox 2327 3540 2479 3595; x_wconf 67' lang='lat' dir='ltr'>Daus</span> <span class='ocrx_word' id='word_1_624' title='bbox 2501 3538 2890 3611; x_wconf 80' lang='lat' dir='ltr'>diligentibus</span> <span class='ocrx_word' id='word_1_625' title='bbox 2914 3554 2996 3595; x_wconf 90' lang='lat' dir='ltr'>se.</span> <span class='ocrx_word' id='word_1_626' title='bbox 3037 3560 3063 3588; x_wconf 80' lang='grc'><strong>››</strong></span> 
     </span>
    </p>
   </div>
   <div class='ocr_carea' id='block_1_82' title="bbox 2185 3627 3776 3702">
    <p class='ocr_par' dir='ltr' id='par_1_82' title="bbox 2185 3627 3776 3702">
     <span class='ocr_line' id='line_1_82' title="bbox 2185 3627 3776 3702; baseline 0 -18"><span class='ocrx_word' id='word_1_627' title='bbox 2185 3629 2476 3695; x_wconf 84' lang='lat' dir='ltr'>Quoniam</span> <span class='ocrx_word' id='word_1_628' title='bbox 2506 3628 2832 3684; x_wconf 87' lang='lat' dir='ltr'>insensatis</span> <span class='ocrx_word' id='word_1_629' title='bbox 2863 3644 3005 3685; x_wconf 79' lang='lat' dir='ltr'>crux</span> <span class='ocrx_word' id='word_1_630' title='bbox 3026 3627 3358 3702; x_wconf 81' lang='lat' dir='ltr'>ignominia</span> <span class='ocrx_word' id='word_1_631' title='bbox 3391 3644 3518 3683; x_wconf 83' lang='lat' dir='ltr'>esse</span> <span class='ocrx_word' id='word_1_632' title='bbox 3544 3628 3776 3685; x_wconf 82' lang='lat' dir='ltr'>videtur</span> 
     </span>
    </p>
   </div>
   <div class='ocr_carea' id='block_1_83' title="bbox 2114 3717 3771 3791">
    <p class='ocr_par' dir='ltr' id='par_1_83' title="bbox 2114 3717 3771 3791">
     <span class='ocr_line' id='line_1_83' title="bbox 2114 3717 3771 3791; baseline -0.001 -17"><span class='ocrx_word' id='word_1_633' title='bbox 2114 3719 2244 3775; x_wconf 85' lang='lat' dir='ltr'>vide</span> <span class='ocrx_word' id='word_1_634' title='bbox 2276 3718 2599 3791; x_wconf 86' lang='lat' dir='ltr'>quomodo,</span> <span class='ocrx_word' id='word_1_635' title='bbox 2639 3717 2795 3774; x_wconf 81' lang='lat' dir='ltr'>facta</span> <span class='ocrx_word' id='word_1_636' title='bbox 2822 3717 3037 3773; x_wconf 87' lang='lat' dir='ltr'>Christi</span> <span class='ocrx_word' id='word_1_637' title='bbox 3080 3718 3405 3783; x_wconf 88' lang='lat' dir='ltr'>mentione,</span> <span class='ocrx_word' id='word_1_638' title='bbox 3455 3719 3771 3773; x_wconf 84' lang='lat' dir='ltr'>Dominum</span> 
     </span>
    </p>
   </div>
   <div class='ocr_carea' id='block_1_84' title="bbox 2113 3806 3767 3883">
    <p class='ocr_par' dir='ltr' id='par_1_84' title="bbox 2113 3806 3767 3883">
     <span class='ocr_line' id='line_1_84' title="bbox 2113 3806 3767 3883; baseline -0.002 -18"><span class='ocrx_word' id='word_1_639' title='bbox 2113 3809 2316 3883; x_wconf 65' lang='lat' dir='ltr'>gloria)</span> <span class='ocrx_word' id='word_1_640' title='bbox 2346 3810 2540 3881; x_wconf 90' lang='lat' dir='ltr'>ipsum</span> <span class='ocrx_word' id='word_1_641' title='bbox 2574 3813 2779 3865; x_wconf 88' lang='lat' dir='ltr'>vocat:</span> <span class='ocrx_word' id='word_1_642' title='bbox 2826 3808 3147 3864; x_wconf 90' lang='lat' dir='ltr'>ostendens</span> <span class='ocrx_word' id='word_1_643' title='bbox 3202 3806 3363 3878; x_wconf 90' lang='lat' dir='ltr'>quod</span> <span class='ocrx_word' id='word_1_644' title='bbox 3411 3822 3531 3861; x_wconf 88' lang='lat' dir='ltr'>non</span> <span class='ocrx_word' id='word_1_645' title='bbox 3574 3808 3767 3862; x_wconf 90' lang='lat' dir='ltr'>solum</span> 
     </span>
    </p>
   </div>
   <div class='ocr_carea' id='block_1_85' title="bbox 2114 3896 3769 3972">
    <p class='ocr_par' dir='ltr' id='par_1_85' title="bbox 2114 3896 3769 3972">
     <span class='ocr_line' id='line_1_85' title="bbox 2114 3896 3769 3972; baseline -0.002 -15"><span class='ocrx_word' id='word_1_646' title='bbox 2114 3901 2267 3957; x_wconf 90' lang='lat' dir='ltr'>nihil</span> <span class='ocrx_word' id='word_1_647' title='bbox 2298 3899 2385 3955; x_wconf 92' lang='lat' dir='ltr'>illi</span> <span class='ocrx_word' id='word_1_648' title='bbox 2408 3901 2483 3956; x_wconf 90' lang='lat' dir='ltr'>ad</span> <span class='ocrx_word' id='word_1_649' title='bbox 2511 3900 2760 3972; x_wconf 90' lang='lat' dir='ltr'>gloriam</span> <span class='ocrx_word' id='word_1_650' title='bbox 2791 3916 2933 3954; x_wconf 82' lang='lat' dir='ltr'>crux</span> <span class='ocrx_word' id='word_1_651' title='bbox 2983 3904 3084 3955; x_wconf 90' lang='lat' dir='ltr'>aut</span> <span class='ocrx_word' id='word_1_652' title='bbox 3113 3913 3273 3952; x_wconf 89' lang='lat' dir='ltr'>mors</span> <span class='ocrx_word' id='word_1_653' title='bbox 3326 3896 3534 3964; x_wconf 83' lang='lat' dir='ltr'>obfuit,</span> <span class='ocrx_word' id='word_1_654' title='bbox 3566 3913 3769 3954; x_wconf 87' lang='lat' dir='ltr'>verum</span> 
     </span>
    </p>
   </div>
   <div class='ocr_carea' id='block_1_86' title="bbox 2116 3986 3771 4061">
    <p class='ocr_par' dir='ltr' id='par_1_86' title="bbox 2116 3986 3771 4061">
     <span class='ocr_line' id='line_1_86' title="bbox 2116 3986 3771 4061; baseline -0.005 -11"><span class='ocrx_word' id='word_1_655' title='bbox 2116 3991 2299 4050; x_wconf 87' lang='lat' dir='ltr'>etiam</span> <span class='ocrx_word' id='word_1_656' title='bbox 2326 3989 2399 4046; x_wconf 93' lang='lat' dir='ltr'>ob</span> <span class='ocrx_word' id='word_1_657' title='bbox 2448 3990 2881 4047; x_wconf 85' lang='lat' dir='ltr'>humanitatem</span> <span class='ocrx_word' id='word_1_658' title='bbox 2932 4004 3036 4043; x_wconf 90' lang='lat' dir='ltr'>seu</span> <span class='ocrx_word' id='word_1_659' title='bbox 3093 3986 3524 4058; x_wconf 85' lang='lat' dir='ltr'>benignitatem</span> <span class='ocrx_word' id='word_1_660' title='bbox 3586 3987 3771 4061; x_wconf 87' lang='lat' dir='ltr'>magis</span> 
     </span>
    </p>
   </div>
   <div class='ocr_carea' id='block_1_87' title="bbox 2116 4075 3772 4156">
    <p class='ocr_par' dir='ltr' id='par_1_87' title="bbox 2116 4075 3772 4156">
     <span class='ocr_line' id='line_1_87' title="bbox 2116 4075 3772 4156; baseline -0.002 -21"><span class='ocrx_word' id='word_1_661' title='bbox 2116 4080 2480 4156; x_wconf 82' lang='lat' dir='ltr'>gloriﬁcatus</span> <span class='ocrx_word' id='word_1_662' title='bbox 2512 4084 2620 4134; x_wconf 91' lang='lat' dir='ltr'>est.</span> <span class='ocrx_word' id='word_1_663' title='bbox 2653 4109 2721 4119; x_wconf 90' lang='lat'><strong>—</strong></span> <span class='ocrx_word' id='word_1_664' title='bbox 2742 4077 2935 4132; x_wconf 80' lang='lat' dir='ltr'>Aliud.</span> <span class='ocrx_word' id='word_1_665' title='bbox 2971 4075 3027 4130; x_wconf 92' lang='lat' dir='ltr'>Si</span> <span class='ocrx_word' id='word_1_666' title='bbox 3059 4075 3119 4129; x_wconf 90' lang='lat' dir='ltr'>id</span> <span class='ocrx_word' id='word_1_667' title='bbox 3143 4076 3302 4147; x_wconf 93' lang='lat' dir='ltr'>quod</span> <span class='ocrx_word' id='word_1_668' title='bbox 3329 4077 3412 4131; x_wconf 88' lang='lat' dir='ltr'>ait</span> <span class='ocrx_word' id='word_1_669' title='bbox 3444 4094 3457 4132; x_wconf 76' lang='grc' dir='ltr'>ε</span> <span class='ocrx_word' id='word_1_670' title='bbox 3493 4098 3520 4126; x_wconf 88' lang='grc'>‹‹</span> <span class='ocrx_word' id='word_1_671' title='bbox 3545 4077 3772 4133; x_wconf 78' lang='lat' dir='ltr'>Princi-</span> 
     </span>
    </p>
   </div>
   <div class='ocr_carea' id='block_1_88' title="bbox 2116 4165 3776 4242">
    <p class='ocr_par' dir='ltr' id='par_1_88' title="bbox 2116 4165 3776 4242">
     <span class='ocr_line' id='line_1_88' title="bbox 2116 4165 3776 4242; baseline -0.003 -16"><span class='ocrx_word' id='word_1_672' title='bbox 2116 4186 2261 4242; x_wconf 88' lang='lat' dir='ltr'>pum</span> <span class='ocrx_word' id='word_1_673' title='bbox 2296 4169 2495 4225; x_wconf 83' lang='lat' dir='ltr'>saeculi</span> <span class='ocrx_word' id='word_1_674' title='bbox 2530 4168 2731 4240; x_wconf 87' lang='lat' dir='ltr'>hujus,</span> <span class='ocrx_word' id='word_1_675' title='bbox 2756 4187 2785 4217; x_wconf 86' lang='lat'><strong>»</strong></span> <span class='ocrx_word' id='word_1_676' title='bbox 2818 4182 2924 4239; x_wconf 87' lang='lat' dir='ltr'>pro</span> <span class='ocrx_word' id='word_1_677' title='bbox 2958 4165 3187 4221; x_wconf 86' lang='lat' dir='ltr'>Herode</span> <span class='ocrx_word' id='word_1_678' title='bbox 3221 4171 3280 4221; x_wconf 91' lang='lat' dir='ltr'>et</span> <span class='ocrx_word' id='word_1_679' title='bbox 3311 4166 3495 4221; x_wconf 90' lang='lat' dir='ltr'>Pilato</span> <span class='ocrx_word' id='word_1_680' title='bbox 3528 4184 3776 4239; x_wconf 87' lang='lat' dir='ltr'>accepe-</span> 
     </span>
    </p>
   </div>
   <div class='ocr_carea' id='block_1_89' title="bbox 2116 4256 3772 4331">
    <p class='ocr_par' dir='ltr' id='par_1_89' title="bbox 2116 4256 3772 4331">
     <span class='ocr_line' id='line_1_89' title="bbox 2116 4256 3772 4331; baseline -0.002 -16"><span class='ocrx_word' id='word_1_681' title='bbox 2116 4260 2221 4328; x_wconf 89' lang='lat' dir='ltr'>ris,</span> <span class='ocrx_word' id='word_1_682' title='bbox 2256 4259 2586 4331; x_wconf 63' lang='lat' dir='ltr'>simplicgus</span> <span class='ocrx_word' id='word_1_683' title='bbox 2610 4256 2908 4330; x_wconf 89' lang='lat' dir='ltr'>intelliges</span> <span class='ocrx_word' id='word_1_684' title='bbox 2939 4256 3098 4329; x_wconf 88' lang='lat' dir='ltr'>quod</span> <span class='ocrx_word' id='word_1_685' title='bbox 3130 4258 3441 4328; x_wconf 89' lang='lat' dir='ltr'>sequitur:</span> <span class='ocrx_word' id='word_1_686' title='bbox 3479 4278 3502 4308; x_wconf 76' lang='grc' dir='ltr'>(ι</span> <span class='ocrx_word' id='word_1_687' title='bbox 3556 4259 3700 4312; x_wconf 86' lang='lat' dir='ltr'>Nam</span> <span class='ocrx_word' id='word_1_688' title='bbox 3724 4258 3772 4312; x_wconf 90' lang='lat' dir='ltr'>si</span> 
     </span>
    </p>
   </div>
   <div class='ocr_carea' id='block_1_90' title="bbox 2118 4345 3773 4423">
    <p class='ocr_par' dir='ltr' id='par_1_90' title="bbox 2118 4345 3773 4423">
     <span class='ocr_line' id='line_1_90' title="bbox 2118 4345 3773 4423; baseline -0.004 -17"><span class='ocrx_word' id='word_1_689' title='bbox 2118 4349 2550 4423; x_wconf 82' lang='lat' dir='ltr'>cognovissent,</span> <span class='ocrx_word' id='word_1_690' title='bbox 2567 4363 2952 4419; x_wconf 88' lang='lat' dir='ltr'>nequaquam</span> <span class='ocrx_word' id='word_1_691' title='bbox 2976 4345 3296 4401; x_wconf 91' lang='lat' dir='ltr'>Dominum</span> <span class='ocrx_word' id='word_1_692' title='bbox 3319 4346 3523 4420; x_wconf 64' lang='lat' dir='ltr'>glorias</span> <span class='ocrx_word' id='word_1_693' title='bbox 3545 4347 3773 4402; x_wconf 77' lang='lat' dir='ltr'>cruciﬁ-</span> 
     </span>
    </p>
   </div>
   <div class='ocr_carea' id='block_1_91' title="bbox 2118 4437 3769 4510">
    <p class='ocr_par' dir='ltr' id='par_1_91' title="bbox 2118 4437 3769 4510">
     <span class='ocr_line' id='line_1_91' title="bbox 2118 4437 3769 4510; baseline -0.001 -14"><span class='ocrx_word' id='word_1_694' title='bbox 2118 4441 2383 4506; x_wconf 86' lang='lat' dir='ltr'>xissent;</span> <span class='ocrx_word' id='word_1_695' title='bbox 2412 4460 2439 4489; x_wconf 83' lang='lat'><strong>»</strong></span> <span class='ocrx_word' id='word_1_696' title='bbox 2463 4453 2656 4510; x_wconf 87' lang='lat' dir='ltr'>neque</span> <span class='ocrx_word' id='word_1_697' title='bbox 2679 4437 2838 4494; x_wconf 90' lang='lat' dir='ltr'>enim</span> <span class='ocrx_word' id='word_1_698' title='bbox 2890 4443 3053 4494; x_wconf 86' lang='lat' dir='ltr'>tanta</span> <span class='ocrx_word' id='word_1_699' title='bbox 3097 4438 3251 4510; x_wconf 89' lang='lat' dir='ltr'>capti</span> <span class='ocrx_word' id='word_1_700' title='bbox 3302 4442 3471 4493; x_wconf 89' lang='lat' dir='ltr'>erant</span> <span class='ocrx_word' id='word_1_701' title='bbox 3514 4437 3769 4505; x_wconf 83' lang='lat' dir='ltr'>insania,</span> 
     </span>
    </p>
   </div>
   <div class='ocr_carea' id='block_1_92' title="bbox 349 4524 2003 4629">
    <p class='ocr_par' dir='ltr' id='par_1_92' title="bbox 349 4524 2003 4606">
     <span class='ocr_line' id='line_1_92' title="bbox 349 4524 2003 4606; baseline -0.004 -19"><span class='ocrx_word' id='word_1_702' title='bbox 349 4528 738 4606; x_wconf 76' lang='grc' dir='ltr'>ὑποκειμένου.</span> <span class='ocrx_word' id='word_1_703' title='bbox 772 4528 837 4586; x_wconf 77' lang='grc' dir='ltr'>Εἰ</span> <span class='ocrx_word' id='word_1_704' title='bbox 883 4525 942 4583; x_wconf 71' lang='grc' dir='ltr'>δε</span> <span class='ocrx_word' id='word_1_705' title='bbox 999 4527 1134 4603; x_wconf 87' lang='grc' dir='ltr'>πρὸς</span> <span class='ocrx_word' id='word_1_706' title='bbox 1187 4526 1315 4588; x_wconf 76' lang='grc' dir='ltr'>τοὺς</span> <span class='ocrx_word' id='word_1_707' title='bbox 1346 4526 1625 4601; x_wconf 84' lang='grc' dir='ltr'>ἀρχιερεῖς</span> <span class='ocrx_word' id='word_1_708' title='bbox 1683 4524 1773 4579; x_wconf 76' lang='grc' dir='ltr'>καὶ</span> <span class='ocrx_word' id='word_1_709' title='bbox 1830 4544 2003 4601; x_wconf 87' lang='grc' dir='ltr'>γραμ-</span> 
     </span>
    </p>
   </div>
   <div class='ocr_carea' id='block_1_93' title="bbox 2114 4524 3775 4629">
    <p class='ocr_par' dir='ltr' id='par_1_93' title="bbox 2119 4529 3775 4603">
     <span class='ocr_line' id='line_1_93' title="bbox 2119 4529 3775 4603; baseline -0.002 -14"><span class='ocrx_word' id='word_1_710' title='bbox 2119 4548 2255 4590; x_wconf 87' lang='lat' dir='ltr'>cum</span> <span class='ocrx_word' id='word_1_711' title='bbox 2287 4548 2388 4588; x_wconf 89' lang='lat' dir='ltr'>eos</span> <span class='ocrx_word' id='word_1_712' title='bbox 2419 4548 2538 4588; x_wconf 88' lang='lat' dir='ltr'>non</span> <span class='ocrx_word' id='word_1_713' title='bbox 2552 4530 3122 4603; x_wconf 85' lang='lat' dir='ltr'>occuparetinvidia.</span> <span class='ocrx_word' id='word_1_714' title='bbox 3151 4530 3207 4585; x_wconf 90' lang='lat' dir='ltr'>Si</span> <span class='ocrx_word' id='word_1_715' title='bbox 3227 4547 3360 4587; x_wconf 89' lang='lat' dir='ltr'>vero</span> <span class='ocrx_word' id='word_1_716' title='bbox 3382 4548 3487 4603; x_wconf 91' lang='lat' dir='ltr'>pro</span> <span class='ocrx_word' id='word_1_717' title='bbox 3528 4529 3775 4603; x_wconf 80' lang='lat' dir='ltr'>pontiﬁ-</span> 
     </span>
    </p>
   </div>
   <div class='ocr_carea' id='block_1_94' title="bbox 354 4613 2014 4697">
    <p class='ocr_par' dir='ltr' id='par_1_94' title="bbox 354 4613 2014 4697">
     <span class='ocr_line' id='line_1_94' title="bbox 354 4613 2014 4697; baseline -0.005 -20"><span class='ocrx_word' id='word_1_718' title='bbox 354 4626 547 4697; x_wconf 82' lang='grc' dir='ltr'>ματεῖς</span> <span class='ocrx_word' id='word_1_719' title='bbox 592 4613 847 4681; x_wconf 75' lang='grc' dir='ltr'>έκλάϐοις</span> <span class='ocrx_word' id='word_1_720' title='bbox 909 4615 961 4672; x_wconf 67' lang='grc' dir='ltr'>οἳ</span> <span class='ocrx_word' id='word_1_721' title='bbox 988 4614 1186 4691; x_wconf 74' lang='grc' dir='ltr'>ᾔδεσαν</span> <span class='ocrx_word' id='word_1_722' title='bbox 1242 4614 1401 4670; x_wconf 74' lang='grc' dir='ltr'>αὐτὸν</span> <span class='ocrx_word' id='word_1_723' title='bbox 1463 4613 1588 4669; x_wconf 84' lang='grc' dir='ltr'>ὅντα</span> <span class='ocrx_word' id='word_1_724' title='bbox 1632 4613 1726 4669; x_wconf 88' lang='grc' dir='ltr'>τὸν</span> <span class='ocrx_word' id='word_1_725' title='bbox 1783 4614 2014 4691; x_wconf 86' lang='grc' dir='ltr'>Χριστὸν</span> 
     </span>
    </p>
   </div>
   <div class='ocr_carea' id='block_1_95' title="bbox 354 4704 2006 4788">
    <p class='ocr_par' dir='ltr' id='par_1_95' title="bbox 354 4704 2006 4788">
     <span class='ocr_line' id='line_1_95' title="bbox 354 4704 2006 4788; baseline -0.005 -21"><span class='ocrx_word' id='word_1_726' title='bbox 354 4710 472 4788; x_wconf 80' lang='grc' dir='ltr'>(καὶ</span> <span class='ocrx_word' id='word_1_727' title='bbox 504 4705 676 4779; x_wconf 84' lang='grc' dir='ltr'>δῆλον</span> <span class='ocrx_word' id='word_1_728' title='bbox 706 4706 755 4777; x_wconf 78' lang='grc' dir='ltr'>ἐξ</span> <span class='ocrx_word' id='word_1_729' title='bbox 788 4708 862 4762; x_wconf 81' lang='grc' dir='ltr'>ὧν</span> <span class='ocrx_word' id='word_1_730' title='bbox 895 4704 1082 4783; x_wconf 72' lang='grc' dir='ltr'>ἔλεγον</span> <span class='ocrx_word' id='word_1_731' title='bbox 1112 4706 1163 4761; x_wconf 79' lang='grc' dir='ltr'>οἱ</span> <span class='ocrx_word' id='word_1_732' title='bbox 1214 4704 1454 4783; x_wconf 84' lang='grc' dir='ltr'>γεωργοὶ</span> <span class='ocrx_word' id='word_1_733' title='bbox 1509 4707 1608 4760; x_wconf 77' lang='grc' dir='ltr'>τοῦ</span> <span class='ocrx_word' id='word_1_734' title='bbox 1661 4704 2006 4780; x_wconf 53' lang='grc' dir='ltr'>ἀμπελῶνος</span> 
     </span>
    </p>
   </div>
   <div class='ocr_carea' id='block_1_96' title="bbox 354 4791 2006 4870">
    <p class='ocr_par' dir='ltr' id='par_1_96' title="bbox 354 4791 2006 4870">
     <span class='ocr_line' id='line_1_96' title="bbox 354 4791 2006 4870; baseline -0.004 -14"><span class='ocrx_word' id='word_1_735' title='bbox 354 4824 388 4856; x_wconf 76' lang='grc' dir='ltr'>ιι</span> <span class='ocrx_word' id='word_1_736' title='bbox 419 4798 594 4863; x_wconf 75' lang='grc' dir='ltr'>Οὗτός</span> <span class='ocrx_word' id='word_1_737' title='bbox 645 4797 785 4853; x_wconf 74' lang='grc' dir='ltr'>ἐστιν</span> <span class='ocrx_word' id='word_1_738' title='bbox 847 4798 876 4853; x_wconf 82' lang='grc' dir='ltr'><strong>ὁ</strong></span> <span class='ocrx_word' id='word_1_739' title='bbox 926 4794 1318 4870; x_wconf 84' lang='grc' dir='ltr'>κληρονόμος,</span> <span class='ocrx_word' id='word_1_740' title='bbox 1376 4791 1527 4851; x_wconf 74' lang='grc' dir='ltr'>δεῦτε</span> <span class='ocrx_word' id='word_1_741' title='bbox 1598 4794 2006 4868; x_wconf 75' lang='grc' dir='ltr'>ἀποκτείνωμεν</span> 
     </span>
    </p>
   </div>
   <div class='ocr_carea' id='block_1_97' title="bbox 354 4881 2010 4965">
    <p class='ocr_par' dir='ltr' id='par_1_97' title="bbox 354 4881 2010 4965">
     <span class='ocr_line' id='line_1_97' title="bbox 354 4881 2010 4965; baseline -0.004 -19"><span class='ocrx_word' id='word_1_742' title='bbox 354 4889 542 4961; x_wconf 80' lang='grc' dir='ltr'>αὐτὸν,</span> <span class='ocrx_word' id='word_1_743' title='bbox 574 4888 662 4943; x_wconf 76' lang='grc' dir='ltr'>καὶ</span> <span class='ocrx_word' id='word_1_744' title='bbox 694 4889 723 4944; x_wconf 87' lang='grc' dir='ltr'><strong>ὁ</strong></span> <span class='ocrx_word' id='word_1_745' title='bbox 754 4884 1016 4961; x_wconf 83' lang='grc' dir='ltr'>ἀμπελῶν</span> <span class='ocrx_word' id='word_1_746' title='bbox 1071 4888 1232 4958; x_wconf 79' lang='grc' dir='ltr'>ἡμῶν</span> <span class='ocrx_word' id='word_1_747' title='bbox 1266 4881 1434 4955; x_wconf 82' lang='grc' dir='ltr'>ἔσται,</span> <span class='ocrx_word' id='word_1_748' title='bbox 1467 4909 1495 4937; x_wconf 85' lang='grc'><strong>››</strong></span> <span class='ocrx_word' id='word_1_749' title='bbox 1523 4881 1670 4939; x_wconf 74' lang='grc' dir='ltr'>ἀλλὰ</span> <span class='ocrx_word' id='word_1_750' title='bbox 1719 4890 1797 4958; x_wconf 82' lang='grc' dir='ltr'>τῷ</span> <span class='ocrx_word' id='word_1_751' title='bbox 1827 4884 2010 4965; x_wconf 83' lang='grc' dir='ltr'>φθόνῳ</span> 
     </span>
    </p>
   </div>
   <div class='ocr_carea' id='block_1_98' title="bbox 354 4973 2009 5051">
    <p class='ocr_par' dir='ltr' id='par_1_98' title="bbox 354 4973 2009 5051">
     <span class='ocr_line' id='line_1_98' title="bbox 354 4973 2009 5051; baseline -0.005 -17"><span class='ocrx_word' id='word_1_752' title='bbox 354 4974 871 5051; x_wconf 76' lang='grc' dir='ltr'>ἀπετυφλώθησαν).</span> <span class='ocrx_word' id='word_1_753' title='bbox 934 4974 1106 5037; x_wconf 77' lang='grc' dir='ltr'>οὕτως</span> <span class='ocrx_word' id='word_1_754' title='bbox 1162 4976 1379 5046; x_wconf 74' lang='grc' dir='ltr'>νοήσεις</span> <span class='ocrx_word' id='word_1_755' title='bbox 1431 4974 1492 5029; x_wconf 88' lang='grc' dir='ltr'>τὸ</span> <span class='ocrx_word' id='word_1_756' title='bbox 1548 4994 1715 5029; x_wconf 86' lang='grc' dir='ltr'>κατω.</span> <span class='ocrx_word' id='word_1_757' title='bbox 1778 4973 1885 5041; x_wconf 83' lang='grc' dir='ltr'>ὅτι,</span> <span class='ocrx_word' id='word_1_758' title='bbox 1950 4973 2009 5030; x_wconf 74' lang='grc' dir='ltr'>Εἰ</span> 
     </span>
    </p>
   </div>
   <div class='ocr_carea' id='block_1_99' title="bbox 352 5061 2008 5145">
    <p class='ocr_par' dir='ltr' id='par_1_99' title="bbox 352 5061 2008 5145">
     <span class='ocr_line' id='line_1_99' title="bbox 352 5061 2008 5145; baseline -0.004 -21"><span class='ocrx_word' id='word_1_759' title='bbox 352 5064 622 5145; x_wconf 73' lang='grc' dir='ltr'>ἔγνωσαν,</span> <span class='ocrx_word' id='word_1_760' title='bbox 654 5066 841 5143; x_wconf 79' lang='grc' dir='ltr'>φησὶν,</span> <span class='ocrx_word' id='word_1_761' title='bbox 875 5063 958 5119; x_wconf 76' lang='grc' dir='ltr'>ὅτι</span> <span class='ocrx_word' id='word_1_762' title='bbox 989 5061 1226 5132; x_wconf 76' lang='grc' dir='ltr'>τοσαύτη</span> <span class='ocrx_word' id='word_1_763' title='bbox 1261 5061 1407 5117; x_wconf 80' lang='grc' dir='ltr'>ἔσται</span> <span class='ocrx_word' id='word_1_764' title='bbox 1438 5067 1555 5125; x_wconf 86' lang='grc' dir='ltr'>τοῖς</span> <span class='ocrx_word' id='word_1_765' title='bbox 1588 5061 1759 5118; x_wconf 83' lang='grc' dir='ltr'>ἔθνεσι</span> <span class='ocrx_word' id='word_1_766' title='bbox 1819 5083 2008 5133; x_wconf 86' lang='grc' dir='ltr'>σωτη-</span> 
     </span>
    </p>
   </div>
   <div class='ocr_carea' id='block_1_100' title="bbox 357 5153 2009 5234">
    <p class='ocr_par' dir='ltr' id='par_1_100' title="bbox 357 5153 2009 5234">
     <span class='ocr_line' id='line_1_100' title="bbox 357 5153 2009 5234; baseline -0.002 -21"><span class='ocrx_word' id='word_1_767' title='bbox 357 5159 451 5234; x_wconf 82' lang='grc' dir='ltr'>ρία</span> <span class='ocrx_word' id='word_1_768' title='bbox 474 5157 534 5215; x_wconf 79' lang='grc' dir='ltr'>ἐκ</span> <span class='ocrx_word' id='word_1_769' title='bbox 564 5162 660 5213; x_wconf 79' lang='grc' dir='ltr'>τοῦ</span> <span class='ocrx_word' id='word_1_770' title='bbox 694 5159 949 5231; x_wconf 78' lang='grc' dir='ltr'>σταυροῦ,</span> <span class='ocrx_word' id='word_1_771' title='bbox 980 5153 1100 5212; x_wconf 70' lang='grc' dir='ltr'>οὔδ’</span> <span class='ocrx_word' id='word_1_772' title='bbox 1130 5153 1190 5210; x_wconf 74' lang='grc' dir='ltr'>ἂν</span> <span class='ocrx_word' id='word_1_773' title='bbox 1222 5153 1393 5224; x_wconf 78' lang='grc' dir='ltr'>ἦλθον</span> <span class='ocrx_word' id='word_1_774' title='bbox 1458 5153 1535 5217; x_wconf 82' lang='grc' dir='ltr'>εἷς</span> <span class='ocrx_word' id='word_1_775' title='bbox 1562 5154 1625 5210; x_wconf 83' lang='grc' dir='ltr'>τὸ</span> <span class='ocrx_word' id='word_1_776' title='bbox 1681 5159 2009 5231; x_wconf 84' lang='grc' dir='ltr'>σταυρῶσαι,</span> 
     </span>
    </p>
   </div>
   <div class='ocr_carea' id='block_1_101' title="bbox 354 5239 2010 5322">
    <p class='ocr_par' dir='ltr' id='par_1_101' title="bbox 354 5239 2010 5322">
     <span class='ocr_line' id='line_1_101' title="bbox 354 5239 2010 5322; baseline -0.004 -17"><span class='ocrx_word' id='word_1_777' title='bbox 354 5247 674 5321; x_wconf 71' lang='grc' dir='ltr'>ἰκτήκεσθαι</span> <span class='ocrx_word' id='word_1_778' title='bbox 709 5244 922 5321; x_wconf 75' lang='grc' dir='ltr'>μᾶλλον</span> <span class='ocrx_word' id='word_1_779' title='bbox 955 5244 1015 5301; x_wconf 71' lang='grc' dir='ltr'>ἐκ</span> <span class='ocrx_word' id='word_1_780' title='bbox 1068 5249 1165 5300; x_wconf 73' lang='grc' dir='ltr'>τοῦ</span> <span class='ocrx_word' id='word_1_781' title='bbox 1222 5239 1420 5322; x_wconf 82' lang='grc' dir='ltr'>φθόνου</span> <span class='ocrx_word' id='word_1_782' title='bbox 1470 5243 1812 5319; x_wconf 77' lang='grc' dir='ltr'>αἱρούμενοι,</span> <span class='ocrx_word' id='word_1_783' title='bbox 1855 5243 1891 5314; x_wconf 75' lang='grc' dir='ltr'>ἢ</span> <span class='ocrx_word' id='word_1_784' title='bbox 1918 5242 2010 5299; x_wconf 81' lang='grc' dir='ltr'>’ἶνα</span> 
     </span>
    </p>
   </div>
   <div class='ocr_carea' id='block_1_102' title="bbox 358 5330 2009 5413">
    <p class='ocr_par' dir='ltr' id='par_1_102' title="bbox 358 5330 2009 5413">
     <span class='ocr_line' id='line_1_102' title="bbox 358 5330 2009 5413; baseline -0.003 -19"><span class='ocrx_word' id='word_1_785' title='bbox 358 5340 510 5413; x_wconf 74' lang='grc' dir='ltr'>σωθῇ</span> <span class='ocrx_word' id='word_1_786' title='bbox 540 5343 606 5393; x_wconf 75' lang='grc' dir='ltr'>τα</span> <span class='ocrx_word' id='word_1_787' title='bbox 633 5331 754 5407; x_wconf 79' lang='grc' dir='ltr'>έθνη</span> <span class='ocrx_word' id='word_1_788' title='bbox 806 5336 897 5391; x_wconf 86' lang='grc' dir='ltr'>καὶ</span> <span class='ocrx_word' id='word_1_789' title='bbox 955 5330 1160 5410; x_wconf 71' lang='grc' dir='ltr'>ἐκϐἆλῃ</span> <span class='ocrx_word' id='word_1_790' title='bbox 1223 5331 1439 5404; x_wconf 68' lang='grc' dir='ltr'>αὐτοὺς,</span> <span class='ocrx_word' id='word_1_791' title='bbox 1497 5333 1588 5389; x_wconf 77' lang='grc' dir='ltr'>καὶ</span> <span class='ocrx_word' id='word_1_792' title='bbox 1648 5334 2009 5408; x_wconf 81' lang='grc' dir='ltr'>ἀντικαταστῇ</span> 
     </span>
    </p>
   </div>
   <div class='ocr_carea' id='block_1_103' title="bbox 358 5421 2012 5499">
    <p class='ocr_par' dir='ltr' id='par_1_103' title="bbox 358 5421 2012 5499">
     <span class='ocr_line' id='line_1_103' title="bbox 358 5421 2012 5499; baseline -0.003 -14"><span class='ocrx_word' id='word_1_793' title='bbox 358 5428 435 5492; x_wconf 84' lang='grc' dir='ltr'>εἷς</span> <span class='ocrx_word' id='word_1_794' title='bbox 467 5427 559 5485; x_wconf 69' lang='grc' dir='ltr'>τὸν</span> <span class='ocrx_word' id='word_1_795' title='bbox 591 5427 759 5482; x_wconf 87' lang='grc' dir='ltr'>τόπον</span> <span class='ocrx_word' id='word_1_796' title='bbox 793 5426 994 5484; x_wconf 75' lang='grc' dir='ltr'>αὐτῶν.</span> <span class='ocrx_word' id='word_1_797' title='bbox 1053 5457 1121 5469; x_wconf 90' lang='grc'><strong>-</strong></span> <span class='ocrx_word' id='word_1_798' title='bbox 1174 5421 1377 5482; x_wconf 81' lang='grc' dir='ltr'>Ἀλλο.</span> <span class='ocrx_word' id='word_1_799' title='bbox 1437 5426 1651 5496; x_wconf 76' lang='grc' dir='ltr'>[ΙΩΑΝ.</span> <span class='ocrx_word' id='word_1_800' title='bbox 1685 5427 1702 5499; x_wconf 77' lang='lat'><strong>]</strong></span> <span class='ocrx_word' id='word_1_801' title='bbox 1733 5423 2012 5498; x_wconf 78' lang='grc' dir='ltr'>Εὐκαίρως</span> 
     </span>
    </p>
   </div>
   <div class='ocr_carea' id='block_1_104' title="bbox 362 5510 2009 5594">
    <p class='ocr_par' dir='ltr' id='par_1_104' title="bbox 362 5510 2009 5594">
     <span class='ocr_line' id='line_1_104' title="bbox 362 5510 2009 5594; baseline -0.002 -21"><span class='ocrx_word' id='word_1_802' title='bbox 362 5517 557 5594; x_wconf 79' lang='grc' dir='ltr'>Κύριον</span> <span class='ocrx_word' id='word_1_803' title='bbox 593 5514 751 5589; x_wconf 77' lang='grc' dir='ltr'>δόξης</span> <span class='ocrx_word' id='word_1_804' title='bbox 785 5514 1057 5575; x_wconf 77' lang='grc' dir='ltr'>ἐκάλεσεν.</span> <span class='ocrx_word' id='word_1_805' title='bbox 1120 5510 1346 5584; x_wconf 75' lang='grc' dir='ltr'>Ἐπειδὴ</span> <span class='ocrx_word' id='word_1_806' title='bbox 1399 5515 1504 5591; x_wconf 72' lang='grc' dir='ltr'>γὰρ</span> <span class='ocrx_word' id='word_1_807' title='bbox 1536 5516 1569 5570; x_wconf 87' lang='grc' dir='ltr'>ἀ</span> <span class='ocrx_word' id='word_1_808' title='bbox 1599 5513 1829 5591; x_wconf 67' lang='grc' dir='ltr'>σταυρὸς</span> <span class='ocrx_word' id='word_1_809' title='bbox 1880 5512 2009 5570; x_wconf 87' lang='grc' dir='ltr'>ἀδο-</span> 
     </span>
    </p>
   </div>
   <div class='ocr_carea' id='block_1_105' title="bbox 441 5690 988 5765">
    <p class='ocr_par' dir='ltr' id='par_1_105' title="bbox 441 5690 988 5765">
     <span class='ocr_line' id='line_1_105' title="bbox 441 5690 988 5765; baseline -0.016 -9"><span class='ocrx_word' id='word_1_810' title='bbox 441 5692 488 5730; x_wconf 74' lang='grc'>⁷¹</span> <span class='ocrx_word' id='word_1_811' title='bbox 517 5693 722 5756; x_wconf 71' lang='lat' dir='ltr'>Matth.</span> <span class='ocrx_word' id='word_1_812' title='bbox 754 5707 874 5765; x_wconf 75' lang='grc' dir='ltr'>ιιι,</span> <span class='ocrx_word' id='word_1_813' title='bbox 896 5690 988 5750; x_wconf 80' lang='lat'>38.</span> 
     </span>
    </p>
   </div>
   <div class='ocr_carea' id='block_1_106' title="bbox 2122 4619 3772 4693">
    <p class='ocr_par' dir='ltr' id='par_1_106' title="bbox 2122 4619 3772 4693">
     <span class='ocr_line' id='line_1_106' title="bbox 2122 4619 3772 4693; baseline -0.001 -14"><span class='ocrx_word' id='word_1_814' title='bbox 2122 4621 2289 4679; x_wconf 88' lang='lat' dir='ltr'>cibus</span> <span class='ocrx_word' id='word_1_815' title='bbox 2323 4626 2381 4677; x_wconf 92' lang='lat' dir='ltr'>et</span> <span class='ocrx_word' id='word_1_816' title='bbox 2401 4621 2713 4693; x_wconf 69' lang='lat' dir='ltr'>pharismis</span> <span class='ocrx_word' id='word_1_817' title='bbox 2752 4620 3074 4693; x_wconf 87' lang='lat' dir='ltr'>acceperis,</span> <span class='ocrx_word' id='word_1_818' title='bbox 3109 4620 3210 4691; x_wconf 88' lang='lat' dir='ltr'>qui</span> <span class='ocrx_word' id='word_1_819' title='bbox 3240 4625 3527 4676; x_wconf 88' lang='lat' dir='ltr'>noverant</span> <span class='ocrx_word' id='word_1_820' title='bbox 3575 4619 3772 4693; x_wconf 89' lang='lat' dir='ltr'>ipsum</span> 
     </span>
    </p>
   </div>
   <div class='ocr_carea' id='block_1_107' title="bbox 2120 4708 3775 4784">
    <p class='ocr_par' dir='ltr' id='par_1_107' title="bbox 2120 4708 3775 4784">
     <span class='ocr_line' id='line_1_107' title="bbox 2120 4708 3775 4784; baseline -0.003 -16"><span class='ocrx_word' id='word_1_821' title='bbox 2120 4728 2254 4769; x_wconf 88' lang='lat' dir='ltr'>esse</span> <span class='ocrx_word' id='word_1_822' title='bbox 2282 4711 2579 4768; x_wconf 89' lang='lat' dir='ltr'>Christum</span> <span class='ocrx_word' id='word_1_823' title='bbox 2612 4710 2814 4784; x_wconf 86' lang='lat' dir='ltr'>(idque</span> <span class='ocrx_word' id='word_1_824' title='bbox 2836 4726 2908 4765; x_wconf 81' lang='lat' dir='ltr'>ex</span> <span class='ocrx_word' id='word_1_825' title='bbox 2954 4726 3022 4765; x_wconf 92' lang='lat' dir='ltr'>eo</span> <span class='ocrx_word' id='word_1_826' title='bbox 3056 4709 3436 4764; x_wconf 83' lang='lat' dir='ltr'>manifestum</span> <span class='ocrx_word' id='word_1_827' title='bbox 3495 4714 3585 4766; x_wconf 89' lang='lat' dir='ltr'>est</span> <span class='ocrx_word' id='word_1_828' title='bbox 3613 4708 3775 4781; x_wconf 89' lang='lat' dir='ltr'>quod</span> 
     </span>
    </p>
   </div>
   <div class='ocr_carea' id='block_1_108' title="bbox 2120 4801 3771 4874">
    <p class='ocr_par' dir='ltr' id='par_1_108' title="bbox 2120 4801 3771 4874">
     <span class='ocr_line' id='line_1_108' title="bbox 2120 4801 3771 4874; baseline -0.001 -15"><span class='ocrx_word' id='word_1_829' title='bbox 2120 4802 2397 4859; x_wconf 88' lang='lat' dir='ltr'>dicebant</span> <span class='ocrx_word' id='word_1_830' title='bbox 2416 4802 2673 4859; x_wconf 90' lang='lat' dir='ltr'>cultores</span> <span class='ocrx_word' id='word_1_831' title='bbox 2700 4801 2959 4857; x_wconf 62' lang='lat' dir='ltr'>vineam</span> <span class='ocrx_word' id='word_1_832' title='bbox 2985 4801 3088 4857; x_wconf 88' lang='lat' dir='ltr'>Hic</span> <span class='ocrx_word' id='word_1_833' title='bbox 3122 4804 3212 4855; x_wconf 91' lang='lat' dir='ltr'>est</span> <span class='ocrx_word' id='word_1_834' title='bbox 3246 4801 3637 4874; x_wconf 70' lang='lat' dir='ltr'>hwres.agite,</span> <span class='ocrx_word' id='word_1_835' title='bbox 3671 4818 3771 4858; x_wconf 90' lang='lat' dir='ltr'>oc-</span> 
     </span>
    </p>
   </div>
   <div class='ocr_carea' id='block_1_109' title="bbox 2119 4889 3772 4958">
    <p class='ocr_par' dir='ltr' id='par_1_109' title="bbox 2119 4889 3772 4958">
     <span class='ocr_line' id='line_1_109' title="bbox 2119 4889 3772 4958; baseline -0.001 -9"><span class='ocrx_word' id='word_1_836' title='bbox 2119 4892 2386 4949; x_wconf 87' lang='lat' dir='ltr'>cidamus</span> <span class='ocrx_word' id='word_1_837' title='bbox 2410 4909 2568 4957; x_wconf 87' lang='lat' dir='ltr'>eum,</span> <span class='ocrx_word' id='word_1_838' title='bbox 2593 4898 2650 4947; x_wconf 90' lang='lat' dir='ltr'>et</span> <span class='ocrx_word' id='word_1_839' title='bbox 2678 4891 2849 4947; x_wconf 89' lang='lat' dir='ltr'>vinea</span> <span class='ocrx_word' id='word_1_840' title='bbox 2878 4891 2992 4946; x_wconf 87' lang='lat' dir='ltr'>erit</span> <span class='ocrx_word' id='word_1_841' title='bbox 3018 4895 3222 4946; x_wconf 90' lang='lat' dir='ltr'>nostra</span> <span class='ocrx_word' id='word_1_842' title='bbox 3240 4889 3284 4925; x_wconf 78' lang='grc' dir='ltr'>τί</span> <span class='ocrx_word' id='word_1_843' title='bbox 3308 4910 3322 4958; x_wconf 85' lang='lat'><strong>;</strong></span> <span class='ocrx_word' id='word_1_844' title='bbox 3348 4913 3377 4940; x_wconf 83' lang='lat'>»</span> <span class='ocrx_word' id='word_1_845' title='bbox 3403 4892 3514 4947; x_wconf 90' lang='lat' dir='ltr'>Sed</span> <span class='ocrx_word' id='word_1_846' title='bbox 3546 4892 3772 4948; x_wconf 88' lang='lat' dir='ltr'>invidia</span> 
     </span>
    </p>
   </div>
   <div class='ocr_carea' id='block_1_110' title="bbox 2120 4978 3773 5053">
    <p class='ocr_par' dir='ltr' id='par_1_110' title="bbox 2120 4978 3773 5053">
     <span class='ocr_line' id='line_1_110' title="bbox 2120 4978 3773 5053; baseline 0 -15"><span class='ocrx_word' id='word_1_847' title='bbox 2120 4982 2395 5038; x_wconf 74' lang='lat' dir='ltr'>excmcati</span> <span class='ocrx_word' id='word_1_848' title='bbox 2411 4986 2591 5048; x_wconf 90' lang='lat' dir='ltr'>sunt),</span> <span class='ocrx_word' id='word_1_849' title='bbox 2617 4986 2755 5035; x_wconf 92' lang='lat' dir='ltr'>tunc</span> <span class='ocrx_word' id='word_1_850' title='bbox 2777 4979 2935 5053; x_wconf 92' lang='lat' dir='ltr'>quod</span> <span class='ocrx_word' id='word_1_851' title='bbox 2954 4978 3202 5035; x_wconf 86' lang='lat' dir='ltr'>inferius</span> <span class='ocrx_word' id='word_1_852' title='bbox 3224 4980 3460 5036; x_wconf 88' lang='lat' dir='ltr'>additur</span> <span class='ocrx_word' id='word_1_853' title='bbox 3489 4982 3571 5038; x_wconf 87' lang='lat' dir='ltr'>sic</span> <span class='ocrx_word' id='word_1_854' title='bbox 3592 4982 3773 5040; x_wconf 82' lang='lat' dir='ltr'>intel—</span> 
     </span>
    </p>
   </div>
   <div class='ocr_carea' id='block_1_111' title="bbox 2118 5068 3763 5145">
    <p class='ocr_par' dir='ltr' id='par_1_111' title="bbox 2118 5068 3763 5145">
     <span class='ocr_line' id='line_1_111' title="bbox 2118 5068 3763 5145; baseline 0.001 -18"><span class='ocrx_word' id='word_1_855' title='bbox 2118 5070 2300 5142; x_wconf 82' lang='lat' dir='ltr'>liges:</span> <span class='ocrx_word' id='word_1_856' title='bbox 2332 5070 2387 5125; x_wconf 93' lang='lat' dir='ltr'>Si</span> <span class='ocrx_word' id='word_1_857' title='bbox 2410 5069 2819 5142; x_wconf 87' lang='lat' dir='ltr'>cognovissent</span> <span class='ocrx_word' id='word_1_858' title='bbox 2845 5068 3001 5140; x_wconf 92' lang='lat' dir='ltr'>quod</span> <span class='ocrx_word' id='word_1_859' title='bbox 3032 5086 3068 5125; x_wconf 90' lang='lat' dir='ltr'>a</span> <span class='ocrx_word' id='word_1_860' title='bbox 3094 5086 3267 5126; x_wconf 90' lang='lat' dir='ltr'>cruce</span> <span class='ocrx_word' id='word_1_861' title='bbox 3292 5076 3456 5127; x_wconf 86' lang='lat' dir='ltr'>tanta</span> <span class='ocrx_word' id='word_1_862' title='bbox 3483 5072 3763 5145; x_wconf 84' lang='lat' dir='ltr'>gentibus</span> 
     </span>
    </p>
   </div>
   <div class='ocr_carea' id='block_1_112' title="bbox 2117 5160 3770 5233">
    <p class='ocr_par' dir='ltr' id='par_1_112' title="bbox 2117 5160 3770 5233">
     <span class='ocr_line' id='line_1_112' title="bbox 2117 5160 3770 5233; baseline 0.002 -17"><span class='ocrx_word' id='word_1_863' title='bbox 2117 5160 2319 5216; x_wconf 84' lang='lat' dir='ltr'>futura</span> <span class='ocrx_word' id='word_1_864' title='bbox 2349 5160 2530 5227; x_wconf 90' lang='lat' dir='ltr'>salus,</span> <span class='ocrx_word' id='word_1_865' title='bbox 2563 5176 2943 5231; x_wconf 88' lang='lat' dir='ltr'>nequaquam</span> <span class='ocrx_word' id='word_1_866' title='bbox 2973 5160 3048 5215; x_wconf 88' lang='lat' dir='ltr'>ad</span> <span class='ocrx_word' id='word_1_867' title='bbox 3086 5160 3198 5216; x_wconf 90' lang='lat' dir='ltr'>hoc</span> <span class='ocrx_word' id='word_1_868' title='bbox 3245 5163 3656 5233; x_wconf 89' lang='lat' dir='ltr'>pervenissent</span> <span class='ocrx_word' id='word_1_869' title='bbox 3704 5170 3770 5219; x_wconf 89' lang='lat' dir='ltr'>ut</span> 
     </span>
    </p>
   </div>
   <div class='ocr_carea' id='block_1_113' title="bbox 2122 5249 3772 5322">
    <p class='ocr_par' dir='ltr' id='par_1_113' title="bbox 2122 5249 3772 5322">
     <span class='ocr_line' id='line_1_113' title="bbox 2122 5249 3772 5322; baseline 0.002 -17"><span class='ocrx_word' id='word_1_870' title='bbox 2122 5266 2256 5305; x_wconf 87' lang='lat' dir='ltr'>eum</span> <span class='ocrx_word' id='word_1_871' title='bbox 2288 5249 2702 5322; x_wconf 79' lang='lat' dir='ltr'>crucifigerent</span> <span class='ocrx_word' id='word_1_872' title='bbox 2726 5265 2740 5304; x_wconf 91' lang='lat'><strong>:</strong></span> <span class='ocrx_word' id='word_1_873' title='bbox 2763 5249 3048 5322; x_wconf 90' lang='lat' dir='ltr'>eligentes</span> <span class='ocrx_word' id='word_1_874' title='bbox 3062 5250 3255 5321; x_wconf 91' lang='lat' dir='ltr'>potius</span> <span class='ocrx_word' id='word_1_875' title='bbox 3279 5251 3563 5308; x_wconf 85' lang='lat' dir='ltr'>invididia</span> <span class='ocrx_word' id='word_1_876' title='bbox 3581 5253 3772 5308; x_wconf 83' lang='lat' dir='ltr'>tabes-</span> 
     </span>
    </p>
   </div>
   <div class='ocr_carea' id='block_1_114' title="bbox 2121 5338 3769 5413">
    <p class='ocr_par' dir='ltr' id='par_1_114' title="bbox 2121 5338 3769 5413">
     <span class='ocr_line' id='line_1_114' title="bbox 2121 5338 3769 5413; baseline 0.002 -19"><span class='ocrx_word' id='word_1_877' title='bbox 2121 5354 2277 5405; x_wconf 89' lang='lat' dir='ltr'>cere,</span> <span class='ocrx_word' id='word_1_878' title='bbox 2311 5354 2488 5409; x_wconf 90' lang='lat' dir='ltr'>quam</span> <span class='ocrx_word' id='word_1_879' title='bbox 2510 5342 2576 5393; x_wconf 90' lang='lat' dir='ltr'>nt</span> <span class='ocrx_word' id='word_1_880' title='bbox 2601 5344 2804 5411; x_wconf 84' lang='lat' dir='ltr'>gentes</span> <span class='ocrx_word' id='word_1_881' title='bbox 2833 5338 3005 5393; x_wconf 73' lang='lat' dir='ltr'>salvze</span> <span class='ocrx_word' id='word_1_882' title='bbox 3032 5338 3259 5401; x_wconf 78' lang='lat' dir='ltr'>ﬁerent.</span> <span class='ocrx_word' id='word_1_883' title='bbox 3286 5345 3344 5395; x_wconf 91' lang='lat' dir='ltr'>et</span> <span class='ocrx_word' id='word_1_884' title='bbox 3367 5342 3510 5413; x_wconf 90' lang='lat' dir='ltr'>ipsis</span> <span class='ocrx_word' id='word_1_885' title='bbox 3560 5343 3769 5413; x_wconf 89' lang='lat' dir='ltr'>ejectis</span> 
     </span>
    </p>
   </div>
   <div class='ocr_carea' id='block_1_115' title="bbox 2121 5428 3766 5504">
    <p class='ocr_par' dir='ltr' id='par_1_115' title="bbox 2121 5428 3766 5504">
     <span class='ocr_line' id='line_1_115' title="bbox 2121 5428 3766 5504; baseline 0.002 -20"><span class='ocrx_word' id='word_1_886' title='bbox 2121 5428 2241 5484; x_wconf 74' lang='grc' dir='ltr'>ίιιω</span> <span class='ocrx_word' id='word_1_887' title='bbox 2253 5444 2459 5484; x_wconf 89' lang='lat' dir='ltr'>eorum</span> <span class='ocrx_word' id='word_1_888' title='bbox 2475 5428 2602 5485; x_wconf 91' lang='lat' dir='ltr'>loco</span> <span class='ocrx_word' id='word_1_889' title='bbox 2621 5428 3123 5486; x_wconf 89' lang='lat' dir='ltr'>substituerentur</span> <span class='ocrx_word' id='word_1_890' title='bbox 3137 5462 3209 5471; x_wconf 88' lang='lat'><strong><em>—</em></strong></span> <span class='ocrx_word' id='word_1_891' title='bbox 3223 5430 3400 5487; x_wconf 77' lang='lat' dir='ltr'>Aliud</span> <span class='ocrx_word' id='word_1_892' title='bbox 3425 5432 3766 5504; x_wconf 89' lang='lat' dir='ltr'>Opportune</span> 
     </span>
    </p>
   </div>
   <div class='ocr_carea' id='block_1_116' title="bbox 2120 5518 3767 5594">
    <p class='ocr_par' dir='ltr' id='par_1_116' title="bbox 2120 5518 3767 5594">
     <span class='ocr_line' id='line_1_116' title="bbox 2120 5518 3767 5594; baseline 0.002 -20"><span class='ocrx_word' id='word_1_893' title='bbox 2120 5519 2436 5576; x_wconf 89' lang='lat' dir='ltr'>Dominum</span> <span class='ocrx_word' id='word_1_894' title='bbox 2466 5519 2666 5594; x_wconf 68' lang='lat' dir='ltr'>gloriae</span> <span class='ocrx_word' id='word_1_895' title='bbox 2696 5518 3030 5592; x_wconf 87' lang='lat' dir='ltr'>appellavit.</span> <span class='ocrx_word' id='word_1_896' title='bbox 3081 5522 3225 5578; x_wconf 87' lang='lat' dir='ltr'>Nam</span> <span class='ocrx_word' id='word_1_897' title='bbox 3273 5520 3557 5594; x_wconf 86' lang='lat' dir='ltr'>quoniam</span> <span class='ocrx_word' id='word_1_898' title='bbox 3592 5539 3767 5579; x_wconf 80' lang='lat' dir='ltr'>crux-</span> 
     </span>
    </p>
   </div>
  </div>
