4198 6200
428 398 549 461 663
1549 389 1965 453 OECUMENll
2010 389 2311 452 TRICGE
2352 389 2713 453 EPlSCOPI
3719 387 3840 451 ὅθι

430 532 770 610 ignominiae
797 547 925 587 esse
956 528 1284 593 videbatur,
1317 527 1577 585 ostendit
1606 545 1737 584 eam
1785 545 1915 584 esse
1944 543 2071 583 ma-

2211 526 2304 593 ξίας
2333 528 2461 582 εἶναι
2495 524 2667 594 δοκεῖ,
2720 523 2986 581 δείκνυσιν
3041 527 3124 582 ὅτι
3184 522 3400 604 μεγάλη
3456 524 3584 598 δόξα
3638 525 3837 583 ἐστῖνὸ

434 643 609 696 gnam
640 623 888 697 gloriam
919 639 985 678 τι(
1008 623 1145 688 Qua:
1169 620 1524 693 praeparavit
1552 622 1724 687 Deus.
1758 642 1784 670 »
1812 621 1950 686 Quae
1982 636 2079 675 au-

2211 619 2433 693 ’ταυρός.
2468 641 2495 670 ‹‹
2526 618 2596 674 ’Ἃ
2630 613 2686 672 δὲ
2716 617 3017 686 ἡτοίμασεν
3047 616 3074 671 ὁ
3105 616 3256 678 Θεός.
3290 640 3317 669 ι»
3379 614 3447 673 Τί
3477 612 3535 671 δὲ
3563 616 3836 691 ἡτοίμασε

430 720 549 770 tem
597 711 949 785 praeparavit
1006 712 1159 766 Deus
1206 710 1589 782 diligentibus
1630 710 1735 766 se?
1779 710 2079 765 Christum

2218 712 2298 769 οἷς
2332 709 2607 784 ἀγαπῶσιν
2639 707 2800 762 αὐτόν
2839 725 2852 775 ;
2890 707 2983 762 τὸν
3040 706 3270 781 Χριστὸν
3338 702 3579 777 δηλαδὴ,
3610 707 3701 762 καὶ
3731 708 3830 777 τὴν

427 803 703 859 videlicet
724 818 792 857 ac
825 801 1101 865 salutem,
1134 816 1266 870 qum
1294 817 1400 872 per
1428 800 1901 855 incarnationem
1927 798 2081 853 facta

2211 796 2275 851 ῐιὰ
2330 803 2427 866 τῆς
2482 795 2943 873 ἐνανθρωπήσεως
3002 796 3299 871 σωτηρίαν.
3359 796 3717 871 Ἀγαπῶ-οτας
3754 793 3833 868 δὲ,

427 895 518 947 est
570 889 895 961 Diligentes
943 895 1140 945 autem
1188 888 1490 959 Scriptura
1520 893 1690 943 vocat
1746 889 2076 943 credentes:

2219 886 2311 949 ους
2352 889 2739 949 πιστεύσαντας
2796 885 2956 943 καλεῖ
2986 890 3020 958 ἡ
3052 889 3261 965 Γραφή.
3323 887 3428 944 Καὶ
3466 892 3583 949 πῶς
3609 887 3700 948 οῦς
3734 886 3834 943 οὐκ

429 979 540 1035 Sed
572 980 891 1051 quomodo,
926 980 1027 1046 ait,
1091 978 1251 1034 auris
1299 994 1419 1032 non
1477 978 1716 1035 audivit.
1748 995 1858 1034 nec
1891 979 1951 1033 in
1982 994 2084 1032 cor

2211 977 2409 1048 ίκουσε,
2439 977 2529 1033 καὶ
2589 978 2676 1033 ἐπὶ
2716 975 2943 1054 καρδίαν
3010 977 3296 1053 ἀνθρώπου
3352 975 3451 1031 οὐκ
3506 971 3695 1047 ἀνέϐη,
3725 982 3832 1033 τῶν

427 1067 689 1125 hominis
721 1069 1140 1136 ascenderunt,
1180 1084 1312 1123 cum
1346 1068 1533 1123 sancti
1568 1068 1868 1139 prophetas
1917 1068 2081 1139 prius

2211 1066 2358 1145 ιγίων
2389 1072 2706 1147 προφητῶν,
2741 1067 2896 1147 φησὶ,
2928 1066 3382 1141 προακουσάντων
3400 1069 3462 1120 τὸ
3486 1067 3791 1141 μησττςριον
3818 1084 3835 1137 ς

431 1159 766 1216 audiverint
796 1158 1147 1230 mysterium
1173 1157 1199 1211 ?
1251 1159 1320 1211 Et
1350 1157 1602 1212 dicimus
1634 1157 1796 1212 aliud
1827 1174 1955 1213 esse
1977 1173 2082 1212 au—

2211 1156 2286 1210 ἱαί
2319 1178 2515 1234 φαμεν,
2549 1156 2635 1211 ὅτι
2664 1152 2846 1232 ἕτερόν
2877 1155 2930 1211 τί
2961 1154 3070 1210 ἐστι
3099 1156 3162 1210 τὸ
3211 1156 3287 1218 ὡς
3346 1153 3633 1232 ἄνθρωπον
3673 1156 3837 1212 ἀκοῦσ-

430 1249 589 1305 disse
620 1256 685 1304 ut
706 1249 1033 1311 hominem,
1068 1251 1125 1302 et
1157 1246 1317 1302 aliud
1341 1246 1577 1301 audisse
1623 1252 1685 1300 ut
1709 1246 2078 1317 prophetam.

2211 1242 2633 1321 ται,καὶὲτερόν
2690 1245 2752 1302 τὸ
2806 1246 2881 1307 ὠς
2938 1246 3241 1321 προφήτην.
3300 1245 3404 1302 Καὶ
3462 1245 3565 1321 γάρ
3621 1246 3837 1307 Ἣσαῖας

429 1338 615 1395 Isaias
643 1340 801 1393 enim
827 1337 999 1392 dicit:
1032 1357 1054 1387 α
1073 1334 1317 1390 Addidit
1336 1334 1483 1389 mihi
1513 1340 1708 1389 autem
1734 1334 1808 1389 ad
1837 1333 2081 1389 audien-

2211 1335 2342 1405 ›ησί·
2378 1360 2405 1386 «
2440 1333 2749 1407 Προσὲθηκέ
2782 1355 2875 1406 μοι
2918 1335 3082 1390 ὠτίον
3142 1333 3220 1395 εἷς
3274 1333 3338 1389 τὸ
3395 1333 3648 1406 ἀκουσαι,
3682 1356 3706 1387 ι
3742 1334 3839 1390 οὐκ

428 1428 571 1485 dum
592 1429 656 1495 τε,
682 1449 710 1478 ››
737 1443 854 1482 non
901 1425 1060 1498 quod
1092 1431 1267 1480 antea
1294 1440 1437 1479 aure
1471 1423 1731 1478 hominis
1764 1424 2083 1479 destitutus

2218 1421 2375 1492 πειδὴ
2411 1422 2651 1480 ἐνέλιπεν
2675 1423 2824 1496 αὐτῷ
2856 1424 2949 1484 οὗς
2997 1422 3309 1499 ἀνθρώπου,
3340 1420 3468 1479 ἀλλ’
3525 1423 3610 1480 ὅτι
3667 1444 3837 1500 προσ-

424 1517 656 1586 fuisset,
689 1516 793 1571 sed
824 1515 981 1588 quod
1014 1515 1318 1586 pr0phetaa
1349 1530 1555 1569 aurem
1588 1514 1938 1585 accepisset.

2211 1509 2412 1568 κλάδετο
2440 1517 2536 1570 τοῦ
2569 1516 2874 1589 προφήτου.

501 1608 659 1663 434
693 1606 759 1668 ll,
795 1608 878 1669 lO,
916 1605 1001 1660 ll.
1036 1625 1065 1655 «
1096 1604 1276 1659 Nobis
1335 1608 1532 1659 autem
1592 1604 1747 1658 Deus
1806 1603 2085 1662 revelavit

2256 1605 2420 1678 Ἡμῖν
2482 1601 2539 1659 δὲ
2614 1605 2642 1657 ὁ
2713 1605 2841 1666 Θεὸς
2915 1602 3230 1676 ἀπεκάλυψε
3288 1599 3377 1658 διὰ
3433 1607 3531 1660 τοῦ
3594 1603 3837 1679 Πνεῦμα-

430 1719 462 1749 ‹‹
490 1713 599 1770 per
626 1694 911 1769 Spiritum
969 1710 1165 1750 suum.
1218 1694 1360 1748 Nam
1393 1692 1644 1765 Spiritus
1675 1698 1887 1747 cuncta
1918 1710 2084 1747 scru-

2211 1714 2280 1756 τος
2339 1694 2527 1750 αὐτοῦ.
2585 1694 2664 1751 Τὸ
2714 1695 2819 1771 γὰρ
2854 1697 3069 1767 Πνεῦμα
3126 1692 3301 1747 πάντα
3359 1692 3566 1768 ἐρευνᾷ,
3623 1694 3714 1750 καὶ
3770 1695 3838 1751 τὰ

438 1809 460 1837 ι
498 1791 674 1853 tatur,
708 1784 886 1840 etiam
924 1782 1217 1855 profunda
1250 1783 1372 1837 Dei.
1405 1782 1544 1847 Quis
1571 1782 1732 1837 enim
1760 1782 1919 1838 novit
1952 1800 2082 1853 qum

2211 1787 2330 1856 lion
2383 1788 2480 1839 τοῦ
2537 1789 2691 1840 Θεοῦ.
2746 1783 2843 1847 Τίς
2903 1784 3006 1859 γὰρ
3070 1782 3212 1839 οἶδεν
3268 1782 3567 1861 ἀνθρώπων
3627 1785 3693 1840 τὰ
3742 1788 3838 1841 τοῦ

434 1902 464 1931 ‹‹
496 1885 636 1936 sunt
664 1876 947 1944 hominis,
992 1875 1107 1931 nisi
1139 1875 1381 1947 spiritus
1419 1874 1680 1931 hominis
1740 1875 1841 1947 qui
1899 1881 1987 1930 est
2020 1874 2078 1931 in

2211 1873 2500 1949 ἱνθρώπου,
2562 1873 2612 1930 εἴ
2665 1875 2742 1949 μὴ
2801 1873 2863 1929 τὸ
2921 1877 3135 1946 πνεῦμα
3190 1876 3288 1928 τοῦ
3346 1873 3620 1949 ἀνθρόπου
3673 1874 3736 1931 τὸ
3783 1873 3837 1929 ἑν

433 1990 464 2020 α
497 1984 564 2023 eo
594 1967 623 2022 ?
650 1965 746 2022 Sic
776 1970 835 2021 et
880 1981 950 2020 ea
997 1979 1126 2036 quae
1181 1962 1284 2019 Dei
1342 1968 1483 2019 sunt
1539 1979 1715 2019 nemo
1754 1964 1937 2030 novit,
1966 1963 2081 2019 nisi

2211 1965 2330 2036 εὖτῷ
2360 1983 2374 2033 ;
2406 1961 2594 2027 Οὕτως
2635 1962 2725 2018 καὶ
2774 1964 2844 2020 τὰ
2871 1967 2969 2019 τοῦ
3019 1967 3153 2019 Θεοῦ
3207 1960 3386 2027 οόδεῖς
3433 1960 3601 2035 οἶδεν,
3656 1963 3705 2021 εἴ
3761 1965 3838 2040 μή

432 2077 461 2101 σι
494 2055 746 2129 Spiritus
777 2053 901 2110 Dei.
934 2075 962 2104 »

2211 2055 2245 2110 λὸ
2276 2058 2499 2127 Πνεῦμα
2528 2057 2626 2110 τοῦ
2656 2056 2808 2110 Θεοῦ.

503 2145 562 2201 Si
594 2144 773 2217 igitur
802 2142 1004 2199 nullus
1036 2142 1215 2210 novit,
1252 2160 1373 2210 vos,
1421 2143 1635 2214 inquit,
1660 2143 1957 2214 quomodo
1990 2143 2080 2198 di-

2258 2143 2321 2200 Εἰ
2353 2143 2442 2198 οῦκ
2478 2141 2658 2205 οὐδεὶς
2687 2137 2847 2219 ἔγνω,
2890 2142 3071 2217 ὑμεῖς,
3098 2143 3254 2223 φησὶ,
3286 2148 3403 2207 πῶς
3438 2144 3792 2218 μεμαθήκατε
3825 2160 3841 2214 ;

433 2233 663 2291 dicistis
686 2233 715 2289 ?
743 2231 890 2298 Quia
923 2232 1096 2301 Deus,
1128 2232 1231 2299 ait,
1264 2230 1436 2286 nobis
1467 2230 1743 2287 revelavit
1770 2248 1877 2303 per
1905 2231 2083 2304 Spiri-

2211 2235 2332 2303 Οτι,
2365 2234 2548 2312 φησὶν,
2582 2235 2610 2289 ὁ
2642 2233 2771 2295 Θεὸς
2800 2235 2938 2306 ἡμῖν
2980 2230 3069 2289 διά
3114 2236 3216 2289 τοῦ
3273 2233 3595 2309 Πνεῦματος
3640 2232 3843 2290 ἀπεκά-

433 2329 583 2390 tum,
611 2339 732 2379 non
760 2339 865 2394 per
878 2322 1202 2377 humanam
1226 2321 1601 2394 sapientiam.
1628 2322 1759 2376 Haec
1778 2322 1939 2376 enim
1961 2337 2082 2376 non

2211 2326 2374 2397 ιυψεν,
2407 2322 2467 2377 οὗ
2500 2320 2572 2377 δι’
2607 2322 2951 2398 ἀνθρωπίνης
2986 2322 3198 2398 σοφίας.
3230 2320 3380 2393 Αὕτη
3416 2324 3520 2398 γὰρ
3555 2322 3656 2379 οὐκ
3681 2322 3847 2394 ἡξιὼ-

436 2420 527 2472 est
547 2413 750 2469 habita
775 2412 951 2485 digna
973 2429 1104 2484 quas
1128 2411 1326 2467 videat
1346 2412 1646 2482 mysteria.
1667 2413 1809 2465 Nam
1835 2411 2083 2482 Spiritus

2211 2431 2255 2484 ιη
2293 2409 2421 2468 ἰδεῖν
2460 2413 2526 2468 τὰ
2588 2414 2881 2488 μυστήρια.
2922 2413 3003 2469 Τὸ
3034 2414 3137 2488 γὰρ
3192 2416 3412 2486 Πνεῦμα
3470 2412 3640 2469 πάντα
3686 2410 3842 2486 ἐρευ-

434 2510 649 2561 cuncta
669 2508 983 2559 scrutatur.
1009 2500 1231 2557 Deinde
1256 2499 1516 2555 ostendit
1532 2499 1689 2572 quod
1708 2500 2082 2571 potissimum

2216 2506 2268 2573 ᾇ.
2302 2504 2437 2559 Εἶτα
2474 2499 2706 2557 δείκνυσι
2749 2504 2813 2557 τὸ
2874 2499 3122 2577 μέγιστον
3182 2509 3283 2573 τῆς
3347 2503 3607 2573 τοιαύτης
3665 2504 3844 2576 μαθή-

432 2595 603 2650 estin
627 2594 737 2649 hac
758 2591 1093 2663 disciplina.
1122 2592 1241 2645 Nisi
1266 2591 1422 2645 enim
1451 2589 1703 2661 Spiritus
1724 2607 1832 2644 nos
1855 2589 2083 2644 docuis-

2211 2613 2345 2654 rswq.
2378 2593 2444 2649 Et
2477 2594 2554 2667 μὴ
2588 2593 2691 2671 γὰρ
2734 2593 2796 2648 τὸ
2853 2596 3091 2663 Πνεῦμα,
3125 2593 3282 2669 φησὶ,
3331 2593 3394 2648 τὸ
3425 2593 3511 2648 καὶ
3572 2593 3640 2648 τὰ
3700 2593 3840 2669 βάθη

434 2687 545 2745 set,
577 2682 793 2755 inquit,
819 2681 919 2752 qui
940 2681 1040 2734 Dei
1066 2694 1300 2751 quoque
1325 2678 1617 2751 profunda
1646 2679 1827 2733 novit.
1857 2694 2081 2749 nequa-

2211 2686 2282 2736 ;οῦ
2314 2687 2447 2737 Θεοῦ
2479 2680 2858 2753 ἐπιστάμενον,
2916 2679 3151 2752 ἐδίδαξεν
3182 2684 3351 2756 ἡμᾶς,
3402 2682 3502 2737 οὐκ
3533 2681 3592 2737 ’ἀν
3632 2678 3843 2752 ἠδυνή-

434 2789 612 2846 quam
644 2771 794 2828 scire
826 2770 1227 2842 potuissemus
1254 2786 1267 2836 ;
1307 2785 1442 2824 nam
1476 2769 1585 2824 hoc
1615 2768 1963 2840 mysterium
1995 2771 2084 2822 est

2211 2787 2362 2845 δημεν
2397 2774 2601 2845 μαθεῖν.
2635 2773 2723 2827 Ἐν
2755 2776 2873 2832 τοῖς
2931 2771 3271 2846 ἀπορῥτςτοις
3328 2771 3431 2847 γὰρ
3487 2772 3555 2841 ἦν
3610 2771 3676 2827 τὸ
3706 2791 3845 2845 μυσ-

432 2865 595 2922 inter
619 2860 1064 2925 inenarrabilia,
1087 2859 1218 2916 ideo
1243 2876 1478 2931 quoque
1500 2859 1720 2931 Spiritu
1744 2858 1915 2913 nobis
1936 2874 2084 2929 opus

2211 2863 2377 2937 εῆριον
2405 2859 2587 2917 τοῦτο.
2618 2861 2710 2915 Διὸ
2741 2861 2827 2915 καὶ
2860 2863 2958 2915 τοῦ
2988 2860 3301 2934 Πνεῦματος
3355 2857 3659 2932 ἐδεήθημεν
3693 2857 3844 2915 διδα-

438 2961 565 3013 erat
593 2959 973 3028 praeceptore.
1005 2951 1173 3019 Quod
1214 2958 1411 3007 autem
1460 2951 1580 3006 ait:
1632 2973 1659 2999 ‹‹
1696 2951 2020 3015 Scrutatur,
2054 2970 2083 2999 »

2211 2950 2417 3008 πκπὶλου.
2448 2952 2524 3007 Τὸ
2565 2948 2644 3022 δὲ,
2705 2974 2732 3003 ‹‹
2767 2953 3013 3025 Ἐρευνᾷ,
3046 2974 3067 3004 ι
3134 2950 3234 3005 οὐκ
3294 2949 3517 3025 ἀγνοίας
3577 2947 3848 3006 δεικτικόν

438 3062 560 3104 non
591 3044 939 3118 ignorantiae
972 3042 1335 3099 ostensivum
1368 3046 1474 3103 est.
1510 3040 1613 3097 sed
1644 3058 1674 3096 e
1700 3040 1928 3096 diverso
1960 3054 2089 3094 exa-

2211 3062 2355 3109 στιν,
2389 3038 2535 3096 ἀλλὰ
2585 3038 2923 3107 τουναντίον,
2986 3034 3247 3113 ἀκριϐοῦς
3299 3038 3570 3116 γνώσεως.
3603 3040 3664 3098 Ὀ
3705 3037 3762 3093 δὲ
3792 3037 3846 3093 ἐν

440 3139 548 3191 ctua
585 3131 782 3205 potius
838 3130 1211 3201 cognitionis.
1266 3129 1440 3184 Dist
1490 3128 1803 3202 Gregorius
1861 3128 2087 3183 intelli-

2211 3129 2367 3205 ὶγίοις
2415 3130 2723 3208 Γρηγόριος
2785 3128 2979 3192 οὕτως’
3042 3128 3151 3183 Οὐκ
3205 3129 3279 3191 ὡς
3333 3130 3848 3206 περιεργαζόμενον,

438 3222 522 3299 git
546 3238 559 3275 :
584 3222 710 3276 Non
728 3219 889 3291 quod
902 3218 1153 3291 Spiritus
1180 3220 1411 3274 curiose
1428 3217 1685 3291 indaget,
1719 3217 1822 3273 sed
1846 3216 2002 3289 quod
2025 3216 2086 3270 in

2211 3219 2435 3283 ὶλΑ’ὡς
2493 3218 2763 3297 ἐντρυφῶν
2819 3222 2890 3293 τῇ
2950 3218 3165 3294 θεωρίᾳ.
3225 3243 3252 3269 (ι
3314 3218 3416 3276 Καὶ
3458 3218 3525 3273 τὰ
3557 3219 3695 3295 βαθη
3755 3222 3853 3273 τοῦ

438 3309 942 3382 contemplatione
963 3308 1309 3365 delectetur.
1338 3329 1366 3358 »
1386 3308 1577 3362 Etiam
1602 3306 1895 3378 profunda
1916 3306 2038 3362 Dei.
2060 3328 2086 3353 ››

2211 3315 2354 3369 Θεοῦ.
2392 3334 2419 3360 ››
2446 3343 2517 3353 —
2548 3311 2859 3384 [ΣΕΥΙΙΡ.]
2894 3309 3041 3380 Beier]
3076 3311 3171 3363 τοῦ
3229 3313 3336 3363 Θοῦ
3394 3304 3570 3384 λέγει,
3626 3309 3720 3371 τὰς
3752 3308 3855 3383 βα·-

439 3399 740 3459 Prot‘unda
760 3399 861 3455 Dei
896 3397 1158 3472 appellat
1180 3396 1674 3469 profundissimas
1698 3395 2092 3468 ipsius,maxi-

2211 3402 2429 3466 aurita;
2474 3399 2638 3455 αὐτοῦ
2668 3399 2758 3454 καὶ
2820 3394 3272 3459 διαλανθανούσας
3303 3399 3450 3470 ἡμᾶς
3508 3397 3851 3470 οῗκονομίας.

441 3508 656 3564 meque
688 3507 798 3546 nos
819 3489 1074 3545 latentes
1103 3486 1525 3558 dispositiones
1557 3502 1660 3541 seu
1692 3485 2088 3555 dispensatio-

2211 3523 2266 3533 _.
2297 3488 2547 3551 ’Ἀλλως.
2586 3488 2860 3563 [ΚΥΡΙΑ.]
2894 3486 3039 3559 Βαίοη
3092 3491 3188 3543 τοῦ
3247 3490 3380 3542 Θεοῦ
3412 3485 3514 3541 εἶσι
3544 3491 3651 3541 τῶν
3684 3487 3842 3562 ἰερῶν

444 3598 573 3639 nes.
599 3613 670 3624 -—-
690 3581 820 3638 Alio
840 3579 1018 3635 modo.
1046 3576 1345 3632 Profunda
1369 3575 1469 3630 Dei
1494 3579 1631 3630 sunt
1658 3590 1958 3629 sacrarum
1983 3573 2092 3628 Lil-

2211 3580 2541 3657 γραμμάτων
2574 3581 2609 3649 ἡ
2657 3576 3004 3652 κεκρυμμένη
3058 3577 3147 3632 καὶ
3199 3576 3466 3639 ἀπόθετος
3526 3581 3748 3654 γνῶσις,
3780 3576 3848 3647 ἢν

446 3677 708 3729 terarum
732 3667 965 3725 occulta
995 3683 1062 3723 ac
1094 3665 1399 3721 recondita
1435 3664 1712 3737 cognitio,
1742 3679 1875 3718 cum
1907 3662 2087 3733 Spiri-

2211 3665 2343 3731 εἰδὸς
2373 3669 2435 3722 τὸ
2468 3671 2690 3742 Πνεῦμα
2718 3671 2837 3730 ταῖς
2865 3669 2975 3721 τῶν
3012 3664 3176 3738 ἁγίων
3209 3662 3583 3722 ἀποκαλύπτει
3616 3668 3843 3741 ψυχαῖς,

443 3767 540 3819 tus
554 3763 654 3835 qui
671 3761 851 3828 novit,
875 3762 1214 3814 sanctorum
1238 3754 1457 3809 revelat
1477 3752 1808 3821 animabus,
1833 3752 2091 3807 divinam

2211 3758 2343 3814 ὒεῖόν
2372 3778 2492 3813 τινα
2512 3761 2636 3812 νοῦν
2669 3755 2967 3829 ἀποφαῖνον
2996 3754 3049 3809 ἐν
3082 3754 3288 3817 αὐτοῖς.
3324 3778 3353 3806 α
3386 3754 3449 3811 Εἰ
3481 3756 3556 3828 μή
3585 3755 3649 3810 τὸ
3680 3759 3843 3810 πνεῦ-

445 3851 767 3926 quamdam
799 3845 1254 3919 intelligentiam
1304 3845 1367 3898 in
1415 3844 1500 3900 eis
1545 3842 1853 3898 exhibens.
1909 3841 2091 3897 «Nisi

2211 3868 2278 3921 μα
2307 3851 2403 3902 τοῦ
2435 3846 2720 3917 ἀνθρώπου
2749 3845 2812 3899 τὸ
2842 3843 2892 3899 ἐν
2920 3845 3087 3916 αὐτῷ.
3126 3868 3153 3895 ››
3183 3846 3378 3918 Ὠσπερ
3425 3843 3550 3919 γὰρ,
3591 3845 3746 3922 φησὶ,
3779 3844 3849 3899 τὰ

445 3943 690 4014 spiritus
711 3937 969 3993 hominis
994 3935 1094 4005 qui
1135 3939 1225 3989 est
1254 3933 1313 3987 in
1374 3950 1461 3988 eo.
1524 3955 1552 3984 «
1584 3931 2090 3998 Quemadmodum

2211 3936 2336 3993 κατὰ
2392 3935 2677 4011 ἄνθρωπον
2745 3932 2893 3995 οὐδὶς
2964 3931 3107 3988 οἶδεν
3163 3934 3486 4008 ἀνθρώπων,
3544 3933 3595 3989 εἷ’
3649 3935 3723 4006 μή
3780 3932 3849 3987 τὸ

448 4031 629 4094 enim,
663 4028 877 4098 inquit.
912 4041 1043 4097 qua“:
1073 4024 1335 4080 hominis
1366 4028 1505 4080 sunt
1549 4023 1750 4078 nullus
1781 4022 2091 4078 hominum

2211 4023 2339 4080 ἴδιον
2369 4025 2536 4080 αὐτοῦ
2558 4025 2791 4098 πνεῦμα,
2816 4021 3015 4083 οῦτεως
3037 4019 3162 4077 οὐδὲ
3191 4022 3257 4078 τὰ
3287 4026 3384 4079 τοῦ
3405 4026 3539 4078 Θεοῦ
3570 4042 3650 4084 τις
3678 4017 3849 4091 οἶδεν,

445 4121 629 4188 novit,
662 4118 779 4193 nisi
809 4118 1085 4191 proprius
1136 4115 1323 4188 ipsius
1354 4115 1637 4186 spiritus:
1672 4114 1755 4169 ita
1792 4129 1986 4178 neque
2026 4129 2095 4167 ea

2211 4114 2249 4168 εἰ
2284 4114 2359 4187 μὴ
2393 4114 2455 4168 τὸ
2489 4114 2703 4184 Πνεῦμα
2731 4115 2829 4166 τοῦ
2870 4114 3028 4169 Θεοῦ.

453 4226 584 4283 quae
616 4208 721 4265 Dei
750 4212 890 4264 sunt
920 4206 1215 4279 quispiam
1246 4205 1409 4261 novit
1438 4205 1551 4260 nisi
1576 4204 1850 4277 Spirtitus
1882 4202 2005 4259 Dei.

2274 4204 2463 4276 ἹΙμεῖς
2521 4199 2578 4257 δὲ
2628 4199 2688 4256 οὐ
2747 4201 2808 4257 τὸ
2866 4204 3079 4274 πνεῦμα
3128 4205 3225 4256 τοῦ
3290 4202 3502 4275 κόσμοῦ
3553 4195 3849 4274 ἐλάϐομεν,

521 4301 592 4356 ΙΙ·
626 4300 715 4366 12,
752 4299 835 4355 13.
866 4317 897 4351 α
931 4299 1046 4353 Nos
1066 4301 1267 4353 autem
1299 4312 1419 4351 non
1452 4293 1725 4367 spiritum
1760 4293 1967 4349 mundi
1999 4310 2094 4349 ac-

2211 4291 2353 4349 ἀλλὰ
2380 4293 2441 4347 τὸ
2482 4295 2700 4364 Πνεῦμα
2755 4291 2817 4345 τὸ
2874 4289 2935 4346 ἐκ
2987 4293 3142 4360 Θεοῦ,
3198 4287 3294 4344 ’ίνα
3348 4286 3581 4363 εἷδωμεν
3637 4289 3705 4345 τὰ
3746 4292 3851 4347 ὑπό

449 4415 479 4445 ι(
512 4382 797 4466 cepimus,
826 4389 929 4446 sed
953 4388 1235 4461 Spiritum
1263 4386 1365 4459 qui
1383 4402 1450 4442 ex
1475 4387 1591 4441 Deo
1615 4391 1723 4455 est,
1746 4390 1812 4441 ut
1836 4385 2095 4441 sciamus

2211 4387 2300 4438 τοῦ
2358 4385 2491 4438 Θεοῦ
2546 4378 2869 4460 χαρισθέντα
2923 4382 3097 4454 ἡμῖν,
3158 4379 3190 4435 ἃ
3245 4378 3333 4435 καὶ
3393 4377 3692 4454 λαλοῦμεν.
3748 4380 3854 4436 οὐκ

448 4504 478 4534 ‹‹
511 4499 642 4555 qum
674 4497 709 4536 a
738 4479 969 4535 Christo
1001 4478 1220 4533 donata
1250 4480 1389 4532 sunt
1417 4474 1590 4531 nobis
1616 4492 1630 4529 :
1663 4491 1794 4547 quas
1825 4473 2095 4546 etloqui-

2211 4472 2257 4528 ἰν
2316 4469 2589 4534 διδακτοῖς
2670 4470 3013 4546 ἀνθρωπίνης
3093 4468 3283 4545 σοφίας
3355 4468 3561 4544 λόγοις,
3620 4468 3768 4526 ἀλλά
3797 4468 3853 4526 ἓν

448 4593 478 4625 ‹‹
509 4589 663 4642 mur,
694 4588 814 4627 non
853 4587 961 4643 per
988 4584 1293 4626 sermones
1315 4582 1462 4639 quos
1510 4566 1682 4623 docet
1709 4566 1971 4620 humana
2001 4580 2095 4619 sa-

2211 4558 2482 4623 δίδακτοῖς
2563 4560 2877 4636 Πνεῦματος
2972 4559 3153 4638 ἁγίου,
3232 4564 3619 4633 πνευματῖκοῖς
3684 4580 3853 4616 πνευ-

451 4684 481 4715 ‹‹
511 4663 755 4737 pientia,
790 4660 893 4718 sed
926 4676 1033 4732 per
1063 4675 1164 4714 eos
1187 4674 1336 4728 quos
1368 4656 1539 4711 docet
1559 4655 1810 4727 Spiritus
1833 4659 2093 4724 sanctus,

2211 4653 2407 4728 ματικὸι
2438 4651 2826 4727 συγκρίνοντες.

452 4773 481 4803 ιι
515 4750 924 4824 spiritualibus
956 4747 1288 4821 spiritualia
1317 4750 1743 4817 comparentes.
1784 4767 1812 4794 ››

525 4839 725 4896 Mundi
758 4839 1032 4912 spiritum
1063 4843 1247 4902 vocat,
1279 4842 1347 4892 ut
1384 4836 1616 4907 opinor,
1650 4834 1969 4888 humanam
2003 4849 2098 4889 sa-

454 4929 762 5003 pientiam,
797 4944 862 4982 ac
905 4927 1321 4985 eruditionem.
1374 4941 1551 4998 quam
1586 4941 1703 4979 non
1737 4923 2098 4994 accepimus,

453 5018 650 5089 inquit
678 5022 744 5074 ut
773 5016 873 5088 qui
907 5032 1141 5071 crucem
1173 5015 1469 5083 obscuret,
1502 5030 1577 5069 ne
1617 5014 1925 5069 aboleatur
1958 5029 2100 5067 crux

454 5105 627 5165 sicuti
660 5104 953 5177 praedixit.
1002 5104 1115 5159 Sed
1160 5104 1440 5175 Spiritum
1496 5103 1598 5158 Dei
1648 5102 2007 5173 accepimus,
2035 5108 2102 5157 ut

456 5197 716 5253 sciamus
747 5210 879 5266 quae
911 5193 1129 5249 donata
1173 5199 1309 5249 sunt
1349 5192 1519 5248 nobis
1549 5209 1583 5247 a
1615 5193 1730 5247 Deo
1759 5209 1771 5246 :
1832 5191 1941 5246 hoc
1990 5197 2098 5258 est,

456 5287 801 5359 dispensata
833 5286 951 5341 sive
983 5284 1136 5340 facta
1166 5290 1304 5340 sunt
1334 5301 1367 5341 a
1395 5284 1644 5340 Christo.

530 5378 681 5433 485
718 5398 747 5426 «
777 5378 901 5431 Non
934 5392 1040 5447 per
1077 5391 1384 5430 sermones
1416 5391 1563 5446 quos
1622 5373 1795 5430 docet
1843 5374 2104 5428 humana

461 5466 767 5539 sapientia.
806 5487 834 5515 »
868 5466 1074 5534 Tanto,
1107 5464 1322 5536 inquit,
1355 5481 1464 5519 nos
1495 5462 1836 5518 hominibus
1870 5462 2101 5533 sapien-

456 5558 639 5613 tiores
670 5572 894 5623 sumus,
931 5554 1169 5627 quando
1218 5553 1563 5625 sapientiori
1610 5553 1836 5608 utimur
1882 5567 2099 5624 praece-

2284 4823 2833 4900 [OIKOTMENIOR]
2867 4826 3085 4894 Πνεῦμα
3114 4823 3328 4896 κόσμου
3352 4820 3533 4890 καλεῖ,
3567 4822 3645 4884 ὡς
3673 4825 3855 4896 οἶμαι,

2210 4919 2308 4985 τήν
2334 4916 2672 4992 ἀνθρωπίνην
2703 4921 2891 4994 σοφίαν
2923 4914 3013 4968 καὶ
3044 4909 3345 4981 παίδευσιν,
3374 4911 3530 4986 ὅπερ,
3562 4914 3749 4991 φησὶν,
3781 4914 3858 4975 ὡς

2209 5009 2506 5083 καταργοῦν
2536 5006 2627 5060 τὸν
2663 5004 2912 5078 σταυρόν,
2938 5003 3012 5065 ὡς
3039 5007 3314 5079 προεῖπεν,
3334 5002 3433 5059 οὐκ
3453 4998 3744 5078 ἐλάϐομεν,
3768 5004 3858 5060 ἳνα

2211 5096 2281 5168 λή
2315 5098 2522 5172 κενωθῇ
2554 5096 2582 5150 ὂ
2613 5094 2864 5168 σταυρὸς,
2898 5090 3043 5149 ἀλλὰ
3072 5093 3133 5148 τὸ
3190 5096 3408 5165 Πνεῦμα
3437 5095 3533 5147 τοῦ
3566 5096 3699 5148 Θεοῦ
3727 5090 3856 5148 ἐλά-

2212 5182 2399 5260 ϐομεν,
2429 5187 2523 5240 ἳνα
2551 5181 2785 5258 εἰδῶμεν
2816 5184 2882 5240 τὰ
2913 5181 3241 5262 χαρισθέντα
3264 5183 3400 5251 ἡμῖν
3433 5181 3539 5237 ἀπὸ
3567 5185 3665 5236 τοῦ
3698 5185 3854 5246 Θεοῦ,

2211 5274 2475 5342 τουτέστι,
2514 5273 2581 5329 τὸ.
2609 5278 2725 5328 κατ’
2754 5270 3066 5346 οῗκονομίαν
3093 5269 3357 5346 γεγονότα
3389 5274 3488 5325 τοῦ
3528 5273 3783 5343 Χριστοῦ.

2286 5391 2312 5418 ‹‹
2347 5364 2462 5423 Οὐκ
2486 5363 2536 5418 ἐν
2570 5360 2841 5422 διδακτοῖς
2872 5361 3219 5435 ἀνθρωπίνης
3257 5360 3471 5439 σοφίας.
3507 5383 3536 5411 ››
3585 5362 3853 5418 Τοσοῦτον

2211 5458 2372 5530 ἡμεῖς
2403 5452 2556 5533 φησὶ,
2597 5457 2704 5508 τῶν
2732 5452 2856 5525 παρ’
2915 5450 3237 5518 ἀνθρώπους
3295 5453 3472 5527 σοφῶν
3531 5449 3850 5528 σοφώτεροι,

2213 5546 2336 5601 ὅσον
2371 5544 2421 5599 οἱ
2466 5543 2558 5616 μὶν
2613 5540 2879 5596 Πλάτωνα
2934 5538 3024 5594 καὶ
3084 5538 3397 5615 Πυθαγόραν
3450 5534 3643 5618 ἔχουσι
3700 5534 3853 5593 διδα-

522 5737 570 5775 ﬂ
597 5738 709 5795 188.
741 5752 792 5805 ι,
823 5738 882 5796 50
