4198 6200
388 337 510 401 665

1355 338 1768 403 COMMENT.
1815 339 1907 400 IN
1954 335 2193 400 EPIST.
2238 338 2264 400 Ι
2307 337 2412 399 AD
2469 341 2838 404 CORINTH.

3681 359 3802 422 666

390 472 650 543 σκάλους,
681 471 850 546 ἡμεῖς
877 468 936 527 δὶ
963 472 1026 530 τὸ
1056 475 1276 548 Πνεῦμα
1328 474 1390 532 τὸ
1448 476 1622 551 ἅγιον.
1684 500 1714 529 ‹‹
1771 472 1928 532 Ἀλλ’
1987 472 2038 528 ἐν

2157 475 2443 548 ptore.llli
2465 477 2762 550 siquidem
2779 480 3080 539 Platonem
3095 500 3162 540 ac
3174 485 3564 561 Pythagoram
3577 493 3800 554 habent

392 560 669 625 διδακτοῖς
695 567 826 616 [Ινευ
835 583 1002 634 ματος
1024 562 1201 639 ἁγίου.
1221 563 1472 622 »Οὐκοῦν
1500 563 1744 639 οὐδαμοῦ
1768 565 1926 640 χρεία
1947 571 2046 633 τῆς

393 652 742 727 ἀνθρωπίνης
774 652 988 730 σοφίας.
1021 652 1166 711 ’Ὀλα
1196 655 1302 730 γὰρ
1333 655 1689 729 πνευματικά.
1737 681 1762 707 α
1802 661 2047 726 [Ινευμα-

388 749 564 802 τικοῖς
595 743 941 813 πνευματικὰ
971 742 1365 819 συγκρίνοντες.
1403 768 1429 795 ››
1461 749 1633 800 Τοῦτο
1665 742 1833 820 λεγει,
1897 745 2041 812 ὅταν,

391 833 577 913 φησὶν,
648 832 897 908 ἀνακύψῃ
959 835 1185 906 ζήτημα
1263 834 1646 908 πνευματικὸν,
1707 833 1813 888 ἀπὸ
1868 855 2046 908 παρα-

391 919 697 996 δειγμάτων
755 927 1138 994 πνευματικῶν
1209 922 1305 986 τὰς
1387 925 1693 998 συγκρίσεις
1775 922 1865 977 καὶ
1949 923 2041 984 τὰς

389 1009 667 1074 ἰπιλύσεις
727 1009 1020 1085 ἰπάγομεν.
1078 1014 1216 1066 οἷονο
1304 1011 1351 1066 εἴ
1407 1011 1596 1083 ἀνέστη
1655 1014 1954 1086 τριήμερος
2014 1013 2041 1065 ὁ

389 1101 644 1176 Χριστὸς,
677 1100 736 1156 ἐκ
785 1104 888 1154 τοῦ
951 1101 1109 1158 Ἰωνᾶ
1159 1103 1256 1164 τὰς
1310 1099 1616 1172 ἀποδείξεις
1673 1101 1901 1176 παράγω
1951 1102 2040 1156 καὶ

387 1191 486 1259 τὴν
549 1190 869 1266 μαρτυρίαν·
928 1190 972 1246 εἰ
1035 1189 1288 1266 ἐγέννησε
1342 1193 1602 1266 παρθένος
1653 1193 1744 1246 τὸν
1815 1192 2038 1266 Κύριον,

388 1280 447 1336 ἰκ
474 1285 584 1335 τῶν
622 1284 846 1356 στειρῶν
879 1281 1072 1350 Ἀννης
1096 1281 1188 1336 καὶ
1217 1276 1499 1338 Ἐλισάϐετ
1529 1283 1565 1352 ἡ
1598 1279 1868 1343 ἐπίλυσις.

462 1388 716 1466 Ψυχικὸς
748 1383 804 1442 δὲ
831 1385 1136 1462 ἅνθρωπος,
1199 1387 1260 1443 οὐ
1322 1385 1538 1468 δέχεται
1595 1387 1662 1442 τα
1715 1393 1812 1444 τοῦ
1875 1387 2041 1445 mea-

391 1498 563 1552 ματος
627 1481 724 1532 τοῦ
791 1481 946 1533 Θεοῦ’
1013 1478 1198 1553 μωρία
1253 1478 1360 1552 γὰρ
1417 1477 1566 1550 αὐτῷ
1625 1477 1758 1546 ἐστι,
1825 1479 1916 1533 καὶ
1975 1480 2038 1534 οὗ

388 1565 607 1624 δύναται
662 1572 865 1644 γνῶναι
924 1567 1008 1624 ὅτι
1091 1573 1474 1642 πνευματικῶς
1558 1568 1917 1640 ἀνακρίνεται.
1977 1570 2038 1626 Ὁ

389 1654 447 1713 δὲ
502 1656 890 1730 πνευματικδς,
976 1657 1248 1733 ἀνακρίνει
1331 1659 1428 1732 μὶν
1514 1660 1706 1728 πὶντα,
1765 1659 1924 1720 αὐτὸς
1982 1655 2038 1715 δὲ

391 1746 482 1802 ὑπ’
537 1743 752 1809 οὐδενὸς
809 1746 1166 1822 ἀνακρίνεται.
1227 1747 1326 1810 Τὶς
1381 1747 1486 1824 γὰρ
1553 1743 1694 1826 ἔγνω
1745 1751 1869 1803 νοῦν
1932 1754 2036 1802 Ku-

2153 571 2568 637 praaceptores,
2603 585 2710 622 nos
2741 577 2934 624 autem
2971 573 3250 644 Spiritum
3297 587 3587 636 sanctum.
3625 607 3651 631 ‹‹
3687 587 3796 642 Sed

2152 671 2261 728 per
2278 672 2378 710 eos
2401 673 2549 727 quos
2571 657 2744 713 docet
2765 660 3017 731 Spiritus
3041 672 3298 722 sanctus.
3328 690 3354 716 »
3380 671 3586 726 Nullus
3604 674 3798 745 itaque

2152 761 2296 801 usus
2329 753 2417 800 est
2447 747 2722 802 humanm
2755 751 3016 807 scientiae
3044 771 3056 807 :
3090 757 3289 811 omnia
3322 776 3579 830 namque
3623 765 3799 834 spiri-

2150 835 2336 890 tualia
2368 843 2522 891 sunt.
2568 859 2596 886 «
2631 839 3047 909 Spiritualibus
3081 846 3414 916 spiritualia
3446 867 3792 923 comparan-

2153 929 2260 979 tes.
2288 947 2315 974 »
2338 927 2456 981 Hoc
2480 934 2588 991 est,
2621 929 2776 999 quod
2800 931 2960 986 dicit.
2979 934 3120 988 Cum
3147 936 3529 1010 investigatur
3548 943 3793 1012 quaestio

2151 1015 2352 1086 aliqua
2391 1018 2740 1089 spiritualis,
2775 1037 2840 1075 ac
2873 1024 3161 1095 exemplis
3192 1028 3600 1097 spiritualibus
3632 1049 3796 1089 com-

2149 1107 2489 1177 parationes
2513 1125 2580 1163 ac
2603 1109 3124 1181 interpretationes
3147 1115 3518 1187 adducimus,
3543 1123 3794 1187 ut,verbi

2150 1211 2364 1263 causa;
2399 1197 2446 1252 si
2481 1199 2736 1254 surrexit
2765 1202 2935 1256 tertio
2968 1203 3062 1258 die
3093 1205 3378 1271 (fhristus,
3399 1225 3466 1263 ex
3497 1211 3640 1266 Jona
3657 1229 3796 1283 pro-

2148 1281 2419 1339 bationes
2452 1301 2518 1339 ac
2552 1288 2957 1344 testimonium
2990 1291 3218 1347 adduco
3246 1310 3258 1347 :
3293 1295 3338 1349 si
3373 1304 3546 1352 natus
3579 1281 3673 1353 est
3690 1301 3795 1354 Do-

2148 1373 2348 1428 minus
2377 1390 2446 1429 ex
2479 1376 2721 1447 virgine,
2758 1395 2825 1432 ex
2859 1380 3160 1435 sterilibus
3194 1386 3358 1438 Anna
3408 1393 3464 1439 et
3494 1387 3792 1443 Elisabeth

2147 1463 2402 1518 sumitur
2426 1465 2854 1537 interpretatio.

2218 1552 2290 1612 Il.
2326 1555 2504 1608 14-16.
2539 1555 2822 1612 Animatis
2847 1565 3028 1614 autem
3053 1561 3212 1617 homo
3233 1580 3341 1618 non
3361 1566 3566 1637 accipit
3589 1584 3650 1622 ea
3671 1585 3791 1639 quae

2144 1651 2272 1700 sunt
2301 1645 2541 1714 Spiritus
2573 1647 2690 1712 Dei,
2737 1651 2973 1704 stultitia
3018 1655 3290 1723 siquidem
3347 1660 3455 1726 ipsi
3509 1665 3669 1713 sunt:
3697 1677 3792 1715 nec

2139 1741 2323 1806 potest
2381 1752 2722 1806 cognoscere.
2783 1743 2918 1809 quia
2963 1745 3336 1812 spirituatiter
3385 1747 3787 1818 dijudicantur.

389 1837 510 1913 ρίου
541 1834 600 1899 ὅς
631 1831 956 1910 συμϐιϐάσει
989 1838 1152 1896 αὐτόν
1203 1854 1218 1906 ;
1258 1838 1450 1912 Ἡμεῖς
1507 1835 1563 1893 δὶ
1597 1824 1743 1892 ννοῦν
1797 1839 2035 1911 Χριστοῦ

2146 1824 2470 1894 Spiritualis
2490 1843 2616 1882 vero
2637 1827 2893 1898 uniuersa
2921 1832 3140 1902 quidem
3154 1835 3448 1904 dijudicat.
3467 1837 3580 1907 ipse
3608 1846 3790 1893 autem

385 1923 485 2000 ἶχο
494 1945 610 1999 μεν.

452 2203 702 2280 Ψυχικὸν
745 2203 1025 2280 ἄνθρωπον
1080 2203 1260 2273 καλεῖ,
1316 2205 1408 2260 τὸν
1467 2203 1637 2259 πάντα
1689 2211 1807 2269 τοῖς
1863 2207 2030 2284 λυγι-

377 2298 542 2368 σμοῖς
568 2300 668 2364 τῆς
701 2297 887 2369 ψυχῆς
922 2290 1158 2364 διδόντα,
1201 2293 1292 2350 καὶ
1335 2291 1506 2370 μηδὲν
1566 2292 1742 2350 πίστει
1797 2292 2030 2372 δεχόμε-

373 2405 486 2458 νον,
522 2386 661 2458 μήτε
693 2385 992 2458 νομίζοντά
1041 2405 1186 2449 τινος
1228 2383 1428 2440 ἄνωθεν
1491 2382 1694 2441 δεῖσθαι
1751 2384 2031 2462 βοηθείας.

384 2478 485 2538 Ὄς
514 2482 632 2539 τοῖς
661 2483 763 2546 τῆς
795 2479 982 2552 ψυχῆς
1014 2479 1282 2549 νοήμασιν
1325 2477 1389 2532 οὐ
1449 2473 1747 2552 δυνάμενος
1803 2475 2036 2533 καταλα-

381 2561 496 2621 ὗεῖν
545 2567 638 2628 τὰς
672 2563 1026 2628 διδασκαλίας
1083 2571 1180 2622 τοῦ
1236 2567 1572 2639 Πνεῦματος,
1638 2571 1918 2623 πιστεῦσαι
1977 2566 2034 2624 δὲ

379 2655 665 2734 λογισμῶν
701 2657 887 2731 χωρὶς
921 2657 1024 2712 οὐκ
1053 2655 1276 2727 ἐθέλων,
1310 2658 1480 2714 πάντα
1514 2659 1672 2733 μωρὰ
1731 2659 1938 2730 νομίζει
1970 2659 2035 2714 τὰ

376 2752 480 2814 τῆς
541 2745 856 2819 οἰκονομίας
915 2751 1012 2830 τοῦ
1071 2745 1296 2823 Κυρίου.
1363 2779 1430 2790 -
1481 2745 1724 2811 ἈλΛως.
1795 2751 2031 2824 [1ΩΑΝ.]

380 2836 634 2911 Ψυχικός
665 2834 832 2900 ἐστιν,
869 2836 897 2890 ὁ
955 2835 1094 2891 κατὰ
1150 2837 1318 2911 σάρκα
1377 2840 1506 2906 ζῶν,
1563 2837 1653 2891 καὶ
1715 2839 1884 2909 μήπω
1939 2837 2031 2892 τὸν

380 2928 508 2980 νοῦν
557 2924 850 3004 φωτισθεῖς
917 2921 1005 2980 διὰ
1061 2921 1156 2978 τοῦ
1233 2924 1560 2998 πνεύματος,
1631 2923 1776 2982 ἀλλὰ
1861 2927 2034 2999 μόνην

381 3017 484 3083 τήν
517 3011 754 3090 ἔμφυτον
788 3016 878 3069 καῖ
899 3013 1244 3086 ἀνθρωπίνην
1303 3015 1510 3070 σύνεσιν
1566 3009 1734 3091 ἔχων,
1796 3014 1862 3085 ἥν
1916 3023 2032 3080 ταῖς

384 3104 639 3160 ἁπάντων
669 3107 876 3179 ψυχαῖς
909 3099 1180 3176 ἐμϐαλλει
1226 3105 1253 3158 ὀ
1286 3103 1656 3180 Δημιουργός.
1689 3138 1755 3148 -
1787 3103 2032 3169 Ἀλλως.

384 3194 530 3251 Ἀντί
599 3192 718 3263 τοῦ,
772 3193 936 3250 Ὅταν
995 3214 1046 3249 τι
1085 3195 1448 3268 πνευματικὸν
1489 3194 1578 3250 καὶ
1636 3195 1945 3272 ἀπόρῥτ,τον
1978 3195 2033 3271 ᾖ,
2070 3231 2113 3298 C

396 3281 422 3298 ν
470 3283 483 3298 .
564 3287 588 3298 ..
989 3287 1015 3298 -
1153 3283 1166 3298 .
1496 3285 1508 3298 .
1644 3283 1670 3298 ..
1953 3284 1980 3298 ς,

387 3281 494 3339 ἄπὸ
522 3287 630 3338 τῶν
676 3287 1055 3357 πνευματικῶν
1113 3283 1211 3346 τὰς
1274 3285 1576 3359 μαρτυρίας
1635 3283 1861 3361 ἄγομεν,
1923 3284 2039 3339 οἶον

393 3375 480 3430 δτι
509 3371 726 3444 ἀνέστη,
758 3375 985 3450 παραγω
1014 3374 1112 3442 τήν
1168 3377 1265 3429 τοῦ
1325 3375 1479 3432 Ἰωνᾶ
1538 3373 1855 3450 μαρτυρίαν.
1913 3375 2036 3432 Ὀτι

387 3465 449 3522 ἐκ
505 3465 772 3536 παρθένου
831 3463 1117 3540 ἐγεννήθη,
1171 3465 1404 3540 παράγω
1459 3465 1559 3533 τήν
1625 3468 1731 3519 τῶν
1812 3468 2035 3540 στειρῶν

385 3553 656 3630 γέννησιν.
689 3553 941 3628 Ψυχικὸς
976 3551 1033 3608 δέ
1061 3553 1202 3609 ἐστιν
1235 3554 1263 3610 ὁ
1300 3559 1363 3609 τὸ
1413 3558 1516 3610 πᾶν
1572 3559 1688 3616 τοῖς
1745 3553 2036 3630 λογισμοῖς

391 3652 494 3713 τῆς
551 3648 739 3724 ψυχῆς
799 3641 983 3706 διδοὺς
1038 3645 1130 3699 καὶ
1187 3646 1264 3718 μή
1315 3647 1559 3719 νομίζων
1619 3644 1819 3702 ἄνωθέν
1892 3667 2036 3708 τινος

392 3733 671 3811 βοηθείας.
718 3767 787 3776 -
843 3731 1088 3796 Ἀλλως.
1145 3737 1357 3808 [ΦΩΤ.]
1413 3736 1474 3793 Ὀ
1528 3735 1789 3810 ψυχικὸς,
1847 3734 2035 3810 ’χρείαν

387 3821 506 3898 ’ἔχει
539 3823 869 3896 ἀνακρίσεως
896 3823 984 3878 κκῖ
1043 3823 1328 3895 ἐξετάσεως
1387 3824 1474 3880 καὶ
1536 3827 1820 3897 μαθήσεως
1877 3845 2037 3880 πνευ-

395 3911 765 3987 ματικῆς,’ίνα
795 3911 1160 3987 παραδέξηται
1213 3913 1280 3968 τὰ
1335 3918 1430 3969 τοῦ
1482 3915 1805 3988 πνεύματος.
1864 3912 2040 3972 Ἀλλὰ

388 4003 524 4078 πρὸς
554 4000 755 4072 ταύτην
794 3999 1324 4077 ἀπαυθαδιζόμενος,
1382 4003 1473 4058 καὶ
1530 4001 1704 4059 δοκῶν
1764 4005 2036 4078 ἀρκεῖσθαι

386 4097 506 4156 τοῖς
569 4091 927 4166 ἀνθρωπίνοις
992 4091 1303 4168 λογισμοῖς,
1371 4094 1436 4148 οὐ
1500 4093 1662 4167 μόνον
1745 4093 1898 4149 οὐδὲν
1963 4095 2036 4147 ὧν

390 4179 575 4254 ἀγνοεῖ
665 4174 1098 4250 καταλαμϐάνει,
1195 4178 1341 4235 ἀλλὰ
1422 4181 1512 4235 καὶ
1578 4180 1891 4237 τούναντίον
1961 4181 2038 4243 εἷς

385 4268 620 4325 πλείονα
722 4263 1265 4342 καταϐαπτιζόμενος
1366 4267 1611 4347 ἄγνοιαν,
1686 4270 1749 4326 τὸ
1832 4269 2037 4326 ἐκείνου

386 4360 560 4423 πάθος
625 4357 715 4413 καὶ
788 4359 1024 4430 νόσημα,
1097 4363 1215 4422 τοῖς
1291 4364 1388 4416 τοῦ
1463 4360 1771 4434 πνεύματος
1845 4361 2038 4435 νόμὸις

388 4447 694 4523 περιᾶπτει,
747 4447 837 4502 καὶ
896 4449 1111 4524 ἡγεῖται
1171 4447 1305 4505 αὐτὰ
1366 4449 1594 4525 μωρίαν,
1681 4447 1798 4504 δὲον
1865 4451 2038 4522 ἑαυτῷ

397 4536 726 4615 μέμφεσθαι,
778 4543 1050 4600 ταπεινοῖς
1114 4539 1202 4593 καὶ
1260 4538 1615 4612 ἀνθρωπίνοις
1676 4537 1914 4614 μέτροις,
1979 4540 2038 4594 τὰ

2141 1930 2175 1968 α
2202 1917 2416 1970 nemine
2461 1916 2828 1986 dijudicatur.
2882 1922 3012 1985 Quis
3056 1926 3200 1977 enim
3248 1928 3504 1993 cognovit
3557 1934 3789 1984 mentem

2139 2003 2358 2058 Domini
2415 2005 2513 2074 qui
2553 2006 2871 2062 conciliabit
2923 2026 3044 2064 eum
3091 2010 3118 2065 ?
3165 2013 3269 2067 Nos
3317 2019 3496 2068 autem
3556 2023 3787 2072 mentem

2141 2092 2348 2150 Christi
2378 2101 2635 2151 tenemus.

2212 2191 2542 2250 Animalem
2565 2201 2731 2252 vocat
2753 2197 3055 2254 hominem
3078 2203 3343 2275 eum,qui
3365 2204 3562 2260 omnia
3575 2207 3787 2264 animae

2139 2283 2471 2340 rationibus
2503 2286 2748 2343 tribuit:
2776 2306 2886 2345 nec
2910 2291 3237 2363 quidquam
3270 2295 3384 2350 fide
3407 2298 3791 2370 suscipit,nec

2143 2391 2403 2446 superno
2426 2392 2576 2448 opus
2619 2393 2748 2432 esse
2807 2380 3028 2434 auxilio
3077 2381 3445 2440 arbitratur:
3498 2388 3596 2459 qui
3651 2405 3785 2444 cum

2143 2464 2443 2520 doctrinas
2475 2467 2728 2538 Spiritus
2759 2485 2877 2524 non
2912 2473 3100 2542 possit
3147 2482 3345 2531 mente
3394 2479 3786 2549 comprehen-

2141 2556 2302 2626 dere,
2336 2573 2445 2611 nec
2477 2557 2616 2614 velit
2641 2558 2864 2630 absque
2895 2562 3226 2620 rationibus
3266 2566 3528 2628 credere.
3590 2571 3792 2626 omnia

2141 2646 2464 2702 arbitratur
2494 2665 2622 2704 esse
2651 2651 2832 2706 stulta
2863 2669 2994 2723 qua).
3023 2654 3235 2710 divina)
3291 2663 3431 2712 sunt
3477 2659 3786 2730 dispensa-

2140 2735 2341 2790 tionis.
2365 2768 2432 2777 —
2465 2738 2589 2792 Alio
2610 2740 3086 2797 mod0.Animalis
3115 2746 3328 2815 est.qui
3353 2746 3524 2816 juxta
3545 2765 3785 2803 carnem

2140 2825 2278 2879 vivit
2309 2831 2367 2880 et
2396 2827 2660 2882 nondum
2695 2845 2800 2900 per
2831 2831 3104 2900 spiritum
3164 2841 3361 2889 mente
3414 2836 3786 2893 illuminatus

2144 2918 2252 2977 est,
2286 2914 2389 2969 sed
2421 2916 2687 2970 innatam
2718 2923 2943 2972 tantum
2979 2926 3036 2974 et
3067 2921 3389 2977 humanam
3416 2925 3593 2979 habet
3623 2927 3791 2981 intel-

2141 3002 2470 3074 ligentiam,
2526 3021 2704 3075 quam
2765 3013 3114 3064 cunctorum
3175 3011 3490 3069 animabus
3547 3015 3790 3072 Creator

2141 3092 2428 3147 immittit.
2474 3123 2538 3134 —
2570 3094 2690 3148 Alio
2720 3096 2894 3150 modo.
2932 3097 3050 3153 Hoc
3081 3105 3170 3154 est
3205 3117 3217 3154 :
3275 3101 3517 3166 Quando
3560 3104 3786 3176 aliquid

2144 3180 2451 3252 spirituale
2485 3187 2544 3237 et
2575 3182 2874 3255 ineffabile
2903 3186 3100 3252 fuerit,
3134 3205 3167 3243 a
3202 3191 3610 3261 spiritualibus
3635 3197 3791 3250 testi-

2141 3271 2344 3326 monia
2375 3271 2648 3328 ducimus
2704 3275 2912 3346 Utpote
2935 3276 3006 3332 ad
3038 3277 3094 3333 id
3128 3280 3284 3351 quod
3317 3284 3572 3338 surrexit
3619 3285 3789 3341 Chri-

2143 3367 2289 3426 stus,
2322 3363 2483 3418 Jonaa
2515 3363 2922 3422 testimonium
2955 3368 3182 3424 adduco
3216 3387 3228 3424 :
3263 3373 3420 3443 quod
3451 3389 3522 3428 ex
3562 3375 3786 3447 virgine

2141 3456 2316 3506 natus
2348 3457 2456 3517 est,
2490 3453 2718 3509 adduco
2752 3456 3046 3512 sterilium
3078 3466 3311 3530 partum
3345 3478 3412 3516 ac
3456 3466 3784 3536 generatio-

2140 3557 2301 3597 nem.
2333 3543 2624 3598 Animalis
2667 3561 2799 3599 vero
2833 3553 2940 3603 est.
2969 3548 3069 3618 qui
3102 3566 3226 3604 rem
3283 3569 3522 3608 omnem
3573 3556 3789 3611 animm

2141 3629 2718 3688 considerationibus
2740 3635 3031 3704 attribuit,
3058 3655 3167 3694 nec
3191 3639 3514 3696 arbitratur
3531 3660 3788 3714 superno

2141 3722 2342 3795 aliquo
2374 3741 2523 3795 opus
2553 3741 2683 3782 esse
2715 3728 2960 3783 auxilio.
2995 3761 3062 3769 —
3103 3731 3222 3787 Atio
3271 3733 3444 3787 modo.
3498 3736 3789 3790 Animalis

2141 3829 2288 3883 opus
2345 3813 2524 3872 habet
2581 3816 3007 3887 dijudicatione
3060 3824 3118 3873 et
3173 3823 3664 3891 perscrutatione,
3723 3841 3790 3880 ac

2140 3902 2457 3975 disciplina
2489 3906 2804 3976 spirituali,
2841 3914 2905 3962 ut
2935 3909 3220 3978 suscipiat
3244 3926 3332 3972 ea,
3359 3927 3489 3982 quae
3513 3919 3653 3969 sunt
3679 3913 3793 3985 spi~

2139 3992 2309 4054 ritus,
2346 3995 2497 4048 430
2531 3994 2635 4048 sed
2668 4011 2799 4051 cum
2833 3997 3209 4066 arrogantior
3263 4000 3339 4055 sit
3383 4017 3557 4070 quam
3603 4009 3671 4059 ut
3713 4005 3785 4059 ad

2142 4081 2295 4137 hanc
2328 4099 2457 4136 sese
2486 4083 2780 4150 demittat,
2813 4090 2869 4138 et
2901 4084 3175 4140 sufficere
3215 4088 3449 4159 judicet
3496 4091 3787 4149 humanas

2140 4173 2670 4239 considerationes,
2703 4191 2820 4228 non
2854 4174 3029 4229 modo
3052 4177 3202 4231 nihil
3230 4181 3796 4252 comprehenditeO'

2140 4279 2272 4318 rum
2298 4279 2428 4334 qua:
2450 4263 2813 4334 ignorat,sed
2839 4281 2868 4318 e
2895 4264 3125 4320 diverso
3151 4285 3386 4340 quoque
3412 4271 3471 4326 in
3495 4273 3786 4341 majorem

2143 4352 2450 4407 demersus
2482 4343 2896 4418 igndrantiam,
2933 4355 3146 4411 animae
3180 4359 3454 4414 affectum
3480 4363 3789 4433 etmgritu-

2143 4441 2340 4497 dinem
2375 4441 2602 4514 legibus
2633 4443 2872 4513 spiritus
2896 4444 3158 4518 adoptat,
3183 4453 3240 4503 et
3261 4449 3642 4506 existimatea
3664 4469 3792 4509 esse

2143 4531 2477 4598 stultitiam,
2529 4547 2660 4588 cum
2723 4533 2987 4606 seipsum
3047 4553 3323 4592 accusare
3383 4539 3646 4608 deberet,
3693 4544 3792 4614 qui

397 4595 409 4612 .
471 4595 535 4615 .,
715 4595 725 4605 .
1037 4595 1047 4600 -
1359 4595 1367 4612 .
1601 4595 1612 4600 -
1676 4595 1686 4611 .
1779 4595 1788 4614 .
1880 4595 1914 4607 ..

395 4629 673 4702 ὑπερφυνῆ
704 4627 792 4681 καὶ
823 4628 1102 4702 κρείττονα
1135 4630 1419 4703 λογισμῶν
1475 4635 1686 4703 μετρεῖν
1743 4629 1829 4684 καὶ
1881 4651 2038 4686 κατα-

2151 4622 2478 4679 humilibus
2509 4639 2577 4678 ac
2604 4623 2882 4682 humanis
2906 4629 3206 4683 mensuris
3237 4631 3712 4702 supernaturalia
3740 4639 3798 4688 et

391 4713 696 4792 λαμϐάνειν
726 4719 1135 4796 ἐγχειρήσαντα
1168 4721 1230 4778 Ὀ
1289 4717 1346 4778 δὲ
1401 4721 1766 4794 πνευματικὸς
1819 4722 1879 4777 οὐ
1929 4719 2034 4777 δεῖ·

386 4829 476 4863 ται
508 4807 870 4878 ἆαακρίσιως.
925 4805 1055 4866 ἀλλ’
1110 4808 1272 4873 αὐτὸς
1330 4816 1712 4884 πνευματικῶς
1768 4811 1858 4866 καὶ
1917 4823 2039 4877 θεο-

387 4897 571 4978 σόφως
604 4899 812 4954 ἅπαντα
851 4895 1164 4972 δοκιμάζων
1213 4901 1303 4954 καὶ
1359 4900 1554 4976 κρίνων
1613 4899 1918 4957 τελειοῦται
1969 4905 2038 4976 τῇ

382 4987 581 5062 γνώσει
627 4992 729 5044 τοῦ
786 4988 1110 5063 πνεύματος.
1173 4990 1266 5045 Διὸ
1328 4989 1418 5045 ὑπ’
1474 4988 1696 5054 οὐδενὸς
1764 4992 2043 5054 ἀνακρίνε-

381 5096 492 5136 ται.
526 5078 655 5133 Ὑπὸ
688 5077 781 5151 μὶν
812 5083 922 5132 τῶν
953 5083 1184 5147 πιστῶν,
1217 5079 1303 5135 ὅτι
1361 5081 1428 5135 οὗ
1485 5077 1746 5162 διαφωνεῖ
1784 5080 1818 5152 ἧ
1855 5078 2039 5136 διστα-

379 5169 558 5235 σιαζει
589 5169 724 5240 πρὸς
755 5166 975 5230 αὐτούς·
1011 5169 1116 5224 ὑπὸ
1147 5166 1206 5224 δὶ
1245 5173 1352 5224 τῶν
1406 5169 1669 5243 ἀπίστων,
1711 5171 1794 5228 ὅτι
1839 5169 2040 5243 πολλῷ

379 5255 644 5330 κρείττων
679 5257 792 5314 ἐστὶ
849 5264 951 5328 τῆς
1006 5255 1222 5314 ἐκείνων
1279 5258 1632 5335 ἀνακρίσεως,
1685 5259 1777 5316 καί
1835 5259 1917 5318 ὅτι
1978 5261 2040 5318 οὔ

381 5347 552 5419 μόνον
578 5345 642 5403 οὗ
675 5344 852 5404 δεῖται
883 5345 1108 5418 ταύτης,
1141 5345 1290 5404 ἀλλὰ
1346 5350 1438 5404 καὶ
1497 5346 1738 5405 σύνοιδεν
1800 5346 2040 5427 ἀκριϐῶς

377 5435 710 5512 ἀκακρίνων,
742 5435 827 5492 ὅτι
857 5443 976 5500 τοῖς
1020 5437 1190 5512 ταύτῃ
1253 5438 1566 5512 χρωμένοις
1631 5440 1885 5514 μέγιστον
1941 5440 2038 5514 ἐμ-

374 5523 570 5580 πόδιον
601 5527 738 5596 αῦτη
802 5525 1153 5595 καθέστηκεν,
1213 5525 1290 5588 εἷς
1343 5527 1406 5581 τὸ
1459 5533 1840 5600 πνευματικῶς
1907 5531 2037 5585 ἀνα-

375 5613 651 5691 κρίνεσθαι
706 5616 796 5671 καὶ
839 5611 1083 5686 δέξασθαι
1129 5615 1194 5669 τὰ
1244 5619 1340 5670 τοῦ
1401 5618 1736 5693 Πνεῦματος.
1796 5620 1890 5674 Διό
1948 5622 2037 5675 καὶ

378 5705 712 5782 χηρεύουσιν
746 5704 898 5762 οῦτοι
930 5709 1028 5762 τοῦ
1059 5707 1336 5782 Κυριακοῦ
1369 5710 1484 5779 νοῦ,
1545 5709 1673 5782 ἢτοι
1725 5711 1832 5766 τῶν
1886 5707 2036 5766 ἐντος

2147 4713 2634 4771 ratiocinationes
2663 4715 3007 4772 excedentia
3053 4734 3400 4775 mensurare
3459 4725 3792 4779 tentaverit-

2151 4806 2482 4876 Spiritualis
2514 4823 2647 4862 vero
2679 4823 2797 4861 non
2831 4825 2978 4878 opus
3011 4809 3189 4863 habet
3209 4809 3656 4880 dijudicatione.
3690 4815 3794 4870 sed

2152 4911 2281 4950 cum
2316 4895 2518 4950 omnia
2549 4895 2940 4966 spiritualiter
2970 4904 3027 4951 et
3055 4897 3252 4954 divina
3271 4901 3563 4972 sapientia
3586 4905 3798 4975 probet

2150 4999 2216 5040 ac
2253 4983 2490 5053 iudicet,
2525 4985 2768 5056 spiritus
2825 4986 3159 5057 cognitione
3216 4991 3539 5060 perficitur.
3598 4993 3733 5050 ldeo
3763 5011 3797 5050 a

2150 5079 2316 5134 nullo
2348 5078 2747 5148 dijudicatur:
2783 5080 3114 5136 afidelihus
3158 5084 3421 5153 quidem,
3482 5087 3621 5158 quia
3675 5105 3793 5144 non

2151 5168 2418 5224 dissonat
2442 5185 2549 5224 nec
2567 5167 2811 5223 dissenti
2846 5169 2918 5224 ab
2951 5171 3133 5242 ipsis;
3166 5173 3238 5228 ab
3283 5175 3606 5232 incredulis
3636 5195 3794 5246 vero,

2153 5258 2292 5329 quia
2324 5257 2494 5330 longe
2526 5259 2798 5330 superior
2826 5267 2914 5315 est
2945 5261 3184 5318 illorum
3245 5265 3690 5336 dijudicatione,
3739 5275 3796 5325 et

2153 5348 2292 5419 quia
2313 5363 2434 5402 non
2466 5348 2657 5403 solum
2687 5349 2795 5404 hac
2827 5366 2946 5404 non
2979 5358 3126 5424 eget.
3161 5354 3264 5409 sed
3296 5363 3354 5410 et
3383 5357 3542 5411 novit
3593 5364 3796 5413 exacte

2151 5437 2486 5508 dijudicans
2509 5438 2665 5508 quod
2690 5439 2798 5495 hac
2833 5441 3134 5497 utentibus
3165 5445 3487 5500 maximum
3535 5447 3616 5502 ita
3647 5464 3792 5518 prae-

2151 5527 2362 5582 stiterit
2398 5527 2889 5598 impedimentum
2923 5530 2994 5584 ad
3029 5532 3420 5602 spiritualiter
3459 5533 3792 5605 dijudican-

2150 5617 2312 5685 dum,
2347 5622 2402 5672 et
2431 5619 2840 5690 recipiendum
2865 5636 2934 5676 ea
2955 5638 3086 5692 quae
3113 5628 3251 5678 sunt
3273 5624 3544 5695 Spiritus.
3568 5624 3789 5679 Idcirco

2149 5724 2385 5781 quoque
2420 5708 2480 5767 hi
2511 5710 2818 5769 Dominico
2874 5727 3049 5770 sensu
3109 5720 3334 5784 carent,
3384 5713 3501 5769 sive
3565 5727 3790 5784 praece-
