4188 6196
365 306 487 369 669

1292 308 1710 375 COMMENT.
1756 310 1836 371 IN
1881 307 2132 372 EPIST.
2177 311 2202 370 Ι
2247 308 2354 369 AD
2397 308 2779 372 COBINTH.

3664 315 3784 377 670

362 440 471 501 Καὶ
501 443 671 500 ταῦτα
701 438 885 515 ἰσμεν,
936 442 1072 518 δίπερ
1121 442 1286 509 αὐτὸς
1347 442 1605 520 βούλεται
1664 443 1755 500 καὶ
1811 443 2011 501 ἀπεκά-

2131 445 2483 502 habemus.»
2521 447 2640 502 Hoc
2670 450 2779 513 est,
2813 463 2943 518 quae
2975 446 3036 504 in
3066 453 3328 506 mentem
3361 448 3578 506 Christi
3603 455 3785 507 sunt:

365 530 558 606 λυψεν.
590 563 654 575 -
692 533 930 606 [ΙΩΑΝ.,
971 536 1280 608 ΘΕΟΔΩΡ.]
1314 532 1506 596 Καλῶς
1535 531 1592 590 δὲ
1622 534 1727 590 ἀπὸ
1769 540 1870 604 τῆς
1919 537 2014 589 τοῦ

370 627 504 678 Θεοῦ
536 621 872 693 ἀξιοπιστίας
906 621 1248 679 ἐπιστώσατο
1279 625 1368 679 τὸν
1405 624 1705 703 μετέχοντα
1735 622 2017 704 χαρίσμα-

367 733 460 775 τος
483 717 876 787 πνευματικοῦ.
907 715 1048 784 μήτε
1078 711 1283 778 δεῖσθαι
1305 721 1404 784 τῆς
1427 713 1610 790 ἑτερου
1637 710 2012 784 διδασκαλίας,

364 803 454 859 καί
477 803 660 859 ἰκανὸν
684 802 820 858 εἶναι
852 800 1120 860 διδάσκειν
1155 803 1390 880 ἑτέρουςο
1415 803 1486 860 Οὐ
1519 805 1623 882 γάρ
1657 803 1790 873 ἐστι,
1824 826 1894 879 φη
1908 804 2011 873 σῖν,

364 896 393 951 6
427 916 662 950 συνιεναι
694 893 991 971 δυνάμενος
1020 897 1086 952 τὰ
1117 897 1467 973 βουλεύματα
1517 901 1618 952 τοῦ
1669 900 1823 963 Θεοῦ,
1874 894 2014 952 ὥστε

361 986 482 1044 τινὰ
510 987 660 1060 αὐτῷ
689 988 777 1042 καί
829 993 1204 1064 προσενεγκεῖν
1265 985 1575 1065 διόρθωσιν.
1635 988 1826 1062 Ἡμεῖς
1885 986 2012 1060 μὲν-

361 1097 447 1132 τοι
481 1077 626 1152 παρὰ
655 1081 752 1133 τοῦ
783 1078 1019 1149 Χριστοῦ
1051 1076 1141 1134 διὰ
1168 1085 1267 1148 τῆς
1298 1077 1378 1135 ἐπ’
1411 1076 1570 1133 αότὸν
1627 1075 1860 1140 πίστεως
1912 1078 2010 1147 τήν

363 1164 573 1221 σύνεσιν
616 1163 920 1241 δεξάμενοι,
978 1165 1068 1222 καὶ
1126 1164 1396 1223 διδάσκειν
1456 1164 1669 1242 ἑτέρους
1712 1164 2012 1241 ὑπισχνοῦ-

364 1277 427 1331 με
436 1258 522 1313 θα.

429 1347 533 1405 Καὶ
641 1346 771 1425 ἐγὼ,
874 1344 1129 1428 ἀδελφοὶ,
1208 1347 1310 1402 οὐκ
1383 1344 1666 1418 ἠδυνήθην
1766 1342 2007 1415 λαλῆσαι

360 1437 489 1511 ὑμῖν
556 1438 631 1500 ὡς
706 1443 1124 1512 πνευματικοῖς,
1199 1436 1328 1494 ἀλλ’
1404 1438 1479 1498 ὡς
1556 1441 1857 1511 σαρκικοῖς,
1933 1436 2009 1498 ὡς

354 1527 580 1598 νηπίοις
628 1525 682 1582 ἐν
751 1529 991 1602 Χριστῷ.
1055 1524 1204 1582 Γάλα
1286 1527 1426 1600 ὑμᾶς
1517 1526 1739 1582 ἐπότισα
1793 1525 1884 1581 καί
1943 1525 2008 1581 οὐ

362 1619 583 1693 βρῶμα.
653 1615 808 1673 Οὕτω
858 1617 960 1693 γὰρ
1020 1613 1300 1694 ἐδόναῑοθε.
1369 1614 1525 1674 Ἀλλ’
1583 1613 1707 1670 οὔτε
1775 1610 1852 1670 ἔτι
1913 1620 2006 1669 νῦν

361 1706 608 1772 δύνασθε.
670 1709 790 1766 Ἔτι
850 1709 954 1784 γὰρ
1012 1707 1260 1785 σαρκικοί
1345 1707 1480 1766 ἔστε.
1561 1709 1737 1766 Ὅπου
1795 1707 1899 1785 γὰρ
1957 1704 2008 1761 ἐν

360 1799 490 1872 ὑμῖν
597 1797 788 1868 ζῆλος,
864 1799 951 1854 καὶ
1027 1795 1165 1874 ἔρις,
1239 1797 1328 1854 καὶ

357 1887 606 1966 σαρκικοί
673 1888 812 1960 ἐστε,
885 1890 976 1944 καὶ
1036 1889 1172 1944 κατᾶ
1226 1886 1504 1964 ἄνθρωπον
1597 1892 1998 1964 περιπατεῖτεζ

430 2003 459 2032 ‹‹
493 1979 608 2038 Οὐκ
637 1977 916 2053 ἠδυνήθην
944 1978 1185 2050 λαλῆσαι
1221 1983 1346 2056 ὑμῖν
1397 1982 1472 2047 ὠς
1525 1989 1935 2058 πνευματικοῖς,
1973 2006 1994 2036 ι

357 2063 902 2126 Καταϐαλὼναῦτῶν
932 2069 1022 2126 τὸν
1077 2067 1164 2126 ἐπὶ
1214 2077 1282 2140 τῆ
1343 2070 1652 2147 ἀνθρωπίνῃ
1707 2072 1866 2154 σοφίᾳ
1906 2076 2003 2128 τῦ-

356 2181 480 2240 φον,
513 2162 604 2213 νῦν
637 2156 782 2215 θέλει
812 2153 1140 2215 καταϐαλεῖν
1169 2160 1258 2215 καί
1289 2161 1379 2216 τὸν
1437 2161 1489 2216 ἐν
1544 2168 1661 2227 τοῖς
1718 2153 2006 2237 πνευματι-

352 2253 495 2313 κοῖς,
554 2247 764 2311 δεικνῦς
825 2247 906 2304 ὅτι
967 2249 1094 2306 οὕτε
1176 2249 1402 2306 ἀκοῦσαί
1453 2272 1505 2306 τι
1561 2253 1772 2308 τέλειον
1835 2253 2002 2312 ἴσασι.

355 2337 549 2400 Καλῶς
579 2335 636 2393 δὲ
665 2339 749 2406 τὸ,
785 2362 812 2390 ‹‹
846 2338 964 2396 Οὐκ
986 2335 1284 2410 ἠδυνήθην,
1321 2367 1344 2391 υ
1383 2339 1500 2396 ἀντί
1531 2347 1629 2397 τοῦ
1679 2342 1781 2398 οὐκ
1827 2337 2005 2414 ἠϐου-

357 2428 565 2499 λήθην,
599 2424 692 2482 ’ίνα
725 2431 802 2503 μὴ
833 2425 962 2503 δόξῃ
999 2425 1088 2483 διὰ
1113 2428 1310 2504 φθόνον
1343 2429 1637 2506 εἰρηκέναι.
1670 2455 1699 2483 ‹‹
1741 2430 1903 2489 Ἀλλ’
1933 2433 2008 2496 ὡς

362 2521 714 2595 σαρκικοῖς..
753 2518 850 2572 Καὶ
881 2522 999 2580 πῶς
1052 2518 1186 2588 ἦσαν
1244 2520 1492 2593 σαρκικοί
1548 2521 1600 2575 οἰ
1657 2522 1748 2577 καὶ
1807 2527 2008 2595 σημεῖα

359 2613 644 2671 ποιοῦντες
671 2627 686 2680 ;
717 2607 819 2666 Καί
852 2629 1046 2685 φαμεν,
1081 2608 1163 2664 ’ὁτι
1193 2609 1328 2678 ¹ἦσαν
1360 2611 1448 2666 καὶ
1477 2615 1742 2684 τοιοῦτοι,
1794 2613 1885 2668 καὶ
1944 2614 2005 2670 οὐ

357 2707 622 2760 τοιοῦτοι.
682 2704 837 2759 Ἐστι
896 2704 1000 2780 γὰρ
1058 2703 1148 2758 καί
1203 2709 1407 2777 σημεῖα
1461 2711 1667 2777 ποιεῖν,
1725 2707 1816 2763 καὶ
1873 2707 2009 2763 εἶναι

355 2793 636 2869 σαρκικὸν,
669 2793 743 2856 ὠς
773 2794 826 2849 οἰ
874 2790 1152 2871 λέγοντες,
1199 2816 1230 2847 ‹‹
1283 2795 1468 2870 Κύριε,
1507 2794 1571 2852 οὐ
1620 2800 1700 2870 τῷ
1757 2801 1836 2870 σῷ
1893 2796 2010 2853 ὀνό-

358 2909 490 2962 ματι
518 2887 584 2942 τὸ
623 2887 714 2942 καὶ
771 2886 834 2942 τὸ
890 2889 1293 2962 πεποιήκαμεν,
1351 2889 1441 2945 καὶ
1501 2889 1838 2956 ἀκούσαντες.
1896 2891 2012 2950 Οὐκ

359 2976 482 3034 οἶδα
516 2978 680 3051 ὑμᾶς,
715 3001 744 3030 ››
777 3009 841 3021 -
873 3001 901 3030 ι(
934 2978 1025 3042 Ὠς
1055 2980 1274 3050 νηπίοις
1305 2979 1356 3034 ἐν
1415 2981 1656 3054 Χριστῷο
1691 3007 1718 3034 ››
1770 2982 2008 3053 Νηπίοις

358 3069 483 3125 ὃσον
542 3068 670 3137 ἧκεν
734 3068 810 3131 εἰς
865 3068 991 3133 τοῦς
1047 3069 1252 3144 νόμους
1317 3069 1412 3126 τοῦ
1470 3072 1724 3144 Χριστοῦο
1779 3094 1807 3124 ιι
1863 3071 2011 3126 Γάλα

358 3157 498 3229 ὑμᾶς
522 3155 763 3214 ἐπότισα.
797 3181 818 3206 ι
872 3155 1044 3226 Γάλα,
1102 3159 1260 3237 φησί,
1317 3159 1419 3228 τὴν
1481 3155 1566 3214 ἔτι
1622 3157 1789 3229 ἀτελῆ
1849 3156 2010 3214 διδα-

356 3245 607 3316 σκαλίαν,
645 3247 843 3322 βρῶμα
874 3243 930 3302 δὲ
957 3248 1056 3316 τήν
1096 3243 1332 3304 τελείαν.
1369 3271 1396 3299 »ι
1456 3244 1624 3306 Οὔπω
1671 3250 1772 3324 γὰρ
1824 3246 2010 3304 ἐδύνα-

359 3336 466 3390 σθε.
529 3360 551 3389 ι
614 3332 861 3404 Ἐπειδὴ,
925 3333 1082 3408 φησὶ,
1137 3338 1214 3409 μῆ
1273 3329 1586 3401 ἐϐούλεσθε.
1675 3338 1852 3393 Τοῦτο
1908 3337 2014 3413 γὰρ

363 3425 571 3500 προϊὼν
636 3421 925 3494 δείκνυσιν,
985 3425 1070 3480 ’ὁτι
1128 3425 1276 3500 παρὰ
1320 3427 1420 3496 τήν
1479 3427 1664 3483 αὐτῶν
1728 3426 1898 3482 αἰτίαν
1953 3427 2016 3482 τὸ

365 3516 441 3590 μή
476 3512 753 3581 δύνασθαι,
799 3513 930 3589 ὅπερ
994 3514 1084 3569 καὶ
1152 3517 1484 3591 συγγνώμης
1543 3515 1792 3591 χηρεύει,
1847 3517 2018 3594 ἣγουν

362 3606 670 3681 ἀποστερεῖ.
709 3628 738 3657 ι(
768 3606 948 3660 ’Όπου
999 3605 1104 3682 γὰρ
1151 3602 1204 3659 ἐν
1267 3605 1394 3679 ὑμῖν
1449 3603 1620 3676 ζῆλος
1673 3608 1763 3662 καί
1822 3604 1954 3683 ἔρις.
1993 3632 2020 3666 ο

359 3697 524 3771 ,Ορᾷς
557 3697 654 3764 τὴν
684 3695 864 3750 αὐτῶν
917 3695 1054 3750 εἶναι
1107 3695 1458 3770 Faxo-api”;
1511 3698 1610 3752 Καὶ
1661 3699 1778 3761 πῶς
1836 3698 2015 3772 ἐσμεν,

363 3785 519 3867 φησί,
572 3783 867 3860 σαρκικοί;
926 3782 1071 3861 λέγει
1129 3787 1230 3857 τήν
1287 3789 1448 3840 τοῦτο
1501 3787 1764 3843 ποιοῦσαν
1822 3787 2016 3860 αἰτίαν,

360 3875 451 3930 καί
503 3872 798 3948 δυνάμενος
854 3871 1140 3951 ἐγκαλέσαι
1195 3874 1286 3930 καί
1346 3873 1513 3949 ἄλλα,
1573 3877 1710 3952 πρὸς
1767 3878 1830 3934 τὸ
1885 3899 2018 3934 κατ-

364 3970 579 4042 επεῖγον
634 3963 843 4020 ἵσταται
905 3965 1030 4040 περὶ
1081 3966 1190 4020 τῶν
1274 3963 1667 4046 διχοστασιῶν,
1747 3972 1836 4024 καὶ
1922 3975 2019 4028 τοῦ

365 4049 508 4120 ἔνθεν
546 4053 743 4126 ζήλου,
775 4055 994 4124 καὶτῆς
1027 4051 1228 4131 ἔριδος.
1289 4079 1319 4108 ‹‹
1380 4057 1477 4114 Καὶ
1536 4057 1673 4114 κατὰ
1731 4057 2016 4136 ἄνθρωπον

365 4150 733 4221 περιπατεῖτε.
774 4167 794 4196 ι
860 4144 935 4203 Οὔ
1001 4145 1138 4201 κατᾶ
1204 4145 1332 4201 Θεὸν
1398 4153 1548 4218 ζῆτε,
1617 4147 1804 4226 φησὶν,
1871 4149 2017 4207 ἀλλὰ

359 4237 500 4292 κατὰ
529 4235 818 4312 ἄνθρωπον
850 4232 1223 4305 πολιτεύεσθε,
1257 4236 1427 4310 ⁴ἧγουν
1459 4243 1754 4313 σαρκικῶς.

2136 541 2193 591 et
2223 536 2303 591 ita
2334 537 2744 610 cognoscimus
2777 555 2908 608 quae
2941 539 3065 610 ipse
3092 540 3216 594 vult
3273 547 3330 595 et
3382 541 3682 596 revelaiit.
3716 572 3786 583 ~—

2133 625 2385 683 Pulchre
2419 635 2615 682 autem
2645 644 2677 682 a
2710 627 2809 682 Dei
2833 631 3183 685 auctoritate
3217 630 3623 686 corroboravit
3647 648 3784 686 eum

2131 717 2231 790 qui
2263 719 2560 789 particeps
2591 726 2749 773 esset
2780 719 3107 790 spiritualis
3158 721 3297 775 doni
3333 738 3346 775 :
3405 726 3470 775 ut
3524 721 3610 774 illi
3661 738 3783 778 non

2129 814 2286 862 esset
2307 825 2455 879 opus
2478 809 2722 863 alterius
2745 809 3144 872 doctrina,sed
3167 817 3336 882 aptus
3366 827 3603 882 quoque
3629 816 3783 866 esset

2129 903 2186 952 et
2207 897 2356 952 alios
2374 899 2824 955 instruere..\’on
2849 900 3003 954 enim
3028 900 3574 972 potest,inquit,Dei
3592 901 3784 956 consi-

2129 985 2212 1042 lia
2233 987 2587 1061 intelligere,
2611 996 2676 1042 ut
2701 988 2943 1060 aliquod
2964 990 3076 1060 ipsi
3108 991 3312 1044 afferat
3337 990 3644 1046 auxilium.
3666 993 3781 1046 Nos

2131 1093 2276 1133 sane
2307 1081 2408 1150 qui
2440 1078 2900 1150 intelligentiam
2933 1095 2967 1134 a
2996 1079 3248 1138 Christo.
3282 1097 3388 1152 per
3418 1079 3597 1135 fidem
3649 1097 3781 1152 quae

2126 1168 2187 1224 in
2246 1169 2443 1240 ipsum
2505 1175 2595 1224 est
2650 1169 3010 1242 accepimus,
3073 1169 3222 1225 alios
3277 1185 3512 1241 quoque
3572 1169 3782 1226 docere

2125 1260 2505 1334 pollicemur.

2196 1349 2349 1404 438
2382 1348 2476 1404 ΙΙΙ.
2507 1349 2628 1403 1-3.
2663 1350 2731 1404 Et
2763 1365 2880 1418 ego.
2914 1352 3139 1418 fratres,
3165 1366 3275 1404 non
3304 1349 3468 1421 potui
3494 1349 3645 1420 loqui
3684 1367 3778 1407 vo-

2126 1441 2204 1495 bis
2234 1446 2295 1494 ut
2321 1438 2726 1510 spiritualibus.
2760 1441 2853 1493 sed
2892 1441 3222 1510 loquendum
3273 1443 3383 1508 fuit
3431 1445 3490 1494 ut
3521 1439 3774 1495 carnali-

2126 1531 2241 1595 bus,
2273 1537 2335 1584 ut
2366 1530 2674 1599 infantibus
2701 1531 2759 1583 in
2783 1528 3017 1586 Christo.
3052 1532 3234 1585 Laetis
3248 1536 3385 1601 potu
3408 1546 3497 1584 vos
3523 1529 3640 1584 alui
3660 1545 3771 1583 non

2125 1621 2283 1676 cibo:
2316 1621 2558 1674 nondum
2592 1621 2737 1674 enim
2762 1619 3053 1690 poteratis,
3085 1621 3196 1674 imo
3245 1637 3313 1674 ne
3364 1637 3512 1674 nunc
3553 1620 3772 1689 quidem

2125 1711 2308 1766 adhuc
2324 1711 2715 1780 potestis.l\'am
2734 1711 2915 1765 adhuc
2928 1711 3178 1766 carnales
3195 1709 3629 1782 estis.Siquidem
3647 1727 3772 1764 cum

1432 1796 1797 1874 διχοστασίαι,
1875 1793 2002 1871 οὐγί

2127 1802 2272 1856 inter
2298 1817 2388 1857 vos
2412 1803 2523 1858 sint
2552 1801 2832 1856 aemulatio
2867 1807 2918 1855 et
2948 1804 3227 1857 contentio
3257 1818 3320 1855 ac
3347 1803 3636 1869 factiones,
3664 1816 3777 1855 an-

2107 1909 2220 1948 non
2241 1891 2488 1948 carnales
2526 1893 2673 1953 estis.
2707 1899 2759 1946 et
2787 1893 3083 1946 secundum
3115 1890 3389 1946 hominem
3418 1890 3711 1944 ambulatis
3746 1887 3773 1944 ?

2180 2005 2209 2032 «
2266 1984 2392 2038 Non
2451 1982 2618 2054 potui
2673 1981 2836 2052 loqui
2893 1981 3054 2037 vobis
3115 1986 3182 2036 ut
3237 1979 3668 2053 spiritualibus.
3729 1999 3758 2029 »

2118 2072 2223 2128 Ubi
2284 2073 2554 2144 ipsorum
2608 2071 2827 2126 fastum
2889 2072 2989 2143 qui
3051 2071 3122 2126 de
3189 2072 3452 2126 humana
3511 2074 3638 2126 erat
3690 2086 3780 2124 sa-

2110 2163 2341 2236 pientia
2376 2163 2759 2236 depresisset,
2805 2162 2930 2217 vult
2979 2179 3135 2217 nunc
3185 2179 3320 2218 eum
3381 2178 3616 2233 quoque
3671 2161 3780 2216 de-

2112 2255 2371 2327 primere
2406 2255 2506 2325 qui
2559 2259 2618 2309 et
2660 2254 2723 2308 in
2781 2253 3194 2326 spiritualibus
3245 2259 3391 2320 erat,
3452 2251 3774 2307 ostendens

2113 2345 2272 2417 quod
2299 2360 2493 2415 neque
2526 2344 2734 2398 audire
2765 2349 3009 2414 possent
3053 2342 3358 2414 quidpiam
3417 2342 3772 2414 perfectum.

2114 2439 2270 2493 Bene
2301 2442 2502 2492 autem
2537 2436 2699 2494 dicit.
2736 2457 2765 2487 «
2801 2438 2923 2491 Non
2960 2435 3149 2508 potui.
3184 2456 3211 2483 η
3243 2452 3348 2508 pro
3382 2452 3449 2491 eo
3476 2436 3634 2507 quod
3662 2441 3773 2495 est.

2114 2529 2241 2584 Non
2276 2526 2453 2591 volui,
2488 2543 2562 2581 ne
2596 2526 2707 2581 hoc
2738 2525 2960 2580 invidia
2989 2525 3205 2582 dixisse
3258 2526 3546 2581 videatur.
3605 2553 3630 2578 ι
3661 2526 3775 2582 Sed

2116 2619 2495 2692 loquendum
2523 2619 2632 2674 fuit
2662 2619 2732 2674 de
2766 2619 3124 2674 carnalibus.
3155 2646 3178 2666 υ
3217 2620 3279 2674 Et
3307 2620 3605 2690 quomodo
3643 2637 3774 2676 car-

2123 2710 2292 2766 nales
2324 2714 2494 2765 erant
2526 2709 2625 2780 qui
2658 2709 2836 2764 etiam
2868 2709 3035 2780 signa
3066 2708 3370 2762 edebant?
3402 2711 3469 2762 Et
3517 2709 3772 2764 dicimus

2117 2800 2275 2872 quod
2299 2806 2357 2856 et
2378 2800 2528 2855 tales
2550 2798 2993 2870 quodammodo
3019 2803 3189 2852 erant
3215 2803 3272 2852 et
3291 2814 3410 2851 non
3433 2798 3600 2852 tales.
3617 2798 3770 2853 Con-

2116 2890 2292 2962 tingit
2322 2890 2479 2944 enim
2515 2895 2573 2944 et
2603 2889 2771 2959 signa
2801 2887 3010 2943 cedere
3031 2892 3090 2942 et
3115 2903 3243 2943 esse
3267 2887 3598 2954 carnalem;
3624 2905 3770 2959 qua-

2115 2981 2204 3036 les
2235 2985 2406 3035 erant
2435 2979 2521 3034 illi
2555 2979 2655 3050 qui
2687 2977 3001 3033 dicebant:
3039 2999 3065 3027 ‹‹
3102 2979 3367 3046 Domine,
3414 2996 3613 3034 nonne
3665 2996 3772 3052 per

2117 3085 2338 3125 nomen
2372 3074 2537 3124 tuum
2569 3067 2679 3122 hoc
2711 3073 2770 3123 et
2798 3067 2948 3123 illud
2992 3067 3282 3134 fecimus;
3315 3073 3374 3122 et
3404 3069 3726 3124 audierunt
3755 3083 3767 3122 :

2124 3160 2248 3215 Non
2281 3157 2418 3212 novi
2451 3174 2552 3212 vos
2581 3155 2646 3211 7‘.
2681 3178 2708 3206 »
2745 3186 2812 3196 -
2844 3178 2873 3207 ‹‹
2900 3157 2970 3212 Ut
2999 3155 3323 3212 infantibus
3355 3157 3414 3212 in
3455 3158 3706 3213 Christo.
3746 3181 3765 3207 ι.

2123 3246 2456 3303 Infantibus
2488 3245 2647 3318 quod
2676 3245 2750 3302 ad
2780 3245 2993 3300 Christi
3024 3245 3182 3318 leges
3212 3246 3485 3318 pertinet.
3522 3270 3548 3296 ‹‹
3586 3248 3774 3303 Laetis

2125 3344 2270 3412 potu
2299 3353 2398 3392 vos
2458 3336 2598 3391 alui.
2665 3360 2684 3383 ι
2725 3336 2834 3392 Lac
2892 3336 3054 3401 dicit,
3115 3335 3524 3407 imperfectam
3582 3336 3775 3393 adhuc

2132 3428 2484 3494 doctrinam,
2508 3426 2704 3482 cibum
2735 3441 2870 3481 vero
2893 3426 3234 3497 perfectam.
3265 3450 3290 3473 «ι
3316 3425 3586 3481 Nondum
3614 3427 3774 3482 enim

2129 3519 2434 3593 poteratis.
2473 3541 2499 3568 ››
2530 3519 2820 3585 Quoniam
2875 3519 3089 3590 inquit,
3124 3518 3440 3586 noluistis;
3474 3535 3611 3575 nam
3663 3520 3774 3575 hoc

2129 3611 2192 3666 in
2223 3608 2610 3681 sequentibus
2638 3606 2899 3664 ostendit
2928 3607 3084 3680 quod
3119 3608 3380 3679 ipsorum
3415 3625 3593 3664 causa
3651 3615 3778 3665 erat

2131 3700 2290 3773 quod
2323 3717 2444 3755 non
2475 3704 2738 3772 possent,
2772 3697 2930 3770 quod
2977 3698 3154 3752 etiam
3205 3698 3364 3769 ipsos
3397 3715 3430 3752 a
3462 3698 3635 3752 venia
3683 3713 3777 3751 se-

2129 3796 2302 3863 parat
2331 3791 2451 3846 sive
2484 3806 2554 3845 ea.
2573 3789 2780 3862 privat.
2808 3810 2827 3835 ι
2861 3787 3160 3858 Siquidem
3195 3803 3328 3841 cum
3353 3787 3508 3841 inter
3537 3803 3636 3840 vos
3659 3786 3778 3841 sint.

2131 3881 2430 3938 mmulatio
2473 3886 2532 3936 et
2577 3878 2963 3950 contemptio.
3001 3898 3027 3924 ››
3083 3875 3253 3930 Vides
3303 3876 3460 3947 quod
3507 3876 3775 3947 ipsorum

2129 3973 2384 4046 pravitas
2423 3969 2647 4026 fuerit?
2703 3971 2771 4024 Et
2829 3965 3125 4038 quomodo
3185 3981 3409 4030 sumus,
3470 3966 3774 4037 inquiunt,

2130 4060 2441 4120 carnales?
2471 4075 2710 4116 causam
2742 4057 2886 4111 dicit
2914 4073 3043 4128 qua:
3077 4056 3186 4110 hoc
3225 4056 3461 4113 efﬁciat.
3517 4071 3772 4127 cumque

2129 4153 2307 4209 etiam
2367 4151 2439 4206 de
2491 4148 2626 4205 aliis
2684 4163 2963 4203 accusare
3021 4151 3240 4217 posset,
3331 4147 3513 4201 instat
3583 4145 3655 4200 ad
3709 4145 3770 4200 id

2131 4241 2290 4313 quod
2322 4244 2508 4312 urget,
2544 4252 2759 4308 nempe
2791 4235 2862 4290 de
2891 4235 3248 4290 factionibus
3285 4241 3341 4289 et
3391 4234 3770 4290 aemulatione

366 4343 499 4400 quia
530 4327 669 4383 inde
702 4325 1026 4395 oriebatur,
1057 4325 1353 4398 simulque
1405 4330 1808 4388 contentione.
1872 4333 2001 4386 «Et
2057 4330 2383 4387 secundum
2437 4327 2745 4384 hominem
2807 4324 3144 4380 ambulatis.
3180 4345 3208 4375 ››
3267 4326 3389 4378 Non
3443 4322 3772 4378 secundum

365 4417 551 4474 Deum
582 4417 793 4486 vivitis,
830 4416 933 4473 sed
965 4415 1293 4473 secundum
1328 4418 1633 4474 hominem
1663 4422 2113 4488 conversamini,
2147 4421 2259 4476 hoc
2287 4425 2378 4474 est
2405 4415 2742 4474 carnaliter.

433 4509 602 4567 Ὅταν
671 4524 774 4582 γαρ
840 4503 974 4580 λέγῃ
1035 4503 1140 4567 τίς·
1213 4504 1357 4578 Ἐγὼ
1428 4504 1522 4580 μὲν
1593 4508 1709 4580 εἰμι
1777 4507 2096 4589 ΙΙαόλου,¹)

362 4597 549 4675 ’έτερος
651 4595 754 4668 δὲ,
857 4594 1002 4672 Ἐγὼ
1105 4591 1372 4652 Ἀπολλῶ
1405 4639 1420 4664 ,
1523 4595 1651 4672 οὐχὶ
1769 4600 2015 4672 σαρκικοί

365 4688 533 4759 ἐστες
598 4686 683 4749 τίς
751 4685 840 4740 οὖν
905 4680 1016 4741 ἔστι
1085 4681 1327 4753 Παῦλος,
1422 4683 1503 4750 τίς
1570 4683 1628 4742 δὲ
1689 4686 2009 4760 Ἀπολλὼς9

364 4779 493 4837 ἀλλ’
530 4775 568 4848 ἥ
631 4773 875 4834 διάκονοι
942 4771 1016 4831 δι’
1079 4773 1154 4831 ὧν
1217 4774 1584 4846 ἐπιστεύσατε,
1649 4777 1737 4831 καί
1805 4777 2011 4852 ἑκάστῳ

364 4870 439 4933 ὡς
498 4869 526 4923 ὁ
577 4867 779 4942 Κύριος
848 4860 1086 4934 ἕδωκενς
1155 4864 1298 4942 Ἐγὼ
1363 4863 1644 4943 ἐφύτευσα,
1710 4867 2008 4932 Ἀπολλὼς

361 4957 630 5026 ἐπότισεν,
736 4952 864 5012 ἀλλ’
938 4955 968 5010 6
1041 4953 1172 5017 Θεὸς
1276 4951 1524 5026 ηὔξανεν.
1629 4956 1788 5012 Ὠστε
1885 4955 2009 5013 οὔτε

364 5050 394 5105 6
444 5047 686 5128 φυτεύων
740 5041 856 5101 ἔστι
911 5065 986 5112 τι,
1055 5040 1176 5100 οὕτε
1225 5045 1253 5101 ὁ
1307 5045 1566 5116 ποτίζων,
1625 5044 1754 5101 ἀλλ’
1817 5047 1845 5101 6
1911 5047 2005 5103 αὖ·

361 5138 533 5211 ξάνων
599 5134 750 5199 Θεός.
807 5135 867 5192 Ὀ
923 5132 1169 5214 φυτεύων
1252 5131 1310 5192 δὲ
1390 5134 1482 5192 καὶ
1541 5135 1569 5191 ὀ
1634 5135 1893 5208 ποτίζων,
1947 5135 2002 5194 ἓν

361 5228 523 5287 εἰσιν.
595 5230 862 5288 Ἕκαστος
939 5221 996 5280 δὲ
1068 5224 1163 5280 τὸν
1235 5221 1377 5280 ἳδιον
1476 5226 1665 5300 μισθὸν
1770 5224 2003 5304 λήψεται

356 5318 498 5375 κατὰ
523 5318 614 5372 τὸν
641 5314 786 5372 ’ἰδιον
813 5313 1004 5373 κόπον.

431 5406 604 5464 Πάλιν
632 5405 920 5462 αἰνίττεται
978 5402 1104 5469 τοὺς
1170 5408 1516 5478 προεστῶτας
1569 5405 1744 5463 αὑτῶν
1801 5400 2001 5488 σοφοὺς

351 5500 443 5558 καὶ
477 5495 798 5565 πλουσίους,
836 5494 929 5550 καὶ
988 5489 1247 5568 αἱρέσεως
1301 5490 1456 5557 ὄντας
1514 5495 1795 5573 ἀφορμήν.
1853 5496 2001 5561 «Τίς

429 5672 480 5711 ⁷⁴
508 5671 717 5735 Matth.
745 5685 840 5742 vn,
865 5666 955 5740 22,
984 5669 1075 5726 23.

2200 4511 2296 4576 III,
2327 4509 2439 4564 4-8.
2473 4509 2691 4564 Etenim
2730 4523 2850 4563 cum
2907 4507 3058 4564 dicat
3101 4506 3341 4576 aliquis:
3393 4507 3504 4575 Ego
3553 4507 3772 4577 quidem

2125 4616 2244 4657 sum
2266 4599 2467 4661 Pauli;
2497 4597 2640 4652 alius
2669 4614 2795 4652 vero
2817 4615 2837 4650 :
2861 4598 2972 4664 Ego
3019 4596 3256 4667 Apollo:
3295 4611 3475 4651 nonne
3524 4598 3772 4652 carnales

2121 4692 2292 4747 estis?
2323 4690 2454 4756 Quis
2500 4689 2677 4760 igitur
2733 4693 2810 4741 est
2865 4685 3114 4741 Paulus?
3170 4687 3301 4751 Quis
3350 4701 3477 4740 vero
3530 4685 3767 4756 Apollas,

2118 4779 2229 4835 nisi
2257 4780 2500 4834 ministri
2521 4793 2626 4849 per
2655 4792 2788 4847 quos
2827 4775 3162 4842 credidistis,
3195 4782 3247 4829 et
3278 4777 3474 4846 cuique
3511 4776 3770 4830 Dominus

2118 4871 2316 4928 dedit?
2347 4872 2463 4944 Ego
2486 4871 2763 4939 plantavi,
2798 4866 3012 4936 Apollas
3054 4868 3284 4938 rigarit,
3331 4867 3481 4921 439
3512 4866 3602 4920 sed
3635 4868 3774 4928 Deus

2116 4963 2513 5015 incrementum
2542 4957 2718 5013 dedit.
2763 4959 2953 5027 Itaque
2982 4970 3156 5025 neque
3185 4957 3283 5025 qui
3305 4955 3532 5024 plantat
3563 4962 3638 5010 est
3656 4957 3771 5010 ali-

2117 5049 2275 5120 quid,
2325 5064 2500 5118 neque
2558 5049 2656 5118 qui
2686 5048 2854 5116 rigat,
2896 5045 2989 5100 sed
3045 5046 3142 5116 qui
3199 5047 3590 5100 incrementum
3647 5045 3766 5112 dat,

2116 5156 2308 5211 nempe
2339 5140 2495 5194 Deus.
2531 5137 2797 5192 Caeterum
2831 5137 2930 5206 qui
2948 5135 3174 5206 plantat
3205 5142 3255 5190 et
3285 5137 3383 5205 qui
3419 5137 3567 5206 rigat
3599 5151 3768 5190 unum

2113 5236 2259 5288 sunt.
2299 5230 2674 5298 Unusquisque
2704 5232 2889 5280 tamen
2928 5242 3224 5297 propriam
3272 5227 3569 5281 mercedem
3616 5227 3764 5282 acci~

2112 5322 2226 5390 piet
2248 5319 2423 5389 juxta
2451 5333 2607 5372 suum
2641 5316 2899 5371 laborem.

2183 5412 2438 5466 Rursum
2471 5407 2711 5463 illorum
2747 5411 2906 5462 taxat
2936 5405 3236 5479 sapientes
3286 5421 3352 5460 ac
3403 5403 3612 5460 divites
3663 5404 3764 5476 qui

2113 5500 2198 5556 eis
2228 5504 2523 5574 preeerant
2549 5503 2608 5555 et
2660 5497 2936 5557 factionis
2995 5514 3205 5556 ansam
3265 5495 3504 5552 dabant.
3562 5493 3764 5560 «Quis
