2094 3098
202 176 260 211 θΉ,
761 172 976 206 (ΕΟῙῘΜΕΝΙῙ
997 171 1030 203 Ti

1085 172 1153 203 lG/E
1175 172 1349 205 EPISGOPI
1849 177 1907 209 672

201 239 293 287 igitur
308 251 352 277 est
366 246 500 276 Paulus?
519 258 530 272 ι
549 247 569 272 0
597 244 802 274 admirandam
824 242 1001 280 sapientiam
1018 241 1025 270 l

1085 239 1130 287 οὖν
1149 241 1207 270 ἐστι
1220 242 1332 274 Παῦλος
1348 251 1355 277 ;
1369 252 1381 269 l
1408 239 1493 271 Βαϐαὶ
1520 245 1572 279 τῆς
1601 241 1719 281 σοφίαςί
1749 243 1787 276 εἷς
1817 243 1911 273 ἑαυτὸν

204 296 339 331 Seipsum
356 295 385 320 et
402 292 507 328 Apollo
519 294 660 319 extenuat
675 293 707 318 ut
723 291 777 318 hoc
792 291 902 317 statuat
924 288 952 315 Si
965 295 1030 319 nos,

206 339 314 375 inquit.
330 337 406 365 nihil
422 346 537 369 sumtis.
553 336 624 372 quid
640 336 748 372 poterit
762 334 907 370 quispiam
934 333 1031 360 dicere

205 385 241 412 de
257 383 488 419 praeceptoribus
505 382 554 417 qui
571 381 649 417 apud
665 389 714 407 vos
730 383 798 407 sunt
813 379 826 406 ?
841 391 853 403 (ι
873 378 931 406 Nisi
948 376 1033 404 mini-

208 432 261 456 stri
290 439 303 453 ››
322 429 456 464 Magnum
474 427 594 462 quidem
612 429 656 452 est
671 434 735 452 esse
765 424 853 451 etiam
877 422 1031 450 minislres

205 473 294 506 ﬁdei;
308 482 407 501 verum
419 474 442 500 si
456 473 491 500 ad
505 472 670 508 exemplum
683 471 828 501 conferas,
842 469 1030 503 radicemque

205 520 350 547 bonorum
371 518 530 545 Christum.
549 525 616 553 pars
646 516 780 551 qumdam
807 514 952 542 sermonis
976 515 1029 540 est.

206 567 280 592 Nam
298 564 347 599 qui
365 563 443 590 bona
460 562 571 591 tribuit.
589 562 613 588 is
642 562 761 589 demum
787 560 862 587 bene
885 559 919 586 de
946 558 1030 586 nobis

206 612 348 642 meretur,
366 616 425 635 non
442 607 491 642 qui
509 607 668 634 ministrat.
685 606 924 632 Ministertamen
937 604 1032 638 major

208 658 252 684 est
266 663 299 682 eo
316 654 365 689 qui
383 653 570 689 Evangelium
586 651 736 687 prmdicat,
749 653 895 686 quatenus
906 649 953 676 hic
965 648 1029 684 qui‘

208 701 274 728 dem
292 707 444 727 sermones
459 698 626 730 annuntiat,
658 696 708 723 ille
735 704 801 722 vero
826 696 914 722 etiam
942 702 1031 729 opera

207 746 335 774 exhibet.
353 757 366 769 «
383 746 417 771 Et
432 747 463 770 ut
479 743 585 778 cuique
615 742 757 769 Dominus
785 740 873 767 dedit.
892 751 905 765 »
931 741 1030 775 Neque

205 800 279 819 eam.
290 788 559 825 inquit.ministerii
569 790 681 823 partem
690 786 798 814 anobis
807 786 878 819 ipsis
887 785 1030 813 habemus

204 835 255 864 sed
272 836 327 863 hoc
343 835 441 870 ipsum
458 841 575 869 quoque
592 841 609 860 a
623 832 737 859 Christo
765 830 933 867 accepimus
972 831 1029 857 Hoc

205 881 285 909 enim
299 880 361 907 vult
374 888 439 907 cum
450 878 505 906 ait:
520 888 533 903 ‹‹
546 879 581 905 Et
594 880 625 904 ut
636 877 742 912 cuique
755 876 897 904 Dominus
909 875 998 903 dedit.
1014 886 1028 899 »

1084 286 1129 314 καὶ
1163 287 1296 315 Ἀπολλῶ
1333 288 1462 324 ἐκενώθη.
1502 290 1583 316 τοῦτο
1621 289 1839 324 κατασκευάζων.
1879 290 1908 319 El

1083 332 1175 367 ἡμεῖς,
1191 333 1285 371 qna-"1,
1302 331 1378 360 οὐδὲν
1395 333 1487 370 ἐσμεν,
1503 333 1528 360 τί
1545 332 1576 360 ἄν
1602 344 1644 364 τις
1674 333 1745 361 εἷ’-ποι
1769 335 1832 372 περί
1855 337 1910 363 τῶν

1083 378 1147 413 παρ’
1165 377 1227 414 ὑμῖν
1245 376 1416 405 διδασκάλων
1431 388 1438 412 ;
1455 390 1468 403 ς‹
1494 377 1576 404 Ἀλλ’
1603 379 1615 413 i‘,
1642 377 1774 413 διάκονοι,
1792 391 1807 405 n
1831 381 1910 419 Μέγα

1085 422 1145 458 μὲν,
1175 422 1217 448 καὶ
1248 422 1278 449 τὸ
1307 423 1377 449 εἶναι
1408 421 1550 454 διακόνους
1579 423 1706 459 πίστεως,
1728 424 1795 462 πρὸς
1823 424 1851 452 δὲ
1879 425 1909 453 τὸ

1084 467 1237 503 ἀρχέτυπον
1254 467 1299 494 καὶ
1315 468 1364 501 tiu
1394 467 1469 504 ῥίζαν
1500 470 1553 495 τῶν
1580 468 1685 506 ἀγαθῶν
1713 469 1758 496 τὸν
1783 470 1909 507 Χριστὸν⁷

1086 511 1167 548 μέρος
1182 522 1208 539 τι
1225 511 1321 548 λόγου.
1338 513 1368 541 Ὀ
1398 513 1449 550 γὰρ
1479 512 1607 550 παρέχων
1634 514 1668 540 τὰ
1698 514 1795 552 ἀγαθὰ,
1823 514 1877 551 οὐχ
1896 515 1910 542 ὁ

1084 555 1216 584 διακονῶν
1247 557 1390 596 εὐεργετεῖ.
1418 558 1456 586 Τὸ
1485 559 1535 595 γὰρ
1566 557 1702 595 διάκονος,
1740 562 1833 596 μεῖζον
1859 563 1910 588 τοῦ

1084 601 1339 639 εὐαγγελιζομένου,
1370 603 1432 630 ὃσον
1457 604 1470 630 6
1501 604 1547 640 μὶν
1578 603 1676 641 λόγους
1703 604 1910 642 ἆπαγγὲλλει,ὁ

1085 645 1112 673 δὲ
1128 646 1171 674 καὶ
1187 646 1254 684 ἔργα
1269 650 1351 675 ποιεῖ.
1370 660 1383 672 ι(
1410 648 1460 676 Καὶ
1487 648 1591 685 ἑκάστῳ
1617 649 1654 680 ὡς
1678 650 1692 676 6
1718 649 1815 687 Κύριος
1843 648 1909 676 ἔδω-

1083 703 1138 720 κεν.
1158 705 1170 717 n
1187 691 1258 721 Οὐδὲ
1275 693 1340 720 αὐτὸ
1356 694 1387 720 τὸ
1406 694 1503 730 μικρὸν
1532 694 1563 721 τὸ
1587 695 1635 727 τῆς
1661 693 1808 726 διακονίας,
1831 695 1910 731 φησὶ,

1083 738 1259 773 παρ’ἒαυτῶν
1284 736 1396 774 ἔχομεν,
1429 737 1501 765 ἀλλὰ
1529 738 1573 765 καὶ
1597 741 1678 766 τοῦτο
1708 740 1780 776 παρά
1809 739 1910 777 Κυρίου

1083 782 1245 821 εἰλήφαμεν.
1263 785 1352 811 Τοῦτο
1373 783 1456 821 λέγει,
1478 796 1490 810 α
1508 785 1558 812 Καὶ
1575 785 1680 821 ἑκάστῳ
1707 786 1744 816 ὡς
1769 787 1783 813 6
1810 786 1909 824 Κύριος

1082 830 1191 861 ἔδωκεν.
1230 844 1243 859 ιι
1265 834 1370 871 «Ἐγὼ
1408 833 1547 872 ἐφύτευσα.
1581 846 1594 859 ››
1633 835 1703 872 Ἐγὼ
1743 836 1790 872 μὲν
1826 836 1906 874 φησὶ,

1081 880 1189 915 πρῶτος
1204 877 1234 905 τὸ
1263 878 1395 914 κήρυγμα
1424 877 1628 915 ἐγκατέσπειρα,
1659 879 1672 906 6
1703 878 1731 907 δὲ
1761 879 1906 911 Ἀπολλὼς

206 937 220 951 ‹‹
239 926 295 961 Ego
312 923 450 960 plantavi.
468 934 482 947 »
494 924 551 955 Ego
565 922 685 957 quidem
702 921 815 957 primus
842 920 1025 956 praedicatio-

1085 925 1115 959 τῇ
1131 923 1194 959 παρ’
1224 923 1320 950 ἑαυτοῦ
1350 922 1532 960 παρακλήσει,
1559 924 1610 951 οὐκ
1638 923 1725 951 εῗ⁷ασεν
1755 924 1906 962 ἀποξηραν-

204 978 274 998 nem
288 969 318 996 in
335 968 416 996 vobis
428 967 627 1000 disseminavi,
637 966 757 1002 Apollos
773 974 840 993 vero
852 974 904 992 sua
920 965 1027 992 exhor-

204 1014 316 1042 tatione
326 1021 386 1041 non
393 1012 638 1048 permisitsemen
646 1011 750 1038 ardore
757 1010 956 1038 tentationum
965 1017 1029 1037 exa-

204 1067 331 1088 rescere.
349 1058 516 1085 Perfectum
532 1065 598 1084 vero
614 1065 698 1092 opus,
729 1056 779 1083 Dei
806 1058 851 1083 est
873 1055 923 1091 qui
948 1055 1029 1082 dedit

205 1106 435 1133 incrementum.
452 1114 465 1128 ‹ι
484 1103 584 1138 Neque
600 1102 649 1137 qui
665 1102 780 1137 plantat
804 1104 849 1129 est
872 1100 995 1136 aliquid.
1015 1110 1026 1126 ν

203 1150 277 1178 Vide
291 1148 439 1185 quomodo
450 1147 671 1183 depressionem
684 1147 805 1174 divitum
818 1155 851 1174 ac
862 1146 1028 1181 sapientum

206 1195 255 1231 qui
268 1195 310 1223 eis
321 1195 477 1230 prmerant.
494 1192 602 1220 invidia
617 1200 717 1220 carere
732 1191 812 1225 facit,
834 1190 1027 1227 deprimendo

206 1240 336 1276 seipsum
362 1242 390 1266 et
407 1238 511 1274 Apollo
537 1240 681 1273 quantum
706 1237 743 1264 ad
766 1236 980 1272 apparentiam.
1001 1238 1030 1263 et

206 1284 389 1313 ostendendo
407 1283 484 1319 quod
500 1283 536 1310 ad
553 1283 648 1310 salum
667 1282 756 1309 Deum
773 1280 925 1309 attendere
942 1289 1027 1316 opor»

206 1332 277 1362 teat,
294 1328 366 1356 etin
382 1328 479 1364 ipsum
496 1327 606 1355 referre
622 1327 759 1354 universa
776 1335 840 1362 qua)
852 1325 1029 1360 contingunt

206 1373 302 1401 bona!
319 1383 334 1399 α
351 1373 404 1406 Qui
421 1372 536 1408 plantat
551 1375 577 1398 et
591 1372 641 1407 qui
657 1371 733 1407 rigat
747 1379 839 1398 unum
870 1373 947 1397 sunt.
967 1380 980 1394 υ
999 1372 1029 1395 ln

205 1418 262 1446 hoc
277 1417 356 1454 quod
371 1417 446 1444 nihil
463 1416 591 1452 amplius
614 1416 730 1452 possint
756 1415 866 1451 absque
891 1415 949 1442 Deo
976 1423 1029 1442 au-

205 1465 387 1500 gmentante.
404 1462 519 1489 —Alio
548 1461 637 1489 modo.
665 1460 911 1496 Quandoquidem
938 1459 1031 1487 multa

206 1517 278 1536 sane
293 1507 439 1544 percurrit
454 1507 490 1534 de
507 1505 751 1542 prmceptoribus,
773 1505 875 1533 dicens
894 1514 899 1531 :
930 1516 943 1530 ‹‹
961 1505 1031 1537 Quis

206 1556 251 1582 est
266 1553 386 1586 Paulus,
400 1551 466 1588 quis
482 1559 548 1579 vero
564 1551 685 1587 Apollas
699 1550 705 1578 !
723 1562 736 1576 υ
753 1553 781 1578 et
796 1558 934 1578 rursum:
948 1561 961 1574 ‹‹
976 1549 1030 1577 lta-

205 1605 261 1635 que
278 1605 374 1633 neque
391 1597 439 1632 qui
457 1596 572 1632 plantat
588 1598 631 1623 est
647 1595 770 1631 aliquid,
789 1603 885 1630 neque
909 1594 958 1630 qui
985 1594 1028 1621 ri-

203 1645 259 1679 gat.
275 1653 287 1667 υ
303 1643 362 1669 Hoc
375 1644 472 1669 autem
485 1641 622 1671 faciebat.
640 1649 742 1668 eorum
769 1640 903 1676 mitigare
929 1639 1030 1666 volens

203 1686 352 1716 ardorem.
370 1685 420 1721 qui
451 1685 486 1712 ob
517 1685 682 1713 doctrinam
705 1684 917 1720 superbiebant
942 1686 970 1711 et
994 1683 1031 1711 ad

204 1730 410 1759 contentiones
426 1738 460 1757 ac
489 1729 632 1757 factiones
663 1729 769 1757 Christi
795 1729 938 1765 populum
963 1737 1030 1765 per-

205 1776 374 1804 trahebant.
396 1775 539 1807 Quoniam
556 1775 645 1810 igitur
660 1774 731 1802 satis
748 1774 827 1802 visus
853 1777 896 1801 est
911 1773 1031 1801 illorum

204 1821 314 1849 fastum
329 1827 488 1856 purgasse,
508 1828 541 1847 eo
567 1819 646 1855 quod
676 1819 806 1854 seipsum
832 1826 949 1853 quaque
973 1826 1032 1846 una

205 1874 273 1895 cum
292 1865 396 1901 Apollo
412 1864 602 1900 depresserit,
620 1872 655 1890 ne
672 1863 793 1899 quidam
815 1862 935 1890 dicant:
952 1863 1029 1890 440

205 1913 286 1940 Vane
303 1911 392 1948 igitur
407 1910 561 1947 praedicas,
576 1910 686 1937 frustra
702 1909 853 1938 sustinens
877 1917 929 1945 pro
957 1917 1030 1944 pra:-

206 1958 354 1986 dicatione
370 1957 495 1985 labores.
508 1955 681 1991 Hujusmodi
695 1955 835 1983 refellens
849 1955 1032 1990 obiectiones

207 2003 378 2038 subjungit:
395 2002 603 2036 Unusquisque
619 2009 701 2028 suam
718 1999 884 2027 mercedem
897 2000 1032 2035 accipiet,

204 2048 292 2084 juxta
307 2055 393 2074 suum
410 2046 551 2074 laborem.
567 2057 580 2069 η
597 2046 704 2073 Dicens
720 2044 937 2081 propemodum
953 2053 958 2071 :
976 2052 1032 2071 ne-

207 2099 355 2128 quaquam
363 2091 464 2118 animo
477 2093 602 2127 angatur
613 2090 661 2126 qui
675 2090 749 2117 bene
758 2089 852 2122 docet,
863 2097 1033 2125 quanquam

206 2137 287 2166 enim
302 2136 487 2173 prohibetur,
504 2144 540 2163 ne
552 2135 659 2163 Christi
672 2135 815 2171 populum
830 2134 948 2169 dividat,
962 2134 1032 2162 sibi-

207 2191 264 2218 que
279 2182 418 2215 vindicet,
435 2185 463 2209 et
479 2181 556 2208 inter
571 2189 619 2207 vos
636 2184 778 2216 tanquam
795 2182 958 2216 praeceptor
969 2186 1033 2206 sese

203 2227 317 2264 jactet:
347 2230 479 2254 attamen
505 2225 674 2254 mercedem
715 2225 851 2260 accipiet,
882 2232 978 2260 neque
1004 2224 1034 2252 id

207 2275 330 2303 temere.
347 2271 493 2307 sedjuxta
508 2279 595 2298 suum
611 2270 752 2297 laborem.
771 2269 882 2297 Deinde
899 2278 961 2297 rem
974 2277 1035 2297 am-

1084 970 1163 1002 οῆναι
1180 967 1225 994 τὸν
1242 968 1342 1004 σπόρον
1357 970 1396 1004 τῷ
1411 968 1528 995 καύσωνι
1554 971 1608 995 τῶν
1635 971 1802 1006 πειρασμῶν,
1825 970 1855 997 τὸ
1879 968 1907 998 δὲ

1085 1011 1117 1047 δὴ
1139 1011 1215 1046 ὅλον,
1245 1014 1293 1038 τοῦ
1322 1011 1482 1047 αὐξάνονοος
1512 1015 1587 1041 Θεοῦ.
1606 1025 1620 1038 (ι
1648 1011 1717 1041 Οὔτε
1743 1014 1757 1040 ὁ
1787 1014 1907 1052 φυτεύων

1084 1056 1190 1084 ἔστιτι.
1217 1069 1227 1081 n
1260 1058 1329 1094 ’Ὁρα
1359 1059 1419 1088 πῶς
1448 1058 1587 1095 ἇνεπαχθῆ
1608 1060 1725 1086 ποιεῖται
1754 1060 1803 1094 τήν
1836 1058 1910 1094 ἐξου-

1085 1099 1193 1128 δένωσιν
1220 1104 1275 1129 τῶν
1304 1102 1484 1138 προεστώτων
1514 1102 1602 1129 αὐτῶν
1630 1104 1721 1141 σοφῶν
1748 1102 1792 1130 καὶ
1823 1103 1908 1131 πλου-

1084 1146 1160 1182 σίων,
1178 1146 1269 1173 ἑαυτὸν
1285 1147 1331 1173 καὶ
1354 1145 1487 1174 Ἀπολλὼ
1517 1146 1554 1177 εἷς
1582 1147 1613 1174 τὸ
1638 1147 1802 1187 φαινόμενον
1831 1147 1907 1183 ἐξου-

1085 1190 1273 1224 δενώσας,καῖ
1299 1191 1385 1226 δείξας
1416 1191 1452 1222 ὡς
1483 1192 1538 1228 χρή
1569 1191 1644 1228 μόνῳ
1669 1194 1708 1228 τῷ
1737 1195 1795 1228 Θεῷ
1823 1203 1909 1231 προσ-

1084 1235 1169 1276 έχειν,
1184 1236 1228 1263 καὶ
1245 1236 1283 1266 εἷς
1299 1236 1378 1263 αὐτὸν
1395 1236 1547 1268 ἀνατιθέναι
1563 1237 1647 1263 πάντα
1662 1237 1695 1263 τὰ
1725 1235 1908 1274 συμϐαίνοντα

1084 1281 1194 1318 ἀγαθάς
1212 1293 1225 1306 ‹‹
1251 1281 1280 1309 '0
1305 1281 1437 1319 o'atsfwv,
1459 1281 1536 1320 φησί,
1560 1281 1605 1308 καὶ
1631 1282 1644 1308 ὁ
1669 1282 1787 1316 ποτίζων
1816 1282 1843 1309 ἓν
1870 1283 1909 1310 εἰ·

1085 1336 1137 1358 σιν,
1155 1337 1168 1351 ››
1180 1326 1240 1356 ὃςον
1255 1325 1331 1360 ἧκεν,
1344 1325 1389 1356 Εἷς
1408 1326 1439 1352 τὸ
1466 1324 1549 1362 μηδὲν
1582 1324 1706 1354 δύνασθαι
1735 1327 1817 1354 πλέον
1844 1327 1907 1355 ἄνευ

1084 1372 1132 1398 τοῦ
1147 1370 1303 1406 αὖξάνοντος
1333 1373 1410 1398 Θεοῦ,
1439 1387 1475 1392 ~—-
1503 1370 1628 1402 ”Λλλως.
1659 1372 1765 1409 [ΦΩΤ.]
1796 1371 1907 1407 Ἐπειδὴ

1084 1415 1177 1443 πολλά
1192 1414 1345 1452 κατέδραμε
1360 1417 1412 1442 τῶν
1428 1414 1612 1447 διδασκάλων,
1629 1415 1729 1454 λέγων,
1754 1429 1763 1442 ιι
1780 1417 1827 1448 Τίς
1852 1417 1907 1445 ἔστι

1085 1462 1206 1494 Hormiae,
1233 1460 1274 1490 τίς
1304 1459 1331 1487 δὲ
1358 1459 1505 1491 ’Λπολλώς
1522 1471 1529 1495 ;
1549 1473 1562 1485 »
1593 1461 1643 1489 Καὶ
1674 1460 1768 1496 πάλιν,
1798 1463 1908 1490 «"0313

1086 1504 1148 1533 οὔτε
1162 1506 1175 1532 6
1191 1505 1308 1539 ποτίζων
1322 1501 1378 1532 ἔστι
1393 1515 1431 1538 τι,
1457 1503 1518 1532 οὔτε
1543 1505 1556 1531 6
1582 1505 1715 1544 φυτεύων.
1731 1518 1745 1532 ››
1767 1507 1854 1535 Τοῦτο
1880 1505 1909 1534 δὲ

1087 1550 1182 1583 ἐποίει,
1204 1549 1318 1587 πραῧναι
1349 1548 1433 1581 θέλων
1465 1550 1512 1583 τήν
1541 1549 1699 1588 φλεγμονὴν
1725 1553 1778 1578 τῶν
1809 1551 1852 1579 ἐπὶ
1873 1554 1907 1589 τῇ

1087 1594 1249 1631 διδασκαλίᾳ
1277 1594 1578 1630 καταλαζονευομένων,
1618 1595 1663 1622 καὶ
1693 1595 1731 1626 εἷς
1769 1594 1838 1633 ἕρεις
1864 1597 1908 1624 καὶ

1088 1640 1190 1671 στάσεις
1206 1641 1250 1666 τὸν
1268 1638 1333 1667 λαὸν
1363 1641 1410 1666 τοῦ
1437 1641 1558 1676 Χριστοῦ
1585 1639 1811 1671 καταδιελόντων.
1835 1642 1910 1670 Ἐπεὶ

1085 1685 1129 1712 οὖν
1144 1685 1244 1716 ἱκανῶς
1261 1682 1334 1719 ἔδοξε
1349 1687 1487 1721 καθαιρεῖν
1503 1685 1548 1712 τὸν
1569 1684 1677 1712 ἐκείνων
1699 1688 1793 1725 τῦφον,
1819 1685 1864 1714 διά
1879 1686 1909 1715 τὸ

1084 1731 1128 1757 καὶ
1144 1730 1237 1757 ἑαυτὸν
1252 1728 1437 1757 συνευτελίσαι
1452 1729 1497 1756 καὶ
1513 1729 1558 1756 τὸν
1572 1730 1768 1766 ⁷Απολκὼ,⁹ίνα
1785 1732 1823 1768 μή
1840 1742 1912 1764 τινες

1086 1774 1209 1803 εἲήωσιψ
1226 1775 1331 1804 Οὐκοῦν
1351 1774 1438 1811 μάτην
1467 1773 1613 1809 διδάσκεις,
1642 1776 1729 1812 μάτην
1752 1777 1816 1809 τοὺς
1844 1777 1910 1815 ὑπὲρ

1085 1823 1133 1848 τοῦ
1149 1820 1323 1858 κηρύγματος
1339 1820 1438 1850 πόνους
1463 1818 1676 1858 ἀναδεχόμενος.
1705 1822 1847 1860 Ἐπήγαγε
1863 1822 1911 1854 τὰς

1085 1865 1213 1894 τοιαίτας
1247 1862 1471 1901 ἀποκρουόμενος
1520 1862 1620 1900 λαϐὰς,
1653 1877 1667 1891 ‹‹
1702 1867 1834 1898 Ἕκαστος
1866 1867 1912 1895 τὸν

1086 1908 1156 1936 ἴδιον
1175 1908 1272 1944 μισθὸν
1290 1908 1418 1946 λήψεται,
1434 1910 1503 1937 κατὰ
1518 1910 1562 1937 τὸν
1576 1908 1649 1937 ’ἴδιον
1664 1911 1762 1944 κόπον,
1778 1923 1793 1938 ››
1816 1921 1914 1948 μονον-

1087 1954 1150 1991 ουχέ
1169 1953 1269 1991 λέγων,
1290 1952 1373 1988 μηδὲν
1406 1955 1545 1991 ἀθυμείτω
1561 1955 1575 1983 6
1591 1955 1684 1985 καλῶς
1709 1954 1855 1984 διδάσκων.
1880 1956 1911 1984 El

1085 2000 1135 2037 γὰρ
1149 1998 1194 2026 καὶ
1219 1998 1372 2026 κεκώλυται
1401 1999 1521 2037 μερίζειν
1549 2000 1595 2028 τὸν
1625 1998 1691 2027 λαὸν
1722 2003 1770 2028 τοῦ
1795 2001 1911 2037 Χριστοῦ

1086 2044 1131 2071 καὶ
1155 2042 1359 2077 ἷὸιοποιεῖσθαι,
1383 2044 1427 2071 καὶ
1450 2043 1675 2082 σεμνολογεῖσθαι
1701 2045 1727 2072 ἐν
1754 2044 1846 2076 αὐτοῖς
1875 2045 1912 2076 ὡς

1088 2087 1263 2122 διδάσκαλος,
1286 2087 1351 2116 ἀλλ’
1379 2089 1424 2116 οὖν
1451 2099 1480 2127 γε
1509 2089 1603 2125 μισθὸν
1634 2089 1762 2127 λήψεται,
1791 2090 1836 2118 καὶ
1857 2090 1913 2129 οὐχ

1088 2133 1192 2168 ἁπλῶς,
1209 2132 1281 2160 ἀλλὰ
1304 2133 1373 2161 κατὰ
1399 2133 1444 2161 τὸν
1472 2133 1541 2161 ἴδιον
1570 2134 1665 2163 κόπον.
1697 2134 1764 2163 Εἶτα
1793 2134 1911 2174 ξπαίρων

1089 2178 1131 2206 ἐπὶ
1148 2177 1232 2206 πλέον
1248 2178 1279 2206 τὸ
1295 2181 1422 2217 πρᾶγμα,
1451 2179 1496 2206 καὶ
1524 2178 1705 2215 πιστούμενος
1734 2179 1776 2207 ὅτι
1803 2180 1914 2211 πάντως

1088 2221 1161 2250 ἔσται
1182 2223 1196 2250 ὁ
1214 2223 1320 2259 μισθὸς,
1337 2235 1347 2248 ε
1366 2224 1433 2250 Θεοῦ
1448 2223 1510 2261 γὰρ,
1527 2224 1620 2262 φησὶν,
1642 2223 1722 2260 ἐσμὲν
1749 2225 1884 2263 συνεργοὶ,
1898 2235 1915 2252 »

1088 2268 1144 2303 ἅμα
1162 2268 1222 2305 μὶν,
1238 2267 1330 2305 ὥσπερ
1344 2268 1430 2302 εἷπον,
1443 2267 1488 2294 καὶ
1504 2266 1671 2305 λαμπρύνων
1700 2267 1732 2296 τδ
1758 2270 1808 2301 τῆς
1836 2267 1914 2297 διδα-

207 2317 286 2353 plius
301 2316 451 2347 attollens,
469 2319 497 2343 et
521 2315 701 2343 conﬁrmans
728 2314 807 2350 quod
831 2314 952 2342 omnino
976 2315 1030 2341 erit

1087 2312 1210 2346 σκαλίας,
1226 2313 1284 2348 ἃμα
1299 2311 1327 2340 δὲ
1341 2311 1384 2340 καί
1400 2311 1482 2339 πάλιν
1501 2310 1670 2348 ὑποδεικνὺς,
1699 2313 1739 2340 δτι
1766 2315 1833 2342 Θεοῦ
1857 2313 1913 2342 ἐστὶ

208 2370 333 2390 merces.
350 2372 363 2387 ‹‹
380 2362 451 2389 Nam
469 2360 519 2387 Dei
544 2360 651 2395 inquit,
666 2362 871 2395 cooperatores
887 2367 999 2387 sumus.
1016 2369 1029 2384 ι

208 2406 297 2434 simul
306 2406 425 2441 quidem
432 2408 465 2434 ut
476 2404 534 2432 dixi
548 2404 688 2431 doctrinm
696 2412 768 2440 opus
780 2403 1034 2437 illustaans,simul

208 2451 423 2479 etiamrursum
432 2450 848 2485 subindicansquodopusDei
866 2449 913 2477 sit.
933 2449 1033 2484 Itaque

208 2505 268 2524 non
281 2499 396 2532 oportet
411 2498 462 2523 aut
477 2495 532 2522 sibi
546 2495 696 2523 vindicare
710 2498 760 2523 aut
770 2494 845 2522 illud
855 2493 1034 2527 discindere,

211 2541 282 2578 quin
298 2541 395 2577 potius
411 2540 591 2576 conjungere
609 2542 638 2567 et
652 2540 738 2568 unire
752 2548 758 2566 :
777 2548 845 2567 nam
856 2539 913 2567 hoc
928 2541 973 2567 est
985 2547 1033 2566 co-

209 2586 336 2623 operari.
353 2585 414 2613 Sibi
426 2589 523 2613 autem
536 2585 685 2614 vindicare
698 2593 731 2613 ac
742 2585 883 2618 dividere,
895 2584 1032 2612 inimico-

209 2639 276 2660 rum
292 2633 337 2659 est
352 2630 493 2659 hostium.
520 2630 630 2659 Deinde
655 2631 685 2658 in
711 2631 766 2658 hoc
791 2630 902 2658 insistit
930 2629 1034 2657 eadem

208 2679 296 2704 utens
311 2675 575 2703 demonstrationis
591 2675 711 2712 regula:
728 2675 808 2710 quod
823 2674 945 2702 omnino
973 2682 1034 2702 non

209 2723 343 2757 oporteat
364 2720 507 2756 populum
525 2721 659 2756 personis
680 2720 866 2748 distribuere.
883 2731 895 2745 ‹‹
909 2720 971 2752 Dei.
988 2719 1036 2746 iu—

211 2766 286 2802 quit,
303 2766 474 2802 agricolatio
490 2766 571 2799 estis,
590 2765 639 2792 Dei
656 2765 824 2793 mdilicatio.
844 2776 853 2788 -
875 2765 908 2792 Ut
923 2764 973 2800 qui
985 2771 1035 2791 vos

208 2811 288 2848 ipsos
299 2811 476 2847 deprimitis,
493 2811 523 2838 id
539 2810 617 2847 quod
629 2810 679 2838 Dei
690 2812 744 2844 est,
756 2809 953 2838 attribuentes
963 2817 1036 2837 con-

209 2857 299 2885 servis
314 2856 328 2884 ?
343 2868 357 2883 ››
373 2857 458 2886 Juxta
474 2864 561 2887 suum
576 2855 720 2885 laborem.
738 2865 753 2881 »
769 2855 916 2889 Quoniam
931 2854 1035 2884 verisi-

1086 2358 1117 2386 τὸ
1132 2357 1225 2397 ἔργον,
1242 2356 1310 2385 ὥστε
1325 2357 1356 2384 οὗ
1377 2355 1418 2384 δεῖ
1449 2355 1640 2389 ἰδιοποιεῖσθαι
1664 2357 1709 2385 καὶ
1737 2357 1911 2396 κατατέμνειν

1089 2402 1163 2436 αὐτὸ,
1182 2400 1332 2440 μᾶλλονδὲ
1346 2401 1487 2430 συνάπτειν
1509 2402 1553 2429 καὶ
1583 2403 1715 2431 ἓνοποιεῖν
1742 2404 1834 2439 (τοῦτο
1861 2403 1912 2442 γὰρ

1089 2448 1247 2486 συνεργῶν),
1264 2447 1295 2474 τὸ
1311 2445 1340 2474 δὲ
1366 2445 1557 2474 ἶδιοποιεῖσθαι
1581 2447 1626 2474 καὶ
1653 2447 1783 2485 μερίζειν,
1806 2448 1913 2487 ἐχθρῶν

1088 2492 1131 2520 καὶ
1144 2491 1296 2528 πολεμίων.
1316 2491 1378 2520 Εἶτα
1399 2491 1531 2528 ἐπιμένει.
1564 2494 1604 2528 τῷ
1627 2491 1700 2528 αὐτῷ
1727 2494 1777 2525 τῆς
1802 2492 1913 2522 ἀποδεί-

1089 2539 1154 2574 ξεως
1174 2538 1319 2576 γρώμενος
1333 2536 1436 2570 κανόνι,
1464 2536 1506 2564 ’ὀτι
1522 2536 1556 2564 οὐ
1574 2537 1629 2574 χρή
1645 2536 1843 2574 κατανὲμισθαι
1865 2538 1913 2566 τὸν

1089 2583 1153 2611 λαὸν
1170 2582 1330 2618 προσώποις
1350 2581 1434 2613 ὅλως.
1460 2593 1474 2607 ‹‹
1492 2583 1558 2609 Θεοῦ
1582 2581 1715 2620 γεώργιόν
1737 2580 1807 2617 ἐστι’,
1829 2583 1909 2622 φησὶ,

1089 2629 1157 2656 Θεοῦ
1184 2625 1330 2663 οἰκοδομή.
1363 2638 1377 2652 ›)
1406 2626 1439 2655 Τί
1465 2624 1669 2661 κατευτελίζετε
1705 2626 1827 2660 ὶαυτοῦς,
1857 2626 1915 2655 ἰνδν

1089 2674 1157 2700 Θεοῦ
1173 2671 1241 2699 εἶναι
1257 2674 1315 2702 τοῖς
1332 2670 1500 2708 ὁμοδούλοις
1515 2669 1723 2706 ἆιιατιθέμινοις
1752 2683 1764 2697 ι
1781 2671 1856 2700 Κατὰ
1867 2670 1914 2699 τὸν

1091 2715 1160 2744 ἴδιον
1173 2715 1270 2744 κόπον.
1283 2726 1296 2742 ι
1313 2713 1425 2750 Ἀιειδή
1455 2715 1527 2746 εἶκὸς
1549 2716 1584 2751 ἦν
1608 2715 1672 2747 τοὺς
1689 2715 1779 2744 πλείω
1800 2723 1913 2753 sequv-

1090 2773 1137 2793 τας
1154 2762 1214 2798 περὶ
1229 2762 1278 2797 τὴν
1299 2760 1406 2789 ἐκείνων
1436 2761 1524 2789 πίστιν
1553 2761 1758 2800 ῥαθυμοτέρους
1782 2761 1914 2800 γενεσθαι,

1090 2807 1254 2838 ἀκούσαντας
1281 2806 1309 2835 ’ἐν
1338 2806 1404 2834 εῗναι
1432 2806 1534 2839 πάντας
1563 2805 1612 2834 κᾶν
1639 2806 1736 2844 μικρὸν
1768 2804 1816 2836 κᾶν
1845 2805 1915 2846 μέγα

1091 2863 1145 2890 τις,
1165 2852 1247 2891 ἔτυχε
1273 2852 1493 2892 συνεισενεγκὼν,
1523 2851 1621 2885 ιύθίως
1649 2850 1716 2882 αὗτό
1742 2849 1916 2890 ἅόμοῆαι.
