4198 6200
359 324 480 384 673
580 346 603 355 “

1368 317 1769 383 οοΜΜΕΝΤ.
1815 318 1893 379 IN
1944 317 2182 382 EPIST.
2231 319 2254 380 Ι
2299 321 2400 383 AD
2444 319 2812 384 CORINTH.

3650 326 3769 387 674

360 457 458 514 Ἔν
499 453 626 522 siet;
657 450 846 534 φησὶν,
906 453 980 515 ὡς
1029 450 1165 528 πρὸς
1217 450 1281 507 τὸ
1341 450 1420 525 μὴ
1478 448 1731 517 δύνασθαι
1768 447 1890 507 ἄνευ
1919 452 2015 508 τοῦ

2140 453 2269 510 mile
2287 458 2415 510 erat
2431 470 2531 510 eos
2544 453 2643 526 qui
2662 453 2918 526 amplius
2936 452 3342 513 laboraverant
3358 456 3513 516 circa
3528 459 3769 519 illorum

365 544 689 617 αὖξάνοντος
718 547 851 599 Θεοῦ
882 539 1050 598 πλέον
1109 562 1164 598 τι
1219 548 1471 612 ποιῆσαι.
1527 543 1676 599 Ἐπεὶ
1726 540 1850 597 ὅσον
1879 541 2015 618 πρὸς

360 636 461 704 τήν
494 631 876 700 ἀνταπόδοσιν,
936 629 1183 702 ἕκαστος,
1243 633 1399 713 φησὶ,
1456 632 1592 689 κατᾶ
1637 632 1727 689 τὸν
1754 629 1890 687 ἴδιον
1918 632 2016 687 κό-

361 746 464 782 πον
494 726 588 780 τὸν
620 724 808 798 μισθὸν
838 716 964 793 ἕξει.

2123 543 2301 600 fidem
2333 545 2637 615 segniores
2686 545 3042 616 reddendos,
3084 564 3219 603 cum
3258 547 3537 605 audirent
3560 569 3769 609 omnes

2124 650 2311 690 unum
2342 651 2494 700 esse,
2520 634 2641 690 sive
2666 652 2874 708 parum
2898 636 3015 692 sive
3038 638 3292 693 multum
3320 639 3615 709 quispiam
3639 657 3774 697 con-

2125 724 2380 792 tulisset,
2412 725 2562 781 illud
2593 727 2792 782 statim
2825 732 3010 783 curat.
3047 727 3258 796 Unum,
3292 729 3508 800 inquit.
3543 735 3679 784 sunt
3710 730 3772 785 in

361 818 475 873 hoc
506 815 667 889 quod
699 814 851 870 nihil
877 814 1135 887 amplius
1166 812 1357 870 facere
1388 813 1621 886 possint
1650 812 1875 884 absque
1896 813 2038 881 Deo,
2061 814 2163 885 qui
2186 815 2627 872 incrementum
2661 817 2883 874 tribuit.
2918 819 3061 873 Nam
3094 817 3253 890 quod
3284 818 3357 874 ad
3389 819 3774 874 resurrectio-

361 922 500 963 nem
530 905 809 977 pertinet,
842 904 1253 976 unusquisque
1275 902 1447 976 juxta
1476 919 1649 960 suum
1682 902 1946 958 laborem
1975 902 2221 960 habebit
2248 905 2611 963 mercedem.

434 996 573 1049 Θεοῦ
629 991 735 1069 γὰρ
791 991 952 1067 ἐσμεν
1009 991 1276 1066 συνεργοί·
1335 994 1469 1046 Θεοῦ
1526 990 1809 1068 γεώργιον,
1878 993 2012 1045 Θεοῦ

364 1079 636 1155 οἰκοδομή
728 1081 868 1151 ἐστε,
947 1080 1083 1136 κατᾶ
1145 1081 1245 1150 τήν
1325 1080 1488 1160 χάριν
1549 1084 1648 1134 τοῦ
1706 1083 1840 1135 Θεοῦ
1906 1079 2007 1149 τήν

364 1172 609 1231 δοθεῖσάν
708 1195 828 1247 μοι,
917 1171 991 1235 ὠς
1085 1172 1250 1251 σοφὸς
1342 1172 1680 1249 ἀρχιτέκτων
1751 1169 2008 1247 θεμέλιον

360 1265 597 1329 τέθεικα.
673 1260 887 1327 Ἀλλος
955 1261 1013 1318 δὶ
1112 1259 1485 1336 ἐποικοδομεῖ.
1589 1267 1854 1323 ’Ἕκαστος
1955 1257 2013 1316 δὲ

367 1353 619 1429 βλεπέτω
677 1358 793 1415 πῶς
874 1350 1249 1427 ἐποικοδομεῖ·
1339 1351 1604 1428 Θεμέλιον
1688 1352 1790 1429 γὰρ
1843 1349 2014 1409 ἄλλον

367 1442 551 1507 οὐδεὶς
610 1441 827 1500 δύναται
885 1448 1057 1509 θεῖναι
1111 1445 1257 1522 παρᾶ
1319 1444 1412 1499 τὸν
1470 1444 1750 1520 κείμενον,
1782 1443 1841 1507 ὅς
1871 1441 2013 1499 ἐστιν

362 1534 578 1606 Ἰησοῦς
610 1533 863 1611 Χριστός.

434 1628 631 1698 Ἡμεῖς
688 1622 746 1679 δὲ
798 1624 850 1679 οἱ
906 1623 974 1680 τὰ
1034 1624 1189 1699 πρὸς
1247 1625 1522 1702 σωτηρίαν
1582 1624 1711 1698 ὑμῖν
1769 1620 2019 1699 δόγματα

364 1714 718 1789 κηρύξαντες,
776 1737 804 1766 (ι
840 1717 972 1769 Θεοῦ
1030 1712 1189 1786 ἐσμεν
1259 1713 1533 1791 συνεργοί.
1591 1738 1620 1766 n
1677 1716 1772 1787 Τῷ
1829 1717 2019 1786 σκοπῷ

364 1804 493 1880 γὰρ,
525 1804 681 1884 φησί,
709 1807 806 1859 τοῦ
860 1807 994 1859 Θεοῦ
1051 1808 1148 1858 τοῦ
1205 1807 1375 1859 σῶσαι
1435 1801 1716 1874 θέλοντος,
1756 1804 2020 1878 συνεπρά-

2196 994 2445 1061 lII,9-lt.
2472 1018 2499 1046 ‹‹
2526 997 2668 1052 Nam
2693 997 2795 1051 Dei
2817 1002 3233 1068 cooperatores
3255 1015 3461 1055 sumus
3480 1000 3602 1055 :Dei
3625 1000 3774 1073 agri-

2123 1104 2151 1133 ‹‹
2174 1083 2518 1152 colatio,Dei
2541 1084 2856 1140 mditicatio
2880 1087 3223 1143 estisJuxta
3237 1090 3485 1161 gratiam
3508 1090 3610 1146 Dei
3628 1106 3771 1161 qua)

2121 1194 2149 1221 «
2174 1172 2312 1229 data
2328 1180 2418 1229 est
2434 1173 2673 1239 mihi,ut
2691 1177 2928 1247 sapiens
2945 1178 3304 1234 architectus
3322 1179 3774 1235 fundamentum

2124 1284 2152 1313 (ι
2175 1264 2345 1334 posui
2362 1280 2375 1318 :
2390 1263 2544 1320 alius
2556 1271 2754 1321 autem
2771 1267 3206 1339 supermdificat
3232 1271 3413 1326 Porro
3428 1270 3678 1342 quisque
3692 1271 3777 1324 vi—

2128 1372 2148 1399 ι
2178 1349 2314 1405 deat
2334 1352 2632 1423 quomodo
2672 1354 3126 1425 supermdiﬁcet.
3152 1357 3295 1412 Nam
3318 1356 3774 1414 fundamentum

2124 1460 2153 1489 «
2177 1440 2341 1496 aliud
2372 1458 2547 1497 nemo
2585 1448 2781 1515 potest
2826 1460 3046 1515 ponere
3099 1451 3315 1517 praeter
3342 1446 3401 1502 id
3433 1448 3590 1517 quod
3619 1448 3774 1520 posi-

2127 1551 2156 1580 ιι
2187 1535 2314 1585 tum
2344 1536 2452 1597 est,
2486 1531 2647 1602 quod
2677 1539 2766 1587 est
2792 1533 2929 1588 Jesu
2958 1533 3243 1591 Christus.
3277 1557 3306 1585 ››

2197 1621 2313 1675 Nos
2341 1626 2540 1676 autem
2572 1622 2675 1693 qui
2731 1622 3005 1695 dogmata
3055 1624 3308 1680 salutem
3352 1628 3777 1684 concernentia

2126 1709 2544 1781 prmdicamus,
2562 1734 2583 1762 ‹ι
2609 1713 2712 1767 Dei
2735 1719 3150 1785 cooperatores
3171 1731 3398 1771 sumus.
3420 1737 3448 1766 ››
3472 1716 3776 1789 Siquidem

2129 1799 2203 1856 ad
2234 1800 2339 1856 Dei
2367 1817 2634 1874 scopum,
2668 1803 2768 1873 qui
2799 1803 2923 1860 vult
2950 1820 3160 1861 omnes
3186 1805 3377 1862 salvos
3401 1822 3529 1863 esse
3561 1824 3775 1880 coope-

586 1862 750 1951 ;Αλλ’
782 1892 915 1969 οὐχὶ
973 1893 1025 1948 οἱ
1079 1896 1169 1948 νῦν
1228 1892 1368 1967 ὑμᾶς
1424 1862 2018 1967 καταδιελνδμενοιξκαὶ

2140 1890 2237 1945 rati
2270 1907 2496 1947 sumus.
2529 1895 2604 1947 At
2634 1908 2753 1948 non
2797 1892 2880 1948 ita
2908 1894 3009 1965 qui
3072 1911 3169 1949 vos
3200 1911 3359 1952 nunc
3390 1896 3677 1967 dividunt,
3709 1913 3778 1953 ac

365 1981 639 2060 πρόφασις
672 1981 799 2056 ὑμῖν
829 1982 1068 2047 στάσεως
1095 1981 1404 2058 γενόμενοι,

442 2097 469 2124 ‹‹
499 2075 631 2127 Θεοῦ
688 2072 977 2148 γεώργιον.
1013 2096 1041 2123 ››
1098 2074 1282 2146 Ὑμεῖς
1344 2069 1400 2129 δί
1457 2076 1592 2128 Θεοῦ
1637 2072 1899 2148 γεώργιον
1930 2070 2020 2127 καὶ

371 2159 642 2236 οἰκοδομὴ
693 2165 826 2217 Θεοῦ
887 2161 1180 2237 ὑπάρχετε,
1238 2161 1328 2217 καὶ
1389 2160 1434 2217 εἷ
1490 2161 1751 2240 γεώργιόν
1785 2159 1904 2216 ἐστε
1931 2160 2020 2216 καὶ

370 2246 641 2324 οἰκοδομή
703 2253 858 2319 Θεοῦ,
916 2249 1023 2305 ἀπὸ
1079 2254 1175 2305 τοῦ
1229 2249 1502 2306 Δεσπότου
1558 2249 1840 2315 καλεῖσθαι
1873 2247 2024 2327 ὀφεί-

367 2339 513 2412 λετε,
541 2340 641 2396 οὐκ
668 2341 775 2397 ἀπὸ
829 2346 938 2396 τῶν
1003 2344 1096 2395 νῦν
1137 2342 1497 2416 προεστώτων
1565 2342 1738 2416 ὑμῶν.
1791 2337 2023 2416 Ἔλεγον

368 2432 494 2509 γάρ·
558 2431 697 2509 Ἐγώ
753 2430 934 2503 τοῦδε,
989 2433 1079 2488 καὶ
1136 2431 1241 2507 ἐγὼ
1298 2429 1478 2503 τοῦδε,
1534 2435 1601 2488 τὰ
1643 2432 1885 2506 ὀνόματα
1914 2436 2023 2487 τῶν

369 2527 554 2599 σοφῶν
618 2523 708 2577 καὶ
766 2520 1063 2579 πλουσίων.
1126 2546 1155 2575 ι(
1204 2524 1294 2585 Ὡς
1353 2523 1521 2601 σοφὸς
1577 2522 1939 2602 ἀρχιτέκτων.
1993 2546 2022 2574 ››

369 2612 553 2692 Σοφὸν
609 2611 796 2668 ἑαυτὸν
853 2610 1015 2667 καλεῖ
1050 2610 1432 2691 ἀρχιτέκτονα,
1487 2609 1587 2667 οῦκ
1633 2610 1868 2667 ἐπαινῶν
1897 2610 2024 2666 ἑαυ-

366 2703 481 2772 τὸν,
512 2699 662 2759 ἀλλᾶ
714 2699 1058 2777 βουλόμενος
1117 2698 1306 2772 δεῖξαι,
1368 2701 1451 2758 ὅτι
1490 2701 1651 2757 τοῦτό
1683 2700 1823 2756 έστιν
1853 2701 2021 2777 ἀρχι-

365 2792 616 2856 τέκτονος
669 2795 864 2870 σοφοῦ,
914 2792 977 2847 τὸ
1033 2796 1285 2848 τοιοῦτον
1347 2794 1513 2847 θεῖναι
1558 2789 2022 2867 θεμέλιον,τουτ-

369 2881 484 2937 έστι
545 2880 809 2957 Χριστόν.
875 2881 979 2938 Καὶ
1038 2881 1121 2936 ὅτι
1175 2881 1276 2937 οὐκ
1341 2880 1659 2955 ἐπαίροντος
1715 2881 1903 2936 έαυτὸν
1960 2880 2023 2935 τὸ

370 2972 544 3047 ῥῆμα,
577 2970 732 3049 φησὶ,
793 2996 822 3024 υ
856 2971 1006 3029 Κατᾶ
1062 2975 1163 3039 τήν
1225 2970 1384 3048 χάριν
1435 2971 1533 3040 τὴν
1568 2968 1810 3027 δοθεῖσάν
1843 2991 1960 3046 μοι.
1994 2993 2024 3022 η

369 3061 490 3118 Οὐκ
522 3059 649 3136 έμὸν
678 3059 1009 3137 κατόρθωμα
1039 3058 1217 3135 λέγων
1265 3060 1329 3116 τὸ
1378 3059 1624 3137 γενέσθαι
1656 3060 1845 3134 σοφὸν,
1878 3057 2026 3114 ἀλλὰ

371 3154 506 3205 Θεοῦ
559 3155 658 3206 τοῦ
712 3148 1102 3227 χαρισαμένου.
1167 3174 1195 3202 ‹‹
1226 3148 1436 3212 Ἀλλος
1485 3146 1542 3205 δὲ
1580 3147 1958 3224 ἐποικοδομεῖ.
1993 3174 2023 3203 ››

370 3240 468 3305 Εἷς
508 3241 606 3311 τὴν
665 3242 789 3318 περὶ
846 3240 1124 3302 πολιτείας
1179 3239 1318 3310 ἦλθε
1368 3240 1700 3315 παραίνεσιν,
1733 3219 2093 3297 ἐποικοδο-(2

375 3330 485 3403 μὴν
536 3329 739 3399 καλῶν,
817 3331 912 3393 τὰς
997 3331 1226 3387 ἑκάστου
1316 3331 1555 3405 πράξεις.
1617 3330 1715 3386 Καὶ
1776 3329 2024 3406 βλεπέτω

370 3415 591 3482 ἕκαστος
625 3423 741 3483 πῶς
800 3417 1087 3495 οἰκοδομεῖ
1142 3418 1231 3474 ἐπὶ
1288 3420 1380 3475 τὸν
1423 3418 1697 3492 θεμέλιον,
1728 3418 2023 3490 τουτέστιν,

371 3503 517 3584 ἔχων
547 3511 646 3580 τήν
675 3509 853 3565 πίστιν
890 3510 981 3565 καὶ
1016 3509 1176 3565 αὐτὸν
1218 3510 1310 3565 τὸν
1362 3510 1619 3586 Χριστὸν,
1652 3509 1728 3572 εἴς
1756 3511 1819 3565 τὸ
1848 3515 2025 3565 ποιεῖν

371 3598 572 3675 ἀγαθὰς
604 3598 875 3677 ἐργασίας.
934 3625 962 3652 ι(
993 3598 1259 3673 Θεμέλιον
1320 3599 1420 3675 γὰρ
1481 3597 1674 3655 ἄλλον.
1706 3622 1734 3651 ››
1781 3601 1875 3668 Μὴ
1901 3597 2026 3655 τοί-

370 3710 464 3743 νυν
521 3687 842 3767 προσέχετε,
903 3690 1059 3763 φησί,
1141 3694 1262 3752 τοῖς
1320 3685 1800 3761 καταδιελομένοις
1860 3689 2024 3763 ὑμᾶς,

372 3775 474 3833 οὐκ
502 3770 576 3832 ἔνι
602 3776 776 3839 ἄλλος
809 3777 1064 3852 θεμέλιος
1092 3777 1138 3833 εἰ
1169 3778 1246 3853 μή
1291 3779 1540 3854 Χριστὸς,
1573 3777 1633 3833 ὅν
1662 3778 2024 3856 κατήγγειλα.

371 3866 578 3922 Τούτου
635 3866 914 3943 ἐχώμεθα,
967 3867 1148 3942 τούτῳ
1204 3866 1714 3944 προηολληθῶμεν
1758 3869 1832 3931 ὡς
1867 3881 2029 3942 θεμε-

372 3954 504 4029 λίῳ,
578 3957 755 4030 τούτῳ
833 3955 1363 4032 έποικοδομήσωμεν
1438 3957 1534 4021 τὰς
1610 3956 1670 4014 ἐκ
1743 3956 2025 4023 πολιτείας

373 4054 629 4124 χρηστῆς
656 4044 976 4122 οἰκοδομάς.

447 4230 511 4289 Εἰ
567 4228 624 4285 δέ
678 4250 762 4291 τις
818 4225 1177 4301 ἐποικοδομεῖ
1233 4227 1321 4283 ἐπὶ
1379 4228 1471 4284 τὸν
1522 4226 1774 4301 θεμέλιον
1815 4232 2027 4301 τοῦτον,

375 4321 606 4395 χρυσὸν,
664 4318 923 4393 ἄργυρον,
999 4315 1189 4380 λίθους
1246 4318 1489 4391 τιμίους,
1566 4317 1719 4389 ξύλα,
1804 4318 2029 4394 χόρτον,

375 4407 658 4481 καλάμην,
730 4408 959 4464 ἑκάστου
1038 4408 1101 4463 τὸ
1185 4405 1341 4484 ἔργον
1424 4410 1649 4485 φανερὸν
1723 4411 2028 4485 γενήσεται.

375 4499 566 4575 Ἠγὰρ
617 4498 798 4575 ἡμέρα
855 4495 1098 4569 δηλώσει
1159 4496 1242 4553 ὅτι
1294 4497 1379 4553 ὃτι
1439 4497 1493 4552 έν
1554 4497 1684 4574 πυρὶ
1743 4497 2028 4555 ἀποκαλῦο

2127 1979 2519 2037 dissensionis
2549 1999 2729 2039 causa
2759 1983 2921 2040 vobis
2943 1987 3090 2040 441
3129 1984 3487 2042 efﬁciuntur.

2199 2092 2227 2122 ‹‹
2260 2071 2365 2127 Dei
2389 2072 2753 2145 agricolatio.
2784 2094 2813 2124 »
2876 2074 2984 2130 Vos
3042 2081 3240 2131 autem
3300 2076 3401 2132 Dei
3433 2077 3777 2150 agricolatio

2126 2160 2349 2233 Deique
2382 2161 2694 2219 aedificatio
2716 2163 3045 2236 estis,quod
3068 2164 3118 2220 si
3138 2165 3479 2237 agricolatio
3512 2173 3571 2221 et
3598 2166 3782 2222 aedifi-

2127 2251 2279 2307 catio
2312 2251 2413 2308 Dei
2446 2253 2610 2322 estis,
2663 2270 2697 2309 a
2744 2254 2993 2311 Domino
3054 2273 3155 2312 vos
3205 2256 3493 2330 appellari
3525 2260 3779 2329 oportet,

2129 2357 2249 2397 non
2279 2341 2447 2397 abiis
2473 2342 2574 2414 qui
2596 2360 2756 2400 nunc
2775 2343 2941 2400 vobis
2963 2351 3245 2416 praesunt.
3271 2347 3557 2403 Dicebant
3578 2347 3738 2404 enim
3763 2362 3780 2404 :

2128 2431 2244 2504 Ego
2268 2432 2511 2503 quidem
2531 2433 2710 2505 hujus
2731 2451 2887 2500 sum,
2919 2450 3025 2509 ego
3056 2451 3191 2492 vero
3223 2435 3407 2496 illius.
3441 2452 3653 2508 nempe
3686 2453 3785 2493 sa-

2128 2520 2420 2592 pientium
2469 2539 2537 2578 ac
2595 2522 2842 2580 divitum
2896 2525 3144 2581 nomina
3193 2526 3611 2598 exprimentes.
3652 2553 3670 2576 -
3712 2527 3784 2582 Ut

2130 2611 2371 2684 sapiens
2391 2612 2774 2669 architectus.
2798 2636 2825 2664 »
2849 2614 3189 2686 Sapientem
3207 2616 3597 2672 architectum
3615 2622 3782 2673 vocat

2130 2700 2326 2773 ipsum
2357 2719 2478 2759 non
2508 2708 2571 2758 ut
2597 2720 2659 2759 se
2690 2703 2912 2770 laudet,
2935 2704 3039 2760 sed
3060 2705 3374 2761 ostendere
3398 2706 3601 2761 volens
3621 2704 3782 2777 quod

2130 2791 2241 2847 hoc
2272 2793 2558 2865 sapientis
2589 2794 2666 2848 sit
2694 2795 3001 2850 architecti
3030 2811 3250 2867 ponere
3271 2795 3613 2868 hujusmodi
3647 2796 3784 2851 fun-

2131 2881 2501 2945 damentum,
2527 2882 2638 2938 hoc
2659 2889 2748 2939 est
2769 2883 3086 2940 Christum.
3120 2886 3190 2938 Et
3217 2889 3284 2940 ut
3310 2891 3596 2956 appareat
3622 2883 3782 2956 quod

2130 2988 2252 3027 non
2275 2972 2537 3044 seipsum
2561 2972 2859 3030 laudantis
2882 2973 2960 3028 sit
2983 2972 3247 3039 verbum,
3268 2996 3296 3024 «
3319 2975 3489 3030 Juxta
3508 2976 3781 3047 gratiam,

2131 3061 2234 3128 ait,
2268 3079 2398 3133 quae
2431 3069 2520 3118 est
2550 3062 2687 3119 data
2715 3063 2883 3118 mihi.
2918 3084 2947 3113 ››
2982 3070 3064 3119 Ac
3110 3063 3160 3118 si
3190 3062 3387 3119 dicat:
3422 3065 3548 3119 Non
3579 3079 3779 3120 meum

2133 3157 2224 3206 est
2250 3151 2488 3223 sapiens
2519 3152 2629 3209 hoc
2650 3152 2902 3221 facinus,
2922 3152 3027 3208 sed
3050 3152 3172 3217 Dei,
3198 3153 3299 3224 qui
3324 3155 3580 3225 gratiose
3601 3153 3788 3210 dona-

2132 3240 2232 3296 vit.
2268 3263 2295 3291 ‹‹
2329 3241 2495 3297 Alius
2525 3248 2723 3298 autem
2753 3241 3208 3314 superaedificat.
3244 3265 3273 3293 ››
3307 3244 3396 3299 Ad
3426 3243 3791 3300 exhortatio-

2132 3346 2271 3385 nem
2304 3347 2434 3401 quaa
2456 3332 2612 3387 circa
2632 3348 3013 3388 communem
3040 3334 3549 3389 conversationem
3570 3339 3661 3389 est
3683 3334 3791 3390 de-

2136 3420 2572 3492 scenditsuper
2586 3420 3043 3477 aedificationem
3067 3439 3279 3478 vocans
3305 3424 3596 3495 cujusque
3613 3424 3797 3480 actio-

2133 3525 2260 3565 nes.
2297 3508 2503 3566 Videat
2531 3510 2728 3583 igitur,
2780 3511 2997 3583 inquit.
3041 3512 3455 3585 unusquisque
3492 3512 3789 3584 quomodo

2135 3600 2393 3656 rediﬁcet
2421 3617 2601 3673 super
2628 3600 3107 3670 fundamentum,
3132 3601 3194 3656 id
3224 3609 3331 3664 est.
3360 3603 3586 3658 habens
3610 3603 3790 3659 fidem

2135 3692 2449 3765 ipsumque
2480 3691 2803 3759 Christum,
2836 3699 2902 3748 ut
2930 3692 3119 3749 bonas
3168 3694 3347 3750 faciat
3393 3693 3795 3765 Operationes.

2138 3804 2165 3832 (ι
2188 3784 2335 3838 Nam
2356 3781 2814 3838 fundamentum
2837 3782 3143 3838 aliud.nNe
3169 3783 3349 3855 igitur
3372 3782 3490 3837 illis
3517 3781 3797 3838 attenda-

2136 3871 2233 3937 tis,
2252 3873 2356 3938 ait,
2381 3872 2481 3944 qui
2513 3889 2612 3928 vos
2645 3872 2940 3941 dividunt,
2965 3889 3099 3928 cum
3128 3871 3292 3927 aliud
3319 3887 3442 3926 non
3478 3870 3555 3926 sit
3582 3869 3796 3925 funda-

2135 3968 2405 4019 mentum
2434 3968 2649 4034 praater
2695 3962 3017 4027 Christum,
3063 3976 3243 4033 quem
3276 3960 3643 4017 annuntiavi.
3682 3960 3800 4015 Hoc

2136 4052 2463 4108 habeamus
2490 4052 2629 4108 huic
2646 4051 3059 4108 adhmreamus
3075 4057 3355 4122 tanquam
3375 4050 3765 4107 fundamento
3783 4082 3797 4121 ε

2137 4156 2317 4213 super
2338 4142 2450 4196 hoc
2472 4140 2836 4196 aedificamus
2855 4141 3107 4197 aedificia
3121 4141 3291 4197 bonae
3305 4140 3794 4197 conversationis.

2208 4231 2303 4293 Ill,
2341 4231 2524 4284 12-15.
2561 4251 2589 4279 «
2622 4230 2788 4294 Quod
2821 4229 2869 4285 si
2903 4231 3036 4301 quis
3075 4238 3449 4302 superstruat
3478 4247 3657 4302 super
3686 4229 3799 4283 hoc

2138 4317 2678 4384 «fundamentum,
2733 4335 2967 4385 aurum,
3020 4326 3356 4393 argentum.
3401 4320 3632 4392 lapides
3662 4333 3796 4391 pre-

2145 4430 2169 4463 υ
2202 4408 2406 4471 tiosos.
2439 4408 2619 4481 ligna,
2677 4408 2905 4471 fenum.
2970 4410 3277 4482 stipulam,
3332 4412 3626 4481 cujusque
3652 4424 3801 4480 opus

2140 4521 2167 4548 ‹‹
2202 4498 2586 4553 manifestum
2618 4498 2736 4553 ﬁet.
2772 4499 2907 4555 Dies
2940 4500 3099 4555 enim
3148 4499 3494 4563 declarabit,
3528 4498 3668 4569 quia
3700 4512 3805 4568 per

374 4610 588 4659 πτεται,
646 4590 733 4645 καὶ
796 4589 1024 4645 ἑκάστου
1080 4589 1143 4644 τὸ
1202 4585 1360 4664 ἔργον
1414 4589 1602 4644 ὁποῖόν
1664 4587 1797 4649 ἐστι,
1836 4590 1900 4644 τὸ
1929 4587 2024 4666 πῦρ

2148 4588 2406 4660 «ignem
2464 4588 2801 4655 revelatur;
2864 4596 2924 4644 et
2980 4592 3271 4661 cujusque
3329 4605 3478 4661 opus
3521 4587 3695 4659 quale
3729 4586 3804 4641 sit

377 4676 690 4752 δοκιμάσει.
749 4676 823 4736 Εἴ
874 4698 1021 4740 τινος
1101 4677 1162 4731 τὸ
1230 4674 1387 4751 ἔργον
1451 4677 1597 4750 μένει
1656 4678 1684 4732 ὃ
1744 4674 2025 4751 ἐπῳκοδόυ

381 4788 545 4842 μησε,
608 4769 802 4843 μισθὸν
863 4765 1117 4841 λήψεται.
1178 4763 1250 4824 Ei’
1320 4786 1468 4827 τινος
1526 4766 1587 4821 τὸ
1648 4764 1807 4841 ἔργον
1863 4788 2030 4823 κατα-

376 4859 661 4928 καήσεται,
697 4859 1133 4931 ζημιωθήσεται,
1187 4855 1352 4919 αὐτὸς
1386 4853 1443 4910 δὲ
1474 4857 1798 4927 σωθήσεται,
1855 4856 2028 4920 οὕτως

379 4946 455 5009 ὠς
490 4943 579 5003 διὰ
607 4948 802 5024 πυρός.

450 5046 603 5104 Μετᾶ
651 5047 759 5122 γὰρ
808 5048 908 5116 τὴν
959 5046 1141 5101 πίστιν
1199 5045 1290 5101 καὶ
1347 5044 1615 5119 ἐργασίας,
1673 5044 1765 5100 καὶ
1814 5043 2030 5101 οἰκοδο·

384 5142 494 5209 μῆς
544 5135 726 5211 χρεία.
786 5133 949 5193 Ἀλλ’
1008 5136 1061 5190 οἱ
1111 5136 1205 5209 μέν
1265 5131 1489 5203 δίκαιοι,
1543 5133 1637 5188 ἲσα
1694 5133 1911 5209 χρυσίῳ
1940 5134 2030 5190 καὶ

377 5222 628 5302 ἃργυρίῳ
684 5224 775 5280 καὶ
833 5224 1009 5287 λίθοις
1070 5222 1335 5299 διαυγέσι,
1394 5223 1489 5285 τὰς
1555 5223 1756 5285 οἰκείας
1816 5225 2033 5297 πράξεις

378 5311 808 5387 ἐποικοδομοῦσι
861 5318 930 5388 τῇ
980 5313 1181 5384 πίστει,
1214 5314 1266 5368 οἱ
1319 5310 1376 5368 δέ
1427 5334 1487 5387 γε
1517 5312 1859 5384 ἁμαρτωλοὶ,
1893 5313 2033 5385 ὕλην

374 5400 579 5479 ῥᾳδίως
634 5404 996 5478 έξοιπτομένην
1056 5402 1146 5459 καὶ
1202 5407 1299 5459 τοῦ
1359 5402 1528 5458 ἐκεῖσε
1558 5402 1729 5471 πυρὸς
1761 5401 1931 5475 ἀξίαν,
1970 5437 2033 5447 -

374 5492 581 5552 Ἀλλο.
642 5497 853 5569 [ΦΩΤ]
915 5495 983 5553 Οἱ
1041 5489 1362 5549 διδάσκαλοι
1411 5494 1479 5547 τὰ
1518 5497 1634 5556 θεῖα
1664 5490 2032 5549 παιδεᾶουσιν.

377 5584 432 5638 οὶ
466 5579 525 5638 δέ
579 5582 890 5652 ἀκούοντες,
944 5583 1079 5639 κατὰ
1129 5584 1191 5638 τὸ
1237 5589 1338 5651 τῆς
1388 5581 1640 5658 γνώσεως
1698 5580 2032 5657 αὐθαίρετον,

376 5671 444 5729 τὸ
471 5672 738 5747 πρακτέον
797 5674 1101 5752 αἱροῦνται.
1161 5669 1333 5731 Ἀλλὰ
1385 5670 1521 5727 κατὰ
1550 5671 1675 5753 ¹τήν
1702 5672 1802 5741 τῆς
1830 5669 2035 5753 impa—

2139 4701 2165 4729 «
2200 4678 2355 4751 ignis
2387 4678 2679 4750 probabit.
2716 4678 2773 4733 Si
2807 4679 2979 4750 cujus
3010 4695 3162 4750 opus
3193 4678 3481 4734 manserit
3512 4676 3666 4748 quod
3703 4692 3800 4732 su-

2141 4789 2166 4822 α
2202 4769 2542 4841 perstruxit,
2605 4768 2946 4825 mercedem
3004 4768 3275 4841 accipiet.
3337 4768 3393 4823 Si
3447 4769 3618 4839 cujus
3651 4783 3800 4839 opus

2140 4866 2478 4917 «exustum
2536 4859 2736 4927 fuerit,
2797 4858 3085 4917 damnum
3145 4861 3443 4933 patietur:
3504 4860 3632 4930 ipse
3662 4873 3799 4913 vero

2143 4972 2167 5003 ι
2202 4950 2552 5014 serVabitur.
2584 4951 2669 5007 sic
2702 4958 2904 5007 tamen
2936 4957 3003 5006 ut
3032 4967 3137 5023 per
3166 4951 3386 5023 ignem.
3427 4972 3456 5000 »

2212 5053 2353 5105 Post
2377 5049 2553 5104 fidem
2581 5050 2742 5104 enim
2770 5049 3115 5121 operatione
3137 5065 3205 5105 ac
3226 5049 3619 5104 aediﬁcatione
3651 5063 3800 5119 opus

2143 5145 2248 5193 est.
2284 5136 2528 5208 Atjusti
2589 5153 2733 5192 auro
2794 5138 3055 5208 mquales
3089 5143 3144 5192 et
3176 5144 3419 5210 argento
3450 5134 3790 5209 pellucenti.

2141 5224 2371 5296 busque
2404 5225 2680 5297 gammis,
2715 5242 2850 5281 suas
2882 5243 3060 5298 super
3087 5224 3265 5281 ﬁdem
3297 5225 3595 5282 aadificant
3624 5224 3803 5280 actio-

2145 5330 2250 5370 nes
2274 5331 2285 5368 :
2311 5320 2653 5385 peccatores
2676 5331 2810 5369 vero
2835 5315 3063 5373 silvam.
3092 5333 3223 5386 quae
3253 5316 3424 5371 facile
3458 5315 3804 5371 accenditur

2143 5403 2461 5473 futuraque
2482 5402 2616 5473 igne
2641 5402 2818 5473 digna
2840 5410 2949 5458 est.
2973 5434 3033 5444 —
3053 5404 3183 5458 Alio
3205 5405 3381 5461 modo.
3403 5406 3802 5476 Praeceptores

2147 5494 2347 5550 divina
2369 5493 2914 5551 docentauditores
2938 5496 3261 5568 verojuxta
3283 5498 3443 5553 scien
3455 5497 3546 5551 tia)
3570 5495 3806 5553 electia-

2146 5602 2283 5641 nem
2317 5584 2475 5657 quod
2504 5585 2796 5658 agendum
2835 5592 2924 5641 est
2946 5585 3205 5658 eligunt:
3241 5586 3345 5641 sed
3368 5586 3461 5641 die
3487 5603 3601 5658 quo
3625 5598 3804 5654 appa-

2146 5674 2337 5738 ruerit
2368 5673 2635 5738 Salvator
2662 5674 2933 5748 probatio
2966 5676 3098 5745 erit,
3133 5681 3457 5747 exactaque
3486 5676 3640 5733 442
3672 5671 3802 5726 dis-
