4198 6200
503 359 622 420 675

1622 339 2048 402 (ECUMENII
2093 339 2396 404 ΤΒΙΟΟιΕ
2437 345 2792 411 EPISCOPI

507 489 780 564 quisitio:
810 487 864 537 et
895 497 994 534 eos
1027 476 1262 548 quidem
1315 475 1414 546 qui
1477 473 1656 546 probe
1687 473 1982 540 vixerunt,
2017 477 2149 530 tan-

2266 474 2406 538 νείας
2437 481 2534 564 τοῦ
2569 484 2830 556 Σωτῆρος
2879 479 3112 554 ἡμέραν,
3149 477 3378 554 βάσανος
3417 473 3572 533 ἔσται
3599 477 3688 532 καὶ
3717 476 3884 549 ἐξέτα-

511 594 685 650 quam
715 587 924 628 aurum
947 575 1004 624 et
1026 573 1358 639 argentum.
1385 565 1533 636 ignis
1563 564 2154 636 reddetsplendidio-

505 683 637 722 res:
675 659 977 736 pravitatis
1006 664 1202 714 autem
1237 661 1595 728 Operatores,
1633 671 1796 710 more
1833 655 2149 728 lignorum,

505 756 630 812 feni
660 769 726 809 ac
758 750 992 823 stipulae
1051 753 1379 804 consumet.
1413 749 1460 800 Α
1491 745 1730 800 doctore
1789 761 1920 799 vero
1953 743 2054 815 qui
2084 760 2152 799 ea

507 844 708 898 docuit
733 857 864 910 qua}
895 839 1108 892 decent
1163 851 1282 889 non
1324 835 1632 906 exigentur
1663 849 1869 904 poenas,
1904 833 2023 886 imo
2055 847 2150 886 sa-

502 932 626 987 lute
657 931 870 1002 dignus
891 925 1226 990 habebitur,
1261 929 1318 978 et
1347 925 1458 978 hoc
1489 928 1578 977 est
1607 922 1764 992 quod
1795 923 1880 977 ait
1907 937 1920 975 :
1961 943 1988 972 ‹‹
2020 923 2150 992 Ipse

497 1037 634 1078 vero
667 1019 1016 1084 servabitur,
1051 1039 1078 1064 υ
1109 1030 1324 1086 nempe
1357 1013 1458 1084 qui
1489 1013 1681 1079 docet,
1713 1033 1740 1062 ι(
1761 1013 1920 1083 Opus
1951 1017 2150 1066 autem

500 1116 804 1176 exuratur,
839 1131 867 1158 ››
899 1107 1010 1162 hoc
1041 1111 1150 1172 est,
1205 1105 1244 1158 ii
1305 1103 1404 1174 qui
1458 1103 1682 1173 seipsos
1731 1104 2154 1156 exstruxerunt

497 1221 748 1278 pravum
779 1200 1022 1274 Opus.Et
1047 1199 1128 1252 ita
1151 1196 1468 1269 diligenter
1497 1195 1760 1267 legentes
1781 1193 2150 1248 inveniemus

501 1295 937 1366 Scripturarum
961 1288 1318 1346 sententiam
1344 1301 1406 1340 τε(
1431 1285 1488 1340 Si
1509 1285 1680 1356 cujus
1701 1301 1848 1356 opus
1875 1289 2150 1340 exustum

501 1385 700 1449 fuerit,
735 1381 1022 1438 damnum
1051 1379 1346 1450 patietur:
1381 1376 1508 1448 ipse
1541 1391 1674 1430 vero
1709 1374 2038 1429 servabitur
2067 1373 2150 1427 sic

505 1479 702 1530 tamen
733 1479 798 1527 ut
827 1489 932 1542 per
957 1471 1154 1541 ignem
1184 1485 1198 1534 ;
1231 1489 1258 1516 ››
1319 1465 1432 1522 hoc
1487 1471 1597 1530 est,
1661 1471 1932 1520 exustum
1973 1462 2154 1518 fuerit

501 1581 650 1635 opus
683 1563 812 1634 ejus
843 1577 948 1632 per
979 1561 1196 1630 ignem.
1233 1557 1360 1628 Ipse
1393 1571 1526 1610 vero
1560 1555 1907 1619 servabitur,
1937 1569 2150 1624 nempe

499 1652 708 1708 doctor
739 1651 877 1706 ille:
913 1664 1106 1718 neque
1141 1647 1302 1702 enim
1351 1661 1530 1700 causa
1558 1644 1670 1700 fuit
1699 1643 2044 1698 mutationis
2077 1641 2152 1697 ad

497 1741 558 1798 id
589 1741 748 1812 quod
781 1741 950 1813 pejus
983 1745 1090 1794 est.
1119 1737 1262 1792 Nam
1295 1735 1744 1792 convenientem
1775 1734 1902 1805 ipse
1936 1731 2151 1787 doctri-

499 1849 636 1889 nam
667 1831 888 1888 attulit.
915 1829 1124 1885 Verum
1156 1827 1206 1882 si
1237 1843 1370 1896 quis
1403 1825 1552 1880 nolit
1582 1823 1932 1896 particulam
1967 1821 2149 1878 illam.

503 1945 530 1973 ‹‹
567 1921 660 1976 Sic
716 1925 916 1974 tamen
972 1923 1038 1972 ut
1087 1933 1192 1988 per
1240 1917 1458 1987 ignem,
1489 1936 1516 1963 ››
1577 1914 1740 1986 operi
1792 1919 2014 1984 aptare,
2047 1910 2150 1966 sed

504 2010 767 2066 doctori:
803 2015 942 2063 tunc
1001 2006 1084 2061 sic
1142 2003 1477 2076 intelligito,
1515 2003 1672 2072 quod
1731 2019 1836 2074 pro
1879 2001 1997 2056 illis
2029 2015 2150 2056 non

505 2101 816 2173 exigantur
869 2097 941 2152 ab
1003 2112 1070 2150 eo
1124 2111 1349 2166 preme;
1409 2091 1737 2148 servabitur
1793 2097 2011 2150 autem.
2047 2107 2152 2162 per

505 2191 702 2262 ignem
761 2193 820 2242 et
875 2187 999 2258 ipse
1031 2184 1332 2256 probatus.
1365 2189 1565 2237 utrum
1597 2180 1772 2236 vitam
1805 2181 2018 2236 habeat
2047 2179 2152 2234 do-

507 2282 712 2337 ctrinm
733 2281 1186 2348 congruentum.
1207 2297 1232 2324 «
1253 2277 1500 2338 Aurum,
1521 2295 1546 2322 »
1569 2271 1744 2328 {idem
1769 2272 1830 2325 in
1852 2271 2152 2326 Christum

505 2395 532 2423 ι(
565 2373 1013 2440 Argumentum.
1047 2389 1074 2415 ››
1109 2367 1252 2420 Nam
1306 2368 1444 2418 sunt
1499 2369 1554 2417 et
1585 2361 1919 2424 inferiores,
1951 2359 2152 2416 multa;

505 2459 802 2530 siquidem
836 2461 974 2512 sunt
1003 2454 1162 2526 apud
1193 2454 1428 2508 Patrem
1485 2451 1830 2506 mansiones
1860 2449 1926 2504 τ’.
1959 2471 1988 2500 ‹‹
2021 2451 2155 2504 Dies

508 2550 666 2606 enim
691 2545 1073 2602 declarabit.»
1095 2543 1262 2598 Diem
1289 2540 1682 2612 dicitjudicii.
1709 2563 1738 2590 ‹‹
1759 2541 1824 2594 In
1847 2539 1982 2610 igne
2005 2561 2034 2589 »
2059 2553 2158 2594 au-

508 2645 628 2694 tem
667 2637 804 2692 dicit
833 2633 1076 2690 revelari
1110 2647 1319 2704 opera:
1351 2631 1462 2685 hoc
1485 2635 1592 2698 est,
1623 2629 2003 2684 manifestum
2028 2626 2156 2682 ﬁeri

507 2731 678 2788 cuius
711 2727 832 2781 sint
849 2731 1097 2788 naturaa,
1120 2728 1318 2776 utrum
1343 2735 1576 2786 aurum,
1603 2725 1802 2774 utrum
1825 2722 2157 2789 argentum,

507 2819 738 2881 talium,
761 2815 974 2886 inquit,
1000 2812 1151 2884 ignis
1173 2811 1512 2882 probativus
1535 2807 1665 2864 erit.
1688 2829 1716 2858 «
1740 2808 1796 2862 Si
1819 2807 1988 2880 cujus
2010 2823 2159 2878 opus

509 2915 784 2964 exustum
811 2906 1006 2960 fuerit.
1041 2925 1069 2952 »
1103 2903 1158 2958 Si
1211 2902 1401 2974 cujus,
1436 2901 1648 2970 inquit,
1683 2915 1831 2970 opus
1860 2899 1976 2954 vim
2009 2898 2160 2970 ignis

510 3017 630 3056 non
662 3001 886 3066 tulerit,
913 2997 1014 3053 sed
1041 2995 1354 3068 probatum
1377 3011 1444 3050 ac
1467 2993 1798 3049 convictum
1830 2989 2009 3046 fuerit
2032 3005 2159 3045 esse

511 3087 1180 3151 malum.damnum,ait,
1213 3086 1488 3157 patietur.
1513 3085 1716 3154 Itaque
1739 3081 1890 3137 nihil
1925 3079 2164 3152 prodest

511 3181 658 3236 fides
681 3180 1090 3248 recta,absque
1115 3177 1286 3232 bonis
1309 3175 1608 3246 operibus.
1633 3205 1702 3213 —
1723 3183 1891 3228 Anne
1911 3172 1991 3226 ita
2013 3187 2162 3241 quo-

2263 585 2346 628 σις
2375 563 2624 644 ἀκριϐής.
2662 571 2757 624 Καὶ
2809 571 2936 632 τοὺς
2997 569 3090 643 μὶν
3151 567 3206 624 εὖ
3269 563 3628 645 βεϐιωκότας,
3669 570 3890 642 καθάπερ

2264 660 2466 732 χρυσὸν
2497 659 2586 714 καὶ
2637 657 2871 736 ἄργυρον
2916 659 2978 714 τὸ
3029 663 3136 737 πῦρ
3170 655 3587 734 λαμπροτέρους
3619 657 3893 732 ἀποφανεῖ·

2261 749 2390 811 τοὺς
2426 747 2481 804 δὲ
2509 756 2612 820 τῆς
2668 749 2857 812 κακίας
2915 749 3163 826 ἐργάτας,
3225 747 3378 820 δίκην
3433 748 3611 818 ξύλων
3653 745 3739 802 καὶ
3767 747 3894 821 χόρ-

2259 859 2356 894 του
2413 839 2504 894 καὶ
2561 837 2818 913 καλάμης
2874 837 3267 897 καταναλώσει.
3297 839 3360 896 'O
3390 835 3447 892 δὲ
3494 857 3558 912 γε
3589 833 3898 898 διδάσκαλος

2261 929 2326 983 τὰ
2366 932 2714 1004 προσήκοντα
2770 927 3008 1000 διδάξας,
3069 927 3167 985 οὐκ
3223 927 3680 1004 εἶσπραχθήσεται
3730 923 3892 994 δίκας,

2263 1016 2408 1073 ἀλλᾶ
2465 1019 2738 1093 σωτηρίας
2793 1019 3176 1091 ἀξιωθήσεται.
3249 1021 3432 1076 Τοῦτο
3509 1015 3638 1094 γὰρ,
3723 1017 3890 1093 φησὶν,

2263 1132 2291 1159 ‹‹
2351 1107 2532 1170 Αὐτὸς
2590 1105 2647 1162 δὶ
2731 1109 3056 1180 σωθήσεται,
3111 1129 3140 1162 ι
3198 1106 3474 1162 τουτέστιν
3531 1106 3559 1160 ὁ
3619 1101 3892 1160 διδάσκων.

2264 1221 2292 1252 ιι
2321 1199 2396 1255 Τὸ
2435 1195 2492 1252 δὲ
2539 1195 2698 1275 ἔργον
2742 1199 3162 1268 κατακαήσεται,
3215 1221 3244 1250 ››
3294 1196 3412 1252 ἀντὶ
3456 1199 3555 1250 τοῦ
3587 1195 3640 1250 οἱ
3665 1194 3894 1270 πονηρὸν

2261 1287 2486 1350 ἑαυτοὺς
2617 1289 3102 1351 κατασκευάσαντες
3241 1283 3422 1364 ἔργον.
3553 1285 3740 1346 Οὒτως
3841 1279 3892 1338 δὶ

2263 1378 2602 1454 ἀναγνόντες,
2663 1373 2905 1452 ἀκριϐῶς
2963 1377 3272 1453 εὑρήσομεν
3329 1377 3428 1446 τήν
3479 1379 3587 1430 τῶν
3645 1373 3894 1450 γραμμά-

2259 1491 2368 1524 των
2429 1465 2692 1522 διάνοιαν·
2736 1491 2766 1520 «
2819 1463 2892 1524 Εἴ
2941 1487 3089 1530 τινος
3143 1468 3207 1522 τὸ
3263 1461 3421 1542 ἔργον
3489 1465 3900 1536 κατακαήσεται,

2266 1559 2693 1632 ζημιωθήσεται·
2727 1555 2898 1620 οὕτως
2931 1554 3008 1627 δέ,
3067 1557 3141 1620 ὠς
3201 1554 3290 1612 διὰ
3317 1556 3488 1632 πυρὸς
3519 1555 3838 1626 σωθήσεται,
3867 1575 3894 1606 ιι

2262 1648 2382 1704 ἀντὶ
2445 1653 2563 1719 τοῦ,
2629 1649 3092 1718 κατακαυθήσεται
3167 1645 3333 1703 αὐτοῦ
3431 1646 3496 1702 τὸ
3573 1641 3725 1721 ἔργον
3799 1642 3893 1698 ὑπὸ

2259 1743 2358 1794 τοῦ
2414 1739 2607 1816 πυρός.
2668 1737 2841 1800 Αὐτὸς
2900 1733 2957 1792 δὲ
3015 1737 3336 1808 σωτήσεται,
3389 1736 3667 1792 τουτέστιν
3699 1735 3726 1789 ὁ
3765 1729 3899 1787 διδᾶ-

2187 1867 2231 1932 B
2263 1825 2485 1890 σκαλος.
2543 1826 2622 1886 Οὐ
2675 1827 2780 1902 γὰρ
2835 1826 3012 1890 α’ἰτιος
3067 1833 3168 1898 τῆς
3217 1827 3426 1882 τούτων
3487 1824 3578 1880 ἐπὶ
3633 1823 3695 1879 τὸ
3727 1828 3897 1899 χεῖρον

2410 1924 2437 1932 ..
2571 1927 2582 1932 -
2611 1916 2628 1932 .
2675 1915 2688 1932 .
2831 1915 2844 1932 ι
2989 1917 3004 1932 .
3275 1917 3286 1932 .
3563 1911 3589 1932 ει
3623 1911 3646 1932 ιι
3783 1909 3835 1932 κ.
3890 1931 3893 1932 ,

2259 1924 2492 1992 τροπῆς.
2553 1915 2730 1980 Αὐτὸς
2785 1915 2888 1992 γὰρ
2942 1917 3043 1987 τήν
3109 1917 3492 1992 προσήκουσαν
3561 1909 3895 1970 διδασκαλίαν

2259 2009 2650 2084 προσήνεγκεν.
2711 2007 2776 2063 El
2829 2005 2886 2062 δὲ
2941 2028 3026 2070 τις
3077 2005 3140 2062 οὗ
3199 2005 3460 2083 βούλεται
3499 2006 3585 2074 τὸ,
3621 2029 3648 2058 a
3701 2003 3786 2066 Ὠς
3818 1999 3896 2056 διὰ

2258 2098 2447 2172 πυρὸς,
2481 2122 2509 2151 υ
2541 2102 2620 2170 τῷ
2651 2095 2797 2176 ἔργῳ
2849 2097 3252 2172 προσαρμόσαι,
3287 2095 3432 2152 ἀλλᾶ
3461 2101 3546 2168 τῷ
3575 2089 3895 2165 διδασκάλῳ,

2261 2184 2434 2248 οὕτως
2465 2188 2737 2257 νοησάτω,
2799 2187 2882 2240 ὅτι
2941 2185 3074 2262 ὑπὲρ
3135 2186 3232 2261 μὶν
3286 2183 3507 2240 ἐκείνων
3559 2182 3658 2240 οὐκ
3695 2181 3899 2252 εἷσπρα-

2261 2277 2526 2352 χθήσεται
2573 2273 2745 2347 δίκας,
2807 2277 3106 2346 σωθήσεται
3165 2273 3224 2331 δὲ
3279 2272 3370 2330 διὰ
3423 2273 3598 2349 πυρὸς
3627 2271 3714 2328 καὶ
3743 2269 3896 2332 αὐτὸς

2263 2364 2714 2439 δοκιμαζόμενος,
2749 2365 2897 2440 εἷ’περ
2959 2363 3060 2442 ἄρα
3107 2361 3225 2445 ἔχει
3263 2365 3358 2420 τὸν
3405 2365 3524 2441 βίον
3553 2367 3622 2438 τῇ
3655 2359 3898 2418 διδασκα-

2267 2455 2358 2528 λίᾳ
2387 2454 2762 2525 κατάλληλον.
2825 2479 2854 2509 κ
2897 2455 3129 2532 Χρυσόν.
3163 2479 3192 2508 ››
3247 2456 3362 2524 Τὴν
3422 2454 3502 2518 εἰς
3561 2451 3786 2528 Χριστὸν
3815 2446 3897 2504 πί-

2266 2566 2399 2604 στιν’
2455 2571 2484 2600 ‹‹
2543 2551 2836 2624 νΑργυρον.
2895 2568 2922 2600 ι
2987 2545 3110 2603 Εἰσὶ
3165 2543 3267 2621 γὰρ
3325 2545 3418 2600 καὶ
3483 2541 3897 2615 καταδεέστεροι.

2267 2633 2484 2691 Πολλαῖ
2541 2635 2648 2712 γὰρ
2711 2635 2868 2709 μοναὶ
2901 2635 3046 2710 παρὰ
3075 2639 3153 2708 τῷ
3185 2633 3376 2709 Πατρί.
3435 2659 3455 2685 ι
3489 2635 3555 2692 Ἦ
3606 2632 3706 2710 γὰρ
3737 2627 3903 2706 ἡμέρα

2269 2722 2532 2797 δηλώσει.
2571 2749 2592 2776 ι
2659 2723 2896 2799 Ἠμὲραν
2954 2723 3087 2802 φησὶ
3145 2726 3244 2795 τήν
3300 2730 3402 2794 τῆς
3455 2723 3710 2799 κρίσεως.
3769 2742 3790 2770 ι
3823 2719 3902 2773 Ἐν

2267 2813 2397 2890 πυρὶ
2453 2809 2512 2868 δὶ
2582 2811 2727 2888 λέγει
2785 2813 2854 2867 τὰ
2923 2809 3053 2888 ἔργα
3113 2809 3621 2876 ἀποκαλύπτεσθαι,
3677 2804 3905 2864 τουτέστι

2269 2901 2470 2982 ιρανερὰ
2526 2900 2787 2976 γίνεσθαι,
2849 2900 3013 2956 ὁποῖα
3067 2901 3169 2971 τὴν
3228 2901 3384 2979 φύσιν
3441 2900 3610 2970 ἐστὶν,
3645 2897 3743 2974 ἆρα
3777 2915 3904 2972 χρυ-

2269 2993 2382 3058 σὸς,
2416 2991 2516 3066 ἆρα
2549 2987 2823 3068 ἅργυροςς
2874 2995 2981 3046 τῶν
3040 2987 3098 3046 δῖε
3141 2989 3406 3046 τοιούτων
3455 2992 3521 3046 τὸ
3571 2993 3697 3065 πῦρ,
3729 2983 3898 3063 φησὶν,

2272 3080 2603 3157 ἐλεγκτικόν·
2640 3104 2662 3135 ⁸
2699 3079 2767 3137 Εῗ
2823 3101 2970 3146 τινος
3022 3081 3085 3136 τὸ
3142 3074 3297 3157 ἔργον
3337 3087 3753 3152 κατακαήσεται.
3789 3101 3808 3126 ι
3841 3073 3900 3128 Εἳ

2269 3193 2438 3241 τινος,
2471 3171 2624 3252 φησὶ,
2655 3172 2717 3226 τὸ
2767 3167 2924 3246 ἔργον
2985 3169 3085 3226 οὐκ
3136 3167 3272 3226 οἷ’σει
3297 3172 3394 3239 τήν
3426 3175 3526 3227 τοῦ
3558 3168 3721 3244 πυρὸς
3751 3182 3900 3240 προσ-

509 3289 620 3340 que
671 3247 1011 3340 intelligere
1035 3283 1349 3338 possumus
1369 3267 1392 3319 ’ἰ
1423 3265 1512 3319 llli
1547 3263 1786 3334 quidem
1819 3262 1920 3332 qui
1953 3260 2156 3315 silvam

2273 3247 2642 3330 6ολήνξάλλ⁹
2691 3259 3084 3337 ἐλεγχθήσεται
3141 3258 3198 3315 δν
3257 3260 3498 3332 πονηρὸν
3531 3259 3622 3316 καὶ
3651 3253 3898 3322 κατεκαή-

509 3377 614 3414 seu
648 3359 956 3413 materiam
987 3355 1158 3410 facile
1191 3353 1550 3409 exurendam
1583 3343 1974 3417 aediﬁcarunt,
1999 3349 2160 3421 peni-

511 3455 608 3502 tus
641 3447 998 3516 ejiciuntur:
1035 3444 1316 3498 damnum
1353 3443 1510 3496 enim
1557 3442 1864 3512 paliuntur
1893 3440 2158 3494 omnium

515 3552 756 3590 suorum
791 3535 1081 3589 laborum.
1119 3554 1146 3580 «
1187 3534 1309 3601 Ipse
1359 3547 1494 3584 vero
1544 3529 1890 3584 servabitur.
1929 3551 1952 3578 ν
1986 3529 2157 3594 Quis-

509 3643 648 3681 nam
667 3625 816 3690 ?Qui
845 3619 1338 3694 supermdiﬁcavit
1369 3635 1576 3674 aurum
1603 3625 1660 3673 et
1687 3625 1996 3690 argentum
2019 3617 2162 3688 lapi-

508 3717 732 3787 desque
765 3714 1080 3786 pretiosos.
1113 3711 1258 3766 Cum
1287 3709 1442 3763 enim
1473 3708 1544 3763 de
1595 3708 1724 3779 ipso
1756 3707 1974 3762 dixerit
2003 3707 2162 3777 quod

512 3804 848 3860 mercedem
881 3799 1149 3872 accipiet,
1185 3813 1342 3852 nunc
1401 3797 1543 3851 dicit
1591 3813 1768 3866 quam
1801 3797 2156 3862 mercedem,

512 3911 726 3964 neznpe
786 3891 1058 3946 salutem.
1092 3887 1430 3944 Servabitur
1487 3893 1707 3954 autem,
1741 3886 1866 3958 ipse
1925 3902 2160 3956 quoque

511 3983 771 4037 eolorem
801 3995 1034 4052 passus,
1069 3977 1221 4034 sicut
1250 3977 1570 4032 verisimile
1602 3981 1692 4031 est
1721 3975 1792 4030 de
1826 3991 1893 4031 eo
1926 3976 2026 4046 qui
2058 3991 2163 4046 per

513 4071 707 4142 ignem
769 4067 1070 4124 transierit
1121 4067 1351 4137 sibique
1399 4065 1600 4120 unitas
1646 4064 1907 4120 modicas
1955 4064 2162 4119 sordes

513 4159 870 4232 expurgarit.
895 4157 1089 4212 Solius
1113 4171 1369 4226 namque
1393 4155 1494 4210 Dei
1521 4160 1610 4210 est
1631 4154 1888 4227 perfecte
1919 4159 2160 4226 peccato

511 4265 731 4306 carere.
765 4249 919 4305 443
975 4247 1256 4302 Homines
1315 4263 1451 4301 vero
1511 4245 1620 4301 etsi
1679 4261 1856 4316 quam
1901 4245 2159 4300 maxime

501 4339 650 4414 justi
681 4340 923 4408 fuerint,
982 4355 1102 4393 non
1163 4335 1420 4408 perfecte
1477 4336 1606 4408 puri
1667 4340 1823 4390 sunt.
1857 4334 2161 4406 Siquidem

511 4431 736 4486 dictum
769 4435 876 4494 est,
913 4427 1070 4500 quod
1103 4428 1164 4481 in
1221 4426 1426 4480 multis
1483 4425 1740 4480 labimur
1769 4441 1976 4480 omnes
2007 4427 2069 4491 ⁷⁸,
2105 4430 2162 4481 et

511 4543 540 4572 κ
575 4521 782 4576 Nullus
813 4535 1000 4592 purus
1043 4523 1133 4572 est
1160 4533 1194 4572 a
1225 4521 1489 4587 peccato,
1521 4531 1594 4569 ne
1627 4515 1676 4569 si
1707 4514 1888 4569 unius
1919 4513 2160 4585 quidem

2269 3371 2439 3422 σεται,
2471 3351 2902 3422 ζημιωθήσεται,
2951 3349 3131 3429 φησίν.
3183 3351 3324 3425 Ἀρα
3379 3349 3471 3404 οὗν
3530 3345 3683 3405 οὐδὲν
3713 3341 3900 3421 ὠφελιῖ

2271 3440 2452 3504 πίστις
2520 3441 2677 3514 ὀρθή,
2744 3440 2922 3516 χωρὶς
2986 3439 3176 3516 ἔργων.
3241 3473 3309 3482 —
3365 3431 3898 3514 [OIKOI‘MEVIOIZ]

2271 3533 2412 3605 Ἀρα
2447 3531 2523 3606 μῆ
2555 3530 2642 3585 καὶ
2677 3531 2849 3592 οὓτως
2907 3527 3178 3602 δυνάμεθα
3235 3536 3468 3600 νοῆσαι;
3531 3529 3600 3587 Οἱ
3645 3525 3734 3600 μὲν
3763 3521 3901 3578 οἷκο-

2273 3619 2612 3694 δομτςσαντες
2661 3622 2762 3690 τήν
2828 3619 3266 3694 εὖκατάπρηστον
3309 3617 3472 3690 ὕλην,
3532 3616 3714 3674 τέλεον
3771 3605 3902 3667 ἐκϐε-

2272 3705 2524 3780 ϐληνται.
2560 3708 2932 3782 Ἐζημίωνται
2987 3711 3089 3786 γὰρ
3147 3708 3324 3765 πάντα
3379 3709 3561 3764 αὐτῶν
3589 3708 3654 3762 τὰ
3681 3698 3903 3760 σπουδᾶ-

2273 3821 2470 3872 σματα.
2509 3825 2529 3850 ι
2567 3797 2745 3861 Αὐτὸς
2780 3795 2836 3853 δὲ
2895 3785 3220 3870 σωθήσεται.
3253 3823 3282 3851 ››
3337 3798 3470 3868 Τὶςς
3531 3799 3593 3857 '0
3642 3785 3903 3851 ἐποικοδο-

2277 3894 2456 3964 μήσας
2483 3892 2573 3946 τὸν
2605 3891 2810 3966 χρυσὸν
2837 3889 2927 3945 καὶ
2982 3891 3072 3946 τὸν
3133 3889 3392 3966 ἄργυρον,
3423 3889 3514 3946 καὶ
3545 3887 3671 3951 τοὺς
3698 3883 3898 3956 τιμίου)

2275 3981 2479 4043 λίθους.
2535 3979 2716 4036 Εἰπὼν
2774 3979 2878 4055 γὰρ
2935 3979 3059 4056 περὶ
3119 3981 3287 4036 αὐτοῦ
3317 3981 3399 4035 ὅτι
3435 3982 3628 4054 μισθὸν
3663 3977 3897 4048 λήψεται,

2272 4074 2364 4126 νῦν
2424 4068 2573 4146 λέγει
2630 4073 2788 4124 ποῖον
2853 4071 3063 4143 μισθὸν,
3121 4069 3362 4126 τουτέστι
3441 4071 3542 4141 τήν
3623 4059 3896 4136 σωτηρίαν.

2277 4160 2586 4230 Σωθήσεται
2621 4155 2678 4212 δὲ
2723 4179 2782 4234 γε
2840 4155 3132 4223 ἐπωδύνως
3187 4160 3274 4214 καὶ
3333 4158 3518 4227 αὐτὸς,
3552 4159 3627 4220 ὠς
3658 4153 3790 4212 εἰκὸς
3815 4147 3896 4201 τὸν

2276 4248 2365 4306 διὰ
2463 4249 2634 4324 πυρὸς
2733 4250 3016 4325 παριόντα,
3119 4251 3209 4306 καὶ
3301 4239 3748 4326 ἐκκαθαιρόμενον
3817 4237 3897 4292 τὸν

2273 4339 2452 4395 ἐνόντα
2528 4339 2673 4411 αὐτῷ
2753 4339 2963 4416 βραχὺν
3039 4339 3230 4414 ῥύπον.
3309 4343 3442 4396 Θεοῦ
3533 4339 3637 4416 γὰρ
3729 4327 3900 4406 μόνον,

2271 4431 2334 4486 τὸ
2400 4429 2603 4491 τελέως
2669 4415 3072 4504 ἀναμάρτητον.
3139 4429 3208 4488 Ol
3276 4427 3333 4485 at
3393 4415 3666 4506 ἂνθρωποι
3705 4417 3796 4478 κᾶν
3826 4415 3900 4506 εει

2279 4517 2514 4594 μάλιστα
2573 4519 2676 4572 ὦσι
2761 4501 2986 4589 δίκαιοι,
3068 4517 3134 4574 οὐ
3219 4517 3407 4575 τέλεόν
3490 4501 3598 4574 εἶσι
3669 4501 3900 4594 καθαροί·

514 4611 630 4666 (1ἱεὶ
663 4611 738 4665 sit
767 4611 886 4664 vita
917 4609 1046 4681 ejus
1075 4606 1142 4662 ⁷⁷.
1175 4629 1204 4657 ››
1239 4609 1380 4662 Nam
1415 4605 1714 4660 Malachim
1747 4605 1968 4660 dictum
2000 4612 2092 4660 est
2117 4605 2156 4640 τε

2275 4607 2501 4684 Εἴρηται
2563 4610 2663 4685 γὰρ
2721 4608 2806 4664 ὅτι
2863 4607 3050 4666 πολλᾶ
3103 4608 3370 4682 πταίομεν
3433 4609 3650 4674 πάντες,
3681 4599 3768 4658 καὶ
3821 4589 3902 4685 οὖς

513 4701 672 4770 quod
703 4707 987 4771 tanquam
1021 4699 1218 4771 ignem
1251 4697 1311 4750 in
1337 4695 1598 4762 fornace,
1619 4700 1676 4749 et
1707 4701 1989 4764 tanquam
2013 4693 2158 4749 her-

513 4788 649 4844 ham
681 4789 976 4845 fullonum
1001 4785 1289 4858 quosdam
1311 4784 1516 4840 abluet
1543 4791 1692 4838 Ueus
1715 4789 1772 4838 et
1801 4783 2157 4854 purificabit.

518 4897 540 4926 ι
573 4879 702 4948 Ipse
733 4893 866 4931 vero
901 4875 1246 4932 servabitur.
1289 4893 1314 4924 ι
1353 4871 1516 4939 Quod
1566 4871 1648 4927 ait
1678 4895 1704 4920 ‹‹
1739 4871 2095 4940 Servabitur,
2133 4895 2160 4922 ››

513 4965 888 5020 tantumdem
923 4970 1012 5020 est
1041 4981 1108 5020 ac
1140 4965 1188 5018 si
1219 4963 1415 5018 dicat:
1451 4963 1574 5016 Non
1609 4961 1850 5016 tolletur
1880 4977 1910 5016 e
1941 4961 2158 5032 medio,

511 5071 706 5124 neque
727 5059 1054 5108 revertetur
1079 5053 1138 5108 in
1165 5049 1946 5122 nihilum,quemadmodum
1971 5069 2160 5124 prava)

513 5145 642 5216 ejus
671 5144 956 5198 actiones.
991 5145 1130 5198 Nam
1160 5144 1284 5198 haec
1315 5159 1500 5212 usque
1535 5141 1608 5196 ad
1640 5141 1698 5196 id
1741 5147 1974 5213 tempus
2006 5143 2159 5197 exsi-

511 5235 792 5292 stentiam
823 5234 1044 5288 habere
1081 5233 1430 5288 videbantur
1485 5237 1544 5287 et
1600 5232 1856 5300 ﬁebant;
1890 5234 2161 5288 veniente

509 5333 706 5382 autem
741 5343 811 5381 eo
842 5325 936 5380 die
967 5331 1026 5380 et
1055 5325 1205 5398 igne,
1241 5325 1382 5396 ipsa)
1423 5323 1667 5394 quidem
1697 5341 1860 5378 vana:
1895 5329 1952 5379 et
1981 5341 2161 5380 cassa)

513 5419 874 5482 efﬁciuntur,
907 5433 1096 5488 neque
1131 5416 1384 5486 amplius
1417 5413 1542 5470 fieri
1583 5421 1867 5486 possunt:
1901 5421 2162 5471 attamen

513 5509 688 5566 homo
719 5509 819 5580 qui
843 5508 978 5563 illas
1002 5513 1278 5579 operatus
1311 5511 1418 5572 est,
1453 5521 1574 5560 non
1599 5504 1775 5560 simul
1807 5521 1940 5561 cum
1966 5505 2052 5562 eis
2075 5507 2161 5562 in-

579 5697 625 5737 "
654 5699 818 5759 Joan.
851 5714 962 5767 xxv,
991 5699 1048 5757 2.

2273 4680 2382 4762 Bai:
2413 4680 2647 4774 καθαρὸς
2715 4697 2822 4754 ἀπο
2885 4699 3176 4774 ἁμαρτίας,
3245 4680 3360 4754 οὖδ⁹
3425 4697 3485 4753 ἂν
3555 4697 3652 4772 μία
3679 4680 3901 4774 ἡμέρῆδ

2273 4788 2392 4863 βίος
2421 4769 2612 4843 αὐτο-ὖ.
2649 4787 2880 4861 Εἴρηται
2926 4769 3041 4867 γὰρ
3107 4769 3194 4844 καὶ
3263 4792 3341 4860 τῷ
3406 4769 3696 4862 Μαλαχίᾳ,
3727 4780 3804 4867 ὅτι
3831 4769 3900 4867 ὦς

2270 4882 2377 4952 πῦρ
2441 4875 2492 4931 ἐν
2564 4879 2926 4953 χωνευτηρίῳ
2990 4879 3080 4933 καὶ
3145 4877 3282 4934 πόαν
3351 4877 3685 4940 πλυνόντων,
3723 4859 3904 4924 πλυνεῖ

2270 4967 2362 5021 καὶ
2393 4967 2670 5041 καθαρίσει
2721 4967 2749 5022 ὁ
2799 4969 2932 5028 Θεός
2973 4987 3142 5032 τινας.
3193 4993 3222 5020 ι(
3253 4967 3428 5031 Αὐτὸς
3453 4963 3510 5021 δὲ
3539 4963 3900 5041 aediﬁcatam?

2273 5089 2339 5099 --
2371 5035 2588 5130 [d’QTI]
2619 5057 2690 5112 Τὸ
2721 5081 2748 5108 (ι
2783 5059 3119 5128 Σωοήσεται,
3147 5081 3176 5110 »
3199 5056 3474 5112 τουτέστιν
3505 5057 3602 5111 οὐκ
3631 5035 3904 5130 ἆφανισθτξ·

2273 5165 2444 5217 σεται,
2487 5143 2612 5200 οὐδὲ
2653 5145 2728 5208 εἷς
2767 5146 2830 5201 τὸ
2873 5147 2949 5221 μή
3017 5147 3076 5202 ὅν
3143 5148 3414 5222 χωρήσει,
3456 5143 3636 5218 ὥσπερ
3673 5123 3726 5194 ἀί
3783 5123 3905 5227 “Pi:

2273 5239 2380 5308 ξεις
2419 5236 2587 5290 αὐτοῦ
2652 5236 2706 5290 αἱ
2773 5234 3030 5311 πονηραί.
3099 5236 3272 5292 Λῦται
3309 5238 3433 5312 γὰρ,
3481 5233 3644 5310 μέχρι
3688 5227 3776 5302 μὲν
3812 5231 3902 5316 'coU‘

2271 5330 2465 5397 καιροῦ
2541 5323 2768 5398 ἐκείνου,
2845 5329 2946 5396 τὴν
3021 5325 3245 5402 ὓπαρξιν
3314 5325 3463 5400 ἔχειν
3539 5323 3752 5379 ἐδοκουν
3821 5319 3903 5402 καξ

2275 5412 2626 5490 ἐπράττοντο.
2695 5415 2998 5487 Ἐλθούσης
3039 5415 3096 5472 δὲ
3135 5387 3242 5487 ¹’τῆς
3283 5387 3498 5492 ἡμερας
3565 5387 3904 5492 ἐκείνης-πείἱ

2275 5508 2374 5561 τοῦ
2406 5504 2599 5582 πυρὸς,
2633 5505 2791 5562 αὗται
2844 5507 2939 5582 μὲν
2999 5505 3228 5586 φροῦδοι
3285 5505 3563 5584 γεγόνασι,
3597 5500 3726 5577 μήτε
3755 5485 3907 5548 εἶναι,

1122 5693 1170 5736 7‘
1197 5695 1318 5754 Jac.
1350 5707 1432 5766 ιιι,
1460 5693 1516 5750 2.
1593 5689 1642 5730 ⁷⁷
1669 5691 1798 5753 Job.
1837 5709 1950 5764 XIV.
1981 5695 2040 5766 4,
2069 5695 2126 5764 5,

2266 5739 2278 5758 .
2309 5695 2477 5756 Lxx.
2553 5695 2602 5736 τε
2627 5695 2872 5758 ιιαιειοιι.
2906 5701 2993 5771 m,
3025 5699 3079 5772 2,
3111 5699 3165 5756 ε.

3783 349 3894 409 616
3989 397 3994 400 _
