4188 6196
326 357 450 418 677

1307 352 1714 418 COMMENT.
1761 353 1837 415 lN
1883 353 2128 417 EPIST.
2180 359 2197 418 l
2245 359 2349 420 AD
2393 359 2760 423 CORINTH.

3615 358 3735 422 678

337 489 483 563 μήτε
539 486 863 562 πρᾶττεσθαι
922 486 1230 562 δυναμεναιε
1287 490 1351 548 '0
1412 489 1506 564 μὲν
1560 510 1645 545 τοι
1698 507 2010 564 καταπρα-⁴

2122 490 2411 559 erimitur,
2446 493 2548 549 sed
2573 496 2775 551 manet
2804 510 2871 551 ac
2889 497 3173 557 servatur.
3209 510 3414 568 poenas
3434 494 3605 553 luens
3634 513 3742 569 per

336 578 570 654 ζάμενος
598 579 768 641 αὐτας
826 576 1137 655 ἅνθρωπος,
1196 580 1259 637 οὗ
1318 586 1710 656 συναναιρεῖται
1767 578 1989 645 ταύταις

331 670 424 725 καὶ
481 668 815 750 ἀφανίζεται,
876 666 1024 725 ἀλλὰ
1085 671 1232 743 μὲνει
1289 668 1378 727 καί
1431 671 1681 740 σώζεται,
1739 672 1838 740 τήν
1899 667 1989 724 διὰ

339 758 513 834 πυρὸς
547 756 710 830 δίκην
738 759 941 821 τιννῦς.
977 760 1074 815 Διὰ
1104 765 1267 816 τοῦτο
1317 761 1422 838 γὰρ
1474 759 1660 827 εἰπὼν,
1719 781 1750 815 ιι
1792 760 1987 829 Σωθή-

335 871 508 920 σεται,
549 874 577 900 υ
607 848 883 927 ἐπήγαγεν
924 849 1237 925 ὶρμηνεύων
1288 855 1406 914 πῶς
1454 852 1780 919 σωθήσεται,
1820 872 1848 900 ι(
1882 846 1991 906 0'3—

339 960 450 1002 τως
482 939 559 1001 ὡς
583 936 673 994 διὰ
702 939 895 1013 πυρὸς,
932 963 959 990 »δ
1017 939 1313 1010 τουτέστιν,
1371 938 1448 1002 είς
1496 944 1658 995 τοῦτο
1701 937 1843 1011 μένει
1898 937 1989 993 καὶ

342 1032 598 1101 σώζεται,
638 1028 717 1092 είς
771 1030 834 1085 τὸ
892 1026 983 1084 διᾶ
1034 1030 1208 1105 πυρὸς
1262 1027 1355 1085 τὸν
1415 1030 1585 1084 αἰῶνα
1639 1026 1989 1099 κολάζεσθαι.

336 1122 428 1178 Ἐν
561 1120 822 1196 ἑρμηνείᾳ
875 1124 972 1176 τοῦ
1008 1119 1252 1184 Ἡσαΐου.
1286 1122 1315 1176 6
1346 1119 1398 1176 ἐν
1454 1121 1632 1197 ἁγίοις
1682 1120 1992 1192 Βασίλειος,

341 1205 592 1284 δεύτερον
621 1208 978 1282 ἐπιμνησθεὶς
1027 1214 1125 1265 τοῦ
1173 1208 1365 1285 ῥητοῦ,
1415 1207 1503 1265 ἐπὶ
1560 1208 1815 1283 καθάρσει
1862 1208 1993 1263 αὐτὸ

339 1296 575 1369 ἑδέξαεο.
609 1322 638 1349 ‹‹
673 1300 763 1362 Ὠς
819 1294 908 1353 διὰ
960 1298 1152 1372 πυρός.
1192 1324 1213 1349 ο
1272 1297 1415 1356 Ὀλα
1475 1302 1865 1378 μεταφπρικῶς
1925 1298 1995 1353 εἷο

335 1410 460 1457 πεν,
482 1386 609 1444 ἀλλ’
641 1389 760 1463 δρα’
794 1388 921 1464 Οὐχ
949 1385 1132 1463 ὥσπερ
1186 1389 1250 1444 τὸ
1307 1388 1528 1469 φορτίον
1574 1389 1764 1443 καυθὶν
1815 1387 1893 1451 είς
1930 1388 1994 1443 τὸ

343 1476 516 1554 μηδὲν
551 1480 798 1559 χωρήσει
830 1477 921 1534 καὶ
961 1477 1144 1545 αὐτὸς,
1183 1476 1330 1535 ἀλλὰ
1351 1479 1443 1546 τίς
1500 1502 1531 1529 ‹‹
1562 1478 1734 1541 Αὐτὸς
1783 1474 1842 1533 δὲ
1882 1498 1994 1533 σω-

341 1569 588 1639 θήσεται,
623 1590 651 1619 ››
708 1568 994 1642 Σωτηρίαν
1055 1565 1267 1637 καλῶν,
1320 1569 1422 1637 τήν
1477 1566 1562 1623 ἀεὶ
1619 1566 1675 1622 ἐν
1732 1572 1812 1641 τῷ
1863 1566 1996 1642 πυρὶ

344 1660 514 1729 ζωὴν,
569 1656 661 1713 καὶ
712 1657 775 1713 τὸ
831 1656 883 1713 ἐν
943 1656 1093 1732 αῦτῷ
1151 1656 1527 1728 διασώζεσθαι.
1595 1659 1735 1732 Ὅρα
1789 1660 1891 1733 γὰρ
1944 1657 1997 1713 τί

340 1743 700 1823 προσέθηκεν.
736 1746 927 1810 Οὕτως
959 1745 1039 1818 δὲ,
1081 1748 1268 1827 φησὶν,
1323 1750 1399 1811 ὡς
1457 1745 1547 1803 διὰ
1594 1749 1787 1822 πυρὸς,
1835 1768 1996 1804 τουτ-

342 1840 509 1909 έστιν,
568 1837 743 1901 οὕτως
787 1840 1154 1908 ’σωθήσεται,
1208 1837 1284 1899 ὡς
1342 1837 1394 1892 iv
1457 1838 1586 1910 πυρὶ
1665 1839 1998 1911 σωζόμενος,

337 1929 586 1986 τουτέστι
648 1928 1098 2002 κατακαιόμενος,
1176 1928 1269 1983 καὶ
1368 1928 1444 1997 μὴ
1547 1925 1997 2001 ἀναλισκόμενος.

337 2021 457 2077 Ἱνα
517 2019 622 2096 γὰρ
689 2019 767 2092 μὴ
827 2016 1101 2092 σωτηρίαν
1160 2016 1397 2083 ἀκούων,
1453 2021 1532 2089 τῷ
1588 2017 1826 2095 εὐφήμῳ
1903 2022 2000 2073 τοῦ

2096 580 2315 654 ignem.
2351 581 2434 637 Ob
2467 582 2576 638 hcc
2610 585 2770 639 enim
2802 601 2935 640 cum
2968 584 3231 649 dixisset,
3265 608 3291 633 α
3320 584 3675 653 Servabitur,
3709 609 3739 638 ››

2098 671 2403 745 subjungit
2434 671 2747 730 declarans
2780 673 3076 746 quomodo
3100 674 3467 731 servabitur:
3494 698 3518 725 ιι
3544 676 3741 732 Sicta-

2098 776 2235 815 men
2275 765 2340 816 ut
2367 778 2473 833 per
2500 763 2715 837 ignem,
2751 788 2777 813 ››
2810 764 2919 819 hoc
2951 772 3059 825 est,
3093 765 3165 819 ad
3186 764 3295 820 hoc
3318 771 3598 821 manetet
3619 782 3743 820 ser-

2097 858 2267 908 vatur
2294 858 2359 907 ut
2389 869 2496 925 per
2526 856 2722 928 ignem
2754 856 3039 927 puniatur
3068 856 3127 910 in
3153 856 3458 913 smculum.
3489 859 3550 911 In
3573 855 3745 912 inter.

2099 944 2432 1016 pretatione
2468 945 2632 1000 Isaias
2663 946 2831 1000 divus
2865 946 3120 1001 Basilius
3169 946 3324 1002 facta
3369 946 3550 1018 hujus
3591 943 3753 1001 verbi

2098 1035 2425 1098 mentione,
2449 1050 2556 1105 pro
2579 1032 2992 1105 purificatione
3017 1034 3212 1106 ipsum
3231 1034 3461 1106 accipit.
3497 1056 3525 1084 ‹‹
3561 1036 3630 1091 Ut
3648 1050 3756 1107 per

2100 1123 2317 1196 ignem.
2351 1144 2378 1171 »
2410 1123 2621 1180 Omnia
2650 1125 3055 1196 metaphorice
3086 1124 3267 1179 dixit:
3300 1124 3404 1179 sed
3426 1124 3554 1180 vide
3584 1141 3597 1181 :
3626 1126 3753 1179 Non

2103 1214 2271 1285 quasi
2295 1213 2440 1269 facis
2463 1220 2704 1270 exustus
2728 1214 2801 1270 ad
2823 1214 3080 1270 nihilum
3105 1214 3427 1288 redigetur,
3444 1214 3547 1271 sed
3571 1215 3714 1287 quid
3730 1214 3758 1272 Ἰ

2105 1325 2134 1354 ‹‹
2165 1304 2296 1375 Ipse
2327 1320 2461 1359 vero
2502 1303 2850 1359 servabitur.
2886 1327 2914 1355 ››
2975 1305 3491 1361 Conservationem
3542 1321 3756 1361 vocans

2102 1393 2279 1448 vitam
2304 1409 2434 1465 quae
2458 1410 2693 1466 semper
2719 1394 2780 1448 in
2804 1394 2937 1467 igne
2967 1401 3173 1467 agetur
3204 1401 3261 1450 et
3289 1395 3481 1467 ipsum
3516 1410 3757 1451 conser-

2102 1483 2223 1539 vari
2246 1484 2307 1538 in
2340 1483 2465 1541 illo.
2494 1486 2639 1539 Nam
2668 1483 2799 1539 vide
2831 1483 2973 1555 quid
2995 1484 3329 1540 addiderit:
3357 1485 3668 1541 Sictamen
3689 1489 3757 1540 ut

2104 1590 2211 1646 per
2239 1573 2435 1646 ignem
2463 1590 2475 1628 :
2508 1573 2621 1629 hoc
2654 1579 2763 1642 est,
2792 1573 2873 1629 ita
2903 1574 3230 1629 servabitur
3254 1581 3318 1629 ut
3364 1575 3464 1647 qui
3518 1575 3578 1630 in
3620 1575 3754 1648 igne

2107 1667 2391 1726 servatur,
2416 1662 2476 1718 id
2499 1668 2607 1730 est,
2642 1663 2909 1718 exuritur
2928 1680 3036 1719 nec
3060 1665 3447 1719 consumitur.
3486 1666 3566 1720 Ne
3594 1665 3756 1720 enim

2108 1753 2619 1808 conservationem
2643 1752 2912 1822 audiens,
2937 1752 3011 1808 ob
3034 1754 3255 1809 bonum
3279 1753 3541 1808 nominis
3556 1770 3755 1822 omen,

2108 1841 2413 1896 existimes
2427 1842 2785 1913 supplicium
2802 1859 2980 1915 opera
2993 1842 3279 1898 duntaxat
3292 1842 3587 1898 resdicere
3610 1858 3758 1914 opus

2110 1929 2223 1985 fuit
2247 1930 2357 1986 hac
2380 1930 2711 1987 additione:
2741 1937 2755 1985 1
2766 1949 2868 2004 pse
2891 1931 3219 1988 servabitur
3240 1949 3347 2005 per
3371 1932 3569 2005 ignem
3603 1948 3761 1988 sem-

2112 2037 2219 2093 per
2238 2020 2473 2077 ardens.
2507 2022 2649 2076 Nam
2678 2020 2789 2077 hoc
2811 2022 3107 2095 signiﬁcat
3136 2021 3315 2078 dictio
3339 2021 3434 2088 ὡς,
3459 2022 3517 2077 id
3541 2026 3649 2085 est,
3674 2026 3755 2090 ut,

342 2108 610 2181 ὀνόματος
668 2109 907 2184 νομίσῃς
963 2108 1096 2187 ἄχρι
1149 2112 1247 2163 τοῦ
1292 2107 1360 2163 τὰ
1413 2100 1548 2185 ἔργα
1591 2114 1923 2178 κατακαῆναι
1968 2109 2069 2179 τήν
2123 2108 2393 2184 τιμωρίαν
2440 2108 2597 2183 εἶναι,
2650 2106 2848 2182 ἐδεήθη
2899 2109 3103 2183 ταύτης
3148 2117 3250 2181 τῆς
3295 2112 3637 2188 προσθήκης,
3696 2124 3765 2180 τὸ

342 2197 523 2258 Αὐτὸς
555 2199 866 2268 σωθήσεται
897 2194 986 2252 διὰ
1015 2199 1185 2273 πυρὸς
1215 2197 1505 2270 καιόμενος
1535 2196 1640 2270 ἀεὶ,
1671 2202 1836 2254 τοῦτο
1889 2196 1993 2276 γὰρ
2024 2195 2191 2269 δηλοῖ
2219 2196 2282 2254 τὸ
2313 2198 2406 2261 ὡς.

419 2288 538 2346 Οὔκ
596 2284 783 2343 οἴδατε
838 2286 925 2342 ὅτι
981 2286 1106 2349 ναὸς
1158 2291 1293 2343 Θεοῦ
1372 2285 1511 2357 ἐστε,
1565 2286 1657 2343 καὶ
1710 2288 1775 2342 τὸ
1844 2290 2007 2344 Ηνεῦ-

357 2399 433 2452 μα
462 2381 560 2433 τοῦ
606 2382 743 2433 Θεοῦ
801 2377 941 2432 οἰκεῖ
999 2376 1051 2433 iv
1109 2378 1276 2451 ὑμῖν;
1342 2375 1389 2432 ε⁹ί
1442 2398 1526 2441 τις
1577 2378 1669 2433 τὸν
1724 2378 1849 2433 ναὸν
1909 2382 2007 2433 τοῦ

352 2465 490 2523 Θεοῦ
539 2466 766 2547 φθείρει,
825 2472 1010 2545 φθερεῖ
1066 2471 1258 2523 τοῦτον
1313 2468 1341 2522 6
1398 2468 1549 2529 Θεός.
1608 2468 1670 2525 '0
1724 2466 1824 2543 γὰρ
1881 2468 2009 2533 ναὸς

349 2560 450 2612 τοῦ
512 2558 647 2613 Θεοῦ
712 2555 866 2632 ’ἅγιός
958 2554 1124 2630 ἐστιν,
1195 2554 1385 2620 οἵτινές
1450 2554 1566 2612 ἐστε
1635 2557 1813 2630 ὑμεῖς.
1881 2563 2006 2629 Μη-

354 2643 468 2710 δεὶς
520 2647 711 2702 ἑαυτὸν
780 2646 1117 2718 ἐξαπατάτω.
1185 2645 1257 2703 Εἴ
1304 2667 1387 2709 τις
1443 2644 1594 2701 δοκεῖ
1647 2645 1817 2725 σοφὺς
1872 2648 2006 2703 εἶναι

351 2735 406 2792 iv
468 2736 618 2810 ὑμῖν,
672 2735 725 2791 iv
779 2740 857 2809 τῷ
903 2737 1065 2791 αἰῶνι
1120 2737 1323 2810 τούτῳ,
1386 2736 1571 2811 μωρὸς
1633 2735 1865 2811 γενέσθω
1914 2733 2007 2792 ’ίνα

350 2827 579 2904 γένηται
640 2827 826 2905 σοφός,
884 2831 949 2884 Ἡ
1002 2828 1110 2902 γὰρ
1167 2826 1329 2907 σοφία
1385 2830 1483 2882 τοῦ
1531 2824 1743 2901 κόσμου
1807 2826 2005 2883 τοῦτου

358 2918 542 2992 μωρία
570 2918 719 2994 παρὰ
746 2923 826 2991 τῷ
853 2923 971 2992 Θεῷ
997 2917 1165 2986 ἐστιν,

427 3008 529 3071 Εἰς
560 3009 653 3065 τὸν
683 3008 1086 3082 πεπορνευκότα
1116 3007 1194 3071 είς
1240 3008 1341 3077 τήν
1403 3008 1670 3083 μητρυιὰν
1730 3003 2002 3064 εἰσϐαλεῖν

357 3098 510 3155 θέλει
538 3097 756 3167 λοιπὸν,
787 3097 877 3153 γαὶ
911 3097 1011 3175 ὅρα
1060 3102 1178 3159 πῶς
1236 3094 1491 3174 ἆρμοδίῳ
1539 3098 1808 3174 κέχρηται
1865 3118 2006 3174 προ-

357 3189 554 3263 οιμίῳ,
596 3189 957 3265 ἐντρεπτικῶς
1002 3187 1194 3250 αὐτοῖς
1251 3185 1461 3245 λαλῶν.
1508 3210 1536 3240 «
1569 3187 1671 3245 Καὶ
1722 3188 1784 3243 τὸ
1837 3191 2006 3242 Πνεῦ-

363 3300 439 3353 μα
467 3282 567 3334 τοῦ
596 3282 730 3334 Θεοῦ
761 3276 903 3333 οῗκεῖ
941 3276 994 3334 iv
1051 3278 1205 3353 ὑμῖν.
1244 3302 1266 3329 ι
1322 3276 1567 3334 Ἐπαίοει
1618 3277 1682 3335 τὸ
1748 3272 2007 3353 ἔγκλημα

2188 2290 2287 2357 ΙΙΙ,
2326 2291 2511 2347 16-19.
2542 2290 2624 2346 Αη
2653 2293 2873 2347 nescitis
2902 2292 3053 2363 quod
3083 2291 3343 2363 templum
3372 2293 3473 2348 Dei
3512 2294 3651 2364 sitis,
3710 2300 3763 2350 et

2116 2378 2359 2447 Spiritus
2389 2378 2488 2432 Dei
2516 2378 2723 2434 habitet
2751 2378 2811 2434 in
2840 2378 3038 2435 vobis?
3080 2379 3145 2436 Si
3189 2382 3312 2451 quis
3361 2380 3621 2453 templum
3665 2383 3763 2438 Dei

2109 2469 2400 2537 profanat,
2460 2467 2603 2523 hunc
2651 2468 2847 2539 perdet
2910 2471 3068 2526 Deus.
3132 2470 3267 2525 Nam
3339 2472 3601 2542 templum
3668 2473 3766 2528 Dei

2115 2565 2361 2615 sanctum
2391 2566 2487 2631 est,
2519 2560 2669 2632 quod
2698 2564 2826 2618 estis
2855 2578 2967 2619 vos.
2999 2564 3161 2619 Nemo
3190 2566 3427 2635 seipsum
3452 2564 3641 2633 fallat.
3697 2564 3762 2620 Si

2116 2651 2238 2720 quis
2263 2650 2481 2706 videtur
2533 2652 2679 2706 inter
2720 2668 2813 2708 vos
2869 2655 3087 2724 sapiens
3132 2669 3241 2709 esse
3288 2655 3346 2708 in
3400 2653 3498 2709 hoc
3538 2653 3758 2721 saeculo,

2114 2740 2313 2795 stultus
2349 2744 2448 2811 ﬁat
2498 2747 2560 2795 ut
2598 2743 2672 2797 sit
2726 2742 2962 2812 sapiens.
3022 2741 3314 2814 Sapientia
3368 2745 3511 2800 enim
3567 2741 3761 2797 mundi

2117 2830 2283 2901 hujus
2319 2830 2561 2887 stultitia
2591 2838 2669 2887 est
2699 2848 2882 2887 coram
2910 2832 3037 2889 Deo.

2188 3012 2344 3066 444
2377 3010 2590 3067 Volens
2633 3016 3069 3083 consequenter
3120 3011 3400 3068 adversus
3446 3011 3615 3068 illum
3659 3011 3759 3067 de-

2118 3098 2357 3155 flectere
2400 3116 2757 3165 sermonem,
2790 3101 2889 3172 qui
2922 3117 3055 3157 cum
3087 3118 3341 3157 n0verca
3370 3101 3762 3158 scortabatur.

2119 3186 2252 3243 vide
2276 3205 2453 3259 quam
2477 3195 2613 3261 apto
2633 3190 2709 3245 sit
2728 3207 2870 3246 usus
2900 3190 3349 3263 prooemiacum
3366 3190 3766 3247 sollicitudine

2128 3292 2305 3348 quam
2329 3276 2401 3331 de
2422 3277 2566 3348 ipsis
2588 3276 2768 3333 habet
2787 3295 2887 3332 eos
2908 3278 3239 3350 alloquens.
3258 3302 3283 3328 ‹«
3302 3280 3370 3333 Ει
3392 3278 3633 3350 spiritus
3665 3276 3768 3332 Dei

361 3369 470 3424 ἀπὸ
535 3376 637 3439 τῆς
702 3366 931 3443 δωρεᾶς,
997 3368 1268 3435 τουτέστι,
1331 3375 1434 3438 τῆς
1526 3368 1854 3441 ἐνοικήσεως
1912 3373 2010 3425 τοῦ

2122 3365 2350 3421 habitat
2378 3365 2439 3420 in
2469 3366 2652 3422 vobis.
2681 3390 2708 3417 »
2732 3369 3045 3423 Peccatum
3066 3373 3326 3435 augetex
3351 3367 3528 3434 dono,
3554 3382 3769 3438 nempe

360 3458 691 3530 Ιίνεύματος.
746 3490 809 3503 —
872 3460 1419 3533 [OIKOI‘MENIOI‘J
1479 3458 1540 3515 Ei
1599 3455 1657 3513 δὲ
1713 3458 1840 3522 ναὸς
1880 3462 2015 3514 Θεοῦ

362 3568 547 3625 ἴσμεν,
581 3544 768 3616 ἐπειδὴ
801 3547 864 3601 τὸ
896 3542 1116 3619 Ηδεῦμα
1142 3551 1239 3602 τοῦ
1270 3552 1405 3602 Θεοῦ
1437 3546 1579 3602 οἰκεῖ
1613 3546 1667 3603 iv
1697 3550 1855 3621 ἡμῖν,
1914 3547 2017 3624 ’ἀρα

361 3640 494 3699 Θεὸς
522 3637 584 3693 τὸ
647 3641 888 3711 Πνεῦμα.
952 3640 1151 3712 Φθερεῖ
1200 3638 1453 3700 τοῦτονὸ
1486 3638 1636 3699 Θεός.
1691 3638 1822 3695 Οῖον
1880 3636 2015 3693 ἀπο-

364 3724 475 3782 λεῖ.
512 3728 689 3784 Τοῦ-ιο
748 3724 827 3797 δὲ,
883 3725 950 3782 οὗ
997 3726 1410 3802 καταρωμένου,
1460 3724 1608 3781 ἀλλᾶ
1645 3727 1709 3783 τὸ
1764 3726 2019 3803 ἐσόμενον

359 3814 758 3894 προλέγοντος.
795 3840 825 3869 ιι
853 3819 912 3874 '0
955 3816 1060 3891 γὰρ
1106 3816 1234 3879 ναὸς
1275 3820 1374 3871 τοῦ
1423 3821 1559 3872 Θεοῦ
1608 3816 1765 3895 ἅγιός
1824 3816 1958 3873 ἐστι.
1988 3843 2012 3874 ι

364 3908 670 3983 Τοιγαροῦν
741 3903 930 3975 ἐπειδὴ
991 3906 1146 3979 ἅγιός
1205 3903 1346 3961 ἐστιν
1403 3905 1612 3974 ὁναὸς,
1666 3907 1818 3982 ἅγιον
1876 3904 2020 3983 ἔχων

365 3997 459 4052 τὸν
524 3994 855 4065 ἐνοικοῦντα,
918 3994 980 4050 οὐ
1039 3991 1260 4050 δύναται
1344 3996 1487 4050 εἶναι
1544 3996 1573 4051 6
1631 3995 1833 4068 πόρνος
1897 3996 2024 4061 ναὸς

368 4091 525 4142 Θεοῦ.
560 4085 660 4148 Τίς
694 4083 751 4140 δὲ
784 4085 813 4140 6
848 4088 946 4140 τοῦ
976 4089 1111 4140 Θεοῦ
1137 4083 1262 4145 ναός
1291 4102 1305 4153 ;
1337 4084 1519 4159 Ὑμεῖς
1554 4081 1793 4156 δηλαδὴ,
1828 4085 1878 4141 εἴ
1923 4107 2021 4141 κα-

373 4176 530 4251 θεροὶ
574 4176 816 4248 μείνητε.
882 4197 907 4228 ε
956 4171 1160 4245 Μηδεὶς
1219 4174 1407 4229 ἑαυτὸν
1463 4175 1798 4244 ἐξαπατάτω.
1832 4200 1861 4228 ››
1913 4177 2022 4234 Νο-

375 4266 550 4339 μίζων
582 4263 723 4320 αλλο
753 4285 807 4319 τι
837 4265 971 4319 εἶναι
1022 4264 1170 4338 παρᾶ
1214 4263 1282 4317 τὰ
1331 4261 1613 4339 εἰρημένα.
1654 4264 1841 4341 φησίν.
1904 4284 1927 4315 ε
1958 4262 2031 4322 Εἴ

367 4376 453 4416 τις
482 4350 635 4410 δοκεῖ
655 4353 826 4430 σοφὸς
857 4354 1016 4409 εἶναι.
1055 4376 1080 4403 ›;
1143 4351 1359 4428 Σοφοὺς
1418 4349 1639 4405 ἐνταῦθα
1693 4349 1855 4407 καλεῖ
1898 4351 2027 4415 τοὺς

366 4443 467 4512 τήν
499 4442 838 4516 ἀνθρωπίνην
871 4440 1058 4518 σοφίαν
1093 4437 1346 4519 ἔχοντας.
1401 4464 1428 4490 (ι
1464 4438 1665 4513 Μωρὸς
1713 4440 1964 4516 γενέσθω,
1998 4467 2027 4495 ››

364 4532 567 4607 Μωρὸς
597 4533 806 4607 γίνεται
854 4529 907 4586 iv
968 4534 1049 4603 τῷ
1104 4529 1260 4584 αίῖινι
1312 4526 1514 4601 τούτῳ,
1550 4529 1701 4597 ὁτὴν
1752 4528 2031 4605 ἀνθρωπί-

364 4646 460 4693 νην
519 4622 788 4695 ἀτιμάτας
846 4620 1059 4699 σοφίαν,
1118 4618 1215 4674 καὶ
1296 4614 1457 4679 εἰδὼς
1518 4616 1685 4691 μηδὲν
1751 4618 1800 4689 ἐξ
1865 4619 2033 4703 αὐτῆς

2120 3454 2550 3511 inhabitatione
2582 3455 2854 3527 Spiritus.
2887 3488 2955 3497 —
2986 3457 3048 3511 St
3077 3473 3211 3513 vero
3231 3456 3520 3529 templum
3545 3456 3645 3511 Dei
3669 3472 3771 3510 su-

2122 3562 2255 3601 mus
2296 3563 2366 3600 ex
2397 3562 2465 3602 eo
2497 3546 2656 3618 quod
2687 3547 2939 3618 Spiritus
2971 3547 3031 3603 iu
3064 3547 3235 3603 nobis
3268 3547 3516 3615 habitat,
3564 3547 3772 3618 utique

2123 3635 2375 3706 Spiritus
2408 3640 2496 3691 est
2534 3637 2710 3694 Deus.
2762 3661 2789 3687 ‹‹
2825 3638 3023 3712 Φθερεῖ
3069 3638 3213 3693 hunc
3269 3638 3423 3705 Deus,
3451 3658 3472 3689 1
3522 3638 3635 3692 hoc
3686 3638 3776 3690 est

2122 3720 2341 3791 ἀπολεῖ,
2376 3725 2435 3781 id
2468 3731 2576 3791 est,
2612 3726 2809 3798 perdet
2833 3728 3021 3800 (prius
3073 3735 3272 3783 autem
3324 3725 3551 3805 φθείρει,
3576 3727 3779 3795 profa-

2122 3820 2244 3883 nat,
2271 3815 2599 3883 vertimus),
2630 3817 2747 3873 Hoc
2780 3824 2976 3873 autem
3008 3834 3127 3872 non
3154 3814 3515 3871 exsecrantis
3536 3818 3645 3877 est,
3674 3811 3778 3868 sed

2127 3906 2284 3978 quod
2314 3906 2579 3963 futurum
2613 3913 2702 3962 est
2720 3907 3118 3979 praedicentis.
3144 3930 3170 3957 «ι
3198 3907 3339 3961 Nam
3361 3903 3648 3977 templum
3674 3903 3777 3960 Dei

2129 4001 2400 4053 sanctum
2432 4001 2538 4052 est.
2568 4015 2593 4047 ι
2629 3996 2917 4062 Quoniam
2950 3996 3130 4070 igitur
3172 4001 3446 4052 sanctum
3492 4000 3583 4050 est
3626 3999 3777 4050 tem-

2128 4089 2293 4161 plum
2325 4087 2482 4159 quod
2515 4092 2785 4143 sanctum
2816 4088 2995 4143 habet
3027 4087 3508 4154 inhabitatorem,
3531 4102 3650 4141 non
3673 4102 3778 4157 p0-

2130 4183 2245 4233 test
2277 4182 2569 4233 scortator
2599 4176 2886 4248 templum
2920 4193 3049 4232 esse
3091 4177 3215 4233 Dei.
3267 4178 3409 4242 Quis
3452 4181 3649 4231 autem
3691 4179 3781 4228 est

2132 4266 2420 4338 templum
2466 4266 2620 4321 Dei?
2676 4283 2800 4329 vos,
2852 4266 3066 4338 inquit.
3123 4266 3170 4321 si
3228 4267 3359 4338 puri
3418 4263 3780 4320 manseritis.

2138 4378 2158 4403 α
2198 4356 2377 4409 Nemo
2399 4355 2660 4427 seipsum
2692 4355 2879 4421 fallat,
2907 4378 2933 4404 ››
2952 4355 3301 4411 existimans
3322 4352 3595 4409 videlicet
3621 4350 3784 4407 aliud

2136 4460 2265 4499 esse
2296 4451 2513 4517 prmter
2541 4461 2610 4500 ea
2640 4462 2770 4517 quae
2804 4446 2961 4501 dicta
2992 4452 3149 4501 sunt.
3214 4470 3232 4492 ι
3271 4444 3326 4499 Si
3378 4444 3511 4513 quis
3552 4441 3787 4496 videtur

2138 4534 2372 4607 sapiens
2398 4550 2546 4591 esse.
2572 4556 2599 4585 ››
2622 4535 2928 4607 Sapientes
2946 4536 3208 4608 appellat
3226 4536 3489 4591 humana
3505 4532 3785 4604 praeditos

2140 4625 2450 4697 sapientia.
2478 4649 2504 4676 ι‹
2534 4625 2758 4681 Stultus
2780 4625 2900 4682 ﬁat.
2927 4650 2952 4675 ι»
2979 4626 3205 4682 Stultus
3238 4625 3313 4681 sit
3344 4624 3404 4679 in
3427 4624 3538 4679 hoc
3561 4620 3780 4677 saeculo

366 4710 710 4787 ὠφελῆσθαι.
769 4715 941 4767 Τοῦτο
998 4710 1102 4785 γὰρ
1158 4710 1258 4779 τήν
1318 4707 1519 4772 ἃνωθεν
1579 4708 1728 4781 αῦτῷ
1786 4711 2010 4782 προξενε

483 4802 493 4815 .
646 4804 706 4815 ..λ
974 4801 988 4815 .
1103 4801 1116 4815 .
1298 4798 1311 4815 ς
1395 4805 1425 4815 Α
1466 4799 1478 4815 ι
1680 4798 1692 4815 ,
1828 4799 1848 4815 ς
1899 4805 1925 4815 ..
1981 4802 1994 4815 .

2139 4716 2239 4788 qui
2273 4716 2598 4772 humanum
2629 4723 2983 4788 aspernatur
3010 4716 3363 4787 sapientiam
3405 4713 3683 4785 novitque
3717 4728 3786 4767 ex

367 4802 584 4881 σοφίαν.
646 4804 853 4876 ’Ὠσπερ
929 4801 1029 4875 γὰρ
1092 4801 1127 4869 ἡ
1186 4798 1323 4854 κατὰ
1389 4799 1518 4854 Θεὸν
1572 4798 1727 4854 πενία
1783 4799 2027 4865 πλοῦτός

369 4890 504 4960 ἔστι,
536 4892 627 4948 καὶ
658 4892 693 4963 ἡ
727 4888 916 4960 ἀδοξία
975 4886 1124 4959 δόξα,
1185 4888 1361 4950 οὕτως
1401 4889 1436 4958 ἡ
1467 4888 1602 4943 κατὰ
1660 4888 1789 4945 Θεὸν
1846 4890 2027 4964 μωρία

367 4981 533 5060 σοφία
590 4979 753 5036 ἐστίν.
812 4981 950 5056 Ὅρα
1012 4976 1091 5045 δὲ,
1160 4977 1260 5033 οὐκ
1319 4978 1484 5046 εἶπεν,
1558 4979 1869 5043 Ἀποθέσθω
1925 4981 2023 5050 τήν

367 5071 586 5150 σοφίαν,
619 5068 766 5126 ἀλλὰ
798 5067 988 5140 δηλῶν
1021 5069 1096 5129 ὡς
1146 5066 1413 5142 μεγίστως
1467 5067 1642 5136 αὐτῆς
1684 5076 2025 5147 καταφρονῆ-

369 5181 460 5217 σαι
518 5161 687 5238 χρεία
746 5160 889 5222 εἷπε,
950 5183 979 5211 ‹‹
1018 5158 1215 5233 Μωρὸς
1266 5152 1496 5232 γενέτοω
1550 5156 1641 5212 καὶ
1703 5156 1952 5229 ἰδιώτης,
1998 5184 2026 5213 ››

367 5247 644 5307 παιδεύων
675 5251 776 5319 τήν
799 5248 925 5323 παρ’
974 5249 1111 5321 ἡμῖν
1173 5248 1250 5321 μὴ
1313 5245 1664 5324 αἰσχύνεσθαι
1732 5245 2024 5306 ἶδιωτεῖαν.

368 5341 632 5418 Προξενεῖ
655 5339 758 5415 γὰρ
789 5341 926 5410 ἡμῖν
957 5338 1162 5407 πίστιν,
1202 5335 1265 5391 οὗ
1325 5333 1621 5410 λογισμοῖς
1668 5336 2026 5411 ἀνθρωπίνοις

370 5430 766 5508 ὖπιτρὲπουσαν
818 5430 883 5485 τὸ
944 5429 1243 5504 μυστήριον
1293 5430 1390 5481 τοῦ
1446 5426 1583 5482 κατᾶ
1640 5429 1870 5502 Χριστὸν
1920 5452 2025 5501 κη-

370 5520 675 5598 ρῦγματος,
707 5520 822 5577 οἷον
855 5519 1019 5583 πόθεν
1055 5515 1317 5595 λέγουσαν
1358 5513 1553 5585 δῆλον,
1586 5516 1669 5571 ὅτι
1712 5519 1740 5572 ὁ
1791 5520 2024 5589 Χριστὸς

366 5611 496 5676 Υἱός
548 5609 660 5667 ἐστι
715 5614 870 5682 Θεοῦ,
929 5609 964 5680 ἢ
1023 5607 1105 5662 ’ὁτι
1188 5605 1603 5681 ἐνηνθρὼπησεν
1683 5603 2023 5681 ἐρευνοῦσαν,

365 5696 433 5757 Ἦ
472 5698 581 5778 γὰρ
632 5698 796 5779 σοφία
850 5700 947 5754 τοῦ
986 5696 1197 5773 κόσμου
1252 5693 1448 5753 τούτου
1505 5692 1686 5771 μωρία
1742 5696 1890 5772 παρὰ
1945 5702 2024 5773 τῷ

2137 4822 2205 4862 ea
2234 4806 2386 4862 nihil
2417 4824 2566 4862 verm
2592 4806 2865 4861 utilitatis
2897 4806 3197 4862 accedere.
3232 4806 3350 4861 Hoc
3382 4804 3540 4859 enim
3575 4817 3787 4873 super-

2133 4914 2273 4953 nam
2296 4897 2407 4970 ipsi
2423 4894 3601 4969 conciliatsapientiamQuemadmodum
3626 4891 3785 4947 enim

2135 4992 2452 5059 paupertas
2484 4985 2813 5042 secundum
2847 4986 3031 5041 Deum
3064 4984 3279 5041 divitia:
3313 4988 3470 5050 sunt,
3506 4987 3564 5037 et
3614 4982 3785 5055 igno-

2134 5077 2321 5133 minia
2347 5077 2573 5149 gloria:
2606 5077 2687 5132 ita
2717 5076 2971 5132 stultitia
2993 5076 3320 5131 secundum
3349 5075 3529 5129 Deum
3546 5072 3790 5143 sapien-

2136 5166 2218 5221 tia
2249 5171 2356 5220 est.
2382 5165 2526 5220 Vide
2559 5171 2756 5220 autem
2818 5164 2975 5236 quod
3030 5181 3149 5220 non
3200 5162 3416 5218 dixerit
3450 5178 3463 5216 :
3523 5158 3790 5230 Abjiciat

2136 5253 2510 5326 sapientiam,
2545 5253 2648 5308 sed
2672 5254 3015 5325 signiﬁcans
3041 5259 3314 5325 Oportere
3342 5251 3507 5305 illam
3530 5246 3789 5303 maxime

2135 5342 2460 5414 despicere,
2483 5341 2666 5396 dixit:
2699 5366 2724 5390 ‹‹
2750 5342 2975 5397 Stultus
2998 5341 3096 5396 ﬁat
3122 5347 3180 5397 et
3203 5340 3406 5398 idiota.
3429 5362 3448 5386 ι
3479 5338 3790 5392 instruens

2135 5449 2210 5487 ne
2241 5448 2350 5486 nos
2390 5430 2608 5503 pudeat
2637 5430 2792 5503 apud
2824 5449 2932 5486 nos
2963 5432 3121 5504 ipsos
3153 5428 3524 5495 ignOranliw.
3554 5426 3699 5480 Nam
3726 5422 3795 5477 ﬁ-

2136 5520 2270 5577 dem
2303 5519 2475 5575 nobis
2506 5520 2804 5594 conciliat,
2836 5539 2965 5593 qua:
3018 5521 3363 5592 mysterium
3411 5511 3789 5590 praedicatio-

2134 5611 2229 5667 nis
2260 5610 2331 5667 de
2361 5610 2589 5667 Christo
2618 5612 2895 5669 humanis
2926 5628 3049 5668 non
3096 5610 3389 5684 permittit
3430 5599 3787 5661 rationibus.

2135 5701 2309 5760 Verbi
2340 5718 2539 5774 causa,
2572 5703 2731 5762 unde
2763 5702 2875 5761 sibi
2905 5702 3288 5761 manifestum
3312 5712 3442 5754 esse
3461 5690 3605 5749 dicit
3629 5684 3790 5761 quod
