  <div class='ocr_page' id='page_1' title='image "/cluster/home/n/w/nwhite01/storage/ocr_20150623/118/hvd.32044073502247/345.png"; bbox 0 0 4198 6200; ppageno 0'>
   <div class='ocr_carea' id='block_1_1' title="bbox 440 282 3852 357">
    <p class='ocr_par' dir='ltr' id='par_1_1' title="bbox 440 282 3852 357">
     <span class='ocr_line' id='line_1_1' title="bbox 440 282 3852 357; baseline -0.002 0"><span class='ocrx_word' id='word_1_1' title='bbox 440 297 557 357; x_wconf 81' lang='grc' dir='ltr'><strong><em>6Ἱ9</em></strong></span> <span class='ocrx_word' id='word_1_2' title='bbox 1520 284 1953 348; x_wconf 80' lang='lat' dir='ltr'><strong><em>CECUMENII</em></strong></span> <span class='ocrx_word' id='word_1_3' title='bbox 1995 282 2309 347; x_wconf 65' lang='lat' dir='ltr'><strong><em>TRICOJS</em></strong></span> <span class='ocrx_word' id='word_1_4' title='bbox 2356 283 2711 349; x_wconf 82' lang='lat' dir='ltr'><strong><em>EPISCOPI</em></strong></span> <span class='ocrx_word' id='word_1_5' title='bbox 3730 290 3852 351; x_wconf 83' lang='lat'><strong><em>680</em></strong></span> 
     </span>
    </p>
   </div>
   <div class='ocr_carea' id='block_1_2' title="bbox 446 417 2108 499">
    <p class='ocr_par' dir='ltr' id='par_1_2' title="bbox 446 419 2076 492">
     <span class='ocr_line' id='line_1_2' title="bbox 446 419 2076 492; baseline -0.007 -4"><span class='ocrx_word' id='word_1_6' title='bbox 446 433 713 488; x_wconf 72' lang='lat' dir='ltr'><strong><em>Christus</em></strong></span> <span class='ocrx_word' id='word_1_7' title='bbox 735 430 809 483; x_wconf 91' lang='lat' dir='ltr'><strong><em>sit</em></strong></span> <span class='ocrx_word' id='word_1_8' title='bbox 832 427 1010 481; x_wconf 76' lang='lat' dir='ltr'><strong><em>Filius</em></strong></span> <span class='ocrx_word' id='word_1_9' title='bbox 1035 422 1434 486; x_wconf 85' lang='lat' dir='ltr'><strong><em>Dei,autunde</em></strong></span> <span class='ocrx_word' id='word_1_10' title='bbox 1467 419 2076 492; x_wconf 77' lang='lat' dir='ltr'><strong><em>scrutaturquodcar-</em></strong></span> 
     </span>
    </p>
   </div>
   <div class='ocr_carea' id='block_1_3' title="bbox 2221 417 3847 499">
    <p class='ocr_par' dir='ltr' id='par_1_3' title="bbox 2221 417 3847 499">
     <span class='ocr_line' id='line_1_3' title="bbox 2221 417 3847 499; baseline 0.006 -28"><span class='ocrx_word' id='word_1_11' title='bbox 2221 422 2307 490; x_wconf 76' lang='grc' dir='ltr'><strong>ἐῷ</strong></span> <span class='ocrx_word' id='word_1_12' title='bbox 2337 417 2502 477; x_wconf 83' lang='grc' dir='ltr'><strong>ἐστιν.</strong></span> <span class='ocrx_word' id='word_1_13' title='bbox 2540 445 2567 472; x_wconf 86' lang='grc'><strong>››</strong></span> <span class='ocrx_word' id='word_1_14' title='bbox 2599 419 2676 479; x_wconf 83' lang='grc' dir='ltr'><strong><em>Ού</em></strong></span> <span class='ocrx_word' id='word_1_15' title='bbox 2710 420 2876 494; x_wconf 83' lang='grc' dir='ltr'><strong>μόνον</strong></span> <span class='ocrx_word' id='word_1_16' title='bbox 2907 421 3010 499; x_wconf 68' lang='grc' dir='ltr'><strong>γὰρ</strong></span> <span class='ocrx_word' id='word_1_17' title='bbox 3058 419 3214 478; x_wconf 74' lang='grc' dir='ltr'><strong>οὐδὲν</strong></span> <span class='ocrx_word' id='word_1_18' title='bbox 3274 419 3519 479; x_wconf 78' lang='grc' dir='ltr'><strong><em>συντελεῖ</em></strong></span> <span class='ocrx_word' id='word_1_19' title='bbox 3558 425 3698 496; x_wconf 81' lang='grc' dir='ltr'><strong>πρὸς</strong></span> <span class='ocrx_word' id='word_1_20' title='bbox 3750 425 3847 493; x_wconf 75' lang='grc' dir='ltr'><strong>τὴν</strong></span> 
     </span>
    </p>
   </div>
   <div class='ocr_carea' id='block_1_4' title="bbox 441 505 2108 590">
    <p class='ocr_par' dir='ltr' id='par_1_4' title="bbox 441 509 2080 588">
     <span class='ocr_line' id='line_1_4' title="bbox 441 509 2080 588; baseline -0.008 -10"><span class='ocrx_word' id='word_1_21' title='bbox 441 539 576 578; x_wconf 50' lang='lat' dir='ltr'><strong><em>nr‘m</em></strong></span> <span class='ocrx_word' id='word_1_22' title='bbox 605 516 915 588; x_wconf 86' lang='lat' dir='ltr'><strong><em>acceperit.</em></strong></span> <span class='ocrx_word' id='word_1_23' title='bbox 945 539 970 564; x_wconf 89' lang='grc'><em>‹‹</em></span> <span class='ocrx_word' id='word_1_24' title='bbox 999 515 1297 586; x_wconf 70' lang='lat' dir='ltr'><strong><em>Sapientia</em></strong></span> <span class='ocrx_word' id='word_1_25' title='bbox 1320 513 1479 568; x_wconf 88' lang='lat' dir='ltr'><strong><em>enim</em></strong></span> <span class='ocrx_word' id='word_1_26' title='bbox 1505 511 1709 567; x_wconf 90' lang='lat' dir='ltr'><strong><em>mundi</em></strong></span> <span class='ocrx_word' id='word_1_27' title='bbox 1733 511 1912 583; x_wconf 83' lang='lat' dir='ltr'><strong><em>hujus</em></strong></span> <span class='ocrx_word' id='word_1_28' title='bbox 1939 509 2080 566; x_wconf 87' lang='lat' dir='ltr'><strong><em>stul-</em></strong></span> 
     </span>
    </p>
   </div>
   <div class='ocr_carea' id='block_1_5' title="bbox 2221 505 3840 590">
    <p class='ocr_par' dir='ltr' id='par_1_5' title="bbox 2227 505 3840 590">
     <span class='ocr_line' id='line_1_5' title="bbox 2227 505 3840 590; baseline 0.004 -27"><span class='ocrx_word' id='word_1_29' title='bbox 2227 505 2459 579; x_wconf 74' lang='grc' dir='ltr'><strong>ληθινήν</strong></span> <span class='ocrx_word' id='word_1_30' title='bbox 2492 511 2578 566; x_wconf 79' lang='grc' dir='ltr'><strong><em>καὶ</em></strong></span> <span class='ocrx_word' id='word_1_31' title='bbox 2615 506 2786 574; x_wconf 80' lang='grc' dir='ltr'><strong>ὅντως</strong></span> <span class='ocrx_word' id='word_1_32' title='bbox 2838 513 3049 590; x_wconf 80' lang='grc' dir='ltr'><strong><em>σοφίαν,</em></strong></span> <span class='ocrx_word' id='word_1_33' title='bbox 3104 509 3252 567; x_wconf 82' lang='grc' dir='ltr'><strong><em>ἀλλά</em></strong></span> <span class='ocrx_word' id='word_1_34' title='bbox 3288 514 3378 570; x_wconf 84' lang='grc' dir='ltr'><strong>καὶ</strong></span> <span class='ocrx_word' id='word_1_35' title='bbox 3419 510 3724 587; x_wconf 78' lang='grc' dir='ltr'><strong>ἐμποδίζει,</strong></span> <span class='ocrx_word' id='word_1_36' title='bbox 3762 518 3840 587; x_wconf 85' lang='grc' dir='ltr'><strong>τῷ</strong></span> 
     </span>
    </p>
   </div>
   <div class='ocr_carea' id='block_1_6' title="bbox 441 597 2108 681">
    <p class='ocr_par' dir='ltr' id='par_1_6' title="bbox 441 602 2079 678">
     <span class='ocr_line' id='line_1_6' title="bbox 441 602 2079 678; baseline -0.006 -11"><span class='ocrx_word' id='word_1_37' title='bbox 441 613 564 667; x_wconf 90' lang='lat' dir='ltr'><strong><em>titia</em></strong></span> <span class='ocrx_word' id='word_1_38' title='bbox 595 618 683 666; x_wconf 88' lang='lat' dir='ltr'><strong><em>est</em></strong></span> <span class='ocrx_word' id='word_1_39' title='bbox 713 625 913 664; x_wconf 89' lang='lat' dir='ltr'><strong><em>coram</em></strong></span> <span class='ocrx_word' id='word_1_40' title='bbox 975 608 1176 664; x_wconf 81' lang='lat' dir='ltr'><strong><em>Deo.»</em></strong></span> <span class='ocrx_word' id='word_1_41' title='bbox 1239 605 1541 678; x_wconf 84' lang='lat' dir='ltr'><strong><em>Siquidem</em></strong></span> <span class='ocrx_word' id='word_1_42' title='bbox 1595 621 1714 659; x_wconf 92' lang='lat' dir='ltr'><strong><em>non</em></strong></span> <span class='ocrx_word' id='word_1_43' title='bbox 1766 604 1956 658; x_wconf 88' lang='lat' dir='ltr'><strong><em>solum</em></strong></span> <span class='ocrx_word' id='word_1_44' title='bbox 2005 602 2079 658; x_wconf 90' lang='lat' dir='ltr'><strong><em>ad</em></strong></span> 
     </span>
    </p>
   </div>
   <div class='ocr_carea' id='block_1_7' title="bbox 2221 597 3846 681">
    <p class='ocr_par' dir='ltr' id='par_1_7' title="bbox 2221 597 3846 681">
     <span class='ocr_line' id='line_1_7' title="bbox 2221 597 3846 681; baseline 0.004 -29"><span class='ocrx_word' id='word_1_45' title='bbox 2221 598 2395 662; x_wconf 59' lang='grc' dir='ltr'><strong>’Τεσθαι</strong></span> <span class='ocrx_word' id='word_1_46' title='bbox 2446 597 2662 667; x_wconf 77' lang='grc' dir='ltr'><strong>εἰδέναι,</strong></span> <span class='ocrx_word' id='word_1_47' title='bbox 2720 602 2808 657; x_wconf 81' lang='grc' dir='ltr'><strong>καὶ</strong></span> <span class='ocrx_word' id='word_1_48' title='bbox 2878 602 3141 673; x_wconf 75' lang='grc' dir='ltr'><strong><em>ἀπαξιοῦν</em></strong></span> <span class='ocrx_word' id='word_1_49' title='bbox 3212 605 3420 676; x_wconf 89' lang='grc' dir='ltr'><strong>μαθεῖν.</strong></span> <span class='ocrx_word' id='word_1_50' title='bbox 3489 605 3671 661; x_wconf 80' lang='grc' dir='ltr'><strong>Τοῦτο</strong></span> <span class='ocrx_word' id='word_1_51' title='bbox 3746 604 3846 681; x_wconf 85' lang='grc' dir='ltr'><strong><em>γάρ</em></strong></span> 
     </span>
    </p>
   </div>
   <div class='ocr_carea' id='block_1_8' title="bbox 434 690 2108 768">
    <p class='ocr_par' dir='ltr' id='par_1_8' title="bbox 434 691 2081 768">
     <span class='ocr_line' id='line_1_8' title="bbox 434 691 2081 768; baseline -0.007 -13"><span class='ocrx_word' id='word_1_52' title='bbox 434 717 626 755; x_wconf 81' lang='lat' dir='ltr'><strong><em>veram</em></strong></span> <span class='ocrx_word' id='word_1_53' title='bbox 653 698 804 752; x_wconf 87' lang='lat' dir='ltr'><strong>nihil</strong></span> <span class='ocrx_word' id='word_1_54' title='bbox 829 697 1056 753; x_wconf 75' lang='lat' dir='ltr'><strong><em>confert</em></strong></span> <span class='ocrx_word' id='word_1_55' title='bbox 1080 696 1455 768; x_wconf 85' lang='lat' dir='ltr'><strong><em>sapientiam,</em></strong></span> <span class='ocrx_word' id='word_1_56' title='bbox 1474 711 1675 749; x_wconf 90' lang='lat' dir='ltr'><strong><em>verum</em></strong></span> <span class='ocrx_word' id='word_1_57' title='bbox 1693 693 1870 747; x_wconf 89' lang='lat' dir='ltr'><strong><em>etiam</em></strong></span> <span class='ocrx_word' id='word_1_58' title='bbox 1891 691 2081 761; x_wconf 90' lang='lat' dir='ltr'><strong><em>impe-</em></strong></span> 
     </span>
    </p>
   </div>
   <div class='ocr_carea' id='block_1_9' title="bbox 2221 690 2924 768">
    <p class='ocr_par' dir='ltr' id='par_1_9' title="bbox 2221 690 2924 768">
     <span class='ocr_line' id='line_1_9' title="bbox 2221 690 2924 768; baseline 0.007 -25"><span class='ocrx_word' id='word_1_59' title='bbox 2221 694 2338 744; x_wconf 71' lang='grc' dir='ltr'><strong>ποιεῖ</strong></span> <span class='ocrx_word' id='word_1_60' title='bbox 2367 691 2400 759; x_wconf 81' lang='grc' dir='ltr'><strong>ἡ</strong></span> <span class='ocrx_word' id='word_1_61' title='bbox 2435 690 2694 768; x_wconf 78' lang='grc' dir='ltr'><strong>φυσίωσις</strong></span> <span class='ocrx_word' id='word_1_62' title='bbox 2727 690 2924 761; x_wconf 77' lang='grc' dir='ltr'><strong>αὐτῆς.</strong></span> 
     </span>
    </p>
   </div>
   <div class='ocr_carea' id='block_1_10' title="bbox 433 779 3851 858">
    <p class='ocr_par' dir='ltr' id='par_1_10' title="bbox 433 779 3851 858">
     <span class='ocr_line' id='line_1_10' title="bbox 433 779 3851 858; baseline -0.001 -14"><span class='ocrx_word' id='word_1_63' title='bbox 433 789 698 844; x_wconf 90' lang='lat' dir='ltr'><strong><em>dimento</em></strong></span> <span class='ocrx_word' id='word_1_64' title='bbox 733 793 821 843; x_wconf 89' lang='lat' dir='ltr'><strong><em>est</em></strong></span> <span class='ocrx_word' id='word_1_65' title='bbox 850 787 1006 858; x_wconf 89' lang='lat' dir='ltr'><strong><em>quod</em></strong></span> <span class='ocrx_word' id='word_1_66' title='bbox 1038 803 1100 842; x_wconf 92' lang='lat' dir='ltr'><strong><em>se</em></strong></span> <span class='ocrx_word' id='word_1_67' title='bbox 1131 787 1280 841; x_wconf 89' lang='lat' dir='ltr'><strong><em>scire</em></strong></span> <span class='ocrx_word' id='word_1_68' title='bbox 1332 791 1561 857; x_wconf 89' lang='lat' dir='ltr'><strong><em>putent,</em></strong></span> <span class='ocrx_word' id='word_1_69' title='bbox 1621 787 2023 853; x_wconf 88' lang='lat' dir='ltr'><strong><em>respuantque</em></strong></span> <span class='ocrx_word' id='word_1_70' title='bbox 2081 779 2410 850; x_wconf 80' lang='lat' dir='ltr'><strong><em>addiscere,</em></strong></span> <span class='ocrx_word' id='word_1_71' title='bbox 2460 799 2599 838; x_wconf 89' lang='lat' dir='ltr'><strong><em>nam</em></strong></span> <span class='ocrx_word' id='word_1_72' title='bbox 2652 784 2763 839; x_wconf 89' lang='lat' dir='ltr'><strong><em>hoc</em></strong></span> <span class='ocrx_word' id='word_1_73' title='bbox 2810 784 2952 841; x_wconf 81' lang='lat' dir='ltr'><strong><em>iacit</em></strong></span> <span class='ocrx_word' id='word_1_74' title='bbox 2993 784 3301 856; x_wconf 71' lang='lat' dir='ltr'><strong><em>sapientiae</em></strong></span> <span class='ocrx_word' id='word_1_75' title='bbox 3346 786 3621 842; x_wconf 71' lang='lat' dir='ltr'><strong><em>humanm</em></strong></span> <span class='ocrx_word' id='word_1_76' title='bbox 3673 784 3851 840; x_wconf 81' lang='lat' dir='ltr'><strong><em>infla-</em></strong></span> 
     </span>
    </p>
   </div>
   <div class='ocr_carea' id='block_1_11' title="bbox 437 877 541 931">
    <p class='ocr_par' dir='ltr' id='par_1_11' title="bbox 437 877 541 931">
     <span class='ocr_line' id='line_1_11' title="bbox 437 877 541 931; baseline 0 -1"><span class='ocrx_word' id='word_1_77' title='bbox 437 877 541 931; x_wconf 89' lang='lat' dir='ltr'><strong><em>tio.</em></strong></span> 
     </span>
    </p>
   </div>
   <div class='ocr_carea' id='block_1_12' title="bbox 510 957 2089 1034">
    <p class='ocr_par' dir='ltr' id='par_1_12' title="bbox 510 957 2089 1034">
     <span class='ocr_line' id='line_1_12' title="bbox 510 957 2089 1034; baseline -0.005 -16"><span class='ocrx_word' id='word_1_78' title='bbox 510 965 608 1027; x_wconf 80' lang='grc' dir='ltr'><strong><em>ΙΙΙ,</em></strong></span> <span class='ocrx_word' id='word_1_79' title='bbox 647 967 828 1019; x_wconf 79' lang='grc'><strong>19-21.</strong></span> <span class='ocrx_word' id='word_1_80' title='bbox 867 965 1146 1034; x_wconf 80' lang='lat' dir='ltr'><strong><em>Scriptum</em></strong></span> <span class='ocrx_word' id='word_1_81' title='bbox 1179 970 1253 1018; x_wconf 89' lang='lat' dir='ltr'><strong><em>est</em></strong></span> <span class='ocrx_word' id='word_1_82' title='bbox 1285 965 1461 1018; x_wconf 79' lang='lat' dir='ltr'><strong><em>enim:</em></strong></span> <span class='ocrx_word' id='word_1_83' title='bbox 1522 962 1626 1025; x_wconf 85' lang='lat' dir='ltr'><strong><em>Qui</em></strong></span> <span class='ocrx_word' id='word_1_84' title='bbox 1677 957 2089 1028; x_wconf 82' lang='lat' dir='ltr'><strong><em>comprehendit</em></strong></span> 
     </span>
    </p>
   </div>
   <div class='ocr_carea' id='block_1_13' title="bbox 442 1049 2091 1127">
    <p class='ocr_par' dir='ltr' id='par_1_13' title="bbox 442 1049 2091 1127">
     <span class='ocr_line' id='line_1_13' title="bbox 442 1049 2091 1127; baseline -0.008 -14"><span class='ocrx_word' id='word_1_85' title='bbox 442 1057 717 1127; x_wconf 81' lang='lat' dir='ltr'><strong><em>sapientes</em></strong></span> <span class='ocrx_word' id='word_1_86' title='bbox 731 1074 836 1127; x_wconf 85' lang='lat' dir='ltr'><strong><em>per</em></strong></span> <span class='ocrx_word' id='word_1_87' title='bbox 866 1056 1129 1112; x_wconf 78' lang='lat' dir='ltr'><strong><em>astutiam</em></strong></span> <span class='ocrx_word' id='word_1_88' title='bbox 1177 1057 1440 1126; x_wconf 82' lang='lat' dir='ltr'><strong><em>ipsorum.</em></strong></span> <span class='ocrx_word' id='word_1_89' title='bbox 1473 1054 1546 1107; x_wconf 90' lang='lat' dir='ltr'><strong><em>Et</em></strong></span> <span class='ocrx_word' id='word_1_90' title='bbox 1591 1066 1810 1105; x_wconf 79' lang='lat' dir='ltr'><strong><em>rursum</em></strong></span> <span class='ocrx_word' id='word_1_91' title='bbox 1843 1067 1856 1104; x_wconf 89' lang='lat'>:</span> <span class='ocrx_word' id='word_1_92' title='bbox 1910 1049 2091 1103; x_wconf 83' lang='lat' dir='ltr'><strong><em>Domi-</em></strong></span> 
     </span>
    </p>
   </div>
   <div class='ocr_carea' id='block_1_14' title="bbox 440 1138 2089 1216">
    <p class='ocr_par' dir='ltr' id='par_1_14' title="bbox 440 1138 2089 1216">
     <span class='ocr_line' id='line_1_14' title="bbox 440 1138 2089 1216; baseline -0.007 -17"><span class='ocrx_word' id='word_1_93' title='bbox 440 1162 542 1202; x_wconf 85' lang='lat' dir='ltr'><strong><em>nus</em></strong></span> <span class='ocrx_word' id='word_1_94' title='bbox 572 1150 721 1201; x_wconf 84' lang='lat' dir='ltr'><strong><em>novit</em></strong></span> <span class='ocrx_word' id='word_1_95' title='bbox 754 1148 1114 1216; x_wconf 81' lang='lat' dir='ltr'><strong><em>cogitationes</em></strong></span> <span class='ocrx_word' id='word_1_96' title='bbox 1170 1143 1504 1213; x_wconf 79' lang='lat' dir='ltr'><strong><em>sapientium</em></strong></span> <span class='ocrx_word' id='word_1_97' title='bbox 1561 1138 1705 1209; x_wconf 89' lang='lat' dir='ltr'><strong><em>quod</em></strong></span> <span class='ocrx_word' id='word_1_98' title='bbox 1752 1152 1905 1192; x_wconf 76' lang='lat' dir='ltr'><strong><em>vana:</em></strong></span> <span class='ocrx_word' id='word_1_99' title='bbox 1960 1138 2089 1206; x_wconf 50' lang='lat' dir='ltr'><strong><em>sint.</em></strong></span> 
     </span>
    </p>
   </div>
   <div class='ocr_carea' id='block_1_15' title="bbox 441 1233 1454 1306">
    <p class='ocr_par' dir='ltr' id='par_1_15' title="bbox 441 1233 1454 1306">
     <span class='ocr_line' id='line_1_15' title="bbox 441 1233 1454 1306; baseline -0.005 -15"><span class='ocrx_word' id='word_1_100' title='bbox 441 1237 602 1292; x_wconf 84' lang='lat' dir='ltr'><strong><em>Nemo</em></strong></span> <span class='ocrx_word' id='word_1_101' title='bbox 633 1239 822 1306; x_wconf 82' lang='lat' dir='ltr'><strong><em>itaque</em></strong></span> <span class='ocrx_word' id='word_1_102' title='bbox 851 1237 1132 1291; x_wconf 80' lang='lat' dir='ltr'><strong><em>hominum</em></strong></span> <span class='ocrx_word' id='word_1_103' title='bbox 1162 1233 1454 1303; x_wconf 72' lang='lat' dir='ltr'><strong><em>glorietur.</em></strong></span> 
     </span>
    </p>
   </div>
   <div class='ocr_carea' id='block_1_16' title="bbox 523 1315 2092 1401">
    <p class='ocr_par' dir='ltr' id='par_1_16' title="bbox 523 1315 2092 1401">
     <span class='ocr_line' id='line_1_16' title="bbox 523 1315 2092 1401; baseline -0.012 -15"><span class='ocrx_word' id='word_1_104' title='bbox 523 1333 634 1386; x_wconf 85' lang='lat' dir='ltr'><strong><em>Per</em></strong></span> <span class='ocrx_word' id='word_1_105' title='bbox 662 1327 903 1401; x_wconf 86' lang='lat' dir='ltr'><strong><em>propria</em></strong></span> <span class='ocrx_word' id='word_1_106' title='bbox 950 1325 1214 1396; x_wconf 89' lang='lat' dir='ltr'><strong><em>ipsorum</em></strong></span> <span class='ocrx_word' id='word_1_107' title='bbox 1275 1337 1460 1384; x_wconf 88' lang='lat' dir='ltr'><strong><em>arma,</em></strong></span> <span class='ocrx_word' id='word_1_108' title='bbox 1512 1332 1725 1388; x_wconf 85' lang='lat' dir='ltr'><strong><em>nempe</em></strong></span> <span class='ocrx_word' id='word_1_109' title='bbox 1786 1315 2092 1380; x_wconf 80' lang='lat' dir='ltr'><strong><em>astutiam,</em></strong></span> 
     </span>
    </p>
   </div>
   <div class='ocr_carea' id='block_1_17' title="bbox 445 1403 2094 1494">
    <p class='ocr_par' dir='ltr' id='par_1_17' title="bbox 445 1403 2094 1494">
     <span class='ocr_line' id='line_1_17' title="bbox 445 1403 2094 1494; baseline -0.013 -14"><span class='ocrx_word' id='word_1_110' title='bbox 445 1417 900 1494; x_wconf 89' lang='lat' dir='ltr'><strong><em>comprehendit</em></strong></span> <span class='ocrx_word' id='word_1_111' title='bbox 931 1432 1030 1469; x_wconf 88' lang='lat' dir='ltr'><strong><em>eos</em></strong></span> <span class='ocrx_word' id='word_1_112' title='bbox 1052 1416 1224 1468; x_wconf 87' lang='lat' dir='ltr'><strong><em>Deus.</em></strong></span> <span class='ocrx_word' id='word_1_113' title='bbox 1241 1413 1505 1477; x_wconf 90' lang='lat' dir='ltr'><strong><em>Quonam</em></strong></span> <span class='ocrx_word' id='word_1_114' title='bbox 1533 1407 1707 1463; x_wconf 92' lang='lat' dir='ltr'><strong><em>modo</em></strong></span> <span class='ocrx_word' id='word_1_115' title='bbox 1725 1406 1751 1460; x_wconf 85' lang='lat'><strong>?</strong></span> <span class='ocrx_word' id='word_1_116' title='bbox 1773 1407 1919 1462; x_wconf 72' lang='lat'><strong><em>445</em></strong></span> <span class='ocrx_word' id='word_1_117' title='bbox 1947 1403 2094 1468; x_wconf 86' lang='lat' dir='ltr'><strong><em>Quia</em></strong></span> 
     </span>
    </p>
   </div>
   <div class='ocr_carea' id='block_1_18' title="bbox 449 1496 2092 1583">
    <p class='ocr_par' dir='ltr' id='par_1_18' title="bbox 449 1496 2092 1583">
     <span class='ocr_line' id='line_1_18' title="bbox 449 1496 2092 1583; baseline -0.014 -14"><span class='ocrx_word' id='word_1_118' title='bbox 449 1515 608 1569; x_wconf 88' lang='lat' dir='ltr'><strong><em>enim</em></strong></span> <span class='ocrx_word' id='word_1_119' title='bbox 634 1529 737 1583; x_wconf 93' lang='lat' dir='ltr'><strong><em>per</em></strong></span> <span class='ocrx_word' id='word_1_120' title='bbox 789 1506 1173 1564; x_wconf 78' lang='lat' dir='ltr'><strong><em>calliditatem</em></strong></span> <span class='ocrx_word' id='word_1_121' title='bbox 1224 1518 1412 1564; x_wconf 86' lang='lat' dir='ltr'><strong><em>suam.</em></strong></span> <span class='ocrx_word' id='word_1_122' title='bbox 1473 1499 1596 1553; x_wconf 87' lang='lat' dir='ltr'><strong><em>sive</em></strong></span> <span class='ocrx_word' id='word_1_123' title='bbox 1653 1496 1972 1552; x_wconf 81' lang='lat' dir='ltr'><strong><em>versutiam</em></strong></span> <span class='ocrx_word' id='word_1_124' title='bbox 2025 1508 2092 1548; x_wconf 90' lang='lat' dir='ltr'><strong><em>ac</em></strong></span> 
     </span>
    </p>
   </div>
   <div class='ocr_carea' id='block_1_19' title="bbox 447 1583 2098 1660">
    <p class='ocr_par' dir='ltr' id='par_1_19' title="bbox 447 1583 2098 1660">
     <span class='ocr_line' id='line_1_19' title="bbox 447 1583 2098 1660; baseline -0.013 0"><span class='ocrx_word' id='word_1_125' title='bbox 447 1603 726 1660; x_wconf 81' lang='lat' dir='ltr'><strong><em>astutiam</em></strong></span> <span class='ocrx_word' id='word_1_126' title='bbox 759 1599 916 1655; x_wconf 89' lang='lat' dir='ltr'><strong><em>circa</em></strong></span> <span class='ocrx_word' id='word_1_127' title='bbox 945 1614 1038 1652; x_wconf 90' lang='lat' dir='ltr'><strong><em>res</em></strong></span> <span class='ocrx_word' id='word_1_128' title='bbox 1065 1597 1375 1658; x_wconf 83' lang='lat' dir='ltr'><strong><em>humanas,</em></strong></span> <span class='ocrx_word' id='word_1_129' title='bbox 1409 1589 1751 1646; x_wconf 83' lang='lat' dir='ltr'><strong><em>existimant</em></strong></span> <span class='ocrx_word' id='word_1_130' title='bbox 1785 1602 1845 1640; x_wconf 92' lang='lat' dir='ltr'><strong><em>se</em></strong></span> <span class='ocrx_word' id='word_1_131' title='bbox 1897 1583 2098 1638; x_wconf 88' lang='lat' dir='ltr'><strong><em>omnia</em></strong></span> 
     </span>
    </p>
   </div>
   <div class='ocr_carea' id='block_1_20' title="bbox 2198 954 3853 1058">
    <p class='ocr_par' dir='ltr' id='par_1_20' title="bbox 2198 954 3853 1058">
     <span class='ocr_line' id='line_1_20' title="bbox 2198 954 3853 1058; baseline 0.007 -49"><span class='ocrx_word' id='word_1_132' title='bbox 2198 1043 2212 1058; x_wconf 39' lang='lat'><strong><em>‘</em></strong></span> <span class='ocrx_word' id='word_1_133' title='bbox 2264 954 2567 1058; x_wconf 86' lang='grc' dir='ltr'><strong>Γέγραπται</strong></span> <span class='ocrx_word' id='word_1_134' title='bbox 2634 959 2758 1058; x_wconf 74' lang='grc' dir='ltr'><strong>γάρ,</strong></span> <span class='ocrx_word' id='word_1_135' title='bbox 2827 959 2887 1058; x_wconf 63' lang='lat'><strong><em>&#39;9</em></strong></span> <span class='ocrx_word' id='word_1_136' title='bbox 2963 955 3331 1034; x_wconf 81' lang='grc' dir='ltr'><strong><em>δρασσόμενος</em></strong></span> <span class='ocrx_word' id='word_1_137' title='bbox 3424 958 3554 1020; x_wconf 78' lang='grc' dir='ltr'><strong>τοὺς</strong></span> <span class='ocrx_word' id='word_1_138' title='bbox 3645 959 3853 1038; x_wconf 70' lang='grc' dir='ltr'><strong>σοφούς</strong></span> 
     </span>
    </p>
   </div>
   <div class='ocr_carea' id='block_1_21' title="bbox 2195 1045 3848 1124">
    <p class='ocr_par' dir='ltr' id='par_1_21' title="bbox 2195 1045 3848 1124">
     <span class='ocr_line' id='line_1_21' title="bbox 2195 1045 3848 1124; baseline 0.004 -28"><span class='ocrx_word' id='word_1_139' title='bbox 2195 1045 2245 1098; x_wconf 82' lang='grc' dir='ltr'><strong><em>ἐν</em></strong></span> <span class='ocrx_word' id='word_1_140' title='bbox 2311 1048 2380 1118; x_wconf 79' lang='grc' dir='ltr'><strong>τῇ</strong></span> <span class='ocrx_word' id='word_1_141' title='bbox 2447 1047 2755 1122; x_wconf 72' lang='grc' dir='ltr'><strong><em>πανουργίᾳ</em></strong></span> <span class='ocrx_word' id='word_1_142' title='bbox 2819 1045 3015 1105; x_wconf 79' lang='grc' dir='ltr'><strong>αὐτῶν.</strong></span> <span class='ocrx_word' id='word_1_143' title='bbox 3083 1048 3190 1104; x_wconf 83' lang='grc' dir='ltr'><strong><em>Καὶ</em></strong></span> <span class='ocrx_word' id='word_1_144' title='bbox 3255 1046 3422 1104; x_wconf 74' lang='grc' dir='ltr'><strong>πάλιν</strong></span> <span class='ocrx_word' id='word_1_145' title='bbox 3491 1046 3696 1124; x_wconf 84' lang='grc' dir='ltr'><strong>Κύριος</strong></span> <span class='ocrx_word' id='word_1_146' title='bbox 3763 1069 3848 1124; x_wconf 85' lang='grc' dir='ltr'><strong><em>γι-</em></strong></span> 
     </span>
    </p>
   </div>
   <div class='ocr_carea' id='block_1_22' title="bbox 2195 1134 3852 1216">
    <p class='ocr_par' dir='ltr' id='par_1_22' title="bbox 2195 1134 3852 1216">
     <span class='ocr_line' id='line_1_22' title="bbox 2195 1134 3852 1216; baseline 0.003 -29"><span class='ocrx_word' id='word_1_147' title='bbox 2195 1135 2394 1190; x_wconf 90' lang='grc' dir='ltr'><strong>νώσκει</strong></span> <span class='ocrx_word' id='word_1_148' title='bbox 2458 1135 2586 1199; x_wconf 72' lang='grc' dir='ltr'><strong>τοὺς</strong></span> <span class='ocrx_word' id='word_1_149' title='bbox 2661 1134 3060 1214; x_wconf 79' lang='grc' dir='ltr'><strong>διαλογισμοὺς</strong></span> <span class='ocrx_word' id='word_1_150' title='bbox 3124 1144 3232 1194; x_wconf 89' lang='grc' dir='ltr'><strong><em>τῶν</em></strong></span> <span class='ocrx_word' id='word_1_151' title='bbox 3299 1144 3505 1216; x_wconf 72' lang='grc' dir='ltr'><strong>σοφῶν,</strong></span> <span class='ocrx_word' id='word_1_152' title='bbox 3593 1139 3680 1194; x_wconf 84' lang='grc' dir='ltr'><strong><em>δτι</em></strong></span> <span class='ocrx_word' id='word_1_153' title='bbox 3748 1136 3852 1193; x_wconf 79' lang='grc' dir='ltr'><strong>εἰσὶ</strong></span> 
     </span>
    </p>
   </div>
   <div class='ocr_carea' id='block_1_23' title="bbox 2201 1224 3638 1304">
    <p class='ocr_par' dir='ltr' id='par_1_23' title="bbox 2201 1224 3638 1304">
     <span class='ocr_line' id='line_1_23' title="bbox 2201 1224 3638 1304; baseline 0.004 -25"><span class='ocrx_word' id='word_1_154' title='bbox 2201 1226 2443 1298; x_wconf 75' lang='grc' dir='ltr'><strong><em>μάταιοι.</em></strong></span> <span class='ocrx_word' id='word_1_155' title='bbox 2475 1228 2635 1282; x_wconf 78' lang='grc' dir='ltr'><strong>Ὥστε</strong></span> <span class='ocrx_word' id='word_1_156' title='bbox 2668 1224 2866 1300; x_wconf 76' lang='grc' dir='ltr'><strong>μηδεὶς</strong></span> <span class='ocrx_word' id='word_1_157' title='bbox 2890 1229 3186 1304; x_wconf 76' lang='grc' dir='ltr'><strong><em>καυχάσθω</em></strong></span> <span class='ocrx_word' id='word_1_158' title='bbox 3217 1227 3270 1283; x_wconf 83' lang='grc' dir='ltr'><strong><em>έν</em></strong></span> <span class='ocrx_word' id='word_1_159' title='bbox 3300 1228 3638 1303; x_wconf 84' lang='grc' dir='ltr'><strong>ἀνθρώποις.</strong></span> 
     </span>
    </p>
   </div>
   <div class='ocr_carea' id='block_1_24' title="bbox 2271 1315 3857 1390">
    <p class='ocr_par' dir='ltr' id='par_1_24' title="bbox 2271 1315 3857 1390">
     <span class='ocr_line' id='line_1_24' title="bbox 2271 1315 3857 1390; baseline 0.003 -21"><span class='ocrx_word' id='word_1_160' title='bbox 2271 1315 2366 1369; x_wconf 86' lang='grc' dir='ltr'><strong><em>Διὰ</em></strong></span> <span class='ocrx_word' id='word_1_161' title='bbox 2395 1319 2504 1370; x_wconf 90' lang='grc' dir='ltr'><strong><em>τῶν</em></strong></span> <span class='ocrx_word' id='word_1_162' title='bbox 2539 1315 2752 1371; x_wconf 77' lang='grc' dir='ltr'><strong>οἶκείων</strong></span> <span class='ocrx_word' id='word_1_163' title='bbox 2788 1316 2966 1373; x_wconf 76' lang='grc' dir='ltr'><strong>αὐτῶν</strong></span> <span class='ocrx_word' id='word_1_164' title='bbox 3021 1316 3234 1390; x_wconf 78' lang='grc' dir='ltr'><strong>ὅπλων,</strong></span> <span class='ocrx_word' id='word_1_165' title='bbox 3283 1316 3529 1374; x_wconf 74' lang='grc' dir='ltr'><strong><em>τουτέστι</em></strong></span> <span class='ocrx_word' id='word_1_166' title='bbox 3575 1324 3678 1388; x_wconf 75' lang='grc' dir='ltr'><strong><em>τῆς</em></strong></span> <span class='ocrx_word' id='word_1_167' title='bbox 3720 1338 3857 1374; x_wconf 82' lang='grc' dir='ltr'><strong>παν-</strong></span> 
     </span>
    </p>
   </div>
   <div class='ocr_carea' id='block_1_25' title="bbox 2201 1403 3852 1484">
    <p class='ocr_par' dir='ltr' id='par_1_25' title="bbox 2201 1403 3852 1484">
     <span class='ocr_line' id='line_1_25' title="bbox 2201 1403 3852 1484; baseline 0.002 -24"><span class='ocrx_word' id='word_1_168' title='bbox 2201 1406 2448 1482; x_wconf 71' lang='grc' dir='ltr'><strong>ουργίας,</strong></span> <span class='ocrx_word' id='word_1_169' title='bbox 2501 1403 2710 1462; x_wconf 86' lang='grc' dir='ltr'><strong>ἀλίσκει</strong></span> <span class='ocrx_word' id='word_1_170' title='bbox 2763 1407 3016 1469; x_wconf 75' lang='grc' dir='ltr'><strong>αὐτοὺςὸ</strong></span> <span class='ocrx_word' id='word_1_171' title='bbox 3047 1409 3197 1473; x_wconf 80' lang='grc' dir='ltr'><strong>Θεός.</strong></span> <span class='ocrx_word' id='word_1_172' title='bbox 3258 1413 3434 1477; x_wconf 79' lang='grc' dir='ltr'><strong>ΙΙῶςς</strong></span> <span class='ocrx_word' id='word_1_173' title='bbox 3492 1404 3684 1479; x_wconf 83' lang='grc' dir='ltr'><strong>ἐπειδὴ</strong></span> <span class='ocrx_word' id='word_1_174' title='bbox 3748 1410 3852 1484; x_wconf 85' lang='grc' dir='ltr'><strong><em>γάρ</em></strong></span> 
     </span>
    </p>
   </div>
   <div class='ocr_carea' id='block_1_26' title="bbox 2201 1490 3854 1573">
    <p class='ocr_par' dir='ltr' id='par_1_26' title="bbox 2201 1490 3854 1573">
     <span class='ocr_line' id='line_1_26' title="bbox 2201 1490 3854 1573; baseline 0.003 -25"><span class='ocrx_word' id='word_1_175' title='bbox 2201 1490 2290 1548; x_wconf 81' lang='grc' dir='ltr'><strong>διὰ</strong></span> <span class='ocrx_word' id='word_1_176' title='bbox 2321 1502 2420 1566; x_wconf 76' lang='grc' dir='ltr'><strong><em>τῆς</em></strong></span> <span class='ocrx_word' id='word_1_177' title='bbox 2453 1498 2784 1572; x_wconf 81' lang='grc' dir='ltr'><strong>πανουργίας</strong></span> <span class='ocrx_word' id='word_1_178' title='bbox 2835 1497 3034 1567; x_wconf 78' lang='grc' dir='ltr'><strong>αὐτῶν,</strong></span> <span class='ocrx_word' id='word_1_179' title='bbox 3069 1498 3099 1553; x_wconf 81' lang='grc' dir='ltr'>ὅ</span> <span class='ocrx_word' id='word_1_180' title='bbox 3128 1498 3240 1554; x_wconf 72' lang='grc' dir='ltr'><strong>ἐστι</strong></span> <span class='ocrx_word' id='word_1_181' title='bbox 3287 1506 3388 1569; x_wconf 73' lang='grc' dir='ltr'><strong>τῆς</strong></span> <span class='ocrx_word' id='word_1_182' title='bbox 3445 1499 3566 1573; x_wconf 86' lang='grc' dir='ltr'><strong>περὶ</strong></span> <span class='ocrx_word' id='word_1_183' title='bbox 3610 1501 3681 1554; x_wconf 84' lang='grc' dir='ltr'><strong><em>τά</em></strong></span> <span class='ocrx_word' id='word_1_184' title='bbox 3713 1499 3854 1572; x_wconf 77' lang='grc' dir='ltr'><strong>πράο</strong></span> 
     </span>
    </p>
   </div>
   <div class='ocr_carea' id='block_1_27' title="bbox 2201 1583 3852 1660">
    <p class='ocr_par' dir='ltr' id='par_1_27' title="bbox 2201 1583 3852 1660">
     <span class='ocr_line' id='line_1_27' title="bbox 2201 1583 3852 1660; baseline 0.002 -21"><span class='ocrx_word' id='word_1_185' title='bbox 2201 1605 2386 1660; x_wconf 84' lang='grc' dir='ltr'><strong>γματα</strong></span> <span class='ocrx_word' id='word_1_186' title='bbox 2436 1583 2772 1657; x_wconf 86' lang='grc' dir='ltr'><strong>δεινότητος,</strong></span> <span class='ocrx_word' id='word_1_187' title='bbox 2854 1585 3065 1644; x_wconf 80' lang='grc' dir='ltr'><strong>οἷόνται</strong></span> <span class='ocrx_word' id='word_1_188' title='bbox 3125 1589 3299 1643; x_wconf 85' lang='grc' dir='ltr'><strong>πάντα</strong></span> <span class='ocrx_word' id='word_1_189' title='bbox 3355 1585 3550 1643; x_wconf 78' lang='grc' dir='ltr'><strong>εἰδέναι</strong></span> <span class='ocrx_word' id='word_1_190' title='bbox 3615 1587 3712 1642; x_wconf 80' lang='grc' dir='ltr'><strong>καὶ</strong></span> <span class='ocrx_word' id='word_1_191' title='bbox 3775 1587 3852 1658; x_wconf 76' lang='grc' dir='ltr'><strong>μὴ</strong></span> 
     </span>
    </p>
   </div>
   <div class='ocr_carea' id='block_1_28' title="bbox 2202 1671 3856 1750">
    <p class='ocr_par' dir='ltr' id='par_1_28' title="bbox 2202 1671 3856 1750">
     <span class='ocr_line' id='line_1_28' title="bbox 2202 1671 3856 1750; baseline 0.003 -21"><span class='ocrx_word' id='word_1_192' title='bbox 2202 1671 2792 1747; x_wconf 78' lang='grc' dir='ltr'><strong>δεῖσθαιδιδασκάλουν,</strong></span> <span class='ocrx_word' id='word_1_193' title='bbox 2847 1675 2916 1735; x_wconf 90' lang='grc' dir='ltr'><strong>δι’</strong></span> <span class='ocrx_word' id='word_1_194' title='bbox 2965 1678 3135 1749; x_wconf 78' lang='grc' dir='ltr'><strong>αὐτῆς</strong></span> <span class='ocrx_word' id='word_1_195' title='bbox 3190 1679 3392 1750; x_wconf 77' lang='grc' dir='ltr'><strong>ταύτης</strong></span> <span class='ocrx_word' id='word_1_196' title='bbox 3449 1680 3648 1743; x_wconf 75' lang='grc' dir='ltr'><strong>αὐτοὺς</strong></span> <span class='ocrx_word' id='word_1_197' title='bbox 3711 1677 3856 1748; x_wconf 72' lang='grc' dir='ltr'><strong>εἷλε,</strong></span> 
     </span>
    </p>
   </div>
   <div class='ocr_carea' id='block_1_29' title="bbox 451 1675 2098 1760">
    <p class='ocr_par' dir='ltr' id='par_1_29' title="bbox 451 1675 2098 1760">
     <span class='ocr_line' id='line_1_29' title="bbox 451 1675 2098 1760; baseline -0.013 -11"><span class='ocrx_word' id='word_1_198' title='bbox 451 1695 623 1760; x_wconf 89' lang='lat' dir='ltr'><strong><em>scire,</em></strong></span> <span class='ocrx_word' id='word_1_199' title='bbox 659 1708 768 1746; x_wconf 92' lang='lat' dir='ltr'><strong><em>nec</em></strong></span> <span class='ocrx_word' id='word_1_200' title='bbox 799 1688 911 1744; x_wconf 90' lang='lat' dir='ltr'><strong><em>sibi</em></strong></span> <span class='ocrx_word' id='word_1_201' title='bbox 968 1702 1118 1758; x_wconf 83' lang='lat' dir='ltr'><strong><em>opus</em></strong></span> <span class='ocrx_word' id='word_1_202' title='bbox 1181 1700 1308 1738; x_wconf 91' lang='lat' dir='ltr'><strong><em>esse</em></strong></span> <span class='ocrx_word' id='word_1_203' title='bbox 1363 1678 1723 1743; x_wconf 88' lang='lat' dir='ltr'><strong><em>doctoribus,</em></strong></span> <span class='ocrx_word' id='word_1_204' title='bbox 1786 1691 1890 1748; x_wconf 90' lang='lat' dir='ltr'><strong><em>per</em></strong></span> <span class='ocrx_word' id='word_1_205' title='bbox 1945 1675 2098 1728; x_wconf 89' lang='lat' dir='ltr'><strong><em>hanc</em></strong></span> 
     </span>
    </p>
   </div>
   <div class='ocr_carea' id='block_1_30' title="bbox 448 1763 2100 1855">
    <p class='ocr_par' dir='ltr' id='par_1_30' title="bbox 448 1763 2100 1855">
     <span class='ocr_line' id='line_1_30' title="bbox 448 1763 2100 1855; baseline -0.014 -15"><span class='ocrx_word' id='word_1_206' title='bbox 448 1788 640 1855; x_wconf 84' lang='lat' dir='ltr'><strong><em>ipsam</em></strong></span> <span class='ocrx_word' id='word_1_207' title='bbox 672 1799 772 1837; x_wconf 89' lang='lat' dir='ltr'><strong><em>eos</em></strong></span> <span class='ocrx_word' id='word_1_208' title='bbox 819 1777 1068 1850; x_wconf 89' lang='lat' dir='ltr'><strong><em>accepit,</em></strong></span> <span class='ocrx_word' id='word_1_209' title='bbox 1115 1775 1292 1830; x_wconf 85' lang='lat' dir='ltr'><strong><em>rebus</em></strong></span> <span class='ocrx_word' id='word_1_210' title='bbox 1353 1769 1675 1827; x_wconf 87' lang='lat' dir='ltr'><strong><em>ostendens</em></strong></span> <span class='ocrx_word' id='word_1_211' title='bbox 1734 1766 1889 1838; x_wconf 90' lang='lat' dir='ltr'><strong><em>quod</em></strong></span> <span class='ocrx_word' id='word_1_212' title='bbox 1948 1763 2100 1819; x_wconf 86' lang='lat' dir='ltr'><strong><em>nihil</em></strong></span> 
     </span>
    </p>
   </div>
   <div class='ocr_carea' id='block_1_31' title="bbox 449 1864 1597 1940">
    <p class='ocr_par' dir='ltr' id='par_1_31' title="bbox 449 1864 1597 1940">
     <span class='ocr_line' id='line_1_31' title="bbox 449 1864 1597 1940; baseline -0.01 -10"><span class='ocrx_word' id='word_1_213' title='bbox 449 1874 640 1929; x_wconf 85' lang='lat' dir='ltr'><strong><em>sciant</em></strong></span> <span class='ocrx_word' id='word_1_214' title='bbox 667 1887 869 1928; x_wconf 91' lang='lat' dir='ltr'><strong><em>eorum</em></strong></span> <span class='ocrx_word' id='word_1_215' title='bbox 903 1886 1033 1940; x_wconf 80' lang='lat' dir='ltr'><strong><em>quae</em></strong></span> <span class='ocrx_word' id='word_1_216' title='bbox 1066 1864 1406 1922; x_wconf 90' lang='lat' dir='ltr'><strong><em>necessaria</em></strong></span> <span class='ocrx_word' id='word_1_217' title='bbox 1441 1869 1597 1918; x_wconf 91' lang='lat' dir='ltr'><strong><em>sunt.</em></strong></span> 
     </span>
    </p>
   </div>
   <div class='ocr_carea' id='block_1_32' title="bbox 485 1951 2094 2028">
    <p class='ocr_par' dir='ltr' id='par_1_32' title="bbox 485 1951 2094 2028">
     <span class='ocr_line' id='line_1_32' title="bbox 485 1951 2094 2028; baseline -0.013 -10"><span class='ocrx_word' id='word_1_218' title='bbox 485 1962 788 2028; x_wconf 88' lang='lat' dir='ltr'><strong><em>Quomodo</em></strong></span> <span class='ocrx_word' id='word_1_219' title='bbox 812 1965 1006 2015; x_wconf 87' lang='lat' dir='ltr'><strong><em>autem</em></strong></span> <span class='ocrx_word' id='word_1_220' title='bbox 1030 1952 1482 2026; x_wconf 77' lang='lat' dir='ltr'><strong><em>comprehendit</em></strong></span> <span class='ocrx_word' id='word_1_221' title='bbox 1501 1951 1799 2022; x_wconf 89' lang='lat' dir='ltr'><strong><em>sapientes</em></strong></span> <span class='ocrx_word' id='word_1_222' title='bbox 1821 1951 2094 2018; x_wconf 74' lang='lat' dir='ltr'><strong><em>perastu-</em></strong></span> 
     </span>
    </p>
   </div>
   <div class='ocr_carea' id='block_1_33' title="bbox 451 2036 2098 2125">
    <p class='ocr_par' dir='ltr' id='par_1_33' title="bbox 451 2036 2098 2125">
     <span class='ocr_line' id='line_1_33' title="bbox 451 2036 2098 2125; baseline -0.011 -16"><span class='ocrx_word' id='word_1_223' title='bbox 451 2055 592 2110; x_wconf 89' lang='lat' dir='ltr'><strong><em>tiam</em></strong></span> <span class='ocrx_word' id='word_1_224' title='bbox 611 2047 1365 2125; x_wconf 77' lang='lat' dir='ltr'><strong><em>ipsorum?Arbitrabantur</em></strong></span> <span class='ocrx_word' id='word_1_225' title='bbox 1377 2060 1484 2116; x_wconf 91' lang='lat' dir='ltr'><strong><em>per</em></strong></span> <span class='ocrx_word' id='word_1_226' title='bbox 1496 2043 1818 2097; x_wconf 90' lang='lat' dir='ltr'><strong><em>humanam</em></strong></span> <span class='ocrx_word' id='word_1_227' title='bbox 1836 2055 1964 2109; x_wconf 70' lang='lat' dir='ltr'><strong><em>quae</em></strong></span> <span class='ocrx_word' id='word_1_228' title='bbox 1980 2036 2098 2091; x_wconf 90' lang='lat' dir='ltr'><strong><em>illis</em></strong></span> 
     </span>
    </p>
   </div>
   <div class='ocr_carea' id='block_1_34' title="bbox 453 2129 2099 2215">
    <p class='ocr_par' dir='ltr' id='par_1_34' title="bbox 453 2129 2099 2215">
     <span class='ocr_line' id='line_1_34' title="bbox 453 2129 2099 2215; baseline -0.012 -14"><span class='ocrx_word' id='word_1_229' title='bbox 453 2148 642 2202; x_wconf 83' lang='lat' dir='ltr'><strong><em>inerat</em></strong></span> <span class='ocrx_word' id='word_1_230' title='bbox 673 2142 1048 2215; x_wconf 85' lang='lat' dir='ltr'><strong><em>sapientiam,</em></strong></span> <span class='ocrx_word' id='word_1_231' title='bbox 1082 2155 1209 2194; x_wconf 86' lang='lat' dir='ltr'><strong><em>sese</em></strong></span> <span class='ocrx_word' id='word_1_232' title='bbox 1241 2135 1777 2206; x_wconf 83' lang='lat' dir='ltr'><strong><em>comprehensuros</em></strong></span> <span class='ocrx_word' id='word_1_233' title='bbox 1821 2129 2099 2183; x_wconf 78' lang='lat' dir='ltr'><strong><em>virtutem</em></strong></span> 
     </span>
    </p>
   </div>
   <div class='ocr_carea' id='block_1_35' title="bbox 454 2223 2100 2307">
    <p class='ocr_par' dir='ltr' id='par_1_35' title="bbox 454 2223 2100 2307">
     <span class='ocr_line' id='line_1_35' title="bbox 454 2223 2100 2307; baseline -0.013 -15"><span class='ocrx_word' id='word_1_234' title='bbox 454 2235 719 2307; x_wconf 85' lang='lat' dir='ltr'><strong><em>mysterii</em></strong></span> <span class='ocrx_word' id='word_1_235' title='bbox 747 2232 991 2287; x_wconf 79' lang='lat' dir='ltr'><strong><em>Christi:</em></strong></span> <span class='ocrx_word' id='word_1_236' title='bbox 1023 2228 1132 2301; x_wconf 89' lang='lat' dir='ltr'><strong><em>ipsi</em></strong></span> <span class='ocrx_word' id='word_1_237' title='bbox 1155 2243 1289 2282; x_wconf 89' lang='lat' dir='ltr'><strong><em>vero</em></strong></span> <span class='ocrx_word' id='word_1_238' title='bbox 1314 2241 1435 2280; x_wconf 91' lang='lat' dir='ltr'><strong><em>non</em></strong></span> <span class='ocrx_word' id='word_1_239' title='bbox 1467 2223 1661 2278; x_wconf 90' lang='lat' dir='ltr'><strong><em>solum</em></strong></span> <span class='ocrx_word' id='word_1_240' title='bbox 1692 2238 1813 2276; x_wconf 91' lang='lat' dir='ltr'><strong><em>non</em></strong></span> <span class='ocrx_word' id='word_1_241' title='bbox 1842 2225 1980 2274; x_wconf 90' lang='lat' dir='ltr'><strong><em>sunt</em></strong></span> <span class='ocrx_word' id='word_1_242' title='bbox 2008 2233 2100 2271; x_wconf 87' lang='lat' dir='ltr'><strong><em>as-</em></strong></span> 
     </span>
    </p>
   </div>
   <div class='ocr_carea' id='block_1_36' title="bbox 459 2303 2100 2391">
    <p class='ocr_par' dir='ltr' id='par_1_36' title="bbox 459 2303 2100 2391">
     <span class='ocr_line' id='line_1_36' title="bbox 459 2303 2100 2391; baseline -0.013 -14"><span class='ocrx_word' id='word_1_243' title='bbox 459 2321 645 2378; x_wconf 84' lang='lat' dir='ltr'><strong><em>secuti</em></strong></span> <span class='ocrx_word' id='word_1_244' title='bbox 665 2338 796 2391; x_wconf 64' lang='lat' dir='ltr'><strong><em>qua}</em></strong></span> <span class='ocrx_word' id='word_1_245' title='bbox 821 2318 932 2374; x_wconf 92' lang='lat' dir='ltr'><strong><em>sibi</em></strong></span> <span class='ocrx_word' id='word_1_246' title='bbox 955 2315 1234 2371; x_wconf 88' lang='lat' dir='ltr'><strong><em>humanis</em></strong></span> <span class='ocrx_word' id='word_1_247' title='bbox 1256 2310 1586 2367; x_wconf 86' lang='lat' dir='ltr'><strong><em>rationibus</em></strong></span> <span class='ocrx_word' id='word_1_248' title='bbox 1609 2323 1891 2363; x_wconf 90' lang='lat' dir='ltr'><strong><em>concessa</em></strong></span> <span class='ocrx_word' id='word_1_249' title='bbox 1903 2303 2100 2358; x_wconf 73' lang='lat' dir='ltr'><strong><em>existi-</em></strong></span> 
     </span>
    </p>
   </div>
   <div class='ocr_carea' id='block_1_37' title="bbox 454 2394 2102 2470">
    <p class='ocr_par' dir='ltr' id='par_1_37' title="bbox 454 2394 2102 2470">
     <span class='ocr_line' id='line_1_37' title="bbox 454 2394 2102 2470; baseline -0.013 -3"><span class='ocrx_word' id='word_1_250' title='bbox 454 2412 733 2468; x_wconf 87' lang='lat' dir='ltr'><strong><em>mabant:</em></strong></span> <span class='ocrx_word' id='word_1_251' title='bbox 767 2425 968 2464; x_wconf 87' lang='lat' dir='ltr'><strong><em>verum</em></strong></span> <span class='ocrx_word' id='word_1_252' title='bbox 1003 2406 1178 2461; x_wconf 89' lang='lat' dir='ltr'><strong><em>etiam</em></strong></span> <span class='ocrx_word' id='word_1_253' title='bbox 1211 2403 1427 2458; x_wconf 84' lang='lat' dir='ltr'><strong><em>astutia</em></strong></span> <span class='ocrx_word' id='word_1_254' title='bbox 1459 2399 1602 2470; x_wconf 92' lang='lat' dir='ltr'><strong><em>ipsis</em></strong></span> <span class='ocrx_word' id='word_1_255' title='bbox 1634 2399 1695 2452; x_wconf 93' lang='lat' dir='ltr'><strong><em>in</em></strong></span> <span class='ocrx_word' id='word_1_256' title='bbox 1737 2394 2102 2452; x_wconf 88' lang='lat' dir='ltr'><strong><em>contrarium</em></strong></span> 
     </span>
    </p>
   </div>
   <div class='ocr_carea' id='block_1_38' title="bbox 452 2483 2101 2566">
    <p class='ocr_par' dir='ltr' id='par_1_38' title="bbox 452 2483 2101 2566">
     <span class='ocr_line' id='line_1_38' title="bbox 452 2483 2101 2566; baseline -0.012 -11"><span class='ocrx_word' id='word_1_257' title='bbox 452 2501 630 2556; x_wconf 68' lang='lat' dir='ltr'><strong><em>cessit</em></strong></span> <span class='ocrx_word' id='word_1_258' title='bbox 661 2515 868 2555; x_wconf 88' lang='lat' dir='ltr'><strong><em>eorum</em></strong></span> <span class='ocrx_word' id='word_1_259' title='bbox 899 2496 972 2551; x_wconf 91' lang='lat' dir='ltr'><strong><em>ad</em></strong></span> <span class='ocrx_word' id='word_1_260' title='bbox 1004 2511 1135 2566; x_wconf 70' lang='lat' dir='ltr'><strong><em>quas</em></strong></span> <span class='ocrx_word' id='word_1_261' title='bbox 1170 2490 1514 2550; x_wconf 87' lang='lat' dir='ltr'><strong><em>tendebant,</em></strong></span> <span class='ocrx_word' id='word_1_262' title='bbox 1538 2488 1598 2541; x_wconf 91' lang='lat' dir='ltr'><strong><em>in</em></strong></span> <span class='ocrx_word' id='word_1_263' title='bbox 1621 2487 1908 2556; x_wconf 86' lang='lat' dir='ltr'><strong><em>majorem</em></strong></span> <span class='ocrx_word' id='word_1_264' title='bbox 1940 2483 2101 2554; x_wconf 87' lang='lat' dir='ltr'><strong><em>igno-</em></strong></span> 
     </span>
    </p>
   </div>
   <div class='ocr_carea' id='block_1_39' title="bbox 453 2570 2104 2658">
    <p class='ocr_par' dir='ltr' id='par_1_39' title="bbox 453 2570 2104 2658">
     <span class='ocr_line' id='line_1_39' title="bbox 453 2570 2104 2658; baseline -0.013 -12"><span class='ocrx_word' id='word_1_265' title='bbox 453 2591 707 2646; x_wconf 86' lang='lat' dir='ltr'><strong><em>rantiam</em></strong></span> <span class='ocrx_word' id='word_1_266' title='bbox 722 2594 899 2658; x_wconf 87' lang='lat' dir='ltr'><strong><em>atque</em></strong></span> <span class='ocrx_word' id='word_1_267' title='bbox 917 2582 1364 2658; x_wconf 85' lang='lat' dir='ltr'><strong><em>perplexitatem</em></strong></span> <span class='ocrx_word' id='word_1_268' title='bbox 1387 2577 1744 2649; x_wconf 85' lang='lat' dir='ltr'><strong><em>conjiciente</em></strong></span> <span class='ocrx_word' id='word_1_269' title='bbox 1768 2575 1928 2646; x_wconf 88' lang='lat' dir='ltr'><strong><em>ipsos</em></strong></span> <span class='ocrx_word' id='word_1_270' title='bbox 1950 2570 2104 2643; x_wconf 87' lang='lat' dir='ltr'><strong><em>cogi-</em></strong></span> 
     </span>
    </p>
   </div>
   <div class='ocr_carea' id='block_1_40' title="bbox 460 2663 2105 2737">
    <p class='ocr_par' dir='ltr' id='par_1_40' title="bbox 460 2663 2105 2737">
     <span class='ocr_line' id='line_1_40' title="bbox 460 2663 2105 2737; baseline -0.013 -1"><span class='ocrx_word' id='word_1_271' title='bbox 460 2682 750 2737; x_wconf 76' lang='lat' dir='ltr'><strong><em>tationum</em></strong></span> <span class='ocrx_word' id='word_1_272' title='bbox 800 2695 867 2732; x_wconf 88' lang='lat' dir='ltr'><strong><em>ac</em></strong></span> <span class='ocrx_word' id='word_1_273' title='bbox 916 2676 1212 2731; x_wconf 81' lang='lat' dir='ltr'><strong><em>rationum</em></strong></span> <span class='ocrx_word' id='word_1_274' title='bbox 1272 2669 1701 2726; x_wconf 88' lang='lat' dir='ltr'><strong><em>imbecillitate.</em></strong></span> <span class='ocrx_word' id='word_1_275' title='bbox 1768 2689 1787 2715; x_wconf 76' lang='grc' dir='ltr'>α</span> <span class='ocrx_word' id='word_1_276' title='bbox 1821 2663 2105 2720; x_wconf 86' lang='lat' dir='ltr'><strong><em>Dominus</em></strong></span> 
     </span>
    </p>
   </div>
   <div class='ocr_carea' id='block_1_41' title="bbox 461 2752 2108 2841">
    <p class='ocr_par' dir='ltr' id='par_1_41' title="bbox 461 2752 2108 2841">
     <span class='ocr_line' id='line_1_41' title="bbox 461 2752 2108 2841; baseline -0.013 -15"><span class='ocrx_word' id='word_1_277' title='bbox 461 2770 628 2826; x_wconf 67' lang='lat' dir='ltr'><strong><em>novit</em></strong></span> <span class='ocrx_word' id='word_1_278' title='bbox 659 2767 1066 2841; x_wconf 76' lang='lat' dir='ltr'><strong><em>cogitationes.</em></strong></span> <span class='ocrx_word' id='word_1_279' title='bbox 1106 2788 1132 2812; x_wconf 91' lang='grc'><strong><em>››</em></strong></span> <span class='ocrx_word' id='word_1_280' title='bbox 1165 2763 1221 2816; x_wconf 84' lang='lat' dir='ltr'><strong><em>Si</em></strong></span> <span class='ocrx_word' id='word_1_281' title='bbox 1253 2779 1390 2833; x_wconf 90' lang='lat' dir='ltr'><strong><em>ergo</em></strong></span> <span class='ocrx_word' id='word_1_282' title='bbox 1429 2759 1712 2814; x_wconf 90' lang='lat' dir='ltr'><strong><em>Dominus</em></strong></span> <span class='ocrx_word' id='word_1_283' title='bbox 1743 2755 1924 2821; x_wconf 87' lang='lat' dir='ltr'><strong><em>novit,</em></strong></span> <span class='ocrx_word' id='word_1_284' title='bbox 1975 2752 2108 2822; x_wconf 89' lang='lat' dir='ltr'><strong><em>quis</em></strong></span> 
     </span>
    </p>
   </div>
   <div class='ocr_carea' id='block_1_42' title="bbox 452 2843 2108 2933">
    <p class='ocr_par' dir='ltr' id='par_1_42' title="bbox 452 2843 2108 2933">
     <span class='ocr_line' id='line_1_42' title="bbox 452 2843 2108 2933; baseline -0.013 -16"><span class='ocrx_word' id='word_1_285' title='bbox 452 2861 582 2933; x_wconf 85' lang='lat' dir='ltr'><strong><em>jam</em></strong></span> <span class='ocrx_word' id='word_1_286' title='bbox 615 2857 975 2914; x_wconf 90' lang='lat' dir='ltr'><strong><em>contradicet</em></strong></span> <span class='ocrx_word' id='word_1_287' title='bbox 1001 2859 1026 2908; x_wconf 74' lang='lat'><strong><em>.9</em></strong></span> <span class='ocrx_word' id='word_1_288' title='bbox 1056 2852 1220 2918; x_wconf 90' lang='lat' dir='ltr'><strong><em>Quod</em></strong></span> <span class='ocrx_word' id='word_1_289' title='bbox 1262 2851 1310 2906; x_wconf 91' lang='lat' dir='ltr'><strong><em>si</em></strong></span> <span class='ocrx_word' id='word_1_290' title='bbox 1361 2848 1744 2921; x_wconf 73' lang='lat' dir='ltr'><strong><em>cogitationes</em></strong></span> <span class='ocrx_word' id='word_1_291' title='bbox 1797 2843 2108 2898; x_wconf 79' lang='lat' dir='ltr'><strong><em>hominum</em></strong></span> 
     </span>
    </p>
   </div>
   <div class='ocr_carea' id='block_1_43' title="bbox 466 2935 2107 3016">
    <p class='ocr_par' dir='ltr' id='par_1_43' title="bbox 466 2935 2107 3016">
     <span class='ocr_line' id='line_1_43' title="bbox 466 2935 2107 3016; baseline -0.013 -10"><span class='ocrx_word' id='word_1_292' title='bbox 466 2969 629 3006; x_wconf 66' lang='lat' dir='ltr'><strong><em>vana:</em></strong></span> <span class='ocrx_word' id='word_1_293' title='bbox 662 2954 821 3012; x_wconf 82' lang='lat' dir='ltr'><strong><em>sunt,</em></strong></span> <span class='ocrx_word' id='word_1_294' title='bbox 857 2952 912 3000; x_wconf 90' lang='lat' dir='ltr'><strong><em>et</em></strong></span> <span class='ocrx_word' id='word_1_295' title='bbox 945 2945 993 3000; x_wconf 89' lang='lat' dir='ltr'><strong><em>si</em></strong></span> <span class='ocrx_word' id='word_1_296' title='bbox 1026 2944 1324 3016; x_wconf 89' lang='lat' dir='ltr'><strong><em>sapientes</em></strong></span> <span class='ocrx_word' id='word_1_297' title='bbox 1357 2957 1461 3012; x_wconf 89' lang='lat' dir='ltr'><strong><em>per</em></strong></span> <span class='ocrx_word' id='word_1_298' title='bbox 1493 2955 1659 2992; x_wconf 88' lang='lat' dir='ltr'><strong><em>suam</em></strong></span> <span class='ocrx_word' id='word_1_299' title='bbox 1683 2935 1962 2992; x_wconf 86' lang='lat' dir='ltr'><strong><em>astutiam</em></strong></span> <span class='ocrx_word' id='word_1_300' title='bbox 1985 2947 2107 2986; x_wconf 88' lang='lat' dir='ltr'><strong><em>ma-</em></strong></span> 
     </span>
    </p>
   </div>
   <div class='ocr_carea' id='block_1_44' title="bbox 464 3021 2113 3111">
    <p class='ocr_par' dir='ltr' id='par_1_44' title="bbox 464 3021 2113 3111">
     <span class='ocr_line' id='line_1_44' title="bbox 464 3021 2113 3111; baseline -0.012 -16"><span class='ocrx_word' id='word_1_301' title='bbox 464 3042 551 3111; x_wconf 93' lang='lat' dir='ltr'><strong><em>gis</em></strong></span> <span class='ocrx_word' id='word_1_302' title='bbox 575 3040 911 3110; x_wconf 90' lang='lat' dir='ltr'><strong><em>capiuntur,</em></strong></span> <span class='ocrx_word' id='word_1_303' title='bbox 937 3034 1237 3107; x_wconf 88' lang='lat' dir='ltr'><strong><em>quodnam</em></strong></span> <span class='ocrx_word' id='word_1_304' title='bbox 1271 3030 1502 3086; x_wconf 89' lang='lat' dir='ltr'><strong><em>lucrum</em></strong></span> <span class='ocrx_word' id='word_1_305' title='bbox 1532 3027 1718 3100; x_wconf 84' lang='lat' dir='ltr'><strong><em>magis</em></strong></span> <span class='ocrx_word' id='word_1_306' title='bbox 1750 3042 1818 3080; x_wconf 84' lang='lat' dir='ltr'><strong><em>ex</em></strong></span> <span class='ocrx_word' id='word_1_307' title='bbox 1849 3024 1976 3095; x_wconf 89' lang='lat' dir='ltr'><strong><em>ipsa</em></strong></span> <span class='ocrx_word' id='word_1_308' title='bbox 2007 3021 2113 3076; x_wconf 86' lang='lat' dir='ltr'><strong><em>ha-</em></strong></span> 
     </span>
    </p>
   </div>
   <div class='ocr_carea' id='block_1_45' title="bbox 465 3112 2113 3192">
    <p class='ocr_par' dir='ltr' id='par_1_45' title="bbox 465 3112 2113 3192">
     <span class='ocr_line' id='line_1_45' title="bbox 465 3112 2113 3192; baseline -0.013 -7"><span class='ocrx_word' id='word_1_309' title='bbox 465 3130 645 3185; x_wconf 83' lang='lat' dir='ltr'><strong><em>beant</em></strong></span> <span class='ocrx_word' id='word_1_310' title='bbox 666 3128 1046 3184; x_wconf 76' lang='lat' dir='ltr'><strong><em>nianifestum</em></strong></span> <span class='ocrx_word' id='word_1_311' title='bbox 1071 3130 1159 3178; x_wconf 88' lang='lat' dir='ltr'><strong><em>est</em></strong></span> <span class='ocrx_word' id='word_1_312' title='bbox 1179 3141 1191 3178; x_wconf 87' lang='lat'><strong>:</strong></span> <span class='ocrx_word' id='word_1_313' title='bbox 1211 3121 1349 3192; x_wconf 89' lang='lat' dir='ltr'><strong><em>quia</em></strong></span> <span class='ocrx_word' id='word_1_314' title='bbox 1371 3135 1563 3189; x_wconf 85' lang='lat' dir='ltr'><strong><em>neque</em></strong></span> <span class='ocrx_word' id='word_1_315' title='bbox 1586 3117 1846 3172; x_wconf 87' lang='lat' dir='ltr'><strong><em>humana</em></strong></span> <span class='ocrx_word' id='word_1_316' title='bbox 1877 3112 2113 3183; x_wconf 78' lang='lat' dir='ltr'><strong><em>sapien-</em></strong></span> 
     </span>
    </p>
   </div>
   <div class='ocr_carea' id='block_1_46' title="bbox 2126 1825 2173 1890">
    <p class='ocr_par' dir='ltr' id='par_1_46' title="bbox 2126 1825 2173 1890">
     <span class='ocr_line' id='line_1_46' title="bbox 2126 1825 2173 1890; baseline 0 0"><span class='ocrx_word' id='word_1_317' title='bbox 2126 1825 2173 1890; x_wconf 91' lang='lat' dir='ltr'><strong>B</strong></span> 
     </span>
    </p>
   </div>
   <div class='ocr_carea' id='block_1_47' title="bbox 2203 1763 3858 1845">
    <p class='ocr_par' dir='ltr' id='par_1_47' title="bbox 2203 1763 3858 1845">
     <span class='ocr_line' id='line_1_47' title="bbox 2203 1763 3858 1845; baseline 0.004 -26"><span class='ocrx_word' id='word_1_318' title='bbox 2203 1763 2292 1820; x_wconf 82' lang='grc' dir='ltr'><strong><em>διὰ</em></strong></span> <span class='ocrx_word' id='word_1_319' title='bbox 2351 1770 2458 1821; x_wconf 88' lang='grc' dir='ltr'><strong><em>τῶν</em></strong></span> <span class='ocrx_word' id='word_1_320' title='bbox 2521 1767 2864 1845; x_wconf 78' lang='grc' dir='ltr'><strong>πραγμάτων</strong></span> <span class='ocrx_word' id='word_1_321' title='bbox 2923 1765 3122 1841; x_wconf 78' lang='grc' dir='ltr'><strong>δείξας,</strong></span> <span class='ocrx_word' id='word_1_322' title='bbox 3181 1770 3266 1824; x_wconf 80' lang='grc' dir='ltr'><strong><em>ὅτι</em></strong></span> <span class='ocrx_word' id='word_1_323' title='bbox 3325 1765 3474 1824; x_wconf 75' lang='grc' dir='ltr'><strong>οὐδὲν</strong></span> <span class='ocrx_word' id='word_1_324' title='bbox 3533 1767 3684 1824; x_wconf 66' lang='grc' dir='ltr'><strong>ἴσασι</strong></span> <span class='ocrx_word' id='word_1_325' title='bbox 3751 1773 3858 1825; x_wconf 87' lang='grc' dir='ltr'><strong><em>τῶν</em></strong></span> 
     </span>
    </p>
   </div>
   <div class='ocr_carea' id='block_1_48' title="bbox 2205 1856 2532 1932">
    <p class='ocr_par' dir='ltr' id='par_1_48' title="bbox 2205 1856 2532 1932">
     <span class='ocr_line' id='line_1_48' title="bbox 2205 1856 2532 1932; baseline 0.009 -21"><span class='ocrx_word' id='word_1_326' title='bbox 2205 1856 2509 1932; x_wconf 79' lang='grc' dir='ltr'><strong>ἀναγκαίων</strong></span> <span class='ocrx_word' id='word_1_327' title='bbox 2520 1901 2532 1914; x_wconf 92' lang='grc'><strong>.</strong></span> 
     </span>
    </p>
   </div>
   <div class='ocr_carea' id='block_1_49' title="bbox 2277 1945 3862 2027">
    <p class='ocr_par' dir='ltr' id='par_1_49' title="bbox 2277 1945 3862 2027">
     <span class='ocr_line' id='line_1_49' title="bbox 2277 1945 3862 2027; baseline 0.001 -25"><span class='ocrx_word' id='word_1_328' title='bbox 2277 1947 2493 2020; x_wconf 85' lang='grc' dir='ltr'><strong><em>[ΦΩΤ.]</em></strong></span> <span class='ocrx_word' id='word_1_329' title='bbox 2526 1951 2646 2010; x_wconf 83' lang='grc' dir='ltr'><strong>Πῶς</strong></span> <span class='ocrx_word' id='word_1_330' title='bbox 2682 1947 2738 2005; x_wconf 76' lang='grc' dir='ltr'><strong>δὶ</strong></span> <span class='ocrx_word' id='word_1_331' title='bbox 2782 1945 2996 2022; x_wconf 81' lang='grc' dir='ltr'><strong>ἐδέξατο</strong></span> <span class='ocrx_word' id='word_1_332' title='bbox 3040 1947 3170 2012; x_wconf 73' lang='grc' dir='ltr'><strong>τοὺς</strong></span> <span class='ocrx_word' id='word_1_333' title='bbox 3229 1949 3427 2027; x_wconf 72' lang='grc' dir='ltr'><strong>σοφοὺς</strong></span> <span class='ocrx_word' id='word_1_334' title='bbox 3478 1947 3532 2004; x_wconf 73' lang='grc' dir='ltr'><strong>ἓν</strong></span> <span class='ocrx_word' id='word_1_335' title='bbox 3591 1952 3659 2023; x_wconf 83' lang='grc' dir='ltr'><strong>τῇ</strong></span> <span class='ocrx_word' id='word_1_336' title='bbox 3725 1970 3862 2005; x_wconf 84' lang='grc' dir='ltr'><strong>παν-</strong></span> 
     </span>
    </p>
   </div>
   <div class='ocr_carea' id='block_1_50' title="bbox 2210 2035 3866 2115">
    <p class='ocr_par' dir='ltr' id='par_1_50' title="bbox 2210 2035 3866 2115">
     <span class='ocr_line' id='line_1_50' title="bbox 2210 2035 3866 2115; baseline 0.001 -24"><span class='ocrx_word' id='word_1_337' title='bbox 2210 2035 2405 2115; x_wconf 80' lang='grc' dir='ltr'><strong>ουργίᾳ</strong></span> <span class='ocrx_word' id='word_1_338' title='bbox 2434 2038 2650 2107; x_wconf 78' lang='grc' dir='ltr'><strong>αὐτῶνς</strong></span> <span class='ocrx_word' id='word_1_339' title='bbox 2686 2039 2972 2114; x_wconf 84' lang='grc' dir='ltr'><strong>Ἐνὸμισαν</strong></span> <span class='ocrx_word' id='word_1_340' title='bbox 3030 2037 3120 2094; x_wconf 83' lang='grc' dir='ltr'><strong>διὰ</strong></span> <span class='ocrx_word' id='word_1_341' title='bbox 3168 2046 3267 2108; x_wconf 63' lang='grc' dir='ltr'><strong>τῆς</strong></span> <span class='ocrx_word' id='word_1_342' title='bbox 3307 2039 3619 2114; x_wconf 88' lang='grc' dir='ltr'><strong>προσούσης</strong></span> <span class='ocrx_word' id='word_1_343' title='bbox 3667 2039 3866 2101; x_wconf 79' lang='grc' dir='ltr'><strong>αὐτοῖς</strong></span> 
     </span>
    </p>
   </div>
   <div class='ocr_carea' id='block_1_51' title="bbox 2209 2126 3866 2203">
    <p class='ocr_par' dir='ltr' id='par_1_51' title="bbox 2209 2126 3866 2203">
     <span class='ocr_line' id='line_1_51' title="bbox 2209 2126 3866 2203; baseline 0.001 -23"><span class='ocrx_word' id='word_1_344' title='bbox 2209 2127 2462 2201; x_wconf 84' lang='grc' dir='ltr'><strong>γνώσεως</strong></span> <span class='ocrx_word' id='word_1_345' title='bbox 2500 2127 2866 2203; x_wconf 83' lang='grc' dir='ltr'><strong>ἀνθρωπίνης,</strong></span> <span class='ocrx_word' id='word_1_346' title='bbox 2925 2133 3023 2185; x_wconf 76' lang='grc' dir='ltr'><strong>τοῦ</strong></span> <span class='ocrx_word' id='word_1_347' title='bbox 3073 2129 3209 2184; x_wconf 86' lang='grc' dir='ltr'><strong><em>κατά</em></strong></span> <span class='ocrx_word' id='word_1_348' title='bbox 3263 2129 3493 2203; x_wconf 85' lang='grc' dir='ltr'><strong>Χριστὸν</strong></span> <span class='ocrx_word' id='word_1_349' title='bbox 3555 2126 3866 2202; x_wconf 79' lang='grc' dir='ltr'><strong>μυστηρίου</strong></span> 
     </span>
    </p>
   </div>
   <div class='ocr_carea' id='block_1_52' title="bbox 2210 2213 3866 2292">
    <p class='ocr_par' dir='ltr' id='par_1_52' title="bbox 2210 2213 3866 2292">
     <span class='ocr_line' id='line_1_52' title="bbox 2210 2213 3866 2292; baseline 0.001 -21"><span class='ocrx_word' id='word_1_350' title='bbox 2210 2217 2308 2284; x_wconf 73' lang='grc' dir='ltr'><strong>τήν</strong></span> <span class='ocrx_word' id='word_1_351' title='bbox 2343 2215 2565 2290; x_wconf 84' lang='grc' dir='ltr'><strong>δύναμιν</strong></span> <span class='ocrx_word' id='word_1_352' title='bbox 2599 2215 3031 2292; x_wconf 69' lang='grc' dir='ltr'><strong>καταλγίψεσθαιο</strong></span> <span class='ocrx_word' id='word_1_353' title='bbox 3067 2220 3119 2273; x_wconf 72' lang='grc' dir='ltr'><strong>οἱ</strong></span> <span class='ocrx_word' id='word_1_354' title='bbox 3149 2216 3206 2273; x_wconf 76' lang='grc' dir='ltr'><strong><em>δὲ</em></strong></span> <span class='ocrx_word' id='word_1_355' title='bbox 3254 2217 3314 2273; x_wconf 80' lang='grc' dir='ltr'><strong>οὐ</strong></span> <span class='ocrx_word' id='word_1_356' title='bbox 3374 2219 3535 2291; x_wconf 87' lang='grc' dir='ltr'><strong>μόνον</strong></span> <span class='ocrx_word' id='word_1_357' title='bbox 3587 2219 3688 2274; x_wconf 73' lang='grc' dir='ltr'><strong>οὒκ</strong></span> <span class='ocrx_word' id='word_1_358' title='bbox 3739 2213 3866 2273; x_wconf 77' lang='grc' dir='ltr'><strong>ἔτυ-</strong></span> 
     </span>
    </p>
   </div>
   <div class='ocr_carea' id='block_1_53' title="bbox 2215 2305 3878 2384">
    <p class='ocr_par' dir='ltr' id='par_1_53' title="bbox 2215 2305 3878 2384">
     <span class='ocr_line' id='line_1_53' title="bbox 2215 2305 3878 2384; baseline 0 -24"><span class='ocrx_word' id='word_1_359' title='bbox 2215 2327 2318 2384; x_wconf 90' lang='grc' dir='ltr'><strong><em>χον</em></strong></span> <span class='ocrx_word' id='word_1_360' title='bbox 2351 2306 2529 2380; x_wconf 84' lang='grc' dir='ltr'><strong>ὧνπερ</strong></span> <span class='ocrx_word' id='word_1_361' title='bbox 2586 2305 2825 2376; x_wconf 64' lang='grc' dir='ltr'><strong>ἤλπισαν</strong></span> <span class='ocrx_word' id='word_1_362' title='bbox 2891 2306 3253 2384; x_wconf 81' lang='grc' dir='ltr'><strong>ἀνθρωπίνοις</strong></span> <span class='ocrx_word' id='word_1_363' title='bbox 3310 2306 3601 2382; x_wconf 79' lang='grc' dir='ltr'><strong>λογισμοῖς</strong></span> <span class='ocrx_word' id='word_1_364' title='bbox 3650 2305 3878 2368; x_wconf 75' lang='grc' dir='ltr'><strong>ἑαυτοὺς</strong></span> 
     </span>
    </p>
   </div>
   <div class='ocr_carea' id='block_1_54' title="bbox 2216 2390 3876 2470">
    <p class='ocr_par' dir='ltr' id='par_1_54' title="bbox 2216 2390 3876 2470">
     <span class='ocr_line' id='line_1_54' title="bbox 2216 2390 3876 2470; baseline -0.001 -19"><span class='ocrx_word' id='word_1_365' title='bbox 2216 2395 2614 2470; x_wconf 77' lang='grc' dir='ltr'><strong>ἐπιτρέψαντες,</strong></span> <span class='ocrx_word' id='word_1_366' title='bbox 2669 2394 2815 2451; x_wconf 81' lang='grc' dir='ltr'><strong><em>ἀλλά</em></strong></span> <span class='ocrx_word' id='word_1_367' title='bbox 2873 2398 2960 2452; x_wconf 85' lang='grc' dir='ltr'><strong>καὶ</strong></span> <span class='ocrx_word' id='word_1_368' title='bbox 3025 2397 3099 2459; x_wconf 84' lang='grc' dir='ltr'><strong><em>είς</em></strong></span> <span class='ocrx_word' id='word_1_369' title='bbox 3157 2397 3472 2453; x_wconf 85' lang='grc' dir='ltr'><strong>τούναντίον</strong></span> <span class='ocrx_word' id='word_1_370' title='bbox 3512 2394 3549 2466; x_wconf 78' lang='grc' dir='ltr'>ἤ</span> <span class='ocrx_word' id='word_1_371' title='bbox 3593 2390 3876 2465; x_wconf 75' lang='grc' dir='ltr'><strong>ἔσπευδον,</strong></span> 
     </span>
    </p>
   </div>
   <div class='ocr_carea' id='block_1_55' title="bbox 2213 2483 3875 2566">
    <p class='ocr_par' dir='ltr' id='par_1_55' title="bbox 2213 2483 3875 2566">
     <span class='ocr_line' id='line_1_55' title="bbox 2213 2483 3875 2566; baseline -0.002 -24"><span class='ocrx_word' id='word_1_372' title='bbox 2213 2486 2282 2542; x_wconf 86' lang='grc' dir='ltr'><strong><em>τά</em></strong></span> <span class='ocrx_word' id='word_1_373' title='bbox 2335 2492 2435 2554; x_wconf 76' lang='grc' dir='ltr'><strong>τῆς</strong></span> <span class='ocrx_word' id='word_1_374' title='bbox 2490 2486 2824 2562; x_wconf 83' lang='grc' dir='ltr'><strong>πανουργίας</strong></span> <span class='ocrx_word' id='word_1_375' title='bbox 2883 2486 3068 2548; x_wconf 80' lang='grc' dir='ltr'><strong>αὐτοῖς</strong></span> <span class='ocrx_word' id='word_1_376' title='bbox 3151 2486 3458 2566; x_wconf 78' lang='grc' dir='ltr'><strong>ἐχώρησεν,</strong></span> <span class='ocrx_word' id='word_1_377' title='bbox 3533 2485 3726 2561; x_wconf 80' lang='grc' dir='ltr'><strong>ἀγνοίᾳ</strong></span> <span class='ocrx_word' id='word_1_378' title='bbox 3785 2483 3875 2540; x_wconf 77' lang='grc' dir='ltr'><strong><em>καί</em></strong></span> 
     </span>
    </p>
   </div>
   <div class='ocr_carea' id='block_1_56' title="bbox 2213 2573 3874 2651">
    <p class='ocr_par' dir='ltr' id='par_1_56' title="bbox 2213 2573 3874 2651">
     <span class='ocr_line' id='line_1_56' title="bbox 2213 2573 3874 2651; baseline -0.001 -21"><span class='ocrx_word' id='word_1_379' title='bbox 2213 2575 2417 2651; x_wconf 82' lang='grc' dir='ltr'><strong>ἀπορίᾳ</strong></span> <span class='ocrx_word' id='word_1_380' title='bbox 2453 2573 2692 2645; x_wconf 86' lang='grc' dir='ltr'><strong>πλείονι,</strong></span> <span class='ocrx_word' id='word_1_381' title='bbox 2721 2580 2820 2642; x_wconf 78' lang='grc' dir='ltr'><strong>τῆς</strong></span> <span class='ocrx_word' id='word_1_382' title='bbox 2852 2581 2960 2632; x_wconf 92' lang='grc' dir='ltr'><strong><em>τῶν</em></strong></span> <span class='ocrx_word' id='word_1_383' title='bbox 2993 2573 3276 2651; x_wconf 83' lang='grc' dir='ltr'><strong>λογισμῶν</strong></span> <span class='ocrx_word' id='word_1_384' title='bbox 3319 2575 3590 2638; x_wconf 77' lang='grc' dir='ltr'><strong>ἀσθενείας</strong></span> <span class='ocrx_word' id='word_1_385' title='bbox 3643 2575 3874 2646; x_wconf 80' lang='grc' dir='ltr'><strong>έαυτοὺς</strong></span> 
     </span>
    </p>
   </div>
   <div class='ocr_carea' id='block_1_57' title="bbox 2215 2658 3878 2742">
    <p class='ocr_par' dir='ltr' id='par_1_57' title="bbox 2215 2658 3878 2742">
     <span class='ocr_line' id='line_1_57' title="bbox 2215 2658 3878 2742; baseline 0 -22"><span class='ocrx_word' id='word_1_386' title='bbox 2215 2658 2644 2738; x_wconf 74' lang='grc' dir='ltr'><strong>περιλαϐούσης.</strong></span> <span class='ocrx_word' id='word_1_387' title='bbox 2709 2687 2735 2720; x_wconf 77' lang='grc' dir='ltr'>ι</span> <span class='ocrx_word' id='word_1_388' title='bbox 2792 2664 2989 2738; x_wconf 80' lang='grc' dir='ltr'><strong>Κύριος</strong></span> <span class='ocrx_word' id='word_1_389' title='bbox 3065 2666 3320 2742; x_wconf 84' lang='grc' dir='ltr'><strong>γινώσκει</strong></span> <span class='ocrx_word' id='word_1_390' title='bbox 3413 2665 3540 2728; x_wconf 75' lang='grc' dir='ltr'><strong>τοὺς</strong></span> <span class='ocrx_word' id='word_1_391' title='bbox 3627 2661 3878 2742; x_wconf 77' lang='grc' dir='ltr'><strong>διαλογι-</strong></span> 
     </span>
    </p>
   </div>
   <div class='ocr_carea' id='block_1_58' title="bbox 2219 2753 3874 2832">
    <p class='ocr_par' dir='ltr' id='par_1_58' title="bbox 2219 2753 3874 2832">
     <span class='ocr_line' id='line_1_58' title="bbox 2219 2753 3874 2832; baseline 0.001 -24"><span class='ocrx_word' id='word_1_392' title='bbox 2219 2754 2408 2828; x_wconf 87' lang='grc' dir='ltr'><strong>σμούς.</strong></span> <span class='ocrx_word' id='word_1_393' title='bbox 2475 2781 2495 2808; x_wconf 75' lang='grc' dir='ltr'><strong><em>ι</em></strong></span> <span class='ocrx_word' id='word_1_394' title='bbox 2559 2754 2626 2811; x_wconf 70' lang='grc' dir='ltr'><strong>Εἴ</strong></span> <span class='ocrx_word' id='word_1_395' title='bbox 2683 2755 2772 2810; x_wconf 80' lang='grc' dir='ltr'><strong>οὗν</strong></span> <span class='ocrx_word' id='word_1_396' title='bbox 2833 2757 2861 2809; x_wconf 89' lang='grc' dir='ltr'>ὁ</span> <span class='ocrx_word' id='word_1_397' title='bbox 2922 2753 3128 2831; x_wconf 81' lang='grc' dir='ltr'><strong>Κύριος</strong></span> <span class='ocrx_word' id='word_1_398' title='bbox 3193 2756 3470 2832; x_wconf 79' lang='grc' dir='ltr'><strong>γινώσκει,</strong></span> <span class='ocrx_word' id='word_1_399' title='bbox 3535 2755 3621 2818; x_wconf 80' lang='grc' dir='ltr'><strong><em>τίς</em></strong></span> <span class='ocrx_word' id='word_1_400' title='bbox 3688 2755 3874 2830; x_wconf 81' lang='grc' dir='ltr'><strong>ἀντρεῖ</strong></span> 
     </span>
    </p>
   </div>
   <div class='ocr_carea' id='block_1_59' title="bbox 2221 2837 3876 2921">
    <p class='ocr_par' dir='ltr' id='par_1_59' title="bbox 2221 2837 3876 2921">
     <span class='ocr_line' id='line_1_59' title="bbox 2221 2837 3876 2921; baseline 0 -21"><span class='ocrx_word' id='word_1_401' title='bbox 2221 2844 2457 2914; x_wconf 82' lang='grc' dir='ltr'><strong>λοιπὸν;</strong></span> <span class='ocrx_word' id='word_1_402' title='bbox 2493 2845 2674 2903; x_wconf 76' lang='grc' dir='ltr'><strong><em>Εἷοῦν</em></strong></span> <span class='ocrx_word' id='word_1_403' title='bbox 2727 2846 2778 2901; x_wconf 77' lang='grc' dir='ltr'><strong>οἱ</strong></span> <span class='ocrx_word' id='word_1_404' title='bbox 2839 2837 3192 2921; x_wconf 82' lang='grc' dir='ltr'><strong>διαλογισμοὶ</strong></span> <span class='ocrx_word' id='word_1_405' title='bbox 3248 2850 3356 2902; x_wconf 86' lang='grc' dir='ltr'><strong><em>τῶν</em></strong></span> <span class='ocrx_word' id='word_1_406' title='bbox 3411 2845 3719 2920; x_wconf 85' lang='grc' dir='ltr'><strong>ἀνθρώπων</strong></span> <span class='ocrx_word' id='word_1_407' title='bbox 3781 2845 3876 2920; x_wconf 80' lang='grc' dir='ltr'><strong><em>μά-</em></strong></span> 
     </span>
    </p>
   </div>
   <div class='ocr_carea' id='block_1_60' title="bbox 2218 2934 3874 3014">
    <p class='ocr_par' dir='ltr' id='par_1_60' title="bbox 2218 2934 3874 3014">
     <span class='ocr_line' id='line_1_60' title="bbox 2218 2934 3874 3014; baseline -0.001 -24"><span class='ocrx_word' id='word_1_408' title='bbox 2218 2935 2361 2990; x_wconf 89' lang='grc' dir='ltr'><strong>ταιοί</strong></span> <span class='ocrx_word' id='word_1_409' title='bbox 2418 2935 2543 3006; x_wconf 81' lang='grc' dir='ltr'><strong>εἶσι,</strong></span> <span class='ocrx_word' id='word_1_410' title='bbox 2603 2937 2693 2991; x_wconf 86' lang='grc' dir='ltr'><strong><em>καὶ</em></strong></span> <span class='ocrx_word' id='word_1_411' title='bbox 2754 2937 2808 2990; x_wconf 78' lang='grc' dir='ltr'><strong>οἱ</strong></span> <span class='ocrx_word' id='word_1_412' title='bbox 2865 2935 3025 3014; x_wconf 75' lang='grc' dir='ltr'><strong>σοφοὶ</strong></span> <span class='ocrx_word' id='word_1_413' title='bbox 3083 2934 3135 2991; x_wconf 80' lang='grc' dir='ltr'><strong>ἐν</strong></span> <span class='ocrx_word' id='word_1_414' title='bbox 3209 2937 3279 3008; x_wconf 79' lang='grc' dir='ltr'><strong>τῇ</strong></span> <span class='ocrx_word' id='word_1_415' title='bbox 3334 2935 3638 3012; x_wconf 79' lang='grc' dir='ltr'><strong>πανουργίᾳ</strong></span> <span class='ocrx_word' id='word_1_416' title='bbox 3694 2935 3874 2990; x_wconf 80' lang='grc' dir='ltr'><strong>αὐτῶν</strong></span> 
     </span>
    </p>
   </div>
   <div class='ocr_carea' id='block_1_61' title="bbox 2225 3017 3874 3101">
    <p class='ocr_par' dir='ltr' id='par_1_61' title="bbox 2225 3017 3874 3101">
     <span class='ocr_line' id='line_1_61' title="bbox 2225 3017 3874 3101; baseline -0.001 -21"><span class='ocrx_word' id='word_1_417' title='bbox 2225 3023 2440 3099; x_wconf 76' lang='grc' dir='ltr'><strong>μᾶλλον</strong></span> <span class='ocrx_word' id='word_1_418' title='bbox 2472 3023 2813 3095; x_wconf 82' lang='grc' dir='ltr'><strong>ἁλίσκονται,</strong></span> <span class='ocrx_word' id='word_1_419' title='bbox 2846 3023 2986 3100; x_wconf 72' lang='grc' dir='ltr'><strong>ἤπερ</strong></span> <span class='ocrx_word' id='word_1_420' title='bbox 3012 3047 3066 3080; x_wconf 88' lang='grc' dir='ltr'><strong><em>τι</em></strong></span> <span class='ocrx_word' id='word_1_421' title='bbox 3094 3023 3288 3101; x_wconf 80' lang='grc' dir='ltr'><strong>κέρδος</strong></span> <span class='ocrx_word' id='word_1_422' title='bbox 3338 3024 3388 3096; x_wconf 78' lang='grc' dir='ltr'><strong>ἐξ</strong></span> <span class='ocrx_word' id='word_1_423' title='bbox 3431 3025 3596 3094; x_wconf 77' lang='grc' dir='ltr'><strong>αὐτῆς</strong></span> <span class='ocrx_word' id='word_1_424' title='bbox 3655 3017 3874 3100; x_wconf 73' lang='grc' dir='ltr'><strong>ἔχουσι,</strong></span> 
     </span>
    </p>
   </div>
   <div class='ocr_carea' id='block_1_62' title="bbox 2225 3112 3877 3194">
    <p class='ocr_par' dir='ltr' id='par_1_62' title="bbox 2225 3112 3877 3194">
     <span class='ocr_line' id='line_1_62' title="bbox 2225 3112 3877 3194; baseline -0.001 -25"><span class='ocrx_word' id='word_1_425' title='bbox 2225 3113 2392 3185; x_wconf 77' lang='grc' dir='ltr'><strong>δῆλον</strong></span> <span class='ocrx_word' id='word_1_426' title='bbox 2427 3115 2509 3170; x_wconf 83' lang='grc' dir='ltr'><strong>ὅτι</strong></span> <span class='ocrx_word' id='word_1_427' title='bbox 2537 3112 2659 3171; x_wconf 74' lang='grc' dir='ltr'><strong>οὔτε</strong></span> <span class='ocrx_word' id='word_1_428' title='bbox 2691 3115 2854 3194; x_wconf 74' lang='grc' dir='ltr'><strong>σοφία</strong></span> <span class='ocrx_word' id='word_1_429' title='bbox 2883 3115 3219 3186; x_wconf 76' lang='grc' dir='ltr'><strong>ἀνθρωπίνη,</strong></span> <span class='ocrx_word' id='word_1_430' title='bbox 3253 3113 3376 3170; x_wconf 74' lang='grc' dir='ltr'><strong>οὔτε</strong></span> <span class='ocrx_word' id='word_1_431' title='bbox 3435 3113 3715 3190; x_wconf 79' lang='grc' dir='ltr'><strong>λογισμῶν</strong></span> <span class='ocrx_word' id='word_1_432' title='bbox 3764 3112 3877 3169; x_wconf 88' lang='grc' dir='ltr'><strong>δει-</strong></span> 
     </span>
    </p>
   </div>
   <div class='ocr_carea' id='block_1_63' title="bbox 469 3199 2108 3288">
    <p class='ocr_par' dir='ltr' id='par_1_63' title="bbox 469 3203 2108 3288">
     <span class='ocr_line' id='line_1_63' title="bbox 469 3203 2108 3288; baseline -0.012 -14"><span class='ocrx_word' id='word_1_433' title='bbox 469 3222 569 3280; x_wconf 88' lang='lat' dir='ltr'><strong><em>tia,</em></strong></span> <span class='ocrx_word' id='word_1_434' title='bbox 603 3235 794 3288; x_wconf 87' lang='lat' dir='ltr'><strong><em>neque</em></strong></span> <span class='ocrx_word' id='word_1_435' title='bbox 820 3215 1242 3286; x_wconf 80' lang='lat' dir='ltr'><strong><em>cogitationum</em></strong></span> <span class='ocrx_word' id='word_1_436' title='bbox 1266 3209 1559 3265; x_wconf 79' lang='lat' dir='ltr'><strong><em>calliditas</em></strong></span> <span class='ocrx_word' id='word_1_437' title='bbox 1587 3211 1777 3277; x_wconf 88' lang='lat' dir='ltr'><strong><em>potest</em></strong></span> <span class='ocrx_word' id='word_1_438' title='bbox 1791 3203 2108 3274; x_wconf 87' lang='lat' dir='ltr'><strong><em>quidquam</em></strong></span> 
     </span>
    </p>
   </div>
   <div class='ocr_carea' id='block_1_64' title="bbox 2221 3199 3874 3288">
    <p class='ocr_par' dir='ltr' id='par_1_64' title="bbox 2226 3203 3874 3281">
     <span class='ocr_line' id='line_1_64' title="bbox 2226 3203 3874 3281; baseline -0.001 -21"><span class='ocrx_word' id='word_1_439' title='bbox 2226 3207 2390 3274; x_wconf 66' lang='grc' dir='ltr'><strong>νότης</strong></span> <span class='ocrx_word' id='word_1_440' title='bbox 2424 3204 2610 3281; x_wconf 82' lang='grc' dir='ltr'><strong>ἶσχύτι</strong></span> <span class='ocrx_word' id='word_1_441' title='bbox 2662 3227 2712 3260; x_wconf 89' lang='grc' dir='ltr'><strong><em>τι</em></strong></span> <span class='ocrx_word' id='word_1_442' title='bbox 2745 3205 2780 3275; x_wconf 71' lang='grc' dir='ltr'>ἢ</span> <span class='ocrx_word' id='word_1_443' title='bbox 2813 3203 3057 3260; x_wconf 85' lang='grc' dir='ltr'><strong>συντελεῖ</strong></span> <span class='ocrx_word' id='word_1_444' title='bbox 3113 3205 3249 3280; x_wconf 86' lang='grc' dir='ltr'><strong>πρὸς</strong></span> <span class='ocrx_word' id='word_1_445' title='bbox 3309 3207 3408 3272; x_wconf 67' lang='grc' dir='ltr'><strong>τὴν</strong></span> <span class='ocrx_word' id='word_1_446' title='bbox 3470 3209 3578 3260; x_wconf 89' lang='grc' dir='ltr'><strong><em>τῶν</em></strong></span> <span class='ocrx_word' id='word_1_447' title='bbox 3635 3225 3874 3278; x_wconf 83' lang='grc' dir='ltr'><strong>πνευμα-</strong></span> 
     </span>
    </p>
   </div>
   <div class='ocr_carea' id='block_1_65' title="bbox 469 3293 2112 3376">
    <p class='ocr_par' dir='ltr' id='par_1_65' title="bbox 469 3293 2112 3376">
     <span class='ocr_line' id='line_1_65' title="bbox 469 3293 2112 3376; baseline -0.013 -14"><span class='ocrx_word' id='word_1_448' title='bbox 469 3313 570 3363; x_wconf 83' lang='lat' dir='ltr'><strong><em>aut</em></strong></span> <span class='ocrx_word' id='word_1_449' title='bbox 600 3306 841 3376; x_wconf 87' lang='lat' dir='ltr'><strong><em>prodest</em></strong></span> <span class='ocrx_word' id='word_1_450' title='bbox 869 3303 941 3358; x_wconf 88' lang='lat' dir='ltr'><strong><em>ad</em></strong></span> <span class='ocrx_word' id='word_1_451' title='bbox 973 3300 1326 3360; x_wconf 79' lang='lat' dir='ltr'><strong><em>doctrinam,</em></strong></span> <span class='ocrx_word' id='word_1_452' title='bbox 1361 3302 1461 3351; x_wconf 86' lang='lat' dir='ltr'><strong><em>aut</em></strong></span> <span class='ocrx_word' id='word_1_453' title='bbox 1492 3293 1890 3363; x_wconf 74' lang='lat' dir='ltr'><strong><em>cognitionem</em></strong></span> <span class='ocrx_word' id='word_1_454' title='bbox 1913 3305 2112 3344; x_wconf 89' lang='lat' dir='ltr'><strong><em>rerum</em></strong></span> 
     </span>
    </p>
   </div>
   <div class='ocr_carea' id='block_1_66' title="bbox 468 3378 2114 3466">
    <p class='ocr_par' dir='ltr' id='par_1_66' title="bbox 468 3378 2114 3466">
     <span class='ocr_line' id='line_1_66' title="bbox 468 3378 2114 3466; baseline -0.013 -16"><span class='ocrx_word' id='word_1_455' title='bbox 468 3394 888 3466; x_wconf 87' lang='lat' dir='ltr'><strong><em>spiritualium.</em></strong></span> <span class='ocrx_word' id='word_1_456' title='bbox 923 3389 1087 3454; x_wconf 91' lang='lat' dir='ltr'><strong><em>Quod</em></strong></span> <span class='ocrx_word' id='word_1_457' title='bbox 1119 3389 1166 3442; x_wconf 89' lang='lat' dir='ltr'><strong><em>si</em></strong></span> <span class='ocrx_word' id='word_1_458' title='bbox 1200 3388 1412 3440; x_wconf 87' lang='lat' dir='ltr'><strong><em>horum</em></strong></span> <span class='ocrx_word' id='word_1_459' title='bbox 1446 3382 1595 3437; x_wconf 86' lang='lat' dir='ltr'><strong><em>nihil</em></strong></span> <span class='ocrx_word' id='word_1_460' title='bbox 1628 3380 1700 3436; x_wconf 89' lang='lat' dir='ltr'><strong><em>ad</em></strong></span> <span class='ocrx_word' id='word_1_461' title='bbox 1724 3381 1835 3434; x_wconf 92' lang='lat' dir='ltr'><strong><em>ista</em></strong></span> <span class='ocrx_word' id='word_1_462' title='bbox 1867 3378 2114 3444; x_wconf 80' lang='lat' dir='ltr'><strong><em>confert,</em></strong></span> 
     </span>
    </p>
   </div>
   <div class='ocr_carea' id='block_1_67' title="bbox 468 3465 2116 3554">
    <p class='ocr_par' dir='ltr' id='par_1_67' title="bbox 468 3465 2116 3554">
     <span class='ocr_line' id='line_1_67' title="bbox 468 3465 2116 3554; baseline -0.011 -17"><span class='ocrx_word' id='word_1_463' title='bbox 468 3465 764 3554; x_wconf 85' lang='lat' dir='ltr'><strong><em>quomodo</em></strong></span> <span class='ocrx_word' id='word_1_464' title='bbox 789 3478 1004 3551; x_wconf 87' lang='lat' dir='ltr'><strong><em>poterit</em></strong></span> <span class='ocrx_word' id='word_1_465' title='bbox 1027 3475 1321 3546; x_wconf 86' lang='lat' dir='ltr'><strong><em>quispiam</em></strong></span> <span class='ocrx_word' id='word_1_466' title='bbox 1351 3473 1569 3527; x_wconf 80' lang='lat' dir='ltr'><strong><em>docens</em></strong></span> <span class='ocrx_word' id='word_1_467' title='bbox 1591 3469 1828 3541; x_wconf 84' lang='lat' dir='ltr'><strong><em>gloriari</em></strong></span> <span class='ocrx_word' id='word_1_468' title='bbox 1847 3467 2001 3538; x_wconf 81' lang='lat' dir='ltr'><strong><em>(cum</em></strong></span> <span class='ocrx_word' id='word_1_469' title='bbox 2021 3465 2116 3520; x_wconf 87' lang='lat' dir='ltr'><strong><em>de-</em></strong></span> 
     </span>
    </p>
   </div>
   <div class='ocr_carea' id='block_1_68' title="bbox 463 3557 2114 3636">
    <p class='ocr_par' dir='ltr' id='par_1_68' title="bbox 463 3557 2114 3636">
     <span class='ocr_line' id='line_1_68' title="bbox 463 3557 2114 3636; baseline -0.011 -9"><span class='ocrx_word' id='word_1_470' title='bbox 463 3577 798 3628; x_wconf 87' lang='lat' dir='ltr'><strong><em>monstrata</em></strong></span> <span class='ocrx_word' id='word_1_471' title='bbox 828 3569 949 3622; x_wconf 90' lang='lat' dir='ltr'><strong><em>sint</em></strong></span> <span class='ocrx_word' id='word_1_472' title='bbox 979 3583 1048 3621; x_wconf 87' lang='lat' dir='ltr'><strong><em>ea</em></strong></span> <span class='ocrx_word' id='word_1_473' title='bbox 1080 3581 1210 3636; x_wconf 76' lang='lat' dir='ltr'><strong><em>qum</em></strong></span> <span class='ocrx_word' id='word_1_474' title='bbox 1243 3565 1400 3617; x_wconf 89' lang='lat' dir='ltr'><strong><em>inter</em></strong></span> <span class='ocrx_word' id='word_1_475' title='bbox 1424 3559 1696 3615; x_wconf 86' lang='lat' dir='ltr'><strong><em>homines</em></strong></span> <span class='ocrx_word' id='word_1_476' title='bbox 1727 3557 1950 3628; x_wconf 89' lang='lat' dir='ltr'><strong><em>aliquid</em></strong></span> <span class='ocrx_word' id='word_1_477' title='bbox 1987 3573 2114 3611; x_wconf 88' lang='lat' dir='ltr'><strong><em>esse</em></strong></span> 
     </span>
    </p>
   </div>
   <div class='ocr_carea' id='block_1_69' title="bbox 469 3646 2116 3730">
    <p class='ocr_par' dir='ltr' id='par_1_69' title="bbox 469 3646 2116 3730">
     <span class='ocr_line' id='line_1_69' title="bbox 469 3646 2116 3730; baseline -0.012 -12"><span class='ocrx_word' id='word_1_478' title='bbox 469 3662 744 3718; x_wconf 85' lang='lat' dir='ltr'><strong><em>videntur</em></strong></span> <span class='ocrx_word' id='word_1_479' title='bbox 773 3658 926 3714; x_wconf 88' lang='lat' dir='ltr'><strong><em>nihil</em></strong></span> <span class='ocrx_word' id='word_1_480' title='bbox 959 3655 1153 3730; x_wconf 87' lang='lat' dir='ltr'><strong><em>posse)</em></strong></span> <span class='ocrx_word' id='word_1_481' title='bbox 1184 3653 1350 3726; x_wconf 87' lang='lat' dir='ltr'><strong><em>quasi</em></strong></span> <span class='ocrx_word' id='word_1_482' title='bbox 1375 3651 1713 3707; x_wconf 81' lang='lat' dir='ltr'><strong><em>conferrent</em></strong></span> <span class='ocrx_word' id='word_1_483' title='bbox 1739 3648 1841 3703; x_wconf 88' lang='lat' dir='ltr'><strong><em>illa</em></strong></span> <span class='ocrx_word' id='word_1_484' title='bbox 1865 3646 1936 3702; x_wconf 90' lang='lat' dir='ltr'><strong><em>ad</em></strong></span> <span class='ocrx_word' id='word_1_485' title='bbox 1952 3646 2116 3701; x_wconf 84' lang='lat' dir='ltr'><strong><em>utili-</em></strong></span> 
     </span>
    </p>
   </div>
   <div class='ocr_carea' id='block_1_70' title="bbox 467 3739 2116 3816">
    <p class='ocr_par' dir='ltr' id='par_1_70' title="bbox 467 3739 2116 3816">
     <span class='ocr_line' id='line_1_70' title="bbox 467 3739 2116 3816; baseline -0.012 -4"><span class='ocrx_word' id='word_1_486' title='bbox 467 3761 645 3812; x_wconf 89' lang='lat' dir='ltr'><strong><em>tatem</em></strong></span> <span class='ocrx_word' id='word_1_487' title='bbox 660 3755 686 3809; x_wconf 81' lang='lat'><strong><em>?</em></strong></span> <span class='ocrx_word' id='word_1_488' title='bbox 707 3752 1078 3808; x_wconf 83' lang='lat' dir='ltr'><strong><em>Manifestum</em></strong></span> <span class='ocrx_word' id='word_1_489' title='bbox 1103 3748 1259 3803; x_wconf 90' lang='lat' dir='ltr'><strong><em>enim</em></strong></span> <span class='ocrx_word' id='word_1_490' title='bbox 1281 3751 1368 3800; x_wconf 91' lang='lat' dir='ltr'><strong><em>est</em></strong></span> <span class='ocrx_word' id='word_1_491' title='bbox 1389 3743 1546 3816; x_wconf 92' lang='lat' dir='ltr'><strong><em>quod</em></strong></span> <span class='ocrx_word' id='word_1_492' title='bbox 1565 3741 1741 3798; x_wconf 88' lang='lat' dir='ltr'><strong><em>etiam</em></strong></span> <span class='ocrx_word' id='word_1_493' title='bbox 1758 3741 1804 3794; x_wconf 90' lang='lat' dir='ltr'><strong><em>si</em></strong></span> <span class='ocrx_word' id='word_1_494' title='bbox 1821 3739 2116 3811; x_wconf 88' lang='lat' dir='ltr'><strong><em>quispiam</em></strong></span> 
     </span>
    </p>
   </div>
   <div class='ocr_carea' id='block_1_71' title="bbox 463 3829 2119 3916">
    <p class='ocr_par' dir='ltr' id='par_1_71' title="bbox 463 3829 2119 3916">
     <span class='ocr_line' id='line_1_71' title="bbox 463 3829 2119 3916; baseline -0.011 -15"><span class='ocrx_word' id='word_1_495' title='bbox 463 3845 690 3916; x_wconf 86' lang='lat' dir='ltr'><strong><em>aliquid</em></strong></span> <span class='ocrx_word' id='word_1_496' title='bbox 723 3843 952 3903; x_wconf 85' lang='lat' dir='ltr'><strong><em>doceat.</em></strong></span> <span class='ocrx_word' id='word_1_497' title='bbox 986 3839 1188 3911; x_wconf 75' lang='lat' dir='ltr'><strong><em>gratim</em></strong></span> <span class='ocrx_word' id='word_1_498' title='bbox 1221 3836 1321 3890; x_wconf 89' lang='lat' dir='ltr'><strong><em>Dei</em></strong></span> <span class='ocrx_word' id='word_1_499' title='bbox 1357 3842 1447 3889; x_wconf 83' lang='lat' dir='ltr'><strong><em>est</em></strong></span> <span class='ocrx_word' id='word_1_500' title='bbox 1477 3832 1736 3902; x_wconf 89' lang='lat' dir='ltr'><strong><em>donique</em></strong></span> <span class='ocrx_word' id='word_1_501' title='bbox 1761 3829 2022 3901; x_wconf 89' lang='lat' dir='ltr'><strong><em>superni,</em></strong></span> <span class='ocrx_word' id='word_1_502' title='bbox 2058 3833 2119 3884; x_wconf 88' lang='lat' dir='ltr'><strong><em>et</em></strong></span> 
     </span>
    </p>
   </div>
   <div class='ocr_carea' id='block_1_72' title="bbox 469 3917 2112 4005">
    <p class='ocr_par' dir='ltr' id='par_1_72' title="bbox 469 3917 2112 4005">
     <span class='ocr_line' id='line_1_72' title="bbox 469 3917 2112 4005; baseline -0.013 -14"><span class='ocrx_word' id='word_1_503' title='bbox 469 3953 586 3990; x_wconf 90' lang='lat' dir='ltr'><strong><em>non</em></strong></span> <span class='ocrx_word' id='word_1_504' title='bbox 622 3934 871 4005; x_wconf 77' lang='lat' dir='ltr'><strong><em>propriae</em></strong></span> <span class='ocrx_word' id='word_1_505' title='bbox 903 3947 1050 4001; x_wconf 90' lang='lat' dir='ltr'><strong><em>opus</em></strong></span> <span class='ocrx_word' id='word_1_506' title='bbox 1083 3926 1387 3998; x_wconf 72' lang='lat' dir='ltr'><strong><em>sapientim</em></strong></span> <span class='ocrx_word' id='word_1_507' title='bbox 1419 3929 1520 3979; x_wconf 92' lang='lat' dir='ltr'><strong><em>aut</em></strong></span> <span class='ocrx_word' id='word_1_508' title='bbox 1542 3920 1834 3976; x_wconf 83' lang='lat' dir='ltr'><strong><em>acuminis</em></strong></span> <span class='ocrx_word' id='word_1_509' title='bbox 1861 3917 2112 3992; x_wconf 79' lang='lat' dir='ltr'><strong><em>ingenii;</em></strong></span> 
     </span>
    </p>
   </div>
   <div class='ocr_carea' id='block_1_73' title="bbox 467 4005 2115 4081">
    <p class='ocr_par' dir='ltr' id='par_1_73' title="bbox 467 4005 2115 4081">
     <span class='ocr_line' id='line_1_73' title="bbox 467 4005 2115 4081; baseline -0.012 -2"><span class='ocrx_word' id='word_1_510' title='bbox 467 4024 624 4079; x_wconf 88' lang='lat' dir='ltr'><strong><em>dona</em></strong></span> <span class='ocrx_word' id='word_1_511' title='bbox 656 4039 790 4076; x_wconf 91' lang='lat' dir='ltr'><strong><em>vero</em></strong></span> <span class='ocrx_word' id='word_1_512' title='bbox 823 4038 942 4076; x_wconf 89' lang='lat' dir='ltr'><strong><em>non</em></strong></span> <span class='ocrx_word' id='word_1_513' title='bbox 973 4025 1037 4073; x_wconf 90' lang='lat' dir='ltr'><strong><em>ut</em></strong></span> <span class='ocrx_word' id='word_1_514' title='bbox 1069 4018 1161 4072; x_wconf 86' lang='lat' dir='ltr'><strong><em>his</em></strong></span> <span class='ocrx_word' id='word_1_515' title='bbox 1193 4014 1612 4071; x_wconf 79' lang='lat' dir='ltr'><strong><em>extolleremur</em></strong></span> <span class='ocrx_word' id='word_1_516' title='bbox 1643 4009 1987 4081; x_wconf 89' lang='lat' dir='ltr'><strong><em>accipimus,</em></strong></span> <span class='ocrx_word' id='word_1_517' title='bbox 2011 4005 2115 4062; x_wconf 88' lang='lat' dir='ltr'><strong><em>sed</em></strong></span> 
     </span>
    </p>
   </div>
   <div class='ocr_carea' id='block_1_74' title="bbox 468 4099 2112 4170">
    <p class='ocr_par' dir='ltr' id='par_1_74' title="bbox 468 4099 2112 4170">
     <span class='ocr_line' id='line_1_74' title="bbox 468 4099 2112 4170; baseline -0.012 0"><span class='ocrx_word' id='word_1_518' title='bbox 468 4114 542 4170; x_wconf 87' lang='lat' dir='ltr'><strong><em>ad</em></strong></span> <span class='ocrx_word' id='word_1_519' title='bbox 573 4127 954 4168; x_wconf 89' lang='lat' dir='ltr'><strong><em>communem</em></strong></span> <span class='ocrx_word' id='word_1_520' title='bbox 995 4107 1300 4162; x_wconf 89' lang='lat' dir='ltr'><strong><em>hominum</em></strong></span> <span class='ocrx_word' id='word_1_521' title='bbox 1335 4103 1670 4158; x_wconf 88' lang='lat' dir='ltr'><strong><em>utilitatem.</em></strong></span> <span class='ocrx_word' id='word_1_522' title='bbox 1700 4122 1725 4148; x_wconf 79' lang='grc' dir='ltr'><strong><em>α</em></strong></span> <span class='ocrx_word' id='word_1_523' title='bbox 1758 4099 1921 4164; x_wconf 91' lang='lat' dir='ltr'><strong><em>Quod</em></strong></span> <span class='ocrx_word' id='word_1_524' title='bbox 1952 4113 2112 4152; x_wconf 72' lang='lat' dir='ltr'><strong><em>vanre</em></strong></span> 
     </span>
    </p>
   </div>
   <div class='ocr_carea' id='block_1_75' title="bbox 468 4189 2115 4262">
    <p class='ocr_par' dir='ltr' id='par_1_75' title="bbox 468 4189 2115 4262">
     <span class='ocr_line' id='line_1_75' title="bbox 468 4189 2115 4262; baseline -0.012 -3"><span class='ocrx_word' id='word_1_525' title='bbox 468 4205 601 4262; x_wconf 88' lang='lat' dir='ltr'><strong><em>sint.</em></strong></span> <span class='ocrx_word' id='word_1_526' title='bbox 642 4223 665 4253; x_wconf 72' lang='grc' dir='ltr'><strong><em>υ</em></strong></span> <span class='ocrx_word' id='word_1_527' title='bbox 699 4205 908 4256; x_wconf 90' lang='lat' dir='ltr'><strong><em>Annon</em></strong></span> <span class='ocrx_word' id='word_1_528' title='bbox 942 4200 1023 4254; x_wconf 90' lang='lat' dir='ltr'><strong><em>ita</em></strong></span> <span class='ocrx_word' id='word_1_529' title='bbox 1053 4196 1184 4252; x_wconf 82' lang='lat' dir='ltr'><strong><em>est?</em></strong></span> <span class='ocrx_word' id='word_1_530' title='bbox 1212 4194 1574 4251; x_wconf 88' lang='lat' dir='ltr'><strong><em>arbitrantur</em></strong></span> <span class='ocrx_word' id='word_1_531' title='bbox 1604 4208 1664 4247; x_wconf 91' lang='lat' dir='ltr'><strong><em>se</em></strong></span> <span class='ocrx_word' id='word_1_532' title='bbox 1696 4189 1860 4245; x_wconf 90' lang='lat' dir='ltr'><strong><em>nullo</em></strong></span> <span class='ocrx_word' id='word_1_533' title='bbox 1922 4203 2115 4260; x_wconf 88' lang='lat' dir='ltr'><strong><em>egere,</em></strong></span> 
     </span>
    </p>
   </div>
   <div class='ocr_carea' id='block_1_76' title="bbox 469 4279 2112 4353">
    <p class='ocr_par' dir='ltr' id='par_1_76' title="bbox 469 4279 2112 4353">
     <span class='ocr_line' id='line_1_76' title="bbox 469 4279 2112 4353; baseline -0.012 -3"><span class='ocrx_word' id='word_1_534' title='bbox 469 4294 572 4350; x_wconf 90' lang='lat' dir='ltr'><strong><em>sed</em></strong></span> <span class='ocrx_word' id='word_1_535' title='bbox 605 4293 716 4348; x_wconf 88' lang='lat' dir='ltr'><strong><em>sibi</em></strong></span> <span class='ocrx_word' id='word_1_536' title='bbox 776 4290 1049 4347; x_wconf 81' lang='lat' dir='ltr'><strong><em>sufﬁcere</em></strong></span> <span class='ocrx_word' id='word_1_537' title='bbox 1108 4286 1182 4342; x_wconf 91' lang='lat' dir='ltr'><strong><em>ad</em></strong></span> <span class='ocrx_word' id='word_1_538' title='bbox 1239 4283 1500 4339; x_wconf 90' lang='lat' dir='ltr'><strong><em>veritatis</em></strong></span> <span class='ocrx_word' id='word_1_539' title='bbox 1555 4279 2112 4353; x_wconf 89' lang='lat' dir='ltr'><strong><em>apprehensionem.</em></strong></span> 
     </span>
    </p>
   </div>
   <div class='ocr_carea' id='block_1_77' title="bbox 465 4368 2114 4451">
    <p class='ocr_par' dir='ltr' id='par_1_77' title="bbox 465 4368 2114 4451">
     <span class='ocr_line' id='line_1_77' title="bbox 465 4368 2114 4451; baseline -0.008 -16"><span class='ocrx_word' id='word_1_540' title='bbox 465 4408 491 4435; x_wconf 79' lang='grc' dir='ltr'><strong><em>ιι</em></strong></span> <span class='ocrx_word' id='word_1_541' title='bbox 531 4386 710 4439; x_wconf 83' lang='lat' dir='ltr'><strong><em>Nemo</em></strong></span> <span class='ocrx_word' id='word_1_542' title='bbox 752 4383 958 4451; x_wconf 87' lang='lat' dir='ltr'><strong><em>itaque</em></strong></span> <span class='ocrx_word' id='word_1_543' title='bbox 991 4376 1300 4432; x_wconf 88' lang='lat' dir='ltr'><strong><em>hominum</em></strong></span> <span class='ocrx_word' id='word_1_544' title='bbox 1331 4373 1636 4445; x_wconf 79' lang='lat' dir='ltr'><strong><em>glorietur.</em></strong></span> <span class='ocrx_word' id='word_1_545' title='bbox 1673 4391 1699 4419; x_wconf 81' lang='lat' dir='ltr'><em>n</em></span> <span class='ocrx_word' id='word_1_546' title='bbox 1733 4370 1795 4424; x_wconf 87' lang='lat' dir='ltr'><strong><em>In</em></strong></span> <span class='ocrx_word' id='word_1_547' title='bbox 1845 4368 2114 4424; x_wconf 83' lang='lat' dir='ltr'><strong><em>doctores</em></strong></span> 
     </span>
    </p>
   </div>
   <div class='ocr_carea' id='block_1_78' title="bbox 469 4459 2116 4545">
    <p class='ocr_par' dir='ltr' id='par_1_78' title="bbox 469 4459 2116 4545">
     <span class='ocr_line' id='line_1_78' title="bbox 469 4459 2116 4545; baseline -0.012 -16"><span class='ocrx_word' id='word_1_548' title='bbox 469 4475 733 4545; x_wconf 89' lang='lat' dir='ltr'><strong><em>ipsorum</em></strong></span> <span class='ocrx_word' id='word_1_549' title='bbox 767 4484 1003 4525; x_wconf 86' lang='lat' dir='ltr'><strong><em>rursum</em></strong></span> <span class='ocrx_word' id='word_1_550' title='bbox 1036 4463 1351 4528; x_wconf 82' lang='lat' dir='ltr'><strong><em>invehitur,</em></strong></span> <span class='ocrx_word' id='word_1_551' title='bbox 1385 4461 1484 4531; x_wconf 90' lang='lat' dir='ltr'><strong><em>qui</em></strong></span> <span class='ocrx_word' id='word_1_552' title='bbox 1533 4459 1856 4530; x_wconf 86' lang='lat' dir='ltr'><strong><em>plurimum</em></strong></span> <span class='ocrx_word' id='word_1_553' title='bbox 1907 4459 2116 4512; x_wconf 79' lang='lat' dir='ltr'><strong><em>eiTere-</em></strong></span> 
     </span>
    </p>
   </div>
   <div class='ocr_carea' id='block_1_79' title="bbox 2227 3291 3871 3369">
    <p class='ocr_par' dir='ltr' id='par_1_79' title="bbox 2227 3291 3871 3369">
     <span class='ocr_line' id='line_1_79' title="bbox 2227 3291 3871 3369; baseline -0.002 -18"><span class='ocrx_word' id='word_1_554' title='bbox 2227 3300 2391 3352; x_wconf 82' lang='grc' dir='ltr'><strong>τικῶν</strong></span> <span class='ocrx_word' id='word_1_555' title='bbox 2427 3292 2781 3350; x_wconf 82' lang='grc' dir='ltr'><strong>διδασκαλίαν</strong></span> <span class='ocrx_word' id='word_1_556' title='bbox 2811 3295 2900 3350; x_wconf 84' lang='grc' dir='ltr'><strong>καὶ</strong></span> <span class='ocrx_word' id='word_1_557' title='bbox 2945 3295 3205 3369; x_wconf 76' lang='grc' dir='ltr'><strong>μάθησιν.</strong></span> <span class='ocrx_word' id='word_1_558' title='bbox 3238 3294 3300 3351; x_wconf 79' lang='grc' dir='ltr'><strong>Εἰ</strong></span> <span class='ocrx_word' id='word_1_559' title='bbox 3332 3291 3390 3350; x_wconf 73' lang='grc' dir='ltr'><strong>δὲ</strong></span> <span class='ocrx_word' id='word_1_560' title='bbox 3443 3291 3612 3366; x_wconf 70' lang='grc' dir='ltr'><strong>μηδὲν</strong></span> <span class='ocrx_word' id='word_1_561' title='bbox 3659 3295 3871 3350; x_wconf 82' lang='grc' dir='ltr'><strong>τούτων</strong></span> 
     </span>
    </p>
   </div>
   <div class='ocr_carea' id='block_1_80' title="bbox 2226 3381 3874 3462">
    <p class='ocr_par' dir='ltr' id='par_1_80' title="bbox 2226 3381 3874 3462">
     <span class='ocr_line' id='line_1_80' title="bbox 2226 3381 3874 3462; baseline 0 -22"><span class='ocrx_word' id='word_1_562' title='bbox 2226 3387 2361 3461; x_wconf 85' lang='grc' dir='ltr'><strong>πρὸς</strong></span> <span class='ocrx_word' id='word_1_563' title='bbox 2394 3390 2560 3442; x_wconf 73' lang='grc' dir='ltr'><strong>ταῦτα</strong></span> <span class='ocrx_word' id='word_1_564' title='bbox 2594 3391 2858 3453; x_wconf 74' lang='grc' dir='ltr'><strong>συντελεῖ,</strong></span> <span class='ocrx_word' id='word_1_565' title='bbox 2919 3390 3036 3446; x_wconf 87' lang='grc' dir='ltr'><strong><em>πῶς</em></strong></span> <span class='ocrx_word' id='word_1_566' title='bbox 3076 3383 3136 3439; x_wconf 84' lang='grc' dir='ltr'><strong>ἃν</strong></span> <span class='ocrx_word' id='word_1_567' title='bbox 3191 3405 3273 3447; x_wconf 86' lang='grc' dir='ltr'><strong><em>τις</em></strong></span> <span class='ocrx_word' id='word_1_568' title='bbox 3333 3381 3600 3439; x_wconf 80' lang='grc' dir='ltr'><strong>διδάσκων</strong></span> <span class='ocrx_word' id='word_1_569' title='bbox 3658 3385 3874 3462; x_wconf 77' lang='grc' dir='ltr'><strong>καυχή-</strong></span> 
     </span>
    </p>
   </div>
   <div class='ocr_carea' id='block_1_81' title="bbox 2228 3472 3874 3551">
    <p class='ocr_par' dir='ltr' id='par_1_81' title="bbox 2228 3472 3874 3551">
     <span class='ocr_line' id='line_1_81' title="bbox 2228 3472 3874 3551; baseline -0.001 -20"><span class='ocrx_word' id='word_1_570' title='bbox 2228 3498 2402 3544; x_wconf 76' lang='grc' dir='ltr'><strong>σαιτο,</strong></span> <span class='ocrx_word' id='word_1_571' title='bbox 2441 3474 2607 3546; x_wconf 73' lang='grc' dir='ltr'><strong>μηδὲν</strong></span> <span class='ocrx_word' id='word_1_572' title='bbox 2637 3481 2744 3532; x_wconf 89' lang='grc' dir='ltr'><strong><em>τῶν</em></strong></span> <span class='ocrx_word' id='word_1_573' title='bbox 2793 3476 2847 3530; x_wconf 84' lang='grc' dir='ltr'><strong><em>έν</em></strong></span> <span class='ocrx_word' id='word_1_574' title='bbox 2903 3475 3210 3551; x_wconf 87' lang='grc' dir='ltr'><strong>ἀνθρώποις</strong></span> <span class='ocrx_word' id='word_1_575' title='bbox 3279 3472 3582 3530; x_wconf 76' lang='grc' dir='ltr'><strong>δοκούντων</strong></span> <span class='ocrx_word' id='word_1_576' title='bbox 3644 3475 3874 3550; x_wconf 84' lang='grc' dir='ltr'><strong>ἰσχύειν.</strong></span> 
     </span>
    </p>
   </div>
   <div class='ocr_carea' id='block_1_82' title="bbox 2228 3562 3876 3640">
    <p class='ocr_par' dir='ltr' id='par_1_82' title="bbox 2228 3562 3876 3640">
     <span class='ocr_line' id='line_1_82' title="bbox 2228 3562 3876 3640; baseline -0.003 -18"><span class='ocrx_word' id='word_1_577' title='bbox 2228 3565 2726 3640; x_wconf 84' lang='grc' dir='ltr'><strong>ἀποδεδειγμένων,</strong></span> <span class='ocrx_word' id='word_1_578' title='bbox 2759 3565 2832 3628; x_wconf 84' lang='grc' dir='ltr'><strong>ὡς</strong></span> <span class='ocrx_word' id='word_1_579' title='bbox 2867 3565 3186 3622; x_wconf 84' lang='grc' dir='ltr'><strong>συντελοῦσι</strong></span> <span class='ocrx_word' id='word_1_580' title='bbox 3233 3566 3368 3640; x_wconf 85' lang='grc' dir='ltr'><strong>πρὸς</strong></span> <span class='ocrx_word' id='word_1_581' title='bbox 3411 3562 3595 3635; x_wconf 75' lang='grc' dir='ltr'><strong>ὄνησιν</strong></span> <span class='ocrx_word' id='word_1_582' title='bbox 3628 3583 3642 3634; x_wconf 90' lang='lat'><strong>;</strong></span> <span class='ocrx_word' id='word_1_583' title='bbox 3695 3563 3876 3634; x_wconf 79' lang='grc' dir='ltr'><strong>Δῆλον</strong></span> 
     </span>
    </p>
   </div>
   <div class='ocr_carea' id='block_1_83' title="bbox 2227 3651 3875 3733">
    <p class='ocr_par' dir='ltr' id='par_1_83' title="bbox 2227 3651 3875 3733">
     <span class='ocr_line' id='line_1_83' title="bbox 2227 3651 3875 3733; baseline -0.003 -21"><span class='ocrx_word' id='word_1_584' title='bbox 2227 3658 2328 3733; x_wconf 77' lang='grc' dir='ltr'><strong>γὰρ</strong></span> <span class='ocrx_word' id='word_1_585' title='bbox 2361 3657 2433 3719; x_wconf 85' lang='grc' dir='ltr'><strong>ὡς</strong></span> <span class='ocrx_word' id='word_1_586' title='bbox 2466 3655 2615 3719; x_wconf 71' lang='grc' dir='ltr'><strong>εἴτίς</strong></span> <span class='ocrx_word' id='word_1_587' title='bbox 2645 3678 2699 3712; x_wconf 90' lang='grc' dir='ltr'><strong><em>τι</em></strong></span> <span class='ocrx_word' id='word_1_588' title='bbox 2748 3657 2835 3710; x_wconf 84' lang='grc' dir='ltr'><strong>καὶ</strong></span> <span class='ocrx_word' id='word_1_589' title='bbox 2885 3653 3148 3726; x_wconf 82' lang='grc' dir='ltr'><strong>διδάσκει,</strong></span> <span class='ocrx_word' id='word_1_590' title='bbox 3194 3655 3425 3730; x_wconf 80' lang='grc' dir='ltr'><strong>χάριτός</strong></span> <span class='ocrx_word' id='word_1_591' title='bbox 3474 3655 3583 3710; x_wconf 81' lang='grc' dir='ltr'><strong>ἐστι</strong></span> <span class='ocrx_word' id='word_1_592' title='bbox 3626 3654 3716 3710; x_wconf 80' lang='grc' dir='ltr'><strong>καὶ</strong></span> <span class='ocrx_word' id='word_1_593' title='bbox 3768 3651 3875 3708; x_wconf 84' lang='grc' dir='ltr'><strong>δω-</strong></span> 
     </span>
    </p>
   </div>
   <div class='ocr_carea' id='block_1_84' title="bbox 2230 3738 3873 3824">
    <p class='ocr_par' dir='ltr' id='par_1_84' title="bbox 2230 3738 3873 3824">
     <span class='ocr_line' id='line_1_84' title="bbox 2230 3738 3873 3824; baseline -0.001 -24"><span class='ocrx_word' id='word_1_594' title='bbox 2230 3753 2354 3821; x_wconf 75' lang='grc' dir='ltr'><strong>ρεᾶς</strong></span> <span class='ocrx_word' id='word_1_595' title='bbox 2385 3753 2484 3814; x_wconf 75' lang='grc' dir='ltr'><strong><em>τῆς</em></strong></span> <span class='ocrx_word' id='word_1_596' title='bbox 2514 3745 2740 3813; x_wconf 76' lang='grc' dir='ltr'><strong>ἄνωθεν,</strong></span> <span class='ocrx_word' id='word_1_597' title='bbox 2791 3744 2917 3800; x_wconf 87' lang='grc' dir='ltr'><strong>ἀλλ’</strong></span> <span class='ocrx_word' id='word_1_598' title='bbox 2948 3745 3078 3820; x_wconf 83' lang='grc' dir='ltr'><strong>ούχὶ</strong></span> <span class='ocrx_word' id='word_1_599' title='bbox 3137 3747 3326 3824; x_wconf 75' lang='grc' dir='ltr'><strong>σοφίας</strong></span> <span class='ocrx_word' id='word_1_600' title='bbox 3382 3745 3584 3806; x_wconf 78' lang='grc' dir='ltr'><strong>οἰκείας</strong></span> <span class='ocrx_word' id='word_1_601' title='bbox 3625 3739 3808 3819; x_wconf 81' lang='grc' dir='ltr'><strong>ἔργον,</strong></span> <span class='ocrx_word' id='word_1_602' title='bbox 3837 3738 3873 3811; x_wconf 80' lang='grc' dir='ltr'>ἤ</span> 
     </span>
    </p>
   </div>
   <div class='ocr_carea' id='block_1_85' title="bbox 2229 3834 3876 3911">
    <p class='ocr_par' dir='ltr' id='par_1_85' title="bbox 2229 3834 3876 3911">
     <span class='ocr_line' id='line_1_85' title="bbox 2229 3834 3876 3911; baseline -0.003 -18"><span class='ocrx_word' id='word_1_603' title='bbox 2229 3846 2328 3906; x_wconf 76' lang='grc' dir='ltr'><strong>τῆς</strong></span> <span class='ocrx_word' id='word_1_604' title='bbox 2356 3838 2490 3892; x_wconf 83' lang='grc' dir='ltr'><strong>κατὰ</strong></span> <span class='ocrx_word' id='word_1_605' title='bbox 2533 3834 2771 3892; x_wconf 82' lang='grc' dir='ltr'><strong>διάνοιαν</strong></span> <span class='ocrx_word' id='word_1_606' title='bbox 2804 3835 3086 3907; x_wconf 80' lang='grc' dir='ltr'><strong>ὀξύτητος.</strong></span> <span class='ocrx_word' id='word_1_607' title='bbox 3132 3837 3207 3891; x_wconf 82' lang='grc' dir='ltr'><strong><em>Τὰ</em></strong></span> <span class='ocrx_word' id='word_1_608' title='bbox 3266 3834 3324 3890; x_wconf 77' lang='grc' dir='ltr'><strong>δὲ</strong></span> <span class='ocrx_word' id='word_1_609' title='bbox 3381 3836 3716 3911; x_wconf 84' lang='grc' dir='ltr'><strong>χαρίσματα,</strong></span> <span class='ocrx_word' id='word_1_610' title='bbox 3765 3835 3876 3911; x_wconf 82' lang='grc' dir='ltr'><strong>οὐχ</strong></span> 
     </span>
    </p>
   </div>
   <div class='ocr_carea' id='block_1_86' title="bbox 2226 3920 3869 4000">
    <p class='ocr_par' dir='ltr' id='par_1_86' title="bbox 2226 3920 3869 4000">
     <span class='ocr_line' id='line_1_86' title="bbox 2226 3920 3869 4000; baseline -0.004 -19"><span class='ocrx_word' id='word_1_611' title='bbox 2226 3928 2316 3981; x_wconf 81' lang='grc' dir='ltr'><strong>’ἱνα</strong></span> <span class='ocrx_word' id='word_1_612' title='bbox 2344 3927 2563 3987; x_wconf 89' lang='grc' dir='ltr'><strong>τούτοις</strong></span> <span class='ocrx_word' id='word_1_613' title='bbox 2591 3924 2945 4000; x_wconf 78' lang='grc' dir='ltr'><strong>ἐπαιρώμεθα</strong></span> <span class='ocrx_word' id='word_1_614' title='bbox 2976 3920 3357 4000; x_wconf 74' lang='grc' dir='ltr'><strong>λαμϐάνομεν,</strong></span> <span class='ocrx_word' id='word_1_615' title='bbox 3401 3923 3527 3980; x_wconf 87' lang='grc' dir='ltr'><strong>ἀλλ’</strong></span> <span class='ocrx_word' id='word_1_616' title='bbox 3577 3924 3663 3979; x_wconf 81' lang='grc' dir='ltr'><strong><em>ἐπὶ</em></strong></span> <span class='ocrx_word' id='word_1_617' title='bbox 3709 3924 3869 3994; x_wconf 82' lang='grc' dir='ltr'><strong>κοινῇ</strong></span> 
     </span>
    </p>
   </div>
   <div class='ocr_carea' id='block_1_87' title="bbox 2225 4014 3874 4092">
    <p class='ocr_par' dir='ltr' id='par_1_87' title="bbox 2225 4014 3874 4092">
     <span class='ocr_line' id='line_1_87' title="bbox 2225 4014 3874 4092; baseline -0.003 -22"><span class='ocrx_word' id='word_1_618' title='bbox 2225 4020 2334 4070; x_wconf 91' lang='grc' dir='ltr'><strong><em>τῶν</em></strong></span> <span class='ocrx_word' id='word_1_619' title='bbox 2365 4015 2662 4089; x_wconf 80' lang='grc' dir='ltr'><strong>ἀνθρώπων</strong></span> <span class='ocrx_word' id='word_1_620' title='bbox 2694 4014 2951 4092; x_wconf 71' lang='grc' dir='ltr'><strong>ὠφελείᾳ.</strong></span> <span class='ocrx_word' id='word_1_621' title='bbox 2987 4040 3012 4069; x_wconf 74' lang='grc' dir='ltr'>ι</span> <span class='ocrx_word' id='word_1_622' title='bbox 3041 4016 3164 4072; x_wconf 79' lang='grc' dir='ltr'><strong>’Ὁτι</strong></span> <span class='ocrx_word' id='word_1_623' title='bbox 3223 4014 3346 4084; x_wconf 69' lang='lat' dir='ltr'><strong><em>eisi,</em></strong></span> <span class='ocrx_word' id='word_1_624' title='bbox 3395 4016 3633 4085; x_wconf 78' lang='grc' dir='ltr'><strong>μάταιοι.</strong></span> <span class='ocrx_word' id='word_1_625' title='bbox 3670 4035 3696 4063; x_wconf 75' lang='grc' dir='ltr'><strong><em>υ</em></strong></span> <span class='ocrx_word' id='word_1_626' title='bbox 3749 4015 3874 4072; x_wconf 85' lang='grc' dir='ltr'><strong>Πῶς</strong></span> 
     </span>
    </p>
   </div>
   <div class='ocr_carea' id='block_1_88' title="bbox 2226 4100 3878 4182">
    <p class='ocr_par' dir='ltr' id='par_1_88' title="bbox 2226 4100 3878 4182">
     <span class='ocr_line' id='line_1_88' title="bbox 2226 4100 3878 4182; baseline -0.003 -22"><span class='ocrx_word' id='word_1_627' title='bbox 2226 4106 2327 4182; x_wconf 81' lang='grc' dir='ltr'><strong><em>γάρ</em></strong></span> <span class='ocrx_word' id='word_1_628' title='bbox 2359 4103 2420 4160; x_wconf 76' lang='grc' dir='ltr'><strong>οὔ</strong></span> <span class='ocrx_word' id='word_1_629' title='bbox 2449 4128 2462 4173; x_wconf 75' lang='grc' dir='ltr'><strong><em>ς</em></strong></span> <span class='ocrx_word' id='word_1_630' title='bbox 2495 4105 2781 4179; x_wconf 83' lang='grc' dir='ltr'><strong>νομίζουσι</strong></span> <span class='ocrx_word' id='word_1_631' title='bbox 2826 4105 2902 4178; x_wconf 82' lang='grc' dir='ltr'><strong>μὴ</strong></span> <span class='ocrx_word' id='word_1_632' title='bbox 2937 4101 3142 4158; x_wconf 85' lang='grc' dir='ltr'><strong>δεῖσθαι</strong></span> <span class='ocrx_word' id='word_1_633' title='bbox 3202 4100 3453 4177; x_wconf 73' lang='grc' dir='ltr'><strong>μηδενὸς,</strong></span> <span class='ocrx_word' id='word_1_634' title='bbox 3499 4100 3627 4158; x_wconf 85' lang='grc' dir='ltr'><strong>ἀλλ’</strong></span> <span class='ocrx_word' id='word_1_635' title='bbox 3666 4103 3878 4161; x_wconf 71' lang='grc' dir='ltr'><strong>ἑαυτοῖς</strong></span> 
     </span>
    </p>
   </div>
   <div class='ocr_carea' id='block_1_89' title="bbox 2227 4192 3880 4272">
    <p class='ocr_par' dir='ltr' id='par_1_89' title="bbox 2227 4192 3880 4272">
     <span class='ocr_line' id='line_1_89' title="bbox 2227 4192 3880 4272; baseline -0.004 -21"><span class='ocrx_word' id='word_1_636' title='bbox 2227 4197 2530 4272; x_wconf 81' lang='grc' dir='ltr'><strong>ἀρκεῖσθαι,</strong></span> <span class='ocrx_word' id='word_1_637' title='bbox 2563 4195 2696 4268; x_wconf 86' lang='grc' dir='ltr'><strong>πρὸς</strong></span> <span class='ocrx_word' id='word_1_638' title='bbox 2725 4195 2825 4264; x_wconf 78' lang='grc' dir='ltr'><strong>τήν</strong></span> <span class='ocrx_word' id='word_1_639' title='bbox 2859 4198 2956 4251; x_wconf 81' lang='grc' dir='ltr'><strong>τοῦ</strong></span> <span class='ocrx_word' id='word_1_640' title='bbox 2986 4193 3229 4266; x_wconf 76' lang='grc' dir='ltr'><strong>ἀληθοῦς</strong></span> <span class='ocrx_word' id='word_1_641' title='bbox 3279 4192 3610 4266; x_wconf 83' lang='grc' dir='ltr'><strong>κατάληψιν.</strong></span> <span class='ocrx_word' id='word_1_642' title='bbox 3663 4217 3690 4244; x_wconf 88' lang='grc'><strong><em>‹‹</em></strong></span> <span class='ocrx_word' id='word_1_643' title='bbox 3722 4193 3880 4246; x_wconf 78' lang='grc' dir='ltr'><strong>Ὥστε</strong></span> 
     </span>
    </p>
   </div>
   <div class='ocr_carea' id='block_1_90' title="bbox 2232 4276 3886 4361">
    <p class='ocr_par' dir='ltr' id='par_1_90' title="bbox 2232 4276 3886 4361">
     <span class='ocr_line' id='line_1_90' title="bbox 2232 4276 3886 4361; baseline -0.005 -20"><span class='ocrx_word' id='word_1_644' title='bbox 2232 4283 2425 4360; x_wconf 78' lang='grc' dir='ltr'><strong>μηδεὶς</strong></span> <span class='ocrx_word' id='word_1_645' title='bbox 2455 4286 2750 4361; x_wconf 73' lang='grc' dir='ltr'><strong>καυχάσθω</strong></span> <span class='ocrx_word' id='word_1_646' title='bbox 2798 4282 2849 4338; x_wconf 82' lang='grc' dir='ltr'><strong><em>έν</em></strong></span> <span class='ocrx_word' id='word_1_647' title='bbox 2899 4283 3228 4360; x_wconf 83' lang='grc' dir='ltr'><strong>ἀνθρώποις.</strong></span> <span class='ocrx_word' id='word_1_648' title='bbox 3261 4305 3286 4337; x_wconf 76' lang='grc' dir='ltr'><strong><em>ο</em></strong></span> <span class='ocrx_word' id='word_1_649' title='bbox 3361 4282 3502 4357; x_wconf 86' lang='grc' dir='ltr'><strong>Πρὸς</strong></span> <span class='ocrx_word' id='word_1_650' title='bbox 3559 4278 3687 4342; x_wconf 74' lang='grc' dir='ltr'><strong>τοὺς</strong></span> <span class='ocrx_word' id='word_1_651' title='bbox 3741 4276 3886 4334; x_wconf 76' lang='grc' dir='ltr'><strong>διδαο</strong></span> 
     </span>
    </p>
   </div>
   <div class='ocr_carea' id='block_1_91' title="bbox 2229 4371 3884 4444">
    <p class='ocr_par' dir='ltr' id='par_1_91' title="bbox 2229 4371 3884 4444">
     <span class='ocr_line' id='line_1_91' title="bbox 2229 4371 3884 4444; baseline -0.005 -13"><span class='ocrx_word' id='word_1_652' title='bbox 2229 4375 2462 4437; x_wconf 83' lang='grc' dir='ltr'><strong>σκάλους</strong></span> <span class='ocrx_word' id='word_1_653' title='bbox 2492 4374 2668 4430; x_wconf 79' lang='grc' dir='ltr'><strong>αὐτῶν</strong></span> <span class='ocrx_word' id='word_1_654' title='bbox 2723 4372 2888 4429; x_wconf 74' lang='grc' dir='ltr'><strong>πάλιν</strong></span> <span class='ocrx_word' id='word_1_655' title='bbox 2953 4373 3314 4441; x_wconf 78' lang='grc' dir='ltr'><strong>ἀποτείνεται,</strong></span> <span class='ocrx_word' id='word_1_656' title='bbox 3371 4371 3565 4431; x_wconf 74' lang='grc' dir='ltr'><strong>οἷ’τινες</strong></span> <span class='ocrx_word' id='word_1_657' title='bbox 3627 4371 3884 4444; x_wconf 75' lang='grc' dir='ltr'><strong>μέγιστον</strong></span> 
     </span>
    </p>
   </div>
   <div class='ocr_carea' id='block_1_92' title="bbox 2230 4457 3881 4544">
    <p class='ocr_par' dir='ltr' id='par_1_92' title="bbox 2230 4457 3881 4544">
     <span class='ocr_line' id='line_1_92' title="bbox 2230 4457 3881 4544; baseline -0.005 -23"><span class='ocrx_word' id='word_1_658' title='bbox 2230 4466 2506 4544; x_wconf 81' lang='grc' dir='ltr'><strong>ἐφρόνουν,</strong></span> <span class='ocrx_word' id='word_1_659' title='bbox 2555 4463 2636 4542; x_wconf 72' lang='grc' dir='ltr'><strong><em>ἐφ’</em></strong></span> <span class='ocrx_word' id='word_1_660' title='bbox 2696 4464 2780 4528; x_wconf 75' lang='grc' dir='ltr'><strong><em>οἷς</em></strong></span> <span class='ocrx_word' id='word_1_661' title='bbox 2839 4464 3156 4539; x_wconf 84' lang='grc' dir='ltr'><strong>χαρίσματα</strong></span> <span class='ocrx_word' id='word_1_662' title='bbox 3211 4462 3469 4541; x_wconf 65' lang='grc' dir='ltr'><strong>εἰλήφασι</strong></span> <span class='ocrx_word' id='word_1_663' title='bbox 3529 4457 3881 4520; x_wconf 87' lang='grc' dir='ltr'><strong>διδασκαλίας</strong></span> 
     </span>
    </p>
   </div>
   <div class='ocr_carea' id='block_1_93' title="bbox 468 4536 2108 4632">
    <p class='ocr_par' dir='ltr' id='par_1_93' title="bbox 468 4536 2108 4632">
     <span class='ocr_line' id='line_1_93' title="bbox 468 4536 2108 4632; baseline -0.013 -13"><span class='ocrx_word' id='word_1_664' title='bbox 468 4536 690 4618; x_wconf 76' lang='lat' dir='ltr'><strong><em>bantur</em></strong></span> <span class='ocrx_word' id='word_1_665' title='bbox 719 4559 878 4632; x_wconf 90' lang='lat' dir='ltr'><strong><em>quod</em></strong></span> <span class='ocrx_word' id='word_1_666' title='bbox 909 4558 1066 4612; x_wconf 91' lang='lat' dir='ltr'><strong><em>dona</em></strong></span> <span class='ocrx_word' id='word_1_667' title='bbox 1098 4553 1369 4626; x_wconf 76' lang='lat' dir='ltr'><strong><em>quazdam</em></strong></span> <span class='ocrx_word' id='word_1_668' title='bbox 1429 4549 1712 4604; x_wconf 78' lang='lat' dir='ltr'><strong><em>doctrinm</em></strong></span> <span class='ocrx_word' id='word_1_669' title='bbox 1766 4553 1824 4602; x_wconf 91' lang='lat' dir='ltr'><strong><em>et</em></strong></span> <span class='ocrx_word' id='word_1_670' title='bbox 1869 4546 2108 4602; x_wconf 80' lang='lat' dir='ltr'><strong><em>aliorum</em></strong></span> 
     </span>
    </p>
   </div>
   <div class='ocr_carea' id='block_1_94' title="bbox 2221 4536 3878 4632">
    <p class='ocr_par' dir='ltr' id='par_1_94' title="bbox 2229 4536 3878 4632">
     <span class='ocr_line' id='line_1_94' title="bbox 2270 4536 3398 4576; baseline -0.007 0"><span class='ocrx_word' id='word_1_671' title='bbox 2270 4536 2319 4576; x_wconf 56' lang='grc' dir='ltr'><strong>’λ</strong></span> <span class='ocrx_word' id='word_1_672' title='bbox 2421 4552 2432 4572; x_wconf 71' lang='grc' dir='ltr'><strong><em>ο</em></strong></span> <span class='ocrx_word' id='word_1_673' title='bbox 2595 4536 2604 4542; x_wconf 68' lang='grc'><em>’</em></span> <span class='ocrx_word' id='word_1_674' title='bbox 2700 4558 2727 4569; x_wconf 80' lang='lat'><strong>~</strong></span> <span class='ocrx_word' id='word_1_675' title='bbox 2844 4536 2878 4539; x_wconf 22' lang='lat' dir='ltr'><strong>vv</strong></span> <span class='ocrx_word' id='word_1_676' title='bbox 3094 4554 3108 4570; x_wconf 62' lang='grc' dir='ltr'><strong><em>ι</em></strong></span> <span class='ocrx_word' id='word_1_677' title='bbox 3286 4549 3309 4570; x_wconf 60' lang='grc' dir='ltr'>δ</span> <span class='ocrx_word' id='word_1_678' title='bbox 3355 4536 3398 4568; x_wconf 72' lang='grc' dir='ltr'><strong><em>’ί</em></strong></span> 
     </span>
     <span class='ocr_line' id='line_1_95' title="bbox 2229 4549 3878 4632; baseline -0.005 -21"><span class='ocrx_word' id='word_1_679' title='bbox 2229 4577 2320 4612; x_wconf 86' lang='grc' dir='ltr'><strong><em>και</em></strong></span> <span class='ocrx_word' id='word_1_680' title='bbox 2351 4557 2546 4632; x_wconf 71' lang='grc' dir='ltr'><strong>ἑτερων</strong></span> <span class='ocrx_word' id='word_1_681' title='bbox 2605 4575 2790 4611; x_wconf 89' lang='grc' dir='ltr'><strong>τινων.</strong></span> <span class='ocrx_word' id='word_1_682' title='bbox 2852 4553 3004 4609; x_wconf 89' lang='grc' dir='ltr'><strong>Διατί</strong></span> <span class='ocrx_word' id='word_1_683' title='bbox 3062 4551 3120 4608; x_wconf 86' lang='grc' dir='ltr'><strong><em>δε</em></strong></span> <span class='ocrx_word' id='word_1_684' title='bbox 3172 4553 3224 4608; x_wconf 75' lang='grc' dir='ltr'><strong>οἱ</strong></span> <span class='ocrx_word' id='word_1_685' title='bbox 3283 4549 3624 4621; x_wconf 87' lang='grc' dir='ltr'><strong>οιδασκαλοι,</strong></span> <span class='ocrx_word' id='word_1_686' title='bbox 3693 4549 3878 4624; x_wconf 74' lang='grc' dir='ltr'><strong>φητὶν,</strong></span> 
     </span>
    </p>
   </div>
   <div class='ocr_carea' id='block_1_95' title="bbox 471 4634 2116 4722">
    <p class='ocr_par' dir='ltr' id='par_1_95' title="bbox 471 4634 2116 4722">
     <span class='ocr_line' id='line_1_96' title="bbox 471 4634 2116 4722; baseline -0.013 -14"><span class='ocrx_word' id='word_1_687' title='bbox 471 4656 864 4722; x_wconf 72' lang='lat' dir='ltr'><strong><em>quorumdam</em></strong></span> <span class='ocrx_word' id='word_1_688' title='bbox 913 4645 1301 4716; x_wconf 87' lang='lat' dir='ltr'><strong><em>accepissent.</em></strong></span> <span class='ocrx_word' id='word_1_689' title='bbox 1351 4641 1540 4704; x_wconf 91' lang='lat' dir='ltr'><strong><em>Quare</em></strong></span> <span class='ocrx_word' id='word_1_690' title='bbox 1590 4644 1786 4691; x_wconf 89' lang='lat' dir='ltr'><strong><em>autem</em></strong></span> <span class='ocrx_word' id='word_1_691' title='bbox 1847 4634 2116 4689; x_wconf 89' lang='lat' dir='ltr'><strong><em>doctores</em></strong></span> 
     </span>
    </p>
   </div>
   <div class='ocr_carea' id='block_1_96' title="bbox 470 4723 2118 4810">
    <p class='ocr_par' dir='ltr' id='par_1_96' title="bbox 470 4723 2118 4810">
     <span class='ocr_line' id='line_1_97' title="bbox 470 4723 2118 4810; baseline -0.012 -14"><span class='ocrx_word' id='word_1_692' title='bbox 470 4759 590 4796; x_wconf 90' lang='lat' dir='ltr'><strong><em>non</em></strong></span> <span class='ocrx_word' id='word_1_693' title='bbox 623 4741 841 4794; x_wconf 89' lang='lat' dir='ltr'><strong><em>debent</em></strong></span> <span class='ocrx_word' id='word_1_694' title='bbox 870 4735 1131 4810; x_wconf 77' lang='lat' dir='ltr'><strong><em>gloriari,</em></strong></span> <span class='ocrx_word' id='word_1_695' title='bbox 1166 4731 1267 4787; x_wconf 88' lang='lat' dir='ltr'><strong><em>sed</em></strong></span> <span class='ocrx_word' id='word_1_696' title='bbox 1300 4729 1484 4784; x_wconf 92' lang='lat' dir='ltr'><strong><em>dicis:</em></strong></span> <span class='ocrx_word' id='word_1_697' title='bbox 1528 4751 1550 4778; x_wconf 78' lang='grc' dir='ltr'><strong><em>ιι</em></strong></span> <span class='ocrx_word' id='word_1_698' title='bbox 1579 4727 1757 4781; x_wconf 77' lang='lat' dir='ltr'><strong><em>Nemo</em></strong></span> <span class='ocrx_word' id='word_1_699' title='bbox 1807 4723 2118 4779; x_wconf 90' lang='lat' dir='ltr'><strong><em>hominum</em></strong></span> 
     </span>
    </p>
   </div>
   <div class='ocr_carea' id='block_1_97' title="bbox 468 4813 2115 4902">
    <p class='ocr_par' dir='ltr' id='par_1_97' title="bbox 468 4813 2115 4902">
     <span class='ocr_line' id='line_1_98' title="bbox 468 4813 2115 4902; baseline -0.01 -18"><span class='ocrx_word' id='word_1_700' title='bbox 468 4828 754 4902; x_wconf 86' lang='lat' dir='ltr'><strong><em>glorietur</em></strong></span> <span class='ocrx_word' id='word_1_701' title='bbox 773 4829 799 4882; x_wconf 69' lang='lat'><strong><em>‘2</em></strong></span> <span class='ocrx_word' id='word_1_702' title='bbox 826 4852 852 4876; x_wconf 87' lang='lat'><strong>»</strong></span> <span class='ocrx_word' id='word_1_703' title='bbox 876 4827 1042 4890; x_wconf 88' lang='lat' dir='ltr'><strong><em>Quia,</em></strong></span> <span class='ocrx_word' id='word_1_704' title='bbox 1069 4823 1284 4893; x_wconf 87' lang='lat' dir='ltr'><strong><em>inquit,</em></strong></span> <span class='ocrx_word' id='word_1_705' title='bbox 1307 4832 1676 4891; x_wconf 62' lang='lat' dir='ltr'><strong><em>quaecunque</em></strong></span> <span class='ocrx_word' id='word_1_706' title='bbox 1704 4813 2115 4882; x_wconf 88' lang='lat' dir='ltr'><strong><em>donahabent,</em></strong></span> 
     </span>
    </p>
   </div>
   <div class='ocr_carea' id='block_1_98' title="bbox 472 4909 2117 4988">
    <p class='ocr_par' dir='ltr' id='par_1_98' title="bbox 472 4909 2117 4988">
     <span class='ocr_line' id='line_1_99' title="bbox 472 4909 2117 4988; baseline -0.01 -16"><span class='ocrx_word' id='word_1_707' title='bbox 472 4918 577 4973; x_wconf 90' lang='lat' dir='ltr'><strong><em>illa</em></strong></span> <span class='ocrx_word' id='word_1_708' title='bbox 609 4922 846 4988; x_wconf 84' lang='lat' dir='ltr'><strong><em>propter</em></strong></span> <span class='ocrx_word' id='word_1_709' title='bbox 877 4932 976 4968; x_wconf 82' lang='lat' dir='ltr'><strong><em>vos</em></strong></span> <span class='ocrx_word' id='word_1_710' title='bbox 1023 4929 1235 4983; x_wconf 90' lang='lat' dir='ltr'><strong><em>nempe</em></strong></span> <span class='ocrx_word' id='word_1_711' title='bbox 1287 4909 1518 4981; x_wconf 91' lang='lat' dir='ltr'><strong><em>plebem</em></strong></span> <span class='ocrx_word' id='word_1_712' title='bbox 1570 4909 1948 4975; x_wconf 86' lang='lat' dir='ltr'><strong><em>acceperunt,</em></strong></span> <span class='ocrx_word' id='word_1_713' title='bbox 2001 4921 2117 4974; x_wconf 90' lang='lat' dir='ltr'><strong><em>quo</em></strong></span> 
     </span>
    </p>
   </div>
   <div class='ocr_carea' id='block_1_99' title="bbox 471 4993 2118 5075">
    <p class='ocr_par' dir='ltr' id='par_1_99' title="bbox 471 4993 2118 5075">
     <span class='ocr_line' id='line_1_100' title="bbox 471 4993 2118 5075; baseline -0.009 -13"><span class='ocrx_word' id='word_1_714' title='bbox 471 5006 636 5062; x_wconf 86' lang='lat' dir='ltr'><strong><em>vobis</em></strong></span> <span class='ocrx_word' id='word_1_715' title='bbox 668 5003 1030 5075; x_wconf 85' lang='lat' dir='ltr'><strong><em>prodessent.</em></strong></span> <span class='ocrx_word' id='word_1_716' title='bbox 1070 5000 1218 5066; x_wconf 89' lang='lat' dir='ltr'><strong><em>Quid</em></strong></span> <span class='ocrx_word' id='word_1_717' title='bbox 1251 5015 1385 5070; x_wconf 85' lang='lat' dir='ltr'><strong><em>ergo</em></strong></span> <span class='ocrx_word' id='word_1_718' title='bbox 1419 4997 1477 5051; x_wconf 90' lang='lat' dir='ltr'><strong><em>in</em></strong></span> <span class='ocrx_word' id='word_1_719' title='bbox 1509 4995 1601 5049; x_wconf 87' lang='lat' dir='ltr'><strong><em>his</em></strong></span> <span class='ocrx_word' id='word_1_720' title='bbox 1627 4993 1957 5067; x_wconf 86' lang='lat' dir='ltr'><strong><em>gloriantur</em></strong></span> <span class='ocrx_word' id='word_1_721' title='bbox 1987 5009 2118 5064; x_wconf 66' lang='lat' dir='ltr'><strong><em>quin</em></strong></span> 
     </span>
    </p>
   </div>
   <div class='ocr_carea' id='block_1_100' title="bbox 471 5085 2120 5157">
    <p class='ocr_par' dir='ltr' id='par_1_100' title="bbox 471 5085 2120 5157">
     <span class='ocr_line' id='line_1_101' title="bbox 471 5085 2120 5157; baseline -0.008 -8"><span class='ocrx_word' id='word_1_722' title='bbox 471 5112 591 5150; x_wconf 92' lang='lat' dir='ltr'><strong><em>non</em></strong></span> <span class='ocrx_word' id='word_1_723' title='bbox 628 5094 750 5148; x_wconf 87' lang='lat' dir='ltr'><strong><em>suis</em></strong></span> <span class='ocrx_word' id='word_1_724' title='bbox 796 5089 1122 5150; x_wconf 82' lang='lat' dir='ltr'><strong><em>laboribus,</em></strong></span> <span class='ocrx_word' id='word_1_725' title='bbox 1173 5087 1273 5142; x_wconf 88' lang='lat' dir='ltr'><strong><em>sed</em></strong></span> <span class='ocrx_word' id='word_1_726' title='bbox 1326 5091 1566 5157; x_wconf 85' lang='lat' dir='ltr'><strong><em>propter</em></strong></span> <span class='ocrx_word' id='word_1_727' title='bbox 1606 5099 1704 5136; x_wconf 89' lang='lat' dir='ltr'><strong><em>vos</em></strong></span> <span class='ocrx_word' id='word_1_728' title='bbox 1762 5085 2120 5152; x_wconf 88' lang='lat' dir='ltr'><strong><em>acceperunt</em></strong></span> 
     </span>
    </p>
   </div>
   <div class='ocr_carea' id='block_1_101' title="bbox 473 5171 2113 5253">
    <p class='ocr_par' dir='ltr' id='par_1_101' title="bbox 473 5171 2113 5253">
     <span class='ocr_line' id='line_1_102' title="bbox 473 5171 2113 5253; baseline -0.009 -13"><span class='ocrx_word' id='word_1_729' title='bbox 473 5191 844 5253; x_wconf 83' lang='lat' dir='ltr'><strong><em>vestramque</em></strong></span> <span class='ocrx_word' id='word_1_730' title='bbox 877 5179 1129 5235; x_wconf 88' lang='lat' dir='ltr'><strong><em>salutem</em></strong></span> <span class='ocrx_word' id='word_1_731' title='bbox 1151 5178 1178 5232; x_wconf 85' lang='lat'><strong>?</strong></span> <span class='ocrx_word' id='word_1_732' title='bbox 1209 5200 1235 5226; x_wconf 87' lang='lat'>«</span> <span class='ocrx_word' id='word_1_733' title='bbox 1272 5179 1451 5231; x_wconf 72' lang='lat' dir='ltr'><strong><em>Nemo</em></strong></span> <span class='ocrx_word' id='word_1_734' title='bbox 1475 5173 1780 5246; x_wconf 89' lang='lat' dir='ltr'><strong><em>glorietur.</em></strong></span> <span class='ocrx_word' id='word_1_735' title='bbox 1806 5195 1826 5218; x_wconf 81' lang='grc' dir='ltr'><strong><em>ι</em></strong></span> <span class='ocrx_word' id='word_1_736' title='bbox 1861 5171 1960 5225; x_wconf 77' lang='lat' dir='ltr'><strong><em>Vel</em></strong></span> <span class='ocrx_word' id='word_1_737' title='bbox 1989 5189 2113 5242; x_wconf 83' lang='lat' dir='ltr'><strong><em>pro-</em></strong></span> 
     </span>
    </p>
   </div>
   <div class='ocr_carea' id='block_1_102' title="bbox 472 5262 2117 5348">
    <p class='ocr_par' dir='ltr' id='par_1_102' title="bbox 472 5262 2117 5348">
     <span class='ocr_line' id='line_1_103' title="bbox 472 5262 2117 5348; baseline -0.009 -17"><span class='ocrx_word' id='word_1_738' title='bbox 472 5282 602 5348; x_wconf 89' lang='lat' dir='ltr'><strong><em>pter</em></strong></span> <span class='ocrx_word' id='word_1_739' title='bbox 633 5275 937 5330; x_wconf 87' lang='lat' dir='ltr'><strong><em>doctores:</em></strong></span> <span class='ocrx_word' id='word_1_740' title='bbox 971 5287 1162 5341; x_wconf 89' lang='lat' dir='ltr'><strong><em>neque</em></strong></span> <span class='ocrx_word' id='word_1_741' title='bbox 1189 5269 1344 5324; x_wconf 89' lang='lat' dir='ltr'><strong><em>enim</em></strong></span> <span class='ocrx_word' id='word_1_742' title='bbox 1371 5265 1695 5337; x_wconf 75' lang='lat' dir='ltr'><strong><em>quidquam</em></strong></span> <span class='ocrx_word' id='word_1_743' title='bbox 1720 5281 1753 5318; x_wconf 93' lang='lat' dir='ltr'><strong><em>a</em></strong></span> <span class='ocrx_word' id='word_1_744' title='bbox 1776 5279 1836 5317; x_wconf 90' lang='lat' dir='ltr'><strong><em>se</em></strong></span> <span class='ocrx_word' id='word_1_745' title='bbox 1858 5262 2117 5329; x_wconf 87' lang='lat' dir='ltr'><strong><em>habent;</em></strong></span> 
     </span>
    </p>
   </div>
   <div class='ocr_carea' id='block_1_103' title="bbox 469 5353 2120 5438">
    <p class='ocr_par' dir='ltr' id='par_1_103' title="bbox 469 5353 2120 5438">
     <span class='ocr_line' id='line_1_104' title="bbox 469 5353 2120 5438; baseline -0.009 -18"><span class='ocrx_word' id='word_1_746' title='bbox 469 5367 555 5422; x_wconf 89' lang='lat' dir='ltr'><strong><em>vel</em></strong></span> <span class='ocrx_word' id='word_1_747' title='bbox 610 5371 850 5438; x_wconf 83' lang='lat' dir='ltr'><strong><em>pr0pter</em></strong></span> <span class='ocrx_word' id='word_1_748' title='bbox 907 5363 1196 5417; x_wconf 89' lang='lat' dir='ltr'><strong><em>humanas</em></strong></span> <span class='ocrx_word' id='word_1_749' title='bbox 1255 5357 1658 5430; x_wconf 77' lang='lat' dir='ltr'><strong><em>cogitationes.</em></strong></span> <span class='ocrx_word' id='word_1_750' title='bbox 1721 5353 1873 5408; x_wconf 71' lang='lat'><strong><em>440</em></strong></span> <span class='ocrx_word' id='word_1_751' title='bbox 1921 5354 2120 5424; x_wconf 85' lang='lat' dir='ltr'><strong><em>Neque</em></strong></span> 
     </span>
    </p>
   </div>
   <div class='ocr_carea' id='block_1_104' title="bbox 470 5440 2120 5525">
    <p class='ocr_par' dir='ltr' id='par_1_104' title="bbox 470 5440 2120 5525">
     <span class='ocr_line' id='line_1_105' title="bbox 470 5440 2120 5525; baseline -0.01 -15"><span class='ocrx_word' id='word_1_752' title='bbox 470 5455 628 5510; x_wconf 85' lang='lat' dir='ltr'><strong><em>enim</em></strong></span> <span class='ocrx_word' id='word_1_753' title='bbox 660 5471 763 5525; x_wconf 92' lang='lat' dir='ltr'><strong><em>per</em></strong></span> <span class='ocrx_word' id='word_1_754' title='bbox 795 5452 929 5507; x_wconf 88' lang='lat' dir='ltr'><strong><em>illas</em></strong></span> <span class='ocrx_word' id='word_1_755' title='bbox 960 5455 1155 5522; x_wconf 88' lang='lat' dir='ltr'><strong><em>potest</em></strong></span> <span class='ocrx_word' id='word_1_756' title='bbox 1201 5447 1416 5502; x_wconf 89' lang='lat' dir='ltr'><strong><em>veritas</em></strong></span> <span class='ocrx_word' id='word_1_757' title='bbox 1465 5440 1914 5514; x_wconf 89' lang='lat' dir='ltr'><strong><em>comprehendi,</em></strong></span> <span class='ocrx_word' id='word_1_758' title='bbox 1966 5456 2120 5511; x_wconf 62' lang='lat' dir='ltr'><strong><em>saepe</em></strong></span> 
     </span>
    </p>
   </div>
   <div class='ocr_carea' id='block_1_105' title="bbox 471 5529 2122 5614">
    <p class='ocr_par' dir='ltr' id='par_1_105' title="bbox 471 5529 2122 5614">
     <span class='ocr_line' id='line_1_106' title="bbox 471 5529 2122 5614; baseline -0.01 -12"><span class='ocrx_word' id='word_1_759' title='bbox 471 5551 670 5602; x_wconf 89' lang='lat' dir='ltr'><strong><em>autem</em></strong></span> <span class='ocrx_word' id='word_1_760' title='bbox 723 5539 1130 5614; x_wconf 87' lang='lat' dir='ltr'><strong><em>interpretatio</em></strong></span> <span class='ocrx_word' id='word_1_761' title='bbox 1181 5535 1367 5609; x_wconf 85' lang='lat' dir='ltr'><strong><em>magis</em></strong></span> <span class='ocrx_word' id='word_1_762' title='bbox 1415 5537 1654 5603; x_wconf 89' lang='lat' dir='ltr'><strong><em>aptatur</em></strong></span> <span class='ocrx_word' id='word_1_763' title='bbox 1703 5533 1762 5586; x_wconf 88' lang='lat' dir='ltr'><strong><em>et</em></strong></span> <span class='ocrx_word' id='word_1_764' title='bbox 1816 5529 2122 5602; x_wconf 64' lang='lat' dir='ltr'><strong><em>particula</em></strong></span> 
     </span>
    </p>
   </div>
   <div class='ocr_carea' id='block_1_106' title="bbox 469 5627 1625 5707">
    <p class='ocr_par' dir='ltr' id='par_1_106' title="bbox 469 5627 1625 5707">
     <span class='ocr_line' id='line_1_107' title="bbox 469 5627 1625 5707; baseline -0.013 -13"><span class='ocrx_word' id='word_1_765' title='bbox 469 5635 852 5707; x_wconf 85' lang='lat' dir='ltr'><strong><em>dictionibus,</em></strong></span> <span class='ocrx_word' id='word_1_766' title='bbox 889 5637 947 5694; x_wconf 83' lang='lat' dir='ltr'><strong><em>et</em></strong></span> <span class='ocrx_word' id='word_1_767' title='bbox 975 5630 1069 5691; x_wconf 85' lang='lat' dir='ltr'><strong><em>his</em></strong></span> <span class='ocrx_word' id='word_1_768' title='bbox 1101 5644 1235 5705; x_wconf 76' lang='lat' dir='ltr'><strong><em>quae</em></strong></span> <span class='ocrx_word' id='word_1_769' title='bbox 1268 5627 1625 5698; x_wconf 81' lang='lat' dir='ltr'><strong><em>sequuntur.</em></strong></span> 
     </span>
    </p>
   </div>
   <div class='ocr_carea' id='block_1_107' title="bbox 2227 4635 3879 4722">
    <p class='ocr_par' dir='ltr' id='par_1_107' title="bbox 2227 4635 3879 4722">
     <span class='ocr_line' id='line_1_108' title="bbox 2227 4635 3879 4722; baseline -0.005 -21"><span class='ocrx_word' id='word_1_770' title='bbox 2227 4645 2327 4701; x_wconf 77' lang='grc' dir='ltr'><strong>οὐκ</strong></span> <span class='ocrx_word' id='word_1_771' title='bbox 2383 4643 2666 4722; x_wconf 76' lang='grc' dir='ltr'><strong>ὀφείλουσι</strong></span> <span class='ocrx_word' id='word_1_772' title='bbox 2729 4647 3060 4722; x_wconf 84' lang='grc' dir='ltr'><strong>καυχᾶσθαι,</strong></span> <span class='ocrx_word' id='word_1_773' title='bbox 3115 4639 3264 4698; x_wconf 76' lang='grc' dir='ltr'><strong>ἀλλὰ</strong></span> <span class='ocrx_word' id='word_1_774' title='bbox 3321 4639 3520 4716; x_wconf 86' lang='grc' dir='ltr'><strong>λέγεις,</strong></span> <span class='ocrx_word' id='word_1_775' title='bbox 3583 4664 3612 4691; x_wconf 90' lang='grc'><strong><em>‹‹</em></strong></span> <span class='ocrx_word' id='word_1_776' title='bbox 3673 4635 3879 4710; x_wconf 77' lang='grc' dir='ltr'><strong>Μηδεὶς</strong></span> 
     </span>
    </p>
   </div>
   <div class='ocr_carea' id='block_1_108' title="bbox 2227 4725 3878 4813">
    <p class='ocr_par' dir='ltr' id='par_1_108' title="bbox 2227 4725 3878 4813">
     <span class='ocr_line' id='line_1_109' title="bbox 2227 4725 3878 4813; baseline -0.007 -22"><span class='ocrx_word' id='word_1_777' title='bbox 2227 4736 2523 4813; x_wconf 85' lang='grc' dir='ltr'><strong>καυχασθω</strong></span> <span class='ocrx_word' id='word_1_778' title='bbox 2566 4734 2620 4789; x_wconf 81' lang='grc' dir='ltr'><strong><em>έν</em></strong></span> <span class='ocrx_word' id='word_1_779' title='bbox 2677 4732 2986 4807; x_wconf 87' lang='grc' dir='ltr'><strong>ἀνθρώποις</strong></span> <span class='ocrx_word' id='word_1_780' title='bbox 3021 4753 3035 4800; x_wconf 89' lang='lat'><strong>;</strong></span> <span class='ocrx_word' id='word_1_781' title='bbox 3071 4757 3098 4784; x_wconf 72' lang='grc' dir='ltr'><em>η</em></span> <span class='ocrx_word' id='word_1_782' title='bbox 3157 4730 3242 4786; x_wconf 82' lang='grc' dir='ltr'><strong>ὅτι</strong></span> <span class='ocrx_word' id='word_1_783' title='bbox 3294 4729 3392 4784; x_wconf 78' lang='grc' dir='ltr'><strong>ὅσα</strong></span> <span class='ocrx_word' id='word_1_784' title='bbox 3449 4727 3666 4803; x_wconf 80' lang='grc' dir='ltr'><strong>ἔχουσι,</strong></span> <span class='ocrx_word' id='word_1_785' title='bbox 3722 4725 3878 4805; x_wconf 76' lang='grc' dir='ltr'><strong>φησὶ,</strong></span> 
     </span>
    </p>
   </div>
   <div class='ocr_carea' id='block_1_109' title="bbox 2230 4814 3876 4900">
    <p class='ocr_par' dir='ltr' id='par_1_109' title="bbox 2230 4814 3876 4900">
     <span class='ocr_line' id='line_1_110' title="bbox 2230 4814 3876 4900; baseline -0.007 -20"><span class='ocrx_word' id='word_1_786' title='bbox 2230 4827 2570 4900; x_wconf 84' lang='grc' dir='ltr'><strong>χαρίσματα,</strong></span> <span class='ocrx_word' id='word_1_787' title='bbox 2605 4821 2674 4878; x_wconf 89' lang='grc' dir='ltr'><strong>δι’</strong></span> <span class='ocrx_word' id='word_1_788' title='bbox 2708 4822 2848 4894; x_wconf 77' lang='grc' dir='ltr'><strong>ὑμᾶς</strong></span> <span class='ocrx_word' id='word_1_789' title='bbox 2880 4822 2970 4877; x_wconf 84' lang='grc' dir='ltr'><strong><em>τὸν</em></strong></span> <span class='ocrx_word' id='word_1_790' title='bbox 3001 4819 3134 4876; x_wconf 85' lang='grc' dir='ltr'><strong>λαὸν</strong></span> <span class='ocrx_word' id='word_1_791' title='bbox 3184 4814 3381 4875; x_wconf 79' lang='grc' dir='ltr'><strong>ἔλαϐον</strong></span> <span class='ocrx_word' id='word_1_792' title='bbox 3411 4819 3546 4874; x_wconf 81' lang='grc' dir='ltr'><strong>αὐτὰ</strong></span> <span class='ocrx_word' id='word_1_793' title='bbox 3597 4815 3686 4872; x_wconf 75' lang='grc' dir='ltr'><strong>’ίνα</strong></span> <span class='ocrx_word' id='word_1_794' title='bbox 3737 4817 3876 4888; x_wconf 82' lang='grc' dir='ltr'><strong>ὑμᾶς</strong></span> 
     </span>
    </p>
   </div>
   <div class='ocr_carea' id='block_1_110' title="bbox 2227 4900 3874 4993">
    <p class='ocr_par' dir='ltr' id='par_1_110' title="bbox 2227 4900 3874 4993">
     <span class='ocr_line' id='line_1_111' title="bbox 2227 4900 3874 4993; baseline -0.006 -24"><span class='ocrx_word' id='word_1_795' title='bbox 2227 4913 2526 4993; x_wconf 81' lang='grc' dir='ltr'><strong>ώφειλῶσι.</strong></span> <span class='ocrx_word' id='word_1_796' title='bbox 2560 4913 2627 4970; x_wconf 88' lang='grc' dir='ltr'><strong>Τί</strong></span> <span class='ocrx_word' id='word_1_797' title='bbox 2658 4912 2748 4966; x_wconf 74' lang='grc' dir='ltr'><strong>οὖν</strong></span> <span class='ocrx_word' id='word_1_798' title='bbox 2790 4909 2871 4965; x_wconf 75' lang='grc' dir='ltr'><strong><em>ἐπ’</em></strong></span> <span class='ocrx_word' id='word_1_799' title='bbox 2929 4909 3152 4972; x_wconf 83' lang='grc' dir='ltr'><strong>ἐκείνοις</strong></span> <span class='ocrx_word' id='word_1_800' title='bbox 3203 4913 3538 4982; x_wconf 84' lang='grc' dir='ltr'><strong>καυχῶνται,</strong></span> <span class='ocrx_word' id='word_1_801' title='bbox 3599 4907 3631 4960; x_wconf 80' lang='grc' dir='ltr'>ἄ</span> <span class='ocrx_word' id='word_1_802' title='bbox 3671 4900 3874 4961; x_wconf 66' lang='grc' dir='ltr'><strong>ἔλαϐον</strong></span> 
     </span>
    </p>
   </div>
   <div class='ocr_carea' id='block_1_111' title="bbox 2228 4995 3879 5072">
    <p class='ocr_par' dir='ltr' id='par_1_111' title="bbox 2228 4995 3879 5072">
     <span class='ocr_line' id='line_1_112' title="bbox 2228 4995 3879 5072; baseline -0.006 -15"><span class='ocrx_word' id='word_1_803' title='bbox 2228 5002 2294 5057; x_wconf 80' lang='grc' dir='ltr'><strong>οὐ</strong></span> <span class='ocrx_word' id='word_1_804' title='bbox 2353 5001 2422 5057; x_wconf 86' lang='grc' dir='ltr'><strong>δι’</strong></span> <span class='ocrx_word' id='word_1_805' title='bbox 2478 5002 2713 5062; x_wconf 78' lang='grc' dir='ltr'><strong>οἰκείους</strong></span> <span class='ocrx_word' id='word_1_806' title='bbox 2770 5001 2994 5066; x_wconf 78' lang='grc' dir='ltr'><strong>πόνους,</strong></span> <span class='ocrx_word' id='word_1_807' title='bbox 3054 4999 3202 5056; x_wconf 80' lang='grc' dir='ltr'><strong><em>ἀλλά</em></strong></span> <span class='ocrx_word' id='word_1_808' title='bbox 3254 4997 3324 5054; x_wconf 83' lang='grc' dir='ltr'><strong>δι’</strong></span> <span class='ocrx_word' id='word_1_809' title='bbox 3393 5000 3553 5072; x_wconf 77' lang='grc' dir='ltr'><strong>ὑμᾶς,</strong></span> <span class='ocrx_word' id='word_1_810' title='bbox 3633 4995 3723 5051; x_wconf 81' lang='grc' dir='ltr'><strong>καὶ</strong></span> <span class='ocrx_word' id='word_1_811' title='bbox 3780 4995 3879 5062; x_wconf 81' lang='grc' dir='ltr'><strong>τήν</strong></span> 
     </span>
    </p>
   </div>
   <div class='ocr_carea' id='block_1_112' title="bbox 2231 5084 3881 5167">
    <p class='ocr_par' dir='ltr' id='par_1_112' title="bbox 2231 5084 3881 5167">
     <span class='ocr_line' id='line_1_113' title="bbox 2231 5084 3881 5167; baseline -0.006 -20"><span class='ocrx_word' id='word_1_812' title='bbox 2231 5093 2384 5164; x_wconf 85' lang='grc' dir='ltr'><strong>ὑμῶν</strong></span> <span class='ocrx_word' id='word_1_813' title='bbox 2417 5091 2688 5166; x_wconf 85' lang='grc' dir='ltr'><strong>σωτηρίαν</strong></span> <span class='ocrx_word' id='word_1_814' title='bbox 2717 5117 2732 5158; x_wconf 77' lang='grc' dir='ltr'><strong><em>ς</em></strong></span> <span class='ocrx_word' id='word_1_815' title='bbox 2766 5115 2794 5142; x_wconf 86' lang='grc'><em>‹‹</em></span> <span class='ocrx_word' id='word_1_816' title='bbox 2826 5086 3036 5158; x_wconf 79' lang='grc' dir='ltr'><strong>Μηδεὶς</strong></span> <span class='ocrx_word' id='word_1_817' title='bbox 3064 5088 3385 5167; x_wconf 81' lang='grc' dir='ltr'><strong>καυχάσθω,</strong></span> <span class='ocrx_word' id='word_1_818' title='bbox 3420 5114 3444 5143; x_wconf 74' lang='grc' dir='ltr'><strong><em>ι</em></strong></span> <span class='ocrx_word' id='word_1_819' title='bbox 3505 5090 3573 5143; x_wconf 78' lang='lat' dir='ltr'><strong><em>&quot;ll</em></strong></span> <span class='ocrx_word' id='word_1_820' title='bbox 3627 5084 3713 5140; x_wconf 77' lang='grc' dir='ltr'><strong>ἐπὶ</strong></span> <span class='ocrx_word' id='word_1_821' title='bbox 3764 5089 3881 5146; x_wconf 86' lang='grc' dir='ltr'><strong>τοῖς</strong></span> 
     </span>
    </p>
   </div>
   <div class='ocr_carea' id='block_1_113' title="bbox 2229 5170 3879 5254">
    <p class='ocr_par' dir='ltr' id='par_1_113' title="bbox 2229 5170 3879 5254">
     <span class='ocr_line' id='line_1_114' title="bbox 2229 5170 3879 5254; baseline -0.007 -18"><span class='ocrx_word' id='word_1_822' title='bbox 2229 5178 2605 5244; x_wconf 84' lang='grc' dir='ltr'><strong>διδασκαλίοις</strong></span> <span class='ocrx_word' id='word_1_823' title='bbox 2629 5179 2714 5253; x_wconf 85' lang='grc' dir='ltr'><strong><em>(οὐ</em></strong></span> <span class='ocrx_word' id='word_1_824' title='bbox 2746 5179 2848 5253; x_wconf 90' lang='grc' dir='ltr'><strong><em>γάρ</em></strong></span> <span class='ocrx_word' id='word_1_825' title='bbox 2877 5199 2931 5233; x_wconf 89' lang='grc' dir='ltr'><strong><em>τι</em></strong></span> <span class='ocrx_word' id='word_1_826' title='bbox 2953 5177 3177 5254; x_wconf 82' lang='grc' dir='ltr'><strong>ἓχουσιν</strong></span> <span class='ocrx_word' id='word_1_827' title='bbox 3225 5178 3384 5233; x_wconf 73' lang='grc' dir='ltr'><strong>αὐτοὶ</strong></span> <span class='ocrx_word' id='word_1_828' title='bbox 3428 5176 3688 5249; x_wconf 72' lang='grc' dir='ltr'><strong>οἷ’κοθεν),</strong></span> <span class='ocrx_word' id='word_1_829' title='bbox 3714 5175 3749 5242; x_wconf 73' lang='grc' dir='ltr'>ἢ</span> <span class='ocrx_word' id='word_1_830' title='bbox 3791 5170 3879 5227; x_wconf 81' lang='grc' dir='ltr'><strong>ἐπὶ</strong></span> 
     </span>
    </p>
   </div>
   <div class='ocr_carea' id='block_1_114' title="bbox 2227 5262 3876 5346">
    <p class='ocr_par' dir='ltr' id='par_1_114' title="bbox 2227 5262 3876 5346">
     <span class='ocr_line' id='line_1_115' title="bbox 2227 5262 3876 5346; baseline -0.007 -21"><span class='ocrx_word' id='word_1_831' title='bbox 2227 5277 2342 5332; x_wconf 90' lang='grc' dir='ltr'><strong>τοῖς</strong></span> <span class='ocrx_word' id='word_1_832' title='bbox 2372 5269 2738 5346; x_wconf 87' lang='grc' dir='ltr'><strong>ἀνθρωπίνοις</strong></span> <span class='ocrx_word' id='word_1_833' title='bbox 2766 5267 3083 5341; x_wconf 77' lang='grc' dir='ltr'><strong>λογισμοῖς.</strong></span> <span class='ocrx_word' id='word_1_834' title='bbox 3137 5267 3213 5325; x_wconf 84' lang='grc' dir='ltr'><strong><em>Ού</em></strong></span> <span class='ocrx_word' id='word_1_835' title='bbox 3265 5268 3367 5344; x_wconf 71' lang='grc' dir='ltr'><strong>γὰρ</strong></span> <span class='ocrx_word' id='word_1_836' title='bbox 3418 5263 3531 5322; x_wconf 70' lang='grc' dir='ltr'><strong>ἔστι</strong></span> <span class='ocrx_word' id='word_1_837' title='bbox 3582 5263 3651 5320; x_wconf 82' lang='grc' dir='ltr'><strong>δι’</strong></span> <span class='ocrx_word' id='word_1_838' title='bbox 3697 5262 3876 5316; x_wconf 78' lang='grc' dir='ltr'><strong>αὐτῶν</strong></span> 
     </span>
    </p>
   </div>
   <div class='ocr_carea' id='block_1_115' title="bbox 2228 5350 3878 5430">
    <p class='ocr_par' dir='ltr' id='par_1_115' title="bbox 2228 5350 3878 5430">
     <span class='ocr_line' id='line_1_116' title="bbox 2228 5350 3878 5430; baseline -0.007 -13"><span class='ocrx_word' id='word_1_839' title='bbox 2228 5356 2557 5418; x_wconf 78' lang='grc' dir='ltr'><strong>καταλαϐεῖν</strong></span> <span class='ocrx_word' id='word_1_840' title='bbox 2612 5360 2711 5428; x_wconf 76' lang='grc' dir='ltr'><strong>τήν</strong></span> <span class='ocrx_word' id='word_1_841' title='bbox 2794 5355 3080 5428; x_wconf 73' lang='grc' dir='ltr'><strong>ἀλήθειαν,</strong></span> <span class='ocrx_word' id='word_1_842' title='bbox 3147 5355 3361 5430; x_wconf 76' lang='grc' dir='ltr'><strong>μᾶλλον</strong></span> <span class='ocrx_word' id='word_1_843' title='bbox 3418 5354 3474 5412; x_wconf 74' lang='grc' dir='ltr'><strong><em>δὲ</em></strong></span> <span class='ocrx_word' id='word_1_844' title='bbox 3533 5359 3568 5425; x_wconf 81' lang='grc' dir='ltr'>ἡ</span> <span class='ocrx_word' id='word_1_845' title='bbox 3623 5350 3878 5424; x_wconf 84' lang='grc' dir='ltr'><strong>ἀνωτέρω</strong></span> 
     </span>
    </p>
   </div>
   <div class='ocr_carea' id='block_1_116' title="bbox 2231 5442 3882 5525">
    <p class='ocr_par' dir='ltr' id='par_1_116' title="bbox 2231 5442 3882 5525">
     <span class='ocr_line' id='line_1_117' title="bbox 2231 5442 3882 5525; baseline -0.006 -18"><span class='ocrx_word' id='word_1_846' title='bbox 2231 5448 2437 5525; x_wconf 76' lang='grc' dir='ltr'><strong>ἐκδοχὴ</strong></span> <span class='ocrx_word' id='word_1_847' title='bbox 2470 5447 2559 5503; x_wconf 83' lang='grc' dir='ltr'><strong>καὶ</strong></span> <span class='ocrx_word' id='word_1_848' title='bbox 2607 5451 2674 5519; x_wconf 82' lang='grc' dir='ltr'><strong>τῇ</strong></span> <span class='ocrx_word' id='word_1_849' title='bbox 2734 5445 2874 5517; x_wconf 79' lang='grc' dir='ltr'><strong>λέξει</strong></span> <span class='ocrx_word' id='word_1_850' title='bbox 2933 5451 3032 5503; x_wconf 79' lang='grc' dir='ltr'><strong>τοῦ</strong></span> <span class='ocrx_word' id='word_1_851' title='bbox 3098 5447 3313 5524; x_wconf 85' lang='grc' dir='ltr'><strong>χωρίου</strong></span> <span class='ocrx_word' id='word_1_852' title='bbox 3373 5446 3463 5502; x_wconf 84' lang='grc' dir='ltr'><strong>καὶ</strong></span> <span class='ocrx_word' id='word_1_853' title='bbox 3519 5449 3636 5507; x_wconf 89' lang='grc' dir='ltr'><strong>τοῖς</strong></span> <span class='ocrx_word' id='word_1_854' title='bbox 3693 5442 3882 5521; x_wconf 76' lang='grc' dir='ltr'><strong><em>ἐφεξῆς</em></strong></span> 
     </span>
    </p>
   </div>
   <div class='ocr_carea' id='block_1_117' title="bbox 2233 5536 2804 5618">
    <p class='ocr_par' dir='ltr' id='par_1_117' title="bbox 2233 5536 2804 5618">
     <span class='ocr_line' id='line_1_118' title="bbox 2233 5536 2804 5618; baseline -0.005 -20"><span class='ocrx_word' id='word_1_855' title='bbox 2233 5541 2323 5598; x_wconf 74' lang='grc' dir='ltr'><strong>ἔστ</strong></span> <span class='ocrx_word' id='word_1_856' title='bbox 2332 5562 2374 5596; x_wconf 94' lang='grc' dir='ltr'><strong><em>ιν</em></strong></span> <span class='ocrx_word' id='word_1_857' title='bbox 2407 5537 2540 5618; x_wconf 70' lang='grc' dir='ltr'><strong>ἐφαρ</strong></span> <span class='ocrx_word' id='word_1_858' title='bbox 2549 5536 2804 5612; x_wconf 87' lang='grc' dir='ltr'><strong>μόζνυσα.</strong></span> 
     </span>
    </p>
   </div>
  </div>
