4198 6200
319 308 435 366 681

395 443 580 496 Πάντα
681 443 786 519 γάρ
863 441 1019 515 ὑμῶν
1095 440 1257 511 ἐστιν,
1334 441 1439 499 εἴτε
1528 441 1766 510 Ηαῦλος,

322 527 643 596 Ἀπολλὼς,
711 529 818 585 εἴτε
886 536 1097 611 Κηφᾶς,
1167 530 1272 588 εἴτε
1361 533 1593 606 κόσμος,
1661 531 1769 588 εἴτε
1835 532 1973 600 ζωὴ,

322 619 432 674 εἴτε
531 620 786 690 θάνατος,
890 618 997 675 εἴτε
1102 619 1381 691 ἐνεστῶτα,
1489 619 1596 676 εἷ’τε
1676 617 1972 694 μέλλοντα,

320 711 494 765 πάντα
567 708 720 783 ὑμῶν
796 709 960 781 ἐστιν,
1042 710 1198 784 ὑμεῖς
1274 707 1332 766 δε
1405 714 1671 784 Χριστοῦ,
1738 707 1977 784 Χριστὸς

323 795 382 853 δὲ
410 802 568 857 Θεοῦ.

398 886 575 943 Πάλιν
632 889 822 945 ἑαυτὸν
882 889 972 945 καί
1022 888 1224 966 Πέτρον
1281 892 1372 947 καὶ
1433 889 1694 949 Ἀπολλῶ
1750 888 1977 958 τέθεικε,

322 978 453 1040 τοὺς
514 974 879 1042 διδασκάλους
936 978 1115 1035 αὐτῶν
1171 979 1562 1055 αἰνιττόμενος,
1629 976 1837 1042 δεικνὺς
1892 978 1978 1033 ὅτι

322 1066 415 1123 καὶ
443 1067 762 1144 χαρίσματα
800 1066 872 1123 δι’
928 1069 1128 1132 αὐτοὺς
1183 1067 1524 1148 εἷλήφεισαν,
1575 1069 1666 1124 καὶ
1723 1064 1980 1123 διδάσκα-

323 1153 418 1211 λοι
455 1151 863 1231 προϐέϐληντο.
897 1159 1074 1216 Τοῦτο
1110 1156 1168 1214 δὲ
1200 1156 1406 1237 σφόδρα
1447 1160 1537 1214 τὸν
1565 1162 1673 1214 τῶν
1724 1153 1981 1211 διδασκά-

322 1243 438 1300 λων
467 1250 633 1323 τῦιρον
661 1252 929 1320 καθαιρεῖ.
998 1249 1228 1306 Ἔπειτα
1276 1248 1495 1303 κάκεῖνο
1549 1245 1979 1320 παρασημαίνει,

322 1334 389 1391 Εἰ
417 1333 549 1410 ἐγὼ,
583 1336 738 1413 φησὶ,
769 1336 860 1391 καὶ
892 1339 1085 1410 Κηφᾶς
1114 1337 1206 1391 καὶ
1254 1336 1545 1397 ’Λπολλὼς
1599 1336 1749 1409 ὑμῶν
1800 1333 1977 1407 ἐσμεν,

323 1422 510 1502 σχολῇ
542 1425 593 1502 γ’
623 1422 683 1479 ἄν
717 1424 771 1479 οἱ
802 1422 1125 1481 διδάσκαλοι
1161 1427 1313 1500 ὑμῶν
1365 1424 1603 1504 ὢιρειλον
1657 1423 1795 1501 μέγα
1845 1443 1980 1503 ιρρο-

322 1520 456 1572 νεῖν.
500 1541 526 1565 ‹‹
560 1513 687 1572 Εἴτε
726 1514 956 1588 κόσμος.
989 1540 1018 1567 ››
1072 1517 1174 1573 Καὶ
1246 1516 1429 1588 αὐτὸς,
1489 1516 1678 1593 φησὶν,
1709 1515 1737 1570 ὁ
1769 1514 1981 1587 κόσμος

322 1600 417 1656 καὶ
444 1603 480 1671 ἡ
519 1604 658 1671 ζωὴ,
691 1599 763 1656 δι’
794 1603 935 1676 ὑμάς
987 1601 1099 1659 ἐστι
1153 1604 1244 1658 καὶ
1298 1602 1506 1679 γέγονε,
1561 1601 1650 1658 καὶ
1683 1602 1711 1656 ὁ
1753 1603 1980 1666 θάνατος

324 1690 492 1751 αὑτὸς
533 1690 670 1767 πρὸς
729 1693 1112 1770 σωφρονισμὸν
1171 1689 1388 1769 γέγονεν
1451 1690 1730 1766 ὑμέτερον.
1793 1716 1821 1743 ‹‹
1855 1688 1981 1746 Εἴτε

1308 308 1718 372 ΟΟΜΜΕΝΤ.
1761 307 1842 369 ΙΝ
1887 304 2137 368 EPIST.
2184 309 2212 367 Ι
2254 309 2361 368 AD
2405 308 2777 371 CORINTH.

1869 436 1980 496 εἷ’τε
2004 444 2058 511 Α

3607 313 3727 376 682

2156 443 2255 508 Ill,
2284 442 2375 508 22,
2399 444 2489 498 23.
2521 444 2720 501 Omnia
2765 446 2908 501 enim
2954 455 3133 503 vestra
3166 453 3313 512 sunt,
3361 450 3473 503 sive
3501 451 3729 518 Paulus,

2080 532 2192 586 sive
2219 530 2469 601 Apollas,
2525 535 2636 589 sive
2692 534 2922 605 Cephas.
2978 537 3090 591 sive
3137 537 3390 601 mundus,
3422 537 3535 593 sive
3589 539 3729 608 vita,

2082 622 2194 675 sive
2222 636 2386 689 mors,
2418 623 2530 676 sive
2561 622 2884 692 praesentia,
2941 626 3052 679 sive
3095 629 3313 694 futura.
3375 627 3592 695 Omnia,
3640 631 3733 683 in-

2083 723 2271 777 quam,
2302 716 2484 765 vestra
2511 717 2657 779 sunt,
2697 728 2791 767 vos
2820 719 3004 768 autem
3033 714 3258 786 Christi,
3311 713 3559 772 Christus
3607 733 3735 772 vero

2085 799 2203 853 Dei.

2156 887 2413 941 Rursum
2448 887 2711 959 seipsum
2743 894 2801 943 et
2842 888 3080 945 Petrum
3134 907 3202 946 ac
3256 892 3467 964 Apollo
3515 892 3735 964 posuit,

2084 972 2357 1029 doctores
2388 991 2595 1031 eorum
2627 976 2946 1049 designans
2973 994 2987 1032 :
3010 980 3333 1035 ostendens
3358 981 3517 1053 quod
3555 982 3735 1037 etiam

2085 1062 2242 1118 dona
2271 1069 2515 1135 prepter
2545 1064 2705 1136 ipsos
2736 1067 3109 1139 accepissent
3137 1073 3197 1123 et
3240 1069 3511 1125 doctores
3551 1069 3734 1126 creati

2084 1158 2305 1207 essent.
2336 1153 2455 1207 Hoc
2483 1158 2681 1209 autem
2712 1154 2932 1210 fastum
2960 1172 3167 1211 eorum
3197 1158 3584 1215 vehementer
3631 1160 3737 1214 de-

2083 1240 2308 1311 primit.
2343 1241 2566 1295 Deinde
2599 1241 2749 1297 illud
2782 1260 3019 1315 quoque
3046 1245 3377 1318 signiﬁcat:
3415 1246 3472 1302 Si
3496 1263 3624 1319 ego,
3653 1247 3739 1301 in-

2084 1328 2231 1400 quit,
2262 1334 2321 1383 et
2363 1329 2589 1400 Cephas
2641 1336 2697 1384 et
2752 1332 2990 1402 Apollos
3036 1333 3213 1388 vestri
3263 1350 3489 1402 sumus,
3549 1334 3738 1391 multo

2082 1417 2281 1472 minus
2305 1434 2445 1474 sane
2470 1419 2755 1475 deberent
2776 1421 3047 1479 doctores
3064 1424 3240 1480 vestri
3262 1425 3473 1481 cristas
3488 1426 3736 1498 erigere.

2081 1528 2109 1555 «
2144 1507 2270 1562 Sive
2305 1508 2584 1564 mundus.
2618 1528 2645 1562 ιι
2680 1511 2811 1581 Ipse
2836 1528 3074 1583 quoque
3101 1514 3361 1569 mundus
3382 1519 3442 1570 et
3456 1515 3577 1570 vita
3599 1532 3736 1588 pro-

2081 1601 2212 1668 pter
2239 1615 2340 1653 vos
2371 1604 2532 1666 sunt,
2566 1615 2633 1655 ac
2665 1600 2906 1658 condita
2938 1608 3113 1658 sunt:
3147 1603 3231 1659 ita
3276 1620 3441 1660 mors
3485 1607 3615 1677 ipsa
3660 1603 3738 1660 ad

2079 1693 2333 1743 vestram
2353 1687 2511 1744 facta
2535 1694 2625 1744 est
2647 1691 3120 1764 castigationem.
3146 1715 3175 1743 «
3197 1693 3324 1749 Sive
3348 1695 3688 1766 prmsentia.
3710 1716 3740 1745 »

326 1777 613 1837 ἐνεστῶτα.
671 1800 701 1832 ι
764 1780 1008 1835 Δείκνυσι
1065 1781 1238 1837 πάντα
1304 1778 1376 1836 δι’
1462 1780 1659 1842 αὐτοὺς
1716 1779 1980 1855 γενόμενα

2091 1778 2361 1833 Ostendit
2381 1784 2596 1835 cuncta
2611 1785 2853 1853 propter
2873 1781 3036 1852 ipsos
3058 1784 3214 1837 tacta
3244 1788 3465 1849 esse,et
3486 1799 3744 1855 praesen-

320 1869 414 1923 καὶ
444 1868 511 1923 τὰ
549 1866 818 1924 ἐνεστῶτα
846 1870 933 1925 καὶ
967 1870 1035 1925 τά
1096 1868 1397 1944 μέλλοντα.
1456 1894 1477 1924 ι
1512 1869 1687 1926 Πάντα
1741 1868 1912 1942 ὑμῶν.
1948 1892 1979 1921 ››

319 1959 415 2021 Ὦς
461 1956 760 2033 εὐεργεσίαι
813 1959 905 2014 καὶ
963 1956 1213 2034 δωρεαίι.
1250 1964 1485 2033 «Ὑμεῖς
1547 1955 1605 2013 δὲ
1659 1960 1913 2033 Χριστοῦ.
1948 1980 1976 2010 ι)

318 2047 418 2109 Ὦς
474 2049 730 2120 κτήματα
786 2049 873 2102 καὶ
935 2049 1241 2118 ποιήματα.
1301 2047 1592 2123 «Χριστὸς
1646 2044 1703 2102 δὲ
1760 2050 1978 2103 Θεοῦ.»

320 2137 417 2199 Ὡς
444 2136 686 2212 γέννημα
714 2136 804 2192 καὶ
844 2136 987 2199 Υἱός.
1031 2134 1227 2201 Καλῶς
1285 2134 1343 2192 δὲ
1400 2141 1564 2192 τοῦτο
1621 2135 1977 2212 προσέθηκεν.

320 2222 552 2296 Ἐπειδὴ
596 2226 701 2301 γὰρ
761 2228 899 2281 eius.“
960 2250 988 2278 «
1044 2225 1225 2282 Πάντα
1280 2226 1455 2299 ὑμῶν,
1520 2225 1675 2299 ὑμεῖς
1732 2222 1791 2279 δὲ
1847 2225 1979 2297 Χρι-

322 2312 639 2385 στοῦ,››’ίνα
667 2316 742 2388 μὴ
779 2315 1004 2376 στάντος
1060 2313 1224 2370 αὑτοῦ
1272 2313 1515 2385 ἐνταῦθα,
1557 2314 1844 2392 ἀγέννητον
1889 2312 1980 2367 καὶ

315 2402 558 2463 ἀναίτιον
604 2404 875 2477 νομίσωσι
919 2403 1009 2458 τὸν
1061 2403 1211 2475 Υἱὸν,
1259 2402 1526 2481 ἰπήγαγε·
1584 2426 1613 2455 (ι
1645 2403 1883 2478 Χριστὸς
1922 2398 1980 2456 δὲ

316 2496 477 2548 Θεοῦ.
518 2517 539 2543 ι
573 2491 697 2568 Οὐχ
753 2492 830 2554 ὠς
888 2495 1054 2567 ἡμεῖς
1107 2494 1365 2568 Χριστοῦ,
1427 2492 1606 2555 οὓτως
1663 2493 1692 2548 ὁ
1749 2491 1979 2567 Χριστὸς

316 2586 488 2651 Θεοῦ,
534 2583 723 2659 ἄπαγε.
777 2581 932 2639 ζΑλλ⁹
989 2585 1158 2656 ἡμεῖς
1218 2583 1314 2658 μὲν
1367 2585 1626 2657 Χριστοῦ,
1687 2584 1762 2641 ὡς
1820 2580 1976 2658 ἔργον

320 2667 481 2734 ὄντες
513 2671 683 2727 αὑτοῦ
712 2672 804 2727 καὶ
855 2671 1092 2747 ποίημα·
1147 2674 1203 2728 Ὀ
1263 2670 1320 2728 δὲ
1374 2673 1606 2749 Χριστὸς
1665 2677 1762 2727 τοῦ
1819 2676 1974 2742 Θεοῦ,

323 2761 405 2823 ὡς
467 2761 802 2837 προαιώνιον
848 2762 1090 2836 γέννημα
1144 2762 1233 2817 καὶ
1294 2761 1436 2833 Υἱὸς,
1525 2761 1613 2818 καὶ
1665 2762 1741 2824 ὡς
1799 2760 1976 2817 αἰτίαν

316 2848 473 2925 ἔχων
500 2851 595 2904 τὸν
624 2848 854 2924 Πατέρα.

394 2937 589 2998 Οὕτως
642 2939 792 3012 ἡμᾶς
850 2939 1157 3016 λογιζέσθω
1252 2939 1558 3017 ἃνθρωπος,
1620 2943 1695 3003 ὡς
1771 2939 1973 3012 ὑπηρέ-

312 3049 418 3090 τας
488 3028 747 3103 Χριστοῦ,
814 3028 904 3084 καὶ
984 3028 1311 3104 οἷκονόμους
1411 3031 1725 3105 μυστηρίων
1816 3027 1974 3087 Θεοῦ.

310 3118 380 3175 ’Ὁ
448 3113 506 3172 δὶ
582 3116 779 3172 λοιπὸν
856 3124 1096 3189 ζητεῖται
1174 3118 1226 3174 ἐν
1303 3125 1420 3182 τοῖς
1496 3119 1813 3192 οἰκονόμοις
1880 3117 1974 3173 ’ίνα

313 3203 516 3265 πιστός
571 3224 655 3266 τις
714 3202 929 3280 εὑρεθῇ.
989 3206 1149 3278 Ἐμοὶ
1213 3203 1271 3261 δὲ
1327 3204 1405 3260 εἷς
1461 3203 1754 3282 ἐλάχιστόν
1807 3202 1973 3274 ἐστιν,

310 3291 386 3347 ἵν’
451 3292 543 3367 ἀφ’
600 3292 753 3366 ὑμῶν
807 3292 1104 3370 ἀνακριθῶ,
1161 3294 1197 3365 ἢ
1258 3294 1362 3349 ὑπὸ
1412 3294 1762 3370 ἀνθρωπίνης
1833 3294 1977 3366 ἠμέ-

314 3407 443 3462 ρες.
521 3383 678 3442 Ἀλλ’
752 3383 878 3440 οὑδὶ
950 3383 1182 3460 ἐμαυτὸν
1259 3384 1543 3460 ἀνακρίνω.
1630 3380 1797 3440 Οὐδὲν
1872 3383 1977 3458 γὰρ

310 3476 544 3547 ἐμαυτῷ
574 3470 817 3531 σύνοιδα.
864 3473 1023 3531 Ἀλλ’
1084 3472 1185 3529 οὑκ
1249 3472 1302 3529 ἐν
1354 3472 1537 3545 τούτῳ
1593 3468 1973 3545 δεδικαίωμαι.

307 3565 373 3622 Ὁ
413 3560 474 3618 δὲ
506 3561 803 3638 ἀνακρίνων
836 3584 904 3637 με
933 3562 1133 3640 Κύριός
1164 3562 1325 3619 ἐστιν.

383 3652 568 3723 ’Πμᾶς
632 3649 823 3727 κέγων,
873 3652 1001 3714 τοὺς
1060 3652 1187 3727 παρ’
1230 3650 1415 3714 αὑτοῖς
1472 3648 1832 3713 διδασκάλους
1890 3651 1975 3705 αἰ-

308 3739 584 3799 νίττεται.
618 3763 647 3793 ιι
674 3745 763 3804 Ὡς
810 3740 1078 3817 ὑπηρέτας
1122 3744 1382 3816 Χριστοῦ.
1417 3766 1440 3796 ι
1496 3738 1723 3810 Ἐπειδή
1771 3736 1978 3820 σφόδρα

310 3823 724 3899 κατεϐεϐλήκει
780 3831 908 3892 τοὺς
967 3828 1349 3899 διδασκάλους,
1423 3835 1515 3885 νῦν
1594 3828 1776 3907 ἠρέμα
1848 3830 1981 3904 ὑψοῖ

314 3915 546 3988 αὐτοὺς,
599 3917 870 3989 ὑπηρέτας
931 3923 1171 3994 Χριστοῦ
1228 3918 1413 3975 καλῶν
1480 3921 1569 3974 καὶ
1627 3918 1976 3991 οἰκονόμους.

313 4007 512 4077 Πλην,
547 4008 732 4084 φησὶν,
766 4007 812 4062 εἰ
840 4008 931 4063 καὶ
955 4000 967 4015 ’
990 4009 1164 4072 οὕτως
1216 4008 1385 4079 ἐστὶν,
1435 4006 1613 4071 οὐδεὶς
1659 4010 1751 4065 τὸν
1792 4005 1980 4064 δεσπό-

314 4119 433 4168 την
492 4095 667 4174 ἀφεὶς,
727 4096 834 4152 ἀπὸ
889 4102 998 4153 τῶν
1056 4099 1338 4174 ὑπηρετῶν
1401 4098 1746 4171 ὀνομάζεται.
1806 4122 1835 4150 ‹‹
1876 4097 1978 4155 Καὶ

320 4185 691 4257 οἰκονόμους.
725 4210 753 4238 ››
793 4186 1134 4260 Οἰκονόμους
1186 4186 1501 4262 μυστηρίων
1542 4186 1720 4256 καλεῖ,
1770 4183 1979 4249 δεικνὺς

317 4274 410 4331 ὅτι
473 4273 538 4329 οὗ
596 4275 755 4330 παντί
832 4274 1024 4338 ἁπλῶς
1083 4272 1165 4331 δεῖ
1217 4276 1478 4354 παρέχειν
1558 4275 1626 4330 τὰ
1685 4277 1981 4348 μυστήρια,

315 4362 479 4420 ἀλλὰ
503 4368 617 4424 τοῖς
649 4364 843 4434 ἀξίοις.
878 4388 905 4416 ‹‹
948 4366 1064 4421 Ἵνα
1092 4365 1283 4426 πιστός
1312 4384 1398 4426 τις
1430 4360 1646 4439 εὑρεθῇ,
1679 4387 1709 4415 ››
1762 4362 1979 4429 Πιστὸς,

317 4452 520 4528 φησὶν,
554 4446 786 4528 ὤφειλεν
856 4454 995 4508 εἶναι
1052 4455 1080 4508 ὁ
1138 4452 1452 4526 οἰκονόμος,
1502 4451 1593 4507 καὶ
1642 4451 1718 4525 μὴ
1762 4452 1830 4505 τά
1885 4447 1981 4505 τοῦ

2085 1867 2169 1921 tia
2192 1871 2252 1921 et
2273 1867 2495 1923 futura.
2514 1890 2543 1919 ‹‹
2568 1869 2781 1925 Omnia
2800 1876 2995 1926 vestra
3020 1876 3181 1940 sunt,
3207 1893 3235 1921 »
3260 1877 3543 1943 tanquam
3565 1872 3745 1928 bene-

2085 1955 2220 2010 ficia
2250 1960 2310 2010 et
2337 1956 2514 2012 dona.
2543 1980 2572 2007 «
2606 1958 2720 2013 Vos
2741 1964 2941 2015 autem
2968 1959 3208 2029 Christi,
3238 1982 3265 2010 κ
3284 1965 3569 2032 tanquam
3584 1977 3743 2017 crea-

2085 2051 2232 2100 turae
2264 2051 2324 2099 et
2350 2063 2550 2118 opera.
2613 2070 2640 2097 ‹‹
2674 2048 2946 2104 Christus
3001 2066 3138 2104 vero
3200 2049 3325 2118 Dei,
3360 2072 3389 2100 ››
3450 2056 3737 2123 tanquam

2084 2150 2330 2206 germen
2359 2152 2426 2190 ac
2456 2134 2661 2191 Filius.
2690 2136 2942 2192 Pulchre
2961 2143 3161 2193 autem
3182 2138 3294 2193 hoc
3319 2138 3549 2195 addidit
3568 2156 3581 2206 ;
3598 2155 3740 2210 quo-

2083 2226 2243 2281 niam
2275 2226 2435 2281 enim
2467 2226 2697 2283 dixerat
2724 2244 2737 2283 :
2772 2251 2801 2279 ‹‹
2836 2229 3047 2284 Omnia
3074 2236 3268 2285 vestra
3298 2236 3458 2297 sunt,
3488 2247 3590 2287 vos
3633 2247 3740 2287 au-

2086 2320 2204 2370 tem
2235 2315 2452 2371 Christi
2480 2330 2495 2384 ;
2524 2337 2549 2368 ι
2578 2333 2652 2371 ne
2685 2317 2731 2371 si
2764 2316 2847 2371 ibi
2879 2317 3091 2389 pedem
3124 2319 3371 2388 ﬁxisset,
3403 2319 3615 2375 Filium
3648 2320 3740 2376 in-

2084 2404 2349 2475 genitum
2373 2421 2440 2459 ac
2473 2405 2599 2459 sine
2627 2405 2923 2477 principio
2948 2406 3698 2480 existimarent,subjunxit
3726 2425 3740 2464 :

2085 2513 2110 2545 ι
2144 2494 2415 2550 Christus
2445 2510 2582 2549 vero
2613 2494 2742 2551 Dei.
2768 2515 2796 2543 η
2829 2496 2955 2549 Non
2986 2501 3187 2551 autem
3218 2496 3486 2553 Christus
3526 2499 3607 2554 ita
3635 2499 3740 2555 Dei

2081 2590 2171 2638 est
2200 2588 2266 2638 ut
2297 2600 2407 2638 nos
2438 2583 2677 2638 Christi.
2709 2582 2879 2639 Absit
2908 2583 2921 2639 Ι
2957 2585 3062 2639 sed
3087 2600 3199 2640 nos
3228 2586 3472 2657 quidem
3517 2588 3735 2644 Christi

2083 2687 2308 2739 sumus,
2337 2677 2619 2743 tanquam
2651 2688 2801 2743 opus
2830 2677 2889 2727 et
2918 2672 3148 2727 factura
3206 2674 3415 2745 ipsius.
3468 2674 3734 2731 Christus

2081 2779 2215 2818 vero
2243 2763 2344 2817 Dei
2367 2768 2769 2833 est,tanquam
2788 2779 3030 2834 germen
3052 2769 3188 2818 ante
3213 2764 3501 2819 saeculaet
3517 2764 3727 2835 Filius,

2082 2857 2142 2906 et
2170 2858 2455 2922 tanquam
2487 2853 2725 2906 Patrem
2754 2850 2982 2906 habens
3014 2851 3399 2924 principium.

2151 2942 2241 2995 IV.
2279 2943 2395 2994 1-4.
2428 2942 2519 2996 Sic
2537 2956 2634 2995 nos
2663 2941 2934 2995 existimet
2961 2940 3121 2994 homo
3153 2947 3419 3010 tanquam
3446 2941 3732 3002 ministros

2081 3029 2307 3097 Christi,
2341 3035 2393 3083 et
2421 3029 2824 3101 dispensatores
2851 3031 3237 3098 mysteriorum
3266 3032 3383 3087 Dei.
3442 3032 3599 3097 Quod
3640 3049 3738 3087 su—

2007 3163 2050 3229 c
2073 3126 2258 3190 perest
2288 3125 2492 3185 autem,
2523 3117 2668 3173 illud
2693 3118 3006 3188 requiritur
3033 3121 3092 3173 in
3142 3119 3639 3191 dispensatoribus,
3672 3129 3736 3178 ut

2085 3208 2227 3278 ﬁdus
2273 3207 2477 3277 aliquis
2533 3208 2870 3262 inveniatur.
2920 3208 3059 3263 Mihi
3112 3225 3241 3264 vero
3287 3210 3737 3282 indignissimum

2085 3298 2328 3364 videtur,
2375 3303 2502 3365 uta
2529 3296 2679 3351 vobis
2731 3296 3028 3366 dijudicer,
3070 3305 3169 3352 aut
3224 3299 3293 3352 ab
3338 3300 3576 3356 humano
3626 3302 3736 3357 die.

2085 3389 2196 3441 imo
2223 3402 2322 3441 nec
2353 3388 2617 3456 meipsum
2658 3382 2927 3455 dijudico.
2962 3386 3178 3441 Nullius
3226 3388 3370 3443 enim
3417 3388 3559 3443 mihi
3608 3406 3740 3445 con-

2085 3475 2230 3531 scius
2257 3491 2397 3542 sum,
2427 3476 2522 3530 sed
2546 3490 2658 3528 non
2684 3474 2751 3529 ob
2800 3474 2861 3528 id
2900 3474 3251 3543 justiﬁcatus‘
3284 3491 3423 3532 sum.
3478 3480 3741 3535 Caeterum

2085 3565 2184 3635 qui
2212 3564 2489 3634 dijudicat
2518 3579 2602 3618 me
2636 3563 2901 3617 Dominus
2931 3569 3030 3618 est.

2160 3652 2417 3709 Dicendo
2443 3672 2470 3705 ιι
2500 3653 2634 3719 Nos,
2669 3674 2690 3701 ι
2728 3650 2997 3724 designat
3024 3651 3318 3720 doctores,
3348 3654 3449 3724 qui
3481 3654 3637 3725 apud
3668 3656 3735 3709 il-

2087 3744 2177 3800 los
2199 3748 2389 3799 erant.
2415 3764 2443 3792 «
2467 3743 2769 3812 Tanquam
2791 3740 3101 3796 ministros
3113 3741 3387 3796 Christi.»
3410 3744 3558 3797 447
3582 3744 3738 3807 Quo-

2087 3836 2247 3891 niam
2271 3833 2656 3889 vehementer
2684 3830 2955 3885 doctores
2982 3845 3186 3884 eorum
3218 3828 3533 3900 dejecerat,
3576 3846 3737 3886 nunc

2088 3923 2312 3980 sensim
2336 3922 2497 3992 ipsos
2519 3918 2759 3984 exaltat,
2781 3917 2996 3973 Christi
3019 3916 3325 3972 ministros
3346 3918 3655 3990 appellans
3677 3925 3738 3974 et

2087 4013 2549 4084 dispensatores.
2585 4010 2859 4067 Attamen
2892 4006 3034 4059 licet
3060 4004 3145 4059 ita
3173 4006 3268 4071 sit,
3301 4007 3514 4079 inquit,
3536 4008 3737 4065 nullus

2086 4101 2296 4157 relicto
2316 4097 2561 4154 Domino
2578 4094 2914 4151 aministris
2927 4110 3133 4149 nomen
3145 4095 3379 4167 accipit.
3389 4118 3416 4145 ‹‹
3429 4098 3743 4169 Etdispen-

2090 4197 2317 4248 satores
2338 4207 2352 4256 ;
2375 4210 2404 4237 ››
2427 4184 2847 4258 mysteriorum
2874 4188 3042 4238 vocat
3061 4183 3524 4256 dispensatores,
3541 4192 3743 4242 osten-

2090 4281 2237 4335 dens
2251 4276 2409 4349 quod
2424 4291 2545 4329 non
2564 4273 2748 4329 cuivis
2768 4272 3362 4346 simpliciteroportet
3376 4276 3607 4332 tradere
3620 4293 3744 4348 my-

2091 4368 2290 4435 steria,
2312 4364 2417 4422 sed
2438 4363 2654 4437 dignis.
2680 4384 2709 4412 ‹‹
2736 4362 2809 4418 Ut
2828 4361 3025 4418 ﬁdelis
3039 4364 3334 4436 quispiam
3352 4365 3744 4430 inveniatur,»

2091 4457 2329 4524 Fidelis,
2356 4454 2572 4525 inquit,
2598 4451 2842 4507 deberet
2862 4469 2992 4508 esse
3019 4451 3530 4525 dispensator,nec
3547 4455 3744 4511 dicere

317 4542 610 4597 Δεσπὸτου
631 4539 752 4597 tam
782 4540 958 4618 λέγειν
987 4545 1142 4612 εἶναι,
1190 4540 1317 4597 ἀλλ’
1350 4542 1424 4604 ὡς
1463 4539 1756 4614 οἷκονόμος
1797 4538 1980 4595 διακο·

2095 4562 2201 4601 sua
2231 4559 2359 4601 esse
2391 4560 2523 4614 qua:
2555 4541 2786 4597 Domini
2833 4545 2990 4606 sunt,
3023 4541 3126 4596 sed
3158 4547 3439 4613 tanquam
3472 4544 3748 4598 minister

315 4637 462 4689 νεῖν.
500 4632 596 4686 Καὶ
626 4633 799 4708 ταύτῃ
832 4631 890 4688 δὲ
918 4632 1010 4688 τὸν
1040 4638 1209 4708 τῦφον
1240 4633 1416 4688 αὐτῶν
1448 4626 1808 4689 καταϐάλλει.

398 4722 615 4794 [ΦΩΤ.]
647 4724 822 4777 Τοῦτο
852 4722 959 4799 γάρ
990 4721 1123 4795 ἐστι,
1194 4722 1349 4800 φησί,
1396 4722 1458 4776 τὸ
1518 4721 1846 4794 ζητούμενον
1895 4719 1983 4775 καὶ

319 4808 562 4888 ὀφεῖλον
611 4811 768 4866 παντὶ
826 4812 1016 4886 τρόπῳ
1066 4809 1426 4889 φυλάττεσθαι
1483 4809 1632 4885 παρά
1683 4814 1791 4865 τῶν
1837 4807 1987 4865 οἷκο-

317 4900 543 4973 νόμων,
577 4900 640 4954 τὸ
670 4899 898 4963 πιστοὺς
930 4900 1087 4972 εἶναι,
1116 4900 1209 4954 καὶ
1243 4896 1516 4974 ὑπηρέτας
1562 4900 1816 4973 ἡγεῖσθαι
1864 4899 1988 4953 ἑαυ-

323 4988 492 5056 τοὺς,
526 4986 732 5061 καὶμὴ
777 4986 1157 5054 ἰδιοποιεῖσθαι
1195 4988 1286 5043 καὶ
1339 4987 1734 5067 σφετερίζεσθαι
1781 4988 1849 5042 τὰ
1894 4991 1992 5042 τοῦ

322 5074 733 5131 Δεσπότού.-
763 5077 832 5132 Ἦ
885 5077 1080 5139 οὓτωςσ
1140 5076 1456 5153 Λογιζέσθω
1513 5076 1662 5148 ἡμᾶς
1712 5072 1995 5149 ἅνθρωπος

317 5166 394 5220 τά
425 5184 491 5219 τε
522 5162 668 5219 ἄλλα
700 5163 834 5243 ἅπερ
860 5167 1036 5238 εἶπον,
1068 5166 1225 5237 οησὶ,
1281 5166 1368 5221 καὶ
1404 5164 1435 5221 ὅ
1466 5162 1662 5220 λοιπὸν
1712 5169 1886 5219 κεῖται
1940 5162 1991 5218 ἐν

318 5260 455 5316 τοῖς
505 5253 843 5327 οἰκονόμοις,
896 5255 1114 5311 κάκεῖνο
1167 5256 1318 5327 ἡμᾶς
1364 5251 1694 5328 λογιζέσθω,
1740 5250 1857 5327 ’ίνᾚ
1888 5252 1994 5307 ἀπὸ

316 5344 520 5397 κοινοῦ
550 5342 637 5412 τὸ,
669 5367 695 5395 ‹‹
732 5341 1066 5417 Λογιζέσθω.
1106 5366 1130 5396 ι
1164 5341 1224 5396 Τί
1252 5340 1309 5397 δέ
1338 5342 1450 5398 ἐστι
1482 5346 1644 5397 τοῦτο
1674 5342 1737 5397 τὸ
1785 5341 1836 5396 έν
1877 5347 1996 5404 τοῖς

322 5430 659 5502 οἰκονόμοις
693 5432 1031 5507 ζητούμενον
1059 5451 1073 5502 ;
1104 5433 1216 5488 Ἰνα
1272 5432 1486 5500 πιστὸς,
1539 5431 1724 5508 φησὶν,
1779 5428 1995 5505 εὑρεθῇ.

320 5519 479 5593 Εἶτα
509 5519 644 5593 πρὸς
687 5518 819 5583 τοὺς
878 5510 1267 5597 ἀνπισχυντεῖν
1325 5518 1630 5591 μέλλοντας
1672 5519 1764 5574 καὶ
1819 5517 2000 5597 λέγειν

325 5606 787 5684 Ξπιχειροῦντας.
821 5611 884 5668 Τί
916 5609 1008 5667 οῦν
1040 5631 1053 5682 ;
1087 5610 1150 5665 σὺ
1175 5612 1431 5671 τοιοῦτος
1480 5609 1563 5678 εἷς
1614 5614 1994 5685 προαπαντῶν,

544 5729 812 5792 ΡΑτειοι..
856 5730 967 5792 GR.
1016 5729 1282 5793 CXVIII.

2097 4635 2462 4706 dispensare.
2496 4633 2565 4685 Et
2593 4631 2705 4686 hoc
2722 4629 2900 4686 modo
2920 4630 3478 4702 deprimitipsorum
3498 4632 3743 4689 fastum.

2170 4725 2286 4779 Hoc
2319 4722 2477 4778 enim
2510 4725 2619 4790 est,
2651 4720 2867 4790 inquit,
2902 4718 3058 4790 quod
3090 4720 3476 4791 quaeritur,et
3499 4723 3743 4778 omnino

2101 4813 2317 4872 servari
2349 4811 2645 4867 debereta
2672 4806 3274 4880 dispensatoribus,ut
3289 4808 3495 4865 ﬁdeles
3524 4818 3746 4879 essent,

2101 4919 2168 4958 ac
2194 4901 2425 4973 seipsos
2454 4897 2713 4953 famulos
2743 4896 3032 4961 dicerent,
3067 4901 3125 4951 et
3154 4913 3275 4951 non
3323 4896 3444 4953 'sibi
3482 4899 3748 4956 vindica-

2101 4997 2236 5047 rent
2264 4995 2367 5045 aut
2395 4986 2850 5060 appropriarent
2880 5001 3010 5056 quas
3043 4987 3277 5043 Domini
3328 4996 3485 5045 sunt.
3538 5021 3601 5032 --
3636 4995 3751 5046 Aut

2102 5080 2200 5136 hoc
2227 5079 2407 5134 modo.
2440 5075 2771 5139 Existimet,
2803 5075 3017 5147 inquit,
3049 5092 3158 5133 nos
3207 5076 3386 5133 homo
3428 5085 3488 5134 et
3537 5088 3752 5136 cmtera

2103 5168 2321 5225 habere
2340 5182 2473 5237 qua:
2491 5164 2610 5219 dixi
2634 5181 2647 5218 :
2672 5170 2730 5219 et
2749 5164 2909 5235 quod
2920 5166 3293 5236 potissimum
3311 5167 3751 5240 dispensatores

2104 5255 2412 5328 contingit,
2440 5254 2620 5310 etiam
2652 5269 2759 5308 nos
2794 5253 3011 5309 habere
3059 5255 3376 5325 existimet,
3407 5263 3475 5314 ut
3514 5276 3549 5315 a
3578 5276 3748 5316 com-

2107 5346 2271 5403 muni
2295 5361 2474 5400 sensu
2504 5348 2826 5414 repetatur.
2869 5365 2896 5392 «
2921 5343 3249 5399 Existimet.
3288 5370 3307 5394 Ι
3345 5347 3496 5412 Quid
3527 5355 3616 5404 est
3643 5365 3754 5405 au-

2106 5442 2226 5493 tem
2248 5435 2363 5490 hoc
2392 5431 2550 5505 quod
2598 5432 2755 5486 inter
2800 5430 3244 5502 dispensatores
3283 5435 3652 5507 requiritur?
3681 5438 3755 5493 Ut

2106 5521 2323 5588 ﬁdelis,
2354 5518 2568 5590 inquit,
2600 5517 2952 5574 inveniatur.
2997 5519 3222 5577 Deinde
3264 5520 3357 5577 his
3404 5522 3507 5593 qui
3554 5524 3755 5593 impu-

2109 5613 2317 5670 dentes
2347 5608 2531 5666 futuri
2564 5612 2732 5665 erant
2751 5625 3007 5680 eumque
3028 5610 3382 5682 aggressuri,
3415 5628 3483 5669 ac
3499 5611 3713 5668 dicturi
3742 5621 3762 5664 :‘

3477 5729 3556 5794 32
