4188 6196
349 260 469 323 685

1343 266 1749 329 COMMENT.
1797 262 1871 327 lN
1920 261 2169 327 EPIST.
2212 261 2236 323 l
2281 260 2387 321 AD
2432 261 2802 325 CORINTH.

3643 267 3764 329 686

351 392 445 447 καὶ
479 393 784 469 φανερώσει
842 394 939 456 τὰς
996 393 1203 471 βουλάς
1260 397 1367 453 τῶν
1424 394 1686 474 καρδιῶν,
1740 395 1832 452 καὶ
1888 394 2002 450 τότε

2126 393 2428 449 illustrabit
2450 394 2797 450 tenebrarum
2817 400 2868 449 et
2881 394 3206 465 propalabit
3225 396 3454 452 consilia
3482 398 3731 455 cordium
3746 417 3768 453 .-

355 482 385 537 ὂ
421 479 637 545 ἔπαινος
669 483 957 558 γενήσεται
989 482 1097 539 ἀπὸ
1127 488 1284 544 Θεοῦ.

433 570 498 628 Εἰ
529 569 621 625 οὖν
652 572 742 627 καὶ
790 573 882 629 τὸν
940 570 1111 648 μηδὲν
1175 574 1350 651 ἑαυτῴ
1407 572 1684 633 συνειδότα
1738 572 1767 631 ὁ
1821 571 2015 649 Κύριος

354 661 553 736 κρίνει,
582 665 715 726 καθὸ
744 661 907 726 αὐτός
939 662 1115 720 ἔπιον
1147 663 1175 720 ὁ
1203 658 1375 728 ὅντως
1418 666 1509 721 καὶ
1540 665 1754 737 ἀληθὴς
1800 663 2014 739 κριτὴς,

355 750 408 805 τί
442 748 510 822 δή
542 771 676 807 ποτε
709 753 863 827 ὑμεῖς
902 752 1108 830 κρίνετε
1161 756 1287 818 τοὺς
1332 751 1605 836 ἀδελφοὺς
1660 753 1855 829 duino;
1910 753 2012 810 Ἦν

357 840 464 917 γάρ
495 840 774 897 καὶτοῦτο
815 844 945 921 παρ’
1002 844 1188 908 αὐτοῖς
1246 843 1310 900 τὸ
1355 844 1593 921 νόσημα,
1623 842 1655 901 ὅ
1682 843 1770 899 καὶ
1821 846 2012 917 πειρᾶ-

353 950 443 984 ται
477 926 800 1006 διορθῶσαι.

434 1018 636 1077 Ἀλλο.
670 1021 929 1097 Παραινεῖ
960 1023 1037 1099 μὴ
1070 1019 1361 1080 σπουδαῖον
1390 1025 1641 1101 ἡγεῖσθαι
1671 1022 1734 1079 τὸ
1792 1017 2013 1086 ἑαυτοὺς

359 1106 617 1178 ἐκδικεῖν,
646 1108 787 1184 μηδὲ
812 1112 872 1168 τὸ
900 1111 1103 1188 κρίνειν
1132 1113 1258 1175 τοὺς
1286 1113 1660 1190 ἡμαρτηκέναι
1697 1108 2008 1181 δοκοῦντας,

365 1197 507 1271 μηδὲ
535 1202 890 1275 ταράσσεσθαι
921 1208 1039 1265 τοῖς
1070 1201 1156 1258 ἐπὶ
1185 1207 1284 1258 τοῦ
1313 1203 1579 1279 παρόντος
1609 1204 1703 1266 τὰς
1742 1208 1851 1258 τῶν
1883 1204 2009 1270 θνη,

354 1296 467 1345 τῶν
493 1288 648 1364 ὄψεις
667 1286 1135 1359 διαλανθάνουσιν,
1164 1290 1388 1368 ἐπείπερ
1416 1293 1580 1357 αὐτὸς
1603 1294 1632 1348 ὁ
1653 1291 1859 1368 Κύριος
1890 1291 2010 1347 ἑπι-

358 1379 510 1449 στάς,
542 1384 651 1435 τῶν
679 1381 775 1454 μὶν
802 1376 1036 1453 ἀσεϐῶν,
1061 1383 1286 1461 φωτίσει
1306 1384 1372 1439 τά
1393 1383 1603 1457 κρυπτά
1630 1386 1729 1438 τοῦ
1760 1381 2005 1452 σκότους,

355 1471 468 1525 τῶν
498 1467 557 1525 δὲ
585 1470 833 1544 κοσμίων
863 1470 955 1526 καί
985 1466 1261 1527 θεοσεῦὣν
1284 1469 1355 1526 δι’
1386 1471 1678 1530 ἐπιείκειαν
1726 1471 1818 1527 καὶ
1867 1468 2006 1526 ἰδιο-

354 1558 748 1636 πραγμοσύνην
779 1559 870 1616 καὶ
918 1559 1289 1626 λανθανόντων
1343 1562 1471 1624 τοὺς
1526 1559 1799 1631 πολλοὺς,
1845 1580 2008 1641 φανε-

359 1650 525 1723 ρώσει
556 1649 651 1712 τὰς
687 1649 894 1724 βουλάς
929 1655 1038 1705 τῶν
1093 1648 1349 1726 καρδιῶν.
1409 1651 1509 1714 Οἷς
1565 1651 1656 1706 καί
1701 1650 1795 1707 τὸν
1850 1644 2003 1705 (παι-

2124 498 2187 537 ac
2217 488 2346 538 tunc
2378 482 2496 539 laus
2525 485 2632 538 erit
2661 497 2696 538 a
2720 484 2850 540 Deo.

2189 570 2354 638 Quod
2385 571 2433 626 si
2467 585 2602 627 eum
2634 587 2870 644 quoque
2894 571 3127 645 judicat
3158 571 3441 630 Dominus
3472 575 3572 648 qui
3630 578 3767 636 nul-

2117 659 2232 716 lius
2265 659 2376 717 sibi
2408 659 2681 717 conscius
2713 666 2822 732 est,
2855 677 2923 717 eo
2954 661 3113 738 quod
3142 661 3269 736 ipse
3323 669 3523 721 rectus
3574 666 3649 722 sit
3699 686 3766 726 ac

2114 764 2287 806 verus
2307 749 2515 825 judex,
2548 766 2654 807 cur
2674 766 2776 806 vos
2799 767 3023 824 quaeso,
3047 752 3260 809 fratres
3288 755 3764 827 vestrosjudica-

2116 838 2233 896 tis?
2262 842 2406 901 Nam
2439 848 2497 897 et
2525 840 2619 897 hic
2652 841 2894 897 morbus
2952 840 3108 916 apud
3164 843 3324 916 ipsos
3385 850 3531 916 erat,
3584 864 3762 919 quem

2115 928 2293 986 etiam
2331 930 2625 1005 corrigere
2658 930 2891 989 nititur.

2183 1028 2335 1085 449
2359 1029 2543 1087 Aliud.
2564 1028 2859 1086 Admonet
2879 1048 2953 1087 ne
2967 1030 3286 1088 honestum
3307 1048 3436 1088 esse
3456 1030 3675 1092 ducant
3696 1054 3757 1092 se

2110 1114 2271 1189 ipsos
2296 1116 2524 1188 ulcisci,
2543 1136 2738 1192 neque
2758 1137 2857 1177 eos
2866 1119 3142 1193 judicent
3163 1123 3265 1193 qui
3288 1138 3532 1196 peccare
3560 1124 3761 1179 viden-

2112 1210 2208 1261 tur
2233 1224 2245 1261 :
2267 1224 2461 1279 neque
2484 1207 2799 1263 turbentur
2820 1208 2892 1264 ob
2916 1226 2984 1264 ea
3004 1226 3136 1281 qum
3163 1210 3274 1266 hoc
3304 1215 3569 1283 tempore
3601 1229 3759 1268 mor-

2110 1296 2319 1352 talium
2352 1298 2689 1371 aspectibus
2745 1300 2981 1356 occulta
3035 1306 3216 1357 sunt:
3274 1301 3762 1375 quandoquidem

2111 1386 2396 1443 Dominus
2425 1388 2554 1459 ipse
2602 1388 2705 1460 qui
2764 1388 3045 1444 omnibus
3093 1390 3394 1461 praesidet,
3443 1391 3761 1464 impiorum

2108 1474 2349 1548 quidem
2381 1477 2614 1533 occulte
2646 1477 3026 1534 tenebrarum
3057 1478 3383 1536 illustrabit
3416 1496 3431 1535 :
3464 1480 3793 1552 justorum,

2106 1579 2244 1620 vero
2274 1566 2376 1637 qui
2411 1566 2473 1621 in
2503 1567 2728 1622 mundo
2761 1574 2921 1639 sunt,
2954 1568 3056 1640 qui
3088 1572 3269 1624 Deum
3327 1585 3435 1626 sua
3475 1569 3767 1627 modestia

2109 1670 2177 1709 ac
2206 1653 2502 1712 industria
2523 1655 2747 1725 colunt,
2775 1661 2835 1712 et
2853 1657 3030 1731 vulgo
3061 1657 3278 1713 occulti
3303 1663 3463 1727 sunt,
3494 1660 3762 1732 propala-

351 1760 467 1807 νον,
498 1740 654 1820 φησί,
683 1742 1003 1814 γενήσεσθαι
1032 1740 1142 1797 ἀπὸ
1176 1746 1275 1797 τοῦ
1335 1745 1489 1799 Θεοῦ.
1543 1766 1571 1795 ιι
1603 1743 1705 1805 "Oc
1747 1740 1838 1797 καὶ
1887 1761 1996 1819 φωο

2114 1742 2197 1799 bit
2224 1744 2476 1802 consilia
2505 1745 2773 1802 cordium
2799 1762 2814 1800 :
2849 1746 3068 1818 quibus
3099 1746 3278 1802 etiam
3309 1744 3548 1803 laudem
3598 1748 3761 1802 futu-

347 1829 511 1886 τίσει.
547 1853 575 1880 ιι
615 1830 737 1902 Ὃς,
791 1830 947 1909 φησὶ,
1003 1832 1301 1912 φανερώσει
1354 1830 1423 1888 τὰ
1470 1827 1522 1886 έν
1578 1834 1717 1905 ἡμῖν
1767 1831 1999 1906 κρυπτά.

349 1922 463 1978 Τοῦ
495 1920 721 1982 σκότους
752 1918 814 1976 δὲ
841 1915 995 1997 λέγει
1029 1922 1126 1984 τὰς
1159 1920 1525 1985 λανθανούσας
1570 1921 1815 1995 πονηρὰς
1861 1921 2004 1997 πρά-

345 2012 478 2079 ξεις.
508 2008 789 2073 Ηολλάκις
845 2009 948 2087 γάρ
995 2032 1077 2074 τις
1123 2012 1259 2067 κατὰ
1314 2012 1376 2067 τὸ
1433 2010 1756 2090 φαινόμενον
1809 2009 2004 2085 ἀγαθόν

345 2119 399 2154 τι
431 2097 677 2173 πράττει,
711 2100 745 2169 ἡ
779 2096 842 2154 δέ
891 2118 955 2176 γε
1012 2099 1324 2176 προαίρεσις
1383 2098 1715 2156 λανθάνουσα
1764 2098 2001 2176 σφάλλε-

344 2208 456 2246 ται.
509 2210 540 2239 κ
574 2188 677 2244 Καὶ
739 2189 1037 2267 φανερώσει
1094 2189 1190 2251 τάς
1254 2187 1457 2263 βουλάς
1511 2194 1622 2245 τῶν
1677 2186 1936 2265 καρδιῶν.
1972 2213 2002 2242 »ι

347 2278 527 2333 Πάντα
571 2274 676 2352 γάρ
732 2278 859 2351 παρ’
920 2278 1068 2350 αὐτῷ
1120 2277 1302 2355 γυμνά
1358 2278 1445 2354 ραὲ
1499 2277 1999 2357 τετραχηλισμένα,

337 2365 429 2420 καὶ
534 2362 693 2420 οὐδὲν
794 2371 1141 2442 προσωπεῖον
1245 2361 1531 2431 εὐλαϐείας
1632 2366 1839 2445 ὠφελεῖ
1908 2367 2000 2422 τὸν

329 2452 559 2530 ἔχοντα.
596 2478 623 2507 ιι
656 2453 761 2511 Καὶ
817 2453 943 2511 τότε
972 2457 1002 2511 ὁ
1029 2455 1251 2520 ἔπαινος
1296 2459 1577 2533 γενήσεται
1628 2457 1736 2512 ἀπὸ
1777 2461 1932 2515 θεοῦ.
1970 2481 1998 2508 η

338 2549 463 2606 Ἐπὶ
487 2570 551 2605 το
581 2549 961 2629 εὐφημοτερον
1003 2549 1195 2621 ἦλθεν,
1257 2550 1359 2608 Καὶ
1418 2551 1524 2628 γὰρ
1570 2551 1639 2621 ἦν
1695 2551 1998 2608 ἀκόλουθον

345 2639 539 2710 εἰπεῖν,
570 2637 707 2697 Τότε
738 2641 773 2709 ἡ
800 2640 1046 2714 τιμωρία
1072 2640 1109 2710 ἢ
1141 2641 1170 2696 ὁ
1205 2637 1446 2710 ἔπαινος,
1478 2639 1606 2696 ἁλλ’
1653 2639 1733 2705 εἶς
1757 2640 1823 2697 τὸ
1852 2659 1999 2717 χρη-

340 2728 465 2784 στὸν
498 2726 725 2793 ἀπέθετο
752 2729 846 2783 τὸν
882 2726 1072 2804 λόγον.

413 3011 591 3065 Ταῦτα
649 3005 725 3078 δὲ,
780 3006 1034 3089 ἀδελφοὶ,
1096 3009 1546 3085 μετεσχημάτισα
1606 3006 1683 3070 εἷς
1759 3008 1991 3083 ἐμαυτὸν

2110 1848 2238 1889 ram
2261 1849 2390 1891 esse
2413 1834 2561 1891 dicit
2582 1835 2769 1892 aDeo.
2791 1856 2819 1888 α
2848 1835 2955 1901 Qui
2982 1835 3215 1892 occulta
3232 1851 3469 1908 quoque
3494 1836 3759 1893 illustrac

2109 1922 2198 1977 bit
2229 1923 2627 1980 tenebrarum.
2662 1947 2691 1975 »
2723 1925 2831 1991 Qui
2858 1924 3285 1992 manifestabit,
3309 1925 3669 1997 inquit,quss
3695 1926 3758 1980 in

2109 2013 2286 2069 nobis
2314 2014 2661 2071 abscondita
2689 2020 2846 2071 sunt.
2869 2015 3165 2072 Tenebras
3186 2031 3322 2071 vero
3344 2014 3756 2071 dicitlatentes

2107 2118 2316 2175 pravas
2346 2105 2628 2161 actiones.
2650 2104 3017 2177 Frequenter
3032 2105 3191 2160 enim
3214 2106 3509 2178 quispiam
3532 2105 3755 2161 bonum

2107 2192 2350 2264 aliquod
2380 2200 2674 2265 quantum
2704 2195 2777 2250 ad
2808 2195 3219 2267 apparentiam
3241 2201 3540 2267 operatur,
3574 2200 3631 2250 at
3663 2212 3759 2250 vo-

2107 2284 2306 2342 luntas
2338 2302 2470 2359 quas
2501 2287 2665 2355 latet,
2694 2302 2893 2343 errare
2920 2286 3313 2342 convincitur.
3350 2309 3375 2334 «ι
3399 2287 3755 2359 Etpropala-

2106 2375 2195 2431 bit
2223 2376 2474 2432 consilia
2504 2377 2794 2433 cordium.
2829 2398 2855 2429 1
2888 2377 3101 2434 Omnia
3161 2377 3321 2433 enim
3377 2393 3577 2433 coram
3628 2378 3756 2450 ipso

2106 2464 2267 2521 nuda
2297 2472 2435 2521 sunt
2467 2470 2527 2521 et
2545 2471 2750 2539 aperta
2766 2465 2834 2535 τ’,
2866 2466 3221 2539 nullumque
3251 2466 3555 2537 religionis
3599 2468 3758 2522 vela-

2104 2560 2372 2611 mentum
2395 2555 2606 2627 juvare
2644 2560 2841 2630 potest
2869 2556 3211 2613 habentem.
3245 2580 3275 2607 ‹‹
3309 2559 3389 2613 Ac
3440 2563 3579 2612 tunc
3627 2557 3758 2613 laus

2105 2646 2219 2702 erit
2249 2662 2283 2702 a
2305 2646 2442 2703 Deo.
2466 2668 2493 2696 η
2516 2646 2603 2703 Ad
2625 2646 2683 2701 id
2708 2646 2869 2719 quod
2900 2648 3086 2721 magis
3115 2648 3374 2703 faustum
3408 2652 3499 2702 est
3518 2646 3759 2702 descen-

2103 2735 2209 2791 dit.
2243 2735 2547 2807 Siquidem
2576 2752 2949 2808 consequcns
2981 2736 3167 2809 magis
3197 2741 3324 2792 erat
3369 2740 3437 2791 ut
3486 2735 3710 2790 diceret
3739 2751 3754 2788 :

2102 2827 2264 2882 Tunc
2295 2827 2654 2899 supplicium
2689 2826 2821 2895 erit,
2855 2843 3033 2899 quam
3092 2826 3266 2891 laus;
3318 2841 3517 2880 verum
3569 2824 3641 2879 ad
3692 2824 3751 2880 id

2103 2915 2262 2987 quod
2292 2917 2672 2972 commodum
2704 2921 2791 2971 est
2823 2915 3065 2972 deﬂexit
3095 2930 3453 2971 sermonem.

2174 3005 2265 3071 IV,
2292 3007 2348 3060 6.
2374 3008 2501 3060 Herc
2516 3010 2717 3074 autem,
2740 3007 2963 3074 fratres,
2987 3020 3096 3075 per
3114 3008 3348 3074 ﬁguram
3368 3001 3654 3058 transtulit
3686 3003 3745 3058 in

343 3096 436 3152 καὶ
469 3095 734 3154 Ἀπολλὼ
766 3094 840 3152 δι’
866 3097 1028 3171 ὑμᾶς,
1083 3095 1179 3153 ’ίνα
1236 3096 1288 3152 ὲν
1348 3101 1483 3171 ἡμῖν
1537 3097 1761 3172 μάθητε,
1805 3100 1868 3154 τὸ
1911 3098 1985 3173 μῆ

2114 3095 2365 3163 meipsum
2388 3101 2440 3149 et
2462 3092 2664 3165 Apollo
2673 3099 2909 3165 propter
2929 3100 3107 3159 vos,ut
3121 3095 3177 3148 in
3192 3093 3345 3148 nobis
3360 3092 3606 3157 discetis,
3637 3108 3746 3147 non

346 3187 481 3262 ὑπὲρ
512 3185 542 3241 ὅ
571 3187 873 3265 γέγραπται
905 3191 1145 3269 φρονεῖν,
1169 3185 1263 3242 ’ἱνα
1318 3187 1395 3261 μή
1427 3186 1501 3251 εἷς
1554 3188 1685 3263 ὑπὲρ
1728 3190 1824 3244 τοῦ
1874 3186 1987 3250 ἐμὸς

343 3278 632 3355 φυσιοῦσθε
660 3277 795 3333 κατά
821 3282 919 3333 τοῦ
945 3276 1149 3351 ἑτέρου.

413 3368 624 3442 [ΦΩΤ.]
685 3365 839 3424 Διατί
897 3367 1036 3441 ὑμᾶς
1097 3367 1553 3445 μετεσχημάτισα
1605 3366 1683 3432 εἷς
1755 3364 1988 3440 ἐμαυτὸν

338 3455 429 3511 καὶ
463 3454 780 3527 ἈποΛλῶ;
842 3458 920 3512 Δι’
977 3457 1140 3531 ὑμᾶς,
1176 3479 1203 3508 ››
1264 3457 1449 3531 φησὶν,
1506 3456 1591 3512 ἳνα
1651 3457 1727 3530 μή
1786 3456 1991 3513 ἀνιάσω

344 3545 505 3617 ὑμᾶς,
539 3546 804 3621 ὀνομαστὶ
861 3547 1291 3621 καθαπτόμενος.
1348 3548 1699 3621 Διορθοῦσθαι
1755 3548 1849 3621 μὲν
1887 3548 1992 3625 γὰρ

324 3630 614 3705 ἔσπευδεν,
644 3636 791 3707 ἀνιᾷν
827 3631 885 3692 δὲ
914 3634 1264 3716 ἐφυλάττετο.
1300 3636 1399 3693 Διά
1455 3633 1513 3692 δὲ
1568 3640 1664 3692 τοῦ
1711 3656 1997 3714 μετασχη-

342 3729 641 3798 μπισμοῦ,
674 3725 860 3805 φησὶν,
889 3724 1171 3805 ἀμφότερα
1225 3725 1354 3800 ὑμῖν
1403 3724 1768 3803 βουλομένοις
1822 3722 1997 3819 ἔσται,

339 3814 434 3870 καὶ
463 3816 526 3870 τὸ
560 3811 957 3891 διορθωθῆναι,
986 3814 1079 3871 καὶ
1106 3816 1169 3871 τὸ
1227 3813 1563 3892 ἀλυπότερον
1611 3816 1835 3874 ἀκοῦσαι
1888 3811 1998 3872 τῶν

346 3902 435 3959 ἐπὶ
463 3907 533 3977 τῇ
567 3900 855 3981 διορθώσει
886 3902 1155 3982 ἐλέγχων.
1189 3902 1400 3963 Ἐποίει
1431 3903 1488 3962 δὲ
1524 3909 1709 3976 τοῦτο,
1769 3907 1862 3962 καὶ
1908 3905 1997 3962 ἵνα

350 3999 427 4071 μή
465 3997 741 4073 ὡρισμένα
800 3998 1069 4074 πρόσωπα
1122 4000 1202 4072 τῷ
1260 3994 1476 4075 ἐλέγχῳ
1531 3993 1996 4070 ωθυποὸάλλων,

351 4085 480 4163 δόξῃ
513 4089 825 4166 ἀνθρωπίνῃ
884 4088 991 4144 τινὶ
1036 4090 1377 4164 προσπαθείᾳ
1405 4090 1440 4160 ἢ
1491 4088 1822 4162 ἀντιπαθείᾳ,
1870 4091 1997 4152 τοὺς

353 4178 448 4251 μὲν
476 4176 589 4249 ἐᾷν,
619 4182 729 4233 τῶν
762 4173 819 4232 δὲ
841 4176 1214 4255 κατατρέχειν.
1272 4175 1502 4244 ’Δλλως
1552 4196 1611 4233 τε
1657 4174 1736 4245 δὲ,
1788 4179 1878 4233 καὶ
1911 4175 2001 4233 ’ἶνα

353 4268 429 4341 μὴ
464 4265 517 4321 ἐν
548 4269 618 4340 τῇ
648 4266 875 4342 τοιαύτῃ
911 4263 1202 4341 διακρίσει,
1235 4265 1308 4319 ὢν
1360 4264 1456 4339 μὶν
1519 4267 1827 4341 καθήψατο,
1874 4265 1999 4321 τού-

344 4376 476 4417 τους
508 4352 584 4419 εἷς
612 4354 926 4433 ἀπόγνωσιν
960 4349 1207 4429 ἐμϐάλῃ,
1238 4352 1273 4425 ἢ
1303 4353 1378 4416 εἷς
1412 4352 1580 4429 ὀργὴν
1611 4352 1699 4409 καὶ
1757 4352 2003 4434 elevet-

347 4443 470 4500 κίαν
506 4446 727 4519 μείζονα
758 4445 953 4519 ἀνάψῃ,
986 4444 1059 4498 ὧν
1095 4440 1162 4497 δι’
1195 4440 1283 4497 ἐπὶ
1304 4447 1420 4506 τοῖς
1442 4440 1697 4521 ἐλέγχοις
1720 4443 1821 4498 οὐκ
1842 4441 2000 4517 ἐμνή-

354 4547 479 4607 σθη,
512 4535 737 4596 τούτους
787 4535 957 4613 τύφου
1012 4531 1102 4588 καὶ
1155 4531 1379 4593 ἀπονίας
1440 4529 1653 4605 μᾶλλον
1712 4528 1999 4609 ἐμπλήσῃ.

352 4625 446 4681 Διὸ
477 4623 702 4688 εἰκότως
729 4624 779 4699 ἐξ
812 4624 1080 4699 ὀνόματος
1115 4621 1176 4678 οὐ
1206 4624 1515 4698 καθήψατο,
1568 4621 1694 4679 ἀλλ’
1746 4622 1821 4688 εἷς
1879 4620 2002 4681 ἑαυ-

349 4714 443 4772 τὸν
465 4715 557 4770 καὶ
588 4713 853 4772 ’Λπολλὼ
881 4715 972 4769 τόν
1008 4711 1241 4788 ἔλεγχον
1274 4732 1533 4788 μετωσχη
1546 4710 1793 4787 ματίσας,
1832 4716 2003 4769 καθα-

357 4805 453 4882 ρὰν
500 4805 592 4860 καὶ
655 4800 984 4879 εὐπρόσοδον
1042 4805 1141 4874 τήν
1199 4801 1512 4874 νουθέτησιν
1566 4804 1751 4874 κοινὴν
1809 4805 2005 4860 ’ἀπασιν

356 4894 676 4966 ὶποιήσατο.
710 4919 738 4947 ι(
781 4895 860 4949 Δι’
892 4894 1056 4968 ὑμᾶς.
1089 4914 1116 4948 n
1150 4892 1436 4948 Τουτέστιν
1466 4891 1554 4947 ’ἱνα
1583 4893 1661 4966 μὴ
1718 4894 1783 4948 τὰ
1836 4896 2007 4970 πρόσ-

360 5003 484 5041 ωπα
539 4981 726 5046 ἰδικῶς
785 4983 1073 5044 ἀκούοντες
1127 4986 1237 5038 τῶν
1292 4978 1635 5037 διδασκάλων
1689 4982 1865 5056 ὑμῶν,
1927 4986 2003 5057 μὴ

356 5070 579 5145 δέξησθε
605 5073 698 5129 τὸν
742 5071 931 5148 λόγον.
997 5094 1024 5126 ιι
1054 5072 1164 5128 ἰνα
1213 5068 1265 5126 ἐν
1322 5072 1461 5144 ἡμῖν
1516 5072 1740 5145 μάθητε.
1774 5093 1803 5123 ›ι
1863 5073 2005 5147 Πρὸς

350 5164 482 5226 τοὺς
514 5160 880 5225 διδασκάλους
937 5158 1298 5216 ἀποτείνεται.
1359 5160 1491 5230 Ἵνα,
1555 5161 1711 5236 φησὶ,
1772 5157 1861 5215 διὰ
1913 5164 2008 5216 τοῦ

356 5252 629 5328 ἡμετέρου
661 5252 963 5328 προσώπου
1013 5250 1223 5326 μάθητε
1279 5251 1526 5327 φρονεῖν,
1582 5248 1764 5312 καθὼς
1813 5249 2008 5326 γέγρα.

351 5363 504 5399 πται.
538 5342 847 5418 Γέγραπται
874 5337 952 5396 δέ·
986 5364 1016 5392 ‹‹
1048 5340 1111 5398 Ὀ
1174 5338 1349 5394 θὲλων
1408 5338 1545 5392 εἶναι
1594 5342 1814 5412 πρῶτος
1871 5333 2009 5395 ἔστω

355 5433 574 5489 πάντων
599 5430 853 5507 ἔσχατος.
874 5455 902 5483 ››
926 5463 993 5473 --
1020 5455 1039 5480 ι
1065 5430 1173 5484 Ἵνα
1199 5428 1276 5501 μή
1302 5427 1378 5489 εἷς
1401 5427 1533 5502 ὑπὲρ
1549 5432 1643 5482 τοῦ
1666 5427 1803 5489 ἑνός.
1826 5452 1853 5479 ››
1878 5430 2011 5485 Οἷον

426 5589 473 5624 ⁷⁸
503 5586 678 5645 Hebr.
712 5603 797 5654 iv,
834 5588 915 5642 i3.

2100 3198 2270 3254 supra
2302 3185 2361 3239 id
2390 3183 2536 3255 quod
2562 3185 2829 3255 scriptum
2858 3189 2937 3239 est
2985 3184 3051 3239 de
3080 3183 3234 3238 vobis
3258 3185 3497 3249 sentire;
3528 3198 3627 3237 nec
3655 3182 3744 3245 hic

2097 3274 2373 3343 istius,ille
2385 3274 2550 3344 hujus
2561 3272 3087 3344 nominetnﬂemz'ni,
3106 3273 3253 3330 alius
3264 3273 3519 3329 adversus
3549 3274 3742 3328 alium.

2168 3365 2358 3430 Quare
2379 3381 2493 3421 von
2523 3380 2630 3437 per
2646 3364 2895 3437 ﬁguram
2919 3364 3195 3420 transtuli
3219 3365 3280 3419 in
3302 3379 3397 3419 me
3417 3368 3473 3419 et
3495 3363 3704 3435 Apollo
3720 3362 3749 3416 ‘I

2101 3474 2130 3506 ι(
2161 3455 2408 3526 Propter
2436 3470 2556 3522 vos,
2592 3474 2620 3503 »
2648 3453 2863 3525 inquit,
2897 3469 2972 3509 ne
2995 3470 3095 3510 vos
3126 3453 3539 3509 contristarem
3572 3453 3620 3509 si
3646 3468 3749 3507 no-

2100 3542 2375 3599 minatim
2400 3542 2799 3615 objurgarem.
2833 3540 3067 3598 Etenim
3112 3543 3405 3615 corrigere
3451 3540 3749 3605 studebat,

2100 3636 2161 3688 at
2189 3646 2264 3687 ne
2297 3631 2696 3700 contristaret,
2733 3629 3102 3687 observabat.
3137 3633 3252 3687 Per
3280 3629 3581 3703 ﬂguralem
3615 3646 3750 3684 vero

2102 3722 2557 3778 translationem
2587 3726 2906 3793 utrumque
2937 3720 3263 3793 continget,
3296 3717 3512 3789 inquit,
3572 3717 3749 3772 modo

2102 3811 2431 3879 volueritis,
2461 3817 2526 3866 ut
2557 3816 2615 3868 et
2655 3810 3056 3882 corrigamini,
3121 3812 3178 3863 et
3224 3808 3450 3877 absque
3499 3821 3751 3862 mcerore

2104 3900 2358 3958 audiatis
2390 3916 2520 3973 quae
2567 3916 2672 3972 ego
2730 3900 2806 3955 ad
2872 3896 3302 3954 correctionem
3357 3893 3751 3967 reprehendo.

2104 3990 2225 4047 Hoc
2255 3994 2453 4047 autem
2484 3986 2740 4044 faciebat
2769 4004 2843 4043 ne
2874 3986 2923 4042 si
2953 3985 3231 4042 definitus
3250 3999 3535 4058 personas
3551 3999 3756 4055 repre-

2104 4079 2395 4135 hensione
2429 4078 2788 4150 designaret,
2839 4074 3140 4131 videretur
3185 4074 3447 4130 humano
3495 4071 3755 4145 quodam

2106 4169 2319 4225 affectu
2341 4171 2440 4224 aut
2463 4167 2620 4235 odio,
2644 4166 2754 4221 hos
2774 4165 3016 4237 quidam
3050 4165 3266 4231 sinere,
3298 4164 3435 4221 illos
3463 4179 3598 4219 vero
3628 4179 3757 4234 per-

2107 4258 2421 4332 stringere.
2452 4259 2743 4312 Prmterea
2775 4271 3032 4328 quoque,
3062 4272 3137 4311 ne
3170 4254 3513 4328 bujusmodi
3534 4252 3755 4324 dijudi-

2107 4357 2340 4414 catione
2372 4356 2480 4411 bos
2502 4352 2742 4427 quidem
2774 4354 3118 4428 corriperet,
3140 4352 3275 4411 illos
3297 4368 3434 4407 vero
3457 4351 3528 4407 ad
3552 4350 3758 4424 despe-

2109 4447 2404 4502 rationem
2435 4444 2733 4519 injieeret,
2764 4448 2867 4500 aut
2895 4443 2970 4499 ad
3001 4444 3174 4509 iram,
3194 4442 3605 4516 majoremque
3627 4456 3760 4495 con-

2112 4536 2439 4592 tentionem
2473 4534 2795 4590 excitaret:
2829 4550 3080 4604 quorum
3111 4549 3245 4588 vero
3268 4533 3328 4588 in
3351 4530 3760 4605 reprehensio-

2113 4625 2289 4682 nibus
2321 4642 2440 4680 non
2474 4622 2871 4691 meminisset,
2904 4623 3013 4678 hos
3043 4626 3272 4678 tumore
3295 4621 3490 4694 potius
3509 4625 3567 4676 et
3596 4636 3761 4675 arro—

2112 4714 2312 4789 gantia
2338 4713 2631 4786 impleret.
2649 4712 2787 4768 Ideo
2803 4713 3028 4783 justam
3049 4710 3123 4766 ob
3148 4726 3387 4766 causam
3406 4707 3759 4765 nominatim

2113 4822 2235 4861 non
2248 4804 2606 4877 objurgavit:
2625 4802 2729 4857 sed
2748 4800 3037 4857 translata
3058 4799 3384 4873 figuraliter
3400 4800 3460 4855 in
3475 4800 3557 4855 sei
3566 4816 3759 4872 psum,

2116 4900 2175 4950 et
2202 4892 2410 4967 Apollo
2441 4891 2841 4958 accusatione,
2875 4888 3031 4945 450
3060 4904 3443 4945 communem
3492 4887 3764 4944 admoni-

2116 4984 2340 5039 tionem
2359 4982 2583 5037 nudam
2605 4996 2673 5035 ac
2693 4978 2929 5034 facilem
2955 4978 3233 5034 omnibus
3245 4978 3459 5034 reddit.
3476 5000 3505 5029 «
3519 4980 3767 5049 Propter

2115 5091 2236 5129 vos.
2271 5092 2299 5123 ι
2332 5072 2449 5126 Hoc
2478 5073 2587 5136 est,
2621 5068 2930 5140 speciatim
2961 5073 3393 5140 praeceptorum
3436 5073 3762 5124 vestrorum

2116 5176 2403 5237 personas
2428 5157 2762 5223 audientes,
2797 5156 3183 5229 despiceretis
3222 5172 3584 5217 sermonem.
3638 5178 3665 5207 ‹‹
3697 5157 3769 5212 Ut

2120 5253 2181 5307 in
2210 5248 2386 5306 nobis
2415 5245 2678 5302 discatis.
2710 5267 2738 5295 »ι
2770 5244 2859 5300 Ad
2909 5250 3304 5319 praeceptores
3361 5246 3671 5319 dirigitur:
3704 5250 3771 5300 ut

2118 5358 2225 5415 per
2252 5343 2507 5403 nostras,
2538 5335 2755 5406 inquit,
2786 5350 3075 5406 personas
3104 5335 3347 5392 discetis
3362 5336 3436 5392 de
3455 5334 3618 5391 vobis
3640 5348 3771 5390 sen-

2121 5427 2421 5498 tirejuxta
2452 5423 2510 5477 id
2542 5421 2698 5493 quod
2730 5422 3016 5494 scriptum
3077 5430 3187 5480 est.
3239 5424 3344 5479 Est
3393 5428 3592 5480 autem
3621 5419 3769 5478 scri—
