4188 6196
497 303 611 367 687

1613 254 1860 376 (ΕΟοΜ
1873 302 2024 363 ΕΝΙΙ
2063 299 2376 363 'l‘RICC/E
2419 298 2774 360 EPISCOPI

3779 310 3892 370 688

499 447 703 513 ptum:
729 464 754 491 «
780 440 888 507 Qui
911 439 1041 495 vult
1068 456 1197 495 esse
1229 437 1481 511 primus,
1514 438 1592 493 sit
1621 437 1889 494 omnium
1919 440 2130 508 postre-

2267 431 2516 504 μαθητὴς
2550 429 2687 503 ὑπὲρ
2720 426 3091 489 διδασκάλου.
3155 456 3177 483 ι
3215 435 3539 492 Φυσιοῦοθε.
3566 457 3595 488 ››
3645 440 3775 500 Τοὺς
3824 437 3902 496 δι-

498 545 631 585 mus
642 527 763 585 '9'.»
786 548 805 575 ι
824 529 902 583 Ne
918 527 1014 583 hic
1029 526 1334 594 istius,ille
1348 526 1527 599 hujus
1540 526 1783 582 nomine
1798 523 2149 580 inﬂemiui.»

495 617 714 687 Nempe
728 614 1005 688 discipuli
1023 620 1455 689 praeceptorum
1468 615 1767 671 nomine.«
1783 613 2140 668 lnllemini.»

495 704 738 760 Relictis
767 711 968 760 autem
1025 704 1367 761 doctoribus
1425 703 1500 760 ad
1546 703 1831 776 populum
1870 701 2145 771 dirigitur

494 810 690 849 sermo
716 810 731 850 :
763 794 1018 867 pepulus
1048 811 1306 865 namque
1337 793 1411 849 ob
1442 798 1836 865 praeceptores
1865 789 2144 846 effereba-

493 886 629 937 tur:
662 888 748 949 ut,
781 884 883 955 qui
909 884 1067 940 hunc
1100 884 1317 939 habeat
1357 888 1804 955 praeceptorem,
1858 879 2139 936 adversus

492 970 856 1044 discipulum
888 973 988 1045 qui
1020 972 1204 1028 alium
1236 972 1453 1028 habeat
1480 969 1915 1025 intumescebat
1934 986 2002 1024 ac
2023 968 2143 1041 glo-

2263 516 2567 579 δασκάλους
2606 518 2784 597 ἀφεὶς,
2814 519 2954 594 πρὸς
2986 519 3079 575 τὸν
3113 518 3247 575 λαὸν
3278 521 3634 579 ἀποτείνεται.
3669 527 3765 581 Καὶ
3803 530 3898 604 γὰρ

2254 607 2438 670 ὁλαὸς
2475 608 2606 682 ὑπὲρ
2635 613 2744 663 τῶν
2804 605 3148 664 διδασκάλων
3209 611 3345 684 μέγα
3397 609 3673 690 ἐφρόνουν.
3723 616 3892 673 Οἴοιὸ

2251 694 2406 753 τόνδε
2434 690 2582 776 ἔχων
2616 694 2945 752 διδάσκαλον
2976 697 3114 754 κατά
3160 704 3259 754 τοῦ
3316 699 3474 756 τόνδε
3523 699 3743 778 ἔχοντος
3793 728 3892 779 μα-

2253 788 2447 858 θητοῦ,
2481 786 2764 862 ἐφυσιοῦτο
2794 787 2886 842 καὶ
2931 785 3069 862 μέγα
3126 786 3361 863 ἐφρόνει.
3417 788 3614 854 Καλῶς
3671 790 3727 848 δὲ
3769 795 3892 852 αὐτὸ

2250 875 2515 954 φυσίωσιν
2574 873 2847 945 ἐκάλεσεν,
2911 876 3077 932 οἱονεὶ
3135 874 3349 949 οἳδησιν
3426 880 3534 934 ἀπὸ
3601 891 3898 959 μεταφορᾶς

2250 965 2506 1038 σώματος
2532 963 2879 1041 κακοχύμου,
2911 964 2947 1036 ἢ
2980 965 3144 1021 κακὸν
3176 970 3390 1040 πνεῦμα
3420 964 3731 1043 δεξαμένου.

491 1061 779 1117 riabatur.
813 1063 971 1118 Bene
1002 1068 1203 1119 autem
1236 1060 1384 1117 illud
1414 1059 1732 1132 appellavit
1761 1059 2134 1115 inﬂationem
2165 1063 2223 1113 et
2244 1056 2422 1112 veluti
2444 1062 2755 1123 tumorem,
2774 1073 2809 1112 a
2830 1057 3188 1130 metaphora
3213 1060 3482 1132 corporis
3514 1063 3673 1133 quod
3696 1081 3895 1135 pravos

491 1150 678 1223 gignit
707 1152 1008 1217 humores,
1043 1155 1147 1207 aut
1175 1167 1420 1223 pravum
1451 1148 1680 1221 accepit
1708 1148 2005 1221 spiritum.

561 1281 659 1347 IV,
684 1281 798 1335 7-8.
832 1281 962 1345 Quis
991 1279 1138 1335 enim
1170 1285 1221 1334 te
1249 1277 1561 1334 discernit?
1596 1278 1734 1349 quid
1769 1283 1953 1333 autem
1984 1277 2144 1332 habes

492 1368 641 1440 quod
659 1384 769 1424 non
785 1368 1083 1439 accepisti?
1094 1368 1241 1439 quod
1249 1370 1298 1423 si
1317 1370 1480 1422 etiam
1503 1367 1925 1438 accepisti,quid
1934 1367 2142 1436 gloria-

488 1459 567 1512 ris
588 1459 749 1528 quasi
760 1473 870 1512 non
891 1460 1223 1528 accepisses?
1245 1458 1370 1512 Jam
1398 1457 1640 1511 saturati
1655 1456 1821 1512 estis?
1837 1457 1961 1511 Jam
1981 1454 2146 1510 ditati

489 1545 618 1601 estis
635 1548 663 1599 ?
701 1545 835 1601 Sine
863 1547 1018 1601 nobis
1048 1561 1279 1615 regnum
1307 1543 1501 1616 adepti
1529 1547 1655 1600 estis
1680 1546 1709 1599 ξ)
1735 1550 1900 1615 atque
1929 1545 2139 1599 utinam

487 1651 619 1691 sane
647 1635 840 1706 adepti
867 1638 1008 1691 sitis.
1041 1642 1103 1690 ut
1131 1642 1183 1690 et
1213 1651 1311 1690 nos
1357 1650 1471 1690 una
1518 1632 1793 1690 vobiscum
1835 1649 2139 1703 rcguemus.

558 1729 640 1779 Ac
673 1725 721 1780 si
752 1724 1014 1780 diceret:
1056 1722 1196 1789 Quis
1234 1730 1290 1780 te
1340 1722 1637 1796 judicavit
1687 1728 1747 1777 et
1796 1721 2143 1793 approbavit

494 1819 782 1886 tanquam
809 1812 985 1869 laude
1035 1812 1303 1886 dignum,
1337 1830 1370 1867 ο
1402 1817 1731 1884 prmceptor
1777 1828 1843 1866 ac
1892 1810 2144 1867 doctor?

487 1919 635 1958 num
666 1903 936 1958 homines
952 1902 980 1957 ?
1000 1907 1060 1957 at
1075 1919 1196 1957 non
1218 1906 1445 1957 rectum
1463 1906 1554 1956 est
1572 1900 1811 1955 illorum
1821 1899 2137 1972 judicium.

489 2013 517 2041 ‹‹
553 1990 703 2056 Quid
731 1996 930 2047 autem
961 1991 1144 2048 habes
1174 1991 1333 2063 quod
1362 2007 1484 2046 non
1509 1989 1841 2061 accepisti?
1865 2010 1893 2039 ››
1927 1990 2141 2044 Verum

490 2081 649 2137 dices
679 2086 907 2137 rectum
932 2097 1062 2137 esse
1092 2080 1404 2136 hominum
1457 2078 1529 2133 de
1582 2085 1639 2134 te
1688 2078 2022 2150 judicium:
2085 2083 2144 2133 et

489 2186 622 2226 vere
650 2169 921 2226 fortassis
950 2170 1124 2225 laude
1155 2169 1368 2242 dignus
1401 2185 1463 2224 es
1492 2167 1566 2223 ob
1591 2167 1921 2223 doclrinam
1950 2171 2046 2223 :at
2064 2183 2140 2222 ne

489 2258 573 2314 ita
604 2258 845 2330 quidem
877 2257 1199 2314 extollatis.
1234 2259 1360 2313 Non
1403 2257 1564 2312 enim
1623 2261 1792 2311 tuum
1842 2273 1990 2328 opus
2050 2261 2143 2312 est

485 2346 706 2403 factum
736 2347 869 2416 hoc,
903 2346 1008 2403 sed
1036 2347 1137 2401 Dei
1165 2344 1390 2401 donum
1420 2362 1434 2399 :
1468 2345 1569 2416 qui
1601 2350 1799 2400 autem
1829 2344 2136 2416 gloriatur,

484 2451 553 2492 ac
573 2452 703 2491 sese
716 2435 907 2508 jactat
930 2449 1311 2505 nequaquam
1336 2439 1401 2488 ut
1431 2433 1534 2504 qui
1555 2433 1705 2488 illud
1731 2433 1888 2488 dono
1911 2434 2140 2505 accepit

478 2523 787 2596 gloriatur,
812 2522 913 2578 sed
939 2527 1225 2593 tanquam
1248 2521 1369 2577 suis
1395 2520 1455 2576 id
1480 2527 1693 2577 nactus
1711 2521 1789 2577 sit
1809 2520 2133 2577 laboribus.

486 2637 513 2664 «ι
548 2613 714 2678 Quod
739 2613 788 2667 si
821 2612 1000 2668 etiam
1030 2611 1333 2683 accepisti,
1359 2611 1503 2683 quid
1532 2611 1805 2684 gloriaris
1829 2612 2134 2683 quasinon

477 2702 868 2775 accepisses?
899 2725 927 2754 »
957 2702 1378 2775 Interrogative
1429 2702 1542 2757 hoc
1600 2701 1741 2757 dicit
1788 2707 1856 2757 ut
1905 2702 1981 2757 sit
2021 2703 2134 2757 iste

484 2808 715 2847 sensus.
747 2789 897 2856 Quid
926 2789 1248 2864 gloriaris?
1275 2806 1420 2845 num
1453 2790 1624 2861 quasi
1655 2806 1777 2845 non
1809 2790 2131 2861 acceperis,

2323 1274 2418 1336 Τίς
2470 1274 2572 1349 γάρ
2631 1294 2687 1329 σε
2734 1271 3036 1347 διακρίνει;
3089 1278 3154 1335 Τί
3212 1276 3269 1334 δὲ
3323 1275 3474 1353 ἓχεις
3527 1276 3558 1333 6'
3614 1280 3715 1337 οὐκ
3769 1278 3896 1339 ἔλα-

2253 1357 2386 1430 ϐες;
2423 1361 2468 1417 εἷ
2501 1359 2559 1417 δὲ
2587 1363 2675 1418 καὶ
2706 1358 2923 1436 ἔλαϐες,
2978 1363 3034 1420 τί
3077 1372 3350 1445 καυχᾶσαι
3405 1367 3479 1430 ὡς
3542 1370 3618 1443 μή
3674 1367 3855 1427 λαϐών
3885 1394 3899 1444 ;

2252 1447 2361 1522 ἤδη
2422 1450 2807 1538 κεκορεσμένοι
2860 1452 3016 1525 ἐστέ;
3078 1453 3188 1527 ἤδη
3248 1455 3671 1530 ἐπλουτήσατες
3730 1463 3900 1538 χωρὶς

2249 1541 2413 1614 ἡμῶν
2470 1534 2853 1598 ἐϐασιλεύσατε
2902 1562 2915 1613 ;
2973 1544 3065 1598 καὶ
3122 1541 3320 1622 ὄφελόν
3367 1568 3428 1623 γε
3495 1534 3894 1620 ἐϐασιλεύσατε,

2244 1627 2337 1685 ’ίνα
2366 1632 2457 1686 καὶ
2488 1633 2655 1704 ἡμεῖς
2687 1633 2812 1707 ὑμῖν
2836 1629 3390 1710 συμϐασιλεύσωμεν.

2321 1719 2475 1791 Οἶον,
2505 1721 2603 1784 Τίς
2632 1722 2848 1795 κέκρικέ
2877 1743 2935 1777 σε
2962 1723 3052 1779 καὶ
3084 1720 3464 1799 δεδοκίμακεν,
3498 1729 3544 1782 ὦ
3585 1726 3897 1801 διδάσκαλε,

2250 1805 2397 1881 ἄξιον
2429 1807 2651 1865 ἐπαίνου
2678 1828 2691 1878 ;
2722 1812 2774 1866 οἱ
2807 1812 3127 1886 ἀνθρωποις
3170 1812 3299 1870 ἀλλ’
3358 1813 3459 1871 οὐκ
3503 1817 3637 1891 ὀρθὴ
3696 1820 3898 1876 τούτων

2249 1898 2285 1984 ἡ
2315 1899 2514 1973 κρίσις.
2559 1919 2582 1947 α
2614 1900 2681 1957 Τί
2718 1895 2775 1954 δὲ
2804 1897 2952 1976 ἔχεις
2983 1902 3012 1955 ὃ
3044 1902 3145 1957 οὐκ
3193 1900 3433 1974 ἔλαλες;
3476 1930 3503 1957 »ι
3565 1905 3730 1966 Ἀλλ’
3770 1907 3902 1984 ἐρεῖς

2252 1983 2504 2061 ὅτιόρθή
2535 1991 2645 2043 τῶν
2675 1987 2977 2062 ἀνθρώπων
3036 1989 3125 2045 ἐπὶ
3185 1992 3271 2047 σοὶ
3326 1994 3528 2068 κρίσις,
3587 1997 3685 2051 καὶ
3744 1994 3903 2061 ὅντως

2258 2071 2563 2142 ἀξιέπαινος
2597 2074 2648 2129 εἴ
2675 2073 2727 2129 ἐν
2777 2079 2844 2149 τῇ
2891 2072 3236 2149 διδασκαλίᾳ.
3284 2077 3439 2151 Μηδὲ
3487 2081 3665 2144 οὕτως
3724 2086 3902 2163 φρόνει

2250 2161 2413 2237 μέγα.
2442 2161 2516 2215 Οὐ
2551 2160 2655 2238 γὰρ
2684 2162 2773 2216 σὸν
2818 2163 3151 2239 κατόρθωμα
3192 2167 3255 2222 τὸ
3310 2174 3560 2246 πρᾶγμα,
3612 2160 3767 2227 ἆλλά
3814 2170 3907 2228 δό-

2248 2270 2329 2312 σις
2371 2254 2523 2308 Θεοῦ.
2555 2252 2616 2308 Ὀ
2648 2248 2705 2307 δὲ
2734 2254 3117 2331 καυχώμενος,
3160 2256 3380 2320 πάντως
3433 2257 3544 2334 οὐχ
3587 2260 3664 2323 ὡς
3715 2256 3896 2317 λαϐὼν

2247 2337 2310 2393 τὸ
2338 2338 2587 2417 χάρισμα
2617 2345 2913 2417 καυχᾶται,
2943 2340 3069 2398 ἀκλ⁹
3100 2344 3177 2406 ὡς
3230 2344 3279 2415 ἐξ
3339 2346 3554 2403 οἰκείων
3613 2349 3752 2406 αὗτὸ
3798 2353 3898 2407 πό-

2242 2448 2347 2482 νων
2380 2449 2744 2501 κτησαμενος.
2779 2452 2805 2484 ι
2840 2430 2903 2486 Εἰ
2957 2428 3016 2487 δέ
3064 2433 3152 2488 καὶ
3219 2429 3436 2506 ἔλαϐες,
3493 2435 3547 2493 τί
3603 2446 3899 2515 καυχᾶσαι,

2243 2515 2320 2579 ὡς
2356 2518 2432 2590 μὴ
2467 2512 2693 2589 λαϐών;
2729 2542 2757 2571 ››
2792 2522 2972 2576 Τοῦτο
3035 2519 3206 2598 λέγων
3258 2524 3396 2579 κατά
3446 2512 3755 2601 ἐρώτησιν.⁷
3788 2532 3902 2587 Ἵνα

2244 2606 2423 2669 οὕτως
2454 2607 2649 2684 νοηθῇ.
2682 2608 2749 2667 Τί
2779 2614 3053 2686 καυχᾶσαι
3084 2631 3097 2681 ;
3135 2613 3236 2688 ἄρα
3267 2613 3343 2676 ὡς
3380 2617 3456 2688 μὴ
3514 2612 3732 2688 λαϐὼν,
3776 2617 3901 2674 ἀλλ’

2244 2694 2455 2760 οἳκοθεν
2478 2692 2666 2773 ἔχωνς
2709 2698 2886 2754 καίτοι
2942 2697 3198 2779 εἴληφας.
3259 2722 3284 2748 α
3316 2702 3459 2776 Ἤδη
3521 2708 3903 2783 κεκορεσμένοι

2242 2782 2401 2856 ἐστέ;
2437 2810 2465 2836 ››
2495 2786 2640 2842 “Asti:
2693 2791 2791 2843 τοῦ
2840 2789 3047 2867 χρόνου
3107 2790 3305 2855 αὐτοὺς
3366 2782 3661 2868 ἐντρέπει,
3698 2795 3895 2874 λέγων’

482 2879 587 2935 sed
615 2879 779 2935 domi
811 2862 1091 2935 habueris
1118 2878 1342 2951 ?Atqui
1364 2878 1667 2951 accepisti.
1693 2902 1713 2928 α
1736 2880 1863 2935 lam
1890 2879 2130 2935 saturati

2245 2875 2430 2938 Οὕτως
2458 2876 2623 2951 ταχὺ,
2654 2878 2842 2956 φησὶν,
2875 2877 3199 2955 ἐκορέσθητε
3244 2883 3336 2937 καὶ
3396 2880 3620 2949 οὐδενὸς
3682 2862 3896 2958 δεῖσοε;

484 2969 627 3025 estis
647 2968 676 3025 ‘I
705 2991 730 3017 ι»
761 2971 809 3024 Α
835 2973 1102 3041 tempore
1133 2968 1295 3041 ipsos
1325 2969 1660 3036 confundit,
1693 2968 1938 3024 dicens:
1971 2967 2132 3024 Adeo

480 3058 763 3115 velociter
791 3059 1041 3114 saturari
1073 3058 1237 3124 estis,
1270 3056 1558 3129 nulloque
1588 3057 1865 3131 indigetis
1893 3060 1922 3112 ?
1952 3080 1979 3107 ‹‹
2005 3059 2133 3113 Jam

477 3148 645 3203 ditati
678 3148 865 3204 estis?
893 3149 966 3203 Ut
996 3147 1162 3203 nullo
1189 3147 1353 3202 vobis
1375 3164 1523 3218 opus
1554 3147 1668 3202 sit?
1688 3146 1990 3219 Siquidem
2008 3146 2130 3220 glo-

474 3236 648 3292 riatio
670 3237 1014 3291 manifestat
1029 3237 1186 3308 quod
1208 3236 1280 3292 ad
1311 3237 1502 3307 ipsam
1526 3242 1923 3307 pervenerant
1946 3236 2134 3292 scien-

476 3323 570 3377 tiae
604 3325 998 3390 saturitatem,
1032 3341 1141 3379 nec
1183 3323 1309 3378 ulla
1336 3339 1400 3377 re
1434 3330 1694 3395 egerent.
1728 3347 1755 3373 ‹‹
1792 3324 1929 3379 Sine
1958 3324 2131 3379 nobis

481 3427 726 3482 regnum
746 3411 941 3482 adepti
959 3412 1130 3466 estis?
1145 3435 1171 3461 υ
1186 3411 1892 3483 Moraliterprocessithic
1910 3429 2127 3468 sermo.

480 3502 630 3557 451
667 3501 737 3554 Et
765 3500 1024 3572 primum
1057 3500 1297 3571 quidem
1338 3501 1578 3556 illorum
1610 3502 1859 3556 stultitia
1880 3502 2128 3557 demon-

478 3591 699 3644 stratur
727 3605 795 3645 ac
826 3589 1158 3661 sapientia:
1194 3590 1334 3661 quia
1365 3590 1566 3657 tantis,
1623 3589 1835 3661 inquit,
1871 3590 2130 3661 acceptis

471 3677 647 3734 donis
684 3694 806 3733 non
852 3678 1028 3736 vultis
1058 3695 1168 3735 nos
1198 3680 1390 3735 socios
1420 3696 1488 3736 ac
1530 3680 1849 3752 participes
1894 3679 2129 3736 efficere

476 3783 683 3847 eorum
701 3784 833 3838 quae
865 3767 1028 3823 vobis
1059 3768 1197 3824 data
1226 3775 1384 3825 sunt.
1448 3768 1684 3835 Dolens,
1736 3769 1950 3840 inquit,
2000 3770 2127 3826 haec

469 3855 623 3911 dico.
657 3857 760 3911 Est
805 3861 1005 3912 autem
1064 3873 1261 3913 sermo
1319 3858 1417 3913 hic
1456 3858 1719 3913 ironicns
1769 3874 1888 3929 quo
1940 3857 2122 3915 dicit:

477 3966 505 3993 \(
538 3946 805 4016 Regnum
831 3945 1029 4017 adepti
1073 3946 1234 4011 estis,
1292 3947 1520 4002 utinam
1580 3946 1777 4019 adepti
1829 3947 2061 4015 essetis,
2096 3970 2119 3997 ι

479 4032 597 4088 ait:
633 4037 694 4087 at
720 4050 838 4088 non
871 4034 953 4089 ita
983 4040 1092 4091 est.
1126 4035 1351 4091 Deinde
1383 4052 1455 4091 ne
1510 4036 1733 4092 ironice
1782 4037 2001 4093 dixisse
2040 4038 2123 4093 vi-

476 4120 723 4175 deatur:
759 4138 783 4163 ιι
814 4128 1003 4195 Atque
1033 4124 1263 4180 utinam
1295 4141 1435 4181 sane
1462 4124 1659 4197 adepti
1684 4126 1832 4197 sitis,
1858 4147 1885 4176 ι»
1920 4132 2120 4182 osten-

2247 2986 2275 3020 ι
2303 2962 2442 3036 Ἤδη
2475 2963 2890 3039 ἐπλουτήσατες
2926 2992 2955 3020 »ι
2985 2969 3076 3024 καὶ
3134 2969 3187 3024 ἐν
3244 2969 3466 3036 οὐδενός
3520 2973 3638 3032 ἐστε
3695 2978 3894 3054 χρείας

2241 3056 2277 3123 ἡ
2307 3054 2410 3128 γὰρ
2437 3053 2709 3130 καύχησις
2740 3052 2928 3129 δηλοῖ,
2970 3056 3054 3113 ὅτι
3114 3058 3189 3120 εἷς
3247 3060 3417 3131 αὐτὴν
3476 3052 3744 3140 ἐφθάσατε
3798 3068 3895 3137 τήν

2240 3139 2483 3216 κορυφὴν
2515 3145 2614 3208 τῆς
2634 3140 2908 3216 γνώσεως,
2939 3142 3030 3197 καὶ
3054 3142 3116 3197 οὐ
3137 3145 3324 3219 χρείαν
3346 3143 3500 3222 ἔχετέ
3518 3139 3688 3211 τινος.
3711 3176 3739 3204 ‹‹
3767 3154 3894 3210 Χω-

2242 3226 2325 3302 ρὶς
2357 3230 2516 3300 ἡμῶν
2548 3222 2933 3285 ἐϐασιλεύσατε
2956 3253 2972 3299 ;
3013 3233 3163 3288 Κατὰ
3183 3234 3320 3303 ⁴ἦθος
3345 3236 3373 3290 6
3397 3235 3565 3314 λόγος
3588 3247 3889 3311 προῆκταιυ

2238 3316 2345 3371 Καὶ
2374 3321 2589 3391 πρῶτον
2625 3317 2739 3389 μὲν,
2799 3319 2861 3374 τὸ
2918 3318 3271 3392 ἀσυνείδητον
3324 3324 3505 3379 αὐτῶν
3563 3323 3893 3384 ἐνδεῖκνυται

2237 3406 2410 3459 καὶτὸ
2461 3406 2707 3477 ἀνόητον.
2768 3409 2912 3476 “Οτι,
2973 3412 3127 3481 φησὶ,
3169 3411 3520 3483 τηλικούτων
3576 3416 3891 3490 ἀξιωθέντες

2239 3490 2483 3569 δωρεῶν,
2516 3494 2578 3549 οὐ
2613 3494 2877 3571 βούλεσθε
2906 3500 3055 3572 ἡμᾶς
3101 3501 3399 3566 κοινωνοὺς
3461 3506 3554 3560 καὶ
3615 3507 3892 3588 μετόχους

2235 3586 2343 3636 τῶν
2376 3580 2637 3639 δοθέντων
2668 3586 2798 3658 ὑμῖν
2829 3594 3077 3657 ποιῆσαι.
3113 3591 3362 3669 ’Δλγῶν,
3389 3594 3543 3671 φησὶ,
3592 3580 3893 3654 ταῦτα-λέο

2236 3692 2340 3748 γω.
2373 3671 2677 3748 Εἷρωνικὸς
2707 3671 2764 3730 δὲ
2794 3676 2952 3740 οὗτος
2985 3678 3013 3732 6
3037 3676 3226 3755 λόγος,
3292 3681 3375 3737 ὅτι
3434 3708 3455 3735 ι
3495 3678 3893 3742 Ἐϐασιλεύσα-

2233 3781 2312 3818 τε.
2345 3785 2373 3814 ››
2410 3760 2533 3819 Εἴθε
2558 3764 2681 3840 γὰρ,
2736 3765 2920 3844 φησὶν,
2955 3768 3051 3837 ἦτε
3110 3767 3550 3844 βασιλεύσαντες,
3611 3773 3743 3831 ἀλλ’
3795 3776 3890 3832 οὐκ

2233 3847 2374 3909 ἐστέ.
2407 3852 2540 3907 Εἶτα
2564 3851 2656 3907 ’ἱνα
2687 3854 2765 3926 μὴ
2816 3852 2945 3929 δόξῃ
2998 3858 3133 3912 κατὰ
3188 3858 3468 3935 εἰρωνείαν
3512 3863 3751 3937 εἰρηκὼς
3802 3866 3885 3934 τὸ,

2235 3963 2261 3991 (ι
2296 3940 2399 3995 Καὶ
2432 3936 2628 4018 ὄφελόν
2658 3962 2721 4019 γε
2749 3937 3152 4019 ἐϐασιλεύσατε,
3188 3975 3209 4002 ι
3277 3936 3569 4020 δείκνυσιν,
3610 3952 3693 4008 ὅτι
3748 3954 3882 4020 σφό-

2234 4025 2333 4102 δρα
2362 4016 2522 4083 τοῦτο
2552 4016 2738 4098 ἤθελε.
2770 4036 2898 4117 Hii»:
2932 4050 2946 4101 ;
2979 4032 3084 4102 ὅτι,
3118 4016 3279 4113 (ρησὶν
3312 4040 3346 4107 ἡ
3386 4016 3554 4113 ὑμίιόν⁷
3603 4016 3879 4117 βασιλεία,

2232 4117 2340 4190 ἐμὴ
2372 4117 2623 4188 ἧν.Δόξα
2647 4118 2752 4195 γὰρ
2809 4116 3143 4197 διδασκάλῳ,
3188 4131 3296 4180 τῶν
3361 4134 3619 4201 μαθητῶν
3674 4129 3728 4186 ἐν
3785 4132 3879 4186 πί-

474 4212 562 4268 dit
582 4213 740 4283 quod
770 4214 1150 4271 vehementer
1177 4222 1427 4289 optaret.
1461 4217 1526 4273 Id
1548 4223 1745 4274 autem
1774 4218 2073 4289 quomodo
2097 4218 2125 4273 ?

2245 4203 2823 4277 ττειπλουτησάντων.
2857 4209 2918 4267 Εἰ
2975 4210 3317 4288 ἐκορέσοητε,
3378 4216 3424 4270 εί
3480 4216 3879 4293 ἐπλουτήσατε,

468 4301 618 4366 Quia
646 4308 932 4367 vestrum,
965 4304 1183 4376 inquit,
1213 4322 1461 4379 regnum
1493 4311 1652 4361 esset
1675 4323 1897 4362 meum.
1924 4305 2120 4378 Siqui-

463 4388 599 4444 dem
635 4393 985 4465 praeceptori
1016 4392 1205 4466 gloria
1231 4400 1341 4459 est,
1374 4411 1509 4449 cum
1560 4394 1839 4466 discipuli
1889 4395 1951 4449 in
2003 4393 2117 4449 fide

469 4476 637 4533 ditati
673 4485 830 4535 sunt.
883 4481 940 4535 Si
996 4482 1245 4537 saturati
1302 4482 1464 4547 estis,
1516 4481 1563 4535 si
1617 4482 1783 4537 ditati
1845 4482 2009 4549 estis,
2067 4480 2116 4536 si

461 4583 707 4640 regnum
740 4567 940 4640 adepti
974 4570 1139 4636 estis,
1170 4568 1360 4641 gloria
1396 4574 1600 4622 nostra
1655 4575 1766 4637 est,
1821 4587 1957 4625 cum
1998 4586 2118 4624 una

2230 4294 2275 4350 εἷ
2307 4289 2709 4367 ἐϐασιλεύσατε,
2751 4294 2881 4370 δόξα
2938 4302 3097 4375 ἡμῶν
3154 4302 3267 4359 ἐστι
3324 4289 3878 4380 συμϐασιλευσάντων

2230 4385 2381 4476 ὑμῖν.
2411 4385 2596 4476 Ὑμεῖς
2624 4384 2734 4459 ἢδη
2769 4388 2821 4443 ἐν
2848 4390 3062 4466 Χριστῷ
3090 4392 3179 4448 καὶ
3209 4394 3518 4472 (φρόνιμοι,
3569 4399 3658 4453 καὶ
3720 4399 3883 4476 ἰσχυ-

2230 4474 2336 4549 ροὶ,
2366 4475 2458 4528 καὶ
2487 4472 2714 4545 ἔνδοξοι.
2746 4481 2919 4532 Ταῦτα
2959 4480 3063 4556 γὰρ
3126 4479 3382 4558 λέγοντος
3437 4484 3716 4560 εἰρωνείας

2227 4564 2465 4637 ῥήματα.

458 4654 760 4735 vobiscum
788 4647 1038 4728 regnum
1067 4655 1263 4726 adepti
1297 4654 1504 4709 simus.
1541 4656 1651 4711 Vos
1674 4656 1801 4727 jam
1835 4657 1895 4711 in
1925 4657 2157 4713 Christo
2189 4660 2249 4708 et
2274 4652 2597 4725 prudentes
2628 4656 2770 4711 estis
2798 4661 2856 4712 et
2883 4657 3067 4716 fortes
3099 4678 3167 4717 ac
3197 4664 3489 4735 praeclari.
3533 4668 3677 4723 Nam
3738 4668 3868 4725 hmc

458 4729 681 4798 ironice
709 4743 1012 4814 loquentis
1042 4741 1219 4797 verba
1246 4748 1404 4800 sunt.

526 4880 554 4907 ‹‹
591 4858 680 4925 ιν,
712 4859 863 4913 9-11.
928 4860 1126 4915 Videre
1183 4859 1374 4916 videor
1429 4862 1571 4916 enim
1628 4861 1775 4933 quod
1819 4864 1961 4918 Deus
2014 4879 2111 4917 nos

454 4946 731 5014 apostolos
748 4952 1053 5016 postremos
1081 4948 1411 5020 designavit,
1445 4956 1709 5020 tanquam
1736 4953 1902 5006 morti
1937 4951 2110 5007 desti-

452 5039 651 5089 natos:
684 5037 951 5103 quoniam
980 5038 1354 5107 spectaculum
1397 5041 1540 5108 facti
1585 5056 1770 5095 sumus
1811 5040 2016 5095 mundo
2059 5047 2109 5094 et

451 5119 665 5189 angelis
693 5138 757 5176 ac
787 5122 1125 5182 hominibus.
1187 5128 1290 5182 Nos
1336 5127 1494 5181 stulti
1529 5134 1761 5199 propter
1811 5127 2104 5196 Christum,

452 5224 546 5264 vos
576 5216 757 5265 autem
777 5213 1081 5282 prudentes
1133 5212 1189 5269 in
1221 5214 1470 5275 Christo:
1516 5232 1614 5272 nos
1661 5216 1971 5287 imbecilles,
2015 5233 2107 5272 vos

449 5304 634 5355 autem
664 5302 878 5367 validi;
908 5319 999 5359 vos
1029 5303 1321 5374 praeclari,
1373 5320 1471 5360 nos
1517 5312 1704 5361 autem
1759 5307 1987 5376 inglorii
2032 5309 2107 5362 ad

446 5386 546 5444 hoc
578 5404 748 5461 usque
780 5396 1012 5463 tempus.

519 5476 847 5549 Muarentis,
879 5482 999 5538 imo
1032 5480 1230 5554 potius
1264 5481 1324 5537 iu
1376 5482 1654 5539 ruborem
1702 5486 2103 5542 convertentis

517 5603 584 5639 ’θ’
620 5606 792 5662 Marc.
830 5623 908 5673 Ix,
945 5609 1031 5662 34.

2289 4862 2445 4912 Δοκῶ
2482 4857 2608 4932 γὰρ,
2674 4858 2759 4915 ’ὁτι
2819 4862 2848 4916 6
2916 4865 3046 4927 Θεὸς
3112 4868 3260 4941 ἡμᾶς
3325 4870 3453 4933 τοὺς
3528 4870 3874 4938 ἀποστόλους

2217 4943 2480 5022 ἐσχάτους
2570 4944 2841 5019 ἀπέδειξεν
2936 4974 3011 5016 ως
3088 4954 3491 5022 ἐπιθανατίους.
3558 4962 3676 5016 Ὅτι
3743 4961 3866 5026 θέα-

2216 5054 2386 5127 τρον-
2420 5033 2758 5127 ἐγενήθημεν
2831 5045 2910 5112 τῷ
2985 5042 3201 5118 κόσμῳ,
3275 5048 3367 5102 καὶ
3442 5049 3702 5127 ἀγγέλοις
3772 5051 3865 5106 καὶ

2216 5123 2550 5214 ἀνθρώποις.
2624 5125 2819 5200 Ἡμεῖς
2896 5134 3076 5207 μωροὶ
3152 5131 3242 5190 διὰ
3317 5123 3572 5213 Χριστὸν,
3615 5140 3770 5214 ὑμεῖς
3806 5137 3868 5195 δὶ

2215 5215 2476 5291 φρόνιμοι
2535 5212 2587 5268 ἐν
2642 5216 2879 5301 Χριστῷ.
2951 5223 3138 5296 Ἡμεῖς
3217 5212 3481 5299 ἀσθενεῖς,
3570 5212 3726 5301 ὑμεῖς
3807 5225 3869 5291 δὲ

2217 5303 2456 5446 ἰσχυρέ.
2494 5304 2675 5377 Ὑμεῖς
2712 5299 2945 5382 ἔνδοξοι,
2985 5314 3153 5386 ἡμεῖς
3195 5312 3251 5371 δὲ
3301 5312 3513 5391 ἄτιμοι,
3575 5299 3707 5394 ἀχρι
3767 5319 3867 5387 τῆς

2217 5413 2334 5446 αοτι
2414 5412 2535 5446 ωας.

2212 5413 2334 5468 αρτι
2364 5412 2535 5470 ωφας.

2285 5481 2666 5554 Λυπουμένου,
2702 5485 2917 5557 μᾶλλον
2952 5484 3010 5545 δὲ
3039 5489 3391 5569 ἐντρέποντος
3431 5496 3521 5551 καὶ
3561 5496 3868 5576 καταισχύ-
