4198 6200
348 346 355 351 ’
392 374 511 434 689

1353 366 1762 427 COMMENT.
1811 366 1885 426 ΙΝ
1931 368 2177 430 EPIST.
2228 372 2250 431 ί
2294 374 2398 433 AD
2444 373 2810 437 CORINTH.

3686 376 3806 438 690

385 522 571 562 νοντος
604 500 830 578 ῥήματα
860 497 1025 574 λέγει.
1060 497 1149 559 Ὠς
1207 495 1310 573 γὰρ
1368 498 1502 570 δρῶ,
1557 496 1713 575 φησῖ,
1761 497 1850 552 καὶ
1883 497 1931 567 ἐξ
1965 498 2035 553 ὧν

2157 519 2225 557 ac
2256 505 2686 574 pudefacientis
2716 508 2892 564 verba
2922 508 3203 579 loquitur.
3221 511 3362 564 Nam
3393 513 3460 563 ut
3487 509 3677 578 video,
3710 511 3805 566 in-

386 599 547 668 ὑμεῖς
580 595 812 653 ποιεῖτε,
863 592 1029 662 ἡμεῖς
1088 589 1139 642 οἱ
1196 584 1527 654 ἀπόστολοι,
1581 582 1804 662 ἔσχατοι
1835 590 2048 643 πάντων

384 683 536 757 παρά
594 684 732 737 Θεοῦ
784 674 1211 752 ἀπεδείχθημεν,
1271 675 1345 737 ὡς
1417 672 1701 730 κατάδικοί
1757 696 1898 738 τινες
1956 676 2045 731 καὶ

383 771 747 837 ἐπιθανάτιοι,
779 767 1080 832 τουτέστιν⁹
1138 765 1219 827 εἰς
1273 764 1337 819 τὸ
1388 763 1703 838 φονεύεσθαι
1744 770 1905 819 πᾶσιν
1947 764 2043 819 εύ-

386 865 594 938 χερεῖς.
626 859 818 931 Ἡμεῖς
878 856 974 929 μὲν
1035 852 1127 909 οῦν
1186 852 1265 915 εἷς
1321 852 1384 907 τὸ
1437 853 1668 928 πάσχειν
1695 857 1881 917 κακῶς
1907 872 2047 928 προ-

378 937 629 1025 κείμεθα,
685 948 842 1019 ὑμεῖς
903 941 962 1000 δὲ
1016 941 1127 1015 ἤδη
1186 937 1589 1000 ἐϐασιλεύσατε.
1647 943 1732 1012 Ἐξ
1790 942 1866 996 ὧν
1915 943 2042 1019 γὰρ,

382 1041 568 1122 φησὶν,
603 1040 760 1113 ὑμεῖς
815 1031 1202 1091 ἐϐασιλεύσατε
1260 1030 1403 1088 οὓτω
1458 1032 1697 1106 ταχέως,
1730 1031 1806 1092 ὡς
1835 1031 2044 1105 νομίζω

381 1117 566 1203 (τοῦτο
598 1125 750 1204 λέγει
778 1126 864 1193 τὸ,
911 1128 1109 1194 Δοκῶ),
1168 1125 1332 1195 ἡμεῖς
1391 1121 1728 1198 γινώσκομεν
1763 1119 1844 1175 ὅτι
1877 1117 2047 1196 ἔσχακ

380 1240 468 1275 τοι
523 1219 586 1273 τὸ
640 1221 827 1276 κακῶς
879 1214 1115 1291 πάσχειν
1175 1210 1630 1285 κατακεκρίμεθα.
1694 1209 1925 1265 Δυνατὸν
1987 1206 2044 1264 δὲ

383 1307 480 1362 καὶ
509 1306 647 1361 κατά
676 1303 981 1378 ἀπόφανσιν
1038 1300 1132 1355 καὶ
1191 1298 1242 1371 ἐξ
1302 1296 1509 1358 εὐθείας
1541 1291 1728 1351 λαϐεῖν
1759 1296 1822 1352 τὸ
1853 1296 2041 1370 ῥητόν.

381 1399 539 1451 Δοκῶ
570 1395 699 1470 γὰρ,
731 1391 920 1462 φησὶν,
961 1388 1044 1444 ὅτι
1103 1390 1254 1460 ἡμᾶς
1304 1385 1433 1448 τοὺς
1486 1385 1846 1456 ἀποστόλους,
1878 1384 2044 1464 ἐσχά-

376 1502 508 1543 τους
553 1483 799 1554 κήρυκας
851 1478 944 1534 καὶ
1004 1472 1371 1537 διδασκάλους
1429 1474 1587 1547 ὑμῶν
1644 1474 2041 1548 προεστήσατο,

386 1574 508 1646 μεθ’
538 1572 633 1632 οὒς
663 1568 766 1625 οὐκ
815 1565 875 1623 ἅν
904 1586 989 1628 τις
1048 1563 1258 1628 ἂλλους
1317 1562 1631 1642 ἀλλαχόθεν
1658 1564 1819 1619 ποθὲν
1847 1561 2043 1642 ἀναφα-

378 1661 558 1723 νὲντας
618 1658 827 1737 ὀφείλει
886 1653 1308 1730 προσδέχεσθαι.
1363 1654 1442 1711 Ού
1473 1654 1580 1729 γὰρ
1609 1651 1670 1707 ἂν
1705 1649 1924 1718 εἴποιεν,
1959 1652 2042 1708 ὅτι

379 1751 473 1807 καὶ
533 1749 687 1805 αύτοί
749 1748 855 1803 ἀπὸ
913 1748 1156 1822 Χριστοῦ
1228 1741 1631 1814 ἀπεστάλησαν.
1693 1743 1883 1815 Ἰιμεῖς
1938 1741 2041 1818 γὰρ

380 1839 542 1914 ἐσμεν
622 1839 678 1892 οἱ
754 1836 1089 1900 ἐπιθανάτιοι

379 1926 739 1994 ἐπιθανάτιοι,
800 1922 977 2000 διχῶς
1033 1920 1093 1978 ἃν
1148 1920 1394 1992 νοηθείη,
1451 1919 1488 1990 ἢ
1547 1921 1633 1976 ὃτι
1688 1919 1777 1974 καὶ
1827 1920 1880 1974 οἱ
1917 1922 2036 1973 κατ’

378 2017 542 2072 αύτὸν
601 2017 692 2071 τὸν
748 2016 974 2071 θάνατον
1023 2013 1355 2087 κυρωθέντες
1414 2011 1547 2065 εἶναι
1612 2010 1871 2085 μαθηταὶ,
1908 2029 2035 2064 συν-

377 2106 590 2162 τάττων
620 2106 711 2160 καὶ
770 2104 955 2160 ἑαυτὸν
1014 2106 1135 2166 τοῖς
1188 2099 1386 2163 ἄλλοις
1444 2102 1734 2173 μαθηταῖς,
1777 2099 1869 2154 καὶ
1926 2098 2034 2154 ἀπὸ

374 2201 486 2251 τῶν
542 2193 811 2251 πλειόνων
874 2192 1019 2248 οὕτω
1070 2191 1274 2252 πάντας
1334 2187 1636 2261 ὀνομάζων
1667 2185 1705 2257 ἤ
1738 2207 2035 2266 μεταφορι-

375 2288 491 2344 κῶς
548 2284 631 2351 τὸ,
690 2280 1048 2347 ἐπιθανάτιοι,
1108 2280 1227 2335 οἷον
1283 2278 1336 2333 οἱ
1397 2272 1633 2353 βέϐαιοι,
1667 2277 1718 2331 οἱ
1748 2274 2031 2347 ἀληθινοὶ,

381 2374 504 2446 μεθ’
534 2374 630 2435 οὕς
662 2372 761 2427 ούκ
816 2370 951 2426 εἰσὶν
1010 2367 1199 2435 ἄλλοι,
1258 2367 1365 2422 ἀπὸ
1391 2371 1499 2422 τῶν
1528 2364 1881 2431 ἐπιθανατίων
1912 2362 2032 2420 δια-

378 2464 586 2531 θηκῶν.
649 2462 819 2519 Αῦται
874 2461 975 2535 γὰρ
1036 2457 1141 2514 ιίσι
1200 2451 1414 2533 βέϐαιοι
1470 2456 1560 2510 καὶ
1619 2455 2029 2529 ἀμετακίνητοι.

379 2548 451 2610 Αἵ
480 2573 538 2607 τε
564 2550 664 2627 γάρ
709 2550 816 2625 πρὸ
846 2550 1046 2617 αὐτῶν,
1103 2552 1404 2615 κινοῦνται,
1462 2546 1553 2601 καὶ
1611 2547 1667 2599 αἱ
1723 2546 1838 2618 μετ’
1863 2545 2029 2607 αὐτὰς

378 2639 460 2713 δὲ,
491 2639 728 2697 πλασταὶ
760 2640 849 2695 καὶ
882 2633 1178 2709 ἀκίϐδηλοι
1226 2637 1318 2693 καὶ
1375 2632 1687 2706 ἀπόϐλητοι
1716 2634 1869 2708 νόμῳ
1896 2656 2029 2711 τυγ-

380 2734 636 2810 χάνουσι.
670 2730 772 2787 Καὶ
800 2728 864 2784 τὸ
896 2732 1051 2783 Δοκῶ
1091 2723 1169 2796 δὲ,
1229 2727 1291 2781 ού
1345 2722 1669 2798 δισταγμοῦ,
1702 2721 1831 2779 αλλ’
1858 2722 2028 2810 ἤθους

377 2808 520 2875 ἐστὶν
550 2817 898 2897 ἐμφαντικόν.
952 2817 1089 2873 Εἶτα
1146 2814 1237 2870 καὶ
1293 2814 1456 2877 πόθεν
1504 2810 1699 2881 δῆλον,
1732 2812 1915 2890 φησὶν,
1945 2808 2027 2866 ὅτι

377 2903 605 2985 ἔσχατοι
662 2908 753 2962 καὶ
809 2904 1141 2972 τελευταῖοι,
1197 2902 1285 2959 καὶ
1344 2909 1459 2977 μεθ’
1508 2902 1602 2965 οὕς
1631 2900 1730 2956 ούκ
1759 2897 1900 2956 ἔστιν
1928 2899 2027 2957 ἅλ-

376 2995 512 3060 λους
536 2993 683 3051 ἂλλα
711 2993 1084 3068 κηρύσσοντας
1112 2988 1510 3069 ἀποδειχθῆναι
1536 3009 1550 3059 ;
1590 3011 1613 3039 α
1648 2991 1879 3062 Θὲατρον
1911 2988 2026 3064 ἐγε-

375 3087 623 3157 νήθημεν
654 3087 734 3156 τῷ
762 3083 976 3154 κόσμῳ,
1011 3105 1040 3132 ››
1066 3081 1248 3157 φησίν.
1307 3080 1368 3136 Ὀ
1416 3078 1626 3150 κόσμος
1657 3077 1838 3142 αὐτὸς,
1870 3077 2024 3145 φησὶ,

372 3175 465 3230 καὶ
497 3176 533 3243 ἡ
578 3171 873 3245 οἶκουμὲνη
922 3174 1085 3225 τοῦτο
1136 3173 1415 3245 μαρτυρεῖ,
1465 3167 1556 3222 καὶ
1606 3165 1667 3222 ού
1721 3166 1884 3239 μόνον
1932 3166 2027 3220 ἅν-

375 3275 614 3336 θρωποι,
646 3259 797 3316 ἀλλά
832 3257 923 3315 καί
978 3260 1034 3314 αῖ
1092 3257 1201 3313 ἅνω
1254 3261 1361 3312 τῶν
1394 3255 1643 3331 ἀγγέλων
1675 3256 1869 3325 τάξεις.
1903 3260 2026 3316 Πῶς

372 3350 467 3408 οῦν
505 3354 704 3425 ὑμεῖςς
738 3351 815 3413 ὡς
862 3348 1109 3424 ἀρχηγοὶ
1156 3354 1350 3416 καινῆς
1395 3344 1747 3408 διδασκαλίας
1778 3345 1869 3400 καὶ
1900 3347 2032 3399 καθ-

372 3440 584 3516 ηγηταί
616 3441 909 3520 φυσιοῦσθε
956 3437 1048 3493 καὶ
1108 3434 1429 3511 ἐπαίρεσθες
1488 3434 1552 3492 Εἴ
1583 3434 1678 3507 μὲν
1709 3435 1813 3510 γάρ
1845 3432 1878 3488 ἃ
1906 3433 2032 3508 παρ’

371 3532 537 3603 ἡμῶν
593 3525 999 3604 παρειλήφατε,
1077 3522 1378 3592 διδάσκετε,
1458 3522 1695 3596 μαθηταί
1750 3520 1886 3589 ἐστε,
1941 3521 2032 3577 καὶ

370 3618 552 3693 μάτην
585 3616 948 3695 ἐφυσιώθητε.
990 3613 1054 3671 Εἰ
1108 3611 1168 3669 δὶ
1225 3613 1397 3687 ὶτέρῳ
1425 3613 1554 3685 παρ’
1581 3609 1613 3666 ἃ
1639 3610 2032 3688 παρειλήφατε,

378 3708 672 3785 γινώσκετε
723 3705 807 3761 ὅτι
857 3706 1022 3777 ἡμεῖς
1071 3702 1232 3777 ἰσμεν
1280 3700 1373 3762 οὕς
1422 3698 1686 3775 ἐσχάτους
1725 3700 1815 3754 καὶ
1843 3699 2031 3755 τελευ-

371 3797 562 3857 ταίους
612 3795 704 3850 καὶ
782 3793 1163 3856 ἐπιθανατίους
1237 3791 1265 3845 ὁ
1350 3789 1478 3851 Θεὸς
1540 3786 1799 3858 ἀπέδειξε.
1863 3789 2033 3843 Πόθεν

375 3887 470 3942 οὖν
533 3885 690 3958 ὑμεῖς
746 3879 1149 3958 παρειληφότες
1208 3876 1525 3945 διδάσκετε;
1585 3878 1649 3936 Ei
1707 3878 1811 3954 γὰρ
1868 3880 2034 3950 ἡμεῖς

372 3974 535 4048 ἐσμεν
594 3974 689 4034 οὕς
722 3973 751 4027 ὃ
780 3971 908 4033 Θεὸς
964 3967 1314 4032 τελευταίους
1363 3967 1454 4023 καὶ
1488 3966 1866 4031 ἐπιθανατίους
1897 3968 2033 4022 ἀπο-

379 4062 615 4126 στόλους
646 4058 910 4134 ἀπέδειξε,
942 4056 1113 4125 δῆλον
1163 4057 1246 4112 ὅτι
1305 4055 1357 4112 εἴ
1409 4078 1463 4112 τι
1494 4057 1739 4137 χρηστὸν
1765 4053 2037 4130 παρειλή-

381 4173 516 4232 φατε
549 4152 779 4225 μάθημα
808 4150 900 4204 καὶ
954 4147 1310 4221 κατόρθωμα,
1362 4145 1423 4201 ἐκ
1460 4147 1569 4200 τῶν
1619 4144 1901 4217 ἡμετέρων
1933 4144 2036 4232 πό-

378 4231 487 4298 νων
518 4241 613 4296 καὶ
646 4247 747 4309 τῆς
789 4233 1168 4302 διδασκαλίας,
1205 4235 1333 4308 ὑμῖν
1373 4234 1751 4307 προσγέγονεν.
1788 4231 1912 4295 Εἴθε
1941 4231 2033 4285 οὗν

380 4330 433 4386 ἐν
488 4330 704 4390 τούτοις
763 4325 1159 4396 ἐπλουτήσατε,
1219 4321 1328 4387 ιῖθε
1384 4317 1788 4388 ἐϐασιλεύσατε,
1816 4321 1908 4373 ἳνα
1944 4325 2036 4379 καὶ

379 4421 547 4491 ἡμεῖς
578 4418 706 4491 ὗμιν
742 4417 794 4471 οἳ
827 4414 1112 4489 σπέρματα
1137 4418 1240 4481 τῆς
1287 4409 1616 4486 θεογνωσίας
1642 4408 1732 4463 καὶ
1764 4413 1870 4462 τῶν
1903 4406 2036 4481 ἀρε-

373 4513 486 4563 τῶν
515 4502 940 4574 καταϐαλόντες,
1000 4496 1544 4574 συμϐασιλεύσωμεν.
1596 4496 1771 4554 Ἀλλά
1796 4493 2035 4562 δέδοικα,

2153 594 2300 662 quit,
2325 610 2395 649 ex
2426 595 2518 650 bis
2558 597 2734 651 etiam
2767 614 2899 667 quae
2929 614 3029 651 vos
3059 598 3252 669 agitis,
3278 615 3387 653 nos
3418 598 3669 669 apostoli
3701 615 3806 655 no-

2151 681 2375 738 vissimi
2419 685 2686 740 omnium
2719 702 2754 740 a
2784 686 2902 741 Deo
2934 685 3224 758 designati
3258 703 3484 751 sumus,
3518 691 3802 757 tanquam

2151 772 2351 827 nescio
2382 774 2504 843 qui,
2527 775 2909 830 condemnati
2936 791 3005 830 ac
3027 775 3205 830 morti
3233 774 3660 831 destinatilloc
3691 782 3802 847 est,

2149 864 2216 914 ut
2242 860 2414 916 facile
2446 861 2517 917 ab
2549 863 2827 918 omnibus
2859 864 3221 921 occidamur.
3257 864 3561 935 Siquidem
3601 882 3710 921 nos
3741 871 3807 921 ut

2149 949 2323 1004 malis
2379 950 2713 1007 afﬁciamur
2769 953 3143 1024 exponimur,
3175 971 3275 1009 vos
3310 960 3508 1009 autem
3556 972 3805 1028 regnum

2140 1037 2269 1109 jam
2300 1039 2498 1112 adepti
2529 1042 2689 1096 estis.
2730 1044 2814 1097 Ex
2845 1059 2914 1097 eo
2947 1043 3112 1097 enim
3146 1044 3302 1113 quod
3333 1060 3432 1098 vos
3463 1043 3610 1099 adeo
3642 1044 3806 1099 brevi

2147 1142 2395 1201 regnum
2426 1129 2624 1201 adepti
2657 1130 2820 1198 estis,
2848 1147 2980 1198 nos,
3005 1136 3072 1185 ut
3099 1131 3358 1187 arbitror
3387 1132 3550 1203 (nam
3575 1133 3688 1187 hoc
3720 1137 3808 1187 est

2149 1217 2307 1286 quod
2337 1218 2627 1289 preemisit
2684 1240 2712 1270 ι(
2745 1219 2955 1275 Videre
3016 1219 3223 1277 videor
3252 1242 3280 1270 ››
3315 1220 3331 1293 )
3394 1222 3803 1293 cognoscimus

2148 1305 2306 1375 quod
2336 1306 2640 1362 novissimi
2700 1308 3174 1364 condemnamur
3204 1314 3272 1365 ut
3299 1309 3457 1365 mala
3485 1310 3802 1381 patiamur.

2147 1396 2347 1450 Potest
2366 1412 2601 1467 quoque
2624 1395 2974 1452 afﬁrmative
2996 1402 3275 1468 rectaque
3298 1399 3593 1453 sententia
3613 1399 3801 1469 accipi

2148 1484 2308 1555 quod
2342 1484 2567 1540 dictum
2594 1490 2702 1541 est.
2737 1485 2948 1541 Videre
2974 1486 3197 1555 videor,
3222 1487 3440 1557 inquit,
3464 1486 3624 1558 quod
3649 1488 3802 1542 Deus

2149 1590 2257 1628 nos
2287 1573 2607 1645 apostolos,
2629 1579 2962 1646 postremos
2984 1575 3403 1647 praedicatores
3426 1591 3494 1630 ac
3526 1576 3800 1631 doctores

2146 1668 2374 1718 vestros
2402 1665 2732 1732 constituit,
2766 1670 2903 1736 post
2952 1682 3101 1736 quos
3153 1682 3330 1721 nemo
3362 1681 3624 1736 unquam
3653 1665 3803 1720 alios

2149 1753 2391 1808 aliunde
2421 1758 2778 1826 apparentes
2800 1754 3045 1810 deberet
3071 1756 3394 1826 suscipere.
3418 1757 3803 1826 Nequaquam

1190 1830 1603 1892 ἀποσταλέντες.
1679 1830 1756 1889 Τὸ
1833 1826 1910 1899 δὶ,
1989 1829 2035 1884 οἱ

2152 1840 2312 1896 enim
2344 1841 2540 1897 dicere
2571 1847 2819 1913 possent
2848 1842 3004 1913 quod
3038 1842 3149 1914 ipsi
3172 1859 3408 1914 quoque
3432 1859 3466 1898 a
3489 1844 3604 1897 Deo
3638 1841 3805 1896 missi

2150 1935 2307 1984 sunt.
2335 1932 2449 1985 Nos
2475 1932 2635 1985 enim
2668 1931 2833 1986 missi
2862 1948 3068 1987 sumus
3096 1948 3132 1986 a
3163 1932 3281 1986 Deo
3313 1930 3617 1986 destinati.
3641 1929 3808 1996 Quod

2149 2025 2347 2074 autem
2381 2018 2466 2074 ait
2494 2017 2547 2072 οἷ
2578 2016 2914 2073 ἐπιθανάτιοι
2943 2019 3264 2091 dupliciter
3291 2018 3544 2091 intelligi
3573 2022 3805 2089 potest:

2146 2112 2249 2162 aut
2296 2108 2436 2177 quia
2484 2108 2638 2164 4η
2689 2108 2888 2163 caeteri
2940 2106 3217 2179 discipuli
3267 2106 3367 2176 qui
3401 2124 3505 2162 suo
3536 2111 3804 2178 tempore

2144 2196 2401 2265 fuerant,
2421 2197 2596 2252 morti
2618 2195 2838 2252 addicti
2861 2201 3052 2263 erant,
3076 2196 3335 2267 seipsum
3362 2211 3598 2267 quoque
3624 2199 3804 2251 caste-

2147 2285 2291 2341 teris
2321 2291 2680 2341 aunumerat
2733 2285 3067 2357 discipulis,
3129 2289 3188 2339 et
3237 2301 3503 2340 omnesa
3531 2284 3802 2356 pluribus

2144 2374 2516 2431 denominat.
2530 2378 2647 2430 Aut
2665 2380 2732 2430 ut
2750 2374 3157 2446 metaphorice
3179 2379 3447 2429 sumatur
3468 2371 3803 2428 ἰπιθανάτιοι

2143 2463 2300 2519 idem
2333 2464 2681 2537 significans
2738 2463 2898 2536 quod
2951 2463 3121 2532 certi,
3161 2463 3304 2529 veri,
3339 2468 3474 2535 post
3502 2480 3650 2533 quos
3679 2479 3802 2519 non

2145 2558 2285 2607 sunt
2314 2551 2414 2607 alii
2442 2569 2455 2607 :
2489 2550 2996 2624 quemadmodum
3029 2552 3210 2608 etiam
3238 2550 3518 2608 dicuntur
3546 2549 3797 2606 ἑπιθανά-

2139 2658 2252 2693 τιαι
2277 2634 2559 2708 διαθῆκαι,
2583 2640 2643 2694 id
2666 2640 2957 2707 est,ﬂrma
2976 2645 3400 2711 postremaque
3423 2644 3799 2697 testamenta:

2143 2744 2360 2800 nempe
2391 2744 2459 2784 eo
2492 2728 2651 2800 quod
2702 2728 2823 2783 sint
2852 2729 3291 2795 immutabilia;
3324 2745 3465 2783 nam
3497 2745 3628 2797 quaa
3659 2733 3798 2782 ante

2140 2817 2247 2873 illa
2276 2821 2435 2882 sunt,
2468 2822 2796 2884 mutantur,
2819 2834 2948 2886 quas
2976 2832 3111 2872 vero
3143 2822 3276 2889 post
3299 2817 3422 2882 illa,
3448 2816 3584 2870 ﬁcta
3614 2832 3681 2870 ac
3714 2816 3798 2869 ir-

2140 2907 2254 2961 rita
2284 2911 2444 2971 sunt,
2478 2909 2537 2960 et
2586 2904 2714 2976 lege
2746 2904 3121 2976 rejiciuntur.
3156 2907 3379 2960 Rursus
3420 2904 3577 2974 quod
3609 2903 3793 2958 dicit:

2140 3015 2168 3043 ‹‹
2198 2994 2408 3048 Videre
2436 2992 2659 3058 videor,
2696 3014 2724 3041 »
2757 3009 2878 3046 non
2908 2992 3300 3047 bmsitationis
3332 2998 3440 3062 est,
3474 2992 3577 3046 sed
3608 2992 3792 3047 moris

2139 3080 2618 3153 signiﬁcativum.
2652 3080 2741 3134 Ad
2770 3080 2918 3145 baac,
2950 3080 3132 3146 unde,
3164 3080 3383 3151 inquit,
3410 3080 3795 3136 manifestum

2139 3175 2230 3225 est
2258 3168 2417 3240 quod
2447 3169 2731 3240 postremi
2763 3184 2831 3223 ac
2862 3168 3169 3224 novissimi
3202 3168 3491 3242 designati
3523 3169 3800 3235 simus,et

2139 3263 2274 3330 post
2303 3274 2451 3330 quos
2480 3274 2601 3313 non
2633 3258 2712 3313 sit
2739 3258 2890 3313 alios
2919 3257 3046 3314 dari
3091 3259 3513 3330 praedicatores
3535 3259 3563 3314 ?
3597 3278 3618 3307 ι
3652 3260 3801 3324 Quia

2139 3346 2544 3419 spectaculum
2586 3347 2726 3403 facti
2783 3363 2989 3402 sumus
3046 3347 3293 3413 mundo,
3323 3368 3351 3398 υ
3386 3348 3507 3414 ait;
3538 3347 3800 3403 mundus

2136 3438 2262 3509 ipse
2295 3436 2578 3507 orbisque
2611 3442 2905 3491 terrarum
2956 3436 3068 3491 hoc
3100 3441 3373 3501 testatur,
3406 3452 3516 3492 nec
3547 3436 3657 3492 soli
3692 3436 3805 3491 ho-

2137 3527 2353 3595 mines,
2375 3524 2479 3581 sed
2502 3530 2561 3579 et
2582 3525 2824 3597 superni
2847 3525 3197 3597 angelorum
3220 3524 3796 3592 ordines.Quomodo

2137 3631 2238 3670 vos
2267 3620 2555 3686 tanquam
2582 3619 2854 3669 auctores
2899 3630 2967 3669 ac
3014 3612 3279 3685 magistri
3313 3630 3480 3669 novae
3511 3614 3797 3670 doctrinm

2137 3703 2433 3758 inflamini
2465 3718 2533 3757 ac
2565 3701 2863 3774 erigimini
2884 3702 2913 3757 ?
2941 3703 3173 3757 Etenim
3197 3702 3246 3757 si
3271 3717 3341 3756 ea
3364 3700 3589 3756 docetis
3612 3719 3743 3772 quae
3766 3718 3802 3757 a

2139 3793 2314 3849 nobis
2346 3792 2684 3865 accepistis,
2740 3792 3021 3864 discipuli
3076 3792 3219 3848 estis
3257 3790 3595 3862 frustraque
3626 3791 3798 3846 infla-

2140 3882 2311 3938 mini.
2347 3881 2403 3936 Si
2433 3897 2569 3936 vero
2600 3880 2720 3935 alia
2775 3880 2849 3935 ab
2908 3880 3003 3933 his
3060 3896 3193 3950 quae
3223 3878 3557 3949 accepistis,
3586 3878 3795 3934 scitote

2140 3969 2297 4042 quod
2329 3986 2437 4025 nos
2462 3969 2503 4023 ii
2533 3985 2739 4024 sumus
2769 3984 2918 4038 quos
2948 3967 3101 4021 Deus
3131 3970 3462 4037 postremos
3491 3982 3559 4021 ac
3585 3965 3795 4021 tlnales

2139 4066 2452 4130 certosque
2483 4058 2784 4130 apostolos
2813 4056 3163 4129 designavit,
3222 4055 3342 4111 sive
3399 4053 3794 4119 ἐπιθανατίους.

2142 4148 2306 4206 Unde
2340 4148 2518 4217 igitur
2546 4145 2861 4216 accepistis
2883 4160 2953 4199 ea
2973 4161 3106 4215 qum
3138 4144 3366 4200 docetis
3387 4146 3415 4201 ?
3442 4147 3585 4201 Nam
3610 4146 3659 4201 si
3688 4163 3798 4201 nos

2142 4253 2348 4294 sumus
2370 4253 2519 4307 quos
2541 4237 2694 4291 Deus
2712 4234 3068 4290 novissimos
3090 4251 3159 4290 ac
3179 4240 3514 4306 postremos
3536 4235 3803 4307 designa—

2140 4326 2242 4395 vit,
2257 4324 2639 4379 manifestum
2660 4329 2747 4378 est
2769 4322 2927 4393 quod
2944 4322 2994 4377 si
3016 4339 3194 4393 quam
3215 4323 3423 4378 utilem
3446 4324 3803 4394 doctrinam,

2139 4413 2442 4469 facinusve
2469 4412 2769 4484 egregium
2793 4412 3166 4483 acceperitis,
3199 4428 3234 4466 a
3255 4411 3476 4466 nostris
3499 4411 3803 4466 laboribus

2140 4519 2209 4559 ac
2238 4500 2577 4573 disciplinis
2608 4499 2770 4555 vobis
2801 4499 3339 4572 provenit.Utinam
3375 4516 3511 4573 ergo
3539 4517 3647 4572 per
3677 4499 3803 4555 haec

386 4601 464 4672 μή
500 4600 613 4677 οὐχ
643 4597 816 4658 οὕτως
846 4590 952 4671 ἔχῃ
982 4594 1051 4649 τὰ
1080 4591 1336 4667 ὑμέτερα.
1370 4614 1397 4641 «ι
1431 4587 1569 4649 Τοὺς
1609 4582 1973 4651 ἀποστόλους.
2008 4610 2035 4639 »

2144 4589 2303 4647 iitati
2343 4591 2497 4655 sitis,
2532 4588 2757 4645 utinam
2811 4605 3059 4662 regnum
3114 4588 3334 4661 adepti,
3367 4594 3432 4643 ut
3471 4595 3528 4644 et
3556 4606 3666 4644 nos
3698 4589 3801 4661 qui

380 4674 658 4766 Ἐμφασιν
686 4682 803 4762 ἔχει
835 4681 1081 4753 πολλὴν,
1111 4682 1195 4749 τὸ,
1220 4704 1249 4734 α
1271 4680 1450 4752 Ἡμᾶς
1479 4679 1607 4739 τοὺς
1635 4674 2030 4766 ἀποστόλους,ι

376 4765 627 4834 τουτέστι
657 4776 785 4837 τοὺς
801 4776 1036 4829 τοσαῦτα
1058 4770 1191 4844 ὑπὲρ
1214 4771 1449 4843 Χριστοῦ
1470 4765 1828 4828 πεπονθότας.
1855 4788 1884 4816 ι(
1912 4767 2037 4821 *Οτι

379 4867 603 4941 θέατρον
633 4862 861 4938 ἐγενήθη
873 4881 990 4935 μεν.
1020 4883 1048 4910 »
1074 4862 1196 4919 Πῶς
1226 4855 1302 4925 δὲ,
1336 4855 1491 4936 φησὶ,
1513 4856 1727 4928 νομίζω
1757 4855 1841 4909 ὃτι
1871 4848 2037 4930 ἔσχα-

378 4953 470 5010 τοί
531 4952 735 5025 ἐσμεν;
811 4951 938 5007 ’Ότι
1016 4945 1238 5021 θέατρον
1294 4949 1375 5017 τῷ
1430 4943 1626 5018 κόσμῳ
1679 4942 2036 5019 ἐγενήθημεν,

376 5041 681 5112 τουτέστιν,
710 5039 812 5095 ούκ
869 5036 926 5092 ἄν
991 5040 1089 5110 μιᾷ
1144 5032 1317 5109 γωνίᾳ
1368 5034 1673 5112 πάσχοντες
1703 5037 1908 5103 κακῶς,
1938 5031 2038 5087 ἀλ-

383 5132 458 5189 λὰ
485 5133 771 5205 πανταχοῦ
815 5133 942 5205 γῆς·
999 5124 1090 5180 καὶ
1150 5125 1308 5199 ὑμεῖς
1361 5120 1471 5193 ἤδη
1526 5122 1802 5196 βασιλείαν
1836 5123 2039 5197 ὀνειρο-

376 5220 602 5277 πολεῖτε
626 5237 640 5288 ;
666 5218 755 5287 Ἐξ
794 5217 867 5271 ὧν
906 5212 965 5269 δὶ
1010 5212 1135 5289 περῖ
1164 5218 1273 5268 τῶν
1304 5209 1630 5267 ἀποστόλων
1666 5215 1832 5267 ταῦτα
1864 5207 2037 5287 λέγει,

377 5307 616 5366 δείκνυσι
645 5310 746 5378 τὴν
777 5304 994 5361 ἱκείνων
1039 5302 1218 5373 οἴησιν
1272 5299 1499 5373 ματαίαν
1529 5300 1617 5355 καὶ
1643 5298 1837 5374 ψευδῆ.
1873 5323 1900 5352 ‹‹
1933 5300 2035 5356 Καὶ

367 5397 653 5475 ἀγγέλοις.
685 5420 713 5449 ››
745 5398 1011 5460 Τοιαῦτα,
1070 5390 1258 5468 φησὶν,
1319 5393 1480 5462 ἡμῶν
1535 5388 1603 5445 τὰ
1658 5387 2039 5463 παλαίσματα,

366 5490 445 5553 ὡς
474 5487 566 5543 καὶ
599 5484 906 5562 ἀγγελικῆς
938 5482 1080 5537 εἶναι
1114 5478 1347 5554 θεωρίας
1380 5476 1519 5552 ἄξια.

2145 4679 2310 4735 vobis
2340 4678 2553 4734 divinas
2586 4679 2817 4734 semina
2862 4677 3220 4750 cognitionis
3247 4694 3316 4733 ac
3346 4677 3627 4733 virtutum
3650 4679 3800 4750 jeci-

2146 4786 2301 4838 mus,
2350 4786 2469 4826 una
2520 4769 2822 4825 vobiscum
2860 4784 3199 4841 regnemus.
3236 4770 3449 4825 Verum
3488 4769 3691 4837 timeo,
3723 4785 3799 4824 ne

2145 4866 2339 4915 vestra
2366 4875 2489 4914 non
2515 4859 2599 4914 ita
2639 4874 2702 4913 se
2751 4856 3032 4913 habeant.
3065 4878 3095 4906 «
3126 4857 3462 4929 Apostolos.
3498 4879 3527 4907 »
3558 4858 3800 4914 Multam

2146 4948 2327 5004 habet
2346 4946 2676 5019 emphasim
2698 4946 2856 5018 quod
2879 4947 2991 5001 ait:
3018 4968 3046 4996 «ι
3064 4948 3179 5001 Nos
3196 4946 3562 5018 apostolos,»
3581 4948 3693 5004 hoc
3713 4954 3805 5003 est

2147 5037 2248 5108 qui
2282 5041 2447 5091 tanta
2476 5052 2584 5107 pro
2615 5035 2847 5090 Christo
2873 5033 3033 5106 passi
3057 5051 3283 5090 sumus.
3309 5058 3335 5085 «ι
3360 5036 3649 5101 Quoniam
3671 5054 3808 5110 spe-

2147 5124 2445 5181 ctaculum
2475 5124 2617 5179 facti
2648 5139 2873 5179 sumus.
2908 5145 2938 5173 n
2985 5122 3171 5188 Unde,
3205 5124 3421 5195 inquit,
3451 5125 3717 5181 adducor
3744 5131 3811 5180 ut

2147 5214 2483 5269 existimem
2537 5212 2696 5283 quod
2748 5212 3033 5284 postremi
3079 5211 3219 5267 facti
3252 5213 3486 5269 simus?
3514 5215 3806 5280 Quoniam

2150 5302 2557 5373 spectaculum
2587 5301 2797 5357 mundi
2849 5317 3094 5358 sumus:
3150 5302 3263 5358 hoc
3293 5310 3402 5369 est,
3436 5320 3557 5358 non
3588 5304 3651 5358 in
3681 5319 3801 5358 uno

2149 5390 2367 5463 angulo
2393 5390 2553 5446 mala
2582 5390 2928 5457 tolerantes,
2962 5390 3066 5446 sed
3106 5391 3328 5462 ubique
3380 5398 3709 5447 terrarum:
3742 5398 3802 5447 et

2147 5496 2249 5534 vos
2272 5480 2401 5551 jam
2426 5496 2672 5552 regnum
2705 5480 3063 5537 somniatis?
3109 5482 3397 5546 Quoniam
3440 5488 3638 5537 autem
3670 5482 3796 5536 haec

376 5579 522 5635 dicit
551 5578 623 5634 de
656 5574 964 5649 apostolis,
1000 5570 1266 5628 ostendit
1293 5569 1531 5625 illorum
1564 5568 2061 5625 existimationem
2090 5584 2302 5624 vanam
2351 5585 2503 5635 esse,
2535 5586 2604 5625 ac
2650 5570 2948 5628 fallacem.
2985 5591 3007 5619 ι
3043 5571 3112 5624 Ει
3135 5569 3384 5642 angelis.
3420 5592 3448 5621 »
3480 5570 3665 5637 Talia,
3696 5570 3789 5624 in-

382 5669 535 5743 quit,
563 5671 703 5723 sunt
730 5668 938 5720 nostra
966 5660 1314 5728 certamina,
1346 5664 1414 5713 ut
1439 5659 1706 5732 angelico
1738 5658 1918 5715 etiam
1946 5657 2125 5730 digna
2152 5660 2274 5717 sint
2296 5669 2563 5735 aspectu.
