4188 6196
496 416 607 478 691

498 637 932 713 pudefacientis
964 642 1071 694 est.
1105 638 1220 694 Nos
1267 643 1335 695 ut
1383 635 1550 693 video
1586 637 1750 693 stulti
1788 653 2013 702 sumus,
2048 635 2149 708 qui

497 729 638 787 talia
669 729 791 800 pati
823 728 1208 785 sustinemus.
1241 749 1266 778 «
1302 729 1415 784 Vos
1476 733 1674 786 autem
1708 727 2034 799 prudentes
2061 742 2152 779 es-

493 819 591 886 tis,
626 837 651 867 ιι
693 817 792 888 qui
825 816 908 871 ita
937 822 1133 872 vestra
1165 816 1601 888 disposueritis,
1636 822 1700 870 ut
1721 818 1848 888 jam
1895 813 2154 886 regnetis

493 909 554 964 in
585 908 842 973 Christo,
877 906 935 962 id
966 911 1075 972 est,
1111 907 1173 962 in
1204 906 1381 964 rebus
1415 924 1546 978 qum
1577 907 1878 962 Christum
1910 921 2152 960 concer-

493 1004 662 1055 nunt.
700 998 923 1055 Deinde
951 997 1258 1070 subjungit
1288 997 1796 1068 quodimbecilles
1828 1012 2064 1068 quoque
2095 999 2155 1050 et

494 1087 734 1159 inglorii
766 1105 832 1144 ac
865 1087 1218 1142 necessariis
1278 1088 1457 1145 rebus
1516 1093 1780 1160 egentes.
1820 1088 1928 1140 Vos
1957 1090 2153 1140 autem

497 1177 743 1233 omnino
773 1194 802 1232 e
834 1178 1085 1238 diverso,
1113 1182 1398 1248 tanquam
1425 1176 1534 1231 hoc
1565 1176 1878 1232 ostendere
1913 1174 2112 1228 volens
2138 1191 2151 1240 ;

497 1282 606 1322 nos
657 1265 853 1338 potius
886 1270 1094 1338 oporte
1140 1265 1316 1321 bonis
1360 1266 1498 1333 frui,
1541 1265 1640 1336 qui
1674 1263 1997 1320 modestias
2025 1261 2156 1318 tuli-

499 1372 652 1422 mus,
687 1371 754 1410 ac
785 1353 1208 1423 laboravimus,
1241 1370 1420 1425 quam
1449 1371 1572 1422 vos,
1597 1354 1697 1425 qui
1730 1354 1793 1410 in
1823 1351 1989 1408 nullo
2021 1351 2158 1406 fati-

496 1445 612 1518 gati
645 1444 787 1499 estis
818 1461 830 1498 :
883 1444 1042 1514 quod
1073 1442 1121 1498 si
1169 1461 1278 1498 nos
1309 1442 1576 1500 nondum
1609 1443 1884 1510 fruimur,
1919 1441 2021 1496 sed
2052 1441 2158 1497 ad—

495 1534 610 1589 huc
632 1532 791 1589 mala
821 1533 1102 1605 patimur,
1128 1532 1426 1604 quomodo
1456 1549 1557 1587 vos
1581 1537 1862 1602 tanquam
1893 1529 2156 1603 praemiis

495 1640 602 1696 per
626 1623 784 1678 dona
811 1623 1102 1691 fruentes,
1137 1627 1196 1678 et
1242 1623 1411 1694 quasi
1432 1624 1560 1696 jam
1595 1639 1840 1696 regnum
1871 1619 2156 1678 ccelorum

495 1715 558 1770 in
592 1714 869 1770 manibus
903 1713 1192 1770 habentes
1219 1714 1404 1788 (quod
1435 1715 1708 1787 superius
1742 1715 2036 1787 designat,
2066 1713 2158 1768 di-

497 1796 675 1858 cens:
711 1825 737 1853 «
767 1803 893 1858 Jam
923 1819 1174 1875 regnum
1205 1801 1404 1874 adepti
1447 1803 1588 1858 estis
1624 1826 1650 1853 ››
1689 1803 1705 1873 )
1737 1804 2050 1876 magniﬁce
2083 1803 2156 1858 de

497 1892 663 1947 vobis
711 1891 966 1960 sentitis,
1001 1897 1057 1947 et
1104 1908 1203 1946 vos
1251 1892 1414 1965 ipsos
1453 1892 1696 1964 jactatis
1721 1893 1748 1948 ?
1779 1915 1806 1943 ‹‹
1842 1894 1957 1947 Nos
1989 1891 2155 1947 stulti

499 1987 742 2055 propter
771 1981 1112 2037 Christum:
1147 2001 1176 2030 »
1236 1981 1348 2036 hoc
1406 1987 1517 2046 est,
1578 1980 1742 2037 stulti
1803 1997 2160 2054 apparenius

505 2069 866 2128 suﬂerendo.
904 2073 1016 2127 Vos
1064 2076 1286 2137 autem,
1314 2087 1449 2127 cum
1481 2071 1634 2128 nihil
1665 2071 1997 2144 patiamini,
2031 2071 2156 2142 opi-

500 2161 679 2218 nione
735 2165 932 2216 vestra
989 2159 1207 2216 habere
1276 2160 1557 2217 videmini
1614 2161 1827 2217 Christi
1885 2177 2154 2234 regnum.

497 2252 680 2306 Porro
702 2250 776 2307 ad
800 2251 980 2306 finem
1003 2266 1193 2322 usque
1219 2249 1532 2307 sententias
1555 2267 1752 2306 sermo
1775 2267 1881 2322 per
1905 2249 2158 2306 ironiam

495 2339 609 2410 ipsi
641 2339 952 2410 processit.
987 2359 1020 2393 α
1049 2338 1136 2394 Ad
1182 2339 1296 2396 hoc
1339 2355 1531 2410 usque
1563 2344 1820 2412 tempus.
1856 2361 1883 2390 ››
1917 2339 2155 2408 Omitto,

495 2428 714 2500 inquit,
747 2433 970 2495 vetera,
1002 2428 1322 2500 prmsentia
1354 2432 1585 2484 tantum
1627 2427 1816 2485 refero
1849 2428 1910 2486 in
1943 2428 2158 2500 quibus

501 2517 813 2574 constituti
846 2533 1072 2574 sumus.

569 2608 664 2672 IV,
699 2609 886 2675 11,13.
905 2629 934 2656 «
951 2606 1328 2663 Etesurimus
1350 2612 1408 2662 et
1422 2606 1655 2662 sitimus
1679 2622 1745 2661 ae
1769 2607 2156 2673 nudisumus,

499 2718 527 2748 ‹‹
552 2695 939 2768 colaphisque
957 2695 1588 2763 coedimur,etincertis
1601 2712 1884 2768 vagamur
1895 2695 2155 2764 sedibus,

502 2807 529 2836 «
544 2791 603 2840 et
621 2784 940 2856 fatigamur
952 2785 1209 2857 propriis
1229 2785 1566 2842 laborantes
1586 2783 2044 2842 manibuszmale
2063 2801 2160 2842 au-

503 2896 531 2923 ‹‹
562 2873 817 2942 dientes,
850 2872 1261 2929 benedicimus
1287 2890 1301 2929 :
1333 2873 1813 2946 persecutionem
1842 2873 2159 2946 patientes,

501 2984 528 3014 «
559 2963 963 3018 sustinemus:
1013 2963 1293 3019 conviciis
1342 2963 1559 3033 affecti,
1613 2962 2030 3020 obsecramus:
2064 2978 2159 3016 ve.

502 3074 530 3103 κ
559 3051 668 3108 luti
702 3058 1082 3110 excrementa
1103 3053 1310 3110 mundi
1343 3052 1481 3109 facti
1514 3069 1738 3122 sumus,
1763 3053 2033 3110 omnium
2065 3068 2161 3124 pe-

505 3160 527 3188 ι
561 3141 821 3212 ripsema
851 3142 925 3200 ad
953 3142 1065 3198 hoc
1095 3159 1284 3214 usque
1315 3147 1570 3214 tempus.

572 3229 657 3284 Ad
690 3246 790 3285 eos
822 3231 920 3301 qui
979 3231 1211 3286 deliciis
1271 3231 1599 3288 affluebant
1636 3231 1890 3286 dicitur:
1929 3255 1949 3280 ς
1986 3231 2156 3287 Cola—

497 3317 630 3388 phis
661 3317 983 3384 caedimur;
1016 3342 1044 3369 ››
1079 3319 1153 3374 ad
1185 3336 1285 3377 eos
1316 3319 1417 3390 qui
1460 3319 1960 3388 intumescebant,
1996 3342 2017 3370 ι
2053 3321 2152 3376 In-

498 3407 674 3461 certis
707 3423 987 3478 vagamur
1017 3407 1278 3472 sedibus,
1304 3429 1331 3456 »
1355 3408 1411 3462 id
1436 3414 1546 3476 est,
1569 3408 1641 3463 ob
1673 3409 2150 3479 persecutionem

498 3501 728 3552 certum
759 3512 880 3550 non
911 3495 1200 3552 habemus
1233 3496 1600 3552 consistendi
1645 3499 1865 3556 locum.
1907 3519 1934 3550 α
1965 3499 2153 3556 Labo-

499 3589 722 3640 rantes.
743 3584 877 3640 Hmc
909 3584 983 3639 ad
1015 3583 1151 3638 illos
1182 3583 1523 3642 referuntur
1551 3586 1652 3656 qui
1683 3586 1833 3641 lucri
1865 3602 1933 3641 ac
1953 3603 2151 3656 queas-

498 3678 593 3730 tus
625 3689 804 3728 causa
832 3672 906 3728 ad
947 3671 1433 3744 praedicationem
1475 3673 1854 3732 accedebant.
1890 3676 2025 3742 Nos,
2057 3675 2150 3730 in-

499 3762 648 3834 quit,
678 3761 998 3834 fatigamur
1027 3761 1284 3833 prOpriis
1322 3767 1634 3833 operantes
1665 3763 1960 3831 manibus,
1993 3764 2148 3821 male

497 3851 831 3918 audientes,
887 3851 1363 3922 persecutionem
1425 3852 1809 3920 sustinentes,
1869 3853 2149 3910 conviciis

498 3941 691 3997 affecti
723 3958 844 3996 non
864 3941 1269 4013 indignamur,
1295 3941 1399 3998 sed
1418 3941 1743 4014 gaudemus
1767 3961 1782 4009 ;
1814 3943 1946 4001 ideo
1969 3943 2147 3999 etiam

496 4027 927 4085 benedicimus.
962 4049 990 4078 «
1022 4029 1505 4086 Persecutionem
1553 4028 1845 4100 patientes
1887 4030 2146 4086 sustine-

495 4132 647 4172 mus.
686 4139 706 4164 ι
745 4117 863 4171 Hoc
895 4121 986 4171 est
1043 4116 1292 4172 stultum
1353 4117 1481 4175 fieri
1540 4125 1782 4190 propter
1823 4117 2142 4175 Christum.

491 4205 600 4272 Qui
633 4206 792 4262 enim
823 4207 948 4262 haec
977 4207 1285 4278 patiuntur
1323 4224 1432 4264 nec
1479 4213 1836 4280 repugnant,
1860 4209 2005 4280 quin
2034 4225 2143 4280 po-

491 4294 610 4351 tius
670 4294 861 4351 verbis
942 4296 1441 4353 commodioribus
1526 4297 1914 4368 respondent,
1977 4297 2142 4357 stulti

497 4385 655 4455 apud
678 4385 952 4441 homines
977 4386 1410 4442 existimantur.
1438 4387 1663 4444 «Veluti
1691 4393 2089 4456 excrementa,
2111 4407 2139 4439 ι»

491 4473 604 4529 hoc
636 4481 744 4538 est,
778 4480 1064 4545 tanquam
1096 4474 1498 4546 immunditia,
1530 4477 1615 4532 sic
1646 4477 1877 4548 inglorii
1910 4483 1969 4533 et
1998 4494 2141 4534 con-

491 4563 703 4634 tempti
737 4562 875 4618 facti
908 4580 1133 4619 sumus.
1166 4565 1391 4621 Deinde
1435 4582 1508 4622 ne
1541 4568 1696 4624 454
1727 4567 2143 4625 existimarent

1600 411 2016 478 (ECUMENII
2059 411 2367 474 TRICCIE
2408 415 2789 476 EPlSCOPI.

570 550 722 608 453
758 569 785 598 «
816 550 930 604 Nos
952 547 1116 604 stulti
1142 551 1384 620 prOpter
1413 548 1730 606 Christum.
1763 569 1790 597 »
1814 547 2004 604 Etiam
2034 545 2146 601 hoc
2177 550 2225 613 Α

3771 427 3875 487 692

2329 570 2354 598 ‹‹
2388 547 2577 620 Ἡμεῖς
2613 545 2788 622 μωροὶ
2839 543 2928 602 διὰ
2984 547 3240 625 Χριστόν.
3280 573 3302 602 ι
3367 552 3462 605 Καὶ
3508 556 3664 609 τοῦτο
3718 553 3874 634 ἐντρε-

2259 640 2487 700 πτικῶς.
2554 636 2770 710 Ἡμεῖς,
2843 637 3028 718 φησὶν,
3111 639 3185 702 ὡς
3277 639 3413 714 ὁρῶ,
3480 642 3657 717 μωροί
3718 642 3882 718 ἐσμεν,

2257 728 2485 781 τοιαῦτα
2542 727 2774 801 πάσχειν
2828 725 3174 802 ἀνεχόμενοι.
3237 751 3265 780 ι(
3310 728 3493 802 Ὑμεῖς
3550 728 3605 785 δὲ
3650 734 3883 810 φρόνιμοί

2260 812 2398 870 ἐστε.
2431 839 2458 866 ››
2490 816 2680 877 Οὕτως
2736 818 2805 872 τὰ
2856 818 2973 872 καθ’
3032 815 3257 880 ἑαυτοὺς
3309 817 3783 893 οἰκονομήσαντες,
3822 825 3886 886 ὠς

2259 900 2368 973 ἤδη
2428 903 2518 961 καὶ
2579 903 2886 980 βασιλεύειν
2943 904 2994 961 ἐν
3075 908 3312 980 Χριστῷ,
3373 907 3402 962 ὃ
3463 907 3624 979 ἐστιν,
3682 909 3731 965 ἐν
3785 919 3886 978 τοῖς

2260 995 2396 1049 κατᾶ
2449 995 2678 1069 Χριστὸν
2767 997 3103 1070 πράγμασιν.
3196 995 3327 1053 Εἶτα
3403 995 3615 1074 ἐπάγει,
3679 1001 3757 1056 ὅτι
3807 1013 3886 1068 καὶ

2263 1086 2499 1149 ἁσθενεις
2556 1087 2643 1141 καὶ
2705 1084 2917 1159 ἄτιμοι,
2989 1085 3079 1142 καὶ
3162 1091 3271 1141 τῶν
3331 1087 3635 1164 ἀναγκαιων
3687 1088 3883 1154 ἐνδεεις⁹

2264 1175 2419 1248 ὑμείς
2478 1171 2537 1230 δὲ
2591 1179 2693 1230 πᾶν
2749 1173 3083 1234 τούναντίον’
3139 1181 3304 1232 τοῦτο
3361 1181 3782 1250 κατασκευάζων,
3813 1181 3886 1240 ὅτι

2260 1267 2410 1337 ἡμᾶς
2443 1264 2655 1337 μᾶλλον
2688 1260 2796 1320 ἔδει
2850 1266 2976 1328 τοὺς
3034 1267 3397 1328 κοπιάσαντας
3447 1268 3538 1322 καὶ
3571 1271 3887 1342 κεκμηκότας

2262 1353 2559 1409 ἀπολαύειν
2592 1357 2698 1408 τῶν
2740 1353 2982 1429 ἀγαθῶν,
3016 1361 3144 1430 παρ’
3176 1355 3315 1426 ὑμᾶς
3346 1356 3473 1418 τοὺς
3509 1360 3584 1430 μὴ
3616 1359 3888 1415 κοπιάσαν-

2263 1465 2378 1506 τας.
2411 1441 2478 1501 Εἰ
2523 1440 2580 1498 δὲ
2637 1445 2801 1516 ἡμεῖς
2861 1442 3015 1499 οῦπω
3074 1444 3452 1520 ἀπολαύομεν,
3485 1445 3612 1503 ἀλλ’
3643 1444 3719 1504 ἔτι
3747 1447 3888 1522 ἐσμὲν

2265 1532 2317 1589 ἒν
2351 1529 2687 1610 τῷπάσχειν
2718 1538 2925 1604 κακῶς,
2983 1537 3097 1597 πῶς
3158 1533 3318 1608 ὑμεῖς
3378 1537 3452 1599 ὡς
3508 1533 3617 1608 ἢδη
3659 1532 3888 1609 ἀμοιϐων

2262 1619 2704 1685 ἀπολελαυκότες
2735 1619 2824 1676 διά
2869 1626 2976 1678 τῶν
3029 1623 3409 1701 χαρισμάτων,
3442 1625 3532 1679 καὶ
3564 1625 3636 1687 ὡς
3667 1622 3771 1695 ἤδη
3800 1628 3888 1696 την

2269 1708 2547 1788 βασιλείαν
2597 1715 2706 1767 τῶν
2793 1710 3036 1786 οὐρανῶν
3093 1706 3312 1789 ἔχοντες
3371 1713 3422 1768 ἐν
3483 1713 3666 1789 χερσὶν
3723 1717 3886 1792 (ἥνπερ

2265 1801 2374 1858 ἅνω
2441 1801 2592 1881 λέγει
2656 1804 2741 1859 ὃτι
2807 1826 2836 1856 α
2901 1797 3342 1876 Ἐϐασιλεύσατε,
3413 1827 3440 1856 ››
3492 1805 3511 1878 )
3577 1803 3706 1878 μέγα
3769 1824 3890 1880 φρο-

2190 1915 2425 1981 Βνειτε,
2481 1893 2572 1949 καὶ
2631 1892 3051 1964 ἀλαζονεύεσθε;
3109 1918 3138 1946 ι(
3171 1895 3362 1967 Ἡμεῖς
3419 1894 3598 1970 μωροὶ
3656 1891 3741 1948 διὰ
3769 1895 3892 1969 Χρι-

2267 1985 2412 2043 στόν.
2445 2007 2474 2038 »ι
2535 1986 2812 2054 Τουτέστι,
2867 1989 2944 2040 Δι’
3004 1983 3162 2041 αὐτὸν
3217 1987 3398 2061 μωροὶ
3462 1985 3769 2063 φαινώμεθα
3814 1986 3893 2041 καὶ

2264 2075 2592 2150 πάσχοντες,
2622 2076 2776 2148 ὑμεῖς
2833 2072 2888 2130 δὲ
2946 2072 2995 2148 ἐξ
3057 2074 3314 2146 οἰήσεως,
3345 2076 3436 2130 καὶ
3474 2076 3550 2147 μὴ
3589 2075 3893 2150 πάσχοντες.

2264 2164 2510 2244 φαίνεσθε
2538 2158 2686 2240 ἔχειν
2738 2165 2837 2235 τήν
2895 2164 2992 2222 τοῦ
3048 2168 3291 2238 Χριστοῦ
3349 2163 3650 2241 βασιλείαν.
3683 2167 3819 2226 Ἕως
3845 2161 3894 2220 δὲ

2263 2252 2434 2324 κάτω,
2491 2254 2627 2310 κατὰ
2709 2254 3009 2329 εἰρωνείαν,
3070 2255 3098 2309 ὁ
3156 2253 3320 2331 λόγος
3405 2253 3557 2326 αὐτῷ
3621 2259 3892 2328 προῆκται.

2271 2366 2293 2395 ι
2326 2346 2494 2420 Ἄχρι
2521 2350 2620 2414 τῆς
2652 2343 2773 2420 ἄρτι
2801 2342 2966 2420 ὥρας.
3003 2366 3032 2396 ιι
3090 2347 3216 2415 Ὲῶ,
3271 2343 3427 2422 φησὶ,
3475 2343 3544 2400 τὰ
3591 2341 3807 2410 παλαιὰ,
3834 2341 3892 2397 τὰ

2262 2437 2352 2490 νῦν
2380 2431 2551 2512 λέγω,
2575 2433 2627 2492 ἐν
2660 2435 2745 2496 οἷς
2773 2432 2954 2507 ἐσμεν.

2335 2617 2432 2672 Καὶ
2494 2619 2787 2687 πεινῶμεν,
2843 2614 2934 2668 καὶ
2994 2610 3265 2687 διψῶμεν,
3323 2611 3413 2668 καὶ
3471 2612 3898 2687 γυμνητεύομεν,

2264 2705 2621 2784 ἐργαζόμενοι
2677 2709 2795 2766 ταῖς
2852 2699 3016 2765 ἰδίαις
3074 2701 3251 2778 χερσί.
3312 2699 3766 2776 Λοιδορούμενοι,
3815 2698 3894 2755 sii-

2265 2794 2561 2870 λογοῦμεν,
2682 2791 3010 2865 διωκόμενοι
3114 2791 3448 2866 ἀνεχόμεθα,
3561 2787 3896 2866 βλασφημούο

2269 2904 2420 2958 μενοι
2477 2879 2921 2957 παρακαλοῦμεν,
2991 2879 3065 2941 ὦς
3131 2879 3588 2955 περικαθάρματα
3656 2882 3748 2933 τοῦ
3815 2876 3898 2932 κό-

2266 2993 2406 3046 σμου
2439 2971 2791 3048 ἐγενήθημεν,
2821 2967 3036 3024 πάντων
3064 2968 3352 3043 περίψημα
3380 2966 3486 3031 ἓως
3530 2969 3669 3042 ἄρτι.

2337 3223 2479 3299 Πρὸς
2537 3222 2669 3286 τοὺς
2727 3226 3060 3301 τρυφῶντας,
3115 3221 3228 3290 καὶ,
3293 3243 3314 3273 ιι
3378 3217 3820 3297 Κολαφιζόμεθα.
3865 3236 3890 3265 ιδ

2264 3315 2407 3390 Πρὸς
2474 3312 2601 3376 τοὺς
2658 3311 3131 3386 πεφυσιωμένούς,
3189 3336 3217 3363 ‹‹
3251 3311 3700 3386 ’Δστατοῦμεν,››
3753 3325 3894 3361 τουτ-

2263 3404 2374 3458 έστι
2450 3399 2761 3476 διωκόμεθα
2815 3401 2995 3456 στάσιν
3057 3400 3134 3474 μὴ
3195 3396 3438 3475 ἔχοντες.
3506 3422 3538 3452 «
3593 3393 3897 3472 Ἐργαζόμε-

2257 3513 2362 3549 νοι.
2418 3517 2447 3544 ››
2502 3491 2677 3548 Ταῦτα
2761 3491 2838 3554 ὡς
2920 3490 3056 3565 πρὸς
3115 3487 3240 3550 τοὺς
3306 3484 3540 3564 κέρδοος
3593 3483 3760 3543 ἕνεκεν
3814 3482 3894 3538 καὶ

2258 3584 2534 3655 πορισμοῦ
2591 3580 3004 3655 ἐπιχειροῦντας
3046 3579 3110 3635 τὸ
3148 3575 3463 3652 κηρύσσειν.
3515 3578 3726 3650 Ἡμεις,
3757 3569 3896 3652 φησί,

2257 3675 2540 3744 κοπιῶμεν
2596 3669 2972 3744 ἑργαζόμενοι.
3033 3663 3486 3744 Λοιδορούμενοι,
3550 3662 3887 3737 διωκόμενοις

2261 3759 2778 3837 βλασφημούμενοι,
2839 3757 2901 3812 ού
2953 3754 3407 3832 δυσχεραίνομεν,
3439 3753 3588 3810 ἀλλὰ
3617 3752 3887 3830 χαίρομεν·

2259 3845 2344 3904 διὸ
2405 3848 2496 3903 καὶ
2562 3845 2918 3920 εὐλογοῦμεν.
2996 3868 3024 3898 ‹‹
3085 3845 3421 3919 Διωκόμενοι
3486 3841 3809 3922 ἀνεχόμεθα.
3866 3861 3890 3890 »

2256 3937 2430 3994 Τοῦτό
2488 3933 2600 3991 ἐστι
2661 3934 2845 4010 μωρὸν
2899 3932 3140 4010 γενέσθαι
3220 3931 3311 3987 διὰ
3367 3931 3624 4005 Χριστόν.
3683 3930 3748 3987 Οἱ
3796 3926 3887 4007 γὰρ

2252 4029 2424 4083 ταῦτα
2499 4025 2806 4102 πάσχοντες
2879 4023 2971 4077 καὶ
3035 4024 3110 4094 μὴ
3171 4017 3552 4100 ἀντιδρῶντες,
3618 4017 3759 4076 ἆλλά
3809 4014 3889 4069 καὶ

2251 4120 2370 4179 τοῖς
2417 4114 2812 4191 χρηστοτέροις
2857 4107 3240 4187 ἀμειϐόμενοι,
3295 4111 3474 4185 μωροὶ
3535 4109 3652 4174 τοῗς
3707 4105 3892 4182 ἀνθρώ-

2253 4223 2378 4267 ποις
2433 4203 2768 4277 νομίζονται.
2822 4227 2850 4257 α
2885 4204 2975 4267 Ὠς
3003 4202 3471 4278 περικαθάρματα.
3521 4224 3550 4252 ››
3601 4196 3889 4258 Τουτὲστιν.

2253 4293 2326 4357 ὡς
2369 4292 2687 4367 ἀκαθαρσία,
2745 4292 2819 4355 ὡς
2877 4288 3067 4365 ἄτιμοι
3123 4291 3212 4346 καὶ
3271 4287 3493 4369 φευκτοὶ
3557 4287 3890 4364 ἐγενήθημεν.

2251 4385 2389 4440 Εἶτα
2415 4381 2510 4438 ’ίνα
2543 4384 2620 4456 μὴ
2651 4381 2951 4456 νομίσωσιν
2999 4383 3081 4436 ὃτι
3139 4379 3338 4441 αὐτοὺς
3379 4377 3670 4436 αἰνίττεται
3702 4371 3891 4450 (πολλὰ

2251 4473 2353 4551 γὰρ
2379 4475 2445 4544 ἦν
2474 4473 2770 4547 ὑπομείνας
2803 4471 2854 4527 ἐν
2885 4471 3178 4544 Κορίνθῳ),
3215 4491 3236 4520 α
3262 4472 3371 4529 Τοῦ
3400 4470 3636 4542 κόσμου,
3665 4491 3690 4519 ››
3720 4462 3889 4544 Ῠησῖν,

2250 4562 2359 4638 οὐχ
2409 4564 2582 4636 ὑμῶν.
2635 4587 2664 4615 ‹‹
2717 4561 3197 4634 ΙΙερικαθάρματα,
3253 4582 3281 4611 ››
3351 4558 3463 4614 ἀντὶ
3535 4561 3632 4614 τοῦ
3699 4552 3893 4626 ἔποψις-

493 4651 653 4722 quod
684 4652 843 4723 ipsos
874 4651 1216 4726 designaret
1242 4653 1403 4724 (nam
1425 4653 1689 4712 Corinthi
1721 4655 1910 4714 multa
1935 4673 2144 4726 passus

2256 4672 2452 4728 γματα,
2504 4651 2596 4706 καὶ
2647 4648 2828 4724 ὥσπερ
2883 4650 3290 4723 ἆποσαρώματα
3353 4647 3678 4724 γεγόναμεν,
3740 4643 3890 4718 ἢγουν

494 4741 642 4812 erat)
668 4759 681 4797 :
719 4763 746 4791 «
778 4743 999 4812 Mundi,
1034 4766 1056 4796 ι
1090 4744 1305 4815 inquit,
1334 4761 1456 4802 non
1486 4750 1699 4801 vestra.
1735 4767 1763 4796 «
1795 4746 2144 4804 Excremen-

493 4835 572 4885 ta.
608 4851 637 4882 ν
670 4833 789 4888 Ηοο
839 4839 944 4902 est,
981 4835 1290 4906 putamina
1347 4841 1405 4892 et
1456 4840 1846 4908 purgamenta
1874 4834 2012 4892 facti
2043 4852 2143 4892 su-

492 4934 647 4986 mus,
682 4920 800 4975 sive
830 4922 1068 4990 rudera,
1116 4940 1248 4995 quae
1296 4924 1696 4984 communiter
1723 4919 2142 4998 ἀποφιλοκαλή-

494 5024 638 5076 ματα
657 5005 955 5064 dicuntur.
979 5011 1066 5066 Ab
1089 5012 1366 5072 omnibus
1390 5011 1832 5084 vilipendimur,
1853 5012 2146 5070 omnium-

489 5111 604 5167 que
636 5104 1015 5156 excrementa
1045 5116 1249 5158 sumus
1293 5117 1402 5158 nos
1453 5103 1614 5174 ipsos
1646 5101 1924 5159 omnibus
1955 5102 2144 5174 subji-

486 5185 713 5242 cientes
765 5186 1113 5246 hominibus
1147 5197 1390 5262 propter
1442 5191 1765 5249 Christum.
1809 5211 1829 5240 ι
1865 5191 2143 5249 Omnium

484 5275 842 5347 peripsema.
881 5297 908 5325 υ
947 5280 1028 5333 Ac
1060 5278 1107 5333 si
1141 5278 1402 5338 diceret:
1437 5281 1698 5338 Gratiam
1729 5281 2006 5337 omnibus
2039 5281 2142 5337 ha-

483 5363 617 5420 beo.
653 5365 803 5420 Sunt
831 5371 1030 5423 autem
1060 5367 1237 5424 veluti
1270 5369 1524 5439 graviter
1571 5369 1818 5427 ferentis
1848 5369 2047 5437 verba,
2077 5374 2144 5426 ut

483 5452 630 5525 ipsis
658 5454 1017 5525 persuadeat
1042 5472 1116 5513 ne
1142 5457 1456 5528 magnifice
1491 5456 1563 5513 de
1595 5475 1657 5513 se
1689 5459 1969 5516 sentiant.
1997 5460 2140 5515 Nam

490 5542 540 5599 si
571 5557 701 5612 nos,
726 5544 941 5614 inquit,
961 5545 1214 5616 apostoli
1236 5546 1394 5602 inter
1414 5547 1540 5603 ιιωο
1561 5563 1886 5615 versamur,
1910 5554 1974 5602 ut
1999 5547 2142 5619 quid

488 5647 592 5686 vos
622 5633 938 5688 eﬂ'erimini
967 5641 1210 5706 propter
1239 5652 1308 5690 ea
1357 5653 1489 5706 quae
1520 5636 1832 5707 accepistis
1864 5637 2043 5704 dona,
2073 5652 2142 5693 ac

2251 4726 2516 4808 σκύϐαλα,
2617 4733 2752 4813 ἅπερ
2847 4742 3045 4801 κοινῶς
3132 4734 3698 4814 ἆποφιλοκαλήματα.
3771 4726 3890 4784 Ὑπὸ

2253 4828 2466 4884 πάντων
2520 4827 2946 4901 εύτελιζόμενοι,
3025 4827 3118 4883 καὶ
3202 4826 3414 4882 πάντων
3470 4817 3892 4897 ἆποκαθάρματά

2251 4916 2434 4991 ἐσμεν,
2497 4916 2838 4983 ὑποτιθέντες
2923 4915 3146 4978 ἑαυτοὺς
3223 4921 3384 4972 πᾶσιν
3443 4913 3750 4989 ἀνθρώποις
3814 4904 3893 4962 8ιᾶ

2251 5007 2513 5080 Χριστόν.
2571 5032 2591 5058 ι
2630 5008 2851 5062 Πάντων
2901 5005 3211 5080 περίψημα.
3250 5028 3270 5056 ι
3331 5005 3423 5068 Ὠς
3454 5002 3498 5060 εἰ
3532 5001 3706 5071 εἶπεν,
3738 4999 3890 5072 Χάριν

2252 5092 2367 5171 ἔχω
2424 5101 2608 5153 πᾶσιν.
2673 5099 3130 5174 Βαρυθυμοῦντος
3190 5092 3246 5150 ὃὶ
3301 5091 3450 5171 λέγει
3518 5091 3758 5169 ῥήματα.
3819 5085 3894 5139 ἳνα

2250 5188 2408 5263 πείσῃ
2437 5187 2636 5251 αὐτοὺς
2688 5191 2764 5262 μὴ
2816 5194 3034 5266 φρονεῖν
3070 5187 3232 5264 μέγα.
3272 5186 3341 5241 Εἴ
3367 5187 3470 5261 γὰρ
3503 5187 3688 5258 ἡμεῖς,
3719 5179 3890 5266 φησὶν,

2252 5281 2302 5335 οἳ
2333 5277 2634 5336 ἀπόστολοι
2664 5277 2716 5334 ἐν
2776 5278 3018 5348 τούτοις,
3076 5275 3128 5331 τί
3189 5276 3345 5349 ὑμεῖς
3389 5275 3523 5349 μέγα
3553 5290 3792 5350 φρονειτε
3820 5263 3892 5345 ἐφ’

2251 5370 2333 5430 οἷς
2362 5362 2584 5424 ἐλάϐετε
2613 5368 2945 5442 χαρίσμασιν
2980 5366 3054 5428 ὠς
3093 5361 3204 5436 ἢδη
3264 5361 3494 5440 μεγάλοι
3538 5363 3718 5429 τινὲςς
3753 5354 3894 5428 Περί·

2250 5461 2413 5532 ψημα
2469 5453 2524 5510 δὲ
2592 5457 2809 5531 Λέγεται
2859 5455 2923 5511 τὸ
2983 5449 3235 5524 σαϐανον,
3294 5452 3324 5508 ὅ
3369 5453 3498 5516 τοὺς
3548 5447 3776 5524 ἱδρῶτας
3805 5444 3895 5498 τοῦ

2250 5545 2555 5616 κάμνοντος
2615 5546 2921 5619 ἆποψήχει.
2999 5569 3029 5596 ‹‹
3089 5545 3234 5606 Ἕως
3293 5542 3437 5617 ἄρτι.
3494 5563 3521 5593 λ»
3580 5535 3728 5594 Ἀντῖ
3787 5533 3892 5602 τοῦ,

2249 5631 2385 5690 Οὔτε
2412 5634 2514 5709 γὰρ
2546 5632 2662 5707 νῦν,
2693 5635 2886 5714 φησὶν,
2916 5630 3221 5688 ἐπαύσαντο
3254 5632 3307 5687 οἱ
3339 5627 3744 5704 ἐπηρεάζοντες.
3801 5659 3872 5714 4,;

491 5721 539 5774 si
586 5721 712 5792 jam
773 5701 987 5796 magni
1031 5701 1257 5800 aliquid
1310 5701 1568 5781 essetis?
1626 5701 1922 5798 Π-ερίψημα
1978 5701 2116 5781 vero
2174 5725 2392 5780 dicitur
2424 5701 2890 5796 vadSavo'v'quod
2948 5722 3275 5780 laborantis
3323 5701 3571 5777 sudores
3598 5701 3896 5783 abstergil-
