4198 6200
437 378 558 438 693

1425 369 1835 436 COMMENT.
1880 366 1961 434 IN
2005 370 2253 436 EPIST.
2299 378 2327 437 Ι
2373 376 2479 439 ΑΙ)
2521 377 2896 443 CORINTH.

3742 389 3860 453 69‘

438 529 466 556 ι(
501 498 589 561 Ad
620 507 732 561 hoc
761 519 950 576 usque
1008 507 1263 576 tempus.
1295 522 1323 555 »
1358 503 1479 559 Hoc
1510 510 1619 572 est,
1654 520 1727 560 ne
1780 520 1940 560 nunc
1993 504 2236 576 quidem
2291 506 2648 579 quieverunt
2676 511 3138 571 calumniatores
3177 520 3237 572 et
3263 518 3365 589 qui
3420 530 3531 574 nos
3562 520 3856 579 molestiis

442 595 734 651 afficiunt.

503 681 617 739 Οὐκ
644 680 909 758 ἐντρέπων
943 681 1081 754 ὑμᾶς
1140 680 1334 757 γράφω
1390 685 1577 750 ταῦτα,
1630 679 1759 736 ἀλλ’
1809 682 1887 744 ὡς
1916 676 2036 736 τέκυ

2153 746 2155 751 ν
2255 683 2346 751 ιν,
2384 687 2467 753 lt,
2500 688 2586 742 46.
2619 709 2647 737 κ
2680 689 2805 744 Non
2838 692 2903 745 ut
2928 692 3153 763 pudore
3199 708 3298 750 vos
3329 695 3673 753 suil'undam
3709 696 3838 756 haec

435 793 540 847 μου
595 770 852 847 ἀγαπητά
933 773 1168 826 νουθετῶ
1203 815 1218 831 .

1290 771 1415 827 Ἐὰν
1468 769 1573 849 γάρ
1636 769 1863 846 μυρίους
1919 767 2083 825 παιδ-

428 860 686 939 αγωγοὺς
716 854 887 936 ἔχητε
945 859 999 915 ἐν
1057 862 1300 935 Χριστῷ,
1348 855 1478 916 ἀλλ’
1538 858 1602 915 οὖ
1634 857 1888 924 πολλοὺς
1915 858 2080 915 πατέ-

2196 791 2220 822 ι
2254 771 2406 840 dico,
2441 773 2546 830 sed
2567 780 2851 849 tanquam
2875 778 3024 835 illios
3054 794 3221 839 meos
3241 780 3491 840 dilectos
3529 784 3844 845 admoneo.

2192 881 2221 910 «
2254 862 2398 917 Nam
2424 864 2656 921 etiamsi
2690 867 3039 925 innumeros
3079 866 3428 944 paedagogos
3477 873 3747 932 habeatis
3782 877 3844 931 in

428 973 543 1027 ρας.
606 953 691 1008 Ἐν
758 950 859 1027 γάρ
928 954 1145 1027 Χριστῷ
1202 950 1383 1021 Ἰησοῦ
1450 944 1541 1006 διὰ
1594 951 1691 1005 τοῦ
1746 947 2040 1026 Εὖαγγελίο

2190 968 2218 997 ‹‹
2251 948 2642 1018 Christo,non
2675 953 2896 1011 multos
2924 962 3125 1014 tamen
3165 964 3385 1030 patres.
3436 961 3742 1032 Siquidem
3772 964 3836 1021 in

424 1041 537 1118 ἐγὼ
580 1042 717 1115 ὑμᾶς
769 1039 1043 1115 ἐγέννησα.
1103 1038 1411 1113 Παρακαλῶ
1467 1039 1559 1094 οῦν
1623 1036 1787 1113 ὑμᾶς,
1841 1037 2079 1113 μιμηταί

429 1153 536 1206 μου
572 1132 796 1209 γίνεσθε.

496 1242 613 1302 Οὐκ
638 1244 751 1314 ἳνα,
800 1243 955 1320 φησὶ,
1014 1240 1361 1322 καταισχύνω
1420 1240 1581 1315 ὑμᾶς,
1626 1244 1795 1296 ταῦτα
1847 1233 2073 1316 ἔγραψα,

418 1331 550 1389 ἀλλ’
578 1331 669 1387 ’ἱνα
697 1334 1027 1403 νουτετήσω.
1081 1332 1143 1389 Εἰ
1172 1332 1274 1409 γὰρ
1306 1331 1383 1392 ὡς
1428 1332 1587 1386 τέκνα
1618 1330 1835 1407 ἀγαπῶ,
1867 1325 2071 1401 δηλον-

417 1423 505 1480 ότι
535 1422 709 1478 πάντα
764 1422 902 1495 πρὸς
957 1420 1224 1499 ὠφέλειαν
1286 1419 1440 1499 ὑμῶν
1494 1424 1658 1476 ποιῶ.
1719 1414 1797 1477 Oti
1856 1416 1959 1497 γάρ
1994 1418 2069 1483 ὡς

417 1518 713 1585 μαθηταῖς,
738 1511 867 1568 ἀλλ’
887 1512 961 1574 ὡς
991 1510 1203 1574 τέκνοις
1228 1512 1511 1587 προσέχω.
1546 1535 1573 1562 ι(
1602 1510 1722 1567 Ἐάν
1758 1508 2006 1585 μυρίους.
2038 1532 2067 1561 ››

413 1600 557 1676 Πρὸς
587 1599 714 1664 τοὺς
744 1597 1109 1663 διδασκάλους
1156 1600 1334 1656 αὐτῶν
1389 1598 1784 1668 ἀποστείνεται,
1837 1594 2062 1666 δεικνὺς,

411 1691 498 1745 ὅτι
526 1688 710 1746 πολλῦ
746 1687 961 1765 μᾶλλον
1004 1688 1201 1752 αὐτοὺς
1234 1689 1434 1767 ἀγαπᾷ,
1484 1689 1625 1764 παρὸ
1656 1689 1708 1742 o't
1740 1690 1829 1741 νῦν
1859 1684 2062 1759 ἐπιπη-

411 1778 675 1850 δήσαντες
725 1779 814 1835 καὶ
896 1776 1349 1852 καταδιελόμενοι
1429 1778 1623 1839 αὑτοὺς
1692 1772 2059 1834 διδάσκαλοι.

412 1867 599 1939 Δῆλον
633 1866 710 1939 δὲ,
742 1870 897 1948 φησὶ,
938 1868 1029 1925 καὶ
1061 1866 1292 1939 ἐξαυτῶν
1335 1871 1445 1923 τῶν
1506 1866 1803 1941 ὀνομάτων.
1862 1865 1929 1922 υἱ
1962 1864 2058 1940 μὶν

410 1958 518 2033 γάρ
546 1956 912 2036 παιδαγωγοὶ,
936 1958 1046 2037 ἐγὼ
1070 1956 1127 2014 δὲ
1156 1958 1357 2033 πατήρ.
1385 1981 1413 2010 ‹‹
1440 1957 1650 2033 Ἐχητι
1679 1954 1731 2011 ἐν
1765 1956 1997 2032 Χριστῷ.
2029 1979 2056 2006 ››

2188 1057 2218 1086 ‹‹
2248 1036 2481 1094 Christo
2510 1041 2647 1097 Jesu
2677 1057 2786 1114 per
2814 1045 3195 1119 Evangelium
3227 1060 3334 1121 ego
3365 1062 3466 1105 vos
3496 1051 3694 1122 genui.
3717 1051 3841 1107 Ad.

2186 1148 2215 1176 ‹‹
2243 1126 2451 1184 hortor
2479 1130 2678 1201 itaque
2711 1147 2833 1201 vos,
2865 1141 2931 1189 ut
2961 1134 3291 1193 imitatores
3320 1140 3439 1195 mei
3459 1140 3612 1196 sitis.
3646 1157 3677 1191 tt

2250 1215 2378 1273 Non
2406 1219 2552 1287 huic,
2582 1220 2797 1293 inquit,
2832 1225 3046 1296 scripsi
3081 1240 3198 1297 quo
3238 1227 3657 1298 pudefacerem
3710 1244 3834 1302 vos,

2182 1305 2285 1360 sed
2316 1312 2381 1362 ut
2409 1308 2818 1367 admonerem.
2846 1313 2992 1368 Nam
3024 1314 3075 1369 si
3108 1318 3174 1369 ut
3194 1313 3352 1371 filios
3373 1316 3834 1390 diligo,consen-

2181 1399 2421 1452 taneum
2453 1410 2692 1470 quoque
2723 1405 2907 1468 est,ut
2938 1416 3313 1475 quaecunque
3333 1405 3397 1462 in
3417 1410 3671 1463 vestram
3694 1414 3833 1464 sunt

2176 1483 2496 1541 utilitatem
2522 1488 2966 1561 faciam.Neque
2999 1492 3160 1547 enim
3192 1499 3479 1565 tanquam
3503 1495 3830 1568 discipulo-

2173 1588 2329 1643 rum,
2354 1575 2456 1630 sed
2496 1580 2780 1648 tanquam
2818 1577 3078 1635 ﬁliorum
3108 1594 3313 1637 curam
3345 1583 3555 1639 habeo.
3593 1605 3621 1637 ι(
3679 1586 3822 1641 Nam

2172 1660 2405 1718 etiamsi
2434 1663 2805 1723 imnumeros
2836 1668 3207 1741 pmdagogos.
3234 1690 3261 1720 »
3293 1670 3383 1726 Ad
3401 1687 3540 1728 suos
3561 1670 3821 1746 discipu-

2170 1749 2260 1806 los
2293 1751 2418 1808 hmc
2464 1752 2686 1824 dirigit,
2719 1756 3041 1812 ostendens
3088 1757 3249 1829 quod
3278 1761 3467 1816 multo
3497 1762 3686 1834 magis
3716 1774 3818 1819 eos

2168 1839 2433 1913 diligeret
2460 1856 2639 1913 quam
2657 1845 2924 1917 magistri
2956 1848 3058 1918 qui
3088 1852 3232 1902 tunc
3262 1848 3820 1922 insilierant,ipsos-

2168 1942 2283 2001 que
2312 1929 2653 1987 diviserant.
2681 1933 2743 1987 Id
2769 1938 2971 1989 autem
3002 1940 3058 1991 et
3107 1948 3179 1990 ex
3211 1935 3378 2008 ipsis,
3412 1937 3627 2008 inquit,
3690 1954 3818 1995 ma-

406 2018 551 2104 ὁύδὶ
577 2018 825 2109 ἐκείνδυςΙ
844 2018 1049 2119 ἔπληξε
1079 2045 1334 2123 προσθεὶς
1391 2046 1476 2116 τὸ,
1528 2070 1555 2099 ‹‹
1588 2042 1974 2122 παιδαγωγοὺς
2001 2038 2040 2098 ἐι

2166 2018 2447 2075 nifestum
2478 2024 2569 2076 est
2613 2022 2980 2089 nominibus,
3013 2023 3311 2095 siquidem
3366 2024 3457 2081 illi
3514 2027 3815 2101 pmdagogi

403 2150 641 2219 Χριστῷ.
692 2170 722 2199 ιι
754 2149 844 2204 Ἐν
895 2145 1001 2221 γὰρ
1055 2147 1275 2221 Χριστῷ
1328 2145 1527 2217 Ἰησοῦ.
1562 2166 1588 2198 ι
1649 2142 1758 2200 Οὐκ
1813 2140 2056 2218 ἐμαυτῷ,

401 2236 560 2307 φησὶ,
616 2236 779 2291 τὸῦτο
837 2233 1157 2310 λογίζομαι,
1216 2232 1362 2290 ἀλλά
1422 2238 1503 2306 τῷ
1553 2235 1790 2305 Χριστῷ.
1850 2256 1878 2285 ‹‹
1914 2230 2055 2310 Ἐγὼ

396 2319 543 2392 ὑμᾶς
575 2320 855 2397 ἐγέννησα.
891 2344 918 2370 ››
948 2321 1254 2397 Τοιγαροῦν
1311 2318 1402 2373 καὶ
1433 2318 1485 2373 οἱ
1518 2314 1839 2373 διδάσκαλοι
1875 2319 2049 2391 ὑμῶν,

395 2409 524 2482 παρ’
558 2406 698 2481 ἐμοῦ
728 2401 929 2481 ἔμαθον
963 2408 1098 2484 ἅπερ
1145 2407 1274 2480 ὑμῖν
1315 2404 1554 2483 λέγουσι.
1584 2405 1659 2462 Τὸ
1691 2403 1769 2476 δὲ,
1805 2429 1834 2459 ιι
1868 2407 2050 2483 Ἐγέν-

399 2518 561 2566 νησα,
596 2520 625 2548 ιι
683 2497 718 2566 ἢ
767 2501 883 2558 τοῖς
939 2502 1043 2566 τῆς
1102 2494 1313 2574 φύσεως
1376 2495 1607 2570 ὀνόμασι
1665 2501 1891 2571 χρῆται,
1947 2498 2046 2566 τήν

390 2584 609 2661 ἀγάπην
651 2582 1077 2659 ἐνδεικνύμενος,
1135 2586 1170 2654 ἢ
1238 2584 1323 2640 ὅτι
1361 2585 1458 2639 Διά
1514 2588 1612 2640 τοῦ
1667 2584 2045 2660 κηρύγματος,

382 2675 571 2752 φησὶν,
606 2673 713 2750 ἰγὼ
743 2674 890 2748 ὑμᾶς
922 2673 1177 2751 ἐγέννησα
1234 2673 1289 2729 ἐν
1317 2676 1399 2747 τῷ
1454 2673 1811 2750 βαπτίσματι.
1872 2699 1899 2726 α
1937 2678 2046 2729 Πα-

386 2762 612 2839 ρακαλῶ
670 2764 762 2819 οῦν
839 2763 980 2836 ὑμᾶς
1014 2807 1029 2833 ,
1090 2762 1329 2837 μιμηταί
1411 2783 1517 2838 μου
1573 2763 1801 2838 γίνεσθε.
1862 2786 1891 2814 »ι
1951 2771 2044 2818 Δι-

386 2873 536 2908 καιοι
594 2852 779 2907 τοίνυν
837 2851 955 2907 ἐστὶ
1031 2851 1314 2926 μιμεῖσθαί
1367 2870 1434 2925 με
1490 2852 1583 2907 ἅτε
1638 2849 1864 2927 πατέρα.
1926 2851 2042 2908 Οὐκ

385 2938 623 3009 ἐπαίρων
655 2937 842 2995 ἑαυτὸν
900 2938 1073 3016 λέγει,
1123 2938 1267 2995 ἀλλὰ
1325 2937 1531 3002 δεικνὺς
1592 2938 1791 3018 εὐχερῆ
1852 2943 2038 3001 αὐτοῖς

385 3030 519 3086 εἶναι
561 3030 659 3097 τήν
689 3028 854 3084 αὑτοῦ
890 3027 1148 3102 μίμησιν.
1202 3027 1267 3084 Ei
1294 3030 1394 3105 γὰρ
1425 3027 1560 3105 ἑγὼ,
1591 3028 1747 3107 φησί,
1801 3028 2035 3104 Χριστὸν

386 3122 690 3192 μιμοῦμαι,
721 3122 836 3180 πῶς
868 3117 999 3196 οὐχὶ
1031 3118 1187 3191 ὑμεῖς
1214 3116 1311 3191 ἐμέ
1345 3136 1359 3185 ;

454 3226 552 3281 Διά
605 3224 768 3282 τοῦτο
825 3220 1043 3301 ἔπεμψα
1104 3224 1231 3299 ὑμῖν
1288 3226 1554 3299 Τιμόθεον
1588 3269 1601 3292 ,
1663 3226 1721 3287 ὅς
1777 3221 1888 3279 ἐστι
1943 3224 2034 3280 τέ-

376 3336 504 3370 κνον
543 3336 646 3389 μου
704 3314 985 3392 ἀγαπητὸν
1018 3316 1106 3370 καὶ
1176 3315 1363 3370 πιστὸν
1420 3311 1475 3369 ἐν
1508 3311 1716 3389 Κυρίῳ,
1775 3313 1833 3376 ’ὀς
1892 3313 2030 3386 ὑμᾶς

374 3405 674 3477 ἀναμνήσει
727 3405 822 3467 τὰς
905 3400 1068 3467 ὁδούς
1125 3424 1233 3476 μου
1289 3403 1386 3466 τὰς
1441 3400 1494 3459 ἐν
1552 3405 1791 3477 Χριστῷ,
1847 3401 2100 3469 καθὰ)ςο

376 3497 661 3569 πανταχοῦ
718 3492 770 3548 ἐν
856 3493 998 3568 πάσῃ
1085 3492 1385 3565 Ἐκκλησία
1469 3490 1728 3551 διδάσκω.
1802 3496 1888 3556 Ὠς
1948 3494 2023 3566 μὴ

378 3582 685 3660 ἐρχομένου
744 3580 801 3637 δέ
859 3604 964 3657 μου
1010 3582 1148 3661 πρὸς
1207 3583 1367 3655 ὑμᾶς,
1426 3580 1801 3659 ἐφυσιώθησάν
1860 3602 2024 3646 τινες.

379 3672 709 3747 Ἐλεῦσομαι
771 3669 827 3727 δὲ
880 3670 1094 3747 ταχέως
1172 3672 1308 3749 πρὸς
1396 3672 1535 3746 ὑμᾶς
1591 3671 1679 3727 ἰὰν
1747 3670 1775 3727 ὁ
1826 3673 2026 3748 Κύριος

380 3758 590 3836 Θελήσῃ
628 3805 644 3834 ,
704 3761 792 3817 καὶ
851 3762 1129 3836 γνώσομαι
1214 3758 1274 3815 οὗ
1329 3760 1421 3816 τὸν
1474 3758 1641 3837 λόγον
1695 3766 1803 3816 τῶν
1858 3780 2026 3839 πεφυ·

380 3848 659 3923 σιωμένων
696 3894 710 3920 ,
765 3848 911 3905 ἀλλὰ
964 3851 1064 3920 τήν
1115 3847 1342 3925 δῦναμιν
1376 3893 1389 3906 .
1467 3849 1541 3904 Οὖ
1599 3850 1703 3927 γὰρ
1763 3847 1814 3905 ἐν
1872 3849 2026 3925 λόγῳ

378 3942 414 4009 ἡ
451 3936 703 4015 βασιλεία
729 3942 827 3994 τοῦ
859 3938 1013 4008 Θεοῦ,
1047 3936 1175 3994 ἀλλ’
1199 3938 1251 3994 ἐν
1280 3934 1529 4013 δυνάμει.

460 4046 614 4102 ιΔιά
640 4050 802 4101 τοῦτο
854 4040 1070 4121 ἔπεμψα
1127 4048 1255 4121 ὑμῖν
1298 4050 1589 4120 Τιμόθεον,
1624 4071 1654 4099 ι»
1712 4044 1899 4118 ἐπειδὴ
1950 4048 2025 4112 ὡς

373 4136 570 4190 τέκνων
632 4132 901 4209 κήδομαι.
961 4158 991 4187 ι(
1046 4138 1143 4197 ’Ὀς
1200 4135 1277 4190 ἐτι
1329 4133 1512 4191 τέκνον
1561 4157 1752 4210 μου.»
1805 4137 1912 4205 Τῆν
1969 4157 2027 4192 τε

372 4225 513 4298 πρὸς
577 4224 849 4298 Τιμόθεον
911 4223 1124 4298 ἀγάπην
1182 4222 1457 4298 ἐμφαίνει,
1514 4224 1793 4288 κάκείνους
1851 4246 2026 4302 παρα-

375 4315 620 4383 σκευάζει
671 4310 968 4388 αἰδεσίμως
1023 4312 1183 4369 αὐτὸν
1233 4310 1384 4372 ἰδεῖν.
1444 4314 1559 4371 Οὐκ
1626 4313 1837 4384 ἅπλῶς,
1869 4314 2024 4393 φησῖ,

376 4405 567 4460 πιστὸν
597 4404 674 4469 εἰς
699 4406 931 4479 σαρκικὰ
967 4404 1279 4479 πράγματα,
1309 4402 1438 4460 ἀλλ’
1493 4401 1546 4458 ἐν
1605 4402 1813 4477 Κυρίῳ,
1870 4424 2025 4459 τουτ-

375 4495 517 4549 ἐστιν
547 4495 598 4548 ἓν
629 4498 747 4558 τοῖς
772 4494 908 4549 κατὰ
957 4494 1187 4570 Χριστὸν
1246 4492 1582 4567 πράγμασιν.
1644 4517 1673 4545 ‹‹
1725 4491 1827 4555 ’⁸ος
1886 4492 2025 4566 ὑμᾶς

376 4583 727 4655 ἀναμνήσει.
785 4606 812 4634 ››
869 4581 983 4640 Οὔκ
1035 4581 1171 4638 εἷπε·
1229 4577 1461 4654 Διδάξει,
1510 4580 1599 4636 ’ἱνα
1662 4584 1737 4655 μὴ
1799 4577 2029 4636 δυσανα-

378 4672 748 4749 σχετήσωσιν,
781 4671 855 4736 ὡς
882 4671 1029 4748 παρά
1054 4670 1336 4744 Τιμοθέου
1392 4669 1511 4726 νέου
1568 4667 1721 4734 ὄντος
1780 4671 2022 4746 μαθησό-

2165 2110 2322 2173 sunt,
2357 2123 2464 2180 ego
2492 2122 2625 2165 vero
2684 2116 2871 2182 pater.
2902 2133 2931 2162 «
2984 2113 3260 2169 Habeatls
3290 2113 3354 2169 in
3382 2113 3638 2172 Christo.
3672 2138 3701 2166 »
3733 2119 3813 2174 Ne

2162 2195 2300 2251 illos
2330 2197 2573 2268 quidem
2606 2200 2782 2256 ferire
2812 2200 2998 2256 voluit
3031 2217 3169 2258 cum
3225 2201 3407 2260 addat
3450 2206 3510 2259 in
3565 2200 3809 2262 Christo.

2161 2304 2192 2333 «
2221 2285 2289 2339 In
2318 2285 2549 2341 Christo
2570 2289 2727 2343 Jesu.
2763 2311 2791 2338 »
2824 2291 2951 2344 Non
2980 2289 3052 2345 ad
3085 2306 3179 2346 me
3208 2291 3333 2347 haec
3357 2291 3571 2361 refero,
3602 2293 3705 2350 sed
3734 2296 3809 2351 ad

2159 2372 2477 2429 Christum.
2517 2398 2542 2424 »ι
2578 2378 2693 2447 Ego
2726 2395 2825 2433 vos
2850 2375 3050 2450 genui.
3083 2400 3114 2429 ι»
3163 2380 3368 2451 Itaque
3401 2381 3513 2453 ipsi
3571 2399 3807 2454 quoque

2156 2468 2553 2535 praeceptores
2583 2467 2759 2522 vestri
2787 2482 2823 2522 ει
2860 2483 2956 2523 me
2986 2466 3325 2525 didicerunt
3354 2487 3424 2526 ea
3453 2488 3586 2542 qum
3642 2472 3804 2529 vobis

2155 2559 2518 2624 proponunt.
2552 2577 2580 2605 ι(
2632 2556 2840 2611 Genui.
2876 2576 2905 2606 »ι
2948 2558 3184 2613 Naturae
3218 2559 3407 2614 utitur
3436 2561 3802 2629 nominibus,

2153 2648 2258 2699 aut
2279 2645 2600 2702 ostendens
2615 2663 2791 2704 suum
2820 2664 3107 2720 amorem,
3136 2655 3240 2706 aut
3261 2651 3419 2722 quod
3452 2669 3557 2724 per
3583 2654 3800 2726 praedi-

2152 2734 2448 2790 cationem
2478 2737 2783 2809 genuisset
2811 2755 2912 2795 eos
2942 2738 3004 2794 in
3033 2740 3412 2812 baptismate.
3446 2765 3474 2792 ‹‹
3505 2742 3802 2800 Adhortor

2151 2823 2351 2895 itaque
2410 2842 2533 2893 vos,
2571 2831 2657 2894 ut,
2690 2849 2719 2877 υ
2768 2832 2880 2883 etc.
2939 2829 3189 2899 :Equum
3249 2835 3340 2886 est
3376 2830 3575 2901 igitur,
3608 2837 3676 2887 ut
3703 2850 3797 2889 me

2149 2912 2303 2969 sicut
2360 2920 2593 2985 patrem
2651 2916 2990 2972 imitemini.
3041 2918 3241 2988 Neque
3287 2918 3400 2974 hoc
3446 2917 3591 2975 dicit
3642 2921 3793 2978 455

2148 3001 2409 3073 seipsum
2435 3003 2742 3074 jactando,
2778 3003 2881 3060 sed
2912 3004 3233 3060 ostendens
3254 3004 3427 3062 facile
3460 3006 3545 3063 eis
3575 3014 3799 3078 esse,ut

2145 3089 2344 3161 ipsum
2369 3092 2769 3148 imitarentur.
2815 3094 2959 3148 Nam
3008 3093 3057 3148 si
3088 3109 3213 3165 ego,
3248 3094 3462 3168 inquit,
3494 3096 3793 3154 Christum

2144 3180 2372 3247 imitor,
2407 3181 2704 3251 quomodo
2731 3198 2829 3237 vos
2862 3198 2955 3237 me
2978 3199 3099 3239 non
3132 3183 3457 3241 imstamini
3483 3187 3510 3243 ?

2213 3269 2303 3336 IV,
2330 3271 2417 3332 17,
2435 3270 2559 3324 20.‹‹
2580 3270 2902 3341 Pr0pterea
2920 3270 3053 3327 misi
3070 3271 3145 3326 ad
3167 3288 3265 3327 vos
3287 3272 3790 3347 Timotheum,qui

2141 3380 2167 3407 ‹‹
2192 3362 2282 3413 est
2309 3356 2464 3412 filius
2484 3373 2651 3413 meus
2665 3355 2918 3415 dilectus
2934 3364 2992 3414 et
3015 3357 3211 3417 ﬁdelis
3237 3360 3300 3417 in
3321 3362 3705 3436 Domino,qui
3724 3365 3787 3420 in

2138 3472 2165 3496 σι
2197 3445 2547 3502 memoriam
2577 3445 2741 3502 vobis
2772 3446 3014 3504 reducet
3041 3447 3165 3504 vias
3194 3465 3380 3520 meas,
3406 3468 3537 3523 quae
3561 3452 3781 3509 suntin

2138 3558 2167 3585 ‹‹
2201 3536 2427 3592 Chisto:
2462 3536 2616 3593 sicut
2641 3536 2863 3609 ubique
2895 3536 2958 3594 in
2991 3539 3154 3595 omni
3177 3538 3439 3597 Ecclesia
3458 3540 3783 3599 doceo.Pe-

2136 3648 2164 3676 ‹‹
2198 3624 2368 3681 rinde
2391 3626 2559 3698 quasi
2596 3642 2717 3682 non
2735 3626 2846 3682 sim
2868 3633 3153 3685 venturus
3174 3628 3248 3685 ad
3270 3646 3392 3697 vos,
3428 3629 3618 3686 inﬂati
3645 3637 3786 3687 sunt

2138 3736 2165 3765 ‹‹
2200 3714 2462 3786 quidam.
2489 3714 2598 3771 Sed
2622 3714 2853 3772 veniam
2876 3716 3036 3772 brevi
3069 3717 3143 3773 ad
3175 3734 3273 3773 vos
3296 3718 3345 3774 si
3379 3718 3664 3776 Dominus
3688 3737 3784 3775 vo-

2139 3825 2166 3853 «
2199 3804 2463 3873 luerit,et
2492 3821 2847 3878 cognoscam
2883 3822 3005 3862 non
3037 3822 3374 3861 sermonem
3406 3806 3785 3878 istorum,qui

2139 3916 2167 3943 «ι
2200 3893 2392 3951 inflati
2425 3900 2584 3959 sunt,
2615 3895 2719 3951 sed
2749 3895 3046 3951 virtutem.
3076 3896 3207 3950 Non
3238 3894 3400 3950 enim
3420 3911 3529 3967 per
3558 3911 3785 3952 sermo-

2138 4005 2166 4035 ‹‹
2199 4000 2336 4039 nem
2368 3987 2458 4039 est
2487 4000 2735 4054 regnum
2766 3983 2891 4052 Dei,
2926 3981 3028 4038 sed
3078 3998 3184 4054 per
3208 3982 3507 4041 virtutem.
3542 4007 3571 4035 ››

2210 4094 2237 4122 ‹‹
2273 4075 2594 4144 Propterea
2624 4071 2762 4127 misi
2792 4070 2866 4126 ad
2921 4087 3021 4127 vos
3079 4070 3472 4130 Timotheum.
3507 4094 3536 4124 »
3594 4075 3789 4141 Quan-

2140 4160 2462 4232 doquidem
2494 4161 2670 4216 vestri
2703 4176 2908 4215 curam
2940 4158 3153 4231 habeo,
3189 4165 3471 4233 tanquam
3503 4162 3788 4222 ﬁliorum.

2139 4269 2167 4299 ιι
2199 4248 2306 4313 Qui
2342 4254 2432 4303 est
2464 4248 2622 4304 filius
2654 4264 2844 4305 meus.
2876 4271 2904 4298 ››
2935 4251 3215 4304 Amorem
3271 4248 3551 4318 ostendit,
3610 4268 3786 4323 quem

2136 4353 2274 4408 erga
2303 4336 2677 4401 Timotheum
2710 4335 2987 4406 habebat,
3015 4338 3296 4409 ipsosque
3344 4345 3639 4409 praeparat
3669 4357 3786 4410 quo

2134 4433 2475 4484 reverenter
2515 4444 2650 4484 eum
2681 4428 3070 4501 conspiciant.
3101 4428 3231 4486 Non
3263 4428 3506 4502 vulgari,
3565 4431 3783 4501 inquit.

2135 4516 2311 4573 modo
2362 4516 2599 4572 fidelem
2634 4516 2707 4573 ad
2739 4534 2919 4591 opera
2939 4534 3243 4590 corporea,
3278 4518 3382 4573 sed
3414 4520 3475 4574 in
3508 4519 3779 4589 Domino,

2136 4605 2248 4662 hoc
2278 4611 2386 4674 est,
2420 4606 2481 4662 in
2512 4607 2689 4663 rebus
2722 4623 2853 4677 quae
2884 4607 2958 4665 ad
2980 4607 3277 4662 Christum
3307 4604 3782 4680 pertinent.«Qui

2135 4695 2197 4751 in
2228 4696 2581 4752 memoriam
2611 4696 2777 4751 vobis
2807 4696 3072 4765 reducet,
3106 4717 3134 4746 ››
3167 4697 3294 4752 Non
3327 4697 3411 4751 ait
3441 4712 3454 4754 :
3516 4697 3781 4769 Docebit,

381 4776 557 4832 μενον
587 4759 709 4824 ὅθεν
741 4761 896 4837 φησὶ,
930 4784 958 4813 ι(
989 4759 1097 4822 Τὰς
1149 4757 1308 4822 ὁδοὺς
1368 4782 1497 4834 μου,
1526 4760 1820 4831 τουτέστιν,
1853 4756 2022 4818 Οὐδὲν

2153 4801 2212 4840 ie
2243 4784 2496 4857 graviter
2524 4784 2750 4841 ferrent
2782 4785 2829 4840 si
2871 4800 2907 4839 a
2935 4784 3261 4852 Timotheo,
3303 4786 3403 4856 qui
3435 4802 3643 4843 recens
3673 4787 3781 4844 ad-

376 4855 517 4913 ἲδιον
552 4857 703 4933 εἴπῃ,
737 4857 883 4914 ἀλλά
917 4860 985 4914 τά
1014 4858 1140 4933 ἐμά.
1200 4856 1416 4928 Ὀδοὺς,
1448 4860 1605 4938 φησὶ,
1661 4860 1755 4921 τάς
1811 4859 2027 4916 οἰκονο-

375 4948 530 5021 μίας,
559 4951 623 5006 τὸ
651 4951 932 5024 κήρυγμα,
986 4948 1117 5013 τοὺς
1168 4947 1469 5020 κινδύνους,
1500 4950 1566 5006 τὰ
1613 4944 1707 5020 ἔθη
1760 4949 1827 5005 τὰ
1882 4951 2020 5006 ἀπο-

370 5036 781 5107 στολικοὶ,τοὺς
808 5038 1008 5111 νόμους
1054 5038 1179 5101 τοὺς
1238 5039 1414 5101 θείους
1473 5038 1526 5092 ἐν
1586 5037 1665 5101 οἷς
1718 5044 2019 5113 περιπατῶ,

367 5126 524 5203 φησί.
584 5152 612 5181 ‹‹
646 5128 756 5190 Τὰς
787 5126 840 5183 ἐν
871 5126 1109 5202 Χριστῷ.
1154 5154 1182 5180 ››
1242 5129 1375 5185 Εἶτα
1422 5128 1630 5206 ἀνάγων
1684 5128 1776 5183 τὸν
1828 5125 2017 5202 λόγον,

362 5215 521 5291 φησὶ,
551 5218 650 5280 τὰς
679 5216 734 5271 ἐν
768 5218 983 5291 Χριστῷ
1039 5215 1223 5286 ὀδοὺς,
1281 5216 1375 5279 τὰς
1435 5213 1605 5290 μηδὲν
1664 5215 1897 5291 ἐχούσας
1927 5217 2017 5272 άν-

363 5304 671 5378 Ορὼπινον.
704 5304 893 5377 Οῦδὶν,
934 5308 1093 5386 φησὶ,
1147 5309 1326 5363 καινὸν
1391 5307 1518 5380 ὑμῖν
1564 5306 1714 5381 εἶ’πῃ,
1745 5306 1893 5363 ἀλλά
1923 5308 2015 5371 τάς

363 5391 419 5448 ἐν
458 5394 657 5468 ἑκάστῃ
691 5395 992 5466 Ἐκκλησία
1022 5393 1376 5458 δεδασκαλίας
1435 5417 1559 5469 μου.
1620 5421 1648 5450 ι(
1679 5396 1768 5459 Ὠς
1820 5398 1896 5470 μὴ
1930 5396 2015 5473 ἐρ-

364 5483 610 5560 χομένου
643 5483 700 5541 δέ
727 5507 852 5558 μου.
882 5509 912 5539 ››
942 5483 1162 5555 Ἐπειδὴ
1194 5488 1333 5555 εἶπε,
1364 5510 1392 5538 ι(
1426 5486 1635 5559 ίιὲμπω
1665 5488 1957 5560 Τιμόθεον,
1986 5510 2014 5540 ιο

362 5574 459 5631 ’ίνα
522 5579 597 5650 μή
657 5579 1023 5653 ρᾳθυμότεροι
1080 5577 1340 5654 γένωνται
1406 5578 1481 5639 ὡς
1533 5576 1699 5634 αὐτοῦ
1742 5580 1818 5652 μή
1882 5577 2015 5652 μέλ-

369 5664 565 5727 λοντος
594 5665 827 5739 ἀπιέναι,
859 5664 1169 5743 διορθοῦται
1196 5667 1348 5737 αὐτὸ,
1406 5666 1623 5743 ἐπάγων
1650 5667 1734 5742 τό,
1769 5692 1797 5718 ‹‹
1831 5665 2016 5725 Ἐλεύο

2136 4875 2392 4930 venisset
2423 4873 2675 4930 docendi
2708 4878 2910 4929 essent
2930 4891 2943 4928 :
2965 4877 3209 4944 propter
3237 4874 3395 4944 quod
3413 4874 3591 4931 etiam
3614 4875 3778 4933 dicit:

2133 4986 2162 5015 ι(
2195 4964 2330 5018 Vias
2362 4979 2545 5019 meas.
2579 4985 2608 5014 ››
2648 4965 2766 5018 Hoc
2796 4964 2906 5029 est,
2935 4960 3086 5017 nihil
3127 4962 3436 5035 proprium
3466 4962 3642 5033 dicet,
3677 4967 3780 5023 sed

2130 5067 2263 5121 quas
2294 5067 2427 5106 mea
2457 5056 2614 5108 sunt.
2650 5051 2782 5106 Vias
2813 5055 2984 5107 vocat
3012 5050 3457 5122 dispositiones,
3487 5054 3779 5124 pradica-

2130 5140 2376 5210 tionem,
2400 5141 2685 5213 pericula,
2701 5158 2899 5198 mores
2930 5140 3308 5212 apostolicos,
3341 5158 3409 5198 ac
3438 5142 3664 5202 divinas
3695 5145 3780 5202 le-

2127 5245 2229 5299 ges
2286 5229 2347 5283 in
2380 5229 2595 5301 quibus
2644 5230 2907 5286 ambulo.
2944 5251 2971 5280 «
3004 5230 3141 5294 Qua)
3184 5234 3325 5285 sunt
3362 5232 3424 5286 in
3456 5232 3711 5288 Christo.
3746 5257 3775 5284 ››

2126 5317 2350 5373 Deinde
2382 5334 2718 5374 sermonem
2738 5318 3216 5391 proferens,vias,
3252 5318 3607 5392 inquit,qum
3636 5329 3780 5379 sunt

2125 5407 2189 5462 in
2220 5406 2472 5472 Christo,
2504 5406 2651 5463 nihil
2675 5408 3003 5462 humanum
3034 5406 3349 5476 habentes;
3374 5408 3526 5466 nihil
3557 5428 3773 5469 novum

2125 5495 2291 5551 vobis
2323 5494 2498 5564 dicet,
2534 5495 2637 5551 sed
2682 5496 2982 5553 doctrinas
3030 5512 3213 5565 meas,
3248 5513 3395 5567 quas
3426 5498 3487 5553 in
3519 5497 3770 5572 singulis

2125 5582 2405 5639 Ecclesiis
2436 5584 2638 5642 doceo.
2674 5607 2700 5635 ι(
2733 5583 2986 5641 Perinde
3018 5584 3186 5654 quasi
3220 5600 3340 5640 non
3388 5585 3499 5640 sim
3560 5594 3769 5642 ventu-

2122 5689 2248 5747 ;us.
2285 5693 2312 5723 »
2344 5673 2629 5739 Quoniam
2657 5673 2806 5731 dixit
2831 5692 2844 5730 :
2870 5695 2897 5723 ‹‹
2924 5674 3083 5728 Mitto
3113 5673 3506 5742 Timotheum,
3526 5698 3554 5726 ››
3577 5692 3650 5731 ne
3673 5693 3767 5733 se-
