4198 6200
454 332 576 395 695

1547 330 1964 393 (ΕΟΠΜΕΝΙΙ
2008 329 2316 392 ΤΗΙΕΟΛΕ
2358 329 2735 394 EPISCOPI.

3746 326 3855 389 606

457 471 696 543 gniores
715 469 1109 525 redderentur
1132 473 1416 539 tanquam
1436 466 1560 539 ipse
1584 466 1656 521 ad
1686 483 1787 521 eos
1816 471 2099 521 venturus

2233 484 2379 538 τομιι
2410 461 2484 519 δὲ.
2523 488 2551 515 ››
2585 496 2652 505 —
2699 488 2727 515 ι(
2761 461 3173 541 Ἐφυσιώθησάν
3222 482 3384 522 τινες.
3423 485 3452 512 ι)
3509 463 3680 517 Ἦσαν
3733 462 3857 516 κατὰ

459 577 580 615 non
612 563 784 619 esset,
817 557 1057 629 corrigit
1082 557 1215 624 hoc,
1247 557 1453 612 dicens
1486 573 1498 610 :
1536 577 1560 607 ι
1616 555 1728 611 Sed
1786 554 2039 610 veniam.
2072 576 2101 605 η

464 670 487 696 ι
520 645 713 700 Inﬂati
776 650 915 698 sunt
944 645 1205 716 quidam.
1238 667 1266 696 »
1302 647 1483 701 Erant
1535 644 1829 711 nonnulli,
1863 648 1929 698 ut
1956 642 2105 697 veri-

458 734 654 791 simile
684 739 775 788 est
803 734 904 805 qui
938 736 1165 807 seipsos
1196 738 1956 807 provexerant,arroganter
1976 748 2105 787 sese

463 828 756 894 gerentes,
788 829 890 878 aut
921 824 995 879 ob
1045 825 1379 893 scientiam,
1412 830 1515 880 aut
1542 822 1615 878 ob
1647 824 1845 889 vitam,
1874 828 1977 877 aut
2030 821 2105 875 ob

458 910 629 966 aliud
661 912 897 983 quidvis
956 930 1156 971 rerum
1212 914 1635 986 spiritualium.
1696 912 1917 968 Deinde
1970 912 2107 966 hinc

455 1000 654 1055 inanis
685 1000 875 1072 gloria
894 1019 963 1058 ac
995 1003 1223 1059 inﬂatio
1247 1004 1747 1059 subintrarat.Per
1774 1001 2105 1058 absentiam

458 1089 753 1160 siquidem
778 1091 1043 1163 magistri
1064 1108 1199 1148 cum
1224 1091 1427 1147 nullus
1444 1097 1601 1147 esset
1621 1091 1719 1162 qui
1751 1095 2107 1162 argueretac

462 1178 807 1249 corrigeret,
839 1179 1223 1236 inﬂabantur.
1253 1202 1282 1230 ι(
1308 1180 1420 1235 Sed
1452 1180 1703 1236 veniam.
1730 1203 1753 1231 ι
1791 1178 1956 1244 Quod
1985 1178 2104 1234 ait:

468 1288 497 1317 «
528 1265 779 1322 Veniam
810 1268 970 1324 brevi
1002 1268 1076 1324 ad
1106 1286 1228 1336 vos,
1254 1291 1283 1319 ››
1316 1269 1595 1324 terrentis
1625 1274 1715 1324 est
1744 1273 1803 1322 et
1829 1283 2109 1339 pavorem

462 1356 835 1423 incutientis,
869 1360 1023 1416 456
1054 1359 1233 1431 idque
1266 1359 1610 1431 apparantis
1665 1364 1733 1413 ut
1760 1358 1873 1430 ipsi
1906 1357 2111 1429 vigila-

465 1450 605 1500 rent
634 1451 691 1501 et
718 1447 776 1501 in
811 1447 1005 1504 ofﬁcio
1036 1449 1508 1503 continerentur.
1543 1470 1564 1497 ι
1601 1449 1672 1502 Ει
1698 1462 2110 1517 cognoscam.»

464 1533 754 1589 Fortassis
777 1535 955 1590 etiam
986 1552 1115 1592 sese
1125 1536 1435 1608 jactabant
1465 1541 1750 1607 tanquam
1772 1535 2017 1607 perfecti
2043 1550 2112 1590 ac

466 1621 810 1693 spirituales
835 1641 848 1678 :
875 1624 979 1680 sed
1005 1626 1270 1694 veniens,
1304 1626 1733 1697 inquit,potero
1758 1640 2112 1698 cognoscere

461 1725 607 1765 num
640 1711 711 1766 de
744 1713 905 1769 vobis
954 1714 1101 1786 ipsis
1141 1714 1503 1787 gloriemini.
1539 1714 1695 1769 Nihil
1730 1714 1886 1768 enim
1915 1712 2113 1767 meriti

464 1798 665 1868 habet,
698 1801 922 1874 absque
955 1803 1234 1875 operibus
1262 1800 1541 1876 fgloriari,
1576 1802 1678 1858 sed
1711 1802 1759 1857 si
1791 1801 1968 1873 digna
1998 1816 2116 1856 ser-

469 1891 748 1946 monibus
775 1893 896 1948 sint
928 1910 1127 1965 opera.
1160 1894 1465 1965 Siquidem
1487 1910 1609 1948 non
1640 1898 1779 1948 sunt
1796 1891 2120 1946 necessarii

471 1996 802 2050 sermones,
837 1983 940 2038 sed
972 1989 1041 2040 ut
1068 2000 1250 2056 opera
1281 1983 1615 2056 spiritualia
1642 1982 1775 2054 quis
1821 1987 2115 2053 operetur.

2146 1853 2194 1918 B

3832 553 3855 573 Ἃ

2209 552 2272 606 τὸ
2332 551 2477 614 εἰκὸς
2531 551 2754 613 ἑαυτοὺς
2813 548 3200 613 ἐπιδεδωκὸτες
3239 597 3252 621 ,
3314 552 3349 621 ἢ
3407 551 3500 607 ἐπὶ
3552 550 3768 626 γνώσει,
3825 553 3855 621 ἢ

2214 640 2302 696 ἐπὶ
2336 641 2522 718 βίῳ,ἢ
2557 641 2643 697 ἐπί
2696 662 2805 696 τινι
2858 644 2967 696 τῶν
3026 643 3404 713 πνευματικῶν
3468 637 3861 711 ἀλαζονευόμε-

2208 750 2312 787 νοι.
2344 730 2480 788 Εἶτα
2523 726 2668 786 ἔνθεν
2723 726 2998 799 κενοδοξία
3053 728 3143 783 καὶ
3203 727 3471 807 φυσίωσις
3529 727 3860 802 παρυπέστη.

2211 821 2293 884 Τῆ
2333 818 2426 874 οὖν
2458 819 2691 891 ἀπουσίᾳ
2720 822 2818 874 τοῦ
2877 814 3230 887 διδασκάλου,
3288 814 3527 889 μηδενὸς
3588 812 3743 878 ὄντος
3773 822 3866 871 τοῦ

2213 909 2535 984 ἐλέγχοντος
2593 910 2682 965 καὶ
2757 905 3169 984 διορθουμένου,
3242 907 3382 977 ἦσαν
3437 903 3862 982 πεφυσιωμένοι.

2215 1021 2245 1050 ιι
2276 996 2607 1072 Ἐλεύσομαι
2665 995 2741 1055 δέ.
2796 1022 2824 1050 υ
2872 998 2966 1067 Τὸ,
3026 1022 3053 1049 ‹‹
3088 995 3419 1069 Ἐλεύσομαι
3470 993 3688 1071 ταχέως
3739 997 3866 1071 πρὸς

2215 1087 2375 1159 ὑμᾶς,
2410 1110 2438 1139 ››
2496 1085 2796 1148 πτοοῦντός
2870 1084 2981 1141 ἐστι
3030 1084 3118 1140 καὶ
3198 1079 3546 1163 φοϐουμένου
3581 1127 3595 1155 ,
3648 1082 3863 1163 τούτους

2212 1178 2402 1255 νήφειν
2479 1176 2570 1232 καὶ
2652 1173 3012 1231 κατεστάλθαι
3081 1175 3595 1248 παρασκευάζοντος
3629 1216 3642 1229 .
3704 1179 3861 1229 «Κατ

2214 1267 2519 1342 γνώσομαι.
2556 1289 2583 1318 ››
2614 1267 2772 1328 Ἲσως
2804 1265 2897 1320 καὶ
2954 1264 3264 1337 ἐκόμπαζον
3321 1264 3395 1326 ὡς
3463 1261 3676 1318 τὲλεὶοί
3728 1284 3862 1325 τινες

2214 1356 2305 1409 καὶ
2337 1353 2711 1429 πνευματικοί·
2749 1351 2916 1423 ἀλλὰ,
2949 1354 3136 1428 φησὶν,
3158 1351 3490 1428 ἐρχόμενος,
3523 1350 3641 1428 ἔχω
3671 1357 3867 1428 γνῶναι

2217 1442 2263 1496 εί
2289 1442 2413 1519 περὶ
2444 1444 2647 1499 ἑαυτῶν
2692 1442 3021 1516 κομπάζετε.
3079 1443 3258 1499 Τοῦτο
3314 1441 3415 1516 γὰρ
3449 1438 3672 1503 οὐδενὸς
3704 1438 3868 1510 ἄξιον.

2213 1537 2278 1592 τὸ
2307 1535 2608 1610 κομπάζειν
2647 1536 2812 1610 μόνον
2858 1533 2989 1611 δίχα
3044 1535 3249 1610 ἓργων,
3310 1532 3443 1590 ἀλλ’
3497 1534 3543 1590 εἴ
3599 1531 3719 1604 ἄξια
3769 1539 3869 1589 τῶν

2218 1624 2400 1699 λόγων
2426 1626 2492 1680 τὰ
2516 1621 2670 1701 ἔργα.
2709 1625 2783 1681 νύ
2814 1627 2917 1700 γὰρ
2950 1624 3134 1701 λόγων
3165 1624 3350 1699 χρεία,
3395 1621 3549 1679 ἀλλὰ
3596 1627 3695 1678 τοῦ
3726 1621 3869 1699 ἔργον

2220 1718 2398 1770 ποιεῖν
2431 1715 2821 1788 πνευματικόν.
2853 1713 2931 1773 Οὔ
2963 1715 3068 1790 γὰρ
3120 1711 3277 1789 λόγοι
3312 1714 3492 1788 χωρὶς
3525 1710 3705 1788 ἔργων
3761 1712 3869 1767 εἰσ-

2222 1803 2490 1880 ενέγκοιεν
2546 1802 2623 1866 εῗς
2704 1804 2802 1873 τὴν
2872 1801 3150 1879 βασιλείαν
3235 1807 3343 1856 τῶν
3399 1800 3690 1877 οὐρανῶν,
3746 1802 3869 1875 ὅπερ

2228 1891 2374 1968 λὲγει
2408 1892 2484 1955 εἰς
2514 1895 2612 1963 τήν
2648 1892 2924 1969 βασιλείαν
2963 1896 3059 1947 τοῦ
3113 1889 3268 1961 Θεοῧ,
3327 1890 3457 1947 ἀλλ’
3516 1890 3568 1946 ἐν
3630 1888 3868 1964 δυνάμει,

2231 1981 2505 2036 τουτέστιν
2539 1981 2592 2036 ἐν
2620 1981 2689 2057 τῇ
2718 1979 2966 2052 ἐπιδείξει
2996 1986 3105 2038 τῶν
3146 1975 3339 2056 ἔργων.

481 2070 795 2127 Sermones
842 2089 1101 2145 namque
1151 2074 1279 2129 sine
1338 2073 1615 2145 operibus
1662 2073 1725 2127 in
1778 2088 2026 2143 regnum
2084 2070 2365 2127 cmlorum
2422 2090 2800 2145 nequaquam
2856 2072 3258 2128 introducent.
3309 2073 3380 2126 Et
3434 2072 3550 2128 hoc
3584 2076 3674 2127 est
3722 2069 3874 2142 quod

482 2158 565 2213 ait
596 2175 609 2213 :
646 2181 673 2209 ‹‹
705 2162 831 2216 Non
864 2162 1020 2218 enim
1052 2180 1160 2235 per
1190 2178 1526 2219 sermonem
1572 2167 1663 2218 est
1689 2177 1939 2233 regnum
1964 2160 2088 2230 Dei,
2122 2161 2225 2216 sed
2251 2178 2358 2233 per
2387 2163 2688 2232 virtutem,
2723 2185 2752 2214 »
2783 2163 2844 2220 id
2875 2168 2984 2231 est,
3010 2179 3119 2234 per
3148 2177 3395 2233 operum
3426 2159 3879 2217 demonstratio-

481 2263 640 2303 nem.

1136 2342 1364 2397 CAPUT
1413 2342 1461 2396 II

478 2444 751 2501 Adversus
779 2452 972 2518 stupra
1009 2454 1065 2502 et
1093 2450 1465 2504 scortationes
1494 2465 1560 2504 ac
1590 2465 1677 2504 eos
1704 2447 1806 2518 qui
1861 2464 1984 2503 cum
2042 2448 2129 2501 his

1112 2522 1485 2590 participant.

549 2643 640 2711 IV,
664 2647 752 2700 2t.
779 2675 843 2687 —-
864 2646 927 2713 V,
964 2648 1013 2713 t,
1045 2642 1097 2701 2.
1129 2668 1157 2696 ιι
1186 2646 1334 2712 Quid
1358 2645 1580 2701 vultis?
1604 2661 1748 2700 num
1767 2650 1833 2699 ut
1849 2660 1983 2700 cum
2007 2643 2128 2697 vir-

483 2760 510 2786 ‹‹
544 2752 616 2808 ga
644 2735 875 2791 veniam
911 2735 986 2791 ad
1016 2752 1116 2791 vos
1142 2752 1218 2791 an
1243 2752 1379 2791 cum
1406 2735 1693 2792 charitate
1717 2739 1775 2790 et
1804 2733 2017 2805 spiritu
2046 2731 2126 2786 le-

484 2848 512 2876 ‹‹
548 2826 754 2881 nitatis
782 2826 811 2881 ?
839 2826 1093 2882 Omnino
1111 2826 1352 2882 auditur
1382 2826 1540 2880 inter
1555 2842 1656 2880 vos
1688 2830 2126 2895 stuprum,qua-

486 2938 513 2965 ιι
547 2915 603 2970 1e
629 2932 740 2970 nec
788 2916 947 2971 inter
973 2920 1179 2989 gentes
1208 2916 1590 2971 nominatur:
1622 2920 1689 2969 ut
1718 2914 1895 2969 etiam
1945 2912 2129 2984 patris

2870 2344 3131 2396 ΚΕΦΑΛ.
3176 2339 3249 2397 θ’.

2306 2444 2451 2500 Κατὰ
2505 2451 2722 2522 πορνῶν
2818 2447 2906 2503 καὶ
2961 2447 3241 2538 πορνείας,
3296 2443 3386 2501 καὶ
3442 2448 3558 2500 τῶν
3610 2443 3822 2505 τούτοις

2840 2540 2904 2574 κο
2916 2539 3251 2574 ινωνουντων
3263 2563 3276 2576 ο

2305 2647 2374 2706 Τί
2425 2649 2654 2723 θὲλετες
2739 2651 2792 2708 ἐν
2844 2648 3031 2728 ῥάϐδῳ
3116 2646 3261 2717 ἔλθω
3342 2652 3483 2725 πρὸς
3545 2651 3684 2722 ὑμᾶς
3740 2648 3774 2717 ἢ
3831 2644 3878 2700 ἐν

2238 2735 2423 2813 ἀγάπῃ
2526 2741 2795 2815 πνεύματί
2867 2763 2928 2798 τε
2999 2741 3356 2817 πραότητοςς
3430 2739 3623 2801 ’Ὁλως
3727 2734 3873 2790 ἀκού·

2237 2839 2353 2901 εται
2410 2820 2463 2875 ἐν
2526 2824 2651 2895 ὑμῖν
2710 2825 2973 2899 πορνεία,
3026 2824 3117 2880 καὶ
3183 2822 3411 2894 τοιαύτη
3486 2820 3712 2897 πορνεία
3765 2821 3880 2888 itii

2238 2904 2367 2963 οὐδὲ
2422 2908 2475 2964 ἐν
2557 2917 2676 2975 τοῖς
2762 2909 2962 2968 ἔθνεσιν
3047 2912 3395 2987 ὀνομάζεται,
3480 2908 3621 2966 ὥστε
3669 2905 3883 2984 γυναῖκά

489 3028 517 3055 ιι
549 3022 796 3061 uxorem
829 3006 963 3078 quis
996 3005 1228 3062 habeat.
1263 3009 1333 3061 Et
1361 3023 1460 3061 vos
1493 3004 1683 3060 inﬂati
1716 3003 1858 3059 estis
1890 3018 1958 3057 ac
2005 3017 2125 3056 non

2233 3019 2343 3054 τινα
2403 3004 2500 3055 τοῦ
2558 3002 2766 3076 πατρὸς
2822 2999 2996 3079 ἔχειν.
3057 3002 3163 3060 Καὶ
3248 3002 3407 3075 ὑμεῖς
3494 2996 3880 3078 πεφυσιωμένοι

492 3115 516 3145 α
554 3094 738 3167 magis
769 3094 1024 3161 luxistis,
1058 3101 1124 3149 ut
1168 3094 1478 3150 tolleretur
1533 3093 1606 3148 de
1644 3091 1841 3148 medio
1868 3096 2128 3146 vestrum

493 3212 514 3237 ι
552 3189 653 3259 qui
683 3187 913 3243 facinus
944 3189 1055 3243 hoc
1084 3188 1462 3260 perpetravit.
1499 3209 1527 3238 ››

559 3280 703 3331 Nam
731 3276 792 3330 in
823 3277 1259 3347 vestra,inquit,
1282 3278 1462 3333 situm
1486 3281 1575 3332 est
1596 3281 1887 3347 potestate
1912 3281 1976 3330 ut
2005 3276 2132 3330 haec

490 3362 753 3415 faciatis:
786 3368 889 3415 aut
914 3368 982 3415 ut
1010 3379 1220 3431 segnes
1251 3364 1443 3418 effecti
1468 3380 1561 3417 me
1593 3361 1668 3416 ad
1697 3363 1847 3417 iram
1880 3368 1938 3416 et
1962 3363 2134 3417 ultio-

491 3463 629 3501 nem
661 3449 1012 3517 provocetis,
1044 3448 1545 3518 quemadmodum
1577 3452 1815 3504 Petrum
1848 3452 2129 3514 Ananias,

493 3540 550 3590 et
581 3535 875 3606 meipsum
906 3535 1161 3590 Elimas:
1183 3542 1283 3591 aut
1304 3537 1894 3610 utstudioseagentes
1923 3539 2133 3610 etvigi-

492 3624 686 3679 lantes
716 3623 790 3679 ad
830 3624 1179 3679 charitatem
1204 3640 1271 3679 ac
1328 3625 1637 3681 lenitatem
1699 3644 1793 3681 me
1844 3626 2131 3682 excitetis.

495 3735 523 3763 ‹‹
557 3713 700 3769 Cum
725 3713 937 3784 spiritu
967 3712 1253 3769 lenitatis.
1289 3736 1316 3762 »
1342 3715 1543 3769 Potest
1592 3714 1752 3768 enim
1786 3719 1843 3768 et
1891 3715 2136 3785 spiritus

496 3818 625 3858 esse
658 3802 1022 3858 austeritatis
1053 3818 1119 3857 ac
1150 3801 1418 3859 ultionis.
1448 3825 1475 3853 «
1510 3802 1763 3857 Auditur
1792 3803 1949 3858 inter
1977 3821 2133 3859 vos.»

492 3893 881 3948 Communem
893 3891 1035 3947 facit
1052 3891 1329 3946 omnibus
1343 3892 1780 3947 accusationem
1807 3909 1819 3946 :
1838 3909 1910 3947 ne
1925 3909 2137 3963 segnes

492 3980 819 4035 reddantur
844 3988 1129 4053 tanquam
1161 3980 1341 4037 alieni
1373 3998 1407 4037 a
1433 3981 1670 4037 delicto.
1706 4004 1733 4032 «
1764 3983 1924 4036 Inter
1951 3999 2071 4036 vos.
2109 4006 2136 4033 ρ)

494 4069 593 4138 qui
625 4068 831 4124 ﬁdeles
864 4070 1024 4138 estis,
1050 4076 1329 4142 tantaque
1351 4071 1662 4142 accepistis
1683 4070 1990 4126 beneficia.
2024 4073 2139 4129 Nec

494 4157 639 4212 dicit
672 4175 684 4212 :
714 4158 1040 4230 Peragitur,
1061 4160 1163 4215 sed
1194 4177 1265 4214 ex
1296 4160 1625 4217 abundanti
1657 4163 1986 4225 cautione,«
2020 4164 2141 4217 Au-

495 4247 673 4304 ditur.
701 4269 729 4297 ››
760 4279 826 4289 -
859 4270 887 4297 ‹‹
916 4250 1031 4304 Nec
1072 4249 1231 4304 inter
1258 4255 1482 4321 gentes.
1521 4273 1548 4299 ››
1579 4253 1622 4305 Α
1654 4250 1995 4322 gentilibus,
2030 4252 2141 4307 hoc

2236 3086 2374 3155 ἐστὶ,
2418 3088 2510 3144 καὶ
2570 3090 2703 3166 οὐχὶ
2767 3091 2979 3163 μᾶλλον
3037 3090 3389 3161 ἐπενθήσατε,
3444 3087 3543 3144 ’ίνα
3591 3087 3779 3161 ἐξαρθῇ
3829 3081 3882 3136 ἐκ

2241 3176 2408 3249 μέσου
2442 3179 2591 3252 ὑμῶν
2622 3180 2649 3234 ὀ
2676 3181 2737 3235 τὸ
2768 3175 2925 3255 ἔργον
2957 3184 3119 3236 τοῦτο
3150 3182 3408 3250 ποιήσαςο

2308 3266 2488 3340 Ὑμεῖς
2546 3268 2673 3344 γάρ,
2735 3270 2893 3347 φησί,
2945 3270 3153 3325 τούτων
3215 3266 3398 3345 κύριοί
3449 3266 3595 3331 ἐστε,
3648 3267 3683 3335 ἧ
3741 3261 3881 3336 ῥᾳθυο

2242 3359 2463 3429 μοῦντες
2497 3357 2574 3420 εἷς
2606 3358 2778 3435 ὀργήν
2812 3379 2880 3433 με
2937 3359 3026 3414 καὶ
3083 3356 3355 3434 τιμωρίαν
3412 3355 3643 3433 ἐγεῖραι,
3700 3353 3770 3411 ὡς
3798 3350 3880 3404 τὸν

2237 3445 2435 3520 πέτρον
2497 3448 2524 3501 ὁ
2581 3447 2876 3516 Ἀνανίας,
2936 3448 3028 3503 καὶ
3081 3446 3179 3522 ἐμὲ
3227 3446 3390 3501 αὐτὸν
3449 3447 3477 3500 ὁ
3541 3443 3796 3516 Ἐλύμας,
3848 3437 3879 3505 ἦ

2240 3533 2633 3606 σπουδάζοντες
2663 3539 2753 3594 καὶ
2786 3542 3072 3617 νήφοντες,
3106 3539 3183 3601 εἷς
3230 3537 3465 3615 ἀγάπην.
3533 3563 3561 3590 ‹‹
3597 3538 3679 3591 Ἐν
3735 3529 3880 3588 πνεύα

2243 3628 2730 3700 ματιπραότητος.
2767 3652 2795 3679 ››
2844 3630 2965 3685 Ἐνι
3019 3629 3122 3704 γὰρ
3173 3628 3263 3683 καὶ
3322 3631 3541 3699 πνεῦμα
3598 3619 3880 3695 αὐστηρίας

2239 3711 2328 3765 καὶ
2380 3716 2670 3788 τιμωρίας.
2719 3740 2747 3767 ‹‹
2783 3716 3067 3773 ’Δκούεται
3126 3714 3177 3771 ἐν
3242 3715 3393 3788 ὑμῖν.
3428 3738 3456 3767 »
3514 3714 3703 3772 Κοινὸν
3760 3708 3882 3763 πάν·

2239 3820 2346 3854 των
2379 3808 2528 3856 ποιεῖ
2555 3803 2618 3857 τὸ
2648 3800 2903 3879 ἔγκλημα)
2934 3802 3030 3859 ’ίνα
3089 3804 3165 3878 μή
3201 3803 3595 3881 ρᾳθυμήσωσιν
3623 3802 3695 3863 ὡς
3723 3795 3882 3854 ἀλλό-

2238 3909 2384 3963 τριοι
2409 3894 2503 3945 τοῦ
2534 3890 3046 3966 πλημμελήματος.
3087 3919 3107 3944 ι
3144 3895 3235 3951 Ἐν
3292 3893 3441 3966 ὑμῖν,
3477 3916 3509 3943 ››
3542 3890 3693 3970 φησί.
3723 3889 3883 3943 Τουτ-

2242 3978 2353 4033 ἐστι
2409 3985 2526 4042 τοῖς
2585 3982 2824 4052 πιστόῖς,
2882 3988 3000 4045 τοῖς
3055 3983 3328 4037 τοσούτων
3390 3982 3708 4058 εὐεργεσιῶν
3758 3975 3881 4028 ἁπο-

2243 4065 2525 4122 λαύσαται.
2558 4067 2659 4124 Καὶ
2712 4068 2809 4124 οὐκ
2863 4070 3001 4137 εἶπε,
3040 4070 3365 4143 Πράττεται,
3398 4066 3530 4123 ἀλλ’
3562 4066 3620 4123 ἐκ
3675 4079 3879 4137 περιου-

2243 4157 2383 4220 σίας.
2435 4183 2464 4210 ιι
2493 4157 2799 4231 Ἀκούεται,
2859 4158 3012 4239 φησί,
3078 4184 3105 4210 ‹‹
3139 4157 3282 4216 Οὐδὲ
3328 4158 3380 4213 ἐν
3437 4163 3560 4220 τοῖς
3619 4154 3880 4211 ἔθνεσιν.»

2244 4246 2382 4302 Ἀπὸ
2409 4250 2516 4303 τῶν
2573 4247 2818 4319 ἐθνικῶν,
2865 4237 3136 4317 τουτέστι,
3188 4252 3298 4301 τῶν
3349 4246 3591 4302 ἀπίστων
3647 4237 3881 4305 ἀνειδίζει

496 4344 609 4404 est,
642 4335 989 4403 incredulis,
1022 4338 1337 4409 exprobrat
1381 4321 1673 4395 fidelibus.
1710 4340 1872 4406 Quod
1902 4340 1948 4395 si
1985 4341 2126 4413 apud

2248 4342 2363 4399 τοῖς
2393 4343 2631 4409 πιστοῖς,
2687 4337 2751 4394 Τί
2811 4334 2868 4393 δὲ
2895 4340 3025 4411 παρ’
3062 4336 3248 4399 αὐτοῖς
3306 4336 3407 4392 οὐκ
3466 4334 3807 4408 ὀνομάζεται,
3836 4321 3882 4375 τί

496 4427 632 4482 illos
654 4444 765 4482 nec
806 4427 1169 4492 nominatur,
1203 4428 1346 4498 quid
1375 4428 1531 4484 dicet
1560 4429 1748 4501 quivis
1779 4430 2016 4501 quando
2048 4431 2143 4485 hic

500 4516 679 4572 etiam
706 4521 1083 4588 perpetratur
1108 4516 1180 4570 ‘.’«
1211 4518 1281 4571 Ut
1313 4517 1491 4572 etiam
1522 4519 1708 4589 patris
1729 4536 1975 4574 uxorem
2008 4520 2142 4589 quis

500 4604 735 4661 habeat.
749 4628 769 4653 ι
804 4605 1094 4661 Fortassis
1117 4621 1513 4661 novercam.-
1530 4606 1585 4661 Si
1609 4623 1739 4677 quae
1764 4608 1918 4662 inter
1937 4613 2142 4678 gentes

502 4699 737 4762 sunt,ea
764 4694 852 4749 vel
881 4693 1072 4750 audiri
1114 4694 1271 4749 inter
1300 4712 1398 4750 vos
1428 4712 1709 4766 magnum
1728 4697 1899 4750 affert
1928 4713 2141 4769 oppro-

500 4781 699 4838 brium
725 4802 736 4839 :
774 4785 920 4841 457
956 4784 1154 4855 turpia
1184 4800 1315 4855 qum
1347 4784 1502 4839 inter
1532 4790 1735 4855 gentes
1759 4792 2139 4857 peraguntur,

502 4870 628 4925 haec
641 4873 819 4927 etiam
841 4873 998 4928 inter
1018 4890 1117 4928 vos
1140 4872 1267 4927 ﬂeri
1292 4889 1561 4944 magnam
1589 4873 1796 4928 reddet
1815 4874 2139 4929 accusatio-

500 4962 833 5026 nem.Quod
861 4962 908 5015 si
935 4961 1047 5017 hoc
1072 4962 1153 5017 ita
1174 4962 1417 5029 est,fieri
1441 4963 1597 5017 inter
1625 4980 1726 5017 vos
1757 4980 1887 5034 qum
1918 4980 2026 5019 nec
2048 4963 2138 5018 in-

501 5052 589 5099 ter
619 5046 754 5102 illos
786 5053 1221 5119 perpetrantur,
1247 5066 1422 5120 quam
1456 5066 1577 5105 non
1610 5051 1914 5118 superabit
1938 5052 2139 5122 pravi-

497 5140 676 5190 tatem
699 5135 727 5190 ?
756 5136 919 5200 Quod
944 5152 1077 5191 vero
1099 5137 1180 5192 ait
1214 5154 1226 5191 :
1259 5160 1286 5185 ιε
1317 5139 1572 5194 Omnino
1604 5139 1863 5207 auditur,
1900 5162 1925 5188 ››
1958 5140 2139 5195 veluti

497 5240 564 5278 ex
598 5226 757 5281 fama
787 5225 1261 5296 obstupescentis
1283 5233 1374 5282 est
1404 5234 1461 5282 et
1479 5229 1982 5285 excandescentis.
2008 5231 2142 5286 Ofa-

496 5314 667 5369 ciuus
693 5313 1003 5387 indignum
1033 5314 1044 5368 ι
1074 5337 1100 5364 ‹‹
1125 5315 1401 5381 Omnino,
1422 5317 1633 5388 inquit,
1660 5318 1917 5373 auditur.
1947 5340 1975 5368 »
2008 5320 2141 5375 Haec

497 5406 556 5459 in
595 5405 931 5474 aliquorum
964 5403 1165 5477 lingua
1196 5406 1441 5460 omnino
1472 5405 1542 5461 de
1574 5405 1742 5461 vobis
1774 5414 2136 5479 grassantur.

500 5516 528 5544 ‹‹
554 5494 736 5546 Etvos
768 5490 957 5546 inﬂati
981 5492 1143 5547 estis.
1170 5492 1378 5546 »lllius
1399 5509 1657 5563 namque
1680 5494 1963 5549 delictum
1987 5512 2143 5550 com-

500 5600 744 5641 munem
793 5582 996 5638 debuit
1042 5582 1252 5637 atl‘erre
1282 5582 1444 5636 vobis
1474 5581 1782 5651 pudorem,
1810 5600 1967 5639 nunc
2023 5601 2135 5640 au-

498 5678 621 5733 tem
654 5674 844 5730 inﬂati
870 5672 1033 5741 estis,
1058 5686 1126 5727 eo
1149 5670 1310 5741 quod
1328 5669 1559 5737 videtur
1579 5668 1691 5724 sibi
1714 5671 1967 5743 quisque
1986 5682 2146 5730 recte

2250 4425 2395 4481 εἷ’ποι
2425 4447 2507 4487 τίς
2561 4425 2680 4490 ἔνθα
2732 4427 2821 4480 καὶ
2870 4427 3164 4499 πράσσεται
3200 4445 3213 4495 ;
3276 4450 3303 4477 ‹‹
3338 4427 3500 4480 Ὥστε
3531 4418 3751 4500 γυναῖκά
3775 4431 3878 4500 τινα

2246 4518 2344 4570 τοῦ
2374 4515 2575 4590 πατρὸς
2607 4512 2775 4590 ἔχειν.
2812 4539 2839 4566 ››
2898 4516 3057 4578 Ἴσως
3118 4515 3385 4590 μητρυιάν
3443 4499 3628 4586 [ΦΩῬ.
3665 4511 3681 4582 ]
3711 4505 3779 4565 Εἴ
3829 4499 3879 4555 δὲ

2247 4603 2280 4660 ἃ
2310 4605 2596 4679 πράττεται
2629 4603 2679 4659 ἐν
2708 4610 2824 4666 τοῖς
2872 4598 3063 4671 ἔθνεσι,
3104 4608 3272 4659 ταῦτα
3324 4603 3375 4658 ἐν
3410 4604 3539 4677 ὑμῖν
3598 4601 3686 4655 καί
3727 4596 3875 4670 μόνον

2247 4694 2554 4766 ἀκουόμενα
2614 4693 2748 4770 μέγα
2802 4689 3009 4756 ὄνειδος
3060 4695 3232 4770 φέρει,
3284 4694 3347 4749 τὸ
3389 4695 3478 4749 καὶ
3516 4690 3725 4766 ὁμοίως
3752 4685 3799 4739 ἐν
3827 4700 3878 4734 τε

2245 4791 2360 4847 τοῖς
2392 4782 2557 4839 ἔθνεσι
2597 4785 2685 4838 καὶ
2747 4784 2797 4838 ἐν
2834 4785 2961 4857 ὑμῖν
2993 4790 3114 4846 τοῖς
3172 4789 3386 4843 πιστοῖς
3441 4787 3666 4838 τοιαῦτα
3719 4774 3874 4849 αἴσχη

2247 4872 2592 4947 πράττεσθαι,
2656 4874 2829 4943 πόσην
2883 4874 2984 4942 τήν
3043 4871 3379 4951 κατηγορίαν
3442 4872 3634 4945 αῧξει;
3716 4863 3773 4922 Εἴ
3828 4858 3878 4912 δὲ

2246 4966 2427 5027 τοῦτο,
2459 4963 2521 5017 τὸ
2580 4964 2908 5038 πράττεσθαι
2965 4962 3021 5018 ἐν
3081 4964 3208 5036 ὑμῖν
3268 4961 3300 5016 ἃ
3357 4960 3487 5036 μηδ’
3546 4962 3595 5016 ἐν
3650 4953 3877 5012 ἐκείνοις.

2244 5052 2364 5106 τίνα
2390 5052 2581 5107 κακίαν
2625 5052 2735 5128 οὐχ
2792 5052 3199 5126 ύπερακοντίζει
3234 5071 3249 5120 ς
3281 5084 3349 5094 --
3377 5051 3450 5107 Τὸ
3512 5048 3590 5121 δὶ,
3650 5070 3675 5098 «ι
3704 5038 3876 5139 Ὅλωξ

2246 5139 2519 5211 ἀκούεται,
2554 5166 2581 5193 υ
2662 5143 2735 5203 ὡς
2810 5140 3261 5217 ἐκπεπληγμένου
3336 5139 3423 5195 ἐπὶ
3478 5143 3548 5214 τῇ
3600 5137 3754 5216 φήμῃ
3798 5137 3877 5217 7:”

2246 5227 2641 5305 ἀσχάλλοντές.
2667 5234 2777 5285 Φεῦ
2797 5237 2897 5299 τῆς
2922 5229 3149 5290 ἀτοπίας
3174 5231 3185 5285 !
3212 5254 3239 5281 ‹‹
3262 5229 3474 5299 ’Ὁλως,
3499 5227 3679 5302 φησὶν,
3707 5213 3877 5314 ἀκούεῑ

2243 5339 2331 5374 ται
2368 5338 2381 5387 ἱ
2413 5343 2440 5370 ”
2496 5320 2683 5381 Ὅλως
2738 5318 2827 5373 ἐπὶ
2868 5318 3125 5395 γλώσσης
3173 5320 3316 5380 τινὸς
3348 5322 3513 5374 ταῦτα
3548 5318 3715 5389 λέγειν
3764 5320 3874 5402 πξΡε

2250 5408 2403 5479 ὑμῶν
2433 5406 2828 5481 ἐγκατέσκηψεν
2867 5426 2879 5475 ;
2931 5431 2958 5457 ‹‹
2996 5406 3407 5481 ῐῐεφυσιωμὲνοι
3440 5405 3578 5461 ἐστέ.
3611 5426 3637 5455 ιι
3692 5397 3871 5481 Ἦ-γάρ

2246 5493 2456 5551 ἐκεινου
2510 5494 2888 5568 πλημμέλεια,
2939 5497 3126 5565 κοινὴν
3159 5494 3389 5570 ὤφειλεν
3453 5496 3578 5569 ὑμῖν
3631 5479 3872 5555 αἰσχὺνην

2244 5591 2514 5660 γεννῆσαι,
2560 5588 2649 5637 νῦν
2707 5581 2764 5639 δὲ
2807 5587 3096 5661 φυσιοῦσθε
3158 5586 3219 5661 ἐφ
3279 5585 3364 5648 οἷς
3426 5582 3646 5639 ἕκαστος
3695 5581 3870 5661 κ’ξτοΡ·

2249 5655 2556 5730 ὸοῦκδοκεῖ.
2589 5672 2717 5729 Ἑὰτ
2750 5655 2933 5744 δὲ’-ἦτε
2963 5655 3326 5747 οἰκειουμένοι
3355 5674 3444 5728 καὶ
3477 5671 3677 5729 ἐκείνου
3704 5655 3877 5725 πλιιν
