4188 6196
363 372 482 433 697

1326 378 1741 440 COMMENT.
1787 377 1875 436 IN
1921 374 2171 434 EPIST.
2227 374 2245 432 Ι
2294 374 2391 432 AD
2437 373 2810 434 CORINTH.

3653 378 3773 438 698

370 504 601 581 μέλημα
625 508 702 571 ὡς
763 510 1025 585 ὑμετέρου
1084 512 1305 586 μὲρους,
1364 510 1629 566 ἐπενθεῖτε
1685 509 1769 578 ἂν,
1825 504 2009 574 ἐπειδή

2124 506 2377 577 Operari.
2406 505 2571 571 Quod
2586 508 2630 560 si
2656 507 2960 577 proprium
2983 506 3280 563 duceretis
3301 507 3462 564 illius
3484 509 3769 568 delictum

372 596 448 657 εἰς
476 597 540 652 τὸ
569 598 748 653 κοινὸν
771 605 871 669 τῆς
910 599 1234 671 Ἐκκλησίας
1265 602 1301 670 ἡ
1362 594 1545 676 βλάϐη
1602 599 2013 677 προεχώρησεν.

371 708 403 737 (ι
434 687 550 743 Ἵνα
578 684 796 761 ἐξαρθῇ.
826 710 856 739 ››
905 688 1053 745 Διατί
1108 688 1477 762 ἑπενθήσαμεν
1535 687 1644 759 ἄν;
1704 689 1780 749 ὡς
1846 686 1895 756 ἐξ
1927 685 2017 740 ἀν-

363 771 642 838 τιθέσεως.
701 776 899 848 Διατί;
979 777 1104 853 Οὐχ
1183 775 1277 833 ’ίνα
1372 773 1643 849 ἐκϐάλητε
1676 820 1691 847 ,
1748 774 1876 831 ἀλλ’
1932 775 2012 831 ἶνα

361 862 557 939 ἐξαρθῇ
588 865 664 927 ὡς
696 864 782 921 ἐπὶ
819 865 1021 939 λοιμοῦ
1068 887 1232 933 τινος·
1283 868 1357 923 ὡς
1416 865 1461 921 εἳ
1492 868 1659 921 εἶπεν·
1694 865 1891 940 Εὐχῶν
1920 864 2009 919 καὶ

359 955 589 1017 πένθους
630 954 791 1031 χρεία
841 953 934 1011 ’ίνα
982 955 1177 1032 ἐξαρθῇ
1226 957 1255 1011 ὁ
1309 954 1508 1030 λοιμὸς
1559 955 1736 1016 οὗτος.
1772 978 1800 1006 ‹‹
1832 955 1893 1011 Ὀ
1947 953 2009 1008 τὸ

361 1036 522 1119 ἔργον
569 1047 729 1099 τοῦτο
787 1047 1044 1116 ποιήσας.
1080 1070 1108 1097 ι»
1165 1045 1237 1101 Οὐ
1297 1045 1447 1120 λέγει
1490 1044 1554 1100 τὸ
1620 1042 1812 1116 ὄνομα,
1874 1043 2007 1118 ὅπερ

361 1133 629 1206 εἰώθαμεν
682 1131 770 1188 ἐπὶ
821 1139 931 1190 τῶν
991 1132 1197 1214 σφόδρα
1224 1134 1443 1191 ἀτόπων
1483 1139 1684 1201 ποιεῖν,
1745 1135 1859 1188 οἷον
1916 1132 2004 1187 καὶ

358 1223 459 1291 τήν
490 1223 864 1299 προσηγορίαν
912 1224 988 1287 ὡς
1022 1222 1308 1297 μολυσμὸν
1340 1224 1798 1300 παραιτούμενος.

2128 600 2409 665 tanquam
2440 595 2625 667 partis
2664 595 2843 650 vestri
2894 588 3189 667 corporis,
3228 597 3509 669 lugeretis
3539 601 3767 671 utique,

2125 686 2408 756 quoniam
2443 684 2505 739 in
2527 702 2843 741 commune
2864 686 3139 742 Ecclesim
3166 687 3450 743 damnum
3470 690 3766 747 redunda-

2124 776 2223 830 vit.
2259 800 2286 827 «
2322 778 2395 832 Ut
2424 777 2751 833 tolleretur.
2780 796 2811 829 υ
2836 778 3026 843 Quare
3073 795 3182 833 nos
3221 779 3421 852 lugere
3454 782 3715 853 oportuit
3739 783 3767 837 ‘2

2120 871 2405 937 tanquam
2438 883 2507 921 ex
2539 884 2610 921 re
2639 867 2931 938 opposita.
2965 869 3151 933 Quam
3196 867 3268 923 ob
3300 870 3473 924 rem?
3516 872 3640 926 Non
3700 878 3764 926 ut

2120 955 2437 1026 ejiceretis,
2471 955 2575 1011 sed
2590 962 2655 1011 ut
2687 956 2974 1012 tolleretis
2992 957 3167 1012 veluti
3190 958 3249 1012 in
3273 964 3436 1031 peste
3468 961 3721 1032 quadam
3748 979 3763 1027 ;

2117 1060 2184 1099 ac
2216 1044 2268 1098 si
2302 1044 2568 1111 dixisset,
2588 1046 2945 1101 Necessaria:
2979 1050 3119 1101 sunt
3146 1063 3353 1117 preces
3383 1065 3452 1103 ac
3482 1049 3676 1105 luctus
3701 1057 3768 1105 ut

2119 1132 2374 1188 tollatur
2404 1133 2749 1206 hujusmodi
2789 1135 2991 1206 pestis.
3026 1159 3053 1184 ‹‹
3088 1136 3194 1200 Qui
3233 1136 3463 1193 facinus
3493 1138 3604 1194 hoc
3632 1156 3766 1211 per-

2114 1227 2391 1297 petravit.
2423 1246 2450 1278 ι
2473 1229 2599 1282 Non
2633 1227 2910 1299 exprimit
2936 1245 3157 1283 nomen
3183 1246 3195 1283 :
3219 1230 3377 1301 quod
3404 1231 3597 1287 facere
3629 1248 3767 1287 con-

362 1314 660 1369 suevimus
688 1315 751 1370 in
774 1315 847 1371 iis
878 1331 1008 1385 quas
1030 1315 1352 1371 admodum
1374 1314 1630 1370 absurda
1663 1319 1834 1368 sunt:
1872 1317 2153 1384 tanquam
2185 1315 2644 1387 appellationem
2675 1333 2909 1389 quoque
2936 1317 3111 1373 veluti
3143 1335 3268 1374 rem
3299 1319 3579 1376 infectam
3611 1321 3767 1377 devi-

359 1408 515 1460 tans.

431 1536 572 1611 Ἐγὼ
607 1537 702 1610 μὲν
761 1537 866 1612 γὰρ
924 1537 1002 1600 ὡς
1061 1536 1213 1593 ἀπὼν
1272 1541 1352 1610 τῷ
1412 1536 1648 1611 σώματι,
1706 1536 1894 1610 παρὼν
1951 1532 2009 1590 δὲ

355 1627 438 1699 τῷ
503 1626 792 1700 πνεύματι,
876 1624 986 1699 ἤδη
1055 1628 1280 1702 κέκρικα
1345 1628 1419 1689 ὼς
1486 1626 1697 1701 παρὼν,
1763 1625 1853 1681 τὸν
1917 1625 2015 1679 οῦ-

355 1736 467 1778 τως
548 1719 712 1771 τοῦτο
798 1718 1280 1791 κατεργασάμενον,
1362 1716 1415 1772 ἐν
1497 1721 1577 1789 τῷ
1633 1716 1860 1787 ὀνόματι
1915 1717 2012 1770 τοῦ

363 1805 562 1878 Κυρίου
617 1807 778 1878 ἡμῶν
859 1808 1040 1876 Ἰησοῦ
1090 1808 1350 1881 Χριστοῦ,
1420 1805 1787 1882 συναχθέντων
1860 1805 2011 1878 ὑμῶν

2193 1540 2254 1594 V.
2287 1540 2341 1606 3,
2390 1542 2443 1593 6.
2494 1541 2784 1611 Siquidm
2828 1558 2927 1611 ego
2966 1549 3231 1613 tanquam
3280 1544 3468 1599 absens
3513 1561 3758 1615 corpore,

2122 1643 2359 1698 praesens
2387 1636 2570 1684 autem
2597 1632 2819 1701 spiritu,
2841 1632 2964 1700 jam
3003 1631 3262 1702 judicavi
3308 1638 3574 1703 tanquam
3608 1651 3761 1706 pra:-

2121 1731 2259 1779 sens,
2281 1723 2343 1771 ut
2389 1720 2436 1773 is
2478 1721 2576 1788 qui
2604 1719 2703 1774 hoc
2756 1722 2839 1774 ita
2886 1722 3164 1791 patravit,
3197 1724 3255 1775 in
3292 1722 3514 1777 nomine
3542 1724 3757 1779 Domini

2121 1809 2302 1861 nostri
2343 1808 2471 1862 Iesu
2503 1807 2729 1877 Christi,
2760 1811 3102 1878 congregatis
3130 1811 3277 1866 vobis
3307 1818 3360 1865 et
3386 1828 3501 1866 meo
3531 1814 3753 1883 spiritu,

357 1894 449 1948 καὶ
505 1898 604 1949 τοῦ
669 1894 806 1967 ἐμοῦ
888 1894 1191 1968 πνεύματος
1226 1940 1240 1965 ,
1328 1895 1420 1950 σὺν
1505 1899 1574 1969 τῇ
1634 1892 1858 1967 δυνάμει
1911 1899 2009 1948 τοῦ

2121 1912 2237 1950 cum
2265 1899 2469 1952 virtute
2499 1875 2721 1953 Domini
2747 1875 2923 1954 nostri
2951 1875 3072 1955 .lesu
3104 1899 3330 1966 Christi,
3360 1875 3619 1956 tradatur
3647 1875 3753 1958 Sa;

358 1982 559 2059 Κυρίου
644 1986 805 2056 ἡμῶν
881 1985 1062 2055 Ἰησοῦ
1149 1990 1423 2061 Χριστοῦ,
1508 1982 1837 2060 παραδοῦναι
1910 1982 2002 2039 τὸν

356 2075 606 2127 τοιοῦτον
658 2077 738 2146 τῷ
793 2078 1007 2145 Σατανᾷ
1065 2074 1142 2136 εἷς
1201 2072 1430 2148 ὄλεθρον
1488 2075 1589 2145 τῆς
1641 2074 1860 2148 σαρκὸς,
1912 2070 2006 2127 ’ίνα

358 2163 422 2217 τὸ
450 2165 662 2235 πνεῦμα
702 2164 852 2235 σωθῇ
911 2160 965 2217 ἐν
1022 2166 1091 2237 τῇ
1147 2162 1332 2238 ἠμέρᾳ
1385 2167 1483 2219 τοῦ
1536 2163 1739 2237 Κυρίου
1795 2163 2001 2232 Ἰησοῦ.

358 2251 440 2308 Οὐ
469 2249 635 2306 καλὸν
665 2251 730 2306 τὸ
758 2247 1027 2327 καύχημα
1052 2252 1230 2326 ὑμῶν.

429 2339 727 2413 Ἐπείγεται
759 2337 1011 2414 ἐκδιῶξαι
1052 2341 1236 2411 αὐτὸν,
1267 2341 1358 2396 καὶ
1417 2339 1542 2397 οὗδὶ
1593 2342 1693 2411 τὴν
1761 2361 2004 2415 σωματι-

355 2432 460 2501 κήν
521 2430 685 2487 αὐτοῦ
740 2431 1039 2506 παρουσίαν
1121 2434 1401 2505 ἀναμεῖναι
1471 2431 1666 2494 αὐτοὺς
1727 2430 2004 2508 βούλεται.

360 2544 387 2571 ‹‹
424 2520 615 2596 Παρών
649 2518 705 2575 δὶ
734 2525 816 2593 τῷ
861 2520 1150 2594 πνεύματ’.
1188 2545 1216 2572 ››
1276 2520 1545 2578 Δείκνυσιν
1604 2522 1789 2576 ἑαυτὸν
1842 2521 2006 2576 πνεύ-

362 2630 491 2682 ματι
521 2608 785 2684 παρόντα,
818 2606 1080 2674 δεδοικὼς
1113 2612 1189 2684 μή
1246 2632 1299 2665 τι
1356 2609 1540 2687 ἓτερον
1603 2612 2006 2685 βουλεῦσωνται

359 2697 485 2771 περὶ
514 2698 578 2753 τὸ
601 2693 848 2753 ἐκϐαλεῖν
878 2699 1062 2765 αὐτὸν,
1092 2697 1182 2753 καὶ
1214 2720 1403 2776 φησιν,
1461 2727 1489 2751 ιι
1523 2696 1666 2770 ’Ἤδη
1698 2694 1942 2775 κέκρικα.
1977 2722 2006 2750 »

355 2784 568 2855 Μηδεὶς
623 2786 806 2842 τοίνυν
857 2782 1273 2847 ἀναϐαλλέσθω.
1331 2788 1397 2844 Ἦ
1455 2786 1564 2860 ἐμῆ
1617 2788 1858 2863 κρίσιςὴ
1890 2789 2009 2843 κατ’

356 2876 547 2944 αὐτοῦ,
577 2872 685 2946 ἤδη
718 2884 982 2952 πέπηγεν.
1017 2900 1045 2928 ‹‹
1065 2877 1166 2933 Τὸν
1206 2878 1381 2939 οὓτως
1410 2881 1573 2932 τοῦτο
1610 2875 2009 2953 κατεργασάμε-

353 2985 461 3020 νον.
501 2990 529 3016 ι(
559 2963 763 3021 Ἀλλοι
797 2963 969 3027 οὕτως
1000 2966 1329 3041 ἀνέγνωσαν
1358 2967 1461 3024 Τὸν
1491 2965 1666 3027 οὕτως
1693 2970 1855 3021 τοῦτο
1885 2986 2009 3020 κατ-

357 3057 724 3130 εργασάμενον
757 3054 812 3111 ἐν
840 3060 922 3128 τῷ
952 3056 1178 3129 ὀνόματι
1233 3061 1330 3111 τοῦ
1384 3058 1586 3131 Κυρίου
1636 3059 1794 3130 ἡμῶν
1829 3057 2008 3125 Ἰησοῦ

354 3150 611 3223 Χριστοῦ,
659 3147 927 3220 τουτέστι,
986 3148 1078 3203 τὸν
1140 3148 1216 3210 είς
1271 3149 1335 3203 τὸ
1392 3148 1568 3222 ὄνομα
1620 3153 1716 3203 τοῦ
1772 3150 2008 3223 Χριστοῦ

2121 1992 2266 2041 tanm
2293 1988 2367 2041 ad
2394 1989 2678 2043 interitum
2706 1988 2908 2055 carnis,
2931 1995 2994 2044 ut
3019 1989 3251 2059 spiritus
3277 1989 3458 2045 salvus
3484 1990 3556 2045 sit
3586 1993 3643 2046 in
3674 1992 3763 2046 die

2120 2078 2342 2131 Domini
2364 2079 2511 2133 Jesu.
2544 2079 2662 2133 Non
2692 2085 2769 2133 est
2800 2079 2940 2133 bona
2968 2080 3232 2148 gloriatio
3260 2085 3455 2135 vestra.

2191 2352 2475 2423 Properat
2496 2367 2630 2407 eum
2653 2351 3040 2423 expellere,et
3059 2368 3253 2424 neque
3275 2353 3646 2424 corporalem
3676 2354 3763 2408 sui

2118 2440 2499 2511 praesentiam
2522 2441 2645 2495 vult
2661 2442 2822 2512 ipsos
2842 2446 3251 2513 exspectare.»
3279 2443 3548 2497 Ρι-ωεεηε
3569 2448 3767 2499 autem

2120 2528 2351 2600 spiritu.
2389 2550 2417 2577 »
2448 2529 2719 2584 Ostendit
2755 2546 2818 2585 se
2867 2530 3078 2600 spiritu
3135 2537 3513 2601 prmsentem,
3545 2533 3765 2587 veritus

2120 2634 2193 2672 ne
2225 2617 2367 2688 quid
2396 2618 2558 2673 aliud
2589 2619 2660 2674 de
2714 2619 2843 2690 ipso
2898 2619 3190 2690 ejiciendo
3250 2620 3677 2690 consultarent,
3707 2627 3767 2677 et

2119 2707 2233 2762 ait:
2277 2731 2297 2757 ι
2322 2709 2447 2763 Jam
2466 2708 2749 2779 judicavi.
2780 2732 2800 2756 ι
2828 2709 3036 2765 Nullus
3058 2709 3256 2779 itaque
3274 2709 3509 2763 differat
3531 2728 3544 2764 :
3563 2726 3759 2765 meum

2118 2796 2399 2852 adversus
2449 2797 2618 2852 illum
2655 2797 2949 2868 judicium
2974 2798 3100 2868 jam
3131 2797 3458 2852 stabilitum
3492 2804 3599 2852 est.
3634 2821 3660 2847 ‹‹
3698 2801 3765 2852 Ut

2119 2887 2168 2941 is
2201 2887 2301 2957 qui
2332 2888 2444 2942 hoc
2476 2887 2558 2941 ita
2579 2887 2847 2957 patravit.
2883 2908 2911 2936 υ
2944 2887 3057 2941 Alii
3090 2888 3172 2941 ita
3204 2887 3509 2958 legerunt:
3538 2889 3607 2942 Ut
3629 2904 3764 2942 eum

2120 2976 2220 3046 qui
2249 2976 2359 3030 hoc
2389 2976 2473 3031 ita
2502 2976 2757 3046 patravit
2788 2976 2850 3029 in
2883 2991 3103 3030 nomen
3135 2975 3369 3030 Domini
3406 2977 3597 3030 nostri
3628 2978 3764 3031 Jesu

2119 3064 2372 3119 Christi:
2407 3064 2518 3119 hoc
2551 3070 2659 3129 est,
2693 3064 2793 3135 qui
2847 3064 2907 3118 in
2960 3080 3181 3117 nomen
3237 3064 3451 3120 Christi
3504 3064 3762 3134 injurius

2116 3150 2229 3204 fuit
2259 3168 2271 3206 :
2308 3157 2365 3205 et
2394 3156 2709 3222 postquam
2741 3150 2954 3205 Christi
2983 3166 3312 3222 cognomen
3344 3152 3589 3223 accepit,
3623 3152 3764 3207 talia

357 3230 737 3311 ἐνυϐρίσαντα,
795 3236 884 3290 καὶ
950 3236 1083 3309 μετὰ
1139 3237 1202 3292 τὸ
1250 3236 1544 3307 ἀξιωθῆναι
1595 3244 1700 3306 τῆς
1755 3239 2002 3311 Χριστοῦ

2121 3256 2296 3295 ausus
2328 3246 2437 3305 est,
2484 3240 2730 3296 tradatis
2760 3240 3011 3296 Satanas.
3045 3263 3072 3289 ‹‹
3104 3241 3482 3313 Congregatis
3511 3240 3697 3296 vobis.
3733 3264 3761 3291 ››

356 3323 695 3399 ἐπωνυμίας,
723 3328 948 3381 τοιαῦτα
995 3323 1377 3399 τολμήσαντα,
1436 3323 1710 3399 παράδοτε
1765 3330 1847 3399 τῷ
1905 3330 2015 3379 Σα-

353 3418 504 3484 τανᾷ.
537 3438 565 3464 ‹‹
602 3415 987 3490 Συναχθέντων
1040 3415 1216 3488 ὑμῶν.
1255 3439 1275 3465 ιι
1311 3417 1423 3472 Ἵνα
1460 3416 1536 3487 μή
1569 3412 1697 3489 δόξῃ
1729 3412 2013 3475 αὐθαδείας

354 3502 493 3557 εἶναι
514 3502 601 3573 τὸ,
631 3523 652 3553 ι
685 3500 831 3574 ’Ἤδη
856 3504 1101 3578 κέκρικα.
1131 3529 1161 3555 »
1192 3504 1283 3558 καὶ
1313 3502 1508 3565 αὐτοὺς
1531 3499 2014 3577 λαμϐάνεικοινω-

360 3592 509 3661 νοὺς,
542 3590 595 3646 ἐν
624 3596 705 3665 τῷ
735 3590 933 3666 λέγειν’
970 3616 998 3644 ‹‹
1034 3590 1416 3668 Συναχθέντων
1451 3593 1603 3665 ὑμῶν
1626 3592 1717 3647 καὶ
1746 3597 1845 3647 τοῦ
1875 3592 2012 3665 ἐμοῦ

361 3679 746 3754 πνεύματος,ι
799 3687 903 3750 τῆς
988 3679 1126 3753 ἐμῆς
1204 3680 1439 3753 ἀοράτου
1496 3678 1811 3754 ἐπιδημίας.
1878 3680 2015 3737 Εἶτα

359 3770 571 3848 ὶπάγευ
608 3793 632 3824 ι
665 3773 755 3827 Ἐν
794 3775 876 3844 τῷ
904 3771 1136 3844 ὀνόματι
1166 3775 1265 3828 τοῦ
1295 3770 1500 3846 Κυρίου
1532 3773 1735 3842 Ἰησοῦ.
1770 3794 1796 3825 ι
1828 3774 2009 3830 Τουτ-

358 3859 494 3928 ἒστι,
554 3862 692 3915 κατά
717 3861 847 3916 Θεὸν
880 3861 1190 3936 συνάχθητε
1227 3861 1316 3916 καὶ
1369 3861 1601 3937 κρίνατε,
1663 3863 1740 3936 μή
1800 3862 2014 3938 ἀνθρω-

360 3949 489 4025 πίνῃ
519 3950 657 4025 πρὸς
688 3949 847 4005 αὐτὸν
911 3948 1083 4022 αἰδοῖ,
1113 3950 1148 4021 ἢ
1179 3957 1318 4024 τιμῆ
1350 3952 1733 4027 κατεχόμενοι.
1794 3949 2012 4008 Δέδοικε

359 4042 483 4117 γάρ,
519 4044 594 4115 μή
626 4064 680 4097 τι
707 4038 890 4116 ἕτερον
945 4043 1193 4116 κρίνωσι.
1258 4066 1286 4094 ιι
1318 4044 1417 4098 Καὶ
1445 4048 1543 4098 τοῦ
1574 4043 1711 4117 ὲμοῦ
1766 4042 2009 4117 πνεύμα-

361 4152 478 4192 τος.
514 4155 543 4184 ››
581 4130 752 4187 Πάλιν
784 4130 1075 4201 ἐπέστησεν
1130 4131 1315 4194 αὐτοῖς
1374 4133 1579 4200 ἑαυτὸν,
1636 4132 1726 4187 καὶ
1786 4131 1849 4187 οὐ
1909 4132 2012 4206 μό-

358 4241 449 4275 νον
477 4223 662 4288 τοῦτο,
692 4218 850 4293 ίάλλὰ
906 4219 998 4274 καὶ
1062 4221 1155 4274 τὸν
1208 4222 1460 4294 Χριστόν·
1514 4219 1602 4274 ’ἱνα
1640 4218 1765 4276 ὅταν
1815 4219 2011 4295 κρίνω-

359 4331 465 4378 σιν,
500 4310 575 4372 ὡς
604 4313 701 4364 τοῦ
729 4310 964 4383 Χριστου
1003 4309 1095 4363 καὶ
1148 4308 1315 4363 αὐτοῦ
1373 4311 1659 4383 παρόντος,
1718 4307 2009 4364 ἀδίκαστον

360 4397 668 4475 ἐξενέγκωσι
724 4401 909 4475 ψῆφον
939 4442 953 4455 .
1042 4421 1070 4452 ιι
1117 4399 1211 4460 Εἰς
1282 4394 1514 4473 ὄλεθρον
1560 4405 1661 4467 τῆς
1719 4397 1936 4472 σαρκός.
1981 4422 2003 4451 ι

358 4490 525 4563 Ὀρον
554 4489 736 4560 τίθησι
779 4493 858 4560 τῷ
916 4492 1145 4559 Σατανᾷ,
1209 4489 1374 4561 μόνου
1441 4488 1696 4561 σώματος
1754 4488 2009 4562 ἅψασθαι,

366 4578 443 4652 μὴ
502 4579 596 4633 καὶ
655 4577 860 4653 ψυχῆς.
912 4580 1142 4651 Ὅμοιον
1197 4575 1250 4632 ἔν
1282 4581 1362 4649 τῷ
1420 4572 1547 4633 Ἰώϐ
1570 4599 1767 4669 Δφησιν
1802 4579 1831 4633 ὁ
1861 4576 2014 4654 Θεό(⁸
2046 4603 2096 4669 D

368 4690 396 4717 ‹‹
418 4665 571 4737 Πλὴν
598 4673 699 4737 τῆς
732 4668 919 4742 ψυχῆς
948 4665 1118 4720 αὐτοῦ
1154 4667 1229 4739 μὴ
1262 4667 1397 4745 ἅψῃ.
1430 4690 1458 4717 ››
1492 4663 1685 4727 Καλῶς
1727 4662 1805 4736 δὲ,
1856 4691 1884 4719 ‹‹
1917 4669 2013 4732 Εἷς

366 4752 595 4830 ὄλεθρον
647 4762 747 4825 τῆς
806 4755 1024 4830 σαρκὸς,
1054 4778 1080 4808 ιι
1136 4756 1260 4809 οἷον
1308 4753 1403 4809 ’ίνα
1457 4755 1603 4827 νόσῳ
1658 4755 1816 4810 αὐτὸν
1871 4758 2007 4832 τῆξῃ

364 4842 589 4915 Ἐπειδὴ
636 4844 740 4919 γὰρ
801 4842 861 4898 ἐκ
915 4847 1013 4898 τοῦ
1066 4844 1326 4916 σώματος
1382 4844 1471 4899 καὶ
1527 4850 1626 4913 τῆς
1688 4852 1898 4924 τρυφῆς
1954 4848 2009 4900 αἱ

359 4932 667 5007 ἐπιθυμίαι,
697 4932 761 4988 τὸ
792 4936 953 5005 σῶμα
1007 4928 1335 5001 κολασθῆναι
1366 4931 1457 4986 καὶ
1485 4934 1818 5007 νεκρωθῆναι
1878 4933 2008 5008 βού-

362 5020 535 5077 λεται.
586 5020 850 5096 Ὅλεθρον
907 5027 1008 5090 τῆς
1055 5021 1251 5094 σαρκὸς
1314 5022 1479 5089 εἶπεν,
1520 5022 1646 5095 ὅρον
1707 5022 1872 5083 τιθεὶς
1926 5026 2008 5093 τῷ

360 5105 629 5183 διαϐόλῳ,
661 5110 752 5165 καὶ
788 5111 864 5181 μή
886 5108 987 5164 ἐῶν
1019 5107 1179 5163 αὐτὸν
1201 5108 1504 5184 περαιτέρω
1520 5104 1810 5184 προϐῆναι.
1839 5131 1866 5163 α
1893 5114 2007 5167 *Ινα

361 5201 425 5255 τὸ
455 5202 669 5272 πνεῦμα
721 5196 890 5272 σωθῇ.
948 5222 977 5249 ›)
1027 5196 1222 5270 Τούτῳ
1268 5198 1337 5273 γᾶ
1391 5201 1471 5270 τῷ
1525 5198 1737 5271 τρόπῳ,
1794 5197 1883 5253 καὶ
1942 5199 2004 5253 τὸ

358 5292 520 5361 σῶμα
552 5289 875 5357 σωθήσεται.
935 5285 1039 5344 Καὶ
1067 5285 1254 5349 ἄλλως
1285 5287 1359 5349 εἰς
1386 5287 1450 5342 τὸ
1506 5287 1621 5344 ’Ἱνα
1670 5287 1733 5343 τὸ
1790 5292 2002 5360 πνεῦμα

352 5381 531 5453 σωθῇ,
577 5376 844 5445 τουτέστι,
902 5376 968 5431 τὸ
1026 5381 1248 5447 Πνεῦμα
1301 5378 1365 5431 τὸ
1418 5377 1571 5452 ἅγιον
1621 5379 1775 5448 σωθῆ
1829 5378 1998 5448 αὑτῷ,

346 5467 438 5524 καὶ
473 5468 550 5541 μή
582 5466 914 5541 ἀναγωρήσῃ
947 5465 1023 5526 ὡς
1075 5463 1124 5534 ἐξ
1183 5459 1435 5526 ἀσεϐοῦς.
1496 5468 1673 5522 Τοῦτο
1733 5462 1789 5520 δὲ
1827 5464 2000 5537 κηδο-

416 5651 536 5696 ¹⁰-⁸¹
568 5650 694 5707 Job.
714 5667 773 5717 ιι,
803 5652 857 5707 6.

2123 3331 2203 3384 Ne
2234 3329 2527 3400 prmfracti
2559 3329 2743 3385 animi
2777 3346 2906 3385 esse
2938 3329 3204 3384 videatur
3224 3328 3381 3399 quod
3394 3329 3521 3402 jam
3536 3329 3764 3400 judica-

2126 3419 2292 3486 verit,
2326 3419 2479 3475 458
2505 3419 2667 3491 ipsos
2699 3435 2934 3491 quoque
2962 3418 3213 3474 assumit
3229 3420 3442 3482 socios,
3475 3419 3614 3474 dum
3648 3420 3761 3475 ait:

2126 3530 2147 3557 ο
2183 3508 2561 3580 Congregatis
2591 3508 2754 3563 vobis
2786 3513 2845 3563 et
2884 3524 3015 3563 meo
3048 3508 3281 3579 spiritu,
3312 3527 3338 3559 ι
3373 3507 3434 3562 id
3466 3512 3576 3576 est,
3631 3525 3765 3563 mea

2120 3596 2402 3651 invisibili
2434 3597 2770 3669 praesentia.
2809 3595 3030 3652 Deinde
3061 3596 3293 3668 ajunxit
3324 3612 3338 3651 :
3366 3619 3394 3647 ‹‹
3421 3598 3485 3651 In
3518 3597 3764 3652 nomine

2120 3686 2356 3741 Domini
2384 3688 2539 3742 Jesu.
2577 3708 2605 3736 »
2639 3688 2757 3742 Hoc
2788 3692 2897 3754 est,
2928 3686 3253 3741 secundum
3287 3687 3471 3740 Deum
3511 3702 3759 3757 congre-

2119 3776 2421 3848 geminiac
2438 3776 2869 3846 judicetis,non
2896 3776 3159 3830 humano
3182 3789 3319 3845 erga
3340 3772 3509 3826 illum
3534 3773 3758 3843 pudore

2120 3870 2221 3920 aut
2236 3866 2462 3920 honore
2486 3865 2897 3937 reprimamini
2914 3881 2928 3919 :
2945 3864 3144 3918 timuit
3164 3862 3323 3916 enim
3345 3878 3419 3916 ne
3442 3860 3582 3930 quid
3601 3859 3765 3916 aliud

2112 3954 2476 4026 judicarent.
2511 3977 2539 4006 «
2572 3957 2641 4008 Et
2685 3969 2818 4008 meo
2867 3952 3100 4024 spiritu.
3137 3972 3164 3999 ››
3204 3952 3458 4006 Rursum
3501 3951 3761 4022 seipsum

2121 4043 2240 4099 illis
2272 4043 2562 4111 exhibuit,
2595 4059 2707 4097 nec
2738 4042 2797 4096 id
2829 4040 3045 4107 solum,
3078 4039 3183 4094 sed
3238 4044 3297 4093 et
3326 4039 3626 4094 Christum
3662 4044 3765 4094 :ut

2121 4150 2258 4188 cum
2306 4131 2708 4204 judicaverint
2759 4136 3040 4199 tanquam
3068 4129 3299 4183 Christo
3332 4129 3541 4200 etipso
3583 4129 3762 4185 Paulo

2120 4227 2433 4293 prasente,
2468 4221 2768 4275 sincerum
2798 4236 2865 4274 ac
2886 4220 3297 4289 incorruptum
3327 4218 3522 4273 ferant
3552 4220 3765 4272 suﬂ'ra-

2120 4310 2302 4382 gium.
2341 4333 2362 4357 ι
2398 4309 2487 4363 Ad
2518 4308 2825 4363 interitum
2852 4308 3068 4363 carnis.
3096 4308 3482 4361 )yTerminum
3512 4307 3764 4378 praaflgit

2122 4399 2373 4466 Satanas,
2404 4403 2470 4452 ut
2511 4396 2800 4451 duntaxat
2855 4412 3068 4469 corpus
3116 4401 3403 4469 tangeret,
3437 4412 3557 4450 non
3584 4395 3761 4450 etiam

2121 4487 2404 4543 animam.
2439 4485 2641 4541 Simile
2670 4492 2759 4541 est
2790 4485 2950 4555 quod
2980 4486 3052 4540 de
3080 4484 3185 4539 Job
3225 4485 3305 4540 ait
3344 4485 3496 4539 Deus
3526 4501 3538 4538 :
3578 4505 3606 4533 α
3652 4484 3762 4537 Ve-

2122 4582 2456 4631 rumtamen
2473 4576 2734 4631 animam
2753 4576 2881 4647 ejus
2900 4590 2975 4629 ne
2990 4574 3378 4647 tangas“-“.»
3396 4575 3551 4628 Bene
3565 4577 3763 4629 autem

2123 4665 2247 4720 ait:
2283 4687 2311 4714 ιι
2337 4665 2416 4720 Ad
2474 4665 2782 4720 interitum
2841 4664 3059 4731 carnis,
3098 4686 3118 4710 ιο
3152 4662 3263 4717 hoc
3296 4667 3404 4727 est,
3436 4667 3502 4716 ut
3530 4662 3765 4733 aegritu-

2122 4755 2260 4810 dine
2290 4755 2483 4827 ipsum
2508 4759 2853 4810 maceraret.
2880 4752 3167 4818 Quoniam
3199 4752 3358 4806 enim
3377 4768 3411 4806 a
3439 4766 3685 4822 corpore
3709 4755 3766 4804 et

2120 4844 2405 4900 alimento
2454 4842 2787 4915 procedunt
2826 4840 3346 4911 concupiscentiis,
3387 4856 3603 4911 corpus
3641 4839 3765 4894 vult

2119 4933 2317 5004 puniri
2348 4950 2416 4989 ac
2430 4930 3340 5000 mortiﬁcari.lnteritumitaque
3370 4928 3518 4983 dixit
3544 4929 3759 4993 carnis,

2117 5023 2438 5079 terminum
2471 5021 2783 5093 prmﬁgens
2810 5018 3186 5087 diabolo,nec
3216 5019 3419 5074 sinens
3437 5035 3573 5073 eum
3603 5019 3761 5073 ultra

2117 5111 2456 5184 procedere.
2496 5133 2516 5159 ι
2553 5111 2620 5164 Ut
2653 5108 2895 5180 spiritus
2929 5107 3122 5163 salvus
3154 5108 3247 5162 sit.
3283 5130 3310 5157 »
3344 5109 3417 5162 Ut
3446 5108 3758 5175 anima,in-

2115 5201 2263 5272 quit,
2298 5205 2580 5264 servetur,
2615 5214 2754 5254 nam
2769 5203 3052 5268 etcorpus
3074 5198 3186 5252 hoc
3207 5197 3384 5252 modo
3408 5196 3755 5252 servabitur.

2111 5292 2181 5345 Et
2210 5294 2496 5361 praeterea
2526 5289 2588 5342 in
2620 5289 2753 5353 hoc,
2787 5289 2857 5342 Ut
2889 5286 3155 5358 spiritus'
3188 5292 3471 5354 servetur,
3531 5286 3590 5340 id
3648 5289 3756 5353 est,

2108 5385 2174 5434 ut
2229 5378 2482 5450 Spiritus
2531 5383 2773 5433 sanctus
2804 5377 2917 5447 ipsi
2962 5383 3228 5431 servetur
3256 5382 3316 5431 et
3343 5392 3463 5431 non
3493 5375 3759 5430 discedat

2112 5477 2394 5539 tanquam
2427 5466 2500 5522 ab
2527 5466 2732 5538 impio.
2767 5466 2886 5520 Hoc
2916 5470 3113 5520 autem
3144 5464 3509 5537 providentis
3557 5465 3753 5535 potius
