4188 6196
441 395 565 457 699

1560 386 1985 448 mCUMENIl
2027 382 2333 447 TlllCC/E
2379 385 2751 448 EPISCOPI.

3733 387 3855 448 τοο

445 532 536 583 est
577 540 752 596 quam
806 519 1165 593 supplicium
1199 518 1544 593 infligentis.
1580 541 1608 570 ‹‹
1637 520 1764 574 Non
1795 522 1886 573 est
1934 516 2086 573 bona

2204 513 2367 588 μένου
2403 513 2637 590 μᾶλλον,
2692 515 2728 586 ἢ
2784 515 3211 592 τιμωρούμενον
3266 513 3431 574 ἐστίν.
3492 516 3628 574 «ού
3684 512 3857 572 καλὸν

442 613 712 689 gloriatio
741 616 954 667 vestra.
991 633 1018 660 ››
1046 608 1397 666 Subindicat
1426 610 1583 681 quod
1607 607 1776 664 illum
1811 624 1930 663 non
1953 624 2089 680 per-

442 702 747 760 misissent
778 699 1128 772 resipiscere
1161 715 1228 754 eo
1257 699 1415 770 quod
1440 698 1838 771 gloriarentur
1858 697 2087 769 inipso.

441 794 586 847 Nam
621 794 748 846 erat
776 789 871 844 hic
893 787 1162 844 fortassis
1192 804 1347 843 unus
1379 787 1715 859 sapientum
1732 786 1888 858 apud
1907 787 2086 858 ipsos.

513 882 580 948 Y,
619 882 671 946 6,
705 882 757 935 8.
789 878 871 933 An
900 879 1120 933 nescitis
1151 878 1299 947 quod
1323 876 1615 947 paululum
1638 878 1895 946 fermenti
1914 882 2089 931 totam

443 968 883 1039 conspersionem
912 969 1253 1035 fermentat?
1280 967 1603 1036 Empurgate
1648 972 1802 1019 vetus
1839 967 2087 1033 fermen-

444 1063 558 1112 tum
588 1064 649 1112 ut
680 1056 803 1113 sitis
849 1072 991 1111 nova
1048 1057 1379 1126 conspersio,
1411 1057 1553 1110 sicut
1606 1055 1729 1108 estis
1776 1054 1976 1123 azymi,
2009 1053 2091 1126 (id

442 1154 540 1213 est,
573 1149 846 1215 fermento
878 1144 1166 1215 carentes).
1198 1146 1337 1199 Nam
1369 1148 1418 1197 et
1442 1141 1656 1213 pascha
1696 1149 1943 1196 nostrum
1984 1157 2087 1211 pro

441 1237 596 1291 nobis
626 1236 942 1291 immolatus
973 1242 1047 1289 est
1078 1234 1344 1289 Christus.
1377 1234 1571 1303 Itaque
1609 1234 1808 1300 festum
1852 1231 2081 1286 celebre-

370 1344 373 1349 ί
441 1340 560 1379 mus
587 1341 699 1380 non
729 1325 788 1379 in
843 1326 1112 1392 fermento
1142 1323 1332 1387 veteri,
1365 1336 1541 1390 neque
1576 1322 1637 1375 in
1666 1322 1936 1389 fermento
1968 1336 2089 1373 ma-

441 1413 584 1470 litiae
604 1420 655 1468 et
676 1415 982 1483 pravitatis
1000 1428 1021 1474 ;
1052 1413 1144 1466 sed
1167 1414 1223 1465 in
1253 1413 1461 1482 azymis
1488 1412 1818 1466 sinceritatis
1855 1416 1905 1463 et
1951 1410 2088 1463 veri-

440 1504 592 1557 tatis.

511 1589 661 1661 Ipsis
684 1606 921 1660 quoque
953 1588 1376 1644 cavet.Etenim
1406 1587 1652 1657 malum,
1685 1587 1901 1659 inquit,
1927 1586 2087 1659 quod

440 1678 781 1751 negligitur,
812 1676 1106 1750 reliquum
1148 1675 1426 1732 Ecclesia)
1480 1693 1693 1749 corpus
1751 1676 1963 1741 inﬁcit,
2018 1692 2085 1732 eo

440 1768 598 1840 quod
629 1768 731 1824 alii
762 1784 998 1840 quoque
1034 1767 1184 1822 illud
1215 1766 1546 1822 imitentur.
1578 1766 2088 1832 Quemadmodum

2204 604 2267 659 τὸ
2324 606 2596 684 καύχημα
2683 607 2913 679 ὑμῶν.»
2977 604 3289 663 Αἷνίττεται
3345 605 3429 661 ὅτι
3484 605 3642 662 αὐτοὶ
3694 606 3855 662 αὐτὸν

2205 695 2303 750 οὐκ
2334 694 2514 750 εἷάσαν
2550 702 2904 768 μετανοῆσαις
2942 695 3296 770 καυχώμενοι
3347 694 3425 757 είς
3479 693 3658 753 αὐτόν.
3691 698 3855 759 Ἴσως

2202 784 2306 861 γὰρ
2338 789 2445 839 τῶν
2477 785 2625 860 παρὰ
2653 783 2799 863 σφίσι
2833 790 3016 862 σοφῶν
3047 787 3126 846 εἷς
3156 781 3192 853 ἦ
3224 783 3412 846 αῦτος.

2271 873 2391 931 Ούκ
2414 871 2599 929 οἴδατε
2647 873 2731 928 ὅτι
2794 874 2962 948 μικρὰ
3018 872 3165 946 ζύμη
3215 872 3345 928 ὅλον
3383 874 3447 928 τὸ
3503 874 3727 953 φύραμα
3760 880 3853 944 ζυ-

2207 967 2339 1035 μοῖ;
2372 963 2738 1038 Ἐκκαθάρατε
2765 964 2864 1032 τήν
2899 961 3139 1017 παλαιὰν
3200 963 3406 1035 ζύμην,
3458 959 3552 1018 ἵνα
3607 964 3703 1032 ἦτε
3733 963 3853 1019 νὲον

2203 1052 2446 1131 φύραμα,
2513 1053 2693 1113 καθὼς
2750 1050 2868 1107 ἐστε
2924 1050 3144 1124 ἄζυμοι.
3229 1051 3324 1106 Καὶ
3382 1051 3484 1127 γὰρ
3542 1051 3608 1107 τὸ
3660 1054 3854 1128 Πάσχα

2202 1144 2361 1214 ἡμῶν
2408 1142 2539 1214 ὑπὲρ
2598 1145 2758 1215 ἡμῶν
2817 1139 2982 1211 ἐθύθη
3046 1141 3295 1216 Χριστός.
3354 1144 3518 1197 Ὥστε
3576 1143 3851 1217 ιορτάζω-

2204 1252 2325 1305 μεν,
2360 1233 2434 1304 μή
2471 1230 2521 1286 ἐν
2558 1230 2701 1305 ζύμῃ
2731 1236 2965 1301 παΑαιᾷ,
3028 1227 3171 1304 μηδι
3218 1228 3272 1286 ἐν
3316 1230 3461 1305 ζύμῃ
3515 1232 3705 1296 κακίας
3760 1233 3852 1287 καὶ

2200 1320 2490 1393 πονηρίας,
2582 1316 2710 1375 ἀλλ’
2809 1318 2862 1374 ἐν
2965 1317 3197 1393 ἀζύμοις
3306 1318 3657 1394 εἰλικρινείας
3759 1323 3849 1375 καὶ

2201 1406 2477 1479 ἀληθείας.

2273 1594 2317 1644 Κ
2361 1587 2375 1607 \
2454 1586 2467 1607 9
2516 1592 2543 1603 ~
2690 1583 2738 1641 ίδ
3026 1586 3042 1609 κ
3145 1589 3157 1604 I
3448 1588 3462 1608 Ι
3810 1591 3823 1607 ι

2326 1609 2378 1643 αι
2409 1608 2585 1643 αυτων
2618 1609 2681 1669 φε
2711 1604 2878 1643 οεται.
2944 1590 3042 1644 Και
3099 1608 3202 1664 γαρ
3253 1586 3658 1663 ἀμελούμενον,
3690 1612 3851 1665 φησι,

2198 1678 2261 1734 τὸ
2292 1677 2477 1747 κακόν,
2507 1678 2597 1732 καὶ
2644 1681 2724 1750 τῷ
2778 1673 2959 1750 λοιπῷ
3014 1675 3335 1751 λυμαίνεται
3391 1684 3492 1747 τῆς
3522 1675 3855 1750 Ἐκκλησίας

2204 1767 2439 1840 σώματι,
2472 1762 2559 1822 διὰ
2587 1766 2648 1822 τὸ
2704 1766 2795 1820 καὶ
2849 1765 3066 1841 ἑτέρους
3122 1765 3252 1822 αὐτὸ
3314 1771 3852 1845 μιμεῖσθαι.Ὥσπερ

440 1859 600 1913 enim
630 1857 1011 1926 fermentum,
1044 1872 1178 1912 cum
1202 1856 1279 1912 sit
1307 1855 1811 1925 modicum,totam
1835 1857 2086 1912 fermen-

2201 1857 2304 1932 γὰρ
2336 1856 2481 1929 ζύμη
2539 1856 2709 1931 μικρὰ
2741 1855 2876 1910 οῦσα
2903 1854 2967 1910 τὸ
2998 1852 3135 1910 ἅπαν
3198 1860 3384 1929 ζυμοῖ,
3441 1854 3530 1911 καὶ
3585 1855 3661 1921 εἰς
3712 1859 3851 1912 ἅπαν

434 1953 522 2005 tat
550 1949 1033 2020 conspersionem
1067 1955 1127 2003 et
1156 1948 1217 2003 in
1246 1953 1437 2003 totum
1470 1946 1827 2003 diffunditur
1857 1963 1870 2002 :
1906 1948 1990 2003 ita
2029 1952 2089 2003 et

438 2037 616 2109 hujus
648 2042 980 2109 peccatum,
1027 2037 1243 2108 inquit,
1271 2036 1492 2092 multos
1544 2036 1617 2091 ad
1644 2095 1647 2099 _
1676 2053 1737 2092 se
1796 2036 2040 2092 attrahit
2069 2052 2083 2091 :

439 2148 466 2176 ‹‹
505 2127 832 2199 Expurgate
872 2131 1038 2181 vetus
1075 2125 1457 2181 fermentum.
1496 2147 1522 2173 ››
1570 2126 1687 2179 lioc
1718 2131 1827 2193 est,
1857 2142 1956 2180 eos
1987 2124 2089 2195 qui

438 2215 778 2287 hujusmodi
801 2216 1302 2287 operanturA59
1318 2216 1495 2269 Vetus
1509 2218 1707 2269 autem
1730 2216 2089 2269 fermentum

436 2307 598 2378 ipsos
629 2305 1193 2377 appellat,autquod
1223 2311 1466 2379 peccato
1488 2305 1802 2378 putrefacti
1834 2306 1971 2373 sint,
1988 2312 2091 2362 aut

428 2392 587 2466 quod
619 2410 828 2450 omnes
861 2394 922 2451 in
965 2395 1196 2450 Christo
1230 2411 1382 2450 nova
1414 2393 1535 2450 sint
1565 2400 1857 2463 creatura,
1891 2395 2089 2453 solum

427 2486 630 2537 autem
660 2488 973 2553 peccatum
997 2482 1074 2539 sit
1101 2487 1287 2538 vetus.

503 2570 717 2626 Dicens
749 2576 948 2627 autem
980 2593 1008 2620 ‹‹
1036 2573 1389 2644 Expurgate,
1421 2592 1450 2621 ››
1488 2576 1756 2627 exactam
1792 2572 2088 2646 signiﬁcat

436 2661 874 2733 purgationem.
909 2683 936 2710 «
971 2662 1042 2715 Ut
1063 2660 1191 2715 sitis
1218 2677 1370 2715 nova
1397 2659 1762 2732 conspersio.
1799 2682 1827 2710 »
1856 2662 2081 2719 Novum

440 2750 600 2804 enim
635 2751 941 2806 hominem
965 2749 1127 2804 novit
1148 2749 1451 2820 Scriptura
1479 2749 1576 2822 qui
1610 2749 1831 2821 probus
1855 2756 1964 2821 est,
1987 2768 2083 2807 ve-

435 2844 619 2897 terem
639 2856 775 2895 vero
798 2838 969 2894 illum
992 2839 1092 2912 qui
1126 2838 1674 2912 impius.Significat
1702 2844 1901 2894 autem
1928 2840 2086 2911 quod

434 2945 557 2985 non
586 2928 759 2983 multi
795 2934 965 2984 erant
994 2927 1154 3001 apud
1203 2944 1304 2983 eos
1365 2934 1720 3000 peccatores.
1756 2950 1783 2978 ‹‹
1837 2930 1909 2984 Ut
1956 2930 2086 2986 sitis

431 3034 582 3075 nova
611 3018 975 3090 conspersio.
1010 3040 1035 3067 η
1068 3019 1187 3073 Hoc
1218 3022 1329 3088 est,
1381 3021 1543 3072 extra
1573 3021 1738 3072 vetus
1770 3016 1917 3074 illud
1965 3017 2083 3073 fer-

431 3108 805 3173 mentum,de
839 3124 953 3178 quo
977 3106 1223 3181 prmdixi
1247 3106 1406 3179 quod
1432 3106 1695 3163 debeatis
1716 3107 1905 3179 azymi
1928 3123 2079 3176 esse,

432 3196 493 3252 id
525 3201 633 3264 est,
664 3196 956 3252 fermento
989 3201 1280 3252 carentes.
1304 3197 1374 3249 Et
1402 3195 1559 3250 unde
1591 3196 1972 3252 manifestum
1997 3200 2086 3253 est

431 3285 592 3358 quod
618 3285 912 3341 fermento
944 3302 1146 3341 carere
1175 3284 1499 3339 debeamus
1519 3282 1546 3338 ’?
1566 3286 1646 3339 Ex
1670 3284 1875 3341 eodem
1900 3284 2085 3341 mani-

429 3374 650 3429 festum
683 3378 787 3428 est.
818 3396 845 3423 «
878 3374 1022 3427 Nam
1057 3372 1285 3429 Pascha
1314 3377 1584 3428 nostrum
1627 3388 1729 3444 pro
1763 3373 1936 3428 nobis
1966 3374 2083 3429 im-

430 3462 687 3517 molatus
719 3467 810 3517 est
840 3462 1123 3517 Christus.
1162 3483 1190 3511 ››
1226 3461 1391 3516 Sicut
1421 3477 1557 3533 ergo
1590 3461 1648 3515 hi
1687 3462 1788 3532 qui
1822 3460 1933 3518 sub
1956 3462 2081 3535 lege

428 3549 724 3615 vivebant,
758 3550 1064 3607 immolato
1097 3549 1168 3606 ab
1200 3550 1346 3621 ipsis
1370 3549 1730 3619 temporario
1762 3549 2082 3606 acirratio-

428 3645 551 3701 nali
582 3658 754 3717 agno,
790 3647 1018 3711 septem
1049 3638 1258 3694 diebus
1285 3644 1454 3694 erant
1495 3638 1703 3708 azymi,
1736 3638 1793 3692 id
1825 3644 1934 3705 est,
1962 3638 2082 3693 fer-

435 3740 638 3791 mento
670 3737 961 3789 carentes.
995 3730 1193 3799 Neque
1226 3726 1386 3784 enim
1418 3726 1635 3782 licebat
1659 3726 2083 3783 fermentatum

433 3841 653 3897 panem
685 3826 788 3878 aut
816 3819 976 3876 domi
1008 3816 1227 3873 habere
1268 3821 1370 3872 aut
1408 3814 1603 3871 edere.
1647 3818 1731 3872 Ita
1760 3832 1995 3888 quoque
2028 3821 2085 3871 et

435 3931 547 3969 nos
577 3919 798 3968 aeterno
831 3926 899 3964 ac
930 3904 1206 3962 rationali
1238 3921 1388 3978 agno
1420 3905 1518 3976 qui
1566 3904 1724 3961 tollit
1776 3912 2083 3978 peccatum

436 3999 643 4055 mundi
674 4013 779 4069 pro
811 3994 981 4050 nobis
1003 3992 1311 4050 immolato
1342 3992 1478 4064 (hoc
1511 3992 1670 4049 enim
1702 3998 1794 4049 est
1812 3999 2083 4049 nostrum

430 4085 681 4157 Pascha)
712 4083 999 4140 debemus
1045 4099 1280 4155 semper
1309 4082 1601 4138 fermento
1631 4098 1832 4139 carere
1864 4087 1922 4137 et
1953 4099 2083 4138 esse

432 4193 583 4233 nova
622 4173 1060 4247 conspersio,ut
1087 4172 1242 4229 nihil
1263 4172 1477 4227 veteris
1497 4170 1775 4227 fermenti
1809 4171 1925 4228 sive
1953 4188 2085 4244 pec-

432 4267 548 4322 cati
570 4264 741 4321 nobis
771 4263 886 4335 ipsi
914 4260 1311 4318 conferamus.
1348 4258 1489 4316 Vide
1532 4267 1732 4317 autem
1787 4260 2083 4331 quomodo

433 4358 871 4426 consequenter
901 4368 967 4407 ac
994 4349 1369 4408 familiariter
1390 4349 1788 4421 permanserit
1815 4351 1877 4404 in
1906 4354 2086 4407 meta-

434 4446 641 4517 phora.
677 4442 965 4508 Quoniam
992 4440 1153 4495 enim
1184 4444 1491 4511 peccatum
1525 4439 1653 4512 ejus
1679 4439 1779 4511 qui
1812 4446 2083 4511 stuprum

435 4534 836 4599 commiserat,
919 4528 1248 4601 appellarat
1305 4526 1702 4585 fermentum:
1759 4527 2082 4584 ostendens

434 4624 591 4696 quod
623 4640 691 4679 ex
725 4619 979 4690 hoc,nisi
1007 4616 1374 4691 puriﬁcetur,
1399 4615 1570 4673 facile
1603 4623 1661 4671 et
1689 4615 1807 4674 alia
1840 4624 2083 4688 paratur
2112 4602 2157 4668 D

428 4730 625 4770 massa
646 4713 763 4766 sive
779 4707 1162 4780 conspersio:
1197 4705 1420 4777 aptavit
1460 4712 1900 4777 consequenter
1930 4712 1987 4761 et
2018 4723 2086 4762 ea

430 4820 559 4874 quae
592 4805 1179 4871 sequuntur,nempe
1203 4800 1368 4853 vetus
1397 4794 1759 4852 fermentum
1790 4800 1849 4851 et
1876 4813 2085 4853 novam

432 4888 919 4961 conspersionem
949 4904 1017 4942 ac
1048 4902 1284 4956 azymos
1306 4884 1423 4940 sive
1454 4901 1639 4955 panes
1671 4884 1964 4941 fermento
1988 4903 2086 4944 ca-

435 4985 637 5037 rentes
672 4996 684 5033 :
720 4978 967 5033 virtutes
995 4993 1061 5032 ac
1093 4975 1234 5029 vitia
1255 4973 1348 5030 his
1371 4973 1690 5045 designans
1722 4975 2083 5030 nominibus.

439 5092 466 5121 ‹‹
502 5072 645 5125 Nam
667 5066 967 5124 etPascha
987 5060 1671 5135 nostrum.»Conjunctio
1695 5062 1797 5139 γάρ
1829 5064 2084 5121 causalis

436 5164 524 5215 est
553 5159 634 5213 ita
663 5155 983 5211 causaliter
1007 5152 1269 5225 ponitur.
1304 5174 1331 5200 ‹‹
1368 5153 1513 5208 Nam
1560 5153 1783 5209 Pascha
1814 5159 2083 5209 nostrum

434 5266 541 5322 pro
573 5247 745 5303 nobis
776 5243 1119 5301 immolatus
1142 5241 1533 5300 estChristus.
1564 5265 1592 5291 ››
1621 5243 1908 5309 Quoniam
1926 5242 2082 5299 enim

428 5337 603 5412 Jubet
618 5337 711 5391 lex
733 5340 865 5408 post
884 5329 1263 5406 primogeniti
1288 5330 1587 5387 victimam
1609 5333 1666 5387 in
1692 5334 1971 5389 Pascliate
1990 5350 2082 5387 se-

436 5433 598 5500 ptem
631 5424 838 5481 diebus
870 5439 1053 5495 panes
1072 5422 1366 5478 fermento
1398 5428 1670 5478 carentes
1713 5421 1909 5488 edere,
1942 5420 2087 5477 dicit

440 5515 599 5588 quod
630 5531 815 5587 panes
838 5513 925 5568 illi
957 5514 1250 5567 fermento
1273 5515 1542 5565 carentes
1592 5510 1779 5580 ﬁgura
1809 5517 1981 5566 erant
2009 5530 2083 5567 ne

437 5623 548 5662 nos
578 5604 903 5676 quidquam
936 5603 1215 5656 vitiorum
1247 5601 1307 5653 in
1335 5598 1508 5653 nobis
1536 5599 1680 5669 ipsis
1706 5600 2082 5669 haberemus,

440 5698 512 5752 de
543 5712 682 5768 quo,
713 5694 851 5761 ait,a
867 5692 1134 5749 Christus
1165 5686 1572 5757 immolatus,»
1602 5688 1663 5742 in
1687 5689 1933 5762 figuram
1949 5690 2082 5761 agni

2195 1945 2507 2019 ἀναχεῖται,
2538 1942 2711 2006 οὕτως
2768 1943 2858 1999 καὶ
2890 1946 2925 2013 ἡ
2950 1943 3149 1999 τούτου
3206 1944 3467 2019 ἁμαρτία,
3526 1943 3681 2021 φησὶ,
3712 1945 3848 2022 πρὸς

2198 2034 2392 2102 ἑαυτὴν
2464 2031 2755 2088 ἐπισπᾶται
2813 2028 3083 2094 πολλούς.
3131 2057 3157 2085 ιι
3191 2031 3554 2108 Ἐκκαθάρατε
3601 2034 3701 2105 τήν
3745 2054 3852 2089 πα-

2198 2121 2356 2178 λαιὰν
2391 2123 2590 2197 ζύμην.
2627 2145 2655 2173 ››
2696 2121 2981 2190 Τουτέστι,
3013 2121 3142 2185 τοὺς
3203 2123 3270 2177 τὰ
3297 2128 3523 2178 τοιαῦτα
3578 2125 3816 2199 πράσσον

2193 2231 2309 2273 τας.
2341 2208 2583 2265 Παλαιὰν
2619 2205 2677 2264 δὲ
2709 2206 2903 2272 αὐτοὺς
2932 2204 3112 2284 ζύμην
3166 2207 3345 2281 καλεῖ,
3392 2210 3427 2284 ἢ
3484 2208 3573 2267 διὰ
3602 2211 3664 2267 τὸ
3696 2233 3825 2283 σεση

2194 2298 2445 2374 πὲναιτῇ
2492 2299 2748 2373 ἁμαρτίᾳ,
2809 2298 2844 2368 ἢ
2903 2295 2987 2353 ὅτι
3044 2296 3098 2354 ἐν
3158 2302 3381 2375 Χριστῷ
3438 2300 3633 2367 πάντες
3687 2300 3849 2372 καινῆ

2192 2388 2387 2460 κτίσις,
2422 2388 2561 2464 μόνη
2597 2385 2655 2443 δὲ
2680 2389 2715 2460 ἡ
2749 2386 2989 2465 ἁμαρτία
3018 2385 3241 2445 παλαιά.

2264 2567 2338 2625 Τὸ
2369 2564 2449 2639 δὲ,
2486 2590 2515 2620 ‹‹
2541 2565 2925 2643 Ἐκκαθάρατε,
2956 2588 2988 2622 »ι
3028 2568 3127 2638 τήν
3177 2563 3376 2642 ἀκριϐῆ
3422 2565 3591 2642 δηλοῖ
3642 2569 3850 2647 κάθαρ-

2194 2680 2296 2717 σιν.
2327 2680 2358 2714 ιι
2390 2660 2507 2715 Ἵνα
2552 2659 2649 2727 ἦτε
2704 2654 2820 2713 νέον
2882 2657 3125 2737 φύραμα.
3162 2683 3189 2709 υ
3256 2660 3388 2731 Ἵνα,
3443 2661 3598 2737 φησὶ,
3656 2659 3852 2723 πάντες

2191 2749 2287 2817 ἦτε
2324 2751 2422 2802 τοῦ
2489 2745 2608 2801 νέου
2667 2746 3005 2827 φυράματος.
3068 2747 3204 2803 Νέον
3264 2747 3367 2824 γὰρ
3433 2744 3580 2804 οἶδεν
3635 2746 3849 2826 ἄνθρω-

2191 2857 2292 2891 πον
2341 2838 2376 2905 ἡ
2429 2836 2614 2911 Γραφή
2672 2832 3090 2913 τὸν’ἒνάρετον,
3150 2834 3387 2892 παλαιὸν
3445 2836 3523 2908 δὲ,
3583 2839 3673 2895 τὸν
3733 2838 3851 2895 ἆσεο

2194 2920 2288 2997 ϐῆ.
2323 2925 2499 2997 Δηλοῖ
2530 2921 2587 2980 δὲ
2616 2926 2701 2981 ὅτι
2735 2925 2797 2981 οὐ
2827 2922 3035 2981 πολλοὶ
3075 2926 3211 2996 ἦσαν
3272 2926 3402 3004 παρ’
3456 2927 3641 2993 αὐτοῖς
3670 2930 3851 3006 ἀμαρ-

2192 3011 2386 3071 τωλοί.
2422 3039 2449 3067 ‹‹
2478 3017 2594 3071 ’Ίνα
2626 3013 2812 3095 φησὶν,
2872 3015 2989 3087 ἧτε,
3021 3040 3047 3065 ››
3096 3012 3390 3088 τουτέστιν,
3443 3015 3596 3083 ἐκτὸς
3624 3025 3722 3090 τῆς
3751 3040 3853 3075 πα-

2193 3105 2352 3169 λαιᾶς
2414 3106 2591 3179 ζύμης
2661 3103 2866 3176 ἐκείνης
2947 3106 3072 3180 περὶ
3131 3107 3197 3176 ἧς
3266 3106 3392 3162 εἶπα
3427 3152 3441 3178 ,
3500 3107 3683 3174 καθώς
3732 3108 3850 3164 ἐστε

2198 3193 2419 3268 ἄζυμοι.
2489 3191 2684 3260 Καθὼς
2720 3238 2733 3264 ,
2792 3194 2945 3274 φησὶ,
3008 3194 3175 3270 χρέος
3235 3196 3363 3268 ὑμῖν
3423 3195 3563 3252 ἐστιν
3618 3197 3851 3272 ἀζύμοις

2197 3284 2357 3339 εἶναι.
2390 3283 2558 3346 Πόθεν
2592 3279 2651 3338 δὲ
2680 3278 2849 3354 δῆλον
2913 3281 2997 3338 ὅτι
3050 3281 3251 3357 ἄζυμοι
3312 3284 3605 3367 ὀφείλομεν
3661 3289 3799 3343 εἶναι
3836 3309 3849 3357 ;

2194 3373 2433 3430 Αύτύθεν
2467 3371 2718 3448 φανερόν.
2764 3372 2841 3429 Τὸ
2869 3371 2973 3448 γὰρ
3016 3396 3044 3424 ‹‹
3081 3373 3275 3451 Πάσχα
3306 3373 3491 3448 ἡμῶν,
3524 3372 3658 3454 ὑπὲρ
3691 3379 3850 3451 ἡμῶν

2193 3460 2354 3533 ἐτύθη
2391 3462 2643 3538 Χριστός.
2679 3486 2707 3513 ››
2764 3463 2968 3539 ’Ὠσπερ
3026 3461 3120 3517 οῦν
3179 3463 3231 3518 οἳ
3263 3460 3316 3518 ἐν
3346 3467 3425 3538 τῷ
3453 3466 3610 3538 νόμῳ
3666 3467 3845 3541 βιοῦν-

2191 3570 2298 3618 τες,
2362 3551 2633 3622 θυομένου
2702 3549 2886 3614 αὐτοῖς
2944 3556 3042 3609 τοῦ
3095 3552 3432 3629 προσκαίρου
3492 3555 3581 3609 καὶ
3639 3552 3843 3632 ἀλόγου

2194 3639 2388 3709 ἀμνοῦ,
2420 3637 2471 3692 ὲν
2502 3639 2637 3694 ἑπτα
2694 3634 2930 3715 ἡμέραις
2982 3638 3183 3712 ἄζυμοι
3243 3642 3379 3709 ἦσαν
3436 3639 3518 3715 (ού
3569 3644 3673 3721 γὰρ
3721 3642 3843 3717 ἐξῆν

2194 3726 2379 3789 αὐτοῖς
2439 3725 2790 3801 ἐζυμωμένον
2849 3725 2977 3784 οὔτε
3018 3726 3165 3805 ἔχειν
3230 3728 3371 3785 οἷ’κοι
3433 3729 3555 3787 οὔτε
3613 3740 3845 3812 φαγεῖνιο

2193 3817 2371 3878 οὕτως
2398 3814 2489 3871 καὶ
2563 3816 2742 3890 ὑμεῖς,
2800 3821 2897 3872 τοῦ
2957 3817 3180 3873 αἱώνίου
3235 3820 3325 3874 καὶ
3384 3818 3615 3897 λογικοῦ
3673 3822 3879 3896 ἀμνοῦ,

2190 3910 2287 3960 τοῦ
2335 3902 2578 3980 αἴροντος
2636 3904 2736 3975 τήν
2785 3907 3052 3983 ἁμαρτίαν
3085 3911 3183 3964 τοῦ
3238 3908 3449 3983 κόσμου
3511 3910 3640 3985 ὑπὲρ
3688 3913 3846 3983 ἡμῶν

2190 3995 2441 4055 τυθέντος
2500 3999 2684 4069 (τοῦτο
2766 3996 2869 4073 γὰρ
2956 3994 3068 4052 ἐστι
3160 3996 3225 4053 τὸ
3281 3995 3547 4074 ἡμέτερον
3608 4002 3840 4081 Πάσχα)’

2192 4082 2488 4162 ὀφείλομεν
2519 4082 2716 4156 ἄζυμοι
2748 4083 2829 4139 ἀεὶ
2872 4084 2963 4140 καὶ
3014 4086 3195 4141 καινὸν
3223 4086 3446 4167 φύραμα
3477 4088 3636 4157 εἶναι,
3670 4087 3841 4164 μηδὲν

2189 4179 2291 4243 τῆς
2324 4171 2562 4234 παλαιᾶς
2598 4171 2796 4245 ζύμης,
2827 4171 2954 4244 ἤτοι
2983 4180 3084 4245 τῆς
3126 4174 3417 4250 ἁμαρτίας,
3469 4176 3682 4242 ἑαυτοῖς
3714 4200 3841 4234 συν-

2192 4261 2596 4340 επιφερόμενοι.
2630 4262 2769 4337 Ὅρα
2828 4258 2886 4318 δὲ
2942 4268 3062 4325 πῶς
3113 4261 3484 4336 καταλλήλως
3543 4267 3631 4323 καὶ
3673 4289 3843 4343 προσ-

2193 4372 2333 4430 φυπς
2393 4348 2642 4425 ἐπέμεινε
2678 4354 2748 4424 τῇ
2803 4354 3005 4427 τροπῇ.
3065 4350 3291 4423 Ἐπειδὴ
3336 4354 3438 4429 γὰρ
3491 4360 3589 4410 τοῦ
3638 4377 3844 4433 πεπορ-

2192 4439 2441 4502 νευκότος
2498 4440 2596 4511 τὴν
2659 4438 2924 4515 ἁμαρτίαν
2988 4440 3164 4516 ζύμην
3226 4440 3507 4515 ἐκάλεσεν,
3567 4442 3843 4525 ἐμφαίνων

2193 4529 2277 4584 ὅτι
2337 4528 2414 4601 μὴ
2474 4526 2936 4605 ἐκκαθαιρομένης
2993 4528 3218 4601 ταύτης,
3276 4531 3418 4609 ταχὺ
3479 4532 3666 4591 καὶτὸ
3697 4532 3839 4591 ἄλλο

2190 4622 2656 4691 συναναζυμοῦται
2719 4619 2963 4696 φύραμα,
3016 4617 3335 4683 ἀκολούθως
3392 4618 3604 4698 ἥρμοσε
3658 4624 3748 4680 καὶ
3780 4624 3848 4679 τὰ

2192 4707 2429 4781 ἑφεξῆς,
2510 4708 2687 4783 ζύμην
2741 4706 2978 4764 παλαιὰν
3016 4753 3030 4778 ,
3086 4710 3175 4765 καὶ
3256 4710 3374 4767 νέον
3426 4713 3648 4793 φύραμα
3682 4758 3697 4784 ,
3755 4719 3845 4771 καὶ

2190 4796 2455 4871 ἀζύμους,
2487 4799 2581 4859 τὰς
2641 4795 2831 4872 ἀρετὰς
2862 4797 2951 4853 καὶ
3010 4799 3222 4869 κακίας,
3282 4797 3499 4865 τούτοις
3556 4809 3674 4867 τοῖς
3726 4804 3846 4861 ὀνύ-

2193 4907 2353 4961 μασιν
2389 4884 2706 4956 ὑποδηλῶν.
2763 4911 2789 4938 ‹‹
2825 4887 2927 4944 Καὶ
2958 4887 3058 4965 γὰρ
3116 4890 3179 4943 τὸ
3240 4890 3453 4967 Πάσχα.
3490 4916 3517 4943 ››
3574 4894 3659 4964 Ὀ,
3719 4896 3844 4974 γάρ,

2190 4971 2489 5048 σύνδεσμος
2534 4974 2935 5052 αἶτιολογικὸς.
2997 4977 3120 5033 Ἐπὶ
3174 4977 3324 5050 αἰτίᾳ
3389 4978 3481 5035 οῦν
3540 4971 3844 5041 κεῖταιξΤὸ

2187 5063 2313 5141 γαρ,
2361 5088 2389 5115 ‹‹
2430 5065 2624 5144 Πάσχα
2680 5067 2843 5138 ἡμῶν
2904 5065 3036 5141 ὑπὲρ
3094 5067 3257 5139 ἡμῶν
3310 5066 3470 5139 ἐτύθη
3527 5069 3842 5146 Χριστός.»

2191 5149 2414 5221 Ἐπειδὴ
2447 5153 2547 5227 γὰρ
2581 5154 2609 5208 ὁ
2636 5153 2805 5228 νόμος
2863 5151 3171 5230 διαγορεύει
3208 5158 3341 5229 μετᾶ
3396 5158 3494 5226 τὴν
3552 5164 3650 5215 τοῦ
3689 5182 3844 5236 πρω-

2188 5242 2422 5297 τοτόκου
2475 5242 2681 5310 θυσίαν,
2729 5252 2780 5297 tv
2834 5247 2913 5315 τῷ
2974 5243 3168 5319 Πάσχα
3199 5246 3332 5300 ἑπτὰ
3371 5248 3584 5324 ἡμέρας
3643 5248 3843 5326 ἄζυμα,

2192 5329 2385 5395 ἐσθίειν
2420 5373 2433 5399 ,
2490 5331 2652 5405 φησὶν
2693 5374 2707 5401 ,
2767 5330 2849 5386 ὅτι
2919 5330 3088 5393 τύπος
3153 5333 3221 5402 ἦν
3288 5334 3465 5391 ἐκεῖνα
3520 5338 3588 5393 τὰ
3644 5339 3845 5416 ἄζυμα,

2188 5424 2291 5474 τοῦ
2322 5420 2470 5492 ὑμᾶς
2507 5422 2582 5494 μή
2642 5418 2789 5495 ἔχειν
2844 5417 2898 5476 ἐν
2953 5422 3165 5488 ἑαυτοῖς
3191 5444 3244 5479 τι
3300 5430 3401 5494 τῆς
3453 5425 3663 5499 κακίας,
3723 5431 3845 5505 περὶ

2189 5511 2255 5579 ἧς
2287 5530 2471 5585 φησιν.
2502 5509 2564 5567 Ὀ
2613 5509 2717 5587 γὰρ
2779 5509 3012 5585 Χριστὸς
3064 5510 3266 5582 τυθεὶς,
3320 5513 3508 5593 φησὶν,
3540 5514 3616 5580 εἷς
3675 5519 3846 5573 τύπον

2190 5602 2287 5652 τοῦ
2343 5598 2698 5670 πρωτοτόκου
2755 5600 2930 5672 ἀμνοῦ
2957 5597 3191 5662 τέθυται.
3251 5602 3581 5676 Ἐπάναγκες
3638 5604 3704 5661 οῦ
3752 5608 3844 5662 καὶ

2192 5689 2341 5761 ἡμᾶς
2372 5686 2462 5742 τὸν
2492 5685 2663 5743 τύπον
2720 5692 2828 5743 τῶν
2882 5687 3104 5761 ἀζύμων
3162 5687 3434 5766 πληροῦν,
3475 5692 3526 5748 ἐν
3554 5691 3634 5769 τῷ
3685 5694 3848 5753 ἐκκα-
