4198 6200
407 424 516 483 701

1407 421 1815 483 COMMENT.
1862 420 1950 482 IN
1995 420 2245 482 EPIST.
2292 423 2317 486 Ι
2361 424 2463 483 AD
2507 428 2870 489 CORlNTH.

3703 431 3825 494 702

405 554 609 630 θαίρειν
644 555 867 615 ἑαυτοὺς
910 552 1017 609 ἀπὸ
1076 558 1175 622 τῆς
1236 550 1415 627 ζύμης
1475 558 1575 621 τῆς
1627 551 1922 625 πονηρίας,
1978 551 2051 605 ἳνα

2180 554 2559 627 primogeniti
2591 558 2933 615 immolatus
2993 563 3102 615 est.
3154 559 3399 631 Oportet
3428 574 3564 630 ergo
3618 567 3678 617 et
3714 579 3824 619 nos

400 644 631 708 τελείως
659 642 983 717 ὶπιτελεσθῇ
1013 644 1075 699 τὸ
1113 643 1312 714 νοητὸν
1345 644 1559 717 Πάσχα.
1622 664 1649 693 ι(
1686 642 1845 717 Ὑπὶρ
1896 644 2057 713 ἡμῶν

403 733 566 807 ἐτύθη
601 734 861 810 Χριστός.
897 758 923 786 η
956 731 1127 791 Πάλιν
1176 732 1496 808 εὐεργεσιῶν
1556 729 1849 806 μέμνηται.
1899 732 2061 787 Ὥστε

402 826 770 901 ἑορτάζωμεν.
804 824 1110 899 Έορτάζειν
1152 823 1257 899 γὰρ
1315 823 1430 897 χρὴ
1483 822 1569 878 ἐπὶ
1618 827 1736 883 ταῖς
1795 818 2058 896 μεγάλαις

404 913 621 990 δωρεῖς.
655 938 685 966 κ
719 915 811 982 Μὴ
840 912 895 970 ἐν
929 911 1077 988 ζύμῃ
1125 910 1354 982 παλαιᾷ.
1389 935 1420 966 »
1477 914 1556 985 Τῇ
1612 913 1792 984 τροπῇ
1852 909 2060 983 ἐνέμει-

400 1025 508 1073 νεν,
543 1003 740 1059 ὡσανεὶ
788 1000 980 1078 λέγων’
1019 1003 1113 1072 Μὴ
1171 1001 1225 1059 δν
1283 1004 1511 1075 πονηρῷ
1567 1000 1656 1056 καὶ
1717 1003 1872 1071 κακῷ
1929 999 2056 1074 βίῳ,

398 1093 530 1150 ἀλλ’
561 1091 615 1148 ἂν
644 1091 754 1167 βίῳ
788 1092 866 1165 μὴ
897 1086 1087 1168 ἔχοντι
1119 1090 1399 1164 ἐπιμιξίαν
1431 1096 1530 1157 τῆς
1561 1094 1792 1149 πακαιᾶς
1844 1086 2057 1158 ἐκείνης

406 1182 585 1255 ζύμης
641 1188 742 1251 τῆς
802 1178 1041 1254 ὀξώδους
1096 1181 1188 1237 καὶ
1274 1177 1592 1251 σεσηπυίας,
1650 1176 1944 1247 τουτὲςτιν,
2006 1176 2058 1232 ἐν

396 1274 621 1348 καθαρῷ
648 1272 739 1328 καὶ
780 1265 1070 1344 ἁκιϐδήλῳ
1104 1270 1232 1347 βίῳ.
1263 1271 1440 1329 Τοῦτο
1469 1271 1575 1345 γάρ
1631 1266 1795 1337 ἐστιν,
1830 1291 1858 1319 α
1891 1267 2058 1337 Ἀζύ-

403 1379 532 1431 μοις
560 1357 912 1436 εἰλικρινείας
936 1359 1029 1415 καὶ
1059 1357 1346 1429 ἀληθείας.
1382 1381 1412 1410 ι»

2173 642 2420 715 ﬁguram
2451 647 2750 717 complere
2781 663 3001 719 panum
3031 646 3325 703 fermento
3344 648 3695 717 carentium,
3722 666 3825 706 ex-

2174 733 2480 805 purgando
2510 752 2620 792 nos
2651 737 2813 807 ipsos
2844 753 2879 792 a
2906 735 3198 792 fermento
3230 736 3555 807 pravitatis,
3590 743 3656 792 ut
3686 755 3823 809 per-

2168 823 2322 881 fecte
2348 825 2683 883 celebretur
2739 829 2803 883 in
2861 827 3036 883 nobis
3108 827 3521 883 intellectuale
3577 830 3825 887 Pascha.

2170 937 2198 965 «
2234 917 2347 970 Pro
2379 916 2552 973 nobis
2581 918 2927 974 immolatus
2960 924 3049 974 est
3077 919 3365 974 Christus.
3404 941 3431 968 ››
3466 921 3689 976 Rursus
3722 920 3827 977 be-

2171 1004 2525 1063 neficiorum
2556 1008 2851 1064 meminit.
2890 1030 2911 1056 ι
2934 1007 3137 1078 Itaque
3156 1008 3370 1063 festum
3394 1007 3824 1065 celebremus.»

2168 1094 2313 1150 Nam
2345 1094 2419 1149 ob
2447 1112 2661 1167 magna
2691 1096 2848 1152 dona
2877 1096 3181 1152 celebrare
3211 1095 3362 1152 festa
3391 1102 3642 1167 oportet.
3670 1100 3824 1155 460

2168 1202 2196 1231 α
2230 1183 2358 1238 Non
2389 1184 2451 1240 in
2479 1184 2774 1240 fermento
2807 1186 3009 1242 veteri.
3043 1204 3069 1232 ιν
3102 1187 3167 1241 In
3192 1185 3543 1256 metaphora
3561 1202 3826 1256 perseve-

2167 1276 2277 1337 rat,
2312 1286 2380 1328 ac
2410 1272 2460 1328 si
2491 1272 2753 1330 diceret:
2787 1275 2914 1330 Non
2965 1275 3024 1330 in
3074 1274 3290 1329 vitiosa
3336 1289 3632 1345 pravaque
3682 1276 3822 1345 vita,

2169 1360 2273 1415 sed
2298 1361 2362 1417 in
2393 1362 2512 1418 vita
2541 1379 2672 1433 quas
2702 1363 3183 1419 commistionem
3216 1380 3339 1420 non
3360 1363 3579 1420 habeat
3606 1366 3822 1423 veteris

394 1450 563 1506 illius
592 1449 872 1507 fermenti
904 1449 1060 1506 acidi
1090 1450 1401 1522 gravisque
1428 1448 1649 1516 odoris,
1683 1448 1795 1503 hoc
1826 1453 1917 1502 est
1946 1447 2006 1503 in
2046 1464 2197 1519 pura
2226 1450 2691 1523 incorruptaque
2721 1453 2837 1509 vita
2867 1469 2880 1508 :
2913 1466 3053 1508 nam
3080 1453 3191 1509 hoc
3222 1458 3314 1509 est
3361 1454 3519 1524 quod
3561 1454 3665 1508 ait.
3697 1476 3726 1504 ι(
3760 1456 3825 1511 In

392 1540 614 1613 azymis
644 1538 1003 1596 sinceritatis
1031 1544 1092 1595 et
1120 1537 1383 1595 veritatis
1417 1560 1444 1587 ››
1477 1537 1563 1608 (id
1595 1542 1705 1607 est,
1736 1536 1797 1592 in
1831 1537 2086 1609 panibus
2109 1536 2407 1597 fermento
2437 1540 2779 1597 carentibus
2797 1542 2899 1612 qui
2930 1545 3071 1597 sunt
3100 1541 3414 1598 sinceritas
3447 1557 3515 1597 ac
3556 1543 3796 1615 veritas)

466 1638 720 1711 Ἔγραψα
785 1635 915 1709 ὑμῖν
971 1632 1025 1690 ἂν
1091 1638 1162 1707 τῇ
1258 1630 1552 1706 ἱπιστολῇ,
1616 1634 1690 1705 μή
1762 1630 2051 1705 συναναμί-

2237 1637 2301 1703 V,
2343 1639 2502 1694 9-11.
2535 1638 2747 1707 Scripsi
2773 1638 2921 1693 vobis
2949 1640 3008 1693 in
3065 1638 3300 1708 epistola
3349 1655 3416 1694 ne
3464 1641 3820 1695 commiscea-

390 1735 620 1801 γνυσθαι
717 1726 961 1800 πόρνοις,
1037 1724 1129 1780 καὶ
1205 1722 1268 1779 ού
1341 1723 1561 1783 πάντως
1631 1725 1752 1783 τοῖς
1825 1722 2051 1797 πόρνοις

2163 1726 2306 1780 mini
2333 1742 2455 1781 cum
2483 1726 2880 1782 scortatoribus
2907 1734 2960 1782 et
2990 1739 3100 1782 non
3135 1727 3361 1783 omnino
3391 1744 3513 1783 cum
3559 1735 3824 1784 scortato-

389 1819 489 1872 τοῦ
546 1809 758 1887 κόσμου
825 1814 1046 1884 τούτου,
1113 1812 1150 1885 ἢ
1215 1817 1336 1874 τοῖς
1402 1809 1779 1881 πλεονέκταις,
1847 1810 1883 1880 ἢ
1944 1809 2047 1886 ἄρ-

2163 1814 2312 1869 ribus
2331 1815 2524 1871 mundi
2537 1816 2723 1887 hujus,
2745 1824 2844 1871 aut
2871 1818 3184 1882 avaris,aut
3205 1816 3629 1887 rapacibus,aut
3644 1819 3822 1873 idolo-

391 1906 575 1977 παξιν,
629 1902 666 1973 ἤ
730 1898 1184 1979 εἰδωλολάτραις.
1264 1902 1415 1958 Ἐπεὶ
1489 1899 1732 1979 ὀφείλετε
1818 1900 1921 1975 ἂρα
1993 1901 2051 1956 ὲκ

2165 1903 2336 1959 latris.
2371 1906 2602 1975 Alioqui
2631 1905 2896 1961 deberetis
2925 1923 3057 1963 sane
3088 1907 3153 1961 de
3180 1908 3392 1961 mundo
3423 1905 3602 1961 exire.
3664 1910 3849 1971 Nunc

390 1998 491 2049 τοῦ
546 1994 757 2068 κόσμου
811 1991 1068 2066 ἑξελθεῖν.
1128 1991 1262 2048 Νυνὶ
1321 1988 1379 2047 δὶ
1461 1986 1668 2067 ἔγραψα
1755 1987 1883 2062 ὑμῖν
1972 1991 2048 2064 μὴ

2163 2000 2343 2050 autem
2373 1998 2575 2067 scripsi
2603 1996 2758 2052 vobis
2784 2013 2854 2052 ne
2882 1999 3364 2053 commisceamini.

397 2084 915 2157 συναναμίγνυσθαιυ

470 2174 680 2245 [ΦΩΤ.]
712 2172 828 2229 Ηοῦ
855 2169 1125 2247 ἔγραψενς
1181 2171 1270 2226 Ἐν
1328 2170 1409 2233 οἷς
1467 2168 1640 2244 λέγει·
1702 2191 1728 2224 ε
1762 2169 1862 2225 Καὶ
1921 2167 2052 2247 οὐχὶ

399 2259 617 2335 μᾶλλον
642 2260 987 2332 ἐπενεήσατε,
1012 2257 1106 2315 ’ίνα
1154 2258 1351 2334 ἐξαρθῇ
1378 2257 1440 2316 in
1472 2259 1639 2331 μάσου
1694 2257 1846 2329 ὑμῶν
1877 2258 1904 2313 ὁ
1934 2277 2054 2312 τοι-

395 2353 577 2420 οῦτος,
612 2373 641 2402 n
671 2349 803 2425 ούχὶ
831 2351 860 2407 ὁ
884 2347 1047 2418 δεῖνα,
1081 2350 1118 2420 ἢ
1153 2350 1183 2404 ὁ
1211 2345 1358 2404 δεῖνα
1386 2345 1514 2423 ἀλλ’
1552 2348 1699 2409 ὅστις
1731 2344 1791 2401 ἂν
1815 2345 1852 2420 ᾗ
1874 2350 2053 2402 τοιοῦ-

394 2460 515 2508 τος,
549 2441 653 2497 Καὶ
681 2438 873 2495 πάλινο
911 2464 933 2491 ε
969 2439 1335 2514 Ἐκκαθάρατε
1369 2439 1471 2506 τήν
1502 2435 1741 2493 παλαιὰν
1789 2436 1990 2509 ζύμην.
2020 2458 2050 2488 ››

394 2527 533 2602 οὐχὶ
561 2523 728 2598 τήνδε
755 2528 791 2596 ἢ
820 2523 1007 2598 τήνδε,
1036 2523 1167 2583 ἀλλ’
1198 2524 1337 2596 ὅλην
1385 2526 1487 2595 τὴν
1545 2523 1785 2582 παλαιὰν
1846 2523 2047 2598 ζύμην.

394 2610 590 2672 Λαϐὼν
630 2617 731 2692 γὰρ
780 2616 1041 2692 ἀφορμὴν
1099 2614 1208 2672 ἀπὸ
1272 2618 1370 2670 τοῦ
1428 2614 1542 2675 ἑνὸς
1596 2617 1695 2671 τοῦ
1750 2630 2048 2688 πεπορνευο

392 2707 578 2778 κότος,
610 2703 699 2761 ἐπὶ
727 2705 791 2761 τὸ
819 2707 1003 2762 κοινὸν
1034 2699 1321 2760 ἀνεϐίϐασε
1369 2705 1461 2759 τὸν
1518 2700 1701 2777 λόγον,
1751 2704 2049 2776 τουτέστιν,

394 2795 483 2853 ἰπὶ
516 2796 691 2852 πάντα
720 2796 942 2868 πόρνσν.
976 2795 1226 2851 Κάκεῖθεν
1263 2791 1429 2850 πάλιν
1484 2792 1796 2866 κοινότερον
1847 2789 1925 2848 ἔτι
1956 2792 2046 2848 τὸν

394 2886 569 2965 λόγον
601 2885 944 2965 ἀποφαίνων,
989 2885 1202 2963 ἐπάγων
1256 2887 1320 2941 τὸ
1358 2884 1490 2941 αὐτὸ
1536 2882 1907 2960 παράγγελμα
1957 2884 2049 2938 καὶ

398 2976 489 3033 ἐπὶ
518 2981 628 3032 τῶν
655 2977 724 3033 τὰ
750 2976 920 3050 ὅμοια
949 2974 1458 3050 πλημμελούντων,
1489 2975 1600 3030 οἷον
1658 2971 2048 3029 πλεονεκτούνο

397 3087 532 3135 των,
565 3062 1139 3140 εἰδωλολατρούντων,
1169 3063 1259 3120 καὶ
1292 3062 1347 3121 εἶ’
1368 3085 1422 3119 τι
1452 3062 1663 3136 ὅμοιον.
1695 3085 1723 3114 ››
1754 3067 1881 3124 Τοῖς
1913 3060 2052 3136 πόρ-

393 3175 513 3217 νοις
542 3159 642 3211 τοῦ
670 3155 883 3228 κόσμου
914 3155 1137 3210 τούτου.
1169 3176 1199 3204 ››
1230 3154 1347 3210 Ἵνα
1377 3154 1454 3225 μή
1484 3151 1784 3225 νομίσωσιν
1811 3150 2048 3230 ὀφείλειν

389 3244 635 3307 καὶτοῖς
662 3248 769 3299 τῶν
793 3242 1081 3314 Ἐλλήνων
1126 3241 1351 3317 πόρνοις
1412 3243 1488 3314 μὴ
1537 3240 2049 3315 συναναμίγνυσθαι,

391 3334 528 3409 ὅπερ
584 3338 650 3404 ἦν
707 3331 970 3390 ἀδύνατον
1022 3337 1145 3396 τοῖς
1200 3330 1364 3388 πόλιν
1420 3331 1655 3400 οἰκοῦσι,
1733 3328 2047 3405 διορθοῦται

390 3423 543 3480 αὐτό.
566 3424 644 3480 Τὸ
674 3420 752 3491 δὲ,
786 3444 817 3477 «ι
846 3423 1092 3491 πάντως,
1124 3444 1153 3474 ιι
1189 3419 1436 3491 ἐνταῦθα,
1468 3418 1557 3474 ἐπὶ
1596 3417 2051 3493 ὁμολογουμένου

399 3520 597 3569 κεῖται.
631 3537 660 3566 ιι
695 3515 844 3570 Ἐπεὶ
894 3510 1142 3590 ὀφείλετε
1197 3508 1319 3586 ἄρα.
1355 3531 1384 3561 ››
1441 3510 1590 3565 Μετὰ
1644 3512 1741 3564 τοῦ
1801 3506 2050 3576 δυνατοῦ,

394 3603 491 3658 καὶ
520 3603 584 3658 τὸ
617 3600 845 3659 εὔκολον
887 3597 1036 3677 ἔχειν
1092 3596 1384 3669 σπουδάζει
1425 3601 1525 3668 τὴν
1568 3596 1913 3673 νομοθεσίαν.
1960 3599 2050 3668 Μὴ

392 3691 600 3766 κρίνετε
626 3690 754 3753 τοὺς
787 3690 1024 3765 πόρνους
1055 3693 1153 3745 τοῦ
1180 3686 1393 3760 κόσμου
1422 3685 1641 3755 τούτου,
1694 3686 1873 3763 ἤγουν
1927 3686 2055 3749 τοὺς

397 3777 831 3854 εἰδωλολάτραις,
862 3778 979 3835 ἐπεὶ
1007 3776 1098 3834 καὶ
1138 3778 1304 3853 χρᾶος
1353 3775 1532 3852 εἴχετε
1584 3775 1634 3845 ιε
1689 3776 1870 3831 αὐτῶν
1901 3773 2053 3848 ἐξελ-

400 3875 536 3939 θεῖν,
569 3866 712 3925 ἀλλᾶ
740 3868 945 3945 κρίνετε
974 3867 1065 3923 καὶ
1094 3864 1413 3942 ἆνακρίνατε
1441 3864 1635 3920 πιστὸν
1672 3864 1894 3941 πόρνον.

465 4141 593 4198 Ἐάν
664 4158 748 4201 τις
834 4135 1071 4215 ἁδελφὸς
1154 4136 1564 4209 ὀνομαζόμενος
1620 4134 1657 4210 ἦ
1712 4135 1937 4210 πόρνος,
2014 4134 2049 4203 ἦ

394 4228 752 4298 πλεονέκτης,
812 4226 848 4297 ἤ
907 4223 1342 4300 εἰδωλολάτρης,
1398 4221 1436 4294 ἤ
1494 4220 1770 4298 λοίδορος,
1829 4222 1865 4292 ἢ
1956 4223 2053 4296 μι-

397 4330 586 4391 θυσος,
643 4319 680 4390 ἢ
738 4318 934 4394 ἅρπαξ,
986 4320 1069 4389 τῷ
1122 4314 1360 4386 τοιούτῳ
1422 4310 1563 4386 μηδὲ
1620 4310 1934 4375 συνεσθίειν.
1966 4312 2049 4394 ,Τί

397 4409 508 4485 γάρ
563 4427 658 4482 μοι
722 4407 814 4463 καὶ
869 4406 998 4466 τοὺς
1057 4402 1159 4475 ἔξω
1214 4402 1413 4477 κρίνειν
1474 4419 1489 4469 ;
1570 4398 1699 4474 οὐχὶ
1759 4398 1887 4462 τοὺς
1946 4393 2052 4454 ἔσω

401 4502 560 4572 ὑμεῖς
613 4497 824 4573 κρίνετε
874 4514 889 4565 ;
974 4495 1111 4556 Τοὺς
1170 4491 1227 4549 δι
1286 4488 1386 4564 ἔξω
1445 4491 1473 4545 ὁ
1531 4489 1664 4553 Οεὸς
1721 4487 1911 4563 κρίνει,
1960 4488 2053 4544 καὶ

399 4589 637 4665 ἑξαρείτε
664 4587 757 4642 τὸν
788 4585 1024 4660 πονηρὸν
1054 4581 1104 4656 ἐξ
1139 4583 1291 4657 ὑμῶν
1323 4579 1526 4637 αὐτῶν.

2237 2175 2345 2230 Ubi
2377 2175 2667 2247 scripsit?
2694 2176 2940 2241 Quando
2962 2175 3146 2231 dixit:
3179 2197 3208 2226 «
3242 2178 3324 2231 Ac
3353 2192 3475 2231 non
3505 2176 3696 2249 magis
3728 2176 3820 2233 lu-

2162 2264 2331 2320 xistis
2360 2269 2427 2319 ut
2447 2264 2758 2321 tolleretur
2773 2263 2845 2320 de
2870 2264 3066 2320 medio
3098 2269 3360 2320 vestrum
3384 2265 3762 2337 hujusmodi;
3788 2286 3819 2316 ιο

2162 2368 2285 2407 non
2314 2351 2411 2408 hic
2442 2359 2546 2409 aut
2572 2354 2698 2421 ille,
2731 2354 2836 2408 sed
2867 2353 3233 2425 quicumque
3262 2352 3442 2409 fuerit
3498 2354 3816 2426 ejusmodi.

2165 2444 2579 2513 Rursumque:
2612 2465 2641 2493 ι(
2675 2445 3004 2515 Expurgate
3035 2448 3199 2498 vetus
3226 2442 3611 2508 fermentum,
3632 2465 3661 2495 »
3695 2460 3815 2499 non

2160 2531 2272 2586 hoc
2303 2536 2406 2587 aut
2436 2530 2604 2599 illud,
2634 2531 2738 2587 sed
2769 2536 2958 2587 totum
2985 2537 3151 2587 vetus
3179 2531 3537 2588 fermentum
3566 2534 3811 2605 Sumpta

2162 2620 2323 2675 enim
2355 2621 2668 2676 occasione
2696 2620 2769 2676 ab
2811 2637 2931 2676 uno
2987 2621 3088 2692 qui
3138 2627 3429 2678 scortatus
3475 2623 3687 2692 fuerat,
3733 2623 3808 2679 ad

2160 2725 2539 2765 communem
2569 2710 2939 2766 transcendit
2967 2726 3323 2776 sermonem,
3350 2712 3460 2766 hoc
3491 2717 3581 2767 est
3595 2713 3668 2767 ad
3681 2730 3809 2767 om-

2160 2815 2298 2855 nem
2332 2805 2737 2855 scortatorem.
2766 2800 2836 2853 Et
2856 2798 2995 2855 inde
3017 2800 3487 2855 communiorem
3510 2800 3702 2855 adhuc
3723 2818 3813 2855 os-

2159 2887 2411 2943 tendens
2441 2902 2802 2956 sermonem,
2824 2903 3032 2942 rursus
3062 2887 3220 2943 idem
3254 2888 3562 2960 subjungit
3589 2906 3808 2959 praeceo

2159 2982 2326 3048 ptum
2353 2977 2425 3031 de
2455 2976 2548 3031 his
2579 2992 2815 3046 quoque
2846 2976 2947 3046 qui
2971 2977 3034 3030 in
3057 2975 3355 3031 similibus
3368 2976 3808 3048 delinquerent,

2157 3070 2362 3136 utpote
2383 3064 2960 3130 avaris,idololatris,
2984 3069 3087 3119 aut
3112 3063 3274 3118 aliud
3296 3064 3599 3139 quippiam
3613 3065 3810 3121 simile

2158 3153 2659 3227 perpetrantibus.
2693 3173 2723 3203 «
2757 3152 3192 3208 Scortatoribus
3216 3152 3421 3208 mundi
3453 3153 3652 3226 hujus.
3675 3175 3703 3204 ››
3730 3157 3810 3210 Ne

2161 3244 2571 3301 existimarent
2598 3248 2874 3315 oportere
2897 3258 2960 3298 se
2986 3259 3107 3298 non
3128 3243 3501 3298 commisceri
3515 3248 3810 3299 scortato-

2159 3334 2326 3389 ribus
2353 3333 2591 3400 Graecis,
2624 3332 2784 3403 quod
2816 3330 3189 3404 impossibile
3221 3331 3473 3386 essetiis
3501 3332 3600 3402 qui
3659 3333 3811 3388 civi-

2158 3426 2340 3479 tatem
2368 3421 2810 3477 inhabitarent:
2842 3421 3083 3493 corrigit
3110 3420 3259 3475 illud
3314 3420 3477 3485 Quod
3495 3426 3694 3476 autem
3714 3422 3812 3479 hic

2160 3513 2262 3578 ait,
2302 3530 2325 3561 ε
2364 3511 2633 3578 omnino,
2670 3532 2699 3560 »
2731 3509 3027 3582 signiﬁcat
3055 3508 3213 3580 quod
3254 3509 3315 3563 in
3374 3509 3648 3566 confesso
3701 3517 3810 3567 est.

2160 3621 2190 3653 ι(
2222 3601 2458 3671 Alioqui
2481 3598 2778 3655 deberetis
2795 3614 2959 3655 sane.
2991 3620 3019 3649 ››
3038 3599 3246 3654 Studet
3265 3600 3579 3655 ostendere
3607 3600 3811 3657 datum

2160 3696 2522 3763 praeceptum
2547 3695 2672 3744 tum
2702 3687 2987 3761 possibile
3027 3704 3177 3755 esse,
3213 3692 3338 3742 tum
3388 3688 3569 3744 etiam
3613 3689 3809 3747 facile.

2160 3783 2241 3836 Ne
2287 3780 2589 3852 judicetis,
2651 3777 2867 3849 inquit,
2928 3783 3283 3832 scortatores
3343 3777 3521 3848 hujus
3579 3779 3810 3844 mundi,

2159 3884 2376 3939 nempe
2409 3867 2795 3922 idololatras:
2830 3865 3053 3936 alioqui
3085 3878 3329 3919 necesse
3359 3864 3524 3919 vobis
3555 3869 3711 3919 esset
3738 3864 3811 3919 ab

2159 3958 2281 4013 illis
2311 3972 2549 4028 quoque
2581 3956 2743 4010 exire
2769 3971 2783 4010 :
2818 3954 2923 4009 sed
2945 3951 3212 4025 judicate
3240 3968 3307 4007 ac
3338 3952 3656 4024 dijudicate
3673 3969 3810 4009 cre-

2159 4048 2398 4102 dentem
2421 4045 2521 4115 qui
2554 4048 2846 4099 scortator
2874 4047 2984 4097 est.

2233 4136 2296 4197 V,
2330 4136 2517 4188 11-13.
2548 4134 2610 4189 Si
2638 4134 2761 4202 quis
2816 4134 2997 4200 frater
3052 4129 3231 4185 dictus
3293 4131 3467 4199 fuerit
3516 4138 3806 4188 scortator.

2159 4230 2256 4279 aut
2275 4238 2474 4277 avarus
2505 4228 2602 4276 aut
2632 4220 2951 4288 idolotatra,
2985 4225 3084 4274 aut
3117 4219 3471 4287 conviciator,
3507 4228 3604 4275 aut
3633 4223 3812 4277 ebrio-

2158 4328 2268 4381 sus,
2292 4317 2388 4365 aut
2406 4326 2591 4381 rapam
2614 4326 2626 4363 :
2659 4325 2779 4364 cum
2800 4306 3072 4379 ejusmodi
3088 4323 3158 4362 ne
3179 4307 3358 4362 cibum
3377 4310 3598 4378 quidem
3610 4313 3812 4380 capia-

2162 4405 2250 4457 tis.
2285 4400 2431 4465 Quid
2459 4402 2606 4454 enim
2632 4399 2705 4453 ad
2733 4414 2817 4452 me
2846 4399 3047 4452 attinet
3074 4396 3250 4451 etiam
3280 4412 3367 4450 eos
3391 4399 3489 4466 qui
3514 4399 3656 4465 foris
3684 4407 3812 4453 sunt

2150 4488 2413 4562 judicare
2448 4491 2477 4543 ἵ
2503 4503 2684 4542 nonne
2712 4501 2798 4542 eos
2831 4485 2932 4556 qui
2987 4489 3139 4541 intus
3181 4490 3310 4541 sunt
3358 4501 3452 4540 vos
3498 4486 3813 4555 judicatis?

2160 4583 2268 4636 Eos
2290 4595 2411 4634 vero
2448 4579 2548 4650 qui
2574 4576 2717 4647 foris
2745 4582 2874 4632 sunt
2904 4578 3044 4632 Deus
3072 4576 3316 4647 judicat.
3368 4574 3549 4631 Etiam
3599 4578 3812 4646 auferte

2160 4686 2282 4725 eum
2310 4671 2408 4739 qui
2436 4668 2613 4723 malus
2642 4672 2719 4723 est
2749 4683 2819 4722 ea:
2847 4666 2996 4720 vobis
3025 4664 3180 4735 ipsis.

473 4769 683 4841 [ΦΩΤ.]
731 4767 831 4834 Τὸ,
871 4761 1339 4835 Ὀνομαζόμενος,
1394 4759 1538 4821 τινὶς
1600 4758 1716 4830 μὶν,
1775 4759 1844 4829 τῇ
1911 4774 2048 4830 προ-

2230 4759 2378 4814 ιοι
2443 4759 2659 4813 Vocem
2713 4777 2743 4807 «
2806 4755 3031 4822 Dictus,
3067 4776 3094 4804 υ
3155 4755 3396 4825 quidam
3452 4756 3811 4826 praecedenti

394 4858 682 4933 ηγουμένῃ
714 4853 854 4926 λὲξει
886 4853 1237 4917 συνάπτουσι,
1267 4849 1359 4905 καὶ
1390 4846 1688 4920 δηλοῦσθαι
1750 4845 2045 4923 βούλονται

397 4944 469 5002 δι’
499 4945 687 5017 αὐτοῦ,
727 4944 811 4999 ὅτι
843 4939 1079 5016 ἀδελφὸς
1111 4938 1204 5014 μὶν
1264 4939 1675 5013 ὀνομαζόμενος
1730 4936 1823 4992 καὶ
1878 4934 2047 5010 μίχρι

398 5034 654 5106 κλήσεως
693 5031 846 5107 ἔχιον
902 5032 1001 5099 τὴν
1036 5027 1348 5098 κοινωνίαν,
1399 5032 1478 5099 τῷ
1528 5022 1641 5082 ὄντι
1694 5023 1751 5080 δὲ
1804 5021 1893 5078 διὰ
1945 5027 2053 5078 τῶν

399 5126 577 5200 ἔργων
606 5123 801 5199 ἐχθρὸς
836 5121 1099 5194 ὑπάρχων
1148 5119 1240 5173 καὶ
1297 5115 1664 5189 διιστάμενος.
1716 5114 1877 5188 Ἐμοὶ
1910 5109 1966 5167 δὲ
1996 5112 2051 5167 εὖ

396 5213 546 5290 ἔχειν
578 5209 749 5281 δοκεῖ,
779 5209 871 5264 καὶ
906 5205 960 5263 εἷ’
984 5229 1068 5270 τις
1115 5205 1246 5262 αὐτὸ
1302 5211 1421 5270 τοῖς
1470 5202 1760 5276 ὖπομίνοις
1815 5202 2054 5274 συνάψας

396 5297 646 5371 ἐκλοϐοι,
679 5299 778 5355 οὐκ
806 5293 883 5354 ἔτι
926 5302 1044 5364 τοῦ,
1100 5295 1527 5368 ὀνομαζόμενος.
1572 5293 1671 5362 τὴν
1724 5291 1896 5360 αὐτὴν
1948 5310 2051 5360 ση-

400 5391 689 5467 μαίνοντος
717 5381 940 5454 ἔννοιαν,
973 5384 1120 5442 ἀλλὰ
1156 5384 1493 5452 τούναντίον,
1548 5381 1641 5439 τὸν
1695 5379 1782 5437 ἰπὶ
1837 5375 2050 5467 προδή-

397 5486 519 5543 λοις
546 5485 663 5541 τοῖς
691 5472 874 5553 ἔργοις
905 5471 1039 5546 ἤδη,
1070 5473 1160 5528 καὶ
1193 5474 1344 5545 παρά
1395 5475 1527 5529 πᾶσι
1569 5471 1708 5525 κατᾶ
1757 5468 1825 5524 τὰ
1875 5466 2048 5524 οἰκεῖα

395 5566 528 5647 ἔργα
586 5565 1011 5640 ὀνομαζόμενον.
1067 5563 1170 5619 Καὶ
1233 5564 1336 5637 γάρ
1392 5563 1445 5647 ἡ,
1476 5566 1589 5647 ,τῆς
1637 5555 1843 5647 ,λέξεως
1909 5554 2043 5647 αὕτη

394 5642 665 5732 σημασια,
724 5654 905 5730 ὥσπερ
962 5651 1054 5709 καὶ
1112 5647 1275 5707 ἄλλαι
1317 5730 1322 5732 Α
1358 5645 1569 5705 πολλαὶ
1637 5644 1827 5716 λέξεις,
1908 5642 2040 5719 διχῆ

397 5730 668 5824 σχίζεται.
711 5741 918 5801 Ἐνίοτε
988 5740 1107 5816 μὲν,
1165 5738 1241 5801 ὠς
1297 5730 1529 5815 ἔφημεν,
1579 5735 1671 5789 τὸν
1728 5734 1875 5807 μόνῳ
1927 5753 2042 5788 κοι-

2160 4847 2531 4919 conjungunt
2559 4845 2830 4910 dictioni,
2862 4849 2921 4898 et
2948 4860 3055 4914 per
3084 4860 3214 4898 eam
3246 4844 3564 4916 signiﬁcari
3606 4845 3812 4902 volunt

2163 4937 2321 5007 quod
2340 4938 2523 4991 frater
2542 4934 2782 5005 quidem
2804 4932 2997 4987 dictus
3015 4932 3111 4999 sit,
3126 4932 3381 4988 etsolius
3393 4934 3811 5005 appellationis

2162 5025 2389 5081 habens
2411 5024 2797 5085 consortium,
2823 5037 3027 5076 revera
3047 5026 3247 5076 autem
3272 5022 3549 5078 inimicus
3561 5040 3629 5079 ac
3644 5023 3811 5079 dissi-

2162 5115 2346 5169 dens:
2382 5114 2527 5168 mihi
2568 5128 2704 5166 vero
2736 5127 2858 5165 non
2890 5109 3047 5165 male
3105 5110 3395 5180 quadrare
3449 5111 3697 5177 videtur,
3759 5115 3807 5168 si

2161 5203 2293 5272 quis
2324 5202 2502 5257 etiam
2532 5199 2682 5255 illud
2712 5198 3104 5270 sequentibus
3122 5199 3400 5269 junctum
3422 5201 3811 5272 acceperit,ut

2159 5291 2337 5345 dictio
2361 5286 2790 5360 ὀνομαζόμενος,
2825 5287 3020 5342 dictus
3041 5287 3159 5342 sive
3182 5289 3673 5361 nominatus,jam
3686 5307 3807 5346 non

2158 5379 2349 5450 ipsam
2380 5379 2651 5451 designet
2675 5376 3174 5445 benevolentiam,
3208 5378 3312 5434 sed
3342 5379 3538 5451 potius
3570 5385 3809 5434 contra-

2156 5469 2312 5525 rium
2344 5484 2558 5539 nempe
2590 5483 2725 5523 eum
2758 5466 2858 5536 qui
2890 5471 3132 5537 propter
3160 5467 3655 5524 manifestissima
3682 5472 3805 5539 jam

2156 5575 2357 5630 Opera,
2389 5557 2567 5613 etiam
2625 5554 2781 5627 apud
2835 5571 3044 5610 omnes
3075 5571 3107 5611 a
3153 5556 3411 5627 propriis
3458 5557 3806 5612 nominatur

2155 5646 2457 5718 operibus.
2491 5643 2793 5716 Siquidem
2825 5643 3005 5699 dictio
3037 5643 3164 5698 haec
3190 5644 3619 5715 signiﬁcatione
3649 5643 3805 5698 bifa-

2154 5736 2304 5792 riam
2353 5735 2701 5802 dissecatur,
2743 5730 3247 5806 quemadmodum
3297 5737 3357 5785 et
3413 5731 3545 5786 aliae
3593 5731 3797 5788 multae
