4198 6200
483 283 608 376 703

1591 308 2016 370 (ECUMENII
2062 306 2362 368 TlllCC/E
2407 309 2776 372 EPISCOPI.

3769 310 3878 368 τοι

489 449 782 502 dictiones
813 462 825 498 :
860 443 1214 514 quandoque
1245 441 1518 496 videlicet
1547 447 1612 496 ut
1640 458 1774 496 cum
1816 439 2129 512 signiticet,

2254 443 2514 494 νιυνοῢντα
2563 446 2642 512 τῷ
2703 441 2932 514 ὀνόματι
2994 439 3409 516 παραδηλοῦσα,
3453 439 3626 495 ἐνίοτε
3675 436 3750 506 δὲ,
3802 440 3882 494 τὸν

489 541 664 609 prout
685 535 962 596 diximus,
997 531 1096 601 qui
1121 531 1246 585 solo
1269 533 1512 586 nomine
1539 528 2126 586 consortiumhabct:

486 624 782 680 interdum
827 639 963 678 vero
997 639 1128 676 eum
1163 622 1262 692 qui
1295 621 1368 676 ad
1403 627 1732 676 extremum
1791 635 2136 692 progressus

485 718 580 768 ost
597 713 814 783 Operis,
849 716 914 766 ut
943 711 1080 765 inde
1109 727 1484 766 communem
1519 727 1754 782 quoque
1782 709 2136 782 appellatio-

483 819 620 858 nem
647 801 720 856 ad
749 801 1008 872 seipsum
1029 801 1397 866 derivaverit,
1423 806 1488 854 ut
1508 801 1579 856 ab
1611 801 1722 856 hac
1743 801 1930 872 magis
1957 817 2134 871 quam

485 909 518 946 a
549 891 784 962 proprio
817 889 1061 944 nomine
1107 895 1164 943 et
1220 895 1610 960 cognoscatur
1666 895 1725 944 et
1779 889 2130 960 appelletur.

489 979 838 1050 llujusmodi
865 981 1064 1050 itaque
1097 985 1478 1034 scortatorem
1505 985 1563 1033 et
1581 995 1818 1034 avarum
1853 983 1912 1032 et
1941 977 2135 1033 convi-

489 1071 772 1125 ciatorem
801 1075 859 1124 et
889 1069 1211 1134 ebriosum,
1245 1070 1356 1124 hoc
1387 1074 1494 1134 est,
1529 1069 1628 1140 qui
1661 1069 1808 1124 adeo
1865 1067 2138 1138 publicus

487 1177 556 1215 ac
586 1157 938 1214 manifestus
965 1165 1076 1224 est,
1125 1163 1191 1212 ut
1241 1157 1380 1212 hinc
1429 1159 1605 1212 etiam
1665 1157 1736 1212 ab
1795 1157 2138 1211 hominibus

489 1253 882 1320 cognoscatur
912 1264 979 1302 ac
1009 1247 1371 1314 nominetur,
1404 1247 1562 1302 hunc
1595 1247 1812 1302 evitare
1863 1245 2030 1318 jubet
2083 1249 2142 1298 et

487 1353 622 1393 cum
659 1353 726 1392 eo
760 1353 868 1390 nec
901 1337 1096 1390 cibum
1121 1352 1351 1407 capere,
1383 1351 1492 1390 nec
1511 1335 1768 1406 colloqui
1798 1341 2142 1390 autconver-

485 1429 602 1484 sari
632 1445 644 1481 :
679 1445 798 1482 non
823 1431 1020 1480 autem
1055 1441 1190 1480 eum
1241 1425 1342 1495 qui
1383 1425 1778 1495 quorumdam
1829 1425 2143 1495 exponitur

488 1533 732 1572 susurro
761 1521 862 1572 aut
892 1515 1244 1570 detractioni
1270 1532 1282 1568 :
1315 1514 1448 1569 ideo
1489 1515 1789 1586 sapienter
1819 1513 2138 1568 admodum

490 1626 558 1664 ac
589 1625 710 1662 non
739 1607 865 1662 sine
899 1620 1112 1672 magna
1141 1605 1404 1660 efﬁcacia
1441 1605 1597 1660 inter
1653 1604 1801 1658 alios
1852 1603 2141 1659 absurdos

497 1703 841 1770 cperatores
894 1693 1171 1766 adjunxit
1228 1710 1462 1764 quoque
1519 1693 2022 1748 conviciatorem:
2077 1697 2144 1746 ut

496 1787 692 1842 sciens
725 1783 993 1840 eamdem
1019 1799 1252 1854 pamam
1285 1800 1346 1836 se
1397 1783 1734 1837 habiturum
1771 1798 1948 1852 quam
1980 1798 2142 1836 scor-

495 1877 648 1930 iator
669 1879 771 1928 aut
807 1872 1145 1936 idololotra,
1179 1879 1464 1942 quantum
1499 1871 1572 1925 ad
1605 1873 1712 1926 hoc
1744 1871 1956 1924 attinet
1983 1875 2049 1922 ut
2069 1871 2140 1924 ab

492 1963 772 2018 omnibus
803 1961 1117 2027 devitetur,
1151 1961 1412 2030 linguam
1463 1961 1656 2016 frenet
1703 1977 1770 2016 ac
1819 1959 2140 2027 contineat,

489 2069 598 2108 nec
629 2067 760 2106 eam
795 2049 980 2105 solvat
1011 2050 1084 2103 ad
1135 2049 1464 2104 rodendum
1517 2049 1920 2120 proximorum
1969 2048 2140 2102 vitas.

493 2141 871 2200 ldololatram
915 2157 1051 2194 vero
1110 2145 1426 2211 propterea
1481 2139 1628 2194 mihi
1681 2154 2144 2194 connumerasse

489 2231 724 2286 videtur
750 2231 810 2284 in
843 2230 954 2284 hoc
985 2229 1138 2292 loco,
1171 2229 1492 2284 utdoceret
1519 2233 1831 2300 certosque
1845 2229 2143 2291 redderet,

497 2319 654 2392 quod
675 2319 814 2374 licet
841 2333 1118 2389 magnum
1145 2322 1303 2372 esset
1328 2317 1522 2372 scelus
1537 2333 1840 2388 unumque
1855 2333 1924 2370 ex
1939 2317 2144 2371 absur-

495 2407 758 2464 dissimis
791 2407 862 2461 de
893 2423 1010 2476 quo
1041 2406 1316 2460 nonnulli
1349 2407 1978 2474 accusantliominem,
2015 2405 2062 2458 si
2084 2405 2146 2458 in

495 2497 690 2554 lucem
723 2513 844 2550 non
879 2495 1118 2566 prodiit,
1149 2511 1262 2549 noc
1293 2496 1374 2550 ita
1405 2499 1675 2566 oportere
1726 2511 1795 2548 ex
1843 2493 1970 2548 sola
2017 2510 2142 2547 sus-

493 2588 732 2660 picione
763 2585 1029 2640 devitari.
1065 2583 1366 2653 Siquidem
1395 2583 1506 2638 hoc
1539 2582 1714 2638 modo
1739 2582 1965 2638 mutuis
1991 2581 2148 2636 inter

493 2694 554 2734 se
582 2673 1021 2747 suspicionibus
1077 2689 1145 2728 ac
1201 2673 1522 2728 calumniis
1583 2672 1796 2726 irritati
1851 2671 2144 2738 homines,

494 2764 1001 2821 conversationem
1043 2779 1210 2818 suam
1235 2767 1706 2816 transmutarent
1732 2761 1804 2816 ad
1827 2761 2002 2815 vitam
2017 2761 2149 2814 hos-

493 2856 665 2920 tium,
699 2853 816 2908 imo
849 2854 1044 2923 potius
1073 2852 1354 2906 ferarum.
1388 2851 1500 2906 Sed
1531 2851 1703 2905 illum
1733 2855 1967 2922 oportet
1997 2865 2032 2904 a
2064 2865 2144 2904 se-

495 2946 640 3016 ipsis
672 2943 906 3016 abigere
941 2959 1008 2997 ac
1037 2958 1312 3012 separare
1345 2942 1444 3012 qui
1497 2940 1850 2996 manifestus
1904 2941 2147 2995 elTectus

495 3041 586 3090 est
617 3039 736 3088 tam
768 3032 1046 3104 operibus
1079 3049 1256 3103 quam
1288 3031 1689 3103 appellatione
1714 3047 1828 3101 qua
1846 3029 2000 3100 apud
2028 3045 2146 3082 om-

495 3141 602 3178 nes
617 3123 978 3177 nominatur.
997 3141 1022 3170 α
1043 3121 1506 3176 Autidololatra.
1523 3141 1548 3172 ι
1567 3119 1942 3190 thuomodo
1955 3123 2146 3190 potest

2241 527 2316 590 εἷς
2351 529 2512 604 ἃκρον
2541 529 2768 585 ἐλθόντα
2800 537 2900 600 τῆς
2951 531 3218 605 πράξεως,
3277 530 3414 585 ὥστε
3475 529 3566 584 καὶ
3627 531 3726 598 τὴν
3781 551 3888 584 κοι-

2243 618 2340 686 νήν
2371 620 2742 694 προσηγορίαν
2775 621 2854 684 είς
2902 621 3088 675 ἑαυτὸν
3147 619 3543 686 ἐπισπάσαντα,
3599 618 3658 674 ἐκ
3703 620 3892 688 ταῦτης

2246 706 2459 778 μᾶλλον
2614 707 2672 762 ἐκ
2727 713 2825 764 τοῦ
2885 710 3114 784 Κυρίου,
3175 707 3623 784 ἐπιγινώσκεσθαί
3703 727 3760 762 τε
3811 708 3890 762 καί

2246 795 2627 868 ὀνομάζεσθαι.
2673 799 2778 855 Τὸν
2839 797 2931 852 οὖν
2987 801 3237 854 τοιοῦτον
3299 798 3503 872 πόρνον
3566 797 3658 851 καὶ
3713 795 3894 850 πλεον-

2245 884 2402 955 ἐκὸην
2435 887 2526 940 καὶ
2559 884 2828 962 λοίδορον
2857 887 2948 942 καὶ
3010 886 3262 959 μέθυσον,
3312 887 3586 953 τουτέστι,
3630 885 3722 940 τὸν
3769 887 3894 959 πρό-

2246 971 2414 1044 δηλον
2445 977 2534 1030 καὶ
2567 977 2792 1054 φανερὸν
2835 975 3032 1047 οὕτως,
3093 977 3231 1031 ὥστε
3290 976 3436 1030 πασὰ
3497 981 3632 1030 πᾶσι
3689 975 3777 1028 καὶ
3826 997 3896 1050 γι-

2245 1065 2544 1128 νώσκεσθαι
2623 1066 2712 1120 καὶ
2794 1065 3178 1139 ὀνομάζεσθαι,
3261 1069 3457 1120 τοῦτον
3561 1062 3891 1136 ἐκτρέπεσθαι

2245 1151 2697 1227 παρακελεύεται,
2771 1154 2864 1209 καὶ
2944 1152 3084 1228 μηδὲ
3159 1154 3459 1218 συνεσθίειν
3537 1152 3710 1224 αὐτῷ,
3767 1155 3893 1225 μήτε

2245 1241 2711 1318 κοινολογεῖσθαι,
2767 1246 2910 1317 μήτε
2967 1243 3466 1320 συνανστρὲφεσθαι,
3527 1241 3662 1320 οὐχὶ
3705 1239 3762 1296 δὲ
3809 1243 3890 1296 τὸν

2251 1333 2339 1386 ὑπ’
2415 1331 2568 1387 ἐνίων
2646 1333 3172 1409 ὑποψιϐυριζόμενον
3223 1331 3258 1402 ἢ
3319 1329 3767 1406 λοιδορτύμενον.
3807 1331 3890 1384 Διὸ

2247 1423 2427 1495 σοφῶς
2489 1418 2623 1494 ἃγαν
2679 1421 2770 1473 καὶ
2829 1416 3176 1495 δραστηρίως
3228 1424 3346 1480 τοῖς
3421 1416 3626 1481 ἄλλοις
3684 1418 3892 1478 ἀτόποις

2248 1507 2498 1582 ἐργάταις
2531 1511 2736 1582 συνῆψε
2770 1508 2860 1562 καὶ
2897 1509 2988 1563 τὸν
3024 1505 3296 1582 λοίδορον,
3329 1509 3415 1561 ἰνα
3445 1513 3512 1562 τὸ
3571 1505 3704 1561 αὐτὸ
3747 1505 3892 1565 εῗόὼς

2249 1591 2396 1674 ἔχειν
2443 1597 2744 1670 ἐπιτίμιον,
2803 1598 2936 1672 ὅπερ
2969 1599 2997 1653 ὁ
3027 1601 3226 1668 πόρνος
3283 1598 3371 1652 καὶ
3407 1599 3436 1652 ὁ
3471 1594 3896 1666 εἰδωλολάτρης,

2251 1684 2374 1740 ὅσον
2410 1686 2484 1748 είς
2513 1687 2575 1742 τὸ
2608 1686 2711 1741 ὑπὸ
2736 1687 2952 1742 πάντων
2976 1687 3352 1761 ἀποτρόπαιος
3376 1685 3537 1754 εῖέαι,
3569 1681 3788 1760 χαλινοῖ
3804 1686 3892 1751 τήν

2247 1773 2501 1850 γλῶσσαν
2533 1774 2624 1828 καὶ
2655 1774 2882 1850 κατέχῃ,
2915 1775 3005 1830 καὶ
3040 1777 3116 1849 μή
3151 1774 3440 1853 ἐπαφίησιν
3499 1773 3696 1842 αὐτήν,
3745 1791 3896 1826 κατα-

2251 1859 2534 1918 ϐόσκεσθαι
2561 1864 2688 1926 τοὺς
2719 1869 2827 1918 τῶν
2859 1863 3096 1934 πλησίον
3133 1865 3304 1940 βίους.
3345 1865 3450 1922 Καὶ
3483 1863 3566 1932 τὸ,
3601 1859 3896 1916 εἰδωλολά-

2248 1973 2384 2026 τρης
2418 1950 2494 2024 δὲ,
2527 1949 2616 2006 διὰ
2643 1953 2804 2008 τοῦτὸ
2841 1975 2936 2026 μοι
2993 1951 3144 2008 δοκεῖ
3201 1953 3428 2016 ἐνταῦθα
3479 1957 3891 2025 συναριθμῆσαι,

2253 2049 2519 2106 διδάσκων
2543 2051 2635 2104 κοῒ
2666 2047 3122 2127 ἀσφαλιζόμενος,
3156 2045 3229 2108 ὠς
3261 2045 3307 2101 εἷ
3347 2047 3440 2101 καὶ
3499 2045 3636 2122 μέγα
3685 2043 3768 2114 εἴη
3811 2043 3892 2098 καὶ

2249 2145 2362 2196 τῶν
2423 2141 2812 2208 ἀτοπωτάτων,
2841 2138 2894 2193 ἒν
2926 2139 2971 2210 ᾧ
3025 2157 3168 2198 τινες
3225 2136 3478 2191 αἰτιῶται
3539 2137 3634 2190 τὸν
3701 2133 3894 2208 ’ἀνθρω-

2253 2254 2375 2305 πον,
2413 2253 2487 2306 μη
2579 2229 2636 2288 δὲ
2667 2236 2782 2308 φῶς
2821 2229 3066 2307 ἠγμένον
3117 2230 3181 2284 τὸ
3239 2227 3536 2302 τόλμημα,
3595 2224 3708 2282 οὐδ’
3765 2225 3896 2280 οὕτω

2256 2325 2366 2397 χρή
2419 2323 2512 2377 τὸν
2571 2325 2822 2377 τοιοῦτον
2879 2319 2932 2390 ἐξ
2993 2319 3230 2394 ὑποψίας
3293 2318 3468 2391 μόνης
3537 2315 3894 2392 ἐκτρέπεσθαι.

2255 2411 2405 2466 Ἐπεὶ
2439 2409 2582 2464 οὕτω
2611 2430 2672 2486 γε
2724 2411 2784 2464 ἄν
2843 2408 2960 2468 ταίς
3019 2407 3097 2463 εἷς
3155 2405 3444 2477 ἀλλήλους
3507 2403 3764 2479 ὑποψίαις
3818 2401 3898 2458 καί

2255 2495 2544 2560 διαϐολαῖς
2625 2497 3049 2573 ἐξερεοιζόμενοι
3139 2495 3414 2572 ἄνθρωποι
3475 2496 3553 2558 εἷς
3607 2493 3898 2566 πολεμίων,

2259 2585 2572 2662 μᾶλλονδὲ
2629 2587 2704 2650 είς
2761 2587 2966 2662 θηρίων
3029 2587 3167 2661 βίον,
3227 2587 3326 2654 τὴν
3379 2585 3668 2640 πολιτείαν
3725 2581 3897 2640 αὐτοῖς

2258 2678 2702 2749 μεταστήσονται.
2760 2674 2915 2732 Ἀλλ’
3011 2673 3215 2729 ἐκεῖνον
3273 2671 3356 2728 δεῖ
3429 2675 3621 2729 ἑαυτὸν
3683 2673 3894 2742 ἐξαίρειν

2254 2765 2342 2820 καὶ
2366 2763 2760 2840 ἀποχωρίζειν,
2793 2765 2850 2826 ὅς
2881 2762 3148 2835 ἐπίδηλος
3175 2765 3264 2818 καὶ
3305 2770 3423 2826 τοῖς
3465 2759 3646 2838 ἔργοις
3701 2761 3788 2815 καὶ
3833 2759 3897 2828 τῇ

2256 2855 2400 2927 παρᾶ
2449 2856 2660 2908 πάντων
2724 2852 3018 2926 ὀννομασίᾳ
3071 2853 3422 2922 καθέστηκεν,
3485 2877 3512 2904 ιι
3546 2854 3616 2908 Ἥ
3675 2846 3891 2904 εἰδωλο-

2258 2940 2486 3018 λάτρης.
2521 2965 2550 2995 ιι
2587 2942 2689 2998 Καὶ
2721 2945 2839 3005 πῶς
2893 2937 2970 2996 ἔνι
3023 2938 3260 3018 ἀδελφὸν
3321 2936 3475 3009 ὄντα,
3523 2935 3767 2994 τουτέστι
3810 2955 3894 2988 πιο

2261 3031 2409 3100 στόν,
2443 3031 2576 3087 εἶναι
2621 3027 3075 3104 εἷδωλολάτρην;
3109 3033 3285 3087 Τοῦτο
3319 3026 3491 3099 δηλοῖ
3521 3026 3748 3106 ἀδελφὸν
3781 3025 3894 3078 ὀνο·-

2261 3120 2590 3192 μαζόμενον,
2633 3119 2716 3173 ὅτι
2751 3119 2892 3181 τινες
2933 3118 3022 3173 καὶ
3081 3116 3394 3172 ἐπίστευσαν
3441 3117 3538 3172 καὶ
3591 3120 3696 3172 τῶν
3749 3111 3894 3168 εἰδώ-

495 3213 594 3281 qui
623 3212 804 3265 frater
825 3215 934 3274 est,
959 3210 1072 3263 hoc
1093 3215 1182 3262 est
1199 3210 1413 3274 ﬁdelis,
1434 3226 1561 3263 esse
1595 3189 1772 3263 simul
1787 3189 2144 3262 iilololatra?

2259 3207 2370 3264 λων
2403 3207 2640 3282 εἷ’χοντο.
2678 3208 2772 3262 Διὸ
2803 3208 2893 3261 καί
2934 3228 3120 3286 φησιν,
3184 3231 3211 3258 ι‹
3245 3203 3517 3284 Ἀδελςρὸς
3569 3202 3896 3276 ὀνομαζόμε-

495 3299 614 3351 Hoc
646 3313 780 3350 eum
805 3297 1098 3368 signiﬁcat
1123 3297 1222 3366 qui
1241 3297 1424 3352 frater
1439 3297 1632 3352 solum
1651 3297 2145 3361 dicitur.Quidam

499 3383 658 3436 enim
692 3383 1066 3437 crediderant
1097 3391 1156 3436 et
1175 3385 1512 3438 simulacris
1542 3385 1960 3439 adhazrebant:
1993 3385 2146 3440 462

499 3467 634 3523 ideo
665 3485 898 3538 quoque
931 3469 1076 3522 dicit
1103 3485 1115 3522 :
1149 3471 1397 3524 «Frater
1419 3471 1608 3525 dictus
1629 3490 1642 3536 ;
1663 3493 1688 3520 n
1705 3471 1838 3526 talis
1853 3473 2148 3542 siquidem

501 3573 704 3612 revera
737 3573 854 3610 non
887 3561 976 3612 est
1001 3557 1202 3611 frater.
1235 3581 1262 3606 α
1295 3559 1444 3622 Quid
1477 3559 1634 3612 enim
1685 3559 1758 3614 ad
1811 3576 1903 3613 me
1939 3561 2151 3614 attinet

501 3645 680 3700 etiam
712 3661 812 3699 eos
843 3645 945 3715 qui
975 3644 1122 3699 foris
1145 3650 1286 3699 sunt
1299 3645 1568 3714 judicare
1594 3645 1621 3700 ?
1653 3669 1680 3694 »ι
1703 3647 2150 3717 Consequenter

501 3749 740 3788 causam
781 3733 976 3788 reddit
1005 3750 1111 3788 cur
1139 3749 1260 3788 non
1303 3733 1612 3804 prohibeat
1647 3736 1980 3789 conversari
2013 3753 2148 3790 cum

503 3823 718 3878 Graecis
752 3823 1178 3878 scortatoribus
1209 3828 1312 3876 aut
1339 3821 1526 3876 avaris
1561 3837 1628 3876 ac
1684 3823 1912 3877 caeteris
1941 3840 1952 3877 :
2003 3825 2151 3889 Quia

494 3911 813 3983 judicium,
846 3912 1062 3982 inquit,
1095 3911 1165 3966 de
1197 3910 1318 3965 illis
1349 3911 1466 3964 Deo
1497 3911 1960 3981 permittendum
2021 3919 2147 3966 est:

502 4019 612 4055 nos
641 4008 836 4056 autem
867 4004 1079 4058 fratres
1102 4003 1474 4074 corrigimus,
1526 4001 1666 4056 dum
1719 4000 1896 4056 vitam
1943 4017 2150 4055 eorum

505 4089 948 4145 incorrectione
965 4091 1306 4160 judicamus
1333 4097 1386 4145 et
1411 4089 1883 4146 condemnemus
1909 4107 1920 4142 :
1947 4089 2016 4144 ab
2035 4089 2152 4143 illis

505 4180 662 4234 enim
705 4179 1107 4234 discessimus.
1142 4202 1170 4229 «
1205 4180 1315 4234 Eos
1347 4197 1481 4234 vero
1513 4180 1616 4250 qui
1649 4179 1792 4234 foris
1825 4185 1962 4234 sunt
2001 4180 2152 4232 Deus

493 4269 746 4342 judicat.
772 4290 799 4318 η
827 4269 1048 4323 Deinde
1073 4285 1147 4322 ne
1171 4269 1590 4340 delinquentes
1604 4269 1834 4322 Graecos
1852 4268 2153 4323 existimes

501 4359 798 4414 immunes
829 4357 1060 4412 futuros
1091 4374 1126 4412 a
1159 4357 1473 4428 supplicio,
1497 4357 1823 4411 terribilius
1847 4358 2152 4427 magisque

503 4451 890 4506 metuendum
921 4450 1032 4513 illi,
1066 4449 1388 4521 assignavit
1435 4449 1714 4514 tribunal,
1761 4467 1974 4520 nempe
2025 4451 2150 4517 Dei,

2258 3319 2366 3358 νος.
2412 3321 2434 3350 ι
2473 3295 2576 3352 Καὶ
2633 3295 2736 3370 γὰρ
2793 3295 2928 3350 κατὰ
2979 3296 3079 3361 τήν
3133 3283 3725 3364 ἀλήθειανότοιοῦτος
3779 3283 3894 3342 οὐδὲ

2257 3385 2448 3446 πιστός
2479 3383 2641 3440 ἐστιν.
2676 3409 2703 3436 ιι
2737 3383 2799 3438 Τί
2832 3383 2934 3460 γάρ
2975 3405 3070 3457 μοι
3116 3383 3210 3437 καὶ
3265 3384 3392 3444 τοὺς
3447 3381 3552 3452 ἔξω
3608 3379 3794 3455 κρίνειν
3825 3395 3835 3444 ;
3869 3397 3892 3424 ιι

2261 3475 2464 3529 Λοιπὸν
2520 3475 2619 3543 τὴν
2673 3473 2852 3528 αἰτίαν
2911 3471 3056 3548 λέγει
3135 3476 3233 3527 τοῦ
3322 3475 3398 3546 μὴ
3486 3471 3720 3528 κωλύειν
3787 3469 3894 3524 τοῖς

2259 3562 2543 3634 Ἑλλήνων
2611 3565 2834 3638 πόρνοις
2881 3563 2916 3632 ἢ
2975 3562 3330 3624 πλεονέκταις
3395 3563 3428 3632 ἢ
3503 3563 3720 3618 λοιποῖς⁵
3781 3576 3892 3610 συν-

2261 3653 2668 3728 αναμίγνυσθαι.
2726 3655 2870 3722 Ὅτι,
2931 3651 3087 3732 φησὶ,
3143 3654 3240 3722 τὴν
3291 3653 3416 3726 περὶ
3473 3652 3649 3708 αὐτῶν
3705 3647 3888 3722 κρίσιν,

2259 3748 2376 3814 Θεῷ
2399 3743 2602 3799 ἐατέον.
2657 3743 2848 3814 Ἡμεῖς
2901 3739 2958 3796 δὲ
3015 3742 3142 3801 τοὺς
3194 3739 3461 3819 ἀδελφοὺς
3523 3738 3889 3812 διορθούμεθα,

2259 3829 2310 3883 ἐν
2341 3835 2422 3900 τῷ
2473 3831 2676 3900 κρίνειν
2735 3833 2822 3884 καὶ
2884 3831 3186 3906 ἀνακρίνειν
3253 3829 3430 3885 αὐτῶν
3483 3831 3576 3886 τὸν
3639 3827 3750 3903 βίον
3813 3819 3889 3876 ἐπὶ

2262 3916 2569 3992 διορθώσει.
2603 3919 2691 3988 Ἐξ
2723 3918 2940 3972 ἐκείνων
3002 3921 3108 3994 γὰρ
3161 3918 3566 3993 ἑχωρίσθημεν.
3619 3939 3640 3968 α
3673 3913 3806 3973 Τοὺς
3843 3909 3891 3962 δῖε

2259 4005 2416 4076 ἕξωὸ
2449 4006 2576 4066 Θεὸς
2607 4005 2799 4080 κρίνει,
2834 4031 2861 4058 ››
2921 4009 3059 4063 Εἶτα
3114 4005 3208 4060 ’ἱνα
3271 4008 3348 4080 μή
3407 4007 3640 4080 νομίσῃς
3697 4007 3890 4072 ἀτιμω-

2263 4097 2462 4170 ρήτους
2493 4089 2701 4156 ἔσεσθαι
2759 4095 2887 4158 τοὺς
2943 4095 3226 4165 ’Έλληνας
3285 4095 3605 4160 πταίοντας,
3664 4083 3892 4168 φοϐερώ-

2261 4203 2414 4257 τερον
2473 4183 2658 4244 αὐτοῖς
2716 4183 2976 4254 ἐπέστησε
3030 4182 3404 4258 δικαστήριον,
3481 4186 3546 4240 τὸ
3600 4185 3694 4238 τοῦ
3749 4173 3889 4233 Θεοῦ.

2261 4297 2292 4326 ‹‹
2325 4273 2428 4330 Καὶ
2459 4273 2690 4348 ἐξαρεῖτε
2743 4275 2834 4330 τὸν
2889 4275 3150 4349 πονηρόν.
3185 4297 3216 4328 ι)
3276 4277 3487 4350 ’Ἡγαγε
3549 4275 3643 4342 τήν
3707 4287 3892 4342 μαρτυ-

2263 4362 2401 4438 ρίαν,
2435 4359 2644 4426 δεικνὺς
2677 4361 2875 4418 ἄνωθεν
2929 4367 3094 4418 τοῦτο
3147 4367 3622 4436 νενομοθετῆσθαι,
3678 4358 3764 4414 καὶ
3805 4353 3892 4408 οὐκ

2265 4453 2404 4506 εἶναι
2455 4451 2890 4526 καινοτομίαν,ἤ
2923 4457 3010 4506 νῦν
3060 4453 3368 4529 γεγένηται,
3421 4457 3484 4506 τὸ
3545 4451 3766 4525 ἐξαίρειν
3809 4443 3888 4498 τὸν

503 4559 532 4588 ει
569 4541 758 4594 Etiam
791 4539 1018 4594 auferte
1049 4554 1184 4592 eum
1207 4539 1308 4608 qui
1331 4537 1521 4592 malus
1543 4543 1650 4592 est.
1677 4559 1703 4586 »
1729 4539 2144 4594 Testimonium

2267 4541 2502 4614 πονηρὸν
2537 4539 2596 4595 ἐκ
2629 4543 2815 4614 μέσου.
2847 4542 2922 4596 Τὸ
2955 4539 3031 4612 δὲ,
3083 4565 3111 4592 ‹‹
3154 4543 3239 4610 Ἐξ
3299 4541 3452 4612 ὑμῶν
3499 4541 3695 4606 αὐτῶν,
3729 4561 3750 4586 υ
3803 4529 3892 4586 δεί-

501 4627 748 4683 adduxit
763 4627 1086 4683 ostendens
1101 4627 1260 4698 quod
1281 4643 1538 4696 superne
1567 4626 1716 4681 illud
1733 4628 2024 4682 sancitum
2042 4634 2151 4697 est,

503 4733 614 4772 nec
635 4723 724 4772 est
741 4735 958 4772 novum
983 4721 1342 4788 praeceptum
1366 4721 1468 4770 aut
1487 4731 1644 4769 nunc
1665 4731 1874 4768 recens
1892 4717 2154 4785 promul-

497 4811 722 4875 gatum,
756 4813 856 4860 aut
887 4807 1220 4862 auferretur
1251 4807 1298 4859 is
1330 4805 1430 4875 qui
1461 4805 1653 4860 malus
1685 4810 1776 4858 est
1826 4805 1898 4859 de
1927 4806 2148 4862 medio.

2263 4631 2532 4686 κνυσικαὶ
2565 4631 2759 4694 αὐτοὺς
2799 4629 2856 4685 ἐκ
2909 4631 3107 4685 τούτου
3165 4627 3580 4702 ὠφελουμένους
3638 4626 3682 4682 εἰ
3737 4639 3890 4698 χωρι-

2263 4725 2460 4782 σθῶσιν
2491 4721 2542 4775 οἱ
2600 4720 2851 4795 πονηροί.
2911 4719 2976 4776 Εἰ
3039 4717 3288 4792 μέλλειὸ
3329 4719 3458 4781 Θεὸς
3509 4717 3734 4774 τούτους
3783 4705 3888 4782 κρέ’

2259 4829 2394 4878 νειν,
2427 4809 2742 4883 χωρίσθητε
2767 4810 2857 4864 ἀπ’
2889 4809 3090 4864 αὐτῶν.

499 4895 664 4962 Quod
706 4901 903 4950 autem
935 4895 1118 4958 addit,
1155 4917 1182 4943 ‹‹
1215 4896 1294 4948 Ex
1324 4893 1486 4948 vobis
1519 4893 1684 4964 ipsis,
1732 4915 1761 4942 ι»
1819 4894 2078 4948 ostendit
2135 4897 2298 4968 ipsos
2357 4915 2594 4970 quoque
2644 4900 2838 4971 juvari
2898 4899 2946 4952 si
3009 4899 3150 4954 mali
3209 4903 3580 4970 separentur.
3636 4893 3692 4948 Si
3751 4891 3890 4943 Deus

499 4987 606 5040 hos
632 4983 1012 5054 judicaturus
1045 4989 1152 5044 est,
1185 4982 1540 5053 seperamini
1571 4983 1644 5036 ab
1675 4983 1780 5037 eis.

1146 5080 1370 5134 CAPUT
1407 5079 1503 5134 III.

682 5167 834 5234 Quod
863 5183 972 5222 non
1003 5173 1256 5237 oporteat
1285 5167 1478 5222 habere
1508 5168 1630 5223 lites
1651 5185 1716 5223 ac
1733 5169 1970 5240 judicia.

577 5359 665 5424 VI,
697 5359 812 5412 1-3.
845 5359 1028 5412 Audet
1072 5357 1281 5428 aliquis
1333 5363 1568 5412 vestrum
1621 5361 1902 5426 negotium
1951 5361 2153 5416 habens

503 5464 624 5502 cum
663 5449 836 5502 altero
855 5447 1110 5518 judicari
1152 5449 1250 5502 sub
1299 5447 1537 5516 iniustis,
1579 5453 1630 5500 et
1680 5465 1790 5502 non
1841 5453 2014 5520 magis
2053 5453 2153 5505 sub

502 5537 706 5592 sanctis
729 5537 756 5591 ?
776 5537 856 5591 An
885 5539 1103 5591 nescitis
1135 5536 1282 5606 quod
1301 5537 1476 5589 sancti
1507 5535 1768 5588 mundum
1779 5539 2156 5606 judicabant?

505 5629 578 5682 Et
609 5629 658 5683 si
679 5645 783 5698 per
811 5643 904 5682 vos
925 5627 1218 5696 judicatur
1237 5623 1492 5688 mundus,
1529 5623 1752 5691 indigni
1807 5629 1932 5681 estis
1961 5630 2151 5698 abjec-

2891 5087 3154 5141 ΚΕΦΑΛ.
3197 5085 3266 5137 Γ“.

2461 5173 2586 5249 Περί
2618 5177 2716 5228 τοῦ
2751 5174 2824 5246 μὴ
2860 5171 3062 5227 δεῖσθαι
3093 5169 3278 5239 δικῶν,
3311 5173 3402 5226 καὶ
3431 5177 3601 5228 ταῦτα
3629 5167 3712 5224 ἐπὶ

2948 5265 3210 5320 ἀπίστων.

2333 5351 2531 5426 Τολμᾷ
2563 5375 2646 5414 τις
2711 5355 2864 5426 ὑμῶν
2921 5359 3145 5428 πρᾶγμα
3195 5348 3339 5428 ἔγων
3395 5353 3532 5426 πρὸς
3585 5351 3670 5406 τὸν
3719 5342 3886 5412 ἕτερεν

2261 5445 2536 5518 κρίνεσθαι
2605 5441 2692 5496 ἐπὶ
2759 5447 2868 5498 τῶν
2953 5439 3126 5497 ἀδίκω
3218 5442 3308 5496 καὶ
3401 5443 3528 5518 οὐχὶ
3619 5435 3699 5492 ἐπὶ
3783 5431 3880 5480 τῶν

2265 5533 2478 5608 ἁγίωνς
2535 5531 2652 5590 Οὐκ
2711 5529 2892 5587 οἶδατε
2950 5533 3034 5587 ὅτι
3086 5532 3140 5586 οἱ
3191 5532 3342 5608 ἅγιοι
3389 5530 3481 5586 τὸν
3537 5530 3725 5600 κόσμον
3771 5535 3876 5612 κρέ’

2261 5626 2444 5676 νοῦσιν
2494 5639 2508 5689 ;
2561 5621 2664 5676 Καὶ
2723 5621 2767 5676 εἰ
2823 5621 2880 5676 ἐν
2937 5623 3064 5694 ὑμῖν
3119 5619 3354 5694 κρίνεται
3413 5621 3442 5674 ὁ
3499 5620 3715 5690 κόσμος,
3769 5606 3882 5660 ἀντί’
