4198 6200
380 344 498 403 705

379 474 486 547 ειοί
551 474 671 532 ἐστε
730 478 1031 554 κριτηρίων
1096 475 1429 554 ἐλαχίστων.

379 563 647 641 ἀγγέλους
679 570 986 642 κρινεῦμεν,
1021 568 1219 645 μήτιγε
1246 566 1516 643 βιωτικᾶί;

448 656 590 729 "Ope:
621 654 705 710 ὅτι
736 654 811 717 ὡς
843 655 929 710 ἐπὶ
963 655 1420 732 ὡμολογημένων
1460 661 1698 712 ποιεῖται
1751 656 1849 723 τήν
1900 673 2034 708 κατ-

381 744 630 819 ηγορίαν,
665 742 755 798 καὶ
787 742 942 808 εὐθὺς
973 743 1032 799 ἐκ
1089 745 1402 820 προοιμίων
1462 745 1633 820 θυμὸν
1684 742 2030 810 ἐνδείκνυται,

377 832 469 886 καὶ
498 831 712 905 τόλμαν
770 830 951 887 καλεῖ.
1008 834 1099 888 καὶ
1163 834 1508 910 παρανομίαν
1565 834 1628 889 τὸ
1686 838 2032 909 πρᾶγμα.-

381 922 597 994 [ΦΩΤ.]
655 919 868 977 Τοῦτων
930 920 1127 990 οὕτως,
1213 923 1369 1001 φησὶ,
1443 924 1581 979 κατὰ
1636 923 1698 979 τὸ
1755 934 2032 995 προσῆκον

379 1009 652 1089 ἑχόντων,
681 1009 773 1064 καὶ
803 1011 931 1073 τοὺς
968 1011 1063 1084 μὲν
1096 1011 1149 1067 ἐν
1186 1012 1315 1086 ὑμῖν
1350 1010 1617 1092 ἀδελφοὺς
1646 1010 1846 1086 κρίνειν
1878 1008 2033 1083 ἐχόνο

376 1119 489 1153 των
519 1100 619 1169 τὴν
652 1096 920 1170 ἔξουσίαν,
962 1099 1054 1154 ἐπὶ
1113 1097 1169 1156 δὲ
1228 1100 1354 1163 τοὺς
1411 1099 1509 1171 ἔξω
1562 1104 1725 1156 τοῦτο
1781 1099 2034 1174 πράττειν

379 1186 443 1243 οὗ
470 1187 970 1266 συγχωρουμένων,
1001 1188 1188 1263 τολμᾷ
1214 1212 1299 1253 τις
1328 1191 1456 1252 τοὺς
1487 1187 1588 1260 ἔξω
1618 1188 1805 1245 καλεῖν
1848 1187 2035 1264 κριτάς

379 1278 597 1339 ἑαυτοῖς
628 1276 869 1352 γενέσθαι
940 1279 1092 1351 ὑμῖν,
1151 1280 1243 1333 καὶ
1304 1280 1369 1334 οὐ
1426 1276 1749 1334 καταδύεται
1803 1276 1898 1333 κᾶν
1960 1277 2034 1338 είς

380 1364 685 1441 Λογισμοίις
731 1370 894 1421 τοῦτο
954 1362 1185 1436 λαϐεῖν;
1242 1369 1293 1423 οἱ
1349 1368 1535 1423 πιστοὶ
1586 1369 1713 1430 τοὺς
1770 1366 2034 1428 ἀπίστους

379 1456 594 1519 ἑαυτοῖς
654 1456 934 1512 καθίσουσι
989 1457 1219 1532 κριτάςς
1277 1456 1585 1530 ἐκλέξονται
1646 1455 1703 1513 δὲ
1760 1455 1875 1513 ἀντὶ
1928 1460 2035 1511 τῶν

381 1544 554 1619 ἁγίων
592 1545 719 1607 τοὺς
754 1542 1017 1614 ἀδίκους;
1050 1543 1302 1625 σφοδρῶς
1361 1544 1419 1603 δέ
1464 1553 1651 1617 τοῦτο,
1700 1547 1855 1624 φησὶ,
1903 1566 2038 1601 παν-

380 1634 618 1713 ταχόθεν
649 1632 1089 1712 ἀσφαλιζόμενος
1119 1634 1495 1711 περιστέλλειν
1551 1635 1795 1703 ἑαυτοὺς,
1835 1635 1923 1690 καὶ
1959 1634 2036 1706 μὴ

383 1720 593 1779 διδόναι
620 1729 739 1787 τοῖς
773 1723 1026 1788 ἀπίστοις
1059 1720 1236 1794 λαϐὴν
1270 1722 1322 1779 ἒν
1358 1721 1573 1799 μηδενὶ,
1618 1728 1757 1799 μήτε
1811 1721 2037 1793 δικαζο-

385 1812 603 1888 μένους,
638 1816 780 1888 μήτε
810 1812 955 1869 ἄλλο
982 1834 1038 1869 τι
1063 1818 1173 1869 τῶν
1203 1813 1340 1889 οὐχὶ
1374 1818 1583 1888 σεμνῶν
1612 1814 1703 1869 καὶ
1751 1812 2038 1888 είρηιικῶν

383 1900 909 1979 διαπραττομένους.

457 2084 633 2139 Τοῦτο
665 2082 792 2157 γὰρ,
825 2081 949 2138 οὕτε
971 2083 1034 2138 τὸ
1074 2081 1246 2158 ὄνομα
1272 2086 1370 2138 τοῦ
1401 2086 1538 2139 Θεοῦ
1592 2082 2035 2161 βλασφημεῖσθαι

387 2168 460 2225 δι’
489 2170 684 2234 αὐτοὺς
713 2173 1127 2246 παρεσκεύαζεν,
1186 2171 1465 2233 κάκείνους
1530 2170 1700 2228 ἐποίει
1758 2173 1893 2245 πρὸς
1940 2170 2034 2226 τὸν

383 2254 566 2335 ἔρωτα
594 2257 986 2333 διανίστασθαι,
1014 2262 1106 2316 καὶ
1142 2262 1234 2316 τὸν
1269 2262 1526 2335 θειασμὸν
1573 2268 1671 2331 τῆς
1726 2259 2034 2336 θρησκείας.

386 2373 418 2402 α
456 2348 735 2424 Κρίνεσθαι
763 2347 853 2404 ἐπὶ
885 2355 995 2404 τῶν
1040 2351 1263 2425 ἁγίκων.
1301 2375 1323 2401 ι
1386 2348 1463 2408 Οὒ
1520 2355 1738 2426 πρῶτον
1799 2351 1827 2405 ὁ
1885 2345 2040 2404 δικα-

387 2438 614 2512 ζόμενος
674 2444 862 2515 τυχεῖν
928 2438 1210 2515 βούλεται,
1282 2439 1533 2496 τουτέστι
1604 2445 1712 2494 τῶν
1791 2436 2034 2507 δικαίων,

384 2531 551 2584 τοῦτο
582 2525 845 2584 δείκνυσιν
903 2528 1065 2584 αὐτὸν
1125 2528 1192 2584 οὐ
1246 2529 1609 2606 τυγχάνοντα·
1671 2526 1851 2584 ἄδικοι
1905 2528 2037 2603 γὰρ,

384 2616 570 2694 φησὶν,
610 2616 766 2674 εἰσίν.
824 2615 979 2688 Πλήν
1036 2618 1370 2691 σημειωτέον
1431 2619 1514 2674 ὅτι
1571 2617 1693 2693 περὶ
1749 2614 2034 2687 Ἑλλήνων

384 2705 598 2780 εἴρηται
630 2704 920 2765 δικαστῶν.
952 2731 980 2759 ‹‹
1016 2707 1122 2763 Καὶ
1154 2707 1283 2785 οὐχὶ
1306 2706 1394 2763 ἐπὶ
1415 2711 1523 2762 τῶν
1545 2706 1713 2782 ἁγίων
1742 2726 1755 2775 ;
1790 2731 1819 2757 ››
1848 2704 2040 2780 Τολμᾷ

383 2816 471 2859 τις
504 2796 657 2869 ὑμῶν
717 2801 893 2850 ποιεῖν
946 2800 1193 2851 τοιοῦτον
1261 2801 1529 2873 πρᾶγμα;
1587 2793 1732 2871 ἔχων
1769 2794 2037 2869 κρίνεσθαι

387 2887 526 2960 μετὰ
554 2884 821 2965 ἀδελςξοῦ,
854 2886 916 2943 οὐ
945 2887 1183 2962 κρίνεται
1222 2886 1310 2943 έπί
1363 2894 1471 2944 τῶν
1531 2887 1727 2964 ἁγίων,
1767 2885 1897 2943 ἀλλ’
1950 2885 2036 2942 ἐπὶ

381 2982 492 3031 τῶν
522 2975 851 3047 Ἐλλήνων;
902 2974 1177 3049 ἐδήλωσεν
1241 2979 1334 3053 μὲν
1399 2978 1489 3034 οὖν
1548 2977 1722 3033 αὐτῶν
1773 2998 1835 3032 το
1892 2975 2041 3046 ἀξιό-

379 3085 573 3120 πιστον
602 3065 790 3141 ἁγίους
822 3064 1075 3129 καλέσας·
1139 3073 1258 3123 Ἔτι
1300 3065 1359 3122 δὲ
1411 3067 1676 3139 μειζόνως
1730 3063 1925 3126 αὐτοὺς
1968 3064 2043 3134 ἐξ·

381 3154 548 3228 αίρει.
613 3180 634 3206 ι
701 3156 806 3212 Τὸν
863 3155 1073 3229 κόσμον
1124 3157 1250 3231 γὰρ,
1310 3156 1466 3233 φησὶ,
1526 3156 1829 3230 κρινοῦσιν,
1868 3180 1889 3207 ο
1942 3153 2042 3209 οὐκ

386 3241 542 3298 αὐτοὶ

382 3332 593 3407 Κύριος
647 3339 862 3407 κρινεῖ),
929 3333 1076 3390 ἀλλὰ
1156 3334 1569 3408 κατακρίνοντες
1644 3334 1735 3388 τὸν
1809 3332 2035 3406 κόσμον.

384 3422 726 3488 ΠῶςςὊταν
755 3423 906 3477 αὐτοῖ
950 3422 1230 3497 ἄνθρωποι
1291 3420 1435 3485 ὄντες
1496 3424 1855 3494 ὁμοιοπαθεῖς
1904 3423 2040 3493 ἡμῖν

379 3511 471 3563 καί
501 3509 841 3582 ἐπίστευσαν,
891 3510 980 3566 καὶ
1038 3513 1289 3589 χρηστήν
1342 3508 1677 3580 ἐπεδείξαντο
1733 3509 2036 3567 πολιτείαν.

380 3601 508 3655 Των
552 3600 629 3673 μή
660 3603 926 3655 τοιούτων
969 3600 1275 3676 γενομένων
1334 3600 1437 3675 ἄρα
1492 3599 1593 3655 οὐκ
1650 3598 1864 3655 ἔσονται
1919 3620 2040 3655 κατ-

378 3686 579 3761 ήγοροι
610 3704 624 3753 ;
660 3683 1013 3762 διελέγχουσι
1064 3687 1169 3763 γὰρ
1227 3690 1400 3761 ἡμᾶς,
1456 3688 1539 3742 ὅτι
1598 3685 1660 3741 οὐ
1712 3687 1849 3741 κατὰ
1887 3684 2042 3741 ἀσθέ-

377 3794 519 3829 νειον
580 3775 817 3853 φύσεως,
882 3775 1027 3831 ἀλλὰ
1084 3776 1223 3832 κατὰ
1280 3776 1548 3853 ῥᾳθυμίαν
1608 3777 2029 3848 ἡμαρτήσαμεν.

379 3866 549 3938 Ὅπερ
603 3863 881 3944 ἐμφαίνων
934 3866 1142 3942 ἐπάγει·
1198 3892 1224 3920 ιι
1261 3867 1364 3924 Καὶ
1415 3844 1465 3921 εί
1521 3864 1573 3921 ἰν
1623 3866 1750 3938 ὑμῖν
1802 3866 2038 3941 κρῖνετοι

383 3954 414 4007 ὁ
440 3952 670 4025 κόσμος.
696 3978 723 4006 ››
756 3954 872 4012 Οὐκ
897 3956 1071 4024 εἶπεν,
1098 3956 1211 4021 Ὑφ’
1244 3955 1421 4029 ὑμῶν,
1453 3954 1601 4022 ἀλλ’,
1649 3975 1671 4005 ι
1706 3955 1792 4011 Ἐν
1824 3954 1974 4027 ὑμῖν,
2010 3978 2038 4005 ››

382 4039 652 4098 τουτέστι.
677 4040 754 4096 Δι’
784 4041 958 4115 ὑμῶν.
986 4045 1151 4100 ‹‹”Οτι
1177 4043 1234 4097 οἱ
1259 4042 1429 4117 ἆγιοι.
1456 4066 1484 4094 ι)
1508 4040 1790 4113 Ἐξαύτῶν
1813 4042 2036 4119 γυμνῶν

382 4132 493 4182 τῶν
550 4126 836 4202 όνομὰτων
892 4130 1136 4201 ποξεῖται
1193 4137 1293 4200 τῆς
1347 4131 1578 4205 κρίσεως
1635 4131 1697 4185 τὸ
1757 4129 2037 4208 διάφορον,

382 4215 512 4279 τοὺς
546 4218 641 4291 μὶν
665 4216 908 4289 ἀδίκους,
940 4218 1070 4282 τοὺς
1118 4218 1176 4275 δὲ
1233 4220 1423 4295 ἁγίους
1476 4218 1680 4277 καλῶν,
1740 4242 1768 4269 ‹‹
1803 4217 2038 4288 Ἀνεξξιοί

385 4305 503 4361 έστε
532 4306 834 4381 κριτηρίων
893 4306 1222 4383 ἐλαχίστων.
1259 4332 1288 4359 ››
1345 4306 1617 4382 Αίσχύνη,
1668 4306 1855 4384 φησὶν,
1913 4306 2041 4378 ὑμῖν

385 4392 500 4449 ἐστι
530 4400 652 4450 τοῖς
683 4396 884 4471 κρίνειν
916 4398 1006 4452 τὸν
1035 4399 1243 4471 κόσμον
1303 4393 1595 4469 μέλλουσι,
1648 4396 1710 4449 τὸ
1766 4394 2037 4469 κρίνεσθαι

385 4482 441 4538 ἐν
466 4489 588 4544 τοῖς
619 4483 858 4541 εὐτελέσι
889 4487 980 4541 καὶ
1005 4484 1219 4549 ἀδίκοις
1262 4484 1569 4562 κριτηρίοις
1618 4489 1726 4538 τῶν
1777 4483 2036 4538 ἀπίστων.

1326 344 1740 409 COMMENT.
1785 343 1863 405 IN
1910 342 2160 402 EPIST.
2210 339 2232 399 Ι
2277 341 2382 400 AD
2423 340 2791 402 COlthTH.

1525 479 1639 537 Οὐκ
1695 474 1875 532 οῖδατε
1943 472 2027 529 ὅτι

2147 472 2365 528 tissimis
2384 473 2640 542 judiciis.
2680 476 2771 529 An
2802 480 3021 533 nescitis
3052 480 3200 551 quod
3226 482 3448 549 angelos
3503 484 3789 552 judicabi-

2068 1873 2115 1934 B

3674 349 3788 411 706

2140 579 2280 629 mus,
2316 562 2516 617 nedum
2546 565 2829 620 mundana
2848 568 2876 619 ξ)

2211 655 2355 710 Vide
2389 656 2549 726 quod
2588 656 2659 711 de
2689 657 2868 714 rebus
2898 677 3029 730 quae
3053 661 3183 733 jam
3214 663 3276 716 in
3328 663 3599 719 confesso
3649 672 3794 721 sunt

2139 743 2317 800 faciat
2344 747 2808 817 accusationem,
2846 750 3166 820 statimque
3199 759 3270 806 ab
3300 752 3472 807 initio
3504 754 3653 809 iram
3687 755 3797 810 de—

2140 839 2454 901 monstret,
2479 841 2677 890 etrem
2706 836 2894 908 ipsam
2908 844 3073 893 vocat
3093 855 3303 895 ausum
3326 856 3394 895 ac
3426 840 3572 913 legis
3601 847 3795 897 trans-

2141 923 2528 995 gressionem.
2565 955 2630 965 —
2655 925 2774 994 His,
2795 925 3009 997 inquit,
3042 928 3125 983 ita
3167 928 3399 983 decenti
3431 931 3606 986 modo
3641 948 3797 986 com-

2141 1012 2373 1085 positis,
2407 1020 2474 1068 ut
2502 1013 2769 1069 habeatis
2800 1022 3150 1086 potestatem
3172 1018 3486 1089 judicandi
3512 1020 3797 1091 aliquose

2140 1102 2423 1157 fratribus
2455 1103 2555 1174 qui
2576 1103 2734 1158 inter
2754 1120 2852 1159 vos
2874 1111 3033 1172 sunt,
3053 1123 3173 1160 non
3224 1107 3653 1177 permittamini
3686 1125 3795 1164 au-

2144 1198 2262 1246 tem
2285 1191 2441 1247 idem
2462 1192 2663 1247 facere
2682 1210 2820 1266 erga
2840 1210 2941 1249 eos
2963 1195 3063 1265 qui
3086 1194 3232 1250 foris
3264 1201 3424 1265 sunt,
3475 1198 3653 1252 audet
3682 1198 3795 1253 ali-

2144 1281 2277 1350 quis
2300 1286 2614 1337 extraneos
2645 1299 2853 1337 vocare
2885 1300 2950 1338 ac
2980 1283 3114 1339 illos
3132 1284 3301 1340 vobis
3324 1285 3468 1356 ipsis
3491 1289 3794 1358 prmlicere

2136 1369 2370 1439 judices
2394 1375 2452 1425 et
2473 1387 2594 1426 non
2618 1371 3005 1428 confunditur
3036 1373 3095 1428 id
3117 1373 3207 1428 vel
3250 1374 3448 1428 animo
3483 1376 3793 1447 concipere

2143 1463 2210 1512 ut
2225 1457 2433 1514 tideles
2457 1460 2568 1515 sibi
2591 1460 2985 1532 ipsisjudices
3007 1463 3377 1517 constituant
3397 1464 3453 1518 in
3465 1464 3670 1519 ﬁdeles
3689 1466 3716 1519 ’ἲ
3736 1471 3793 1519 et

2145 1564 2250 1619 pro
2272 1549 2496 1604 sanctis
2526 1549 2781 1622 injustos
2814 1551 3229 1607 constituant?
3257 1554 3410 1608 463
3443 1553 3562 1608 lloc
3594 1561 3792 1610 autem

2144 1637 2528 1693 vehementer
2584 1638 2983 1710 undequaque
3043 1642 3378 1696 communit
3429 1647 3495 1697 ut
3564 1642 3793 1714 seipsos

2146 1731 2581 1802 comprimant;
2613 1748 2723 1787 nec
2745 1732 3070 1789 incredulis
3100 1733 3161 1789 in
3191 1733 3397 1805 quavis
3425 1752 3488 1790 re
3521 1734 3664 1790 dent
3692 1753 3788 1792 ac-

2146 1820 2457 1885 casionem,
2482 1837 2676 1892 neque
2709 1820 3230 1894 dumjudicantur,
3257 1840 3450 1894 neque
3464 1823 3605 1879 dum
3627 1824 3790 1880 aliud

2146 1908 2451 1980 quippiam
2484 1925 2691 1965 eorum
2722 1926 2853 1981 qua:
2885 1928 3008 1967 non
3040 1913 3182 1967 satis
3212 1913 3464 1968 honesta
3494 1919 3635 1968 sunt
3690 1917 3795 1968 aut

2144 1998 2394 2069 paciﬁca
2423 2005 2786 2071 perpetrant:

2216 2089 2359 2143 Nam
2391 2088 2503 2144 hoc
2523 2090 2698 2144 modo
2729 2089 3027 2145 efﬁciebat
3047 2095 3113 2145 ut
3128 2096 3371 2162 propter
3391 2092 3553 2163 ipsos
3575 2109 3794 2149 nomen

2144 2177 2245 2232 Dei
2269 2178 2550 2234 conviciis
2577 2196 2699 2234 non
2721 2179 3123 2234 incesseretur
3148 2197 3160 2233 :
3192 2186 3248 2235 et
3270 2180 3484 2254 agebat
3505 2187 3569 2236 ut
3599 2182 3687 2236 illi
3718 2181 3794 2238 ad

2144 2266 2448 2339 religionis
2479 2285 2745 2324 amorem
2775 2274 2835 2324 et
2862 2268 3129 2323 afﬂatum
3149 2268 3562 2324 incitarentur.
3587 2270 3790 2325 «ludi-

2143 2356 2264 2410 cari
2292 2356 2399 2412 sub
2426 2357 2685 2429 injustis.
2718 2379 2747 2408 »
2779 2355 2945 2423 Quod
2976 2357 3235 2427 primum
3266 2358 3503 2429 assequi
3534 2359 3698 2430 cupit
3735 2360 3785 2413 is

2142 2444 2242 2514 qui
2268 2444 2591 2516 judicatur,
2625 2461 2840 2516 nempe
2861 2444 3098 2516 judices
3119 2446 3337 2517 justos,
3370 2446 3480 2502 hoc
3520 2446 3778 2502 ostendit

2142 2529 2313 2585 illum
2340 2548 2460 2586 non
2482 2531 2718 2603 assequi
2742 2548 2756 2587 :
2784 2547 2924 2585 nam
2946 2530 3154 2602 injusti
3176 2537 3334 2599 sunt,
3355 2532 3590 2604 linquit.
3624 2536 3781 2588 Atta-

2142 2636 2281 2675 men
2304 2620 2723 2676 advertendem
2754 2625 2844 2675 est
2872 2619 3032 2691 quod
3063 2620 3134 2674 de
3167 2620 3382 2676 Graecis
3411 2620 3635 2676 dictum
3694 2625 3788 2676 est

2135 2709 2463 2780 judicibus.
2501 2733 2529 2761 «
2561 2711 2631 2764 Et
2659 2726 2779 2765 non
2807 2709 2993 2780 magis
3024 2707 3131 2762 sub
3165 2710 3385 2764 sanctis
3412 2710 3438 2763 ’ἶ
3483 2731 3511 2760 ››
3572 2709 3786 2776 Audet,

2146 2798 2360 2871 inquit,
2395 2799 2688 2871 quispiam
2721 2797 3064 2870 hujusmodi
3095 2813 3222 2852 rem
3263 2799 3516 2869 operari,
3549 2804 3614 2853 ut
3652 2814 3788 2853 cum

2143 2888 2631 2960 habeatjudicari
2656 2904 2790 2943 cum
2812 2886 3015 2954 fratre,
3038 2902 3159 2940 non
3180 2886 3488 2957 judicetur
3509 2887 3617 2941 sub
3649 2903 3790 2941 san-

2145 2975 2276 3043 ctis,
2301 2975 2405 3031 sed
2428 2974 2536 3030 sub
2561 2974 2776 3029 Graecis
2800 2974 2827 3028 ?
2852 2974 3208 3045 Signiﬁcavit
3230 2974 3428 3044 itaque
3451 2973 3511 3028 id
3539 2972 3696 3044 quod
3728 2974 3789 3029 in

2145 3065 2232 3120 eis
2264 3063 2378 3119 ﬁde
2411 3063 2656 3135 dignum
2687 3068 2833 3128 erat,
2862 3078 2994 3117 cum
3030 3067 3266 3117 sanctos
3297 3061 3552 3117 vocavit:
3596 3062 3790 3118 adhuc

2145 3156 2345 3207 autem
2379 3150 2565 3222 magis
2595 3167 2697 3206 eos
2726 3149 2960 3205 extollit
2988 3149 3231 3205 dicens:
3267 3172 3294 3198 ‹‹
3330 3149 3609 3206 Mundum
3633 3150 3793 3221 judi-

641 3246 942 3316 καθήμενοι
1017 3245 1109 3300 καὶ
1182 3244 1479 3319 κρίνοντες,
1557 3241 1734 3320 ἄπαγε
1820 3244 1872 3317 (ὁ
1944 3242 2036 3319 γὰρ

2150 3239 2391 3309 cabunt,
2423 3261 2451 3288 »
2482 3255 2604 3294 non
2622 3238 2735 3311 ipsi
2757 3237 3000 3309 quidem
3016 3238 3290 3293 sedentes
3308 3244 3412 3294 aut
3425 3238 3790 3309 judicantes,

2148 3328 2303 3383 absit
2328 3345 2341 3382 :
2364 3328 2648 3383 Dominus
2670 3327 2829 3382 enim
2853 3332 2943 3382 est
2962 3327 3061 3398 qui
3078 3327 3310 3395 judicat
3335 3344 3347 3381 :
3374 3327 3477 3381 sed
3500 3325 3793 3382 mundum

2148 3418 2635 3473 condemnantes.
2656 3416 2960 3482 Quomodo
2981 3416 3009 3470 ‘I
3055 3418 3205 3470 Dum
3237 3416 3351 3488 ipsi
3385 3416 3485 3486 qui
3518 3416 3795 3471 homines

2148 3511 2337 3571 erant,
2363 3510 2421 3560 et
2450 3505 2727 3560 similiter
2757 3510 2822 3559 ut
2852 3521 2962 3560 nos
2991 3503 3409 3559 affectionibus
3441 3503 3704 3573 obnoxii,
3737 3510 3795 3558 et

2147 3594 2550 3662 crediderunt,
2582 3599 2640 3649 et
2668 3592 2915 3666 probam
2946 3593 3354 3664 praestiterunt
3391 3592 3792 3647 conversatio-

2147 3699 2329 3739 nem:
2363 3699 2564 3738 annon
2596 3688 2969 3738 accusatores
3027 3682 3215 3737 nostri
3270 3687 3447 3737 erunt
3494 3681 3593 3751 qui
3647 3681 3792 3735 tales

2149 3773 2340 3829 elTecti
2368 3789 2488 3828 non
2512 3789 2717 3828 sumus
2736 3772 2764 3827 ‘?
2786 3770 3159 3826 Convincunt
3178 3770 3337 3824 enim
3359 3786 3469 3823 nos
3492 3768 3652 3838 quod
3672 3785 3794 3823 non

2147 3868 2374 3916 natura;
2406 3859 2837 3927 imbecillitate,
2872 3858 2975 3913 sed
3006 3857 3277 3913 socordia
3334 3857 3793 3928 peccaverimus.

2147 3950 2311 4015 Quod
2342 3949 2663 4005 ostendens
2687 3947 2992 4020 subjungit
3021 3962 3033 4000 :
3069 3968 3096 3996 «
3129 3948 3199 4000 Et
3228 3945 3274 4000 si
3304 3962 3411 4016 per
3441 3945 3794 4018 vosjudica-

2095 4077 2100 4082 -
2148 4044 2244 4093 tur
2276 4037 2601 4092 mundus.»
2630 4036 2756 4089 Non
2783 4034 2946 4101 dicit,
2972 4032 3209 4100 avobis,
3252 4032 3355 4089 sed
3407 4056 3433 4083 «-
3468 4034 3579 4089 Per
3607 4050 3728 4088 vos.
3764 4055 3792 4082 υ

2147 4128 2292 4181 Nam
2321 4121 2371 4177 ἐι
2405 4122 2533 4195 ὕμῖν
2567 4123 2797 4193 capitur
2825 4138 2930 4193 pro
2963 4116 3034 4173 δι’
3064 4118 3236 4192 ὑμῶν.
3272 4144 3299 4172 ‹‹
3333 4122 3495 4187 Quod
3519 4123 3726 4177 sancti.
3766 4145 3793 4172 ››

2148 4216 2229 4267 Ex
2248 4213 2393 4284 ipsis
2410 4211 2585 4266 nudis
2602 4209 2949 4266 nominibus
2971 4209 3183 4281 judicii
3210 4211 3788 4278 facitdiversitatem,

2148 4303 2283 4356 illos
2313 4300 2555 4372 quidem
2586 4316 2803 4355 vocans
2832 4299 3108 4371 injustas,
3141 4300 3250 4355 hos
3282 4306 3481 4355 autem
3530 4306 3787 4354 sanctos.

2150 4413 2178 4442 ι(
2206 4390 2435 4461 Indigni
2470 4392 2612 4443 estis
2640 4388 2905 4443 minimis
2928 4389 3192 4461 judiciis.
3231 4412 3258 4439 »
3294 4389 3533 4458 Pudori,
3576 4388 3792 4459 inquit,

2150 4482 2312 4537 vobis
2334 4487 2442 4551 est,
2468 4487 2551 4550 ut,
2581 4481 2682 4552 qui
2704 4481 3342 4553 mundumjudicaturi
3374 4481 3541 4547 estis,
3575 4481 3634 4536 in
3696 4481 3794 4536 ab-

387 4596 415 4624 «
445 4578 566 4630 Ὂτι
622 4572 890 4650 ἀγγέλους
952 4580 1249 4652 κρινοῦκενο
1283 4598 1313 4627 ››
1373 4571 1677 4650 ’Δγγέλους
1735 4571 1861 4633 τοὺς
1922 4569 2036 4660 δαί-

2147 4572 2318 4644 jectis
2338 4588 2405 4626 ac
2433 4570 2673 4643 injustis
2696 4570 3793 4642 incredulorumjudiciisjudiccmini.

390 4661 564 4731 μονὰς
597 4682 754 4739 φησι,
784 4664 965 4726 καθὼς
1012 4663 1104 4719 καὶ
1135 4663 1163 4718 ὁ
1194 4662 1423 4737 Χριστὸς
1482 4660 1655 4737 ἔλεγε.
1720 4685 1747 4713 ‹‹
1779 4665 1866 4733 Τῷ
1925 4657 2039 4715 δια-

386 4744 545 4820 ϐόλῳ
577 4750 665 4804 καὶ
691 4756 808 4812 τοῖς
838 4749 1096 4829 ἀγγέλοις
1123 4751 1309 4811 αὐτοῦ,
1344 4775 1372 4803 ››
1401 4755 1524 4812 Πῶς
1567 4748 1622 4804 δὲ
1675 4747 1867 4810 αὐτοὺς
1914 4768 2032 4824 κρι-

385 4841 618 4910 νοῦμεη
648 4839 812 4896 Ὅταν
841 4841 1148 4915 ἀσώματοι,
1190 4839 1413 4896 ἔλαττον
1474 4842 1635 4913 ἡμῶν
1682 4843 1789 4893 τῶν
1839 4858 2035 4913 σαρκο-

387 4926 704 5003 φορούντων
758 4923 979 5005 ἔχοντες
1036 4928 1316 5004 εὖρεθῶσι,
1375 4927 1541 4984 πλέον
1601 4928 2034 5003 κατακρίνονται.

384 5016 556 5072 Ὀταν
615 5014 674 5070 δὲ
729 5016 998 5092 ἀγγέλους
1078 5024 1389 5094 κρινοῦμεν,
1474 5017 1631 5089 πόσῳ
1686 5032 1745 5091 γε
1807 5017 2039 5092 βιωτικα

386 5103 727 5179 πράγματα;
778 5139 846 5149 --
886 5105 1134 5171 Ἀλλως.
1195 5110 1405 5181 [ΦΩἹΣ]
1464 5106 1528 5163 Εἰ
1584 5103 1855 5183 ἀγγέλους
1910 5104 2036 5166 τοὺς

386 5190 806 5258 ἐκπεπτωκότας
864 5203 964 5266 τῆς
1048 5195 1253 5259 οἷ’κείας
1308 5197 1533 5267 τάξεως,
1612 5195 1839 5269 γνώμης
1901 5192 2038 5256 ἰδίας

388 5284 695 5360 μοχθηρίᾳ,
741 5286 818 5348 εἰς
869 5286 1103 5350 τούτους
1161 5291 1472 5361 κρινοῦμεν,
1540 5285 1667 5355 ἤτοι
1725 5282 2039 5360 ἐλέγξομεν,

385 5371 544 5427 αὐτοὶ
623 5375 759 5446 μετά
836 5375 1091 5450 σώματος
1168 5375 1335 5443 ὄντες,
1413 5374 1497 5430 ὅτι
1589 5372 1788 5429 ἐκεῖνοι
1864 5374 2041 5451 χωρὶς

384 5460 644 5534 σώματος
721 5459 892 5537 ὄντες,
968 5467 1058 5521 τὸν
1136 5464 1339 5520 οἰκεῖον
1418 5461 1623 5538 θεσμὸά
1697 5462 1797 5517 οὐκ
1847 5460 2042 5538 ἐτήρη.

460 5633 506 5671 εί
540 5637 561 5657 ⁹
595 5637 792 5692 Ῐιίιιιιίι.
831 5655 955 5706 xxv,
988 5640 1077 5692 41.

2153 4687 2179 4714 ι(
2214 4662 2378 4729 Quod
2409 4661 2651 4734 angelos
2674 4660 3125 4733 judicabimus‘?
3158 4684 3185 4709 ››
3218 4661 3474 4733 Angelos
3494 4660 3796 4715 vocatdzo-

2155 4750 2900 4822 mones,quemadmodum
2920 4756 2978 4804 et
2995 4750 3261 4806 Christus
3283 4749 3517 4806 diccbat
3542 4766 3555 4804 :
3590 4771 3617 4800 α
3651 4749 3793 4804 Dia-

2144 4841 2278 4897 bolo
2303 4848 2358 4896 et
2384 4839 2610 4912 angelis
2632 4839 2814 4911 ejus”l
2831 4841 2904 4893 ⁸.»
2934 4838 3238 4904 Quomodo
3252 4845 3451 4894 autem
3470 4838 3795 4910 ipsosjudi-

2147 4930 2412 4985 cabimus
2435 4929 2462 4983 Ἰ
2485 4932 2627 4982 Cum
2658 4926 2771 4998 ipsi
2795 4927 2896 4997 qui
2916 4932 3056 4982 sunt
3085 4927 3443 4999 incorporei,
3483 4926 3794 4982 inferiores

2147 5019 2318 5073 nobis
2344 5017 2567 5071 inventi
2599 5016 2823 5070 fuerint
2851 5017 2952 5087 qui
2994 5033 3235 5073 carnem
3295 5017 3793 5085 circumferimus,

2149 5107 2406 5179 amplius
2439 5105 2937 5160 condemnantur.
2961 5106 3107 5162 Cum
3150 5113 3347 5162 autem
3367 5105 3610 5179 angelos
3631 5105 3799 5178 judi—

2150 5195 2337 5253 caturi
2361 5194 2567 5259 simus,
2584 5197 2805 5265 quanto
2819 5194 3006 5267 magis
3022 5212 3116 5251 res
3134 5195 3507 5252 mundanas?
3532 5226 3594 5236 —
3612 5194 3797 5249 Aliud.

2154 5287 2210 5342 Si
2234 5283 2478 5356 angelos
2500 5282 2600 5353 qui
2641 5284 2893 5355 proprias
2918 5286 3137 5341 mentis
3169 5286 3453 5357 pravitate
3497 5285 3568 5341 ab
3586 5283 3796 5340 ordine

2153 5391 2260 5430 suo
2288 5371 2653 5440 exciderunt,
2679 5371 2728 5427 si
2768 5372 2877 5428 hos
2903 5373 3310 5445 judicabimus
3349 5381 3453 5431 aut
3476 5388 3794 5448 arguemus

2152 5463 2254 5534 qui
2277 5477 2526 5532 corpora
2541 5459 2828 5516 habemus
2852 5478 2865 5516 :
2891 5463 3030 5536 quia
3047 5463 3134 5520 illi
3159 5465 3507 5537 corporibus
3524 5465 3794 5519 carentes
