4198 6200
455 271 569 330 707

1559 264 1977 327 OECUMENII
2027 263 2332 325 TRICCIE
2373 264 2754 326 EPIQGOPI.

3742 264 3860 325 708

445 419 618 458 suam
640 418 760 456 non
778 402 1091 454 servarunt
1129 396 1340 468 legem,
1379 413 1488 451 nos
1530 403 1729 452 autem
1776 396 2083 451 secundun

2220 416 2337 467 σαν,
2392 398 2557 470 ἡμεῖς
2611 392 2667 451 δὲ
2726 395 2861 451 κατᾶ
2916 396 3047 450 τοὺς
3106 392 3355 457 δοθέντας
3418 397 3553 468 ἡμῖν
3611 395 3715 451 ὑπὸ
3766 393 3862 451 τοῧ

452 491 618 546 datas
649 489 815 544 nobis
846 503 881 541 a
913 486 1160 540 Domino
1190 485 1371 558 leges,
1405 486 1558 541 404
1604 486 1803 556 (etiam
1836 484 1956 541 illis
1996 501 2107 541 nos

449 574 904 649 impotentibus)
940 574 1270 630 conversati
1304 591 1548 630 sumus:
1576 574 1623 629 si
1673 591 1810 647 ergo
1844 573 1978 629 illos
2009 590 2104 629 ar-

451 683 718 740 guemus,
734 671 794 721 et
815 664 1222 721 inexcusabile
1249 666 1680 721 constituemus
1699 665 1940 720 illorum
1973 682 2105 737 pec—

452 761 672 825 catum,
708 761 930 826 quanto
956 754 1147 826 magis
1175 754 1376 810 idonei
1410 771 1616 810 sumus
1650 754 1749 824 qui
1806 755 2102 809 humanas

455 844 868 901 contentiones
880 844 1271 900 dissolvamus
1294 849 1647 917 mutuasque
1666 844 1820 898 inter
1839 860 1948 897 nos
1968 858 2103 898 cau-

456 950 549 991 sas
567 952 633 992 ac
655 934 790 990 lites
802 934 990 1004 ‘?quod
1014 933 1061 987 si
1076 933 1338 988 nondum
1364 932 1457 987 his
1478 949 1609 1004 quae
1632 933 1787 988 dicta
1808 937 1947 987 sunt
1966 949 2098 1004 per-

456 1026 812 1095 suademini,
847 1026 951 1080 sed
982 1025 1177 1080 adhuc
1219 1025 1522 1079 existimas
1583 1024 1887 1078 infirmum
1969 1038 2098 1077 esse

451 1115 821 1171 credentium
844 1113 1143 1187 judicium
1176 1130 1242 1168 ac
1275 1114 1599 1169 invalidum
1660 1112 1733 1169 ad
1792 1129 2001 1168 causas
2040 1117 2097 1167 et

448 1202 883 1269 contentiones,
944 1218 1074 1273 quae
1134 1203 1293 1256 inter
1348 1218 1448 1256 vos
1498 1204 1655 1269 sunt,
1690 1198 2095 1255 dissolvendas

445 1291 722 1344 Attamen
755 1288 988 1343 etiamsi
1021 1287 1178 1342 inter
1205 1304 1305 1341 vos
1335 1287 1559 1341 fuerint
1590 1286 1814 1340 infirmi
1848 1292 1904 1340 et
1951 1302 2094 1340 con-

444 1378 654 1451 tempti
686 1376 914 1445 fideles,
948 1378 1170 1448 quique
1200 1392 1320 1431 non
1353 1376 1844 1448 possuntjustum
1868 1375 2091 1430 intelli-

444 1483 583 1539 gere
591 1466 911 1539 judicium,
927 1466 1144 1521 melius
1161 1469 1357 1521 tamen
1378 1470 1468 1520 est
1492 1466 1601 1519 hos
1617 1464 1824 1519 sedere
1831 1464 2090 1537 judices,

444 1555 681 1628 quando
704 1555 869 1610 vobis
885 1569 1129 1609 necesse
1150 1554 1330 1609 fuerit
1354 1552 1653 1609 mundana
1673 1553 1893 1609 habere
1916 1553 2089 1626 judi-

443 1646 554 1714 cia,
572 1660 751 1716 quam
771 1660 870 1699 vos
894 1644 1055 1715 ipsos
1076 1642 1404 1698 incredulis
1439 1642 1671 1698 tradere
1694 1643 1753 1696 in
1769 1642 2088 1713 judicium.

442 1735 719 1807 Abjectos
750 1739 951 1788 autem
984 1748 1090 1788 seu
1120 1737 1492 1803 contemptos
1523 1731 1664 1799 dixi,
1698 1732 1912 1803 inquit,
1945 1748 2091 1787 con-

440 1824 701 1879 fundens
730 1839 832 1877 vos
866 1838 933 1877 ac
962 1820 1388 1893 pudefaciens:
1424 1821 1705 1892 quoniam
1739 1820 1910 1876 multi
1951 1827 2092 1877 sunt

442 1916 543 1987 qui
564 1919 814 1987 possunt
841 1929 1050 1968 causas
1070 1919 1127 1967 et
1149 1913 1585 1980 contentiones,
1610 1928 1741 1983 quae
1766 1917 1907 1967 sunt
1934 1912 2092 1968 inter

442 2020 562 2073 vos,
587 2004 931 2060 dissolvere.
955 2002 1013 2058 ld
1037 2004 1198 2058 enim
1217 2004 1490 2058 maxima;
1512 2001 1882 2057 verecundia;
1918 2009 1976 2057 et
2003 2004 2090 2057 vi-

442 2093 836 2166 tuperationis
858 2097 967 2160 est,
1005 2092 1053 2147 si
1076 2109 1153 2147 ne
1195 2109 1350 2147 unus
1400 2092 1641 2163 quidem
1682 2092 1840 2146 inter
1869 2107 1970 2147 eos
2003 2109 2091 2147 sa-

440 2184 611 2255 piens
627 2183 816 2254 sitqui
837 2183 999 2254 juste
1040 2182 1229 2254 possit
1254 2182 1413 2236 inter
1435 2181 1855 2236 dissentientes
1877 2182 2090 2237 fratres

435 2273 730 2344 judicare.
758 2272 960 2327 Varias
982 2277 1179 2326 autem
1201 2271 1369 2342 ponit
1392 2271 1777 2343 probationes
1799 2270 1957 2342 quod
1970 2286 2091 2325 non

444 2366 715 2432 oporteat
740 2361 963 2416 relictis
983 2359 1259 2415 fidelibus
1287 2359 1361 2414 ad
1392 2359 1653 2414 tribunal
1676 2358 1960 2414 accedere
1987 2359 2088 2414 in-

445 2450 847 2505 credulorum.
871 2450 1137 2504 Primum
1161 2448 1405 2520 quidem
1433 2447 1574 2519 quia
1605 2464 1762 2503 nunc
1784 2464 1917 2502 cum
1950 2445 2091 2502 fide-

439 2538 528 2595 les
550 2556 756 2595 sumus
778 2538 1255 2611 nonjudicamus
1276 2536 1431 2605 illos,
1452 2553 1586 2592 cum
1613 2536 1730 2591 sint
1772 2535 2085 2591 increduli.

447 2631 464 2665 ί
500 2630 649 2695 Quid
682 2630 864 2696 enim,
900 2628 1115 2699 inquit,
1145 2627 1220 2683 ad
1252 2643 1345 2682 me
1378 2627 1589 2683 attinet
1619 2627 1797 2681 etiam
1831 2642 1930 2681 eos
1987 2625 2087 2697 qui

439 2717 583 2774 foris
606 2718 1051 2791 suntjudicare.
1078 2737 1106 2766 »
1161 2719 1344 2783 Quam
1391 2733 1670 2789 magnum
1706 2733 1841 2789 ergo
1871 2732 2089 2790 oppro-

442 2806 637 2862 brium
654 2812 743 2862 est
759 2807 831 2863 ab
850 2805 1446 2877 incredulisjudicari
1493 2804 1735 2861 ﬁdeles!
1771 2805 2037 2860 Secundo
2070 2820 2085 2861 :

444 2896 499 2951 Si
516 2896 603 2950 illi
623 2895 865 2967 quidem
878 2894 936 2949 in
938 2894 1085 2968 justi
1105 2893 1363 2959 sunt,isti
1384 2911 1519 2949 vero
1535 2910 1637 2949 san
1647 2894 1977 2965 cti;quanta
1992 2893 2089 2948 de-

440 2985 666 3041 mentia
679 2990 767 3040 est
782 2983 1005 3040 relictis
1030 2983 1247 3039 sanctis
1266 3000 1503 3039 currere
1525 2981 1598 3038 ad
1626 2982 2086 3055 injustos,idque

430 3092 567 3132 cum
592 3075 828 3149 assequi
854 3075 1519 3148 cupiantquodjustum
1571 3074 1704 3129 est?
1751 3074 1944 3129 Tertio
1981 3090 1994 3128 :
2027 3073 2083 3127 Si

2118 1777 2165 1840 Β

2219 486 2418 557 Κυρίου
2490 486 2724 557 νόμους,
2799 485 2977 541 καίτοι
3065 484 3328 540 κάκείνων
3431 484 3860 556 ἰπηρεαζόντων,

2218 571 2708 647 ἐπολιτευσάμεθα.
2788 573 2854 632 Εἴ
2926 571 3019 629 οὖν
3094 572 3332 635 ἐκείνους
3404 571 3712 647 ίλὲγξομεν,
3775 575 3861 629 καὶ

2218 660 2636 739 ἀναπολόγητον
2739 661 2926 727 αὐτοῖς
3026 663 3471 738 καταστησόμεθα
3553 663 3614 718 τὸ
3688 664 3865 738 ἀμάρ-

2212 772 2384 826 τημα,
2414 753 2569 826 πόσῳ
2612 752 2824 828 μᾶλλόν
2878 752 3039 828 ἐσμεν
3096 754 3271 809 ἱκανοὶ
3327 753 3395 808 τὰ
3452 753 3686 828 βιωτικά
3744 751 3862 809 δια-

2213 842 2369 898 λῦσαι
2401 842 2860 921 φιλονεικήματα,
2890 843 2980 898 καὶ
3024 843 3124 905 τὰς
3167 844 3307 917 πρὸς
3363 840 3651 913 ἀλλήλους
3704 840 3857 907 δίκας

2209 932 2297 988 καὶ
2330 928 2511 1008 ἔριδας
2547 951 2562 1002 ;
2596 932 2658 991 Et
2717 931 2765 988 δ’
2823 931 2977 988 οὕπω
3032 937 3149 996 τοῖς
3215 931 3527 1008 είρημὲνοις
3585 930 3855 990 δυσωπεῖ-

2209 1023 2319 1093 σϐε,
2362 1020 2487 1077 ἀλλ’
2554 1017 2632 1077 ἔτι
2688 1021 2939 1096 νομίζετε
3000 1022 3083 1078 ὅτι
3145 1025 3256 1078 τῶν
3312 1027 3522 1077 πιστῶν
3582 1024 3646 1078 τὸ
3702 1021 3855 1080 δικαο

2208 1113 2431 1188 στήριον
2502 1110 2718 1176 ἀσθενές
2792 1110 2902 1167 ἔστι
2975 1112 3067 1167 καὶ
3142 1109 3406 1167 ἀδύνατον
3483 1111 3561 1174 είς
3634 1113 3695 1168 τὸ
3736 1110 3856 1168 δια-

2206 1199 2355 1256 λύειν
2381 1200 2479 1263 τάς
2507 1198 2659 1264 δίκας
2716 1201 2848 1274 ὑμῖν
2894 1200 2980 1255 καὶ
3027 1199 3122 1264 τὰς
3166 1199 3519 1279 φιλονεικίας⁹
3583 1201 3712 1257 ἀλλ’
3758 1200 3851 1259 οὖν

2205 1289 2257 1344 εί
2279 1290 2369 1345 καὶ
2410 1288 2669 1359 ἀσθενεῖς,
2726 1291 2846 1354 καθ’
2912 1290 3053 1363 ὑμᾶς
3110 1289 3200 1346 καὶ
3257 1288 3664 1364 ἐξουθενημίνοι
3722 1291 3851 1347 ὦσιν

2203 1380 2254 1435 οἱ
2329 1378 2537 1450 πιστοί,
2612 1379 2701 1435 καὶ
2776 1375 3030 1435 ἀδύνατοι
3107 1376 3341 1434 συνιδεῖν
3435 1376 3854 1466 δικαιοκρισίαν⁹

2201 1468 2422 1543 ἄμεινόν
2465 1470 2575 1525 ἑστι
2604 1470 2838 1531 τούτους
2889 1468 3128 1539 καθίζειν
3180 1466 3458 1540 δικαστὰς,
3508 1467 3639 1525 ὅταν
3686 1465 3853 1547 ἔχητε

2203 1557 2388 1633 χρείαν
2424 1558 2697 1634 βιωτικῶν
2728 1557 3054 1632 κριτηρίων,
3087 1557 3124 1627 ἤ
3153 1561 3271 1618 τοῖς
3330 1555 3583 1619 ἀπίστοις
3630 1558 3854 1622 ἑαυτοὺς

2202 1645 2277 1707 είς
2308 1643 2482 1719 κρίσιν
2515 1640 2809 1701 ἐκδιδόναι.
2859 1642 3352 1717 Ἑξουθενημὲνους
3405 1640 3463 1699 δὶ
3517 1645 3697 1714 εἷπον,
3739 1667 3845 1725 φη-

2200 1734 2305 1805 σὶν,
2340 1729 2608 1810 ἑντρὲπων
2645 1734 2784 1807 ὑμᾶς
2814 1732 2906 1788 καὶ
2961 1732 3261 1812 αἰσχύνων,
3302 1732 3416 1789 ἐπεὶ
3463 1730 3675 1789 πολλοί
3715 1731 3851 1789 αῖσιν

2203 1818 2445 1878 διαλύειν
2498 1820 2552 1876 ἐν
2613 1822 2742 1895 ὑμῖν
2796 1820 2949 1884 δίκας
3005 1821 3292 1897 ἳσχΰοντες
3335 1820 3426 1877 καὶ
3493 1821 3848 1901 φιλονεικίας.

2204 1913 2385 1981 ίίόσης
2414 1911 2516 1986 γὰρ
2546 1911 2646 1966 οὐκ
2674 1911 2816 1967 ἔστιν
2848 1910 3080 1987 αίχόνης
3106 1911 3195 1966 καὶ
3236 1911 3631 1986 καταγνώσεως
3659 1915 3846 1982 τοῦτο,

2200 2000 2245 2055 εἰ
2278 2000 2375 2056 οὐκ
2407 1995 2479 2055 ἔνι
2514 1999 2677 2080 σοφὸς
2706 1997 2758 2054 ἐν
2812 2000 2963 2073 ὑμῖν,
3017 2000 3204 2076 φησὶν,
3255 1996 3379 2054 οὐδὲ
3425 2000 3522 2067 εἷς,
3576 2000 3635 2056 ’ὸς
3685 1997 3850 2070 δυνή-

2200 2111 2345 2145 σεται
2399 2087 2682 2145 δικαιῶσαι
2740 2088 2841 2144 ἀνά
2899 2088 3059 2162 μὲσον
3118 2086 3364 2167 ἀδελφῶν
3427 2086 3846 2163 δικαζομένων;

2200 2178 2502 2255 Διαφόρους
2535 2175 2591 2233 δὶ
2618 2175 2922 2249 ἀποδείξεις
2981 2177 3166 2249 τίθησι
3220 2181 3320 2233 τοῦ
3378 2179 3451 2251 μή
3514 2174 3622 2232 δεῖν
3682 2198 3845 2233 κατα-

2201 2266 2463 2333 λιπόντας
2487 2267 2616 2331 toi):
2644 2269 2892 2333 πιστοὺς,
2925 2266 3013 2323 ἐπὶ
3042 2268 3104 2322 τὸ
3160 2273 3268 2323 τῶν
3316 2266 3560 2322 ἀπίστων
3613 2264 3847 2343 βαδίζειν

2197 2360 2501 2434 κριτήριον.
2538 2363 2763 2432 Πρῶτον
2802 2358 2917 2432 μὲν,
2971 2358 3055 2412 ὃτι
3106 2358 3272 2430 ἡμεῖς
3326 2361 3421 2410 νῦν
3476 2357 3541 2411 οὐ
3598 2355 3852 2431 κρίνομεν

2199 2444 2435 2508 ἐκείνους
2469 2447 2521 2501 οἱ
2550 2448 2734 2503 πιστοί
2764 2447 2893 2508 τοὺς
2929 2444 3206 2507 ἀπίστους.
3238 2470 3268 2498 ιι
3288 2445 3357 2501 Τί
3387 2445 3493 2522 γάρ
3526 2466 3644 2517 μοι,
3691 2445 3848 2524 φησὶ,

2195 2535 2446 2599 καὶτοὺς
2476 2530 2576 2607 ἔξω
2624 2537 2862 2611 κρίνειν;
2897 2560 2926 2588 n
2985 2540 3108 2598 Πῶς
3169 2533 3232 2589 οὗ
3280 2534 3414 2608 μέγα
3470 2529 3685 2596 ὄνειδος
3744 2534 3846 2588 ὑπὸ

2195 2630 2304 2682 τῶν
2333 2626 2575 2684 ἀπίστων
2604 2628 2874 2704 κρίνεσθαί
2930 2628 3059 2691 τοὺς
3116 2626 3386 2695 πιστούςς
3447 2624 3722 2699 Δεύτερον⁸
3778 2624 3842 2682 Et

2198 2716 2251 2771 οἱ
2279 2717 2373 2789 μὶν
2406 2714 2608 2787 ἄδικοι,
2641 2718 2691 2772 οἱ
2735 2715 2791 2772 δὲ
2848 2715 3019 2793 ἅγιοι,
3070 2720 3190 2780 πῶς
3246 2714 3344 2769 οὐκ
3400 2708 3544 2769 ἔασιν
3600 2713 3841 2786 ἠλίθιον,

2196 2804 2571 2861 καταλιπόντα
2595 2806 2726 2868 τοὺς
2753 2805 2959 2874 ἀτίους,
3009 2804 3098 2860 ἐπί
3154 2802 3278 2863 τοὺς
3328 2800 3547 2865 ἀδίκους
3599 2802 3840 2878 τρέχειν,

2196 2894 2285 2949 καὶ
2312 2898 2503 2962 ταῦτα,
2533 2899 2719 2970 τυχεῖν
2763 2892 3057 2963 ἐλπίζοντα
3095 2896 3193 2947 τοῦ
3223 2888 3438 2947 δικαίου
3466 2909 3480 2959 ;
3531 2890 3744 2965 Τρίτον.
3778 2890 3839 2948 Εἰ

2197 2984 2249 3037 οἱ
2279 2983 2428 3060 ’ἀγιοι
2460 2984 2551 3039 τόν
2581 2984 2789 3057 κόσμον
2821 2981 3101 3058 ἐλὲγξουσι
3149 2979 3239 3036 καὶ
3290 2977 3692 3054 ἀναπόόραστον
3743 2979 3842 3034 αὖ·

2194 3078 2314 3135 τοῖς
2343 3073 2442 3141 τὴν
2475 3069 2633 3144 δίκην
2692 3073 3210 3149 παρασκευάσουσιν,
3261 3067 3343 3149 ἐφ’
3391 3070 3477 3131 οἷς
3522 3075 3622 3138 τῆς
3669 3068 3839 3138 αὐτῆς

432 3166 621 3221 sancti
642 3166 933 3221 mundum
950 3171 1199 3237 arguent
1215 3181 1281 3220 ac
1295 3163 1697 3219 inevitabilem
1721 3180 1923 3218 eorum
1949 3179 2083 3220 cau-

2195 3162 2406 3239 φόσεως
2432 3161 2600 3232 δντες,
2630 3161 2845 3224 καὶτὰς
2892 3161 3084 3236 ἆρετάς
3127 3160 3478 3235 πράττοντες,
3534 3157 3631 3213 οὐκ
3675 3153 3842 3235 ἔσχον

425 3271 550 3308 sam
571 3254 852 3318 efficient,
882 3271 950 3309 eo
968 3254 1126 3325 quod
1145 3271 1281 3309 cum
1306 3254 1576 3325 ejusdem
1610 3259 1811 3308 essent
1831 3259 2079 3319 naturae,

425 3348 484 3396 et
498 3344 745 3398 virtutes
764 3349 1178 3415 operarentur,
1199 3360 1316 3397 non
1333 3343 1674 3397 habuerunt
1694 3359 1794 3397 eos
1818 3343 2082 3398 imitato-

421 3446 518 3483 res
541 3446 688 3499 quos
703 3430 1027 3501 arguebant
1049 3436 1299 3499 :quanto
1319 3430 1505 3502 magis
1528 3435 1800 3501 potentes
1821 3436 1959 3485 sunt
1976 3432 2076 3502 qui

424 3517 583 3573 inter
612 3518 761 3573 duos
787 3519 992 3573 arbitri
1026 3519 1147 3573 sint
1203 3536 1270 3573 ac
1316 3519 1643 3590 judicent?
1699 3523 1917 3585 Quarto
1954 3538 1967 3574 :
2020 3522 2075 3575 Si

426 3612 700 3680 potentes
730 3624 935 3661 sumus
965 3608 1065 3679 qui
1100 3613 1157 3662 et
1186 3608 1447 3682 angelos,
1504 3608 1564 3662 id
1610 3614 1716 3673 est,
1778 3609 2077 3665 daemones

426 3695 809 3769 incorporeos
840 3713 1176 3769 arguamus,
1195 3702 1416 3767 quanto
1431 3697 1617 3769 magis
1646 3696 1781 3752 illos
1804 3698 1904 3769 qui
1925 3699 2077 3770 ejus-

425 3785 561 3842 dem
593 3787 902 3843 nobiscum
938 3792 1163 3843 naturae
1196 3792 1355 3854 sunt,
1389 3787 1776 3859 ejusdemque
1826 3788 2073 3843 rationis

422 3876 702 3931 vivendi?
730 3876 985 3942 Quinto:
1020 3876 1209 3931 Etiam
1243 3877 1289 3930 si
1324 3892 1444 3931 non
1475 3883 1716 3947 possent
1764 3877 2072 3933 credentes

422 3964 589 4019 litem
610 3964 1072 4033 dissolvere,boc
1092 3971 1289 4020 tamen
1308 3964 1482 4021 modo
1517 3965 1732 4020 melius
1778 3972 1932 4021 esset
1962 3968 2071 4023 sub

422 4052 776 4125 eisjudicari
794 4071 969 4127 quam
988 4053 1097 4113 sub
1115 4054 1479 4110 infidelibus.
1521 4054 1608 4109 Ad
1641 4055 1853 4123 hmc,si
1903 4073 2071 4112 mun-

422 4143 585 4211 dum,
609 4142 1194 4216 inquit,judicamus,
1214 4160 1412 4199 annon
1447 4143 1759 4218 indignum
1784 4151 1874 4201 est
1902 4153 1967 4202 ut
1997 4147 2069 4202 ab

421 4231 1315 4304 incredulisjudicemini?Nam
1341 4232 1450 4287 hoc
1485 4233 1927 4305 significatcum
1948 4236 2065 4293 ait:

420 4344 448 4371 ι(
482 4323 551 4375 Et
572 4322 619 4376 si
648 4340 753 4393 per
774 4321 1189 4394 vosjudicatur
1207 4322 1487 4387 mundus,
1522 4322 1746 4394 indigni
1792 4324 1933 4378 estis
1963 4323 2070 4380 ab-

410 4411 762 4482 jectissimis
785 4411 1053 4483 judiciis.
1086 4433 1113 4460 »
1148 4410 1255 4464 Ubi
1286 4417 1483 4466 autem
1518 4416 1601 4465 tot
1624 4412 1885 4467 rationes
1907 4413 2067 4468 addi-

2196 3254 2572 3329 μιμουμένους
2599 3255 2727 3318 τοὺς
2786 3253 3216 3334 ἐλεγχομένους,
3263 3252 3420 3325 πόσῳ
3476 3249 3690 3324 μᾶλλόν
3739 3249 3838 3305 είσι

2192 3341 2553 3420 δυνατώτεροι
2610 3343 2911 3420 ἀναμεταξί)
2971 3340 3067 3399 δύο
3123 3338 3361 3411 δικάζειν
3449 3340 3540 3394 καὶ
3594 3337 3836 3414 κρίνειν;

2187 3433 2479 3510 Τέταρτον’
2542 3434 2606 3492 Et
2664 3431 2928 3512 ἀγγέλους
2983 3433 3115 3496 τοὺς
3194 3430 3519 3505 ἀσωμάτους
3577 3425 3837 3502 δαίμονας

2187 3519 2437 3598 ἐλέγχειν
2469 3522 2627 3596 ἐσμὲν
2668 3521 2905 3595 δυνατοὶ,
2938 3521 3093 3595 πόσῳ
3142 3520 3353 3595 μᾶλλον
3398 3519 3526 3581 τοὺς
3575 3519 3838 3596 ὁμοφυεῖς

2184 3610 2273 3667 καὶ
2305 3609 2708 3687 ὁμοδιαίτους;
2751 3614 3026 3687 Πέμπτονσ
3057 3611 3121 3669 Εἰ
3162 3610 3251 3667 καὶ
3287 3612 3363 3684 μὴ
3398 3609 3591 3687 ἴσχυον
3640 3609 3693 3664 οἱ
3739 3628 3829 3662 πι-

2186 3702 2303 3756 στοὶ
2336 3701 2591 3773 δικάζειν,
2639 3704 2856 3776 ἄμεινον
2910 3702 2978 3773 ἦν
3025 3701 3115 3758 καὶ
3162 3701 3363 3769 οὕτως,
3415 3697 3503 3754 ἰπὶ
3558 3698 3738 3753 αὐτῶν
3792 3698 3826 3766 ἦ

2183 3789 2268 3845 ἐπὶ
2311 3797 2421 3846 τῶν
2488 3791 2727 3847 ἀπίστων
2780 3791 3075 3866 κρίνεσθαι.
3137 3789 3241 3847 Καὶ
3296 3788 3436 3864 πρὸς
3483 3788 3721 3851 τούτοις,
3782 3785 3827 3841 εί

2179 3879 2272 3934 τὸν
2304 3880 2509 3953 κόσμον
2560 3880 2841 3953 κρίνομεν,
2894 3879 3049 3960 φησὶ,
3104 3883 3223 3941 πῶς
3271 3877 3368 3933 οὐκ
3423 3870 3567 3932 ἔστιν
3620 3874 3828 3945 ἀνάξιον

2182 3968 2337 4039 ὑμῶν
2363 3969 2771 4043 κρίνεσθαιὺπό
2814 3973 2923 4025 τῶν
2973 3968 3257 4038 ἀπίστωνς
3304 3970 3464 4023 τοῦτο
3512 3964 3617 4040 γάρ
3663 3961 3832 4034 δηλοῖ

2181 4054 2269 4112 διὰ
2297 4062 2395 4113 τοῦ
2422 4056 2612 4113 εἴπεῖν·
2652 4080 2679 4111 ι(
2726 4057 2828 4115 Καὶ
2870 4057 2916 4113 εί
2968 4056 3022 4113 ἐν
3086 4057 3215 4131 ὑμῖν
3272 4055 3512 4133 κρίνεται
3545 4055 3573 4109 ὁ
3603 4054 3830 4125 κόσμος,

2180 4147 2383 4218 ἀνάξιοί
2414 4145 2531 4203 ἐστε
2579 4147 2876 4223 κριτηρίων
2927 4145 3261 4225 ἐλαχίστων.
3295 4170 3323 4197 ιι
3355 4142 3621 4220 Παραθιῖς
3650 4140 3705 4198 δὲ
3733 4142 3831 4203 τὰς

2176 4234 2440 4296 τοσαύτας
2502 4233 2829 4309 ἀποδείξεις,
2887 4235 2967 4292 ὅτι
3021 4236 3083 4291 οὗ
3125 4232 3211 4291 δεῖ
3257 4233 3529 4311 κρίνεσθαι
3561 4230 3647 4286 ἐπὶ
3705 4231 3832 4286 ἂπί·

2179 4345 2341 4395 στων,
2375 4323 2462 4379 ἐπὶ
2499 4323 2555 4381 τὸ
2586 4325 2921 4400 τελειότερον
2954 4323 3138 4402 ἀνάγει
3164 4323 3255 4380 τὸν
3312 4321 3498 4399 λόγον,
3539 4320 3631 4376 καί
3673 4339 3831 4393 φησι,

2177 4412 2247 4469 Τί
2271 4410 2416 4487 λέγω
2438 4413 2520 4468 δτι
2555 4413 2617 4468 οὐ
2651 4409 2736 4468 δεῖ
2762 4414 3038 4488 κρίνεσθαι
3071 4412 3217 4487 ὑμᾶς
3236 4410 3322 4467 ἐπὶ
3355 4410 3636 4479 ἀπίστωνς
3668 4407 3827 4481 ἄμει·

418 4500 503 4554 dit
534 4502 850 4571 probantes
881 4517 1000 4556 non
1033 4505 1306 4572 oportere
1342 4499 1413 4554 ab
1449 4500 2067 4571 incredulisjudieari,

2194 4522 2269 4556 ιον
2299 4502 2389 4572 ἦν,
2427 4499 2567 4577 μὴδὶ
2597 4501 2685 4557 ἐπὶ
2716 4507 2939 4571 πιστῶν,
2978 4501 3123 4558 ἀλλὰ
3154 4498 3355 4573 πολλῷ
3394 4497 3636 4574 ἄμεινον,
3691 4495 3834 4570 μηδὲ

416 4589 489 4644 ad
514 4590 571 4645 id
595 4591 752 4662 quod
774 4591 1093 4663 perfectius
1116 4594 1206 4643 est
1240 4605 1577 4643 sermonem
1627 4589 1882 4655 reducit,
1918 4593 2071 4649 4οο

417 4683 474 4733 et
504 4680 620 4734 ait:
653 4680 803 4745 Quid
835 4679 965 4735 dico
998 4695 1117 4733 non
1150 4684 1422 4748 oportere
1454 4694 1553 4732 vos
1612 4677 1683 4731 ab
1744 4678 2072 4736 incredulis

410 4766 672 4836 judicari
698 4769 727 4822 ?
756 4768 969 4823 melius
998 4772 1153 4822 esset
1182 4782 1257 4821 ne
1289 4782 1321 4820 a
1370 4766 1751 4820 credentibus
1805 4768 2069 4842 quidem,

419 4853 521 4907 sed
539 4854 726 4910 multo
750 4856 964 4911 melius
985 4856 1183 4911 nullas
1200 4856 1357 4909 inter
1370 4872 1469 4909 vos
1486 4854 1705 4909 habere
1744 4854 1895 4911 lites.
1926 4859 2067 4913 Nam

422 4940 682 5012 idipsum
707 4950 910 4998 mutuo
926 4961 1205 4999 accusare
1230 4962 1296 4999 ac
1320 4942 1592 5014 querelas
1612 4943 1851 5012 habere,
1876 4945 2070 5016 dejec-

417 5030 498 5086 tio
521 5031 699 5085 vestri
718 5037 825 5087 est.
851 5033 1147 5104 Optimum
1173 5034 1372 5104 itaque
1396 5038 1551 5088 esset
1597 5037 1663 5088 ut
1704 5049 1880 5089 nemo
1913 5037 2067 5109 inju-

411 5119 564 5175 riam
593 5120 901 5193 irrogaret,
929 5127 1030 5176 aut
1061 5122 1240 5177 etiam
1273 5122 1495 5193 injuria
1544 5120 1884 5178 afﬁceretur
1918 5141 1931 5179 :
1982 5126 2063 5181 ita

412 5208 573 5263 enim
604 5209 938 5265 communis
969 5215 1126 5265 esset
1154 5210 1421 5265 omnium
1447 5210 1633 5266 virtus
1663 5227 1731 5266 ac
1764 5212 1949 5269 salus.
1994 5215 2056 5271 Si

413 5314 547 5353 vero
580 5316 821 5355 necesse
853 5304 941 5355 est
969 5305 1036 5355 ut
1064 5300 1318 5355 alterum
1341 5300 1604 5367 accedat,
1625 5299 1948 5374 eligibilius
1972 5310 2063 5360 est

2185 4588 2338 4653 δίκας
2369 4586 2515 4666 ἔχειν
2579 4592 2718 4667 πρὸς
2756 4590 3067 4663 ἀλλήλους.
3113 4590 3256 4649 Αὑτό
3304 4590 3405 4665 γὰρ
3451 4588 3515 4643 τὸ
3560 4587 3831 4643 αἰτιᾶσθαι

2182 4675 2331 4740 ὅλως
2364 4678 2673 4751 ἀλλήλους,
2708 4681 2933 4754 ¹ἥττημα
2965 4678 3117 4754 ὑμῶν
3152 4679 3591 4752 ἐστιν·⁹Αριστον
3616 4676 3709 4749 μὲν
3736 4673 3831 4729 οὖν

2183 4765 2390 4841 μηδένα
2451 4772 2591 4843 μήτε
2649 4767 2853 4826 ἀδικεῖν
2914 4774 3055 4844 μήτε
3105 4768 3429 4826 ἀδικεῖσθαι.
3486 4766 3677 4829 Οὕτως
3731 4766 3833 4840 γὰρ

2177 4859 2334 4928 κοινή
2365 4858 2581 4915 πάντων
2614 4860 2685 4930 ἧν
2715 4862 2750 4932 ἡ
2782 4860 2946 4936 ἀρετῆ
2979 4860 3071 4916 καὶ
3101 4862 3136 4932 ἡ
3169 4859 3433 4934 σωτηρία.
3471 4855 3540 4915 El
3571 4853 3628 4911 δὲ
3686 4851 3829 4909 δυεῖν

2176 4946 2381 5022 ἀνάγκη
2411 4947 2635 5023 θάτερον
2692 4948 3049 5026 αἱρετώτερον
3103 4953 3200 5005 τοῦ
3245 4945 3450 5004 ἀδικεῖν
3507 4949 3588 5019 τῷ
3630 4941 3835 4999 ἀδικεῖ-

2177 5038 2315 5095 σθαι.
2348 5036 2418 5092 Τό
2454 5037 2548 5111 μὶν
2581 5038 2685 5115 γὰρ
2717 5035 2977 5094 ἐκϐάλλει
3008 5047 3109 5109 τῆς
3144 5035 3449 5110 βασιλείας,
3481 5038 3545 5090 τὸ
3577 5030 3636 5088 δὲ
3690 5051 3830 5105 προ-

2175 5124 2311 5195 ξενεῖ
2340 5125 2534 5196 αὐτήν.
2567 5127 2634 5183 El
2666 5125 2722 5182 δὲ
2755 5125 2818 5182 οὐ
2852 5128 3021 5201 μόνον
3077 5125 3187 5202 οὐχ
3216 5125 3451 5202 αἱρεῖσθε
3504 5120 3829 5188 ἀδικεῖσθπτ,

2171 5211 2319 5268 ἀλλὰ
2366 5215 2453 5271 καὶ
2514 5212 2774 5289 ἀδικεῖτε,
2826 5218 2916 5272 καί
2971 5218 3097 5273 τότε
3151 5213 3424 5295 ἀδελφοὺς
3466 5232 3555 5287 καὶ
3614 5206 3826 5283 όμοπί-

2171 5324 2352 5373 σοους,
2386 5303 2461 5366 είς
2492 5305 2608 5360 οἷον
2638 5306 2767 5378 ὑμῖν
2798 5305 2865 5361 τὰ
2892 5312 2992 5376 τῆς
3020 5304 3295 5381 τιμωρίας
3324 5305 3573 5379 χωρήσει
3598 5318 3612 5367 ;

414 5388 699 5461 injuriam
729 5390 850 5463 pati
882 5406 1060 5461 quam
1093 5390 1257 5445 illam
1290 5390 1570 5460 irrogare.
1608 5390 1915 5461 Siquidem
1946 5393 2057 5450 hoc
2084 5412 2114 5451 e
2146 5411 2331 5470 regno
2360 5396 2545 5466 ejicit,
2579 5397 2728 5453 illud
2759 5404 2957 5452 autem
2991 5398 3190 5470 ipsum
3246 5393 3544 5453 conciliat.
3605 5387 3827 5453 Quodsi

415 5492 534 5534 non
566 5480 742 5537 modo
775 5496 895 5537 non
926 5479 1141 5554 eligitis
1172 5479 1451 5552 injuriam
1487 5479 1779 5552 accipere,
1809 5482 1911 5538 sed
1945 5488 2002 5539 et
2032 5483 2202 5541 illam
2231 5484 2525 5558 irrogatis,
2561 5485 2737 5557 idque
2769 5486 3049 5542 adversus
3082 5487 3294 5542 fratres
3325 5490 3384 5541 et
3413 5483 3513 5555 qui
3557 5477 3822 5544 eiusdem

415 5575 553 5625 sunt
584 5569 744 5639 fidei,
775 5575 1063 5642 quantum
1094 5569 1257 5624 vobis
1289 5568 1347 5622 id
1381 5568 1451 5623 ad
1481 5586 1683 5640 pcenas
1715 5570 1887 5627 cedet
1920 5573 2197 5645 supplicii
2227 5574 2238 5629 3
