  <div class='ocr_page' id='page_1' title='image "/cluster/home/n/w/nwhite01/storage/ocr_20150623/118/hvd.32044073502247/361.png"; bbox 0 0 4198 6200; ppageno 0'>
   <div class='ocr_carea' id='block_1_1' title="bbox 426 312 539 372">
    <p class='ocr_par' dir='ltr' id='par_1_1' title="bbox 426 312 539 372">
     <span class='ocr_line' id='line_1_1' title="bbox 426 312 539 372; baseline -0.027 0"><span class='ocrx_word' id='word_1_1' title='bbox 426 312 539 372; x_wconf 80' lang='grc'>711</span> 
     </span>
    </p>
   </div>
   <div class='ocr_carea' id='block_1_2' title="bbox 1503 282 2683 353">
    <p class='ocr_par' dir='ltr' id='par_1_2' title="bbox 1503 282 2683 353">
     <span class='ocr_line' id='line_1_2' title="bbox 1503 282 2683 353; baseline -0.009 0"><span class='ocrx_word' id='word_1_2' title='bbox 1503 285 1921 353; x_wconf 76' lang='lat' dir='ltr'>CECUMENII</span> <span class='ocrx_word' id='word_1_3' title='bbox 1965 282 2268 346; x_wconf 69' lang='lat' dir='ltr'>TRlCC/E</span> <span class='ocrx_word' id='word_1_4' title='bbox 2314 283 2683 345; x_wconf 72' lang='lat' dir='ltr'>EPISCOPI&#39;.</span> 
     </span>
    </p>
   </div>
   <div class='ocr_carea' id='block_1_3' title="bbox 3703 283 3821 343">
    <p class='ocr_par' dir='ltr' id='par_1_3' title="bbox 3703 283 3821 343">
     <span class='ocr_line' id='line_1_3' title="bbox 3703 283 3821 343; baseline 0 -1"><span class='ocrx_word' id='word_1_5' title='bbox 3703 283 3821 343; x_wconf 80' lang='grc'>712</span> 
     </span>
    </p>
   </div>
   <div class='ocr_carea' id='block_1_4' title="bbox 495 411 2070 497">
    <p class='ocr_par' dir='ltr' id='par_1_4' title="bbox 495 417 2065 497">
     <span class='ocr_line' id='line_1_4' title="bbox 495 417 2065 497; baseline -0.017 1"><span class='ocrx_word' id='word_1_6' title='bbox 495 442 837 497; x_wconf 80' lang='lat' dir='ltr'>Sermonem</span> <span class='ocrx_word' id='word_1_7' title='bbox 892 430 1072 488; x_wconf 87' lang='lat' dir='ltr'>minis</span> <span class='ocrx_word' id='word_1_8' title='bbox 1123 427 1338 484; x_wconf 82' lang='lat' dir='ltr'>clausit</span> <span class='ocrx_word' id='word_1_9' title='bbox 1410 425 1471 479; x_wconf 90' lang='lat' dir='ltr'>in</span> <span class='ocrx_word' id='word_1_10' title='bbox 1530 439 1598 478; x_wconf 90' lang='lat' dir='ltr'>eo</span> <span class='ocrx_word' id='word_1_11' title='bbox 1669 419 1825 491; x_wconf 74' lang='lat' dir='ltr'>quod</span> <span class='ocrx_word' id='word_1_12' title='bbox 1881 417 2065 473; x_wconf 85' lang='lat' dir='ltr'>dixit:</span> 
     </span>
    </p>
   </div>
   <div class='ocr_carea' id='block_1_5' title="bbox 2177 411 3822 497">
    <p class='ocr_par' dir='ltr' id='par_1_5' title="bbox 2253 411 3822 487">
     <span class='ocr_line' id='line_1_5' title="bbox 2253 411 3822 487; baseline -0.002 -16"><span class='ocrx_word' id='word_1_13' title='bbox 2253 414 2349 476; x_wconf 83' lang='grc' dir='ltr'>Εἰς</span> <span class='ocrx_word' id='word_1_14' title='bbox 2404 411 2640 483; x_wconf 75' lang='grc' dir='ltr'>ἀπειλὴν</span> <span class='ocrx_word' id='word_1_15' title='bbox 2681 414 2986 470; x_wconf 71' lang='grc' dir='ltr'>συνέκλεισε</span> <span class='ocrx_word' id='word_1_16' title='bbox 3035 414 3126 468; x_wconf 90' lang='grc' dir='ltr'>τὸν</span> <span class='ocrx_word' id='word_1_17' title='bbox 3186 411 3370 487; x_wconf 80' lang='grc' dir='ltr'>λόγον,</span> <span class='ocrx_word' id='word_1_18' title='bbox 3415 411 3468 468; x_wconf 84' lang='grc' dir='ltr'>ἐν</span> <span class='ocrx_word' id='word_1_19' title='bbox 3521 419 3602 486; x_wconf 82' lang='grc' dir='ltr'>τῷ</span> <span class='ocrx_word' id='word_1_20' title='bbox 3635 412 3822 469; x_wconf 76' lang='grc' dir='ltr'>εἷπεῖν’</span> 
     </span>
    </p>
   </div>
   <div class='ocr_carea' id='block_1_6' title="bbox 421 511 2067 601">
    <p class='ocr_par' dir='ltr' id='par_1_6' title="bbox 421 511 2067 601">
     <span class='ocr_line' id='line_1_6' title="bbox 421 511 2067 601; baseline -0.012 -19"><span class='ocrx_word' id='word_1_21' title='bbox 421 554 449 583; x_wconf 91' lang='grc'>‹‹</span> <span class='ocrx_word' id='word_1_22' title='bbox 480 530 764 601; x_wconf 85' lang='lat' dir='ltr'>Injuriam</span> <span class='ocrx_word' id='word_1_23' title='bbox 798 523 1121 579; x_wconf 80' lang='lat' dir='ltr'>inferentes</span> <span class='ocrx_word' id='word_1_24' title='bbox 1161 518 1326 591; x_wconf 88' lang='lat' dir='ltr'>regni</span> <span class='ocrx_word' id='word_1_25' title='bbox 1375 515 1478 570; x_wconf 86' lang='lat' dir='ltr'>Dei</span> <span class='ocrx_word' id='word_1_26' title='bbox 1510 511 1912 569; x_wconf 84' lang='lat' dir='ltr'>haereditatem</span> <span class='ocrx_word' id='word_1_27' title='bbox 1946 524 2067 563; x_wconf 90' lang='lat' dir='ltr'>non</span> 
     </span>
    </p>
   </div>
   <div class='ocr_carea' id='block_1_7' title="bbox 422 601 2070 690">
    <p class='ocr_par' dir='ltr' id='par_1_7' title="bbox 422 601 2070 690">
     <span class='ocr_line' id='line_1_7' title="bbox 422 601 2070 690; baseline -0.015 -13"><span class='ocrx_word' id='word_1_28' title='bbox 422 621 732 690; x_wconf 85' lang='lat' dir='ltr'>accipient.</span> <span class='ocrx_word' id='word_1_29' title='bbox 757 639 785 666; x_wconf 85' lang='lat'>»</span> <span class='ocrx_word' id='word_1_30' title='bbox 808 645 875 655; x_wconf 87' lang='lat'>—-</span> <span class='ocrx_word' id='word_1_31' title='bbox 902 636 930 663; x_wconf 87' lang='grc'>‹‹</span> <span class='ocrx_word' id='word_1_32' title='bbox 958 615 1037 668; x_wconf 87' lang='lat' dir='ltr'>Ne</span> <span class='ocrx_word' id='word_1_33' title='bbox 1061 610 1327 666; x_wconf 82' lang='lat' dir='ltr'>erretis.»</span> <span class='ocrx_word' id='word_1_34' title='bbox 1352 607 1553 662; x_wconf 90' lang='lat' dir='ltr'>lnnuit</span> <span class='ocrx_word' id='word_1_35' title='bbox 1572 605 1669 658; x_wconf 91' lang='lat' dir='ltr'>hic</span> <span class='ocrx_word' id='word_1_36' title='bbox 1691 601 1874 656; x_wconf 84' lang='lat' dir='ltr'>fuisse</span> <span class='ocrx_word' id='word_1_37' title='bbox 1896 616 2070 670; x_wconf 88' lang='lat' dir='ltr'>quos-</span> 
     </span>
    </p>
   </div>
   <div class='ocr_carea' id='block_1_8' title="bbox 422 693 2069 779">
    <p class='ocr_par' dir='ltr' id='par_1_8' title="bbox 422 693 2069 779">
     <span class='ocr_line' id='line_1_8' title="bbox 422 693 2069 779; baseline -0.014 -13"><span class='ocrx_word' id='word_1_38' title='bbox 422 712 557 766; x_wconf 91' lang='lat' dir='ltr'>dam</span> <span class='ocrx_word' id='word_1_39' title='bbox 587 705 743 779; x_wconf 88' lang='lat' dir='ltr'>apud</span> <span class='ocrx_word' id='word_1_40' title='bbox 776 721 874 760; x_wconf 80' lang='lat' dir='ltr'>eos</span> <span class='ocrx_word' id='word_1_41' title='bbox 907 702 1007 774; x_wconf 86' lang='lat' dir='ltr'>qui</span> <span class='ocrx_word' id='word_1_42' title='bbox 1038 701 1347 756; x_wconf 84' lang='lat' dir='ltr'>dicerent:</span> <span class='ocrx_word' id='word_1_43' title='bbox 1382 696 1680 767; x_wconf 88' lang='lat' dir='ltr'>Benignus</span> <span class='ocrx_word' id='word_1_44' title='bbox 1712 696 1803 746; x_wconf 88' lang='lat' dir='ltr'>est</span> <span class='ocrx_word' id='word_1_45' title='bbox 1826 697 1979 745; x_wconf 88' lang='lat' dir='ltr'>Deus</span> <span class='ocrx_word' id='word_1_46' title='bbox 2010 693 2069 744; x_wconf 91' lang='lat' dir='ltr'>et</span> 
     </span>
    </p>
   </div>
   <div class='ocr_carea' id='block_1_9' title="bbox 422 779 2070 868">
    <p class='ocr_par' dir='ltr' id='par_1_9' title="bbox 422 779 2070 868">
     <span class='ocr_line' id='line_1_9' title="bbox 422 779 2070 868; baseline -0.013 -13"><span class='ocrx_word' id='word_1_47' title='bbox 422 798 700 856; x_wconf 89' lang='lat' dir='ltr'>omnibus</span> <span class='ocrx_word' id='word_1_48' title='bbox 730 794 1002 868; x_wconf 83' lang='lat' dir='ltr'>ignoscit,</span> <span class='ocrx_word' id='word_1_49' title='bbox 1022 809 1091 848; x_wconf 86' lang='lat' dir='ltr'>ac</span> <span class='ocrx_word' id='word_1_50' title='bbox 1111 792 1173 846; x_wconf 90' lang='lat' dir='ltr'>in</span> <span class='ocrx_word' id='word_1_51' title='bbox 1203 804 1449 862; x_wconf 81' lang='lat' dir='ltr'>regnum</span> <span class='ocrx_word' id='word_1_52' title='bbox 1483 785 1767 842; x_wconf 62' lang='lat' dir='ltr'>calorum</span> <span class='ocrx_word' id='word_1_53' title='bbox 1799 779 2070 836; x_wconf 85' lang='lat' dir='ltr'>introdu-</span> 
     </span>
    </p>
   </div>
   <div class='ocr_carea' id='block_1_10' title="bbox 417 867 2071 958">
    <p class='ocr_par' dir='ltr' id='par_1_10' title="bbox 417 867 2071 958">
     <span class='ocr_line' id='line_1_10' title="bbox 417 867 2071 958; baseline -0.014 -13"><span class='ocrx_word' id='word_1_54' title='bbox 417 889 497 945; x_wconf 88' lang='lat' dir='ltr'>cit</span> <span class='ocrx_word' id='word_1_55' title='bbox 513 888 691 944; x_wconf 90' lang='lat' dir='ltr'>etiam</span> <span class='ocrx_word' id='word_1_56' title='bbox 710 867 1050 958; x_wconf 89' lang='lat' dir='ltr'>peccatores</span> <span class='ocrx_word' id='word_1_57' title='bbox 1073 898 1142 936; x_wconf 81' lang='lat' dir='ltr'>ex</span> <span class='ocrx_word' id='word_1_58' title='bbox 1163 876 1545 951; x_wconf 81' lang='lat' dir='ltr'>benignitatis</span> <span class='ocrx_word' id='word_1_59' title='bbox 1567 870 1966 930; x_wconf 86' lang='lat' dir='ltr'>abundantia:</span> <span class='ocrx_word' id='word_1_60' title='bbox 1987 867 2071 923; x_wconf 86' lang='lat' dir='ltr'>ait</span> 
     </span>
    </p>
   </div>
   <div class='ocr_carea' id='block_1_11' title="bbox 420 958 2067 1050">
    <p class='ocr_par' dir='ltr' id='par_1_11' title="bbox 420 958 2067 1050">
     <span class='ocr_line' id='line_1_11' title="bbox 420 958 2067 1050; baseline -0.015 -16"><span class='ocrx_word' id='word_1_61' title='bbox 420 995 555 1050; x_wconf 87' lang='lat' dir='ltr'>ergo</span> <span class='ocrx_word' id='word_1_62' title='bbox 585 994 597 1033; x_wconf 93' lang='lat'>:</span> <span class='ocrx_word' id='word_1_63' title='bbox 633 977 711 1031; x_wconf 82' lang='lat' dir='ltr'>Ne</span> <span class='ocrx_word' id='word_1_64' title='bbox 742 976 868 1030; x_wconf 81' lang='lat' dir='ltr'>haec</span> <span class='ocrx_word' id='word_1_65' title='bbox 924 972 1190 1027; x_wconf 86' lang='lat' dir='ltr'>dicentes</span> <span class='ocrx_word' id='word_1_66' title='bbox 1249 985 1315 1024; x_wconf 92' lang='lat' dir='ltr'>ac</span> <span class='ocrx_word' id='word_1_67' title='bbox 1374 969 1681 1038; x_wconf 83' lang='lat' dir='ltr'>sperantes</span> <span class='ocrx_word' id='word_1_68' title='bbox 1715 960 1945 1015; x_wconf 88' lang='lat' dir='ltr'>erretis.</span> <span class='ocrx_word' id='word_1_69' title='bbox 1979 958 2067 1012; x_wconf 91' lang='lat' dir='ltr'>Si-</span> 
     </span>
    </p>
   </div>
   <div class='ocr_carea' id='block_1_12' title="bbox 419 1053 2068 1138">
    <p class='ocr_par' dir='ltr' id='par_1_12' title="bbox 419 1053 2068 1138">
     <span class='ocr_line' id='line_1_12' title="bbox 419 1053 2068 1138; baseline -0.013 -16"><span class='ocrx_word' id='word_1_70' title='bbox 419 1067 661 1138; x_wconf 86' lang='lat' dir='ltr'>quidem</span> <span class='ocrx_word' id='word_1_71' title='bbox 692 1064 752 1119; x_wconf 91' lang='lat' dir='ltr'>id</span> <span class='ocrx_word' id='word_1_72' title='bbox 781 1078 985 1118; x_wconf 85' lang='lat' dir='ltr'>revera</span> <span class='ocrx_word' id='word_1_73' title='bbox 1014 1076 1181 1116; x_wconf 90' lang='lat' dir='ltr'>error</span> <span class='ocrx_word' id='word_1_74' title='bbox 1235 1062 1344 1122; x_wconf 89' lang='lat' dir='ltr'>est,</span> <span class='ocrx_word' id='word_1_75' title='bbox 1403 1054 1560 1110; x_wconf 91' lang='lat' dir='ltr'>bona</span> <span class='ocrx_word' id='word_1_76' title='bbox 1591 1065 1827 1122; x_wconf 87' lang='lat' dir='ltr'>sperare</span> <span class='ocrx_word' id='word_1_77' title='bbox 1859 1053 1916 1103; x_wconf 88' lang='lat' dir='ltr'>et</span> <span class='ocrx_word' id='word_1_78' title='bbox 1947 1062 2068 1101; x_wconf 89' lang='lat' dir='ltr'>non</span> 
     </span>
    </p>
   </div>
   <div class='ocr_carea' id='block_1_13' title="bbox 418 1137 2071 1226">
    <p class='ocr_par' dir='ltr' id='par_1_13' title="bbox 418 1137 2071 1226">
     <span class='ocr_line' id='line_1_13' title="bbox 418 1137 2071 1226; baseline -0.015 -13"><span class='ocrx_word' id='word_1_79' title='bbox 418 1137 675 1226; x_wconf 80' lang='lat' dir='ltr'>assequi.</span> <span class='ocrx_word' id='word_1_80' title='bbox 736 1175 762 1204; x_wconf 79' lang='grc' dir='ltr'>‹ι</span> <span class='ocrx_word' id='word_1_81' title='bbox 795 1155 995 1222; x_wconf 88' lang='lat' dir='ltr'>Neque</span> <span class='ocrx_word' id='word_1_82' title='bbox 1056 1152 1433 1204; x_wconf 85' lang='lat' dir='ltr'>scortatores.</span> <span class='ocrx_word' id='word_1_83' title='bbox 1481 1164 1503 1191; x_wconf 81' lang='grc' dir='ltr'>ιι</span> <span class='ocrx_word' id='word_1_84' title='bbox 1568 1141 1743 1195; x_wconf 90' lang='lat' dir='ltr'>Illum</span> <span class='ocrx_word' id='word_1_85' title='bbox 1799 1137 2071 1209; x_wconf 79' lang='lat' dir='ltr'>designat</span> 
     </span>
    </p>
   </div>
   <div class='ocr_carea' id='block_1_14' title="bbox 418 1229 2067 1311">
    <p class='ocr_par' dir='ltr' id='par_1_14' title="bbox 418 1229 2067 1311">
     <span class='ocr_line' id='line_1_14' title="bbox 418 1229 2067 1311; baseline -0.015 -7"><span class='ocrx_word' id='word_1_86' title='bbox 418 1252 805 1304; x_wconf 88' lang='lat' dir='ltr'>scortatorem</span> <span class='ocrx_word' id='word_1_87' title='bbox 838 1244 909 1298; x_wconf 92' lang='lat' dir='ltr'>de</span> <span class='ocrx_word' id='word_1_88' title='bbox 969 1257 1084 1311; x_wconf 89' lang='lat' dir='ltr'>quo</span> <span class='ocrx_word' id='word_1_89' title='bbox 1143 1238 1330 1311; x_wconf 89' lang='lat' dir='ltr'>prius,</span> <span class='ocrx_word' id='word_1_90' title='bbox 1382 1234 1515 1290; x_wconf 90' lang='lat' dir='ltr'>ideo</span> <span class='ocrx_word' id='word_1_91' title='bbox 1574 1231 1769 1287; x_wconf 89' lang='lat' dir='ltr'>etiam.</span> <span class='ocrx_word' id='word_1_92' title='bbox 1814 1248 1833 1276; x_wconf 77' lang='grc' dir='ltr'>ι</span> <span class='ocrx_word' id='word_1_93' title='bbox 1869 1229 2067 1296; x_wconf 83' lang='lat' dir='ltr'>Neque</span> 
     </span>
    </p>
   </div>
   <div class='ocr_carea' id='block_1_15' title="bbox 419 1324 1466 1403">
    <p class='ocr_par' dir='ltr' id='par_1_15' title="bbox 419 1324 1466 1403">
     <span class='ocr_line' id='line_1_15' title="bbox 419 1324 1466 1403; baseline -0.015 -11"><span class='ocrx_word' id='word_1_94' title='bbox 419 1341 773 1392; x_wconf 86' lang='lat' dir='ltr'>scortatores</span> <span class='ocrx_word' id='word_1_95' title='bbox 806 1355 834 1383; x_wconf 89' lang='grc'><strong>››</strong></span> <span class='ocrx_word' id='word_1_96' title='bbox 866 1331 1060 1403; x_wconf 86' lang='lat' dir='ltr'>primo</span> <span class='ocrx_word' id='word_1_97' title='bbox 1088 1328 1218 1383; x_wconf 90' lang='lat' dir='ltr'>loco</span> <span class='ocrx_word' id='word_1_98' title='bbox 1251 1324 1466 1397; x_wconf 85' lang='lat' dir='ltr'>posuit.</span> 
     </span>
    </p>
   </div>
   <div class='ocr_carea' id='block_1_16' title="bbox 492 1407 2064 1491">
    <p class='ocr_par' dir='ltr' id='par_1_16' title="bbox 492 1407 2064 1491">
     <span class='ocr_line' id='line_1_16' title="bbox 492 1407 2064 1491; baseline -0.016 -11"><span class='ocrx_word' id='word_1_99' title='bbox 492 1425 642 1480; x_wconf 68' lang='lat'>467</span> <span class='ocrx_word' id='word_1_100' title='bbox 706 1423 969 1491; x_wconf 81' lang='lat' dir='ltr'>«Neque</span> <span class='ocrx_word' id='word_1_101' title='bbox 1028 1414 1244 1473; x_wconf 87' lang='lat' dir='ltr'>ebriosi</span> <span class='ocrx_word' id='word_1_102' title='bbox 1300 1428 1493 1483; x_wconf 89' lang='lat' dir='ltr'>neque</span> <span class='ocrx_word' id='word_1_103' title='bbox 1550 1407 1995 1465; x_wconf 85' lang='lat' dir='ltr'>conviciatores.</span> <span class='ocrx_word' id='word_1_104' title='bbox 2037 1426 2064 1455; x_wconf 70' lang='grc' dir='ltr'>π</span> 
     </span>
    </p>
   </div>
   <div class='ocr_carea' id='block_1_17' title="bbox 416 1493 2069 1579">
    <p class='ocr_par' dir='ltr' id='par_1_17' title="bbox 416 1493 2069 1579">
     <span class='ocr_line' id='line_1_17' title="bbox 416 1493 2069 1579; baseline -0.014 -9"><span class='ocrx_word' id='word_1_105' title='bbox 416 1516 600 1579; x_wconf 90' lang='lat' dir='ltr'>Quam</span> <span class='ocrx_word' id='word_1_106' title='bbox 632 1511 704 1566; x_wconf 93' lang='lat' dir='ltr'>ob</span> <span class='ocrx_word' id='word_1_107' title='bbox 736 1525 977 1566; x_wconf 88' lang='lat' dir='ltr'>causam</span> <span class='ocrx_word' id='word_1_108' title='bbox 1007 1506 1275 1562; x_wconf 85' lang='lat' dir='ltr'>ebriosos</span> <span class='ocrx_word' id='word_1_109' title='bbox 1318 1520 1386 1558; x_wconf 88' lang='lat' dir='ltr'>ac</span> <span class='ocrx_word' id='word_1_110' title='bbox 1416 1499 1839 1556; x_wconf 88' lang='lat' dir='ltr'>conviciatores</span> <span class='ocrx_word' id='word_1_111' title='bbox 1870 1493 2069 1566; x_wconf 88' lang='lat' dir='ltr'>posuit</span> 
     </span>
    </p>
   </div>
   <div class='ocr_carea' id='block_1_18' title="bbox 411 1586 2068 1675">
    <p class='ocr_par' dir='ltr' id='par_1_18' title="bbox 411 1586 2068 1675">
     <span class='ocr_line' id='line_1_18' title="bbox 411 1586 2068 1675; baseline -0.013 -17"><span class='ocrx_word' id='word_1_112' title='bbox 411 1608 547 1675; x_wconf 81' lang='lat' dir='ltr'>post</span> <span class='ocrx_word' id='word_1_113' title='bbox 574 1600 879 1657; x_wconf 90' lang='lat' dir='ltr'>adulteros</span> <span class='ocrx_word' id='word_1_114' title='bbox 909 1602 968 1653; x_wconf 91' lang='lat' dir='ltr'>et</span> <span class='ocrx_word' id='word_1_115' title='bbox 990 1594 1334 1651; x_wconf 86' lang='lat' dir='ltr'>idololatras</span> <span class='ocrx_word' id='word_1_116' title='bbox 1355 1607 1423 1647; x_wconf 90' lang='lat' dir='ltr'>ac</span> <span class='ocrx_word' id='word_1_117' title='bbox 1448 1586 1911 1645; x_wconf 89' lang='lat' dir='ltr'>concumbentes</span> <span class='ocrx_word' id='word_1_118' title='bbox 1932 1599 2068 1638; x_wconf 90' lang='lat' dir='ltr'>cum</span> 
     </span>
    </p>
   </div>
   <div class='ocr_carea' id='block_1_19' title="bbox 410 1675 2067 1765">
    <p class='ocr_par' dir='ltr' id='par_1_19' title="bbox 410 1675 2067 1765">
     <span class='ocr_line' id='line_1_19' title="bbox 410 1675 2067 1765; baseline -0.017 -16"><span class='ocrx_word' id='word_1_119' title='bbox 410 1689 741 1765; x_wconf 87' lang='lat' dir='ltr'>masculis?</span> <span class='ocrx_word' id='word_1_120' title='bbox 769 1686 1060 1754; x_wconf 87' lang='lat' dir='ltr'>Quoniam</span> <span class='ocrx_word' id='word_1_121' title='bbox 1093 1682 1437 1740; x_wconf 86' lang='lat' dir='ltr'>etChristus</span> <span class='ocrx_word' id='word_1_122' title='bbox 1469 1695 1605 1734; x_wconf 91' lang='lat' dir='ltr'>eum</span> <span class='ocrx_word' id='word_1_123' title='bbox 1639 1676 1737 1747; x_wconf 88' lang='lat' dir='ltr'>qui</span> <span class='ocrx_word' id='word_1_124' title='bbox 1765 1697 1792 1724; x_wconf 85' lang='grc' dir='ltr'>ι(</span> <span class='ocrx_word' id='word_1_125' title='bbox 1825 1675 2002 1728; x_wconf 89' lang='lat' dir='ltr'>Fatue</span> <span class='ocrx_word' id='word_1_126' title='bbox 2039 1693 2067 1721; x_wconf 71' lang='grc' dir='ltr'><strong>η</strong></span> 
     </span>
    </p>
   </div>
   <div class='ocr_carea' id='block_1_20' title="bbox 417 1762 2145 1848">
    <p class='ocr_par' dir='ltr' id='par_1_20' title="bbox 417 1762 2145 1848">
     <span class='ocr_line' id='line_1_20' title="bbox 417 1762 2145 1848; baseline -0.013 -12"><span class='ocrx_word' id='word_1_127' title='bbox 417 1764 660 1847; x_wconf 80' lang='lat' dir='ltr'>dieeret,</span> <span class='ocrx_word' id='word_1_128' title='bbox 694 1777 1015 1833; x_wconf 82' lang='lat' dir='ltr'>obnoxium</span> <span class='ocrx_word' id='word_1_129' title='bbox 1038 1775 1326 1848; x_wconf 71' lang='lat' dir='ltr'>gehennae</span> <span class='ocrx_word' id='word_1_130' title='bbox 1348 1768 1601 1825; x_wconf 86' lang='lat' dir='ltr'>asseruit</span> <span class='ocrx_word' id='word_1_131' title='bbox 1621 1764 1757 1831; x_wconf 69' lang='lat' dir='ltr'>3’,et</span> <span class='ocrx_word' id='word_1_132' title='bbox 1783 1762 1968 1818; x_wconf 82' lang='lat' dir='ltr'>Judaei</span> <span class='ocrx_word' id='word_1_133' title='bbox 1995 1777 2066 1816; x_wconf 85' lang='lat' dir='ltr'>ex</span> <span class='ocrx_word' id='word_1_134' title='bbox 2098 1772 2145 1838; x_wconf 79' lang='grc' dir='ltr'><strong>Β</strong></span> 
     </span>
    </p>
   </div>
   <div class='ocr_carea' id='block_1_21' title="bbox 418 1850 2065 1926">
    <p class='ocr_par' dir='ltr' id='par_1_21' title="bbox 418 1850 2065 1926">
     <span class='ocr_line' id='line_1_21' title="bbox 418 1850 2065 1926; baseline -0.012 0"><span class='ocrx_word' id='word_1_135' title='bbox 418 1869 919 1926; x_wconf 86' lang='lat' dir='ltr'>comessationeac</span> <span class='ocrx_word' id='word_1_136' title='bbox 933 1866 1216 1921; x_wconf 84' lang='lat' dir='ltr'>ebrietate</span> <span class='ocrx_word' id='word_1_137' title='bbox 1230 1857 1695 1917; x_wconf 86' lang='lat' dir='ltr'>inidololatriam</span> <span class='ocrx_word' id='word_1_138' title='bbox 1708 1850 2065 1909; x_wconf 61' lang='lat' dir='ltr'>venerunt”.</span> 
     </span>
    </p>
   </div>
   <div class='ocr_carea' id='block_1_22' title="bbox 420 1942 2067 2029">
    <p class='ocr_par' dir='ltr' id='par_1_22' title="bbox 420 1942 2067 2029">
     <span class='ocr_line' id='line_1_22' title="bbox 420 1942 2067 2029; baseline -0.013 -13"><span class='ocrx_word' id='word_1_139' title='bbox 420 1960 643 2016; x_wconf 88' lang='lat' dir='ltr'>Deinde</span> <span class='ocrx_word' id='word_1_140' title='bbox 694 1960 777 2015; x_wconf 88' lang='lat' dir='ltr'>ait</span> <span class='ocrx_word' id='word_1_141' title='bbox 825 1956 983 2029; x_wconf 89' lang='lat' dir='ltr'>quod</span> <span class='ocrx_word' id='word_1_142' title='bbox 1032 1956 1091 2009; x_wconf 86' lang='lat' dir='ltr'>hi</span> <span class='ocrx_word' id='word_1_143' title='bbox 1146 1969 1355 2009; x_wconf 90' lang='lat' dir='ltr'>omnes</span> <span class='ocrx_word' id='word_1_144' title='bbox 1384 1964 1564 2022; x_wconf 86' lang='lat' dir='ltr'>regno</span> <span class='ocrx_word' id='word_1_145' title='bbox 1594 1946 1836 2001; x_wconf 88' lang='lat' dir='ltr'>interim</span> <span class='ocrx_word' id='word_1_146' title='bbox 1888 1942 2067 1998; x_wconf 77' lang='lat' dir='ltr'>ccelo-</span> 
     </span>
    </p>
   </div>
   <div class='ocr_carea' id='block_1_23' title="bbox 418 2033 2067 2114">
    <p class='ocr_par' dir='ltr' id='par_1_23' title="bbox 418 2033 2067 2114">
     <span class='ocr_line' id='line_1_23' title="bbox 418 2033 2067 2114; baseline -0.012 -9"><span class='ocrx_word' id='word_1_147' title='bbox 418 2067 551 2105; x_wconf 89' lang='lat' dir='ltr'>rum</span> <span class='ocrx_word' id='word_1_148' title='bbox 575 2048 853 2105; x_wconf 84' lang='lat' dir='ltr'>excidunt</span> <span class='ocrx_word' id='word_1_149' title='bbox 878 2063 892 2100; x_wconf 90' lang='lat'><strong>:</strong></span> <span class='ocrx_word' id='word_1_150' title='bbox 915 2052 1195 2102; x_wconf 70' lang='lat' dir='ltr'>caeterum</span> <span class='ocrx_word' id='word_1_151' title='bbox 1218 2040 1644 2114; x_wconf 86' lang='lat' dir='ltr'>suppliciorum</span> <span class='ocrx_word' id='word_1_152' title='bbox 1667 2033 2067 2090; x_wconf 84' lang='lat' dir='ltr'>diversitatem</span> 
     </span>
    </p>
   </div>
   <div class='ocr_carea' id='block_1_24' title="bbox 415 2121 2071 2207">
    <p class='ocr_par' dir='ltr' id='par_1_24' title="bbox 415 2121 2071 2207">
     <span class='ocr_line' id='line_1_24' title="bbox 415 2121 2071 2207; baseline -0.013 -12"><span class='ocrx_word' id='word_1_153' title='bbox 415 2140 477 2195; x_wconf 91' lang='lat' dir='ltr'>in</span> <span class='ocrx_word' id='word_1_154' title='bbox 510 2139 773 2195; x_wconf 86' lang='lat' dir='ltr'>futurum</span> <span class='ocrx_word' id='word_1_155' title='bbox 803 2150 1248 2207; x_wconf 72' lang='lat' dir='ltr'>cognoscemus.</span> <span class='ocrx_word' id='word_1_156' title='bbox 1281 2154 1308 2181; x_wconf 91' lang='grc'>‹‹</span> <span class='ocrx_word' id='word_1_157' title='bbox 1340 2134 1524 2199; x_wconf 83' lang='lat' dir='ltr'>Atque</span> <span class='ocrx_word' id='word_1_158' title='bbox 1572 2127 1698 2182; x_wconf 71' lang='lat' dir='ltr'>haec</span> <span class='ocrx_word' id='word_1_159' title='bbox 1725 2122 1903 2179; x_wconf 88' lang='lat' dir='ltr'>eratis</span> <span class='ocrx_word' id='word_1_160' title='bbox 1935 2121 2071 2192; x_wconf 91' lang='lat' dir='ltr'>qui-</span> 
     </span>
    </p>
   </div>
   <div class='ocr_carea' id='block_1_25' title="bbox 416 2209 2067 2297">
    <p class='ocr_par' dir='ltr' id='par_1_25' title="bbox 416 2209 2067 2297">
     <span class='ocr_line' id='line_1_25' title="bbox 416 2209 2067 2297; baseline -0.013 -13"><span class='ocrx_word' id='word_1_161' title='bbox 416 2229 573 2284; x_wconf 92' lang='lat' dir='ltr'>dam.</span> <span class='ocrx_word' id='word_1_162' title='bbox 604 2249 633 2277; x_wconf 83' lang='lat'><strong>»</strong></span> <span class='ocrx_word' id='word_1_163' title='bbox 692 2231 847 2297; x_wconf 64' lang='lat' dir='ltr'>Haec,</span> <span class='ocrx_word' id='word_1_164' title='bbox 902 2224 1116 2296; x_wconf 89' lang='lat' dir='ltr'>inquit,</span> <span class='ocrx_word' id='word_1_165' title='bbox 1176 2220 1349 2277; x_wconf 89' lang='lat' dir='ltr'>multi</span> <span class='ocrx_word' id='word_1_166' title='bbox 1400 2215 1747 2273; x_wconf 89' lang='lat' dir='ltr'>habebatis:</span> <span class='ocrx_word' id='word_1_167' title='bbox 1801 2217 1861 2267; x_wconf 90' lang='lat' dir='ltr'>et</span> <span class='ocrx_word' id='word_1_168' title='bbox 1890 2209 2067 2266; x_wconf 87' lang='lat' dir='ltr'>eratis</span> 
     </span>
    </p>
   </div>
   <div class='ocr_carea' id='block_1_26' title="bbox 420 2300 2067 2389">
    <p class='ocr_par' dir='ltr' id='par_1_26' title="bbox 420 2300 2067 2389">
     <span class='ocr_line' id='line_1_26' title="bbox 420 2300 2067 2389; baseline -0.013 -15"><span class='ocrx_word' id='word_1_169' title='bbox 420 2317 663 2389; x_wconf 87' lang='lat' dir='ltr'>quidam</span> <span class='ocrx_word' id='word_1_170' title='bbox 693 2316 820 2371; x_wconf 65' lang='lat' dir='ltr'>haec</span> <span class='ocrx_word' id='word_1_171' title='bbox 850 2313 1160 2370; x_wconf 88' lang='lat' dir='ltr'>habentes.</span> <span class='ocrx_word' id='word_1_172' title='bbox 1200 2333 1221 2359; x_wconf 74' lang='grc' dir='ltr'>ι</span> <span class='ocrx_word' id='word_1_173' title='bbox 1256 2307 1369 2364; x_wconf 88' lang='lat' dir='ltr'>Sed</span> <span class='ocrx_word' id='word_1_174' title='bbox 1427 2304 1613 2362; x_wconf 90' lang='lat' dir='ltr'>abluti</span> <span class='ocrx_word' id='word_1_175' title='bbox 1643 2302 1806 2358; x_wconf 84' lang='lat' dir='ltr'>estis.</span> <span class='ocrx_word' id='word_1_176' title='bbox 1845 2322 1874 2350; x_wconf 82' lang='lat'>»</span> <span class='ocrx_word' id='word_1_177' title='bbox 1899 2300 2067 2354; x_wconf 82' lang='lat' dir='ltr'>Post-</span> 
     </span>
    </p>
   </div>
   <div class='ocr_carea' id='block_1_27' title="bbox 421 2389 2066 2464">
    <p class='ocr_par' dir='ltr' id='par_1_27' title="bbox 421 2389 2066 2464">
     <span class='ocr_line' id='line_1_27' title="bbox 421 2389 2066 2464; baseline -0.013 0"><span class='ocrx_word' id='word_1_178' title='bbox 421 2407 664 2464; x_wconf 88' lang='lat' dir='ltr'>modum</span> <span class='ocrx_word' id='word_1_179' title='bbox 693 2405 912 2462; x_wconf 89' lang='lat' dir='ltr'>Christi</span> <span class='ocrx_word' id='word_1_180' title='bbox 944 2401 1236 2459; x_wconf 84' lang='lat' dir='ltr'>beneﬁcia</span> <span class='ocrx_word' id='word_1_181' title='bbox 1281 2402 1574 2454; x_wconf 87' lang='lat' dir='ltr'>recenset.</span> <span class='ocrx_word' id='word_1_182' title='bbox 1606 2393 1818 2461; x_wconf 91' lang='lat' dir='ltr'>Eratis,</span> <span class='ocrx_word' id='word_1_183' title='bbox 1852 2389 2066 2461; x_wconf 89' lang='lat' dir='ltr'>inquit,</span> 
     </span>
    </p>
   </div>
   <div class='ocr_carea' id='block_1_28' title="bbox 422 2478 2068 2570">
    <p class='ocr_par' dir='ltr' id='par_1_28' title="bbox 422 2478 2068 2570">
     <span class='ocr_line' id='line_1_28' title="bbox 422 2478 2068 2570; baseline -0.014 -16"><span class='ocrx_word' id='word_1_184' title='bbox 422 2515 553 2570; x_wconf 69' lang='lat' dir='ltr'>qum</span> <span class='ocrx_word' id='word_1_185' title='bbox 586 2496 870 2569; x_wconf 71' lang='lat' dir='ltr'>praedicta</span> <span class='ocrx_word' id='word_1_186' title='bbox 900 2498 1058 2562; x_wconf 90' lang='lat' dir='ltr'>sunt,</span> <span class='ocrx_word' id='word_1_187' title='bbox 1092 2490 1194 2547; x_wconf 87' lang='lat' dir='ltr'>sed</span> <span class='ocrx_word' id='word_1_188' title='bbox 1224 2505 1406 2562; x_wconf 91' lang='lat' dir='ltr'>puros</span> <span class='ocrx_word' id='word_1_189' title='bbox 1454 2502 1556 2541; x_wconf 88' lang='lat' dir='ltr'>vos</span> <span class='ocrx_word' id='word_1_190' title='bbox 1586 2481 1845 2539; x_wconf 91' lang='lat' dir='ltr'>reddidit</span> <span class='ocrx_word' id='word_1_191' title='bbox 1873 2478 2068 2534; x_wconf 83' lang='lat' dir='ltr'>Chris-</span> 
     </span>
    </p>
   </div>
   <div class='ocr_carea' id='block_1_29' title="bbox 423 2570 2070 2650">
    <p class='ocr_par' dir='ltr' id='par_1_29' title="bbox 423 2570 2070 2650">
     <span class='ocr_line' id='line_1_29' title="bbox 423 2570 2070 2650; baseline -0.013 -7"><span class='ocrx_word' id='word_1_192' title='bbox 423 2592 518 2643; x_wconf 89' lang='lat' dir='ltr'>tus</span> <span class='ocrx_word' id='word_1_193' title='bbox 544 2604 557 2641; x_wconf 90' lang='lat'><strong>:</strong></span> <span class='ocrx_word' id='word_1_194' title='bbox 591 2603 700 2641; x_wconf 80' lang='lat' dir='ltr'>nec</span> <span class='ocrx_word' id='word_1_195' title='bbox 730 2584 792 2639; x_wconf 93' lang='lat' dir='ltr'>id</span> <span class='ocrx_word' id='word_1_196' title='bbox 824 2583 1040 2650; x_wconf 91' lang='lat' dir='ltr'>solum,</span> <span class='ocrx_word' id='word_1_197' title='bbox 1072 2596 1275 2637; x_wconf 89' lang='lat' dir='ltr'>verum</span> <span class='ocrx_word' id='word_1_198' title='bbox 1308 2577 1486 2634; x_wconf 91' lang='lat' dir='ltr'>etiam</span> <span class='ocrx_word' id='word_1_199' title='bbox 1527 2570 1931 2635; x_wconf 83' lang='lat' dir='ltr'>sanctiﬁcavit,</span> <span class='ocrx_word' id='word_1_200' title='bbox 1963 2584 2070 2623; x_wconf 84' lang='lat' dir='ltr'>ne-</span> 
     </span>
    </p>
   </div>
   <div class='ocr_carea' id='block_1_30' title="bbox 420 2662 2067 2747">
    <p class='ocr_par' dir='ltr' id='par_1_30' title="bbox 420 2662 2067 2747">
     <span class='ocr_line' id='line_1_30' title="bbox 420 2662 2067 2747; baseline -0.013 -15"><span class='ocrx_word' id='word_1_201' title='bbox 420 2693 535 2747; x_wconf 89' lang='lat' dir='ltr'>que</span> <span class='ocrx_word' id='word_1_202' title='bbox 564 2676 677 2730; x_wconf 92' lang='lat' dir='ltr'>hoc</span> <span class='ocrx_word' id='word_1_203' title='bbox 709 2678 961 2739; x_wconf 87' lang='lat' dir='ltr'>tantum,</span> <span class='ocrx_word' id='word_1_204' title='bbox 996 2669 1099 2726; x_wconf 87' lang='lat' dir='ltr'>sed</span> <span class='ocrx_word' id='word_1_205' title='bbox 1130 2674 1189 2724; x_wconf 90' lang='lat' dir='ltr'>et</span> <span class='ocrx_word' id='word_1_206' title='bbox 1235 2663 1602 2739; x_wconf 81' lang='lat' dir='ltr'>justiﬁcavit.</span> <span class='ocrx_word' id='word_1_207' title='bbox 1643 2686 1671 2712; x_wconf 83' lang='lat'><strong>«</strong></span> <span class='ocrx_word' id='word_1_208' title='bbox 1708 2662 1819 2716; x_wconf 90' lang='lat' dir='ltr'>Per</span> <span class='ocrx_word' id='word_1_209' title='bbox 1846 2672 2067 2713; x_wconf 90' lang='lat' dir='ltr'>nomen</span> 
     </span>
    </p>
   </div>
   <div class='ocr_carea' id='block_1_31' title="bbox 419 2743 2070 2827">
    <p class='ocr_par' dir='ltr' id='par_1_31' title="bbox 419 2743 2070 2827">
     <span class='ocr_line' id='line_1_31' title="bbox 419 2743 2070 2827; baseline -0.014 -8"><span class='ocrx_word' id='word_1_210' title='bbox 419 2762 655 2819; x_wconf 89' lang='lat' dir='ltr'>Domini</span> <span class='ocrx_word' id='word_1_211' title='bbox 684 2764 841 2818; x_wconf 82' lang='lat' dir='ltr'>Jesu.</span> <span class='ocrx_word' id='word_1_212' title='bbox 878 2782 906 2810; x_wconf 84' lang='lat'>»</span> <span class='ocrx_word' id='word_1_213' title='bbox 933 2760 1004 2814; x_wconf 89' lang='lat' dir='ltr'>Et</span> <span class='ocrx_word' id='word_1_214' title='bbox 1030 2759 1178 2823; x_wconf 61' lang='lat' dir='ltr'>hare,</span> <span class='ocrx_word' id='word_1_215' title='bbox 1211 2755 1426 2827; x_wconf 89' lang='lat' dir='ltr'>inquit,</span> <span class='ocrx_word' id='word_1_216' title='bbox 1458 2751 1660 2807; x_wconf 90' lang='lat' dir='ltr'>omnia</span> <span class='ocrx_word' id='word_1_217' title='bbox 1686 2747 1855 2804; x_wconf 84' lang='lat' dir='ltr'>vobis</span> <span class='ocrx_word' id='word_1_218' title='bbox 1885 2743 2070 2800; x_wconf 91' lang='lat' dir='ltr'>conti-</span> 
     </span>
    </p>
   </div>
   <div class='ocr_carea' id='block_1_32' title="bbox 417 2842 2064 2931">
    <p class='ocr_par' dir='ltr' id='par_1_32' title="bbox 417 2842 2064 2931">
     <span class='ocr_line' id='line_1_32' title="bbox 417 2842 2064 2931; baseline -0.015 -17"><span class='ocrx_word' id='word_1_219' title='bbox 417 2860 630 2931; x_wconf 85' lang='lat' dir='ltr'>gerunt</span> <span class='ocrx_word' id='word_1_220' title='bbox 651 2872 755 2927; x_wconf 90' lang='lat' dir='ltr'>per</span> <span class='ocrx_word' id='word_1_221' title='bbox 778 2869 996 2909; x_wconf 90' lang='lat' dir='ltr'>nomen</span> <span class='ocrx_word' id='word_1_222' title='bbox 1018 2847 1235 2906; x_wconf 88' lang='lat' dir='ltr'>Christi</span> <span class='ocrx_word' id='word_1_223' title='bbox 1262 2852 1319 2902; x_wconf 92' lang='lat' dir='ltr'>et</span> <span class='ocrx_word' id='word_1_224' title='bbox 1338 2862 1445 2918; x_wconf 90' lang='lat' dir='ltr'>per</span> <span class='ocrx_word' id='word_1_225' title='bbox 1461 2843 1741 2914; x_wconf 89' lang='lat' dir='ltr'>Spiritum</span> <span class='ocrx_word' id='word_1_226' title='bbox 1773 2842 2064 2893; x_wconf 90' lang='lat' dir='ltr'>sanctum.</span> 
     </span>
    </p>
   </div>
   <div class='ocr_carea' id='block_1_33' title="bbox 420 2930 2070 3013">
    <p class='ocr_par' dir='ltr' id='par_1_33' title="bbox 420 2930 2070 3013">
     <span class='ocr_line' id='line_1_33' title="bbox 420 2930 2070 3013; baseline -0.016 -9"><span class='ocrx_word' id='word_1_227' title='bbox 420 2930 496 3004; x_wconf 77' lang='lat' dir='ltr'>Pe</span> <span class='ocrx_word' id='word_1_228' title='bbox 527 2945 848 3008; x_wconf 87' lang='lat' dir='ltr'>Christum,</span> <span class='ocrx_word' id='word_1_229' title='bbox 882 2942 1148 3013; x_wconf 89' lang='lat' dir='ltr'>inquam,</span> <span class='ocrx_word' id='word_1_230' title='bbox 1181 2942 1239 2992; x_wconf 90' lang='lat' dir='ltr'>et</span> <span class='ocrx_word' id='word_1_231' title='bbox 1292 2951 1399 3008; x_wconf 92' lang='lat' dir='ltr'>per</span> <span class='ocrx_word' id='word_1_232' title='bbox 1444 2930 1730 3003; x_wconf 86' lang='lat' dir='ltr'>Spiritum</span> <span class='ocrx_word' id='word_1_233' title='bbox 1761 2944 1773 2981; x_wconf 92' lang='lat'>:</span> <span class='ocrx_word' id='word_1_234' title='bbox 1811 2942 1931 2982; x_wconf 91' lang='lat' dir='ltr'>non</span> <span class='ocrx_word' id='word_1_235' title='bbox 1962 2941 2070 2996; x_wconf 87' lang='lat' dir='ltr'>per</span> 
     </span>
    </p>
   </div>
   <div class='ocr_carea' id='block_1_34' title="bbox 420 3017 2066 3105">
    <p class='ocr_par' dir='ltr' id='par_1_34' title="bbox 420 3017 2066 3105">
     <span class='ocr_line' id='line_1_34' title="bbox 420 3017 2066 3105; baseline -0.015 -12"><span class='ocrx_word' id='word_1_236' title='bbox 420 3038 579 3093; x_wconf 89' lang='lat' dir='ltr'>hunc</span> <span class='ocrx_word' id='word_1_237' title='bbox 608 3040 711 3090; x_wconf 89' lang='lat' dir='ltr'>aut</span> <span class='ocrx_word' id='word_1_238' title='bbox 739 3048 845 3105; x_wconf 88' lang='lat' dir='ltr'>per</span> <span class='ocrx_word' id='word_1_239' title='bbox 874 3031 1045 3086; x_wconf 90' lang='lat' dir='ltr'>illum</span> <span class='ocrx_word' id='word_1_240' title='bbox 1074 3045 1087 3082; x_wconf 88' lang='lat'><strong>:</strong></span> <span class='ocrx_word' id='word_1_241' title='bbox 1120 3027 1385 3099; x_wconf 89' lang='lat' dir='ltr'>ipsorum</span> <span class='ocrx_word' id='word_1_242' title='bbox 1446 3017 1799 3094; x_wconf 63' lang='lat' dir='ltr'>praepositos</span> <span class='ocrx_word' id='word_1_243' title='bbox 1827 3029 2066 3071; x_wconf 87' lang='lat' dir='ltr'>rursum</span> 
     </span>
    </p>
   </div>
   <div class='ocr_carea' id='block_1_35' title="bbox 423 3116 1460 3199">
    <p class='ocr_par' dir='ltr' id='par_1_35' title="bbox 423 3116 1460 3199">
     <span class='ocr_line' id='line_1_35' title="bbox 423 3116 1460 3199; baseline -0.014 -17"><span class='ocrx_word' id='word_1_244' title='bbox 423 3126 764 3199; x_wconf 83' lang='lat' dir='ltr'>designans,</span> <span class='ocrx_word' id='word_1_245' title='bbox 794 3122 1093 3194; x_wconf 87' lang='lat' dir='ltr'>sapientes</span> <span class='ocrx_word' id='word_1_246' title='bbox 1132 3134 1200 3173; x_wconf 91' lang='lat' dir='ltr'>ac</span> <span class='ocrx_word' id='word_1_247' title='bbox 1228 3116 1460 3172; x_wconf 88' lang='lat' dir='ltr'>divites.</span> 
     </span>
    </p>
   </div>
   <div class='ocr_carea' id='block_1_36' title="bbox 2180 500 3823 579">
    <p class='ocr_par' dir='ltr' id='par_1_36' title="bbox 2180 500 3823 579">
     <span class='ocr_line' id='line_1_36' title="bbox 2180 500 3823 579; baseline -0.002 -22"><span class='ocrx_word' id='word_1_248' title='bbox 2180 526 2204 557; x_wconf 76' lang='grc' dir='ltr'>ι</span> <span class='ocrx_word' id='word_1_249' title='bbox 2221 504 2289 560; x_wconf 74' lang='grc' dir='ltr'>Οἱ</span> <span class='ocrx_word' id='word_1_250' title='bbox 2306 500 2487 557; x_wconf 73' lang='grc' dir='ltr'>ἄδικοι</span> <span class='ocrx_word' id='word_1_251' title='bbox 2508 501 2785 579; x_wconf 85' lang='grc' dir='ltr'>βασιλείαν</span> <span class='ocrx_word' id='word_1_252' title='bbox 2803 507 2937 559; x_wconf 84' lang='grc' dir='ltr'>Θεοῦ</span> <span class='ocrx_word' id='word_1_253' title='bbox 2950 503 3014 558; x_wconf 84' lang='grc' dir='ltr'>οῦ</span> <span class='ocrx_word' id='word_1_254' title='bbox 3028 501 3533 578; x_wconf 77' lang='grc' dir='ltr'>κληρονομήσουσι.</span> <span class='ocrx_word' id='word_1_255' title='bbox 3556 527 3585 554; x_wconf 86' lang='grc'>››</span> <span class='ocrx_word' id='word_1_256' title='bbox 3606 527 3715 554; x_wconf 89' lang='grc'>-‹‹</span> <span class='ocrx_word' id='word_1_257' title='bbox 3735 504 3823 572; x_wconf 73' lang='grc' dir='ltr'>Μὴ</span> 
     </span>
    </p>
   </div>
   <div class='ocr_carea' id='block_1_37' title="bbox 2175 592 3827 667">
    <p class='ocr_par' dir='ltr' id='par_1_37' title="bbox 2175 592 3827 667">
     <span class='ocr_line' id='line_1_37' title="bbox 2175 592 3827 667; baseline -0.001 -20"><span class='ocrx_word' id='word_1_258' title='bbox 2175 592 2468 648; x_wconf 79' lang='grc' dir='ltr'>πλανᾶσθε.</span> <span class='ocrx_word' id='word_1_259' title='bbox 2500 616 2529 644; x_wconf 83' lang='grc'><strong>››</strong></span> <span class='ocrx_word' id='word_1_260' title='bbox 2582 594 2842 649; x_wconf 78' lang='grc' dir='ltr'>Ἐνταῦθα</span> <span class='ocrx_word' id='word_1_261' title='bbox 2893 592 3204 663; x_wconf 73' lang='grc' dir='ltr'>αἰνίττεται,</span> <span class='ocrx_word' id='word_1_262' title='bbox 3237 593 3324 648; x_wconf 81' lang='grc' dir='ltr'>ὃτι</span> <span class='ocrx_word' id='word_1_263' title='bbox 3380 593 3515 662; x_wconf 82' lang='grc' dir='ltr'>ἦσαν</span> <span class='ocrx_word' id='word_1_264' title='bbox 3567 592 3694 667; x_wconf 84' lang='grc' dir='ltr'>παρ’</span> <span class='ocrx_word' id='word_1_265' title='bbox 3728 592 3827 646; x_wconf 82' lang='grc' dir='ltr'>αῦ-</span> 
     </span>
    </p>
   </div>
   <div class='ocr_carea' id='block_1_38' title="bbox 2173 679 3823 759">
    <p class='ocr_par' dir='ltr' id='par_1_38' title="bbox 2173 679 3823 759">
     <span class='ocr_line' id='line_1_38' title="bbox 2173 679 3823 759; baseline -0.001 -23"><span class='ocrx_word' id='word_1_266' title='bbox 2173 686 2290 743; x_wconf 86' lang='grc' dir='ltr'>τοῖς</span> <span class='ocrx_word' id='word_1_267' title='bbox 2346 702 2487 743; x_wconf 81' lang='grc' dir='ltr'>τινες</span> <span class='ocrx_word' id='word_1_268' title='bbox 2537 680 2810 759; x_wconf 74' lang='grc' dir='ltr'>λέγοντες³</span> <span class='ocrx_word' id='word_1_269' title='bbox 2876 681 3277 756; x_wconf 81' lang='grc' dir='ltr'>Φιλάνθρωπός</span> <span class='ocrx_word' id='word_1_270' title='bbox 3334 679 3475 736; x_wconf 82' lang='grc' dir='ltr'>ἐστιν</span> <span class='ocrx_word' id='word_1_271' title='bbox 3508 682 3537 735; x_wconf 88' lang='grc' dir='ltr'><strong>ὁ</strong></span> <span class='ocrx_word' id='word_1_272' title='bbox 3568 682 3697 743; x_wconf 88' lang='grc' dir='ltr'>Θεὸς</span> <span class='ocrx_word' id='word_1_273' title='bbox 3737 681 3823 734; x_wconf 80' lang='grc' dir='ltr'>καὶ</span> 
     </span>
    </p>
   </div>
   <div class='ocr_carea' id='block_1_39' title="bbox 2176 769 3825 849">
    <p class='ocr_par' dir='ltr' id='par_1_39' title="bbox 2176 769 3825 849">
     <span class='ocr_line' id='line_1_39' title="bbox 2176 769 3825 849; baseline 0 -25"><span class='ocrx_word' id='word_1_274' title='bbox 2176 776 2457 845; x_wconf 80' lang='grc' dir='ltr'>συγχωρεῖ</span> <span class='ocrx_word' id='word_1_275' title='bbox 2485 775 2638 839; x_wconf 83' lang='grc' dir='ltr'>πᾶσι,</span> <span class='ocrx_word' id='word_1_276' title='bbox 2689 770 2779 826; x_wconf 83' lang='grc' dir='ltr'>καὶ</span> <span class='ocrx_word' id='word_1_277' title='bbox 2838 770 2918 835; x_wconf 75' lang='grc' dir='ltr'>εἷς</span> <span class='ocrx_word' id='word_1_278' title='bbox 2966 772 3066 840; x_wconf 79' lang='grc' dir='ltr'>τὴν</span> <span class='ocrx_word' id='word_1_279' title='bbox 3126 769 3407 847; x_wconf 87' lang='grc' dir='ltr'>βασιλείαν</span> <span class='ocrx_word' id='word_1_280' title='bbox 3440 769 3670 849; x_wconf 66' lang='grc' dir='ltr'>εἰσφέρει</span> <span class='ocrx_word' id='word_1_281' title='bbox 3700 770 3825 831; x_wconf 72' lang='grc' dir='ltr'>τοὺς</span> 
     </span>
    </p>
   </div>
   <div class='ocr_carea' id='block_1_40' title="bbox 2176 856 3823 937">
    <p class='ocr_par' dir='ltr' id='par_1_40' title="bbox 2176 856 3823 937">
     <span class='ocr_line' id='line_1_40' title="bbox 2176 856 3823 937; baseline 0 -24"><span class='ocrx_word' id='word_1_282' title='bbox 2176 858 2541 934; x_wconf 80' lang='grc' dir='ltr'>ἁμαρτωλοὺς</span> <span class='ocrx_word' id='word_1_283' title='bbox 2575 856 2665 913; x_wconf 81' lang='grc' dir='ltr'>διὰ</span> <span class='ocrx_word' id='word_1_284' title='bbox 2722 857 2942 929; x_wconf 84' lang='grc' dir='ltr'>πλῆθος</span> <span class='ocrx_word' id='word_1_285' title='bbox 2998 860 3399 936; x_wconf 76' lang='grc' dir='ltr'>χρηστότητος,</span> <span class='ocrx_word' id='word_1_286' title='bbox 3426 860 3515 914; x_wconf 85' lang='grc' dir='ltr'>καί</span> <span class='ocrx_word' id='word_1_287' title='bbox 3548 871 3703 937; x_wconf 74' lang='grc' dir='ltr'>φησί’</span> <span class='ocrx_word' id='word_1_288' title='bbox 3733 859 3823 928; x_wconf 75' lang='grc' dir='ltr'>Μὴ</span> 
     </span>
    </p>
   </div>
   <div class='ocr_carea' id='block_1_41' title="bbox 2174 947 3823 1025">
    <p class='ocr_par' dir='ltr' id='par_1_41' title="bbox 2174 947 3823 1025">
     <span class='ocr_line' id='line_1_41' title="bbox 2174 947 3823 1025; baseline -0.001 -23"><span class='ocrx_word' id='word_1_289' title='bbox 2174 948 2449 1004; x_wconf 72' lang='grc' dir='ltr'>πλανᾶσθε</span> <span class='ocrx_word' id='word_1_290' title='bbox 2504 953 2672 1004; x_wconf 80' lang='grc' dir='ltr'>ταῦτα</span> <span class='ocrx_word' id='word_1_291' title='bbox 2730 948 2983 1025; x_wconf 73' lang='grc' dir='ltr'>λὲγοντες</span> <span class='ocrx_word' id='word_1_292' title='bbox 3040 949 3131 1005; x_wconf 80' lang='grc' dir='ltr'>καὶ</span> <span class='ocrx_word' id='word_1_293' title='bbox 3187 947 3522 1019; x_wconf 81' lang='grc' dir='ltr'>ἐλπίζοντες.</span> <span class='ocrx_word' id='word_1_294' title='bbox 3581 948 3684 1005; x_wconf 83' lang='grc' dir='ltr'>Καὶ</span> <span class='ocrx_word' id='word_1_295' title='bbox 3723 947 3823 1022; x_wconf 70' lang='grc' dir='ltr'>γαρ</span> 
     </span>
    </p>
   </div>
   <div class='ocr_carea' id='block_1_42' title="bbox 2175 1032 3825 1117">
    <p class='ocr_par' dir='ltr' id='par_1_42' title="bbox 2175 1032 3825 1117">
     <span class='ocr_line' id='line_1_42' title="bbox 2175 1032 3825 1117; baseline -0.001 -26"><span class='ocrx_word' id='word_1_296' title='bbox 2175 1032 2346 1100; x_wconf 77' lang='grc' dir='ltr'>ὅντως</span> <span class='ocrx_word' id='word_1_297' title='bbox 2409 1035 2588 1109; x_wconf 80' lang='grc' dir='ltr'>πλάνη</span> <span class='ocrx_word' id='word_1_298' title='bbox 2658 1036 2771 1093; x_wconf 85' lang='grc' dir='ltr'>ἐστὶ</span> <span class='ocrx_word' id='word_1_299' title='bbox 2830 1038 2917 1107; x_wconf 83' lang='grc' dir='ltr'>τὸ,</span> <span class='ocrx_word' id='word_1_300' title='bbox 2984 1038 3203 1117; x_wconf 75' lang='grc' dir='ltr'>χρηστὰ</span> <span class='ocrx_word' id='word_1_301' title='bbox 3267 1036 3615 1106; x_wconf 71' lang='grc' dir='ltr'>ἐλπίσαντας,</span> <span class='ocrx_word' id='word_1_302' title='bbox 3680 1033 3825 1091; x_wconf 81' lang='grc' dir='ltr'>ἄλλα</span> 
     </span>
    </p>
   </div>
   <div class='ocr_carea' id='block_1_43' title="bbox 2176 1124 3824 1203">
    <p class='ocr_par' dir='ltr' id='par_1_43' title="bbox 2176 1124 3824 1203">
     <span class='ocr_line' id='line_1_43' title="bbox 2176 1124 3824 1203; baseline 0.001 -23"><span class='ocrx_word' id='word_1_303' title='bbox 2176 1125 2373 1201; x_wconf 83' lang='grc' dir='ltr'>εῦρεῖν.</span> <span class='ocrx_word' id='word_1_304' title='bbox 2427 1150 2456 1179; x_wconf 89' lang='grc'>‹‹</span> <span class='ocrx_word' id='word_1_305' title='bbox 2488 1124 2622 1182; x_wconf 74' lang='grc' dir='ltr'>Οὔτε</span> <span class='ocrx_word' id='word_1_306' title='bbox 2671 1128 2887 1203; x_wconf 80' lang='grc' dir='ltr'>πόρνοι.</span> <span class='ocrx_word' id='word_1_307' title='bbox 2919 1152 2948 1181; x_wconf 71' lang='grc' dir='ltr'>»ο</span> <span class='ocrx_word' id='word_1_308' title='bbox 3003 1161 3072 1170; x_wconf 91' lang='grc'><strong><em>-</em></strong></span> <span class='ocrx_word' id='word_1_309' title='bbox 3131 1130 3459 1202; x_wconf 77' lang='grc' dir='ltr'>[ΟΙΚΟΥΜ.]</span> <span class='ocrx_word' id='word_1_310' title='bbox 3490 1128 3588 1183; x_wconf 85' lang='grc' dir='ltr'>Τὸν</span> <span class='ocrx_word' id='word_1_311' title='bbox 3615 1147 3824 1198; x_wconf 86' lang='grc' dir='ltr'>πεπορ-</span> 
     </span>
    </p>
   </div>
   <div class='ocr_carea' id='block_1_44' title="bbox 2174 1215 3825 1292">
    <p class='ocr_par' dir='ltr' id='par_1_44' title="bbox 2174 1215 3825 1292">
     <span class='ocr_line' id='line_1_44' title="bbox 2174 1215 3825 1292; baseline 0.001 -23"><span class='ocrx_word' id='word_1_312' title='bbox 2174 1216 2400 1272; x_wconf 88' lang='grc' dir='ltr'>νευκότα</span> <span class='ocrx_word' id='word_1_313' title='bbox 2457 1215 2657 1273; x_wconf 82' lang='grc' dir='ltr'>ἐκεῖνον</span> <span class='ocrx_word' id='word_1_314' title='bbox 2714 1216 3027 1276; x_wconf 74' lang='grc' dir='ltr'>αἷνίττεται.</span> <span class='ocrx_word' id='word_1_315' title='bbox 3089 1218 3183 1272; x_wconf 89' lang='grc' dir='ltr'>Διὸ</span> <span class='ocrx_word' id='word_1_316' title='bbox 3235 1218 3328 1272; x_wconf 87' lang='grc' dir='ltr'>καὶ</span> <span class='ocrx_word' id='word_1_317' title='bbox 3375 1220 3594 1292; x_wconf 80' lang='grc' dir='ltr'>πρῶτον</span> <span class='ocrx_word' id='word_1_318' title='bbox 3622 1217 3825 1272; x_wconf 68' lang='grc' dir='ltr'>τέθεικε</span> 
     </span>
    </p>
   </div>
   <div class='ocr_carea' id='block_1_45' title="bbox 2172 1302 2665 1381">
    <p class='ocr_par' dir='ltr' id='par_1_45' title="bbox 2172 1302 2665 1381">
     <span class='ocr_line' id='line_1_45' title="bbox 2172 1302 2665 1381; baseline 0 -21"><span class='ocrx_word' id='word_1_319' title='bbox 2172 1305 2260 1375; x_wconf 84' lang='grc' dir='ltr'>τὸ,</span> <span class='ocrx_word' id='word_1_320' title='bbox 2292 1302 2420 1360; x_wconf 73' lang='grc' dir='ltr'>οὔτε</span> <span class='ocrx_word' id='word_1_321' title='bbox 2450 1305 2665 1381; x_wconf 87' lang='grc' dir='ltr'>πόρνοι.</span> 
     </span>
    </p>
   </div>
   <div class='ocr_carea' id='block_1_46' title="bbox 2248 1391 3827 1473">
    <p class='ocr_par' dir='ltr' id='par_1_46' title="bbox 2248 1391 3827 1473">
     <span class='ocr_line' id='line_1_46' title="bbox 2248 1391 3827 1473; baseline 0.001 -26"><span class='ocrx_word' id='word_1_322' title='bbox 2248 1417 2273 1447; x_wconf 77' lang='grc' dir='ltr'>α</span> <span class='ocrx_word' id='word_1_323' title='bbox 2307 1391 2445 1451; x_wconf 71' lang='grc' dir='ltr'>Οὔτε</span> <span class='ocrx_word' id='word_1_324' title='bbox 2505 1395 2750 1469; x_wconf 73' lang='grc' dir='ltr'>μέθυσοι,</span> <span class='ocrx_word' id='word_1_325' title='bbox 2811 1395 2873 1452; x_wconf 81' lang='grc' dir='ltr'>οῦ</span> <span class='ocrx_word' id='word_1_326' title='bbox 2933 1394 3202 1473; x_wconf 81' lang='grc' dir='ltr'>λοίδοροι.</span> <span class='ocrx_word' id='word_1_327' title='bbox 3239 1397 3368 1454; x_wconf 85' lang='grc' dir='ltr'>»Τί</span> <span class='ocrx_word' id='word_1_328' title='bbox 3417 1392 3485 1467; x_wconf 77' lang='grc' dir='ltr'>δή</span> <span class='ocrx_word' id='word_1_329' title='bbox 3538 1416 3670 1450; x_wconf 87' lang='grc' dir='ltr'>ποτε</span> <span class='ocrx_word' id='word_1_330' title='bbox 3698 1395 3827 1459; x_wconf 76' lang='grc' dir='ltr'>τους</span> 
     </span>
    </p>
   </div>
   <div class='ocr_carea' id='block_1_47' title="bbox 2180 1482 3830 1561">
    <p class='ocr_par' dir='ltr' id='par_1_47' title="bbox 2180 1482 3830 1561">
     <span class='ocr_line' id='line_1_47' title="bbox 2180 1482 3830 1561; baseline -0.001 -23"><span class='ocrx_word' id='word_1_331' title='bbox 2180 1483 2441 1557; x_wconf 70' lang='grc' dir='ltr'>μεθύσους</span> <span class='ocrx_word' id='word_1_332' title='bbox 2472 1483 2564 1539; x_wconf 82' lang='grc' dir='ltr'>καὶ</span> <span class='ocrx_word' id='word_1_333' title='bbox 2594 1482 2902 1561; x_wconf 77' lang='grc' dir='ltr'>λοιδόρους,</span> <span class='ocrx_word' id='word_1_334' title='bbox 2963 1487 3099 1560; x_wconf 83' lang='grc' dir='ltr'>μετὰ</span> <span class='ocrx_word' id='word_1_335' title='bbox 3157 1489 3264 1542; x_wconf 79' lang='grc' dir='ltr'>τῶν</span> <span class='ocrx_word' id='word_1_336' title='bbox 3301 1488 3519 1560; x_wconf 80' lang='grc' dir='ltr'>μοιχῶν</span> <span class='ocrx_word' id='word_1_337' title='bbox 3550 1483 3641 1540; x_wconf 86' lang='grc' dir='ltr'>καὶ</span> <span class='ocrx_word' id='word_1_338' title='bbox 3671 1486 3830 1554; x_wconf 76' lang='grc' dir='ltr'>ἡται-</span> 
     </span>
    </p>
   </div>
   <div class='ocr_carea' id='block_1_48' title="bbox 2176 1572 3827 1651">
    <p class='ocr_par' dir='ltr' id='par_1_48' title="bbox 2176 1572 3827 1651">
     <span class='ocr_line' id='line_1_48' title="bbox 2176 1572 3827 1651; baseline -0.001 -24"><span class='ocrx_word' id='word_1_339' title='bbox 2176 1573 2423 1648; x_wconf 76' lang='grc' dir='ltr'>ρηκότων</span> <span class='ocrx_word' id='word_1_340' title='bbox 2455 1573 2547 1628; x_wconf 82' lang='grc' dir='ltr'>καὶ</span> <span class='ocrx_word' id='word_1_341' title='bbox 2592 1572 3014 1650; x_wconf 81' lang='grc' dir='ltr'>εἰδωλολατρῶν</span> <span class='ocrx_word' id='word_1_342' title='bbox 3064 1575 3308 1643; x_wconf 82' lang='grc' dir='ltr'>τέοεικε;</span> <span class='ocrx_word' id='word_1_343' title='bbox 3368 1578 3588 1651; x_wconf 80' lang='grc' dir='ltr'>Πρῶτον</span> <span class='ocrx_word' id='word_1_344' title='bbox 3622 1574 3714 1648; x_wconf 73' lang='grc' dir='ltr'>μὲν</span> <span class='ocrx_word' id='word_1_345' title='bbox 3743 1572 3827 1628; x_wconf 79' lang='grc' dir='ltr'>ὅτι</span> 
     </span>
    </p>
   </div>
   <div class='ocr_carea' id='block_1_49' title="bbox 2174 1658 3828 1740">
    <p class='ocr_par' dir='ltr' id='par_1_49' title="bbox 2174 1658 3828 1740">
     <span class='ocr_line' id='line_1_49' title="bbox 2174 1658 3828 1740; baseline 0.001 -25"><span class='ocrx_word' id='word_1_346' title='bbox 2174 1663 2263 1716; x_wconf 68' lang='grc' dir='ltr'>καὶ</span> <span class='ocrx_word' id='word_1_347' title='bbox 2297 1663 2325 1716; x_wconf 89' lang='grc' dir='ltr'>ὸ</span> <span class='ocrx_word' id='word_1_348' title='bbox 2365 1662 2606 1735; x_wconf 80' lang='grc' dir='ltr'>Χριστὸς</span> <span class='ocrx_word' id='word_1_349' title='bbox 2660 1664 2752 1718; x_wconf 89' lang='grc' dir='ltr'>τὸν</span> <span class='ocrx_word' id='word_1_350' title='bbox 2813 1663 3055 1733; x_wconf 83' lang='grc' dir='ltr'>εἰπόντα,</span> <span class='ocrx_word' id='word_1_351' title='bbox 3092 1687 3119 1715; x_wconf 76' lang='grc' dir='ltr'>σι</span> <span class='ocrx_word' id='word_1_352' title='bbox 3151 1663 3370 1740; x_wconf 69' lang='grc' dir='ltr'>Μωρὸν,</span> <span class='ocrx_word' id='word_1_353' title='bbox 3407 1687 3436 1715; x_wconf 88' lang='grc'><strong>››</strong></span> <span class='ocrx_word' id='word_1_354' title='bbox 3467 1658 3662 1738; x_wconf 75' lang='grc' dir='ltr'>ἔνοχον</span> <span class='ocrx_word' id='word_1_355' title='bbox 3712 1662 3828 1717; x_wconf 77' lang='grc' dir='ltr'>εἶπε</span> 
     </span>
    </p>
   </div>
   <div class='ocr_carea' id='block_1_50' title="bbox 2173 1749 3829 1827">
    <p class='ocr_par' dir='ltr' id='par_1_50' title="bbox 2173 1749 3829 1827">
     <span class='ocr_line' id='line_1_50' title="bbox 2173 1749 3829 1827; baseline -0.001 -20"><span class='ocrx_word' id='word_1_356' title='bbox 2173 1751 2415 1827; x_wconf 67' lang='grc' dir='ltr'>γεέννης.</span> <span class='ocrx_word' id='word_1_357' title='bbox 2451 1752 2546 1806; x_wconf 86' lang='grc' dir='ltr'>Καί</span> <span class='ocrx_word' id='word_1_358' title='bbox 2580 1750 2835 1811; x_wconf 86' lang='grc' dir='ltr'>Ἰουδαῖοι</span> <span class='ocrx_word' id='word_1_359' title='bbox 2896 1751 2975 1823; x_wconf 76' lang='grc' dir='ltr'>δέ,</span> <span class='ocrx_word' id='word_1_360' title='bbox 3034 1752 3095 1809; x_wconf 83' lang='grc' dir='ltr'>ἐκ</span> <span class='ocrx_word' id='word_1_361' title='bbox 3138 1760 3241 1823; x_wconf 82' lang='grc' dir='ltr'>τῆς</span> <span class='ocrx_word' id='word_1_362' title='bbox 3285 1750 3456 1827; x_wconf 78' lang='grc' dir='ltr'>μέθης</span> <span class='ocrx_word' id='word_1_363' title='bbox 3487 1752 3564 1815; x_wconf 80' lang='grc' dir='ltr'>εἷς</span> <span class='ocrx_word' id='word_1_364' title='bbox 3596 1749 3829 1807; x_wconf 78' lang='grc' dir='ltr'>εἰδωλο-</span> 
     </span>
    </p>
   </div>
   <div class='ocr_carea' id='block_1_51' title="bbox 2180 1840 3828 1921">
    <p class='ocr_par' dir='ltr' id='par_1_51' title="bbox 2180 1840 3828 1921">
     <span class='ocr_line' id='line_1_51' title="bbox 2180 1840 3828 1921; baseline -0.001 -25"><span class='ocrx_word' id='word_1_365' title='bbox 2180 1840 2430 1918; x_wconf 88' lang='grc' dir='ltr'>λατρείαν</span> <span class='ocrx_word' id='word_1_366' title='bbox 2489 1841 2682 1911; x_wconf 73' lang='grc' dir='ltr'>ἦλθον.</span> <span class='ocrx_word' id='word_1_367' title='bbox 2742 1844 2988 1915; x_wconf 81' lang='grc' dir='ltr'>Ἔπειτα,</span> <span class='ocrx_word' id='word_1_368' title='bbox 3039 1843 3223 1921; x_wconf 76' lang='grc' dir='ltr'>φησὶν,</span> <span class='ocrx_word' id='word_1_369' title='bbox 3273 1841 3358 1897; x_wconf 80' lang='grc' dir='ltr'>ὅτι</span> <span class='ocrx_word' id='word_1_370' title='bbox 3417 1843 3570 1897; x_wconf 81' lang='grc' dir='ltr'>οὗτοι</span> <span class='ocrx_word' id='word_1_371' title='bbox 3611 1842 3828 1913; x_wconf 82' lang='grc' dir='ltr'>πάντες,</span> 
     </span>
    </p>
   </div>
   <div class='ocr_carea' id='block_1_52' title="bbox 2177 1931 3829 2010">
    <p class='ocr_par' dir='ltr' id='par_1_52' title="bbox 2177 1931 3829 2010">
     <span class='ocr_line' id='line_1_52' title="bbox 2177 1931 3829 2010; baseline 0 -23"><span class='ocrx_word' id='word_1_372' title='bbox 2177 1931 2311 1995; x_wconf 81' lang='grc' dir='ltr'>τέως</span> <span class='ocrx_word' id='word_1_373' title='bbox 2336 1940 2437 2003; x_wconf 82' lang='grc' dir='ltr'>τῆς</span> <span class='ocrx_word' id='word_1_374' title='bbox 2470 1931 2747 2010; x_wconf 76' lang='grc' dir='ltr'>βασιλείας</span> <span class='ocrx_word' id='word_1_375' title='bbox 2806 1932 3126 1990; x_wconf 76' lang='grc' dir='ltr'>ἐκπίπτουσι</span> <span class='ocrx_word' id='word_1_376' title='bbox 3176 1938 3282 1989; x_wconf 79' lang='grc' dir='ltr'>τῶν</span> <span class='ocrx_word' id='word_1_377' title='bbox 3327 1934 3590 2007; x_wconf 76' lang='grc' dir='ltr'>οὐρανῶν.</span> <span class='ocrx_word' id='word_1_378' title='bbox 3625 1932 3829 1988; x_wconf 84' lang='grc' dir='ltr'>Λοιπὸν</span> 
     </span>
    </p>
   </div>
   <div class='ocr_carea' id='block_1_53' title="bbox 2180 2018 3826 2103">
    <p class='ocr_par' dir='ltr' id='par_1_53' title="bbox 2180 2018 3826 2103">
     <span class='ocr_line' id='line_1_53' title="bbox 2180 2018 3826 2103; baseline -0.001 -26"><span class='ocrx_word' id='word_1_379' title='bbox 2180 2018 2238 2077; x_wconf 74' lang='grc' dir='ltr'>δὲ</span> <span class='ocrx_word' id='word_1_380' title='bbox 2265 2024 2328 2077; x_wconf 89' lang='grc' dir='ltr'>τὸ</span> <span class='ocrx_word' id='word_1_381' title='bbox 2365 2026 2472 2077; x_wconf 78' lang='grc' dir='ltr'>τῶν</span> <span class='ocrx_word' id='word_1_382' title='bbox 2528 2027 2810 2097; x_wconf 76' lang='grc' dir='ltr'>τιμωριῶν</span> <span class='ocrx_word' id='word_1_383' title='bbox 2869 2020 3128 2103; x_wconf 71' lang='grc' dir='ltr'>διάφορον</span> <span class='ocrx_word' id='word_1_384' title='bbox 3189 2021 3302 2078; x_wconf 85' lang='grc' dir='ltr'>ἐκεῖ</span> <span class='ocrx_word' id='word_1_385' title='bbox 3353 2022 3630 2097; x_wconf 70' lang='grc' dir='ltr'>εἰσόμεθα.</span> <span class='ocrx_word' id='word_1_386' title='bbox 3665 2044 3694 2075; x_wconf 82' lang='grc' dir='ltr'>ιι</span> <span class='ocrx_word' id='word_1_387' title='bbox 3723 2020 3826 2079; x_wconf 82' lang='grc' dir='ltr'>Καὶ</span> 
     </span>
    </p>
   </div>
   <div class='ocr_carea' id='block_1_54' title="bbox 2177 2108 3828 2189">
    <p class='ocr_par' dir='ltr' id='par_1_54' title="bbox 2177 2108 3828 2189">
     <span class='ocr_line' id='line_1_54' title="bbox 2177 2108 3828 2189; baseline -0.001 -24"><span class='ocrx_word' id='word_1_388' title='bbox 2177 2111 2343 2166; x_wconf 86' lang='grc' dir='ltr'>ταῦτά</span> <span class='ocrx_word' id='word_1_389' title='bbox 2370 2132 2513 2174; x_wconf 88' lang='grc' dir='ltr'>τινες</span> <span class='ocrx_word' id='word_1_390' title='bbox 2542 2113 2659 2181; x_wconf 78' lang='grc' dir='ltr'>ἦτε.</span> <span class='ocrx_word' id='word_1_391' title='bbox 2698 2136 2725 2164; x_wconf 75' lang='grc' dir='ltr'>υ</span> <span class='ocrx_word' id='word_1_392' title='bbox 2754 2115 2952 2180; x_wconf 86' lang='grc' dir='ltr'>Ταῦτα,</span> <span class='ocrx_word' id='word_1_393' title='bbox 3012 2111 3200 2189; x_wconf 76' lang='grc' dir='ltr'>φησὶν,</span> <span class='ocrx_word' id='word_1_394' title='bbox 3253 2110 3432 2187; x_wconf 72' lang='grc' dir='ltr'>ε’ἒχετε</span> <span class='ocrx_word' id='word_1_395' title='bbox 3478 2108 3707 2182; x_wconf 88' lang='grc' dir='ltr'>πολλοὶ,</span> <span class='ocrx_word' id='word_1_396' title='bbox 3738 2110 3828 2165; x_wconf 79' lang='grc' dir='ltr'>καὶ</span> 
     </span>
    </p>
   </div>
   <div class='ocr_carea' id='block_1_55' title="bbox 2179 2198 3827 2276">
    <p class='ocr_par' dir='ltr' id='par_1_55' title="bbox 2179 2198 3827 2276">
     <span class='ocr_line' id='line_1_55' title="bbox 2179 2198 3827 2276; baseline 0 -20"><span class='ocrx_word' id='word_1_397' title='bbox 2179 2200 2278 2270; x_wconf 78' lang='grc' dir='ltr'>ἦτέ</span> <span class='ocrx_word' id='word_1_398' title='bbox 2333 2222 2475 2265; x_wconf 89' lang='grc' dir='ltr'>τινες</span> <span class='ocrx_word' id='word_1_399' title='bbox 2528 2204 2695 2259; x_wconf 85' lang='grc' dir='ltr'>ταῦτα</span> <span class='ocrx_word' id='word_1_400' title='bbox 2752 2198 2993 2276; x_wconf 81' lang='grc' dir='ltr'>ἔχοντες.</span> <span class='ocrx_word' id='word_1_401' title='bbox 3053 2226 3081 2254; x_wconf 82' lang='grc'>.‹</span> <span class='ocrx_word' id='word_1_402' title='bbox 3133 2200 3311 2257; x_wconf 73' lang='grc' dir='ltr'>Ἀλλὰ</span> <span class='ocrx_word' id='word_1_403' title='bbox 3365 2199 3755 2265; x_wconf 73' lang='grc' dir='ltr'>ἀπελούσασθε.</span> <span class='ocrx_word' id='word_1_404' title='bbox 3798 2224 3827 2250; x_wconf 81' lang='grc'><strong>››</strong></span> 
     </span>
    </p>
   </div>
   <div class='ocr_carea' id='block_1_56' title="bbox 2177 2288 3831 2369">
    <p class='ocr_par' dir='ltr' id='par_1_56' title="bbox 2177 2288 3831 2369">
     <span class='ocr_line' id='line_1_56' title="bbox 2177 2288 3831 2369; baseline -0.001 -24"><span class='ocrx_word' id='word_1_405' title='bbox 2177 2291 2381 2345; x_wconf 87' lang='grc' dir='ltr'>Λοιπὸν</span> <span class='ocrx_word' id='word_1_406' title='bbox 2433 2292 2528 2353; x_wconf 73' lang='grc' dir='ltr'>τὰς</span> <span class='ocrx_word' id='word_1_407' title='bbox 2586 2289 2889 2366; x_wconf 80' lang='grc' dir='ltr'>εὐεργεσίας</span> <span class='ocrx_word' id='word_1_408' title='bbox 2945 2288 3236 2369; x_wconf 72' lang='grc' dir='ltr'>καταλέγει</span> <span class='ocrx_word' id='word_1_409' title='bbox 3282 2291 3380 2346; x_wconf 80' lang='grc' dir='ltr'>τοῦ</span> <span class='ocrx_word' id='word_1_410' title='bbox 3411 2292 3668 2366; x_wconf 76' lang='grc' dir='ltr'>Χριστοῦ.</span> <span class='ocrx_word' id='word_1_411' title='bbox 3699 2291 3831 2346; x_wconf 84' lang='grc' dir='ltr'>Ἦτε</span> 
     </span>
    </p>
   </div>
   <div class='ocr_carea' id='block_1_57' title="bbox 2178 2376 3828 2458">
    <p class='ocr_par' dir='ltr' id='par_1_57' title="bbox 2178 2376 3828 2458">
     <span class='ocr_line' id='line_1_57' title="bbox 2178 2376 3828 2458; baseline -0.001 -25"><span class='ocrx_word' id='word_1_412' title='bbox 2178 2380 2304 2457; x_wconf 75' lang='grc' dir='ltr'>γὰρ,</span> <span class='ocrx_word' id='word_1_413' title='bbox 2335 2379 2491 2458; x_wconf 79' lang='grc' dir='ltr'>φησὶ,</span> <span class='ocrx_word' id='word_1_414' title='bbox 2547 2380 2614 2435; x_wconf 84' lang='grc' dir='ltr'>τὰ</span> <span class='ocrx_word' id='word_1_415' title='bbox 2674 2379 2960 2455; x_wconf 67' lang='grc' dir='ltr'>εἰρημένα,</span> <span class='ocrx_word' id='word_1_416' title='bbox 3018 2378 3167 2435; x_wconf 84' lang='grc' dir='ltr'>ἆλλὰ</span> <span class='ocrx_word' id='word_1_417' title='bbox 3212 2381 3483 2455; x_wconf 81' lang='grc' dir='ltr'>καθαροὺς</span> <span class='ocrx_word' id='word_1_418' title='bbox 3515 2376 3767 2449; x_wconf 84' lang='grc' dir='ltr'>ἐποίησεν</span> <span class='ocrx_word' id='word_1_419' title='bbox 3799 2378 3828 2432; x_wconf 83' lang='grc' dir='ltr'><strong>ὁ</strong></span> 
     </span>
    </p>
   </div>
   <div class='ocr_carea' id='block_1_58' title="bbox 2178 2465 3826 2543">
    <p class='ocr_par' dir='ltr' id='par_1_58' title="bbox 2178 2465 3826 2543">
     <span class='ocr_line' id='line_1_58' title="bbox 2178 2465 3826 2543; baseline -0.001 -18"><span class='ocrx_word' id='word_1_420' title='bbox 2178 2469 2437 2543; x_wconf 85' lang='grc' dir='ltr'>Χριστός.</span> <span class='ocrx_word' id='word_1_421' title='bbox 2507 2467 2607 2523; x_wconf 79' lang='grc' dir='ltr'>Καὶ</span> <span class='ocrx_word' id='word_1_422' title='bbox 2675 2467 2737 2523; x_wconf 83' lang='grc' dir='ltr'>οὐ</span> <span class='ocrx_word' id='word_1_423' title='bbox 2803 2473 2966 2525; x_wconf 86' lang='grc' dir='ltr'>τοῦτο</span> <span class='ocrx_word' id='word_1_424' title='bbox 3030 2489 3217 2542; x_wconf 83' lang='grc' dir='ltr'>μονον,</span> <span class='ocrx_word' id='word_1_425' title='bbox 3275 2466 3423 2524; x_wconf 73' lang='grc' dir='ltr'>ἀλλὰ</span> <span class='ocrx_word' id='word_1_426' title='bbox 3467 2467 3559 2522; x_wconf 82' lang='grc' dir='ltr'>καὶ</span> <span class='ocrx_word' id='word_1_427' title='bbox 3589 2465 3826 2541; x_wconf 77' lang='grc' dir='ltr'>ἡγίασεν.</span> 
     </span>
    </p>
   </div>
   <div class='ocr_carea' id='block_1_59' title="bbox 2180 2554 3829 2630">
    <p class='ocr_par' dir='ltr' id='par_1_59' title="bbox 2180 2554 3829 2630">
     <span class='ocr_line' id='line_1_59' title="bbox 2180 2554 3829 2630; baseline -0.001 -18"><span class='ocrx_word' id='word_1_428' title='bbox 2180 2559 2277 2612; x_wconf 81' lang='grc' dir='ltr'>Καὶ</span> <span class='ocrx_word' id='word_1_429' title='bbox 2318 2558 2382 2612; x_wconf 79' lang='grc' dir='ltr'>οὐ</span> <span class='ocrx_word' id='word_1_430' title='bbox 2416 2555 2582 2630; x_wconf 83' lang='grc' dir='ltr'>μόνον</span> <span class='ocrx_word' id='word_1_431' title='bbox 2615 2560 2799 2624; x_wconf 83' lang='grc' dir='ltr'>τοῦτο,</span> <span class='ocrx_word' id='word_1_432' title='bbox 2857 2556 3004 2613; x_wconf 75' lang='grc' dir='ltr'>ἀλλὰ</span> <span class='ocrx_word' id='word_1_433' title='bbox 3058 2557 3151 2613; x_wconf 84' lang='grc' dir='ltr'>καὶ</span> <span class='ocrx_word' id='word_1_434' title='bbox 3207 2554 3543 2614; x_wconf 74' lang='grc' dir='ltr'>ἐδικαίωσεν.</span> <span class='ocrx_word' id='word_1_435' title='bbox 3578 2580 3604 2610; x_wconf 83' lang='grc' dir='ltr'>ιι</span> <span class='ocrx_word' id='word_1_436' title='bbox 3638 2557 3727 2613; x_wconf 88' lang='grc' dir='ltr'>Ἐν</span> <span class='ocrx_word' id='word_1_437' title='bbox 3749 2559 3829 2626; x_wconf 80' lang='grc' dir='ltr'>τῷ</span> 
     </span>
    </p>
   </div>
   <div class='ocr_carea' id='block_1_60' title="bbox 2179 2645 3825 2723">
    <p class='ocr_par' dir='ltr' id='par_1_60' title="bbox 2179 2645 3825 2723">
     <span class='ocr_line' id='line_1_60' title="bbox 2179 2645 3825 2723; baseline -0.001 -21"><span class='ocrx_word' id='word_1_438' title='bbox 2179 2646 2406 2720; x_wconf 85' lang='grc' dir='ltr'>ὀνόματι</span> <span class='ocrx_word' id='word_1_439' title='bbox 2473 2650 2571 2703; x_wconf 88' lang='grc' dir='ltr'>τοῦ</span> <span class='ocrx_word' id='word_1_440' title='bbox 2637 2645 2837 2722; x_wconf 79' lang='grc' dir='ltr'>Κυρίου</span> <span class='ocrx_word' id='word_1_441' title='bbox 2903 2647 3105 2718; x_wconf 80' lang='grc' dir='ltr'>Ἰησοῦ.</span> <span class='ocrx_word' id='word_1_442' title='bbox 3155 2672 3176 2698; x_wconf 79' lang='grc' dir='ltr'>ιι</span> <span class='ocrx_word' id='word_1_443' title='bbox 3248 2647 3352 2705; x_wconf 85' lang='grc' dir='ltr'>Καὶ</span> <span class='ocrx_word' id='word_1_444' title='bbox 3418 2651 3606 2713; x_wconf 84' lang='grc' dir='ltr'>ταῦτα,</span> <span class='ocrx_word' id='word_1_445' title='bbox 3671 2645 3825 2723; x_wconf 69' lang='grc' dir='ltr'>φησὶ,</span> 
     </span>
    </p>
   </div>
   <div class='ocr_carea' id='block_1_61' title="bbox 2176 2734 3824 2812">
    <p class='ocr_par' dir='ltr' id='par_1_61' title="bbox 2176 2734 3824 2812">
     <span class='ocr_line' id='line_1_61' title="bbox 2176 2734 3824 2812; baseline -0.001 -21"><span class='ocrx_word' id='word_1_446' title='bbox 2176 2737 2349 2791; x_wconf 78' lang='grc' dir='ltr'>πάντα</span> <span class='ocrx_word' id='word_1_447' title='bbox 2403 2736 2632 2812; x_wconf 78' lang='grc' dir='ltr'>ὑπῆρξεν</span> <span class='ocrx_word' id='word_1_448' title='bbox 2681 2736 2833 2808; x_wconf 83' lang='grc' dir='ltr'>ὑμῖν,</span> <span class='ocrx_word' id='word_1_449' title='bbox 2881 2735 2935 2791; x_wconf 83' lang='grc' dir='ltr'>ἐν</span> <span class='ocrx_word' id='word_1_450' title='bbox 2983 2741 3062 2809; x_wconf 80' lang='grc' dir='ltr'>τῷ</span> <span class='ocrx_word' id='word_1_451' title='bbox 3092 2736 3319 2811; x_wconf 79' lang='grc' dir='ltr'>ὀνόματι</span> <span class='ocrx_word' id='word_1_452' title='bbox 3349 2741 3445 2792; x_wconf 89' lang='grc' dir='ltr'>τοῦ</span> <span class='ocrx_word' id='word_1_453' title='bbox 3475 2739 3706 2811; x_wconf 85' lang='grc' dir='ltr'>Χριστοῦ</span> <span class='ocrx_word' id='word_1_454' title='bbox 3735 2734 3824 2790; x_wconf 80' lang='grc' dir='ltr'>καὶ</span> 
     </span>
    </p>
   </div>
   <div class='ocr_carea' id='block_1_62' title="bbox 2177 2823 3826 2901">
    <p class='ocr_par' dir='ltr' id='par_1_62' title="bbox 2177 2823 3826 2901">
     <span class='ocr_line' id='line_1_62' title="bbox 2177 2823 3826 2901; baseline -0.001 -21"><span class='ocrx_word' id='word_1_455' title='bbox 2177 2823 2230 2880; x_wconf 89' lang='grc' dir='ltr'>ἐν</span> <span class='ocrx_word' id='word_1_456' title='bbox 2260 2829 2338 2896; x_wconf 82' lang='grc' dir='ltr'>τῷ</span> <span class='ocrx_word' id='word_1_457' title='bbox 2368 2824 2505 2901; x_wconf 79' lang='grc' dir='ltr'>ἁγίῳ</span> <span class='ocrx_word' id='word_1_458' title='bbox 2539 2824 2834 2898; x_wconf 77' lang='grc' dir='ltr'>ῐινεύματι,</span> <span class='ocrx_word' id='word_1_459' title='bbox 2869 2827 3013 2895; x_wconf 77' lang='grc' dir='ltr'>οἷον,</span> <span class='ocrx_word' id='word_1_460' title='bbox 3069 2824 3158 2881; x_wconf 86' lang='grc' dir='ltr'>διὰ</span> <span class='ocrx_word' id='word_1_461' title='bbox 3207 2831 3305 2881; x_wconf 89' lang='grc' dir='ltr'>τοῦ</span> <span class='ocrx_word' id='word_1_462' title='bbox 3352 2826 3584 2901; x_wconf 83' lang='grc' dir='ltr'>Χριστοῦ</span> <span class='ocrx_word' id='word_1_463' title='bbox 3611 2825 3700 2880; x_wconf 84' lang='grc' dir='ltr'>καὶ</span> <span class='ocrx_word' id='word_1_464' title='bbox 3728 2828 3826 2879; x_wconf 85' lang='grc' dir='ltr'>τοῦ</span> 
     </span>
    </p>
   </div>
   <div class='ocr_carea' id='block_1_63' title="bbox 2177 2910 3825 2989">
    <p class='ocr_par' dir='ltr' id='par_1_63' title="bbox 2177 2910 3825 2989">
     <span class='ocr_line' id='line_1_63' title="bbox 2177 2910 3825 2989; baseline -0.002 -18"><span class='ocrx_word' id='word_1_465' title='bbox 2177 2912 2511 2986; x_wconf 75' lang='grc' dir='ltr'>Πνεῦματος.</span> <span class='ocrx_word' id='word_1_466' title='bbox 2544 2914 2620 2971; x_wconf 61' lang='lat' dir='ltr'>Oi:</span> <span class='ocrx_word' id='word_1_467' title='bbox 2667 2911 2757 2969; x_wconf 82' lang='grc' dir='ltr'>διὰ</span> <span class='ocrx_word' id='word_1_468' title='bbox 2806 2910 2965 2970; x_wconf 90' lang='grc' dir='ltr'>τοῦδε</span> <span class='ocrx_word' id='word_1_469' title='bbox 3020 2913 3057 2985; x_wconf 70' lang='grc' dir='ltr'><strong>ἤ</strong></span> <span class='ocrx_word' id='word_1_470' title='bbox 3114 2913 3296 2985; x_wconf 89' lang='grc' dir='ltr'>τοῦδε,</span> <span class='ocrx_word' id='word_1_471' title='bbox 3325 2914 3453 2976; x_wconf 76' lang='grc' dir='ltr'>τοὺς</span> <span class='ocrx_word' id='word_1_472' title='bbox 3481 2921 3825 2989; x_wconf 84' lang='grc' dir='ltr'>προεστῶτας</span> 
     </span>
    </p>
   </div>
   <div class='ocr_carea' id='block_1_64' title="bbox 2178 3000 3825 3083">
    <p class='ocr_par' dir='ltr' id='par_1_64' title="bbox 2178 3000 3825 3083">
     <span class='ocr_line' id='line_1_64' title="bbox 2178 3000 3825 3083; baseline -0.001 -24"><span class='ocrx_word' id='word_1_473' title='bbox 2178 3004 2353 3059; x_wconf 78' lang='grc' dir='ltr'>αὐτῶν</span> <span class='ocrx_word' id='word_1_474' title='bbox 2408 3000 2574 3059; x_wconf 70' lang='grc' dir='ltr'>πάλιν</span> <span class='ocrx_word' id='word_1_475' title='bbox 2638 3001 3036 3079; x_wconf 75' lang='grc' dir='ltr'>αΐνιττὸμενος,</span> <span class='ocrx_word' id='word_1_476' title='bbox 3087 3003 3215 3068; x_wconf 73' lang='grc' dir='ltr'>τοὺς</span> <span class='ocrx_word' id='word_1_477' title='bbox 3266 3004 3466 3083; x_wconf 78' lang='grc' dir='ltr'>σοιροὺς</span> <span class='ocrx_word' id='word_1_478' title='bbox 3523 3005 3614 3059; x_wconf 76' lang='grc' dir='ltr'>καὶ</span> <span class='ocrx_word' id='word_1_479' title='bbox 3654 3002 3825 3058; x_wconf 83' lang='grc' dir='ltr'>πλου-</span> 
     </span>
    </p>
   </div>
   <div class='ocr_carea' id='block_1_65' title="bbox 2181 3094 2352 3155">
    <p class='ocr_par' dir='ltr' id='par_1_65' title="bbox 2181 3094 2352 3155">
     <span class='ocr_line' id='line_1_65' title="bbox 2181 3094 2352 3155; baseline 0.006 -8"><span class='ocrx_word' id='word_1_480' title='bbox 2181 3094 2352 3155; x_wconf 87' lang='grc' dir='ltr'>σίους.</span> 
     </span>
    </p>
   </div>
   <div class='ocr_carea' id='block_1_66' title="bbox 492 3142 2070 3283">
    <p class='ocr_par' dir='ltr' id='par_1_66' title="bbox 492 3142 2069 3283">
     <span class='ocr_line' id='line_1_66' title="bbox 492 3142 1460 3199; baseline -0.013 -18"><span class='ocrx_word' id='word_1_481' title='bbox 492 3142 764 3199; x_wconf 71' lang='lat' dir='ltr'>:sngnans,</span> <span class='ocrx_word' id='word_1_482' title='bbox 794 3142 1093 3194; x_wconf 72' lang='lat' dir='ltr'>sapientes</span> <span class='ocrx_word' id='word_1_483' title='bbox 1132 3142 1200 3173; x_wconf 69' lang='lat' dir='ltr'>ac.</span> <span class='ocrx_word' id='word_1_484' title='bbox 1228 3142 1460 3172; x_wconf 73' lang='lat' dir='ltr'>uivucs.</span> 
     </span>
     <span class='ocr_line' id='line_1_67' title="bbox 492 3199 2069 3283; baseline -0.012 -13"><span class='ocrx_word' id='word_1_485' title='bbox 492 3217 580 3283; x_wconf 89' lang='lat' dir='ltr'>VI,</span> <span class='ocrx_word' id='word_1_486' title='bbox 612 3215 826 3268; x_wconf 77' lang='grc'>12-14.‹‹</span> <span class='ocrx_word' id='word_1_487' title='bbox 846 3210 1057 3268; x_wconf 87' lang='lat' dir='ltr'>Omnia</span> <span class='ocrx_word' id='word_1_488' title='bbox 1076 3207 1221 3263; x_wconf 88' lang='lat' dir='ltr'>mihi</span> <span class='ocrx_word' id='word_1_489' title='bbox 1240 3207 1445 3272; x_wconf 91' lang='lat' dir='ltr'>licent,</span> <span class='ocrx_word' id='word_1_490' title='bbox 1476 3208 1536 3258; x_wconf 90' lang='lat' dir='ltr'>at</span> <span class='ocrx_word' id='word_1_491' title='bbox 1556 3219 1675 3257; x_wconf 89' lang='lat' dir='ltr'>non</span> <span class='ocrx_word' id='word_1_492' title='bbox 1696 3199 1898 3256; x_wconf 91' lang='lat' dir='ltr'>omnia</span> <span class='ocrx_word' id='word_1_493' title='bbox 1923 3214 2069 3253; x_wconf 87' lang='lat' dir='ltr'>con-</span> 
     </span>
    </p>
   </div>
   <div class='ocr_carea' id='block_1_67' title="bbox 2177 3142 3826 3283">
    <p class='ocr_par' dir='ltr' id='par_1_67' title="bbox 2244 3178 3826 3283">
     <span class='ocr_line' id='line_1_68' title="bbox 2244 3178 3826 3283; baseline 0.003 -46"><span class='ocrx_word' id='word_1_494' title='bbox 2244 3183 2433 3283; x_wconf 66' lang='lat' dir='ltr'>Da&#39;ww</span> <span class='ocrx_word' id='word_1_495' title='bbox 2501 3203 2596 3255; x_wconf 83' lang='grc' dir='ltr'>μοι</span> <span class='ocrx_word' id='word_1_496' title='bbox 2652 3178 2871 3253; x_wconf 76' lang='grc' dir='ltr'>ἔξεστιν,</span> <span class='ocrx_word' id='word_1_497' title='bbox 2966 3181 3095 3239; x_wconf 74' lang='grc' dir='ltr'>ἀλλ’</span> <span class='ocrx_word' id='word_1_498' title='bbox 3173 3182 3236 3238; x_wconf 82' lang='grc' dir='ltr'>οὐ</span> <span class='ocrx_word' id='word_1_499' title='bbox 3301 3184 3479 3239; x_wconf 79' lang='grc' dir='ltr'>πάντα</span> <span class='ocrx_word' id='word_1_500' title='bbox 3543 3182 3826 3258; x_wconf 70' lang='grc' dir='ltr'>συμφέρει.</span> 
     </span>
    </p>
   </div>
   <div class='ocr_carea' id='block_1_68' title="bbox 421 3286 2070 3364">
    <p class='ocr_par' dir='ltr' id='par_1_68' title="bbox 421 3286 2070 3364">
     <span class='ocr_line' id='line_1_69' title="bbox 421 3286 2070 3364; baseline -0.012 -4"><span class='ocrx_word' id='word_1_501' title='bbox 421 3325 446 3359; x_wconf 76' lang='grc' dir='ltr'>α</span> <span class='ocrx_word' id='word_1_502' title='bbox 473 3301 933 3360; x_wconf 89' lang='lat' dir='ltr'>ducunt.0mnia</span> <span class='ocrx_word' id='word_1_503' title='bbox 953 3297 1099 3355; x_wconf 85' lang='lat' dir='ltr'>mihi</span> <span class='ocrx_word' id='word_1_504' title='bbox 1118 3296 1390 3363; x_wconf 85' lang='lat' dir='ltr'>licent,at</span> <span class='ocrx_word' id='word_1_505' title='bbox 1415 3308 1518 3364; x_wconf 89' lang='lat' dir='ltr'>ego</span> <span class='ocrx_word' id='word_1_506' title='bbox 1548 3307 1671 3347; x_wconf 91' lang='lat' dir='ltr'>non</span> <span class='ocrx_word' id='word_1_507' title='bbox 1700 3288 1934 3360; x_wconf 86' lang='lat' dir='ltr'>redigar</span> <span class='ocrx_word' id='word_1_508' title='bbox 1964 3286 2070 3342; x_wconf 90' lang='lat' dir='ltr'>sub</span> 
     </span>
    </p>
   </div>
   <div class='ocr_carea' id='block_1_69' title="bbox 420 3377 2072 3463">
    <p class='ocr_par' dir='ltr' id='par_1_69' title="bbox 420 3377 2072 3463">
     <span class='ocr_line' id='line_1_70' title="bbox 420 3377 2072 3463; baseline -0.013 -13"><span class='ocrx_word' id='word_1_509' title='bbox 420 3415 449 3445; x_wconf 80' lang='grc' dir='ltr'>ι(</span> <span class='ocrx_word' id='word_1_510' title='bbox 477 3393 660 3449; x_wconf 86' lang='lat' dir='ltr'>ullius</span> <span class='ocrx_word' id='word_1_511' title='bbox 692 3393 1065 3463; x_wconf 88' lang='lat' dir='ltr'>potestatem.</span> <span class='ocrx_word' id='word_1_512' title='bbox 1084 3386 1246 3438; x_wconf 64' lang='lat' dir='ltr'>Esca:</span> <span class='ocrx_word' id='word_1_513' title='bbox 1279 3382 1495 3444; x_wconf 87' lang='lat' dir='ltr'>alvo,et</span> <span class='ocrx_word' id='word_1_514' title='bbox 1523 3379 1687 3433; x_wconf 83' lang='lat' dir='ltr'>alvus</span> <span class='ocrx_word' id='word_1_515' title='bbox 1714 3377 1886 3433; x_wconf 87' lang='lat' dir='ltr'>escis.</span> <span class='ocrx_word' id='word_1_516' title='bbox 1917 3377 2072 3430; x_wconf 89' lang='lat' dir='ltr'>Deus</span> 
     </span>
    </p>
   </div>
   <div class='ocr_carea' id='block_1_70' title="bbox 422 3468 2071 3538">
    <p class='ocr_par' dir='ltr' id='par_1_70' title="bbox 422 3468 2071 3538">
     <span class='ocr_line' id='line_1_71' title="bbox 422 3468 2071 3538; baseline -0.01 -5"><span class='ocrx_word' id='word_1_517' title='bbox 422 3506 449 3534; x_wconf 89' lang='grc'>‹‹</span> <span class='ocrx_word' id='word_1_518' title='bbox 482 3487 680 3538; x_wconf 86' lang='lat' dir='ltr'>autem</span> <span class='ocrx_word' id='word_1_519' title='bbox 714 3486 771 3535; x_wconf 88' lang='lat' dir='ltr'>et</span> <span class='ocrx_word' id='word_1_520' title='bbox 799 3480 953 3532; x_wconf 89' lang='lat' dir='ltr'>hanc</span> <span class='ocrx_word' id='word_1_521' title='bbox 982 3480 1041 3528; x_wconf 90' lang='lat' dir='ltr'>et</span> <span class='ocrx_word' id='word_1_522' title='bbox 1070 3471 1204 3526; x_wconf 89' lang='lat' dir='ltr'>illas</span> <span class='ocrx_word' id='word_1_523' title='bbox 1228 3468 1507 3525; x_wconf 89' lang='lat' dir='ltr'>abolebit.</span> <span class='ocrx_word' id='word_1_524' title='bbox 1534 3468 1759 3537; x_wconf 89' lang='lat' dir='ltr'>Corpus</span> <span class='ocrx_word' id='word_1_525' title='bbox 1784 3482 1918 3519; x_wconf 89' lang='lat' dir='ltr'>vero</span> <span class='ocrx_word' id='word_1_526' title='bbox 1950 3479 2071 3517; x_wconf 86' lang='lat' dir='ltr'>non</span> 
     </span>
    </p>
   </div>
   <div class='ocr_carea' id='block_1_71' title="bbox 427 3554 2071 3642">
    <p class='ocr_par' dir='ltr' id='par_1_71' title="bbox 427 3554 2071 3642">
     <span class='ocr_line' id='line_1_72' title="bbox 427 3554 2071 3642; baseline -0.01 -21"><span class='ocrx_word' id='word_1_527' title='bbox 427 3595 454 3622; x_wconf 89' lang='grc'><strong>‹‹</strong></span> <span class='ocrx_word' id='word_1_528' title='bbox 491 3577 715 3642; x_wconf 88' lang='lat' dir='ltr'>stupro,</span> <span class='ocrx_word' id='word_1_529' title='bbox 748 3565 852 3622; x_wconf 90' lang='lat' dir='ltr'>sed</span> <span class='ocrx_word' id='word_1_530' title='bbox 910 3562 1181 3627; x_wconf 90' lang='lat' dir='ltr'>Domino,</span> <span class='ocrx_word' id='word_1_531' title='bbox 1214 3564 1273 3613; x_wconf 91' lang='lat' dir='ltr'>et</span> <span class='ocrx_word' id='word_1_532' title='bbox 1301 3555 1586 3612; x_wconf 91' lang='lat' dir='ltr'>Dominus</span> <span class='ocrx_word' id='word_1_533' title='bbox 1631 3554 1884 3624; x_wconf 90' lang='lat' dir='ltr'>corpori.</span> <span class='ocrx_word' id='word_1_534' title='bbox 1919 3554 2071 3606; x_wconf 89' lang='lat' dir='ltr'>Deus</span> 
     </span>
    </p>
   </div>
   <div class='ocr_carea' id='block_1_72' title="bbox 433 3639 2073 3717">
    <p class='ocr_par' dir='ltr' id='par_1_72' title="bbox 433 3639 2073 3717">
     <span class='ocr_line' id='line_1_73' title="bbox 433 3639 2073 3717; baseline -0.015 0"><span class='ocrx_word' id='word_1_535' title='bbox 433 3680 456 3709; x_wconf 74' lang='grc' dir='ltr'><strong>α</strong></span> <span class='ocrx_word' id='word_1_536' title='bbox 490 3639 688 3717; x_wconf 74' lang='lat' dir='ltr'>autem</span> <span class='ocrx_word' id='word_1_537' title='bbox 720 3661 779 3711; x_wconf 91' lang='lat' dir='ltr'>et</span> <span class='ocrx_word' id='word_1_538' title='bbox 808 3653 1125 3708; x_wconf 90' lang='lat' dir='ltr'>Dominum</span> <span class='ocrx_word' id='word_1_539' title='bbox 1158 3645 1481 3713; x_wconf 87' lang='lat' dir='ltr'>suscitavit,</span> <span class='ocrx_word' id='word_1_540' title='bbox 1514 3648 1573 3697; x_wconf 93' lang='lat' dir='ltr'>et</span> <span class='ocrx_word' id='word_1_541' title='bbox 1621 3659 1732 3697; x_wconf 87' lang='lat' dir='ltr'>nos</span> <span class='ocrx_word' id='word_1_542' title='bbox 1761 3639 2073 3696; x_wconf 88' lang='lat' dir='ltr'>suscitabit</span> 
     </span>
    </p>
   </div>
   <div class='ocr_carea' id='block_1_73' title="bbox 428 3742 1229 3823">
    <p class='ocr_par' dir='ltr' id='par_1_73' title="bbox 428 3742 1229 3823">
     <span class='ocr_line' id='line_1_74' title="bbox 428 3742 1229 3823; baseline -0.019 -20"><span class='ocrx_word' id='word_1_543' title='bbox 428 3773 457 3803; x_wconf 88' lang='grc'>‹‹</span> <span class='ocrx_word' id='word_1_544' title='bbox 490 3767 597 3823; x_wconf 89' lang='lat' dir='ltr'>per</span> <span class='ocrx_word' id='word_1_545' title='bbox 622 3742 951 3819; x_wconf 88' lang='lat' dir='ltr'>potentiam</span> <span class='ocrx_word' id='word_1_546' title='bbox 982 3753 1169 3793; x_wconf 88' lang='lat' dir='ltr'>suam.</span> <span class='ocrx_word' id='word_1_547' title='bbox 1201 3754 1229 3787; x_wconf 69' lang='grc' dir='ltr'>ι</span> 
     </span>
    </p>
   </div>
   <div class='ocr_carea' id='block_1_74' title="bbox 495 3910 2072 3985">
    <p class='ocr_par' dir='ltr' id='par_1_74' title="bbox 495 3910 2072 3985">
     <span class='ocr_line' id='line_1_75' title="bbox 495 3910 2072 3985; baseline -0.014 -1"><span class='ocrx_word' id='word_1_548' title='bbox 495 3929 577 3985; x_wconf 81' lang='lat' dir='ltr'>Ad</span> <span class='ocrx_word' id='word_1_549' title='bbox 607 3927 790 3982; x_wconf 89' lang='lat' dir='ltr'>alium</span> <span class='ocrx_word' id='word_1_550' title='bbox 821 3924 1097 3979; x_wconf 85' lang='lat' dir='ltr'>affectum</span> <span class='ocrx_word' id='word_1_551' title='bbox 1118 3917 1403 3975; x_wconf 88' lang='lat' dir='ltr'>transfert</span> <span class='ocrx_word' id='word_1_552' title='bbox 1430 3929 1794 3973; x_wconf 82' lang='lat' dir='ltr'>sermonem.</span> <span class='ocrx_word' id='word_1_553' title='bbox 1828 3914 1886 3965; x_wconf 90' lang='lat' dir='ltr'>et</span> <span class='ocrx_word' id='word_1_554' title='bbox 1916 3910 2072 3964; x_wconf 89' lang='lat' dir='ltr'>inve-</span> 
     </span>
    </p>
   </div>
   <div class='ocr_carea' id='block_1_75' title="bbox 422 4000 2071 4084">
    <p class='ocr_par' dir='ltr' id='par_1_75' title="bbox 422 4000 2071 4084">
     <span class='ocr_line' id='line_1_76' title="bbox 422 4000 2071 4084; baseline -0.012 -12"><span class='ocrx_word' id='word_1_555' title='bbox 422 4019 583 4073; x_wconf 90' lang='lat' dir='ltr'>bitur</span> <span class='ocrx_word' id='word_1_556' title='bbox 612 4017 674 4070; x_wconf 89' lang='lat' dir='ltr'>in</span> <span class='ocrx_word' id='word_1_557' title='bbox 706 4030 807 4070; x_wconf 91' lang='lat' dir='ltr'>eos</span> <span class='ocrx_word' id='word_1_558' title='bbox 841 4012 939 4083; x_wconf 88' lang='lat' dir='ltr'>qui</span> <span class='ocrx_word' id='word_1_559' title='bbox 972 4010 1123 4084; x_wconf 60' lang='lat' dir='ltr'>gula;</span> <span class='ocrx_word' id='word_1_560' title='bbox 1142 4007 1327 4066; x_wconf 89' lang='lat' dir='ltr'>dediti</span> <span class='ocrx_word' id='word_1_561' title='bbox 1349 4011 1509 4061; x_wconf 90' lang='lat' dir='ltr'>sunt.</span> <span class='ocrx_word' id='word_1_562' title='bbox 1536 4004 1784 4059; x_wconf 90' lang='lat' dir='ltr'>Licitum</span> <span class='ocrx_word' id='word_1_563' title='bbox 1811 4000 1957 4056; x_wconf 90' lang='lat' dir='ltr'>mihi</span> <span class='ocrx_word' id='word_1_564' title='bbox 1981 4004 2071 4055; x_wconf 90' lang='lat' dir='ltr'>est</span> 
     </span>
    </p>
   </div>
   <div class='ocr_carea' id='block_1_76' title="bbox 421 4090 2081 4168">
    <p class='ocr_par' dir='ltr' id='par_1_76' title="bbox 421 4090 2081 4168">
     <span class='ocr_line' id='line_1_77' title="bbox 421 4090 2081 4168; baseline -0.01 -8"><span class='ocrx_word' id='word_1_565' title='bbox 421 4104 605 4161; x_wconf 88' lang='lat' dir='ltr'>Tdere</span> <span class='ocrx_word' id='word_1_566' title='bbox 636 4120 703 4158; x_wconf 90' lang='lat' dir='ltr'>ac</span> <span class='ocrx_word' id='word_1_567' title='bbox 731 4101 955 4168; x_wconf 88' lang='lat' dir='ltr'>bibere,</span> <span class='ocrx_word' id='word_1_568' title='bbox 977 4115 1181 4154; x_wconf 88' lang='lat' dir='ltr'>verum</span> <span class='ocrx_word' id='word_1_569' title='bbox 1204 4098 1316 4152; x_wconf 91' lang='lat' dir='ltr'>hoc</span> <span class='ocrx_word' id='word_1_570' title='bbox 1337 4111 1457 4151; x_wconf 91' lang='lat' dir='ltr'>non</span> <span class='ocrx_word' id='word_1_571' title='bbox 1480 4091 1759 4149; x_wconf 87' lang='lat' dir='ltr'>conducit</span> <span class='ocrx_word' id='word_1_572' title='bbox 1788 4090 1903 4144; x_wconf 88' lang='lat' dir='ltr'>nisi</span> <span class='ocrx_word' id='word_1_573' title='bbox 1933 4104 2081 4144; x_wconf 70' lang='lat' dir='ltr'>cum«</span> 
     </span>
    </p>
   </div>
   <div class='ocr_carea' id='block_1_77' title="bbox 420 4176 2067 4257">
    <p class='ocr_par' dir='ltr' id='par_1_77' title="bbox 420 4176 2067 4257">
     <span class='ocr_line' id='line_1_78' title="bbox 420 4176 2067 4257; baseline -0.012 -6"><span class='ocrx_word' id='word_1_574' title='bbox 420 4192 827 4251; x_wconf 89' lang='lat' dir='ltr'>mediocritate</span> <span class='ocrx_word' id='word_1_575' title='bbox 884 4190 1100 4244; x_wconf 83' lang='lat' dir='ltr'>facere.</span> <span class='ocrx_word' id='word_1_576' title='bbox 1162 4208 1190 4237; x_wconf 87' lang='grc'>‹‹</span> <span class='ocrx_word' id='word_1_577' title='bbox 1222 4188 1297 4240; x_wconf 84' lang='lat' dir='ltr'>At</span> <span class='ocrx_word' id='word_1_578' title='bbox 1353 4200 1459 4257; x_wconf 86' lang='lat' dir='ltr'>ego</span> <span class='ocrx_word' id='word_1_579' title='bbox 1511 4197 1634 4237; x_wconf 87' lang='lat' dir='ltr'>non</span> <span class='ocrx_word' id='word_1_580' title='bbox 1691 4178 1927 4251; x_wconf 87' lang='lat' dir='ltr'>redigar</span> <span class='ocrx_word' id='word_1_581' title='bbox 1957 4176 2067 4233; x_wconf 89' lang='lat' dir='ltr'>sub</span> 
     </span>
    </p>
   </div>
   <div class='ocr_carea' id='block_1_78' title="bbox 421 4270 2070 4354">
    <p class='ocr_par' dir='ltr' id='par_1_78' title="bbox 421 4270 2070 4354">
     <span class='ocr_line' id='line_1_79' title="bbox 421 4270 2070 4354; baseline -0.012 -15"><span class='ocrx_word' id='word_1_582' title='bbox 421 4283 603 4339; x_wconf 91' lang='lat' dir='ltr'>ullius</span> <span class='ocrx_word' id='word_1_583' title='bbox 664 4284 1037 4354; x_wconf 85' lang='lat' dir='ltr'>potestatem.</span> <span class='ocrx_word' id='word_1_584' title='bbox 1081 4298 1108 4327; x_wconf 86' lang='lat'>»</span> <span class='ocrx_word' id='word_1_585' title='bbox 1169 4274 1474 4340; x_wconf 89' lang='lat' dir='ltr'>Dominus,</span> <span class='ocrx_word' id='word_1_586' title='bbox 1536 4270 1753 4342; x_wconf 89' lang='lat' dir='ltr'>inquit,</span> <span class='ocrx_word' id='word_1_587' title='bbox 1813 4284 1945 4323; x_wconf 90' lang='lat' dir='ltr'>sum</span> <span class='ocrx_word' id='word_1_588' title='bbox 2002 4271 2070 4321; x_wconf 89' lang='lat' dir='ltr'>ut</span> 
     </span>
    </p>
   </div>
   <div class='ocr_carea' id='block_1_79' title="bbox 419 4356 2069 4431">
    <p class='ocr_par' dir='ltr' id='par_1_79' title="bbox 419 4356 2069 4431">
     <span class='ocr_line' id='line_1_80' title="bbox 419 4356 2069 4431; baseline -0.013 -1"><span class='ocrx_word' id='word_1_589' title='bbox 419 4378 590 4431; x_wconf 84' lang='lat' dir='ltr'>edam</span> <span class='ocrx_word' id='word_1_590' title='bbox 623 4389 691 4428; x_wconf 90' lang='lat' dir='ltr'>ac</span> <span class='ocrx_word' id='word_1_591' title='bbox 716 4370 915 4426; x_wconf 90' lang='lat' dir='ltr'>bibam</span> <span class='ocrx_word' id='word_1_592' title='bbox 944 4385 956 4422; x_wconf 94' lang='lat'><strong>:</strong></span> <span class='ocrx_word' id='word_1_593' title='bbox 990 4382 1193 4421; x_wconf 87' lang='lat' dir='ltr'>verum</span> <span class='ocrx_word' id='word_1_594' title='bbox 1224 4364 1271 4419; x_wconf 89' lang='lat' dir='ltr'>si</span> <span class='ocrx_word' id='word_1_595' title='bbox 1307 4363 1401 4417; x_wconf 90' lang='lat' dir='ltr'>his</span> <span class='ocrx_word' id='word_1_596' title='bbox 1431 4378 1551 4417; x_wconf 89' lang='lat' dir='ltr'>non</span> <span class='ocrx_word' id='word_1_597' title='bbox 1584 4363 1814 4415; x_wconf 85' lang='lat' dir='ltr'>servata</span> <span class='ocrx_word' id='word_1_598' title='bbox 1840 4356 2069 4412; x_wconf 89' lang='lat' dir='ltr'>medio-</span> 
     </span>
    </p>
   </div>
   <div class='ocr_carea' id='block_1_80' title="bbox 421 4446 2063 4531">
    <p class='ocr_par' dir='ltr' id='par_1_80' title="bbox 421 4446 2063 4531">
     <span class='ocr_line' id='line_1_81' title="bbox 421 4446 2063 4531; baseline -0.012 -13"><span class='ocrx_word' id='word_1_599' title='bbox 421 4464 630 4519; x_wconf 90' lang='lat' dir='ltr'>critate</span> <span class='ocrx_word' id='word_1_600' title='bbox 650 4461 946 4531; x_wconf 89' lang='lat' dir='ltr'>meipsum</span> <span class='ocrx_word' id='word_1_601' title='bbox 978 4454 1300 4521; x_wconf 87' lang='lat' dir='ltr'>tradidero,</span> <span class='ocrx_word' id='word_1_602' title='bbox 1316 4453 1531 4508; x_wconf 90' lang='lat' dir='ltr'>horum</span> <span class='ocrx_word' id='word_1_603' title='bbox 1549 4465 1752 4503; x_wconf 85' lang='lat' dir='ltr'>servus</span> <span class='ocrx_word' id='word_1_604' title='bbox 1775 4446 2063 4510; x_wconf 79' lang='lat' dir='ltr'>inveniar,</span> 
     </span>
    </p>
   </div>
   <div class='ocr_carea' id='block_1_81' title="bbox 422 4536 2062 4612">
    <p class='ocr_par' dir='ltr' id='par_1_81' title="bbox 422 4536 2062 4612">
     <span class='ocr_line' id='line_1_82' title="bbox 422 4536 2062 4612; baseline -0.013 -4"><span class='ocrx_word' id='word_1_605' title='bbox 422 4569 555 4607; x_wconf 91' lang='lat' dir='ltr'>cum</span> <span class='ocrx_word' id='word_1_606' title='bbox 587 4549 823 4606; x_wconf 89' lang='lat' dir='ltr'>Domini</span> <span class='ocrx_word' id='word_1_607' title='bbox 855 4561 1085 4602; x_wconf 85' lang='lat' dir='ltr'>servum</span> <span class='ocrx_word' id='word_1_608' title='bbox 1120 4559 1248 4598; x_wconf 89' lang='lat' dir='ltr'>esse</span> <span class='ocrx_word' id='word_1_609' title='bbox 1307 4543 1624 4612; x_wconf 86' lang='lat' dir='ltr'>oporteret,</span> <span class='ocrx_word' id='word_1_610' title='bbox 1657 4542 1716 4593; x_wconf 93' lang='lat' dir='ltr'>et</span> <span class='ocrx_word' id='word_1_611' title='bbox 1746 4536 1838 4590; x_wconf 87' lang='lat' dir='ltr'>his</span> <span class='ocrx_word' id='word_1_612' title='bbox 1868 4536 2062 4589; x_wconf 86' lang='lat' dir='ltr'>inser-</span> 
     </span>
    </p>
   </div>
   <div class='ocr_carea' id='block_1_82' title="bbox 422 4626 2064 4697">
    <p class='ocr_par' dir='ltr' id='par_1_82' title="bbox 422 4626 2064 4697">
     <span class='ocr_line' id='line_1_83' title="bbox 422 4626 2064 4697; baseline -0.013 1"><span class='ocrx_word' id='word_1_613' title='bbox 422 4643 575 4697; x_wconf 84' lang='lat' dir='ltr'>viam</span> <span class='ocrx_word' id='word_1_614' title='bbox 596 4640 749 4695; x_wconf 90' lang='lat' dir='ltr'>sicut</span> <span class='ocrx_word' id='word_1_615' title='bbox 768 4635 911 4693; x_wconf 88' lang='lat' dir='ltr'>alibi</span> <span class='ocrx_word' id='word_1_616' title='bbox 935 4630 1139 4689; x_wconf 61' lang='lat' dir='ltr'>dicit“</span> <span class='ocrx_word' id='word_1_617' title='bbox 1159 4648 1172 4685; x_wconf 90' lang='lat'><strong>:</strong></span> <span class='ocrx_word' id='word_1_618' title='bbox 1193 4653 1219 4680; x_wconf 86' lang='lat'><strong>«</strong></span> <span class='ocrx_word' id='word_1_619' title='bbox 1245 4631 1504 4695; x_wconf 91' lang='lat' dir='ltr'>Quorum</span> <span class='ocrx_word' id='word_1_620' title='bbox 1525 4627 1681 4682; x_wconf 91' lang='lat' dir='ltr'>Deus</span> <span class='ocrx_word' id='word_1_621' title='bbox 1702 4630 1906 4679; x_wconf 87' lang='lat' dir='ltr'>venter</span> <span class='ocrx_word' id='word_1_622' title='bbox 1922 4626 2064 4677; x_wconf 83' lang='lat' dir='ltr'>est.»</span> 
     </span>
    </p>
   </div>
   <div class='ocr_carea' id='block_1_83' title="bbox 424 4714 2069 4802">
    <p class='ocr_par' dir='ltr' id='par_1_83' title="bbox 424 4714 2069 4802">
     <span class='ocr_line' id='line_1_84' title="bbox 424 4714 2069 4802; baseline -0.013 -17"><span class='ocrx_word' id='word_1_623' title='bbox 424 4731 623 4802; x_wconf 84' lang='lat' dir='ltr'>Itaque</span> <span class='ocrx_word' id='word_1_624' title='bbox 652 4744 775 4783; x_wconf 91' lang='lat' dir='ltr'>non</span> <span class='ocrx_word' id='word_1_625' title='bbox 799 4724 1036 4797; x_wconf 88' lang='lat' dir='ltr'>redigar</span> <span class='ocrx_word' id='word_1_626' title='bbox 1066 4721 1173 4778; x_wconf 87' lang='lat' dir='ltr'>sub</span> <span class='ocrx_word' id='word_1_627' title='bbox 1204 4719 1419 4774; x_wconf 88' lang='lat' dir='ltr'>horum</span> <span class='ocrx_word' id='word_1_628' title='bbox 1448 4719 1823 4788; x_wconf 88' lang='lat' dir='ltr'>potestatem.</span> <span class='ocrx_word' id='word_1_629' title='bbox 1848 4733 1876 4761; x_wconf 90' lang='grc'>‹‹</span> <span class='ocrx_word' id='word_1_630' title='bbox 1910 4714 2069 4766; x_wconf 81' lang='lat' dir='ltr'>Escae</span> 
     </span>
    </p>
   </div>
   <div class='ocr_carea' id='block_1_84' title="bbox 424 4802 2071 4879">
    <p class='ocr_par' dir='ltr' id='par_1_84' title="bbox 424 4802 2071 4879">
     <span class='ocr_line' id='line_1_85' title="bbox 424 4802 2071 4879; baseline -0.012 -5"><span class='ocrx_word' id='word_1_631' title='bbox 424 4819 574 4875; x_wconf 86' lang='lat' dir='ltr'>alvo.</span> <span class='ocrx_word' id='word_1_632' title='bbox 611 4840 638 4867; x_wconf 77' lang='grc' dir='ltr'>υ</span> <span class='ocrx_word' id='word_1_633' title='bbox 669 4818 845 4872; x_wconf 89' lang='lat' dir='ltr'>Escas</span> <span class='ocrx_word' id='word_1_634' title='bbox 876 4814 989 4869; x_wconf 87' lang='lat' dir='ltr'>hoc</span> <span class='ocrx_word' id='word_1_635' title='bbox 1049 4811 1178 4866; x_wconf 90' lang='lat' dir='ltr'>loco</span> <span class='ocrx_word' id='word_1_636' title='bbox 1236 4805 1498 4879; x_wconf 89' lang='lat' dir='ltr'>appellat</span> <span class='ocrx_word' id='word_1_637' title='bbox 1552 4802 1931 4869; x_wconf 88' lang='lat' dir='ltr'>edacitatem,</span> <span class='ocrx_word' id='word_1_638' title='bbox 1965 4815 2071 4855; x_wconf 90' lang='lat' dir='ltr'>seu</span> 
     </span>
    </p>
   </div>
   <div class='ocr_carea' id='block_1_85' title="bbox 426 4889 2070 4976">
    <p class='ocr_par' dir='ltr' id='par_1_85' title="bbox 426 4889 2070 4976">
     <span class='ocr_line' id='line_1_86' title="bbox 426 4889 2070 4976; baseline -0.01 -15"><span class='ocrx_word' id='word_1_639' title='bbox 426 4904 849 4976; x_wconf 83' lang='lat' dir='ltr'>inexplebilem</span> <span class='ocrx_word' id='word_1_640' title='bbox 888 4900 1099 4956; x_wconf 88' lang='lat' dir='ltr'>edendi</span> <span class='ocrx_word' id='word_1_641' title='bbox 1133 4897 1470 4954; x_wconf 89' lang='lat' dir='ltr'>aviditatem</span> <span class='ocrx_word' id='word_1_642' title='bbox 1498 4909 1511 4960; x_wconf 89' lang='lat'><strong>;</strong></span> <span class='ocrx_word' id='word_1_643' title='bbox 1562 4891 1754 4947; x_wconf 86' lang='lat' dir='ltr'>alvum</span> <span class='ocrx_word' id='word_1_644' title='bbox 1786 4906 1920 4945; x_wconf 91' lang='lat' dir='ltr'>vero</span> <span class='ocrx_word' id='word_1_645' title='bbox 1951 4889 2070 4945; x_wconf 89' lang='lat' dir='ltr'>sive</span> 
     </span>
    </p>
   </div>
   <div class='ocr_carea' id='block_1_86' title="bbox 424 4980 2069 5059">
    <p class='ocr_par' dir='ltr' id='par_1_86' title="bbox 424 4980 2069 5059">
     <span class='ocr_line' id='line_1_87' title="bbox 424 4980 2069 5059; baseline -0.011 -10"><span class='ocrx_word' id='word_1_646' title='bbox 424 4991 815 5049; x_wconf 88' lang='lat' dir='ltr'>ventriculum</span> <span class='ocrx_word' id='word_1_647' title='bbox 871 4987 1338 5059; x_wconf 87' lang='lat' dir='ltr'>gastrimargiam</span> <span class='ocrx_word' id='word_1_648' title='bbox 1397 4983 1516 5038; x_wconf 88' lang='lat' dir='ltr'>sive</span> <span class='ocrx_word' id='word_1_649' title='bbox 1546 4980 1920 5050; x_wconf 79' lang='lat' dir='ltr'>gulositatem</span> <span class='ocrx_word' id='word_1_650' title='bbox 1949 4995 2069 5033; x_wconf 90' lang='lat' dir='ltr'>non</span> 
     </span>
    </p>
   </div>
   <div class='ocr_carea' id='block_1_87' title="bbox 425 5067 2069 5153">
    <p class='ocr_par' dir='ltr' id='par_1_87' title="bbox 425 5067 2069 5153">
     <span class='ocr_line' id='line_1_88' title="bbox 425 5067 2069 5153; baseline -0.012 -15"><span class='ocrx_word' id='word_1_651' title='bbox 425 5084 622 5153; x_wconf 90' lang='lat' dir='ltr'>ipsum</span> <span class='ocrx_word' id='word_1_652' title='bbox 666 5083 950 5135; x_wconf 83' lang='lat' dir='ltr'>ventrem.</span> <span class='ocrx_word' id='word_1_653' title='bbox 982 5107 1051 5115; x_wconf 97' lang='lat'><strong>—</strong></span> <span class='ocrx_word' id='word_1_654' title='bbox 1080 5075 1262 5130; x_wconf 82' lang='lat' dir='ltr'>Aliud.</span> <span class='ocrx_word' id='word_1_655' title='bbox 1323 5073 1378 5127; x_wconf 90' lang='lat' dir='ltr'>Si</span> <span class='ocrx_word' id='word_1_656' title='bbox 1434 5087 1600 5126; x_wconf 89' lang='lat' dir='ltr'>escas</span> <span class='ocrx_word' id='word_1_657' title='bbox 1630 5073 1899 5140; x_wconf 88' lang='lat' dir='ltr'>oporteat</span> <span class='ocrx_word' id='word_1_658' title='bbox 1928 5067 2069 5121; x_wconf 84' lang='lat' dir='ltr'>sim-</span> 
     </span>
    </p>
   </div>
   <div class='ocr_carea' id='block_1_88' title="bbox 424 5159 2071 5245">
    <p class='ocr_par' dir='ltr' id='par_1_88' title="bbox 424 5159 2071 5245">
     <span class='ocr_line' id='line_1_89' title="bbox 424 5159 2071 5245; baseline -0.009 -20"><span class='ocrx_word' id='word_1_659' title='bbox 424 5171 661 5245; x_wconf 88' lang='lat' dir='ltr'>pliciter</span> <span class='ocrx_word' id='word_1_660' title='bbox 690 5167 1039 5223; x_wconf 84' lang='lat' dir='ltr'>alimentum</span> <span class='ocrx_word' id='word_1_661' title='bbox 1061 5163 1414 5235; x_wconf 87' lang='lat' dir='ltr'>intelligere,</span> <span class='ocrx_word' id='word_1_662' title='bbox 1433 5166 1492 5215; x_wconf 90' lang='lat' dir='ltr'>et</span> <span class='ocrx_word' id='word_1_663' title='bbox 1510 5159 1705 5215; x_wconf 90' lang='lat' dir='ltr'>alvum</span> <span class='ocrx_word' id='word_1_664' title='bbox 1734 5161 2071 5228; x_wconf 86' lang='lat' dir='ltr'>receptacu-</span> 
     </span>
    </p>
   </div>
   <div class='ocr_carea' id='block_1_89' title="bbox 424 5246 2072 5322">
    <p class='ocr_par' dir='ltr' id='par_1_89' title="bbox 424 5246 2072 5322">
     <span class='ocr_line' id='line_1_90' title="bbox 424 5246 2072 5322; baseline -0.011 -4"><span class='ocrx_word' id='word_1_665' title='bbox 424 5262 551 5318; x_wconf 90' lang='lat' dir='ltr'>lum</span> <span class='ocrx_word' id='word_1_666' title='bbox 581 5258 850 5316; x_wconf 87' lang='lat' dir='ltr'>ciborum</span> <span class='ocrx_word' id='word_1_667' title='bbox 880 5272 892 5309; x_wconf 90' lang='lat'>:</span> <span class='ocrx_word' id='word_1_668' title='bbox 929 5253 1145 5310; x_wconf 89' lang='lat' dir='ltr'>melius</span> <span class='ocrx_word' id='word_1_669' title='bbox 1176 5258 1267 5307; x_wconf 91' lang='lat' dir='ltr'>est</span> <span class='ocrx_word' id='word_1_670' title='bbox 1303 5256 1369 5306; x_wconf 92' lang='lat' dir='ltr'>ut</span> <span class='ocrx_word' id='word_1_671' title='bbox 1419 5249 1479 5305; x_wconf 92' lang='lat' dir='ltr'>id</span> <span class='ocrx_word' id='word_1_672' title='bbox 1509 5247 1666 5322; x_wconf 88' lang='lat' dir='ltr'>quod</span> <span class='ocrx_word' id='word_1_673' title='bbox 1694 5246 2072 5318; x_wconf 75' lang='lat' dir='ltr'>subjungitur</span> 
     </span>
    </p>
   </div>
   <div class='ocr_carea' id='block_1_90' title="bbox 425 5333 2071 5411">
    <p class='ocr_par' dir='ltr' id='par_1_90' title="bbox 425 5333 2071 5411">
     <span class='ocr_line' id='line_1_91' title="bbox 425 5333 2071 5411; baseline -0.012 -3"><span class='ocrx_word' id='word_1_674' title='bbox 425 5351 500 5408; x_wconf 88' lang='lat' dir='ltr'>ad</span> <span class='ocrx_word' id='word_1_675' title='bbox 532 5347 877 5406; x_wconf 88' lang='lat' dir='ltr'>vaticinium</span> <span class='ocrx_word' id='word_1_676' title='bbox 905 5343 1089 5400; x_wconf 85' lang='lat' dir='ltr'>futuri</span> <span class='ocrx_word' id='word_1_677' title='bbox 1121 5340 1322 5397; x_wconf 70' lang='lat' dir='ltr'>saeculi</span> <span class='ocrx_word' id='word_1_678' title='bbox 1352 5338 1713 5411; x_wconf 83' lang='lat' dir='ltr'>accipiatur:</span> <span class='ocrx_word' id='word_1_679' title='bbox 1740 5351 1809 5391; x_wconf 88' lang='lat' dir='ltr'>ac</span> <span class='ocrx_word' id='word_1_680' title='bbox 1839 5335 1888 5389; x_wconf 92' lang='lat' dir='ltr'>si</span> <span class='ocrx_word' id='word_1_681' title='bbox 1917 5333 2071 5389; x_wconf 89' lang='lat' dir='ltr'>dice-</span> 
     </span>
    </p>
   </div>
   <div class='ocr_carea' id='block_1_91' title="bbox 423 5423 2067 5497">
    <p class='ocr_par' dir='ltr' id='par_1_91' title="bbox 423 5423 2067 5497">
     <span class='ocr_line' id='line_1_92' title="bbox 423 5423 2067 5497; baseline -0.013 0"><span class='ocrx_word' id='word_1_682' title='bbox 423 5444 535 5497; x_wconf 90' lang='lat' dir='ltr'>ret.</span> <span class='ocrx_word' id='word_1_683' title='bbox 566 5440 718 5494; x_wconf 88' lang='lat' dir='ltr'>Deus</span> <span class='ocrx_word' id='word_1_684' title='bbox 743 5440 940 5491; x_wconf 88' lang='lat' dir='ltr'>autem</span> <span class='ocrx_word' id='word_1_685' title='bbox 968 5438 1026 5489; x_wconf 89' lang='lat' dir='ltr'>et</span> <span class='ocrx_word' id='word_1_686' title='bbox 1053 5432 1207 5488; x_wconf 88' lang='lat' dir='ltr'>hanc</span> <span class='ocrx_word' id='word_1_687' title='bbox 1234 5435 1294 5486; x_wconf 89' lang='lat' dir='ltr'>et</span> <span class='ocrx_word' id='word_1_688' title='bbox 1318 5428 1451 5483; x_wconf 89' lang='lat' dir='ltr'>illas</span> <span class='ocrx_word' id='word_1_689' title='bbox 1475 5425 1773 5493; x_wconf 87' lang='lat' dir='ltr'>abolebit;</span> <span class='ocrx_word' id='word_1_690' title='bbox 1806 5423 1918 5479; x_wconf 87' lang='lat' dir='ltr'>hoc</span> <span class='ocrx_word' id='word_1_691' title='bbox 1943 5427 2067 5478; x_wconf 85' lang='lat' dir='ltr'>est:</span> 
     </span>
    </p>
   </div>
   <div class='ocr_carea' id='block_1_92' title="bbox 2179 3269 3829 3348">
    <p class='ocr_par' dir='ltr' id='par_1_92' title="bbox 2179 3269 3829 3348">
     <span class='ocr_line' id='line_1_93' title="bbox 2179 3269 3829 3348; baseline -0.001 -21"><span class='ocrx_word' id='word_1_692' title='bbox 2179 3270 2361 3328; x_wconf 82' lang='grc' dir='ltr'>Πάντα</span> <span class='ocrx_word' id='word_1_693' title='bbox 2429 3292 2523 3346; x_wconf 87' lang='grc' dir='ltr'>μοι</span> <span class='ocrx_word' id='word_1_694' title='bbox 2625 3269 2841 3344; x_wconf 78' lang='grc' dir='ltr'>ἔξεστιν,</span> <span class='ocrx_word' id='word_1_695' title='bbox 2938 3269 3066 3328; x_wconf 77' lang='grc' dir='ltr'>ἀλλ’</span> <span class='ocrx_word' id='word_1_696' title='bbox 3134 3272 3233 3328; x_wconf 84' lang='grc' dir='ltr'>οῦκ</span> <span class='ocrx_word' id='word_1_697' title='bbox 3297 3271 3409 3348; x_wconf 82' lang='grc' dir='ltr'>ἐγὼ</span> <span class='ocrx_word' id='word_1_698' title='bbox 3482 3270 3829 3344; x_wconf 76' lang='grc' dir='ltr'>ἐξουσιασθή-</span> 
     </span>
    </p>
   </div>
   <div class='ocr_carea' id='block_1_93' title="bbox 2179 3360 3829 3436">
    <p class='ocr_par' dir='ltr' id='par_1_93' title="bbox 2179 3360 3829 3436">
     <span class='ocr_line' id='line_1_94' title="bbox 2179 3360 3829 3436; baseline 0 -21"><span class='ocrx_word' id='word_1_699' title='bbox 2179 3372 2348 3433; x_wconf 71' lang='grc' dir='ltr'>σομαι</span> <span class='ocrx_word' id='word_1_700' title='bbox 2408 3360 2511 3416; x_wconf 84' lang='grc' dir='ltr'>ὑπό</span> <span class='ocrx_word' id='word_1_701' title='bbox 2570 3382 2738 3424; x_wconf 88' lang='grc' dir='ltr'>τινος.</span> <span class='ocrx_word' id='word_1_702' title='bbox 2800 3362 2878 3418; x_wconf 84' lang='grc' dir='ltr'>Τὰ</span> <span class='ocrx_word' id='word_1_703' title='bbox 2940 3362 3209 3436; x_wconf 81' lang='grc' dir='ltr'>βρώματα</span> <span class='ocrx_word' id='word_1_704' title='bbox 3261 3366 3332 3436; x_wconf 77' lang='grc' dir='ltr'>τῇ</span> <span class='ocrx_word' id='word_1_705' title='bbox 3388 3360 3595 3433; x_wconf 81' lang='grc' dir='ltr'>κοιλίᾳ,</span> <span class='ocrx_word' id='word_1_706' title='bbox 3654 3360 3745 3416; x_wconf 69' lang='grc' dir='ltr'>καὶ</span> <span class='ocrx_word' id='word_1_707' title='bbox 3792 3363 3829 3430; x_wconf 72' lang='grc' dir='ltr'>ἡ</span> 
     </span>
    </p>
   </div>
   <div class='ocr_carea' id='block_1_94' title="bbox 2176 3447 3830 3525">
    <p class='ocr_par' dir='ltr' id='par_1_94' title="bbox 2176 3447 3830 3525">
     <span class='ocr_line' id='line_1_95' title="bbox 2176 3447 3830 3525; baseline 0 -22"><span class='ocrx_word' id='word_1_708' title='bbox 2176 3447 2362 3503; x_wconf 86' lang='grc' dir='ltr'>κοιλία</span> <span class='ocrx_word' id='word_1_709' title='bbox 2416 3454 2533 3512; x_wconf 86' lang='grc' dir='ltr'>τοῖς</span> <span class='ocrx_word' id='word_1_710' title='bbox 2595 3448 2901 3525; x_wconf 80' lang='grc' dir='ltr'>βρώμασιν,</span> <span class='ocrx_word' id='word_1_711' title='bbox 2963 3451 2992 3504; x_wconf 83' lang='grc' dir='ltr'>ὁ</span> <span class='ocrx_word' id='word_1_712' title='bbox 3050 3447 3108 3506; x_wconf 67' lang='grc' dir='ltr'>δὲ</span> <span class='ocrx_word' id='word_1_713' title='bbox 3170 3449 3299 3513; x_wconf 89' lang='grc' dir='ltr'>Θεὸς</span> <span class='ocrx_word' id='word_1_714' title='bbox 3360 3449 3450 3505; x_wconf 83' lang='grc' dir='ltr'>καὶ</span> <span class='ocrx_word' id='word_1_715' title='bbox 3506 3449 3708 3520; x_wconf 77' lang='grc' dir='ltr'>ταύτην</span> <span class='ocrx_word' id='word_1_716' title='bbox 3738 3449 3830 3504; x_wconf 76' lang='grc' dir='ltr'>καὶ</span> 
     </span>
    </p>
   </div>
   <div class='ocr_carea' id='block_1_95' title="bbox 2176 3537 3829 3617">
    <p class='ocr_par' dir='ltr' id='par_1_95' title="bbox 2176 3537 3829 3617">
     <span class='ocr_line' id='line_1_96' title="bbox 2176 3537 3829 3617; baseline 0 -23"><span class='ocrx_word' id='word_1_717' title='bbox 2176 3543 2344 3594; x_wconf 84' lang='grc' dir='ltr'>ταῦτα</span> <span class='ocrx_word' id='word_1_718' title='bbox 2399 3542 2751 3617; x_wconf 80' lang='grc' dir='ltr'>καταργήσει.</span> <span class='ocrx_word' id='word_1_719' title='bbox 2803 3542 2875 3596; x_wconf 88' lang='grc' dir='ltr'>Τὸ</span> <span class='ocrx_word' id='word_1_720' title='bbox 2958 3537 3018 3595; x_wconf 73' lang='grc' dir='ltr'>δὲ</span> <span class='ocrx_word' id='word_1_721' title='bbox 3096 3545 3257 3615; x_wconf 81' lang='grc' dir='ltr'>σῶμα</span> <span class='ocrx_word' id='word_1_722' title='bbox 3332 3542 3398 3595; x_wconf 78' lang='grc' dir='ltr'>οὐ</span> <span class='ocrx_word' id='word_1_723' title='bbox 3455 3545 3526 3615; x_wconf 77' lang='grc' dir='ltr'>τῇ</span> <span class='ocrx_word' id='word_1_724' title='bbox 3585 3539 3829 3615; x_wconf 81' lang='grc' dir='ltr'>πορνείᾳ,</span> 
     </span>
    </p>
   </div>
   <div class='ocr_carea' id='block_1_96' title="bbox 2177 3624 3827 3705">
    <p class='ocr_par' dir='ltr' id='par_1_96' title="bbox 2177 3624 3827 3705">
     <span class='ocr_line' id='line_1_97' title="bbox 2177 3624 3827 3705; baseline 0.001 -24"><span class='ocrx_word' id='word_1_725' title='bbox 2177 3624 2429 3701; x_wconf 84' lang='grc' dir='ltr'>ἀλλᾶτῷ</span> <span class='ocrx_word' id='word_1_726' title='bbox 2472 3628 2683 3705; x_wconf 86' lang='grc' dir='ltr'>Κυρίῳ,</span> <span class='ocrx_word' id='word_1_727' title='bbox 2742 3628 2833 3684; x_wconf 87' lang='grc' dir='ltr'>καὶ</span> <span class='ocrx_word' id='word_1_728' title='bbox 2891 3629 2919 3684; x_wconf 86' lang='grc' dir='ltr'>ὁ</span> <span class='ocrx_word' id='word_1_729' title='bbox 2978 3628 3175 3704; x_wconf 77' lang='grc' dir='ltr'>Κύριος</span> <span class='ocrx_word' id='word_1_730' title='bbox 3225 3634 3306 3703; x_wconf 78' lang='grc' dir='ltr'>τῷ</span> <span class='ocrx_word' id='word_1_731' title='bbox 3361 3630 3596 3702; x_wconf 83' lang='grc' dir='ltr'>σώματι.</span> <span class='ocrx_word' id='word_1_732' title='bbox 3654 3630 3715 3687; x_wconf 88' lang='grc' dir='ltr'>Ὁ</span> <span class='ocrx_word' id='word_1_733' title='bbox 3770 3625 3827 3684; x_wconf 75' lang='grc' dir='ltr'>δὲ</span> 
     </span>
    </p>
   </div>
   <div class='ocr_carea' id='block_1_97' title="bbox 2177 3716 3822 3797">
    <p class='ocr_par' dir='ltr' id='par_1_97' title="bbox 2177 3716 3822 3797">
     <span class='ocr_line' id='line_1_98' title="bbox 2177 3716 3822 3797; baseline 0.002 -25"><span class='ocrx_word' id='word_1_734' title='bbox 2177 3716 2306 3779; x_wconf 82' lang='grc' dir='ltr'>Θεὸς</span> <span class='ocrx_word' id='word_1_735' title='bbox 2336 3720 2424 3772; x_wconf 83' lang='grc' dir='ltr'>καὶ</span> <span class='ocrx_word' id='word_1_736' title='bbox 2449 3719 2540 3774; x_wconf 88' lang='grc' dir='ltr'>τὸν</span> <span class='ocrx_word' id='word_1_737' title='bbox 2575 3719 2772 3793; x_wconf 79' lang='grc' dir='ltr'>Κύριον</span> <span class='ocrx_word' id='word_1_738' title='bbox 2803 3720 3015 3795; x_wconf 73' lang='grc' dir='ltr'>ἤγειρε,</span> <span class='ocrx_word' id='word_1_739' title='bbox 3044 3719 3133 3775; x_wconf 81' lang='grc' dir='ltr'>καί</span> <span class='ocrx_word' id='word_1_740' title='bbox 3172 3722 3321 3793; x_wconf 76' lang='grc' dir='ltr'>ἡμᾷς</span> <span class='ocrx_word' id='word_1_741' title='bbox 3351 3719 3581 3797; x_wconf 78' lang='grc' dir='ltr'>ἐξεγερεῖ</span> <span class='ocrx_word' id='word_1_742' title='bbox 3609 3716 3698 3775; x_wconf 80' lang='grc' dir='ltr'>διὰ</span> <span class='ocrx_word' id='word_1_743' title='bbox 3725 3722 3822 3789; x_wconf 71' lang='grc' dir='ltr'>τῆς</span> 
     </span>
    </p>
   </div>
   <div class='ocr_carea' id='block_1_98' title="bbox 2178 3803 2672 3880">
    <p class='ocr_par' dir='ltr' id='par_1_98' title="bbox 2178 3803 2672 3880">
     <span class='ocr_line' id='line_1_99' title="bbox 2178 3803 2672 3880; baseline 0.004 -19"><span class='ocrx_word' id='word_1_744' title='bbox 2178 3803 2455 3880; x_wconf 78' lang='grc' dir='ltr'>δυνάμιως</span> <span class='ocrx_word' id='word_1_745' title='bbox 2488 3808 2672 3864; x_wconf 81' lang='grc' dir='ltr'>αὐτοῦ.</span> 
     </span>
    </p>
   </div>
   <div class='ocr_carea' id='block_1_99' title="bbox 2248 3900 3828 3981">
    <p class='ocr_par' dir='ltr' id='par_1_99' title="bbox 2248 3900 3828 3981">
     <span class='ocr_line' id='line_1_100' title="bbox 2248 3900 3828 3981; baseline 0.002 -22"><span class='ocrx_word' id='word_1_746' title='bbox 2248 3900 2571 3962; x_wconf 78' lang='grc' dir='ltr'>Μεταϐαίνει</span> <span class='ocrx_word' id='word_1_747' title='bbox 2628 3902 2688 3961; x_wconf 72' lang='grc' dir='ltr'>δὲ</span> <span class='ocrx_word' id='word_1_748' title='bbox 2744 3907 2880 3979; x_wconf 88' lang='grc' dir='ltr'>πρὸς</span> <span class='ocrx_word' id='word_1_749' title='bbox 2937 3905 3122 3981; x_wconf 75' lang='grc' dir='ltr'>ἓτερον</span> <span class='ocrx_word' id='word_1_750' title='bbox 3182 3908 3377 3976; x_wconf 78' lang='grc' dir='ltr'>πάθος,</span> <span class='ocrx_word' id='word_1_751' title='bbox 3407 3908 3497 3963; x_wconf 82' lang='grc' dir='ltr'>καὶ</span> <span class='ocrx_word' id='word_1_752' title='bbox 3548 3908 3828 3963; x_wconf 65' lang='grc' dir='ltr'>ἀποτείνε-</span> 
     </span>
    </p>
   </div>
   <div class='ocr_carea' id='block_1_100' title="bbox 2174 3994 3829 4075">
    <p class='ocr_par' dir='ltr' id='par_1_100' title="bbox 2174 3994 3829 4075">
     <span class='ocr_line' id='line_1_101' title="bbox 2174 3994 3829 4075; baseline 0.001 -27"><span class='ocrx_word' id='word_1_753' title='bbox 2174 4014 2259 4049; x_wconf 89' lang='grc' dir='ltr'>ται</span> <span class='ocrx_word' id='word_1_754' title='bbox 2325 3995 2461 4049; x_wconf 78' lang='grc' dir='ltr'>κατὰ</span> <span class='ocrx_word' id='word_1_755' title='bbox 2526 3999 2635 4049; x_wconf 83' lang='grc' dir='ltr'>τῶν</span> <span class='ocrx_word' id='word_1_756' title='bbox 2702 3994 3147 4072; x_wconf 63' lang='grc' dir='ltr'>γαστριςλοὶργων.</span> <span class='ocrx_word' id='word_1_757' title='bbox 3215 3996 3425 4068; x_wconf 77' lang='grc' dir='ltr'>Ἔξεστί</span> <span class='ocrx_word' id='word_1_758' title='bbox 3496 4019 3590 4071; x_wconf 89' lang='grc' dir='ltr'>μοι</span> <span class='ocrx_word' id='word_1_759' title='bbox 3637 4001 3829 4075; x_wconf 72' lang='grc' dir='ltr'>φαγεῖν</span> 
     </span>
    </p>
   </div>
   <div class='ocr_carea' id='block_1_101' title="bbox 2174 4082 3828 4163">
    <p class='ocr_par' dir='ltr' id='par_1_101' title="bbox 2174 4082 3828 4163">
     <span class='ocr_line' id='line_1_102' title="bbox 2174 4082 3828 4163; baseline 0.001 -25"><span class='ocrx_word' id='word_1_760' title='bbox 2174 4083 2265 4138; x_wconf 82' lang='grc' dir='ltr'>καὶ</span> <span class='ocrx_word' id='word_1_761' title='bbox 2314 4089 2477 4153; x_wconf 85' lang='grc' dir='ltr'>πιεῖν,</span> <span class='ocrx_word' id='word_1_762' title='bbox 2533 4082 2664 4140; x_wconf 83' lang='grc' dir='ltr'>ἀλλ’</span> <span class='ocrx_word' id='word_1_763' title='bbox 2722 4084 2785 4139; x_wconf 83' lang='grc' dir='ltr'>οῦ</span> <span class='ocrx_word' id='word_1_764' title='bbox 2844 4087 3107 4163; x_wconf 71' lang='grc' dir='ltr'>συμφέρει</span> <span class='ocrx_word' id='word_1_765' title='bbox 3160 4086 3299 4159; x_wconf 74' lang='grc' dir='ltr'>μετὰ</span> <span class='ocrx_word' id='word_1_766' title='bbox 3352 4086 3614 4163; x_wconf 80' lang='grc' dir='ltr'>ἀμετρίας</span> <span class='ocrx_word' id='word_1_767' title='bbox 3664 4091 3828 4141; x_wconf 87' lang='grc' dir='ltr'>τοῦτο</span> 
     </span>
    </p>
   </div>
   <div class='ocr_carea' id='block_1_102' title="bbox 2174 4170 3829 4249">
    <p class='ocr_par' dir='ltr' id='par_1_102' title="bbox 2174 4170 3829 4249">
     <span class='ocr_line' id='line_1_103' title="bbox 2174 4170 3829 4249; baseline -0.001 -22"><span class='ocrx_word' id='word_1_768' title='bbox 2174 4177 2367 4229; x_wconf 83' lang='grc' dir='ltr'>ποιεῖν.</span> <span class='ocrx_word' id='word_1_769' title='bbox 2399 4197 2427 4224; x_wconf 89' lang='grc'>‹‹</span> <span class='ocrx_word' id='word_1_770' title='bbox 2460 4170 2615 4229; x_wconf 85' lang='grc' dir='ltr'>Ἀλλ’</span> <span class='ocrx_word' id='word_1_771' title='bbox 2664 4173 2766 4228; x_wconf 87' lang='grc' dir='ltr'>οῦκ</span> <span class='ocrx_word' id='word_1_772' title='bbox 2796 4171 2906 4249; x_wconf 85' lang='grc' dir='ltr'>ἐγὼ</span> <span class='ocrx_word' id='word_1_773' title='bbox 2937 4172 3428 4249; x_wconf 80' lang='grc' dir='ltr'>ἐξουσιασθησομαι</span> <span class='ocrx_word' id='word_1_774' title='bbox 3462 4176 3567 4230; x_wconf 81' lang='grc' dir='ltr'>ὑπό</span> <span class='ocrx_word' id='word_1_775' title='bbox 3595 4196 3762 4236; x_wconf 87' lang='grc' dir='ltr'>τινος.</span> <span class='ocrx_word' id='word_1_776' title='bbox 3801 4199 3829 4225; x_wconf 84' lang='grc'><strong>››</strong></span> 
     </span>
    </p>
   </div>
   <div class='ocr_carea' id='block_1_103' title="bbox 2174 4258 3829 4337">
    <p class='ocr_par' dir='ltr' id='par_1_103' title="bbox 2174 4258 3829 4337">
     <span class='ocr_line' id='line_1_104' title="bbox 2174 4258 3829 4337; baseline 0 -24"><span class='ocrx_word' id='word_1_777' title='bbox 2174 4259 2377 4335; x_wconf 82' lang='grc' dir='ltr'>Κύριός</span> <span class='ocrx_word' id='word_1_778' title='bbox 2434 4258 2570 4332; x_wconf 72' lang='grc' dir='ltr'>εἶμι,</span> <span class='ocrx_word' id='word_1_779' title='bbox 2631 4260 2790 4333; x_wconf 83' lang='grc' dir='ltr'>φησὶ,</span> <span class='ocrx_word' id='word_1_780' title='bbox 2843 4264 2940 4315; x_wconf 86' lang='grc' dir='ltr'>τοῦ</span> <span class='ocrx_word' id='word_1_781' title='bbox 2999 4266 3189 4337; x_wconf 76' lang='grc' dir='ltr'>φαγεῖν</span> <span class='ocrx_word' id='word_1_782' title='bbox 3249 4262 3339 4317; x_wconf 82' lang='grc' dir='ltr'>καὶ</span> <span class='ocrx_word' id='word_1_783' title='bbox 3387 4266 3549 4317; x_wconf 85' lang='grc' dir='ltr'>πιεῖν·</span> <span class='ocrx_word' id='word_1_784' title='bbox 3583 4259 3829 4317; x_wconf 78' lang='grc' dir='ltr'>ἀλλ’ἐάν</span> 
     </span>
    </p>
   </div>
   <div class='ocr_carea' id='block_1_104' title="bbox 2175 4347 3827 4423">
    <p class='ocr_par' dir='ltr' id='par_1_104' title="bbox 2175 4347 3827 4423">
     <span class='ocr_line' id='line_1_105' title="bbox 2175 4347 3827 4423; baseline 0 -18"><span class='ocrx_word' id='word_1_785' title='bbox 2175 4347 2317 4405; x_wconf 84' lang='grc' dir='ltr'>ἐκδῶ</span> <span class='ocrx_word' id='word_1_786' title='bbox 2346 4347 2578 4423; x_wconf 84' lang='grc' dir='ltr'>ἐμαυτὸν</span> <span class='ocrx_word' id='word_1_787' title='bbox 2633 4349 2849 4412; x_wconf 80' lang='grc' dir='ltr'>τούτοις</span> <span class='ocrx_word' id='word_1_788' title='bbox 2908 4351 3181 4423; x_wconf 69' lang='grc' dir='ltr'>ἀμέτρως,</span> <span class='ocrx_word' id='word_1_789' title='bbox 3239 4349 3438 4414; x_wconf 90' lang='grc' dir='ltr'>δοῦλος</span> <span class='ocrx_word' id='word_1_790' title='bbox 3496 4350 3675 4406; x_wconf 78' lang='grc' dir='ltr'>αὐτῶν</span> <span class='ocrx_word' id='word_1_791' title='bbox 3712 4350 3827 4407; x_wconf 82' lang='grc' dir='ltr'>ἀντὶ</span> 
     </span>
    </p>
   </div>
   <div class='ocr_carea' id='block_1_105' title="bbox 2175 4436 3829 4515">
    <p class='ocr_par' dir='ltr' id='par_1_105' title="bbox 2175 4436 3829 4515">
     <span class='ocr_line' id='line_1_106' title="bbox 2175 4436 3829 4515; baseline -0.002 -20"><span class='ocrx_word' id='word_1_792' title='bbox 2175 4438 2376 4513; x_wconf 83' lang='grc' dir='ltr'>Κυρίου</span> <span class='ocrx_word' id='word_1_793' title='bbox 2410 4438 2793 4512; x_wconf 69' lang='grc' dir='ltr'>εὑρεθήσομαι,</span> <span class='ocrx_word' id='word_1_794' title='bbox 2824 4439 2912 4494; x_wconf 86' lang='grc' dir='ltr'>καὶ</span> <span class='ocrx_word' id='word_1_795' title='bbox 2947 4436 3230 4494; x_wconf 69' lang='grc' dir='ltr'>δουλεύσω</span> <span class='ocrx_word' id='word_1_796' title='bbox 3259 4438 3463 4501; x_wconf 72' lang='grc' dir='ltr'>αὐτοῖς.</span> <span class='ocrx_word' id='word_1_797' title='bbox 3504 4465 3524 4490; x_wconf 79' lang='grc' dir='ltr'>ι</span> <span class='ocrx_word' id='word_1_798' title='bbox 3561 4444 3652 4493; x_wconf 82' lang='grc' dir='ltr'>Ὦν</span> <span class='ocrx_word' id='word_1_799' title='bbox 3701 4440 3829 4515; x_wconf 76' lang='grc' dir='ltr'>γὰρ,</span> 
     </span>
    </p>
   </div>
   <div class='ocr_carea' id='block_1_106' title="bbox 2095 4507 3833 4604">
    <p class='ocr_par' dir='ltr' id='par_1_106' title="bbox 2095 4507 3833 4604">
     <span class='ocr_line' id='line_1_107' title="bbox 2095 4507 3833 4604; baseline 0.001 -24"><span class='ocrx_word' id='word_1_800' title='bbox 2095 4507 2140 4571; x_wconf 82' lang='grc' dir='ltr'>Ῑ)</span> <span class='ocrx_word' id='word_1_801' title='bbox 2171 4527 2327 4604; x_wconf 68' lang='grc' dir='ltr'>φησὶ,</span> <span class='ocrx_word' id='word_1_802' title='bbox 2379 4525 2507 4588; x_wconf 88' lang='grc' dir='ltr'>Θεός</span> <span class='ocrx_word' id='word_1_803' title='bbox 2562 4529 2596 4596; x_wconf 79' lang='grc' dir='ltr'><strong>ἡ</strong></span> <span class='ocrx_word' id='word_1_804' title='bbox 2650 4525 2857 4586; x_wconf 83' lang='grc' dir='ltr'>κοιλία,</span> <span class='ocrx_word' id='word_1_805' title='bbox 2894 4551 2922 4579; x_wconf 83' lang='grc'><strong>››</strong></span> <span class='ocrx_word' id='word_1_806' title='bbox 2974 4532 3276 4603; x_wconf 84' lang='grc' dir='ltr'>Τοιγαροῦν</span> <span class='ocrx_word' id='word_1_807' title='bbox 3334 4526 3434 4583; x_wconf 81' lang='grc' dir='ltr'>οὐκ</span> <span class='ocrx_word' id='word_1_808' title='bbox 3482 4507 3833 4599; x_wconf 56' lang='grc' dir='ltr'>ἐξουσιασθῆέ-</span> 
     </span>
    </p>
   </div>
   <div class='ocr_carea' id='block_1_107' title="bbox 2170 4612 3832 4694">
    <p class='ocr_par' dir='ltr' id='par_1_107' title="bbox 2170 4612 3832 4694">
     <span class='ocr_line' id='line_1_108' title="bbox 2170 4612 3832 4694; baseline -0.001 -25"><span class='ocrx_word' id='word_1_809' title='bbox 2170 4636 2337 4689; x_wconf 82' lang='grc' dir='ltr'>σομαι</span> <span class='ocrx_word' id='word_1_810' title='bbox 2374 4612 2475 4670; x_wconf 82' lang='grc' dir='ltr'>ὑπὸ</span> <span class='ocrx_word' id='word_1_811' title='bbox 2504 4636 2651 4677; x_wconf 81' lang='grc' dir='ltr'>τινος</span> <span class='ocrx_word' id='word_1_812' title='bbox 2698 4615 2926 4671; x_wconf 69' lang='grc' dir='ltr'>τούτων.</span> <span class='ocrx_word' id='word_1_813' title='bbox 2991 4641 3019 4667; x_wconf 88' lang='grc'><em>‹‹</em></span> <span class='ocrx_word' id='word_1_814' title='bbox 3050 4618 3131 4673; x_wconf 76' lang='grc' dir='ltr'>Τὰ</span> <span class='ocrx_word' id='word_1_815' title='bbox 3164 4618 3435 4694; x_wconf 71' lang='grc' dir='ltr'>βρώματα</span> <span class='ocrx_word' id='word_1_816' title='bbox 3464 4620 3533 4690; x_wconf 80' lang='grc' dir='ltr'>τῇ</span> <span class='ocrx_word' id='word_1_817' title='bbox 3565 4615 3770 4687; x_wconf 78' lang='grc' dir='ltr'>κοιλίᾳ.</span> <span class='ocrx_word' id='word_1_818' title='bbox 3803 4640 3832 4667; x_wconf 67' lang='grc' dir='ltr'>»δ</span> 
     </span>
    </p>
   </div>
   <div class='ocr_carea' id='block_1_108' title="bbox 2178 4701 3829 4783">
    <p class='ocr_par' dir='ltr' id='par_1_108' title="bbox 2178 4701 3829 4783">
     <span class='ocr_line' id='line_1_109' title="bbox 2178 4701 3829 4783; baseline -0.001 -25"><span class='ocrx_word' id='word_1_819' title='bbox 2178 4703 2456 4778; x_wconf 78' lang='grc' dir='ltr'>Βρώματα</span> <span class='ocrx_word' id='word_1_820' title='bbox 2511 4701 2757 4772; x_wconf 74' lang='grc' dir='ltr'>ἐνταῦθα,</span> <span class='ocrx_word' id='word_1_821' title='bbox 2814 4704 2915 4773; x_wconf 84' lang='grc' dir='ltr'>τήν</span> <span class='ocrx_word' id='word_1_822' title='bbox 2970 4702 3318 4783; x_wconf 66' lang='grc' dir='ltr'>ἀδδηφαγίαν</span> <span class='ocrx_word' id='word_1_823' title='bbox 3378 4704 3535 4781; x_wconf 74' lang='grc' dir='ltr'>φησί.</span> <span class='ocrx_word' id='word_1_824' title='bbox 3600 4701 3829 4758; x_wconf 79' lang='grc' dir='ltr'>Κοιλίαν</span> 
     </span>
    </p>
   </div>
   <div class='ocr_carea' id='block_1_109' title="bbox 2178 4788 3831 4869">
    <p class='ocr_par' dir='ltr' id='par_1_109' title="bbox 2178 4788 3831 4869">
     <span class='ocr_line' id='line_1_110' title="bbox 2178 4788 3831 4869; baseline -0.001 -23"><span class='ocrx_word' id='word_1_825' title='bbox 2178 4788 2255 4859; x_wconf 68' lang='grc' dir='ltr'>δὲ,</span> <span class='ocrx_word' id='word_1_826' title='bbox 2285 4792 2385 4859; x_wconf 77' lang='grc' dir='ltr'>τήν</span> <span class='ocrx_word' id='word_1_827' title='bbox 2420 4789 2878 4867; x_wconf 84' lang='grc' dir='ltr'>γαστριμαργίαν,</span> <span class='ocrx_word' id='word_1_828' title='bbox 2937 4791 3000 4846; x_wconf 81' lang='grc' dir='ltr'>οῦ</span> <span class='ocrx_word' id='word_1_829' title='bbox 3051 4793 3153 4862; x_wconf 80' lang='grc' dir='ltr'>τήν</span> <span class='ocrx_word' id='word_1_830' title='bbox 3194 4792 3451 4869; x_wconf 70' lang='grc' dir='ltr'>γαστέρα.</span> <span class='ocrx_word' id='word_1_831' title='bbox 3483 4825 3552 4834; x_wconf 96' lang='grc'><strong>-</strong></span> <span class='ocrx_word' id='word_1_832' title='bbox 3580 4788 3831 4852; x_wconf 76' lang='grc' dir='ltr'>Ἄλλως.</span> 
     </span>
    </p>
   </div>
   <div class='ocr_carea' id='block_1_110' title="bbox 2178 4877 3834 4959">
    <p class='ocr_par' dir='ltr' id='par_1_110' title="bbox 2178 4877 3834 4959">
     <span class='ocr_line' id='line_1_111' title="bbox 2178 4877 3834 4959; baseline -0.001 -24"><span class='ocrx_word' id='word_1_833' title='bbox 2178 4882 2394 4954; x_wconf 80' lang='grc' dir='ltr'>[ΦΩΤ.]</span> <span class='ocrx_word' id='word_1_834' title='bbox 2425 4879 2487 4937; x_wconf 83' lang='grc' dir='ltr'>Εἰ</span> <span class='ocrx_word' id='word_1_835' title='bbox 2524 4880 2618 4952; x_wconf 75' lang='grc' dir='ltr'>μὲν</span> <span class='ocrx_word' id='word_1_836' title='bbox 2650 4877 2842 4944; x_wconf 75' lang='grc' dir='ltr'>ἁπλῶς</span> <span class='ocrx_word' id='word_1_837' title='bbox 2887 4880 3154 4956; x_wconf 79' lang='grc' dir='ltr'>βρώματα</span> <span class='ocrx_word' id='word_1_838' title='bbox 3181 4882 3281 4950; x_wconf 70' lang='grc' dir='ltr'>τὴν</span> <span class='ocrx_word' id='word_1_839' title='bbox 3313 4882 3520 4959; x_wconf 73' lang='grc' dir='ltr'>τροφὴν</span> <span class='ocrx_word' id='word_1_840' title='bbox 3555 4877 3640 4936; x_wconf 86' lang='grc' dir='ltr'>δεῖ</span> <span class='ocrx_word' id='word_1_841' title='bbox 3669 4878 3834 4935; x_wconf 83' lang='grc' dir='ltr'>ἐκλα-</span> 
     </span>
    </p>
   </div>
   <div class='ocr_carea' id='block_1_111' title="bbox 2179 4963 3831 5044">
    <p class='ocr_par' dir='ltr' id='par_1_111' title="bbox 2179 4963 3831 5044">
     <span class='ocr_line' id='line_1_112' title="bbox 2179 4963 3831 5044; baseline 0 -21"><span class='ocrx_word' id='word_1_842' title='bbox 2179 4963 2315 5041; x_wconf 80' lang='grc' dir='ltr'>ϐεῖν,</span> <span class='ocrx_word' id='word_1_843' title='bbox 2344 4967 2435 5022; x_wconf 83' lang='grc' dir='ltr'>καὶ</span> <span class='ocrx_word' id='word_1_844' title='bbox 2465 4965 2676 5023; x_wconf 88' lang='grc' dir='ltr'>κοιλίαν</span> <span class='ocrx_word' id='word_1_845' title='bbox 2728 4969 2830 5038; x_wconf 75' lang='grc' dir='ltr'>τήν</span> <span class='ocrx_word' id='word_1_846' title='bbox 2892 4966 3182 5044; x_wconf 69' lang='grc' dir='ltr'>ὑποδοχὴν</span> <span class='ocrx_word' id='word_1_847' title='bbox 3228 4975 3337 5024; x_wconf 80' lang='grc' dir='ltr'>τῶν</span> <span class='ocrx_word' id='word_1_848' title='bbox 3366 4968 3574 5038; x_wconf 89' lang='grc' dir='ltr'>σιτίων,</span> <span class='ocrx_word' id='word_1_849' title='bbox 3607 4966 3831 5042; x_wconf 82' lang='grc' dir='ltr'>ἄμεινον</span> 
     </span>
    </p>
   </div>
   <div class='ocr_carea' id='block_1_112' title="bbox 2178 5055 3836 5134">
    <p class='ocr_par' dir='ltr' id='par_1_112' title="bbox 2178 5055 3836 5134">
     <span class='ocr_line' id='line_1_113' title="bbox 2178 5055 3836 5134; baseline 0.001 -22"><span class='ocrx_word' id='word_1_850' title='bbox 2178 5059 2255 5122; x_wconf 85' lang='grc' dir='ltr'>εἰς</span> <span class='ocrx_word' id='word_1_851' title='bbox 2306 5057 2697 5132; x_wconf 88' lang='grc' dir='ltr'>προαγόρευσιν</span> <span class='ocrx_word' id='word_1_852' title='bbox 2750 5061 2849 5112; x_wconf 88' lang='grc' dir='ltr'>τοῦ</span> <span class='ocrx_word' id='word_1_853' title='bbox 2908 5056 3212 5130; x_wconf 75' lang='grc' dir='ltr'>μέλλοντος</span> <span class='ocrx_word' id='word_1_854' title='bbox 3272 5055 3583 5134; x_wconf 77' lang='grc' dir='ltr'>ἐκδέχεσθαι</span> <span class='ocrx_word' id='word_1_855' title='bbox 3632 5058 3697 5113; x_wconf 87' lang='grc' dir='ltr'>τὸ</span> <span class='ocrx_word' id='word_1_856' title='bbox 3736 5057 3836 5113; x_wconf 83' lang='grc' dir='ltr'>ἐπ·-</span> 
     </span>
    </p>
   </div>
   <div class='ocr_carea' id='block_1_113' title="bbox 2176 5147 3833 5227">
    <p class='ocr_par' dir='ltr' id='par_1_113' title="bbox 2176 5147 3833 5227">
     <span class='ocr_line' id='line_1_114' title="bbox 2176 5147 3833 5227; baseline 0 -23"><span class='ocrx_word' id='word_1_857' title='bbox 2176 5151 2465 5227; x_wconf 83' lang='grc' dir='ltr'>αγόμενον,</span> <span class='ocrx_word' id='word_1_858' title='bbox 2494 5152 2632 5205; x_wconf 83' lang='grc' dir='ltr'>οἷον·</span> <span class='ocrx_word' id='word_1_859' title='bbox 2665 5151 2724 5205; x_wconf 74' lang='grc' dir='ltr'>Ὀ</span> <span class='ocrx_word' id='word_1_860' title='bbox 2755 5147 2814 5204; x_wconf 73' lang='grc' dir='ltr'>δὲ</span> <span class='ocrx_word' id='word_1_861' title='bbox 2843 5151 2971 5212; x_wconf 86' lang='grc' dir='ltr'>Θεὸς</span> <span class='ocrx_word' id='word_1_862' title='bbox 2993 5151 3083 5206; x_wconf 77' lang='grc' dir='ltr'>καί</span> <span class='ocrx_word' id='word_1_863' title='bbox 3109 5150 3312 5222; x_wconf 71' lang='grc' dir='ltr'>ταύτην</span> <span class='ocrx_word' id='word_1_864' title='bbox 3332 5152 3420 5206; x_wconf 81' lang='grc' dir='ltr'>καὶ</span> <span class='ocrx_word' id='word_1_865' title='bbox 3443 5153 3614 5206; x_wconf 86' lang='grc' dir='ltr'>ταῦτα</span> <span class='ocrx_word' id='word_1_866' title='bbox 3632 5169 3833 5224; x_wconf 75' lang='grc' dir='ltr'>καταρο</span> 
     </span>
    </p>
   </div>
   <div class='ocr_carea' id='block_1_114' title="bbox 2178 5237 3831 5315">
    <p class='ocr_par' dir='ltr' id='par_1_114' title="bbox 2178 5237 3831 5315">
     <span class='ocr_line' id='line_1_115' title="bbox 2178 5237 3831 5315; baseline -0.001 -21"><span class='ocrx_word' id='word_1_867' title='bbox 2178 5241 2362 5315; x_wconf 74' lang='grc' dir='ltr'>γήσει,</span> <span class='ocrx_word' id='word_1_868' title='bbox 2427 5237 2722 5308; x_wconf 74' lang='grc' dir='ltr'>τουτέστιν,</span> <span class='ocrx_word' id='word_1_869' title='bbox 2790 5238 2967 5296; x_wconf 75' lang='grc' dir='ltr'>Ἀλλᾶ</span> <span class='ocrx_word' id='word_1_870' title='bbox 3030 5243 3198 5295; x_wconf 87' lang='grc' dir='ltr'>ταῦτα</span> <span class='ocrx_word' id='word_1_871' title='bbox 3289 5240 3341 5295; x_wconf 90' lang='grc' dir='ltr'>ἐν</span> <span class='ocrx_word' id='word_1_872' title='bbox 3407 5243 3477 5313; x_wconf 80' lang='grc' dir='ltr'>τῇ</span> <span class='ocrx_word' id='word_1_873' title='bbox 3548 5239 3831 5294; x_wconf 77' lang='grc' dir='ltr'>ἀναστάσει</span> 
     </span>
    </p>
   </div>
   <div class='ocr_carea' id='block_1_115' title="bbox 2177 5324 3834 5409">
    <p class='ocr_par' dir='ltr' id='par_1_115' title="bbox 2177 5324 3834 5409">
     <span class='ocr_line' id='line_1_116' title="bbox 2177 5324 3834 5409; baseline -0.001 -27"><span class='ocrx_word' id='word_1_874' title='bbox 2177 5328 2316 5404; x_wconf 72' lang='grc' dir='ltr'>ἀργὰ</span> <span class='ocrx_word' id='word_1_875' title='bbox 2370 5328 2460 5382; x_wconf 87' lang='grc' dir='ltr'>καὶ</span> <span class='ocrx_word' id='word_1_876' title='bbox 2519 5324 2773 5407; x_wconf 78' lang='grc' dir='ltr'>ἄχρηστα</span> <span class='ocrx_word' id='word_1_877' title='bbox 2829 5324 2998 5399; x_wconf 83' lang='grc' dir='ltr'>ἔσται,</span> <span class='ocrx_word' id='word_1_878' title='bbox 3059 5329 3134 5391; x_wconf 80' lang='grc' dir='ltr'>εἰς</span> <span class='ocrx_word' id='word_1_879' title='bbox 3190 5328 3486 5409; x_wconf 77' lang='grc' dir='ltr'>ἀφθαρσίαν</span> <span class='ocrx_word' id='word_1_880' title='bbox 3546 5330 3696 5400; x_wconf 75' lang='grc' dir='ltr'>ἡμᾶς</span> <span class='ocrx_word' id='word_1_881' title='bbox 3733 5331 3834 5382; x_wconf 89' lang='grc' dir='ltr'>τοῦ</span> 
     </span>
    </p>
   </div>
   <div class='ocr_carea' id='block_1_116' title="bbox 2177 5415 3829 5497">
    <p class='ocr_par' dir='ltr' id='par_1_116' title="bbox 2177 5415 3829 5497">
     <span class='ocr_line' id='line_1_117' title="bbox 2177 5415 3829 5497; baseline -0.003 -22"><span class='ocrx_word' id='word_1_882' title='bbox 2177 5423 2311 5475; x_wconf 82' lang='grc' dir='ltr'>Θεοῦ</span> <span class='ocrx_word' id='word_1_883' title='bbox 2378 5424 2947 5497; x_wconf 85' lang='grc' dir='ltr'>μεταστοιχειοῦντος,</span> <span class='ocrx_word' id='word_1_884' title='bbox 3008 5419 3082 5481; x_wconf 83' lang='grc' dir='ltr'>ὡς</span> <span class='ocrx_word' id='word_1_885' title='bbox 3133 5420 3275 5493; x_wconf 74' lang='grc' dir='ltr'>μήτε</span> <span class='ocrx_word' id='word_1_886' title='bbox 3328 5425 3540 5497; x_wconf 76' lang='grc' dir='ltr'>τροφῆς</span> <span class='ocrx_word' id='word_1_887' title='bbox 3603 5415 3829 5493; x_wconf 79' lang='grc' dir='ltr'>δεῖσθαι,</span> 
     </span>
    </p>
   </div>
   <div class='ocr_carea' id='block_1_117' title="bbox 492 5587 2372 5673">
    <p class='ocr_par' dir='ltr' id='par_1_117' title="bbox 492 5587 2372 5673">
     <span class='ocr_line' id='line_1_118' title="bbox 492 5587 2372 5673; baseline -0.012 -9"><span class='ocrx_word' id='word_1_888' title='bbox 492 5607 541 5644; x_wconf 77' lang='grc'>⁸²</span> <span class='ocrx_word' id='word_1_889' title='bbox 566 5606 767 5663; x_wconf 83' lang='lat' dir='ltr'>Matth.</span> <span class='ocrx_word' id='word_1_890' title='bbox 801 5621 854 5673; x_wconf 75' lang='grc' dir='ltr'>ν,</span> <span class='ocrx_word' id='word_1_891' title='bbox 879 5605 967 5657; x_wconf 80' lang='lat'>22.</span> <span class='ocrx_word' id='word_1_892' title='bbox 1042 5600 1090 5636; x_wconf 77' lang='grc'>⁸⁸</span> <span class='ocrx_word' id='word_1_893' title='bbox 1120 5596 1301 5653; x_wconf 82' lang='lat' dir='ltr'>Exod.</span> <span class='ocrx_word' id='word_1_894' title='bbox 1334 5609 1510 5660; x_wconf 69' lang='grc' dir='ltr'>χχιιι,</span> <span class='ocrx_word' id='word_1_895' title='bbox 1546 5594 1569 5647; x_wconf 89' lang='grc'><strong>1</strong></span> <span class='ocrx_word' id='word_1_896' title='bbox 1608 5587 1731 5662; x_wconf 77' lang='lat' dir='ltr'>seq.</span> <span class='ocrx_word' id='word_1_897' title='bbox 1807 5590 1855 5624; x_wconf 79' lang='lat'><strong>“</strong></span> <span class='ocrx_word' id='word_1_898' title='bbox 1885 5590 2141 5662; x_wconf 91' lang='lat' dir='ltr'>Philipp.</span> <span class='ocrx_word' id='word_1_899' title='bbox 2174 5606 2252 5657; x_wconf 81' lang='grc' dir='ltr'>ιιι,</span> <span class='ocrx_word' id='word_1_900' title='bbox 2288 5590 2372 5643; x_wconf 81' lang='grc'>19.</span> 
     </span>
    </p>
   </div>
  </div>
