4198 6200
370 324 493 387 713

1352 320 1747 389 COMMENT.
1794 322 1875 383 IN
1922 318 2174 389 EPIST.
2220 319 2244 385 Ι
2286 322 2391 393 AD
2434 322 2810 391 CORINTH.

3667 324 3789 403 πμ

371 456 515 530 μήτε
544 456 681 530 πρὸς
715 451 1002 535 ὑποδοχὴν
1058 453 1240 515 σιτίων
1295 454 1527 532 γαστρὸς
1584 454 2019 527 παρασκευάζονρ
2051 457 2101 533 Α
2133 429 3795 525 δθάιιωοιιθδίιιῐθδιιῑνθοιὶοηϐοῐίοδίιθιδιιηῐθῐὶηυῐὶιὶᾃί

365 565 483 608 τος.
517 542 619 601 Καὶ
671 540 755 615 εἴη
815 541 876 602 ἄν
940 544 1027 599 καὶ
1089 544 1116 599 6
1171 546 1300 610 νοῦς
1351 546 1471 614 νοῦ⁹
1522 567 1550 593 ‹‹
1614 542 1696 600 Τὰ
1755 541 2022 623 βρώματα

363 636 437 707 τῇ
466 630 676 704 κοιλίᾳ,
733 632 824 687 καὶ
856 634 891 703 ἡ
936 630 1125 687 κοιλία
1178 636 1296 697 τοῖς
1357 631 1692 707 βρώμασι.»
1746 634 2017 693 τοιοῦτος·

365 718 692 793 ’ΛΛλήλων,
723 722 911 798 φησὶν,
953 715 1096 775 ἔστιν
1150 719 1456 796 ἐρεθιστικά
1500 722 1590 775 καὶ
1639 718 2018 792 ἐπιζητητικά,

363 812 441 869 ’Ἡ
469 831 528 866 τε
555 810 658 885 γὰρ
689 807 744 865 ἐν
771 812 841 884 τῇ
872 808 1063 881 κοιλίᾳ
1105 807 1278 885 ὄρεξις
1330 809 1578 881 ἐπιζητεῖ
1622 809 1692 864 τά
1744 807 1905 875 σιτία,
1955 810 2023 863 τά

364 921 425 955 τε
456 898 716 968 σιτίατὴν
750 897 804 953 ἐν
863 900 1001 977 ⁴ημῖν
1055 895 1221 954 πάλιν
1281 894 1453 974 ὄρεξιν
1508 896 1733 974 ὲρεθίζει
1790 897 1880 952 καὶ
1936 894 2022 952 δι-

368 990 586 1065 εγείρει.
621 989 678 1044 Ὀ
709 985 768 1045 δὲ
824 989 977 1061 Θεὸς,
1031 988 1219 1065 φησὶν,
1280 985 1444 1066 ἄμφω
1503 987 1554 1043 ἐν
1613 990 1682 1065 τῇ
1739 985 2019 1047 ἀναστάσει

366 1078 508 1154 ἀργά
536 1078 627 1133 καὶ
656 1076 915 1156 ἄχρηστα
944 1066 1237 1148 ἀποδείξει.
1286 1077 1362 1135 Οὐ
1416 1079 1528 1153 χρὴ
1584 1077 1674 1132 οὖν
1735 1077 1860 1150 περί
1910 1080 2018 1131 τῶν

370 1166 691 1242 μελλόντων
724 1163 933 1225 ἔσεσθαι
964 1167 1257 1244 ἀχρήστων
1292 1167 1415 1223 λίαν
1460 1165 1796 1237 σπουδάζειν.
1850 1166 1913 1224 Et
1963 1163 2021 1219 δὲ

367 1256 638 1332 βρώματα
669 1256 762 1329 μὲν
813 1255 877 1311 τὸ
933 1255 1221 1331 ἀκόρεστον
1266 1261 1374 1311 τῶν
1427 1254 1753 1331 βρωμάτων,
1802 1254 2018 1310 κοιλίαν

363 1340 422 1400 δὲ
473 1346 574 1415 τήν
630 1342 937 1417 ἀπληστίαν
994 1352 1096 1416 τῆς
1151 1344 1365 1407 κοιλίας
1424 1332 1789 1423 ’ἐκληψόμεθα
1846 1341 2021 1416 (οὐδὲν

358 1434 465 1510 γὰρ
494 1432 697 1490 κωλύει
746 1438 914 1488 ταῦτα
969 1431 1270 1505 δηλοῦσθαι
1331 1434 1436 1493 ὑπὸ
1492 1438 1599 1494 τῶν
1657 1431 1895 1507 λέξεων),
1953 1433 2018 1488 οὖ

357 1522 813 1597 προαγορεύσεως
844 1515 1042 1578 ἔννοιαν
1097 1519 1288 1577 δίδωσι
1337 1523 1398 1580 τὸ
1454 1520 1812 1602 ἐπαγόμενον,
1872 1519 2017 1577 ἀλλὰ

359 1607 577 1682 μᾶλλον
611 1609 743 1686 ἀρᾶς
792 1608 882 1664 καὶ
929 1607 1110 1681 δίκης.
1169 1610 1510 1686 Καταργήσει
1561 1608 1715 1677 αὐτὰ,
1765 1608 1953 1683 φησὶν,
1987 1608 2013 1662 6

357 1697 512 1766 Θεὸς,
544 1688 801 1754 ἀπελάσει
832 1703 1001 1755 ταῦτα
1030 1698 1119 1777 ἀφ’
1170 1686 1352 1779 ἡμῶν,
1401 1695 1643 1769 ἐκδιώξει
1695 1686 1795 1768 τήν
1839 1694 2012 1766 ἀδδη-

2133 544 2249 598 Deo
2282 561 2392 605 nos
2419 545 2496 607 ad
2526 545 3039 618 incorruptionem
3065 547 3480 614 transferente,
3505 554 3569 609 ut
3588 564 3784 620 neque

2130 632 2260 688 cibo
2278 651 2428 706 opus
2449 635 2543 700 sit,
2563 652 2757 707 neque
2775 635 2850 697 ad
2866 636 3135 692 ciborum
3155 637 3556 708 receptionem
3579 643 3785 693 venter

2128 728 2516 797 praeparetur.
2567 726 2768 780 Potest
2825 743 3063 807 quoque
3120 726 3248 799 ejus
3306 725 3463 799 quod
3521 725 3777 781 dicitur:

2129 833 2156 860 ‹‹
2193 814 2352 869 Escaa
2384 813 2510 869 alvo
2543 819 2601 867 et
2630 813 2795 871 alvus
2828 815 3001 882 escis,
3040 838 3067 863 ››
3099 815 3236 871 talis
3266 831 3394 870 esse
3435 814 3778 876 intellectus

2128 901 2215 975 (ut
2242 899 2428 967 κοιλία
2476 921 2582 977 pro
2637 912 2839 963 ventre
2894 903 3206 977 sumatur).
3255 906 3411 977 Haac,
3465 904 3679 982 inquit,
3716 920 3776 965 se

2128 996 2333 1057 mutuo
2361 993 2601 1055 irritant
2629 998 2690 1048 et
2740 1000 3043 1075 expetunt,
3076 994 3209 1069 ipse
3258 994 3417 1049 enim
3450 993 3567 1059 cibi
3599 1002 3782 1067 appe-

2129 1080 2269 1136 titus
2301 1082 2401 1155 qui
2434 1083 2496 1147 in
2527 1084 2859 1145 ventriculo
2894 1090 2983 1139 est
3030 1084 3317 1141 alimenta
3345 1083 3616 1154 requirit,
3648 1100 3783 1137 rur-

2128 1185 2379 1243 sumque
2424 1171 2553 1247 ipsa
2583 1171 2869 1228 alimenta
2901 1171 3228 1245 appetitum
3263 1171 3364 1249 qui
3396 1170 3458 1225 in
3489 1170 3662 1226 nobis
3693 1174 3783 1224 est

2127 1257 2364 1319 irritant
2380 1264 2439 1313 et
2459 1260 2734 1315 excitant.
2762 1259 2914 1321 Deus
2940 1265 3139 1316 autem
3163 1266 3412 1337 utraque
3435 1259 3497 1321 in
3520 1275 3781 1315 resurre~

2125 1346 2323 1407 ctione
2345 1348 2536 1405 otiosa
2556 1366 2623 1404 ac
2647 1348 2884 1404 inutilia
2906 1350 3146 1407 efﬁciet.
3172 1350 3295 1404 Non
3321 1354 3555 1420 oportet
3578 1347 3775 1418 itaque

2124 1433 2196 1490 de
2228 1436 2322 1490 his
2351 1453 2483 1513 qua:
2514 1438 2713 1493 futura
2742 1443 2882 1492 sunt
2912 1438 3169 1501 inutilia,
3196 1438 3377 1492 nimis
3409 1454 3536 1492 esse
3559 1436 3777 1493 sollici-

2125 1527 2232 1577 tos.
2270 1524 2328 1577 Si
2378 1540 2511 1579 vero
2564 1541 2670 1597 per
2722 1541 2888 1583 escas
2940 1525 3451 1583 insatiabilitatem
3506 1525 3773 1583 ciborum

2122 1610 2616 1679 intellexerimus,
2650 1631 2758 1686 per
2786 1615 2981 1673 alvum
3031 1620 3226 1670 autem
3259 1615 3481 1671 ventris
3510 1614 3778 1694 inexple-

2121 1700 2414 1758 bilitatem
2466 1703 2642 1773 (nihil
2689 1704 2847 1760 enim
2908 1703 3188 1779 prohibet
3235 1705 3379 1783 quin
3428 1705 3554 1759 haec
3603 1704 3776 1760 dictis

358 1785 562 1877 τξαγίαν
590 1787 681 1842 καί
737 1788 1199 1866 γαστριμαργίαν,
1257 1786 1577 1863 ἐλευθερους
1622 1789 1829 1843 τούτων
1876 1787 2008 1841 ἀπο-

2132 1790 2533 1860 signiﬁcentur
2552 1792 2938 1865 dictionibus)
2958 1794 3084 1865 jam
3107 1793 3167 1849 id
3191 1794 3350 1865 quod
3381 1793 3651 1865 sequitur
3668 1808 3777 1864 per

361 1873 519 1945 δείξει
545 1881 656 1931 τῶν
689 1881 888 1933 κακῶν.
936 1878 999 1932 Ei
1052 1875 1111 1932 δὲ
1159 1877 1294 1952 ἀρὰς
1342 1877 1526 1935 αὐτοῖς
1577 1875 1870 1957 ἐπάγομεν,
1929 1896 2019 1955 καὶ

360 1963 584 2026 ἑαυτοὺς
624 1964 834 2020 τούτων
886 1965 1325 2041 ἐλευθερωθῆναι
1374 1964 1671 2048 εὐχόμεθα,
1722 1967 1842 2026 πῶς
1888 1963 2019 2039 οὐχὶ

364 2048 782 2126 βδελυξάμεθα;
836 2078 864 2106 α
898 2055 998 2111 Καὶ
1033 2054 1068 2124 ἢ
1102 2053 1291 2111 κοιλία
1342 2060 1460 2116 τοῖς
1510 2054 1818 2130 βρώμασιν,
1855 2076 1883 2105 ››
1929 2053 2018 2115 Ὠς

359 2139 407 2195 εί
443 2142 605 2207 εἶπεν,
636 2143 699 2197 'll
732 2139 1045 2221 ἀδδηφαγία
1074 2143 1260 2221 φιλίαν
1290 2137 1408 2219 ἔχει
1457 2144 1597 2219 πρὸς
1643 2143 1744 2211 τὴν
1796 2161 2020 2219 γαστρι-

361 2230 613 2307 μαργίαν,
674 2230 895 2303 κάκείνη
957 2233 1096 2305 πρὸς
1183 2231 1418 2303 ἐκείνην,
1500 2230 1589 2285 καί
1677 2231 1740 2286 οὗ
1799 2227 2019 2284 δύναται

351 2323 544 2388 ταῦτα,
575 2320 713 2395 πρὸς
737 2321 830 2375 τὸν
865 2321 1107 2397 Χριστὸν
1158 2323 1307 2395 ἡμᾶς
1350 2321 1675 2399 ἀπαγαγεῖν,
1725 2317 1854 2375 ἀλλ’
1897 2320 2017 2374 ἔαυ-

350 2412 475 2470 ταῖς
530 2407 955 2483 παραπέμπουσι
1014 2410 1144 2474 τοὺς
1193 2408 1555 2483 πειθομένους
1611 2409 1820 2482 αὐταῖς,
1880 2408 2015 2480 αὕτη

355 2497 495 2573 πρὸς
524 2495 756 2569 ἐκείνην,
788 2498 1009 2569 κάκείνη
1072 2498 1213 2575 πρὸς
1257 2498 1482 2571 ταύτην.
1532 2498 1631 2553 Καὶ
1678 2497 1880 2567 ταύτην
1928 2495 2018 2552 καί

356 2592 530 2644 ταῦτα
559 2590 913 2664 καταργήσει.
946 2588 1023 2646 Οὐ
1071 2590 1170 2659 τήν
1229 2589 1459 2667 γαστέρα
1506 2587 1676 2663 λέγει,
1726 2586 1870 2643 ἀλλὰ
1915 2588 2016 2656 τήν

362 2676 648 2751 ἀμετρίαν
683 2673 812 2733 οὐδὲ
859 2677 960 2746 τήν
1019 2678 1254 2757 τροφὴν,
1313 2675 1461 2732 ἀλλά
1512 2677 1611 2746 τήν
1667 2677 1894 2755 τρυφήν.
1948 2676 2017 2732 Τί

364 2762 423 2821 δέ
453 2763 565 2821 ἐστι
594 2766 678 2835 τὸ,
712 2791 740 2818 ‹‹
776 2768 1118 2843 Καταργήσει
1145 2784 1160 2835 ς
1192 2789 1222 2821 »
1255 2766 1410 2828 Τινὲς
1442 2766 1541 2843 μὲν
1594 2786 1721 2843 φασι
1772 2762 2015 2841 προαγό-

366 2875 547 2931 ρευσιν
576 2857 709 2913 εἶναι
740 2858 837 2911 τοῦ
871 2855 1176 2931 μέλλοντος
1211 2854 1435 2923 αἰῶνος,
1467 2855 1550 2909 δτι
1583 2849 1682 2910 οὸκ
1709 2848 1852 2912 ἔστιν
1906 2850 2018 2920 ἐκεῖ

363 2948 555 3022 φαγεῖν
586 2945 677 2998 καὶ
714 2950 876 3001 πιεῖν.
937 2944 1000 3000 Εἰ
1053 2942 1111 2999 δὲ
1167 2944 1229 2999 τὸ
1286 2944 1594 3019 σῦμμετθον
1656 2937 1771 3018 ἔχει
1831 2941 2012 3004 τέλος.

362 3032 566 3105 πολλῷ
598 3031 811 3107 μᾶλλον
845 3034 907 3091 τὸ
946 3031 1200 3110 ἄμετρον.
1260 3033 1413 3095 Τινὲς
1462 3030 1519 3088 δέ
1561 3053 1718 3112 φασιν
1773 3030 1855 3086 ὅτι
1910 3032 2014 3100 τὴν

360 3121 674 3197 παραίνεσιν
734 3122 874 3199 εὐχῇ
931 3122 1340 3200 ἐπεσφράγισεν,
1398 3120 1514 3178 ἀντὶ
1572 3125 1689 3189 τοῦ,
1744 3118 1806 3174 ἄν
1878 3139 2012 3177 ποτε

2130 1880 2471 1935 vaticinium
2504 1898 2624 1937 non
2653 1882 2960 1954 accipitur,
2993 1882 3098 1939 sed
3128 1882 3325 1954 potius
3372 1899 3478 1953 per
3502 1898 3772 1937 exsecra-

2133 1970 2356 2025 tionem
2412 1976 2470 2024 et
2515 1988 2770 2049 poenam.
2823 1974 2976 2047 Hinc,
3028 1973 3239 2044 inquit,
3293 1973 3445 2026 Deus
3493 1970 3774 2035 abolebit,

2131 2060 2361 2115 auferet
2391 2060 2517 2114 haec
2546 2077 2580 2115 a
2618 2060 2830 2117 nobis:
2875 2061 3170 2137 propellet
3199 2060 3551 2116 edacitatem
3587 2065 3647 2114 et
3674 2076 3775 2133 ga—

2132 2148 2529 2222 strimargiam
2556 2165 2570 2203 :
2599 2149 2692 2205 his
2722 2149 2899 2207 malis
2929 2167 3040 2205 nos
3088 2150 3309 2205 efficiet
3337 2148 3577 2206 liberos.
3611 2149 3778 2217 Quod

2131 2238 2180 2292 si
2228 2237 2349 2295 illis
2398 2239 2834 2295 exsecrationes
2887 2239 3214 2304 ail‘erimus,
3247 2244 3307 2293 et
3351 2238 3423 2293 ab
3472 2238 3619 2313 ipsis
3667 2255 3775 2295 nos

2128 2325 2369 2383 liberari
2401 2344 2735 2401 precamur,
2769 2327 3068 2401 quomodo
3099 2345 3219 2382 non
3250 2326 3730 2387 abominabimur
3751 2328 3777 2381 ζ)

2131 2436 2158 2465 ‹‹
2191 2416 2261 2470 Et
2307 2416 2472 2471 alvus
2521 2417 2694 2473 escis.
2745 2439 2773 2467 »
2824 2417 3127 2487 Tanquam
3172 2415 3454 2473 dixisset:
3506 2416 3776 2471 Edacitas

2129 2521 2393 2561 amorem
2423 2504 2604 2560 habet
2624 2505 2698 2560 ad
2719 2506 3215 2580 gastrimargiam,
3240 2510 3299 2559 et
3322 2505 3449 2561 haec
3472 2504 3545 2559 ad
3567 2504 3733 2564 illam
3763 2521 3775 2559 :

2128 2612 2237 2651 nec
2257 2601 2509 2671 possunt
2529 2596 2656 2653 haec
2672 2596 2747 2651 ad
2759 2596 3057 2651 Christum
3080 2613 3191 2651 nos
3211 2595 3618 2651 transmittere
3643 2611 3655 2648 :
3673 2594 3777 2648 sed

2128 2685 2202 2739 ad
2226 2701 2288 2739 se
2310 2685 2561 2739 invicem
2587 2685 2833 2740 mittunt
2854 2702 2955 2740 eos
2978 2686 3078 2763 qui
3102 2684 3245 2759 ipsis
3268 2684 3536 2746 credunt,
3560 2699 3775 2754 nempe

2127 2773 2233 2829 illa
2279 2773 2353 2828 ad
2403 2775 2556 2829 hanc
2610 2778 2668 2829 et
2715 2774 2840 2830 haac
2888 2773 2964 2829 ad
3006 2773 3192 2828 illam.
3226 2774 3297 2829 Et
3344 2772 3498 2826 hanc
3550 2776 3609 2827 et
3637 2770 3771 2827 illas

2127 2862 2406 2917 abolebit.
2440 2864 2566 2917 Non
2596 2866 2858 2917 ventrem
2894 2861 3056 2929 dicit,
3091 2861 3193 2915 sed
3238 2859 3726 2917 immodicitatem
3755 2875 3768 2912 :

2126 2967 2321 3023 neque
2352 2951 2569 3016 cibum,
2597 2951 2700 3005 sed
2722 2950 2985 3005 delicias.
3012 2950 3161 3015 Quid
3195 2956 3284 3004 est
3313 2955 3531 3017 autem,
3563 2970 3590 2998 ‹‹
3612 2946 3769 3003 Abo-

2123 3039 2319 3093 lebit‘?
2351 3062 2378 3089 »
2411 3039 2659 3104 Quidam
2690 3038 2899 3093 dicunt
2924 3037 3268 3093 vaticinium
3299 3053 3426 3092 esse
3456 3036 3638 3092 futuri
3669 3053 3771 3090 sw-

2126 3127 2265 3197 culi,
2290 3126 2448 3199 quod
2480 3126 2562 3180 ibi
2613 3143 2733 3181 non
2765 3126 3070 3198 contingat
3118 3125 3294 3181 edere
3324 3130 3427 3181 aut
3453 3125 3675 3180 bibere.
3712 3124 3771 3180 Si

360 3211 702 3283 καὶταότην,
754 3213 926 3287 ἤγουν
978 3213 1078 3282 τὴν
1119 3212 1404 3289 ἀμετρίαν,
1454 3210 1544 3266 καὶ
1591 3216 1780 3281 ταῦτα,
1835 3210 2007 3288 ἤγουν

2132 3186 2325 3271 autem
2354 3215 2412 3270 id
2445 3214 2603 3287 quod
2635 3214 2877 3270 modum
2911 3186 3103 3271 servat
3132 3216 3313 3270 finem
3354 3214 3552 3291 habet,
3584 3213 3773 3269 multo

359 3303 462 3371 τήν
488 3303 699 3377 τρυφήν
730 3301 758 3355 6
790 3300 919 3362 Θεὸς
951 3304 1299 3378 καταργήσει.
1339 3326 1359 3352 ι
1395 3301 1467 3358 Τὸ
1516 3297 1573 3355 δὲ
1618 3304 1778 3374 σῶμα
1830 3298 1891 3354 οὖ
1942 3301 2012 3374 τῇ

359 3390 606 3465 πορνείᾳ.
645 3416 666 3442 ο
713 3394 820 3446 *Ινα
868 3392 946 3465 μή
1007 3392 1241 3466 νομίσῃς
1297 3390 1481 3445 ὅτιτὸ
1541 3393 1698 3462 σῶμα
1755 3387 2015 3464 ᾐτιάσατο

364 3480 584 3537 κοιλίαν
649 3480 838 3550 εἰπὼν,
897 3478 1163 3538 δείκνυσιν
1201 3483 1283 3537 ὅτι
1339 3480 1400 3535 οὐ
1446 3480 1508 3537 τὸ
1569 3485 1727 3552 σῶμα
1758 3476 1808 3533 ἐν
1844 3477 2021 3533 αίτίά-

366 3593 471 3641 σει,
502 3569 632 3626 ἀλλ’
663 3574 698 3641 ἡ
729 3572 1150 3647 γαστριμαργία,
1204 3572 1283 3628 Τὸ
1321 3572 1425 3647 γὰρ
1478 3573 1658 3642 σῶμα,
1718 3572 1906 3643 φησίν,
1956 3566 2016 3622 οὗ

368 3659 462 3715 διὰ
487 3665 651 3717 τοῦτο
682 3660 1010 3732 πέπλασται,
1049 3658 1142 3715 *ἱνα
1200 3664 1373 3738 τρυφᾷ
1434 3658 1522 3714 καὶ
1581 3657 1641 3713 ἐκ
1692 3657 1889 3715 τούτου
1944 3655 2020 3721 εἷς

367 3750 624 3825 πορνείαν
657 3748 916 3823 ἐκπίπτῃ,
968 3747 1096 3805 ἀλλ’
1151 3749 1236 3804 ἳνα
1288 3752 1367 3820 τῷ
1424 3750 1641 3822 Χριστῷ
1685 3744 1884 3817 ἕπηται
1944 3745 2018 3817 ὡς

370 3836 483 3895 ὄντι
514 3840 681 3895 αὐτοῦ
738 3838 973 3915 κεφαλῇ,
1025 3839 1115 3893 καὶ
1160 3838 1254 3893 ’ἱνα
1283 3839 1311 3893 ὁ
1343 3839 1578 3903 Χριστὸς
1629 3836 1775 3910 αὐτῷ
1822 3836 2023 3891 ἐπίκει-

364 3950 477 3984 ται.
539 3926 870 3986 Ἀκόλουθον
922 3923 981 3982 δὲ
1010 3927 1077 3997 ἦν
1126 3926 1317 3995 εἰπεῖν,
1359 3927 1437 3986 Τὸ
1496 3923 1553 3980 δὲ
1610 3930 1770 3999 σῶμα
1828 3925 1893 3985 οὐ
1949 3927 2019 3998 τῇ

367 4020 549 4094 τρυφῇ
602 4016 693 4071 καὶ
751 4019 821 4090 τῇ
878 4015 1285 4092 γαστριμαργίᾳ
1338 4012 1815 4089 ἀποκεκλήρωται,
1875 4011 2021 4068 ἀλλὰ

366 4111 535 4162 τοῦτο
566 4108 870 4177 σιωπήσας,
910 4106 1012 4174 τήν
1069 4103 1391 4179 τικτομένην
1424 4102 1483 4159 ἐκ
1517 4103 1724 4160 τούτων
1774 4102 2024 4179 πορνείαν

372 4195 548 4263 εἶπεν,
606 4191 814 4256 δεικνὺς
871 4195 934 4250 τὸ
1012 4191 1361 4266 ἀποτέλεσμα
1410 4195 1508 4262 τῆς
1567 4190 2024 4269 γαστριμαργίας,

372 4287 480 4357 ὅτι,
520 4283 675 4363 φησὶ,
707 4283 926 4359 πορνεία
957 4282 1122 4339 ἐστίν.
1158 4306 1186 4334 ››
1243 4282 1306 4340 Ὁ
1355 4278 1413 4336 δὲ
1469 4272 1596 4346 Θεὸς
1646 4280 1735 4341 καὶ
1778 4281 1870 4335 τὸν
1920 4278 2028 4335 Κύ-

373 4395 491 4451 ριον
542 4374 783 4453 ἤγειρεν.
824 4398 853 4425 ››
913 4375 1033 4433 Ἔτι
1093 4370 1312 4444 νηπίοις
1371 4369 1541 4440 οὖσιν,
1600 4364 1705 4425 ἔδει
1761 4390 2028 4444 συγκατα-

375 4460 607 4534 ϐαίνειν,
635 4463 891 4539 καὶπρὸς
918 4465 1020 4535 τήν
1064 4463 1373 4534 νηπιότητα
1428 4459 1607 4518 αὐτῶν
1661 4454 1874 4514 λαλεῖν.
1930 4457 2026 4526 Μὴ

375 4548 690 4625 Θυρυὸηθῇς
720 4550 954 4613 ἀκούσας
987 4551 1071 4607 ὅτι
1103 4550 1131 4605 6
1186 4550 1316 4612 Θεὸς
1362 4548 1455 4603 τὸν
1504 4545 1736 4619 Χριστὸν
1789 4545 2030 4621 ἤγειρεν.

377 4639 458 4698 Οὐ
507 4640 607 4715 γάρ
666 4636 856 4709 ἐπειδή
909 4638 1010 4694 οὐκ
1057 4638 1285 4715 ἳσχυσεν
1345 4636 1533 4693 ἑαυτὸν
1590 4635 1812 4712 ἐγεῖραι,
1870 4632 2033 4689 τοῦτό

376 4729 764 4809 φησιν.Αὖτὸς
792 4728 896 4805 γὰρ
954 4730 1022 4798 ἦν
1082 4731 1111 4786 6
1174 4728 1379 4806 λέγων,
1445 4752 1465 4775 ι
1504 4724 1710 4780 Λύσατε
1767 4725 1859 4781 τὸν
1908 4724 2036 4778 ναὸν

373 4822 568 4875 τοῦτον
596 4818 685 4873 καὶ
717 4816 770 4873 ἐν
805 4817 983 4893 τρισὶν
1010 4815 1247 4893 ἡμέραις
1300 4816 1474 4893 ἐγερῶ
1525 4813 1704 4870 αὐτόν·
1737 4839 1765 4867 ››
1812 4813 1903 4868 καὶ
1951 4814 2034 4882 τὸ,

378 4933 407 4960 ι(
440 4907 716 4978 Ἑξουσίαν
750 4901 867 4987 ἔχω
899 4912 1068 4972 θεῖναι
1127 4906 1225 4975 τὴν
1286 4907 1470 4983 ψυχήν
1538 4924 1642 4978 μου
1700 4902 1790 4958 καὶ
1848 4896 2036 4963 λαϐεῖν

380 4995 553 5066 αὐτήν
613 5018 642 5047 η
669 4995 774 5053 Καὶ
808 4995 885 5058 εἷς
919 4995 1015 5058 τὰς
1046 4993 1274 5069 Πράξεις
1320 4993 1519 5071 λέγειν,
1562 5018 1590 5046 (ι
1615 4995 1718 5057 Οἷς
1764 4993 1855 5048 καὶ
1903 5013 2039 5067 παρ-

386 5084 609 5155 ἔστησεν
641 5084 830 5142 ἑαυτὸν
867 5088 1056 5155 ζῶντα.
1093 5107 1121 5135 η
1181 5080 1341 5141 Ἀλλ’
1394 5084 1422 5138 6
1452 5081 1801 5144 Ἀπόστολος
1838 5080 1928 5145 καὶ
1975 5082 2041 5136 τὰ

384 5177 486 5228 τοῦ
515 5174 645 5228 Υἳοῦ
691 5178 769 5245 τῷ
826 5173 996 5249 Ῑιατρῖ
1063 5172 1369 5247 λογίζεται,
1419 5172 1511 5235 καὶ
1559 5171 1625 5226 τὰ
1678 5169 1775 5226 τοῦ
1832 5171 2042 5246 Ῑιατρὸς

384 5265 472 5334 τῷ
500 5263 631 5334 Υἱῷ.
676 5263 748 5318 ’Δ
804 5261 906 5337 γὰρ
941 5263 1189 5336 ὁΗατὴρ
1245 5266 1414 5331 ποιεῖ,
1470 5264 1639 5315 ταῦτα
1694 5260 1786 5315 καὶ
1844 5261 1872 5315 6
1924 5261 2044 5322 Υἱὸς

386 5355 560 5410 ποιεῖ.
628 5351 732 5409 Καὶ
794 5354 943 5425 ἡμᾶς
998 5351 1247 5427 ὶεεγερεῖ.
1306 5351 1375 5409 Εἰ
1447 5351 1538 5406 οὗν
1595 5348 1753 5424 ἔσμεν
1811 5351 2047 5425 Χριστοῦ

389 5438 562 5517 μέλῃ,
657 5441 838 5515 ὥσπερ
896 5439 987 5495 καὶ
1042 5439 1230 5514 ἐσμεν,
1290 5447 1390 5510 τῆς
1443 5437 1688 5516 κεφαλῆς
1744 5439 2049 5515 ἒγερθείσης

458 5621 505 5658 ⁸³
538 5623 709 5679 Joan.
743 5638 800 5690 ιι,
834 5623 919 5679 19.
996 5619 1051 5658 ⁸⁸
1081 5622 1247 5683 Joan.
1282 5639 1335 5691 x,
1372 5624 1457 5678 18.
1533 5620 1582 5656 ⁸⁷
1611 5623 1737 5678 Act.
1772 5638 1811 5692 ι,
1842 5624 1896 5677 3.

638 5734 898 5794 ΡΑτιιοι..
946 5733 1059 5793 Gn.
1106 5730 1378 5793 CXVIII.

2124 3305 2315 3378 magis
2332 3304 2491 3376 quod
2513 3304 2686 3360 modo
2705 3309 2885 3360 caret.
2906 3304 3156 3377 Quidam
3180 3310 3379 3360 autem
3396 3304 3596 3359 dicunt
3618 3301 3777 3375 quod

2127 3393 2597 3452 admonitionem
2618 3394 2961 3465 precatione
2984 3392 3301 3449 concludat
3321 3410 3335 3448 :
3353 3410 3422 3451 ac
3445 3393 3492 3447 si
3519 3393 3774 3448 diceret:

2130 3484 2365 3539 Utinam
2391 3487 2449 3537 et
2467 3482 2643 3550 hanc,
2666 3482 2942 3538 videlicet
2966 3482 3544 3553 immediocritatem,
3568 3487 3627 3538 et
3645 3481 3773 3549 has,

2127 3587 2344 3644 nempe
2377 3571 2642 3640 delicias,
2675 3572 2829 3626 Deus
2860 3571 3098 3628 aboleat
3128 3571 3140 3626 !
3175 3594 3201 3622 ‹‹
3234 3572 3458 3643 Corpus
3488 3586 3623 3628 vero
3654 3587 3774 3625 non

2129 3667 2353 3739 stupro.
2382 3680 2406 3713 ο
2428 3662 2507 3716 Ne
2530 3660 2902 3721 existimares
2924 3660 3083 3733 quod
3104 3677 3317 3732 corpus
3334 3664 3640 3715 accusaret
3659 3677 3774 3730 quo

2130 3751 2325 3807 alvum
2354 3748 2870 3818 diceret,ostendit
2890 3748 3047 3828 quod
3078 3765 3291 3823 corpus
3319 3748 3379 3802 in
3400 3748 3776 3803 accusatione

2131 3854 2251 3893 non
2284 3836 2484 3901 fuerit,
2518 3836 2621 3891 sed
2652 3826 3080 3907 gastrimargia.
3114 3836 3257 3889 Nam
3293 3850 3528 3903 corpus,
3562 3833 3776 3905 inquit,

2131 3944 2251 3991 non
2274 3926 2348 3982 ob
2371 3926 2431 3981 id
2452 3926 2772 3983 formatum
2797 3930 2885 3980 est
2905 3932 2971 3979 ut
2991 3923 3224 3979 deliciis
3250 3923 3549 3991 serviat,et
3571 3939 3639 3978 ex
3669 3924 3782 3978 hoc

2132 4015 2193 4069 in
2209 4019 2503 4087 stuprum,
2521 4012 2878 4083 excidat,sed
2893 4011 3266 4069 utChristum
3282 4016 3563 4089 tanquam
3578 4028 3778 4067 verum

2134 4108 2310 4176 caput
2324 4117 2496 4156 suum
2518 4106 2829 4173 sequatur:
2846 4105 3029 4175 utque
3043 4099 3310 4159 Christus
3325 4100 3435 4175 ipsi
3450 4101 3781 4169 immineat,

2137 4205 2489 4267 semperque
2512 4188 2667 4244 adsit
2684 4190 3065 4260 Consequens
3083 4193 3280 4243 autem
3301 4195 3505 4245 eratut
3520 4189 3745 4245 diceret
3769 4207 3781 4244 :

2135 4281 2361 4352 Corpus
2389 4295 2528 4334 vero
2560 4295 2680 4333 non
2729 4278 3152 4352 gastrimargias
3194 4284 3295 4334 aut
3343 4278 3575 4335 deliciis
3605 4279 3788 4333 desti—

2136 4374 2344 4424 natum
2369 4368 2640 4433 est,469
2664 4366 2768 4422 sed
2791 4367 2901 4422 hoc
2924 4367 3430 4441 relicto,stuprum
3454 4366 3602 4425 dixit
3631 4367 3789 4438 quod

2140 4475 2209 4513 ex
2240 4456 2333 4511 his
2353 4456 2982 4529 generatur,effectum
3013 4456 3334 4512 ostendens
3363 4456 3789 4530 gastrimargiaa

2066 4530 2109 4594 Ῑ)
2142 4549 2243 4623 qui
2266 4553 2355 4610 est
2376 4553 2669 4619 stuprum.
2698 4549 2901 4609 «Deus
2932 4554 3131 4609 autem
3166 4554 3224 4604 et
3254 4549 3569 4607 Dominum
3603 4549 3793 4605 susci—

2143 4639 2307 4695 tavit.
2332 4659 2360 4686 »
2384 4637 2528 4692 Cum
2560 4636 2753 4693 adhuc
2790 4636 3145 4713 insipientes
3174 4642 3393 4707 essent,
3426 4637 3790 4693 condescen-

2146 4727 2409 4784 dendum
2432 4726 2543 4781 fuit
2564 4731 2623 4785 et
2642 4726 2713 4781 ad
2734 4742 2939 4782 eorum
2963 4726 3368 4798 insipientiam
3394 4742 3461 4781 ac
3482 4725 3795 4787 infantiam

2147 4815 2623 4887 loquendum.Ne
2637 4813 2893 4870 turberis
2907 4813 3156 4871 audiens
3171 4814 3330 4889 quod
3341 4815 3801 4879 DeusChristum

2151 4907 2509 4963 excitaverit.
2544 4907 2742 4983 Neque
2786 4905 2947 4965 enim
2997 4905 3108 4967 hoc
3154 4904 3297 4969 dicit
3342 4905 3506 4985 quod
3539 4907 3801 4979 seipsum

2151 4998 2407 5053 excitare
2460 5011 2582 5050 non
2638 4994 2921 5066 potuerit,
2966 4994 3271 5065 Siquidem
3328 4994 3455 5066 ipse
3515 5002 3642 5052 erat
3699 4996 3801 5068 qui

2152 5085 2424 5141 dicebat:
2452 5106 2480 5133 «
2514 5081 2729 5139 Solvite
2754 5082 3042 5157 templum
3074 5082 3187 5143 hoc
3219 5087 3277 5138 et
3304 5082 3367 5143 in
3392 5083 3577 5141 tribus
3594 5085 3804 5143 diebus

2156 5175 2377 5246 erigam
2398 5174 2595 5246 ipsum
2610 5169 2781 5241 8"gnat
2796 5187 3032 5233 rursum
3051 5188 3064 5227 :
3082 5194 3110 5222 «
3125 5174 3484 5233 Potestatem
3502 5172 3690 5233 habeo
3707 5192 3807 5253 po.

2156 5261 2338 5318 nendi
2352 5262 2612 5316 animam
2626 5276 2820 5316 meam
2837 5261 3254 5319 etresumeudi
3272 5261 3813 5334 ipsam“,»etinAc-

2158 5350 2234 5406 tis
2247 5348 2417 5404 dicit:
2438 5370 2463 5397 ‹‹
2487 5346 2708 5412 Quibus
2725 5347 2994 5403 exhibuit
3010 5347 3273 5420 seipsum
3286 5348 3575 5409 viventem
3590 5348 3658 5407 ⁸⁷.
3671 5350 3813 5413 »5εᾴ

2162 5437 2480 5511 Apostolus
2528 5453 2660 5513 quae
2690 5435 2821 5491 Filii
2874 5442 3014 5494 sunt
3061 5438 3220 5495 Patri
3266 5438 3560 5510 attribuit,
3590 5445 3653 5497 et
3680 5457 3813 5517 qua!

3519 5730 3597 5787 23
