  <div class='ocr_page' id='page_1' title='image "/cluster/home/n/w/nwhite01/storage/ocr_20150623/118/hvd.32044073502247/363.png"; bbox 0 0 4198 6200; ppageno 0'>
   <div class='ocr_carea' id='block_1_1' title="bbox 525 350 644 420">
    <p class='ocr_par' dir='ltr' id='par_1_1' title="bbox 525 350 644 420">
     <span class='ocr_line' id='line_1_1' title="bbox 525 350 644 420; baseline 0.05 -5"><span class='ocrx_word' id='word_1_1' title='bbox 525 350 644 420; x_wconf 75' lang='grc'>’115</span> 
     </span>
    </p>
   </div>
   <div class='ocr_carea' id='block_1_2' title="bbox 1653 347 2848 417">
    <p class='ocr_par' dir='ltr' id='par_1_2' title="bbox 1653 347 2848 417">
     <span class='ocr_line' id='line_1_2' title="bbox 1653 347 2848 417; baseline -0.003 0"><span class='ocrx_word' id='word_1_2' title='bbox 1653 347 2076 417; x_wconf 74' lang='grc' dir='ltr'>(ΕΟΠΜΕΝΠ</span> <span class='ocrx_word' id='word_1_3' title='bbox 2118 352 2427 415; x_wconf 74' lang='lat' dir='ltr'>TlthC/E</span> <span class='ocrx_word' id='word_1_4' title='bbox 2475 353 2848 416; x_wconf 85' lang='lat' dir='ltr'>EPlSCOPl.</span> 
     </span>
    </p>
   </div>
   <div class='ocr_carea' id='block_1_3' title="bbox 3811 354 3919 414">
    <p class='ocr_par' dir='ltr' id='par_1_3' title="bbox 3811 354 3919 414">
     <span class='ocr_line' id='line_1_3' title="bbox 3811 354 3919 414; baseline 0.019 -2"><span class='ocrx_word' id='word_1_5' title='bbox 3811 354 3919 414; x_wconf 73' lang='lat'>716</span> 
     </span>
    </p>
   </div>
   <div class='ocr_carea' id='block_1_4' title="bbox 528 481 2167 557">
    <p class='ocr_par' dir='ltr' id='par_1_4' title="bbox 528 485 2167 557">
     <span class='ocr_line' id='line_1_4' title="bbox 528 485 2167 557; baseline -0.002 -10"><span class='ocrx_word' id='word_1_6' title='bbox 528 491 727 547; x_wconf 89' lang='lat' dir='ltr'>Patris</span> <span class='ocrx_word' id='word_1_7' title='bbox 747 493 886 544; x_wconf 90' lang='lat' dir='ltr'>sunt</span> <span class='ocrx_word' id='word_1_8' title='bbox 907 485 1073 541; x_wconf 87' lang='lat' dir='ltr'>Filio.</span> <span class='ocrx_word' id='word_1_9' title='bbox 1095 486 1238 541; x_wconf 86' lang='lat' dir='ltr'>Nam</span> <span class='ocrx_word' id='word_1_10' title='bbox 1258 501 1389 557; x_wconf 75' lang='lat' dir='ltr'>qum</span> <span class='ocrx_word' id='word_1_11' title='bbox 1415 488 1587 543; x_wconf 89' lang='lat' dir='ltr'>Pater</span> <span class='ocrx_word' id='word_1_12' title='bbox 1607 487 1901 556; x_wconf 71' lang='lat' dir='ltr'>facit,hmc</span> <span class='ocrx_word' id='word_1_13' title='bbox 1919 493 1977 543; x_wconf 88' lang='lat' dir='ltr'>et</span> <span class='ocrx_word' id='word_1_14' title='bbox 1991 486 2167 543; x_wconf 71' lang='lat' dir='ltr'>Filius</span> 
     </span>
    </p>
   </div>
   <div class='ocr_carea' id='block_1_5' title="bbox 2275 481 3919 557">
    <p class='ocr_par' dir='ltr' id='par_1_5' title="bbox 2290 481 3919 557">
     <span class='ocr_line' id='line_1_5' title="bbox 2290 481 3919 557; baseline 0.002 -19"><span class='ocrx_word' id='word_1_15' title='bbox 2290 481 2461 555; x_wconf 78' lang='grc' dir='ltr'><strong>δῆλον</strong></span> <span class='ocrx_word' id='word_1_16' title='bbox 2491 485 2565 548; x_wconf 84' lang='grc' dir='ltr'>ὡς</span> <span class='ocrx_word' id='word_1_17' title='bbox 2607 486 3058 556; x_wconf 78' lang='grc' dir='ltr'><strong>συναναστήσεται</strong></span> <span class='ocrx_word' id='word_1_18' title='bbox 3088 482 3150 540; x_wconf 84' lang='grc' dir='ltr'><strong>τὸ</strong></span> <span class='ocrx_word' id='word_1_19' title='bbox 3191 482 3389 540; x_wconf 87' lang='grc' dir='ltr'><strong>λοιπὸν</strong></span> <span class='ocrx_word' id='word_1_20' title='bbox 3424 488 3607 557; x_wconf 81' lang='grc' dir='ltr'><strong>σῶμα.</strong></span> <span class='ocrx_word' id='word_1_21' title='bbox 3642 507 3671 535; x_wconf 86' lang='grc'>‹‹</span> <span class='ocrx_word' id='word_1_22' title='bbox 3701 486 3804 540; x_wconf 69' lang='lat' dir='ltr'>Atii</span> <span class='ocrx_word' id='word_1_23' title='bbox 3827 494 3919 557; x_wconf 79' lang='grc' dir='ltr'><strong>τῆς</strong></span> 
     </span>
    </p>
   </div>
   <div class='ocr_carea' id='block_1_6' title="bbox 525 575 2178 649">
    <p class='ocr_par' dir='ltr' id='par_1_6' title="bbox 525 575 2178 649">
     <span class='ocr_line' id='line_1_6' title="bbox 525 575 2178 649; baseline -0.002 -15"><span class='ocrx_word' id='word_1_24' title='bbox 525 579 753 645; x_wconf 89' lang='lat' dir='ltr'>facit,et</span> <span class='ocrx_word' id='word_1_25' title='bbox 773 592 879 630; x_wconf 89' lang='lat' dir='ltr'>nos</span> <span class='ocrx_word' id='word_1_26' title='bbox 904 575 1363 631; x_wconf 78' lang='lat' dir='ltr'>resuscitabit.Si</span> <span class='ocrx_word' id='word_1_27' title='bbox 1382 592 1517 649; x_wconf 86' lang='lat' dir='ltr'>ergo</span> <span class='ocrx_word' id='word_1_28' title='bbox 1537 594 1742 632; x_wconf 89' lang='lat' dir='ltr'>sumus</span> <span class='ocrx_word' id='word_1_29' title='bbox 1759 577 1972 632; x_wconf 82' lang='lat' dir='ltr'>Christi</span> <span class='ocrx_word' id='word_1_30' title='bbox 1996 592 2178 632; x_wconf 90' lang='lat' dir='ltr'>mem-</span> 
     </span>
    </p>
   </div>
   <div class='ocr_carea' id='block_1_7' title="bbox 526 666 2175 739">
    <p class='ocr_par' dir='ltr' id='par_1_7' title="bbox 526 666 2175 739">
     <span class='ocr_line' id='line_1_7' title="bbox 526 666 2175 739; baseline -0.001 -17"><span class='ocrx_word' id='word_1_31' title='bbox 526 666 829 736; x_wconf 90' lang='lat' dir='ltr'>bra,sicuti</span> <span class='ocrx_word' id='word_1_32' title='bbox 845 672 1003 722; x_wconf 91' lang='lat' dir='ltr'>certe</span> <span class='ocrx_word' id='word_1_33' title='bbox 1019 668 1639 737; x_wconf 88' lang='lat' dir='ltr'>sumus,manifestum</span> <span class='ocrx_word' id='word_1_34' title='bbox 1652 668 1910 739; x_wconf 81' lang='lat' dir='ltr'>estquod</span> <span class='ocrx_word' id='word_1_35' title='bbox 1925 668 2175 723; x_wconf 84' lang='lat' dir='ltr'>excitato</span> 
     </span>
    </p>
   </div>
   <div class='ocr_carea' id='block_1_8' title="bbox 527 754 2179 829">
    <p class='ocr_par' dir='ltr' id='par_1_8' title="bbox 527 754 2179 829">
     <span class='ocr_line' id='line_1_8' title="bbox 527 754 2179 829; baseline -0.001 -19"><span class='ocrx_word' id='word_1_36' title='bbox 527 756 741 826; x_wconf 79' lang='lat' dir='ltr'>capite,</span> <span class='ocrx_word' id='word_1_37' title='bbox 793 754 1091 827; x_wconf 90' lang='lat' dir='ltr'>reliquum</span> <span class='ocrx_word' id='word_1_38' title='bbox 1140 772 1260 811; x_wconf 87' lang='lat' dir='ltr'>una</span> <span class='ocrx_word' id='word_1_39' title='bbox 1309 774 1523 829; x_wconf 89' lang='lat' dir='ltr'>corpus</span> <span class='ocrx_word' id='word_1_40' title='bbox 1578 757 1947 812; x_wconf 77' lang='lat' dir='ltr'>excitabitur.</span> <span class='ocrx_word' id='word_1_41' title='bbox 1985 778 2012 806; x_wconf 86' lang='lat'><strong>«</strong></span> <span class='ocrx_word' id='word_1_42' title='bbox 2065 757 2179 811; x_wconf 89' lang='lat' dir='ltr'>Per</span> 
     </span>
    </p>
   </div>
   <div class='ocr_carea' id='block_1_9' title="bbox 526 843 2178 917">
    <p class='ocr_par' dir='ltr' id='par_1_9' title="bbox 526 843 2178 917">
     <span class='ocr_line' id='line_1_9' title="bbox 526 843 2178 917; baseline 0.001 -19"><span class='ocrx_word' id='word_1_43' title='bbox 526 843 857 915; x_wconf 76' lang='lat' dir='ltr'>potentiam</span> <span class='ocrx_word' id='word_1_44' title='bbox 891 861 1080 899; x_wconf 89' lang='lat' dir='ltr'>suam.</span> <span class='ocrx_word' id='word_1_45' title='bbox 1114 868 1140 894; x_wconf 85' lang='grc'>››</span> <span class='ocrx_word' id='word_1_46' title='bbox 1176 846 1315 917; x_wconf 78' lang='lat' dir='ltr'>Ejus</span> <span class='ocrx_word' id='word_1_47' title='bbox 1360 845 1519 917; x_wconf 91' lang='lat' dir='ltr'>quod</span> <span class='ocrx_word' id='word_1_48' title='bbox 1549 846 1609 901; x_wconf 91' lang='lat' dir='ltr'>in</span> <span class='ocrx_word' id='word_1_49' title='bbox 1642 863 1917 902; x_wconf 82' lang='lat' dir='ltr'>sermone</span> <span class='ocrx_word' id='word_1_50' title='bbox 1947 845 2178 902; x_wconf 88' lang='lat' dir='ltr'>creditu</span> 
     </span>
    </p>
   </div>
   <div class='ocr_carea' id='block_1_10' title="bbox 527 931 2178 1006">
    <p class='ocr_par' dir='ltr' id='par_1_10' title="bbox 527 931 2178 1006">
     <span class='ocr_line' id='line_1_10' title="bbox 527 931 2178 1006; baseline 0.001 -20"><span class='ocrx_word' id='word_1_51' title='bbox 527 931 771 997; x_wconf 81' lang='lat' dir='ltr'>difﬁcile</span> <span class='ocrx_word' id='word_1_52' title='bbox 803 939 948 999; x_wconf 90' lang='lat' dir='ltr'>erat,</span> <span class='ocrx_word' id='word_1_53' title='bbox 982 950 1089 1006; x_wconf 89' lang='lat' dir='ltr'>per</span> <span class='ocrx_word' id='word_1_54' title='bbox 1119 933 1219 989; x_wconf 88' lang='lat' dir='ltr'>Dei</span> <span class='ocrx_word' id='word_1_55' title='bbox 1256 935 1583 1006; x_wconf 89' lang='lat' dir='ltr'>potentiam</span> <span class='ocrx_word' id='word_1_56' title='bbox 1615 935 1795 990; x_wconf 88' lang='lat' dir='ltr'>ﬁdem</span> <span class='ocrx_word' id='word_1_57' title='bbox 1826 935 1985 1003; x_wconf 89' lang='lat' dir='ltr'>facit,</span> <span class='ocrx_word' id='word_1_58' title='bbox 2019 932 2178 1004; x_wconf 91' lang='lat' dir='ltr'>quod</span> 
     </span>
    </p>
   </div>
   <div class='ocr_carea' id='block_1_11' title="bbox 2284 571 3922 648">
    <p class='ocr_par' dir='ltr' id='par_1_11' title="bbox 2284 571 3922 648">
     <span class='ocr_line' id='line_1_11' title="bbox 2284 571 3922 648; baseline 0 -19"><span class='ocrx_word' id='word_1_59' title='bbox 2284 571 2567 648; x_wconf 77' lang='grc' dir='ltr'><strong>δυνάμεως</strong></span> <span class='ocrx_word' id='word_1_60' title='bbox 2598 574 2785 630; x_wconf 81' lang='grc' dir='ltr'><strong>αὐτοῦ.</strong></span> <span class='ocrx_word' id='word_1_61' title='bbox 2818 598 2847 629; x_wconf 72' lang='grc' dir='ltr'><strong>ιο</strong></span> <span class='ocrx_word' id='word_1_62' title='bbox 2881 575 2960 632; x_wconf 82' lang='grc' dir='ltr'>Τὸ</span> <span class='ocrx_word' id='word_1_63' title='bbox 2987 578 3085 629; x_wconf 89' lang='grc' dir='ltr'>τοῦ</span> <span class='ocrx_word' id='word_1_64' title='bbox 3134 571 3303 647; x_wconf 82' lang='grc' dir='ltr'>λόγου</span> <span class='ocrx_word' id='word_1_65' title='bbox 3362 573 3650 643; x_wconf 81' lang='grc' dir='ltr'><strong>ἀπίθανον,</strong></span> <span class='ocrx_word' id='word_1_66' title='bbox 3702 572 3788 629; x_wconf 71' lang='grc' dir='ltr'>διὰ</span> <span class='ocrx_word' id='word_1_67' title='bbox 3832 584 3922 645; x_wconf 75' lang='grc' dir='ltr'><strong>τῆς</strong></span> 
     </span>
    </p>
   </div>
   <div class='ocr_carea' id='block_1_12' title="bbox 2285 660 3923 738">
    <p class='ocr_par' dir='ltr' id='par_1_12' title="bbox 2285 660 3923 738">
     <span class='ocr_line' id='line_1_12' title="bbox 2285 660 3923 738; baseline 0.001 -21"><span class='ocrx_word' id='word_1_68' title='bbox 2285 660 2565 738; x_wconf 72' lang='grc' dir='ltr'><strong>δυνάμεως</strong></span> <span class='ocrx_word' id='word_1_69' title='bbox 2586 668 2686 720; x_wconf 84' lang='grc' dir='ltr'>τοῦ</span> <span class='ocrx_word' id='word_1_70' title='bbox 2734 668 2867 719; x_wconf 86' lang='grc' dir='ltr'><strong>Θεοῦ</strong></span> <span class='ocrx_word' id='word_1_71' title='bbox 2912 668 3334 734; x_wconf 83' lang='grc' dir='ltr'><strong>πιστοποιεῖται,</strong></span> <span class='ocrx_word' id='word_1_72' title='bbox 3378 664 3508 737; x_wconf 88' lang='grc' dir='ltr'><strong>ὅπερ</strong></span> <span class='ocrx_word' id='word_1_73' title='bbox 3566 662 3646 725; x_wconf 67' lang='grc' dir='ltr'><strong>εἷς</strong></span> <span class='ocrx_word' id='word_1_74' title='bbox 3692 663 3790 732; x_wconf 76' lang='grc' dir='ltr'><strong>τήν</strong></span> <span class='ocrx_word' id='word_1_75' title='bbox 3834 670 3923 719; x_wconf 83' lang='grc' dir='ltr'>τοῦ</span> 
     </span>
    </p>
   </div>
   <div class='ocr_carea' id='block_1_13' title="bbox 2284 750 3919 829">
    <p class='ocr_par' dir='ltr' id='par_1_13' title="bbox 2284 750 3919 829">
     <span class='ocr_line' id='line_1_13' title="bbox 2284 750 3919 829; baseline -0.002 -19"><span class='ocrx_word' id='word_1_76' title='bbox 2284 753 2521 827; x_wconf 89' lang='grc' dir='ltr'><strong>Χριστοῦ</strong></span> <span class='ocrx_word' id='word_1_77' title='bbox 2595 753 2875 808; x_wconf 66' lang='grc' dir='ltr'><strong>ἀνάστασιν</strong></span> <span class='ocrx_word' id='word_1_78' title='bbox 2951 752 3012 807; x_wconf 81' lang='grc' dir='ltr'>ού</span> <span class='ocrx_word' id='word_1_79' title='bbox 3085 751 3316 808; x_wconf 77' lang='grc' dir='ltr'>τέθεικεν</span> <span class='ocrx_word' id='word_1_80' title='bbox 3416 750 3679 829; x_wconf 79' lang='grc' dir='ltr'><strong>(ἐγεγόνει</strong></span> <span class='ocrx_word' id='word_1_81' title='bbox 3779 755 3919 829; x_wconf 67' lang='grc' dir='ltr'><strong>γαρ),</strong></span> 
     </span>
    </p>
   </div>
   <div class='ocr_carea' id='block_1_14' title="bbox 2285 838 3923 915">
    <p class='ocr_par' dir='ltr' id='par_1_14' title="bbox 2285 838 3923 915">
     <span class='ocr_line' id='line_1_14' title="bbox 2285 838 3923 915; baseline 0 -20"><span class='ocrx_word' id='word_1_82' title='bbox 2285 839 2414 897; x_wconf 81' lang='grc' dir='ltr'><strong>ἀλλ’</strong></span> <span class='ocrx_word' id='word_1_83' title='bbox 2445 840 2531 897; x_wconf 79' lang='grc' dir='ltr'><strong>ἐπὶ</strong></span> <span class='ocrx_word' id='word_1_84' title='bbox 2561 849 2661 911; x_wconf 76' lang='grc' dir='ltr'>τῆς</span> <span class='ocrx_word' id='word_1_85' title='bbox 2693 844 2855 915; x_wconf 76' lang='grc' dir='ltr'><strong>ἡμῶν</strong></span> <span class='ocrx_word' id='word_1_86' title='bbox 2916 840 3277 910; x_wconf 83' lang='grc' dir='ltr'><strong>ἀναστάσεως,</strong></span> <span class='ocrx_word' id='word_1_87' title='bbox 3318 838 3409 894; x_wconf 69' lang='grc' dir='ltr'>ἵνα</span> <span class='ocrx_word' id='word_1_88' title='bbox 3455 841 3534 914; x_wconf 80' lang='grc' dir='ltr'><strong>μή</strong></span> <span class='ocrx_word' id='word_1_89' title='bbox 3596 840 3923 915; x_wconf 82' lang='grc' dir='ltr'><strong>ἆπιστῶμεν,</strong></span> 
     </span>
    </p>
   </div>
   <div class='ocr_carea' id='block_1_15' title="bbox 2286 928 3466 1008">
    <p class='ocr_par' dir='ltr' id='par_1_15' title="bbox 2286 928 3466 1008">
     <span class='ocr_line' id='line_1_15' title="bbox 2286 928 3466 1008; baseline 0.001 -23"><span class='ocrx_word' id='word_1_90' title='bbox 2286 930 2376 985; x_wconf 79' lang='grc' dir='ltr'><strong>καὶ</strong></span> <span class='ocrx_word' id='word_1_91' title='bbox 2404 928 2499 984; x_wconf 73' lang='grc' dir='ltr'><strong>’ἱνα</strong></span> <span class='ocrx_word' id='word_1_92' title='bbox 2536 929 2663 993; x_wconf 75' lang='grc' dir='ltr'><strong>τοὺς</strong></span> <span class='ocrx_word' id='word_1_93' title='bbox 2695 930 3079 1008; x_wconf 77' lang='grc' dir='ltr'>ἀντιλέγοντας</span> <span class='ocrx_word' id='word_1_94' title='bbox 3112 929 3466 1004; x_wconf 70' lang='grc' dir='ltr'><strong>ἐπιστομίσῃ.</strong></span> 
     </span>
    </p>
   </div>
   <div class='ocr_carea' id='block_1_16' title="bbox 526 1020 3924 1095">
    <p class='ocr_par' dir='ltr' id='par_1_16' title="bbox 526 1020 3924 1095">
     <span class='ocr_line' id='line_1_16' title="bbox 526 1020 3924 1095; baseline -0.001 -19"><span class='ocrx_word' id='word_1_95' title='bbox 526 1020 601 1076; x_wconf 87' lang='lat' dir='ltr'>ad</span> <span class='ocrx_word' id='word_1_96' title='bbox 629 1021 845 1077; x_wconf 84' lang='lat' dir='ltr'>Christi</span> <span class='ocrx_word' id='word_1_97' title='bbox 893 1023 1391 1079; x_wconf 85' lang='lat' dir='ltr'>resurrectionem</span> <span class='ocrx_word' id='word_1_98' title='bbox 1442 1040 1562 1078; x_wconf 91' lang='lat' dir='ltr'>non</span> <span class='ocrx_word' id='word_1_99' title='bbox 1595 1024 1811 1095; x_wconf 89' lang='lat' dir='ltr'>posuit,</span> <span class='ocrx_word' id='word_1_100' title='bbox 1837 1023 1964 1093; x_wconf 86' lang='lat' dir='ltr'>jam</span> <span class='ocrx_word' id='word_1_101' title='bbox 2005 1022 2165 1077; x_wconf 90' lang='lat' dir='ltr'>enim</span> <span class='ocrx_word' id='word_1_102' title='bbox 2222 1020 2377 1076; x_wconf 77' lang='lat' dir='ltr'>facta</span> <span class='ocrx_word' id='word_1_103' title='bbox 2434 1027 2579 1090; x_wconf 86' lang='lat' dir='ltr'>erat,</span> <span class='ocrx_word' id='word_1_104' title='bbox 2638 1022 2743 1077; x_wconf 89' lang='lat' dir='ltr'>sed</span> <span class='ocrx_word' id='word_1_105' title='bbox 2798 1027 3040 1093; x_wconf 85' lang='lat' dir='ltr'>prOpter</span> <span class='ocrx_word' id='word_1_106' title='bbox 3094 1025 3360 1076; x_wconf 86' lang='lat' dir='ltr'>nostram</span> <span class='ocrx_word' id='word_1_107' title='bbox 3393 1021 3924 1077; x_wconf 82' lang='lat' dir='ltr'>resurrectionem:</span> 
     </span>
    </p>
   </div>
   <div class='ocr_carea' id='block_1_17' title="bbox 456 1111 2325 1179">
    <p class='ocr_par' dir='ltr' id='par_1_17' title="bbox 456 1111 2325 1179">
     <span class='ocr_line' id='line_1_17' title="bbox 456 1111 2325 1179; baseline -0.001 -13"><span class='ocrx_word' id='word_1_108' title='bbox 456 1140 463 1155; x_wconf 62' lang='grc' dir='ltr'><strong><em>π</em></strong></span> <span class='ocrx_word' id='word_1_109' title='bbox 526 1126 602 1166; x_wconf 89' lang='lat' dir='ltr'>ne</span> <span class='ocrx_word' id='word_1_110' title='bbox 626 1111 917 1167; x_wconf 85' lang='lat' dir='ltr'>increduli</span> <span class='ocrx_word' id='word_1_111' title='bbox 940 1112 1148 1179; x_wconf 91' lang='lat' dir='ltr'>simus,</span> <span class='ocrx_word' id='word_1_112' title='bbox 1174 1119 1232 1167; x_wconf 91' lang='lat' dir='ltr'>et</span> <span class='ocrx_word' id='word_1_113' title='bbox 1254 1119 1315 1167; x_wconf 90' lang='lat' dir='ltr'>ut</span> <span class='ocrx_word' id='word_1_114' title='bbox 1338 1113 1883 1168; x_wconf 80' lang='lat' dir='ltr'>contradicentibus</span> <span class='ocrx_word' id='word_1_115' title='bbox 1904 1112 2173 1167; x_wconf 84' lang='lat' dir='ltr'>obstruat</span> <span class='ocrx_word' id='word_1_116' title='bbox 2200 1126 2325 1166; x_wconf 85' lang='lat' dir='ltr'>ora.</span> 
     </span>
    </p>
   </div>
   <div class='ocr_carea' id='block_1_18' title="bbox 599 1209 2171 1282">
    <p class='ocr_par' dir='ltr' id='par_1_18' title="bbox 599 1209 2171 1282">
     <span class='ocr_line' id='line_1_18' title="bbox 599 1209 2171 1282; baseline -0.001 -19"><span class='ocrx_word' id='word_1_117' title='bbox 599 1211 692 1277; x_wconf 87' lang='lat' dir='ltr'>Vl,</span> <span class='ocrx_word' id='word_1_118' title='bbox 728 1211 914 1265; x_wconf 83' lang='grc'>16-18.</span> <span class='ocrx_word' id='word_1_119' title='bbox 942 1212 1032 1266; x_wconf 80' lang='lat' dir='ltr'>An</span> <span class='ocrx_word' id='word_1_120' title='bbox 1063 1209 1285 1266; x_wconf 79' lang='lat' dir='ltr'>nescitis</span> <span class='ocrx_word' id='word_1_121' title='bbox 1329 1212 1477 1282; x_wconf 86' lang='lat' dir='ltr'>quod</span> <span class='ocrx_word' id='word_1_122' title='bbox 1506 1228 1738 1282; x_wconf 86' lang='lat' dir='ltr'>corpora</span> <span class='ocrx_word' id='word_1_123' title='bbox 1782 1216 1960 1265; x_wconf 86' lang='lat' dir='ltr'>vestra</span> <span class='ocrx_word' id='word_1_124' title='bbox 2000 1226 2171 1264; x_wconf 64' lang='lat' dir='ltr'>mein-</span> 
     </span>
    </p>
   </div>
   <div class='ocr_carea' id='block_1_19' title="bbox 531 1297 2177 1369">
    <p class='ocr_par' dir='ltr' id='par_1_19' title="bbox 531 1297 2177 1369">
     <span class='ocr_line' id='line_1_19' title="bbox 531 1297 2177 1369; baseline -0.001 -15"><span class='ocrx_word' id='word_1_125' title='bbox 531 1300 630 1356; x_wconf 87' lang='lat' dir='ltr'>bra</span> <span class='ocrx_word' id='word_1_126' title='bbox 655 1297 769 1354; x_wconf 88' lang='lat' dir='ltr'>sint</span> <span class='ocrx_word' id='word_1_127' title='bbox 796 1299 1046 1354; x_wconf 78' lang='lat' dir='ltr'>Christi?</span> <span class='ocrx_word' id='word_1_128' title='bbox 1077 1301 1218 1355; x_wconf 86' lang='lat' dir='ltr'>Num</span> <span class='ocrx_word' id='word_1_129' title='bbox 1256 1302 1434 1369; x_wconf 87' lang='lat' dir='ltr'>igitur</span> <span class='ocrx_word' id='word_1_130' title='bbox 1464 1301 1658 1355; x_wconf 84' lang='lat' dir='ltr'>tollens</span> <span class='ocrx_word' id='word_1_131' title='bbox 1704 1300 1945 1355; x_wconf 87' lang='lat' dir='ltr'>membra</span> <span class='ocrx_word' id='word_1_132' title='bbox 1970 1297 2177 1354; x_wconf 80' lang='lat' dir='ltr'>Christi</span> 
     </span>
    </p>
   </div>
   <div class='ocr_carea' id='block_1_20' title="bbox 530 1389 2178 1463">
    <p class='ocr_par' dir='ltr' id='par_1_20' title="bbox 530 1389 2178 1463">
     <span class='ocr_line' id='line_1_20' title="bbox 530 1389 2178 1463; baseline -0.001 -19"><span class='ocrx_word' id='word_1_133' title='bbox 530 1390 736 1458; x_wconf 83' lang='lat' dir='ltr'>faciam</span> <span class='ocrx_word' id='word_1_134' title='bbox 764 1390 931 1444; x_wconf 86' lang='lat' dir='ltr'>scorti</span> <span class='ocrx_word' id='word_1_135' title='bbox 969 1389 1209 1443; x_wconf 85' lang='lat' dir='ltr'>membra</span> <span class='ocrx_word' id='word_1_136' title='bbox 1236 1391 1265 1442; x_wconf 89' lang='lat'><strong><em>?</em></strong></span> <span class='ocrx_word' id='word_1_137' title='bbox 1290 1390 1465 1444; x_wconf 81' lang='lat' dir='ltr'>Absit.</span> <span class='ocrx_word' id='word_1_138' title='bbox 1501 1390 1590 1444; x_wconf 84' lang='lat' dir='ltr'>An</span> <span class='ocrx_word' id='word_1_139' title='bbox 1637 1389 1859 1447; x_wconf 80' lang='lat' dir='ltr'>nescitis</span> <span class='ocrx_word' id='word_1_140' title='bbox 1902 1390 2050 1463; x_wconf 88' lang='lat' dir='ltr'>quod</span> <span class='ocrx_word' id='word_1_141' title='bbox 2080 1390 2178 1460; x_wconf 89' lang='lat' dir='ltr'>qui</span> 
     </span>
    </p>
   </div>
   <div class='ocr_carea' id='block_1_21' title="bbox 533 1477 2178 1549">
    <p class='ocr_par' dir='ltr' id='par_1_21' title="bbox 533 1477 2178 1549">
     <span class='ocr_line' id='line_1_21' title="bbox 533 1477 2178 1549; baseline -0.001 -16"><span class='ocrx_word' id='word_1_142' title='bbox 533 1477 920 1547; x_wconf 82' lang='lat' dir='ltr'>agglutinatur</span> <span class='ocrx_word' id='word_1_143' title='bbox 964 1484 1142 1531; x_wconf 85' lang='lat' dir='ltr'>scorto</span> <span class='ocrx_word' id='word_1_144' title='bbox 1194 1494 1365 1533; x_wconf 89' lang='lat' dir='ltr'>unum</span> <span class='ocrx_word' id='word_1_145' title='bbox 1412 1495 1607 1549; x_wconf 76' lang='lat' dir='ltr'>corpus</span> <span class='ocrx_word' id='word_1_146' title='bbox 1655 1482 1779 1534; x_wconf 83' lang='lat' dir='ltr'>est?</span> <span class='ocrx_word' id='word_1_147' title='bbox 1809 1482 1985 1535; x_wconf 88' lang='lat' dir='ltr'>Erunt</span> <span class='ocrx_word' id='word_1_148' title='bbox 2031 1481 2178 1534; x_wconf 89' lang='lat' dir='ltr'>enim</span> 
     </span>
    </p>
   </div>
   <div class='ocr_carea' id='block_1_22' title="bbox 527 1564 2198 1638">
    <p class='ocr_par' dir='ltr' id='par_1_22' title="bbox 527 1564 2198 1638">
     <span class='ocr_line' id='line_1_22' title="bbox 527 1564 2198 1638; baseline 0.001 -16"><span class='ocrx_word' id='word_1_149' title='bbox 527 1567 656 1633; x_wconf 88' lang='lat' dir='ltr'>duo,</span> <span class='ocrx_word' id='word_1_150' title='bbox 683 1564 953 1636; x_wconf 85' lang='lat' dir='ltr'>inquit,in</span> <span class='ocrx_word' id='word_1_151' title='bbox 979 1582 1197 1621; x_wconf 85' lang='lat' dir='ltr'>carnem</span> <span class='ocrx_word' id='word_1_152' title='bbox 1220 1583 1408 1622; x_wconf 90' lang='lat' dir='ltr'>unam.</span> <span class='ocrx_word' id='word_1_153' title='bbox 1434 1569 1508 1622; x_wconf 81' lang='grc' dir='ltr'><strong>Αι</strong></span> <span class='ocrx_word' id='word_1_154' title='bbox 1530 1570 1628 1638; x_wconf 87' lang='lat' dir='ltr'>qui</span> <span class='ocrx_word' id='word_1_155' title='bbox 1648 1570 2037 1638; x_wconf 82' lang='lat' dir='ltr'>agglutinatur</span> <span class='ocrx_word' id='word_1_156' title='bbox 2066 1571 2198 1630; x_wconf 92' lang='lat' dir='ltr'>Do-_</span> 
     </span>
    </p>
   </div>
   <div class='ocr_carea' id='block_1_23' title="bbox 525 1653 2179 1726">
    <p class='ocr_par' dir='ltr' id='par_1_23' title="bbox 525 1653 2179 1726">
     <span class='ocr_line' id='line_1_23' title="bbox 525 1653 2179 1726; baseline 0.001 -17"><span class='ocrx_word' id='word_1_157' title='bbox 525 1657 673 1710; x_wconf 85' lang='lat' dir='ltr'>mino</span> <span class='ocrx_word' id='word_1_158' title='bbox 702 1670 844 1709; x_wconf 87' lang='lat' dir='ltr'>unus</span> <span class='ocrx_word' id='word_1_159' title='bbox 888 1653 1121 1725; x_wconf 83' lang='lat' dir='ltr'>spiritus</span> <span class='ocrx_word' id='word_1_160' title='bbox 1168 1662 1263 1711; x_wconf 85' lang='lat' dir='ltr'>est.</span> <span class='ocrx_word' id='word_1_161' title='bbox 1306 1658 1502 1726; x_wconf 79' lang='lat' dir='ltr'>Fugite</span> <span class='ocrx_word' id='word_1_162' title='bbox 1546 1661 1955 1713; x_wconf 86' lang='lat' dir='ltr'>scortationem.</span> <span class='ocrx_word' id='word_1_163' title='bbox 2010 1659 2179 1714; x_wconf 87' lang='lat' dir='ltr'>Omne</span> 
     </span>
    </p>
   </div>
   <div class='ocr_carea' id='block_1_24' title="bbox 2358 1204 3927 1283">
    <p class='ocr_par' dir='ltr' id='par_1_24' title="bbox 2358 1204 3927 1283">
     <span class='ocr_line' id='line_1_24' title="bbox 2358 1204 3927 1283; baseline -0.003 -18"><span class='ocrx_word' id='word_1_164' title='bbox 2358 1205 2473 1265; x_wconf 79' lang='grc' dir='ltr'>Ούκ</span> <span class='ocrx_word' id='word_1_165' title='bbox 2503 1204 2689 1263; x_wconf 62' lang='grc' dir='ltr'><strong>οἴδατε</strong></span> <span class='ocrx_word' id='word_1_166' title='bbox 2719 1207 2804 1263; x_wconf 76' lang='grc' dir='ltr'>ὅτι</span> <span class='ocrx_word' id='word_1_167' title='bbox 2855 1204 2922 1262; x_wconf 70' lang='grc' dir='ltr'><strong>τὰ</strong></span> <span class='ocrx_word' id='word_1_168' title='bbox 2979 1206 3207 1279; x_wconf 86' lang='grc' dir='ltr'><strong>σώματα</strong></span> <span class='ocrx_word' id='word_1_169' title='bbox 3267 1205 3421 1279; x_wconf 80' lang='grc' dir='ltr'><strong>ὑμῶν</strong></span> <span class='ocrx_word' id='word_1_170' title='bbox 3483 1204 3632 1280; x_wconf 77' lang='grc' dir='ltr'><strong>μέλη</strong></span> <span class='ocrx_word' id='word_1_171' title='bbox 3708 1211 3927 1283; x_wconf 80' lang='grc' dir='ltr'><strong>Χριστοῦ</strong></span> 
     </span>
    </p>
   </div>
   <div class='ocr_carea' id='block_1_25' title="bbox 2284 1292 3925 1371">
    <p class='ocr_par' dir='ltr' id='par_1_25' title="bbox 2284 1292 3925 1371">
     <span class='ocr_line' id='line_1_25' title="bbox 2284 1292 3925 1371; baseline 0 -21"><span class='ocrx_word' id='word_1_172' title='bbox 2284 1292 2474 1366; x_wconf 75' lang='grc' dir='ltr'><strong>ἒστινς</strong></span> <span class='ocrx_word' id='word_1_173' title='bbox 2533 1293 2663 1371; x_wconf 79' lang='grc' dir='ltr'><strong>ἂρας</strong></span> <span class='ocrx_word' id='word_1_174' title='bbox 2723 1296 2815 1351; x_wconf 81' lang='grc' dir='ltr'><strong>οὗν</strong></span> <span class='ocrx_word' id='word_1_175' title='bbox 2878 1296 2946 1351; x_wconf 69' lang='grc' dir='ltr'><strong>τὰ</strong></span> <span class='ocrx_word' id='word_1_176' title='bbox 3015 1294 3156 1369; x_wconf 79' lang='grc' dir='ltr'><strong>μέλη</strong></span> <span class='ocrx_word' id='word_1_177' title='bbox 3224 1299 3328 1350; x_wconf 85' lang='grc' dir='ltr'>τοῦ</span> <span class='ocrx_word' id='word_1_178' title='bbox 3398 1299 3647 1369; x_wconf 76' lang='grc' dir='ltr'><strong>Χριστοῦ</strong></span> <span class='ocrx_word' id='word_1_179' title='bbox 3719 1298 3925 1365; x_wconf 71' lang='grc' dir='ltr'><strong>ποιήσω</strong></span> 
     </span>
    </p>
   </div>
   <div class='ocr_carea' id='block_1_26' title="bbox 2284 1380 3925 1458">
    <p class='ocr_par' dir='ltr' id='par_1_26' title="bbox 2284 1380 3925 1458">
     <span class='ocr_line' id='line_1_26' title="bbox 2284 1380 3925 1458; baseline 0.001 -20"><span class='ocrx_word' id='word_1_180' title='bbox 2284 1383 2493 1458; x_wconf 78' lang='grc' dir='ltr'>πόρνης</span> <span class='ocrx_word' id='word_1_181' title='bbox 2538 1384 2726 1457; x_wconf 87' lang='grc' dir='ltr'><strong>με’λη;</strong></span> <span class='ocrx_word' id='word_1_182' title='bbox 2770 1385 2864 1453; x_wconf 79' lang='grc' dir='ltr'>Μὴ</span> <span class='ocrx_word' id='word_1_183' title='bbox 2929 1384 3161 1458; x_wconf 78' lang='grc' dir='ltr'><strong>γένοιτο.</strong></span> <span class='ocrx_word' id='word_1_184' title='bbox 3225 1386 3291 1440; x_wconf 87' lang='grc' dir='ltr'><strong><em>Ἥ</em></strong></span> <span class='ocrx_word' id='word_1_185' title='bbox 3361 1384 3461 1439; x_wconf 82' lang='grc' dir='ltr'><strong>οὐκ</strong></span> <span class='ocrx_word' id='word_1_186' title='bbox 3531 1380 3722 1438; x_wconf 57' lang='grc' dir='ltr'><strong>οἴδατε</strong></span> <span class='ocrx_word' id='word_1_187' title='bbox 3785 1383 3925 1439; x_wconf 85' lang='grc' dir='ltr'>ὅτιό</span> 
     </span>
    </p>
   </div>
   <div class='ocr_carea' id='block_1_27' title="bbox 2285 1471 3926 1549">
    <p class='ocr_par' dir='ltr' id='par_1_27' title="bbox 2285 1471 3926 1549">
     <span class='ocr_line' id='line_1_27' title="bbox 2285 1471 3926 1549; baseline 0.001 -22"><span class='ocrx_word' id='word_1_188' title='bbox 2285 1472 2642 1547; x_wconf 82' lang='grc' dir='ltr'>κολλώμενος</span> <span class='ocrx_word' id='word_1_189' title='bbox 2722 1477 2793 1548; x_wconf 78' lang='grc' dir='ltr'><strong>τῇ</strong></span> <span class='ocrx_word' id='word_1_190' title='bbox 2871 1474 3047 1549; x_wconf 78' lang='grc' dir='ltr'><strong>πόρνῃ</strong></span> <span class='ocrx_word' id='word_1_191' title='bbox 3106 1471 3158 1528; x_wconf 80' lang='grc' dir='ltr'><strong>ἕν</strong></span> <span class='ocrx_word' id='word_1_192' title='bbox 3215 1474 3378 1547; x_wconf 65' lang='grc' dir='ltr'><strong>σῶμα</strong></span> <span class='ocrx_word' id='word_1_193' title='bbox 3434 1471 3623 1542; x_wconf 59' lang='lat' dir='ltr'>tatu;</span> <span class='ocrx_word' id='word_1_194' title='bbox 3686 1478 3926 1530; x_wconf 80' lang='grc' dir='ltr'><strong>Ἔσονται</strong></span> 
     </span>
    </p>
   </div>
   <div class='ocr_carea' id='block_1_28' title="bbox 2286 1560 3927 1641">
    <p class='ocr_par' dir='ltr' id='par_1_28' title="bbox 2286 1560 3927 1641">
     <span class='ocr_line' id='line_1_28' title="bbox 2286 1560 3927 1641; baseline 0 -24"><span class='ocrx_word' id='word_1_195' title='bbox 2286 1564 2412 1638; x_wconf 73' lang='grc' dir='ltr'><strong>γὰρ,</strong></span> <span class='ocrx_word' id='word_1_196' title='bbox 2444 1562 2628 1641; x_wconf 74' lang='grc' dir='ltr'><strong>φησὶν,</strong></span> <span class='ocrx_word' id='word_1_197' title='bbox 2663 1564 2715 1618; x_wconf 72' lang='grc' dir='ltr'>οἱ</span> <span class='ocrx_word' id='word_1_198' title='bbox 2760 1561 2855 1618; x_wconf 80' lang='grc' dir='ltr'><strong>δύο</strong></span> <span class='ocrx_word' id='word_1_199' title='bbox 2913 1562 2989 1625; x_wconf 81' lang='grc' dir='ltr'><strong>εἰς</strong></span> <span class='ocrx_word' id='word_1_200' title='bbox 3042 1563 3210 1639; x_wconf 78' lang='grc' dir='ltr'><strong>σάρκα</strong></span> <span class='ocrx_word' id='word_1_201' title='bbox 3270 1562 3418 1637; x_wconf 76' lang='grc' dir='ltr'><strong>μίαν.</strong></span> <span class='ocrx_word' id='word_1_202' title='bbox 3478 1563 3542 1620; x_wconf 84' lang='grc' dir='ltr'><strong>Ὀ</strong></span> <span class='ocrx_word' id='word_1_203' title='bbox 3604 1560 3662 1617; x_wconf 72' lang='grc' dir='ltr'>δὲ</span> <span class='ocrx_word' id='word_1_204' title='bbox 3718 1560 3927 1618; x_wconf 74' lang='grc' dir='ltr'><strong>κολλώο</strong></span> 
     </span>
    </p>
   </div>
   <div class='ocr_carea' id='block_1_29' title="bbox 2292 1651 3928 1729">
    <p class='ocr_par' dir='ltr' id='par_1_29' title="bbox 2292 1651 3928 1729">
     <span class='ocr_line' id='line_1_29' title="bbox 2292 1651 3928 1729; baseline -0.001 -21"><span class='ocrx_word' id='word_1_205' title='bbox 2292 1674 2450 1727; x_wconf 85' lang='grc' dir='ltr'><strong>μενος</strong></span> <span class='ocrx_word' id='word_1_206' title='bbox 2517 1658 2596 1726; x_wconf 80' lang='grc' dir='ltr'><strong>τῷ</strong></span> <span class='ocrx_word' id='word_1_207' title='bbox 2662 1654 2849 1729; x_wconf 82' lang='grc' dir='ltr'>Κυρίῳ</span> <span class='ocrx_word' id='word_1_208' title='bbox 2940 1651 2993 1708; x_wconf 81' lang='grc' dir='ltr'><strong>ἔν</strong></span> <span class='ocrx_word' id='word_1_209' title='bbox 3062 1654 3274 1727; x_wconf 82' lang='grc' dir='ltr'><strong>πνεῦμᾶ</strong></span> <span class='ocrx_word' id='word_1_210' title='bbox 3329 1652 3465 1711; x_wconf 76' lang='grc' dir='ltr'><strong>ἐστι.</strong></span> <span class='ocrx_word' id='word_1_211' title='bbox 3538 1651 3776 1728; x_wconf 82' lang='grc' dir='ltr'><strong>Φεύγετε</strong></span> <span class='ocrx_word' id='word_1_212' title='bbox 3836 1654 3928 1721; x_wconf 69' lang='grc' dir='ltr'><strong>τήν</strong></span> 
     </span>
    </p>
   </div>
   <div class='ocr_carea' id='block_1_30' title="bbox 519 1708 2167 1818">
    <p class='ocr_par' dir='ltr' id='par_1_30' title="bbox 519 1743 2167 1817">
     <span class='ocr_line' id='line_1_30' title="bbox 519 1743 2167 1817; baseline 0 -18"><span class='ocrx_word' id='word_1_213' title='bbox 519 1751 810 1814; x_wconf 84' lang='lat' dir='ltr'>peccatum</span> <span class='ocrx_word' id='word_1_214' title='bbox 840 1743 1203 1814; x_wconf 85' lang='lat' dir='ltr'>quodcunque</span> <span class='ocrx_word' id='word_1_215' title='bbox 1220 1747 1416 1813; x_wconf 80' lang='lat' dir='ltr'>fecerit</span> <span class='ocrx_word' id='word_1_216' title='bbox 1445 1745 1628 1813; x_wconf 85' lang='lat' dir='ltr'>homo,</span> <span class='ocrx_word' id='word_1_217' title='bbox 1655 1752 1816 1800; x_wconf 69' lang='lat' dir='ltr'>extra</span> <span class='ocrx_word' id='word_1_218' title='bbox 1845 1762 2043 1817; x_wconf 84' lang='lat' dir='ltr'>corpus</span> <span class='ocrx_word' id='word_1_219' title='bbox 2065 1752 2167 1802; x_wconf 88' lang='lat' dir='ltr'>est.</span> 
     </span>
    </p>
   </div>
   <div class='ocr_carea' id='block_1_31' title="bbox 2275 1708 3927 1818">
    <p class='ocr_par' dir='ltr' id='par_1_31' title="bbox 2287 1708 3927 1818">
     <span class='ocr_line' id='line_1_31' title="bbox 2287 1708 3927 1818; baseline -0.002 -21"><span class='ocrx_word' id='word_1_220' title='bbox 2287 1708 2579 1818; x_wconf 50' lang='grc' dir='ltr'><strong>πορνείαν..</strong></span> <span class='ocrx_word' id='word_1_221' title='bbox 2628 1708 2754 1797; x_wconf 45' lang='grc' dir='ltr'>ΙΙ-ἒίνΙ</span> <span class='ocrx_word' id='word_1_222' title='bbox 2791 1708 3093 1817; x_wconf 41' lang='grc' dir='ltr'><strong>ἆδμάρτημα</strong></span> <span class='ocrx_word' id='word_1_223' title='bbox 3158 1708 3210 1797; x_wconf 77' lang='grc' dir='ltr'>ὅ⁵</span> <span class='ocrx_word' id='word_1_224' title='bbox 3265 1740 3351 1797; x_wconf 71' lang='grc' dir='ltr'><strong>ἐὰν</strong></span> <span class='ocrx_word' id='word_1_225' title='bbox 3417 1708 3634 1816; x_wconf 73' lang='grc' dir='ltr'><strong>ποιήσῃ</strong></span> <span class='ocrx_word' id='word_1_226' title='bbox 3668 1708 3680 1728; x_wconf 43' lang='grc'><strong>1</strong></span> <span class='ocrx_word' id='word_1_227' title='bbox 3731 1708 3927 1814; x_wconf 69' lang='grc' dir='ltr'><strong>ἀνορω-</strong></span> 
     </span>
    </p>
   </div>
   <div class='ocr_carea' id='block_1_32' title="bbox 529 1830 1953 1905">
    <p class='ocr_par' dir='ltr' id='par_1_32' title="bbox 529 1830 1953 1905">
     <span class='ocr_line' id='line_1_32' title="bbox 529 1830 1953 1905; baseline 0.002 -18"><span class='ocrx_word' id='word_1_228' title='bbox 529 1830 628 1887; x_wconf 84' lang='lat' dir='ltr'>sed</span> <span class='ocrx_word' id='word_1_229' title='bbox 652 1834 751 1903; x_wconf 87' lang='lat' dir='ltr'>qui</span> <span class='ocrx_word' id='word_1_230' title='bbox 779 1838 1080 1898; x_wconf 85' lang='lat' dir='ltr'>scortatur,</span> <span class='ocrx_word' id='word_1_231' title='bbox 1113 1831 1174 1887; x_wconf 86' lang='lat' dir='ltr'>in</span> <span class='ocrx_word' id='word_1_232' title='bbox 1198 1835 1491 1903; x_wconf 86' lang='lat' dir='ltr'>proprium</span> <span class='ocrx_word' id='word_1_233' title='bbox 1522 1850 1716 1905; x_wconf 86' lang='lat' dir='ltr'>corpus</span> <span class='ocrx_word' id='word_1_234' title='bbox 1737 1840 1953 1905; x_wconf 84' lang='lat' dir='ltr'>peccat.</span> 
     </span>
    </p>
   </div>
   <div class='ocr_carea' id='block_1_33' title="bbox 601 2010 2181 2084">
    <p class='ocr_par' dir='ltr' id='par_1_33' title="bbox 601 2010 2181 2084">
     <span class='ocr_line' id='line_1_33' title="bbox 601 2010 2181 2084; baseline 0.001 -17"><span class='ocrx_word' id='word_1_235' title='bbox 601 2010 688 2067; x_wconf 81' lang='lat' dir='ltr'>Ad</span> <span class='ocrx_word' id='word_1_236' title='bbox 701 2010 1072 2084; x_wconf 67' lang='lat' dir='ltr'>praemissam</span> <span class='ocrx_word' id='word_1_237' title='bbox 1088 2010 1733 2068; x_wconf 87' lang='lat' dir='ltr'>reditadhortationem</span> <span class='ocrx_word' id='word_1_238' title='bbox 1751 2030 1882 2084; x_wconf 64' lang='lat' dir='ltr'>quas</span> <span class='ocrx_word' id='word_1_239' title='bbox 1902 2012 2181 2069; x_wconf 87' lang='lat' dir='ltr'>adversus</span> 
     </span>
    </p>
   </div>
   <div class='ocr_carea' id='block_1_34' title="bbox 530 2099 2179 2171">
    <p class='ocr_par' dir='ltr' id='par_1_34' title="bbox 530 2099 2179 2171">
     <span class='ocr_line' id='line_1_34' title="bbox 530 2099 2179 2171; baseline 0.001 -15"><span class='ocrx_word' id='word_1_240' title='bbox 530 2099 956 2157; x_wconf 86' lang='lat' dir='ltr'>scortationem</span> <span class='ocrx_word' id='word_1_241' title='bbox 989 2105 1133 2157; x_wconf 89' lang='lat' dir='ltr'>erat.</span> <span class='ocrx_word' id='word_1_242' title='bbox 1169 2100 1311 2155; x_wconf 88' lang='lat' dir='ltr'>Vide</span> <span class='ocrx_word' id='word_1_243' title='bbox 1344 2106 1543 2157; x_wconf 84' lang='lat' dir='ltr'>autem</span> <span class='ocrx_word' id='word_1_244' title='bbox 1584 2102 1741 2171; x_wconf 89' lang='lat' dir='ltr'>quod</span> <span class='ocrx_word' id='word_1_245' title='bbox 1774 2118 1893 2156; x_wconf 90' lang='lat' dir='ltr'>non</span> <span class='ocrx_word' id='word_1_246' title='bbox 1926 2101 2179 2158; x_wconf 85' lang='lat' dir='ltr'>dixerit:</span> 
     </span>
    </p>
   </div>
   <div class='ocr_carea' id='block_1_35' title="bbox 528 2186 2183 2261">
    <p class='ocr_par' dir='ltr' id='par_1_35' title="bbox 528 2186 2183 2261">
     <span class='ocr_line' id='line_1_35' title="bbox 528 2186 2183 2261; baseline 0.001 -17"><span class='ocrx_word' id='word_1_247' title='bbox 528 2187 789 2244; x_wconf 79' lang='lat' dir='ltr'>Membra</span> <span class='ocrx_word' id='word_1_248' title='bbox 817 2186 1032 2243; x_wconf 89' lang='lat' dir='ltr'>Christi</span> <span class='ocrx_word' id='word_1_249' title='bbox 1046 2188 1296 2261; x_wconf 80' lang='lat' dir='ltr'>jungam</span> <span class='ocrx_word' id='word_1_250' title='bbox 1330 2189 1651 2258; x_wconf 87' lang='lat' dir='ltr'>meretrici,</span> <span class='ocrx_word' id='word_1_251' title='bbox 1679 2189 1779 2245; x_wconf 88' lang='lat' dir='ltr'>sed</span> <span class='ocrx_word' id='word_1_252' title='bbox 1805 2188 1963 2260; x_wconf 91' lang='lat' dir='ltr'>quod</span> <span class='ocrx_word' id='word_1_253' title='bbox 1994 2188 2183 2247; x_wconf 88' lang='lat' dir='ltr'>horri-</span> 
     </span>
    </p>
   </div>
   <div class='ocr_carea' id='block_1_36' title="bbox 527 2276 2181 2349">
    <p class='ocr_par' dir='ltr' id='par_1_36' title="bbox 527 2276 2181 2349">
     <span class='ocr_line' id='line_1_36' title="bbox 527 2276 2181 2349; baseline 0 -17"><span class='ocrx_word' id='word_1_254' title='bbox 527 2276 710 2333; x_wconf 88' lang='lat' dir='ltr'>bilius</span> <span class='ocrx_word' id='word_1_255' title='bbox 742 2281 889 2345; x_wconf 89' lang='lat' dir='ltr'>erat,</span> <span class='ocrx_word' id='word_1_256' title='bbox 922 2292 1138 2348; x_wconf 88' lang='lat' dir='ltr'>nempe</span> <span class='ocrx_word' id='word_1_257' title='bbox 1171 2276 1381 2332; x_wconf 90' lang='lat' dir='ltr'>tollere</span> <span class='ocrx_word' id='word_1_258' title='bbox 1413 2293 1447 2332; x_wconf 94' lang='lat' dir='ltr'>a</span> <span class='ocrx_word' id='word_1_259' title='bbox 1483 2277 1714 2332; x_wconf 85' lang='lat' dir='ltr'>Christo</span> <span class='ocrx_word' id='word_1_260' title='bbox 1757 2276 1965 2332; x_wconf 88' lang='lat' dir='ltr'>eadem</span> <span class='ocrx_word' id='word_1_261' title='bbox 1994 2277 2181 2349; x_wconf 88' lang='lat' dir='ltr'>ipsius</span> 
     </span>
    </p>
   </div>
   <div class='ocr_carea' id='block_1_37' title="bbox 531 2364 2180 2432">
    <p class='ocr_par' dir='ltr' id='par_1_37' title="bbox 531 2364 2180 2432">
     <span class='ocr_line' id='line_1_37' title="bbox 531 2364 2180 2432; baseline -0.001 -11"><span class='ocrx_word' id='word_1_262' title='bbox 531 2364 820 2432; x_wconf 88' lang='lat' dir='ltr'>membra,</span> <span class='ocrx_word' id='word_1_263' title='bbox 857 2371 913 2419; x_wconf 92' lang='lat' dir='ltr'>et</span> <span class='ocrx_word' id='word_1_264' title='bbox 962 2365 1200 2421; x_wconf 88' lang='lat' dir='ltr'>efﬁcere</span> <span class='ocrx_word' id='word_1_265' title='bbox 1229 2371 1295 2419; x_wconf 89' lang='lat' dir='ltr'>ut</span> <span class='ocrx_word' id='word_1_266' title='bbox 1337 2366 1458 2420; x_wconf 88' lang='lat' dir='ltr'>sint</span> <span class='ocrx_word' id='word_1_267' title='bbox 1485 2366 1702 2421; x_wconf 89' lang='lat' dir='ltr'>scorti:</span> <span class='ocrx_word' id='word_1_268' title='bbox 1740 2387 1763 2418; x_wconf 76' lang='grc' dir='ltr'>ι</span> <span class='ocrx_word' id='word_1_269' title='bbox 1798 2368 1985 2420; x_wconf 87' lang='lat' dir='ltr'>Erunt</span> <span class='ocrx_word' id='word_1_270' title='bbox 2022 2366 2180 2421; x_wconf 89' lang='lat' dir='ltr'>enim</span> 
     </span>
    </p>
   </div>
   <div class='ocr_carea' id='block_1_38' title="bbox 532 2454 2180 2527">
    <p class='ocr_par' dir='ltr' id='par_1_38' title="bbox 532 2454 2180 2527">
     <span class='ocr_line' id='line_1_38' title="bbox 532 2454 2180 2527; baseline 0 -18"><span class='ocrx_word' id='word_1_271' title='bbox 532 2455 671 2524; x_wconf 90' lang='lat' dir='ltr'>duo,</span> <span class='ocrx_word' id='word_1_272' title='bbox 706 2455 921 2527; x_wconf 86' lang='lat' dir='ltr'>inquit,</span> <span class='ocrx_word' id='word_1_273' title='bbox 956 2454 1018 2509; x_wconf 91' lang='lat' dir='ltr'>in</span> <span class='ocrx_word' id='word_1_274' title='bbox 1061 2470 1303 2509; x_wconf 88' lang='lat' dir='ltr'>carnem</span> <span class='ocrx_word' id='word_1_275' title='bbox 1344 2471 1546 2509; x_wconf 91' lang='lat' dir='ltr'>unam.</span> <span class='ocrx_word' id='word_1_276' title='bbox 1581 2476 1609 2504; x_wconf 86' lang='grc'><strong>››</strong></span> <span class='ocrx_word' id='word_1_277' title='bbox 1653 2454 1740 2509; x_wconf 79' lang='lat' dir='ltr'>Ad</span> <span class='ocrx_word' id='word_1_278' title='bbox 1772 2455 2180 2510; x_wconf 89' lang='lat' dir='ltr'>testimonium</span> 
     </span>
    </p>
   </div>
   <div class='ocr_carea' id='block_1_39' title="bbox 530 2543 2185 2610">
    <p class='ocr_par' dir='ltr' id='par_1_39' title="bbox 530 2543 2185 2610">
     <span class='ocr_line' id='line_1_39' title="bbox 530 2543 2185 2610; baseline 0 -11"><span class='ocrx_word' id='word_1_279' title='bbox 530 2543 956 2600; x_wconf 89' lang='lat' dir='ltr'>adducitvetus</span> <span class='ocrx_word' id='word_1_280' title='bbox 977 2545 1442 2599; x_wconf 84' lang='lat' dir='ltr'>Testamentum.</span> <span class='ocrx_word' id='word_1_281' title='bbox 1464 2544 1770 2610; x_wconf 90' lang='lat' dir='ltr'>Quomodo</span> <span class='ocrx_word' id='word_1_282' title='bbox 1789 2549 1987 2599; x_wconf 89' lang='lat' dir='ltr'>autem</span> <span class='ocrx_word' id='word_1_283' title='bbox 2009 2547 2185 2599; x_wconf 84' lang='lat' dir='ltr'>erunt</span> 
     </span>
    </p>
   </div>
   <div class='ocr_carea' id='block_1_40' title="bbox 533 2633 2182 2704">
    <p class='ocr_par' dir='ltr' id='par_1_40' title="bbox 533 2633 2182 2704">
     <span class='ocr_line' id='line_1_40' title="bbox 533 2633 2182 2704; baseline -0.001 -14"><span class='ocrx_word' id='word_1_284' title='bbox 533 2634 652 2690; x_wconf 84' lang='lat' dir='ltr'>sive</span> <span class='ocrx_word' id='word_1_285' title='bbox 682 2633 1027 2704; x_wconf 74' lang='lat' dir='ltr'>redigentur</span> <span class='ocrx_word' id='word_1_286' title='bbox 1053 2633 1117 2688; x_wconf 88' lang='lat' dir='ltr'>in</span> <span class='ocrx_word' id='word_1_287' title='bbox 1149 2650 1393 2688; x_wconf 88' lang='lat' dir='ltr'>carnem</span> <span class='ocrx_word' id='word_1_288' title='bbox 1438 2650 1622 2689; x_wconf 90' lang='lat' dir='ltr'>unam</span> <span class='ocrx_word' id='word_1_289' title='bbox 1644 2633 1672 2688; x_wconf 85' lang='lat'><strong>?</strong></span> <span class='ocrx_word' id='word_1_290' title='bbox 1699 2634 1991 2698; x_wconf 86' lang='lat' dir='ltr'>Quoniam</span> <span class='ocrx_word' id='word_1_291' title='bbox 2021 2650 2182 2689; x_wconf 88' lang='lat' dir='ltr'>com-</span> 
     </span>
    </p>
   </div>
   <div class='ocr_carea' id='block_1_41' title="bbox 532 2722 2178 2795">
    <p class='ocr_par' dir='ltr' id='par_1_41' title="bbox 532 2722 2178 2795">
     <span class='ocr_line' id='line_1_41' title="bbox 532 2722 2178 2795; baseline -0.001 -16"><span class='ocrx_word' id='word_1_292' title='bbox 532 2723 730 2779; x_wconf 87' lang='lat' dir='ltr'>mistio</span> <span class='ocrx_word' id='word_1_293' title='bbox 760 2740 881 2779; x_wconf 91' lang='lat' dir='ltr'>non</span> <span class='ocrx_word' id='word_1_294' title='bbox 931 2722 1221 2795; x_wconf 88' lang='lat' dir='ltr'>permittit</span> <span class='ocrx_word' id='word_1_295' title='bbox 1260 2722 1407 2778; x_wconf 91' lang='lat' dir='ltr'>duos</span> <span class='ocrx_word' id='word_1_296' title='bbox 1457 2740 1589 2778; x_wconf 91' lang='lat' dir='ltr'>esse</span> <span class='ocrx_word' id='word_1_297' title='bbox 1637 2723 1806 2792; x_wconf 90' lang='lat' dir='ltr'>duos,</span> <span class='ocrx_word' id='word_1_298' title='bbox 1840 2723 1944 2779; x_wconf 88' lang='lat' dir='ltr'>sed</span> <span class='ocrx_word' id='word_1_299' title='bbox 1992 2740 2178 2779; x_wconf 91' lang='lat' dir='ltr'>unum</span> 
     </span>
    </p>
   </div>
   <div class='ocr_carea' id='block_1_42' title="bbox 532 2810 2177 2884">
    <p class='ocr_par' dir='ltr' id='par_1_42' title="bbox 532 2810 2177 2884">
     <span class='ocr_line' id='line_1_42' title="bbox 532 2810 2177 2884; baseline -0.001 -16"><span class='ocrx_word' id='word_1_300' title='bbox 532 2812 714 2868; x_wconf 87' lang='lat' dir='ltr'>efﬁcit</span> <span class='ocrx_word' id='word_1_301' title='bbox 737 2827 751 2878; x_wconf 91' lang='lat'><strong>;</strong></span> <span class='ocrx_word' id='word_1_302' title='bbox 785 2818 843 2868; x_wconf 89' lang='lat' dir='ltr'>et</span> <span class='ocrx_word' id='word_1_303' title='bbox 868 2811 1153 2882; x_wconf 89' lang='lat' dir='ltr'>quoniam</span> <span class='ocrx_word' id='word_1_304' title='bbox 1174 2810 1445 2867; x_wconf 90' lang='lat' dir='ltr'>membra</span> <span class='ocrx_word' id='word_1_305' title='bbox 1466 2811 1683 2866; x_wconf 84' lang='lat' dir='ltr'>Christi</span> <span class='ocrx_word' id='word_1_306' title='bbox 1712 2817 1849 2867; x_wconf 90' lang='lat' dir='ltr'>sunt</span> <span class='ocrx_word' id='word_1_307' title='bbox 1876 2813 2053 2868; x_wconf 89' lang='lat' dir='ltr'>homo</span> <span class='ocrx_word' id='word_1_308' title='bbox 2076 2811 2177 2884; x_wconf 87' lang='lat' dir='ltr'>qui</span> 
     </span>
    </p>
   </div>
   <div class='ocr_carea' id='block_1_43' title="bbox 530 2900 2179 2972">
    <p class='ocr_par' dir='ltr' id='par_1_43' title="bbox 530 2900 2179 2972">
     <span class='ocr_line' id='line_1_43' title="bbox 530 2900 2179 2972; baseline 0 -15"><span class='ocrx_word' id='word_1_309' title='bbox 530 2906 725 2957; x_wconf 87' lang='lat' dir='ltr'>scorto</span> <span class='ocrx_word' id='word_1_310' title='bbox 754 2901 976 2969; x_wconf 91' lang='lat' dir='ltr'>unitur,</span> <span class='ocrx_word' id='word_1_311' title='bbox 1012 2900 1099 2955; x_wconf 88' lang='lat' dir='ltr'>illi</span> <span class='ocrx_word' id='word_1_312' title='bbox 1145 2900 1406 2972; x_wconf 91' lang='lat' dir='ltr'>seipsum</span> <span class='ocrx_word' id='word_1_313' title='bbox 1439 2901 1592 2970; x_wconf 91' lang='lat' dir='ltr'>unit,</span> <span class='ocrx_word' id='word_1_314' title='bbox 1624 2900 1961 2972; x_wconf 87' lang='lat' dir='ltr'>Christique</span> <span class='ocrx_word' id='word_1_315' title='bbox 1986 2918 2179 2957; x_wconf 88' lang='lat' dir='ltr'>mem-</span> 
     </span>
    </p>
   </div>
   <div class='ocr_carea' id='block_1_44' title="bbox 530 2990 2173 3063">
    <p class='ocr_par' dir='ltr' id='par_1_44' title="bbox 530 2990 2173 3063">
     <span class='ocr_line' id='line_1_44' title="bbox 530 2990 2173 3063; baseline 0 -17"><span class='ocrx_word' id='word_1_316' title='bbox 530 2992 638 3046; x_wconf 86' lang='lat' dir='ltr'>bra</span> <span class='ocrx_word' id='word_1_317' title='bbox 666 2995 1039 3063; x_wconf 89' lang='lat' dir='ltr'>conspurcat.</span> <span class='ocrx_word' id='word_1_318' title='bbox 1060 2990 1130 3044; x_wconf 91' lang='lat' dir='ltr'>Et</span> <span class='ocrx_word' id='word_1_319' title='bbox 1158 3006 1500 3063; x_wconf 86' lang='lat' dir='ltr'>quanquam</span> <span class='ocrx_word' id='word_1_320' title='bbox 1522 2991 1584 3045; x_wconf 88' lang='lat' dir='ltr'>in</span> <span class='ocrx_word' id='word_1_321' title='bbox 1614 3007 1748 3046; x_wconf 86' lang='lat' dir='ltr'>vero</span> <span class='ocrx_word' id='word_1_322' title='bbox 1781 3007 2015 3062; x_wconf 89' lang='lat' dir='ltr'>quoque</span> <span class='ocrx_word' id='word_1_323' title='bbox 2039 3008 2173 3046; x_wconf 86' lang='lat' dir='ltr'>con-</span> 
     </span>
    </p>
   </div>
   <div class='ocr_carea' id='block_1_45' title="bbox 2284 1827 3929 1906">
    <p class='ocr_par' dir='ltr' id='par_1_45' title="bbox 2284 1827 3929 1906">
     <span class='ocr_line' id='line_1_45' title="bbox 2284 1827 3929 1906; baseline -0.002 -20"><span class='ocrx_word' id='word_1_324' title='bbox 2284 1851 2410 1899; x_wconf 90' lang='grc' dir='ltr'><strong>πος,</strong></span> <span class='ocrx_word' id='word_1_325' title='bbox 2450 1829 2603 1893; x_wconf 83' lang='grc' dir='ltr'><strong>ἐκτὸς</strong></span> <span class='ocrx_word' id='word_1_326' title='bbox 2658 1832 2757 1886; x_wconf 92' lang='grc' dir='ltr'>τοῦ</span> <span class='ocrx_word' id='word_1_327' title='bbox 2814 1830 3071 1903; x_wconf 84' lang='grc' dir='ltr'><strong>σώματός</strong></span> <span class='ocrx_word' id='word_1_328' title='bbox 3130 1828 3298 1900; x_wconf 77' lang='grc' dir='ltr'><strong>ἐστιν,</strong></span> <span class='ocrx_word' id='word_1_329' title='bbox 3333 1830 3362 1885; x_wconf 84' lang='grc' dir='ltr'><strong>ὁ</strong></span> <span class='ocrx_word' id='word_1_330' title='bbox 3404 1827 3461 1884; x_wconf 78' lang='grc' dir='ltr'>ὂὶ</span> <span class='ocrx_word' id='word_1_331' title='bbox 3518 1830 3800 1906; x_wconf 75' lang='grc' dir='ltr'><strong>πορνεύων</strong></span> <span class='ocrx_word' id='word_1_332' title='bbox 3857 1827 3929 1891; x_wconf 82' lang='grc' dir='ltr'><strong>είς</strong></span> 
     </span>
    </p>
   </div>
   <div class='ocr_carea' id='block_1_46' title="bbox 2283 1917 3058 1995">
    <p class='ocr_par' dir='ltr' id='par_1_46' title="bbox 2283 1917 3058 1995">
     <span class='ocr_line' id='line_1_46' title="bbox 2283 1917 3058 1995; baseline 0.004 -22"><span class='ocrx_word' id='word_1_333' title='bbox 2283 1919 2347 1974; x_wconf 86' lang='grc' dir='ltr'><strong>τὸ</strong></span> <span class='ocrx_word' id='word_1_334' title='bbox 2377 1917 2518 1974; x_wconf 69' lang='grc' dir='ltr'><strong>ἴδιον</strong></span> <span class='ocrx_word' id='word_1_335' title='bbox 2551 1924 2713 1993; x_wconf 80' lang='grc' dir='ltr'><strong>σῶμα</strong></span> <span class='ocrx_word' id='word_1_336' title='bbox 2739 1917 3058 1995; x_wconf 78' lang='grc' dir='ltr'><strong>ἁμαρτάνει.</strong></span> 
     </span>
    </p>
   </div>
   <div class='ocr_carea' id='block_1_47' title="bbox 2355 2006 3924 2084">
    <p class='ocr_par' dir='ltr' id='par_1_47' title="bbox 2355 2006 3924 2084">
     <span class='ocr_line' id='line_1_47' title="bbox 2355 2006 3924 2084; baseline -0.003 -19"><span class='ocrx_word' id='word_1_337' title='bbox 2355 2007 2530 2065; x_wconf 79' lang='grc' dir='ltr'><strong>Πάλιν</strong></span> <span class='ocrx_word' id='word_1_338' title='bbox 2563 2007 2650 2063; x_wconf 77' lang='grc' dir='ltr'><strong>ἐπὶ</strong></span> <span class='ocrx_word' id='word_1_339' title='bbox 2680 2009 2781 2079; x_wconf 78' lang='grc' dir='ltr'>τήν</span> <span class='ocrx_word' id='word_1_340' title='bbox 2828 2007 3194 2083; x_wconf 74' lang='grc' dir='ltr'><strong>προκειμένην</strong></span> <span class='ocrx_word' id='word_1_341' title='bbox 3251 2006 3388 2076; x_wconf 77' lang='grc' dir='ltr'><strong>ἦλθε</strong></span> <span class='ocrx_word' id='word_1_342' title='bbox 3445 2007 3781 2084; x_wconf 78' lang='grc' dir='ltr'><strong>παραίνεσιν,</strong></span> <span class='ocrx_word' id='word_1_343' title='bbox 3832 2008 3924 2077; x_wconf 72' lang='grc' dir='ltr'><strong>τήν</strong></span> 
     </span>
    </p>
   </div>
   <div class='ocr_carea' id='block_1_48' title="bbox 2282 2094 3922 2173">
    <p class='ocr_par' dir='ltr' id='par_1_48' title="bbox 2282 2094 3922 2173">
     <span class='ocr_line' id='line_1_48' title="bbox 2282 2094 3922 2173; baseline -0.001 -21"><span class='ocrx_word' id='word_1_344' title='bbox 2282 2097 2418 2153; x_wconf 77' lang='grc' dir='ltr'><strong>κατὰ</strong></span> <span class='ocrx_word' id='word_1_345' title='bbox 2448 2095 2719 2172; x_wconf 85' lang='grc' dir='ltr'><strong>πορνείας.</strong></span> <span class='ocrx_word' id='word_1_346' title='bbox 2748 2099 2887 2173; x_wconf 84' lang='grc' dir='ltr'>Ὅρα</span> <span class='ocrx_word' id='word_1_347' title='bbox 2916 2094 2994 2167; x_wconf 71' lang='grc' dir='ltr'><strong>δὲ,</strong></span> <span class='ocrx_word' id='word_1_348' title='bbox 3028 2098 3129 2153; x_wconf 87' lang='grc' dir='ltr'>ούκ</span> <span class='ocrx_word' id='word_1_349' title='bbox 3150 2098 3272 2153; x_wconf 81' lang='grc' dir='ltr'><strong>εἶπε</strong></span> <span class='ocrx_word' id='word_1_350' title='bbox 3300 2098 3380 2154; x_wconf 82' lang='grc' dir='ltr'>Τὰ</span> <span class='ocrx_word' id='word_1_351' title='bbox 3451 2095 3598 2172; x_wconf 75' lang='grc' dir='ltr'><strong>μὲλη</strong></span> <span class='ocrx_word' id='word_1_352' title='bbox 3647 2102 3745 2153; x_wconf 86' lang='grc' dir='ltr'>τοῦ</span> <span class='ocrx_word' id='word_1_353' title='bbox 3793 2099 3922 2172; x_wconf 82' lang='grc' dir='ltr'><strong>Χρι-</strong></span> 
     </span>
    </p>
   </div>
   <div class='ocr_carea' id='block_1_49' title="bbox 2282 2184 3925 2262">
    <p class='ocr_par' dir='ltr' id='par_1_49' title="bbox 2282 2184 3925 2262">
     <span class='ocr_line' id='line_1_49' title="bbox 2282 2184 3925 2262; baseline -0.002 -20"><span class='ocrx_word' id='word_1_354' title='bbox 2282 2190 2413 2242; x_wconf 86' lang='grc' dir='ltr'><strong>στοῦ</strong></span> <span class='ocrx_word' id='word_1_355' title='bbox 2444 2186 2612 2257; x_wconf 79' lang='grc' dir='ltr'><strong>ζεύξω</strong></span> <span class='ocrx_word' id='word_1_356' title='bbox 2642 2187 2835 2262; x_wconf 70' lang='grc' dir='ltr'><strong>πόρνῃ,</strong></span> <span class='ocrx_word' id='word_1_357' title='bbox 2866 2184 2994 2242; x_wconf 83' lang='grc' dir='ltr'><strong>ἀλλ’</strong></span> <span class='ocrx_word' id='word_1_358' title='bbox 3050 2185 3183 2261; x_wconf 77' lang='grc' dir='ltr'><strong>ὅπερ</strong></span> <span class='ocrx_word' id='word_1_359' title='bbox 3228 2186 3296 2256; x_wconf 78' lang='grc' dir='ltr'><strong>ἦν</strong></span> <span class='ocrx_word' id='word_1_360' title='bbox 3339 2184 3638 2260; x_wconf 73' lang='grc' dir='ltr'>φρικῶδες,</span> <span class='ocrx_word' id='word_1_361' title='bbox 3694 2186 3757 2241; x_wconf 88' lang='grc' dir='ltr'><strong>τὸ</strong></span> <span class='ocrx_word' id='word_1_362' title='bbox 3809 2188 3925 2261; x_wconf 75' lang='grc' dir='ltr'><strong>ἆραι</strong></span> 
     </span>
    </p>
   </div>
   <div class='ocr_carea' id='block_1_50' title="bbox 2281 2274 3925 2348">
    <p class='ocr_par' dir='ltr' id='par_1_50' title="bbox 2281 2274 3925 2348">
     <span class='ocr_line' id='line_1_50' title="bbox 2281 2274 3925 2348; baseline -0.002 -18"><span class='ocrx_word' id='word_1_363' title='bbox 2281 2276 2350 2331; x_wconf 70' lang='grc' dir='ltr'><strong>τὰ</strong></span> <span class='ocrx_word' id='word_1_364' title='bbox 2377 2276 2570 2331; x_wconf 74' lang='grc' dir='ltr'><strong>ἑαυτοῦ</strong></span> <span class='ocrx_word' id='word_1_365' title='bbox 2598 2274 2743 2348; x_wconf 75' lang='grc' dir='ltr'><strong>μέλη</strong></span> <span class='ocrx_word' id='word_1_366' title='bbox 2771 2280 2850 2348; x_wconf 78' lang='grc' dir='ltr'><strong>τῷ</strong></span> <span class='ocrx_word' id='word_1_367' title='bbox 2908 2276 3045 2331; x_wconf 82' lang='grc' dir='ltr'><strong>εἶναι</strong></span> <span class='ocrx_word' id='word_1_368' title='bbox 3102 2278 3341 2348; x_wconf 75' lang='grc' dir='ltr'><strong>Χριστοῦ</strong></span> <span class='ocrx_word' id='word_1_369' title='bbox 3378 2275 3468 2331; x_wconf 84' lang='grc' dir='ltr'><strong>καὶ</strong></span> <span class='ocrx_word' id='word_1_370' title='bbox 3528 2282 3756 2346; x_wconf 75' lang='grc' dir='ltr'><strong>ποιῆσαι</strong></span> <span class='ocrx_word' id='word_1_371' title='bbox 3795 2277 3925 2330; x_wconf 76' lang='grc' dir='ltr'><strong>εἶναι</strong></span> 
     </span>
    </p>
   </div>
   <div class='ocr_carea' id='block_1_51' title="bbox 2283 2360 3928 2442">
    <p class='ocr_par' dir='ltr' id='par_1_51' title="bbox 2283 2360 3928 2442">
     <span class='ocr_line' id='line_1_51' title="bbox 2283 2360 3928 2442; baseline -0.001 -24"><span class='ocrx_word' id='word_1_372' title='bbox 2283 2364 2511 2438; x_wconf 83' lang='grc' dir='ltr'><strong>πόρνης·</strong></span> <span class='ocrx_word' id='word_1_373' title='bbox 2547 2386 2575 2414; x_wconf 79' lang='grc' dir='ltr'>ιι</span> <span class='ocrx_word' id='word_1_374' title='bbox 2616 2363 2874 2419; x_wconf 78' lang='grc' dir='ltr'><strong>Ἔσονται</strong></span> <span class='ocrx_word' id='word_1_375' title='bbox 2931 2363 3058 2439; x_wconf 75' lang='grc' dir='ltr'><strong>γὰρ,</strong></span> <span class='ocrx_word' id='word_1_376' title='bbox 3115 2362 3302 2442; x_wconf 69' lang='grc' dir='ltr'><strong>φησὶν,</strong></span> <span class='ocrx_word' id='word_1_377' title='bbox 3364 2363 3416 2418; x_wconf 73' lang='grc' dir='ltr'><strong>οἱ</strong></span> <span class='ocrx_word' id='word_1_378' title='bbox 3478 2360 3576 2417; x_wconf 82' lang='grc' dir='ltr'><strong>δύο</strong></span> <span class='ocrx_word' id='word_1_379' title='bbox 3636 2363 3712 2425; x_wconf 87' lang='grc' dir='ltr'>εἷς</span> <span class='ocrx_word' id='word_1_380' title='bbox 3769 2364 3928 2438; x_wconf 76' lang='grc' dir='ltr'><strong>σάρκα</strong></span> 
     </span>
    </p>
   </div>
   <div class='ocr_carea' id='block_1_52' title="bbox 2289 2447 3927 2531">
    <p class='ocr_par' dir='ltr' id='par_1_52' title="bbox 2289 2447 3927 2531">
     <span class='ocr_line' id='line_1_52' title="bbox 2289 2447 3927 2531; baseline -0.001 -25"><span class='ocrx_word' id='word_1_381' title='bbox 2289 2452 2443 2526; x_wconf 87' lang='grc' dir='ltr'><strong>μίαν.</strong></span> <span class='ocrx_word' id='word_1_382' title='bbox 2483 2473 2513 2506; x_wconf 67' lang='grc' dir='ltr'>υ</span> <span class='ocrx_word' id='word_1_383' title='bbox 2545 2451 2641 2515; x_wconf 86' lang='grc' dir='ltr'><strong>Εἰς</strong></span> <span class='ocrx_word' id='word_1_384' title='bbox 2694 2453 2993 2528; x_wconf 83' lang='grc' dir='ltr'><strong>μαρτυρίαν</strong></span> <span class='ocrx_word' id='word_1_385' title='bbox 3037 2451 3189 2531; x_wconf 71' lang='grc' dir='ltr'><strong>φέρει</strong></span> <span class='ocrx_word' id='word_1_386' title='bbox 3241 2454 3341 2521; x_wconf 73' lang='grc' dir='ltr'>τήν</span> <span class='ocrx_word' id='word_1_387' title='bbox 3382 2450 3655 2509; x_wconf 72' lang='grc' dir='ltr'><strong>Παλαιὰν.</strong></span> <span class='ocrx_word' id='word_1_388' title='bbox 3712 2456 3831 2513; x_wconf 77' lang='grc' dir='ltr'>Πῶς</span> <span class='ocrx_word' id='word_1_389' title='bbox 3877 2447 3927 2506; x_wconf 75' lang='grc' dir='ltr'>δὲ</span> 
     </span>
    </p>
   </div>
   <div class='ocr_carea' id='block_1_53' title="bbox 2284 2538 3927 2617">
    <p class='ocr_par' dir='ltr' id='par_1_53' title="bbox 2284 2538 3927 2617">
     <span class='ocr_line' id='line_1_53' title="bbox 2284 2538 3927 2617; baseline -0.002 -20"><span class='ocrx_word' id='word_1_390' title='bbox 2284 2538 2496 2597; x_wconf 73' lang='grc' dir='ltr'><strong>ἔσονται</strong></span> <span class='ocrx_word' id='word_1_391' title='bbox 2527 2541 2603 2602; x_wconf 83' lang='grc' dir='ltr'><strong>είς</strong></span> <span class='ocrx_word' id='word_1_392' title='bbox 2658 2543 2829 2617; x_wconf 77' lang='grc' dir='ltr'><strong>σάρκα</strong></span> <span class='ocrx_word' id='word_1_393' title='bbox 2877 2541 3050 2614; x_wconf 85' lang='grc' dir='ltr'><strong>μίαν;</strong></span> <span class='ocrx_word' id='word_1_394' title='bbox 3100 2543 3218 2595; x_wconf 85' lang='grc' dir='ltr'>Ὀτι</span> <span class='ocrx_word' id='word_1_395' title='bbox 3250 2543 3285 2611; x_wconf 76' lang='grc' dir='ltr'><strong>ἡ</strong></span> <span class='ocrx_word' id='word_1_396' title='bbox 3320 2538 3548 2605; x_wconf 83' lang='grc' dir='ltr'><strong>σύνοδος</strong></span> <span class='ocrx_word' id='word_1_397' title='bbox 3598 2541 3699 2596; x_wconf 83' lang='grc' dir='ltr'>ούκ</span> <span class='ocrx_word' id='word_1_398' title='bbox 3748 2540 3927 2615; x_wconf 66' lang='grc' dir='ltr'><strong>ἀφίησι</strong></span> 
     </span>
    </p>
   </div>
   <div class='ocr_carea' id='block_1_54' title="bbox 2282 2626 3924 2705">
    <p class='ocr_par' dir='ltr' id='par_1_54' title="bbox 2282 2626 3924 2705">
     <span class='ocr_line' id='line_1_54' title="bbox 2282 2626 3924 2705; baseline -0.001 -19"><span class='ocrx_word' id='word_1_399' title='bbox 2282 2632 2408 2694; x_wconf 82' lang='grc' dir='ltr'><strong>τοὺς</strong></span> <span class='ocrx_word' id='word_1_400' title='bbox 2441 2628 2537 2686; x_wconf 85' lang='grc' dir='ltr'><strong>δύο</strong></span> <span class='ocrx_word' id='word_1_401' title='bbox 2568 2630 2706 2686; x_wconf 75' lang='grc' dir='ltr'><strong>εἶναι</strong></span> <span class='ocrx_word' id='word_1_402' title='bbox 2741 2628 2861 2703; x_wconf 84' lang='grc' dir='ltr'><strong>δύο,</strong></span> <span class='ocrx_word' id='word_1_403' title='bbox 2892 2628 3021 2686; x_wconf 81' lang='grc' dir='ltr'><strong>ἀλλ’</strong></span> <span class='ocrx_word' id='word_1_404' title='bbox 3048 2626 3143 2685; x_wconf 68' lang='grc' dir='ltr'><strong>ἕνα</strong></span> <span class='ocrx_word' id='word_1_405' title='bbox 3169 2636 3338 2688; x_wconf 85' lang='grc' dir='ltr'><strong>ποιεῖ.</strong></span> <span class='ocrx_word' id='word_1_406' title='bbox 3386 2628 3614 2699; x_wconf 76' lang='grc' dir='ltr'><strong>Ἐπειδή</strong></span> <span class='ocrx_word' id='word_1_407' title='bbox 3651 2629 3790 2705; x_wconf 78' lang='grc' dir='ltr'>μὲλη</span> <span class='ocrx_word' id='word_1_408' title='bbox 3836 2634 3924 2685; x_wconf 87' lang='grc' dir='ltr'>τοῦ</span> 
     </span>
    </p>
   </div>
   <div class='ocr_carea' id='block_1_55' title="bbox 2284 2716 3926 2794">
    <p class='ocr_par' dir='ltr' id='par_1_55' title="bbox 2284 2716 3926 2794">
     <span class='ocr_line' id='line_1_55' title="bbox 2284 2716 3926 2794; baseline -0.001 -21"><span class='ocrx_word' id='word_1_409' title='bbox 2284 2722 2529 2793; x_wconf 80' lang='grc' dir='ltr'><strong>Χριστοῦ</strong></span> <span class='ocrx_word' id='word_1_410' title='bbox 2574 2716 2715 2773; x_wconf 79' lang='grc' dir='ltr'><strong>ἐστιν</strong></span> <span class='ocrx_word' id='word_1_411' title='bbox 2745 2719 2773 2772; x_wconf 86' lang='grc' dir='ltr'>ὁ</span> <span class='ocrx_word' id='word_1_412' title='bbox 2802 2719 3090 2792; x_wconf 78' lang='grc' dir='ltr'><strong>ἄνθρωπος</strong></span> <span class='ocrx_word' id='word_1_413' title='bbox 3138 2718 3423 2792; x_wconf 76' lang='grc' dir='ltr'><strong>ἑνούμενος</strong></span> <span class='ocrx_word' id='word_1_414' title='bbox 3469 2722 3539 2794; x_wconf 72' lang='grc' dir='ltr'><strong>τῇ</strong></span> <span class='ocrx_word' id='word_1_415' title='bbox 3589 2720 3780 2794; x_wconf 73' lang='grc' dir='ltr'><strong>πόρνη,</strong></span> <span class='ocrx_word' id='word_1_416' title='bbox 3824 2720 3926 2772; x_wconf 72' lang='grc' dir='ltr'><strong>ἑνοῖ</strong></span> 
     </span>
    </p>
   </div>
   <div class='ocr_carea' id='block_1_56' title="bbox 2283 2806 3919 2883">
    <p class='ocr_par' dir='ltr' id='par_1_56' title="bbox 2283 2806 3919 2883">
     <span class='ocr_line' id='line_1_56' title="bbox 2283 2806 3919 2883; baseline 0 -21"><span class='ocrx_word' id='word_1_417' title='bbox 2283 2808 2471 2863; x_wconf 75' lang='grc' dir='ltr'><strong>ἑαυτὸν</strong></span> <span class='ocrx_word' id='word_1_418' title='bbox 2504 2806 2640 2882; x_wconf 75' lang='grc' dir='ltr'><strong>αὐτῇ</strong></span> <span class='ocrx_word' id='word_1_419' title='bbox 2668 2806 2758 2862; x_wconf 83' lang='grc' dir='ltr'><strong>καὶ</strong></span> <span class='ocrx_word' id='word_1_420' title='bbox 2810 2807 3009 2881; x_wconf 79' lang='grc' dir='ltr'><strong>μιαίνει</strong></span> <span class='ocrx_word' id='word_1_421' title='bbox 3058 2806 3126 2864; x_wconf 70' lang='grc' dir='ltr'><strong>τὶ</strong></span> <span class='ocrx_word' id='word_1_422' title='bbox 3186 2808 3328 2881; x_wconf 80' lang='grc' dir='ltr'><strong>μέλη</strong></span> <span class='ocrx_word' id='word_1_423' title='bbox 3394 2814 3660 2883; x_wconf 86' lang='grc' dir='ltr'><strong>Χριστοῦ.</strong></span> <span class='ocrx_word' id='word_1_424' title='bbox 3720 2808 3782 2865; x_wconf 73' lang='lat' dir='ltr'>El</span> <span class='ocrx_word' id='word_1_425' title='bbox 3831 2807 3919 2883; x_wconf 76' lang='grc' dir='ltr'>γὶρ</span> 
     </span>
    </p>
   </div>
   <div class='ocr_carea' id='block_1_57' title="bbox 2281 2895 3919 2972">
    <p class='ocr_par' dir='ltr' id='par_1_57' title="bbox 2281 2895 3919 2972">
     <span class='ocr_line' id='line_1_57' title="bbox 2281 2895 3919 2972; baseline -0.001 -21"><span class='ocrx_word' id='word_1_426' title='bbox 2281 2897 2373 2952; x_wconf 81' lang='grc' dir='ltr'><strong>καὶ</strong></span> <span class='ocrx_word' id='word_1_427' title='bbox 2403 2895 2479 2960; x_wconf 76' lang='grc' dir='ltr'><strong>εἰς</strong></span> <span class='ocrx_word' id='word_1_428' title='bbox 2509 2897 2600 2952; x_wconf 90' lang='grc' dir='ltr'>τὸν</span> <span class='ocrx_word' id='word_1_429' title='bbox 2633 2895 2898 2968; x_wconf 82' lang='grc' dir='ltr'><strong>ἀληθινὸν</strong></span> <span class='ocrx_word' id='word_1_430' title='bbox 2930 2896 3107 2971; x_wconf 82' lang='grc' dir='ltr'><strong>γάμον</strong></span> <span class='ocrx_word' id='word_1_431' title='bbox 3141 2898 3383 2953; x_wconf 78' lang='grc' dir='ltr'><strong>ὲνοῦνται</strong></span> <span class='ocrx_word' id='word_1_432' title='bbox 3417 2899 3470 2954; x_wconf 76' lang='grc' dir='ltr'><strong>οἱ</strong></span> <span class='ocrx_word' id='word_1_433' title='bbox 3525 2896 3622 2953; x_wconf 82' lang='grc' dir='ltr'><strong>δύο</strong></span> <span class='ocrx_word' id='word_1_434' title='bbox 3655 2898 3729 2961; x_wconf 82' lang='grc' dir='ltr'><strong>εἰς</strong></span> <span class='ocrx_word' id='word_1_435' title='bbox 3759 2912 3919 2972; x_wconf 85' lang='grc' dir='ltr'><strong>σαρκα</strong></span> 
     </span>
    </p>
   </div>
   <div class='ocr_carea' id='block_1_58' title="bbox 2286 2982 3918 3061">
    <p class='ocr_par' dir='ltr' id='par_1_58' title="bbox 2286 2982 3918 3061">
     <span class='ocr_line' id='line_1_58' title="bbox 2286 2982 3918 3061; baseline -0.001 -21"><span class='ocrx_word' id='word_1_436' title='bbox 2286 2984 2434 3061; x_wconf 88' lang='grc' dir='ltr'><strong>μίαν,</strong></span> <span class='ocrx_word' id='word_1_437' title='bbox 2466 2984 2590 3041; x_wconf 79' lang='grc' dir='ltr'><strong>ἀλλ’</strong></span> <span class='ocrx_word' id='word_1_438' title='bbox 2624 2986 2833 3059; x_wconf 88' lang='grc' dir='ltr'><strong>ὁμοίως</strong></span> <span class='ocrx_word' id='word_1_439' title='bbox 2863 2986 2955 3041; x_wconf 83' lang='grc' dir='ltr'><strong>καὶ</strong></span> <span class='ocrx_word' id='word_1_440' title='bbox 3008 2986 3085 3049; x_wconf 59' lang='grc' dir='ltr'><strong>εἷς</strong></span> <span class='ocrx_word' id='word_1_441' title='bbox 3131 2988 3230 3057; x_wconf 78' lang='grc' dir='ltr'><strong>τήν</strong></span> <span class='ocrx_word' id='word_1_442' title='bbox 3291 2982 3738 3061; x_wconf 73' lang='grc' dir='ltr'><strong>διαϐεϐλημένην</strong></span> <span class='ocrx_word' id='word_1_443' title='bbox 3788 3004 3918 3055; x_wconf 74' lang='grc' dir='ltr'><strong>πορ-</strong></span> 
     </span>
    </p>
   </div>
   <div class='ocr_carea' id='block_1_59' title="bbox 525 3062 2167 3153">
    <p class='ocr_par' dir='ltr' id='par_1_59' title="bbox 525 3062 2167 3153">
     <span class='ocr_line' id='line_1_59' title="bbox 525 3062 2167 3153; baseline 0.001 -19"><span class='ocrx_word' id='word_1_444' title='bbox 525 3079 691 3152; x_wconf 86' lang='lat' dir='ltr'>jugio</span> <span class='ocrx_word' id='word_1_445' title='bbox 720 3062 1006 3137; x_wconf 89' lang='lat' dir='ltr'>uniantur</span> <span class='ocrx_word' id='word_1_446' title='bbox 1048 3080 1202 3135; x_wconf 63' lang='grc' dir='ltr'>αιπο</span> <span class='ocrx_word' id='word_1_447' title='bbox 1255 3078 1371 3135; x_wconf 91' lang='lat' dir='ltr'>duo</span> <span class='ocrx_word' id='word_1_448' title='bbox 1420 3079 1481 3134; x_wconf 88' lang='lat' dir='ltr'>iu</span> <span class='ocrx_word' id='word_1_449' title='bbox 1521 3096 1761 3136; x_wconf 89' lang='lat' dir='ltr'>carnem</span> <span class='ocrx_word' id='word_1_450' title='bbox 1810 3097 2013 3148; x_wconf 89' lang='lat' dir='ltr'>unam,</span> <span class='ocrx_word' id='word_1_451' title='bbox 2044 3082 2167 3153; x_wconf 89' lang='lat' dir='ltr'>pari</span> 
     </span>
    </p>
   </div>
   <div class='ocr_carea' id='block_1_60' title="bbox 2275 3062 3914 3153">
    <p class='ocr_par' dir='ltr' id='par_1_60' title="bbox 2282 3072 3914 3152">
     <span class='ocr_line' id='line_1_60' title="bbox 2282 3072 3914 3152; baseline 0.004 -23"><span class='ocrx_word' id='word_1_452' title='bbox 2282 3074 2443 3131; x_wconf 87' lang='grc' dir='ltr'><strong>νείαν.</strong></span> <span class='ocrx_word' id='word_1_453' title='bbox 2484 3098 2506 3126; x_wconf 79' lang='grc' dir='ltr'>ι</span> <span class='ocrx_word' id='word_1_454' title='bbox 2537 3076 2599 3133; x_wconf 76' lang='grc' dir='ltr'><strong>Ὀ</strong></span> <span class='ocrx_word' id='word_1_455' title='bbox 2632 3072 2689 3130; x_wconf 70' lang='grc' dir='ltr'>δὲ</span> <span class='ocrx_word' id='word_1_456' title='bbox 2743 3073 3105 3148; x_wconf 78' lang='grc' dir='ltr'><strong>κολλώμενος</strong></span> <span class='ocrx_word' id='word_1_457' title='bbox 3151 3080 3231 3147; x_wconf 80' lang='grc' dir='ltr'><strong>τῷ</strong></span> <span class='ocrx_word' id='word_1_458' title='bbox 3290 3075 3494 3150; x_wconf 81' lang='grc' dir='ltr'>Κυρίῳ.</span> <span class='ocrx_word' id='word_1_459' title='bbox 3533 3102 3562 3127; x_wconf 75' lang='grc' dir='ltr'>ι»</span> <span class='ocrx_word' id='word_1_460' title='bbox 3619 3079 3758 3152; x_wconf 70' lang='lat' dir='ltr'>&quot;Op:</span> <span class='ocrx_word' id='word_1_461' title='bbox 3809 3079 3914 3136; x_wconf 80' lang='grc' dir='ltr'><strong>πῶς</strong></span> 
     </span>
    </p>
   </div>
   <div class='ocr_carea' id='block_1_61' title="bbox 532 3168 2168 3228">
    <p class='ocr_par' dir='ltr' id='par_1_61' title="bbox 532 3168 2168 3228">
     <span class='ocr_line' id='line_1_61' title="bbox 532 3168 2168 3228; baseline 0.002 -5"><span class='ocrx_word' id='word_1_462' title='bbox 532 3174 732 3223; x_wconf 88' lang='lat' dir='ltr'>tamen</span> <span class='ocrx_word' id='word_1_463' title='bbox 765 3168 940 3223; x_wconf 90' lang='lat' dir='ltr'>modo</span> <span class='ocrx_word' id='word_1_464' title='bbox 972 3169 1151 3224; x_wconf 90' lang='lat' dir='ltr'>etiam</span> <span class='ocrx_word' id='word_1_465' title='bbox 1195 3168 1411 3224; x_wconf 87' lang='lat' dir='ltr'>accidit</span> <span class='ocrx_word' id='word_1_466' title='bbox 1442 3168 1500 3223; x_wconf 89' lang='lat' dir='ltr'>in</span> <span class='ocrx_word' id='word_1_467' title='bbox 1542 3169 1749 3224; x_wconf 83' lang='lat' dir='ltr'>infami</span> <span class='ocrx_word' id='word_1_468' title='bbox 1782 3170 2168 3228; x_wconf 90' lang='lat' dir='ltr'>scortatione.</span> 
     </span>
    </p>
   </div>
   <div class='ocr_carea' id='block_1_62' title="bbox 534 3256 2176 3329">
    <p class='ocr_par' dir='ltr' id='par_1_62' title="bbox 534 3256 2176 3329">
     <span class='ocr_line' id='line_1_62' title="bbox 534 3256 2176 3329; baseline 0.003 -22"><span class='ocrx_word' id='word_1_469' title='bbox 534 3280 561 3307; x_wconf 78' lang='grc' dir='ltr'>ι(</span> <span class='ocrx_word' id='word_1_470' title='bbox 596 3260 670 3311; x_wconf 84' lang='lat' dir='ltr'>At</span> <span class='ocrx_word' id='word_1_471' title='bbox 702 3257 803 3327; x_wconf 90' lang='lat' dir='ltr'>qui</span> <span class='ocrx_word' id='word_1_472' title='bbox 850 3256 1250 3329; x_wconf 83' lang='lat' dir='ltr'>agglutinatur</span> <span class='ocrx_word' id='word_1_473' title='bbox 1293 3256 1562 3312; x_wconf 89' lang='lat' dir='ltr'>Domino.</span> <span class='ocrx_word' id='word_1_474' title='bbox 1621 3282 1641 3305; x_wconf 82' lang='grc' dir='ltr'>ι</span> <span class='ocrx_word' id='word_1_475' title='bbox 1692 3257 1835 3313; x_wconf 84' lang='lat' dir='ltr'>Vide</span> <span class='ocrx_word' id='word_1_476' title='bbox 1881 3258 2176 3329; x_wconf 90' lang='lat' dir='ltr'>quomodo</span> 
     </span>
    </p>
   </div>
   <div class='ocr_carea' id='block_1_63' title="bbox 535 3344 2177 3417">
    <p class='ocr_par' dir='ltr' id='par_1_63' title="bbox 535 3344 2177 3417">
     <span class='ocr_line' id='line_1_63' title="bbox 535 3344 2177 3417; baseline 0.001 -17"><span class='ocrx_word' id='word_1_477' title='bbox 535 3345 757 3417; x_wconf 86' lang='lat' dir='ltr'>apertis</span> <span class='ocrx_word' id='word_1_478' title='bbox 782 3345 1127 3400; x_wconf 90' lang='lat' dir='ltr'>nominibus</span> <span class='ocrx_word' id='word_1_479' title='bbox 1154 3345 1327 3399; x_wconf 90' lang='lat' dir='ltr'>scorti</span> <span class='ocrx_word' id='word_1_480' title='bbox 1353 3350 1412 3398; x_wconf 89' lang='lat' dir='ltr'>et</span> <span class='ocrx_word' id='word_1_481' title='bbox 1430 3344 1667 3409; x_wconf 85' lang='lat' dir='ltr'>Christi,</span> <span class='ocrx_word' id='word_1_482' title='bbox 1692 3346 1977 3416; x_wconf 89' lang='lat' dir='ltr'>producat</span> <span class='ocrx_word' id='word_1_483' title='bbox 2003 3364 2177 3402; x_wconf 90' lang='lat' dir='ltr'>accu-</span> 
     </span>
    </p>
   </div>
   <div class='ocr_carea' id='block_1_64' title="bbox 538 3432 2177 3505">
    <p class='ocr_par' dir='ltr' id='par_1_64' title="bbox 538 3432 2177 3505">
     <span class='ocr_line' id='line_1_64' title="bbox 538 3432 2177 3505; baseline -0.001 -15"><span class='ocrx_word' id='word_1_484' title='bbox 538 3432 1111 3499; x_wconf 88' lang='lat' dir='ltr'>sationem,reddens</span> <span class='ocrx_word' id='word_1_485' title='bbox 1131 3433 1322 3503; x_wconf 90' lang='lat' dir='ltr'>ipsam</span> <span class='ocrx_word' id='word_1_486' title='bbox 1344 3433 1691 3503; x_wconf 77' lang='lat' dir='ltr'>graviorem.</span> <span class='ocrx_word' id='word_1_487' title='bbox 1712 3435 1912 3488; x_wconf 82' lang='lat' dir='ltr'>«Unus</span> <span class='ocrx_word' id='word_1_488' title='bbox 1936 3435 2177 3505; x_wconf 89' lang='lat' dir='ltr'>spiritus</span> 
     </span>
    </p>
   </div>
   <div class='ocr_carea' id='block_1_65' title="bbox 538 3520 2176 3594">
    <p class='ocr_par' dir='ltr' id='par_1_65' title="bbox 538 3520 2176 3594">
     <span class='ocr_line' id='line_1_65' title="bbox 538 3520 2176 3594; baseline -0.001 -15"><span class='ocrx_word' id='word_1_489' title='bbox 538 3528 680 3579; x_wconf 67' lang='grc' dir='ltr'><strong>εει..</strong></span> <span class='ocrx_word' id='word_1_490' title='bbox 700 3521 874 3590; x_wconf 86' lang='lat' dir='ltr'>Talis,</span> <span class='ocrx_word' id='word_1_491' title='bbox 895 3521 1226 3592; x_wconf 89' lang='lat' dir='ltr'>inquit,etsi</span> <span class='ocrx_word' id='word_1_492' title='bbox 1245 3536 1488 3592; x_wconf 91' lang='lat' dir='ltr'>corpore</span> <span class='ocrx_word' id='word_1_493' title='bbox 1506 3520 2176 3594; x_wconf 87' lang='lat' dir='ltr'>circumdetur,spiritus</span> 
     </span>
    </p>
   </div>
   <div class='ocr_carea' id='block_1_66' title="bbox 538 3608 2176 3680">
    <p class='ocr_par' dir='ltr' id='par_1_66' title="bbox 538 3608 2176 3680">
     <span class='ocr_line' id='line_1_66' title="bbox 538 3608 2176 3680; baseline 0.001 -12"><span class='ocrx_word' id='word_1_494' title='bbox 538 3619 738 3668; x_wconf 83' lang='lat' dir='ltr'>tamen</span> <span class='ocrx_word' id='word_1_495' title='bbox 768 3610 1043 3676; x_wconf 86' lang='lat' dir='ltr'>efﬁcitur,</span> <span class='ocrx_word' id='word_1_496' title='bbox 1076 3626 1147 3664; x_wconf 81' lang='lat' dir='ltr'>ex</span> <span class='ocrx_word' id='word_1_497' title='bbox 1177 3609 1288 3663; x_wconf 90' lang='lat' dir='ltr'>hoc</span> <span class='ocrx_word' id='word_1_498' title='bbox 1336 3608 1526 3663; x_wconf 91' lang='lat' dir='ltr'>solum</span> <span class='ocrx_word' id='word_1_499' title='bbox 1562 3608 1718 3680; x_wconf 91' lang='lat' dir='ltr'>quod</span> <span class='ocrx_word' id='word_1_500' title='bbox 1756 3609 1905 3665; x_wconf 85' lang='lat' dir='ltr'>nihil</span> <span class='ocrx_word' id='word_1_501' title='bbox 1938 3612 2176 3669; x_wconf 90' lang='lat' dir='ltr'>carnale</span> 
     </span>
    </p>
   </div>
   <div class='ocr_carea' id='block_1_67' title="bbox 538 3696 2177 3773">
    <p class='ocr_par' dir='ltr' id='par_1_67' title="bbox 538 3696 2177 3773">
     <span class='ocr_line' id='line_1_67' title="bbox 538 3696 2177 3773; baseline -0.001 -16"><span class='ocrx_word' id='word_1_502' title='bbox 538 3704 835 3772; x_wconf 86' lang='lat' dir='ltr'>operatur.</span> <span class='ocrx_word' id='word_1_503' title='bbox 867 3730 935 3739; x_wconf 89' lang='lat'>-—</span> <span class='ocrx_word' id='word_1_504' title='bbox 965 3698 1085 3752; x_wconf 81' lang='lat' dir='ltr'>Alio</span> <span class='ocrx_word' id='word_1_505' title='bbox 1114 3696 1290 3751; x_wconf 90' lang='lat' dir='ltr'>modo.</span> <span class='ocrx_word' id='word_1_506' title='bbox 1324 3699 1442 3752; x_wconf 88' lang='lat' dir='ltr'>Aut</span> <span class='ocrx_word' id='word_1_507' title='bbox 1471 3697 1610 3767; x_wconf 88' lang='lat' dir='ltr'>quia</span> <span class='ocrx_word' id='word_1_508' title='bbox 1640 3713 1747 3768; x_wconf 86' lang='lat' dir='ltr'>per</span> <span class='ocrx_word' id='word_1_509' title='bbox 1765 3698 2027 3754; x_wconf 88' lang='lat' dir='ltr'>medium</span> <span class='ocrx_word' id='word_1_510' title='bbox 2049 3701 2177 3773; x_wconf 92' lang='lat' dir='ltr'>Spi-</span> 
     </span>
    </p>
   </div>
   <div class='ocr_carea' id='block_1_68' title="bbox 520 3783 2170 3859">
    <p class='ocr_par' dir='ltr' id='par_1_68' title="bbox 520 3783 2170 3859">
     <span class='ocr_line' id='line_1_68' title="bbox 520 3783 2170 3859; baseline 0.001 -15"><span class='ocrx_word' id='word_1_511' title='bbox 520 3790 701 3844; x_wconf 90' lang='lat' dir='ltr'>ritum</span> <span class='ocrx_word' id='word_1_512' title='bbox 734 3792 1004 3842; x_wconf 84' lang='lat' dir='ltr'>sanctum</span> <span class='ocrx_word' id='word_1_513' title='bbox 1030 3787 1145 3839; x_wconf 89' lang='lat' dir='ltr'>Deo</span> <span class='ocrx_word' id='word_1_514' title='bbox 1178 3783 1686 3857; x_wconf 82' lang='lat' dir='ltr'>conjungitur,qui</span> <span class='ocrx_word' id='word_1_515' title='bbox 1709 3803 1815 3858; x_wconf 88' lang='lat' dir='ltr'>per</span> <span class='ocrx_word' id='word_1_516' title='bbox 1835 3788 2170 3859; x_wconf 88' lang='lat' dir='ltr'>spiritualia</span> 
     </span>
    </p>
   </div>
   <div class='ocr_carea' id='block_1_69' title="bbox 519 3873 2168 3948">
    <p class='ocr_par' dir='ltr' id='par_1_69' title="bbox 519 3873 2168 3948">
     <span class='ocr_line' id='line_1_69' title="bbox 519 3873 2168 3948; baseline 0.002 -16"><span class='ocrx_word' id='word_1_517' title='bbox 519 3893 700 3948; x_wconf 91' lang='lat' dir='ltr'>opera</span> <span class='ocrx_word' id='word_1_518' title='bbox 747 3875 858 3946; x_wconf 85' lang='lat' dir='ltr'>ipsi</span> <span class='ocrx_word' id='word_1_519' title='bbox 909 3873 1328 3945; x_wconf 84' lang='lat' dir='ltr'>agglutinatur.</span> <span class='ocrx_word' id='word_1_520' title='bbox 1364 3905 1430 3916; x_wconf 92' lang='lat'><strong><em>—</em></strong></span> <span class='ocrx_word' id='word_1_521' title='bbox 1461 3874 1590 3930; x_wconf 79' lang='lat' dir='ltr'>Alio</span> <span class='ocrx_word' id='word_1_522' title='bbox 1641 3876 1816 3930; x_wconf 80' lang='lat' dir='ltr'>modo.</span> <span class='ocrx_word' id='word_1_523' title='bbox 1864 3877 2047 3932; x_wconf 90' lang='lat' dir='ltr'>Unius</span> <span class='ocrx_word' id='word_1_524' title='bbox 2078 3885 2168 3935; x_wconf 86' lang='lat' dir='ltr'>est</span> 
     </span>
    </p>
   </div>
   <div class='ocr_carea' id='block_1_70' title="bbox 512 3961 2167 4035">
    <p class='ocr_par' dir='ltr' id='par_1_70' title="bbox 512 3961 2167 4035">
     <span class='ocr_line' id='line_1_70' title="bbox 512 3961 2167 4035; baseline 0.004 -16"><span class='ocrx_word' id='word_1_525' title='bbox 512 3964 754 4035; x_wconf 89' lang='lat' dir='ltr'>speciei,</span> <span class='ocrx_word' id='word_1_526' title='bbox 786 3962 1032 4017; x_wconf 89' lang='lat' dir='ltr'>omnino</span> <span class='ocrx_word' id='word_1_527' title='bbox 1064 3961 1391 4034; x_wconf 90' lang='lat' dir='ltr'>spiritualis</span> <span class='ocrx_word' id='word_1_528' title='bbox 1423 3964 1682 4020; x_wconf 90' lang='lat' dir='ltr'>efﬁcitur</span> <span class='ocrx_word' id='word_1_529' title='bbox 1710 3968 1931 4023; x_wconf 88' lang='lat' dir='ltr'>unione</span> <span class='ocrx_word' id='word_1_530' title='bbox 1962 3968 2036 4024; x_wconf 88' lang='lat' dir='ltr'>ad</span> <span class='ocrx_word' id='word_1_531' title='bbox 2059 3969 2167 4025; x_wconf 91' lang='lat' dir='ltr'>Do-</span> 
     </span>
    </p>
   </div>
   <div class='ocr_carea' id='block_1_71' title="bbox 510 4051 2163 4130">
    <p class='ocr_par' dir='ltr' id='par_1_71' title="bbox 510 4051 2163 4130">
     <span class='ocr_line' id='line_1_71' title="bbox 510 4051 2163 4130; baseline 0.004 -23"><span class='ocrx_word' id='word_1_532' title='bbox 510 4052 768 4118; x_wconf 89' lang='lat' dir='ltr'>minum,</span> <span class='ocrx_word' id='word_1_533' title='bbox 792 4067 913 4106; x_wconf 89' lang='lat' dir='ltr'>non</span> <span class='ocrx_word' id='word_1_534' title='bbox 935 4051 1254 4107; x_wconf 89' lang='lat' dir='ltr'>attrahitur</span> <span class='ocrx_word' id='word_1_535' title='bbox 1273 4053 1613 4108; x_wconf 86' lang='lat' dir='ltr'>carnalibus</span> <span class='ocrx_word' id='word_1_536' title='bbox 1633 4055 2163 4130; x_wconf 72' lang='lat' dir='ltr'>affectibusmeque</span> 
     </span>
    </p>
   </div>
   <div class='ocr_carea' id='block_1_72' title="bbox 501 4138 2162 4212">
    <p class='ocr_par' dir='ltr' id='par_1_72' title="bbox 501 4138 2162 4212">
     <span class='ocr_line' id='line_1_72' title="bbox 501 4138 2162 4212; baseline 0.005 -18"><span class='ocrx_word' id='word_1_537' title='bbox 501 4138 801 4195; x_wconf 89' lang='lat' dir='ltr'>scinditur</span> <span class='ocrx_word' id='word_1_538' title='bbox 823 4139 883 4194; x_wconf 91' lang='lat' dir='ltr'>in</span> <span class='ocrx_word' id='word_1_539' title='bbox 902 4138 1149 4212; x_wconf 89' lang='lat' dir='ltr'>duplum</span> <span class='ocrx_word' id='word_1_540' title='bbox 1169 4142 1603 4212; x_wconf 90' lang='lat' dir='ltr'>quiddam,Deo</span> <span class='ocrx_word' id='word_1_541' title='bbox 1626 4146 1886 4200; x_wconf 81' lang='lat' dir='ltr'>serviens</span> <span class='ocrx_word' id='word_1_542' title='bbox 1905 4152 1963 4201; x_wconf 94' lang='lat' dir='ltr'>et</span> <span class='ocrx_word' id='word_1_543' title='bbox 1981 4164 2162 4203; x_wconf 89' lang='lat' dir='ltr'>mam-</span> 
     </span>
    </p>
   </div>
   <div class='ocr_carea' id='block_1_73' title="bbox 506 4228 2163 4307">
    <p class='ocr_par' dir='ltr' id='par_1_73' title="bbox 506 4228 2163 4307">
     <span class='ocr_line' id='line_1_73' title="bbox 506 4228 2163 4307; baseline 0.005 -24"><span class='ocrx_word' id='word_1_544' title='bbox 506 4244 702 4283; x_wconf 62' lang='lat' dir='ltr'>mona</span> <span class='ocrx_word' id='word_1_545' title='bbox 715 4228 836 4288; x_wconf 89' lang='lat' dir='ltr'>.sed</span> <span class='ocrx_word' id='word_1_546' title='bbox 854 4230 1059 4285; x_wconf 90' lang='lat' dir='ltr'>unitus</span> <span class='ocrx_word' id='word_1_547' title='bbox 1072 4230 1317 4285; x_wconf 88' lang='lat' dir='ltr'>omnino</span> <span class='ocrx_word' id='word_1_548' title='bbox 1333 4236 1727 4305; x_wconf 87' lang='lat' dir='ltr'>est,totusque</span> <span class='ocrx_word' id='word_1_549' title='bbox 1742 4235 2163 4307; x_wconf 87' lang='lat' dir='ltr'>spiritualis,in</span> 
     </span>
    </p>
   </div>
   <div class='ocr_carea' id='block_1_74' title="bbox 498 4316 2158 4397">
    <p class='ocr_par' dir='ltr' id='par_1_74' title="bbox 498 4316 2158 4397">
     <span class='ocr_line' id='line_1_74' title="bbox 498 4316 2158 4397; baseline 0.004 -24"><span class='ocrx_word' id='word_1_550' title='bbox 498 4316 744 4389; x_wconf 87' lang='lat' dir='ltr'>spiritus</span> <span class='ocrx_word' id='word_1_551' title='bbox 760 4318 1049 4374; x_wconf 90' lang='lat' dir='ltr'>unitatem</span> <span class='ocrx_word' id='word_1_552' title='bbox 1068 4319 1375 4375; x_wconf 90' lang='lat' dir='ltr'>adductus.</span> <span class='ocrx_word' id='word_1_553' title='bbox 1398 4344 1425 4372; x_wconf 85' lang='grc'><strong><em>‹‹</em></strong></span> <span class='ocrx_word' id='word_1_554' title='bbox 1447 4322 1632 4377; x_wconf 90' lang='lat' dir='ltr'>Omne</span> <span class='ocrx_word' id='word_1_555' title='bbox 1652 4329 1959 4394; x_wconf 87' lang='lat' dir='ltr'>peccatum</span> <span class='ocrx_word' id='word_1_556' title='bbox 1974 4325 2158 4397; x_wconf 91' lang='lat' dir='ltr'>quod-</span> 
     </span>
    </p>
   </div>
   <div class='ocr_carea' id='block_1_75' title="bbox 2290 3162 3915 3243">
    <p class='ocr_par' dir='ltr' id='par_1_75' title="bbox 2290 3162 3915 3243">
     <span class='ocr_line' id='line_1_75' title="bbox 2290 3162 3915 3243; baseline -0.002 -24"><span class='ocrx_word' id='word_1_557' title='bbox 2290 3162 2380 3221; x_wconf 77' lang='grc' dir='ltr'>ὅιᾶ</span> <span class='ocrx_word' id='word_1_558' title='bbox 2409 3170 2630 3243; x_wconf 78' lang='grc' dir='ltr'><strong>γυμνῶν</strong></span> <span class='ocrx_word' id='word_1_559' title='bbox 2660 3170 2768 3221; x_wconf 79' lang='grc' dir='ltr'>τῶν</span> <span class='ocrx_word' id='word_1_560' title='bbox 2802 3165 3087 3237; x_wconf 79' lang='grc' dir='ltr'><strong>ὀνομάτων</strong></span> <span class='ocrx_word' id='word_1_561' title='bbox 3122 3172 3224 3235; x_wconf 75' lang='grc' dir='ltr'><strong>τῆς</strong></span> <span class='ocrx_word' id='word_1_562' title='bbox 3278 3165 3482 3241; x_wconf 79' lang='grc' dir='ltr'><strong>πόρνης</strong></span> <span class='ocrx_word' id='word_1_563' title='bbox 3524 3167 3615 3221; x_wconf 77' lang='grc' dir='ltr'><strong>καὶ</strong></span> <span class='ocrx_word' id='word_1_564' title='bbox 3662 3171 3756 3222; x_wconf 84' lang='grc' dir='ltr'>τοῦ</span> <span class='ocrx_word' id='word_1_565' title='bbox 3794 3167 3915 3233; x_wconf 75' lang='grc' dir='ltr'>Χρε-</span> 
     </span>
    </p>
   </div>
   <div class='ocr_carea' id='block_1_76' title="bbox 2288 3252 3915 3331">
    <p class='ocr_par' dir='ltr' id='par_1_76' title="bbox 2288 3252 3915 3331">
     <span class='ocr_line' id='line_1_76' title="bbox 2288 3252 3915 3331; baseline -0.001 -23"><span class='ocrx_word' id='word_1_566' title='bbox 2288 3259 2437 3326; x_wconf 87' lang='grc' dir='ltr'><strong>στοῦ,</strong></span> <span class='ocrx_word' id='word_1_567' title='bbox 2491 3256 2717 3331; x_wconf 71' lang='grc' dir='ltr'><strong>προάγει</strong></span> <span class='ocrx_word' id='word_1_568' title='bbox 2773 3254 2872 3323; x_wconf 68' lang='grc' dir='ltr'><strong>τὴν</strong></span> <span class='ocrx_word' id='word_1_569' title='bbox 2928 3252 3285 3331; x_wconf 71' lang='grc' dir='ltr'><strong>κατηγορίαν,</strong></span> <span class='ocrx_word' id='word_1_570' title='bbox 3359 3254 3684 3311; x_wconf 77' lang='grc' dir='ltr'><strong>ὅεινοποιῶν</strong></span> <span class='ocrx_word' id='word_1_571' title='bbox 3739 3253 3915 3323; x_wconf 69' lang='grc' dir='ltr'><strong>αὐτήν.</strong></span> 
     </span>
    </p>
   </div>
   <div class='ocr_carea' id='block_1_77' title="bbox 2291 3343 3918 3423">
    <p class='ocr_par' dir='ltr' id='par_1_77' title="bbox 2291 3343 3918 3423">
     <span class='ocr_line' id='line_1_77' title="bbox 2291 3343 3918 3423; baseline 0 -28"><span class='ocrx_word' id='word_1_572' title='bbox 2291 3367 2320 3395; x_wconf 74' lang='grc' dir='ltr'><strong><em>κ</em></strong></span> <span class='ocrx_word' id='word_1_573' title='bbox 2349 3347 2446 3400; x_wconf 83' lang='grc' dir='ltr'>Ἕν</span> <span class='ocrx_word' id='word_1_574' title='bbox 2476 3343 2684 3416; x_wconf 76' lang='grc' dir='ltr'><strong>πνεῦμά</strong></span> <span class='ocrx_word' id='word_1_575' title='bbox 2712 3343 2877 3402; x_wconf 83' lang='grc' dir='ltr'><strong>ἐστιν.</strong></span> <span class='ocrx_word' id='word_1_576' title='bbox 2914 3367 2943 3395; x_wconf 86' lang='lat'><strong>»</strong></span> <span class='ocrx_word' id='word_1_577' title='bbox 2974 3343 3035 3399; x_wconf 90' lang='grc' dir='ltr'>Ὁ</span> <span class='ocrx_word' id='word_1_578' title='bbox 3080 3347 3349 3409; x_wconf 83' lang='grc' dir='ltr'><strong>τοιοῦτος,</strong></span> <span class='ocrx_word' id='word_1_579' title='bbox 3411 3345 3574 3423; x_wconf 78' lang='grc' dir='ltr'><strong>φησὶ,</strong></span> <span class='ocrx_word' id='word_1_580' title='bbox 3632 3344 3726 3399; x_wconf 71' lang='grc' dir='ltr'><strong>κᾶν</strong></span> <span class='ocrx_word' id='word_1_581' title='bbox 3775 3348 3918 3416; x_wconf 80' lang='grc' dir='ltr'><strong>σῶμα</strong></span> 
     </span>
    </p>
   </div>
   <div class='ocr_carea' id='block_1_78' title="bbox 2286 3432 3917 3509">
    <p class='ocr_par' dir='ltr' id='par_1_78' title="bbox 2286 3432 3917 3509">
     <span class='ocr_line' id='line_1_78' title="bbox 2286 3432 3917 3509; baseline -0.001 -22"><span class='ocrx_word' id='word_1_582' title='bbox 2286 3433 2609 3506; x_wconf 80' lang='grc' dir='ltr'><strong>περίκειται,</strong></span> <span class='ocrx_word' id='word_1_583' title='bbox 2637 3437 2849 3507; x_wconf 86' lang='grc' dir='ltr'><strong>πνεῦμα</strong></span> <span class='ocrx_word' id='word_1_584' title='bbox 2896 3432 3124 3509; x_wconf 76' lang='grc' dir='ltr'><strong>γίνεται,</strong></span> <span class='ocrx_word' id='word_1_585' title='bbox 3168 3433 3335 3505; x_wconf 85' lang='grc' dir='ltr'><strong>μόνον</strong></span> <span class='ocrx_word' id='word_1_586' title='bbox 3385 3438 3465 3507; x_wconf 83' lang='grc' dir='ltr'><strong>τῷ</strong></span> <span class='ocrx_word' id='word_1_587' title='bbox 3532 3432 3700 3509; x_wconf 72' lang='grc' dir='ltr'><strong>μηδὲν</strong></span> <span class='ocrx_word' id='word_1_588' title='bbox 3758 3438 3917 3488; x_wconf 83' lang='grc' dir='ltr'><strong>ποιεῖν</strong></span> 
     </span>
    </p>
   </div>
   <div class='ocr_carea' id='block_1_79' title="bbox 2288 3521 3918 3599">
    <p class='ocr_par' dir='ltr' id='par_1_79' title="bbox 2288 3521 3918 3599">
     <span class='ocr_line' id='line_1_79' title="bbox 2288 3521 3918 3599; baseline -0.001 -22"><span class='ocrx_word' id='word_1_589' title='bbox 2288 3525 2561 3599; x_wconf 81' lang='grc' dir='ltr'><strong>σαρκικόν.</strong></span> <span class='ocrx_word' id='word_1_590' title='bbox 2595 3556 2661 3568; x_wconf 92' lang='grc'><strong><em>-</em></strong></span> <span class='ocrx_word' id='word_1_591' title='bbox 2691 3522 2937 3585; x_wconf 46' lang='grc' dir='ltr'><strong>Ἀλλωςκ</strong></span> <span class='ocrx_word' id='word_1_592' title='bbox 2989 3524 3326 3598; x_wconf 78' lang='grc' dir='ltr'>[ΟΙΚΟΥΜ.]</span> <span class='ocrx_word' id='word_1_593' title='bbox 3372 3524 3440 3581; x_wconf 86' lang='grc' dir='ltr'><strong>Ἤ</strong></span> <span class='ocrx_word' id='word_1_594' title='bbox 3494 3524 3583 3580; x_wconf 83' lang='grc' dir='ltr'>ὅτι</span> <span class='ocrx_word' id='word_1_595' title='bbox 3635 3521 3721 3579; x_wconf 70' lang='grc' dir='ltr'>διὰ</span> <span class='ocrx_word' id='word_1_596' title='bbox 3769 3522 3918 3596; x_wconf 78' lang='grc' dir='ltr'><strong>μέσου</strong></span> 
     </span>
    </p>
   </div>
   <div class='ocr_carea' id='block_1_80' title="bbox 2284 3613 3918 3688">
    <p class='ocr_par' dir='ltr' id='par_1_80' title="bbox 2284 3613 3918 3688">
     <span class='ocr_line' id='line_1_80' title="bbox 2284 3613 3918 3688; baseline -0.002 -19"><span class='ocrx_word' id='word_1_597' title='bbox 2284 3617 2382 3669; x_wconf 89' lang='grc' dir='ltr'>τοῦ</span> <span class='ocrx_word' id='word_1_598' title='bbox 2412 3613 2567 3688; x_wconf 81' lang='grc' dir='ltr'><strong>ἁγίου</strong></span> <span class='ocrx_word' id='word_1_599' title='bbox 2598 3613 2912 3686; x_wconf 85' lang='grc' dir='ltr'><strong>Πνεύματος</strong></span> <span class='ocrx_word' id='word_1_600' title='bbox 2946 3614 3268 3669; x_wconf 79' lang='grc' dir='ltr'><strong>συνάπτεται</strong></span> <span class='ocrx_word' id='word_1_601' title='bbox 3323 3614 3402 3686; x_wconf 82' lang='grc' dir='ltr'><strong>τῷ</strong></span> <span class='ocrx_word' id='word_1_602' title='bbox 3458 3615 3702 3688; x_wconf 82' lang='grc' dir='ltr'><strong>Χριστῷ,</strong></span> <span class='ocrx_word' id='word_1_603' title='bbox 3763 3632 3918 3685; x_wconf 85' lang='grc' dir='ltr'><strong>προσ-</strong></span> 
     </span>
    </p>
   </div>
   <div class='ocr_carea' id='block_1_81' title="bbox 2286 3699 3916 3779">
    <p class='ocr_par' dir='ltr' id='par_1_81' title="bbox 2286 3699 3916 3779">
     <span class='ocr_line' id='line_1_81' title="bbox 2286 3699 3916 3779; baseline 0.002 -23"><span class='ocrx_word' id='word_1_604' title='bbox 2286 3701 2643 3776; x_wconf 86' lang='grc' dir='ltr'><strong>κολλώμενος</strong></span> <span class='ocrx_word' id='word_1_605' title='bbox 2691 3701 2839 3774; x_wconf 83' lang='grc' dir='ltr'><strong>αύτῷ</strong></span> <span class='ocrx_word' id='word_1_606' title='bbox 2897 3699 2985 3756; x_wconf 82' lang='grc' dir='ltr'>διὰ</span> <span class='ocrx_word' id='word_1_607' title='bbox 3042 3705 3149 3757; x_wconf 82' lang='grc' dir='ltr'>τῶν</span> <span class='ocrx_word' id='word_1_608' title='bbox 3204 3707 3588 3775; x_wconf 81' lang='grc' dir='ltr'><strong>πνευματικῶν</strong></span> <span class='ocrx_word' id='word_1_609' title='bbox 3641 3701 3825 3779; x_wconf 82' lang='grc' dir='ltr'><strong>ἔργων.</strong></span> <span class='ocrx_word' id='word_1_610' title='bbox 3857 3732 3916 3743; x_wconf 89' lang='grc'><strong><em>-</em></strong></span> 
     </span>
    </p>
   </div>
   <div class='ocr_carea' id='block_1_82' title="bbox 2282 3790 3915 3867">
    <p class='ocr_par' dir='ltr' id='par_1_82' title="bbox 2282 3790 3915 3867">
     <span class='ocr_line' id='line_1_82' title="bbox 2282 3790 3915 3867; baseline -0.004 -18"><span class='ocrx_word' id='word_1_611' title='bbox 2282 3790 2532 3855; x_wconf 71' lang='grc' dir='ltr'><strong>Ἄλλως.</strong></span> <span class='ocrx_word' id='word_1_612' title='bbox 2600 3792 2807 3865; x_wconf 83' lang='grc' dir='ltr'>[ΦΩΤ.]</span> <span class='ocrx_word' id='word_1_613' title='bbox 2903 3790 3202 3861; x_wconf 75' lang='grc' dir='ltr'><strong>Μονοειδης</strong></span> <span class='ocrx_word' id='word_1_614' title='bbox 3259 3791 3419 3864; x_wconf 80' lang='grc' dir='ltr'><strong>ἐστιν,</strong></span> <span class='ocrx_word' id='word_1_615' title='bbox 3497 3791 3651 3855; x_wconf 81' lang='grc' dir='ltr'><strong>’ὀλως</strong></span> <span class='ocrx_word' id='word_1_616' title='bbox 3732 3790 3915 3867; x_wconf 83' lang='grc' dir='ltr'><strong>γίνεται</strong></span> 
     </span>
    </p>
   </div>
   <div class='ocr_carea' id='block_1_83' title="bbox 2282 3875 3911 3957">
    <p class='ocr_par' dir='ltr' id='par_1_83' title="bbox 2282 3875 3911 3957">
     <span class='ocr_line' id='line_1_83' title="bbox 2282 3875 3911 3957; baseline -0.003 -20"><span class='ocrx_word' id='word_1_617' title='bbox 2282 3881 2672 3953; x_wconf 81' lang='grc' dir='ltr'><strong>πνευματικὸς,</strong></span> <span class='ocrx_word' id='word_1_618' title='bbox 2742 3883 2813 3953; x_wconf 83' lang='grc' dir='ltr'><strong>τῇ</strong></span> <span class='ocrx_word' id='word_1_619' title='bbox 2880 3880 3017 3954; x_wconf 81' lang='grc' dir='ltr'><strong>πρὸς</strong></span> <span class='ocrx_word' id='word_1_620' title='bbox 3090 3883 3183 3935; x_wconf 86' lang='grc' dir='ltr'><strong>τὸν</strong></span> <span class='ocrx_word' id='word_1_621' title='bbox 3260 3880 3458 3957; x_wconf 84' lang='grc' dir='ltr'><strong>Κύριον</strong></span> <span class='ocrx_word' id='word_1_622' title='bbox 3536 3881 3740 3937; x_wconf 77' lang='grc' dir='ltr'><strong>ἒνώσει.</strong></span> <span class='ocrx_word' id='word_1_623' title='bbox 3796 3875 3911 3937; x_wconf 75' lang='grc' dir='ltr'><strong>Ὀύκ</strong></span> 
     </span>
    </p>
   </div>
   <div class='ocr_carea' id='block_1_84' title="bbox 2282 3965 3903 4046">
    <p class='ocr_par' dir='ltr' id='par_1_84' title="bbox 2282 3965 3903 4046">
     <span class='ocr_line' id='line_1_84' title="bbox 2282 3965 3903 4046; baseline -0.004 -19"><span class='ocrx_word' id='word_1_624' title='bbox 2282 3968 2589 4044; x_wconf 78' lang='grc' dir='ltr'><strong>ἑπισύρεται</strong></span> <span class='ocrx_word' id='word_1_625' title='bbox 2620 3969 2687 4025; x_wconf 72' lang='grc' dir='ltr'><strong>τὰ</strong></span> <span class='ocrx_word' id='word_1_626' title='bbox 2717 3967 2945 4045; x_wconf 80' lang='grc' dir='ltr'><strong>σαρκικᾶ</strong></span> <span class='ocrx_word' id='word_1_627' title='bbox 2991 3966 3162 4039; x_wconf 65' lang='grc' dir='ltr'><strong>πάθη,</strong></span> <span class='ocrx_word' id='word_1_628' title='bbox 3226 3967 3353 4025; x_wconf 74' lang='grc' dir='ltr'>οὐδὲ</span> <span class='ocrx_word' id='word_1_629' title='bbox 3406 3970 3653 4046; x_wconf 82' lang='grc' dir='ltr'><strong>σχίζεται</strong></span> <span class='ocrx_word' id='word_1_630' title='bbox 3708 3969 3781 4035; x_wconf 79' lang='grc' dir='ltr'><strong>εἰς</strong></span> <span class='ocrx_word' id='word_1_631' title='bbox 3832 3965 3903 4021; x_wconf 82' lang='grc' dir='ltr'>διο</span> 
     </span>
    </p>
   </div>
   <div class='ocr_carea' id='block_1_85' title="bbox 2278 4056 3905 4134">
    <p class='ocr_par' dir='ltr' id='par_1_85' title="bbox 2278 4056 3905 4134">
     <span class='ocr_line' id='line_1_85' title="bbox 2278 4056 3905 4134; baseline -0.005 -15"><span class='ocrx_word' id='word_1_632' title='bbox 2278 4060 2459 4133; x_wconf 88' lang='grc' dir='ltr'><strong>πλόην</strong></span> <span class='ocrx_word' id='word_1_633' title='bbox 2484 4061 2624 4130; x_wconf 71' lang='grc' dir='ltr'><strong>τινὰ,</strong></span> <span class='ocrx_word' id='word_1_634' title='bbox 2656 4064 2771 4131; x_wconf 86' lang='grc' dir='ltr'>Θεῷ</span> <span class='ocrx_word' id='word_1_635' title='bbox 2809 4056 3083 4115; x_wconf 72' lang='grc' dir='ltr'><strong>δουλεύων</strong></span> <span class='ocrx_word' id='word_1_636' title='bbox 3138 4059 3229 4114; x_wconf 83' lang='grc' dir='ltr'><strong>καὶ</strong></span> <span class='ocrx_word' id='word_1_637' title='bbox 3290 4065 3550 4134; x_wconf 79' lang='grc' dir='ltr'><strong>μαμωνᾷ,</strong></span> <span class='ocrx_word' id='word_1_638' title='bbox 3599 4059 3725 4116; x_wconf 84' lang='grc' dir='ltr'><strong>ἀλλ’</strong></span> <span class='ocrx_word' id='word_1_639' title='bbox 3775 4059 3905 4118; x_wconf 85' lang='grc' dir='ltr'><strong>ὅλως</strong></span> 
     </span>
    </p>
   </div>
   <div class='ocr_carea' id='block_1_86' title="bbox 2279 4148 3903 4223">
    <p class='ocr_par' dir='ltr' id='par_1_86' title="bbox 2279 4148 3903 4223">
     <span class='ocr_line' id='line_1_86' title="bbox 2279 4148 3903 4223; baseline -0.004 -17"><span class='ocrx_word' id='word_1_640' title='bbox 2279 4151 2473 4213; x_wconf 73' lang='grc' dir='ltr'><strong>ἑνιαῖός</strong></span> <span class='ocrx_word' id='word_1_641' title='bbox 2507 4150 2617 4206; x_wconf 80' lang='grc' dir='ltr'><strong>ἐστι</strong></span> <span class='ocrx_word' id='word_1_642' title='bbox 2648 4149 2739 4205; x_wconf 81' lang='grc' dir='ltr'>καὶ</span> <span class='ocrx_word' id='word_1_643' title='bbox 2770 4148 2900 4210; x_wconf 87' lang='grc' dir='ltr'><strong>ὅλος</strong></span> <span class='ocrx_word' id='word_1_644' title='bbox 2953 4151 3341 4223; x_wconf 81' lang='grc' dir='ltr'><strong>πνευματικὸς,</strong></span> <span class='ocrx_word' id='word_1_645' title='bbox 3394 4149 3469 4214; x_wconf 73' lang='grc' dir='ltr'><strong>εἰς</strong></span> <span class='ocrx_word' id='word_1_646' title='bbox 3514 4151 3740 4221; x_wconf 70' lang='grc' dir='ltr'><strong>ἑνότητα</strong></span> <span class='ocrx_word' id='word_1_647' title='bbox 3790 4168 3903 4201; x_wconf 79' lang='grc' dir='ltr'><strong>συν-</strong></span> 
     </span>
    </p>
   </div>
   <div class='ocr_carea' id='block_1_87' title="bbox 2276 4238 3904 4315">
    <p class='ocr_par' dir='ltr' id='par_1_87' title="bbox 2276 4238 3904 4315">
     <span class='ocr_line' id='line_1_87' title="bbox 2276 4238 3904 4315; baseline -0.002 -20"><span class='ocrx_word' id='word_1_648' title='bbox 2276 4239 2545 4315; x_wconf 85' lang='grc' dir='ltr'><strong>αγόμενος</strong></span> <span class='ocrx_word' id='word_1_649' title='bbox 2582 4238 2910 4313; x_wconf 84' lang='grc' dir='ltr'><strong>πνεύματος.</strong></span> <span class='ocrx_word' id='word_1_650' title='bbox 2962 4262 2990 4290; x_wconf 81' lang='grc' dir='ltr'>(ι</span> <span class='ocrx_word' id='word_1_651' title='bbox 3027 4243 3133 4293; x_wconf 80' lang='grc' dir='ltr'>Πᾶν</span> <span class='ocrx_word' id='word_1_652' title='bbox 3182 4238 3483 4313; x_wconf 73' lang='grc' dir='ltr'><strong>ἁμάρτημα</strong></span> <span class='ocrx_word' id='word_1_653' title='bbox 3515 4241 3545 4295; x_wconf 93' lang='grc' dir='ltr'>ὅ</span> <span class='ocrx_word' id='word_1_654' title='bbox 3574 4238 3662 4295; x_wconf 70' lang='grc' dir='ltr'><strong>ἐὶν</strong></span> <span class='ocrx_word' id='word_1_655' title='bbox 3717 4238 3904 4307; x_wconf 75' lang='grc' dir='ltr'><strong>ποιήσῃ</strong></span> 
     </span>
    </p>
   </div>
   <div class='ocr_carea' id='block_1_88' title="bbox 2275 4324 3901 4403">
    <p class='ocr_par' dir='ltr' id='par_1_88' title="bbox 2275 4324 3901 4403">
     <span class='ocr_line' id='line_1_88' title="bbox 2275 4324 3901 4403; baseline -0.004 -19"><span class='ocrx_word' id='word_1_656' title='bbox 2275 4326 2578 4403; x_wconf 78' lang='grc' dir='ltr'><strong>ἅνθρωπος,</strong></span> <span class='ocrx_word' id='word_1_657' title='bbox 2610 4327 2763 4390; x_wconf 70' lang='grc' dir='ltr'><strong>ἐκτὸς</strong></span> <span class='ocrx_word' id='word_1_658' title='bbox 2780 4331 2877 4382; x_wconf 89' lang='grc' dir='ltr'>τοῦ</span> <span class='ocrx_word' id='word_1_659' title='bbox 2911 4326 3166 4401; x_wconf 85' lang='grc' dir='ltr'><strong>σώματός</strong></span> <span class='ocrx_word' id='word_1_660' title='bbox 3198 4324 3359 4384; x_wconf 80' lang='grc' dir='ltr'><strong>ἐστιν.</strong></span> <span class='ocrx_word' id='word_1_661' title='bbox 3395 4353 3423 4379; x_wconf 89' lang='grc'><strong>››</strong></span> <span class='ocrx_word' id='word_1_662' title='bbox 3467 4327 3590 4385; x_wconf 83' lang='grc' dir='ltr'>Ἐπὶ</span> <span class='ocrx_word' id='word_1_663' title='bbox 3633 4334 3732 4397; x_wconf 79' lang='grc' dir='ltr'><strong>τῆς</strong></span> <span class='ocrx_word' id='word_1_664' title='bbox 3777 4342 3901 4397; x_wconf 81' lang='grc' dir='ltr'><strong>πορ-</strong></span> 
     </span>
    </p>
   </div>
   <div class='ocr_carea' id='block_1_89' title="bbox 495 4407 2167 4495">
    <p class='ocr_par' dir='ltr' id='par_1_89' title="bbox 495 4407 2153 4483">
     <span class='ocr_line' id='line_1_89' title="bbox 495 4407 2153 4483; baseline 0.005 -22"><span class='ocrx_word' id='word_1_665' title='bbox 495 4423 728 4479; x_wconf 90' lang='lat' dir='ltr'>cunque</span> <span class='ocrx_word' id='word_1_666' title='bbox 760 4407 970 4464; x_wconf 82' lang='lat' dir='ltr'>iecerit</span> <span class='ocrx_word' id='word_1_667' title='bbox 990 4408 1190 4475; x_wconf 90' lang='lat' dir='ltr'>homo,</span> <span class='ocrx_word' id='word_1_668' title='bbox 1217 4416 1380 4465; x_wconf 83' lang='lat' dir='ltr'>extra</span> <span class='ocrx_word' id='word_1_669' title='bbox 1409 4428 1623 4483; x_wconf 90' lang='lat' dir='ltr'>corpus</span> <span class='ocrx_word' id='word_1_670' title='bbox 1653 4419 1761 4468; x_wconf 90' lang='lat' dir='ltr'>est.</span> <span class='ocrx_word' id='word_1_671' title='bbox 1792 4438 1811 4464; x_wconf 81' lang='grc' dir='ltr'><strong><em>ι</em></strong></span> <span class='ocrx_word' id='word_1_672' title='bbox 1844 4415 1905 4467; x_wconf 88' lang='lat' dir='ltr'>In</span> <span class='ocrx_word' id='word_1_673' title='bbox 1940 4422 2153 4470; x_wconf 88' lang='lat' dir='ltr'>scorta-</span> 
     </span>
    </p>
   </div>
   <div class='ocr_carea' id='block_1_90' title="bbox 2275 4407 3900 4495">
    <p class='ocr_par' dir='ltr' id='par_1_90' title="bbox 2275 4410 3900 4495">
     <span class='ocr_line' id='line_1_90' title="bbox 2275 4410 3900 4495; baseline -0.004 -24"><span class='ocrx_word' id='word_1_674' title='bbox 2275 4418 2436 4487; x_wconf 83' lang='grc' dir='ltr'><strong>νείας,</strong></span> <span class='ocrx_word' id='word_1_675' title='bbox 2469 4416 2656 4495; x_wconf 62' lang='grc' dir='ltr'><strong>φησὶν,</strong></span> <span class='ocrx_word' id='word_1_676' title='bbox 2688 4416 2817 4471; x_wconf 83' lang='grc' dir='ltr'><strong>ὅλον</strong></span> <span class='ocrx_word' id='word_1_677' title='bbox 2847 4414 3138 4490; x_wconf 72' lang='grc' dir='ltr'><strong>μολύνεται</strong></span> <span class='ocrx_word' id='word_1_678' title='bbox 3167 4416 3230 4471; x_wconf 85' lang='grc' dir='ltr'><strong>τὸ</strong></span> <span class='ocrx_word' id='word_1_679' title='bbox 3261 4422 3439 4490; x_wconf 80' lang='grc' dir='ltr'><strong>σῶμα.</strong></span> <span class='ocrx_word' id='word_1_680' title='bbox 3483 4418 3642 4482; x_wconf 77' lang='grc' dir='ltr'><strong>’Ὀοεν</strong></span> <span class='ocrx_word' id='word_1_681' title='bbox 3692 4415 3777 4471; x_wconf 85' lang='grc' dir='ltr'>καὶ</span> <span class='ocrx_word' id='word_1_682' title='bbox 3824 4410 3900 4468; x_wconf 80' lang='grc' dir='ltr'><strong>ἐπὶ</strong></span> 
     </span>
    </p>
   </div>
   <div class='ocr_carea' id='block_1_91' title="bbox 496 4496 2150 4576">
    <p class='ocr_par' dir='ltr' id='par_1_91' title="bbox 496 4496 2150 4576">
     <span class='ocr_line' id='line_1_91' title="bbox 496 4496 2150 4576; baseline 0.005 -26"><span class='ocrx_word' id='word_1_683' title='bbox 496 4496 677 4565; x_wconf 90' lang='lat' dir='ltr'>tione,</span> <span class='ocrx_word' id='word_1_684' title='bbox 712 4497 930 4569; x_wconf 85' lang='lat' dir='ltr'>inquit,</span> <span class='ocrx_word' id='word_1_685' title='bbox 961 4503 1148 4553; x_wconf 89' lang='lat' dir='ltr'>totum</span> <span class='ocrx_word' id='word_1_686' title='bbox 1178 4515 1394 4570; x_wconf 89' lang='lat' dir='ltr'>corpus</span> <span class='ocrx_word' id='word_1_687' title='bbox 1415 4508 1883 4571; x_wconf 88' lang='lat' dir='ltr'>conspurcatur:</span> <span class='ocrx_word' id='word_1_688' title='bbox 1912 4509 2150 4576; x_wconf 89' lang='lat' dir='ltr'>propter</span> 
     </span>
    </p>
   </div>
   <div class='ocr_carea' id='block_1_92' title="bbox 493 4585 2149 4657">
    <p class='ocr_par' dir='ltr' id='par_1_92' title="bbox 493 4585 2149 4657">
     <span class='ocr_line' id='line_1_92' title="bbox 493 4585 2149 4657; baseline 0.004 -16"><span class='ocrx_word' id='word_1_689' title='bbox 493 4585 651 4656; x_wconf 91' lang='lat' dir='ltr'>quod</span> <span class='ocrx_word' id='word_1_690' title='bbox 676 4586 857 4641; x_wconf 89' lang='lat' dir='ltr'>etiam</span> <span class='ocrx_word' id='word_1_691' title='bbox 882 4586 1064 4641; x_wconf 88' lang='lat' dir='ltr'>moris</span> <span class='ocrx_word' id='word_1_692' title='bbox 1088 4592 1180 4641; x_wconf 88' lang='lat' dir='ltr'>est</span> <span class='ocrx_word' id='word_1_693' title='bbox 1203 4593 1269 4641; x_wconf 92' lang='lat' dir='ltr'>ut</span> <span class='ocrx_word' id='word_1_694' title='bbox 1291 4587 1390 4657; x_wconf 89' lang='lat' dir='ltr'>qui</span> <span class='ocrx_word' id='word_1_695' title='bbox 1414 4589 1652 4643; x_wconf 88' lang='lat' dir='ltr'>scortati</span> <span class='ocrx_word' id='word_1_696' title='bbox 1676 4596 1817 4645; x_wconf 92' lang='lat' dir='ltr'>sunt</span> <span class='ocrx_word' id='word_1_697' title='bbox 1836 4590 1909 4645; x_wconf 92' lang='lat' dir='ltr'>ad</span> <span class='ocrx_word' id='word_1_698' title='bbox 1933 4591 2149 4648; x_wconf 88' lang='lat' dir='ltr'>balnea</span> 
     </span>
    </p>
   </div>
   <div class='ocr_carea' id='block_1_93' title="bbox 492 4672 2150 4746">
    <p class='ocr_par' dir='ltr' id='par_1_93' title="bbox 492 4672 2150 4746">
     <span class='ocr_line' id='line_1_93' title="bbox 492 4672 2150 4746; baseline 0.007 -22"><span class='ocrx_word' id='word_1_699' title='bbox 492 4678 751 4726; x_wconf 87' lang='lat' dir='ltr'>currant.</span> <span class='ocrx_word' id='word_1_700' title='bbox 791 4672 1097 4728; x_wconf 85' lang='lat' dir='ltr'>Homicida</span> <span class='ocrx_word' id='word_1_701' title='bbox 1127 4690 1262 4728; x_wconf 89' lang='lat' dir='ltr'>vero</span> <span class='ocrx_word' id='word_1_702' title='bbox 1294 4678 1351 4729; x_wconf 92' lang='lat' dir='ltr'>et</span> <span class='ocrx_word' id='word_1_703' title='bbox 1381 4680 1581 4746; x_wconf 88' lang='lat' dir='ltr'>raptor</span> <span class='ocrx_word' id='word_1_704' title='bbox 1610 4692 1823 4732; x_wconf 89' lang='lat' dir='ltr'>manus</span> <span class='ocrx_word' id='word_1_705' title='bbox 1856 4676 2150 4736; x_wconf 85' lang='lat' dir='ltr'>duntaxat</span> 
     </span>
    </p>
   </div>
   <div class='ocr_carea' id='block_1_94' title="bbox 493 4760 2147 4835">
    <p class='ocr_par' dir='ltr' id='par_1_94' title="bbox 493 4760 2147 4835">
     <span class='ocr_line' id='line_1_94' title="bbox 493 4760 2147 4835; baseline 0.007 -23"><span class='ocrx_word' id='word_1_706' title='bbox 493 4760 951 4815; x_wconf 83' lang='lat' dir='ltr'>commaculant.</span> <span class='ocrx_word' id='word_1_707' title='bbox 985 4761 1151 4825; x_wconf 88' lang='lat' dir='ltr'>Quod</span> <span class='ocrx_word' id='word_1_708' title='bbox 1183 4767 1381 4816; x_wconf 89' lang='lat' dir='ltr'>autem</span> <span class='ocrx_word' id='word_1_709' title='bbox 1422 4762 1586 4831; x_wconf 90' lang='lat' dir='ltr'>dicit,</span> <span class='ocrx_word' id='word_1_710' title='bbox 1620 4786 1648 4813; x_wconf 90' lang='grc'>‹‹</span> <span class='ocrx_word' id='word_1_711' title='bbox 1682 4765 1883 4835; x_wconf 80' lang='lat' dir='ltr'>Fugite</span> <span class='ocrx_word' id='word_1_712' title='bbox 1925 4773 2147 4824; x_wconf 90' lang='lat' dir='ltr'>scorta-</span> 
     </span>
    </p>
   </div>
   <div class='ocr_carea' id='block_1_95' title="bbox 493 4846 2149 4921">
    <p class='ocr_par' dir='ltr' id='par_1_95' title="bbox 493 4846 2149 4921">
     <span class='ocr_line' id='line_1_95' title="bbox 493 4846 2149 4921; baseline 0.008 -22"><span class='ocrx_word' id='word_1_713' title='bbox 493 4846 738 4915; x_wconf 91' lang='lat' dir='ltr'>tionem,</span> <span class='ocrx_word' id='word_1_714' title='bbox 773 4869 800 4895; x_wconf 84' lang='lat'>»</span> <span class='ocrx_word' id='word_1_715' title='bbox 836 4849 1165 4905; x_wconf 88' lang='lat' dir='ltr'>studiosam</span> <span class='ocrx_word' id='word_1_716' title='bbox 1197 4850 1470 4921; x_wconf 79' lang='lat' dir='ltr'>designat</span> <span class='ocrx_word' id='word_1_717' title='bbox 1501 4852 1904 4909; x_wconf 88' lang='lat' dir='ltr'>evitationem.</span> <span class='ocrx_word' id='word_1_718' title='bbox 1937 4886 2004 4897; x_wconf 90' lang='lat'>—-</span> <span class='ocrx_word' id='word_1_719' title='bbox 2033 4860 2149 4913; x_wconf 85' lang='lat' dir='ltr'>Aut</span> 
     </span>
    </p>
   </div>
   <div class='ocr_carea' id='block_1_96' title="bbox 489 4934 2149 5015">
    <p class='ocr_par' dir='ltr' id='par_1_96' title="bbox 489 4934 2149 5015">
     <span class='ocr_line' id='line_1_96' title="bbox 489 4934 2149 5015; baseline 0.008 -26"><span class='ocrx_word' id='word_1_720' title='bbox 489 4934 631 5004; x_wconf 90' lang='lat' dir='ltr'>quia</span> <span class='ocrx_word' id='word_1_721' title='bbox 644 4940 859 4990; x_wconf 79' lang='lat' dir='ltr'>cmtera</span> <span class='ocrx_word' id='word_1_722' title='bbox 872 4937 1011 4991; x_wconf 90' lang='lat' dir='ltr'>vitia</span> <span class='ocrx_word' id='word_1_723' title='bbox 1034 4954 1104 4993; x_wconf 84' lang='lat' dir='ltr'>ex</span> <span class='ocrx_word' id='word_1_724' title='bbox 1126 4939 1312 4993; x_wconf 90' lang='lat' dir='ltr'>animi</span> <span class='ocrx_word' id='word_1_725' title='bbox 1328 4940 1799 5014; x_wconf 85' lang='lat' dir='ltr'>uniuscujusque</span> <span class='ocrx_word' id='word_1_726' title='bbox 1816 4946 2149 5015; x_wconf 81' lang='lat' dir='ltr'>procedunt</span> 
     </span>
    </p>
   </div>
   <div class='ocr_carea' id='block_1_97' title="bbox 487 5021 2146 5103">
    <p class='ocr_par' dir='ltr' id='par_1_97' title="bbox 487 5021 2146 5103">
     <span class='ocr_line' id='line_1_97' title="bbox 487 5021 2146 5103; baseline 0.008 -27"><span class='ocrx_word' id='word_1_727' title='bbox 487 5021 825 5087; x_wconf 83' lang='lat' dir='ltr'>alfectibus,</span> <span class='ocrx_word' id='word_1_728' title='bbox 848 5027 1049 5094; x_wconf 91' lang='lat' dir='ltr'>utpote</span> <span class='ocrx_word' id='word_1_729' title='bbox 1073 5024 1174 5079; x_wconf 69' lang='lat' dir='ltr'>ira:</span> <span class='ocrx_word' id='word_1_730' title='bbox 1199 5026 1260 5080; x_wconf 93' lang='lat' dir='ltr'>in</span> <span class='ocrx_word' id='word_1_731' title='bbox 1290 5026 1611 5099; x_wconf 87' lang='lat' dir='ltr'>homicida,</span> <span class='ocrx_word' id='word_1_732' title='bbox 1638 5029 1834 5086; x_wconf 87' lang='lat' dir='ltr'>inanis</span> <span class='ocrx_word' id='word_1_733' title='bbox 1855 5031 2058 5103; x_wconf 70' lang='lat' dir='ltr'>glorim</span> <span class='ocrx_word' id='word_1_734' title='bbox 2082 5036 2146 5091; x_wconf 91' lang='lat' dir='ltr'>in</span> 
     </span>
    </p>
   </div>
   <div class='ocr_carea' id='block_1_98' title="bbox 486 5110 2143 5195">
    <p class='ocr_par' dir='ltr' id='par_1_98' title="bbox 486 5110 2143 5195">
     <span class='ocr_line' id='line_1_98' title="bbox 486 5110 2143 5195; baseline 0.009 -31"><span class='ocrx_word' id='word_1_735' title='bbox 486 5110 580 5165; x_wconf 88' lang='lat' dir='ltr'>his</span> <span class='ocrx_word' id='word_1_736' title='bbox 611 5110 713 5181; x_wconf 91' lang='lat' dir='ltr'>qui</span> <span class='ocrx_word' id='word_1_737' title='bbox 758 5110 1048 5167; x_wconf 90' lang='lat' dir='ltr'>ditescere</span> <span class='ocrx_word' id='word_1_738' title='bbox 1098 5114 1383 5184; x_wconf 91' lang='lat' dir='ltr'>cupiunt;</span> <span class='ocrx_word' id='word_1_739' title='bbox 1418 5118 1695 5174; x_wconf 88' lang='lat' dir='ltr'>scortatio</span> <span class='ocrx_word' id='word_1_740' title='bbox 1728 5135 1862 5174; x_wconf 89' lang='lat' dir='ltr'>vero</span> <span class='ocrx_word' id='word_1_741' title='bbox 1910 5139 1981 5175; x_wconf 85' lang='lat' dir='ltr'>ex</span> <span class='ocrx_word' id='word_1_742' title='bbox 2016 5123 2143 5195; x_wconf 90' lang='lat' dir='ltr'>ipso</span> 
     </span>
    </p>
   </div>
   <div class='ocr_carea' id='block_1_99' title="bbox 482 5199 2143 5283">
    <p class='ocr_par' dir='ltr' id='par_1_99' title="bbox 482 5199 2143 5283">
     <span class='ocr_line' id='line_1_99' title="bbox 482 5199 2143 5283; baseline 0.008 -30"><span class='ocrx_word' id='word_1_743' title='bbox 482 5215 727 5270; x_wconf 85' lang='lat' dir='ltr'>corpore</span> <span class='ocrx_word' id='word_1_744' title='bbox 751 5199 946 5255; x_wconf 86' lang='lat' dir='ltr'>fontes</span> <span class='ocrx_word' id='word_1_745' title='bbox 970 5200 1060 5254; x_wconf 90' lang='lat' dir='ltr'>sui</span> <span class='ocrx_word' id='word_1_746' title='bbox 1084 5200 1679 5262; x_wconf 63' lang='lat' dir='ltr'>habetardorisjtem</span> <span class='ocrx_word' id='word_1_747' title='bbox 1704 5215 1901 5264; x_wconf 92' lang='lat' dir='ltr'>autem</span> <span class='ocrx_word' id='word_1_748' title='bbox 1929 5227 2143 5283; x_wconf 87' lang='lat' dir='ltr'>augere</span> 
     </span>
    </p>
   </div>
   <div class='ocr_carea' id='block_1_100' title="bbox 480 5288 2142 5375">
    <p class='ocr_par' dir='ltr' id='par_1_100' title="bbox 480 5288 2142 5375">
     <span class='ocr_line' id='line_1_100' title="bbox 480 5288 2142 5375; baseline 0.009 -32"><span class='ocrx_word' id='word_1_749' title='bbox 480 5289 696 5357; x_wconf 90' lang='lat' dir='ltr'>noluit,</span> <span class='ocrx_word' id='word_1_750' title='bbox 729 5289 1015 5360; x_wconf 90' lang='lat' dir='ltr'>quoniam</span> <span class='ocrx_word' id='word_1_751' title='bbox 1067 5288 1138 5345; x_wconf 91' lang='lat' dir='ltr'>de</span> <span class='ocrx_word' id='word_1_752' title='bbox 1171 5291 1377 5348; x_wconf 90' lang='lat' dir='ltr'>eodem</span> <span class='ocrx_word' id='word_1_753' title='bbox 1427 5296 1738 5367; x_wconf 66' lang='lat' dir='ltr'>praemissa</span> <span class='ocrx_word' id='word_1_754' title='bbox 1770 5305 1856 5353; x_wconf 86' lang='lat' dir='ltr'>est</span> <span class='ocrx_word' id='word_1_755' title='bbox 1906 5300 1978 5355; x_wconf 90' lang='lat' dir='ltr'>ab</span> <span class='ocrx_word' id='word_1_756' title='bbox 2014 5302 2142 5375; x_wconf 92' lang='lat' dir='ltr'>ipso</span> 
     </span>
    </p>
   </div>
   <div class='ocr_carea' id='block_1_101' title="bbox 486 5379 2141 5453">
    <p class='ocr_par' dir='ltr' id='par_1_101' title="bbox 486 5379 2141 5453">
     <span class='ocr_line' id='line_1_101' title="bbox 486 5379 2141 5453; baseline 0.01 -21"><span class='ocrx_word' id='word_1_757' title='bbox 486 5379 841 5435; x_wconf 87' lang='lat' dir='ltr'>exhortatio.</span> <span class='ocrx_word' id='word_1_758' title='bbox 876 5379 1078 5453; x_wconf 72' lang='lat' dir='ltr'>Neque</span> <span class='ocrx_word' id='word_1_759' title='bbox 1110 5382 1269 5436; x_wconf 90' lang='lat' dir='ltr'>enim</span> <span class='ocrx_word' id='word_1_760' title='bbox 1302 5385 1502 5440; x_wconf 88' lang='lat' dir='ltr'>omnia</span> <span class='ocrx_word' id='word_1_761' title='bbox 1534 5386 1782 5442; x_wconf 90' lang='lat' dir='ltr'>omnino</span> <span class='ocrx_word' id='word_1_762' title='bbox 1815 5392 2049 5447; x_wconf 85' lang='lat' dir='ltr'>excedit</span> <span class='ocrx_word' id='word_1_763' title='bbox 2080 5393 2141 5448; x_wconf 91' lang='lat' dir='ltr'>in</span> 
     </span>
    </p>
   </div>
   <div class='ocr_carea' id='block_1_102' title="bbox 480 5468 2144 5553">
    <p class='ocr_par' dir='ltr' id='par_1_102' title="bbox 480 5468 2144 5553">
     <span class='ocr_line' id='line_1_102' title="bbox 480 5468 2144 5553; baseline 0.01 -33"><span class='ocrx_word' id='word_1_764' title='bbox 480 5468 765 5539; x_wconf 85' lang='lat' dir='ltr'>pravitate</span> <span class='ocrx_word' id='word_1_765' title='bbox 804 5470 1107 5526; x_wconf 87' lang='lat' dir='ltr'>scortatio.</span> <span class='ocrx_word' id='word_1_766' title='bbox 1140 5470 1348 5527; x_wconf 88' lang='lat' dir='ltr'>Plures</span> <span class='ocrx_word' id='word_1_767' title='bbox 1376 5473 1483 5529; x_wconf 84' lang='lat' dir='ltr'>hac</span> <span class='ocrx_word' id='word_1_768' title='bbox 1507 5473 1578 5529; x_wconf 87' lang='lat' dir='ltr'>de</span> <span class='ocrx_word' id='word_1_769' title='bbox 1612 5492 1675 5529; x_wconf 91' lang='lat' dir='ltr'>re</span> <span class='ocrx_word' id='word_1_770' title='bbox 1709 5475 1872 5532; x_wconf 90' lang='lat' dir='ltr'>dedit</span> <span class='ocrx_word' id='word_1_771' title='bbox 1899 5479 2144 5553; x_wconf 86' lang='lat' dir='ltr'>iterpre-</span> 
     </span>
    </p>
   </div>
   <div class='ocr_carea' id='block_1_103' title="bbox 482 5558 2141 5640">
    <p class='ocr_par' dir='ltr' id='par_1_103' title="bbox 482 5558 2141 5640">
     <span class='ocr_line' id='line_1_103' title="bbox 482 5558 2141 5640; baseline 0.008 -28"><span class='ocrx_word' id='word_1_772' title='bbox 482 5558 737 5615; x_wconf 88' lang='lat' dir='ltr'>tationes</span> <span class='ocrx_word' id='word_1_773' title='bbox 756 5558 967 5615; x_wconf 89' lang='lat' dir='ltr'>beatus</span> <span class='ocrx_word' id='word_1_774' title='bbox 990 5560 1342 5617; x_wconf 84' lang='lat' dir='ltr'>Severianus</span> <span class='ocrx_word' id='word_1_775' title='bbox 1366 5562 1861 5635; x_wconf 84' lang='lat' dir='ltr'>quinquagesimo</span> <span class='ocrx_word' id='word_1_776' title='bbox 1887 5571 2141 5640; x_wconf 84' lang='lat' dir='ltr'>septimo</span> 
     </span>
    </p>
   </div>
   <div class='ocr_carea' id='block_1_104' title="bbox 480 5646 2142 5721">
    <p class='ocr_par' dir='ltr' id='par_1_104' title="bbox 480 5646 2142 5721">
     <span class='ocr_line' id='line_1_104' title="bbox 480 5646 2142 5721; baseline 0.011 -21"><span class='ocrx_word' id='word_1_777' title='bbox 480 5646 805 5718; x_wconf 85' lang='lat' dir='ltr'>volumine,</span> <span class='ocrx_word' id='word_1_778' title='bbox 831 5666 1104 5706; x_wconf 82' lang='lat' dir='ltr'>sermone</span> <span class='ocrx_word' id='word_1_779' title='bbox 1125 5649 1323 5714; x_wconf 81' lang='lat' dir='ltr'>tertio,</span> <span class='ocrx_word' id='word_1_780' title='bbox 1348 5650 1540 5721; x_wconf 86' lang='lat' dir='ltr'>capite</span> <span class='ocrx_word' id='word_1_781' title='bbox 1554 5651 1786 5708; x_wconf 84' lang='lat' dir='ltr'>decimo</span> <span class='ocrx_word' id='word_1_782' title='bbox 1810 5673 1967 5713; x_wconf 84' lang='lat' dir='ltr'>nono</span> <span class='ocrx_word' id='word_1_783' title='bbox 1988 5660 2142 5718; x_wconf 87' lang='lat' dir='ltr'>hanc</span> 
     </span>
    </p>
   </div>
   <div class='ocr_carea' id='block_1_105' title="bbox 2260 4502 3898 4584">
    <p class='ocr_par' dir='ltr' id='par_1_105' title="bbox 2260 4502 3898 4584">
     <span class='ocr_line' id='line_1_105' title="bbox 2260 4502 3898 4584; baseline -0.004 -22"><span class='ocrx_word' id='word_1_784' title='bbox 2260 4506 2526 4584; x_wconf 85' lang='grc' dir='ltr'><strong>βαλανεῖα</strong></span> <span class='ocrx_word' id='word_1_785' title='bbox 2563 4507 2779 4581; x_wconf 83' lang='grc' dir='ltr'><strong>τρὲχειν</strong></span> <span class='ocrx_word' id='word_1_786' title='bbox 2812 4502 2930 4568; x_wconf 80' lang='grc' dir='ltr'><strong>ἔθος</strong></span> <span class='ocrx_word' id='word_1_787' title='bbox 2969 4511 3085 4567; x_wconf 87' lang='grc' dir='ltr'><strong>τοῖς</strong></span> <span class='ocrx_word' id='word_1_788' title='bbox 3114 4505 3492 4580; x_wconf 84' lang='grc' dir='ltr'><strong>πορνεύσασιν.</strong></span> <span class='ocrx_word' id='word_1_789' title='bbox 3524 4512 3583 4565; x_wconf 83' lang='grc'>’0</span> <span class='ocrx_word' id='word_1_790' title='bbox 3613 4503 3671 4562; x_wconf 80' lang='grc' dir='ltr'>δέ</span> <span class='ocrx_word' id='word_1_791' title='bbox 3718 4525 3773 4578; x_wconf 78' lang='grc' dir='ltr'>γε</span> <span class='ocrx_word' id='word_1_792' title='bbox 3814 4502 3898 4556; x_wconf 82' lang='grc' dir='ltr'><strong>ἀν-</strong></span> 
     </span>
    </p>
   </div>
   <div class='ocr_carea' id='block_1_106' title="bbox 2257 4588 3891 4737">
    <p class='ocr_par' dir='ltr' id='par_1_106' title="bbox 2257 4588 3891 4737">
     <span class='ocr_line' id='line_1_106' title="bbox 2257 4588 3891 4674; baseline -0.005 -22"><span class='ocrx_word' id='word_1_793' title='bbox 2257 4594 2522 4674; x_wconf 75' lang='grc' dir='ltr'><strong>δροφόνος</strong></span> <span class='ocrx_word' id='word_1_794' title='bbox 2550 4596 2641 4649; x_wconf 83' lang='grc' dir='ltr'><strong>καὶ</strong></span> <span class='ocrx_word' id='word_1_795' title='bbox 2672 4594 2867 4670; x_wconf 76' lang='grc' dir='ltr'><strong>ἅρπαξ,</strong></span> <span class='ocrx_word' id='word_1_796' title='bbox 2949 4599 3069 4669; x_wconf 78' lang='grc' dir='ltr'><strong>εἶρα</strong></span> <span class='ocrx_word' id='word_1_797' title='bbox 3129 4593 3425 4668; x_wconf 87' lang='grc' dir='ltr'><strong>μολύνουσι</strong></span> <span class='ocrx_word' id='word_1_798' title='bbox 3484 4596 3667 4669; x_wconf 76' lang='grc' dir='ltr'><strong>μόνον.</strong></span> <span class='ocrx_word' id='word_1_799' title='bbox 3722 4592 3790 4649; x_wconf 87' lang='grc' dir='ltr'>Τὸ</span> <span class='ocrx_word' id='word_1_800' title='bbox 3820 4588 3891 4657; x_wconf 75' lang='grc' dir='ltr'>δὲ,</span> 
     </span>
     <span class='ocr_line' id='line_1_107' title="bbox 2257 4614 3891 4737; baseline -0.002 0"><span class='ocrx_word' id='word_1_801' title='bbox 2257 4710 2285 4737; x_wconf 79' lang='grc' dir='ltr'>ι(</span> <span class='ocrx_word' id='word_1_802' title='bbox 2321 4684 2553 4737; x_wconf 81' lang='grc' dir='ltr'><strong>Φεύνετε</strong></span> <span class='ocrx_word' id='word_1_803' title='bbox 2580 4684 2681 4737; x_wconf 65' lang='grc' dir='ltr'><strong>τήν</strong></span> <span class='ocrx_word' id='word_1_804' title='bbox 2724 4614 2999 4737; x_wconf 56' lang='grc' dir='ltr'><strong>ποονείέν.</strong></span> <span class='ocrx_word' id='word_1_805' title='bbox 3062 4684 3166 4737; x_wconf 71' lang='grc' dir='ltr'>τῆν</span> <span class='ocrx_word' id='word_1_806' title='bbox 3221 4683 3356 4737; x_wconf 78' lang='grc' dir='ltr'><strong>μετὰ</strong></span> <span class='ocrx_word' id='word_1_807' title='bbox 3407 4682 3649 4737; x_wconf 72' lang='grc' dir='ltr'><strong>σπουδῆς</strong></span> <span class='ocrx_word' id='word_1_808' title='bbox 3703 4677 3891 4736; x_wconf 82' lang='grc' dir='ltr'>ἀποδο-</span> 
     </span>
    </p>
   </div>
   <div class='ocr_carea' id='block_1_107' title="bbox 2257 4677 3891 4761">
    <p class='ocr_par' dir='ltr' id='par_1_107' title="bbox 2257 4677 3891 4761">
     <span class='ocr_line' id='line_1_108' title="bbox 2257 4677 3891 4761; baseline -0.002 -25"><span class='ocrx_word' id='word_1_809' title='bbox 2257 4710 2285 4737; x_wconf 83' lang='grc'>‹‹</span> <span class='ocrx_word' id='word_1_810' title='bbox 2321 4684 2553 4761; x_wconf 82' lang='grc' dir='ltr'><strong>Φεύγετε</strong></span> <span class='ocrx_word' id='word_1_811' title='bbox 2580 4684 2681 4753; x_wconf 75' lang='grc' dir='ltr'>τήν</span> <span class='ocrx_word' id='word_1_812' title='bbox 2724 4677 2999 4757; x_wconf 86' lang='grc' dir='ltr'><strong>πορνείαν,</strong></span> <span class='ocrx_word' id='word_1_813' title='bbox 3062 4684 3166 4753; x_wconf 75' lang='grc' dir='ltr'>τήν</span> <span class='ocrx_word' id='word_1_814' title='bbox 3221 4683 3356 4757; x_wconf 78' lang='grc' dir='ltr'><strong>μετὰ</strong></span> <span class='ocrx_word' id='word_1_815' title='bbox 3407 4682 3649 4754; x_wconf 74' lang='grc' dir='ltr'><strong>σπουδῆς</strong></span> <span class='ocrx_word' id='word_1_816' title='bbox 3703 4677 3891 4736; x_wconf 84' lang='grc' dir='ltr'><strong>ἆποόο·</strong></span> 
     </span>
    </p>
   </div>
   <div class='ocr_carea' id='block_1_108' title="bbox 2257 4768 3887 4851">
    <p class='ocr_par' dir='ltr' id='par_1_108' title="bbox 2257 4768 3887 4851">
     <span class='ocr_line' id='line_1_109' title="bbox 2257 4768 3887 4851; baseline -0.001 -24"><span class='ocrx_word' id='word_1_817' title='bbox 2257 4776 2365 4851; x_wconf 78' lang='grc' dir='ltr'>χὴν</span> <span class='ocrx_word' id='word_1_818' title='bbox 2396 4769 2580 4844; x_wconf 83' lang='grc' dir='ltr'><strong>δηλοῖ.</strong></span> <span class='ocrx_word' id='word_1_819' title='bbox 2614 4804 2683 4816; x_wconf 94' lang='lat'><strong>—</strong></span> <span class='ocrx_word' id='word_1_820' title='bbox 2711 4774 3041 4846; x_wconf 79' lang='grc' dir='ltr'>[ΟΙΚΟΥΜ.]</span> <span class='ocrx_word' id='word_1_821' title='bbox 3074 4773 3142 4829; x_wconf 86' lang='grc' dir='ltr'><strong>Ἣ</strong></span> <span class='ocrx_word' id='word_1_822' title='bbox 3187 4771 3272 4828; x_wconf 87' lang='grc' dir='ltr'>ὅτι</span> <span class='ocrx_word' id='word_1_823' title='bbox 3319 4772 3387 4827; x_wconf 79' lang='grc' dir='ltr'><strong>τὰ</strong></span> <span class='ocrx_word' id='word_1_824' title='bbox 3432 4769 3604 4828; x_wconf 82' lang='grc' dir='ltr'><strong>λοιπᾶ</strong></span> <span class='ocrx_word' id='word_1_825' title='bbox 3654 4768 3887 4845; x_wconf 69' lang='grc' dir='ltr'><strong>ἁμαρτήο</strong></span> 
     </span>
    </p>
   </div>
   <div class='ocr_carea' id='block_1_109' title="bbox 2260 4856 3884 4936">
    <p class='ocr_par' dir='ltr' id='par_1_109' title="bbox 2260 4856 3884 4936">
     <span class='ocr_line' id='line_1_110' title="bbox 2260 4856 3884 4936; baseline -0.001 -20"><span class='ocrx_word' id='word_1_826' title='bbox 2260 4882 2400 4933; x_wconf 88' lang='grc' dir='ltr'><strong>ματα</strong></span> <span class='ocrx_word' id='word_1_827' title='bbox 2456 4861 2546 4915; x_wconf 78' lang='grc' dir='ltr'>καὶ</span> <span class='ocrx_word' id='word_1_828' title='bbox 2603 4859 2664 4916; x_wconf 72' lang='grc' dir='ltr'><strong>ἐκ</strong></span> <span class='ocrx_word' id='word_1_829' title='bbox 2716 4864 2958 4936; x_wconf 75' lang='grc' dir='ltr'><strong>ψυχικοῦ</strong></span> <span class='ocrx_word' id='word_1_830' title='bbox 3016 4860 3220 4924; x_wconf 78' lang='grc' dir='ltr'><strong>πάθους</strong></span> <span class='ocrx_word' id='word_1_831' title='bbox 3271 4860 3500 4936; x_wconf 86' lang='grc' dir='ltr'><strong>γίνεται,</strong></span> <span class='ocrx_word' id='word_1_832' title='bbox 3562 4861 3676 4916; x_wconf 76' lang='grc' dir='ltr'><strong>οἷον</strong></span> <span class='ocrx_word' id='word_1_833' title='bbox 3729 4856 3884 4932; x_wconf 73' lang='grc' dir='ltr'><strong>ὀργῆς</strong></span> 
     </span>
    </p>
   </div>
   <div class='ocr_carea' id='block_1_110' title="bbox 2253 4943 3884 5027">
    <p class='ocr_par' dir='ltr' id='par_1_110' title="bbox 2253 4943 3884 5027">
     <span class='ocr_line' id='line_1_111' title="bbox 2253 4943 3884 5027; baseline -0.004 -23"><span class='ocrx_word' id='word_1_834' title='bbox 2253 4948 2341 5006; x_wconf 77' lang='grc' dir='ltr'>ἐπὶ</span> <span class='ocrx_word' id='word_1_835' title='bbox 2383 4946 2742 5027; x_wconf 79' lang='grc' dir='ltr'><strong>ἀνδροφόνου,</strong></span> <span class='ocrx_word' id='word_1_836' title='bbox 2797 4945 3101 5019; x_wconf 72' lang='grc' dir='ltr'><strong>κενοδοξίας</strong></span> <span class='ocrx_word' id='word_1_837' title='bbox 3160 4948 3248 5004; x_wconf 82' lang='grc' dir='ltr'>ἐπὶ</span> <span class='ocrx_word' id='word_1_838' title='bbox 3300 4950 3411 5005; x_wconf 82' lang='grc' dir='ltr'><strong>τῶν</strong></span> <span class='ocrx_word' id='word_1_839' title='bbox 3470 4949 3727 5006; x_wconf 86' lang='grc' dir='ltr'><strong>πλουτεῖν</strong></span> <span class='ocrx_word' id='word_1_840' title='bbox 3782 4943 3884 4999; x_wconf 64' lang='lat'>€03-</span> 
     </span>
    </p>
   </div>
   <div class='ocr_carea' id='block_1_111' title="bbox 2255 5036 3883 5117">
    <p class='ocr_par' dir='ltr' id='par_1_111' title="bbox 2255 5036 3883 5117">
     <span class='ocr_line' id='line_1_112' title="bbox 2255 5036 3883 5117; baseline -0.002 -19"><span class='ocrx_word' id='word_1_841' title='bbox 2255 5040 2484 5098; x_wconf 89' lang='grc' dir='ltr'><strong>λόντων.</strong></span> <span class='ocrx_word' id='word_1_842' title='bbox 2526 5044 2589 5099; x_wconf 83' lang='grc' dir='ltr'>Ἡ</span> <span class='ocrx_word' id='word_1_843' title='bbox 2623 5039 2680 5097; x_wconf 75' lang='grc' dir='ltr'>δὲ</span> <span class='ocrx_word' id='word_1_844' title='bbox 2700 5063 2763 5117; x_wconf 90' lang='grc' dir='ltr'>γε</span> <span class='ocrx_word' id='word_1_845' title='bbox 2793 5042 3016 5116; x_wconf 84' lang='grc' dir='ltr'><strong>πορνεία</strong></span> <span class='ocrx_word' id='word_1_846' title='bbox 3047 5041 3098 5112; x_wconf 83' lang='grc' dir='ltr'>ἐξ</span> <span class='ocrx_word' id='word_1_847' title='bbox 3157 5042 3321 5098; x_wconf 70' lang='grc' dir='ltr'><strong>αὺτοῦ</strong></span> <span class='ocrx_word' id='word_1_848' title='bbox 3367 5046 3465 5098; x_wconf 86' lang='grc' dir='ltr'>τοῦ</span> <span class='ocrx_word' id='word_1_849' title='bbox 3503 5043 3755 5116; x_wconf 87' lang='grc' dir='ltr'><strong>σώματος</strong></span> <span class='ocrx_word' id='word_1_850' title='bbox 3798 5036 3883 5095; x_wconf 69' lang='grc' dir='ltr'><strong>τὰς</strong></span> 
     </span>
    </p>
   </div>
   <div class='ocr_carea' id='block_1_112' title="bbox 2251 5123 3883 5209">
    <p class='ocr_par' dir='ltr' id='par_1_112' title="bbox 2251 5123 3883 5209">
     <span class='ocr_line' id='line_1_113' title="bbox 2251 5123 3883 5209; baseline -0.006 -22"><span class='ocrx_word' id='word_1_851' title='bbox 2251 5134 2430 5208; x_wconf 75' lang='grc' dir='ltr'><strong>πηγὰς</strong></span> <span class='ocrx_word' id='word_1_852' title='bbox 2453 5126 2568 5209; x_wconf 81' lang='grc' dir='ltr'><strong>ἔχει</strong></span> <span class='ocrx_word' id='word_1_853' title='bbox 2600 5139 2700 5202; x_wconf 79' lang='grc' dir='ltr'>τῆς</span> <span class='ocrx_word' id='word_1_854' title='bbox 2758 5132 3066 5205; x_wconf 76' lang='grc' dir='ltr'><strong>ἐπιθυμίας.</strong></span> <span class='ocrx_word' id='word_1_855' title='bbox 3116 5134 3335 5208; x_wconf 80' lang='grc' dir='ltr'><strong>Ἐξᾶραι</strong></span> <span class='ocrx_word' id='word_1_856' title='bbox 3386 5131 3444 5189; x_wconf 66' lang='grc' dir='ltr'>δὲ</span> <span class='ocrx_word' id='word_1_857' title='bbox 3491 5129 3775 5204; x_wconf 70' lang='grc' dir='ltr'><strong>ἠϐουλήθη</strong></span> <span class='ocrx_word' id='word_1_858' title='bbox 3826 5123 3883 5179; x_wconf 77' lang='grc' dir='ltr'><strong>τὸ</strong></span> 
     </span>
    </p>
   </div>
   <div class='ocr_carea' id='block_1_113' title="bbox 2253 5219 3883 5296">
    <p class='ocr_par' dir='ltr' id='par_1_113' title="bbox 2253 5219 3883 5296">
     <span class='ocr_line' id='line_1_114' title="bbox 2253 5219 3883 5296; baseline 0 -21"><span class='ocrx_word' id='word_1_859' title='bbox 2253 5227 2499 5295; x_wconf 78' lang='grc' dir='ltr'><strong>πρᾶγμα,</strong></span> <span class='ocrx_word' id='word_1_860' title='bbox 2530 5219 2717 5291; x_wconf 72' lang='grc' dir='ltr'><strong>ἐπειδὴ</strong></span> <span class='ocrx_word' id='word_1_861' title='bbox 2768 5221 2891 5294; x_wconf 81' lang='grc' dir='ltr'><strong>περὶ</strong></span> <span class='ocrx_word' id='word_1_862' title='bbox 2958 5221 3124 5277; x_wconf 79' lang='grc' dir='ltr'><strong>αὐτοῦ</strong></span> <span class='ocrx_word' id='word_1_863' title='bbox 3171 5223 3459 5296; x_wconf 69' lang='grc' dir='ltr'><strong>πρόκειται</strong></span> <span class='ocrx_word' id='word_1_864' title='bbox 3521 5223 3666 5293; x_wconf 82' lang='grc' dir='ltr'>αὐτῷ</span> <span class='ocrx_word' id='word_1_865' title='bbox 3697 5221 3729 5287; x_wconf 81' lang='grc' dir='ltr'>ἡ</span> <span class='ocrx_word' id='word_1_866' title='bbox 3758 5233 3883 5288; x_wconf 84' lang='grc' dir='ltr'><strong>παρ-</strong></span> 
     </span>
    </p>
   </div>
   <div class='ocr_carea' id='block_1_114' title="bbox 2251 5301 3877 5388">
    <p class='ocr_par' dir='ltr' id='par_1_114' title="bbox 2251 5301 3877 5388">
     <span class='ocr_line' id='line_1_115' title="bbox 2251 5301 3877 5388; baseline -0.002 -25"><span class='ocrx_word' id='word_1_867' title='bbox 2251 5310 2474 5372; x_wconf 83' lang='grc' dir='ltr'><strong>αίνεσις.</strong></span> <span class='ocrx_word' id='word_1_868' title='bbox 2509 5312 2585 5367; x_wconf 81' lang='grc' dir='ltr'>Ού</span> <span class='ocrx_word' id='word_1_869' title='bbox 2626 5310 2729 5386; x_wconf 81' lang='grc' dir='ltr'><strong>γὰρ</strong></span> <span class='ocrx_word' id='word_1_870' title='bbox 2780 5312 2993 5374; x_wconf 79' lang='grc' dir='ltr'><strong>πάντως</strong></span> <span class='ocrx_word' id='word_1_871' title='bbox 3042 5309 3255 5365; x_wconf 79' lang='grc' dir='ltr'><strong>πάντων</strong></span> <span class='ocrx_word' id='word_1_872' title='bbox 3318 5317 3505 5388; x_wconf 85' lang='grc' dir='ltr'><strong>χεῖρον</strong></span> <span class='ocrx_word' id='word_1_873' title='bbox 3564 5313 3598 5378; x_wconf 85' lang='grc' dir='ltr'>ἡ</span> <span class='ocrx_word' id='word_1_874' title='bbox 3654 5301 3877 5379; x_wconf 78' lang='grc' dir='ltr'><strong>πορνεία.</strong></span> 
     </span>
    </p>
   </div>
   <div class='ocr_carea' id='block_1_115' title="bbox 2251 5390 3877 5476">
    <p class='ocr_par' dir='ltr' id='par_1_115' title="bbox 2251 5390 3877 5476">
     <span class='ocr_line' id='line_1_116' title="bbox 2251 5390 3877 5476; baseline -0.004 -20"><span class='ocrx_word' id='word_1_875' title='bbox 2251 5401 2417 5456; x_wconf 80' lang='grc' dir='ltr'><strong>Εἶπεν</strong></span> <span class='ocrx_word' id='word_1_876' title='bbox 2476 5399 2551 5461; x_wconf 74' lang='grc' dir='ltr'>εἷς</span> <span class='ocrx_word' id='word_1_877' title='bbox 2606 5399 2768 5455; x_wconf 86' lang='grc' dir='ltr'><strong>τοῦτο</strong></span> <span class='ocrx_word' id='word_1_878' title='bbox 2843 5397 3068 5463; x_wconf 82' lang='grc' dir='ltr'><strong>πλείους</strong></span> <span class='ocrx_word' id='word_1_879' title='bbox 3153 5401 3466 5476; x_wconf 71' lang='grc' dir='ltr'><strong>ἑρμηνείας,</strong></span> <span class='ocrx_word' id='word_1_880' title='bbox 3528 5401 3555 5455; x_wconf 85' lang='grc' dir='ltr'>ὁ</span> <span class='ocrx_word' id='word_1_881' title='bbox 3612 5394 3663 5453; x_wconf 81' lang='grc' dir='ltr'><strong>ἐν</strong></span> <span class='ocrx_word' id='word_1_882' title='bbox 3716 5390 3877 5468; x_wconf 80' lang='grc' dir='ltr'>ἁγίοις</span> 
     </span>
    </p>
   </div>
   <div class='ocr_carea' id='block_1_116' title="bbox 2252 5476 3875 5567">
    <p class='ocr_par' dir='ltr' id='par_1_116' title="bbox 2252 5476 3875 5567">
     <span class='ocr_line' id='line_1_117' title="bbox 2252 5476 3875 5567; baseline -0.007 -25"><span class='ocrx_word' id='word_1_883' title='bbox 2252 5489 2604 5561; x_wconf 84' lang='grc' dir='ltr'><strong>Σευηριανὸς,</strong></span> <span class='ocrx_word' id='word_1_884' title='bbox 2636 5486 2820 5562; x_wconf 77' lang='grc' dir='ltr'><strong>τεύχει</strong></span> <span class='ocrx_word' id='word_1_885' title='bbox 2853 5493 2951 5557; x_wconf 62' lang='grc' dir='ltr'>νς,</span> <span class='ocrx_word' id='word_1_886' title='bbox 2984 5486 3137 5565; x_wconf 83' lang='grc' dir='ltr'><strong>λόγω</strong></span> <span class='ocrx_word' id='word_1_887' title='bbox 3184 5489 3251 5564; x_wconf 68' lang='grc' dir='ltr'><strong>γ’,</strong></span> <span class='ocrx_word' id='word_1_888' title='bbox 3306 5487 3584 5567; x_wconf 66' lang='grc' dir='ltr'>κεφαλαίῳ</span> <span class='ocrx_word' id='word_1_889' title='bbox 3633 5483 3715 5547; x_wconf 68' lang='grc' dir='ltr'><strong>ιδ’,</strong></span> <span class='ocrx_word' id='word_1_890' title='bbox 3750 5476 3875 5567; x_wconf 17' lang='grc' dir='ltr'><strong>,ταύ-</strong></span> 
     </span>
    </p>
   </div>
   <div class='ocr_carea' id='block_1_117' title="bbox 2246 5565 3862 5653">
    <p class='ocr_par' dir='ltr' id='par_1_117' title="bbox 2246 5565 3862 5653">
     <span class='ocr_line' id='line_1_118' title="bbox 2246 5565 3862 5653; baseline 0.001 -21"><span class='ocrx_word' id='word_1_891' title='bbox 2246 5597 2346 5646; x_wconf 87' lang='grc' dir='ltr'>την</span> <span class='ocrx_word' id='word_1_892' title='bbox 2375 5596 2433 5632; x_wconf 86' lang='grc' dir='ltr'>τε</span> <span class='ocrx_word' id='word_1_893' title='bbox 2474 5574 2639 5647; x_wconf 70' lang='grc' dir='ltr'><strong>αὐτὴν</strong></span> <span class='ocrx_word' id='word_1_894' title='bbox 2696 5576 2861 5631; x_wconf 87' lang='grc' dir='ltr'><strong>εἰπὼν</strong></span> <span class='ocrx_word' id='word_1_895' title='bbox 2920 5582 3019 5632; x_wconf 87' lang='grc' dir='ltr'>τοῦ</span> <span class='ocrx_word' id='word_1_896' title='bbox 3077 5579 3496 5653; x_wconf 78' lang='grc' dir='ltr'><strong>Χρυσοστόμου,</strong></span> <span class='ocrx_word' id='word_1_897' title='bbox 3543 5574 3627 5632; x_wconf 80' lang='grc' dir='ltr'><strong>καὶ</strong></span> <span class='ocrx_word' id='word_1_898' title='bbox 3681 5565 3862 5653; x_wconf 72' lang='grc' dir='ltr'><strong>ἄλληνζ</strong></span> 
     </span>
    </p>
   </div>
   <div class='ocr_carea' id='block_1_118' title="bbox 2246 5649 3865 5742">
    <p class='ocr_par' dir='ltr' id='par_1_118' title="bbox 2246 5649 3865 5742">
     <span class='ocr_line' id='line_1_119' title="bbox 2246 5649 3865 5742; baseline -0.004 -21"><span class='ocrx_word' id='word_1_899' title='bbox 2246 5666 2392 5733; x_wconf 84' lang='grc' dir='ltr'><strong>Ὁτι,</strong></span> <span class='ocrx_word' id='word_1_900' title='bbox 2421 5665 2610 5742; x_wconf 70' lang='grc' dir='ltr'><strong>φησὶν,</strong></span> <span class='ocrx_word' id='word_1_901' title='bbox 2642 5664 2670 5719; x_wconf 86' lang='grc' dir='ltr'><strong>ὁ</strong></span> <span class='ocrx_word' id='word_1_902' title='bbox 2698 5666 2999 5740; x_wconf 81' lang='grc' dir='ltr'><strong>πορνεύων,</strong></span> <span class='ocrx_word' id='word_1_903' title='bbox 3031 5664 3107 5729; x_wconf 80' lang='grc' dir='ltr'><strong>εἰς</strong></span> <span class='ocrx_word' id='word_1_904' title='bbox 3137 5665 3239 5736; x_wconf 69' lang='grc' dir='ltr'><strong>τήν</strong></span> <span class='ocrx_word' id='word_1_905' title='bbox 3297 5663 3442 5722; x_wconf 77' lang='grc' dir='ltr'>ἰδίαν</span> <span class='ocrx_word' id='word_1_906' title='bbox 3489 5664 3742 5726; x_wconf 80' lang='grc' dir='ltr'><strong>σύστασιν,</strong></span> <span class='ocrx_word' id='word_1_907' title='bbox 3783 5649 3865 5707; x_wconf 70' lang='grc' dir='ltr'>διιῖ</span> 
     </span>
    </p>
   </div>
  </div>
