4188 6196
310 403 425 461 ’117

1222 406 1638 469 COMMEN'I‘.
1686 406 1767 467 IN
1810 405 2067 467 EPIST.
2114 405 2138 464 Ι
2183 406 2284 465 AD
2327 407 2697 467 CORINTH.

3595 414 3716 477 718

309 530 390 596 εἰς
422 532 590 602 αύτήν
620 537 722 604 τήν
775 539 873 589 τοῦ
930 537 1185 611 σώματος
1241 544 1338 595 τοῦ
1395 540 1739 613 ἀνθρωπείου
1796 561 1959 596 κατα-

2077 539 2266 612 ipsam
2298 541 2503 599 dicens
2534 561 2664 600 esse
2694 545 3096 618 Chrysostomi
3125 564 3137 603 :
3167 554 3227 603 et
3254 550 3609 616 aliam.Quia
3644 553 3719 624 is,

313 624 512 690 σκευήν
548 619 897 697 πλημμελεῖ,
952 622 1245 701 ἐνυϐρίζων
1303 629 1381 693 είς
1432 629 1495 684 τὸ
1553 632 1651 684 τοῦ
1709 630 1963 702 σώματος

311 713 475 782 ἡμῶν
500 711 873 787 ἑργαστήριον.
911 715 1020 769 Καὶ
1060 715 1258 786 ἄλλην·
1313 719 1435 787 “Ott
1492 722 1653 791 σῶμα
1698 721 1964 791 Χριστοῦ,

311 800 403 855 καὶ
442 799 584 874 μέλη
653 806 888 874 Χριστοῦ
946 802 1088 860 ἔστιν
1123 806 1151 860 6
1192 804 1495 882 ἄνθρωπος.
1554 809 1617 865 Ὀ
1675 807 1767 862 οῦν
1797 807 1872 869 εἰς
1901 806 1965 862 τὸ

316 886 459 944 ἴδιον
480 895 640 964 σῶμα
666 889 1043 966 πλημμελῶν,
1074 893 1150 958 είς
1194 896 1430 970 Χριστὸν
1486 893 1838 969 πλημμελεῖ,
1866 896 1966 963 τὴν

312 976 559 1056 κεφαλὴν
602 981 786 1051 ἡμῶν,
846 980 909 1035 οὗ
956 982 1047 1037 καὶ
1102 984 1227 1045 ναός
1284 982 1397 1040 ἐστι
1447 985 1513 1040 τὸ
1569 988 1750 1057 σῶμα.
1812 983 1968 1042 Μετά

311 1070 533 1123 πάντων
564 1067 852 1125 καὶταῦτα
909 1068 1053 1142 δέξαι
1109 1072 1154 1127 εί
1218 1071 1429 1148 βούλει*
1491 1073 1708 1148 Ἐξᾶραι
1768 1070 1969 1148 βουλό-

315 1177 476 1229 μενος
506 1158 567 1212 τὸ
596 1164 695 1227 τῆς
738 1160 986 1235 πορνείας
1044 1162 1365 1237 ἁμάρτημα,
1423 1163 1674 1218 τοιοῦτόν
1731 1183 1849 1217 τινα
1883 1158 1967 1218 λέ-

311 1267 397 1321 γει
459 1247 687 1317 σκοπὸν,
747 1249 832 1303 ὅτι
892 1248 1100 1325 μυρίων
1160 1250 1311 1322 ἄξιος
1368 1253 1963 1328 τιμωριῶνὸπόρνος.

308 1331 375 1388 Ὀ
407 1332 515 1409 γὰρ
542 1336 639 1388 τοῦ
674 1331 967 1409 μολυσμοῦ
1010 1342 1109 1391 τοῦ
1141 1337 1346 1392 οἰκείου
1380 1337 1640 1410 σώματοσ
1674 1338 1751 1411 μὴ
1782 1334 1964 1412 φειδό-

317 1441 502 1494 μενος,
558 1425 678 1487 πῶς
732 1421 909 1479 ἄλλου
968 1426 1211 1503 φείσαιτο
1249 1445 1263 1495 ;
1300 1432 1359 1485 ’0
1387 1427 1489 1502 γὰρ
1548 1427 1722 1499 ἑαυτῷ
1777 1426 1964 1495 κακὸς,

312 1509 423 1566 τίνι
454 1510 657 1587 ἀγαθός
689 1531 704 1582 ;

387 1680 491 1738 Καὶ
590 1679 821 1746 ἄλλως.
900 1685 1208 1759 Γέγραπται
1277 1684 1401 1759 περὶ
1465 1689 1563 1739 τοῦ
1619 1682 1815 1759 ἀνδρὸς
1873 1682 1964 1738 καὶ

314 1776 417 1841 τῆς
443 1771 721 1846 γυναικὸς,
758 1798 785 1824 (ι
818 1773 1071 1830 Ἔσονται
1133 1775 1184 1828 οἱ
1246 1771 1342 1829 δύο
1401 1773 1479 1838 είς
1534 1772 1703 1849 σάρκα
1756 1773 1905 1847 μίαν.
1936 1797 1963 1823 ››

2069 628 2394 702 inquit,qui
2426 638 2741 689 scortatur.
2774 634 2834 690 in
2866 636 3169 707 propriam
3202 643 3408 708 peccat
3436 638 3722 694 substan-

2072 719 2217 773 tiatn
2249 724 2307 773 et
2331 720 2391 773 in
2423 720 2613 791 ipsam
2672 721 2917 777 humani
2950 724 3215 795 corporis
3271 726 3714 793 formationem,

2072 807 2357 879 injuriam
2388 825 2671 865 exercens
2700 810 2763 865 in
2794 812 3060 883 corporis
3094 814 3281 868 nostri
3321 814 3722 871 ofﬁcinam.Et

2074 899 2309 953 tertiam
2334 916 2347 954 :
2371 899 2518 965 Quia
2538 916 2753 973 corpus
2784 902 3001 957 Christi
3029 908 3087 958 et
3106 904 3376 960 membra
3396 905 3573 961 homo
3604 911 3715 973 est,

2076 986 2176 1057 qui
2210 988 2270 1042 in
2302 990 2606 1061 proprium
2638 997 2844 1062 peccat
2873 992 3185 1064 corpus,in
3214 994 3512 1050 Christum
3542 1000 3721 1067 caput

2073 1082 2344 1133 nostrum
2374 1085 2599 1150 peccat,
2633 1080 2803 1152 cujus
2832 1081 3011 1137 etiam
3046 1082 3332 1154 templum
3363 1089 3453 1139 est
3482 1101 3716 1156 corpus.

2073 1166 2235 1221 Inter
2263 1167 2464 1223 omnia
2493 1184 2628 1224 vero
2660 1175 2720 1224 et
2749 1170 2875 1225 hinc
2921 1170 3124 1242 accipe
3156 1171 3203 1225 si
3235 1170 3466 1242 placet:
3500 1172 3717 1228 Volens

2072 1256 2450 1312 scortationis
2467 1274 2681 1329 augere
2694 1259 3213 1330 peccatum,talem
3230 1261 3573 1332 quempiam
3595 1277 3719 1317 sco-

2073 1361 2216 1415 pum
2248 1344 2447 1408 habet,
2500 1363 2716 1418 nempe
2770 1347 2927 1419 quod
2966 1349 3299 1404 innumeris
3357 1349 3570 1422 dignus
3629 1354 3721 1405 est

2075 1438 2366 1489 scortator
2395 1434 2705 1507 suppliciis
2737 1453 2750 1490 :
2786 1437 2887 1507 qui
2921 1437 3079 1492 enim
3111 1454 3229 1492 non
3260 1437 3521 1493 abstinet
3547 1456 3582 1493 a
3609 1437 3718 1495 fae-

2072 1519 2267 1576 dando
2296 1523 2537 1594 proprio
2570 1539 2837 1596 corpore,
2872 1526 3170 1597 quomodo
3205 1526 3277 1581 ab
3309 1526 3424 1583 alio
3455 1527 3718 1584 abstine-

2072 1608 2211 1665 bit?
2239 1612 2382 1667 Nam
2416 1613 2517 1684 qui
2548 1614 2660 1668 sibi
2694 1630 2953 1687 nequam
2985 1620 3096 1687 est,
3129 1617 3221 1673 cui
3250 1616 3444 1674 bonus
3475 1618 3634 1674 erit?

2141 1700 2274 1755 Alio
2325 1718 2543 1773 quoque
2596 1704 2779 1759 modd.
2841 1704 3137 1777 Scriptum
3196 1711 3285 1762 est
3343 1707 3417 1762 de
3483 1708 3605 1762 viro
3662 1712 3722 1762 et

2074 1787 2325 1845 muliere
2353 1806 2365 1844 :
2399 1793 2546 1847 471
2610 1813 2639 1842 ‹‹
2698 1794 2884 1848 Erunt
2911 1793 3028 1850 duo
3058 1794 3121 1848 in
3179 1810 3418 1851 carnem
3448 1812 3651 1851 unam.
3687 1817 3716 1845 »

310 1859 375 1916 '0
428 1857 520 1914 οῦν
585 1860 661 1933 μὴ
718 1859 875 1935 νόμῳ
932 1861 1393 1938 ἐπιτετραμμένος
1452 1860 1543 1918 λαὶ
1598 1864 1729 1935 θείῳ
1777 1862 1962 1937 γάμῳ,

2074 1876 2180 1941 Qui
2209 1894 2343 1949 ergo
2390 1896 2510 1935 non
2554 1880 2682 1953 lege
2731 1880 3014 1938 divinisve
3062 1883 3415 1955 conjunctus
3467 1889 3559 1939 est
3602 1900 3717 1939 nu-

314 1947 462 2004 ἀλλὰ
490 1949 790 2022 πορνεύων,
824 1948 943 2006 δέον
972 1948 1119 2027 ἔχειν
1175 1952 1360 2026 τίμιον
1408 1950 1582 2028 γάμον
1629 1952 1719 2006 καὶ
1774 1951 1966 2019 κοίτην

313 2037 598 2110 ἀμίαντον,
659 2039 719 2095 ἐκ
771 2047 875 2110 τῆς
927 2042 1180 2117 πορνείας
1221 2040 1313 2097 καί
1365 2048 1465 2111 τῆς
1532 2036 1670 2096 ἔνθεν
1729 2040 1965 2114 ἀκαθαρ-

317 2125 461 2195 σίας,
518 2123 790 2205 ἰνυϐρίζει
835 2130 930 2185 τὸν
983 2132 1157 2205 γάμον
1184 2131 1275 2186 καὶ
1327 2131 1428 2200 τήν
1484 2134 1734 2207 γυναῖκα.
1791 2132 1850 2187 Ὀ
1909 2126 1966 2184 δὲ

313 2219 481 2271 τοῦτο
511 2221 707 2289 ποιῶν,
740 2216 820 2279 sic
850 2215 992 2273 ἴδιον
1042 2225 1203 2293 σῶμα
1256 2220 1572 2296 ἁμαρτάνει,
1603 2218 1681 2281 είς
1736 2218 1835 2287 τήν
1863 2240 1963 2293 γυ-

316 2310 478 2360 ναῖκα
507 2307 856 2382 ἁμαρτάνων,
888 2307 1012 2377 ἥτις
1066 2305 1120 2364 ἓν
1173 2310 1334 2383 σῶμά
1390 2307 1503 2363 ἐστι
1557 2308 1690 2381 μετᾶ
1743 2312 1841 2363 τοῦ
1870 2308 1965 2362 ἀν-

316 2390 465 2467 δρός.
502 2394 600 2452 Καὶ
624 2397 785 2468 σῶμά
815 2395 928 2452 ἐστι
957 2401 1056 2453 τοῦ
1086 2394 1302 2473 ἀνδρὸς,
1344 2398 1476 2462 καθὸ
1532 2394 1744 2472 πλευρᾶ
1799 2396 1963 2451 αὐτοῦ

314 2481 457 2537 ἐστιν
488 2484 579 2538 καὶ
609 2482 659 2554 ἐξ
694 2487 863 2540 αύτοῦ
916 2484 1153 2565 ἐλήφθη.
1210 2489 1327 2556 Τήν
1390 2484 1702 2542 τελευταίαν
1756 2484 1963 2558 νομίξω

310 2568 616 2642 καλλίστην
646 2572 808 2626 εἶναι’
843 2570 1113 2644 ἀνελλιπῆ
1156 2574 1262 2651 γάρ
1312 2574 1414 2643 τήν
1465 2577 1565 2629 τοῦ
1616 2572 1787 2649 ῥητοῦ
1845 2570 1963 2626 διά-

306 2680 460 2715 νοιαν
490 2662 673 2731 σώζει.
728 2661 1052 2737 Εὐρίσκεται
1094 2664 1197 2739 γὰρ
1255 2662 1451 2727 οὕτως’
1504 2668 1616 2720 Ιῐᾶν
1663 2661 1964 2737 ἁμάρτημα

304 2751 333 2804 ’ὀ
360 2748 422 2805 ἃν
448 2751 623 2826 πράξῃ
653 2748 963 2828 ἄνθρωπος,
995 2751 1149 2817 ἐκτός
1203 2751 1317 2809 ἐστι
1345 2761 1447 2824 τῆς
1504 2753 1642 2823 πρὸς
1706 2754 1806 2822 τὴν
1863 2774 1962 2830 γυ·-

302 2844 461 2894 ναῖκα
521 2838 759 2914 ἐπιμίξει
818 2841 1102 2918 παροινίας
1137 2888 1152 2915 ,
1210 2842 1303 2897 καὶ
1359 2841 1691 2919 ἀκαθαρσίας
1725 2886 1737 2899 .
1795 2842 1858 2898 Ὁ
1905 2839 1962 2896 δὲ

302 2928 578 3000 πορνεύων
612 2973 628 3000 ,
688 2931 763 2993 είς
813 2934 913 3003 τήν
968 2937 1197 3007 γυναῖκα
1248 2930 1566 3008 ἁμαρτάνει,
1631 2930 1961 3006 ἀκαθαρσίας

306 3019 479 3088 αύτήν
539 3018 897 3092 ἆναπιμπλάς
945 3020 1036 3075 καὶ
1076 3021 1470 3100 αίσχρότητος.
1502 3020 1599 3075 Καὶ
1649 3024 1747 3075 τοῦ
1806 3019 1960 3095 ἁγίου

307 3108 631 3171 Ἀθανασίου
688 3109 799 3164 ἐστί
862 3109 998 3185 πρὸς
1052 3110 1271 3171 τούτοις
1332 3110 1527 3164 ἅπασιν
1573 3108 1851 3182 ἑρμηνεία,
1904 3107 1956 3163 ἐν

309 3201 391 3269 τῷ
450 3197 579 3273 Περὶ
636 3202 836 3272 σεμνοῦ
892 3198 1071 3275 γάμου
1107 3242 1124 3270 ,
1179 3199 1272 3253 καὶ
1329 3199 1467 3273 πρὸς
1529 3196 1747 3261 τούτοις
1799 3194 1955 3257 ὅλοις

311 3265 655 3361 ἡρμήνευσεν
688 3265 881 3348 οὕτως·
905 3265 1069 3362 ’Πρὸς
1107 3265 1500 3361 γὰϐροδιαίτους
1534 3287 1623 3341 καὶ
1679 3284 1953 3365 φιλοσάρ-
1992 3265 2041 3332 c

309 3396 441 3439 κους
472 3376 696 3454 γράφων
727 3377 756 3432 6
787 3376 1025 3448 Παῦλος,
1083 3380 1153 3451 τῇ
1207 3375 1382 3432 αὐτῶν
1441 3374 1771 3453 φιλοσαρκίᾳ
1828 3396 1955 3429 συν-

309 3469 457 3543 εργῷ
478 3464 754 3540 ἐχρήσατο
783 3466 922 3542 πρὸς
977 3468 1077 3535 τὴν
1130 3472 1231 3536 τῆς
1286 3465 1539 3541 πορνείας
1604 3466 1956 3540 παραίτησιν,

309 3558 474 3610 τοῦτο
506 3553 703 3630 λέγων,
735 3553 821 3610 ὅτι
850 3558 918 3609 τὰ
945 3552 1117 3610 λοιπᾶ
1170 3555 1539 3630 ἁμαρτήματα
1594 3555 1778 3630 ψυχὴν
1836 3551 1956 3609 ἀδι-

307 3651 416 3715 κεῖ,
446 3645 537 3701 καὶ
569 3644 646 3707 εἰς
695 3644 861 3715 αὐτὴν
920 3644 1093 3719 μόνην
1151 3646 1251 3715 τήν
1316 3638 1529 3719 βλάϐην
1582 3643 1954 3720 παραπέμπειι

311 3736 340 3790 6
371 3731 429 3789 δὲ
458 3755 519 3810 γε
574 3733 875 3810 πορνεύων.
930 3733 1023 3789 σὺν
1051 3737 1119 3808 τῇ
1152 3736 1307 3812 ψυχῇ
1361 3734 1450 3788 καὶ
1508 3733 1571 3788 τὸ
1630 3737 1789 3806 σῶμα
1837 3732 1957 3789 ἀδι-

308 3829 415 3893 κεῖ,
446 3824 676 3900 φθείρων
714 3823 845 3879 αὐτὸ
898 3823 989 3879 καὶ
1046 3820 1387 3896 ἐκδυναμῶν,
1437 3822 1529 3878 καὶ
1579 3824 1672 3878 τὸν
1718 3824 1955 3899 ψυχικὸν

311 3914 401 3967 καὶ
438 3913 667 3982 ζωτικὸν
695 3914 965 3988 καθαιρῶν
1009 3913 1190 3981 τόνον,
1220 3911 1295 3972 ὡς
1356 3910 1404 3966 εἴ
1460 3912 1630 3967 εἶπεν·
1698 3913 1961 3969 Φείσασθε

311 4000 411 4056 κᾶν
440 4005 538 4056 τοῦ
615 4001 870 4076 σώματος
930 4002 1083 4076 ὑμῶν
1138 4002 1168 4056 ’ὀ
1225 3998 1507 4075 περιέπετε
1559 3999 1649 4056 καὶ
1704 4001 1957 4073 θάλπετε,

315 4091 406 4146 καὶ
484 4096 547 4147 οῦ
607 4092 864 4167 πρόνοιαν
924 4090 1191 4161 πλείστην
1248 4093 1504 4146 ποιεῖσθε.
1541 4123 1607 4133 -
1640 4092 1797 4163 [ΤΟΥ
1845 4095 1958 4149 AT-

314 4183 490 4254 ΤΟΥ,]
519 4181 581 4237 Τί
613 4183 705 4237 οὖν
735 4204 750 4253 ;
786 4183 815 4236 6
846 4182 1068 4260 φθόνος,
1108 4180 1294 4259 φησὶν,
1337 4179 1399 4235 οὐ
1457 4182 1611 4251 τήκει
1662 4181 1724 4235 τὸ
1758 4185 1958 4252 σῶμα;

314 4270 366 4325 τί
400 4270 492 4325 οῦν
526 4271 696 4344 μόνην
726 4272 826 4340 τήν
882 4268 1133 4345 πορνείαν
1190 4272 1353 4323 τοῦτο
1384 4269 1490 4344 φὴς
1545 4274 1721 4323 ποιεῖν
1754 4287 1767 4336 ;
1829 4270 1958 4323 Δίαν

313 4360 572 4439 ἀσφαλῶς
630 4360 773 4416 εἶπεν
847 4361 875 4415 6
957 4356 1316 4420 Ἀπόστολος.
1389 4358 1533 4427 Φησὶ
1592 4358 1715 4432 γὰρ.
1773 4383 1801 4411 ‹‹
1853 4361 1962 4416 ΙῙᾶν

316 4451 619 4527 ἁμάρτημα
640 4451 668 4505 ὃ
700 4448 786 4505 ἐὰν
821 4450 1041 4521 ποιήσει
1071 4447 1373 4522 ἅνθρωπος,
1431 4445 1582 4509 ἐκτὸς
1628 4451 1724 4502 τοῦ
1782 4449 1965 4523 σώμα-

312 4537 407 4602 τός
460 4539 679 4596 ἐστιν’»
739 4540 767 4594 ὁ
825 4536 883 4593 δὲ
964 4537 1160 4615 φθόνος
1219 4535 1281 4591 ού
1335 4534 1539 4611 γίνεται
1596 4537 1723 4612 παρ’
1778 4539 1961 4611 ἡμῶν,

2073 1966 2346 2037 ptiis,sed
2377 1970 2797 2039 scortatur,ubi
2830 1988 2977 2043 opus
3007 1976 3166 2027 esset
3188 1971 3599 2029 honorandum
3618 1972 3719 2028 ha-

2073 2053 2212 2110 bere
2262 2057 2624 2113 connubium
2682 2064 2998 2130 torumque
3056 2059 3508 2116 immaculatum
3543 2059 3612 2125 ⁸⁸,
3645 2077 3717 2116 ex

2075 2144 2432 2201 scortatione
2480 2152 2540 2202 et
2568 2148 2947 2203 immunditia
2976 2165 3108 2219 quae
3138 2147 3279 2203 inde
3327 2148 3596 2220 provenit
3625 2149 3714 2205 in-

2065 2233 2229 2305 juria
2280 2234 2468 2290 afficit
2517 2236 2756 2308 nuptias
2806 2243 2865 2293 et
2916 2253 3184 2292 uxorem.
3217 2237 3325 2303 Qui
3373 2243 3573 2293 autem
3604 2238 3718 2293 hoc

2071 2323 2302 2391 facit,in
2324 2325 2628 2396 proprium
2651 2343 2863 2398 corpus
2882 2326 3199 2398 delinquit,
3222 2326 3364 2381 dum
3389 2326 3450 2381 in
3472 2343 3717 2383 uxorem

2073 2409 2389 2483 delinquit,
2424 2429 2554 2484 quae
2586 2430 2773 2469 unum
2806 2431 3020 2486 corpus
3080 2420 3169 2470 est
3199 2431 3335 2470 cum
3390 2414 3550 2482 viro;
3599 2415 3718 2471 imo

2072 2517 2286 2573 corpus
2309 2502 2415 2557 viri
2449 2510 2538 2559 est
2560 2520 2629 2559 ea
2650 2505 2879 2560 ratione
2899 2522 3018 2577 qua
3040 2506 3227 2577 ipsius
3247 2505 3404 2561 latus
3437 2511 3527 2561 est
3557 2512 3617 2562 et
3645 2506 3718 2562 ab

2072 2606 2140 2645 eo
2174 2588 2429 2663 sumpta.
2462 2592 2683 2648 Harum
2734 2594 3299 2667 interpretationum
3354 2600 3716 2666 postremam

2071 2678 2328 2733 arbitror
2378 2695 2506 2736 esse
2564 2681 3049 2753 pulcherrimam.
3101 2683 3300 2739 Servat
3335 2685 3495 2738 enim
3550 2683 3714 2738 verbi

2071 2768 2451 2836 sententiam,
2483 2769 2568 2825 sic
2598 2776 2663 2825 ut
2690 2771 2841 2825 nihil
2871 2771 2961 2826 illi
2993 2770 3168 2839 desit,
3200 2771 3472 2843 nihilque
3520 2771 3711 2826 abun-

2071 2854 2187 2910 det.
2223 2858 2367 2912 Nam
2400 2857 2512 2913 hoc
2557 2859 2736 2914 modo
2766 2859 3084 2914 deducitur
3116 2876 3129 2914 :
3162 2862 3349 2916 Omne
3405 2865 3715 2931 peccatum

2069 2945 2465 3016 quodcunque
2496 2946 2705 3002 fecerit
2733 2948 3093 3015 homo,illud
3122 2947 3466 3020 Operabitur
3490 2948 3715 3020 absque

2069 3035 2430 3089 contumelia
2446 3052 2514 3090 ac
2534 3035 2911 3091 immunditia
2938 3053 3069 3107 qum
3104 3037 3170 3091 fit
3198 3037 3260 3091 in
3294 3052 3577 3092 uxorem:
3613 3036 3714 3108 qui

2069 3128 2266 3178 autem
2301 3125 2684 3191 scortatur,in
2717 3142 2962 3181 uxorem
2993 3126 3613 3198 peccat,immunditia
3647 3143 3718 3182 ac

2070 3212 2435 3283 turpitudine
2466 3214 2657 3285 ipsam
2690 3215 2948 3286 replens.
2975 3216 3194 3271 Prmter
3217 3216 3343 3271 haec
3372 3216 3572 3271 omnia
3601 3214 3719 3270 divi

2069 3317 2305 3372 quoquc
2336 3302 2642 3358 Athanasii
2674 3303 2850 3359 datur
2874 3304 3311 3375 interpretatio,
3345 3303 3446 3375 qui
3480 3303 3541 3358 in
3568 3303 3719 3358 libro

2064 3391 2138 3445 De
2164 3395 2488 3449 venerandis
2511 3394 2914 3464 nuptiis,ultra
2940 3394 3054 3449 ista
3076 3394 3282 3449 omnia
3308 3394 3390 3450 ita
3419 3394 3718 3465 interpre-

2064 3482 2221 3534 tatus
2237 3485 2326 3534 est
2342 3496 2355 3534 :
2371 3481 2458 3535 Ad
2480 3480 2765 3536 delicatos
2783 3498 2850 3536 ac
2864 3479 3268 3553 voluptuarios
3284 3480 3556 3536 scribens
3576 3481 3723 3535 Pau-

2064 3566 2159 3622 lus
2188 3568 2408 3624 auxilio
2468 3570 2856 3641 voluptuarize
2887 3587 3095 3625 eorum
3147 3570 3278 3625 vitae
3319 3586 3465 3624 usus
3523 3573 3611 3624 est
3644 3567 3718 3623 ad

2066 3659 2441 3714 scorta’ionis
2481 3658 2919 3731 depulsionem,
2937 3660 3051 3715 hoc
3084 3658 3476 3729 dicens,quod
3503 3662 3719 3713 caetera

2070 3753 2312 3818 peccata
2332 3747 2598 3803 animam
2622 3748 2842 3819 injuria
2862 3748 3292 3815 afﬁciunt,etin
3313 3747 3501 3802 solam
3524 3746 3713 3815 ipsam

2070 3838 2960 3903 nocumentumtransmittunt;
2986 3837 3087 3907 qui
3110 3852 3243 3891 vero
3270 3839 3717 3900 scortatur,cor-

2068 3942 2181 3996 pus
2200 3941 2319 3981 una
2340 3942 2475 3980 cum
2498 3926 2701 3981 anima
2713 3924 3547 3996 afﬁcitinjuria,corrumpens
3568 3919 3720 3976 illud

2070 4030 2139 4068 ac
2171 4014 2512 4081 debilitans,
2550 4020 2608 4068 et
2657 4013 2979 4069 animalem
3037 4028 3104 4068 ac
3146 4011 3385 4067 vitalem
3443 4010 3722 4066 auferens

2068 4102 2437 4176 κήδοι-ειη.Αο
2470 4103 2519 4157 si
2552 4103 2802 4158 dixisset
2835 4120 2848 4155 :
2880 4101 3111 4157 Parcite
3146 4101 3236 4157 vel
3268 4100 3500 4174 corpori
3528 4106 3721 4156 vestro

2072 4191 2233 4263 quod
2264 4191 2533 4246 excolitis
2563 4208 2631 4246 ac
2651 4191 2951 4258 fovetis,et
2977 4192 3149 4264 cujus
3173 4206 3470 4246 summam
3493 4188 3726 4244 habetis

2071 4279 2386 4335 rationem.
2416 4311 2483 4319 —
2516 4279 2663 4345 Quid
2697 4278 2878 4352 ergo?
2906 4296 3108 4335 annon
3142 4284 3201 4333 et
3238 4278 3459 4333 invidia
3511 4293 3727 4347 corpus

2072 4367 2508 4423 macerat?cur
2554 4384 2692 4439 ergo
2742 4369 2930 4423 solam
2963 4369 3389 4424 scortationem
3436 4366 3586 4421 dicis
3616 4365 3729 4419 hoc

2071 4458 2266 4512 facere
2288 4456 2316 4512 ‘I
2340 4457 2519 4512 Caute
2551 4457 2876 4512 admodum
2908 4459 3143 4514 locutus
3165 4464 3257 4513 est
3286 4455 3629 4528 Apostolus.
3655 4456 3729 4507 At

2075 4546 2237 4602 enim
2271 4569 2299 4597 «
2329 4547 2517 4602 Omne
2549 4550 2856 4618 peccatum
2881 4547 3279 4619 quodcunque
3312 4544 3519 4600 fecerit
3549 4543 3726 4598 homo

312 4627 781 4706 ἀλλ’ἐνγργεῖται
840 4627 917 4690 εἷς
976 4628 1144 4701 ἡμᾶς·
1211 4625 1499 4702 πάσχομεν
1555 4624 1679 4701 γάρ,
1739 4624 1867 4681 ἀλλ’
1898 4628 1962 4684 ού

2074 4641 2238 4691 extra
2267 4653 2481 4708 corpus
2514 4642 2646 4700 est;
2678 4659 2705 4686 ››
2739 4636 2963 4691 invidia
2991 4652 3125 4691 vero
3179 4652 3296 4690 non
3334 4634 3400 4688 fit
3441 4650 3476 4688 a
3529 4631 3726 4698 nobis,

314 4721 584 4790 ποιοῦμεν
614 4719 708 4772 τὸν
739 4717 953 4794 φθόνον,
984 4716 1076 4771 καὶ
1105 4715 1273 4777 πάθος
1324 4713 1485 4787 ἐστὶν,
1536 4710 1665 4768 ἀλλ’
1694 4714 1792 4771 οὐκ
1821 4716 1969 4795 ἐνέρ-

316 4829 461 4883 γεια,
491 4806 616 4883 περὶ
647 4805 911 4883 ἐνεργείας
951 4801 1007 4860 δὲ
1034 4809 1123 4859 νῦν
1180 4805 1209 4859 6
1267 4802 1436 4879 λόγος
1491 4806 1572 4875 τῷ
1627 4804 1968 4883 Ἀποστόλῳ·

321 4898 455 4977 φησί
486 4898 611 4973 γὰρ,
644 4920 673 4948 «ί
711 4899 819 4951 Πᾶν
850 4895 1151 4969 ἁμάρτημα
1182 4893 1211 4949 ’ὀ
1244 4891 1330 4947 ἐὰν
1357 4894 1563 4967 ποιήσῃ
1597 4892 1907 4968 ἄνθρωπος·
1944 4923 1973 4952 ››

322 4987 389 5042 οὐ
424 4995 535 5058 μην
564 4986 690 5062 περὶ
749 4983 978 5049 πάθους.
1005 5014 1075 5025 —
1104 4979 1333 5044 ’Ἄλλως
1394 4982 1610 5054 [ΦΩΤ.]
1679 4982 1822 5040 Αὐτὸ
1878 5009 1975 5061 με..

328 5076 468 5150 ρίζει
495 5074 559 5130 τὸ
584 5071 729 5129 ’ίδιον
757 5076 941 5147 σῶμα,
968 5072 1059 5126 καὶ
1092 5070 1169 5133 εἷς
1201 5071 1410 5138 ἑαυτὸν,
1438 5066 1567 5124 ἀλλ’
1616 5069 1715 5125 οὐκ
1736 5072 1810 5137 εἰς
1843 5073 1900 5131 ἄ)
1918 5075 1976 5131 λ-

323 5163 423 5220 λον
453 5167 555 5235 τὴν
585 5162 796 5219 ἀδικίαν
843 5158 1229 5226 ἐπιδείκνυται,
1290 5158 1422 5234 ὅπερ
1480 5158 1564 5213 ἐπ’
1630 5159 1810 5217 οὐδενὶ
1864 5170 1976 5220 τῶν

322 5252 512 5310 ἄλλων
556 5250 697 5309 ἔστιν
745 5252 917 5327 εὑρεῖν
973 5250 1405 5327 άμαοτημάτων.
1468 5248 1665 5311 Πάντες
1719 5250 1819 5327 γάρ
1877 5253 1977 5314 ἄλ,

324 5343 457 5405 λους
494 5342 828 5417 βλάπτοντες
894 5340 1316 5416 ἁμαρτάνουσιν,
1347 5338 1375 5391 6
1406 5332 1465 5392 δὶ
1520 5340 1822 5412 πορνεύων,
1855 5343 1980 5398 ἐαυ-

318 5434 413 5488 τὸν
449 5430 708 5509 βλάπτων
736 5431 827 5486 καὶ
857 5432 1193 5485 κακοποιῶν.
1228 5458 1297 5469 -—
1328 5422 1581 5487 νΔλλως.
1617 5427 1681 5484 Ἡ
1710 5426 1975 5509 ἐπαγωγή

322 5520 563 5579 δείκνυσι
588 5525 690 5593 τὴν
722 5518 926 5578 ἔννοιαν
955 5524 1054 5576 τοῦ
1084 5517 1521 5594 προτεταγμένου
1565 5517 1733 5587 αὐτῆς
1785 5520 1976 5592 ῥητοῖν

391 5675 442 5711 ⁸⁸
466 5676 644 5733 Hebr.
674 5692 797 5744 xm,
829 5677 882 5732 4.

2081 4725 2187 4780 sed
2215 4724 2276 4779 in
2303 4741 2412 4780 nos
2433 4724 2709 4780 efffcitur.
2744 4726 3010 4780 Patimur
3039 4725 3201 4780 enim
3248 4729 3307 4778 et
3331 4738 3452 4777 non
3501 4721 3731 4794 agimus

2083 4813 2386 4879 invidiam,
2421 4814 2739 4885 passioque
2767 4819 2857 4869 est
2886 4820 2943 4869 et
2972 4829 3092 4868 non
3121 4812 3274 4868 actio
3305 4827 3502 4866 :nunc
3533 4814 3732 4865 autem

2084 4903 2157 4959 de
2179 4902 2410 4959 actione
2425 4919 2762 4958 sermonem
2786 4902 2924 4957 facit
2936 4901 3731 4974 Apostolus,etnequaquam

2085 4991 2157 5047 de
2184 4990 2585 5064 passione.Ait
2607 4991 2765 5046 enim
2789 5009 2802 5046 :
2834 5014 2862 5042 «
2884 4992 3069 5047 Omne
3101 4995 3408 5063 peccatum
3433 4987 3735 5060 quodcun-

2086 5097 2201 5152 que
2229 5081 2437 5135 fecerit
2465 5080 2697 5135 homo.-
2735 5110 2802 5121 —
2834 5080 2967 5135 Alio
2994 5079 3384 5152 modonsum
3415 5093 3589 5133 suum
3612 5092 3736 5131 cor-

2085 5186 2197 5242 pus
2228 5168 2455 5236 dividit,
2488 5174 2547 5223 et
2593 5168 2654 5223 in
2704 5169 2968 5241 seipsum
3002 5186 3123 5225 non
3173 5169 3236 5224 in
3268 5168 3452 5224 alium
3501 5170 3736 5221 exercet

2087 5258 2462 5330 injustitiam,
2498 5257 2656 5328 quod
2688 5257 2758 5313 de
2786 5258 2952 5313 nullo
2984 5257 3239 5313 aliorum
3265 5256 3565 5312 invenitur
3593 5270 3734 5325 pec-

2088 5347 2601 5404 catorum.0mnes
2629 5348 2788 5402 enim
2810 5347 2943 5403 aliis
2967 5355 3394 5404 nocumentum
3424 5342 3733 5400 inferendo

2088 5442 2337 5509 peccant
2375 5452 2388 5490 :
2429 5436 2531 5508 qui
2562 5454 2698 5492 vero
2732 5442 3029 5493 scortatur
3059 5437 3171 5493 sibi
3205 5437 3318 5509 ipsi
3349 5430 3736 5503 nocet,malo-

2093 5542 2206 5597 que
2240 5524 2445 5581 afﬁcit.
2479 5558 2548 5567 ——
2576 5527 2709 5583 Alio
2738 5527 2918 5582 modo.
2945 5526 3229 5583 Deductio
3261 5522 3552 5598 prmmissi
3575 5518 3736 5575 verbi
