4188 6196
563 340 682 398 719

1679 335 2091 402 (ΕΟΗΜΕΝΙΙ
2134 330 2442 398 ΤίὶΙΟΟιΕ
2483 332 2835 398 EPISCOPI

3825 341 3922 400 ’720

553 473 729 528 talem
759 469 1020 530 ostendit
1049 485 1176 524 esse
1211 468 1618 530 intellectum:
1646 471 1712 530 In
1745 469 2048 542 praprium
2067 483 2168 526 cor

2299 464 2561 532 τοιαύτην
2593 465 2747 520 εἶναι·
2784 463 2876 528 Εἰς
2920 463 2982 520 τὸ
3041 460 3179 518 ίδιον
3237 467 3398 538 σῶμα
3459 462 3763 539 ἁμαρτάνει,
3813 471 3915 526 οἷον

561 577 670 630 pus
700 564 924 628 peccat,
959 559 1112 616 472
1145 558 1254 616 hoc
1288 564 1396 628 est,
1431 557 1490 620 in
1519 559 1714 632 ipsum
1747 558 2050 632 proprium
2086 558 2196 612 Do-

562 649 710 704 mini
741 649 1212 719 corpus.Etenim
1244 648 1585 722 subjungit:
1623 673 1646 699 α
1667 657 1756 706 An
1775 649 2018 706 nescitis
2040 645 2197 718 quod

552 752 801 807 corpora
825 743 1016 792 vestra
1048 737 1336 808 templum
1370 744 1510 794 sunt
1533 739 1786 808 Spiritus
1821 737 2010 794 sancti
2039 753 2052 798 ;
2079 759 2106 785 ››
2141 741 2197 790 et

553 842 788 884 rursum
815 842 827 882 :
850 847 877 876 ‹‹
911 829 979 880 Et
998 843 1117 884 non
1147 827 1286 882 estis
1309 828 1484 884 vestri
1510 827 1666 902 juris
1693 845 1706 894 ;
1741 833 1798 882 et
1819 827 1992 900 paulo
2017 831 2152 882 ante
2179 841 2194 878 :

549 936 578 968 ι(
613 915 701 968 Αιι
733 915 978 972 nescitis
1019 914 1177 984 quod
1209 931 1457 986 corpora
1509 922 1702 972 vestra
1733 915 2000 976 membra
2057 918 2197 970 sunt

547 1003 810 1060 Christi?
843 1025 869 1052 n
889 1020 1278 1078 rursumque:
1315 1025 1342 1054 ‹‹
1375 1005 1522 1064 Num
1555 1005 1733 1076 igitur
1767 1005 1980 1062 tollens
2007 1020 2194 1062 mem-

545 1091 652 1148 bra
679 1091 996 1152 Christi...?
1026 1115 1053 1141 ››
1095 1094 1298 1164 Itaque
1333 1093 1380 1146 is
1413 1095 1512 1166 qui
1547 1093 1932 1160 scortatur,in
1955 1093 2195 1164 propria

543 1180 760 1242 Christi
818 1181 1087 1238 membra
1146 1187 1202 1238 et
1251 1182 1312 1240 in
1369 1183 1555 1254 ipsius
1604 1199 1818 1254 corpus
1876 1181 2194 1252 delinquit.

541 1267 694 1334 Quid
713 1285 850 1340 ergo
867 1268 896 1324 Ῡ
917 1269 1145 1340 inquit:
1173 1270 1271 1342 qui
1297 1270 1356 1326 in
1377 1269 1608 1324 caeteris
1627 1269 1984 1344 delinquunt
2011 1267 2189 1330 vitiis,

542 1373 744 1414 annon
775 1363 832 1412 et
863 1358 972 1428 ipsi
997 1358 1170 1428 juxta
1202 1357 1478 1416 eumdem
1511 1374 1850 1414 sermonem
1885 1358 1943 1412 in
1976 1356 2188 1416 Christi

540 1463 754 1518 corpus
775 1445 1175 1515 delinquunt?
1195 1448 1263 1502 Et
1289 1446 1544 1502 dicimus
1569 1446 1726 1520 quod
1751 1463 1871 1502 non
1895 1463 1962 1502 eo
1989 1447 2186 1502 modo.

539 1535 886 1608 Quanquam
909 1533 1068 1590 enim
1093 1535 1143 1590 is
1167 1535 1266 1608 qui
1289 1534 1649 1606 furatur,aut
1671 1535 1771 1608 qui
1798 1535 2187 1592 homicidium

539 1622 992 1694 committit,per
1019 1623 1265 1694 aliquod
1289 1623 1623 1683 membrum
1655 1631 1964 1694 peccatum
1987 1624 2184 1692 faciat,

535 1718 596 1772 at
617 1729 736 1774 non
759 1713 952 1786 ipsum
979 1713 1337 1782 membrum,
1364 1715 1466 1772 sed
1491 1721 1654 1772 extra
1679 1715 1822 1772 etin
1846 1715 2184 1788 quempiam

2303 550 2378 616 εἷς
2413 551 2566 618 αὐτὸ,
2600 551 2757 630 φησὶ,
2813 553 2874 606 τὸ
2935 547 3077 606 ἴδιον
3128 555 3225 608 τοῦ
3283 551 3555 608 Δεσπότου
3608 560 3780 628 σῶμα.
3828 559 3920 616 Καὶ

2299 642 2401 718 γὰρ
2436 640 2641 716 ἐπάγει.
2677 665 2705 692 ‹‹
2737 643 2808 696 ἽΙ
2859 639 2958 696 ούκ
3018 639 3202 696 οἷ’δατε
3259 640 3344 698 ὅτι
3403 641 3468 698 τά
3513 643 3732 714 σώματα
3785 646 3916 720 ὑμῶν

2299 729 2421 792 ναὸς
2451 733 2548 784 toi}
2578 727 2740 803 ἁγίου
2771 729 3083 802 ΙΙνεύματος
3113 729 3222 786 ἔστι
3249 749 3263 802 ;
3303 754 3330 782 υ
3377 731 3468 788 καὶ
3536 731 3718 790 πάλιν·
3776 759 3799 783 ‹‹
3833 737 3918 792 Καὶ

2301 815 2399 872 οὐκ
2427 816 2543 872 ἐστὶ
2569 817 2789 872 ἑαυτῶν·
2827 841 2854 868 ››
2902 817 2992 872 καὶ
3049 819 3154 892 πρὸ
3214 819 3475 894 βραχέος·
3537 843 3562 869 ι‹
3595 819 3712 875 Οὐκ
3765 819 3923 879 οἴδατε

2301 905 2383 962 ὅτι
2450 905 2517 960 τὰ
2569 903 2794 978 σώματα
2855 905 3006 978 ὑμῶν
3069 904 3212 979 μέλη
3283 907 3521 980 Χριστοῦ
3581 905 3796 978 ἐστις»
3847 908 3922 964 καὶ

2297 991 2482 1052 πάλιν·
2525 1017 2553 1045 ‹‹
2590 995 2758 1068 Ἀρας
2791 995 2882 1048 οὗν
2913 993 2980 1050 τὰ
3013 993 3153 1068 μέλη
3195 999 3296 1050 τοῦ
3341 999 3650 1068 Χριστοῦ...
3685 1014 3700 1066 ;

2299 1085 2327 1138 6
2358 1083 2660 1160 πορνεύων,
2690 1082 2766 1150 εἷς
2793 1083 2860 1138 τὰ
2893 1079 3002 1138 ἴδια
3037 1081 3177 1156 μέλη
3221 1087 3316 1137 τοῦ
3365 1085 3598 1160 Χριστοῦ
3653 1083 3741 1139 καὶ
3773 1085 3842 1148 εἷς
3871 1087 3922 1140 τὸ

2299 1179 2457 1248 σῶμα
2490 1173 2656 1226 αὐτοῦ
2709 1170 3056 1246 πλημμελεῖ.
3088 1171 3154 1228 Τί
3187 1173 3276 1226 οὗν
3315 1192 3328 1246 ;
3379 1172 3543 1251 φησίν
3627 1175 3691 1230 Οἱ
3749 1173 3924 1242 λοιπὰς

2295 1263 2760 1338 πλημμελοῦντες
2790 1267 3058 1342 ἁμαρτίας
3106 1265 3232 1340 οὐχὶ
3291 1266 3425 1328 κατὰ
3455 1271 3646 1320 τοῦτον
3696 1267 3782 1322 τὸν
3835 1267 3922 1322 λό-

2293 1376 2386 1430 γον
2420 1356 2510 1412 καῖ
2550 1357 2706 1418 αὐτοὶ
2759 1357 2834 1422 εἷς
2890 1358 2954 1414 τὸ
3009 1362 3108 1414 τοῦ
3162 1359 3404 1432 Χριστοῦ
3467 1361 3626 1430 σῶμα
3685 1355 3923 1430 πλημμε-

2295 1441 2451 1498 λοῦσι
2485 1466 2500 1517 ;
2537 1446 2631 1500 Καὶ
2663 1467 2864 1520 φαμεν,
2895 1445 2977 1500 ὅτι
3011 1446 3118 1520 ούχ
3176 1445 3372 1508 οὕτως.
3431 1445 3496 1500 Εἰ
3547 1445 3653 1520 γὰρ
3709 1446 3795 1504 καὶ
3845 1443 3921 1502 διὰ

2293 1553 2440 1594 τινος
2501 1534 2702 1606 μὲλους
2749 1536 2781 1589 ἀ
2849 1533 3098 1590 κλὲπτων
3147 1534 3180 1603 ἢ
3239 1533 3480 1612 φονεύων
3529 1536 3628 1602 τὴν
3680 1533 3923 1608 ἁμαρτίαν

2291 1627 2458 1690 ποιεῖ,
2489 1621 2616 1680 ἀλλ’
2649 1623 2778 1699 οὒχὶ
2809 1624 2884 1690 εἰς
2915 1623 2978 1680 τὸ
3015 1624 3183 1680 αὐτοῦ
3217 1621 3412 1696 μὲλοσ,
3447 1621 3572 1680 ἀλλ’
3621 1622 3793 1688 ἐκτὸς,
3843 1624 3922 1678 καὶ

2291 1712 2367 1776 εἰς
2401 1711 2570 1768 ἄλλον
2600 1717 2722 1770 τινὰ
2768 1721 3082 1789 κακουργεῖ.
3139 1715 3200 1771 c0
3251 1711 3306 1770 δὲ
3365 1713 3668 1788 πορνεύων.
3707 1713 3792 1770 καὶ
3845 1709 3922 1770 διὰ

3733 1019 3758 1046 ››
3787 1004 3925 1054 Ὥστε

536 1802 721 1860 alium
743 1808 1022 1874 cperatur
1045 1802 1268 1862 malum
1292 1820 1305 1858 :
1333 1805 1432 1876 qui
1455 1821 1588 1860 vero
1607 1809 2036 1876 scortatur,per
2059 1805 2170 1876 ipsa

2292 1806 2398 1856 τῶν
2426 1802 2628 1874 μελῶν,
2663 1801 2842 1874 ὥςπερ
2896 1803 3115 1876 ἐκεῖνοι,
3146 1803 3236 1858 καὶ
3269 1803 3348 1864 εἰς
3379 1803 3536 1860 αὐτον
3577 1803 3644 1860 τὰ
3677 1801 3812 1876 μὲλη
3841 1803 3920 1860 καὶ

535 1907 770 1964 quoque
803 1891 1068 1950 membra
1099 1891 1252 1950 sicut
1277 1898 1335 1950 et
1365 1893 1541 1962 illi,et
1571 1893 1632 1952 in
1657 1909 1764 1950 sua
1795 1893 2061 1952 membra
2089 1899 2181 1950 to-

533 1985 1446 2052 tumquecorpusnocumentum
1463 1989 1518 2040 et
1543 1981 1622 2053 inj
1635 1982 1824 2040 uriam
1839 1983 2177 2038 committit.

531 2069 736 2128 —-Alzo
747 2071 1056 2126 modo.Non
1069 2069 1356 2136 dixit,Per
1367 2087 1581 2144 corpus
1599 2071 1990 2146 peccat,quod
2009 2071 2178 2132 multi

531 2157 962 2228 existimantes,
1019 2160 1324 2232 negotium
1377 2159 1681 2216 facessunt
1731 2159 2176 2234 interpretibus,

534 2246 638 2302 sed
665 2267 686 2300 ι
709 2248 774 2304 In
801 2248 1105 2322 proprium
1127 2265 1338 2320 corpus
1356 2255 1614 2319 peccat,»
1641 2249 1700 2304 in
1723 2250 1918 2320 ipsum
1936 2247 2176 2314 labitur,

532 2335 730 2408 ipsum
758 2336 1256 2408 inquinat,ipsum
1287 2336 1484 2394 reddit
1511 2337 1948 2396 detestandum.
1989 2336 2174 2391 Veluti

533 2425 582 2482 si
616 2425 750 2498 quis
781 2425 940 2484 dicat
960 2442 974 2480 :
993 2425 1244 2490 Quidam
1275 2425 1540 2500 seipsum
1569 2425 1789 2498 injuria
1818 2425 2002 2482 afﬁcit
2031 2426 2174 2482 dum

527 2513 782 2572 alterum
815 2519 985 2586 putat
1011 2513 1232 2588 injuria
1259 2514 1518 2574 afﬁcere.
1545 2516 1708 2570 Nunc
1741 2515 1900 2572 enim
1931 2515 2175 2586 respicit

530 2601 792 2674 Apostoli
823 2619 1018 2660 sermo
1043 2619 1164 2658 non
1182 2603 1540 2678 supplicium
1563 2604 1722 2676 quod
1753 2609 1959 2676 postea
1980 2605 2175 2674 sequi-

525 2698 622 2748 tur
651 2697 983 2765 peccatum.
1017 2691 1122 2748 sed
1152 2693 1436 2764 injuriam
1467 2709 1598 2764 qum
1629 2693 1690 2750 in
1737 2693 1864 2764 ipso
1899 2709 2074 2768 opere
2107 2695 2173 2752 ﬁt

523 2782 756 2854 corpori
789 2799 860 2842 ex
891 2781 1050 2842 coitu
1098 2797 1352 2840 venerea
1387 2799 1400 2838 :
1441 2783 1552 2838 hoc
1598 2787 1707 2850 est,
1765 2782 2167 2840 fcedationem.

527 2869 832 2942 Siquidem
859 2872 961 2944 qui
993 2870 1384 2930 homicidium
1417 2871 1929 2944 perpetrat,alium
1959 2873 2170 2928 interi-

524 2959 665 3018 mit:
700 2961 801 3032 qui
833 2977 972 3020 vero
1005 2965 1298 3020 scortatur
1329 2961 1593 3034 seipsum
1623 2960 1845 3032 injuria
1875 2961 2077 3018 afﬁcit.
2101 2963 2171 3016 Et

524 3049 626 3120 qui
657 3055 872 3110 cetera
901 3055 1180 3122 operatur
1211 3050 1538 3124 peccata,in
1569 3049 1688 3108 alia
1709 3054 2170 3122 operatur,scor—

521 3140 678 3196 tatur
706 3143 902 3196 autem
927 3139 1190 3210 seipsum
1221 3138 1542 3210 pudefacit,
1576 3141 1836 3214 scipsum
1869 3140 2166 3212 inquinat.

526 3227 690 3284 Unde
721 3227 901 3288 etiam
932 3227 1276 3298 abluuntur,
1311 3245 1378 3283 eo
1411 3228 1568 3300 quod
1599 3228 1922 3290 foeditatem
1955 3229 2171 3288 intelli-

523 3322 750 3388 gant.et
775 3317 1208 3378 absurditatem
1235 3316 1677 3374 abominentur.
1697 3318 1930 3376 Etenim
1957 3324 2170 3376 caetera

521 3404 740 3462 delicta
753 3407 814 3464 in
831 3422 964 3464 eum
979 3407 1160 3464 etiam
1182 3405 1512 3478 respiciunt
1527 3405 1626 3476 qui
1645 3405 1866 3478 injuria
1880 3407 2166 3476 afﬁcitur;

520 3495 632 3552 hoc
662 3500 862 3556 autem
891 3495 954 3550 in
985 3511 1122 3554 eum
1155 3493 1256 3566 qui
1287 3493 1474 3550 afﬁcit
1501 3493 1976 3566 injuria.Czetera
2005 3501 2169 3558 extra

520 3601 734 3656 corpus
749 3579 1602 3656 suntfacientis,bocinquinat
1617 3579 2166 3658 ipsumiacientem.

517 3675 582 3734 In
611 3672 846 3732 caeteris
867 3672 1019 3732 alios
1051 3670 1276 3744 injuria
1303 3669 1511 3738 afﬁcit,
1547 3669 1608 3730 in
1640 3670 1998 3726 scortatione
2029 3687 2164 3732 vero

519 3763 805 3834 seipsum.

589 3853 755 3920 Quod
784 3852 834 3912 si
867 3851 1196 3914 secundum
1229 3846 1450 3922 aperiri
1473 3846 1580 3902 tibi
1603 3846 1749 3904 velis
1772 3848 2162 3920 ostium,con.

517 3941 712 3998 sidera
733 3940 1052 4012 quod,cum
1073 3939 1417 4010 frequenter
1438 3936 1666 3996 homini
1693 3936 1984 3998 laboranti
2010 3939 2164 3998 defee

519 4037 616 4090 ctu
648 4035 748 4086 aut
777 4028 994 4086 delicto
1016 4026 1172 4098 quod
1204 4025 1372 4082 venia
1393 4024 1639 4102 dignum
1662 4027 2161 4094 est,adhortantes

519 4121 820 4176 dicamus:
840 4147 912 4162 υν-
927 4117 1146 4176 Frater.
1169 4114 1406 4172 discede
1421 4114 1495 4170 ab
1509 4115 1622 4172 hoc
1643 4115 1849 4178 morbo
1873 4117 1970 4188 qui
1995 4123 2164 4174 ωηε-

517 4210 598 4264 ris
625 4205 905 4264 omnibus
935 4204 1103 4276 pejor
1121 4208 1302 4272 θείη-μ-
1331 4220 1452 4266 non
1483 4204 1642 4276 quod
1663 4223 1872 4268 omnes
1895 4207 2158 4282 excedat,

517 4297 620 4354 sed
653 4293 810 4368 quod
843 4294 914 4352 ab
946 4293 1049 4354 illo
1080 4309 1316 4366 quoque
1347 4293 1598 4354 velimus
1631 4295 1827 4370 ipsum
1855 4297 2157 4370 separari:

511 4387 662 4446 forte
739 4384 918 4444 etiam
975 4383 1296 4456 Apostolus
1351 4382 1424 4438 de
1481 4387 1686 4456 stupro
1754 4384 1865 4446 hoc
1923 4385 2160 4456 dixerit,

510 4481 572 4532 et
587 4475 834 4547 cupiens
851 4491 988 4532 eum
1007 4474 1108 4548 qui
1125 4471 1281 4546 apud
1297 4471 1634 4534 Corinthios
1656 4479 1948 4534 scortatus
1965 4475 2160 4538 fuerat

509 4570 738 4622 castum
771 4580 922 4633 esse,
965 4564 1028 4624 in
1059 4564 1212 4624 hanc
1243 4561 1443 4632 erupit
1461 4577 1688 4618 vocem.

581 4655 638 4712 Si
669 4672 806 4714 vero
837 4659 896 4716 et
954 4653 1217 4716 tertium.
1261 4651 1418 4712 473
1459 4649 1725 4724 intelligo
1783 4652 1942 4722 quod
1999 4655 2153 4712 sicut

509 4745 560 4802 is
591 4743 692 4815 qui
715 4744 978 4802 triticum
999 4749 1102 4802 aut
1125 4740 1286 4802 aliud
1311 4755 1514 4800 semen
1537 4739 1599 4798 in
1619 4755 1783 4800 mare
1807 4741 2064 4814 projicit,
2087 4745 2150 4800 in

507 4847 714 4890 semen
747 4837 970 4904 peccat,
1003 4829 1329 4902 prohibens
1365 4828 1562 4902 ipsum
1593 4842 1668 4882 ne
1711 4827 1785 4888 ad
1814 4831 2151 4906 generatio-

507 4936 647 4976 nem
677 4918 993 4990 procedat:
1027 4919 1110 4974 ita
1130 4923 1188 4974 et
1217 4917 1319 4990 qui
1351 4932 1524 4976 suam
1555 4931 1760 4976 semen
1791 4917 1856 4976 in
1887 4925 2148 4976 scortum

509 5008 837 5081 projicit,in
859 5007 1166 5080 praprium
1187 5021 1402 5078 corpus
1427 5009 1632 5076 peccat
1655 5022 1670 5070 ;
1704 5012 1964 5064 scortum
1985 5009 2146 5070 enim

509 5115 628 5154 non
649 5097 844 5154 solum
867 5096 1160 5156 interimit
1179 5095 1340 5172 quod
1359 5093 1722 5166 peperit,sed
1743 5095 2148 5168 impedimen-

503 5192 630 5244 tum
669 5186 846 5246 etiam
877 5186 1045 5258 ponit
1074 5201 1150 5244 ne
1174 5184 1386 5258 pariat.

572 5275 739 5342 Quod
783 5276 831 5334 si
889 5275 1066 5336 etiam
1137 5278 1438 5348 quartum,
1505 5272 1840 5346 intelligere
1916 5283 2150 5348 oportet

497 5365 656 5436 quod
683 5381 754 5426 ea
803 5371 970 5438 parte
1000 5381 1118 5436 qua
1165 5363 1306 5438 agit,
1339 5363 1516 5420 etiam
1547 5363 1792 5436 patitur.
1841 5364 2146 5436 Siquidem

494 5455 610 5512 nisi
642 5471 855 5527 passus
887 5461 1194 5520 essetmon
1217 5453 1600 5518 deﬁuxisset;
1635 5452 1792 5522 quod
1827 5453 1874 5514 si
1900 5453 2149 5512 deﬂuxit

492 5551 806 5617 corruptus
839 5550 971 5600 est:
1015 5545 1062 5600 si
1097 5550 1302 5600 autem
1349 5547 1662 5613 corruptus
1703 5547 1809 5608 sst,
1863 5543 2144 5614 injuriam

493 5636 738 5707 accepit.
778 5635 1038 5706 Denique
1073 5635 1132 5690 in
1161 5633 1330 5690 nulla
1358 5632 1476 5688 alia
1497 5631 1841 5703 operatione
1872 5649 2049 5702 quam
2082 5635 2142 5692 in

2292 1887 2422 1946 ὅλον
2451 1892 2513 1946 τό
2563 1896 2724 1966 σῶμα
2777 1895 2876 1962 τήν
2909 1887 3126 1968 βλάϐην
3184 1892 3276 1948 καὶ
3327 1895 3426 1964 τὴν
3484 1889 3696 1950 ἀδικίαν
3743 1888 3920 1950 tutati-

2290 2000 2466 2036 κνυσι.

2361 2067 2606 2134 Ἄλλως.
2642 2069 2756 2128 Ούκ
2813 2073 2953 2138 εἶπε,
3004 2071 3102 2132 Διὰ
3147 2075 3242 2130 τοῦ
3297 2075 3552 2144 σῶματος
3612 2071 3914 2146 ἁμαρτάνει,

2289 2155 2420 2231 ὅπερ
2507 2161 2559 2214 οἱ
2617 2159 2824 2218 πολλοὶ
2880 2161 3219 2236 νομίζοντες,
3281 2161 3576 2236 πράγματα
3627 2161 3912 2236 παρέχουσι

2288 2253 2405 2308 τοῖς
2453 2249 2866 2323 ἑρμηνεύουσιν,
2923 2247 3072 2320 ἀλλ’,
3137 2249 3225 2311 Εἷς
3283 2249 3413 2306 αὖτό
3473 2249 3791 2324 ἁμαρτάνει.
3849 2247 3914 2309 εἷς

2285 2336 2415 2392 αὐτὸ
2449 2335 2704 2411 σφαλλει,
2736 2339 2868 2396 αὐτὸ
2901 2335 3152 2412 μολύνει,
3201 2337 3331 2394 αὐτὸ
3387 2337 3572 2415 ἐναγὲς
3627 2339 3913 2418 ἀποφαίνει·

2286 2426 2360 2488 ὡς
2393 2425 2453 2482 ἂν
2477 2448 2558 2490 τις
2589 2426 2756 2498 εἴποι,
2785 2430 2846 2485 Ὀ
2879 2426 3027 2486 δεῖνα
3057 2429 3242 2488 ἑαυτὸν
3273 2423 3500 2502 ὑϐρίζει,
3553 2427 3728 2486 ἄλλον
3757 2427 3917 2484 δοκῶν

2286 2510 2540 2588 ὑϐρίζει..
2573 2521 2678 2576 Νῦν
2709 2519 2810 2592 γὰρ
2847 2515 3037 2592 βλέπει
3066 2523 3148 2590 τῷ
3202 2515 3529 2590 Ἀποστόλῳ
3580 2517 3610 2572 6
3647 2515 3826 2594 λόγος,
3865 2517 3918 2574 οὐ

2281 2604 2416 2674 πρὸς
2446 2606 2546 2672 τήν
2579 2608 2714 2679 μετὰ
2737 2611 2904 2662 ταῦτα
2931 2608 3210 2680 ἑψομίνην
3238 2607 3318 2679 τῷ
3375 2607 3736 2684 ἁμαρτήματι
3765 2627 3922 2679 τιμω-

2281 2693 2423 2766 ρίαν,
2453 2693 2598 2750 ἀλλᾶ
2617 2695 2752 2768 πρὸς
2785 2698 2883 2765 τὴν
2904 2693 2957 2750 ἐν
2979 2699 3046 2769 τῇ
3079 2696 3265 2770 πράξει
3297 2692 3586 2774 γινομένην
3611 2701 3691 2768 τῷ
3723 2696 3917 2768 σώματι

2281 2781 2340 2840 ἔκ
2367 2785 2463 2850 τῆς
2487 2782 2814 2857 συμπλοκῆς
2870 2780 3049 2859 ὕϐριν,
3110 2781 3320 2842 τοτέστι
3375 2785 3466 2840 τὸν
3527 2782 3912 2858 μολυσμόν.’0

2283 2872 2376 2944 μὶν
2406 2873 2508 2950 γὰρ
2525 2895 2617 2950 φοι
2631 2876 2790 2943 εύων,
2812 2873 2982 2932 ἄλλον
3005 2876 3239 2954 φονεύει,
3264 2876 3292 2930 6
3324 2872 3381 2934 δὲ
3411 2875 3720 2952 πορνεύων,
3743 2875 3910 2934 ἑαυτὸν

2276 2957 2606 3037 καθυϐρίζει.
2668 2965 2768 3022 Καὶ
2825 2965 2854 3018 6
2909 2965 2976 3018 τὰ
3032 2961 3179 3024 ἄλλα
3235 2963 3546 3038 πταίσματα
3607 2961 3788 3038 δρῶν,
3841 2963 3906 3026 εἰς

2275 3048 2422 3108 ἄλλα
2455 3048 2576 3126 δρᾷ,
2608 3053 2636 3108 6
2669 3050 2725 3110 δὲ
2757 3052 3060 3128 λαγνεύων,
3091 3053 3282 3108 ἕαυτὸτ
3311 3053 3688 3129 καταισχύνει,
3738 3053 3908 3110 ἑαυτὸν

2281 3145 2498 3214 μιαίνει.
2529 3145 2684 3205 Ὅθεν
2741 3141 2832 3196 καὶ
2883 3141 3270 3212 ἀπολούονται,
3327 3143 3420 3200 τὸν
3483 3141 3771 3214 μολυσμὸν
3834 3140 3910 3196 ὲν-

2275 3235 2522 3296 νοοῦντες
2553 3273 2566 3288 .
2621 3231 2712 3288 καὶ
2763 3233 2862 3301 τὴν
2921 3231 3145 3290 ἀτοπίαν
3209 3228 3660 3306 βδελυττόμενοι.
3727 3232 3796 3288 Τὰ
3827 3231 3908 3306 μὲν

2276 3321 2378 3394 γὰρ
2409 3319 2554 3376 ἄλλα
2609 3317 3098 3394 πλημμελήματα,
3140 3320 3231 3374 καὶ
3279 3320 3358 3382 είς
3411 3321 3501 3376 τὸν
3563 3317 3908 3394 ἀδικούμενον

2277 3407 2490 3484 βϐἑπει,
2521 3416 2682 3470 τοῦτο
2715 3409 2792 3480 δὲ,
2833 3411 2910 3474 είς
2943 3411 3034 3466 τὸν
3066 3409 3406 3470 ἀδικοῦντνα.
3437 3411 3520 3468 Τὰ
3571 3410 3722 3468 ἄλλα
3774 3409 3910 3474 ἐκτὸς

2273 3503 2370 3556 τοῦ
2401 3499 2652 3576 σώματός
2677 3499 2790 3556 ἐστι
2813 3505 2912 3558 τοῦ
2941 3498 3199 3576 δρῶντος,
3247 3505 3409 3560 τοῦτο
3463 3499 3520 3558 δὲ
3574 3501 3672 3558 τὸν
3723 3498 3908 3572 δρῶντα

2277 3586 2522 3658 μολύνει.
2557 3589 2659 3648 Καὶ
2689 3588 2742 3644 ἐν
2781 3589 2874 3663 μὶν
2929 3594 3046 3654 τοῖς
3105 3586 3324 3658 ἄλλοις,
3374 3588 3588 3653 ἄλλους
3649 3588 3836 3662 ἀδικεῖ,
3865 3588 3908 3646 ἰν

2274 3676 2330 3734 δὲ
2357 3679 2424 3752 τῂ
2453 3679 2700 3753 πορνείᾳ,
2735 3679 2948 3738 ἑαυτόν.

2341 3841 2406 3900 Εἰ
2439 3839 2498 3900 δὶ
2527 3840 2776 3916 δευτέραν
2812 3843 3002 3918 βούλει
3054 3865 3138 3898 σοι
3191 3843 3470 3920 ἀνοιγῆναι
3530 3841 3720 3918 θύραν,
3751 3842 3902 3898 ἐννόει

2269 3930 2354 3989 ὅτι
2385 3929 2571 4000 ἐπειδὴ
2603 3931 2880 4000 πολλάκις
2911 3933 3182 4008 ἀνθρώπῳ
3241 3932 3302 3992 ού
3359 3934 3698 4010 συγγνώμης
3731 3939 3898 4008 μεῖζον

2267 4013 2446 4096 ἕχὸντι
2503 4017 2796 4094 ἐλάττωμα
2830 4061 2846 4088 ,
2901 4025 3290 4094 παραινοῦντες
3349 4020 3604 4096 λέγομεν·
3669 4019 3900 4100 ’Λδελιρὲ,

2267 4109 2537 4180 ἀπόστηθι
2563 4111 2761 4166 τούτου
2798 4113 2894 4166 τοῦ
2953 4111 3286 4186 νοσήματος,
3345 4110 3506 4166 τούτο
3558 4111 3770 4166 πάντων
3799 4108 3900 4168 ἐστὶ

2265 4199 2454 4258 κάκιον
2493 4199 2617 4272 (οὐκ
2653 4196 2844 4272 ἐπειδὴ
2902 4199 3077 4256 πάντα
3131 4195 3465 4274 ὑπερϐαίνει,
3499 4197 3630 4254 ἀλλ’
3679 4201 3760 4254 δτι
3813 4197 3899 4252 κά-

2264 4289 2444 4350 κιίνου
2484 4288 2643 4348 αὐτὸν
2673 4288 2984 4364 ἀπαλλάξαι
3023 4287 3377 4366 βουλόμεθα)’
3435 4291 3511 4360 μὴ
3579 4309 3718 4344 ποτε.
3765 4287 3898 4344 καὶὸ

2267 4379 2601 4442 ’Λπόστολος
2655 4377 2744 4436 ἐπὶ
2797 4385 2898 4448 τῆς
2944 4377 3194 4454 πορνείας
3250 4382 3414 4438 τοῦτο
3463 4375 3586 4456 ἔφη.
3653 4380 3760 4436 Τὸν
3809 4377 3899 4452 γὰρ

2262 4471 2630 4547 πορνεύσαντα
2665 4472 2812 4547 παρὰ
2840 4470 3147 4546 Κορινθίοις
3177 4470 3508 4549 σωφρονίσαι
3545 4467 3896 4546 βουλόμενος,

2184 4553 2231 4626 D
2260 4561 2460 4634 ταύτην
2493 4557 2682 4638 ἔρῥηξε
2706 4562 2805 4630 τήν
2836 4561 3044 4640 φωνήν.

2333 4653 2396 4710 Εἰ
2429 4647 2487 4710 δι
2524 4649 2614 4708 καὶ
2639 4650 2852 4725 τρίτην,
2895 4648 3064 4710 ἐννόει
3119 4650 3202 4706 ὅτι
3254 4647 3432 4726 ὥσπερ
3467 4647 3494 4702 6
3529 4645 3604 4714 εἷς
3640 4645 3894 4714 θάλασσαν

2263 4745 2407 4796 σῖτον
2437 4739 2472 4808 ἢ
2503 4737 2680 4810 ἕτερον
2709 4738 2916 4816 ῥίπτων
2951 4737 3188 4814 σπέρμα,
3235 4737 3312 4800 εἷς
3341 4738 3434 4798 τὸν
3494 4736 3698 4812 σπόρον
3729 4738 3898 4810 ἁμαρ·

2258 4831 2424 4902 τάνει,
2456 4827 2688 4886 κωλύων
2719 4828 2879 4886 αὐτὸν
2930 4830 3006 4892 είς
3065 4827 3306 4908 γέννησιν
3367 4826 3568 4902 ἐλθεῖν,
3611 4827 3784 4892 οὕτως
3811 4824 3890 4880 καὶ

2260 4922 2287 4976 6
2345 4921 2420 4978 εἰς
2473 4918 2684 4995 ἑταίραν
2772 4919 2975 4996 ῥίπτων
3029 4921 3092 4976 τὸ
3150 4920 3342 4976 ἑαυτοῦ
3409 4917 3646 4991 σπέρμα,
3703 4917 3778 4978 εἰς
3840 4913 3892 4968 τὸ

2260 5010 2458 5066 οἰκεῖον
2495 5013 2654 5082 σῶμα
2682 5010 3004 5090 ἁμαρτάνει,
3035 5008 3247 5080 ἐκείνης
3279 5007 3340 5068 οὐ
3397 5007 3590 5082 τεχθὲν
3649 5003 3890 5080 ἀναιρούο

2260 5119 2357 5170 an:
2391 5098 2576 5172 μόνον,
2609 5095 2755 5156 ἀλλα
2785 5097 2876 5156 καὶ
2905 5099 3168 5174 τεχθῆναι
3199 5093 3547 5167 κωλυούσης.

2327 5280 2390 5338 Et
2422 5275 2478 5336 δὲ
2544 5277 2632 5338 καὶ
2684 5279 2972 5354 τετάρτην,
3021 5275 3216 5338 ἐννοεῖν
3267 5279 3408 5354 χρὴ,
3471 5275 3552 5332 ὅτι
3595 5277 3630 5348 ἦ
3661 5272 3780 5350 δρᾷ,
3812 5267 3895 5326 καὶ

2255 5367 2480 5442 πάσχει.
2515 5368 2580 5428 Εἴ
2635 5367 2730 5442 μὲν
2789 5367 2892 5443 γὰρ
2951 5367 3026 5441 μή
3083 5366 3300 5438 ἔπαθεν,
3363 5367 3466 5424 οὐκ
3521 5365 3582 5420 ἂν
3639 5361 3894 5438 ἔρῥευσεν.

2255 5457 2320 5518 Εἰ
2379 5453 2436 5512 δὴ
2487 5455 2750 5532 ἕρῥευσεν,
2835 5457 3065 5540 ἐφθάρη.
3129 5457 3190 5516 Ei
3251 5453 3306 5514 δὲ
3364 5456 3594 5534 ἐφθάρη,
3653 5447 3893 5540 ὑϐρίσθη.

2257 5545 2484 5618 Ἀμέλει
2539 5546 2621 5600 ἐπ’
2680 5539 2912 5618 οὐδεμιᾷ
2997 5544 3142 5620 ἄλλῃ
3231 5545 3418 5620 πράξει
3496 5546 3530 5615 ἢ
3616 5541 3704 5600 ἐπὶ
3762 5539 3890 5614 μόνῃ

2254 5638 2322 5708 τῇ
2355 5631 2552 5708 ἀνδρὸς
2612 5635 2746 5711 πρὸς
2803 5639 3028 5709 γυναῖκα
3087 5631 3296 5707 συνόδῳ
3353 5631 3592 5710 λέγεται,
3643 5627 3894 5708 ίφοάρθαι
