4188 6196
295 324 410 383 ’121

1258 314 1654 383 OOMMEN'I‘.
1700 318 1790 380 IN
1836 308 2088 377 EPIST.
2133 312 2158 374 Ι
2201 306 2306 375 AD
2349 308 2720 376 GORINTH.

3586 314 3718 376 722

300 456 403 525 τὴν
488 454 756 530 παρθένον
849 454 941 510 καὶ
1045 454 1138 510 τὸν
1235 470 1510 512 νεανισκον
1610 449 1954 528 πειραθέντας

2073 448 2174 504 viri
2216 462 2351 503 cum
2402 447 2653 503 muliere
2685 446 3122 513 commistione,
3181 442 3400 503 dicitur
3429 463 3531 505 eos
3580 462 3713 508 esse

367 750 433 808 El
466 748 523 807 δὶ
551 750 643 807 καὶ
673 752 953 823 πέμπτην,
985 748 1154 805 ἐννόει
1185 747 1268 805 δτι
1314 753 1396 822 τῷ
1452 747 1626 825 πόρνῃ
1683 768 1946 829 συνερχο-

296 839 467 913 μὲνῳ,
499 840 546 895 εἰ
574 840 798 915 τεχθείη
858 834 1101 905 παιδίον,
1133 832 1211 901 εἷς
1258 835 1512 913 πορνείαν
1571 834 1945 915 ἆνατρὲφεται,

292 926 385 983 καὶ
416 930 444 983 6
478 926 621 1002 ὁρῶν
658 926 792 1003 μετὰ
818 929 990 983 ταῦτα
1018 924 1180 998 λέξει·
1230 925 1445 991 Ὄντως
1498 921 1686 982 ἑαυτὸν
1746 922 1948 989 ἰκεῖνος

289 1013 576 1089 ἠδίκησεν.
608 1015 749 1073 Ἰδοὺ
778 1011 879 1093 γάρ
936 1016 1000 1072 τὸ
1031 1014 1266 1094 σπέρμα,
1300 1010 1516 1089 μᾶλλον
1550 1010 1618 1085 δὴ
1674 1012 1737 1071 τὸ
1787 1016 1948 1090 σῶμα

292 1105 466 1162 αὐτοῦ
496 1105 768 1182 πορνεύει.

366 1196 432 1254 Εἰ
467 1194 526 1253 δὲ
553 1197 645 1253 καὶ
676 1195 862 1269 ἕκτην,
914 1194 1204 1270 ἐπίστησον
1255 1199 1338 1255 ὅτι
1386 1194 1431 1253 εί
1462 1192 1633 1273 δούλῃ
1691 1217 1775 1259 τις
1829 1216 1946 1252 κοι-

291 1290 582 1358 νωνήσειν,
614 1283 813 1343 δοῦλον
846 1281 993 1343 ἔσται
1022 1289 1087 1343 τὸ
1127 1286 1471 1361 τικτόμενον.
1533 1292 1658 1349 Πῶς
1715 1280 1807 1342 οὗν
1849 1284 1947 1340 ούκ

293 1375 372 1440 εἰς
405 1376 589 1433 ἑαυτὸν
616 1378 936 1453 ἁμαρτάνει,
969 1378 997 1433 6
1028 1372 1227 1434 δοῦλον
1256 1370 1575 1448 σπουδάζων
1606 1381 1779 1432 τεκεῖν
1813 1395 1827 1446 ;

365 1667 426 1722 Εἰ
459 1663 516 1720 δὲ
544 1665 635 1719 καὶ
668 1662 935 1737 ἑϐδόμην.
978 1663 1077 1740 δρα
1108 1664 1193 1721 ὅτι
1223 1665 1313 1720 καὶ
1363 1667 1426 1720 τὸ
1476 1666 1795 1738 τικτόμεδον
1825 1661 1944 1719 ἀδι-

286 1760 485 1825 κεῖται,
517 1754 676 1818 νόθον
726 1752 1088 1827 καλούμενον,
1141 1754 1230 1810 καὶ
1294 1752 1489 1827 ἄτιμον
1542 1757 1825 1830 πανταχοῦ
1854 1775 1942 1831 γι-

2061 542 2368 609 corruptos
2383 534 2484 608 qui
2502 537 2791 609 virginem
2805 540 2905 593 aut
2918 535 3431 593 adolescentulum
3451 535 3709 611 aggressi

2062 629 2219 681 sunt.

2133 733 2190 787 Si
2242 744 2379 788 vero
2436 737 2496 788 et
2553 731 2851 804 quintum,
2932 726 3198 806 intellige
3258 731 3417 805 quod
3473 733 3526 789 is
3603 734 3704 806 qui

2059 825 2253 878 scorto
2280 820 2740 895 congreditur,si
2773 821 3064 878 infantem
3094 824 3356 895 generet,
3379 820 3453 878 ad
3481 829 3703 880 scorta-

2057 911 2282 967 tionem
2313 907 2548 980 crescit,
2581 917 2639 966 et
2668 910 2768 983 qui
2799 915 3006 983 postea
3035 904 3264 980 viderit,
3300 908 3457 967 dicet
3489 928 3502 968 :
3550 906 3705 968 Vere

2056 1000 2158 1057 ille
2190 1000 2453 1072 seipsum
2485 995 2709 1073 injuria
2735 998 2952 1055 aifecit.
2984 997 3133 1056 EcCe
3165 1010 3301 1073 ergo
3334 1010 3561 1065 semen.
3584 1000 3701 1058 imo

2056 1091 2254 1162 potius
2284 1107 2458 1146 suum
2489 1088 2674 1163 ipsius
2707 1103 2922 1162 corpus
2952 1093 3321 1162 constuprat.

2126 1188 2290 1246 Puod
2340 1188 2388 1245 si
2435 1196 2664 1246 sextam
2713 1207 2953 1261 quoque
3001 1185 3558 1262 interpretationem
3602 1190 3727 1245 de.-'

2057 1278 2303 1349 sideras,
2322 1279 2730 1336 animadverte
2762 1278 2922 1350 quod
2953 1274 3002 1334 si
3035 1278 3168 1350 quis
3198 1275 3431 1333 ancillas
3457 1280 3707 1335 commi-

2056 1372 2309 1434 sceatur,
2344 1367 2394 1424 is
2452 1385 2630 1440 quem
2662 1366 2766 1423 illa
2822 1366 3015 1440 pariet
3045 1366 3248 1423 servus
3279 1366 3392 1422 erit
3423 1383 3436 1422 :
3497 1384 3701 1425 annon

2054 1474 2191 1531 ergo
2224 1458 2286 1513 in
2319 1452 2582 1530 seipsum
2622 1462 2827 1529 peccat
2856 1458 2957 1530 qui
3008 1472 3239 1512 servum
3272 1450 3469 1512 studet
3523 1473 3699 1530 gene-

2052 1563 2186 1602 rare
2203 1547 2231 1602 ‘I

2126 1645 2180 1699 Si
2214 1661 2349 1700 vero
2381 1649 2550 1716 optas
2581 1648 2641 1698 et
2669 1638 3009 1715 septimam,
3043 1637 3174 1697 vide
3232 1643 3392 1715 quod
3420 1645 3471 1699 is
3519 1645 3698 1700 etiam

2054 1734 2155 1805 qui
2186 1736 2505 1806 generatur
2532 1732 2756 1804 injuria
2787 1731 3206 1793 afﬂeitur.cum
3239 1732 3463 1788 nothus
3492 1734 3699 1805 appel-

288 1817 544 1917 νόμενον.
596 1817 712 1899 Κᾶν
771 1841 823 1897 ἐν
881 1817 1281 1918 βουΛευτηρίῳ,
1348 1817 1443 1898 κάν
1498 1840 1550 1897 ἐν
1611 1817 1946 1916 δίκαστηριίῳ

2080 1828 2211 1878 etur
2248 1827 2306 1876 et
2333 1821 2556 1892 ubique
2614 1820 2878 1876 locorum
2914 1821 2992 1876 sit
3021 1820 3289 1892 abjectus
3325 1838 3338 1875 :
3372 1826 3430 1876 et
3459 1822 3581 1876 sive
3640 1822 3701 1877 in

295 1930 713 2000 δὲυιεῖσελθεῖν,
745 1925 1092 1990 ἐκϐάλλεται.
1144 1932 1223 1987 Δι’
1261 1930 1324 1987 οὗ
1377 1932 1468 1987 καὶ
1525 1932 1555 1987 ὁ
1607 1932 1945 2009 φυτευσάμε-

290 2043 388 2086 νος
417 2018 782 2078 συναπολαύει
828 2027 934 2091 τῆσ
964 2020 1253 2096 αἰσχύνης.
1312 2022 1654 2095 Ὑπόμνημα
1682 2021 1786 2099 γὰρ
1846 2027 1946 2091 τῆς

292 2112 498 2177 οἰκείας
530 2110 783 2191 λαγνείας
813 2112 1119 2174 κατέλιπεν,

364 2296 428 2352 Εἰ
496 2294 555 2352 δὲ
606 2297 696 2352 καὶ
755 2294 975 2372 ὀγδόην,
1051 2294 1349 2370 δοκίμασον
1402 2298 1467 2353 τὸ
1548 2296 1942 2375 ῥηθησόμενον·

283 2381 517 2453 Ἐπειδὴ
552 2385 580 2438 ὁ
611 2384 890 2459 πορνεύων
936 2382 990 2440 ἔν
1050 2385 1187 2459 πρὸς
1244 2386 1343 2456 τήν
1400 2385 1765 2460 πορνεύουσαν
1796 2387 1948 2461 vivs-

287 2493 402 2544 ται,
435 2474 465 2528 6
490 2473 559 2529 τά
588 2472 762 2528 οἰκεῖα
796 2470 943 2547 μέλη
984 2479 1153 2546 ποιῶ,
1187 2473 1329 2547 μέλη
1384 2474 1617 2548 πόρνης,
1651 2474 1728 2538 εἵς
1758 2473 1944 2531 ὶαυτὸν

288 2565 375 2633 τῷ
403 2557 520 2617 ὄντι
573 2562 892 2636 ἁμαρτάνει.
955 2563 1119 2635 Φόνῳ
1180 2564 1411 2639 μὲνγὰρ
1472 2561 1529 2618 εὖ
1582 2564 1725 2626 τινὲς
1781 2563 1948 2639 em.

294 2669 480 2717 σαντο,
508 2650 581 2712 ὡς
616 2651 823 2720 Μωσῆς
848 2651 940 2706 καὶ
973 2652 1181 2717 Φινεὶς,
1213 2652 1306 2707 καὶ
1337 2651 1499 2727 δργῇ,
1532 2653 1606 2714 ὡς
1637 2653 1838 2729 Πέτρος
1856 2658 1945 2713 καὶ

294 2737 535 2810 Παῦλος,
565 2740 790 2811 πορνείᾳ
830 2736 888 2795 δὲ
917 2737 1097 2804 οὐδεὶς
1126 2740 1349 2797 πώποτε
1376 2739 1656 2818 ίχρήσατο
1688 2742 1767 2799 εὗ.

370 2934 433 2990 Ei
462 2933 521 2990 δὶ
547 2935 637 2990 καὶ
690 2934 928 3007 ἐννάτην,
988 2936 1180 2994 ἐννόειίι
1216 2935 1439 3010 Ἐπειδὴ
1498 2945 1660 3014 σῶμα
1721 2938 1775 2997 ἓν
1806 2938 1944 2997 ἐστιν

298 3028 333 3095 ἠ
392 3021 716 3095 Ἐκκλησία,
750 3026 778 3080 6
807 3023 864 3081 δὲ
914 3028 1036 3082 καθ’
1092 3028 1166 3090 εἷς
1224 3025 1491 3100 ἀλλήλων
1553 3028 1720 3103 μέλη⁴
1753 3031 1781 3085 ὁ
1813 3046 1951 3103 πορ-

300 3117 493 3186 νεύων,
525 3115 602 3179 εἰς
632 3117 831 3177 πάντας
891 3114 1209 3192 ἁμαρτάνει.
1264 3118 1578 3195 ’Λνατρὲχει
1627 3121 1731 3196 γὰρ
1781 3119 1949 3176 αύτοῦ

299 3205 361 3259 τὸ
388 3203 613 3279 σφάλμα
643 3202 731 3258 ἐπὶ
764 3204 827 3260 τὸ
874 3211 975 3274 τῆς
1037 3205 1367 3276 Ἐκκλησίας
1428 3206 1734 3282 πλήρωμα,
1767 3209 1829 3263 οὗ
1859 3208 1949 3264 καὶ

298 3293 599 3363 ἐκκοπῆναι
630 3295 789 3350 αὐτὸν
822 3296 1171 3371 προσέταξεν,
1193 3294 1298 3359 ἕως
1328 3296 1389 3351 ἃν
1425 3300 1757 3372 μετανοήσῃ.

373 3382 440 3440 Et
467 3380 525 3438 δὲ
553 3384 641 3439 καὶ
674 3380 899 3455 δεκάτην
953 3385 1166 3460 βούλει,
1199 3384 1426 3461 λεχθείη
1481 3384 1560 3454 ἂν,
1617 3388 1699 3442 ὅτι
1759 3385 1947 3457 ἐπειδή

298 3472 351 3526 οἱ
381 3471 538 3546 νόμῳ
572 3476 671 3528 τοῦ
705 3474 898 3547 τιμίου
953 3474 1133 3550 γάμυυ
1188 3475 1480 3572 συνιόντες,
1538 3470 1591 3530 ἔν
1652 3496 1811 3549 σωμα
1861 3476 1952 3551 γίε-ι
1980 3504 2023 3572 C

299 3582 485 3616 νονται
514 3568 567 3632 (‹‹
599 3563 850 3618 Ἔσονται
886 3563 1011 3639 γὰρ,
1046 3563 1201 3640 φησὶ,
1235 3564 1286 3618 οὶ
1310 3560 1406 3619 δύο
1437 3564 1514 3629 εἷς
1543 3564 1713 3640 σάρκα
1741 3563 1881 3638 μίαν
1920 3586 1951 3619 ιι

304 3653 399 3706 Διὸ
428 3653 543 3718 καὶ,
576 3675 605 3704 ‹‹
636 3653 700 3708 Ἡ
740 3655 876 3730 γυνή
904 3658 1003 3708 τοῦ
1034 3650 1179 3709 ῒδίου
1209 3655 1467 3727 σώματος
1509 3655 1610 3711 ούκ
1639 3653 1952 3727 ἐξουσιάζει,

304 3740 434 3797 ἀλλ’
463 3742 624 3816 ἀνὴρ,
657 3743 916 3803 ὡσαύτως
953 3743 1044 3797 καὶ
1100 3744 1128 3797 6
1186 3743 1344 3819 ἀνήρ⁶
1380 3748 1447 3818 ››)
1504 3744 1727 3808 εἰκότως
1757 3748 1785 3801 6
1816 3760 1955 3823 πορ-

303 3830 475 3886 νεύων
515 3832 610 3904 μὶν
645 3830 803 3905 ἀνὴρ,
851 3832 929 3896 εἷς
983 3834 1081 3903 τήν
1136 3834 1403 3909 γαμετὴν,
1458 3833 1731 3890 τουτέστιν
1788 3836 1863 3898 sic
1892 3837 1955 3892 τὸ

305 3918 448 3975 ἴδιον
496 3925 658 3994 σῶμα
732 3922 1047 3995 ἁμαρτάνει.
1107 3920 1380 3981 Ὡσαύτως
1418 3923 1509 3978 καὶ
1539 3927 1574 3994 ἡ
1606 3926 1765 4001 γυνή.
1830 3922 1955 3982 Ἐπὶ

311 4010 448 4084 μόνῃ
478 4011 580 4084 γὰρ
608 4009 774 4083 ταύτῃ
812 4013 880 4083 τῇ
939 4010 1181 4087 ἁμαρτίᾳ
1232 4013 1403 4087 νόμον
1461 4011 1609 4069 ἔθετο
1642 4015 1669 4068 ὁ
1701 4011 1955 4086 Χριστὸς,

308 4102 634 4177 χωρίξεσθαι
659 4100 856 4164 αὐτοὺς
888 4102 979 4157 ἀπ’
1007 4101 1293 4174 ἀλλήλων.
1327 4128 1355 4157 (ι
1389 4102 1482 4167 Εἰς
1510 4102 1573 4160 τὸ
1604 4101 1743 4161 ἴδιον
1797 4108 1957 4177 σῶμα

307 4192 625 4263 ἁμαρτάνει.
684 4214 712 4244 ››
772 4190 1055 4264 Τουτὲστι,
1113 4192 1177 4246 τὸ
1232 4189 1375 4247 ἴδιον
1436 4197 1594 4267 σῶμα
1654 4194 1953 4267 ἀκάθαρτον

304 4300 476 4337 ποιει.

382 4371 450 4426 Ἥ
512 4370 613 4424 ούκ
659 4366 842 4424 οἴδατε
897 4366 998 4424 ’ὅτι
1062 4369 1125 4424 τὸ
1210 4374 1370 4442 σῶμα
1426 4370 1578 4443 ὑμῶν
1614 4413 1627 4438 ,
1682 4370 1808 4432 ναὸς
1860 4372 1957 4424 τοῦ

310 4459 367 4514 ὲν
426 4459 552 4532 ὑμῖν
616 4458 776 4533 ἁγίου
856 4458 1167 4531 Πνεύματός
1247 4456 1412 4527 ἐστιν,
1493 4459 1559 4512 οὗ
1642 4453 1797 4534 ἔχετε
1851 4457 1958 4513 ἀπὸ

311 4552 448 4603 Θεοῦ
480 4594 496 4620 ,
547 4547 637 4602 καὶ
692 4546 791 4602 οὐκ
848 4546 965 4603 ἐστὲ
1022 4548 1256 4603 ἑαυτῶν·
1316 4548 1663 4623 ἠγοράσθητε
1717 4548 1816 4621 γὰρ
1874 4568 1960 4601 τι-

318 4643 472 4709 μῆςς
509 4635 773 4707 Δοξάσατε
803 4631 870 4704 δή
930 4636 1025 4690 τὸν
1082 4635 1210 4691 Θεὸν
1267 4634 1319 4690 ἐν
1372 4640 1454 4707 τῷ
1507 4635 1721 4708 σώματι
1782 4636 1955 4709 ὑμῶν,

315 4722 404 4778 καὶ
437 4721 489 4778 ἐν
521 4727 601 4794 τῷ
631 4721 896 4794 πνεύματι
928 4721 1105 4794 ὑμῶν,
1136 4720 1291 4777 ἅτινά
1320 4720 1433 4777 ἐστι
1461 4727 1559 4777 τοῦ
1589 4726 1745 4780 Θεοῦ.

388 4812 490 4870 Καὶ
510 4817 590 4883 τῷ
623 4814 839 4886 μεγέθει
886 4817 986 4881 τῆς
1018 4809 1247 4886 δωρεᾶς,
1292 4812 1381 4867 καὶ
1410 4816 1479 4886 τῇ
1538 4812 1659 4883 ἀξίᾳ
1715 4814 1812 4867 τοῦ
1873 4808 1959 4865 δε·-

2054 1909 2367 1968 consilium
2401 1912 2520 1966 sive
2562 1911 2625 1965 in
2649 1909 2945 1982 judicium
2976 1910 3204 1983 ingredi
3237 1915 3525 1982 Oporteat,
3559 1910 3705 1983 abji-

2053 2002 2207 2057 citur
2239 2018 2252 2056 :
2287 2001 2445 2073 quod
2475 2000 2526 2056 is
2557 2000 2737 2055 etiam
2771 2000 2872 2072 qui
2928 1999 3231 2073 generavit
3258 2000 3554 2072 particeps
3614 2005 3705 2054 est

2052 2089 2297 2164 pudoris
2322 2107 2336 2143 :
2368 2106 2504 2145 nam
2538 2088 3015 2145 recordationem
3045 2088 3299 2161 propria
3329 2087 3542 2161 accipit
3571 2087 3703 2143 libi-

2053 2178 2233 2235 dinis.

2125 2275 2291 2342 Quod
2322 2274 2369 2331 si
2400 2280 2664 2331 octavam
2698 2290 2937 2346 quoque
2969 2274 3161 2345 cupis,
3200 2273 3514 2330 considera
3543 2273 3701 2346 quod

2056 2366 2271 2422 dicturi
2302 2381 2536 2441 sumus,
2559 2380 2774 2437 nempe
2805 2363 2964 2435 quod
2994 2363 3044 2418 is
3066 2364 3167 2435 qui
3198 2368 3491 2419 scortatur
3515 2380 3703 2422 unum

2056 2471 2190 2509 cum
2224 2460 2417 2509 scorto
2440 2450 2967 2524 efﬁcitur,propria
2992 2452 3258 2508 membre
3278 2452 3502 2508 faciens
3524 2453 3702 2508 scorti

2054 2542 2323 2599 membra
2349 2560 2361 2609 ;
2397 2546 2455 2596 et
2482 2542 2566 2596 ita
2594 2557 2728 2596 vere
2760 2542 2823 2596 in
2850 2541 3114 2612 seipsum
3146 2547 3370 2613 peccat.
3400 2541 3704 2614 Siquidem

2055 2631 2331 2688 nonnulli
2363 2630 2526 2686 caede
2558 2635 2699 2686 sunt
2749 2629 2900 2686 bene
2932 2630 3046 2697 usi,
3080 2635 3146 2685 ut
3202 2632 3390 2687 Moses
3442 2647 3509 2686 ac
3566 2630 3705 2685 Phi-

2056 2737 2201 2777 nees
2228 2721 2309 2787 I'9;
2343 2726 2403 2775 et
2440 2721 2622 2787 ira,ut
2649 2720 2860 2775 Petrus
2892 2724 2949 2774 et
2976 2718 3194 2774 Paulus
3223 2719 3300 2776 ’°:
3336 2724 3539 2789 stupro
3568 2733 3704 2773 vero

2056 2809 2260 2866 nullus
2290 2823 2554 2880 unquam
2583 2807 2738 2863 bene
2777 2824 2922 2863 usus
2954 2812 3061 2862 est.

2131 2917 2188 2971 Si
2209 2932 2344 2972 vero
2366 2921 2425 2971 et
2443 2912 3011 2980 nonam,considera
3031 2912 3189 2984 quod
3213 2913 3354 2984 quia
3374 2927 3562 2967 unum
3584 2926 3711 2967 card

2058 3022 2170 3078 pus
2200 3011 2291 3061 est
2318 3002 2832 3074 Ecclesia,singuli
2861 3007 3059 3057 autem
3091 3001 3194 3057 alii
3228 3000 3483 3056 aliorum
3514 3014 3708 3056 mem-

2058 3094 2166 3150 bra
2193 3095 2237 3130 ἰ
2277 3110 2289 3148 :
2323 3093 2424 3163 qui
2457 3090 2843 3158 scortatur,in
2875 3106 3085 3146 omnes
3114 3095 3322 3161 peccat
3352 3107 3365 3145 ι
3415 3089 3710 3160 percurrit

2060 3183 2219 3238 enim
2253 3183 2382 3254 ejus
2413 3180 2614 3252 lapsus
2645 3179 2720 3235 ad
2750 3178 3027 3235 Ecclesia:
3058 3178 3561 3250 plenitudinem,a
3591 3193 3709 3248 qua

2060 3273 2237 3327 etiam
2270 3286 2545 3342 separare
2577 3286 2640 3325 se
2670 3267 2991 3324 destinavit
3019 3268 3207 3323 donec
3236 3266 3634 3339 resipisceret.

2128 3361 2293 3427 Quod
2315 3361 2363 3415 si
2396 3359 2767 3416 etdecimam
2796 3357 3124 3420 desideres.
3149 3356 3267 3412 dici
3292 3355 3519 3429 poterit
3541 3354 3705 3427 quod

2062 3467 2197 3507 cum
2229 3450 2288 3505 hi
2313 3451 2413 3522 qui
2449 3449 2574 3521 lege
2605 3447 2938 3503 honorandi
2992 3446 3279 3502 connubii
3319 3444 3706 3512 conveniunt,

2062 3557 2247 3596 unum
2276 3540 2421 3596 fiant
2448 3554 2665 3610 corpus
2693 3538 2855 3608 (nam
2887 3535 3316 3606 Erunt,inquit,
3337 3535 3453 3590 duo
3484 3534 3545 3590 in
3577 3550 3707 3590 car-

2062 3646 2202 3685 nem
2229 3644 2430 3685 unam.
2464 3627 2600 3683 Ideo
2632 3627 2813 3681 etiam
2842 3642 2990 3682 uxor
3016 3624 3240 3697 proprii
3280 3624 3546 3694 corporis
3601 3640 3705 3694 po-

2066 3722 2338 3773 testatem
2370 3733 2489 3773 non
2516 3714 2825 3784 habet,sed
2855 3715 2979 3770 vir:
3008 3713 3282 3768 similiter
3308 3712 3483 3766 etiam
3510 3711 3598 3764 vir
3618 3712 3706 3779 "),

2065 3807 2277 3862 merito
2305 3806 2392 3861 vir
2438 3807 2540 3877 qui
2572 3809 2887 3869 scortatur,
2945 3804 3006 3858 in
3039 3815 3301 3867 uxorem,
3336 3799 3446 3853 hoc
3504 3804 3612 3863 est,
3647 3798 3707 3851 in

2066 3897 2374 3968 proprium
2405 3911 2618 3966 corpus
2646 3898 2889 3965 peccat;
2924 3890 3201 3946 similiter
3229 3893 3290 3943 et
3318 3902 3465 3943 uxor
3493 3902 3506 3941 :
3555 3887 3711 3943 474

2066 4003 2205 4042 nam
2238 3986 2301 4040 in
2334 3985 2459 4040 solo
2494 3985 2604 4039 hoc
2637 3987 2876 4054 peccato
2908 3980 3099 4051 legem
3128 3976 3328 4049 posuit
3355 3976 3622 4032 Christus
3642 3976 3709 4043 ³³,

2070 4077 2117 4131 si
2149 4092 2185 4130 a
2214 4092 2275 4130 se
2293 4074 2549 4129 invicem
2575 4074 3045 4142 separarentur.-
3074 4069 3138 4122 In
3169 4066 3475 4138 proprium
3497 4080 3713 4137 corpus

2069 4171 2294 4237 peccat.
2323 4185 2350 4214 »ι
2385 4165 2505 4219 Hoc
2535 4167 2646 4230 est,
2674 4160 2982 4232 proprium
3013 4174 3230 4230 corpus
3262 4157 3458 4213 reddit
3514 4158 3711 4227 impu-

2070 4271 2224 4311 rum.

2142 4361 2237 4427 νι,
2270 4362 2357 4423 19,
2388 4362 2477 4413 20.
2513 4378 2541 4407 ιι
2574 4359 2664 4411 An
2724 4354 2966 4410 nescltis
2997 4354 3157 4425 quod
3182 4368 3397 4424 corpus
3451 4355 3714 4406 vestrum

2075 4472 2099 4502 α
2136 4447 2423 4519 templum
2454 4452 2545 4502 est
2574 4445 2900 4500 habitantis
2930 4444 2992 4498 in
3023 4443 3186 4499 vobis
3215 4441 3468 4513 Spiritus
3500 4439 3713 4502 sancti,

2074 4563 2097 4589 ιι
2128 4554 2302 4610 quem
2324 4536 2601 4591 habetisa
2619 4535 2952 4603 Deo,etnon
2969 4533 3109 4587 estis
3127 4528 3506 4603 vestrijuris?
3522 4528 3715 4599 Empti

2075 4651 2101 4677 ‹‹
2132 4627 2291 4682 enim
2310 4626 2452 4680 estis
2472 4622 3026 4697 pretio.Gloritlcate
3039 4622 3167 4692 jam
3180 4621 3363 4674 Deum
3388 4618 3450 4672 in
3471 4630 3716 4686 corpore

2076 4740 2103 4767 ‹‹
2130 4720 2323 4771 vestro
2364 4720 2423 4770 et
2452 4716 2513 4769 in
2544 4713 2759 4785 spiritu
2789 4717 3003 4776 vestro,
3036 4725 3168 4780 quin
3199 4714 3338 4763 sunt
3377 4707 3501 4762 Dei.
3536 4724 3565 4754 ιι

2146 4808 2226 4860 Ex
2244 4805 2384 4860 doni
2408 4802 2815 4876 magnitudine
2838 4806 2898 4855 et.
2913 4800 3041 4869 ejus
3062 4798 3162 4870 qui
3186 4796 3349 4853 dedit
3369 4795 3716 4866 dignitatem

315 4876 573 4963 δωκότος
616 4876 953 4957 καταπτοεῦ
1019 4876 1244 4974 Πνεῦμα
1288 4902 1390 4976 γὰρ
1449 4876 1715 4977 ἦδωρεά.
1774 4899 1954 4976 Ἔχετε

2073 4896 2352 4951 deterret.
2384 4895 2525 4950 Nam
2575 4892 2817 4963 spiritus
2844 4887 3066 4943 donum
3099 4894 3224 4942 est:
3259 4885 3489 4941 habetis
3519 4888 3717 4939 autem

315 4989 373 5046 δὲ
404 4995 567 5047 τοῦτο
597 4990 704 5046 ἀπὸ
736 4994 891 5048 Θεοῦ.
925 4990 986 5047 Ὁ
1018 4990 1122 5063 γὰρ
1183 4986 1436 5052 δεδωκὼς
1503 4990 1634 5045 αὐτὸ
1691 4991 1842 5056 Θεὸς,
1874 4989 1966 5044 καὶ

314 5080 479 5135 οἰκῶν
513 5078 568 5135 ἰν
595 5083 677 5151 τῷ
706 5083 822 5151 ναῷ
848 5082 946 5134 τοῦ
976 5082 1134 5148 Θεοῦ,
1172 5080 1446 5133 τουτὲστιν
1501 5076 1553 5134 ἦν
1612 5084 1692 5149 τῷ
1753 5079 1967 5149 σώματι

316 5170 493 5241 ὑμῶν.
524 5193 551 5221 «
591 5169 687 5226 Καὶ
707 5167 811 5223 ούκ
841 5166 959 5223 ἑστὶ
986 5169 1210 5225 ἱαυτὼν.
1244 5192 1273 5220 ι)
1307 5169 1386 5226 Οὐ
1415 5168 1479 5222 τὸ
1510 5168 1851 5239 αὐτεξούσιον
1880 5167 1970 5221 ἆν-

314 5264 478 5333 αιρεῖ,
510 5256 658 5313 ἀλλὰ
687 5258 795 5311 τῶν
826 5260 1010 5311 κακῶν
1032 5255 1278 5330 πράξεων
1311 5255 1576 5331 ἀπείργει.
1609 5257 1732 5313 Ὀτι
1766 5256 1969 5310 Δεσπό-

310 5369 433 5417 την,
465 5346 650 5423 φησὶν,
688 5344 864 5421 ἔχετε,
894 5345 986 5400 καὶ
1014 5344 1168 5399 οὐδὲν
1201 5339 1355 5419 ἔχετε
1386 5340 1544 5413 ἴδιον,
1577 5342 1703 5399 ούδὶ
1748 5343 1876 5399 αὐτὸ
1907 5344 1969 5398 τὸ

315 5441 498 5508 σῶμα.
527 5459 554 5487 «
585 5433 959 5509 Ἠγοράσθητε
985 5434 1089 5507 γὰρ
1116 5440 1312 5505 τιμῆς,
1338 5456 1367 5485 ››
1398 5433 1477 5505 τῷ
1506 5433 1695 5506 αἶ’ματι
1724 5436 1820 5487 τοῦ
1842 5432 1968 5485 Υῑου

320 5524 505 5595 αὐτοῦ,
537 5520 687 5584 ὄντες
740 5522 844 5577 ὑπὸ
873 5523 973 5591 τὴν
1006 5521 1243 5594 ἐξουσίαν
1272 5526 1370 5576 τοῦ
1430 5526 1664 5579 Σατανᾶ.
1724 5544 1753 5571 ‹‹
1805 5518 1972 5589 Δοξά-

2076 4987 2233 5041 bunc
2265 5001 2299 5040 a
2332 4986 2468 5039 Deo.
2502 4985 2660 5038 Deus
2691 4981 2849 5036 enim
2881 4985 2972 5036 est
3000 4978 3101 5049 qui
3135 4972 3315 5040 dedit,
3341 4981 3400 5030 et
3425 4974 3527 5045 qui
3548 4972 3717 5029 habi-

2077 5082 2161 5130 tat
2190 5075 2253 5129 in
2286 5073 2504 5143 templo
2538 5072 2781 5127 Dei.hoc
2812 5075 2922 5135 est,
2954 5069 3017 5122 in
3048 5080 3295 5137 corpore
3324 5070 3538 5119 vestro.
3577 5084 3600 5115 α
3651 5064 3722 5117 Et

2076 5181 2198 5219 non
2223 5164 2365 5218 estis
2390 5158 2749 5230 vestrijuris.
2778 5178 2806 5207 ιι
2829 5160 2954 5213 Non
2974 5154 3132 5212 tollit
3148 5156 3340 5227 ipsam
3361 5154 3720 5219 libertatem,

2079 5242 2182 5307 sed
2212 5269 2245 5306 a
2278 5251 2450 5306 malis
2481 5254 2641 5304 arcet.
2668 5246 2967 5318 operibus.
3000 5245 3339 5310 Dominum,
3371 5242 3587 5312 inquit,
3618 5242 3724 5295 ha-

2078 5343 2230 5396 betis
2263 5346 2545 5409 tanquam
2577 5337 2818 5399 servi,et
2848 5335 3000 5389 nihil
3030 5331 3260 5389 habetis
3290 5330 3622 5402 proprium,
3646 5342 3722 5383 ne

2079 5432 2276 5501 ipsum
2308 5426 2550 5499 quidem
2584 5440 2855 5496 corpus.«
2890 5421 3084 5494 Empti
3118 5434 3279 5492 enim
3303 5419 3446 5473 estis
3473 5418 3719 5489 pretio,»

2081 5534 2297 5589 nempe
2331 5515 2618 5587 sanguine
2649 5513 2776 5569 Filii
2810 5512 3019 5584 ipsius,
3048 5526 3184 5566 cum
3234 5507 3457 5563 redacti
3515 5503 3725 5560 essetis

393 5640 442 5676 8°
472 5639 643 5698 Num.
675 5657 803 5708 xxv,
846 5641 868 5696 l
909 5656 1076 5710 seqq.
1154 5638 1203 5674 9°
1232 5642 1358 5694 Act.
1386 5655 1439 5706 v,
1480 5643 1510 5693 5
1569 5655 1752 5709 seqq,
1798 5654 1912 5706 xm,
1955 5640 2043 5692 11.
2120 5634 2165 5671 ⁹¹
2199 5637 2367 5690 Rom.
2429 5638 2528 5697 xii,
2576 5634 2627 5685 5.
2705 5629 2804 5684 “l
2860 5629 2988 5683 Cor.
3024 5644 3119 5697 vn,
3179 5628 3230 5680 4.
3309 5620 3355 5659 ⁸³
3409 5623 3608 5677 Matth.
3665 5623 3720 5690 5,

318 5736 376 5802 7,
407 5734 503 5788 28.
574 5742 583 5749 ι
