4198 6200
488 299 607 360 Ἱ23

1607 285 2036 348 (ECUMENII
2080 284 2385 346 'l‘lthC/E
2427 287 2813 350 EPISCOPI.

3764 286 3873 348 724

489 431 599 488 sub
632 432 982 503 potestatem
1011 427 1263 480 Satanas.
1297 445 1324 473 α
1350 422 1682 478 Glorificate
1704 422 1832 493 jam
1865 422 2069 476 Deum.
2101 443 2122 469 ι

2251 438 2369 473 mre
2438 416 2502 490 δὴ
2581 422 2674 475 τὸν
2728 420 2881 475 Θεόν·
2934 443 2964 471 »
3022 419 3172 475 Ἐπεὶ
3238 419 3327 472 οῦν
3382 416 3723 495 ἠγοράσθητε
3779 418 3875 473 ὑπὸ

488 515 976 587 Quandoquidem
1001 512 1182 583 empti
1201 512 1346 567 estis
1368 528 1403 567 a
1426 510 1900 584 Deo,glorillcate
1932 510 2128 582 ipsum

491 625 598 679 per
618 608 773 661 bona
793 602 1094 675 opera.Ait
1115 601 1273 656 enim
1302 617 1314 657 :
1340 623 1367 650 «ι
1394 601 1745 656 Utvidentes
1766 600 1924 656 bona
1953 616 2133 672 opera

487 700 682 750 vestra
692 691 1024 765 gloriﬁcent
1037 691 1269 745 Patrem
1284 694 1541 744 vestrum
1556 689 1656 760 qui
1675 689 1733 743 in
1749 688 1911 743 cmlis
1925 694 2014 743 est
2029 687 2129 744 9‘.»

489 815 555 825 —
582 806 608 832 ‹‹
634 784 703 836 Ει
723 782 785 836 in
808 780 1019 852 spiritu
1042 785 1255 834 vestro.
1274 800 1301 828 ›ι
1329 779 1443 832 Hoc
1469 777 1674 832 dicens
1695 777 1954 832 ostendit
1974 776 2133 848 quod

490 886 610 927 non
643 871 769 926 solo
800 886 1046 942 corpore
1076 869 1277 941 fugere
1308 872 1578 939 oporteat
1607 873 1899 938 stuprum,
1943 867 2046 921 sed
2076 872 2135 920 et

491 960 726 1032 spiritu,
744 959 802 1014 id
827 964 935 1027 est,
959 958 1194 1014 anima:
1217 962 1490 1027 utneque
1512 961 1712 1011 mente
1736 956 1839 1011 ﬂat
1860 956 2133 1028 pollutio.

489 1052 587 1106 Ait
634 1051 795 1105 enim
833 1066 844 1103 :
882 1070 910 1099 ι‹
967 1048 1316 1117 Quicunque
1348 1045 1643 1116 aspexerit
1698 1044 2011 1100 mulierem
2060 1045 2134 1100 ad

491 1137 1180 1211 concupiscendumJam
1215 1152 1347 1189 cum
1373 1151 1441 1189 ea
1461 1133 1818 1189 adulterium
1837 1134 2137 1189 commisit

492 1230 556 1285 in
587 1228 763 1284 corde
796 1244 900 1282 suo
948 1226 1012 1279 ⁸⁸.
1042 1246 1065 1276 ι
1102 1247 1130 1274 ιι
1163 1227 1300 1290 Quae
1335 1227 1474 1278 sunt
1502 1222 1625 1277 Dei.
1686 1244 1714 1273 ››
1774 1223 2138 1294 Frequenter

494 1319 568 1375 ad
588 1318 927 1373 memoriam
943 1314 1175 1371 reducit
1195 1312 1351 1385 quod
1383 1329 1503 1367 non
1537 1311 1723 1367 simus
1746 1312 1934 1367 nostri
1956 1313 2136 1384 juris,

492 1407 598 1463 sed
631 1407 739 1462 sub
775 1404 1021 1460 Domino
1054 1404 1260 1457 simus.
1298 1403 1413 1456 Hoc
1444 1400 1663 1455 indicat
1696 1417 1709 1455 :
1747 1421 1774 1451 ι(
1805 1402 1942 1467 Qum
2002 1409 2139 1456 sunt

490 1496 614 1564 Dei,
652 1519 673 1545 ι
712 1499 769 1550 et
794 1510 911 1549 non
942 1491 1104 1547 vobis
1130 1490 1390 1563 pr0pria.

1134 1607 1368 1661 CAPUT
1407 1607 1501 1660 IV.

676 1728 827 1786 475
862 1728 934 1782 De
961 1724 1174 1797 nuptiis
1202 1731 1254 1781 et
1284 1726 1558 1780 viduitate
1586 1741 1651 1782 ac
1684 1726 1959 1781 calibatu.

572 1848 691 1916 VII,
706 1850 847 1906 1.4.‹‹
864 1847 1152 1902 Cmterum
1168 1844 1240 1899 de
1264 1844 1477 1915 quibus
1492 1844 1814 1915 scripsistis
1836 1843 2144 1916 mihi,pul-

495 1960 528 1990 κ
544 1938 750 1993 chrum
764 1934 1089 1992 esthomini
1101 1933 1415 1988 mulierem
1429 1950 1544 1987 non
1557 1934 2144 2005 attingere.Attamen

507 2047 530 2076 ι
561 2031 803 2098 propter
819 2030 1022 2097 stupra
1041 2022 1472 2091 vitanda,suam
1497 2022 1749 2094 quisque
1772 2039 2011 2077 uxorem
2038 2023 2145 2078 ha-

501 2136 530 2163 ‹‹
561 2110 784 2182 beat,et
808 2128 980 2167 suum
999 2126 1249 2182 quaeque
1277 2110 1464 2165 virum
1489 2110 1907 2166 habeat.Uxori
1931 2111 2017 2165 vir
2042 2110 2145 2165 de-

503 2225 525 2254 ι
562 2201 749 2257 bitam
780 2200 990 2256 reddat
1018 2199 1484 2255 benevolentiam
1512 2216 1524 2253 :
1560 2199 1837 2255 similiter
1866 2206 2062 2255 autem
2087 2205 2146 2255 et

498 2314 529 2344 ι(
555 2309 704 2348 uxor
724 2292 1029 2346 viro.Uxor
1047 2290 1271 2361 proprii
1294 2291 1559 2361 corporis
1573 2290 1673 2361 jus
1695 2306 1813 2344 non
1835 2289 2144 2357 habet,sed

498 2403 529 2432 κ
559 2380 959 2436 vir.Similiter
973 2385 1170 2435 autem
1193 2384 1247 2433 et
1275 2378 1361 2431 vir
1378 2378 1601 2450 proprii
1624 2379 1889 2451 corporis
1902 2380 2003 2451 jus
2025 2396 2142 2434 non

498 2492 527 2521 α
559 2469 759 2537 habet,
792 2468 898 2524 sed
929 2484 1095 2523 uxor.
1132 2488 1160 2516 »

567 2647 938 2718 Scripserant
1004 2644 1205 2715 Paulo,
1237 2649 1437 2699 utrum
1494 2649 1795 2717 oporteret
1833 2644 1905 2699 ab
1962 2660 2144 2700 uxore

499 2735 1052 2802 abstinere,annon.
1086 2756 1114 2783 ‹‹
1152 2733 1474 2789 Pulchrum
1508 2739 1596 2788 est
1648 2733 1895 2788 homini.
1927 2756 1954 2782 »ι
2008 2734 2141 2789 Pul-

509 2826 741 2891 chrum,
776 2824 992 2895 inquit,
1023 2828 1113 2879 est
1141 2829 1200 2878 et
1228 2824 1510 2879 eximium
1542 2828 1610 2878 ut
1661 2823 1976 2880 mulierem
2025 2840 2147 2879 om-

504 2915 646 2969 nino
676 2930 797 2969 non
828 2913 1078 2985 attingat
1108 2929 1121 2966 :
1154 2912 1314 2983 quod
1339 2919 1539 2968 autem
1586 2928 1858 2968 securum
1886 2918 1976 2967 est
2003 2918 2061 2967 et
2086 2913 2146 2967 in

508 3011 797 3065 auxilium
830 3008 1224 3066 imbecillitati
1254 3016 1472 3065 nostra:
1503 3010 1706 3065 datum
1738 3014 1920 3076 est,ut
1946 3010 2033 3064 vir
2063 3010 2145 3065 le-

500 3102 707 3174 gitima
735 3106 939 3161 utatur
968 3117 1171 3169 uxore,
1205 3106 1264 3157 et
1291 3119 1441 3158 uxor
1465 3102 1728 3175 legitimo
1769 3107 1970 3158 utatur
1999 3102 2142 3157 viro.

2169 1789 2222 1854 B

2238 514 2398 580 Θεοῦ,
2433 508 2691 581 δοξάσατε
2721 512 2885 566 αὐτὸν
2920 508 3008 566 διὰ
3062 514 3320 585 χρηστῶν
3344 510 3607 582 πράξεων.
3635 534 3662 560 ι(
3695 510 3876 565 ’Όπωε

2237 597 2359 673 γὰρ,
2395 600 2582 677 φησὶν,
2615 601 2847 675 ὁρῶντες
2895 602 2962 654 τά
3017 597 3159 653 καλά
3212 598 3362 671 ὑμῶν
3418 592 3565 671 ἔργα,
3621 593 3879 667 δοξάσωσι

2238 688 2328 742 τὸν
2364 688 2575 764 Πατέρα
2610 690 2762 762 ὑμῶν
2799 687 2902 747 ,τὸν
2932 688 2984 743 ἐν
3011 693 3129 750 τοῖς
3182 688 3448 761 οὐρανοῖς.
3482 710 3509 737 ››
3540 720 3609 729 —
3645 712 3666 736 ι
3704 685 3805 742 Καί
3835 685 3881 741 ὲν

2238 780 2318 848 τῷ
2351 778 2620 850 πνεύματι
2654 778 2829 851 ὑμῶν.
2866 802 2894 829 ››
2954 780 3131 835 Τοῦτο
3185 776 3350 832 εἰπὼν
3412 773 3678 830 δείκνυσιν
3712 777 3793 829 ὅτι
3824 775 3882 829 οῦ

2243 866 2404 939 μόνον
2438 868 2655 939 σώματι
2712 868 2827 945 χρή
2887 867 3104 946 φεύγειν
3154 868 3255 936 τήν
3294 864 3572 940 πορνείαν,
3607 863 3755 920 ἀλλᾶ
3795 863 3885 918 καὶ

2239 955 2528 1027 πνεῦματι,
2551 953 2725 1030 ἤγουν
2780 959 2851 1030 τῇ
2882 959 3061 1035 ψυχῇ,
3120 960 3200 1029 τῷ
3262 951 3402 1029 μηδὲ
3456 954 3593 1009 κατά
3651 951 3887 1008 διάνοιαν

2242 1042 2598 1117 μολύνεσθαι.
2629 1069 2657 1098 ιι
2689 1047 2762 1107 Ος
2812 1046 2917 1120 γὰρ
2976 1046 3061 1115 ἂν,
3121 1045 3309 1123 φησίν,
3366 1038 3616 1118 ἐμϐλέψῃ
3661 1042 3799 1117 πρὸς
3829 1041 3888 1096 τὸ

2240 1131 2599 1207 ἐπιθυμῆσαι,
2646 1131 2756 1205 ἤδη
2792 1133 3112 1209 ἑμοιχευσεν
3169 1132 3221 1188 ἐν
3271 1136 3340 1206 τῇ
3394 1129 3592 1207 καρδίᾳ
3645 1132 3830 1187 αὐτοῦ.
3864 1154 3886 1182 ι

2248 1244 2275 1276 α
2327 1222 2517 1279 Ἃτινά
2573 1222 2685 1277 ἐστι
2738 1226 2837 1278 τοῦ
2894 1226 3047 1280 Θεοῦ,
3082 1248 3110 1274 υ
3171 1225 3391 1296 Συχνῶς
3471 1220 3875 1294 ἀναμιμνήσκει

2241 1311 2325 1366 ὅτι
2356 1310 2455 1367 οὐκ
2479 1311 2637 1385 ἐσμὲν
2667 1313 2889 1382 ἑαυτῶν,
2924 1309 3050 1366 ἀλλ’
3108 1311 3210 1366 ὑπὸ
3271 1309 3543 1377 Δεσπότην
3589 1310 3898 1383 τελοῦμεν.-

2244 1404 2423 1458 Τοῦτο
2454 1398 2642 1472 δηλοῖ,
2680 1425 2703 1454 ιι
2746 1402 2940 1459 Ἅτινά
2978 1400 3090 1457 ἐστι
3120 1403 3216 1455 τοῦ
3245 1403 3401 1471 Θεοῦ,
3436 1424 3464 1451 ››
3522 1398 3613 1454 καὶ
3648 1398 3758 1475 οὐχ
3785 1401 3876 1455 ἓαυ

2243 1511 2373 1547 των.

2887 1614 3147 1665 ΚΕΦΑΛ.
3180 1617 3251 1665 Δ’.

2461 1725 2591 1798 Περὶ
2622 1724 2804 1799 γάμου
2833 1722 2924 1779 καὶ
2974 1723 3202 1802 χηρείας
3269 1722 3360 1777 καὶ
3418 1722 3683 1797 ἀγαμίας.

2324 1839 2458 1915 Περὶ
2505 1837 2563 1894 δὲ
2617 1841 2691 1894 ὤν
2750 1838 3015 1915 ἐγράψατέ
3074 1861 3196 1913 μοι,
3254 1838 3422 1896 καλὸν
3475 1839 3754 1914 ἀνθρώπῳ
3808 1862 3898 1917 γυ-

2251 1931 2439 1991 ναικὸς
2499 1930 2574 2002 μὴ
2654 1931 2933 1993 ἅπτεσθαι.
2995 1930 3093 1984 Διὰ
3160 1926 3219 1983 δὲ
3282 1929 3379 1992 τὰς
3446 1930 3725 2005 πορνείας,
3786 1928 3900 1986 ἔκα-

2253 2038 2378 2080 στος
2443 2019 2545 2086 τήν
2601 2019 2793 2073 ἑαυτοῦ
2847 2023 3073 2092 γυναῖκα
3127 2017 3301 2093 ἐχέτω
3336 2060 3351 2085 ,
3408 2018 3499 2073 καὶ
3556 2017 3767 2090 ἐπάστη
3809 2019 3897 2074 τὸν

2255 2104 2391 2162 ἴδιον
2440 2104 2602 2183 ἄνδρα
2660 2106 2854 2183 ἐχέτω.
2910 2110 2995 2174 Τῆ
3046 2108 3263 2182 γυναικὶ
3322 2109 3350 2163 6
3405 2108 3541 2184 ἀνὴρ
3593 2111 3700 2179 τήν
3753 2107 3901 2186 ὄφει-

2254 2192 2492 2271 λομένην
2557 2195 2767 2253 εὔνοιαν
2853 2195 3212 2266 ἀποδιδότω,
3294 2200 3505 2272 ὁμοίως
3589 2197 3648 2254 δὶ
3724 2200 3899 2270 καὶὴ

2254 2288 2391 2364 γυνή
2448 2284 2530 2358 τῷ
2585 2283 2761 2358 ἀνδρί.
2825 2286 2890 2342 Ἥ
2941 2286 3078 2360 γυνή
3128 2290 3225 2340 τοῦ
3284 2284 3429 2341 ἰδίου
3487 2288 3746 2355 σώματος
3804 2287 3902 2343 οῦκ

2254 2374 2569 2447 ἐξουσιάζει,
2626 2374 2753 2430 ἀλλ’
2811 2376 2840 2429 6
2891 2374 3051 2446 ἀνήρ.
3113 2375 3356 2449 Ὁμοίως
3415 2373 3473 2431 δὲ
3527 2375 3618 2430 καὶ
3680 2378 3710 2431 ὁ
3769 2376 3899 2447 ἀνὴρ

2251 2469 2350 2521 τοῦ
2426 2461 2567 2519 ἰδίου
2669 2452 2935 2538 σώματος
3025 2464 3129 2519 οὐκ
3227 2463 3544 2534 ἐξουσιάζει,
3639 2464 3769 2521 ἀλλ’
3866 2469 3898 2535 ἡ

2252 2555 2407 2630 γυνή·

2326 2645 2600 2719 Ἔγραψαν
2631 2647 2710 2717 τῷ
2760 2641 2965 2716 Παύλῳ
2994 2641 3044 2699 εἴ
3090 2641 3171 2698 δεῖ
3228 2643 3521 2720 ἀπὲχεσθαι
3582 2645 3898 2720 γυναικὸςῆ

2256 2732 2341 2790 οῦ.
2375 2758 2401 2785 ιι
2430 2731 2607 2790 Καλὸν
2641 2734 2934 2807 ἀνθρώπῳ.
2972 2757 3001 2785 η
3036 2733 3108 2787 Τὸ
3136 2734 3231 2806 μὲν
3261 2734 3429 2788 καλὸν
3458 2734 3552 2789 καὶ
3613 2736 3901 2811 ὑπερέχον,

2257 2822 2443 2902 φησὶν,
2475 2815 2699 2891 ἔστιτὸ,
2732 2821 2879 2884 ὅλως
2928 2822 3004 2895 μὴ
3059 2822 3315 2877 ἅπτεσθαι
3372 2823 3643 2897 γυναικός.
3716 2825 3796 2881 Τὸ
3852 2821 3905 2877 δὲ

2258 2910 2494 2985 ἀσφαλὲς
2524 2910 2615 2965 καὶ
2650 2911 2888 2986 βοηθοῦν
2918 2913 2988 2985 τῇ
3030 2910 3274 2981 ἀσθενείᾳ
3304 2913 3485 2984 ἡμῶν,
3540 2912 3628 2972 τὸ,
3680 2912 3905 2986 νομίμῳ

2256 3000 2559 3074 κεχρῆσθαι
2580 2999 2818 3073 γυναικὶ,
2852 2999 2943 3054 καὶ
2974 2999 3057 3067 τὸ,
3092 2998 3321 3073 νομίμῳ
3376 3006 3682 3075 κεχρῆσθαι
3734 2998 3904 3076 ἀνδρί.

2264 3114 2283 3139 ι
2325 3087 2421 3142 Διά
2460 3085 2518 3142 δὲ
2568 3087 2663 3149 τάς
2722 3086 2999 3163 πορνείας,
3037 3112 3058 3139 ι
3124 3085 3274 3159 Αὕτη
3307 3091 3342 3158 ἡ
3372 3095 3472 3158 τῆς
3503 3092 3906 3164 συγχωρήσεως

502 3165 532 3240 ξ
562 3194 829 3246 Attamen
861 3196 1103 3263 propter
1131 3165 1336 3263 stupra
1364 3165 1618 3248 vitanda.
1649 3213 1676 3239 »
1699 3194 1830 3247 Haec
1862 3193 1990 3264 ipsa
2019 3209 2143 3264 per-

2251 3176 2418 3245 αἰτία,
2452 3176 2527 3238 εἰς
2585 3175 2894 3252 ἐγκράτειαν
2942 3176 3269 3251 παρακαλεῖ.
3304 3203 3331 3228 «ι
3365 3179 3474 3246 Τὴν
3537 3177 3905 3253 ὀφειλομένην

501 3280 804 3336 missionis
836 3296 1014 3335 causa
1042 3280 1117 3334 ad
1147 3283 1571 3337 continentiam
1597 3282 1999 3337 adhortatur.«
2034 3283 2145 3335 De-

499 3370 682 3426 bitam
742 3370 1236 3425 benevolentiam.
1282 3392 1309 3420 »
1358 3372 1626 3427 Ostendit
1679 3372 2147 3427 benevolentiam

504 3459 771 3514 debitum
806 3474 957 3526 esse,
990 3464 1135 3529 puta
1164 3459 1512 3514 fidelitatem
1545 3476 1613 3515 ac
1661 3466 1933 3514 mutuum
1983 3476 2146 3515 amo-

504 3552 720 3615 rem,et
760 3562 877 3600 non
909 3547 1093 3617 gratis
1124 3547 1408 3601 exhiberi.
1454 3570 1482 3597 ‹‹
1533 3548 1817 3601 Similiter
1846 3553 2044 3602 autem
2093 3554 2152 3603 et

503 3635 591 3689 vir
621 3634 711 3689 sui
743 3634 1009 3707 corporis
1032 3636 1133 3705 jus
1190 3651 1309 3688 non
1340 3634 1537 3690 habet.
1577 3657 1603 3682 ι»
1661 3635 2148 3705 Quandoquidem

505 3722 754 3787 dixerat,
789 3746 816 3771 ‹‹
851 3722 1116 3778 Debitam
1149 3722 1641 3789 benevolentiam,
1675 3742 1696 3771 ι
1730 3723 2149 3795 interpretatus

508 3818 597 3868 est
628 3829 899 3884 quaenam
932 3812 1035 3867 illa
1065 3811 1173 3867 sit:
1212 3813 1367 3879 Haec,
1400 3812 1612 3882 inquit,
1643 3818 1731 3866 est
1761 3813 1918 3883 quod
1958 3831 2149 3886 neque

504 3902 594 3955 vir
624 3918 817 3972 neque
848 3918 997 3956 uxor
1025 3901 1115 3955 sui
1146 3901 1410 3972 corporis
1433 3901 1535 3972 jus
1567 3902 1803 3971 habent,
1838 3904 1940 3959 sed
1972 3906 2149 3976 hujus

499 3990 602 4060 jus
633 3991 784 4044 alter
812 3991 1009 4045 habet.
1049 3990 1286 4045 Videtur
1313 3997 1510 4047 autem
1557 3993 1965 4051 benevolentia
2021 4013 2150 4052 esse

507 4078 868 4143 amicitia,et
898 4079 1149 4135 maxime
1181 4080 1501 4137 benevolus
1534 4082 1725 4139 ﬁdelis
1757 4086 2003 4141 amicus.
2040 4088 2150 4141 Ve-

507 4182 641 4220 rum
673 4184 850 4238 quam
884 4167 956 4223 ob
987 4184 1228 4224 causam
1261 4170 1320 4224 in
1351 4170 1486 4226 aliis
1508 4171 1642 4243 plus
1664 4173 1871 4228 tribuit
1893 4174 2147 4241 viro,ubi

506 4255 580 4311 de
613 4257 981 4330 subjectione
1042 4263 1101 4313 et
1128 4264 1420 4330 potestate
1480 4260 1591 4332 ipsi
1625 4279 1820 4318 sermo
1851 4269 1960 4325 est,
1992 4281 2150 4319 nunc

504 4358 703 4409 autem
736 4350 1137 4423 aequalitatem
1167 4350 1371 4405 dedit?
1403 4354 1470 4405 Et
1499 4350 1753 4407 dicimus
1774 4353 1933 4424 quod
1963 4353 2045 4408 ibi
2077 4354 2149 4408 de

502 4442 787 4514 primario
817 4440 931 4512 ipsi
966 4456 1162 4495 sermo
1194 4445 1464 4507 est,nunc
1495 4458 1629 4496 vero
1662 4442 1733 4496 de
1748 4442 2143 4509 continentia,

501 4532 566 4587 in
597 4548 716 4604 qua
744 4535 956 4586 neuter
985 4529 1121 4600 plus
1149 4533 1253 4584 aut
1282 4529 1479 4583 minus
1511 4530 1728 4585 habere
1759 4531 1953 4587 debet.

578 4622 816 4687 Vll,5.‘7.
848 4644 866 4667 -
892 4620 969 4674 Ne
987 4617 1809 4683 fraudetisvosinvicem,nisi
1829 4621 1877 4674 si
1901 4620 2043 4690 quid
2075 4637 2145 4675 ex

502 4731 532 4759 «
559 4725 854 4764 consensu
872 4706 945 4762 ad
963 4711 1292 4778 tempus,ut
1310 4707 1527 4761 vacetis
1531 4708 1553 4777 j
1564 4708 1614 4778 ej
1625 4708 1764 4761 unio
1785 4709 2107 4763 etorationi
2129 4726 2143 4763 :

500 4817 530 4847 ιι
552 4812 911 4867 rursumque
925 4796 983 4850 in
998 4811 1181 4850 unum
1197 4794 1662 4860 conveniatis,ne
1683 4801 1975 4850 tentetvos
1989 4796 2147 4852 Sata-

500 4906 528 4933 ι(
554 4901 662 4939 nas
689 4890 931 4956 pr0pter
959 4882 1483 4955 intemperantiam
1515 4886 1915 4939 vestram.lloc
1946 4891 2144 4942 autem

499 4992 528 5020 ‹‹
553 4969 687 5025 dico
719 4987 787 5024 ex
822 4970 1363 5041 permissione,non
1393 4987 1463 5025 ex
1497 4977 1791 5043 prmcepto
1822 4974 1974 5028 470
2002 4976 2143 5028 Nam

499 5080 527 5106 ‹‹
556 5074 834 5130 cuperem
857 5073 1063 5112 omnes
1085 5058 1355 5113 homines
1379 5075 1509 5114 esse
1532 5066 1595 5115 ut
1608 5076 1713 5133 ego
1734 5062 1860 5133 ipse
1874 5063 2146 5118 sum.Sed

502 5166 526 5195 ι
556 5146 965 5217 unusquisque
986 5147 1291 5219 proprium
1312 5147 1535 5203 donum
1558 5149 1814 5205 habetex
1831 5152 1949 5206 Deo
1964 5168 1977 5207 :
1993 5167 2147 5208 unus

496 5259 525 5287 ‹‹
561 5236 805 5307 quidem
839 5236 942 5301 sic,
971 5236 1125 5291 alius
1158 5254 1291 5291 vero
1324 5238 1429 5292 sic.
1467 5260 1494 5287 »

570 5326 709 5382 Vide
750 5324 909 5396 quod
940 5330 999 5379 et
1027 5326 1122 5380 hic
1152 5343 1388 5398 quoque
1417 5326 1682 5385 debitum
1729 5332 2150 5404 signiﬁcaverit

498 5415 679 5470 verbo
713 5437 739 5464 ‹‹
766 5414 1122 5470 Fraudare.»
1152 5447 1221 5455 ——
1252 5437 1278 5463 ‹‹
1315 5414 1432 5469 Nisi
1466 5416 1514 5470 si
1539 5419 1680 5489 quid
1704 5436 1769 5475 ex
1793 5438 2144 5479 consensu.»

572 5564 618 5601 υ
646 5564 844 5620 Matth.
878 5582 930 5633 ν,
966 5564 1051 5620 l6.
1129 5561 1177 5599 ιε
1206 5563 1349 5619 ibid.
1382 5566 1471 5622 28.

2255 3262 2486 3322 εὔνοιαν.
2520 3263 2786 3336 »Ἕδειξε
2844 3264 3011 3341 χρέος
3063 3265 3223 3321 οὖσαν
3279 3267 3379 3335 τὴν
3448 3263 3685 3335 εὔνοιαν,
3736 3265 3901 3342 ἤγουν

2253 3355 2353 3423 τήν
2385 3353 2563 3409 πίστιν
2597 3357 2685 3409 καὶ
2713 3375 2810 3423 την
2860 3352 3098 3430 ἀγάπην,
3130 3354 3219 3410 καὶ
3280 3356 3343 3410 οὗ
3397 3352 3603 3427 δωρεὰν
3668 3376 3903 3432 παρεχο-

2257 3443 2449 3517 μένην.
2499 3468 2527 3495 ‹‹
2560 3444 2803 3517 Ὁμοίως
2863 3441 2919 3499 δὲ
2947 3445 3034 3498 καὶ
3072 3445 3101 3498 6
3133 3445 3267 3519 ἀνὴρ
3297 3448 3394 3499 τοῦ
3452 3442 3594 3499 ἰδίου
3653 3447 3905 3518 σώματος

2256 3531 2355 3587 οὐκ
2384 3531 2698 3603 ἐξουσιάζει.
2735 3559 2756 3586 ι
2826 3529 3047 3601 Ἐπειδὴ
3108 3534 3253 3603 εἷπε,
3311 3558 3337 3585 ‹‹
3371 3534 3479 3603 Τὴν
3539 3532 3901 3607 ὀφειλομένην

2255 3617 2487 3687 εὔνοιαν,
2522 3645 2549 3672 ››
2580 3623 2893 3696 ἡρμήνευσε
2918 3621 3048 3675 ποία
3080 3620 3239 3679 ἐστίν.
3285 3622 3461 3693 Αὕτη,
3518 3622 3705 3698 φησίνο
3768 3620 3902 3680 Οὔτε

2255 3708 2413 3785 ἀνὴρ,
2445 3707 2569 3764 οὔτε
2624 3711 2756 3784 γυνὴ
2811 3714 2910 3765 τοῦ
2969 3706 3111 3764 ἰδίου
3165 3714 3421 3783 σῶματος
3480 3711 3902 3784 ἐξουσιάζουσιν,

2254 3797 2400 3854 ἀλλὰ
2430 3801 2528 3868 τὴν
2551 3799 2745 3855 τούτου
2776 3797 3019 3869 ἐξουσίαν
3070 3800 3098 3855 6
3129 3798 3313 3875 ἔτερος
3366 3795 3505 3880 ἔχει.
3569 3802 3668 3858 Καὶ
3722 3800 3903 3875 φαίνε-

2252 3908 2341 3943 ται
2376 3885 2561 3943 εὔνοια
2609 3891 2642 3957 ἡ
2703 3886 2886 3965 φιλία,
2943 3888 3292 3952 εὐνούστατος
3323 3891 3351 3945 6
3385 3891 3575 3952 πιστὸς
3626 3890 3810 3967 φίλος.
3841 3889 3902 3948 Τί

2256 3973 2322 4047 δή
2356 3998 2488 4031 ποτε
2518 3974 2575 4031 δὲ
2602 3976 2653 4032 ἐν
2692 3978 2785 4051 μὶν
2817 3983 2932 4040 τοῖς
2965 3977 3162 4040 ἄλλοις
3190 3980 3252 4034 τὸ
3284 3978 3450 4035 πλέον
3480 3977 3669 4034 δίδωσι
3700 3984 3782 4049 τῷ
3813 3979 3901 4034 ἀν-

2256 4063 2340 4139 δρὶ
2368 4064 2490 4121 ἔνθα
2519 4067 2643 4141 περί
2677 4067 2955 4141 ὑποταγῆς
2984 4068 3075 4122 καὶ
3134 4068 3373 4139 ἔξουσίας
3430 4070 3458 4123 6
3506 4066 3675 4144 λόγος
3732 4070 3899 4139 αὐτῷ,

2254 4159 2345 4209 νῦν
2376 4153 2431 4209 δὲ
2461 4156 2560 4222 τὴν
2596 4154 2820 4226 ἰσότητα
2851 4153 3019 4211 ἔδωκε
3055 4175 3069 4224 ;
3104 4158 3200 4211 Καὶ
3237 4177 3435 4234 φαμεν,
3487 4156 3569 4212 ὅτι
3627 4156 3740 4212 ἐκεῖ
3783 4158 3896 4230 μὶν,

2253 4246 2374 4320 περὶ
2426 4250 2521 4300 τοῦ
2580 4245 2814 4321 ἀρχικοῦ
2847 4246 2875 4300 6
2907 4243 3072 4321 λόγος
3100 4246 3267 4319 αὐτῷ,
3322 4251 3412 4300 νῦν
3468 4244 3545 4315 δὲ,
3603 4248 3726 4321 περῖ
3784 4269 3895 4302 σω-

2253 4334 2545 4413 φροσύνης,
2579 4333 2629 4389 ἐν
2778 4332 2959 4399 οὐδεὶς
3009 4335 3071 4389 τὸ
3126 4339 3293 4391 πλέον
3338 4336 3373 4406 ἢ
3404 4336 3466 4391 τὸ
3496 4333 3717 4392 ἔλαττον
3752 4335 3895 4411 ἔχειν

2255 4423 2484 4501 ὀφείλει.

2324 4626 2416 4694 Μὴ
2452 4625 2796 4700 ἀποστερεῖτε
2852 4623 3161 4697 ἀλλήλους,
3207 4625 3253 4681 εἶ
3289 4628 3363 4699 μὴ
3422 4648 3475 4682 τι
3535 4627 3595 4681 ἂν
3653 4626 3713 4683 ἐκ
3760 4649 3898 4699 συμ-

2254 4712 2437 4788 φώνου
2493 4715 2630 4789 πρὸς
2708 4715 2895 4788 καιρὸν
2941 4759 2953 4782 ,
3025 4712 3109 4769 ἵνα
3167 4715 3480 4789 σχολάςητε
3530 4719 3599 4790 τῇ
3659 4717 3894 4786 νηστείᾳ,

2252 4797 2344 4852 καὶ
2409 4801 2477 4870 τῇ
2526 4803 2810 4873 προσευχῇ
2847 4843 2860 4867 ,
2921 4798 3010 4853 καὶ
3063 4800 3227 4854 πάλιν
3289 4800 3576 4855 ἐπιτοαυτὸ
3630 4800 3894 4876 συνέρχη-

2255 4887 2393 4955 σθε,
2444 4884 2532 4941 ἵνα
2591 4888 2668 4959 μὴ
2727 4888 2955 4961 πειράζῃ
3016 4887 3155 4959 ὑμᾶς
3208 4889 3239 4942 ἀ
3297 4895 3537 4950 Σατανᾶς
3571 4931 3585 4959 ,
3644 4887 3732 4944 διὰ
3797 4890 3892 4957 την

2255 4974 2510 5051 ἀκρασίαν
2569 4976 2742 5047 ὑμῶν.
2800 4978 2973 5034 Τοῦτο
3043 4973 3098 5030 δὲ
3159 4977 3304 5051 λέγω
3359 4979 3495 5032 κατά
3545 4980 3893 5055 συγγνώμην,

2256 5065 2318 5120 οὐ
2378 5066 2494 5120 κατ’
2553 5064 2838 5139 ἐπιταγήν·
2918 5063 3061 5128 θέλω
3134 5066 3237 5141 γὰρ
3330 5068 3529 5129 πάντας
3581 5067 3895 5142 ἀνθρώπους

2256 5152 2496 5214 εἶνκιώς
2526 5154 2616 5208 καὶ
2675 5153 2929 5226 ἐμαυτὸν,
2986 5151 3113 5207 ἀλλ’
3177 5150 3401 5217 ἕκαστος
3456 5153 3597 5210 ἴδιον
3653 5158 3895 5232 χάρισμα

2255 5238 2373 5318 ἔχει
2414 5242 2473 5297 ἐκ
2502 5248 2659 5311 Θεοῦ,
2692 5242 2751 5306 ὅς
2777 5243 2871 5315 μὶν
2904 5239 3101 5309 οὕτως,
3135 5243 3194 5303 ὃς
3225 5239 3282 5297 δὲ
3314 5243 3507 5306 οὕτως.

2326 5333 2459 5407 Ὅρα
2490 5334 2580 5386 καὶ
2612 5331 2742 5400 ὦδε,
2793 5332 2854 5385 τὸ
2886 5329 3049 5406 χρέος
3107 5332 3376 5405 σημανθὶν
3427 5340 3507 5406 τῷ
3564 5333 3768 5409 ῥήματι
3799 5342 3893 5403 της

2254 5418 2709 5495 ἀποστερήσεως.
2770 5445 2798 5472 ι(
2855 5419 2917 5476 El
2980 5421 3055 5491 μή
3110 5440 3162 5474 τι
3218 5419 3277 5476 ἃν
3338 5420 3397 5476 ἐκ
3457 5425 3752 5502 συμφώνου
3794 5467 3807 5480 .
3867 5446 3893 5472 υ
