4198 6200
372 323 493 386 725

1351 323 1750 387 COMMENT.
1796 326 1883 387 ΙΝ
1929 325 2175 386 EPIST.
2222 327 2245 386 Ι
2291 328 2397 387 ΑΙ)
2442 326 2809 389 COBINTH.

3668 327 3788 388 726

377 455 475 523 Μὴ
522 452 944 531 ἒγκρατευέσθω,
1011 454 1168 524 φησί,
1225 453 1469 527 θάτερος,
1526 456 1749 531 θατέρου
1786 458 1859 528 μή
1898 457 2016 530 βου-

2140 460 2220 513 Ne
2251 459 2579 526 contineat,
2610 459 2826 530 inquit,
2858 458 3006 513 alter
3037 458 3277 514 nolente
3308 459 3514 524 altero,
3550 477 3623 515 ne
3665 477 3781 532 quo

379 541 641 614 λομένου,
669 545 744 615 μή
778 563 896 604 πως
926 542 1178 615 πορνείας
1211 545 1437 619 γένηται
1468 545 1728 620 πρόξενος
1757 549 1835 617 τῷ
1868 543 2035 619 ἒτὲρῳ

386 630 540 707 μέρει
572 634 608 701 ἡ
640 630 943 707 ἐγκράτεια,
981 655 1007 683 ιι
1041 632 1182 704 Πρὸς
1233 628 1443 705 καιρόν.
1480 656 1508 684 υ
1564 630 1843 702 Τουτέστι,
1899 634 2035 688 κατά

383 721 576 795 καιρὸν
607 720 701 776 τὸν
734 722 1104 795 προσήκοντα.
1139 720 1398 796 Εὖκαιρία
1422 718 1487 777 δὲ
1533 720 1675 778 ἐστιν
1725 723 1968 798 ἀποχῆς,
1997 724 2032 792 ἡ

380 808 608 880 νηστεία
638 807 727 864 καί
759 812 793 879 ἡ
826 812 1134 886 προσευχή.
1166 814 1340 866 Τοῦτο
1399 809 1478 881 δὲ,
1539 813 1727 891 φησὶν,
1786 810 1846 866 ού
1903 810 2035 873 τοὺς

381 897 638 960 συνόντας
680 898 921 976 γυναικὶ,
962 896 1218 974 εὔχεσθαι
1246 900 1282 971 ἢ
1314 899 1588 971 νηστεύειν
1619 899 1872 969 κωλύων,
1910 897 2037 954 ἀλλ’

377 987 600 1057 ’ὀπωςὴ
637 985 777 1062 εὐχὴ
826 988 919 1042 καὶ
968 989 1004 1057 ἡ
1055 988 1276 1059 νηστεία
1336 985 1732 1064 σπουδαιοτέρα
1787 987 2030 1064 γένηται·

377 1077 679 1151 ’Λπέχεσθε
707 1076 833 1153 γὰρ,
867 1076 1056 1150 φησὶν,
1097 1075 1193 1131 ’ἱνα
1249 1078 1565 1157 σχολάσητε
1593 1077 1661 1152 τῇ
1693 1076 1917 1149 νηστείᾳ
1943 1076 2033 1131 καὶ

370 1168 445 1238 τῇ
477 1168 787 1243 προσευχῆ,
824 1164 901 1227 ὡς
932 1172 1031 1234 τῆς
1088 1166 1288 1239 μίξεως
1345 1165 1748 1242 ἀσχολίαν,ούκ
1793 1166 2033 1243 ἀκαθαρ-

376 1252 498 1314 σίας
547 1253 842 1323 ποιούσης,
906 1254 1103 1326 μίξεως
1172 1253 1231 1310 δὲ
1285 1262 1386 1324 τῆς
1434 1256 1571 1330 πρὸς
1625 1258 1725 1325 τὴν
1783 1254 2031 1329 νομίμην

373 1347 629 1418 γυναῖκα.
686 1366 707 1393 σ
742 1342 841 1397 Διά
899 1344 998 1413 τήν
1059 1343 1319 1417 ἀκρασίαν
1380 1342 1553 1417 ὕμῶν.
1597 1369 1625 1395 ››
1681 1350 1797 1400 Ἵνα
1856 1345 2032 1418 μάθῃς

374 1429 463 1484 ὅτι
497 1429 605 1505 οὐχ
635 1431 663 1485 6
698 1425 957 1493 διάϐολος
1012 1430 1171 1503 μόνος
1228 1431 1404 1495 αἴτιος
1432 1440 1532 1503 τῆς
1562 1432 1838 1507 πορνείας,
1884 1430 2033 1488 ἀλλὰ

375 1519 470 1574 καὶ
527 1522 561 1589 ἡ
621 1523 781 1591 ἡμῶν
842 1520 1090 1596 ἀκρασία,
1134 1521 1343 1598 ἐπάγει,
1402 1548 1429 1575 ‹‹
1461 1523 1561 1578 Διά
1618 1525 1716 1593 τήν
1772 1522 2030 1599 ἀκρασίαν

376 1608 557 1682 ὑμῶν,
588 1634 616 1661 ››
650 1606 859 1672 δεικνὺς
891 1609 1037 1665 ἔνθεν
1078 1609 1318 1684 μᾶλλον,
1348 1611 1383 1682 ἢ
1416 1610 1477 1667 ἐκ
1500 1617 1597 1667 τοῦ
1645 1608 1908 1667 διαϐόλου
1939 1612 2029 1688 γί-

372 1709 558 1762 νεσθαι
617 1698 975 1775 πειρασμοὺς.
1036 1724 1064 1751 ‹‹
1101 1699 1178 1757 Ού
1231 1701 1348 1756 κατ’
1406 1699 1690 1776 ἐπιταγήν.
1724 1725 1752 1753 »
1786 1735 1852 1744 —
1884 1704 1903 1774 [
1933 1704 2027 1757 ΟΙ-

2144 548 2317 602 modo
2340 548 2734 619 temperantia
2750 547 3006 602 sitalteri
3023 548 3173 620 parti
3194 565 3373 604 causa
3397 549 3605 620 stupri.
3641 570 3662 597 ι
3698 550 3785 605 Ad

2144 641 2396 709 tempus.
2431 659 2459 687 ››
2492 637 2612 691 Hoc
2642 642 2751 702 est,
2785 636 3158 692 convenienti
3211 642 3494 709 tempore.
3542 638 3784 694 Occasio

2142 732 2341 782 autem
2370 725 2710 782 abstinendi
2739 731 2828 782 est
2848 726 3151 798 jejunium
3185 733 3243 781 et
3271 728 3480 782 oratio.
3523 728 3643 782 Hoc
3675 743 3785 782 au-

2142 821 2259 871 tem
2292 816 2456 881 dicit,
2489 833 2609 872 non
2641 816 2965 888 prohibens
3014 832 3113 870 eos
3162 816 3263 886 qui
3323 815 3788 871 commiscentur

2140 922 2274 961 cum
2301 922 2481 960 uxore
2497 905 2775 977 jejunare
2802 910 2904 958 aut
2918 904 3187 976 precari:
3234 903 3335 959 sed
3388 909 3454 959 ut
3483 904 3785 976 jejunium

2140 1010 2207 1051 ac
2239 993 2427 1049 oratio
2454 992 2780 1049 studiosius
2802 991 2926 1047 ﬂat.
2950 994 3093 1047 Nam
3140 991 3453 1059 abstinete,
3478 990 3693 1062 inquit,
3723 996 3789 1046 ut

2138 1083 2356 1139 vacetis
2373 1083 2611 1154 jejunio
2635 1087 2694 1136 et
2714 1081 2969 1136 orationi
3001 1096 3013 1135 :
3039 1097 3114 1135 ne
3147 1080 3419 1136 videlicet
3447 1080 3785 1152 occupatio-

2139 1189 2278 1227 nem
2309 1177 2517 1227 causet
2547 1170 2862 1243 impuritas
2890 1168 3324 1225 commistionis
3355 1185 3490 1226 cum
3521 1169 3787 1241 legitima

2138 1278 2340 1317 uxore.
2375 1283 2403 1311 «
2437 1263 2687 1332 Propter
2716 1260 3239 1331 intemperantiam
3296 1263 3574 1313 vestram.
3628 1280 3657 1307 ››
3716 1259 3789 1313 Ut

2138 1351 2334 1406 discas
2357 1349 2515 1421 quod
2538 1366 2658 1405 non
2682 1348 2844 1403 solus
2866 1347 3141 1404 diabolus
3159 1347 3349 1421 stupri
3372 1364 3551 1403 causa
3572 1347 3666 1415 sit,
3684 1346 3788 1402 sed

2139 1440 2318 1495 etiam
2350 1445 2557 1494 nostra
2587 1438 3068 1508 intemperantia,
3101 1437 3426 1510 subjungit,
3461 1456 3489 1483 «
3542 1440 3791 1507 Propter

2137 1528 2666 1601 intemperantiam
2698 1532 2951 1582 vestram
2980 1543 2993 1580 :
3028 1549 3056 1576 ››
3088 1525 3411 1581 ostendens
3442 1523 3580 1580 hinc
3600 1523 3788 1597 magis

2137 1636 2316 1691 quam
2349 1635 2418 1673 ex
2449 1616 2686 1673 diabolo
2718 1616 2859 1671 oriri
2892 1615 3273 1670 tentationes.
3309 1636 3337 1664 ‹‹
3369 1615 3496 1669 Non
3538 1630 3607 1667 ex
3637 1630 3785 1685 prae-

2137 1713 2327 1779 cepto.
2365 1728 2389 1758 ι
2425 1709 2623 1777 Neque
2655 1705 2815 1760 enim
2866 1704 3037 1769 sicut,
3091 1724 3120 1753 ‹‹
3177 1704 3302 1758 Non
3355 1700 3627 1767 occides;
3660 1702 3786 1756 Non

374 1787 741 1894 K01‘M.J‘06
771 1788 878 1894 γάρ
909 1789 1089 1894 ι’όσπερ
1111 1788 1195 1859 τὸ,
1220 1813 1248 1841 ‹‹
1272 1790 1349 1846 Οὐ
1382 1790 1721 1865 μοιχεύσεις,
1743 1790 1821 1847 Οὐ
1839 1789 2016 1867 φονεύ·

2138 1796 2500 1853 adulterium
2531 1794 2891 1861 committes,
2926 1814 2955 1842 ››
2987 1793 3069 1847 ita
3092 1809 3253 1847 nunc
3310 1806 3547 1863 quoque
3600 1805 3676 1844 ne
3725 1805 3786 1844 se

374 1896 508 1943 σεις,
541 1900 570 1928 »
600 1874 710 1946 ἤδη
742 1877 832 1931 καὶ
877 1877 939 1932 τὸ
991 1878 1066 1952 μή
1122 1878 1437 1952 ἀποστερεῖν
1495 1876 1783 1949 ἀλλήλους
1835 1876 2020 1934 ἐπιτα-

372 1967 446 2042 γή
481 1965 564 2027 τίς
594 1964 729 2035 ἐστι,
785 1966 876 2020 καὶ
934 1964 1212 2030 ἐπαινετὸς
1244 1968 1272 2023 6
1303 1972 1462 2023 τοῦτο
1494 1972 1666 2024 ποιῶν
1725 1968 1801 2032 ὡς
1855 1966 2020 2040 νόμον

369 2052 626 2129 πληρῶν.
708 2055 851 2109 Κατὰ
930 2056 1285 2132 συγγνώμην,
1378 2055 1535 2135 φησὶ,
1618 2061 1785 2111 τοῦτο
1846 2056 2018 2123 εἶπον,

369 2136 710 2217 συγκαταϐὰς
759 2145 827 2215 τῇ
886 2142 1128 2215 ἀσθενείᾳ
1182 2144 1361 2218 ὑμῶν,
1423 2144 1522 2200 οὐκ
1578 2142 1866 2201 ἐπιτάσσω.
1927 2147 2015 2216 Μή

369 2232 740 2305 ἀποστερεῖτε,
792 2229 940 2287 ἀλλά
979 2233 1245 2308 μακάριος
1302 2235 1330 2288 6
1386 2233 1864 2309 ἐγκρατευόμενος.
1927 2234 2022 2289 Ἐκ

367 2317 428 2375 δὲ
446 2324 544 2375 τοῦ
587 2320 780 2390 εἰπεῖν,
840 2322 1200 2399 συγγνώμην,
1232 2320 1425 2397 ἔδειξεν
1459 2323 1545 2379 ὅτι
1602 2322 1692 2379 καὶ
1747 2344 2021 2399 κατεγνω-

369 2407 568 2483 σμένον
624 2410 847 2479 πράττει
916 2414 1167 2486 πρᾶγμα,
1199 2411 1226 2465 6
1262 2411 1427 2485 μόνον
1483 2411 1534 2467 ἐν
1584 2416 1654 2487 τῇ
1683 2411 1901 2484 νηστείᾳ
1928 2408 2019 2466 καὶ

364 2503 439 2573 τῇ
491 2504 777 2576 προσευχῇ
837 2499 1204 2579 ἀπεχόμενος·
1274 2527 1301 2553 α
1357 2502 1504 2558 Εἶναι
1562 2503 1639 2566 ὡς
1697 2502 1952 2574 ἐμαυτόν,
1990 2526 2011 2553 ι

366 2589 534 2653 Ἔνθα
563 2586 824 2665 δυσχερὲς
879 2589 1151 2645 ἐπιτάσσει
1208 2595 1459 2666 πρᾶγμα,
1518 2593 1706 2648 ἑαυτὸν
1755 2591 1807 2647 ἐν
1870 2591 2017 2667 μέσῳ

365 2674 541 2750 φέρει.
574 2700 602 2728 ‹‹
635 2673 796 2732 Ἀλλ’
821 2673 1046 2739 ἕκαστος
1095 2673 1235 2732 ἴδιον
1278 2679 1525 2752 χάρισμα
1556 2674 1672 2753 ἔχει
1705 2677 1764 2733 ἐκ
1796 2684 1951 2737 θεοῦ,
1988 2704 2014 2730 ››

362 2760 588 2833 Ἐπειδή
648 2761 852 2843 σφόδρα
934 2764 1109 2820 αὐτῶν
1183 2766 1557 2844 κατηγόρησεν
1614 2767 1803 2839 εἷπὼν,
1862 2792 1890 2820 ‹‹
1921 2770 2011 2838 Μή

358 2872 482 2913 πως
537 2856 768 2927 πειράζῃ
849 2853 990 2926 ὑμᾶς
1048 2853 1076 2908 6
1139 2859 1380 2917 Σατανᾶς
1458 2852 1547 2910 διά
1600 2858 1699 2926 τήν
1757 2856 2014 2931 ἀκρασίαν

361 2941 541 3014 ὑμῶν,
575 2963 604 2992 ››
689 2945 779 2996 νῦν
860 2939 1150 3012 σπουδάζει
1236 2946 1732 3019 παραμυθήσασθαι
1793 2945 2013 3008 αὐτούς,

358 3029 631 3103 Παρθένος
657 3030 724 3100 ἦν
754 3032 783 3086 6
817 3029 1055 3102 Παῦλος,
1085 3031 1177 3087 καὶ
1235 3031 1421 3103 ἐπειδὴ
1459 3033 1597 3104 εἶπε,
1638 3058 1665 3085 ‹‹
1697 3034 1851 3089 Θέλω
1881 3033 2013 3087 πάν-

356 3139 455 3181 τας
488 3119 625 3175 εἶναι
659 3120 736 3183 ὡς
785 3118 913 3197 ἐγὼ,
948 3144 974 3172 ιι
1011 3121 1168 3197 φησὶ,
1225 3122 1288 3177 τὸ
1349 3127 1528 3195 μεῖναι
1584 3124 1874 3198 παρθένον,
1907 3123 2013 3198 χά-

2134 1884 2701 1951 fraudentinvicem,
2719 1886 3081 1955 praeceptum
3104 1879 3346 1952 aliquod
3386 1884 3495 1947 est,
3517 1883 3584 1933 ut
3611 1875 3785 1932 laude

2129 1974 2344 2047 dignus
2377 1973 2456 2028 sit
2484 1972 2585 2044 qui
2615 1972 2729 2027 hoc
2759 1972 2898 2044 agit,
2929 1975 3214 2041 tanquam
3236 1969 3423 2041 legem
3440 1965 3772 2038 complens.

2128 2065 2211 2118 Ex
2232 2062 2650 2135 permissione,
2675 2061 2889 2131 inquit,
2908 2060 3021 2115 hoc
3040 2058 3184 2124 dixi,
3231 2057 3551 2112 demittens
3574 2070 3668 2111 me
3700 2054 3775 2110 ad

2130 2151 2648 2208 imbelicillitatem
2679 2154 2955 2205 vestram.
2988 2150 3115 2203 Non
3138 2146 3323 2219 jubeo
3355 2163 3429 2201 ne
3460 2143 3771 2210 fraudetis,

2130 2241 2231 2297 sed
2262 2240 2472 2297 beatus
2503 2244 2592 2295 est
2620 2240 2722 2311 qui
2752 2240 3039 2295 continet.
3073 2237 3152 2293 Ex
3198 2237 3311 2291 hoc
3369 2240 3568 2291 autem
3615 2232 3775 2306 quod

2129 2329 2275 2386 dicit
2303 2327 2650 2403 συγγνώμην,
2682 2327 2741 2382 id
2788 2332 2899 2395 est,
2954 2328 3371 2398 permissionem
3422 2329 3525 2379 aut
3577 2322 3774 2394 potius

2126 2423 2363 2485 veniam,
2394 2418 2654 2474 ostendit
2673 2434 2811 2473 eum
2828 2416 3021 2472 facere
3043 2415 3450 2471 damnandum
3473 2429 3643 2485 opus,
3672 2412 3774 2483 qui

2129 2510 2322 2565 solum
2349 2508 2609 2564 abstinet
2628 2524 2762 2563 cum
2774 2505 3178 2579 jejunandum
3200 2509 3292 2560 est
3311 2509 3413 2559 aut
3455 2501 3771 2558 orandum.

2129 2620 2156 2647 ‹‹
2187 2598 2259 2654 Ut
2287 2614 2393 2671 ego
2424 2596 2549 2669 ipse
2581 2613 2734 2653 sum.
2768 2618 2797 2645 ››
2832 2594 2937 2650 Ubi
2970 2610 3096 2650 rem
3145 2592 3401 2664 imponit
3448 2588 3773 2653 difficilem,

2127 2688 2392 2759 seipsum
2416 2688 2477 2742 in
2501 2687 2839 2758 exemplum
2863 2684 3160 2757 proponit.
3209 2682 3321 2739 Sed
3360 2680 3775 2751 unusquisque

2125 2775 2431 2847 proprium
2452 2774 2629 2829 habet
2644 2774 2887 2829 donum.
2908 2795 2936 2822 ››
2958 2771 3248 2837 Quoniam
3270 2769 3652 2823 vehementer
3673 2781 3774 2818 eos

2126 2867 2507 2918 accusaverat
2526 2862 2731 2917 dicens
2757 2877 2769 2914 :
2796 2882 2824 2911 «
2849 2862 2928 2915 Ne
2959 2863 3147 2913 tentet
3170 2873 3270 2912 vos
3319 2856 3565 2909 Satanas
3589 2868 3771 2924 prop-

2129 2956 2217 3005 ter
2248 2950 2771 3021 intemperantiam
2802 2953 3078 3015 vestram,
3113 2968 3139 2995 »
3175 2944 3373 3000 studet
3396 2958 3558 2997 nunc
3610 2941 3771 3012 ipsos

2127 3040 2448 3096 consolari.
2510 3040 2681 3110 Virgo
2735 3043 2863 3092 erat
2918 3036 3180 3092 Paulus:
3242 3040 3301 3089 et
3356 3033 3497 3105 quia
3520 3033 3772 3098 dixerat,

2128 3152 2156 3179 ι(
2192 3131 2480 3200 Cuperem
2509 3143 2718 3182 omnes
2749 3142 2878 3181 esse
2909 3131 2975 3180 ut
3004 3141 3108 3197 ego
3142 3140 3312 3191 sum;
3366 3145 3394 3172 »
3440 3121 3586 3177 dicit
3614 3135 3773 3175 nunc

360 3229 534 3285 ρισμα
577 3208 716 3265 εἶναι
772 3210 880 3265 ἀπὸ
906 3214 1005 3266 τοῦ
1036 3215 1194 3281 Θεοῦ,
1244 3209 1343 3266 οὐκ
1398 3207 1585 3280 ἐπειδὴ
1611 3213 1709 3280 τῆς
1741 3213 2010 3285 ἡμετέρας

2127 3216 2284 3288 quod
2311 3231 2550 3271 manere
2567 3215 2855 3287 virginem
2877 3213 3100 3269 donum
3151 3212 3252 3267 Dei
3304 3216 3430 3277 est;
3462 3226 3583 3265 non
3615 3207 3774 3279 quod

361 3301 426 3356 ού
459 3299 630 3356 δεῖται
684 3299 925 3372 σπουδῆς
980 3304 1043 3358 τὸ
1074 3308 1324 3380 πράγμα’
1356 3303 1489 3359 αὐτὸ
1519 3305 1623 3378 γὰρ
1665 3305 1726 3358 τὸ
1775 3303 2013 3374 ἀξιωθῆ-

360 3406 452 3440 ναι
484 3384 845 3460 χαρίσματος,
877 3385 1063 3443 πολλὰ
1092 3392 1260 3459 κοπιᾷ
1314 3407 1418 3450 τις·
1475 3386 1604 3443 ἀλλ’
1661 3390 1735 3449 ὡς
1796 3386 2010 3461 εἷ’ρηται

358 3472 764 3545 παραμυθεῖται
827 3472 1023 3536 αὖτοὺς
1082 3473 1214 3548 ὑπὲρ
1252 3480 1354 3543 τῆς
1411 3468 1637 3550 ὕϐρεως.
1699 3498 1726 3525 ‹‹
1759 3475 1860 3539 ’Ὀς
1917 3475 2011 3548 μὶν

359 3561 557 3626 οὕτως,
599 3561 657 3623 ’ὀς
688 3558 745 3616 δὲ
801 3560 995 3625 οὕτως.
1033 3586 1061 3615 ››
1117 3564 1216 3625 ’Ός
1275 3563 1372 3637 μὶν
1429 3562 1520 3618 καὶ
1578 3561 1857 3624 παντελῶς
1906 3564 2009 3619 ἀπο

356 3651 544 3725 ἔχεται
577 3650 797 3724 μίξεως,
829 3651 888 3714 ὃς
918 3649 976 3707 δὲ
1004 3649 1135 3727 ἄχρι
1160 3658 1261 3722 τῆς
1288 3658 1532 3728 γαμετῆς
1556 3651 1791 3711 ἵσταται.

428 3941 582 4016 Δέγω
639 3938 697 3996 δὲ
766 3946 885 4003 τοῖς
937 3941 1193 4018 ἀγάμοις,
1246 3943 1337 3997 καὶ
1378 3948 1501 4007 ταῖς
1546 3945 1773 4023 χήραις,
1834 3942 2002 3999 καλὸν

352 4028 541 4092 αὐτοῖς
592 4028 730 4092 ἐςτιν
788 4029 877 4085 ὶάν
962 4050 1217 4103 μεινωσιν
1302 4032 1378 4094 ὡς
1451 4032 1626 4108 κάγὼ.
1683 4031 1743 4088 El
1803 4029 1860 4088 δὲ
1906 4032 2005 4089 οὐκ

352 4117 815 4194 ἐγκρατεύονται,
899 4122 1307 4195 γαμησάτωσαν
1349 4164 1362 4178 .
1440 4124 1703 4195 Κρεῖσσον
1757 4122 1859 4197 γαρ
1892 4121 2002 4177 ἐστι

350 4214 620 4281 γαμῆσαι,
652 4207 688 4278 ἢ
719 4210 1037 4284 πυροῦσθαι.

429 4384 764 4460 [ΘΕΟΔΩΡ.]
792 4383 997 4460 Ἔδειξε
1038 4384 1206 4442 πάλιν
1265 4385 1453 4439 ἑαυτὸν
1484 4390 1585 4454 τῆς
1635 4389 1743 4439 τῶν
1771 4383 1995 4460 ἀγάμων

351 4465 482 4527 ὄντα
511 4475 842 4550 συμμορίας.
902 4475 979 4533 Ού
1035 4475 1139 4550 γάρ
1172 4472 1230 4529 ἄν
1259 4495 1343 4537 τις
1393 4473 1554 4528 αύτὸν
1618 4471 1845 4533 εῗκότως
1878 4478 1997 4534 ταῖς

2130 3323 2227 3361 res
2258 3311 2460 3360 nostro
2491 3321 2612 3360 non
2645 3308 2814 3377 egeat
2836 3303 3029 3358 studio
3055 3319 3069 3358 :
3093 3301 3346 3356 multum
3365 3299 3524 3355 enim
3542 3298 3776 3353 laborat

2129 3395 2426 3466 quispiam
2445 3394 2504 3448 in
2520 3394 2630 3448 hoc
2646 3391 3241 3465 utdignusliabeatur
3260 3389 3445 3444 dono:
3478 3386 3582 3443 sed
3609 3386 3771 3457 quia,

2128 3490 2195 3539 ut
2214 3484 2437 3539 dictum
2455 3489 2564 3552 est,
2584 3481 2930 3538 consolatur
2943 3498 3042 3536 eos
3065 3479 3136 3535 de
3162 3479 3540 3551 improperio.
3563 3498 3584 3524 ι
3612 3476 3772 3531 Unus

2127 3573 2363 3644 quidem
2389 3573 2493 3635 sic,
2526 3572 2679 3628 alius
2710 3588 2844 3627 vero
2875 3571 2982 3625 sic.
3018 3592 3045 3619 »
3079 3570 3184 3624 Hic
3214 3568 3457 3640 quidem
3480 3567 3771 3639 penitusa

2123 3662 2539 3718 commistione
2570 3660 2852 3728 abstinet,
2885 3657 2985 3713 ille
3017 3675 3151 3712 vero
3184 3657 3289 3725 sic,
3344 3661 3410 3711 ut
3464 3654 3538 3709 ad
3585 3654 3765 3708 aliam

2119 3768 2242 3807 non
2272 3749 2516 3807 accedat
2544 3766 2722 3821 quam
2751 3764 3018 3804 uxorem.

2190 3948 2338 4002 411
2377 3945 2493 4013 VII,
2526 3947 2579 4014 8,
2612 3948 2665 3999 9.
2727 3945 2860 3998 Dico
2915 3947 3099 3996 autem
3153 3939 3528 4009 inconjugatis
3586 3944 3639 3993 et
3676 3937 3764 3992 vi-

2118 4035 2288 4091 duis:
2323 4036 2523 4089 bonum
2552 4032 2628 4088 eis
2658 4039 2737 4087 est
2792 4033 2841 4087 si
2887 4030 3297 4099 permanserint
3351 4030 3493 4083 sicut
3548 4033 3599 4081 et
3642 4043 3761 4097 ego.

2115 4124 2273 4190 Quod
2316 4126 2366 4177 si
2418 4138 2530 4177 non
2583 4122 2881 4187 continent,
2928 4117 3264 4173 contrahant
3321 4116 3760 4182 matrimonium,

2113 4229 2240 4267 nam
2272 4211 2466 4266 melius
2496 4216 2574 4265 est
2601 4206 3019 4263 matrimonium
3044 4206 3370 4262 contrahere
3426 4223 3593 4276 quam
3648 4206 3759 4261 uri.

2184 4392 2439 4444 Rursum
2472 4388 2737 4459 seipsum
2770 4385 3033 4443 ostendit
3056 4401 3187 4442 esse
3246 4384 3317 4440 de
3375 4381 3758 4439 multitudine

2109 4493 2316 4534 eorum
2347 4476 2449 4547 qui
2481 4476 2782 4549 conjugati
2804 4491 2925 4530 non
2949 4480 3091 4530 sunt
3112 4491 3126 4529 :
3151 4489 3344 4544 neque
3370 4473 3529 4528 enim
3547 4471 3759 4527 merito

352 4562 719 4636 χηρευούσαις
776 4562 1035 4618 ἐντάττοι·
1094 4560 1303 4623 νεανίας
1355 4560 1459 4637 γὰρ
1491 4557 1565 4613 ὢν
1597 4554 1806 4627 ἕτιτῆς
1859 4557 2004 4630 κλή-

2126 4567 2425 4638 Ῑιιίεῳιαηι
2454 4566 2649 4638 ipsum
2684 4565 2840 4620 inter
2869 4563 3076 4619 viduas
3107 4561 3415 4635 producet,
3448 4578 3581 4617 cum
3613 4561 3759 4616 ado-

354 4673 493 4715 σεως
525 4653 757 4723 ἠξιώθη.
792 4650 1003 4724 Μηδεὶς
1036 4648 1094 4707 δὶ
1137 4649 1298 4705 αὐτὸν
1358 4646 1552 4704 οἰέσθω
1581 4648 1680 4717 τήν
1713 4646 1811 4722 μὶν
1865 4648 1999 4724 ἀγα-

358 4739 485 4816 μίαν
516 4747 635 4803 τοῖς
665 4738 912 4815 ἀνδράσι,
942 4742 1044 4810 την
1103 4736 1160 4794 δὶ
1202 4738 1337 4812 μετά
1365 4739 1455 4792 τὸν
1483 4735 1656 4814 γάμον
1691 4736 2002 4812 ἐγκράτειαν

353 4836 478 4894 ταῖς
505 4831 711 4905 γυναιξὶ
749 4830 940 4905 μόναις
979 4829 1317 4901 νομοθετεῖν,
1374 4824 1464 4882 διὰ
1516 4828 1580 4881 τὸ
1638 4827 1829 4895 εἰπεῖν,
1886 4831 2004 4889 τοῖς

355 4923 620 4998 ἀγάμοις,
651 4921 797 4993 ἤτοι,
830 4926 950 4983 τοῖς
977 4917 1227 4995 ἀνδράσι,
1258 4918 1349 4975 καὶ
1406 4923 1523 4980 ταῖς
1551 4920 1777 4993 χήραις,
1809 4918 2003 4994 ἤγουν,

354 5016 476 5073 ταῖς
533 5009 812 5085 γυναιξίν.
864 5008 1179 5087 Ἀμφότερα
1234 5008 1338 5083 γάρ
1396 5005 1644 5080 ἑκάτερον
1699 5003 2001 5060 ἐκπαιδεύει

354 5096 536 5174 γένος,
568 5099 656 5154 καὶ
686 5102 785 5169 τήν
816 5096 1078 5175 ἀγαμίαν,
1118 5095 1209 5151 καὶ
1262 5096 1362 5164 τὴν
1398 5094 1531 5167 μετά
1560 5094 1650 5148 τὸν
1707 5094 1881 5169 γάμον
1915 5091 2002 5168 ἐγ-

352 5186 609 5262 κράτειαν
641 5194 740 5258 τῆς
794 5186 1050 5262 χηρείας.
1117 5208 1145 5236 ‹‹
1176 5182 1243 5240 Εἰ
1302 5179 1359 5237 δὲ
1410 5180 1511 5236 οὐκ
1567 5180 2002 5257 ἐγκρατεύονται,

353 5278 790 5355 γαμησάτωσαν,
823 5300 850 5327 ι»
904 5276 1044 5350 Ὀρα
1073 5273 1287 5351 σοφίαν·
1316 5271 1408 5326 καὶ
1464 5270 1719 5346 βελτίονα
1767 5267 2003 5325 δείκνυσι

352 5368 455 5436 τὴν
490 5365 822 5440 ἐγκράτειαν,
855 5364 946 5419 καὶ
978 5362 1083 5418 οὐκ
1110 5359 1393 5437 ἀναγκάζει
1430 5359 1522 5414 τὸν
1583 5361 1657 5431 μὴ
1715 5358 2002 5437 φθάνοντα,

356 5454 621 5517 δεδοικὼς
684 5458 759 5530 μή
821 5478 875 5511 τι
938 5457 1123 5528 μεῖζον
1197 5450 1546 5527 παράπτωμα
1576 5449 1813 5526 γένηται.
1874 5474 1901 5501 ‹‹
1934 5451 2002 5507 Ἤ

359 5546 683 5617 πυροῦσθαι.
719 5569 738 5594 ι
801 5540 1082 5613 Ἐνέφηνεν
1132 5539 1231 5610 ὅση
1285 5545 1385 5608 τῆς
1419 5538 1706 5610 ἐπιθυμίας
1736 5540 1773 5608 ἡ
1800 5558 2002 5613 τυραν-

358 5633 466 5693 νίς.
500 5633 562 5692 Εἴ
598 5632 843 5703 πολλὴν,
910 5630 1099 5706 φησὶν,
1161 5626 1438 5701 ὑπομένῃς
1501 5626 1617 5703 βίαν
1672 5626 1761 5681 καὶ
1821 5627 2006 5702 πύρω-

2110 4657 2344 4713 lescens
2367 4655 2561 4711 adhuc
2578 4655 2757 4710 fuerit
2777 4670 2912 4710 cum
2933 4652 3238 4709 vocatione
3273 4650 3487 4724 dignus
3518 4650 3754 4705 habitus

2113 4753 2221 4802 est.
2246 4748 2428 4802 Porro
2452 4761 2627 4802 nemo
2650 4743 2952 4800 existimet
2973 4742 3169 4813 ipsum
3204 4740 3341 4794 viris
3390 4744 3647 4796 statuere
3678 4756 3753 4795 ne

2111 4836 2469 4892 contrahant
2497 4832 2969 4898 matrimonium,
3000 4829 3353 4885 mulieribus
3383 4846 3517 4885 vero
3539 4834 3605 4884 ut
3624 4834 3758 4901 post

2112 4929 2446 4981 contractas
2464 4921 2703 4993 nuptias
2720 4921 2943 4977 etTectaa
2962 4919 3152 4974 viduae
3195 4918 3554 4987 abstineant,
3587 4934 3655 4973 ex
3688 4934 3756 4973 eo

2113 5013 2270 5084 quod
2292 5014 2376 5068 ait
2393 5015 2508 5070 τοῖς
2540 5008 2800 5084 ἀγάμοις,
2819 5008 2876 5064 id
2890 5013 2903 5077 ξ
2910 5014 3019 5077 est,
3039 5025 3160 5064 non
3192 5008 3521 5080 conjugatis
3541 5024 3757 5080 genere

2111 5102 2465 5168 masculino,
2508 5115 2724 5171 nempe
2769 5098 2946 5153 viris:
2972 5104 3030 5153 et
3063 5101 3185 5159 ταῖς
3211 5098 3434 5170 χήραις,
3454 5096 3514 5152 id
3536 5105 3644 5165 est,
3677 5098 3758 5152 vi-

2113 5191 2247 5247 duis
2263 5190 2569 5255 feminino,
2584 5193 2728 5260 puta
2744 5186 3078 5243 feminian
3095 5192 3345 5258 utroque
3360 5186 3519 5242 enim
3532 5192 3757 5242 utrum-

2114 5296 2229 5351 que
2261 5278 2502 5333 instruit
2532 5292 2739 5349 genus,
2774 5281 2832 5330 et
2862 5275 2934 5330 de
2964 5273 3328 5331 abstinentia
3375 5291 3410 5330 a
3455 5276 3757 5348 conjugio,

2114 5375 2173 5423 et
2193 5367 2265 5421 de
2287 5366 2655 5422 continentia
2680 5365 2741 5419 in
2755 5364 3038 5420 viduitate
3060 5370 3195 5435 post
3241 5370 3574 5420 contractas
3603 5381 3757 5435 nup-

2114 5455 2246 5510 tias.
2288 5477 2312 5506 ι
2342 5454 2509 5519 Quod
2539 5455 2586 5508 si
2617 5470 2736 5509 non
2769 5454 3099 5520 continent,
3157 5454 3511 5508 contrahant
3560 5453 3759 5507 matri-

2116 5544 2405 5611 monium.
2440 5564 2467 5591 ››
2505 5541 2641 5598 Vide
2676 5541 3077 5614 prudentiam.
3137 5542 3441 5597 Meliorem
3498 5539 3758 5594 ostendit

2116 5631 2571 5700 continentiam,
2601 5647 2710 5687 nec
2741 5636 2939 5687 tamen
2970 5632 3126 5703 cogit
3182 5646 3316 5685 eum
3374 5629 3475 5698 qui
3519 5627 3593 5681 ad
3624 5641 3754 5680 eam
