4188 6196
395 345 517 407 729
1278 362 1287 371 κ
1330 340 1746 406 COMMENT.
1794 343 1872 406 1N
1919 339 2167 404 EPIST.
2217 345 2245 405 1
2290 345 2392 407 AD
2438 308 2801 408 contum.
3690 340 3810 405 τεο

396 498 567 549 νεται,
598 479 719 541 πῶς
751 478 923 535 έκεῖνο
959 478 1052 552 μὶν
1083 473 1313 546 κωλύει,
1345 481 1507 533 τοῦτο
1540 474 1597 533 δὲ
1644 473 1707 533 οὕ
1733 495 1747 547 ;
1798 476 1897 533 Καί
1956 496 2040 553 φα-

2171 492 2194 527 ·
2232 478 2312 535 Ne
2342 477 2603 535 dimittat
2633 494 2785 536 eam.
2819 496 2848 530 η
2880 479 2937 536 Si
2970 480 3019 536 is
3042 476 3143 553 qui
3170 480 3569 554 agglutinetur
3590 482 3808 546 scorto,

399 589 519 641 μεν,
551 564 607 623 ἓν
646 568 740 641 μὲν
774 571 931 641 σῶμα
963 566 1053 622 καὶ
1084 564 1173 621 ἐπὶ
1201 572 1302 636 τῆς
1342 567 1574 623 ἀπίστου
1635 568 1862 645 γίνεται,
1906 564 2040 621 ἀλλά

2164 582 2351 622 unum
2367 582 2582 639 corpus
2601 566 2856 625 efﬁcitur
2881 585 2893 624 :
2927 572 2985 624 et
3005 570 3104 641 qui
3130 569 3530 643 agglutinetur
3554 567 3807 634 inﬁdeli,

393 660 582 728 νικᾷὴ
615 656 921 731 καθαρότης
979 657 1075 711 τοῦ
1131 658 1327 711 πιστοῦ
1388 656 1610 732 μέρους,
1660 658 1758 726 τὴν
1813 655 2040 730 ἀκαθαρ-

2164 654 2372 711 itidem
2404 668 2589 712 unum
2622 672 2837 729 corpus
2869 658 3476 729 efﬁciturzquomodo
3501 657 3649 713 illud
3672 672 3808 728 pro-

398 744 519 801 σίαν
570 750 668 801 τοῦ
724 742 974 801 ἀπίστου.
1016 744 1185 812 Illic;
1237 744 1357 802 Ἐπὶ
1408 747 1505 820 μὲν
1558 747 1661 821 γὰρ
1694 750 1794 815 τῆς
1838 746 2040 819 πόρνης

2166 744 2349 813 hibet,
2375 744 2535 802 istud
2556 762 2690 802 vero
2712 760 2831 802 non
2846 747 2875 802 ?
2895 749 2966 803 Et
2983 747 3235 803 dicimus
3256 746 3415 819 quod
3454 760 3640 803 unum
3674 747 3811 816 qui-

393 832 696 914 ἆμοότεροι
770 831 1085 908 ἀκάθαρτοι,
1146 835 1237 890 καὶ
1290 834 1325 904 ἡ
1377 836 1555 911 πόρνη
1614 834 1703 890 καὶ
1754 836 1782 890 6
1832 832 1921 888 ἐπὶ
1970 836 2040 904 τῷ

2164 830 2301 889 dem
2332 848 2547 907 corpus
2578 835 2757 891 etiam
2790 836 2850 891 in
2880 832 3108 892 infideli
3140 837 3416 905 efﬁcitur,
3445 836 3548 892 sed
3578 835 3806 907 puritas

390 927 683 997 πορνεῦσαι
715 927 981 996 προσιών.
1016 918 1146 982 Ἐπὶ
1202 921 1259 980 δι
1310 928 1414 993 τῆς
1469 920 1718 990 ἀπίστου,
1762 923 1898 992 αὕτη
1953 922 2046 994 μὲν

391 1008 527 1067 καθό
563 1011 704 1068 tam
737 1011 990 1083 ἄπιστος,
1022 1009 1347 1087 ἀκάθαρτος,
1378 1012 1408 1068 6
1440 1010 1497 1068 δέ
1526 1012 1770 1089 προσιὼν
1799 1010 1899 1066 οὐκ
1945 1005 2045 1067 ἔτι.

393 1100 471 1159 Οὐ
503 1100 608 1178 γὰρ
632 1099 723 1155 ’ίνα
751 1106 859 1156 τῶν
889 1098 1357 1177 ἀπηγορευμένων
1405 1116 1460 1157 τι
1512 1100 1689 1177 πράξῃ
1742 1098 2047 1177 προσέρχε-

388 1208 503 1261 ται⁹
534 1187 682 1245 ἀλλὰ
709 1186 808 1261 τήν
837 1186 1303 1266 ἐπιτετραμμένην
1330 1193 1429 1246 τοῦ
1459 1189 1643 1265 γάμου
1673 1190 1839 1264 μίξιν.

2162 924 2348 995 partis
2362 923 3161 997 ﬁdelisvincitimpuritatem
3185 923 3808 991 inﬁdelis.Quomodo?

2160 1012 2391 1068 Etenim
2421 1011 2484 1068 in
2516 1017 2719 1085 stupro
2750 1020 2999 1086 uterque
3032 1015 3368 1070 immundus
3396 1020 3504 1078 est,
3529 1016 3587 1069 et
3642 1027 3805 1069 scor-

2159 1105 2286 1157 tum
2319 1104 2379 1158 et
2402 1104 2502 1173 qui
2534 1103 2763 1158 accedit
2800 1109 2866 1158 ut
2894 1109 3204 1159 scortetur.
3266 1104 3331 1160 In
3389 1101 3617 1159 inﬁdeli
3669 1116 3803 1157 vero

2157 1201 2362 1259 uxore,
2396 1192 2525 1263 ipsa
2554 1192 2796 1264 quidem
2830 1207 2899 1249 ea
2926 1194 3156 1249 ratione
3188 1208 3306 1265 qua
3361 1192 3640 1259 inﬁdelis,
3693 1191 3805 1247 im-

392 1279 617 1339 munda
647 1288 775 1337 est:
809 1279 910 1354 qui
942 1288 1140 1339 autem
1172 1283 1401 1340 accedit
1420 1283 1550 1356 jam
1581 1296 1700 1339 non
1731 1279 1868 1339 talis
1898 1287 2006 1338 est.
2040 1284 2240 1353 NeqUe
2270 1281 2428 1337 enim
2460 1283 2688 1339 accedit
2715 1289 2781 1338 ut
2810 1283 3174 1355 prohibitum
3207 1284 3435 1357 aliquid
3496 1290 3801 1356 operetur,

391 1366 497 1427 sed
525 1375 592 1426 ut
620 1371 913 1443 permissa
939 1372 1194 1445 coniugii
1225 1372 1640 1427 commistione
1670 1376 1889 1428 utatur.

463 1471 565 1533 Καὶ
618 1473 808 1547 πάλιν,
867 1477 985 1532 κατ’
1038 1470 1181 1531 ἃλλο
1238 1475 1330 1551 μὲν
1364 1476 1399 1546 ἠ
1432 1474 1658 1539 ἄπιστός
1718 1476 1858 1532 ἐστιν
1922 1476 2047 1531 ἀκά-

390 1577 584 1641 θαρτος
638 1563 777 1621 κατὰ
828 1564 928 1636 τήν
983 1559 1254 1635 ἀσέϐειαν,
1305 1562 1423 1620 κατ’
1482 1563 1623 1621 ἄλλο
1682 1561 1737 1621 δὲ
1793 1570 2046 1621 κοινωνεῖ

386 1659 469 1727 τῷ
525 1659 702 1728 πιστῷ
759 1651 932 1731 μέρει,
998 1650 1139 1711 κατά
1192 1652 1291 1725 τὴν
1350 1652 1458 1711 τῶν
1532 1655 1802 1729 σωμάτων
1874 1654 2040 1729 μίξιν.

388 1740 514 1802 Ἐπὶ
547 1741 606 1800 δὲ
632 1749 733 1815 τῆς
790 1744 1001 1819 πόρνης
1053 1742 1169 1801 κατ’
1229 1742 1359 1801 αὐτὸ
1416 1746 1547 1801 καθό
1606 1745 1748 1801 ἐστιν
1804 1744 2041 1822 ἀκάθαρ-

386 1858 483 1899 τος
558 1840 594 1907 ἡ
670 1836 926 1893 κοινωνία
1000 1832 1228 1914 γίνεται,
1305 1838 1425 1894 οἷον
1501 1832 1637 1894 κατᾶ
1710 1838 1771 1893 τὸ
1857 1842 2037 1911 σῶμα.

390 1950 420 1979 α
453 1926 739 2001 Ἥγίασται
769 1927 872 2003 γὰρ
905 1927 932 1981 6
963 1922 1102 2002 ἀνὴρ
1132 1926 1161 1981 6
1193 1923 1437 1992 ἄπιστος.
1475 1951 1501 1977 »ι
1532 1925 1643 1982 Ἵνα
1679 1928 1754 2002 μή
1786 1923 2037 2007 ξφοϐῆται

392 2015 457 2072 τὸ
486 2015 676 2070 πιστὸν
713 2011 879 2089 μέρος
912 2020 1191 2071 συνοικοῦν
1237 2020 1315 2089 τῷ
1362 2015 1576 2090 ἀπίστῳ
1626 2016 1700 2078 ὡς
1749 2015 2041 2094 γενόμενον

392 2106 462 2177 τῇ
522 2104 830 2175 συνοικήσει
888 2102 1210 2180 ἀκάθαρτον,
1269 2106 1371 2179 ’ὀρα
1426 2109 1543 2167 πῶς
1624 2098 1883 2161 ἐκϐάλλει
1955 2106 2045 2161 τὸν

393 2187 918 2271 φόϐον.⁶Ηγίασται,
976 2196 1134 2271 φησὶ,
1190 2194 1258 2269 τῇ
1318 2192 1602 2270 περιουσίᾳ
1659 2197 1756 2263 τῆς
1810 2194 2046 2271 καθαρό-

395 2302 586 2354 τητος,
619 2278 800 2359 λέγων
838 2284 1085 2338 νικᾶσθαι
1135 2283 1234 2353 τήν
1289 2280 1643 2358 ἀκαθαρσίαν,
1701 2282 1800 2339 οῦκ
1856 2276 2044 2353 ἐπειδὴ

396 2371 553 2447 ἅγιος
588 2370 616 2424 6
648 2367 874 2433 ἄπιστος
902 2371 1130 2447 γίνεται·
1164 2369 1226 2427 οὗ
1281 2372 1385 2447 γὰρ
1443 2368 1614 2435 οὕτως
1668 2368 1839 2440 εἶπεν,
1897 2368 2045 2440 ἀλλ’,

400 2487 421 2510 ο
484 2460 791 2535 Ἡγίασται,
858 2480 883 2505 ιι
942 2454 1433 2537 παραμυθούμενος
1489 2458 1552 2515 τὸ
1609 2458 1799 2517 πιστὸν
1860 2461 2045 2535 μέρος,

393 2548 485 2604 καὶ
551 2549 614 2604 τὸ
672 2547 895 2604 ἄπιστον
964 2550 1039 2611 εἷς
1134 2547 1425 2623 ἐπιθυμίαν
1503 2546 1737 2611 πίστεως
1821 2546 2044 2627 ένάγων.

394 2670 465 2680 -
499 2639 715 2711 [ΦΩΤ.]
747 2637 849 2695 Καὶ
882 2634 1016 2693 αὐτὸ
1050 2635 1106 2693 δὲ
1137 2641 1302 2694 τοῦτο
1342 2636 1406 2693 τὸ
1449 2632 1732 2717 ἀνέχεσθαι
1776 2638 1867 2692 τὸν
1919 2635 2051 2693 ἄπι-

394 2747 543 2800 στον,
575 2727 667 2781 καὶ
702 2729 779 2802 μή
811 2722 1099 2798 ἆποπηδᾷν
1129 2730 1226 2783 τοῦ
1267 2726 1528 2782 συνοικεῖν
1575 2728 1655 2800 τῷ
1704 2730 1906 2800 πιστῷ,
1957 2724 2049 2803 έγ-

395 2815 495 2891 γύς
554 2812 667 2871 ἔστι
722 2819 820 2871 τοῦ
876 2814 1013 2891 πρὸς
1070 2814 1173 2887 τὴν
1233 2810 1503 2872 εὐσέϐειαν
1587 2821 1837 2894 συνορᾷν.
1896 2812 2051 2874 Ἀλλ’

395 2902 544 2961 εἴποι
574 2926 658 2968 τις
688 2896 749 2960 ἂν
776 2898 938 2969 Ἱσως·
970 2904 1180 2965 Οὐκοῦν
1208 2905 1271 2961 τὸ
1314 2900 1445 2961 αὐτὸ
1495 2909 1742 2970 νοοῦντες
1788 2906 1878 2960 καὶ
1927 2903 2050 2980 περὶ

393 2998 496 3049 τοῦ
517 2994 738 3067 πιστοῦ,
770 2992 927 3071 ἐγγὺς
956 2986 1117 3050 αὑτὸν
1162 2994 1295 3050 εἶναι
1355 2988 1596 3072 φαίημεν
1657 2993 1718 3049 ἄν
1772 2996 1868 3049 τοῦ
1915 2990 2052 3068 πρὸς

395 3077 645 3140 ἀσέϐειαν
678 3085 829 3157 ὁρᾷν.
862 3083 1005 3160 Πρὸς
1054 3085 1083 3139 ὃ
1142 3104 1339 3164 φαμεν,
1398 3082 1481 3139 ὅτι
1541 3084 1643 3139 οὐκ
1707 3076 1852 3139 ἔστιν
1902 3081 2050 3151 ἴσον,

395 3166 526 3229 οὐδὲ
558 3173 777 3229 πολλοῦ
836 3169 936 3230 δεῖ.
995 3174 1056 3232 Ὁ
1116 3170 1211 3246 μὶν
1268 3166 1371 3249 γὰρ
1426 3168 1617 3235 πιστὸς
1656 3178 1915 3228 συνοικῶν
1971 3176 2051 3244 τῷ

2228 1476 2383 1533 470
2414 1479 2483 1533 Et
2507 1493 2781 1534 rursum:
2830 1478 3002 1535 Juxta
3048 1478 3211 1535 aliud
3262 1479 3498 1552 impura
3546 1486 3636 1535 est
3666 1480 3803 1535 inﬁ-

2156 1562 2327 1635 delis,
2362 1582 2579 1640 nempe
2610 1562 2936 1624 secundum
2970 1568 3335 1641 Impietatem
3363 1582 3375 1635 ;
3418 1568 3593 1641 juxta
3642 1568 3803 1626 aliud

2154 1672 2290 1711 vero
2320 1657 2724 1713 communicat
2752 1672 2886 1713 cum
2919 1663 3083 1730 parte
3108 1656 3290 1727 ﬁdeli,
3313 1663 3456 1731 puta
3474 1655 3802 1714 secundum

2154 1758 2467 1818 corporum
2499 1744 3003 1803 commistionem.
3040 1749 3101 1803 In
3129 1750 3323 1804 scorto
3354 1753 3551 1803 autem
3596 1744 3657 1803 in
3688 1748 3801 1804 hoc

2150 1834 2278 1907 ipso
2310 1852 2426 1908 quo
2458 1835 2767 1893 immunda
2796 1843 2883 1893 est
2917 1838 2982 1893 ﬁt
3036 1838 3519 1903 communicatio,
3574 1850 3790 1909 nempe

2157 1926 2483 1981 secundum
2503 1943 2734 1998 corpus.
2757 1949 2784 1975 ι(
2809 1925 3220 1983 Sanctiﬁcatus
3235 1927 3495 1982 estenim
3536 1925 3623 1980 vir
3653 1924 3799 1980 ﬁde-

2157 2010 2297 2069 lis.»
2315 2015 2395 2069 Ne
2417 2018 2791 2087 metuatpars
2810 2013 3002 2071 ﬁdelis
3020 2014 3359 2071 cohabitare
3378 2014 3803 2085 inﬁdeli,quasi

2156 2100 2598 2159 cohabitatione
2628 2102 2899 2177 impurus
2928 2102 3301 2171 redderetur,
3331 2102 3462 2158 vide
3502 2102 3798 2175 quomodo

2155 2190 2395 2265 repellit
2415 2194 2711 2250 timorem.
2742 2193 3152 2251 Sanctiﬁcatus
3166 2198 3255 2250 est
3288 2193 3503 2265 inquit,
3527 2209 3800 2249 asserens

2155 2281 2306 2338 vinci
2332 2280 2736 2355 impuritatem
2764 2283 3113 2340 adveniente
3136 2284 3393 2355 puritate
3421 2300 3434 2338 :
3469 2298 3589 2338 non
3643 2282 3805 2354 quod

2158 2368 2419 2427 inﬁdelis
2450 2377 2689 2427 sanctus
2721 2372 2823 2427 ﬁat
2856 2389 2867 2427 :
2902 2388 3096 2445 neque
3130 2372 3291 2427 enim
3336 2371 3419 2426 ita
3476 2371 3645 2438 dixit,
3703 2371 3807 2426 sed

2160 2482 2189 2510 «
2224 2460 2627 2516 sanctiﬁcatus
2659 2467 2779 2519 est:
2812 2482 2840 2511 ››
2874 2458 3234 2517 consolando
3269 2467 3493 2533 partem
3546 2458 3807 2531 ﬁdelem,

2162 2566 2228 2605 ac
2260 2548 2549 2605 inducens
2580 2548 2880 2605 inﬁdelem
2913 2551 2986 2605 ad
3018 2548 3155 2605 ﬁdei
3185 2564 3450 2605 amorem
3484 2556 3540 2605 et
3571 2548 3807 2605 deside-

2161 2639 2336 2694 rium.
2370 2671 2435 2680 —
2468 2639 2656 2695 Etiam
2687 2638 2799 2695 hoc
2831 2640 3029 2712 ipsum
3061 2654 3275 2710 nempe
3336 2636 3493 2710 quod
3544 2638 3805 2693 inﬁdelis

2161 2728 2394 2797 toleret,
2428 2746 2537 2783 nec
2596 2728 2825 2785 resiliat
2874 2727 2947 2784 ab
3005 2726 3372 2784 habitatione
3422 2742 3557 2783 cum
3619 2726 3801 2794 ﬁdeli,

2160 2815 2419 2873 vicinum
2453 2817 2760 2890 quidpiam
2817 2814 2938 2887 agit
2991 2822 3057 2871 ut
3112 2817 3380 2872 animum
3441 2815 3700 2886 applicet
3729 2816 3803 2870 ad

2160 2906 2463 2978 pietatem.
2498 2904 2609 2961 Sed
2631 2905 3051 2962 dicetfortasse
3070 2907 3319 2977 aliquis:
3341 2905 3520 2978 igitur
3546 2904 3803 2974 idipsum

2162 2995 2629 3061 considerantes,
2648 2994 2720 3048 de
2734 2992 2894 3049 ﬁdeli
2912 2995 3240 3067 poterimus
3272 2994 3468 3049 dicere
3494 2992 3651 3065 quod
3671 2998 3809 3049 ten—

2161 3083 2262 3138 dat
2290 3083 2363 3138 ad
2392 3084 2780 3154 impietatem.
2814 3083 2903 3137 Ad
2933 3084 3092 3155 quod
3125 3083 3377 3138 dicimus
3409 3096 3527 3137 non
3562 3098 3691 3137 esse
3724 3078 3808 3137 si-

2161 3170 2321 3239 mile,
2353 3187 2547 3241 neque
2578 3171 2822 3226 omnino
2850 3170 2911 3226 id
2941 3178 3234 3244 oportere.
3269 3173 3412 3227 Nam
3443 3170 3636 3225 ﬁdelis
3669 3172 3799 3242 qui-

393 3254 630 3336 ἀπίστῳ,
660 3269 761 3332 τῆς
789 3262 1022 3326 πίστεως
1051 3248 1391 3330 έντολήνγκαί
1426 3248 1595 3336 νόμον
1645 3260 1878 3335 πληροῖ,
1929 3259 2040 3315 ὥσ-

2162 3259 2296 3314 dem
2320 3257 2547 3314 inﬁdeli
2569 3258 3083 3327 cohabitans,ﬁdei
3112 3258 3799 3332 prmceptumlegemque

390 3371 451 3406 τε
478 3352 568 3406 καί
600 3350 769 3425 ταύτῃ
805 3342 1019 3425 μᾶλλον
1048 3344 1318 3423 ᾦκείωται
1348 3354 1418 3425 τῇ
1448 3346 1651 3419 πίστει,
1690 3349 1781 3404 καὶ
1840 3347 2040 3406 διίστα-

2159 3349 2433 3423 complet,
2466 3353 2531 3403 ut
2559 3350 2670 3404 hoc
2700 3346 2876 3405 modo
2909 3352 2965 3403 et
2993 3347 3129 3404 ﬁdei
3178 3350 3365 3421 magis
3423 3348 3799 3419 concilietur,

389 3460 479 3494 ται
508 3445 607 3509 τῆς
639 3440 908 3504 ἀπιστίας.
960 3442 1024 3499 Ὀ
1069 3437 1126 3496 δὲ
1174 3440 1401 3502 ἄπιστος
1455 3434 1597 3514 μόνη
1652 3445 1721 3516 τῇ
1766 3441 1903 3516 πρὸς
1951 3436 2040 3496 τὸν

2159 3442 2212 3492 et
2240 3437 2312 3493 ab
2347 3434 2698 3493 inﬁdelitate
2727 3436 2915 3509 magis
2946 3436 3262 3493 dissideat:
3297 3437 3558 3493 inﬁdelis
3602 3443 3801 3493 autem

395 3533 751 3583 συνοικοῦντα
806 3533 1009 3606 στοργῇ
1079 3520 1388 3603 δεδεμένος,
1468 3528 1570 3600 τήν
1630 3528 1916 3608 συνάφειαν
1983 3527 2040 3584 οὗ

2159 3544 2355 3583 amore
2397 3527 2608 3582 saltem
2643 3543 2780 3598 erga
2811 3526 3254 3583 cohabitantem
3286 3526 3616 3592 devinctus,
3659 3543 3802 3582 con-

393 3614 537 3689 λύει,
568 3616 696 3693 οὐχὶ
730 3617 900 3692 νόμον
931 3619 1024 3675 τὸν
1059 3618 1164 3674 ἀπὸ
1194 3626 1293 3688 τῆς
1333 3614 1540 3681 οίκείας
1590 3619 1840 3681 ἀπιστίας
1881 3614 2040 3681 αὐτὸς

2159 3614 2521 3686 iunctionem
2546 3628 2665 3671 non
2690 3614 2882 3685 Solvit,
2909 3632 3030 3671 sua)
3054 3614 3422 3672 inﬁdelitatis
3453 3616 3644 3689 legem
3674 3633 3798 3672 non

392 3703 653 3775 ἰκτελῶν,
687 3705 924 3784 στέργων
958 3700 1015 3763 δὲ
1070 3708 1161 3763 τὸν
1217 3713 1569 3763 συνοικοῦντα
1612 3705 2046 3785 χειραγωγηθή-

392 3794 543 3851 σεταί
601 3816 735 3851 ποτε
783 3786 1049 3872 καὶπρὸς
1106 3797 1205 3867 τὴν
1262 3794 1427 3853 αὐτοῦ
1484 3796 1663 3852 πίστιν
1725 3792 1795 3852 δι’
1852 3792 2041 3856 αὐτοῦ.

395 3884 492 3939 Καὶ
522 3884 585 3941 τὸ
616 3881 851 3962 στέργὲιν
884 3878 940 3941 δὲ
970 3884 1122 3957 αὐτὸ,
1174 3894 1274 3957 τῆς
1332 3880 1586 3949 οῦσεϐοῦς
1640 3882 1751 3943 ἐστι
1809 3899 2043 3961 νομοθε-

393 3970 533 4046 σίας,
562 3966 690 4030 ἆλλ’
722 3966 850 4050 οῦχῖ
876 3980 975 4046 τῆς
1007 3964 1270 4042 ἀσεϐείας.
1317 3978 1478 4032 Ὥστε
1529 3974 1619 4031 καὶ
1664 3972 1833 4051 ταύτῃ
1885 3974 2040 4053 ἐγγὺς

393 4058 503 4119 ἐστι
531 4064 630 4119 τοῦ
661 4058 900 4120 εὐσεϐεῖν
932 4062 1117 4137 αὐτὸν,
1175 4061 1265 4121 καὶ
1318 4064 1572 4142 ἡγιάσθαι
1618 4061 1706 4121 διὰ
1756 4071 1857 4137 τῆς
1916 4087 2043 4121 συν-

392 4153 516 4225 οική
526 4175 660 4217 σεως
690 4158 787 4210 τοῦ
816 4152 1033 4213 πιστοῦ.

469 4238 618 4300 Ἐπεὶ
679 4239 783 4317 ἂρα
839 4239 905 4299 τὰ
963 4239 1124 4299 τέκνα
1183 4244 1335 4317 ὑμῶν
1392 4240 1667 4320 ἀκάθαρτά
1735 4245 1867 4302 ἐστι.
1927 4242 2037 4303 Νῦν

396 4326 453 4386 δὶ
483 4332 608 4407 ἅγιά
636 4328 805 4389 έστιν.
861 4326 922 4389 Ei
984 4329 1042 4387 δὲ
1097 4333 1125 4387 6
1203 4331 1427 4395 ἄπιστος
1482 4334 1802 4412 χωρίζεται,
1870 4353 2041 4410 χωρι-

395 4418 586 4491 ζέσθω.
635 4420 714 4480 Οὐ
774 4412 1111 4477 δεδούλωται
1166 4418 1194 4476 6
1246 4418 1481 4500 ἀδελφὸς
1529 4418 1565 4491 ἤ
1628 4422 1658 4491 ἡ
1716 4412 1926 4499 ἀδελφή
1985 4418 2037 4477 ἐν

390 4514 507 4577 τοῖς
563 4510 859 4574 τοιούτοις.
921 4513 1011 4570 Ἐν
1063 4508 1120 4567 δὲ
1192 4510 1382 4593 εἰρήνῃ
1466 4508 1731 4583 κέκληκεν
1806 4510 1952 4586 ἡμᾶς
2010 4514 2039 4568 6

390 4601 543 4663 Θεός.

460 4691 522 4748 Εἴ
552 4688 657 4767 γὰρ
692 4692 768 4763 μὴ
799 4696 1036 4761 νικᾶται,
1097 4687 1253 4767 φησὶ,
1300 4694 1369 4765 τῇ
1417 4691 1747 4766 καθαρότητι
1803 4697 1900 4747 τοῦ
1949 4713 2036 4747 πι-

389 4784 519 4835 στοῦ
553 4781 750 4855 μέρους
802 4780 865 4834 τὸ
924 4779 1170 4850 ἄπιστον,
1230 4777 1384 4835 οὐδὲν
1443 4779 1617 4836 λείπει
1658 4781 1933 4856 ἀκάθαρτα
1968 4781 2036 4836 τὰ

386 4871 694 4943 γεννώμενα
751 4871 1016 4945 γίνεσθαι,
1048 4869 1083 4940 ἢ
1133 4869 1183 4944 ἐξ
1241 4872 1499 4943 ἡμισείας
1554 4873 1778 4946 καθαρά.
1836 4874 2032 4946 “Οπερ,

387 4961 574 5036 φησὶν,
609 4962 709 5017 οὐκ
738 4960 879 5018 ἔστιν
912 4964 1064 5038 (ἅγια
1128 4960 1231 5039 γάρ
1279 4964 1434 5035 ἐστι),
1481 4966 1547 5035 τῇ
1601 4963 1887 5039 περιουσίᾳ
1933 4969 2036 5032 τῆς

386 5055 485 5106 τοῦ
514 5051 672 5126 ἁγίου
705 5044 903 5121 λέξεως
933 5041 1222 5106 ἐκϐάλλων
1243 5051 1307 5105 τὸ
1340 5044 1479 5112 δέος.
1518 5053 1694 5108 Τοῦτο
1741 5053 1840 5129 γάρ
1890 5046 2031 5108 έστιν

386 5140 417 5195 6'
448 5137 619 5217 λέγει’
644 5165 673 5193 ‹‹
700 5139 833 5197 Επεὶ
862 5137 966 5215 ἄρα
991 5140 1059 5195 τὰ
1086 5137 1241 5195 τέκνα
1273 5139 1425 5213 ὑμῶν
1486 5136 1757 5217 ἀκάθαρτά
1806 5140 1968 5211 ἐστιν,
2003 5165 2031 5193 ››

386 5229 432 5283 εἰ
463 5230 576 5306 οὐχ
604 5232 779 5293 οὕτως
809 5225 950 5308 ἔχει.
984 5225 1161 5286 Ἀλλὰ
1201 5233 1293 5284 νῦν
1326 5229 1457 5307 ἅγιά
1487 5227 1601 5285 ἐστι
1629 5233 1697 5304 τῇ
1745 5232 2031 5306 περιουσίᾳ

384 5325 484 5389 τῆς
516 5317 789 5394 ἀγιωσύνη
799 5342 841 5383 ς.

458 5432 485 5458 ‹‹
520 5408 583 5465 El
616 5405 674 5463 δὲ
714 5410 742 5465 ὁ
782 5405 1006 5469 ἃπιστος
1066 5406 1382 5482 χωρίζεται,
1445 5405 1787 5487 χωριζέσθω.
1823 5433 1851 5461 ››
1900 5410 2031 5467 Οἶον

383 5494 429 5550 εί
459 5494 668 5552 κελεύει
724 5496 1160 5570 συγκοινωνῆσαι
1216 5498 1318 5559 τῆς
1371 5490 1622 5558 ἀπιστίας
1680 5495 1847 5570 αὐτῷ,
1879 5493 1916 5566 ἤ
1948 5498 2026 5571 μή

383 5587 546 5639 τοῦτο
620 5593 912 5657 ποιούσης,
989 5584 1315 5658 ἀναχωρεῖν,
1391 5582 1766 5662 ἀναχωρείτω,
1871 5580 2026 5663 φησί.

383 5672 609 5731 Βέλτιον
641 5672 744 5751 γὰρ
794 5675 886 5730 τὸν
941 5672 1138 5748 γάμον,
1197 5674 1233 5742 ἢ
1291 5673 1392 5744 τήν
1448 5664 1718 5730 εὖσέϐειαν
1776 5672 2025 5748 λυθῆναι·

2068 4602 2118 4671 D

2148 3701 2484 3777 perﬁciens,
2518 3700 2622 3760 sed
2647 3718 2849 3761 amore
2909 3694 3276 3777 prosequens
3328 3706 3792 3775 eohabitantem,

2149 3806 2404 3866 pereum
2428 3793 2864 3850 manuducetur
2880 3794 3233 3864 quandoque
3261 3792 3333 3849 ad
3373 3793 3559 3866 ipsius
3592 3790 3793 3848 ﬁdem.

2150 3883 2347 3955 Ipsum
2379 3898 2638 3954 namque
2669 3895 2891 3949 amare,
2926 3880 3217 3953 religiosa:
3259 3878 3649 3952 legislationis
3704 3886 3795 3936 est

2150 3975 2209 4026 et
2237 3984 2354 4027 non
2382 3972 2701 4044 impietatis
2736 3986 2748 4025 :
2783 3972 2982 4040 itaque
3012 3970 3122 4025 hoc
3152 3984 3387 4041 quoque
3419 3982 3617 4024 amore
3649 3970 3794 4023 vici-

2148 4077 2261 4116 nus
2291 4066 2380 4115 est
2408 4066 2473 4115 ut
2500 4059 2812 4132 religiosus
2844 4058 3154 4126 efficiatur,
3186 4059 3667 4114 etsanctiﬁcetur
3689 4072 3797 4130 per

2148 4147 2649 4204 Cohabitationem
2682 4147 2897 4203 ﬁdelis.

2219 4234 2338 4303 VII,
2379 4237 2459 4303 14,
2499 4234 2580 4291 15.
2617 4232 2846 4307 Alioqui
2898 4237 3007 4305 ﬁlii
3056 4237 3222 4292 vestri
3279 4234 3550 4292 immundi
3602 4245 3791 4304 essent,

2146 4340 2293 4381 nunc
2320 4329 2501 4380 autem
2531 4329 2709 4381 sancti
2736 4332 2883 4381 sunt.
2946 4322 3102 4392 Quod
3155 4322 3201 4381 si
3251 4324 3492 4397 inﬁdelis
3538 4325 3791 4393 discedit,

2147 4413 2409 4469 discedat.
2442 4415 2563 4470 Non
2590 4422 2667 4469 est
2696 4417 2947 4470 servituti
2972 4416 3243 4486 subjectus
3270 4418 3448 4485 frater
3486 4419 3581 4470 aut
3635 4428 3790 4468 soror

2147 4501 2207 4556 in
2229 4500 2564 4573 hujusmodl.
2601 4507 2737 4560 Nam
2769 4501 2827 4559 in
2850 4521 2990 4575 pace
3016 4505 3229 4561 vocavit
3259 4520 3354 4560 nos
3388 4507 3544 4561 Deus.

2217 4703 2361 4758 Nam
2380 4702 2428 4757 si
2450 4719 2607 4775 pars,
2631 4698 3112 4773 inquit,inﬁdelis
3130 4717 3249 4756 non
3274 4696 3792 4770 vinciturpuritate

2148 4790 2363 4861 ﬁdelis,
2387 4788 2536 4847 nihil
2559 4796 2742 4847 restat
2762 4791 2876 4847 nisi
2899 4796 2965 4845 ut
2984 4784 3083 4861 qui
3137 4794 3465 4844 nascuntur
3494 4786 3788 4844 immundi

2147 4881 2313 4948 ﬁant,
2340 4880 2701 4937 autdimidia
2724 4886 2952 4936 tantum
2977 4884 3141 4951 parte
3168 4874 3400 4934 mundi:
3426 4874 3583 4951 quod
3603 4878 3684 4933 ita
3706 4874 3789 4933 in-

2145 4970 2293 5041 quit,
2316 4988 2436 5025 non
2461 4976 2570 5035 est,
2594 4987 2732 5025 nam
2757 4970 2943 5025 sancti
2968 4975 3136 5024 sunt:
3162 4987 3267 5040 per
3286 4964 3608 5024 dictionem
3660 4986 3790 5023 san-

2144 5054 2365 5115 ctitatis
2395 5055 2772 5114 abundanter
2792 5056 3089 5128 repellens
3129 5056 3423 5112 timorem.
3460 5052 3578 5112 Iloc
3626 5058 3786 5112 enim

2146 5154 2233 5203 est
2254 5147 2412 5219 quod
2432 5148 2515 5202 ait
2538 5163 2551 5201 :
2574 5169 2596 5198 σ
2620 5144 2855 5218 Alioqui
2875 5145 2979 5201 ﬁlii
3000 5140 3172 5202 vestri
3197 5144 3486 5202 immundi
3504 5153 3723 5215 essent,
3759 5170 3785 5197 ››

2143 5234 2258 5292 nisi
2311 5235 2582 5292 videlicet
2638 5236 2720 5292 ita
2777 5240 2934 5291 esset
2967 5253 2979 5290 :
3028 5240 3085 5291 at
3117 5253 3273 5291 nunc
3307 5234 3495 5292 sancti
3528 5241 3683 5306 sunt,
3720 5253 3789 5291 ex

2142 5324 2511 5381 abundantia
2532 5322 2883 5381 sanctitatis.

2213 5414 2367 5470 480
2398 5437 2423 5462 ‹‹
2460 5410 2623 5480 Quod
2657 5415 2704 5470 si
2738 5412 2998 5471 inﬁdelis
3019 5410 3583 5485 discedit,discedat.
3615 5438 3641 5467 ι»
3670 5414 3786 5471 Hoc

2141 5503 2333 5575 est,sij
2345 5502 2485 5559 ubet
2501 5509 2711 5560 utcum
2725 5520 2792 5559 eo
2806 5502 3213 5561 communices
3230 5505 3289 5559 in
3304 5500 3784 5567 inﬁdelitate,aut

2140 5592 2255 5647 nisi
2274 5586 2385 5648 hoc
2403 5590 2771 5664 facias,quod
2786 5592 3179 5666 separabitur,
3196 5600 3525 5667 separetur,
3550 5590 3743 5665 inquit
3766 5612 3780 5650 :

2138 5676 2353 5738 melius
2371 5681 2628 5738 estenim
2644 5678 2985 5757 conjugium
3004 5678 3242 5738 dissolvi
3259 5696 3435 5754 quam
3476 5682 3779 5754 pietatem.
