4198 6200
358 343 480 403 733

1326 330 1737 399 COMMENT.
1788 338 1864 398 IN
1911 337 2165 399 EPIST.
2210 339 2234 400 Ι
2279 340 2382 399 AD
2427 342 2791 402 (.OiiIN'fH.

3656 339 3772 399 734

362 475 688 551 μερίσαντος
721 474 878 535 Θεοῦ,
909 469 1001 525 καὶ
1039 468 1372 532 καλέσαντος
1406 471 1631 545 Κυρίου.
1665 472 1730 527 Εἰ
1753 466 1810 524 δὲ
1840 471 1867 525 6
1895 470 2024 532 Θεὸς

2137 470 2353 527 factum
2386 475 2569 529 est.Et
2598 476 2810 529 horum
2832 491 3039 529 causas
3067 492 3241 530 nemo
3271 474 3519 529 idoneus
3552 480 3639 531 est
3669 475 3769 547 qui

358 565 451 621 καὶ
484 565 511 619 6
542 562 736 637 Κῦριος
765 560 861 620 τὰς
890 558 1148 621 τοιαύτας
1197 559 1481 639 συναφείας
1542 558 1689 630 ἔταξε
1745 559 1833 614 καὶ
1887 558 2014 632 ἐμέ-

364 675 480 729 ρισε
508 651 644 707 κατὰ
671 650 732 704 τὸ
765 648 991 703 ἑκάστου
1025 647 1324 726 συμφέρον,
1376 649 1477 703 οὐκ
1528 647 1735 726 ὀφείλει
1768 649 1795 701 6
1829 648 2016 708 πιστὸς

366 742 578 813 ἀπίστῳ
619 738 898 815 συναφθεὶς
956 734 1270 814 δυσφορεῖν,
1331 735 1366 805 ἢ
1424 735 1656 810 ἀγωνίαν
1715 733 1804 789 καί
1862 733 2016 790 λύσιν

366 831 642 901 ἐπιζητεῖν
678 871 693 896 ,
770 824 919 881 ἀλλά
1006 825 1183 887 καθὼς
1268 823 1475 896 ἐκλήθη
1541 823 1787 894 ἕκαστος,
1843 825 2022 896 τούτῳ

367 918 617 994 ἐμμένειν
672 915 761 970 καὶ
792 918 1245 988 συμπεριπατεῖν.
1276 914 1335 970 Ὀ
1366 915 1471 989 γὰρ
1502 914 1829 987 Σευηριανὸς
1880 910 2019 968 ἔστι·

366 1009 449 1080 ξεν
504 1005 697 1066 οὕτως.
758 1003 821 1060 Εἰ
880 1002 981 1078 γὰρ
1042 1003 1121 1075 μή
1181 1001 1355 1063 οὕτως
1414 1003 1598 1076 στίξῃς
1652 1001 2020 1076 ἀσυνάρτητον

368 1097 552 1174 ἔλεγεν
590 1097 730 1151 εἶναι
761 1096 860 1165 τήν
896 1092 1162 1166 σύνταξιν.
1196 1090 1380 1155 Οὕτως
1410 1114 1491 1162 σε,
1547 1094 1711 1172 φησὶν
1741 1091 2018 1167 έρμὲρισεν

369 1189 398 1242 6
431 1186 560 1246 Θεὸς
591 1183 682 1240 καὶ
713 1184 890 1247 οὕτως
947 1181 1233 1252 κέκληκεν,
1287 1182 1422 1255 μετὰ
1476 1182 1727 1255 γυναικὸς
1834 1178 2022 1255 ἀνδρὸς

368 1276 623 1333 ἀπίστου·
657 1274 848 1351 στέργε
876 1275 1163 1349 τοιγαροῦν
1219 1272 1312 1326 τὸν
1374 1272 1576 1349 γάμον,
1628 1272 1719 1326 καὶ
1783 1271 1859 1343 μή
1901 1269 2021 1325 δια-

371 1363 547 1439 λύσῃς
576 1364 675 1433 τὴν
707 1363 916 1418 πίστιν.
949 1384 969 1411 ι
1005 1361 1195 1423 Οὕτως
1219 1359 1269 1415 ἐν
1296 1367 1415 1423 ταῖς
1447 1360 1797 1431 Ἐκκλησίαις
1828 1360 2022 1422 πάσαις

372 1452 755 1527 διατάσσομαι.
788 1474 818 1503 »
850 1453 1029 1508 Τοῦτο
1061 1450 1274 1527 ἐπάγει,
1300 1448 1386 1504 ἳνα
1410 1454 1489 1523 τῷ
1511 1455 1663 1525 σχεῖν
1694 1449 1784 1504 καὶ
1815 1446 2022 1511 ἄλλους

370 1542 672 1604 κοινωνοὺς
724 1539 814 1595 καὶ
892 1536 1069 1601 ἄλλας
1154 1536 1486 1609 Έκκλησίας
1522 1580 1537 1607 ,
1621 1536 2023 1614 προθυμότεροι

371 1633 500 1708 περὶ
528 1633 630 1701 τήν
662 1629 904 1699 ὑπακοὴν
938 1629 1220 1704 γένωνται.

2123 570 2441 635 cognoscat
2470 566 2587 619 nisi
2620 565 2746 636 ipse
2766 567 2917 620 Deus
2936 566 3132 637 quiita
3154 565 3525 637 disposuitac
3549 566 3765 633 divisit,

2128 660 2184 709 et
2210 655 2497 710 Dominus
2521 657 2621 725 qui
2646 656 3059 720 vocavit.Quod
3084 656 3131 709 si
3174 657 3327 710 Deus
3366 672 3434 709 ac
3484 657 3771 711 Dominus

2126 743 2468 815 hujusmodi
2491 746 2947 817 conjunctiones
2969 744 3355 815 disposuit,ac
3376 743 3574 799 divisit
3598 745 3770 815 juxta

2127 834 2415 904 cujusque
2445 835 2786 901 utilitatem,
2819 852 2936 890 non
2971 834 3145 890 debet
3177 834 3370 889 fidelis
3412 834 3769 904 conjunctus

2128 921 2358 977 inﬁdeli
2409 924 2663 993 graviter
2692 924 2846 979 ferre
2877 930 2977 979 aut
3033 924 3263 979 anxiari
3295 930 3353 979 et
3409 923 3770 978 solutionem

2128 1012 2432 1082 requirere
2467 1029 2479 1067 :
2513 1014 2616 1069 sed
2643 1014 2796 1069 sicut
2845 1014 3256 1085 unusquisque
3288 1010 3524 1068 vocatus
3565 1018 3675 1082 est,
3709 1013 3772 1066 in

2128 1100 2240 1155 hoc
2273 1109 2620 1172 permaneat
2649 1119 2716 1158 ac
2760 1103 3061 1175 procedat.
3095 1102 3444 1158 Severianus
3470 1103 3629 1157 enim
3688 1102 3771 1156 ita

2130 1190 2425 1246 distinxit:
2455 1207 2593 1246 nam
2625 1193 2672 1245 si
2701 1193 2782 1246 ita
2811 1208 2931 1246 non
2959 1190 3771 1263 distinguas,incompositam

2130 1280 2276 1334 dixit
2303 1297 2431 1335 esse
2458 1280 2920 1336 ordinationem.
2944 1281 3275 1351 Ita.inquit,
3304 1285 3359 1335 te
3393 1279 3588 1334 divisit
3618 1281 3772 1333 Deus

2133 1375 2190 1423 et
2218 1369 2301 1423 ita
2332 1371 2557 1425 vocavit
2613 1386 2748 1425 cum
2781 1386 2965 1425 uxore
3018 1375 3121 1425 aut
3144 1371 3268 1424 viro
3322 1368 3550 1424 infideli
3585 1385 3597 1422 :
3639 1383 3773 1422 ama

2131 1458 2308 1531 igitur
2336 1459 2678 1531 conjugium
2714 1475 2825 1514 nec
2856 1459 3029 1513 fidem
3063 1458 3372 1513 dissolvas.
3407 1480 3433 1507 ‹‹
3462 1460 3546 1513 Ita
3575 1458 3636 1511 in
3667 1459 3776 1511 Ec—

2131 1548 2330 1605 clesiis
2363 1548 2641 1603 omnibus
2674 1547 2904 1603 ordino.
2944 1570 2971 1597 »
3000 1548 3117 1602 Hoc
3149 1553 3348 1602 autem
3380 1545 3775 1618 subjungit,ut

2133 1654 2204 1692 ex
2233 1637 2347 1692 hoc
2377 1636 2537 1708 quod
2576 1636 2727 1692 alios
2758 1652 2993 1707 quoque
3025 1636 3284 1691 habeant
3315 1636 3507 1691 socios
3538 1641 3595 1689 et
3625 1634 3774 1689 alias

2134 1725 2439 1789 ecclesias,
2471 1725 2868 1796 promptiores
2899 1724 3045 1779 ﬁant
3074 1724 3150 1803 ad
3179 1723 3602 1779 obedientiam.

448 1811 920 1904 Περιτετμημένος
1014 1831 1099 1872 τις
1177 1810 1387 1881 ἐκλήθη
1424 1854 1436 1878 ,
1525 1810 1601 1883 μὴ
1687 1808 2020 1873 ἐπισπάσθωι

2210 1815 2325 1879 VII,
2343 1816 2533 1870 {8-20.
2562 1835 2588 1865 σ
2620 1812 2984 1868 Circumcisus
3013 1812 3291 1883 quispiam
3319 1819 3537 1867 vocatus
3560 1817 3773 1878 est,non

372 1906 462 1960 Ἐν
549 1895 883 1975 ἀκροϐυστίᾳ
966 1920 1050 1961 τις
1128 1896 1361 1969 ἐκλήθη,
1441 1899 1517 1972 μή
1593 1897 2023 1972 παριτεμνέσθω.

370 1994 435 2046 Ἦ
500 1991 775 2067 περιτομὴ
834 1987 986 2044 οὐδὲν
1048 1986 1183 2057 ἐστι,
1241 1987 1331 2042 καὶ
1387 1990 1422 2057 ἡ
1479 1982 1809 2054 ἀκροϐυστία
1873 1984 2027 2042 οὐδὲν

374 2079 541 2150 ἐστιν,
574 2078 718 2135 ἀλλά
746 2080 980 2154 τήρησις
1039 2075 1272 2132 ἐντολῶν
1335 2081 1490 2134 Θεοῦ.
1551 2078 1817 2138 Ἕκαστος
1873 2075 1925 2131 ἐν
1956 2080 2026 2151 τῇ

376 2168 574 2241 κλήσει
669 2167 901 2239 ἐκλήθη,
934 2167 984 2223 ἐν
1008 2167 1176 2242 ταύτῃ
1211 2166 1435 2240 μενέτω.

286 2266 291 2269 ’
453 2259 643 2327 Πάλιν,
685 2256 843 2338 φησὶ,
876 2256 1348 2332 περιτετμημένος
1379 2255 1642 2326 ἐκλήθης,
1677 2258 1754 2328 μή
1791 2254 2025 2312 ἐπισπῶ.

377 2381 446 2391 -
482 2350 500 2421 [
534 2354 690 2403 ΦΩΤ.
722 2349 741 2419 ]
770 2347 832 2404 Ὁ
862 2345 1015 2423 ἅγιος
1053 2345 1366 2423 Ἐπιφάνιος
1408 2343 1571 2400 τοῦτό
1606 2365 1788 2418 φησιν,
1822 2344 1904 2398 δτι
1940 2340 2029 2398 διὰ

375 2458 529 2501 τινος
571 2436 855 2510 θεραπείας
886 2440 1329 2511 φαρμακευτικῆς
1386 2430 1607 2488 δύναταί
1664 2454 1748 2495 τις
1801 2440 2025 2501 ποιῆσαι

378 2528 471 2583 τὸν
505 2525 876 2600 ἐμπερίτομον
905 2519 1261 2599 ἀκρόϐυστον,
1291 2523 1381 2578 καὶ
1414 2523 1497 2577 ὅτι
1528 2522 1730 2593 ταύτης
1772 2531 1872 2594 τῆς
1902 2523 2023 2579 ἐπι-

377 2616 526 2677 νοίας
546 2620 765 2692 πρῶτος
796 2614 1015 2689 εὑρετὴς
1058 2612 1275 2688 γέγονεν
1328 2613 1516 2670 Ἠσαῦ.
1576 2613 1675 2667 Διά
1729 2610 1888 2668 τοῦτό
1920 2635 2025 2690 φη-

381 2726 463 2760 σιν
493 2705 521 2760 6
543 2703 692 2765 Θεόςο
721 2727 748 2755 u
771 2703 879 2760 Τὸν
899 2703 1066 2758 Ἡσαῦ
1098 2700 1350 2773 ἐμίσησα.
1378 2725 1404 2751 ››
1428 2732 1496 2743 --
1528 2725 1555 2752 ί(
1590 2703 1676 2757 Ἐν
1696 2696 2029 2774 ἀκροϐυστίᾳ

379 2814 465 2857 τις
486 2791 720 2863 ἐκλήθη,
757 2792 833 2865 μὴ
866 2788 1285 2865 περιτεμνέσθω.
1324 2813 1349 2839 υ
1380 2823 1450 2831 —
1487 2810 1507 2837 ι
1538 2791 1863 2862 [ΟΙΚΟΥΜ.
1897 2790 2027 2863 ]Εἶ-

375 2880 474 2944 κδς
507 2882 610 2959 γὰρ
644 2881 751 2936 ἀπὸ
782 2899 926 2940 τινος
953 2878 1235 2954 θεραπείας
1270 2875 1521 2942 δύνασθαι
1569 2877 1644 2939 εἷς
1699 2879 1760 2933 τὸ
1793 2878 2024 2954 ἀρχαῖον

386 2969 699 3026 ἐπανελθεῖν
733 2971 832 3039 τήν
867 2968 1199 3043 περιτομὴν,
1229 2966 1320 3022 καὶ
1352 2967 1488 3041 πρὸς
1515 2967 1681 3036 αὐτὴν
1710 2967 2026 3043 ἀνατρέχειν

380 3060 474 3115 καὶ
505 3063 835 3138 καυχᾶσθαι.
860 3058 949 3114 Ἐν
973 3051 1322 3131 ἀκροϐυστίᾳ,
1345 3056 1526 3133 φησὶν,
1558 3053 1817 3127 ἐκλήθης,
1844 3056 1969 3129 μένε
1998 3059 2027 3112 ’ὀ

380 3153 452 3208 εἴ.
488 3148 625 3207 Οὔτε
658 3150 812 3223 γάρή
853 3148 1128 3222 περιτομή
1160 3149 1298 3222 πρὸς
1325 3147 1597 3222 σωτηρίαν
1626 3143 2025 3220 συμϐάλλεται,

382 3235 508 3293 οὔτε
532 3240 568 3307 ἡ
596 3232 925 3312 ἀκροϐυστία
978 3234 1324 3310 λυμαίνεται.
1355 3236 1510 3299 Ἐνὸς
1539 3236 1644 3311 γὰρ
1673 3236 1835 3311 χρεία
1869 3235 2029 3310 μόνον

383 3331 485 3383 τοῦ
515 3326 762 3401 πληροῦν
788 3326 883 3387 τὰς
907 3325 1157 3387 ἐντολάςο
1183 3358 1247 3367 -
1280 3328 1471 3399 [ΦΩΤ.
1507 3327 1524 3397 ]
1557 3325 1660 3380 Καὶ
1709 3327 1744 3395 ἡ
1798 3323 2036 3403 ὠφέλεια

388 3414 481 3471 ’ὁιά
507 3417 608 3485 τήν
636 3417 869 3492 τήρησιν
908 3423 1009 3485 τῆς
1066 3414 1295 3484 ἐντολῆς
1335 3415 1662 3490 περιγίνεται
1696 3415 1904 3487 ὁμοίως
1943 3416 2033 3470 καὶ

383 3509 455 3580 τῇ
483 3508 756 3581 περιτομῇ
797 3505 887 3559 καὶ
945 3507 1013 3578 τῇ
1071 3499 1421 3579 ἀκροϐυστίᾳ.
1492 3505 1612 3560 Τῶν
1671 3504 1775 3579 γὰρ
1834 3503 1887 3558 ἐν
1944 3505 2036 3559 ἀν-

382 3595 625 3669 θρώποις
658 3593 923 3666 πράξεων,
956 3594 1013 3648 αἱ
1048 3593 1141 3665 μὲν
1170 3594 1288 3647 καθ’
1347 3591 1509 3655 αὐτὰς
1564 3589 1753 3671 ἔχουσι
1792 3594 1853 3647 τὸ
1886 3595 2033 3668 χρή-

384 3704 569 3757 σιμον,
604 3683 694 3739 καὶ
727 3683 771 3738 εί
806 3683 884 3756 μὴ
915 3682 1046 3736 ὦσιν
1078 3680 1304 3752 ἐντολῆς
1346 3682 1652 3755 ἠρτημέναι
1694 3683 1861 3750 θείας,
1916 3682 2034 3738 οἷον

381 3775 419 3842 ἡ
455 3770 769 3842 δικαιοσύνη
809 3772 899 3826 καὶ
966 3772 1033 3826 τὰ
1093 3771 1280 3844 ὅμοιαο
1337 3771 1391 3825 αἱ
1441 3767 1497 3825 δέ
1558 3767 1648 3825 διὰ
1705 3770 1877 3845 μόνην
1932 3771 2033 3839 τήν

382 3860 633 3929 ἐντολὴν,
666 3860 739 3922 ὡς
769 3860 835 3915 τὰ
864 3858 1092 3915 πλεῖστα
1122 3864 1229 3915 τῶν
1264 3859 1315 3913 ἐν
1348 3863 1425 3931 τῷ
1453 3860 1630 3933 νόμῳ.

456 3948 663 4013 Δοῦλος
713 3949 978 4020 ἐκλήθης,
1067 3951 1143 4023 μή
1221 3970 1304 4004 σοι
1370 3948 1599 4023 μελέτω·
1663 3948 1791 4005 ἀλλ’
1847 3948 1897 4004 εἴ
1942 3950 2034 4005 καὶ

383 4038 610 4096 δύνασαι
712 4037 993 4114 ἐλεύθερος
1114 4037 1379 4114 γενέσθαι,
1486 4036 1699 4112 μᾶλλον
1803 4044 2033 4115 χρῆσαι.

379 4131 443 4188 Ὀ
512 4129 613 4206 γὰρ
682 4128 735 4184 έν
812 4127 1000 4203 Κυρίῳ
1074 4128 1302 4198 κληθεὶς
1378 4124 1596 4197 δοῦλος,
1673 4125 2035 4201 ἀπελεύθερος

382 4218 590 4293 Κυρίου
666 4217 826 4274 ἐστίν.
903 4216 1143 4289 Ὁμοίως
1243 4216 1335 4271 καὶ
1434 4217 1461 4270 ὁ
1564 4215 1844 4291 ἐλεύθερος
1901 4213 2038 4285 κλη-

383 4307 515 4368 θεὶς.
598 4304 796 4367 δοῦλός
881 4303 994 4360 ἐστι
1077 4307 1336 4380 Χριστοῦ.
1447 4307 1629 4376 Τιμῆς
1715 4303 2035 4378 ἠγοράσθη-

380 4415 442 4449 τε
476 4437 492 4462 ,
544 4397 620 4468 μή
680 4394 888 4470 γίνεσθε
938 4391 1129 4449 δοῦλοι
1182 4392 1505 4468 ἀνθρώπων.
1566 4394 1828 4454 Ἕκαστος
1885 4394 1939 4447 ἐν
1990 4393 2036 4464 ᾦ

382 4482 618 4554 ἐκλήθη,
651 4481 901 4559 ἀδελφοὶ,
958 4482 1011 4536 ἐν
1064 4482 1246 4554 τούτῳ
1306 4482 1510 4554 μενέτω
1564 4480 1709 4554 παρᾶ
1763 4485 1841 4551 τῷ
1898 4485 2033 4552 Θεῷ,

460 4571 632 4628 Παλιν
676 4575 711 4642 ἡ
779 4572 918 4641 αὐτή
976 4565 1290 4645 συμϐουλὴ,
1323 4569 1387 4625 τὸ
1416 4569 1466 4624 ἐν
1494 4575 1610 4631 τοῖς
1665 4568 1850 4631 αὐτοῖς
1882 4571 2033 4639 εῖναι,
2068 4571 2116 4636 D

386 4663 438 4717 ἐν
470 4662 553 4725 οἷς
582 4661 791 4733 ἐκλήθη
822 4682 927 4722 τις.
960 4660 1027 4718 Εἰ
1073 4658 1270 4722 δοῦλος
1311 4653 1385 4713 ὥν
1415 4657 1684 4730 ἐκλήθης,
1744 4660 1821 4730 μὴ
1877 4659 2039 4730 θορυ-

383 4744 508 4817 ϐοὖ,
542 4747 603 4804 οὗ
626 4748 943 4822 λυμαίνεται
973 4749 1110 4824 πρὸς
1148 4750 1250 4819 τὴν
1315 4748 1493 4803 πίστιν
1552 4749 1586 4816 ἡ
1660 4744 1900 4804 δουλεία.
1934 4746 2036 4803 Καὶ

380 4840 643 4891 τοσοῦτον
671 4835 733 4891 οὐ
764 4834 1109 4908 λυμαίνεται,
1142 4836 1224 4891 ὅτι
1271 4836 1316 4891 εἰ
1369 4835 1457 4891 καὶ
1490 4833 1706 4890 δύνασαι
1739 4832 2033 4911 ἐλευτερω-

385 4932 569 4995 θῆναι,
606 4923 817 4997 μᾶλλον
874 4926 987 5003 χρὴ
1059 4945 1115 4979 σε
1169 4922 1467 4981 δουλεύειν.
1528 4924 1717 4986 Οὕτως
1774 4921 1902 4978 οὐδὲ
1958 4923 2036 4984 εἷς

381 5014 534 5071 ἔσται
559 5036 642 5071 σοι
676 5015 735 5069 ἐκ
789 5021 888 5085 τῆς
950 5012 1171 5076 δολείας
1232 5013 1599 5089 ἐμποδισμύς.
1658 5047 1728 5056 -
1785 5011 2033 5075 Ἀλλως.

386 5107 589 5180 [ΦΩΤ.
616 5107 634 5178 ]
662 5106 779 5161 Ἵνα
812 5107 887 5178 μή
918 5109 1035 5165 τοῖς
1059 5104 1283 5166 δούλοις
1308 5103 1572 5177 ἐμπόδιον
1604 5105 1741 5179 πρὸς
1773 5105 1872 5174 τήν
1898 5102 2038 5158 εὐσέ-

383 5189 534 5249 ϐειαν
567 5196 603 5263 ἡ
637 5192 857 5248 δουλεία
900 5198 1164 5267 νομισθῇ,
1216 5190 1484 5270 διαρρήὂη
1521 5194 1703 5273 φησὶν.
1736 5192 1821 5249 ὅτι
1872 5197 2036 5249 τοῦτο

381 5282 642 5339 τοσοῦτον
665 5281 858 5358 ἀπέχει
883 5286 979 5336 τοῦ
1011 5280 1266 5355 ἐμποδὼν
1296 5282 1447 5351 εἶναι,
1471 5280 1609 5338 ὥστε
1640 5279 1762 5337 οὐδέ
1796 5281 1847 5337 έν
1879 5302 2037 5358 φρον-

379 5372 497 5431 τίδι
530 5375 663 5429 εἶναι
699 5370 780 5428 δεῖ
810 5373 931 5448 περὶ
990 5374 1181 5441 αὐτῆς.
1223 5396 1247 5425 ιι
1282 5375 1370 5442 Μὴ
1431 5375 1534 5448 γὰρ
1596 5369 1812 5447 με’λετω
1871 5393 2028 5441 σοι,ι

382 5464 574 5542 φησὶν,
609 5460 736 5518 ἀλλ’
767 5462 899 5516 εἶναι
931 5462 1019 5516 καὶ
1053 5459 1275 5516 δύνασαι
1321 5458 1409 5516 δια
1465 5483 1609 5525 τινος
1670 5460 1910 5531 σπουδῆς
1944 5463 2034 5516 καὶ

455 5619 504 5655 ’⁸
534 5619 678 5676 Gen.
709 5634 842 5683 xxv,
873 5620 978 5686 25;
1013 5618 1178 5672 Rom.
1212 5620 1291 5683 ix,
1328 5620 1415 5672 t0.

2134 1912 2374 1961 accersat
2394 1906 2739 1975 praeputium
2772 1921 2786 1960 :
2820 1906 2878 1958 in
2896 1905 3176 1974 praeputio
3232 1903 3374 1957 alius
3401 1907 3621 1957 vocatus
3678 1906 3775 1965 est,

2133 2011 2243 2049 non
2272 1993 2720 2048 circumcidatur.
2754 1992 3105 2049 Circumcisio
3152 1990 3297 2045 nihil
3327 1996 3425 2056 est,
3471 1996 3521 2043 et
3561 2004 3781 2058 μικρα-

2137 2086 2273 2138 tium
2304 2083 2448 2137 nihil
2475 2082 2676 2150 est,sed
2710 2082 3010 2137 observatio
3032 2087 3442 2150 praceptorum
3473 2079 3779 2134 Dei.Unus-

2134 2175 2365 2242 quisque
2392 2173 2451 2225 in
2481 2187 2545 2225 ea
2573 2172 2865 2225 vocatione
2888 2175 3106 2224 maneat
3135 2171 3194 2223 in
3225 2184 3337 2239 qua
3355 2174 3579 2223 vocatus
3609 2172 3705 2220 est-

2206 2259 2740 2330 Praeterea,inquit,
2765 2259 3153 2314 circumcisus
3183 2263 3425 2313 vocatus
3457 2274 3540 2324 es,
3572 2272 3649 2313 ne
3680 2272 3780 2311 ac-

2135 2366 2333 2405 cersas
2353 2348 2983 2420 pra’putium.—Divus
3003 2347 3368 2418 Epiphanius
3390 2344 3658 2417 ait,quod
3676 2362 3782 2416 per

2135 2438 2400 2509 aliquam
2417 2437 2838 2492 medicinalem
2857 2453 3058 2491 curam
3092 2440 3286 2507 potest
3315 2435 3613 2507 quispiam
3643 2450 3777 2490 eum

2137 2527 2237 2599 qui
2269 2526 2656 2581 circumcisus
2690 2531 2778 2580 est
2815 2524 3009 2579 facere
3040 2524 3458 2596 prmputiatum
3491 2540 3505 2579 :
3534 2523 3688 2579 482
3722 2527 3779 2577 et

2136 2616 2295 2687 quod
2326 2615 2504 2686 hujus
2535 2614 2768 2668 consilii
2828 2613 3057 2685 primus
3087 2614 3358 2669 inventor
3415 2613 3527 2668 fuit
3582 2613 3732 2667 Esau
3762 2629 3775 2666 :

2136 2710 2194 2759 et
2223 2710 2537 2775 propterea
2568 2703 2713 2758 dixit
2744 2705 2897 2757 Deus
2929 2720 2943 2758 :
2981 2724 3008 2751 α
3040 2704 3192 2757 Esau
3249 2703 3384 2758 odio
3433 2702 3613 2757 habui
3644 2700 3710 2755 9‘.
3748 2726 3774 2751 ››

2134 2824 2204 2834 —-
2235 2814 2261 2841 ‹‹
2294 2793 2360 2846 In
2393 2792 2681 2863 praeputio
2712 2792 2865 2847 alius
2894 2797 3134 2846 vocatus
3174 2798 3282 2857 est,
3316 2808 3433 2846 non
3466 2791 3775 2846 circumci-

2137 2882 2328 2936 datur.
2365 2902 2392 2929 »
2426 2910 2490 2919 -
2528 2879 2855 2935 Verisimile
2887 2885 2976 2935 est
3005 2880 3203 2950 aliqua
3232 2896 3374 2935 cura
3424 2880 3550 2934 fieri
3604 2897 3777 2951 posse

2135 2975 2201 3024 ut
2231 2974 2561 3024 revertatur
2593 2968 2964 3023 circumcisio
2997 2968 3058 3022 in
3088 2968 3148 3021 id
3179 2968 3336 3039 quod
3366 2968 3509 3023 olim
3543 2974 3688 3034 erat,
3720 2973 3777 3023 et

2137 3057 2213 3113 ad
2237 3058 2429 3128 ipsam
2462 3057 2594 3127 quis
2626 3062 2893 3111 recurrat
2921 3072 2988 3111 ac
3018 3057 3322 3129 glorietur.
3356 3059 3422 3112 In
3462 3058 3776 3129 praeputio,

2141 3147 2602 3216 inquit,vocatus
2631 3162 2897 3211 es,mane
2919 3144 2979 3200 in
3011 3163 3079 3201 eo
3112 3146 3271 3217 quod
3301 3149 3589 3218 es.Neque
3619 3146 3779 3201 enim

2142 3235 2370 3290 confert
2398 3236 2472 3290 ad
2503 3235 2756 3291 salutem
2789 3236 3182 3301 circumcisio,
3211 3252 3402 3305 neque
3433 3236 3600 3291 obest
3629 3252 3777 3307 pra:-

2142 3326 2393 3397 putium.
2438 3326 2740 3397 Siquidem
2771 3326 2881 3381 hoc
2906 3343 3026 3381 uno
3053 3343 3201 3397 opus
3224 3333 3312 3381 est
3347 3333 3408 3381 ut
3438 3328 3781 3399 complean-

2142 3421 2240 3469 tur
2252 3420 2640 3486 prmcepta.——
2660 3417 2843 3487 Etper
2855 3415 3328 3471 observationem
3346 3424 3779 3487 praeceptorum

2142 3505 2351 3560 eadem
2382 3505 2610 3560 accedit
2637 3505 2864 3561 utilitas
2894 3506 3331 3561 circumcisioni
3358 3513 3416 3561 et
3468 3507 3778 3577 praeputio.

2144 3594 2306 3649 Inter
2336 3610 2517 3665 opera
2546 3610 2804 3665 namque
2834 3594 3115 3659 humana,
3148 3594 3421 3666 quaedam
3454 3611 3520 3649 ex
3569 3595 3783 3667 seipsis

2140 3683 2297 3739 bona
2327 3690 2485 3750 sunt,
2517 3684 2748 3739 etiamsi
2775 3690 3071 3755 praecepto
3103 3702 3221 3739 non
3256 3690 3533 3755 aptentur
3562 3684 3781 3752 divino,

2140 3773 2319 3828 veluti
2352 3779 2441 3828 est
2486 3772 2722 3844 justitia
2752 3789 2821 3828 ac
2880 3773 3144 3828 similia:
3203 3773 3321 3827 alia
3350 3789 3484 3828 vero
3540 3779 3784 3845 propter

2142 3862 2333 3918 solum
2367 3867 2749 3934 praeceptum,
2781 3862 2983 3933 qualia
3014 3866 3153 3916 sunt
3181 3861 3371 3917 multa
3399 3861 3459 3916 in
3487 3862 3637 3934 lege.

2214 3952 2726 4016 VII,2i-24.Servus
2750 3956 2971 4006 vocatus
2998 3966 3144 4018 es,ne
3171 3952 3243 4005 sit
3273 3950 3379 4005 tibi
3409 3968 3549 4005 cura:
3575 3968 3587 4005 :
3620 3953 3784 4021 quin-

2143 4040 2309 4095 etiam
2352 4043 2399 4094 si
2422 4047 2579 4109 potes
2608 4040 2732 4109 fieri
2775 4040 2935 4105 liber,
2977 4042 3168 4110 potius
3192 4045 3360 4094 utere.
3414 4042 3551 4096 Nam
3597 4043 3697 4111 qui
3726 4045 3784 4096 in

2142 4128 2377 4184 Domino
2405 4137 2629 4185 vocatus
2661 4134 2735 4184 est
2763 4145 2949 4184 servus
2982 4129 3203 4183 libertus
3237 4130 3450 4185 Domini
3487 4137 3565 4185 est
3589 4147 3602 4197 ;
3630 4131 3784 4185 simi-

2144 4218 2272 4272 liter
2302 4224 2354 4271 et
2384 4221 2482 4288 qui
2512 4217 2648 4272 liber
2674 4224 2893 4273 vocatus
2923 4224 3209 4280 est,servus
3238 4225 3314 4273 est
3345 4219 3562 4273 Christi.
3597 4222 3782 4274 Prelio

2143 4307 2311 4377 empti
2339 4305 2558 4373 estisne
2586 4309 2908 4374 efﬁciamini
2925 4307 3065 4363 servi
3088 4306 3780 4378 hominumUnusquisque

2142 4398 2201 4449 in
2232 4410 2291 4449 eo
2321 4396 2379 4448 in
2409 4410 2518 4465 quo
2543 4402 2764 4449 vocatus
2794 4400 3132 4466 est,fratres,
3164 4397 3223 4449 in
3255 4396 3354 4451 hoc
3385 4403 3601 4450 maneat
3630 4397 3781 4467 apud

2143 4484 2329 4539 Deum.

2221 4572 2383 4628 Idem
2414 4588 2620 4627 rursus
2651 4572 2967 4628 consilium
3001 4581 3331 4648 est,nempe
3353 4581 3418 4631 ut
3444 4576 3501 4630 in
3537 4574 3608 4630 iis
3631 4575 3786 4646 quis-

2146 4679 2261 4734 que
2304 4667 2649 4734 permaneat
2705 4661 2766 4715 in
2827 4662 3042 4732 quibus
3073 4673 3309 4722 vocatus
3369 4672 3455 4722 est
3533 4666 3590 4720 Si
3649 4682 3783 4721 cum

2147 4769 2349 4808 servus
2384 4768 2543 4807 esses
2572 4757 2810 4806 vocatus
2830 4767 2994 4816 es,ne
3027 4753 3282 4809 turberis
3307 4774 3318 4809 :
3357 4774 3477 4811 non
3498 4756 3683 4811 officit
3712 4755 3787 4812 ad

2146 4841 2326 4895 ﬁdem
2384 4839 2653 4904 servitus,
2712 4839 2979 4910 adeoque
3043 4856 3163 4894 non
3205 4842 3391 4897 ofﬁcit
3423 4850 3485 4898 ut
3525 4846 3702 4901 etiam
3738 4848 3785 4901 si

2145 4947 2351 5001 posses
2385 4931 2510 4985 ﬁeri
2541 4930 2709 4996 liber,
2746 4930 2934 5003 magis
2966 4931 3239 5002 expediat
3270 4932 3372 4988 tibi
3408 4936 3647 4992 servire.
3703 4939 3790 4992 Ita

2146 5020 2379 5074 nullum
2439 5019 2546 5074 tibi
2604 5020 2907 5089 proveniet
2959 5037 2989 5074 e
3049 5021 3328 5076 servitute
3395 5023 3787 5096 impedimen-

2146 5113 2290 5163 tum.
2323 5140 2394 5147 —
2424 5108 2615 5164 Aliud.
2651 5109 2728 5162 Ne
2761 5108 2942 5162 servis
2973 5110 3346 5165 existimetur
3400 5114 3474 5167 ad
3505 5116 3786 5186 pietatem

2145 5197 2515 5251 obstacalum
2550 5212 2678 5250 esse
2719 5196 2986 5258 servitus.
3014 5198 3229 5269 palam,
3262 5199 3476 5272 inquit,
3512 5210 3597 5259 est
3629 5206 3787 5275 quod

2144 5287 2253 5340 hoe
2285 5285 2431 5341 adeo
2465 5301 2584 5339 non
2615 5290 2857 5355 praestat
2904 5285 3422 5358 impedimentum,
3480 5298 3545 5346 ut
3592 5310 3784 5364 neque

2143 5374 2321 5445 hujus
2344 5391 2547 5429 curam
2578 5373 2797 5428 habere
2830 5381 3120 5444 oporteat,
3152 5378 3235 5432 ait
3267 5379 3424 5434 enim
3463 5398 3474 5434 :
3507 5404 3534 5430 ‹‹
3572 5384 3651 5436 Ne
3709 5384 3785 5436 sit

2142 5463 2248 5517 tibi
2279 5480 2476 5529 curae;
2514 5488 2533 5513 ι
2572 5462 2900 5534 quinetiam
2933 5464 2979 5518 si
3030 5472 3200 5536 potes
3239 5468 3440 5538 aliquo
3490 5471 3684 5525 studio
3716 5488 3784 5525 ac
