4198 6200
450 341 569 404 735

1529 339 1771 402 (ΕΟοΜ
1788 338 1944 400 ENII
1990 337 2291 400 TRICCAE
2334 335 2682 400 EPiSCOPI

3735 338 3841 403 736

458 495 601 536 cura
629 478 756 534 ﬁeri
787 477 940 532 liber
964 492 977 531 :
1002 477 1131 530 sine
1152 475 1350 540 hoc,et
1370 475 1564 547 potius
1587 480 1751 529 utere
1773 473 2052 529 servitute
2079 489 2091 529 :

2221 469 2523 543 ἓπιμεΛείας
2607 466 2887 545 ἐλεύθερος
2971 463 3236 545 γενέσθαι,
3298 460 3358 524 ἴα
3399 470 3559 525 τοῦτο
3618 471 3708 526 καὶ
3758 470 3846 527 xt-

458 574 516 623 et
543 582 734 638 neque
755 567 840 621 ita
865 565 926 620 in
950 563 1072 619 ullo
1093 565 1210 619 eris
1234 563 1432 619 minor
1453 564 1697 619 domino
1724 581 1736 617 :
1770 564 2105 619 communis

458 658 616 711 enim
663 654 890 709 domini
923 653 1174 708 libertus
1206 669 1268 709 es
1332 654 1484 708 sient
1516 659 1573 707 et
1628 653 1729 707 ille
1800 650 2104 724 Siquidem

458 741 795 800 communis
828 740 1061 798 Domini
1096 758 1298 799 servus
1328 756 1393 797 es
1424 743 1575 797 sicut
1605 748 1661 796 et
1694 742 1793 797 ille
1837 756 2104 797 rursumv

459 848 573 905 que
605 832 852 887 libertus
884 832 1037 888 sicut
1077 831 1197 887 ille.
1232 833 1383 897 Quid
1416 848 1551 904 ergo
1587 842 1791 887 curam
1844 831 2000 903 geris
2030 831 2103 887 de

464 921 757 993 corporali
792 922 1091 989 servitute,
1121 938 1252 992 quae
1274 934 1469 992 neque
1499 926 1556 975 te
1587 921 1885 984 diminuit,
1910 933 2105 992 neque

465 1013 519 1066 ei
550 1012 646 1066 cui
679 1012 931 1066 servitur
955 1011 1150 1082 majus
1181 1011 1484 1082 quidpiam
1517 1009 1679 1065 addit
1705 1027 1718 1063 :
1751 1009 1853 1065 sed
1885 1014 2110 1065 utrum‘

465 1116 579 1171 que
611 1099 685 1155 ad
715 1100 967 1170 mqualia
997 1100 1415 1170 consequenda
1444 1097 1690 1170 praemia
1717 1099 1868 1153 nihil
1900 1098 2106 1155 officit.

464 1213 492 1242 κ
519 1192 653 1245 Nam
681 1190 783 1260 qui
815 1190 877 1244 in
924 1188 1175 1243 Domino
1225 1193 1463 1243 vocatus
1497 1193 1586 1243 est
1635 1201 1855 1243 servus.
1887 1207 1915 1238 ιι
1950 1186 2106 1244 488

461 1281 525 1333 in
558 1279 652 1346 iis,
686 1277 902 1348 inquit.
938 1291 1068 1348 qum
1100 1277 1397 1332 Christum
1429 1282 1799 1332 concernunt
1850 1276 2108 1347 mquales

463 1367 606 1423 estis
635 1374 698 1422 tu
729 1371 987 1437 tuusque
1020 1366 1316 1421 dominus.

432 1518 435 1521 ,
537 1458 680 1511 Nam
712 1462 770 1510 et
798 1455 900 1510 ille
951 1454 1169 1510 Christi
1203 1470 1405 1509 servus
1455 1460 1587 1510 est:
1626 1456 1771 1526 quin
1822 1455 2017 1527 potius
2048 1459 2111 1510 tu

464 1546 715 1601 fortasse
752 1544 886 1616 plus
917 1543 1341 1609 habes,Christi
1376 1546 1536 1600 enim
1566 1544 1815 1600 libertus
1845 1542 2113 1617 es,siqui-

467 1635 603 1691 dem
636 1635 760 1705 ipse
822 1640 879 1688 te
909 1634 1071 1688 omni
1132 1632 1424 1705 spirituali
1480 1634 1758 1689 servitute
1816 1633 2107 1689 liberavit.

465 1727 684 1779 Tamen
741 1737 813 1777 ex
858 1737 1069 1778 vocum
1133 1722 1500 1778 abundantia
1540 1722 1663 1778 vult
1708 1723 2109 1793 aequalitatem

466 1812 781 1868 ostendere
815 1812 965 1866 servi
998 1818 1055 1865 et
1079 1811 1307 1867 domini
1335 1829 1348 1879 ;
1374 1813 1655 1883 quoniam
1680 1828 1886 1868 omnes
1907 1812 2105 1868 liberti
2142 1839 2189 1911 Β

468 1919 672 1959 sumus
701 1902 935 1967 Christi,
971 1903 1297 1957 secundum
1331 1904 1487 1974 quod
1519 1919 1626 1959 nos
1656 1903 1926 1960 liberavit
1955 1921 1989 1960 a
2018 1910 2110 1975 ty-

465 1991 715 2046 rannide
748 1991 1015 2058 Satanas;
1051 1997 1108 2045 et
1139 1992 1288 2046 servi
1321 1993 1533 2048 Christi
1569 2010 1582 2047 :
1634 2009 1772 2049 nam
1815 2009 1948 2049 cum
2000 2010 2110 2050 nos

465 2080 825 2136 reddidisset
872 2081 1011 2136 inde
1042 2081 1282 2150 liberos,
1336 2083 1444 2138 sub
1502 2085 1810 2156 proprium
1867 2083 2111 2139 adduxit

466 2186 737 2241 regnum.
773 2190 801 2220 ‹‹
865 2170 1062 2225 Pretio
1098 2172 1277 2243 empti
1312 2172 1474 2237 estis,
1514 2192 1541 2221 η
1574 2188 1788 2245 nempe
1822 2174 2111 2246 sanguine

472 2259 766 2331 Unigeniti
789 2259 1007 2329 ipsius;
1029 2260 1175 2314 emit
1206 2261 1363 2315 enim
1388 2276 1497 2317 nos
1529 2262 1680 2317 Deus
1708 2269 1764 2317 et
1785 2264 2011 2319 Pater.«
2031 2264 2110 2318 Ne

474 2348 815 2404 efﬁciamini
878 2350 1025 2403 servi
1076 2350 1408 2405 hominum.
1474 2373 1501 2401 »
1560 2350 1840 2423 Superius
1914 2351 2108 2408 dixit:

473 2462 500 2489 (ι
526 2439 837 2504 Quoniam,
897 2440 943 2494 si
976 2444 1144 2511 potes
1175 2440 1303 2494 fieri
1361 2439 1532 2509 liber,
1578 2441 1775 2512 potius
1831 2446 1997 2497 utere
2032 2458 2047 2508 ;
2086 2462 2107 2492 ι

471 2529 566 2583 hic
595 2532 792 2584 autem
819 2528 959 2583 dicit
986 2544 998 2581 :
1027 2549 1054 2577 ι(
1078 2530 1156 2583 Ne
1188 2529 1530 2584 efficiamini
1555 2530 1703 2585 servi
1725 2530 2054 2586 hominum.
2084 2552 2112 2581 »

472 2619 617 2673 Nam
650 2617 762 2672 hoc
802 2622 859 2671 et
887 2616 1094 2672 liberis
1124 2622 1361 2688 aptatur
1390 2623 1447 2673 et
1478 2619 1793 2685 servis.Qui
1826 2621 1982 2674 enim
2015 2619 2115 2675 do-

478 2707 640 2761 mino
672 2706 855 2777 impia
886 2712 945 2760 et
1000 2704 1511 2779 absurdajubenti
1573 2722 1694 2763 non
1747 2714 1934 2780 paret,
1993 2724 2115 2766 non

480 2794 737 2850 efficitur
785 2810 987 2849 servus
1044 2796 1374 2865 hominum,
1434 2794 1665 2851 etiamsi
1717 2797 1825 2852 sub
1848 2797 1991 2870 jugo
2040 2799 2116 2853 sit

475 2884 813 2940 servitutis:
846 2884 981 2940 talis
1011 2883 1121 2938 fuit
1148 2885 1382 2956 Joseph.
1408 2884 1514 2951 Qui
1544 2899 1680 2941 vero
1712 2894 1953 2959 propter
1982 2904 2114 2943 mu-

473 2990 620 3029 nera
650 2980 750 3029 aut
778 2973 1000 3028 ventris
1028 2973 1447 3045 expietionem,
1480 2975 1822 3032 hominibus
1855 2994 1916 3033 se
1975 2978 2117 3033 sub-

466 3064 603 3135 jicit
634 3064 707 3119 ad
738 3064 995 3119 absurda
1027 3064 1381 3132 ministeria,
1417 3080 1619 3122 servus
1652 3072 1739 3122 est
1782 3068 2114 3135 hominum,

474 3169 833 3223 quamquam
894 3153 1046 3207 liber
1104 3168 1234 3209 esse
1288 3154 1592 3210 videatur:
1653 3157 1804 3212 hanc
1844 3158 2119 3230 prohibet

475 3243 837 3309 servitutem,
893 3257 1014 3295 non
1048 3258 1177 3296 eam
1229 3260 1359 3313 quae
1412 3248 1694 3300 consueta
1725 3250 1814 3300 est
1870 3246 2120 3320 etjuxta

479 3330 638 3400 leges
671 3330 978 3383 humanas.
1016 3331 1157 3383 Nam
1191 3331 1299 3385 hac
1324 3334 1601 3387 servitute
1624 3332 1957 3405 subjectum
1990 3352 2120 3391 esse

479 3422 537 3469 et
568 3416 982 3485 obtemperare
1014 3416 1233 3487 ubique
1264 3419 1564 3474 admonet.

550 3502 670 3569 VII,
702 3504 881 3556 25-28.
918 3505 992 3557 De
1046 3504 1355 3573 virginibus
1385 3514 1564 3564 autem
1613 3517 1953 3580 praeceptum
2010 3512 2117 3566 Do-

476 3593 616 3646 mini
637 3605 749 3645 non
780 3590 971 3657 habeo,
1005 3593 1295 3649 consilium
1327 3599 1508 3649 tamen
1539 3596 1607 3651 do
1657 3604 1921 3666 tanquam
1958 3601 2118 3653 mise-

477 3681 775 3737 ricordiam
836 3688 1154 3736 consecutus
1210 3698 1243 3737 a
1305 3684 1555 3753 Domino,
1606 3693 1667 3739 ut
1719 3702 1879 3741 essem
1922 3686 2115 3758 ﬁdelis.

477 3773 727 3829 Arbitror
742 3774 918 3841 igitur
939 3771 1036 3826 hoc
1059 3772 1256 3826 bonum
1280 3787 1389 3828 esse
1408 3774 1475 3827 ob
1486 3780 1815 3843 prxsentem
1836 3779 2121 3833 necessita-

479 3862 753 3915 tem.Nam
777 3859 977 3914 bonum
997 3866 1074 3913 est
1098 3859 1307 3913 homini
1334 3862 1412 3914 sic
1431 3859 1838 3931 esse.Alligaius
1859 3878 1910 3917 es
1930 3867 2117 3933 umori,

476 3965 547 4002 ne
576 3963 803 4016 qumras
830 3946 1153 4001 solutionem
1172 3962 1194 4009 ;
1212 3948 1419 4004 solutus
1450 3964 1503 4004 es
1519 3949 1585 4005 ab
1616 3964 1882 4020 umoremc
1906 3966 2119 4023 queres

480 4037 1065 4090 uxorem.Attamen.si
1085 4036 1309 4092 duxeris
1329 4052 1693 4106 uxoremnon
1708 4046 1987 4111 peccasti;
2006 4048 2055 4099 et
2073 4047 2122 4101 si

480 4124 730 4191 nupserit
760 4122 939 4191 virgo,
972 4136 1083 4177 non
1109 4130 1357 4195 peccavit
1399 4143 1412 4182 :
1444 4131 1799 4199 afﬂirtionem
1848 4136 2030 4189 tamen
2062 4136 2119 4190 in

483 4226 648 4269 carne
678 4210 955 4267 habebunt
986 4213 1320 4283 hujusmodi.
1359 4218 1471 4287 Ego
1502 4224 1685 4275 autem
1734 4222 1886 4278 vobis
1924 4234 2116 4293 parco.

548 4302 836 4368 Quoniam
868 4303 941 4358 ad
972 4305 1257 4377 majorem
1290 4298 1447 4363 venit
1476 4308 2017 4380 doctrinam,timet
2046 4314 2119 4368 il-

475 4394 597 4452 lam
650 4411 795 4467 pure
826 4396 1120 4468 nudisque
1166 4398 1357 4456 verbis
1396 4400 1632 4473 jubere,
1664 4419 1864 4461 casum
1900 4408 2118 4463 veritus

482 4502 685 4540 eorum
720 4486 819 4556 qui
869 4488 1349 4559 aggrederentur,
1408 4492 1625 4548 idcirco
1659 4511 1777 4549 non
1837 4501 2118 4567 tanquam

2210 577 2391 634 χρησο
2426 558 2636 633 μᾶλλον
2676 563 2743 632 τῇ
2777 554 3014 629 δουλείᾳ.
3051 552 3181 615 Οὐδ’
3211 554 3387 619 οὕτως
3416 557 3568 636 οὐδὲν
3599 552 3842 614 ιλαττοῦ-

2210 666 2297 702 σαι
2334 652 2433 702 τοῦ
2487 646 2769 705 δεσπότου.
2809 644 3203 720 Ἀπελεὺθερος
3252 645 3379 724 γὰρ,
3437 643 3618 720 ὥσπερ
3673 649 3843 703 κάκεῖ·

2207 754 2319 801 νος,
2345 741 2441 792 τοῦ
2470 735 2654 793 κοινοῖ)
2678 738 2969 795 Δεσπότου.
2995 733 3201 798 Δοῦλος
3233 734 3328 809 μὶν
3353 732 3455 812 γὰρ
3485 735 3534 791 εί
3546 738 3642 792 τοῦ
3672 741 3846 792 κοινοῦ

2212 824 2486 883 Δεσπότου
2522 869 2536 896 ,
2590 823 2772 900 ὥσπερ
2825 824 3089 895 ὲάκεῖνος,
3136 824 3226 880 καὶ
3266 822 3625 900 ἀπελεὺτιρος
3668 825 3850 894 πάλιν,

2212 918 2394 992 ὥσπερ
2423 915 2643 978 ἐκεῖνος.
2670 915 2734 972 Τί
2769 915 2860 971 οῧν
2890 930 2972 971 σοι
3016 919 3117 985 τῆς
3172 920 3490 990 σωματικῆς
3527 914 3681 990 μέλει
3743 910 3855 970 δου-

2211 1006 2383 1074 λείας,
2432 1012 2533 1076 τῆς
2566 1007 2705 1079 μήτε
2761 1004 2820 1060 σὶ
2877 1003 3231 1075 ἑλαττούσης,
3271 1004 3411 1078 μήτε
3468 1009 3547 1076 τῷ
3601 1001 3851 1060 δουλευο-

2216 1093 2357 1168 μὲνῳ
2416 1095 2598 1167 μείζόν
2654 1112 2707 1148 τι
2763 1090 3171 1170 προστιθείσης,
3223 1090 3352 1149 ἀλλ’
3411 1093 3635 1168 ἑκάτερα
3693 1090 3850 1167 μηδὲν

2213 1183 2285 1246 εἰς,
2318 1184 2381 1239 τὸ
2409 1188 2597 1259 τυχεῖν
2625 1187 2733 1238 τῶν
2770 1181 2903 1245 ῗςων
2933 1177 3441 1258 παραϐλαπτοὺσης
3476 1201 3489 1251 ς
3528 1206 3556 1235 ι(
3586 1181 3644 1237 ⁸0
3673 1183 3774 1258 γὰρ
3804 1182 3853 1236 ἐν

2212 1272 2403 1345 Κυρίῳ
2431 1273 2657 1343 κληθεὶς
2687 1270 2906 1336 δοῦλος.
2939 1296 2968 1325 »ι
3003 1274 3092 1330 Ἐν
3123 1278 3240 1335 τοῖς
3269 1273 3406 1329 κατὰ
3427 1270 3680 1349 Χριστὸν,
3704 1272 3853 1353 φησὶ,

2212 1362 2551 1441 πράγμασιν,
2582 1359 2691 1417 ἴσοι
2724 1358 2862 1420 ἐστὶ.
2894 1361 2956 1416 σὺ
2986 1360 3077 1417 καὶ
3110 1361 3138 1417 6
3171 1358 3439 1435 δεσπότης
3470 1362 3498 1419 6
3531 1360 3644 1425 σὸς.

2286 1451 2538 1512 Κάκεῖνος
2568 1450 2673 1527 γὰρ
2705 1447 2902 1513 δοῦλος
2942 1452 3179 1526 Χριστοῦ
3237 1448 3371 1508 ἔστι.
3433 1452 3511 1509 Σὺ
3582 1447 3641 1509 δὲ
3696 1453 3854 1528 τάχα,

2213 1539 2368 1618 φησί,
2408 1540 2497 1595 καὶ
2556 1542 2722 1595 πλέον
2782 1537 2951 1615 ἔχεις.
3011 1536 3407 1615 ’Ᾱπελεὺθερος
3458 1538 3562 1618 γὰρ
3623 1539 3673 1597 si
3726 1545 3857 1621 X92:

2213 1635 2361 1687 στοῦ.
2396 1631 2574 1693 Αὑτὸς
2601 1631 2703 1704 γὰρ
2755 1650 2811 1684 σε
2843 1632 3021 1701 πάσης
3077 1632 3280 1701 νοητῆς
3334 1627 3589 1693 δουλείας
3643 1629 3857 1701 ἠλευθέ-

2215 1730 2406 1795 ρωσεν.
2437 1720 2629 1792 Ὅμως
2660 1716 2720 1773 ἐκ
2764 1724 2864 1787 τῆς
2923 1718 3233 1793 περιουσίας
3286 1723 3394 1774 τῶν
3456 1717 3657 1793 λέξεων
3716 1719 3856 1783 θέλει

2220 1806 2386 1879 δεῖξαι
2439 1807 2503 1862 τὸ
2559 1805 2675 1861 ἴσον
2732 1804 2939 1863 δούλου
2996 1808 3086 1862 καὶ
3146 1800 3433 1877 δεσπότου,
3496 1807 3613 1864 ἐπεὶ
3674 1807 3857 1870 πάντες

2217 1894 2569 1972 ἀπελεύθεροί
2621 1897 2679 1951 τέ
2737 1892 2893 1969 ἐσμεν
2951 1897 3185 1971 Χριστοῦ
3218 1942 3232 1966 ,
3298 1897 3431 1953 καθὸ
3490 1898 3855 1973 ⁴ἢλευθὲρωσεν

2215 1989 2362 2058 ἡμᾶς
2390 1990 2490 2051 τῆς
2554 1983 2867 2062 τυραννίδος
2920 1988 3017 2041 τοῦ
3060 1992 3273 2042 Σατανὶ
3337 1984 3429 2042 καὶ
3493 1983 3687 2043 δοῦλοι
3729 1987 3859 2064 Χρι-

2217 2073 2366 2148 στοῦ,
2399 2071 2585 2145 ἐπειδὴ
2645 2074 2840 2130 ἐκεῖθεν
2895 2072 3285 2152 ἐλευθερώσας,
3346 2076 3449 2133 ὑπὸ
3503 2076 3605 2146 τὴν
3666 2076 3857 2132 οἰκείαν

2216 2163 2394 2242 ἤγαγε
2454 2164 2761 2240 βασιλείαν.
2832 2166 3064 2238 «Τιμῆς
3122 2166 3489 2244 ἠγοράσθητε.
3528 2191 3557 2218 »
3615 2171 3706 2240 Τῷ
3759 2166 3855 2241 γὰρ

2219 2252 2407 2326 αἵματι
2464 2256 2563 2309 τοῦ
2642 2254 2981 2331 Μονογενοῠς
3062 2254 3247 2324 αὑτοῦ,
3306 2254 3576 2332 ἠγόρασεν
3629 2255 3775 2329 ἡμᾶς
3831 2257 3857 2310 6

2218 2342 2347 2404 Θεὸς
2375 2345 2462 2397 καὶ
2497 2342 2704 2418 Πατήρ.
2762 2368 2790 2395 ‹‹
2826 2345 2913 2413 Μὴ
2971 2342 3178 2420 γίνεσθε
3231 2341 3420 2400 δοῦλοι
3477 2343 3799 2421 ἀνθρώπων.
3831 2366 3859 2395 ››

2215 2436 2364 2489 νΔνω
2396 2434 2561 2503 εἶπεν,
2616 2460 2642 2486 (ι
2674 2433 2799 2493 Ἐὰν
2860 2435 2950 2489 καὶ
2982 2431 3202 2490 δύνασαι
3260 2432 3540 2510 ἐλεύθερος
3596 2435 3857 2513 γενέσθαι,

2223 2520 2435 2598 μᾶλλον
2467 2530 2695 2600 χρῆσαι⁴
2728 2548 2757 2577 »
2799 2522 3025 2589 ἐνταῦθα
3076 2522 3134 2580 δὲ
3182 2522 3349 2600 λέγει,
3411 2550 3439 2577 ‹‹
3500 2526 3596 2594 Μὴ
3654 2524 3855 2600 γίνεσθε

2221 2612 2411 2670 δοῦλοι
2442 2610 2761 2687 ἀνθρώπων.
2797 2640 2824 2667 υ
2855 2614 3031 2673 Τοῦτο
3057 2616 3161 2693 γὰρ
3202 2617 3289 2672 καὶ
3352 2615 3488 2693 πρὸς
3550 2613 3858 2691 ἐλευθέρους

2219 2705 2309 2762 καὶ
2368 2706 2504 2781 πρὸς
2561 2700 2793 2770 δοὺλους
2877 2705 3126 2779 ἁρμόζει.
3180 2707 3242 2765 Ὀ
3298 2709 3399 2783 γὰρ
3467 2704 3547 2775 τῷ
3630 2702 3855 2781 δεσπότῃ

2221 2793 2395 2851 ἄτοπα
2446 2793 2537 2850 καὶ
2568 2790 2736 2871 ἀσεϐῇ
2795 2795 3134 2853 ἐπιτάττοντι
3194 2796 3270 2869 μὴ
3331 2795 3513 2863 εέκων,
3548 2795 3612 2852 06
3666 2795 3859 2873 γίνεται

2222 2882 2421 2947 δοῦλος
2453 2883 2775 2960 ἀνθρώπων,
2807 2884 2902 2940 κ’ἁν
2944 2885 3045 2941 ὑπὸ
3104 2887 3259 2963 ζυγὸν
3318 2884 3357 2962 ᾖ
3405 2880 3681 2949 δουλείας.
3740 2889 3862 2942 Τοι-

2224 2977 2381 3037 οὗτος
2411 2976 2474 3043 ἦν
2509 2975 2536 3029 6
2569 2974 2792 3052 Ἰωσὴφ.
2824 2972 2885 3032 Ὀ
2918 2972 2974 3029 δὲ
3014 2970 3103 3030 διὰ
3157 2970 3330 3048 δῶρα,
3361 2971 3397 3045 ἢ
3429 2972 3858 3052 γαστριμαργίαν

2226 3065 2516 3139 ὑπουργῶν
2597 3064 2903 3139 ἀνθρώποις
2993 3064 3130 3138 πρὸς
3225 3062 3460 3126 ἀτόπους
3546 3060 3862 3141 ὑπηρεσίας,

2228 3150 2425 3214 δοῦλός
2456 3151 2597 3208 ἐστιν
2656 3152 2972 3229 ἀνθρώπων,
3030 3153 3126 3208 κᾶν
3178 3148 3461 3227 ἐλεύθερος
3520 3152 3659 3208 εἶναι
3718 3143 3866 3226 δοκῇ.

2229 3243 2445 3313 Ταύτην
2500 3242 2826 3317 ἀπαγορεύει
2883 3243 2982 3311 τήν
3037 3238 3291 3297 δουλείαν
3328 3286 3343 3313 ,
3386 3242 3450 3297 οὗ
3497 3240 3601 3312 τὴν
3666 3242 3865 3312 συνήθη

2221 3330 2309 3387 καὶ
2347 3328 2766 3405 νενομισμένην.
2823 3329 3030 3404 Ἐκείνῃ
3057 3329 3158 3406 γὰρ
3225 3333 3293 3396 τῆ
3356 3327 3575 3401 δουλείᾳ
3635 3327 3859 3385 ὑποτάσ-

2223 3420 2404 3473 σεσθαι
2434 3418 2523 3473 καὶ
2557 3418 2720 3475 εἷ’κειν
2751 3422 3032 3495 πανταχοῦ
3061 3425 3329 3496 παραινεῖ.

2294 3507 2419 3581 Περὶ
2483 3505 2539 3563 δὶ
2621 3508 2729 3563 τῶν
2790 3506 3061 3583 παρθένων
3142 3504 3403 3584 ἐπιταγὴν
3481 3504 3691 3581 Κυρίου
3773 3502 3865 3560 οὑκ

2221 3590 2358 3674 ἔχω,
2385 3597 2610 3670 γνώμην
2642 3593 2698 3651 δὶ
2755 3593 2955 3670 δίδωμι
3013 3597 3087 3658 ὡς
3140 3595 3447 3670 ἠλεημένος
3506 3592 3610 3651 ὑπὸ
3674 3593 3861 3671 Κυρίου

2220 3688 2412 3751 πιστὸς
2466 3688 2646 3745 εἶναι.
2709 3687 2935 3760 Νομίζω
2991 3688 3083 3742 οὗν
3135 3692 3296 3743 τοῦτο
3352 3685 3519 3742 καλὸν
3578 3685 3859 3762 ὑπάρχειν,

2222 3770 2309 3830 διὰ
2374 3777 2473 3846 τήν
2534 3772 2825 3831 ἐνεστῶσαν
2905 3775 3169 3852 ἀνάγκην,
3230 3770 3313 3832 ὅτι
3365 3772 3533 3831 καλὸν
3603 3772 3860 3852 ἀνθρώπῳ

2220 3867 2282 3921 τὸ
2322 3865 2496 3929 οὕτως
2552 3866 2706 3924 εἶναι.
2773 3860 2989 3920 Δέδεσαι
3046 3866 3282 3940 γυναικὶ,
3347 3867 3422 3937 μή
3487 3865 3636 3936 ζήτει
3696 3862 3858 3919 λύσιν·

2221 3950 2448 4009 λέλυσαι
2506 3948 2611 4009 ἀπὸ
2685 3954 2960 4029 γυναικὸς,
3048 3955 3124 4028 μή
3236 3955 3383 4025 ζήτει
3440 3957 3690 4028 γυναῖκα·
3742 3949 3855 4007 Ἐὰν

2221 4041 2278 4098 δὲ
2334 4043 2425 4097 καὶ
2482 4045 2691 4117 γήμῃς,
2764 4042 2873 4117 οὐχ
2926 4043 3193 4118 ἥμαρτες,
3280 4040 3369 4096 καὶ
3441 4038 3535 4096 ἒᾶν
3615 4036 3771 4114 γήμῃ
3823 4039 3853 4102 ἢ

2220 4131 2507 4207 παρθένος,
2566 4133 2677 4208 οὐχ
2757 4129 2989 4206 ἥμαρτε.
3079 4128 3275 4207 Θλίψιν
3338 4127 3394 4186 δὶ
3475 4130 3530 4185 ἐν
3584 4134 3652 4205 τῇ
3711 4127 3857 4203 σαρκῖ

2221 4217 2424 4291 ἕξουσιν
2459 4221 2510 4275 οἱ
2530 4220 2794 4280 τοιοῦτοι.
2826 4223 2971 4296 Ἐγὼ
3003 4214 3059 4277 δὲ
3086 4222 3237 4294 ὑμῶν
3270 4214 3548 4300 φείδομαι.

2294 4307 2516 4378 Ἐπειδή
2599 4311 2673 4373 είς
2759 4310 2981 4384 μείζονα
3055 4308 3384 4390 φιλοσοφίαν
3439 4304 3684 4385 ἔρχεται,
3766 4328 3860 4385 φο-

2221 4394 2395 4455 ϐεῖται
2454 4399 2585 4455 αὑτὸ
2661 4402 2914 4476 καθαρῶς
3005 4395 3300 4469 ἐπιτάξαι,
3381 4398 3479 4469 τήν
3562 4395 3859 4475 ἀποτυχίαν

2221 4492 2329 4544 τῶν
2365 4489 2659 4563 μετιόντων
2692 4487 2971 4551 δεδοικώς.
3007 4488 3104 4544 Διὰ
3158 4492 3320 4543 τοῦτο
3382 4482 3493 4563 οὑχ
3549 4487 3624 4548 ὡς
3682 4483 3863 4541 ἐπιτα-

479 4581 864 4646 prroccptum,
899 4577 1002 4631 sed
1044 4577 1211 4647 quasi
1258 4578 1570 4635 consilium
1617 4561 1989 4639 traditiilud.
2055 4618 2116 4626 --—

2225 4581 2346 4657 γὴν,
2368 4561 2497 4635 ἀλλ’
2529 4580 2602 4641 ὡς
2635 4575 2953 4652 συμϐουλὴν
2983 4574 3173 4633 δίδωσι
3215 4611 3282 4619 —-
3312 4561 3626 4652 [ΟῘΚΟΥΜ.
3659 4578 3678 4648 ]
3709 4575 3785 4631 Τὰ
3812 4570 3863 4628 δὲ

440 4718 443 4719 ν
483 4665 616 4719 Haec
649 4669 848 4719 autem
881 4681 1013 4736 quas
1040 4664 1112 4721 de
1143 4666 1465 4739 virginibus
1496 4671 2003 4745 sunt,diligentius
2035 4676 2120 4730 in-

484 4758 840 4823 terpretatus
871 4760 978 4823 est,
1010 4760 1075 4809 ut
1108 4756 1208 4826 qui
1242 4752 1470 4827 integro
1509 4760 1807 4817 volumine
1857 4766 2119 4820 exactius

483 4840 593 4893 hac
624 4840 694 4894 de
727 4858 789 4896 re
822 4842 1253 4912 disseruerit,et
1283 4843 1361 4901 ibi
1393 4849 1809 4906 animadverte.
1838 4852 1952 4924 Ego
1984 4872 2118 4909 vero

484 4943 615 4997 qum
646 4930 832 4998 gratia
871 4929 971 4984 Dei
1021 4938 1327 4990 assecutus
1385 4950 1513 4992 sum
1572 4941 1918 5013 conscripsi.
1967 4942 2120 4999 484

485 5038 509 5063 ‹‹
536 5017 837 5085 Tanquam
868 5018 1335 5078 misericordiam
1360 5034 1711 5083 consecutus
1741 5042 1774 5085 a
1795 5030 2063 5087 Domino.
2094 5057 2120 5083 ››

488 5104 1191 5178 Misericordiamjnquit,
1226 5120 1579 5171 consecutus
1600 5125 1663 5173 ιιι
1683 5135 1871 5175 essem
1907 5121 2122 5189 fidelis,

486 5200 627 5266 puta
659 5210 851 5264 prmco
913 5212 1017 5251 seu
1066 5201 1470 5270 concionator,
1530 5205 1813 5279 datorque
1865 5211 2119 5268 consilii.

488 5306 515 5333 ‹‹
550 5282 818 5373 Arbitror
848 5284 1025 5356 igitur
1045 5286 1156 5341 hoc
1188 5288 1410 5347 bonum
1442 5308 1629 5350 esse.»
1658 5296 1795 5353 Vide
1820 5316 1955 5373 ergo
1979 5319 2125 5373 quo-

488 5372 664 5427 modo
682 5378 1346 5450 temperctprmceptum
1371 5396 1440 5436 ex
1463 5385 1813 5442 necessitate
1834 5372 2122 5446 exortum.

490 5483 519 5511 ‹‹
545 5460 871 5528 Arbitror,»
895 5464 1109 5536 inquit,
1127 5468 1409 5538 quidnam
1427 5469 1455 5526 ?
1475 5474 1631 5543 quod
1654 5475 1873 5531 bonum
1901 5479 1975 5533 sit
1999 5480 2125 5533 sine

490 5551 765 5624 conjugio
796 5561 1198 5627 esse,pr0pter
1219 5557 1596 5617 difﬁcultates
1628 5580 1757 5633 quae
1782 5566 1841 5620 in
1875 5584 1942 5621 eo
1967 5572 2126 5636 sunt,

491 5640 766 5714 malaque
798 5644 1162 5715 nuptiarum.
1197 5669 1223 5696 ‹‹
1269 5646 1351 5701 0b
1413 5656 1763 5719 praesentem
1816 5656 2132 5711 necessita-

2228 4671 2488 4746 περὶτῶν
2537 4671 2809 4745 παρθένων
2874 4663 3001 4723 τάδε
3058 4663 3453 4741 ἐμμελέστερον
3510 4664 3865 4746 ἡρμήνευσεν,

2228 4760 2301 4821 ὡς
2338 4758 2388 4814 ὲν
2453 4752 2774 4831 μονοϐίϐλῳ
2834 4753 3210 4832 ἀκριϐέστερον
3243 4755 3368 4830 περὶ
3423 4755 3619 4810 τούτου
3679 4745 3860 4808 διαλα-

2229 4846 2360 4912 ίἰών,
2392 4847 2478 4903 κα.ῗ
2510 4845 2620 4902 ἐκεῖ
2657 4847 2917 4923 πρόσχες.
2960 4847 3106 4919 Ἐγὼ
3140 4843 3196 4899 δὲ
3223 4843 3289 4900 τὰ
3338 4843 3523 4921 χάριτι
3582 4846 3716 4899 Θεοῦ
3777 4840 3865 4896 ἐπ-

2230 4937 2458 4993 ελτὸντα
2494 4958 2586 5009 μοι
2619 4930 2846 5012 ἔγραψα.
2910 4960 2936 4987 ‹‹
2972 4932 3059 4996 Ὠς
3090 4932 3401 5007 ἠλεημένος
3447 4930 3551 4987 ὑπὸ
3602 4929 3865 5006 Κυρίου.»

2229 5020 2592 5097 Ἠλεημένος,
2625 5021 2814 5102 φησὶν,
2848 5018 2922 5083 είς
2952 5020 3013 5077 τὸ
3068 5021 3206 5076 εἶναι
3264 5020 3474 5089 πιστὸς,
3536 5016 3650 5073 οἷον
3706 5016 3865 5090 κῆρυξ

2230 5110 2321 5167 καὶ
2380 5108 2761 5191 γνωμοδότης.
2820 5136 2847 5162 ‹‹
2908 5108 3135 5183 Νομίζω
3182 5108 3274 5163 οὗν
3327 5111 3488 5162 τοῦτο
3554 5104 3722 5161 καλὸν
3782 5103 3874 5158 ὑπ-

2233 5202 2442 5279 ἄρχειν.
2476 5228 2503 5255 ››
2534 5205 2669 5277 Ὅρα
2698 5201 2862 5257 πάλιν
2914 5204 3031 5263 πῶς
3061 5203 3160 5270 τὴν
3218 5197 3269 5270 ἐξ
3326 5198 3567 5275 ἀνάγκης
3618 5192 3866 5266 ἐπιταγήν

2232 5294 2476 5365 κολάζει.
2521 5318 2545 5347 ιι
2589 5294 2837 5366 Νομίζω,
2876 5318 2903 5343 ››
2939 5288 3092 5368 φησί.
3125 5288 3184 5343 Τί
3221 5309 3233 5358 ;
3266 5290 3286 5307 ”’
3316 5290 3414 5347 Οτι
3445 5287 3611 5344 καλὸν
3642 5287 3705 5341 τὸ
3757 5284 3869 5338 ἄνευ

2233 5386 2418 5463 γάμου
2450 5382 2601 5451 εἶναι,
2636 5376 2726 5437 διὰ
2767 5381 2861 5445 τὰς
2914 5379 2966 5435 ἐν
3000 5375 3144 5451 αὑτῷ
3175 5373 3488 5444 δυσκολίας,
3518 5374 3606 5431 καὶ
3663 5374 3730 5430 τὰ
3781 5373 3872 5426 τοῦ

2236 5474 2419 5552 γάμου
2449 5472 2605 5528 κατά.
2642 5496 2669 5523 ‹‹
2703 5470 2800 5526 Διὰ
2822 5471 2920 5539 τήν
2947 5466 3235 5524 ἐνεστῶσαν
3296 5464 3549 5541 ἀνάγκην.
3585 5489 3613 5517 υ
3642 5497 3714 5508 --
3740 5457 3872 5517 "A7.-

2236 5547 2373 5624 λως.
2407 5562 2624 5635 [ΦΩΤ,]
2678 5560 2785 5616 Τὸν
2842 5555 3087 5633 διωγμὸν
3138 5558 3296 5629 οἶμαι
3356 5554 3528 5631 λιγειν
3580 5552 3740 5608 αὑτὸν
3795 5547 3872 5602 ἆν-

2236 5653 2422 5723 ταὺθα,
2443 5652 2535 5707 τὸν
2566 5649 2670 5706 ἀπὸ
2704 5653 2811 5704 τῶν
2867 5648 3107 5703 ἀπίστων
3163 5647 3282 5709 τοῖς
3336 5650 3548 5706 πιστοῖς
3606 5642 3872 5699 ἐπανατει-
