  <div class='ocr_page' id='page_1' title='image "/cluster/home/n/w/nwhite01/storage/ocr_20150623/118/hvd.32044073502247/374.png"; bbox 0 0 4198 6200; ppageno 0'>
   <div class='ocr_carea' id='block_1_1' title="bbox 399 336 516 401">
    <p class='ocr_par' dir='ltr' id='par_1_1' title="bbox 399 336 516 401">
     <span class='ocr_line' id='line_1_1' title="bbox 399 336 516 401; baseline -0.051 -1"><span class='ocrx_word' id='word_1_1' title='bbox 399 336 516 401; x_wconf 83' lang='lat'>737</span> 
     </span>
    </p>
   </div>
   <div class='ocr_carea' id='block_1_2' title="bbox 1361 318 2843 409">
    <p class='ocr_par' dir='ltr' id='par_1_2' title="bbox 1361 318 2843 409">
     <span class='ocr_line' id='line_1_2' title="bbox 1361 318 2843 409; baseline 0.003 -8"><span class='ocrx_word' id='word_1_2' title='bbox 1361 340 1783 406; x_wconf 80' lang='lat' dir='ltr'>COMMENT.</span> <span class='ocrx_word' id='word_1_3' title='bbox 1832 343 1908 404; x_wconf 86' lang='lat' dir='ltr'><strong>IN</strong></span> <span class='ocrx_word' id='word_1_4' title='bbox 1959 339 2207 405; x_wconf 80' lang='lat' dir='ltr'>EPIST.</span> <span class='ocrx_word' id='word_1_5' title='bbox 2251 318 2275 401; x_wconf 73' lang='grc' dir='ltr'>ι</span> <span class='ocrx_word' id='word_1_6' title='bbox 2318 343 2424 404; x_wconf 72' lang='lat' dir='ltr'><strong>AD</strong></span> <span class='ocrx_word' id='word_1_7' title='bbox 2468 344 2843 409; x_wconf 81' lang='lat' dir='ltr'>CORINTH.</span> 
     </span>
    </p>
   </div>
   <div class='ocr_carea' id='block_1_3' title="bbox 3692 352 3809 417">
    <p class='ocr_par' dir='ltr' id='par_1_3' title="bbox 3692 352 3809 417">
     <span class='ocr_line' id='line_1_3' title="bbox 3692 352 3809 417; baseline 0.034 -3"><span class='ocrx_word' id='word_1_8' title='bbox 3692 352 3809 417; x_wconf 77' lang='lat'>738</span> 
     </span>
    </p>
   </div>
   <div class='ocr_carea' id='block_1_4' title="bbox 399 464 2055 554">
    <p class='ocr_par' dir='ltr' id='par_1_4' title="bbox 399 464 2052 546">
     <span class='ocr_line' id='line_1_4' title="bbox 399 464 2052 546; baseline 0.005 -30"><span class='ocrx_word' id='word_1_9' title='bbox 399 464 646 538; x_wconf 88' lang='grc' dir='ltr'>νόμενον,</span> <span class='ocrx_word' id='word_1_10' title='bbox 709 467 798 527; x_wconf 82' lang='grc' dir='ltr'>καὶ</span> <span class='ocrx_word' id='word_1_11' title='bbox 868 467 963 529; x_wconf 71' lang='grc' dir='ltr'>τὰς</span> <span class='ocrx_word' id='word_1_12' title='bbox 1025 466 1200 533; x_wconf 75' lang='grc' dir='ltr'>ἄλλας</span> <span class='ocrx_word' id='word_1_13' title='bbox 1267 467 1523 546; x_wconf 72' lang='grc' dir='ltr'>ὶπηρείας</span> <span class='ocrx_word' id='word_1_14' title='bbox 1605 471 1695 528; x_wconf 81' lang='grc' dir='ltr'>καὶ</span> <span class='ocrx_word' id='word_1_15' title='bbox 1760 473 2052 539; x_wconf 76' lang='grc' dir='ltr'>κακώσεις,</span> 
     </span>
    </p>
   </div>
   <div class='ocr_carea' id='block_1_5' title="bbox 2164 464 3804 554">
    <p class='ocr_par' dir='ltr' id='par_1_5' title="bbox 2170 475 3804 554">
     <span class='ocr_line' id='line_1_5' title="bbox 2170 475 3804 554; baseline 0.011 -27"><span class='ocrx_word' id='word_1_16' title='bbox 2170 479 2309 530; x_wconf 88' lang='lat' dir='ltr'>tem.</span> <span class='ocrx_word' id='word_1_17' title='bbox 2345 497 2373 526; x_wconf 82' lang='grc'><strong>››</strong></span> <span class='ocrx_word' id='word_1_18' title='bbox 2406 475 2588 533; x_wconf 79' lang='lat' dir='ltr'>Aliud.</span> <span class='ocrx_word' id='word_1_19' title='bbox 2614 477 2838 549; x_wconf 84' lang='lat' dir='ltr'>Opinor</span> <span class='ocrx_word' id='word_1_20' title='bbox 2864 495 2999 537; x_wconf 87' lang='lat' dir='ltr'>sum</span> <span class='ocrx_word' id='word_1_21' title='bbox 3026 480 3137 539; x_wconf 83' lang='lat' dir='ltr'>hoc</span> <span class='ocrx_word' id='word_1_22' title='bbox 3168 480 3296 541; x_wconf 88' lang='lat' dir='ltr'>loco</span> <span class='ocrx_word' id='word_1_23' title='bbox 3327 488 3804 554; x_wconf 75' lang='lat' dir='ltr'>persecutionem</span> 
     </span>
    </p>
   </div>
   <div class='ocr_carea' id='block_1_6' title="bbox 402 550 2061 635">
    <p class='ocr_par' dir='ltr' id='par_1_6' title="bbox 402 550 2061 635">
     <span class='ocr_line' id='line_1_6' title="bbox 402 550 2061 635; baseline -0.004 -18"><span class='ocrx_word' id='word_1_24' title='bbox 402 550 464 617; x_wconf 66' lang='grc' dir='ltr'>ἃς</span> <span class='ocrx_word' id='word_1_25' title='bbox 498 553 785 628; x_wconf 72' lang='grc' dir='ltr'>ὑπέμενον.</span> <span class='ocrx_word' id='word_1_26' title='bbox 846 562 1023 617; x_wconf 77' lang='grc' dir='ltr'>Τοῦτο</span> <span class='ocrx_word' id='word_1_27' title='bbox 1081 558 1184 635; x_wconf 80' lang='grc' dir='ltr'>γὰρ</span> <span class='ocrx_word' id='word_1_28' title='bbox 1244 557 1544 617; x_wconf 81' lang='grc' dir='ltr'>ἀκόλουθον</span> <span class='ocrx_word' id='word_1_29' title='bbox 1604 559 1898 616; x_wconf 78' lang='grc' dir='ltr'>ἐνεστῶσαν</span> <span class='ocrx_word' id='word_1_30' title='bbox 1930 559 2061 619; x_wconf 71' lang='grc' dir='ltr'>ἀνά-</span> 
     </span>
    </p>
   </div>
   <div class='ocr_carea' id='block_1_7' title="bbox 399 643 2057 723">
    <p class='ocr_par' dir='ltr' id='par_1_7' title="bbox 399 643 2057 723">
     <span class='ocr_line' id='line_1_7' title="bbox 399 643 2057 723; baseline 0.004 -26"><span class='ocrx_word' id='word_1_31' title='bbox 399 663 537 716; x_wconf 75' lang='grc' dir='ltr'>γκην</span> <span class='ocrx_word' id='word_1_32' title='bbox 569 643 728 705; x_wconf 75' lang='grc' dir='ltr'>αὑτὸν</span> <span class='ocrx_word' id='word_1_33' title='bbox 778 643 990 702; x_wconf 83' lang='grc' dir='ltr'>καλεῖν.</span> <span class='ocrx_word' id='word_1_34' title='bbox 1054 644 1277 717; x_wconf 79' lang='grc' dir='ltr'>Ἐπειδή</span> <span class='ocrx_word' id='word_1_35' title='bbox 1336 648 1438 723; x_wconf 80' lang='grc' dir='ltr'>γὰρ</span> <span class='ocrx_word' id='word_1_36' title='bbox 1495 649 1806 722; x_wconf 75' lang='grc' dir='ltr'>παραίνεσιν</span> <span class='ocrx_word' id='word_1_37' title='bbox 1838 647 2057 722; x_wconf 67' lang='grc' dir='ltr'>ὑψηλὴν</span> 
     </span>
    </p>
   </div>
   <div class='ocr_carea' id='block_1_8' title="bbox 400 732 2059 811">
    <p class='ocr_par' dir='ltr' id='par_1_8' title="bbox 400 732 2059 811">
     <span class='ocr_line' id='line_1_8' title="bbox 400 732 2059 811; baseline 0.001 -20"><span class='ocrx_word' id='word_1_38' title='bbox 400 732 493 789; x_wconf 74' lang='grc' dir='ltr'>καὶ</span> <span class='ocrx_word' id='word_1_39' title='bbox 528 732 772 809; x_wconf 75' lang='grc' dir='ltr'>μεγάλην</span> <span class='ocrx_word' id='word_1_40' title='bbox 827 735 1069 806; x_wconf 67' lang='grc' dir='ltr'>ἠθέλησε</span> <span class='ocrx_word' id='word_1_41' title='bbox 1124 740 1479 808; x_wconf 70' lang='grc' dir='ltr'>ποιήσασθαι,</span> <span class='ocrx_word' id='word_1_42' title='bbox 1527 740 1663 811; x_wconf 81' lang='grc' dir='ltr'>μετὰ</span> <span class='ocrx_word' id='word_1_43' title='bbox 1693 740 2059 811; x_wconf 73' lang='grc' dir='ltr'>περιστάσεως</span> 
     </span>
    </p>
   </div>
   <div class='ocr_carea' id='block_1_9' title="bbox 400 818 2056 905">
    <p class='ocr_par' dir='ltr' id='par_1_9' title="bbox 400 818 2056 905">
     <span class='ocr_line' id='line_1_9' title="bbox 400 818 2056 905; baseline 0.006 -30"><span class='ocrx_word' id='word_1_44' title='bbox 400 818 581 893; x_wconf 77' lang='grc' dir='ltr'>ἔδοξεν</span> <span class='ocrx_word' id='word_1_45' title='bbox 637 823 805 893; x_wconf 76' lang='grc' dir='ltr'>αὐτὴν</span> <span class='ocrx_word' id='word_1_46' title='bbox 867 825 1126 904; x_wconf 67' lang='grc' dir='ltr'>εἰσάγειν.</span> <span class='ocrx_word' id='word_1_47' title='bbox 1190 826 1391 895; x_wconf 80' lang='grc' dir='ltr'>Καλὸν,</span> <span class='ocrx_word' id='word_1_48' title='bbox 1452 827 1638 905; x_wconf 75' lang='grc' dir='ltr'>φησὶν,</span> <span class='ocrx_word' id='word_1_49' title='bbox 1681 830 1716 898; x_wconf 77' lang='grc' dir='ltr'>ἡ</span> <span class='ocrx_word' id='word_1_50' title='bbox 1773 828 2056 901; x_wconf 82' lang='grc' dir='ltr'>παρθενία,</span> 
     </span>
    </p>
   </div>
   <div class='ocr_carea' id='block_1_10' title="bbox 400 909 2048 993">
    <p class='ocr_par' dir='ltr' id='par_1_10' title="bbox 400 909 2048 993">
     <span class='ocr_line' id='line_1_10' title="bbox 400 909 2048 993; baseline 0.004 -26"><span class='ocrx_word' id='word_1_51' title='bbox 400 913 492 967; x_wconf 83' lang='grc' dir='ltr'><strong>καί</strong></span> <span class='ocrx_word' id='word_1_52' title='bbox 560 909 651 967; x_wconf 71' lang='grc' dir='ltr'>διὰ</span> <span class='ocrx_word' id='word_1_53' title='bbox 713 914 814 982; x_wconf 76' lang='grc' dir='ltr'>τήν</span> <span class='ocrx_word' id='word_1_54' title='bbox 880 914 1177 975; x_wconf 77' lang='grc' dir='ltr'>ἐνεστῶσαν</span> <span class='ocrx_word' id='word_1_55' title='bbox 1255 920 1362 974; x_wconf 86' lang='grc' dir='ltr'>τῶν</span> <span class='ocrx_word' id='word_1_56' title='bbox 1462 921 1777 993; x_wconf 79' lang='grc' dir='ltr'>πειρασμῶν</span> <span class='ocrx_word' id='word_1_57' title='bbox 1848 916 2048 993; x_wconf 75' lang='grc' dir='ltr'>φοράν.</span> 
     </span>
    </p>
   </div>
   <div class='ocr_carea' id='block_1_11' title="bbox 401 1001 2056 1079">
    <p class='ocr_par' dir='ltr' id='par_1_11' title="bbox 401 1001 2056 1079">
     <span class='ocr_line' id='line_1_11' title="bbox 401 1001 2056 1079; baseline 0.005 -22"><span class='ocrx_word' id='word_1_58' title='bbox 401 1001 562 1071; x_wconf 78' lang='grc' dir='ltr'>Ῥᾷον</span> <span class='ocrx_word' id='word_1_59' title='bbox 622 1002 726 1079; x_wconf 75' lang='grc' dir='ltr'>γὰρ</span> <span class='ocrx_word' id='word_1_60' title='bbox 784 1003 875 1064; x_wconf 79' lang='grc' dir='ltr'>καὶ</span> <span class='ocrx_word' id='word_1_61' title='bbox 934 1004 1283 1079; x_wconf 78' lang='grc' dir='ltr'>ἀκοπώτερον</span> <span class='ocrx_word' id='word_1_62' title='bbox 1337 1006 1538 1076; x_wconf 83' lang='grc' dir='ltr'>ταύτην</span> <span class='ocrx_word' id='word_1_63' title='bbox 1598 1004 1906 1078; x_wconf 74' lang='grc' dir='ltr'>οἴσομεν,ἣ</span> <span class='ocrx_word' id='word_1_64' title='bbox 1959 1027 2056 1078; x_wconf 85' lang='grc' dir='ltr'>γυ-</span> 
     </span>
    </p>
   </div>
   <div class='ocr_carea' id='block_1_12' title="bbox 402 1091 2056 1169">
    <p class='ocr_par' dir='ltr' id='par_1_12' title="bbox 402 1091 2056 1169">
     <span class='ocr_line' id='line_1_12' title="bbox 402 1091 2056 1169; baseline 0.004 -26"><span class='ocrx_word' id='word_1_65' title='bbox 402 1094 594 1157; x_wconf 79' lang='grc' dir='ltr'>ναῖκας</span> <span class='ocrx_word' id='word_1_66' title='bbox 637 1093 727 1149; x_wconf 79' lang='grc' dir='ltr'>καὶ</span> <span class='ocrx_word' id='word_1_67' title='bbox 759 1092 917 1151; x_wconf 72' lang='grc' dir='ltr'>τέκνα</span> <span class='ocrx_word' id='word_1_68' title='bbox 976 1092 1030 1152; x_wconf 74' lang='grc' dir='ltr'>ἐν</span> <span class='ocrx_word' id='word_1_69' title='bbox 1081 1091 1350 1169; x_wconf 74' lang='grc' dir='ltr'>διωγμοῖς</span> <span class='ocrx_word' id='word_1_70' title='bbox 1403 1094 1493 1153; x_wconf 82' lang='grc' dir='ltr'>καὶ</span> <span class='ocrx_word' id='word_1_71' title='bbox 1529 1094 1749 1169; x_wconf 77' lang='grc' dir='ltr'>μυρίαις</span> <span class='ocrx_word' id='word_1_72' title='bbox 1774 1094 2056 1151; x_wconf 84' lang='grc' dir='ltr'>ταλαιπω-</span> 
     </span>
    </p>
   </div>
   <div class='ocr_carea' id='block_1_13' title="bbox 403 1178 2057 1260">
    <p class='ocr_par' dir='ltr' id='par_1_13' title="bbox 403 1178 2057 1260">
     <span class='ocr_line' id='line_1_13' title="bbox 403 1178 2057 1260; baseline 0.004 -27"><span class='ocrx_word' id='word_1_73' title='bbox 403 1178 548 1253; x_wconf 84' lang='grc' dir='ltr'>ρίαις</span> <span class='ocrx_word' id='word_1_74' title='bbox 650 1182 1096 1255; x_wconf 83' lang='grc' dir='ltr'>συνεπαγόμενοι.</span> <span class='ocrx_word' id='word_1_75' title='bbox 1198 1186 1721 1259; x_wconf 75' lang='grc' dir='ltr'>Καταμεριζομένης</span> <span class='ocrx_word' id='word_1_76' title='bbox 1803 1185 1904 1260; x_wconf 70' lang='grc' dir='ltr'>γὰρ</span> <span class='ocrx_word' id='word_1_77' title='bbox 1979 1184 2057 1247; x_wconf 86' lang='grc' dir='ltr'>είς</span> 
     </span>
    </p>
   </div>
   <div class='ocr_carea' id='block_1_14' title="bbox 398 1266 2054 1350">
    <p class='ocr_par' dir='ltr' id='par_1_14' title="bbox 398 1266 2054 1350">
     <span class='ocr_line' id='line_1_14' title="bbox 398 1266 2054 1350; baseline 0.004 -26"><span class='ocrx_word' id='word_1_78' title='bbox 398 1266 588 1326; x_wconf 70' lang='grc' dir='ltr'>πολλὰ</span> <span class='ocrx_word' id='word_1_79' title='bbox 619 1269 765 1340; x_wconf 78' lang='grc' dir='ltr'>πάθη</span> <span class='ocrx_word' id='word_1_80' title='bbox 822 1278 924 1341; x_wconf 77' lang='grc' dir='ltr'>τῆς</span> <span class='ocrx_word' id='word_1_81' title='bbox 980 1276 1195 1348; x_wconf 76' lang='grc' dir='ltr'>ψυχῆς,</span> <span class='ocrx_word' id='word_1_82' title='bbox 1252 1273 1304 1331; x_wconf 82' lang='grc' dir='ltr'>ἐν</span> <span class='ocrx_word' id='word_1_83' title='bbox 1364 1274 1629 1350; x_wconf 74' lang='grc' dir='ltr'>ἀφορήτῳ</span> <span class='ocrx_word' id='word_1_84' title='bbox 1658 1278 1811 1345; x_wconf 77' lang='grc' dir='ltr'>κακῷ</span> <span class='ocrx_word' id='word_1_85' title='bbox 1842 1273 2054 1349; x_wconf 79' lang='grc' dir='ltr'>ἀνάγκη</span> 
     </span>
    </p>
   </div>
   <div class='ocr_carea' id='block_1_15' title="bbox 397 1352 2058 1436">
    <p class='ocr_par' dir='ltr' id='par_1_15' title="bbox 397 1352 2058 1436">
     <span class='ocr_line' id='line_1_15' title="bbox 397 1352 2058 1436; baseline 0.003 -25"><span class='ocrx_word' id='word_1_86' title='bbox 397 1352 906 1428; x_wconf 73' lang='grc' dir='ltr'>καταϐαπτισοῆναι</span> <span class='ocrx_word' id='word_1_87' title='bbox 961 1363 1054 1415; x_wconf 87' lang='grc' dir='ltr'>τὸν</span> <span class='ocrx_word' id='word_1_88' title='bbox 1112 1361 1414 1436; x_wconf 79' lang='grc' dir='ltr'>ἄνθρωπον’</span> <span class='ocrx_word' id='word_1_89' title='bbox 1480 1362 1647 1436; x_wconf 85' lang='grc' dir='ltr'>μόνον</span> <span class='ocrx_word' id='word_1_90' title='bbox 1678 1360 1734 1417; x_wconf 74' lang='grc' dir='ltr'>δὲ</span> <span class='ocrx_word' id='word_1_91' title='bbox 1782 1361 1933 1431; x_wconf 83' lang='grc' dir='ltr'>ὄντα,</span> <span class='ocrx_word' id='word_1_92' title='bbox 1966 1376 2058 1432; x_wconf 75' lang='grc' dir='ltr'>καὶ</span> 
     </span>
    </p>
   </div>
   <div class='ocr_carea' id='block_1_16' title="bbox 395 1446 2057 1526">
    <p class='ocr_par' dir='ltr' id='par_1_16' title="bbox 395 1446 2057 1526">
     <span class='ocr_line' id='line_1_16' title="bbox 395 1446 2057 1526; baseline 0.008 -27"><span class='ocrx_word' id='word_1_93' title='bbox 395 1450 518 1509; x_wconf 85' lang='grc' dir='ltr'>τοῖς</span> <span class='ocrx_word' id='word_1_94' title='bbox 559 1446 759 1523; x_wconf 66' lang='grc' dir='ltr'>ἑτέρων</span> <span class='ocrx_word' id='word_1_95' title='bbox 789 1450 978 1505; x_wconf 78' lang='grc' dir='ltr'>πάθεσι</span> <span class='ocrx_word' id='word_1_96' title='bbox 1043 1453 1118 1522; x_wconf 81' lang='grc' dir='ltr'>μή</span> <span class='ocrx_word' id='word_1_97' title='bbox 1178 1452 1677 1525; x_wconf 69' lang='grc' dir='ltr'>κατατεμνόμενον,</span> <span class='ocrx_word' id='word_1_98' title='bbox 1706 1451 1926 1526; x_wconf 70' lang='grc' dir='ltr'>εὐχερὲς</span> <span class='ocrx_word' id='word_1_99' title='bbox 1956 1459 2057 1520; x_wconf 79' lang='grc' dir='ltr'>τῆς</span> 
     </span>
    </p>
   </div>
   <div class='ocr_carea' id='block_1_17' title="bbox 392 1538 2054 1615">
    <p class='ocr_par' dir='ltr' id='par_1_17' title="bbox 392 1538 2054 1615">
     <span class='ocr_line' id='line_1_17' title="bbox 392 1538 2054 1615; baseline 0.004 -27"><span class='ocrx_word' id='word_1_100' title='bbox 392 1539 503 1590; x_wconf 82' lang='grc' dir='ltr'>τῶν</span> <span class='ocrx_word' id='word_1_101' title='bbox 557 1540 737 1597; x_wconf 76' lang='grc' dir='ltr'>κακῶν</span> <span class='ocrx_word' id='word_1_102' title='bbox 793 1538 1189 1615; x_wconf 77' lang='grc' dir='ltr'>ὑπερανασχεῖν</span> <span class='ocrx_word' id='word_1_103' title='bbox 1268 1540 1580 1615; x_wconf 79' lang='grc' dir='ltr'>τρικυμίας.</span> <span class='ocrx_word' id='word_1_104' title='bbox 1640 1540 1777 1598; x_wconf 81' lang='grc' dir='ltr'>Εἶτα</span> <span class='ocrx_word' id='word_1_105' title='bbox 1830 1540 1919 1597; x_wconf 79' lang='grc' dir='ltr'>ἳνα</span> <span class='ocrx_word' id='word_1_106' title='bbox 1980 1544 2054 1614; x_wconf 64' lang='grc' dir='ltr'>μή</span> 
     </span>
    </p>
   </div>
   <div class='ocr_carea' id='block_1_18' title="bbox 389 1622 2056 1708">
    <p class='ocr_par' dir='ltr' id='par_1_18' title="bbox 389 1622 2056 1708">
     <span class='ocr_line' id='line_1_18' title="bbox 389 1622 2056 1708; baseline 0.002 -30"><span class='ocrx_word' id='word_1_107' title='bbox 389 1644 474 1686; x_wconf 78' lang='grc' dir='ltr'>τις</span> <span class='ocrx_word' id='word_1_108' title='bbox 540 1622 692 1705; x_wconf 58' lang='grc' dir='ltr'>εἷ’ππ</span> <span class='ocrx_word' id='word_1_109' title='bbox 760 1627 971 1687; x_wconf 70' lang='grc' dir='ltr'>Οὐκοῦν</span> <span class='ocrx_word' id='word_1_110' title='bbox 1038 1629 1130 1684; x_wconf 85' lang='grc' dir='ltr'>καὶ</span> <span class='ocrx_word' id='word_1_111' title='bbox 1192 1630 1220 1684; x_wconf 99' lang='lat'>6</span> <span class='ocrx_word' id='word_1_112' title='bbox 1279 1630 1483 1708; x_wconf 74' lang='grc' dir='ltr'>φθάσας</span> <span class='ocrx_word' id='word_1_113' title='bbox 1560 1629 1726 1705; x_wconf 77' lang='grc' dir='ltr'>γάμῳ</span> <span class='ocrx_word' id='word_1_114' title='bbox 1789 1636 2056 1699; x_wconf 78' lang='grc' dir='ltr'>κοινωνῆ-</span> 
     </span>
    </p>
   </div>
   <div class='ocr_carea' id='block_1_19' title="bbox 392 1712 2060 1807">
    <p class='ocr_par' dir='ltr' id='par_1_19' title="bbox 392 1712 2060 1807">
     <span class='ocr_line' id='line_1_19' title="bbox 392 1712 2060 1807; baseline 0.005 -41"><span class='ocrx_word' id='word_1_115' title='bbox 392 1732 505 1782; x_wconf 85' lang='grc' dir='ltr'>σαι,</span> <span class='ocrx_word' id='word_1_116' title='bbox 559 1712 787 1787; x_wconf 78' lang='grc' dir='ltr'>ἄμεινον</span> <span class='ocrx_word' id='word_1_117' title='bbox 853 1719 1077 1787; x_wconf 72' lang='grc' dir='ltr'>ποιήσει</span> <span class='ocrx_word' id='word_1_118' title='bbox 1138 1715 1286 1773; x_wconf 91' lang='grc' dir='ltr'>λύων</span> <span class='ocrx_word' id='word_1_119' title='bbox 1357 1718 1450 1775; x_wconf 89' lang='grc' dir='ltr'>τὸν</span> <span class='ocrx_word' id='word_1_120' title='bbox 1521 1718 1726 1793; x_wconf 67' lang='grc' dir='ltr'>γάμον,</span> <span class='ocrx_word' id='word_1_121' title='bbox 1793 1717 2060 1807; x_wconf 58' lang='grc' dir='ltr'>ἐπήγαγε,</span> 
     </span>
    </p>
   </div>
   <div class='ocr_carea' id='block_1_20' title="bbox 394 1801 2056 1883">
    <p class='ocr_par' dir='ltr' id='par_1_20' title="bbox 394 1801 2056 1883">
     <span class='ocr_line' id='line_1_20' title="bbox 394 1801 2056 1883; baseline 0.002 -21"><span class='ocrx_word' id='word_1_122' title='bbox 394 1807 486 1874; x_wconf 79' lang='grc' dir='ltr'>Μὴ</span> <span class='ocrx_word' id='word_1_123' title='bbox 555 1801 786 1879; x_wconf 72' lang='grc' dir='ltr'>γένοιτο.</span> <span class='ocrx_word' id='word_1_124' title='bbox 856 1809 1032 1865; x_wconf 74' lang='grc' dir='ltr'>Τοῦτο</span> <span class='ocrx_word' id='word_1_125' title='bbox 1097 1807 1199 1883; x_wconf 78' lang='grc' dir='ltr'>γὰρ</span> <span class='ocrx_word' id='word_1_126' title='bbox 1285 1805 1455 1879; x_wconf 79' lang='grc' dir='ltr'>δηλοῖ</span> <span class='ocrx_word' id='word_1_127' title='bbox 1519 1805 1608 1865; x_wconf 85' lang='grc' dir='ltr'>διὰ</span> <span class='ocrx_word' id='word_1_128' title='bbox 1699 1813 1796 1864; x_wconf 77' lang='grc' dir='ltr'>τοῦ</span> <span class='ocrx_word' id='word_1_129' title='bbox 1862 1801 2056 1883; x_wconf 73' lang='grc' dir='ltr'>εἰπεῖν,</span> 
     </span>
    </p>
   </div>
   <div class='ocr_carea' id='block_1_21' title="bbox 401 1891 2055 1973">
    <p class='ocr_par' dir='ltr' id='par_1_21' title="bbox 401 1891 2055 1973">
     <span class='ocr_line' id='line_1_21' title="bbox 401 1891 2055 1973; baseline 0.003 -26"><span class='ocrx_word' id='word_1_130' title='bbox 401 1917 423 1947; x_wconf 72' lang='grc' dir='ltr'>ι</span> <span class='ocrx_word' id='word_1_131' title='bbox 461 1891 678 1951; x_wconf 75' lang='grc' dir='ltr'>Δέδεσαι</span> <span class='ocrx_word' id='word_1_132' title='bbox 708 1904 944 1972; x_wconf 79' lang='grc' dir='ltr'>γυναικὶ,</span> <span class='ocrx_word' id='word_1_133' title='bbox 1001 1897 1081 1970; x_wconf 81' lang='grc' dir='ltr'>μή</span> <span class='ocrx_word' id='word_1_134' title='bbox 1144 1899 1295 1967; x_wconf 77' lang='grc' dir='ltr'>ζήτει</span> <span class='ocrx_word' id='word_1_135' title='bbox 1356 1897 1532 1957; x_wconf 80' lang='grc' dir='ltr'>λύσιν.</span> <span class='ocrx_word' id='word_1_136' title='bbox 1560 1919 1590 1956; x_wconf 68' lang='grc' dir='ltr'><strong><em>ι</em></strong></span> <span class='ocrx_word' id='word_1_137' title='bbox 1655 1896 1808 1955; x_wconf 81' lang='grc' dir='ltr'>Ἀλλ’</span> <span class='ocrx_word' id='word_1_138' title='bbox 1848 1896 2055 1973; x_wconf 82' lang='grc' dir='ltr'>ὥσπερ,</span> 
     </span>
    </p>
   </div>
   <div class='ocr_carea' id='block_1_22' title="bbox 2164 562 3805 643">
    <p class='ocr_par' dir='ltr' id='par_1_22' title="bbox 2164 562 3805 643">
     <span class='ocr_line' id='line_1_22' title="bbox 2164 562 3805 643; baseline 0.009 -24"><span class='ocrx_word' id='word_1_139' title='bbox 2164 562 2382 631; x_wconf 82' lang='lat' dir='ltr'>dicere,</span> <span class='ocrx_word' id='word_1_140' title='bbox 2415 580 2547 633; x_wconf 79' lang='lat' dir='ltr'>quae</span> <span class='ocrx_word' id='word_1_141' title='bbox 2577 565 2651 622; x_wconf 90' lang='lat' dir='ltr'>ab</span> <span class='ocrx_word' id='word_1_142' title='bbox 2683 566 3006 625; x_wconf 82' lang='lat' dir='ltr'>incredulis</span> <span class='ocrx_word' id='word_1_143' title='bbox 3050 570 3473 628; x_wconf 75' lang='lat' dir='ltr'>intendebatur</span> <span class='ocrx_word' id='word_1_144' title='bbox 3503 574 3805 643; x_wconf 81' lang='lat' dir='ltr'>fidelibus,</span> 
     </span>
    </p>
   </div>
   <div class='ocr_carea' id='block_1_23' title="bbox 2162 656 3805 731">
    <p class='ocr_par' dir='ltr' id='par_1_23' title="bbox 2162 656 3805 731">
     <span class='ocr_line' id='line_1_23' title="bbox 2162 656 3805 731; baseline 0.007 -24"><span class='ocrx_word' id='word_1_145' title='bbox 2162 658 2523 725; x_wconf 65' lang='lat' dir='ltr'>craterasque</span> <span class='ocrx_word' id='word_1_146' title='bbox 2546 656 2990 726; x_wconf 74' lang='lat' dir='ltr'>persecutiones</span> <span class='ocrx_word' id='word_1_147' title='bbox 3015 665 3072 714; x_wconf 88' lang='lat' dir='ltr'>et</span> <span class='ocrx_word' id='word_1_148' title='bbox 3090 659 3444 717; x_wconf 86' lang='lat' dir='ltr'>afﬂictiones</span> <span class='ocrx_word' id='word_1_149' title='bbox 3466 678 3612 731; x_wconf 88' lang='lat' dir='ltr'>quas</span> <span class='ocrx_word' id='word_1_150' title='bbox 3635 666 3805 719; x_wconf 88' lang='lat' dir='ltr'>susti-</span> 
     </span>
    </p>
   </div>
   <div class='ocr_carea' id='block_1_24' title="bbox 2163 740 3806 821">
    <p class='ocr_par' dir='ltr' id='par_1_24' title="bbox 2163 740 3806 821">
     <span class='ocr_line' id='line_1_24' title="bbox 2163 740 3806 821; baseline 0.007 -27"><span class='ocrx_word' id='word_1_151' title='bbox 2163 740 2405 798; x_wconf 88' lang='lat' dir='ltr'>nebant.</span> <span class='ocrx_word' id='word_1_152' title='bbox 2439 743 2582 801; x_wconf 85' lang='lat' dir='ltr'>Nam</span> <span class='ocrx_word' id='word_1_153' title='bbox 2613 760 2985 815; x_wconf 76' lang='lat' dir='ltr'>consequens</span> <span class='ocrx_word' id='word_1_154' title='bbox 3018 753 3143 804; x_wconf 89' lang='lat' dir='ltr'>erat</span> <span class='ocrx_word' id='word_1_155' title='bbox 3167 752 3234 805; x_wconf 90' lang='lat' dir='ltr'>ut</span> <span class='ocrx_word' id='word_1_156' title='bbox 3261 749 3373 805; x_wconf 88' lang='lat' dir='ltr'>hoc</span> <span class='ocrx_word' id='word_1_157' title='bbox 3405 756 3806 821; x_wconf 79' lang='lat' dir='ltr'>vocaretprm-</span> 
     </span>
    </p>
   </div>
   <div class='ocr_carea' id='block_1_25' title="bbox 2165 832 3809 901">
    <p class='ocr_par' dir='ltr' id='par_1_25' title="bbox 2165 832 3809 901">
     <span class='ocr_line' id='line_1_25' title="bbox 2165 832 3809 901; baseline 0.007 -16"><span class='ocrx_word' id='word_1_158' title='bbox 2165 836 2394 887; x_wconf 82' lang='lat' dir='ltr'>sentem</span> <span class='ocrx_word' id='word_1_159' title='bbox 2424 832 2857 889; x_wconf 80' lang='lat' dir='ltr'>necessitatem.</span> <span class='ocrx_word' id='word_1_160' title='bbox 2889 835 3032 891; x_wconf 85' lang='lat' dir='ltr'>Cum</span> <span class='ocrx_word' id='word_1_161' title='bbox 3065 836 3225 892; x_wconf 88' lang='lat' dir='ltr'>enim</span> <span class='ocrx_word' id='word_1_162' title='bbox 3253 836 3567 897; x_wconf 82' lang='lat' dir='ltr'>sublimem</span> <span class='ocrx_word' id='word_1_163' title='bbox 3600 856 3666 895; x_wconf 90' lang='lat' dir='ltr'>ac</span> <span class='ocrx_word' id='word_1_164' title='bbox 3694 856 3809 901; x_wconf 86' lang='lat' dir='ltr'>ma-</span> 
     </span>
    </p>
   </div>
   <div class='ocr_carea' id='block_1_26' title="bbox 2163 921 3807 993">
    <p class='ocr_par' dir='ltr' id='par_1_26' title="bbox 2163 921 3807 993">
     <span class='ocr_line' id='line_1_26' title="bbox 2163 921 3807 993; baseline 0.007 -20"><span class='ocrx_word' id='word_1_165' title='bbox 2163 936 2339 992; x_wconf 78' lang='lat' dir='ltr'>gnam</span> <span class='ocrx_word' id='word_1_166' title='bbox 2370 921 2653 979; x_wconf 86' lang='lat' dir='ltr'>voluisset</span> <span class='ocrx_word' id='word_1_167' title='bbox 2700 923 2932 983; x_wconf 84' lang='lat' dir='ltr'>tradere</span> <span class='ocrx_word' id='word_1_168' title='bbox 2980 925 3471 993; x_wconf 81' lang='lat' dir='ltr'>admonitionem,</span> <span class='ocrx_word' id='word_1_169' title='bbox 3514 929 3674 986; x_wconf 86' lang='lat' dir='ltr'>visus</span> <span class='ocrx_word' id='word_1_170' title='bbox 3719 936 3807 989; x_wconf 85' lang='lat' dir='ltr'>est</span> 
     </span>
    </p>
   </div>
   <div class='ocr_carea' id='block_1_27' title="bbox 2165 1010 3808 1087">
    <p class='ocr_par' dir='ltr' id='par_1_27' title="bbox 2165 1010 3808 1087">
     <span class='ocr_line' id='line_1_27' title="bbox 2165 1010 3808 1087; baseline 0.006 -22"><span class='ocrx_word' id='word_1_171' title='bbox 2165 1010 2330 1066; x_wconf 89' lang='lat' dir='ltr'>illam</span> <span class='ocrx_word' id='word_1_172' title='bbox 2348 1028 2416 1067; x_wconf 86' lang='lat' dir='ltr'>ex</span> <span class='ocrx_word' id='word_1_173' title='bbox 2436 1014 2718 1087; x_wconf 88' lang='lat' dir='ltr'>temporis</span> <span class='ocrx_word' id='word_1_174' title='bbox 2736 1013 3184 1072; x_wconf 82' lang='lat' dir='ltr'>circumstantia</span> <span class='ocrx_word' id='word_1_175' title='bbox 3204 1015 3515 1075; x_wconf 86' lang='lat' dir='ltr'>deducere.</span> <span class='ocrx_word' id='word_1_176' title='bbox 3540 1020 3697 1077; x_wconf 83' lang='lat' dir='ltr'>Bona</span> <span class='ocrx_word' id='word_1_177' title='bbox 3715 1037 3808 1076; x_wconf 83' lang='lat' dir='ltr'>res</span> 
     </span>
    </p>
   </div>
   <div class='ocr_carea' id='block_1_28' title="bbox 2164 1100 3810 1178">
    <p class='ocr_par' dir='ltr' id='par_1_28' title="bbox 2164 1100 3810 1178">
     <span class='ocr_line' id='line_1_28' title="bbox 2164 1100 3810 1178; baseline 0.006 -21"><span class='ocrx_word' id='word_1_178' title='bbox 2164 1100 2381 1172; x_wconf 85' lang='lat' dir='ltr'>inquit,</span> <span class='ocrx_word' id='word_1_179' title='bbox 2414 1108 2506 1159; x_wconf 87' lang='lat' dir='ltr'>est</span> <span class='ocrx_word' id='word_1_180' title='bbox 2534 1103 2836 1176; x_wconf 70' lang='lat' dir='ltr'>virginitas</span> <span class='ocrx_word' id='word_1_181' title='bbox 2866 1104 2941 1162; x_wconf 91' lang='lat' dir='ltr'>ob</span> <span class='ocrx_word' id='word_1_182' title='bbox 2975 1111 3332 1176; x_wconf 62' lang='lat' dir='ltr'>prensantem</span> <span class='ocrx_word' id='word_1_183' title='bbox 3365 1125 3600 1178; x_wconf 89' lang='lat' dir='ltr'>quoque</span> <span class='ocrx_word' id='word_1_184' title='bbox 3628 1110 3810 1167; x_wconf 53' lang='lat' dir='ltr'>afflic-</span> 
     </span>
    </p>
   </div>
   <div class='ocr_carea' id='block_1_29' title="bbox 2165 1190 3807 1269">
    <p class='ocr_par' dir='ltr' id='par_1_29' title="bbox 2165 1190 3807 1269">
     <span class='ocr_line' id='line_1_29' title="bbox 2165 1190 3807 1269; baseline 0.005 -25"><span class='ocrx_word' id='word_1_185' title='bbox 2165 1190 2393 1245; x_wconf 90' lang='lat' dir='ltr'>tionum</span> <span class='ocrx_word' id='word_1_186' title='bbox 2417 1191 2724 1263; x_wconf 87' lang='lat' dir='ltr'>impetum.</span> <span class='ocrx_word' id='word_1_187' title='bbox 2749 1195 2891 1249; x_wconf 81' lang='lat' dir='ltr'>Nam</span> <span class='ocrx_word' id='word_1_188' title='bbox 2909 1194 3144 1251; x_wconf 82' lang='lat' dir='ltr'>facilius</span> <span class='ocrx_word' id='word_1_189' title='bbox 3163 1201 3222 1248; x_wconf 91' lang='lat' dir='ltr'>et</span> <span class='ocrx_word' id='word_1_190' title='bbox 3241 1196 3369 1251; x_wconf 91' lang='lat' dir='ltr'>sine</span> <span class='ocrx_word' id='word_1_191' title='bbox 3391 1196 3807 1269; x_wconf 72' lang='lat' dir='ltr'>defatigatione</span> 
     </span>
    </p>
   </div>
   <div class='ocr_carea' id='block_1_30' title="bbox 2165 1278 3807 1359">
    <p class='ocr_par' dir='ltr' id='par_1_30' title="bbox 2165 1278 3807 1359">
     <span class='ocr_line' id='line_1_30' title="bbox 2165 1278 3807 1359; baseline 0.004 -25"><span class='ocrx_word' id='word_1_192' title='bbox 2165 1278 2323 1335; x_wconf 87' lang='lat' dir='ltr'>hunc</span> <span class='ocrx_word' id='word_1_193' title='bbox 2352 1280 2631 1349; x_wconf 82' lang='lat' dir='ltr'>feremus,</span> <span class='ocrx_word' id='word_1_194' title='bbox 2665 1298 2844 1352; x_wconf 86' lang='lat' dir='ltr'>quam</span> <span class='ocrx_word' id='word_1_195' title='bbox 2876 1283 2923 1338; x_wconf 88' lang='lat' dir='ltr'>si</span> <span class='ocrx_word' id='word_1_196' title='bbox 2956 1300 3170 1339; x_wconf 80' lang='lat' dir='ltr'>uxores</span> <span class='ocrx_word' id='word_1_197' title='bbox 3200 1300 3266 1341; x_wconf 86' lang='lat' dir='ltr'>ac</span> <span class='ocrx_word' id='word_1_198' title='bbox 3315 1285 3472 1341; x_wconf 81' lang='lat' dir='ltr'>ﬁlios</span> <span class='ocrx_word' id='word_1_199' title='bbox 3502 1287 3564 1343; x_wconf 89' lang='lat' dir='ltr'>in</span> <span class='ocrx_word' id='word_1_200' title='bbox 3606 1304 3807 1359; x_wconf 84' lang='lat' dir='ltr'>perse—</span> 
     </span>
    </p>
   </div>
   <div class='ocr_carea' id='block_1_31' title="bbox 2163 1368 3807 1444">
    <p class='ocr_par' dir='ltr' id='par_1_31' title="bbox 2163 1368 3807 1444">
     <span class='ocr_line' id='line_1_31' title="bbox 2163 1368 3807 1444; baseline 0.006 -22"><span class='ocrx_word' id='word_1_201' title='bbox 2163 1368 2990 1442; x_wconf 78' lang='lat' dir='ltr'>cutionibus,innutnerisque</span> <span class='ocrx_word' id='word_1_202' title='bbox 3011 1373 3268 1429; x_wconf 83' lang='lat' dir='ltr'>miseriis</span> <span class='ocrx_word' id='word_1_203' title='bbox 3291 1373 3606 1444; x_wconf 85' lang='lat' dir='ltr'>adjunclos</span> <span class='ocrx_word' id='word_1_204' title='bbox 3630 1374 3807 1431; x_wconf 88' lang='lat' dir='ltr'>habe-</span> 
     </span>
    </p>
   </div>
   <div class='ocr_carea' id='block_1_32' title="bbox 2166 1458 3808 1531">
    <p class='ocr_par' dir='ltr' id='par_1_32' title="bbox 2166 1458 3808 1531">
     <span class='ocr_line' id='line_1_32' title="bbox 2166 1458 3808 1531; baseline 0.005 -21"><span class='ocrx_word' id='word_1_205' title='bbox 2166 1473 2387 1514; x_wconf 80' lang='lat' dir='ltr'>remus.</span> <span class='ocrx_word' id='word_1_206' title='bbox 2421 1458 2747 1529; x_wconf 87' lang='lat' dir='ltr'>Siquidem.</span> <span class='ocrx_word' id='word_1_207' title='bbox 2781 1460 2969 1517; x_wconf 87' lang='lat' dir='ltr'>divisa</span> <span class='ocrx_word' id='word_1_208' title='bbox 2999 1461 3060 1515; x_wconf 91' lang='lat' dir='ltr'>in</span> <span class='ocrx_word' id='word_1_209' title='bbox 3092 1462 3282 1517; x_wconf 88' lang='lat' dir='ltr'>varios</span> <span class='ocrx_word' id='word_1_210' title='bbox 3311 1464 3557 1518; x_wconf 74' lang='lat' dir='ltr'>affectus</span> <span class='ocrx_word' id='word_1_211' title='bbox 3588 1465 3808 1531; x_wconf 90' lang='lat' dir='ltr'>anima,</span> 
     </span>
    </p>
   </div>
   <div class='ocr_carea' id='block_1_33' title="bbox 2165 1549 3812 1609">
    <p class='ocr_par' dir='ltr' id='par_1_33' title="bbox 2165 1549 3812 1609">
     <span class='ocr_line' id='line_1_33' title="bbox 2165 1549 3812 1609; baseline 0.004 -7"><span class='ocrx_word' id='word_1_212' title='bbox 2165 1562 2411 1603; x_wconf 86' lang='lat' dir='ltr'>necesse</span> <span class='ocrx_word' id='word_1_213' title='bbox 2439 1554 2529 1603; x_wconf 85' lang='lat' dir='ltr'>est</span> <span class='ocrx_word' id='word_1_214' title='bbox 2558 1554 2623 1603; x_wconf 91' lang='lat' dir='ltr'>ut</span> <span class='ocrx_word' id='word_1_215' title='bbox 2666 1549 2842 1604; x_wconf 81' lang='lat' dir='ltr'>homo</span> <span class='ocrx_word' id='word_1_216' title='bbox 2875 1550 2935 1604; x_wconf 91' lang='lat' dir='ltr'>in</span> <span class='ocrx_word' id='word_1_217' title='bbox 2986 1550 3147 1607; x_wconf 89' lang='lat' dir='ltr'>malo</span> <span class='ocrx_word' id='word_1_218' title='bbox 3187 1551 3545 1607; x_wconf 88' lang='lat' dir='ltr'>intolerabili</span> <span class='ocrx_word' id='word_1_219' title='bbox 3577 1552 3812 1609; x_wconf 83' lang='lat' dir='ltr'>demer-</span> 
     </span>
    </p>
   </div>
   <div class='ocr_carea' id='block_1_34' title="bbox 2163 1639 3806 1707">
    <p class='ocr_par' dir='ltr' id='par_1_34' title="bbox 2163 1639 3806 1707">
     <span class='ocr_line' id='line_1_34' title="bbox 2163 1639 3806 1707; baseline 0.005 -16"><span class='ocrx_word' id='word_1_220' title='bbox 2163 1641 2372 1707; x_wconf 78' lang='lat' dir='ltr'>gatur:</span> <span class='ocrx_word' id='word_1_221' title='bbox 2413 1653 2549 1693; x_wconf 91' lang='lat' dir='ltr'>cum</span> <span class='ocrx_word' id='word_1_222' title='bbox 2605 1643 2801 1695; x_wconf 85' lang='lat' dir='ltr'>tamen</span> <span class='ocrx_word' id='word_1_223' title='bbox 2854 1639 2904 1695; x_wconf 87' lang='lat' dir='ltr'>si</span> <span class='ocrx_word' id='word_1_224' title='bbox 2955 1639 3119 1695; x_wconf 86' lang='lat' dir='ltr'>solus</span> <span class='ocrx_word' id='word_1_225' title='bbox 3168 1646 3344 1707; x_wconf 86' lang='lat' dir='ltr'>esset,</span> <span class='ocrx_word' id='word_1_226' title='bbox 3395 1658 3504 1698; x_wconf 90' lang='lat' dir='ltr'>nec</span> <span class='ocrx_word' id='word_1_227' title='bbox 3551 1642 3806 1699; x_wconf 88' lang='lat' dir='ltr'>aliorum</span> 
     </span>
    </p>
   </div>
   <div class='ocr_carea' id='block_1_35' title="bbox 2167 1720 3813 1798">
    <p class='ocr_par' dir='ltr' id='par_1_35' title="bbox 2167 1720 3813 1798">
     <span class='ocr_line' id='line_1_35' title="bbox 2167 1720 3813 1798; baseline 0.005 -19"><span class='ocrx_word' id='word_1_228' title='bbox 2167 1741 2402 1795; x_wconf 87' lang='lat' dir='ltr'>quoque</span> <span class='ocrx_word' id='word_1_229' title='bbox 2434 1720 2979 1797; x_wconf 73' lang='lat' dir='ltr'>perturbationibus</span> <span class='ocrx_word' id='word_1_230' title='bbox 3011 1729 3497 1798; x_wconf 89' lang='lat' dir='ltr'>contunderetur,</span> <span class='ocrx_word' id='word_1_231' title='bbox 3530 1731 3699 1788; x_wconf 88' lang='lat' dir='ltr'>facile</span> <span class='ocrx_word' id='word_1_232' title='bbox 3723 1750 3813 1788; x_wconf 85' lang='lat' dir='ltr'>es-</span> 
     </span>
    </p>
   </div>
   <div class='ocr_carea' id='block_1_36' title="bbox 2091 1814 3810 1921">
    <p class='ocr_par' dir='ltr' id='par_1_36' title="bbox 2091 1814 3810 1921">
     <span class='ocr_line' id='line_1_36' title="bbox 2091 1814 3810 1921; baseline 0.004 -52"><span class='ocrx_word' id='word_1_233' title='bbox 2091 1856 2133 1921; x_wconf 76' lang='lat' dir='ltr'>B</span> <span class='ocrx_word' id='word_1_234' title='bbox 2166 1820 2254 1869; x_wconf 86' lang='lat' dir='ltr'>set</span> <span class='ocrx_word' id='word_1_235' title='bbox 2273 1814 2565 1872; x_wconf 89' lang='lat' dir='ltr'>malorum</span> <span class='ocrx_word' id='word_1_236' title='bbox 2586 1815 2836 1872; x_wconf 86' lang='lat' dir='ltr'>tolerare</span> <span class='ocrx_word' id='word_1_237' title='bbox 2857 1817 3200 1888; x_wconf 88' lang='lat' dir='ltr'>procellam.</span> <span class='ocrx_word' id='word_1_238' title='bbox 3227 1818 3448 1875; x_wconf 84' lang='lat' dir='ltr'>Deinde</span> <span class='ocrx_word' id='word_1_239' title='bbox 3472 1836 3545 1875; x_wconf 93' lang='lat' dir='ltr'>ne</span> <span class='ocrx_word' id='word_1_240' title='bbox 3567 1822 3701 1891; x_wconf 86' lang='lat' dir='ltr'>quis</span> <span class='ocrx_word' id='word_1_241' title='bbox 3718 1822 3810 1876; x_wconf 81' lang='lat' dir='ltr'>di-</span> 
     </span>
    </p>
   </div>
   <div class='ocr_carea' id='block_1_37' title="bbox 2166 1903 3807 1980">
    <p class='ocr_par' dir='ltr' id='par_1_37' title="bbox 2166 1903 3807 1980">
     <span class='ocr_line' id='line_1_37' title="bbox 2166 1903 3807 1980; baseline 0.005 -22"><span class='ocrx_word' id='word_1_242' title='bbox 2166 1907 2300 1958; x_wconf 87' lang='lat' dir='ltr'>cat:</span> <span class='ocrx_word' id='word_1_243' title='bbox 2335 1903 2516 1976; x_wconf 80' lang='lat' dir='ltr'>igitur</span> <span class='ocrx_word' id='word_1_244' title='bbox 2561 1905 2738 1961; x_wconf 89' lang='lat' dir='ltr'>etiam</span> <span class='ocrx_word' id='word_1_245' title='bbox 2768 1905 2819 1960; x_wconf 88' lang='lat' dir='ltr'>is</span> <span class='ocrx_word' id='word_1_246' title='bbox 2868 1906 2969 1977; x_wconf 90' lang='lat' dir='ltr'>qui</span> <span class='ocrx_word' id='word_1_247' title='bbox 3007 1924 3076 1961; x_wconf 89' lang='lat' dir='ltr'>eo</span> <span class='ocrx_word' id='word_1_248' title='bbox 3125 1908 3392 1978; x_wconf 81' lang='lat' dir='ltr'>pervenit</span> <span class='ocrx_word' id='word_1_249' title='bbox 3420 1914 3483 1963; x_wconf 90' lang='lat' dir='ltr'>ut</span> <span class='ocrx_word' id='word_1_250' title='bbox 3513 1910 3807 1980; x_wconf 87' lang='lat' dir='ltr'>particeps</span> 
     </span>
    </p>
   </div>
   <div class='ocr_carea' id='block_1_38' title="bbox 402 1982 2055 2069">
    <p class='ocr_par' dir='ltr' id='par_1_38' title="bbox 402 1982 2055 2069">
     <span class='ocr_line' id='line_1_38' title="bbox 402 1982 2055 2069; baseline 0.004 -30"><span class='ocrx_word' id='word_1_251' title='bbox 402 1983 592 2069; x_wconf 78' lang='grc' dir='ltr'>φησὶν,</span> <span class='ocrx_word' id='word_1_252' title='bbox 621 1985 650 2041; x_wconf 86' lang='grc' dir='ltr'>ὁ</span> <span class='ocrx_word' id='word_1_253' title='bbox 680 1982 962 2060; x_wconf 70' lang='grc' dir='ltr'>δεδεμένος</span> <span class='ocrx_word' id='word_1_254' title='bbox 1020 1987 1121 2045; x_wconf 77' lang='grc' dir='ltr'>οὐκ</span> <span class='ocrx_word' id='word_1_255' title='bbox 1178 1986 1389 2066; x_wconf 75' lang='grc' dir='ltr'>ὀφείλει</span> <span class='ocrx_word' id='word_1_256' title='bbox 1448 1984 1607 2045; x_wconf 78' lang='grc' dir='ltr'>λύσιν</span> <span class='ocrx_word' id='word_1_257' title='bbox 1646 1993 1848 2059; x_wconf 80' lang='grc' dir='ltr'>ζητεῖν,</span> <span class='ocrx_word' id='word_1_258' title='bbox 1880 1987 2055 2051; x_wconf 74' lang='grc' dir='ltr'>οὕτως</span> 
     </span>
    </p>
   </div>
   <div class='ocr_carea' id='block_1_39' title="bbox 2164 1982 3808 2069">
    <p class='ocr_par' dir='ltr' id='par_1_39' title="bbox 2164 1991 3808 2069">
     <span class='ocr_line' id='line_1_39' title="bbox 2164 1991 3808 2069; baseline 0.005 -23"><span class='ocrx_word' id='word_1_259' title='bbox 2164 1991 2284 2062; x_wconf 88' lang='lat' dir='ltr'>jam</span> <span class='ocrx_word' id='word_1_260' title='bbox 2317 1993 2393 2047; x_wconf 86' lang='lat' dir='ltr'>sit</span> <span class='ocrx_word' id='word_1_261' title='bbox 2414 1993 2695 2065; x_wconf 70' lang='lat' dir='ltr'>conjugii,</span> <span class='ocrx_word' id='word_1_262' title='bbox 2720 1994 2935 2049; x_wconf 89' lang='lat' dir='ltr'>melius</span> <span class='ocrx_word' id='word_1_263' title='bbox 2959 1995 3133 2050; x_wconf 85' lang='lat' dir='ltr'>faciet</span> <span class='ocrx_word' id='word_1_264' title='bbox 3164 1997 3211 2051; x_wconf 87' lang='lat' dir='ltr'>si</span> <span class='ocrx_word' id='word_1_265' title='bbox 3237 1996 3426 2053; x_wconf 89' lang='lat' dir='ltr'>solvat</span> <span class='ocrx_word' id='word_1_266' title='bbox 3444 1998 3575 2069; x_wconf 89' lang='lat' dir='ltr'>conj</span> <span class='ocrx_word' id='word_1_267' title='bbox 3588 1996 3808 2067; x_wconf 74' lang='lat' dir='ltr'>ugium,</span> 
     </span>
    </p>
   </div>
   <div class='ocr_carea' id='block_1_40' title="bbox 404 2068 2050 2152">
    <p class='ocr_par' dir='ltr' id='par_1_40' title="bbox 404 2068 2050 2152">
     <span class='ocr_line' id='line_1_40' title="bbox 404 2068 2050 2152; baseline 0.003 -27"><span class='ocrx_word' id='word_1_268' title='bbox 404 2068 531 2126; x_wconf 76' lang='grc' dir='ltr'>ούδέ</span> <span class='ocrx_word' id='word_1_269' title='bbox 586 2072 614 2126; x_wconf 87' lang='lat'>6</span> <span class='ocrx_word' id='word_1_270' title='bbox 672 2071 973 2146; x_wconf 67' lang='grc' dir='ltr'>λελυμένος</span> <span class='ocrx_word' id='word_1_271' title='bbox 1032 2072 1229 2147; x_wconf 84' lang='grc' dir='ltr'>δεσμὸν</span> <span class='ocrx_word' id='word_1_272' title='bbox 1289 2075 1461 2147; x_wconf 72' lang='grc' dir='ltr'>ἑαυτῷ</span> <span class='ocrx_word' id='word_1_273' title='bbox 1518 2073 1723 2152; x_wconf 78' lang='grc' dir='ltr'>ὀφείλει</span> <span class='ocrx_word' id='word_1_274' title='bbox 1763 2081 2050 2150; x_wconf 79' lang='grc' dir='ltr'>περινοεῖν.</span> 
     </span>
    </p>
   </div>
   <div class='ocr_carea' id='block_1_41' title="bbox 404 2158 2053 2240">
    <p class='ocr_par' dir='ltr' id='par_1_41' title="bbox 404 2158 2053 2240">
     <span class='ocr_line' id='line_1_41' title="bbox 404 2158 2053 2240; baseline -0.001 -21"><span class='ocrx_word' id='word_1_275' title='bbox 404 2163 483 2219; x_wconf 81' lang='grc' dir='ltr'>Ἰὸ</span> <span class='ocrx_word' id='word_1_276' title='bbox 537 2160 612 2230; x_wconf 71' lang='grc' dir='ltr'>δί,</span> <span class='ocrx_word' id='word_1_277' title='bbox 674 2162 991 2235; x_wconf 58' lang='lat' dir='ltr'>«Aiacem,</span> <span class='ocrx_word' id='word_1_278' title='bbox 1024 2189 1054 2217; x_wconf 83' lang='lat'><strong><em>»</em></strong></span> <span class='ocrx_word' id='word_1_279' title='bbox 1115 2162 1291 2240; x_wconf 84' lang='grc' dir='ltr'>διχῶς</span> <span class='ocrx_word' id='word_1_280' title='bbox 1349 2158 1489 2221; x_wconf 81' lang='grc' dir='ltr'>ἔστιν</span> <span class='ocrx_word' id='word_1_281' title='bbox 1545 2159 1815 2233; x_wconf 77' lang='grc' dir='ltr'>ἐκλαϐεῖν,</span> <span class='ocrx_word' id='word_1_282' title='bbox 1971 2164 2053 2218; x_wconf 83' lang='lat'>6&#39;1:</span> 
     </span>
    </p>
   </div>
   <div class='ocr_carea' id='block_1_42' title="bbox 397 2250 2053 2328">
    <p class='ocr_par' dir='ltr' id='par_1_42' title="bbox 397 2250 2053 2328">
     <span class='ocr_line' id='line_1_42' title="bbox 397 2250 2053 2328; baseline -0.001 -18"><span class='ocrx_word' id='word_1_283' title='bbox 397 2250 568 2310; x_wconf 75' lang='grc' dir='ltr'>υῦπω</span> <span class='ocrx_word' id='word_1_284' title='bbox 622 2251 768 2319; x_wconf 79' lang='grc' dir='ltr'>ὅλως</span> <span class='ocrx_word' id='word_1_285' title='bbox 826 2250 1038 2324; x_wconf 59' lang='lat' dir='ltr'>idiom,</span> <span class='ocrx_word' id='word_1_286' title='bbox 1081 2251 1119 2323; x_wconf 74' lang='grc' dir='ltr'>ἤ</span> <span class='ocrx_word' id='word_1_287' title='bbox 1165 2255 1249 2311; x_wconf 80' lang='grc' dir='ltr'>’ὁτι</span> <span class='ocrx_word' id='word_1_288' title='bbox 1308 2254 1498 2318; x_wconf 83' lang='grc' dir='ltr'>Λυθεὶς</span> <span class='ocrx_word' id='word_1_289' title='bbox 1530 2253 1623 2328; x_wconf 76' lang='grc' dir='ltr'>ἀφ’</span> <span class='ocrx_word' id='word_1_290' title='bbox 1653 2254 1715 2309; x_wconf 83' lang='grc' dir='ltr'>οὗ</span> <span class='ocrx_word' id='word_1_291' title='bbox 1747 2253 1930 2325; x_wconf 73' lang='grc' dir='ltr'>ἐδεοης</span> <span class='ocrx_word' id='word_1_292' title='bbox 1964 2251 2053 2310; x_wconf 86' lang='grc' dir='ltr'>δε-</span> 
     </span>
    </p>
   </div>
   <div class='ocr_carea' id='block_1_43' title="bbox 401 2340 2057 2420">
    <p class='ocr_par' dir='ltr' id='par_1_43' title="bbox 401 2340 2057 2420">
     <span class='ocr_line' id='line_1_43' title="bbox 401 2340 2057 2420; baseline 0.001 -24"><span class='ocrx_word' id='word_1_293' title='bbox 401 2346 566 2414; x_wconf 76' lang='grc' dir='ltr'>σμοῦ,</span> <span class='ocrx_word' id='word_1_294' title='bbox 601 2341 698 2401; x_wconf 77' lang='grc' dir='ltr'>οὐκ</span> <span class='ocrx_word' id='word_1_295' title='bbox 727 2340 967 2420; x_wconf 71' lang='grc' dir='ltr'>ὀφείλεις</span> <span class='ocrx_word' id='word_1_296' title='bbox 1007 2342 1168 2417; x_wconf 66' lang='grc' dir='ltr'>ἄλλῳ</span> <span class='ocrx_word' id='word_1_297' title='bbox 1217 2344 1469 2420; x_wconf 87' lang='grc' dir='ltr'>γυναικὸς</span> <span class='ocrx_word' id='word_1_298' title='bbox 1520 2341 1704 2417; x_wconf 77' lang='grc' dir='ltr'>δεσμῷ</span> <span class='ocrx_word' id='word_1_299' title='bbox 1734 2341 1899 2400; x_wconf 80' lang='grc' dir='ltr'>πάλιν</span> <span class='ocrx_word' id='word_1_300' title='bbox 1931 2364 2057 2399; x_wconf 89' lang='grc' dir='ltr'>συν-</span> 
     </span>
    </p>
   </div>
   <div class='ocr_carea' id='block_1_44' title="bbox 402 2430 2053 2507">
    <p class='ocr_par' dir='ltr' id='par_1_44' title="bbox 402 2430 2053 2507">
     <span class='ocr_line' id='line_1_44' title="bbox 402 2430 2053 2507; baseline -0.002 -18"><span class='ocrx_word' id='word_1_301' title='bbox 402 2431 645 2502; x_wconf 77' lang='grc' dir='ltr'>δεθῆναι.</span> <span class='ocrx_word' id='word_1_302' title='bbox 708 2455 736 2489; x_wconf 74' lang='grc' dir='ltr'>αι</span> <span class='ocrx_word' id='word_1_303' title='bbox 790 2434 880 2503; x_wconf 59' lang='lat' dir='ltr'>Mi]</span> <span class='ocrx_word' id='word_1_304' title='bbox 945 2434 1097 2503; x_wconf 76' lang='grc' dir='ltr'>ζήτει</span> <span class='ocrx_word' id='word_1_305' title='bbox 1156 2431 1312 2491; x_wconf 78' lang='grc' dir='ltr'>λύσιν</span> <span class='ocrx_word' id='word_1_306' title='bbox 1392 2457 1414 2486; x_wconf 82' lang='grc' dir='ltr'>ε</span> <span class='ocrx_word' id='word_1_307' title='bbox 1473 2430 1696 2501; x_wconf 79' lang='grc' dir='ltr'>Ἐπειδή</span> <span class='ocrx_word' id='word_1_308' title='bbox 1759 2434 1873 2491; x_wconf 76' lang='grc' dir='ltr'>εἷπε</span> <span class='ocrx_word' id='word_1_309' title='bbox 1929 2433 2053 2507; x_wconf 80' lang='grc' dir='ltr'>περὶ</span> 
     </span>
    </p>
   </div>
   <div class='ocr_carea' id='block_1_45' title="bbox 396 2517 2054 2596">
    <p class='ocr_par' dir='ltr' id='par_1_45' title="bbox 396 2517 2054 2596">
     <span class='ocr_line' id='line_1_45' title="bbox 396 2517 2054 2596; baseline -0.001 -19"><span class='ocrx_word' id='word_1_310' title='bbox 396 2520 710 2596; x_wconf 75' lang='grc' dir='ltr'>παρθενίας,</span> <span class='ocrx_word' id='word_1_311' title='bbox 769 2517 1031 2583; x_wconf 78' lang='grc' dir='ltr'>δεδοικὼς</span> <span class='ocrx_word' id='word_1_312' title='bbox 1088 2520 1284 2581; x_wconf 79' lang='grc' dir='ltr'>αὐτοὺς</span> <span class='ocrx_word' id='word_1_313' title='bbox 1340 2521 1417 2583; x_wconf 81' lang='grc' dir='ltr'>ὡς</span> <span class='ocrx_word' id='word_1_314' title='bbox 1475 2520 1833 2596; x_wconf 74' lang='grc' dir='ltr'>ἀστηρίκτους</span> <span class='ocrx_word' id='word_1_315' title='bbox 1891 2524 1970 2595; x_wconf 70' lang='grc' dir='ltr'>μή</span> <span class='ocrx_word' id='word_1_316' title='bbox 2002 2541 2054 2576; x_wconf 86' lang='grc' dir='ltr'>τι</span> 
     </span>
    </p>
   </div>
   <div class='ocr_carea' id='block_1_46' title="bbox 398 2604 2054 2686">
    <p class='ocr_par' dir='ltr' id='par_1_46' title="bbox 398 2604 2054 2686">
     <span class='ocr_line' id='line_1_46' title="bbox 398 2604 2054 2686; baseline 0 -22"><span class='ocrx_word' id='word_1_317' title='bbox 398 2604 773 2686; x_wconf 76' lang='grc' dir='ltr'>θορυϐηθῶσι,</span> <span class='ocrx_word' id='word_1_318' title='bbox 827 2609 1105 2686; x_wconf 85' lang='grc' dir='ltr'>συντρίχει</span> <span class='ocrx_word' id='word_1_319' title='bbox 1161 2610 1255 2664; x_wconf 88' lang='grc' dir='ltr'>τὸν</span> <span class='ocrx_word' id='word_1_320' title='bbox 1314 2610 1516 2685; x_wconf 80' lang='grc' dir='ltr'>γάμον.</span> <span class='ocrx_word' id='word_1_321' title='bbox 1575 2606 1800 2681; x_wconf 69' lang='grc' dir='ltr'>Συνᾷδει</span> <span class='ocrx_word' id='word_1_322' title='bbox 1848 2607 1907 2669; x_wconf 69' lang='grc' dir='ltr'>δὲ</span> <span class='ocrx_word' id='word_1_323' title='bbox 1935 2615 2054 2672; x_wconf 85' lang='grc' dir='ltr'>τοῖς</span> 
     </span>
    </p>
   </div>
   <div class='ocr_carea' id='block_1_47' title="bbox 397 2695 2057 2775">
    <p class='ocr_par' dir='ltr' id='par_1_47' title="bbox 397 2695 2057 2775">
     <span class='ocr_line' id='line_1_47' title="bbox 397 2695 2057 2775; baseline -0.001 -20"><span class='ocrx_word' id='word_1_324' title='bbox 397 2697 512 2757; x_wconf 79' lang='grc' dir='ltr'>ἅνω</span> <span class='ocrx_word' id='word_1_325' title='bbox 562 2695 896 2773; x_wconf 75' lang='grc' dir='ltr'>είρημένοις.</span> <span class='ocrx_word' id='word_1_326' title='bbox 983 2699 1148 2757; x_wconf 84' lang='grc' dir='ltr'>Λύσιν</span> <span class='ocrx_word' id='word_1_327' title='bbox 1227 2699 1331 2775; x_wconf 75' lang='grc' dir='ltr'>γὰρ</span> <span class='ocrx_word' id='word_1_328' title='bbox 1411 2697 1656 2769; x_wconf 75' lang='grc' dir='ltr'>ἐνταῦθα,</span> <span class='ocrx_word' id='word_1_329' title='bbox 1717 2699 1779 2754; x_wconf 83' lang='grc' dir='ltr'>ού</span> <span class='ocrx_word' id='word_1_330' title='bbox 1838 2706 1935 2769; x_wconf 78' lang='grc' dir='ltr'>τῆν</span> <span class='ocrx_word' id='word_1_331' title='bbox 1995 2698 2057 2755; x_wconf 82' lang='grc' dir='ltr'>ἐκ</span> 
     </span>
    </p>
   </div>
   <div class='ocr_carea' id='block_1_48' title="bbox 401 2786 2052 2865">
    <p class='ocr_par' dir='ltr' id='par_1_48' title="bbox 401 2786 2052 2865">
     <span class='ocr_line' id='line_1_48' title="bbox 401 2786 2052 2865; baseline 0 -23"><span class='ocrx_word' id='word_1_332' title='bbox 401 2788 721 2864; x_wconf 71' lang='grc' dir='ltr'>συμφωνίας</span> <span class='ocrx_word' id='word_1_333' title='bbox 772 2787 997 2865; x_wconf 75' lang='grc' dir='ltr'>ἆποχήν</span> <span class='ocrx_word' id='word_1_334' title='bbox 1074 2794 1177 2860; x_wconf 81' lang='grc' dir='ltr'>τῆς</span> <span class='ocrx_word' id='word_1_335' title='bbox 1262 2788 1459 2861; x_wconf 76' lang='grc' dir='ltr'>μίξεως</span> <span class='ocrx_word' id='word_1_336' title='bbox 1527 2786 1693 2863; x_wconf 75' lang='grc' dir='ltr'>λέγει,</span> <span class='ocrx_word' id='word_1_337' title='bbox 1752 2787 1901 2845; x_wconf 80' lang='grc' dir='ltr'>ἀλλὰ</span> <span class='ocrx_word' id='word_1_338' title='bbox 1953 2789 2052 2859; x_wconf 79' lang='grc' dir='ltr'>τήν</span> 
     </span>
    </p>
   </div>
   <div class='ocr_carea' id='block_1_49' title="bbox 396 2875 2052 2954">
    <p class='ocr_par' dir='ltr' id='par_1_49' title="bbox 396 2875 2052 2954">
     <span class='ocr_line' id='line_1_49' title="bbox 396 2875 2052 2954; baseline 0 -20"><span class='ocrx_word' id='word_1_339' title='bbox 396 2878 546 2952; x_wconf 72' lang='grc' dir='ltr'>παρᾶ</span> <span class='ocrx_word' id='word_1_340' title='bbox 601 2878 829 2952; x_wconf 73' lang='grc' dir='ltr'>γνώμην</span> <span class='ocrx_word' id='word_1_341' title='bbox 888 2878 979 2937; x_wconf 80' lang='grc' dir='ltr'>καί</span> <span class='ocrx_word' id='word_1_342' title='bbox 1046 2876 1173 2936; x_wconf 73' lang='grc' dir='ltr'>ἄνευ</span> <span class='ocrx_word' id='word_1_343' title='bbox 1248 2876 1416 2954; x_wconf 83' lang='grc' dir='ltr'>λόγου</span> <span class='ocrx_word' id='word_1_344' title='bbox 1471 2879 1748 2954; x_wconf 80' lang='grc' dir='ltr'>πορνείας,</span> <span class='ocrx_word' id='word_1_345' title='bbox 1807 2875 2052 2935; x_wconf 81' lang='grc' dir='ltr'>διάλυσιν</span> 
     </span>
    </p>
   </div>
   <div class='ocr_carea' id='block_1_50' title="bbox 393 2964 2053 3043">
    <p class='ocr_par' dir='ltr' id='par_1_50' title="bbox 393 2964 2053 3043">
     <span class='ocr_line' id='line_1_50' title="bbox 393 2964 2053 3043; baseline -0.002 -19"><span class='ocrx_word' id='word_1_346' title='bbox 393 2972 495 3024; x_wconf 83' lang='grc' dir='ltr'>τοῦ</span> <span class='ocrx_word' id='word_1_347' title='bbox 548 2966 1025 3042; x_wconf 75' lang='grc' dir='ltr'>συναλλάγματος·</span> <span class='ocrx_word' id='word_1_348' title='bbox 1085 2967 1148 3023; x_wconf 85' lang='grc' dir='ltr'>τὸ</span> <span class='ocrx_word' id='word_1_349' title='bbox 1207 2964 1286 3041; x_wconf 70' lang='grc' dir='ltr'>δὶ,</span> <span class='ocrx_word' id='word_1_350' title='bbox 1348 2969 1607 3041; x_wconf 65' lang='grc' dir='ltr'>μένοντος</span> <span class='ocrx_word' id='word_1_351' title='bbox 1657 2971 1755 3023; x_wconf 78' lang='grc' dir='ltr'>τοῦ</span> <span class='ocrx_word' id='word_1_352' title='bbox 1793 2965 2053 3043; x_wconf 79' lang='grc' dir='ltr'>ἀνδρογύ-</span> 
     </span>
    </p>
   </div>
   <div class='ocr_carea' id='block_1_51' title="bbox 394 3055 2052 3132">
    <p class='ocr_par' dir='ltr' id='par_1_51' title="bbox 394 3055 2052 3132">
     <span class='ocr_line' id='line_1_51' title="bbox 394 3055 2052 3132; baseline 0.004 -20"><span class='ocrx_word' id='word_1_353' title='bbox 394 3077 492 3113; x_wconf 86' lang='grc' dir='ltr'>νου</span> <span class='ocrx_word' id='word_1_354' title='bbox 560 3057 918 3131; x_wconf 81' lang='grc' dir='ltr'>παρθενεύειν,</span> <span class='ocrx_word' id='word_1_355' title='bbox 983 3056 1177 3117; x_wconf 85' lang='grc' dir='ltr'>καλόν.</span> <span class='ocrx_word' id='word_1_356' title='bbox 1249 3082 1278 3111; x_wconf 80' lang='grc' dir='ltr'>α</span> <span class='ocrx_word' id='word_1_357' title='bbox 1313 3058 1434 3116; x_wconf 79' lang='grc' dir='ltr'>Ἐὰν</span> <span class='ocrx_word' id='word_1_358' title='bbox 1504 3055 1563 3114; x_wconf 63' lang='grc' dir='ltr'>δὲ</span> <span class='ocrx_word' id='word_1_359' title='bbox 1627 3058 1719 3117; x_wconf 84' lang='grc' dir='ltr'>καὶ</span> <span class='ocrx_word' id='word_1_360' title='bbox 1781 3059 1987 3132; x_wconf 77' lang='grc' dir='ltr'>γήμῃς.</span> <span class='ocrx_word' id='word_1_361' title='bbox 2024 3080 2052 3107; x_wconf 74' lang='grc'><strong>&gt;&gt;</strong></span> 
     </span>
    </p>
   </div>
   <div class='ocr_carea' id='block_1_52' title="bbox 2166 2081 3805 2158">
    <p class='ocr_par' dir='ltr' id='par_1_52' title="bbox 2166 2081 3805 2158">
     <span class='ocr_line' id='line_1_52' title="bbox 2166 2081 3805 2158; baseline 0.005 -23"><span class='ocrx_word' id='word_1_362' title='bbox 2166 2081 2509 2155; x_wconf 81' lang='lat' dir='ltr'>subjungit:</span> <span class='ocrx_word' id='word_1_363' title='bbox 2545 2085 2926 2155; x_wconf 85' lang='lat' dir='ltr'>Nequaquam</span> <span class='ocrx_word' id='word_1_364' title='bbox 2954 2102 2967 2149; x_wconf 90' lang='lat'><strong>;</strong></span> <span class='ocrx_word' id='word_1_365' title='bbox 3001 2086 3112 2140; x_wconf 90' lang='lat' dir='ltr'>hoc</span> <span class='ocrx_word' id='word_1_366' title='bbox 3157 2087 3315 2141; x_wconf 91' lang='lat' dir='ltr'>enim</span> <span class='ocrx_word' id='word_1_367' title='bbox 3349 2087 3642 2158; x_wconf 75' lang='lat' dir='ltr'>signiﬁcat</span> <span class='ocrx_word' id='word_1_368' title='bbox 3671 2105 3805 2143; x_wconf 90' lang='lat' dir='ltr'>cum</span> 
     </span>
    </p>
   </div>
   <div class='ocr_carea' id='block_1_53' title="bbox 2164 2170 3806 2246">
    <p class='ocr_par' dir='ltr' id='par_1_53' title="bbox 2164 2170 3806 2246">
     <span class='ocr_line' id='line_1_53' title="bbox 2164 2170 3806 2246; baseline 0.004 -21"><span class='ocrx_word' id='word_1_369' title='bbox 2164 2170 2345 2226; x_wconf 89' lang='lat' dir='ltr'>dicit:</span> <span class='ocrx_word' id='word_1_370' title='bbox 2394 2194 2423 2223; x_wconf 78' lang='grc' dir='ltr'>ιι</span> <span class='ocrx_word' id='word_1_371' title='bbox 2473 2172 2762 2243; x_wconf 80' lang='lat' dir='ltr'>Alligatus</span> <span class='ocrx_word' id='word_1_372' title='bbox 2812 2190 2873 2229; x_wconf 89' lang='lat' dir='ltr'>es</span> <span class='ocrx_word' id='word_1_373' title='bbox 2922 2175 3110 2241; x_wconf 87' lang='lat' dir='ltr'>uxori,</span> <span class='ocrx_word' id='word_1_374' title='bbox 3161 2192 3236 2230; x_wconf 91' lang='lat' dir='ltr'>ne</span> <span class='ocrx_word' id='word_1_375' title='bbox 3285 2191 3517 2246; x_wconf 70' lang='lat' dir='ltr'>quaaras</span> <span class='ocrx_word' id='word_1_376' title='bbox 3558 2176 3806 2233; x_wconf 88' lang='lat' dir='ltr'>solutio-</span> 
     </span>
    </p>
   </div>
   <div class='ocr_carea' id='block_1_54' title="bbox 2163 2260 3808 2336">
    <p class='ocr_par' dir='ltr' id='par_1_54' title="bbox 2163 2260 3808 2336">
     <span class='ocr_line' id='line_1_54' title="bbox 2163 2260 3808 2336; baseline 0.003 -21"><span class='ocrx_word' id='word_1_377' title='bbox 2163 2276 2324 2316; x_wconf 90' lang='lat' dir='ltr'>nem.</span> <span class='ocrx_word' id='word_1_378' title='bbox 2359 2283 2387 2311; x_wconf 80' lang='lat'><em>»</em></span> <span class='ocrx_word' id='word_1_379' title='bbox 2420 2262 2533 2318; x_wconf 90' lang='lat' dir='ltr'>Sed</span> <span class='ocrx_word' id='word_1_380' title='bbox 2563 2260 3087 2333; x_wconf 80' lang='lat' dir='ltr'>quemadmodum,</span> <span class='ocrx_word' id='word_1_381' title='bbox 3121 2263 3338 2333; x_wconf 86' lang='lat' dir='ltr'>inquit,</span> <span class='ocrx_word' id='word_1_382' title='bbox 3386 2264 3487 2334; x_wconf 89' lang='lat' dir='ltr'>qui</span> <span class='ocrx_word' id='word_1_383' title='bbox 3531 2265 3808 2336; x_wconf 70' lang='lat' dir='ltr'>alligatus</span> 
     </span>
    </p>
   </div>
   <div class='ocr_carea' id='block_1_55' title="bbox 2165 2350 3811 2423">
    <p class='ocr_par' dir='ltr' id='par_1_55' title="bbox 2165 2350 3811 2423">
     <span class='ocr_line' id='line_1_55' title="bbox 2165 2350 3811 2423; baseline 0.003 -19"><span class='ocrx_word' id='word_1_384' title='bbox 2165 2354 2254 2405; x_wconf 89' lang='lat' dir='ltr'>est</span> <span class='ocrx_word' id='word_1_385' title='bbox 2286 2366 2406 2407; x_wconf 89' lang='lat' dir='ltr'>non</span> <span class='ocrx_word' id='word_1_386' title='bbox 2437 2350 2615 2406; x_wconf 89' lang='lat' dir='ltr'>debet</span> <span class='ocrx_word' id='word_1_387' title='bbox 2644 2367 2912 2421; x_wconf 73' lang='lat' dir='ltr'>qumrere</span> <span class='ocrx_word' id='word_1_388' title='bbox 2943 2351 3415 2419; x_wconf 85' lang='lat' dir='ltr'>solutionem,ita</span> <span class='ocrx_word' id='word_1_389' title='bbox 3445 2353 3494 2407; x_wconf 88' lang='lat' dir='ltr'>is</span> <span class='ocrx_word' id='word_1_390' title='bbox 3518 2353 3619 2423; x_wconf 89' lang='lat' dir='ltr'>qui</span> <span class='ocrx_word' id='word_1_391' title='bbox 3652 2353 3811 2409; x_wconf 87' lang='lat' dir='ltr'>solu-</span> 
     </span>
    </p>
   </div>
   <div class='ocr_carea' id='block_1_56' title="bbox 2164 2438 3814 2512">
    <p class='ocr_par' dir='ltr' id='par_1_56' title="bbox 2164 2438 3814 2512">
     <span class='ocr_line' id='line_1_56' title="bbox 2164 2438 3814 2512; baseline 0.002 -17"><span class='ocrx_word' id='word_1_392' title='bbox 2164 2443 2259 2495; x_wconf 90' lang='lat' dir='ltr'>tus</span> <span class='ocrx_word' id='word_1_393' title='bbox 2291 2444 2382 2494; x_wconf 91' lang='lat' dir='ltr'>est</span> <span class='ocrx_word' id='word_1_394' title='bbox 2410 2455 2532 2497; x_wconf 90' lang='lat' dir='ltr'>non</span> <span class='ocrx_word' id='word_1_395' title='bbox 2561 2438 2741 2495; x_wconf 87' lang='lat' dir='ltr'>debet</span> <span class='ocrx_word' id='word_1_396' title='bbox 2767 2439 2880 2494; x_wconf 88' lang='lat' dir='ltr'>sibi</span> <span class='ocrx_word' id='word_1_397' title='bbox 2913 2440 3029 2512; x_wconf 86' lang='lat' dir='ltr'>ipsi</span> <span class='ocrx_word' id='word_1_398' title='bbox 3051 2440 3353 2499; x_wconf 86' lang='lat' dir='ltr'>vinculum</span> <span class='ocrx_word' id='word_1_399' title='bbox 3384 2440 3679 2498; x_wconf 81' lang='lat' dir='ltr'>adducere</span> <span class='ocrx_word' id='word_1_400' title='bbox 3711 2447 3814 2499; x_wconf 88' lang='lat' dir='ltr'>aut</span> 
     </span>
    </p>
   </div>
   <div class='ocr_carea' id='block_1_57' title="bbox 2165 2528 3812 2597">
    <p class='ocr_par' dir='ltr' id='par_1_57' title="bbox 2165 2528 3812 2597">
     <span class='ocr_line' id='line_1_57' title="bbox 2165 2528 3812 2597; baseline 0.001 -12"><span class='ocrx_word' id='word_1_401' title='bbox 2165 2528 2560 2585; x_wconf 88' lang='lat' dir='ltr'>comminisci.</span> <span class='ocrx_word' id='word_1_402' title='bbox 2593 2528 2761 2593; x_wconf 88' lang='lat' dir='ltr'>Quod</span> <span class='ocrx_word' id='word_1_403' title='bbox 2803 2534 3006 2587; x_wconf 83' lang='lat' dir='ltr'>autem</span> <span class='ocrx_word' id='word_1_404' title='bbox 3035 2528 3120 2585; x_wconf 89' lang='lat' dir='ltr'>ait</span> <span class='ocrx_word' id='word_1_405' title='bbox 3147 2546 3160 2583; x_wconf 89' lang='lat'>:</span> <span class='ocrx_word' id='word_1_406' title='bbox 3200 2554 3219 2577; x_wconf 82' lang='grc' dir='ltr'>ι</span> <span class='ocrx_word' id='word_1_407' title='bbox 3257 2528 3497 2589; x_wconf 87' lang='lat' dir='ltr'>Solutus</span> <span class='ocrx_word' id='word_1_408' title='bbox 3529 2546 3612 2597; x_wconf 89' lang='lat' dir='ltr'>es,</span> <span class='ocrx_word' id='word_1_409' title='bbox 3644 2554 3672 2581; x_wconf 85' lang='grc'>››</span> <span class='ocrx_word' id='word_1_410' title='bbox 3705 2531 3812 2587; x_wconf 88' lang='lat' dir='ltr'>du-</span> 
     </span>
    </p>
   </div>
   <div class='ocr_carea' id='block_1_58' title="bbox 2164 2617 3812 2693">
    <p class='ocr_par' dir='ltr' id='par_1_58' title="bbox 2164 2617 3812 2693">
     <span class='ocr_line' id='line_1_58' title="bbox 2164 2617 3812 2693; baseline 0.003 -21"><span class='ocrx_word' id='word_1_411' title='bbox 2164 2618 2398 2690; x_wconf 89' lang='lat' dir='ltr'>pliciter</span> <span class='ocrx_word' id='word_1_412' title='bbox 2428 2622 2622 2690; x_wconf 88' lang='lat' dir='ltr'>potest</span> <span class='ocrx_word' id='word_1_413' title='bbox 2650 2617 2942 2690; x_wconf 82' lang='lat' dir='ltr'>intelligi:</span> <span class='ocrx_word' id='word_1_414' title='bbox 2975 2618 3069 2675; x_wconf 87' lang='lat' dir='ltr'>vel</span> <span class='ocrx_word' id='word_1_415' title='bbox 3110 2619 3250 2689; x_wconf 87' lang='lat' dir='ltr'>quia</span> <span class='ocrx_word' id='word_1_416' title='bbox 3298 2619 3563 2678; x_wconf 83' lang='lat' dir='ltr'>nondum</span> <span class='ocrx_word' id='word_1_417' title='bbox 3597 2621 3812 2693; x_wconf 81' lang='lat' dir='ltr'>ligatus</span> 
     </span>
    </p>
   </div>
   <div class='ocr_carea' id='block_1_59' title="bbox 2165 2706 3809 2779">
    <p class='ocr_par' dir='ltr' id='par_1_59' title="bbox 2165 2706 3809 2779">
     <span class='ocr_line' id='line_1_59' title="bbox 2165 2706 3809 2779; baseline 0 -14"><span class='ocrx_word' id='word_1_418' title='bbox 2165 2724 2427 2779; x_wconf 84' lang='lat' dir='ltr'>unquam</span> <span class='ocrx_word' id='word_1_419' title='bbox 2460 2706 2645 2773; x_wconf 88' lang='lat' dir='ltr'>fuisti,</span> <span class='ocrx_word' id='word_1_420' title='bbox 2677 2706 2766 2763; x_wconf 87' lang='lat' dir='ltr'>vel</span> <span class='ocrx_word' id='word_1_421' title='bbox 2806 2706 2946 2777; x_wconf 88' lang='lat' dir='ltr'>quia</span> <span class='ocrx_word' id='word_1_422' title='bbox 2987 2707 3218 2764; x_wconf 89' lang='lat' dir='ltr'>solutus</span> <span class='ocrx_word' id='word_1_423' title='bbox 3249 2724 3310 2762; x_wconf 90' lang='lat' dir='ltr'>es</span> <span class='ocrx_word' id='word_1_424' title='bbox 3344 2725 3379 2763; x_wconf 92' lang='lat' dir='ltr'>a</span> <span class='ocrx_word' id='word_1_425' title='bbox 3425 2709 3658 2764; x_wconf 88' lang='lat' dir='ltr'>vinculo</span> <span class='ocrx_word' id='word_1_426' title='bbox 3692 2727 3809 2779; x_wconf 89' lang='lat' dir='ltr'>quo</span> 
     </span>
    </p>
   </div>
   <div class='ocr_carea' id='block_1_60' title="bbox 2164 2795 3809 2868">
    <p class='ocr_par' dir='ltr' id='par_1_60' title="bbox 2164 2795 3809 2868">
     <span class='ocr_line' id='line_1_60' title="bbox 2164 2795 3809 2868; baseline 0.001 -17"><span class='ocrx_word' id='word_1_427' title='bbox 2164 2796 2377 2868; x_wconf 74' lang='lat' dir='ltr'>ligatus</span> <span class='ocrx_word' id='word_1_428' title='bbox 2406 2812 2583 2853; x_wconf 86' lang='lat' dir='ltr'>eras:</span> <span class='ocrx_word' id='word_1_429' title='bbox 2616 2812 2738 2852; x_wconf 90' lang='lat' dir='ltr'>non</span> <span class='ocrx_word' id='word_1_430' title='bbox 2787 2795 2968 2853; x_wconf 89' lang='lat' dir='ltr'>debes</span> <span class='ocrx_word' id='word_1_431' title='bbox 3012 2812 3148 2867; x_wconf 79' lang='lat' dir='ltr'>ergo</span> <span class='ocrx_word' id='word_1_432' title='bbox 3198 2796 3409 2852; x_wconf 87' lang='lat' dir='ltr'>iterato</span> <span class='ocrx_word' id='word_1_433' title='bbox 3449 2797 3650 2853; x_wconf 85' lang='lat' dir='ltr'>uxoris</span> <span class='ocrx_word' id='word_1_434' title='bbox 3680 2798 3809 2853; x_wconf 89' lang='lat' dir='ltr'>vin-</span> 
     </span>
    </p>
   </div>
   <div class='ocr_carea' id='block_1_61' title="bbox 2165 2884 3809 2958">
    <p class='ocr_par' dir='ltr' id='par_1_61' title="bbox 2165 2884 3809 2958">
     <span class='ocr_line' id='line_1_61' title="bbox 2165 2884 3809 2958; baseline 0 -16"><span class='ocrx_word' id='word_1_435' title='bbox 2165 2886 2297 2942; x_wconf 92' lang='lat' dir='ltr'>culo</span> <span class='ocrx_word' id='word_1_436' title='bbox 2328 2885 2616 2958; x_wconf 79' lang='lat' dir='ltr'>colligari.</span> <span class='ocrx_word' id='word_1_437' title='bbox 2641 2907 2669 2936; x_wconf 79' lang='grc' dir='ltr'>α</span> <span class='ocrx_word' id='word_1_438' title='bbox 2694 2886 2774 2940; x_wconf 89' lang='lat' dir='ltr'>Ne</span> <span class='ocrx_word' id='word_1_439' title='bbox 2796 2900 3028 2956; x_wconf 64' lang='lat' dir='ltr'>quaeras</span> <span class='ocrx_word' id='word_1_440' title='bbox 3060 2884 3437 2941; x_wconf 87' lang='lat' dir='ltr'>solutionem.</span> <span class='ocrx_word' id='word_1_441' title='bbox 3467 2908 3496 2936; x_wconf 76' lang='grc' dir='ltr'><em>η</em></span> <span class='ocrx_word' id='word_1_442' title='bbox 3518 2886 3809 2950; x_wconf 84' lang='lat' dir='ltr'>Quoniam</span> 
     </span>
    </p>
   </div>
   <div class='ocr_carea' id='block_1_62' title="bbox 2164 2974 3809 3047">
    <p class='ocr_par' dir='ltr' id='par_1_62' title="bbox 2164 2974 3809 3047">
     <span class='ocr_line' id='line_1_62' title="bbox 2164 2974 3809 3047; baseline 0 -15"><span class='ocrx_word' id='word_1_443' title='bbox 2164 2974 2236 3035; x_wconf 88' lang='lat' dir='ltr'>de</span> <span class='ocrx_word' id='word_1_444' title='bbox 2264 2976 2595 3046; x_wconf 77' lang='lat' dir='ltr'>virginitate</span> <span class='ocrx_word' id='word_1_445' title='bbox 2626 2974 2858 3031; x_wconf 85' lang='lat' dir='ltr'>locutus</span> <span class='ocrx_word' id='word_1_446' title='bbox 2883 2979 3030 3040; x_wconf 85' lang='lat' dir='ltr'>erat,</span> <span class='ocrx_word' id='word_1_447' title='bbox 3056 2975 3277 3030; x_wconf 87' lang='lat' dir='ltr'>veritus</span> <span class='ocrx_word' id='word_1_448' title='bbox 3300 2991 3375 3029; x_wconf 88' lang='lat' dir='ltr'>ne</span> <span class='ocrx_word' id='word_1_449' title='bbox 3402 2974 3488 3031; x_wconf 89' lang='lat' dir='ltr'>illi</span> <span class='ocrx_word' id='word_1_450' title='bbox 3523 2981 3809 3047; x_wconf 86' lang='lat' dir='ltr'>tanquam</span> 
     </span>
    </p>
   </div>
   <div class='ocr_carea' id='block_1_63' title="bbox 2162 3058 3811 3129">
    <p class='ocr_par' dir='ltr' id='par_1_63' title="bbox 2162 3058 3811 3129">
     <span class='ocr_line' id='line_1_63' title="bbox 2162 3058 3811 3129; baseline 0 -10"><span class='ocrx_word' id='word_1_451' title='bbox 2162 3077 2284 3119; x_wconf 90' lang='lat' dir='ltr'>non</span> <span class='ocrx_word' id='word_1_452' title='bbox 2316 3060 2474 3119; x_wconf 84' lang='lat' dir='ltr'>ﬂrmi</span> <span class='ocrx_word' id='word_1_453' title='bbox 2506 3060 2566 3115; x_wconf 88' lang='lat' dir='ltr'>in</span> <span class='ocrx_word' id='word_1_454' title='bbox 2594 3059 2798 3129; x_wconf 85' lang='lat' dir='ltr'>aliquo</span> <span class='ocrx_word' id='word_1_455' title='bbox 2825 3058 3229 3128; x_wconf 85' lang='lat' dir='ltr'>turbarentur,</span> <span class='ocrx_word' id='word_1_456' title='bbox 3262 3060 3440 3117; x_wconf 89' lang='lat' dir='ltr'>simul</span> <span class='ocrx_word' id='word_1_457' title='bbox 3473 3060 3652 3117; x_wconf 88' lang='lat' dir='ltr'>etiam</span> <span class='ocrx_word' id='word_1_458' title='bbox 3675 3079 3811 3119; x_wconf 87' lang='lat' dir='ltr'>con-</span> 
     </span>
    </p>
   </div>
   <div class='ocr_carea' id='block_1_64' title="bbox 396 3146 2055 3224">
    <p class='ocr_par' dir='ltr' id='par_1_64' title="bbox 396 3146 2052 3224">
     <span class='ocr_line' id='line_1_64' title="bbox 396 3146 2052 3224; baseline -0.001 -17"><span class='ocrx_word' id='word_1_459' title='bbox 396 3146 837 3224; x_wconf 75' lang='grc' dir='ltr'>Ἐπιδιορθοῦται</span> <span class='ocrx_word' id='word_1_460' title='bbox 895 3149 1049 3220; x_wconf 81' lang='grc' dir='ltr'>αὐτὸ,</span> <span class='ocrx_word' id='word_1_461' title='bbox 1104 3149 1168 3207; x_wconf 84' lang='grc' dir='ltr'>τὸ</span> <span class='ocrx_word' id='word_1_462' title='bbox 1224 3150 1442 3212; x_wconf 64' lang='grc' dir='ltr'>ἀσθενὲς</span> <span class='ocrx_word' id='word_1_463' title='bbox 1496 3154 1604 3204; x_wconf 87' lang='grc' dir='ltr'>τῶν</span> <span class='ocrx_word' id='word_1_464' title='bbox 1654 3150 1933 3223; x_wconf 83' lang='grc' dir='ltr'>ἀκροατῶν</span> <span class='ocrx_word' id='word_1_465' title='bbox 1963 3146 2052 3205; x_wconf 82' lang='grc' dir='ltr'>δε·-</span> 
     </span>
    </p>
   </div>
   <div class='ocr_carea' id='block_1_65' title="bbox 2164 3146 3804 3224">
    <p class='ocr_par' dir='ltr' id='par_1_65' title="bbox 2164 3146 3804 3222">
     <span class='ocr_line' id='line_1_65' title="bbox 2164 3146 3804 3222; baseline 0.002 -18"><span class='ocrx_word' id='word_1_466' title='bbox 2164 3148 2389 3219; x_wconf 71' lang='lat' dir='ltr'>jugium</span> <span class='ocrx_word' id='word_1_467' title='bbox 2421 3147 2671 3214; x_wconf 90' lang='lat' dir='ltr'>inducit,</span> <span class='ocrx_word' id='word_1_468' title='bbox 2705 3153 2765 3203; x_wconf 91' lang='lat' dir='ltr'>et</span> <span class='ocrx_word' id='word_1_469' title='bbox 2809 3146 3195 3207; x_wconf 86' lang='lat' dir='ltr'>conformiter</span> <span class='ocrx_word' id='word_1_470' title='bbox 3242 3148 3506 3220; x_wconf 86' lang='lat' dir='ltr'>loquitur</span> <span class='ocrx_word' id='word_1_471' title='bbox 3546 3151 3641 3207; x_wconf 84' lang='lat' dir='ltr'>bis</span> <span class='ocrx_word' id='word_1_472' title='bbox 3672 3168 3804 3222; x_wconf 65' lang='lat' dir='ltr'>quin</span> 
     </span>
    </p>
   </div>
   <div class='ocr_carea' id='block_1_66' title="bbox 397 3222 2055 3316">
    <p class='ocr_par' dir='ltr' id='par_1_66' title="bbox 397 3222 1651 3316">
     <span class='ocr_line' id='line_1_66' title="bbox 397 3222 1651 3316; baseline -0.003 -20"><span class='ocrx_word' id='word_1_473' title='bbox 397 3222 721 3307; x_wconf 65' lang='lat' dir='ltr'>Semibc,ib&lt;</span> <span class='ocrx_word' id='word_1_474' title='bbox 754 3238 816 3296; x_wconf 82' lang='grc' dir='ltr'>οὐ</span> <span class='ocrx_word' id='word_1_475' title='bbox 849 3241 1179 3316; x_wconf 77' lang='grc' dir='ltr'>χωρούντων</span> <span class='ocrx_word' id='word_1_476' title='bbox 1211 3242 1311 3309; x_wconf 77' lang='grc' dir='ltr'>τὴν</span> <span class='ocrx_word' id='word_1_477' title='bbox 1339 3237 1651 3315; x_wconf 79' lang='grc' dir='ltr'>παρθενίαν.</span> 
     </span>
    </p>
   </div>
   <div class='ocr_carea' id='block_1_67' title="bbox 2164 3222 3804 3316">
    <p class='ocr_par' dir='ltr' id='par_1_67' title="bbox 2164 3236 3804 3309">
     <span class='ocr_line' id='line_1_67' title="bbox 2164 3236 3804 3309; baseline 0.002 -16"><span class='ocrx_word' id='word_1_478' title='bbox 2164 3254 2344 3309; x_wconf 85' lang='lat' dir='ltr'>supra</span> <span class='ocrx_word' id='word_1_479' title='bbox 2371 3236 2532 3294; x_wconf 79' lang='lat' dir='ltr'>dicta</span> <span class='ocrx_word' id='word_1_480' title='bbox 2572 3242 2734 3293; x_wconf 87' lang='lat' dir='ltr'>sunt.</span> <span class='ocrx_word' id='word_1_481' title='bbox 2765 3238 2911 3293; x_wconf 87' lang='lat' dir='ltr'>Nam</span> <span class='ocrx_word' id='word_1_482' title='bbox 2963 3236 3320 3295; x_wconf 85' lang='lat' dir='ltr'>solutionem</span> <span class='ocrx_word' id='word_1_483' title='bbox 3370 3238 3482 3295; x_wconf 88' lang='lat' dir='ltr'>hoc</span> <span class='ocrx_word' id='word_1_484' title='bbox 3520 3240 3650 3296; x_wconf 89' lang='lat' dir='ltr'>loco</span> <span class='ocrx_word' id='word_1_485' title='bbox 3681 3257 3804 3299; x_wconf 89' lang='lat' dir='ltr'>non</span> 
     </span>
    </p>
   </div>
   <div class='ocr_carea' id='block_1_68' title="bbox 392 3326 3802 3403">
    <p class='ocr_par' dir='ltr' id='par_1_68' title="bbox 392 3326 3802 3403">
     <span class='ocr_line' id='line_1_68' title="bbox 392 3326 3802 3403; baseline -0.001 -16"><span class='ocrx_word' id='word_1_486' title='bbox 392 3338 568 3388; x_wconf 86' lang='lat' dir='ltr'>vocat</span> <span class='ocrx_word' id='word_1_487' title='bbox 595 3332 1033 3403; x_wconf 86' lang='lat' dir='ltr'>separationem</span> <span class='ocrx_word' id='word_1_488' title='bbox 1063 3348 1099 3389; x_wconf 85' lang='grc' dir='ltr'>ιε</span> <span class='ocrx_word' id='word_1_489' title='bbox 1129 3331 1543 3389; x_wconf 81' lang='lat' dir='ltr'>commistione</span> <span class='ocrx_word' id='word_1_490' title='bbox 1576 3336 1782 3387; x_wconf 91' lang='lat' dir='ltr'>mutuo</span> <span class='ocrx_word' id='word_1_491' title='bbox 1833 3344 2131 3385; x_wconf 86' lang='lat' dir='ltr'>consensu</span> <span class='ocrx_word' id='word_1_492' title='bbox 2157 3327 2377 3385; x_wconf 88' lang='lat' dir='ltr'>factam</span> <span class='ocrx_word' id='word_1_493' title='bbox 2407 3344 2420 3382; x_wconf 92' lang='lat'>:</span> <span class='ocrx_word' id='word_1_494' title='bbox 2453 3326 2558 3383; x_wconf 89' lang='lat' dir='ltr'>sed</span> <span class='ocrx_word' id='word_1_495' title='bbox 2608 3331 2823 3397; x_wconf 70' lang='lat' dir='ltr'>printer</span> <span class='ocrx_word' id='word_1_496' title='bbox 2850 3326 3145 3385; x_wconf 83' lang='lat' dir='ltr'>consortis</span> <span class='ocrx_word' id='word_1_497' title='bbox 3174 3326 3560 3395; x_wconf 86' lang='lat' dir='ltr'>voluntatem,</span> <span class='ocrx_word' id='word_1_498' title='bbox 3592 3336 3652 3384; x_wconf 88' lang='lat' dir='ltr'>et</span> <span class='ocrx_word' id='word_1_499' title='bbox 3681 3347 3802 3385; x_wconf 88' lang='lat' dir='ltr'>non</span> 
     </span>
    </p>
   </div>
   <div class='ocr_carea' id='block_1_69' title="bbox 398 3415 3808 3491">
    <p class='ocr_par' dir='ltr' id='par_1_69' title="bbox 398 3415 3808 3491">
     <span class='ocr_line' id='line_1_69' title="bbox 398 3415 3808 3491; baseline -0.001 -14"><span class='ocrx_word' id='word_1_500' title='bbox 398 3419 840 3479; x_wconf 86' lang='lat' dir='ltr'>subexsistente</span> <span class='ocrx_word' id='word_1_501' title='bbox 889 3437 1068 3481; x_wconf 86' lang='lat' dir='ltr'>causa</span> <span class='ocrx_word' id='word_1_502' title='bbox 1122 3420 1311 3491; x_wconf 84' lang='lat' dir='ltr'>stupri</span> <span class='ocrx_word' id='word_1_503' title='bbox 1358 3420 1619 3491; x_wconf 80' lang='lat' dir='ltr'>conjugii</span> <span class='ocrx_word' id='word_1_504' title='bbox 1665 3418 2163 3477; x_wconf 89' lang='lat' dir='ltr'>dissolutionem:</span> <span class='ocrx_word' id='word_1_505' title='bbox 2196 3422 2258 3473; x_wconf 88' lang='lat' dir='ltr'>at</span> <span class='ocrx_word' id='word_1_506' title='bbox 2299 3416 2550 3475; x_wconf 84' lang='lat' dir='ltr'>durante</span> <span class='ocrx_word' id='word_1_507' title='bbox 2603 3415 2879 3473; x_wconf 80' lang='lat' dir='ltr'>cmlibatu</span> <span class='ocrx_word' id='word_1_508' title='bbox 2911 3432 3145 3473; x_wconf 85' lang='lat' dir='ltr'>servare</span> <span class='ocrx_word' id='word_1_509' title='bbox 3193 3416 3589 3489; x_wconf 74' lang='lat' dir='ltr'>virginitatem</span> <span class='ocrx_word' id='word_1_510' title='bbox 3620 3419 3808 3474; x_wconf 81' lang='lat' dir='ltr'>bone-</span> 
     </span>
    </p>
   </div>
   <div class='ocr_carea' id='block_1_70' title="bbox 395 3504 3805 3579">
    <p class='ocr_par' dir='ltr' id='par_1_70' title="bbox 395 3504 3805 3579">
     <span class='ocr_line' id='line_1_70' title="bbox 395 3504 3805 3579; baseline 0 -17"><span class='ocrx_word' id='word_1_511' title='bbox 395 3514 553 3565; x_wconf 88' lang='lat' dir='ltr'>stum</span> <span class='ocrx_word' id='word_1_512' title='bbox 586 3515 695 3565; x_wconf 90' lang='lat' dir='ltr'>est.</span> <span class='ocrx_word' id='word_1_513' title='bbox 730 3532 759 3563; x_wconf 78' lang='grc' dir='ltr'>α</span> <span class='ocrx_word' id='word_1_514' title='bbox 790 3512 1067 3570; x_wconf 77' lang='lat' dir='ltr'>Attamen</span> <span class='ocrx_word' id='word_1_515' title='bbox 1094 3510 1141 3567; x_wconf 88' lang='lat' dir='ltr'>si</span> <span class='ocrx_word' id='word_1_516' title='bbox 1172 3509 1414 3567; x_wconf 83' lang='lat' dir='ltr'>duxeris</span> <span class='ocrx_word' id='word_1_517' title='bbox 1441 3524 1711 3576; x_wconf 79' lang='lat' dir='ltr'>uxorem,</span> <span class='ocrx_word' id='word_1_518' title='bbox 1739 3525 1859 3565; x_wconf 91' lang='lat' dir='ltr'>non</span> <span class='ocrx_word' id='word_1_519' title='bbox 1907 3506 2186 3579; x_wconf 89' lang='lat' dir='ltr'>peccasti.</span> <span class='ocrx_word' id='word_1_520' title='bbox 2221 3529 2248 3557; x_wconf 83' lang='grc'>››</span> <span class='ocrx_word' id='word_1_521' title='bbox 2279 3506 2533 3577; x_wconf 81' lang='lat' dir='ltr'>Corrigit</span> <span class='ocrx_word' id='word_1_522' title='bbox 2577 3512 2638 3561; x_wconf 88' lang='lat' dir='ltr'>et</span> <span class='ocrx_word' id='word_1_523' title='bbox 2666 3504 2947 3578; x_wconf 77' lang='lat' dir='ltr'>explanat</span> <span class='ocrx_word' id='word_1_524' title='bbox 2974 3504 3137 3576; x_wconf 84' lang='lat' dir='ltr'>quod</span> <span class='ocrx_word' id='word_1_525' title='bbox 3182 3505 3411 3563; x_wconf 88' lang='lat' dir='ltr'>dictum</span> <span class='ocrx_word' id='word_1_526' title='bbox 3442 3513 3550 3576; x_wconf 87' lang='lat' dir='ltr'>est,</span> <span class='ocrx_word' id='word_1_527' title='bbox 3582 3508 3805 3565; x_wconf 87' lang='lat' dir='ltr'>veritus</span> 
     </span>
    </p>
   </div>
   <div class='ocr_carea' id='block_1_71' title="bbox 394 3595 2422 3670">
    <p class='ocr_par' dir='ltr' id='par_1_71' title="bbox 394 3595 2422 3670">
     <span class='ocr_line' id='line_1_71' title="bbox 394 3595 2422 3670; baseline -0.003 -15"><span class='ocrx_word' id='word_1_528' title='bbox 394 3597 733 3656; x_wconf 75' lang='lat' dir='ltr'>auditorum</span> <span class='ocrx_word' id='word_1_529' title='bbox 763 3598 1256 3668; x_wconf 82' lang='lat' dir='ltr'>imbecillitatem,</span> <span class='ocrx_word' id='word_1_530' title='bbox 1289 3603 1353 3655; x_wconf 89' lang='lat' dir='ltr'>ut</span> <span class='ocrx_word' id='word_1_531' title='bbox 1379 3598 1483 3670; x_wconf 90' lang='lat' dir='ltr'>qui</span> <span class='ocrx_word' id='word_1_532' title='bbox 1512 3613 1633 3654; x_wconf 90' lang='lat' dir='ltr'>non</span> <span class='ocrx_word' id='word_1_533' title='bbox 1664 3595 1979 3668; x_wconf 86' lang='lat' dir='ltr'>capiebant</span> <span class='ocrx_word' id='word_1_534' title='bbox 2004 3595 2422 3668; x_wconf 79' lang='lat' dir='ltr'>virginitatem.</span> 
     </span>
    </p>
   </div>
   <div class='ocr_carea' id='block_1_72' title="bbox 470 3682 2050 3761">
    <p class='ocr_par' dir='ltr' id='par_1_72' title="bbox 470 3682 2050 3761">
     <span class='ocr_line' id='line_1_72' title="bbox 470 3682 2050 3761; baseline 0 -22"><span class='ocrx_word' id='word_1_535' title='bbox 470 3682 717 3749; x_wconf 70' lang='grc' dir='ltr'>Ἄλλως.</span> <span class='ocrx_word' id='word_1_536' title='bbox 776 3688 989 3759; x_wconf 78' lang='grc' dir='ltr'>[ΦΩΤ.]</span> <span class='ocrx_word' id='word_1_537' title='bbox 1047 3687 1141 3755; x_wconf 84' lang='grc' dir='ltr'>Τὸ,</span> <span class='ocrx_word' id='word_1_538' title='bbox 1199 3710 1228 3738; x_wconf 76' lang='grc' dir='ltr'>«ι</span> <span class='ocrx_word' id='word_1_539' title='bbox 1263 3684 1386 3746; x_wconf 77' lang='grc' dir='ltr'>Ἐὰν</span> <span class='ocrx_word' id='word_1_540' title='bbox 1442 3682 1499 3740; x_wconf 76' lang='grc' dir='ltr'>δὲ</span> <span class='ocrx_word' id='word_1_541' title='bbox 1553 3684 1644 3744; x_wconf 75' lang='grc' dir='ltr'>καὶ</span> <span class='ocrx_word' id='word_1_542' title='bbox 1693 3686 1907 3759; x_wconf 78' lang='grc' dir='ltr'>γήμῃς,</span> <span class='ocrx_word' id='word_1_543' title='bbox 1940 3682 2050 3761; x_wconf 79' lang='grc' dir='ltr'>οὐχ</span> 
     </span>
    </p>
   </div>
   <div class='ocr_carea' id='block_1_73' title="bbox 395 3769 2049 3852">
    <p class='ocr_par' dir='ltr' id='par_1_73' title="bbox 395 3769 2049 3852">
     <span class='ocr_line' id='line_1_73' title="bbox 395 3769 2049 3852; baseline -0.001 -23"><span class='ocrx_word' id='word_1_544' title='bbox 395 3771 663 3849; x_wconf 70' lang='grc' dir='ltr'>ἥμαρτες,</span> <span class='ocrx_word' id='word_1_545' title='bbox 699 3799 727 3828; x_wconf 75' lang='grc' dir='ltr'>ν</span> <span class='ocrx_word' id='word_1_546' title='bbox 790 3775 883 3831; x_wconf 86' lang='grc' dir='ltr'>καὶ</span> <span class='ocrx_word' id='word_1_547' title='bbox 949 3774 1165 3852; x_wconf 75' lang='grc' dir='ltr'>ἆφεξῆς,</span> <span class='ocrx_word' id='word_1_548' title='bbox 1232 3780 1349 3837; x_wconf 76' lang='grc' dir='ltr'>τοῖς</span> <span class='ocrx_word' id='word_1_549' title='bbox 1418 3774 1530 3833; x_wconf 77' lang='grc' dir='ltr'>ἄνω</span> <span class='ocrx_word' id='word_1_550' title='bbox 1588 3775 1707 3830; x_wconf 82' lang='grc' dir='ltr'>καθ’</span> <span class='ocrx_word' id='word_1_551' title='bbox 1749 3769 2049 3851; x_wconf 76' lang='grc' dir='ltr'>ὑπερϐατὸν</span> 
     </span>
    </p>
   </div>
   <div class='ocr_carea' id='block_1_74' title="bbox 399 3862 2045 3939">
    <p class='ocr_par' dir='ltr' id='par_1_74' title="bbox 399 3862 2045 3939">
     <span class='ocr_line' id='line_1_74' title="bbox 399 3862 2045 3939; baseline -0.001 -21"><span class='ocrx_word' id='word_1_552' title='bbox 399 3863 741 3932; x_wconf 66' lang='grc' dir='ltr'>συπακτὲον,</span> <span class='ocrx_word' id='word_1_553' title='bbox 800 3864 939 3920; x_wconf 85' lang='grc' dir='ltr'>οἷον·</span> <span class='ocrx_word' id='word_1_554' title='bbox 978 3864 1161 3923; x_wconf 86' lang='grc' dir='ltr'>Καλὸν</span> <span class='ocrx_word' id='word_1_555' title='bbox 1218 3864 1489 3939; x_wconf 82' lang='grc' dir='ltr'>ἀνθρώπῳ</span> <span class='ocrx_word' id='word_1_556' title='bbox 1544 3864 1608 3919; x_wconf 88' lang='grc' dir='ltr'>τὸ</span> <span class='ocrx_word' id='word_1_557' title='bbox 1658 3862 1832 3926; x_wconf 67' lang='grc' dir='ltr'>οὕτως</span> <span class='ocrx_word' id='word_1_558' title='bbox 1883 3864 2045 3918; x_wconf 84' lang='grc' dir='ltr'>εἴναι.</span> 
     </span>
    </p>
   </div>
   <div class='ocr_carea' id='block_1_75' title="bbox 396 3948 2046 4029">
    <p class='ocr_par' dir='ltr' id='par_1_75' title="bbox 396 3948 2046 4029">
     <span class='ocr_line' id='line_1_75' title="bbox 396 3948 2046 4029; baseline -0.001 -20"><span class='ocrx_word' id='word_1_559' title='bbox 396 3951 548 4009; x_wconf 59' lang='grc' dir='ltr'>Ἐὰν</span> <span class='ocrx_word' id='word_1_560' title='bbox 606 3948 665 4011; x_wconf 70' lang='grc' dir='ltr'>δε</span> <span class='ocrx_word' id='word_1_561' title='bbox 725 3954 817 4011; x_wconf 84' lang='grc' dir='ltr'><strong>καί</strong></span> <span class='ocrx_word' id='word_1_562' title='bbox 871 3954 1061 4027; x_wconf 66' lang='grc' dir='ltr'>γήμῃς</span> <span class='ocrx_word' id='word_1_563' title='bbox 1128 3954 1239 4029; x_wconf 83' lang='grc' dir='ltr'>οὐχ</span> <span class='ocrx_word' id='word_1_564' title='bbox 1303 3952 1573 4027; x_wconf 77' lang='grc' dir='ltr'>ἥμαρτες,</span> <span class='ocrx_word' id='word_1_565' title='bbox 1631 3951 1718 4007; x_wconf 78' lang='grc' dir='ltr'>καὶ</span> <span class='ocrx_word' id='word_1_566' title='bbox 1777 3953 1920 4022; x_wconf 62' lang='grc' dir='ltr'>ἑξῆς.</span> <span class='ocrx_word' id='word_1_567' title='bbox 1969 3950 2046 4010; x_wconf 83' lang='grc' dir='ltr'>Οὐ</span> 
     </span>
    </p>
   </div>
   <div class='ocr_carea' id='block_1_76' title="bbox 395 4036 2048 4118">
    <p class='ocr_par' dir='ltr' id='par_1_76' title="bbox 395 4036 2048 4118">
     <span class='ocr_line' id='line_1_76' title="bbox 395 4036 2048 4118; baseline 0.001 -22"><span class='ocrx_word' id='word_1_568' title='bbox 395 4039 499 4114; x_wconf 66' lang='grc' dir='ltr'>γὰρ</span> <span class='ocrx_word' id='word_1_569' title='bbox 530 4036 614 4097; x_wconf 79' lang='grc' dir='ltr'>δεῖ</span> <span class='ocrx_word' id='word_1_570' title='bbox 642 4041 923 4099; x_wconf 72' lang='grc' dir='ltr'>συνάπτειν</span> <span class='ocrx_word' id='word_1_571' title='bbox 953 4040 1088 4098; x_wconf 74' lang='grc' dir='ltr'>αὐτὸ</span> <span class='ocrx_word' id='word_1_572' title='bbox 1142 4047 1243 4115; x_wconf 78' lang='grc' dir='ltr'>τῷ,</span> <span class='ocrx_word' id='word_1_573' title='bbox 1302 4067 1331 4097; x_wconf 80' lang='grc' dir='ltr'>ι(</span> <span class='ocrx_word' id='word_1_574' title='bbox 1371 4042 1606 4100; x_wconf 78' lang='grc' dir='ltr'>Λέλυσαι</span> <span class='ocrx_word' id='word_1_575' title='bbox 1639 4043 1743 4099; x_wconf 76' lang='grc' dir='ltr'>ἀπὸ</span> <span class='ocrx_word' id='word_1_576' title='bbox 1770 4043 2048 4118; x_wconf 81' lang='grc' dir='ltr'>γυναικὸς,</span> 
     </span>
    </p>
   </div>
   <div class='ocr_carea' id='block_1_77' title="bbox 403 4129 2048 4209">
    <p class='ocr_par' dir='ltr' id='par_1_77' title="bbox 403 4129 2048 4209">
     <span class='ocr_line' id='line_1_77' title="bbox 403 4129 2048 4209; baseline 0.001 -22"><span class='ocrx_word' id='word_1_577' title='bbox 403 4131 482 4204; x_wconf 75' lang='grc' dir='ltr'>μὴ</span> <span class='ocrx_word' id='word_1_578' title='bbox 514 4131 665 4202; x_wconf 71' lang='grc' dir='ltr'>ζήτει</span> <span class='ocrx_word' id='word_1_579' title='bbox 697 4136 946 4207; x_wconf 76' lang='grc' dir='ltr'>γυναῖκα,</span> <span class='ocrx_word' id='word_1_580' title='bbox 981 4132 1102 4189; x_wconf 68' lang='grc' dir='ltr'>Ἐὰν</span> <span class='ocrx_word' id='word_1_581' title='bbox 1137 4129 1195 4188; x_wconf 68' lang='grc' dir='ltr'>δὲ</span> <span class='ocrx_word' id='word_1_582' title='bbox 1249 4133 1337 4187; x_wconf 80' lang='grc' dir='ltr'>καὶ</span> <span class='ocrx_word' id='word_1_583' title='bbox 1370 4136 1555 4209; x_wconf 70' lang='grc' dir='ltr'>γήμῃς</span> <span class='ocrx_word' id='word_1_584' title='bbox 1586 4134 1698 4208; x_wconf 84' lang='grc' dir='ltr'>οὐχ</span> <span class='ocrx_word' id='word_1_585' title='bbox 1726 4134 1983 4207; x_wconf 71' lang='grc' dir='ltr'>ἥμαρτες.</span> <span class='ocrx_word' id='word_1_586' title='bbox 2020 4156 2048 4186; x_wconf 72' lang='grc' dir='ltr'>ιι</span> 
     </span>
    </p>
   </div>
   <div class='ocr_carea' id='block_1_78' title="bbox 400 4217 2048 4296">
    <p class='ocr_par' dir='ltr' id='par_1_78' title="bbox 400 4217 2048 4296">
     <span class='ocr_line' id='line_1_78' title="bbox 400 4217 2048 4296; baseline -0.001 -19"><span class='ocrx_word' id='word_1_587' title='bbox 400 4220 628 4292; x_wconf 79' lang='grc' dir='ltr'>Πρῶτον</span> <span class='ocrx_word' id='word_1_588' title='bbox 690 4221 788 4293; x_wconf 77' lang='grc' dir='ltr'>μὲν</span> <span class='ocrx_word' id='word_1_589' title='bbox 842 4221 968 4296; x_wconf 76' lang='grc' dir='ltr'>γὰρ,</span> <span class='ocrx_word' id='word_1_590' title='bbox 1026 4218 1396 4283; x_wconf 81' lang='grc' dir='ltr'>ἀνακόλουθος</span> <span class='ocrx_word' id='word_1_591' title='bbox 1455 4220 1599 4277; x_wconf 73' lang='grc' dir='ltr'>οὕτω</span> <span class='ocrx_word' id='word_1_592' title='bbox 1659 4217 2048 4293; x_wconf 70' lang='grc' dir='ltr'>λαμϐανομένη</span> 
     </span>
    </p>
   </div>
   <div class='ocr_carea' id='block_1_79' title="bbox 402 4302 2049 4385">
    <p class='ocr_par' dir='ltr' id='par_1_79' title="bbox 402 4302 2049 4385">
     <span class='ocr_line' id='line_1_79' title="bbox 402 4302 2049 4385; baseline -0.001 -21"><span class='ocrx_word' id='word_1_593' title='bbox 402 4312 438 4378; x_wconf 75' lang='grc' dir='ltr'><strong>ἡ</strong></span> <span class='ocrx_word' id='word_1_594' title='bbox 470 4302 671 4366; x_wconf 71' lang='grc' dir='ltr'>ἔννοια.</span> <span class='ocrx_word' id='word_1_595' title='bbox 703 4308 770 4365; x_wconf 89' lang='grc' dir='ltr'>Τί</span> <span class='ocrx_word' id='word_1_596' title='bbox 824 4310 929 4385; x_wconf 82' lang='grc' dir='ltr'>γὰρ</span> <span class='ocrx_word' id='word_1_597' title='bbox 977 4314 1056 4383; x_wconf 82' lang='grc' dir='ltr'>τῷ</span> <span class='ocrx_word' id='word_1_598' title='bbox 1111 4310 1456 4385; x_wconf 80' lang='grc' dir='ltr'>γεγαμηκότι</span> <span class='ocrx_word' id='word_1_599' title='bbox 1485 4307 1593 4379; x_wconf 75' lang='grc' dir='ltr'>ἤδη</span> <span class='ocrx_word' id='word_1_600' title='bbox 1625 4310 1714 4365; x_wconf 86' lang='grc' dir='ltr'>καὶ</span> <span class='ocrx_word' id='word_1_601' title='bbox 1746 4307 2049 4365; x_wconf 68' lang='grc' dir='ltr'>διαλυθᾶντι</span> 
     </span>
    </p>
   </div>
   <div class='ocr_carea' id='block_1_80' title="bbox 402 4396 2051 4474">
    <p class='ocr_par' dir='ltr' id='par_1_80' title="bbox 402 4396 2051 4474">
     <span class='ocr_line' id='line_1_80' title="bbox 402 4396 2051 4474; baseline -0.001 -20"><span class='ocrx_word' id='word_1_602' title='bbox 402 4400 671 4473; x_wconf 77' lang='grc' dir='ltr'>προσήκει</span> <span class='ocrx_word' id='word_1_603' title='bbox 737 4396 932 4474; x_wconf 65' lang='grc' dir='ltr'>λέγειν,</span> <span class='ocrx_word' id='word_1_604' title='bbox 1007 4420 1029 4450; x_wconf 85' lang='grc' dir='ltr'>ε</span> <span class='ocrx_word' id='word_1_605' title='bbox 1081 4400 1204 4458; x_wconf 71' lang='grc' dir='ltr'>Ἐὰν</span> <span class='ocrx_word' id='word_1_606' title='bbox 1265 4397 1323 4457; x_wconf 66' lang='grc' dir='ltr'>δε</span> <span class='ocrx_word' id='word_1_607' title='bbox 1385 4398 1476 4454; x_wconf 82' lang='grc' dir='ltr'>καὶ</span> <span class='ocrx_word' id='word_1_608' title='bbox 1535 4400 1763 4472; x_wconf 50' lang='grc' dir='ltr'>γήμῃς</span> <span class='ocrx_word' id='word_1_609' title='bbox 1797 4422 1826 4452; x_wconf 88' lang='grc'><strong>››</strong></span> <span class='ocrx_word' id='word_1_610' title='bbox 1879 4403 2051 4453; x_wconf 78' lang='grc' dir='ltr'>Τοῦτο</span> 
     </span>
    </p>
   </div>
   <div class='ocr_carea' id='block_1_81' title="bbox 402 4483 2051 4563">
    <p class='ocr_par' dir='ltr' id='par_1_81' title="bbox 402 4483 2051 4563">
     <span class='ocr_line' id='line_1_81' title="bbox 402 4483 2051 4563; baseline -0.002 -19"><span class='ocrx_word' id='word_1_611' title='bbox 402 4488 503 4561; x_wconf 65' lang='grc' dir='ltr'>γὰρ</span> <span class='ocrx_word' id='word_1_612' title='bbox 559 4492 675 4550; x_wconf 84' lang='grc' dir='ltr'>τοῖς</span> <span class='ocrx_word' id='word_1_613' title='bbox 735 4490 909 4559; x_wconf 78' lang='grc' dir='ltr'>μήπω</span> <span class='ocrx_word' id='word_1_614' title='bbox 965 4488 1339 4563; x_wconf 79' lang='grc' dir='ltr'>γεγαμηκόσιν</span> <span class='ocrx_word' id='word_1_615' title='bbox 1398 4483 1685 4561; x_wconf 75' lang='grc' dir='ltr'>ἁρμόδιον.</span> <span class='ocrx_word' id='word_1_616' title='bbox 1719 4488 1943 4543; x_wconf 80' lang='grc' dir='ltr'>Ἔπειτα</span> <span class='ocrx_word' id='word_1_617' title='bbox 1972 4484 2051 4554; x_wconf 66' lang='grc' dir='ltr'>δὲ,</span> 
     </span>
    </p>
   </div>
   <div class='ocr_carea' id='block_1_82' title="bbox 399 4575 2056 4651">
    <p class='ocr_par' dir='ltr' id='par_1_82' title="bbox 399 4575 2056 4651">
     <span class='ocr_line' id='line_1_82' title="bbox 399 4575 2056 4651; baseline 0 -19"><span class='ocrx_word' id='word_1_618' title='bbox 399 4576 493 4632; x_wconf 73' lang='grc' dir='ltr'>καὶ</span> <span class='ocrx_word' id='word_1_619' title='bbox 573 4575 711 4650; x_wconf 68' lang='grc' dir='ltr'>μίγα</span> <span class='ocrx_word' id='word_1_620' title='bbox 779 4575 923 4633; x_wconf 77' lang='grc' dir='ltr'>ἐστὶν</span> <span class='ocrx_word' id='word_1_621' title='bbox 995 4577 1320 4651; x_wconf 74' lang='grc' dir='ltr'>ἁμάρτημα,</span> <span class='ocrx_word' id='word_1_622' title='bbox 1400 4575 1701 4649; x_wconf 68' lang='grc' dir='ltr'>λυσόμενον</span> <span class='ocrx_word' id='word_1_623' title='bbox 1774 4576 1882 4631; x_wconf 76' lang='grc' dir='ltr'>ἀπὸ</span> <span class='ocrx_word' id='word_1_624' title='bbox 1954 4583 2056 4645; x_wconf 81' lang='grc' dir='ltr'>τῆς</span> 
     </span>
    </p>
   </div>
   <div class='ocr_carea' id='block_1_83' title="bbox 401 4662 2059 4743">
    <p class='ocr_par' dir='ltr' id='par_1_83' title="bbox 401 4662 2059 4743">
     <span class='ocr_line' id='line_1_83' title="bbox 401 4662 2059 4743; baseline -0.002 -20"><span class='ocrx_word' id='word_1_625' title='bbox 401 4665 669 4740; x_wconf 80' lang='grc' dir='ltr'>γυναικὸς,</span> <span class='ocrx_word' id='word_1_626' title='bbox 735 4662 917 4737; x_wconf 77' lang='grc' dir='ltr'>ἄλλην</span> <span class='ocrx_word' id='word_1_627' title='bbox 1017 4667 1317 4743; x_wconf 73' lang='grc' dir='ltr'>γήμασθαι·</span> <span class='ocrx_word' id='word_1_628' title='bbox 1383 4663 1524 4722; x_wconf 82' lang='grc' dir='ltr'>ὥστε</span> <span class='ocrx_word' id='word_1_629' title='bbox 1618 4663 1717 4721; x_wconf 79' lang='grc' dir='ltr'>οὐκ</span> <span class='ocrx_word' id='word_1_630' title='bbox 1817 4664 2059 4742; x_wconf 75' lang='grc' dir='ltr'>ἐγχωρεῖ</span> 
     </span>
    </p>
   </div>
   <div class='ocr_carea' id='block_1_84' title="bbox 407 4750 2053 4831">
    <p class='ocr_par' dir='ltr' id='par_1_84' title="bbox 407 4750 2053 4831">
     <span class='ocr_line' id='line_1_84' title="bbox 407 4750 2053 4831; baseline 0 -22"><span class='ocrx_word' id='word_1_631' title='bbox 407 4752 584 4819; x_wconf 60' lang='grc' dir='ltr'>οὕτως</span> <span class='ocrx_word' id='word_1_632' title='bbox 613 4754 845 4829; x_wconf 74' lang='grc' dir='ltr'>συνάψαι</span> <span class='ocrx_word' id='word_1_633' title='bbox 873 4757 937 4811; x_wconf 85' lang='grc' dir='ltr'>τὸ</span> <span class='ocrx_word' id='word_1_634' title='bbox 967 4756 1200 4829; x_wconf 83' lang='grc' dir='ltr'>χωρίον,</span> <span class='ocrx_word' id='word_1_635' title='bbox 1242 4754 1371 4811; x_wconf 81' lang='grc' dir='ltr'>ἀλλ’</span> <span class='ocrx_word' id='word_1_636' title='bbox 1420 4756 1493 4819; x_wconf 81' lang='grc' dir='ltr'>ὡς</span> <span class='ocrx_word' id='word_1_637' title='bbox 1524 4750 1789 4831; x_wconf 81' lang='grc' dir='ltr'>πρότερον</span> <span class='ocrx_word' id='word_1_638' title='bbox 1821 4754 2053 4829; x_wconf 68' lang='grc' dir='ltr'>εἴρηται.</span> 
     </span>
    </p>
   </div>
   <div class='ocr_carea' id='block_1_85' title="bbox 411 4840 2061 4918">
    <p class='ocr_par' dir='ltr' id='par_1_85' title="bbox 411 4840 2061 4918">
     <span class='ocr_line' id='line_1_85' title="bbox 411 4840 2061 4918; baseline 0.001 -20"><span class='ocrx_word' id='word_1_639' title='bbox 411 4843 515 4898; x_wconf 74' lang='grc' dir='ltr'>Καὶ</span> <span class='ocrx_word' id='word_1_640' title='bbox 547 4843 650 4918; x_wconf 78' lang='grc' dir='ltr'>γὰρ</span> <span class='ocrx_word' id='word_1_641' title='bbox 698 4842 788 4901; x_wconf 81' lang='grc' dir='ltr'>καὶ</span> <span class='ocrx_word' id='word_1_642' title='bbox 836 4844 943 4916; x_wconf 87' lang='grc' dir='ltr'>πρὸ</span> <span class='ocrx_word' id='word_1_643' title='bbox 997 4843 1190 4918; x_wconf 85' lang='grc' dir='ltr'>ὀλίγου</span> <span class='ocrx_word' id='word_1_644' title='bbox 1259 4842 1442 4918; x_wconf 82' lang='grc' dir='ltr'>φησὶν,</span> <span class='ocrx_word' id='word_1_645' title='bbox 1475 4867 1503 4897; x_wconf 78' lang='grc' dir='ltr'>(ι</span> <span class='ocrx_word' id='word_1_646' title='bbox 1542 4844 1667 4901; x_wconf 70' lang='grc' dir='ltr'>Ἐὰν</span> <span class='ocrx_word' id='word_1_647' title='bbox 1711 4840 1769 4899; x_wconf 62' lang='grc' dir='ltr'>δι</span> <span class='ocrx_word' id='word_1_648' title='bbox 1818 4843 1909 4899; x_wconf 84' lang='grc' dir='ltr'>καὶ</span> <span class='ocrx_word' id='word_1_649' title='bbox 1939 4864 2061 4918; x_wconf 73' lang='grc' dir='ltr'>χωο-</span> 
     </span>
    </p>
   </div>
   <div class='ocr_carea' id='block_1_86' title="bbox 410 4930 2062 5008">
    <p class='ocr_par' dir='ltr' id='par_1_86' title="bbox 410 4930 2062 5008">
     <span class='ocr_line' id='line_1_86' title="bbox 410 4930 2062 5008; baseline 0.002 -23"><span class='ocrx_word' id='word_1_650' title='bbox 410 4932 593 5007; x_wconf 79' lang='grc' dir='ltr'>ρισθῇ,</span> <span class='ocrx_word' id='word_1_651' title='bbox 629 4930 836 5006; x_wconf 65' lang='grc' dir='ltr'>μενέτω</span> <span class='ocrx_word' id='word_1_652' title='bbox 866 4933 1099 5008; x_wconf 78' lang='grc' dir='ltr'>ἄγαμος.</span> <span class='ocrx_word' id='word_1_653' title='bbox 1135 4955 1165 4985; x_wconf 85' lang='grc'><strong><em>››</em></strong></span> <span class='ocrx_word' id='word_1_654' title='bbox 1220 4932 1319 4991; x_wconf 76' lang='grc' dir='ltr'>Διά</span> <span class='ocrx_word' id='word_1_655' title='bbox 1361 4952 1421 4986; x_wconf 82' lang='grc' dir='ltr'>τε</span> <span class='ocrx_word' id='word_1_656' title='bbox 1471 4933 1566 4988; x_wconf 83' lang='grc' dir='ltr'>οὗν</span> <span class='ocrx_word' id='word_1_657' title='bbox 1595 4932 1660 4989; x_wconf 77' lang='grc' dir='ltr'>τὰ</span> <span class='ocrx_word' id='word_1_658' title='bbox 1688 4935 2062 5008; x_wconf 62' lang='grc' dir='ltr'>προειρημένα</span> 
     </span>
    </p>
   </div>
   <div class='ocr_carea' id='block_1_87' title="bbox 410 5018 2059 5097">
    <p class='ocr_par' dir='ltr' id='par_1_87' title="bbox 410 5018 2059 5097">
     <span class='ocr_line' id='line_1_87' title="bbox 410 5018 2059 5097; baseline -0.002 -20"><span class='ocrx_word' id='word_1_659' title='bbox 410 5018 590 5081; x_wconf 80' lang='grc' dir='ltr'>καὶτὸ</span> <span class='ocrx_word' id='word_1_660' title='bbox 618 5024 706 5076; x_wconf 73' lang='grc' dir='ltr'>νῦν</span> <span class='ocrx_word' id='word_1_661' title='bbox 739 5020 1051 5095; x_wconf 65' lang='grc' dir='ltr'>εἰρημένον,</span> <span class='ocrx_word' id='word_1_662' title='bbox 1103 5018 1195 5075; x_wconf 70' lang='grc' dir='ltr'>’ίνα</span> <span class='ocrx_word' id='word_1_663' title='bbox 1257 5022 1333 5095; x_wconf 80' lang='grc' dir='ltr'>μὴ</span> <span class='ocrx_word' id='word_1_664' title='bbox 1394 5020 1602 5079; x_wconf 64' lang='grc' dir='ltr'>ὀναντία</span> <span class='ocrx_word' id='word_1_665' title='bbox 1654 5022 1830 5093; x_wconf 74' lang='grc' dir='ltr'>ἑαυτῷ</span> <span class='ocrx_word' id='word_1_666' title='bbox 1886 5019 2059 5097; x_wconf 70' lang='grc' dir='ltr'>λέγειν</span> 
     </span>
    </p>
   </div>
   <div class='ocr_carea' id='block_1_88' title="bbox 409 5103 2061 5185">
    <p class='ocr_par' dir='ltr' id='par_1_88' title="bbox 409 5103 2061 5185">
     <span class='ocr_line' id='line_1_88' title="bbox 409 5103 2061 5185; baseline 0.002 -21"><span class='ocrx_word' id='word_1_667' title='bbox 409 5104 567 5183; x_wconf 71' lang='grc' dir='ltr'>δόξῃ,</span> <span class='ocrx_word' id='word_1_668' title='bbox 597 5110 716 5175; x_wconf 75' lang='grc' dir='ltr'>καθ’</span> <span class='ocrx_word' id='word_1_669' title='bbox 772 5103 1072 5185; x_wconf 71' lang='grc' dir='ltr'>ὑπερϐατὸν</span> <span class='ocrx_word' id='word_1_670' title='bbox 1134 5108 1473 5167; x_wconf 78' lang='grc' dir='ltr'>συντακτέον.</span> <span class='ocrx_word' id='word_1_671' title='bbox 1540 5108 1604 5169; x_wconf 80' lang='lat' dir='ltr'>Ei</span> <span class='ocrx_word' id='word_1_672' title='bbox 1662 5107 1720 5167; x_wconf 77' lang='grc' dir='ltr'>δὲ</span> <span class='ocrx_word' id='word_1_673' title='bbox 1777 5111 1863 5178; x_wconf 81' lang='grc' dir='ltr'>τὸ,</span> <span class='ocrx_word' id='word_1_674' title='bbox 1896 5134 1924 5163; x_wconf 87' lang='grc'><strong>‹‹</strong></span> <span class='ocrx_word' id='word_1_675' title='bbox 1958 5109 2061 5171; x_wconf 66' lang='lat' dir='ltr'>Ai.-</span> 
     </span>
    </p>
   </div>
   <div class='ocr_carea' id='block_1_89' title="bbox 410 5193 2065 5276">
    <p class='ocr_par' dir='ltr' id='par_1_89' title="bbox 410 5193 2065 5276">
     <span class='ocr_line' id='line_1_89' title="bbox 410 5193 2065 5276; baseline 0.001 -23"><span class='ocrx_word' id='word_1_676' title='bbox 410 5193 595 5267; x_wconf 75' lang='grc' dir='ltr'>λυσαι,</span> <span class='ocrx_word' id='word_1_677' title='bbox 630 5222 659 5250; x_wconf 87' lang='grc'><strong>››</strong></span> <span class='ocrx_word' id='word_1_678' title='bbox 713 5197 837 5276; x_wconf 75' lang='grc' dir='ltr'>οὐχῖ</span> <span class='ocrx_word' id='word_1_679' title='bbox 899 5198 1037 5275; x_wconf 76' lang='grc' dir='ltr'>πρὸς</span> <span class='ocrx_word' id='word_1_680' title='bbox 1093 5198 1222 5262; x_wconf 78' lang='grc' dir='ltr'>τοὺς</span> <span class='ocrx_word' id='word_1_681' title='bbox 1277 5199 1646 5274; x_wconf 67' lang='grc' dir='ltr'>συναφθέντας,</span> <span class='ocrx_word' id='word_1_682' title='bbox 1706 5200 1821 5255; x_wconf 79' lang='grc' dir='ltr'>εἶτα</span> <span class='ocrx_word' id='word_1_683' title='bbox 1873 5197 2065 5255; x_wconf 83' lang='grc' dir='ltr'>διαλυ-</span> 
     </span>
    </p>
   </div>
   <div class='ocr_carea' id='block_1_90' title="bbox 407 5282 2065 5365">
    <p class='ocr_par' dir='ltr' id='par_1_90' title="bbox 407 5282 2065 5365">
     <span class='ocr_line' id='line_1_90' title="bbox 407 5282 2065 5365; baseline 0.001 -22"><span class='ocrx_word' id='word_1_684' title='bbox 407 5282 595 5350; x_wconf 71' lang='grc' dir='ltr'>θέντας</span> <span class='ocrx_word' id='word_1_685' title='bbox 640 5285 915 5359; x_wconf 78' lang='grc' dir='ltr'>ἀκούσεις,</span> <span class='ocrx_word' id='word_1_686' title='bbox 969 5286 1098 5345; x_wconf 72' lang='grc' dir='ltr'>ἀλλ’</span> <span class='ocrx_word' id='word_1_687' title='bbox 1154 5287 1343 5351; x_wconf 83' lang='grc' dir='ltr'>ἁπλῶς</span> <span class='ocrx_word' id='word_1_688' title='bbox 1394 5289 1530 5365; x_wconf 86' lang='grc' dir='ltr'>πρὸς</span> <span class='ocrx_word' id='word_1_689' title='bbox 1580 5288 1710 5350; x_wconf 72' lang='grc' dir='ltr'>τοὺς</span> <span class='ocrx_word' id='word_1_690' title='bbox 1764 5290 1839 5363; x_wconf 79' lang='grc' dir='ltr'>μὴ</span> <span class='ocrx_word' id='word_1_691' title='bbox 1875 5287 2065 5345; x_wconf 83' lang='grc' dir='ltr'>συνελ-</span> 
     </span>
    </p>
   </div>
   <div class='ocr_carea' id='block_1_91' title="bbox 411 5374 2067 5451">
    <p class='ocr_par' dir='ltr' id='par_1_91' title="bbox 411 5374 2067 5451">
     <span class='ocr_line' id='line_1_91' title="bbox 411 5374 2067 5451; baseline 0.002 -21"><span class='ocrx_word' id='word_1_692' title='bbox 411 5374 599 5441; x_wconf 81' lang='grc' dir='ltr'>θόντας</span> <span class='ocrx_word' id='word_1_693' title='bbox 644 5374 791 5441; x_wconf 75' lang='grc' dir='ltr'>ὅλως</span> <span class='ocrx_word' id='word_1_694' title='bbox 848 5376 925 5441; x_wconf 77' lang='grc' dir='ltr'>είς</span> <span class='ocrx_word' id='word_1_695' title='bbox 982 5377 1163 5451; x_wconf 77' lang='grc' dir='ltr'>γάμου</span> <span class='ocrx_word' id='word_1_696' title='bbox 1215 5378 1529 5449; x_wconf 83' lang='grc' dir='ltr'>κοινωνίαν,</span> <span class='ocrx_word' id='word_1_697' title='bbox 1561 5376 1706 5437; x_wconf 77' lang='grc' dir='ltr'>ἀλλὰ</span> <span class='ocrx_word' id='word_1_698' title='bbox 1734 5376 2067 5451; x_wconf 67' lang='grc' dir='ltr'>λελυμάνους</span> 
     </span>
    </p>
   </div>
   <div class='ocr_carea' id='block_1_92' title="bbox 411 5462 2067 5543">
    <p class='ocr_par' dir='ltr' id='par_1_92' title="bbox 411 5462 2067 5543">
     <span class='ocr_line' id='line_1_92' title="bbox 411 5462 2067 5543; baseline 0.002 -23"><span class='ocrx_word' id='word_1_699' title='bbox 411 5462 572 5529; x_wconf 79' lang='grc' dir='ltr'>ὄντας</span> <span class='ocrx_word' id='word_1_700' title='bbox 613 5470 710 5521; x_wconf 74' lang='grc' dir='ltr'>τοῦ</span> <span class='ocrx_word' id='word_1_701' title='bbox 758 5465 1018 5523; x_wconf 84' lang='grc' dir='ltr'>τοιούτου</span> <span class='ocrx_word' id='word_1_702' title='bbox 1068 5464 1295 5541; x_wconf 80' lang='grc' dir='ltr'>δεσμοῦ,</span> <span class='ocrx_word' id='word_1_703' title='bbox 1346 5466 1586 5543; x_wconf 76' lang='grc' dir='ltr'>ἐγχωρεῖ</span> <span class='ocrx_word' id='word_1_704' title='bbox 1632 5468 1721 5524; x_wconf 79' lang='grc' dir='ltr'>καὶ</span> <span class='ocrx_word' id='word_1_705' title='bbox 1760 5467 1897 5523; x_wconf 78' lang='grc' dir='ltr'>κατὰ</span> <span class='ocrx_word' id='word_1_706' title='bbox 1925 5467 2067 5525; x_wconf 84' lang='grc' dir='ltr'>πόδα</span> 
     </span>
    </p>
   </div>
   <div class='ocr_carea' id='block_1_93' title="bbox 411 5552 2065 5634">
    <p class='ocr_par' dir='ltr' id='par_1_93' title="bbox 411 5552 2065 5634">
     <span class='ocr_line' id='line_1_93' title="bbox 411 5552 2065 5634; baseline -0.001 -26"><span class='ocrx_word' id='word_1_707' title='bbox 411 5557 447 5627; x_wconf 76' lang='grc' dir='ltr'><strong>ἡ</strong></span> <span class='ocrx_word' id='word_1_708' title='bbox 481 5553 890 5629; x_wconf 77' lang='grc' dir='ltr'>σύντοξις.«Καὶ</span> <span class='ocrx_word' id='word_1_709' title='bbox 922 5552 1011 5610; x_wconf 77' lang='grc' dir='ltr'>ἐὰν</span> <span class='ocrx_word' id='word_1_710' title='bbox 1046 5556 1206 5631; x_wconf 72' lang='grc' dir='ltr'>γήμῃ</span> <span class='ocrx_word' id='word_1_711' title='bbox 1250 5558 1284 5625; x_wconf 79' lang='grc' dir='ltr'>ἡ</span> <span class='ocrx_word' id='word_1_712' title='bbox 1340 5555 1746 5634; x_wconf 72' lang='grc' dir='ltr'>παρθένος,οὐχ</span> <span class='ocrx_word' id='word_1_713' title='bbox 1776 5557 2003 5631; x_wconf 70' lang='grc' dir='ltr'>ἥμαρτε.</span> <span class='ocrx_word' id='word_1_714' title='bbox 2038 5579 2065 5608; x_wconf 82' lang='grc'><strong>››</strong></span> 
     </span>
    </p>
   </div>
   <div class='ocr_carea' id='block_1_94' title="bbox 413 5639 2065 5721">
    <p class='ocr_par' dir='ltr' id='par_1_94' title="bbox 413 5639 2065 5721">
     <span class='ocr_line' id='line_1_94' title="bbox 413 5639 2065 5721; baseline -0.001 -20"><span class='ocrx_word' id='word_1_715' title='bbox 413 5639 688 5719; x_wconf 72' lang='grc' dir='ltr'>Παρθένον</span> <span class='ocrx_word' id='word_1_716' title='bbox 740 5642 970 5698; x_wconf 71' lang='grc' dir='ltr'>ἐνταῦθά</span> <span class='ocrx_word' id='word_1_717' title='bbox 1026 5664 1191 5717; x_wconf 69' lang='grc' dir='ltr'>φησιν</span> <span class='ocrx_word' id='word_1_718' title='bbox 1240 5643 1302 5698; x_wconf 75' lang='grc' dir='ltr'>οὐ</span> <span class='ocrx_word' id='word_1_719' title='bbox 1352 5644 1452 5711; x_wconf 78' lang='grc' dir='ltr'>τήν</span> <span class='ocrx_word' id='word_1_720' title='bbox 1511 5644 1889 5721; x_wconf 74' lang='grc' dir='ltr'>ἀφιερωμένην</span> <span class='ocrx_word' id='word_1_721' title='bbox 1928 5649 2065 5717; x_wconf 77' lang='grc' dir='ltr'>Θεῷ,</span> 
     </span>
    </p>
   </div>
   <div class='ocr_carea' id='block_1_95' title="bbox 2232 3683 3803 3754">
    <p class='ocr_par' dir='ltr' id='par_1_95' title="bbox 2232 3683 3803 3754">
     <span class='ocr_line' id='line_1_95' title="bbox 2232 3683 3803 3754; baseline 0.002 -13"><span class='ocrx_word' id='word_1_722' title='bbox 2232 3684 2383 3741; x_wconf 70' lang='lat'>485</span> <span class='ocrx_word' id='word_1_723' title='bbox 2416 3683 2609 3741; x_wconf 82' lang='lat' dir='ltr'>Aliud.</span> <span class='ocrx_word' id='word_1_724' title='bbox 2633 3683 2797 3749; x_wconf 85' lang='lat' dir='ltr'>Quod</span> <span class='ocrx_word' id='word_1_725' title='bbox 2829 3684 3067 3754; x_wconf 87' lang='lat' dir='ltr'>dicitur,</span> <span class='ocrx_word' id='word_1_726' title='bbox 3101 3707 3130 3736; x_wconf 77' lang='grc' dir='ltr'>α</span> <span class='ocrx_word' id='word_1_727' title='bbox 3158 3687 3433 3743; x_wconf 87' lang='lat' dir='ltr'>Attamen</span> <span class='ocrx_word' id='word_1_728' title='bbox 3468 3687 3516 3741; x_wconf 86' lang='lat' dir='ltr'>si</span> <span class='ocrx_word' id='word_1_729' title='bbox 3561 3687 3803 3744; x_wconf 78' lang='lat' dir='ltr'>duxeris</span> 
     </span>
    </p>
   </div>
   <div class='ocr_carea' id='block_1_96' title="bbox 2161 3774 3807 3847">
    <p class='ocr_par' dir='ltr' id='par_1_96' title="bbox 2161 3774 3807 3847">
     <span class='ocr_line' id='line_1_96' title="bbox 2161 3774 3807 3847; baseline 0.002 -18"><span class='ocrx_word' id='word_1_730' title='bbox 2161 3791 2558 3840; x_wconf 86' lang='lat' dir='ltr'>uxorem,non</span> <span class='ocrx_word' id='word_1_731' title='bbox 2581 3774 2837 3847; x_wconf 85' lang='lat' dir='ltr'>peccasti</span> <span class='ocrx_word' id='word_1_732' title='bbox 2866 3797 2894 3826; x_wconf 69' lang='grc' dir='ltr'>ιι</span> <span class='ocrx_word' id='word_1_733' title='bbox 2919 3780 2978 3829; x_wconf 87' lang='lat' dir='ltr'>et</span> <span class='ocrx_word' id='word_1_734' title='bbox 3001 3780 3238 3841; x_wconf 82' lang='lat' dir='ltr'>caetera,</span> <span class='ocrx_word' id='word_1_735' title='bbox 3270 3775 3678 3844; x_wconf 86' lang='lat' dir='ltr'>superioribus</span> <span class='ocrx_word' id='word_1_736' title='bbox 3700 3795 3807 3845; x_wconf 89' lang='lat' dir='ltr'>per</span> 
     </span>
    </p>
   </div>
   <div class='ocr_carea' id='block_1_97' title="bbox 2162 3865 3809 3938">
    <p class='ocr_par' dir='ltr' id='par_1_97' title="bbox 2162 3865 3809 3938">
     <span class='ocr_line' id='line_1_97' title="bbox 2162 3865 3809 3938; baseline 0.002 -18"><span class='ocrx_word' id='word_1_737' title='bbox 2162 3865 2530 3937; x_wconf 86' lang='lat' dir='ltr'>hyperbaton</span> <span class='ocrx_word' id='word_1_738' title='bbox 2574 3865 2993 3938; x_wconf 82' lang='lat' dir='ltr'>conjungenda</span> <span class='ocrx_word' id='word_1_739' title='bbox 3044 3870 3203 3927; x_wconf 88' lang='lat' dir='ltr'>sunt,</span> <span class='ocrx_word' id='word_1_740' title='bbox 3243 3870 3422 3934; x_wconf 88' lang='lat' dir='ltr'>puta:</span> <span class='ocrx_word' id='word_1_741' title='bbox 3459 3866 3684 3923; x_wconf 90' lang='lat' dir='ltr'>Bonum</span> <span class='ocrx_word' id='word_1_742' title='bbox 3715 3872 3809 3923; x_wconf 88' lang='lat' dir='ltr'>est</span> 
     </span>
    </p>
   </div>
   <div class='ocr_carea' id='block_1_98' title="bbox 2161 3953 3805 4025">
    <p class='ocr_par' dir='ltr' id='par_1_98' title="bbox 2161 3953 3805 4025">
     <span class='ocr_line' id='line_1_98' title="bbox 2161 3953 3805 4025; baseline 0.001 -14"><span class='ocrx_word' id='word_1_743' title='bbox 2161 3955 2390 4013; x_wconf 85' lang='lat' dir='ltr'>homini</span> <span class='ocrx_word' id='word_1_744' title='bbox 2423 3956 2507 4011; x_wconf 87' lang='lat' dir='ltr'>sic</span> <span class='ocrx_word' id='word_1_745' title='bbox 2536 3972 2667 4012; x_wconf 87' lang='lat' dir='ltr'>esse</span> <span class='ocrx_word' id='word_1_746' title='bbox 2697 3974 2709 4012; x_wconf 91' lang='lat'>:</span> <span class='ocrx_word' id='word_1_747' title='bbox 2745 3961 3007 4011; x_wconf 75' lang='lat' dir='ltr'>attamen</span> <span class='ocrx_word' id='word_1_748' title='bbox 3038 3955 3087 4009; x_wconf 90' lang='lat' dir='ltr'>si</span> <span class='ocrx_word' id='word_1_749' title='bbox 3114 3953 3352 4009; x_wconf 83' lang='lat' dir='ltr'>duxeris</span> <span class='ocrx_word' id='word_1_750' title='bbox 3383 3970 3650 4025; x_wconf 88' lang='lat' dir='ltr'>uxorem,</span> <span class='ocrx_word' id='word_1_751' title='bbox 3682 3973 3805 4012; x_wconf 89' lang='lat' dir='ltr'>non</span> 
     </span>
    </p>
   </div>
   <div class='ocr_carea' id='block_1_99' title="bbox 2162 4041 3807 4115">
    <p class='ocr_par' dir='ltr' id='par_1_99' title="bbox 2162 4041 3807 4115">
     <span class='ocr_line' id='line_1_99' title="bbox 2162 4041 3807 4115; baseline -0.001 -12"><span class='ocrx_word' id='word_1_752' title='bbox 2162 4046 2417 4115; x_wconf 83' lang='lat' dir='ltr'>peccasti</span> <span class='ocrx_word' id='word_1_753' title='bbox 2446 4062 2460 4110; x_wconf 88' lang='lat'><strong>;</strong></span> <span class='ocrx_word' id='word_1_754' title='bbox 2495 4051 2604 4100; x_wconf 90' lang='lat' dir='ltr'>etc.</span> <span class='ocrx_word' id='word_1_755' title='bbox 2638 4059 2834 4115; x_wconf 86' lang='lat' dir='ltr'>neque</span> <span class='ocrx_word' id='word_1_756' title='bbox 2864 4042 3024 4099; x_wconf 87' lang='lat' dir='ltr'>enim</span> <span class='ocrx_word' id='word_1_757' title='bbox 3051 4041 3331 4113; x_wconf 80' lang='lat' dir='ltr'>conjungi</span> <span class='ocrx_word' id='word_1_758' title='bbox 3362 4041 3538 4099; x_wconf 88' lang='lat' dir='ltr'>debet</span> <span class='ocrx_word' id='word_1_759' title='bbox 3571 4061 3704 4100; x_wconf 89' lang='lat' dir='ltr'>cum</span> <span class='ocrx_word' id='word_1_760' title='bbox 3737 4062 3807 4101; x_wconf 92' lang='lat' dir='ltr'>eo</span> 
     </span>
    </p>
   </div>
   <div class='ocr_carea' id='block_1_100' title="bbox 2163 4130 3806 4204">
    <p class='ocr_par' dir='ltr' id='par_1_100' title="bbox 2163 4130 3806 4204">
     <span class='ocr_line' id='line_1_100' title="bbox 2163 4130 3806 4204; baseline 0.001 -16"><span class='ocrx_word' id='word_1_761' title='bbox 2163 4133 2324 4203; x_wconf 91' lang='lat' dir='ltr'>quod</span> <span class='ocrx_word' id='word_1_762' title='bbox 2353 4133 2609 4188; x_wconf 89' lang='lat' dir='ltr'>dicitur:</span> <span class='ocrx_word' id='word_1_763' title='bbox 2643 4154 2671 4180; x_wconf 89' lang='grc'>‹‹</span> <span class='ocrx_word' id='word_1_764' title='bbox 2722 4131 2959 4187; x_wconf 87' lang='lat' dir='ltr'>Solutus</span> <span class='ocrx_word' id='word_1_765' title='bbox 2990 4147 3052 4185; x_wconf 83' lang='lat' dir='ltr'>es</span> <span class='ocrx_word' id='word_1_766' title='bbox 3103 4130 3177 4185; x_wconf 89' lang='lat' dir='ltr'>ab</span> <span class='ocrx_word' id='word_1_767' title='bbox 3226 4147 3428 4197; x_wconf 89' lang='lat' dir='ltr'>uxore,</span> <span class='ocrx_word' id='word_1_768' title='bbox 3460 4149 3535 4187; x_wconf 87' lang='lat' dir='ltr'>ne</span> <span class='ocrx_word' id='word_1_769' title='bbox 3574 4151 3806 4204; x_wconf 68' lang='lat' dir='ltr'>qumras</span> 
     </span>
    </p>
   </div>
   <div class='ocr_carea' id='block_1_101' title="bbox 2163 4219 3807 4291">
    <p class='ocr_par' dir='ltr' id='par_1_101' title="bbox 2163 4219 3807 4291">
     <span class='ocr_line' id='line_1_101' title="bbox 2163 4219 3807 4291; baseline -0.003 -13"><span class='ocrx_word' id='word_1_770' title='bbox 2163 4224 2708 4278; x_wconf 78' lang='lat' dir='ltr'>uxorem.Attamen</span> <span class='ocrx_word' id='word_1_771' title='bbox 2733 4219 2780 4275; x_wconf 87' lang='lat' dir='ltr'>si</span> <span class='ocrx_word' id='word_1_772' title='bbox 2803 4220 3042 4276; x_wconf 81' lang='lat' dir='ltr'>duxeris</span> <span class='ocrx_word' id='word_1_773' title='bbox 3064 4235 3329 4284; x_wconf 85' lang='lat' dir='ltr'>uxorem,</span> <span class='ocrx_word' id='word_1_774' title='bbox 3348 4237 3469 4276; x_wconf 90' lang='lat' dir='ltr'>non</span> <span class='ocrx_word' id='word_1_775' title='bbox 3492 4223 3807 4291; x_wconf 67' lang='lat' dir='ltr'>peccasti.»</span> 
     </span>
    </p>
   </div>
   <div class='ocr_carea' id='block_1_102' title="bbox 2166 4307 3815 4381">
    <p class='ocr_par' dir='ltr' id='par_1_102' title="bbox 2166 4307 3815 4381">
     <span class='ocr_line' id='line_1_102' title="bbox 2166 4307 3815 4381; baseline 0.002 -17"><span class='ocrx_word' id='word_1_776' title='bbox 2166 4310 2431 4365; x_wconf 87' lang='lat' dir='ltr'>Primum</span> <span class='ocrx_word' id='word_1_777' title='bbox 2462 4307 2729 4379; x_wconf 88' lang='lat' dir='ltr'>quidem,</span> <span class='ocrx_word' id='word_1_778' title='bbox 2760 4325 2881 4363; x_wconf 89' lang='lat' dir='ltr'>non</span> <span class='ocrx_word' id='word_1_779' title='bbox 2912 4314 3071 4366; x_wconf 83' lang='lat' dir='ltr'>recte</span> <span class='ocrx_word' id='word_1_780' title='bbox 3123 4309 3511 4378; x_wconf 84' lang='lat' dir='ltr'>consequitur</span> <span class='ocrx_word' id='word_1_781' title='bbox 3542 4318 3815 4381; x_wconf 85' lang='lat' dir='ltr'>sumptus</span> 
     </span>
    </p>
   </div>
   <div class='ocr_carea' id='block_1_103' title="bbox 2167 4396 3811 4469">
    <p class='ocr_par' dir='ltr' id='par_1_103' title="bbox 2167 4396 3811 4469">
     <span class='ocr_line' id='line_1_103' title="bbox 2167 4396 3811 4469; baseline 0.001 -17"><span class='ocrx_word' id='word_1_782' title='bbox 2167 4396 2280 4453; x_wconf 85' lang='lat' dir='ltr'>hoc</span> <span class='ocrx_word' id='word_1_783' title='bbox 2307 4397 2485 4453; x_wconf 90' lang='lat' dir='ltr'>modo</span> <span class='ocrx_word' id='word_1_784' title='bbox 2530 4396 2893 4452; x_wconf 85' lang='lat' dir='ltr'>intellectus.</span> <span class='ocrx_word' id='word_1_785' title='bbox 2923 4397 3075 4461; x_wconf 86' lang='lat' dir='ltr'>Quid</span> <span class='ocrx_word' id='word_1_786' title='bbox 3110 4397 3273 4453; x_wconf 89' lang='lat' dir='ltr'>enim</span> <span class='ocrx_word' id='word_1_787' title='bbox 3323 4398 3595 4453; x_wconf 88' lang='lat' dir='ltr'>convenit</span> <span class='ocrx_word' id='word_1_788' title='bbox 3625 4399 3676 4454; x_wconf 89' lang='lat' dir='ltr'>ei</span> <span class='ocrx_word' id='word_1_789' title='bbox 3709 4398 3811 4469; x_wconf 82' lang='lat' dir='ltr'>qui</span> 
     </span>
    </p>
   </div>
   <div class='ocr_carea' id='block_1_104' title="bbox 2161 4484 3811 4559">
    <p class='ocr_par' dir='ltr' id='par_1_104' title="bbox 2161 4484 3811 4559">
     <span class='ocr_line' id='line_1_104' title="bbox 2161 4484 3811 4559; baseline 0 -17"><span class='ocrx_word' id='word_1_790' title='bbox 2161 4487 2290 4559; x_wconf 86' lang='lat' dir='ltr'>jam</span> <span class='ocrx_word' id='word_1_791' title='bbox 2310 4486 2563 4543; x_wconf 81' lang='lat' dir='ltr'>duxerat</span> <span class='ocrx_word' id='word_1_792' title='bbox 2585 4492 2645 4541; x_wconf 90' lang='lat' dir='ltr'>et</span> <span class='ocrx_word' id='word_1_793' title='bbox 2664 4485 2896 4542; x_wconf 90' lang='lat' dir='ltr'>solutus</span> <span class='ocrx_word' id='word_1_794' title='bbox 2917 4490 3008 4541; x_wconf 88' lang='lat' dir='ltr'>est</span> <span class='ocrx_word' id='word_1_795' title='bbox 3025 4484 3220 4540; x_wconf 89' lang='lat' dir='ltr'>dicere</span> <span class='ocrx_word' id='word_1_796' title='bbox 3246 4501 3259 4539; x_wconf 93' lang='lat'>:</span> <span class='ocrx_word' id='word_1_797' title='bbox 3283 4506 3314 4534; x_wconf 85' lang='lat'>«</span> <span class='ocrx_word' id='word_1_798' title='bbox 3336 4488 3609 4541; x_wconf 87' lang='lat' dir='ltr'>Attamen</span> <span class='ocrx_word' id='word_1_799' title='bbox 3631 4487 3679 4541; x_wconf 91' lang='lat' dir='ltr'>si</span> <span class='ocrx_word' id='word_1_800' title='bbox 3700 4487 3811 4542; x_wconf 83' lang='lat' dir='ltr'>du-</span> 
     </span>
    </p>
   </div>
   <div class='ocr_carea' id='block_1_105' title="bbox 2166 4572 3812 4643">
    <p class='ocr_par' dir='ltr' id='par_1_105' title="bbox 2166 4572 3812 4643">
     <span class='ocr_line' id='line_1_105' title="bbox 2166 4572 3812 4643; baseline 0.001 -12"><span class='ocrx_word' id='word_1_801' title='bbox 2166 4575 2325 4631; x_wconf 86' lang='lat' dir='ltr'>xeris</span> <span class='ocrx_word' id='word_1_802' title='bbox 2354 4591 2601 4630; x_wconf 87' lang='lat' dir='ltr'>uxorem</span> <span class='ocrx_word' id='word_1_803' title='bbox 2622 4574 2649 4630; x_wconf 73' lang='lat' dir='ltr'>‘I</span> <span class='ocrx_word' id='word_1_804' title='bbox 2671 4596 2699 4624; x_wconf 75' lang='grc' dir='ltr'>ιο</span> <span class='ocrx_word' id='word_1_805' title='bbox 2731 4575 2877 4630; x_wconf 82' lang='lat' dir='ltr'>Nam</span> <span class='ocrx_word' id='word_1_806' title='bbox 2907 4574 3018 4628; x_wconf 90' lang='lat' dir='ltr'>hoc</span> <span class='ocrx_word' id='word_1_807' title='bbox 3047 4572 3120 4625; x_wconf 89' lang='lat' dir='ltr'>iis</span> <span class='ocrx_word' id='word_1_808' title='bbox 3148 4577 3387 4643; x_wconf 86' lang='lat' dir='ltr'>aptatur</span> <span class='ocrx_word' id='word_1_809' title='bbox 3416 4573 3517 4643; x_wconf 86' lang='lat' dir='ltr'>qui</span> <span class='ocrx_word' id='word_1_810' title='bbox 3546 4574 3812 4632; x_wconf 86' lang='lat' dir='ltr'>nondum</span> 
     </span>
    </p>
   </div>
   <div class='ocr_carea' id='block_1_106' title="bbox 2170 4661 3809 4734">
    <p class='ocr_par' dir='ltr' id='par_1_106' title="bbox 2170 4661 3809 4734">
     <span class='ocr_line' id='line_1_106' title="bbox 2170 4661 3809 4734; baseline -0.001 -14"><span class='ocrx_word' id='word_1_811' title='bbox 2170 4680 2417 4720; x_wconf 82' lang='lat' dir='ltr'>uxorem</span> <span class='ocrx_word' id='word_1_812' title='bbox 2448 4664 2772 4721; x_wconf 79' lang='lat' dir='ltr'>duxerunt.</span> <span class='ocrx_word' id='word_1_813' title='bbox 2806 4661 3029 4719; x_wconf 89' lang='lat' dir='ltr'>Deinde</span> <span class='ocrx_word' id='word_1_814' title='bbox 3060 4676 3196 4716; x_wconf 89' lang='lat' dir='ltr'>vero</span> <span class='ocrx_word' id='word_1_815' title='bbox 3243 4677 3523 4731; x_wconf 83' lang='lat' dir='ltr'>magnum</span> <span class='ocrx_word' id='word_1_816' title='bbox 3553 4668 3644 4717; x_wconf 86' lang='lat' dir='ltr'>est</span> <span class='ocrx_word' id='word_1_817' title='bbox 3672 4680 3809 4734; x_wconf 82' lang='lat' dir='ltr'>pec-</span> 
     </span>
    </p>
   </div>
   <div class='ocr_carea' id='block_1_107' title="bbox 2171 4749 3811 4824">
    <p class='ocr_par' dir='ltr' id='par_1_107' title="bbox 2171 4749 3811 4824">
     <span class='ocr_line' id='line_1_107' title="bbox 2171 4749 3811 4824; baseline -0.002 -14"><span class='ocrx_word' id='word_1_818' title='bbox 2171 4760 2391 4823; x_wconf 87' lang='lat' dir='ltr'>catum,</span> <span class='ocrx_word' id='word_1_819' title='bbox 2424 4753 2473 4808; x_wconf 89' lang='lat' dir='ltr'>si</span> <span class='ocrx_word' id='word_1_820' title='bbox 2505 4754 2554 4809; x_wconf 90' lang='lat' dir='ltr'>is</span> <span class='ocrx_word' id='word_1_821' title='bbox 2587 4754 2688 4824; x_wconf 90' lang='lat' dir='ltr'>qui</span> <span class='ocrx_word' id='word_1_822' title='bbox 2719 4752 2948 4808; x_wconf 88' lang='lat' dir='ltr'>solutus</span> <span class='ocrx_word' id='word_1_823' title='bbox 2979 4754 3068 4811; x_wconf 86' lang='lat' dir='ltr'>est</span> <span class='ocrx_word' id='word_1_824' title='bbox 3087 4749 3161 4805; x_wconf 89' lang='lat' dir='ltr'>ab</span> <span class='ocrx_word' id='word_1_825' title='bbox 3191 4766 3374 4804; x_wconf 83' lang='lat' dir='ltr'>uxore</span> <span class='ocrx_word' id='word_1_826' title='bbox 3405 4750 3585 4806; x_wconf 88' lang='lat' dir='ltr'>aliam</span> <span class='ocrx_word' id='word_1_827' title='bbox 3615 4750 3811 4807; x_wconf 83' lang='lat' dir='ltr'>ducat.</span> 
     </span>
    </p>
   </div>
   <div class='ocr_carea' id='block_1_108' title="bbox 2170 4838 3815 4915">
    <p class='ocr_par' dir='ltr' id='par_1_108' title="bbox 2170 4838 3815 4915">
     <span class='ocr_line' id='line_1_108' title="bbox 2170 4838 3815 4915; baseline -0.002 -16"><span class='ocrx_word' id='word_1_828' title='bbox 2170 4844 2374 4915; x_wconf 88' lang='lat' dir='ltr'>Itaque</span> <span class='ocrx_word' id='word_1_829' title='bbox 2404 4859 2526 4899; x_wconf 89' lang='lat' dir='ltr'>non</span> <span class='ocrx_word' id='word_1_830' title='bbox 2555 4844 2751 4913; x_wconf 89' lang='lat' dir='ltr'>potest</span> <span class='ocrx_word' id='word_1_831' title='bbox 2777 4856 2846 4895; x_wconf 90' lang='lat' dir='ltr'>eo</span> <span class='ocrx_word' id='word_1_832' title='bbox 2875 4839 3049 4896; x_wconf 90' lang='lat' dir='ltr'>modo</span> <span class='ocrx_word' id='word_1_833' title='bbox 3079 4838 3360 4911; x_wconf 76' lang='lat' dir='ltr'>conjungi</span> <span class='ocrx_word' id='word_1_834' title='bbox 3390 4840 3815 4911; x_wconf 86' lang='lat' dir='ltr'>particula,sed</span> 
     </span>
    </p>
   </div>
   <div class='ocr_carea' id='block_1_109' title="bbox 2173 4930 3812 5003">
    <p class='ocr_par' dir='ltr' id='par_1_109' title="bbox 2173 4930 3812 5003">
     <span class='ocr_line' id='line_1_109' title="bbox 2173 4930 3812 5003; baseline -0.001 -14"><span class='ocrx_word' id='word_1_835' title='bbox 2173 4933 2324 4990; x_wconf 88' lang='lat' dir='ltr'>sicut</span> <span class='ocrx_word' id='word_1_836' title='bbox 2355 4932 2520 5003; x_wconf 88' lang='lat' dir='ltr'>prius</span> <span class='ocrx_word' id='word_1_837' title='bbox 2556 4931 2779 4988; x_wconf 88' lang='lat' dir='ltr'>dictum</span> <span class='ocrx_word' id='word_1_838' title='bbox 2826 4935 2935 4986; x_wconf 87' lang='lat' dir='ltr'>est.</span> <span class='ocrx_word' id='word_1_839' title='bbox 2985 4931 3129 4986; x_wconf 85' lang='lat' dir='ltr'>Nam</span> <span class='ocrx_word' id='word_1_840' title='bbox 3178 4934 3237 4984; x_wconf 92' lang='lat' dir='ltr'>et</span> <span class='ocrx_word' id='word_1_841' title='bbox 3283 4930 3459 5000; x_wconf 85' lang='lat' dir='ltr'>paulo</span> <span class='ocrx_word' id='word_1_842' title='bbox 3504 4936 3641 4986; x_wconf 85' lang='lat' dir='ltr'>ante</span> <span class='ocrx_word' id='word_1_843' title='bbox 3690 4931 3812 4987; x_wconf 85' lang='lat' dir='ltr'>ait:</span> 
     </span>
    </p>
   </div>
   <div class='ocr_carea' id='block_1_110' title="bbox 2171 5017 3815 5094">
    <p class='ocr_par' dir='ltr' id='par_1_110' title="bbox 2171 5017 3815 5094">
     <span class='ocr_line' id='line_1_110' title="bbox 2171 5017 3815 5094; baseline -0.003 -19"><span class='ocrx_word' id='word_1_844' title='bbox 2171 5046 2199 5075; x_wconf 84' lang='grc'><strong>‹‹</strong></span> <span class='ocrx_word' id='word_1_845' title='bbox 2231 5021 2397 5089; x_wconf 88' lang='lat' dir='ltr'>Quod</span> <span class='ocrx_word' id='word_1_846' title='bbox 2428 5021 2475 5077; x_wconf 85' lang='lat' dir='ltr'>si</span> <span class='ocrx_word' id='word_1_847' title='bbox 2508 5019 2685 5075; x_wconf 83' lang='lat' dir='ltr'>etiam</span> <span class='ocrx_word' id='word_1_848' title='bbox 2713 5024 2985 5090; x_wconf 87' lang='lat' dir='ltr'>separata</span> <span class='ocrx_word' id='word_1_849' title='bbox 3013 5017 3214 5086; x_wconf 86' lang='lat' dir='ltr'>fuerit,</span> <span class='ocrx_word' id='word_1_850' title='bbox 3237 5026 3477 5077; x_wconf 86' lang='lat' dir='ltr'>maneat</span> <span class='ocrx_word' id='word_1_851' title='bbox 3506 5020 3815 5094; x_wconf 83' lang='lat' dir='ltr'>innupta.»</span> 
     </span>
    </p>
   </div>
   <div class='ocr_carea' id='block_1_111' title="bbox 2171 5106 3817 5182">
    <p class='ocr_par' dir='ltr' id='par_1_111' title="bbox 2171 5106 3817 5182">
     <span class='ocr_line' id='line_1_111' title="bbox 2171 5106 3817 5182; baseline 0 -15"><span class='ocrx_word' id='word_1_852' title='bbox 2171 5115 2419 5182; x_wconf 87' lang='lat' dir='ltr'>Propter</span> <span class='ocrx_word' id='word_1_853' title='bbox 2449 5108 2554 5165; x_wconf 87' lang='lat' dir='ltr'>illa</span> <span class='ocrx_word' id='word_1_854' title='bbox 2584 5108 2761 5180; x_wconf 70' lang='lat' dir='ltr'>igitur</span> <span class='ocrx_word' id='word_1_855' title='bbox 2791 5124 2921 5179; x_wconf 58' lang='lat' dir='ltr'>quas</span> <span class='ocrx_word' id='word_1_856' title='bbox 2952 5106 3110 5162; x_wconf 88' lang='lat' dir='ltr'>dicta</span> <span class='ocrx_word' id='word_1_857' title='bbox 3139 5113 3297 5174; x_wconf 87' lang='lat' dir='ltr'>sunt,</span> <span class='ocrx_word' id='word_1_858' title='bbox 3329 5108 3509 5165; x_wconf 87' lang='lat' dir='ltr'>etiam</span> <span class='ocrx_word' id='word_1_859' title='bbox 3550 5126 3817 5181; x_wconf 72' lang='lat' dir='ltr'>prmsens</span> 
     </span>
    </p>
   </div>
   <div class='ocr_carea' id='block_1_112' title="bbox 2172 5194 3819 5271">
    <p class='ocr_par' dir='ltr' id='par_1_112' title="bbox 2172 5194 3819 5271">
     <span class='ocr_line' id='line_1_112' title="bbox 2172 5194 3819 5271; baseline -0.001 -15"><span class='ocrx_word' id='word_1_860' title='bbox 2172 5199 2439 5267; x_wconf 88' lang='lat' dir='ltr'>verbum,</span> <span class='ocrx_word' id='word_1_861' title='bbox 2462 5215 2535 5257; x_wconf 86' lang='lat' dir='ltr'>ne</span> <span class='ocrx_word' id='word_1_862' title='bbox 2568 5196 2681 5253; x_wconf 89' lang='lat' dir='ltr'>sibi</span> <span class='ocrx_word' id='word_1_863' title='bbox 2713 5195 3012 5253; x_wconf 88' lang='lat' dir='ltr'>contraria</span> <span class='ocrx_word' id='word_1_864' title='bbox 3040 5194 3240 5251; x_wconf 86' lang='lat' dir='ltr'>dicere</span> <span class='ocrx_word' id='word_1_865' title='bbox 3268 5196 3556 5265; x_wconf 88' lang='lat' dir='ltr'>videatur,</span> <span class='ocrx_word' id='word_1_866' title='bbox 3580 5217 3687 5271; x_wconf 87' lang='lat' dir='ltr'>per</span> <span class='ocrx_word' id='word_1_867' title='bbox 3716 5200 3819 5271; x_wconf 83' lang='lat' dir='ltr'>hy-</span> 
     </span>
    </p>
   </div>
   <div class='ocr_carea' id='block_1_113' title="bbox 2175 5286 3817 5360">
    <p class='ocr_par' dir='ltr' id='par_1_113' title="bbox 2175 5286 3817 5360">
     <span class='ocr_line' id='line_1_113' title="bbox 2175 5286 3817 5360; baseline 0.001 -16"><span class='ocrx_word' id='word_1_868' title='bbox 2175 5287 2459 5360; x_wconf 87' lang='lat' dir='ltr'>perbaton</span> <span class='ocrx_word' id='word_1_869' title='bbox 2511 5286 2996 5359; x_wconf 76' lang='lat' dir='ltr'>conjungendum</span> <span class='ocrx_word' id='word_1_870' title='bbox 3048 5290 3156 5341; x_wconf 90' lang='lat' dir='ltr'>est.</span> <span class='ocrx_word' id='word_1_871' title='bbox 3198 5286 3362 5350; x_wconf 85' lang='lat' dir='ltr'>Quod</span> <span class='ocrx_word' id='word_1_872' title='bbox 3406 5287 3454 5342; x_wconf 87' lang='lat' dir='ltr'>si</span> <span class='ocrx_word' id='word_1_873' title='bbox 3494 5287 3817 5346; x_wconf 88' lang='lat' dir='ltr'>dictionem</span> 
     </span>
    </p>
   </div>
   <div class='ocr_carea' id='block_1_114' title="bbox 2176 5373 3819 5447">
    <p class='ocr_par' dir='ltr' id='par_1_114' title="bbox 2176 5373 3819 5447">
     <span class='ocr_line' id='line_1_114' title="bbox 2176 5373 3819 5447; baseline 0.004 -19"><span class='ocrx_word' id='word_1_874' title='bbox 2176 5399 2205 5428; x_wconf 77' lang='grc' dir='ltr'>ιι</span> <span class='ocrx_word' id='word_1_875' title='bbox 2237 5375 2471 5432; x_wconf 87' lang='lat' dir='ltr'>Solutus</span> <span class='ocrx_word' id='word_1_876' title='bbox 2501 5392 2586 5444; x_wconf 88' lang='lat' dir='ltr'>es,</span> <span class='ocrx_word' id='word_1_877' title='bbox 2620 5397 2648 5426; x_wconf 69' lang='grc' dir='ltr'><strong>η</strong></span> <span class='ocrx_word' id='word_1_878' title='bbox 2682 5391 2801 5431; x_wconf 90' lang='lat' dir='ltr'>non</span> <span class='ocrx_word' id='word_1_879' title='bbox 2833 5373 2909 5430; x_wconf 90' lang='lat' dir='ltr'>ad</span> <span class='ocrx_word' id='word_1_880' title='bbox 2956 5391 3058 5431; x_wconf 87' lang='lat' dir='ltr'>eos</span> <span class='ocrx_word' id='word_1_881' title='bbox 3088 5375 3191 5447; x_wconf 87' lang='lat' dir='ltr'>qui</span> <span class='ocrx_word' id='word_1_882' title='bbox 3221 5377 3526 5447; x_wconf 86' lang='lat' dir='ltr'>conjuncti</span> <span class='ocrx_word' id='word_1_883' title='bbox 3555 5378 3819 5447; x_wconf 87' lang='lat' dir='ltr'>fuerunt,</span> 
     </span>
    </p>
   </div>
   <div class='ocr_carea' id='block_1_115' title="bbox 2176 5463 3822 5538">
    <p class='ocr_par' dir='ltr' id='par_1_115' title="bbox 2176 5463 3822 5538">
     <span class='ocr_line' id='line_1_115' title="bbox 2176 5463 3822 5538; baseline 0 -16"><span class='ocrx_word' id='word_1_884' title='bbox 2176 5472 2234 5522; x_wconf 86' lang='lat' dir='ltr'>et</span> <span class='ocrx_word' id='word_1_885' title='bbox 2261 5464 2475 5521; x_wconf 90' lang='lat' dir='ltr'>deinde</span> <span class='ocrx_word' id='word_1_886' title='bbox 2506 5464 2685 5522; x_wconf 83' lang='lat' dir='ltr'>soluti</span> <span class='ocrx_word' id='word_1_887' title='bbox 2717 5470 2874 5532; x_wconf 86' lang='lat' dir='ltr'>sunt,</span> <span class='ocrx_word' id='word_1_888' title='bbox 2907 5463 3206 5533; x_wconf 90' lang='lat' dir='ltr'>retuleris,</span> <span class='ocrx_word' id='word_1_889' title='bbox 3237 5466 3340 5522; x_wconf 93' lang='lat' dir='ltr'>sed</span> <span class='ocrx_word' id='word_1_890' title='bbox 3372 5468 3723 5538; x_wconf 87' lang='lat' dir='ltr'>simpliciter</span> <span class='ocrx_word' id='word_1_891' title='bbox 3746 5466 3822 5523; x_wconf 87' lang='lat' dir='ltr'>ad</span> 
     </span>
    </p>
   </div>
   <div class='ocr_carea' id='block_1_116' title="bbox 2177 5554 3820 5628">
    <p class='ocr_par' dir='ltr' id='par_1_116' title="bbox 2177 5554 3820 5628">
     <span class='ocr_line' id='line_1_116' title="bbox 2177 5554 3820 5628; baseline -0.002 -15"><span class='ocrx_word' id='word_1_892' title='bbox 2177 5573 2278 5613; x_wconf 89' lang='lat' dir='ltr'>eos</span> <span class='ocrx_word' id='word_1_893' title='bbox 2291 5554 2651 5627; x_wconf 88' lang='lat' dir='ltr'>quiomnino</span> <span class='ocrx_word' id='word_1_894' title='bbox 2664 5571 2784 5609; x_wconf 91' lang='lat' dir='ltr'>non</span> <span class='ocrx_word' id='word_1_895' title='bbox 2799 5554 3291 5612; x_wconf 90' lang='lat' dir='ltr'>conveneruntad</span> <span class='ocrx_word' id='word_1_896' title='bbox 3306 5556 3820 5628; x_wconf 88' lang='lat' dir='ltr'>participationem</span> 
     </span>
    </p>
   </div>
   <div class='ocr_carea' id='block_1_117' title="bbox 2176 5642 3821 5717">
    <p class='ocr_par' dir='ltr' id='par_1_117' title="bbox 2176 5642 3821 5717">
     <span class='ocr_line' id='line_1_117' title="bbox 2176 5642 3821 5717; baseline -0.002 -15"><span class='ocrx_word' id='word_1_897' title='bbox 2176 5644 2458 5717; x_wconf 79' lang='lat' dir='ltr'>conjugii,</span> <span class='ocrx_word' id='word_1_898' title='bbox 2492 5643 2595 5699; x_wconf 86' lang='lat' dir='ltr'>sed</span> <span class='ocrx_word' id='word_1_899' title='bbox 2617 5645 2692 5699; x_wconf 89' lang='lat' dir='ltr'>ab</span> <span class='ocrx_word' id='word_1_900' title='bbox 2723 5643 3064 5714; x_wconf 78' lang='lat' dir='ltr'>hujusmodi</span> <span class='ocrx_word' id='word_1_901' title='bbox 3091 5642 3325 5701; x_wconf 85' lang='lat' dir='ltr'>vinculo</span> <span class='ocrx_word' id='word_1_902' title='bbox 3357 5643 3528 5699; x_wconf 88' lang='lat' dir='ltr'>liberi</span> <span class='ocrx_word' id='word_1_903' title='bbox 3555 5650 3615 5700; x_wconf 91' lang='lat' dir='ltr'>et</span> <span class='ocrx_word' id='word_1_904' title='bbox 3643 5643 3821 5700; x_wconf 86' lang='lat' dir='ltr'>soluti</span> 
     </span>
    </p>
   </div>
  </div>
