4188 6196
439 354 557 417 ’139

1559 347 1805 412 (ΕΟΠΜ
1815 349 1942 409 ENI
1983 347 2293 409 'I‘RICCAS
2337 346 2709 409 EPISCOPI.

3727 355 3852 414 ἨΟ

439 500 599 561 sunt,
632 492 828 546 locum
859 488 1036 545 habet
1067 504 1199 559 qua:
1245 487 1448 542 statim
1483 501 1613 542 sese
1645 486 1817 540 oﬁert
1847 484 2086 539 ordina-

2201 476 2349 535 ἀΛλὰ
2377 482 2477 551 τήν
2509 482 2719 556 ἄγαμον
2767 480 2955 557 κόρην.
3019 483 3107 545 Ὠς
3161 485 3257 559 ἦγε
3312 484 3673 564 ἀφιερωθεῖσα
3703 493 3848 560 Θεῷ,

443 583 544 637 tio.
571 602 600 631 ‹‹
627 578 763 634 Etsi
788 577 1058 649 nupserit
1078 577 1261 648 virgo,
1287 592 1406 631 non
1430 574 1711 646 peccavit.
1737 596 1764 623 ››
1788 573 2087 645 Virginem

443 671 555 723 hoc
587 669 714 723 loco
734 666 997 738 appellat
1018 682 1139 722 non
1162 682 1291 722 eam
1316 682 1446 736 quae
1476 665 1589 719 Deo
1613 668 1960 718 consecrata
1982 667 2092 745 est,

444 757 546 811 sed
580 757 891 827 innuptam
926 755 1210 827 puellam.
1244 757 1388 809 Nam
1433 771 1564 825 quae
1599 754 1713 807 Deo
1746 756 2094 806 consecrata

442 851 535 901 est
563 844 611 899 si
644 845 934 916 nupserit,
967 844 1198 899 Christo
1231 842 1426 898 reddit
1455 842 1791 897 adulterum
1829 856 1963 894 eum
1995 838 2089 893 cui

439 935 631 990 nubit.
667 957 695 984 «
728 934 1131 989 Afflictionem
1157 939 1353 988 tamen
1375 933 1436 986 in
1458 947 1635 986 carne
1656 929 1962 985 habebunt
1978 929 2085 982 hu-

431 1024 720 1097 jusmodi.
757 1045 785 1073 ››
813 1023 922 1089 Qui
953 1023 1423 1089 matrimonium,
1458 1021 1675 1091 inquit,
1708 1018 2086 1083 contrahunt,

2199 568 2455 646 εἷγήμῃ,
2507 570 2709 649 μοιχὸν
2766 569 3008 647 ἐπιφέρει
3064 571 3145 645 τῷ
3201 574 3849 654 Χριστῷ,ᾦνενύμφευ-

2201 680 2310 714 ται.
2370 685 2397 711 ‹‹
2430 657 2628 733 Θλίψιν
2683 658 2739 715 δὲ
2792 656 2969 729 ἕξουσι
3020 665 3090 735 τῇ
3150 663 3328 739 σαρκί.
3368 688 3390 717 ε
3426 666 3489 719 Οἱ
3517 670 3844 743 γαμοῦντες,

2201 747 2353 827 φησῖ,
2388 747 2570 822 θλίψιν
2615 747 2814 822 ἕξουσι,
2874 747 2965 805 διὰ
3020 752 3117 813 τὰς
3171 750 3222 806 ἐν
3277 757 3359 825 τῷ
3411 754 3575 829 γάμῳ
3633 753 3835 816 λύπας.

2202 861 2230 888 ‹‹
2261 837 2401 910 Ἐγὼ
2460 834 2537 906 δὲ,
2596 838 2753 917 φησὶ,
2812 836 3071 915 φείδομαι
3137 840 3316 914 ὑμῶν,
3349 865 3377 891 ››
3408 841 3484 904 ὡς
3510 841 3729 911 τέκνων,
3758 843 3849 897 καί

2201 924 2477 1000 βούλομαι
2528 924 2842 1002 ἐλευθέρους
2902 928 3039 983 εἶναι
3098 928 3185 983 καὶ
3233 928 3501 993 ἀλύπους.
3557 933 3705 994 Τέως
3745 932 3843 1007 γὰρ

2197 1015 2248 1070 ἐν
2305 1012 2525 1088 δεσμοῖς
2578 1017 2899 1092 τυγχάνετε.
2960 1040 2988 1069 ‹‹
3049 1014 3267 1074 Δέδεσαι
3332 1020 3459 1096 γὰρ,
3519 1019 3675 1098 φησὶ,
3741 1043 3845 1095 γυ-

438 1114 825 1170 aiﬁictionem
857 1112 1161 1168 habebunt
1182 1111 1255 1167 ob
1280 1127 1561 1166 mwrores
1592 1110 1691 1180 qui
1718 1109 1777 1163 in
1809 1108 2083 1179 conjugio

2199 1104 2353 1161 ναικί.
2388 1128 2417 1157 ››
2449 1105 2583 1162 Εἶτα
2633 1106 2725 1161 καὶ
2761 1107 2965 1162 ἑαυτῶν
3022 1108 3124 1164 οὐκ
3174 1108 3597 1179 ἐξουσιάζουσιν,
3629 1111 3703 1173 ὡς
3735 1108 3841 1166 ἄνω

441 1211 599 1262 sunt.
635 1226 661 1253 ‹‹
694 1204 812 1276 Ego
843 1209 1040 1257 autem
1086 1202 1252 1257 vobis
1285 1217 1483 1273 parco,
1527 1222 1554 1248 ››
1606 1205 1887 1269 tanquam
1921 1197 2080 1265 ﬁliis,

2199 1193 2375 1269 φησίν.

442 1298 501 1348 et
532 1294 706 1365 cupio
736 1308 836 1347 vos
866 1290 1088 1346 liberos
1118 1306 1248 1345 esse
1278 1304 1346 1344 ac
1378 1289 1505 1344 sine
1550 1302 1823 1342 mcerore.
1858 1284 2099 1339 Interim
2130 1299 2388 1354 namque
2436 1284 2499 1339 in
2531 1283 2783 1340 vinculis
2823 1287 2984 1341 estis.
3020 1285 3115 1341 Ait
3162 1287 3321 1344 enim
3354 1305 3368 1342 :
3402 1312 3430 1339 ‹‹
3465 1288 3749 1362 Alligatus
3780 1306 3846 1345 es

437 1382 627 1439 uxori.
662 1405 691 1433 ››
723 1381 946 1437 Deinde
978 1380 1155 1434 etiam
1187 1395 1306 1434 non
1337 1383 1478 1433 sunt
1505 1378 1596 1432 sui
1621 1376 1797 1448 juris,
1830 1380 1896 1429 ut
1925 1374 2200 1444 superius
2232 1372 2401 1427 dixit.

510 1471 628 1534 VII,
660 1471 852 1524 29-31.
905 1470 1170 1524 Caeterum
1218 1467 1361 1521 illud
1404 1464 1552 1532 dico,
1600 1468 1826 1533 fratres,
1871 1469 2079 1532 tempus

2258 1462 2433 1515 Τοῦτο
2508 1456 2565 1514 δὲ
2638 1482 2806 1539 φημι,
2881 1460 3133 1541 ἀδελφοὶ,
3199 1465 3281 1519 ὃτι
3358 1466 3386 1520 ὁ
3462 1466 3653 1541 καιρὸς
3715 1487 3852 1520 συν-

438 1563 785 1614 contractum
814 1563 934 1612 est:
964 1562 1206 1627 superest
1235 1562 1295 1609 ut
1342 1557 1440 1625 qui
1469 1555 1678 1609 habent
1721 1569 1939 1619 uxores,
1969 1554 2082 1607 sint

2199 1544 2519 1620 εσταλμένος
2581 1549 2646 1603 τὸ
2713 1548 2910 1605 λοιπόν
2976 1549 3137 1621 ἐστιν,
3189 1550 3282 1607 ’ίνα
3343 1554 3435 1608 καὶ
3502 1554 3556 1609 οἳ
3620 1550 3846 1633 ἔχοντες

439 1655 702 1717 tanquam
736 1663 847 1701 non
878 1646 1115 1700 habeant
1142 1662 1159 1699 :
1190 1652 1242 1699 et
1272 1643 1372 1714 qui
1394 1644 1642 1713 plorant,
1676 1649 1941 1712 tanquam
1969 1658 2083 1695 non

2199 1640 2465 1709 γυναῖκας,
2533 1635 2608 1697 ὡς
2668 1637 2743 1709 μή
2806 1631 3029 1713 ἔχοντες
3086 1640 3244 1711 ὦσιν,
3300 1641 3393 1696 καὶ
3454 1643 3506 1696 οἱ
3562 1631 3847 1703 κλαίοντες

438 1737 694 1807 plorent:
727 1741 780 1789 et
811 1736 909 1805 qui
937 1734 1199 1804 gaudent,
1234 1740 1501 1802 tanquam
1547 1748 1657 1787 non
1688 1731 2005 1800 gaudeant:
2034 1735 2087 1784 et

2199 1724 2271 1785 ὥς
2331 1726 2407 1798 μὴ
2468 1721 2775 1794 κλαίοντες,
2830 1726 2921 1781 καὶ
2974 1727 3026 1781 οἱ
3083 1728 3370 1804 χαίροντες
3426 1730 3501 1792 ὡς
3567 1732 3643 1803 μή
3716 1731 3848 1806 χαί-

442 1826 541 1895 qui
569 1829 774 1891 emunt,
807 1830 1072 1893 tanquam
1103 1839 1215 1877 non
1252 1822 1615 1892 possideant:
1648 1826 1698 1875 et
1726 1820 1826 1889 qui
1854 1824 2088 1875 utuntur

441 1912 645 1967 mundo
674 1912 794 1979 hoc,
831 1918 1097 1981 tanquam
1136 1927 1249 1966 non
1299 1911 1618 1966 abutantur.
1655 1910 1905 1964 Praeterit
1944 1909 2086 1962 enim

440 2002 659 2056 habitus
687 2002 883 2056 mundi
911 2002 1096 2069 hujus.

512 2180 804 2246 Quoniam
836 2180 1020 2234 dixit:
1054 2202 1081 2229 «
1116 2179 1518 2234 Afﬁictionem
1568 2186 1770 2234 tamen
1802 2179 1862 2231 in
1909 2192 2088 2231 carne

443 2270 768 2336 habebunt,
807 2292 829 2319 ι
864 2286 939 2325 ne
973 2270 1107 2341 quis
1148 2269 1343 2324 dicat:
1375 2270 1551 2339 Atqui
1602 2269 1780 2324 etiam
1810 2268 2087 2339 volupta-

443 2365 563 2413 tem
591 2358 914 2423 habebunt,
938 2374 1009 2412 ex
1042 2363 1344 2413 contracto
1377 2363 1645 2429 tempore
1675 2363 1927 2413 conatur
1946 2373 2091 2427 pra;-

446 2447 718 2504 scindere
770 2446 924 2502 486
980 2447 1363 2518 voluptatem.
1410 2449 1731 2518 Propterea
1777 2446 1904 2501 ait:
1951 2446 2087 2501 Dico

446 2536 603 2608 quod
634 2535 1020 2591 afﬁictionem
1071 2534 1393 2601 habebunt,
1428 2534 1709 2605 quoniam
1758 2551 1950 2605 neque
1991 2551 2090 2589 vo-

442 2625 733 2697 luptatem
764 2624 983 2679 habere
1014 2630 1263 2696 possunt
1293 2624 1367 2679 ob
1398 2624 1459 2678 id
1488 2623 1646 2694 quod
1672 2629 1907 2695 tempus
1942 2624 2088 2679 adeo

443 2719 812 2770 contractum
853 2715 931 2770 sit
973 2718 1031 2768 et
1073 2713 1146 2768 ad
1202 2712 1657 2768 dissolutionem
1705 2718 1928 2785 urgeat.
1960 2714 2088 2768 lam

444 2804 604 2860 enim
636 2803 1134 2875 apprOpinquavit
1174 2818 1419 2874 regnum
1453 2801 1688 2869 Christi,
1722 2808 1779 2856 et
1806 2801 2090 2873 deinceps

444 2893 518 2948 ad
550 2909 686 2947 eum
720 2892 973 2963 migrare
996 2891 1300 2963 jubemur.
1324 2913 1351 2940 ‹‹
1378 2890 1506 2945 Sint
1531 2895 1818 2961 tanquam
1849 2906 1971 2945 non
1990 2890 2091 2945 ha-

442 2980 641 3037 beant.
675 3002 704 3031 »
735 2981 859 3046 Quo
889 2987 1060 3053 pacto
1112 2980 1239 3036 ﬁeri
1288 2985 1484 3051 potest
1530 2986 1594 3035 ut
1642 2980 1763 3035 sint
1808 2985 2088 3050 tanquam

2192 1833 2399 1887 ροντες,
2501 1813 2592 1869 καὶ
2667 1815 2719 1870 οἱ
2793 1815 3152 1891 ἀγοράζοντες
3229 1818 3306 1883 ὡς
3396 1820 3473 1893 μή
3579 1818 3846 1896 κατέχον-

2190 1922 2302 1970 τες,
2371 1902 2462 1957 καὶ
2528 1904 2580 1957 οἱ
2648 1903 2925 1979 χρώμενοι
2994 1910 3075 1979 τῷ
3137 1908 3337 1981 κόσμῳ
3394 1906 3577 1981 τούτῳ
3634 1909 3709 1973 ὡς
3764 1910 3842 1983 μὴ

2192 1992 2636 2071 καταχρώμενοι.
2695 1993 2929 2069 Παραγει
2984 2014 3087 2071 γαρ
3144 1996 3209 2051 τὸ
3267 2004 3464 2075 σχῆμα
3506 2002 3604 2053 τοῦ
3632 1998 3844 2071 κόσμου

2192 2102 2410 2138 τουτου.

2265 2169 2492 2242 Ἐπειδή
2542 2174 2690 2228 εἶπεν
2752 2174 2836 2228 ὅτι
2888 2172 3072 2248 θλίψιν
3105 2178 3173 2248 τῇ
3207 2174 3362 2250 σαρκὶ
3389 2174 3623 2245 ἕξουσιν,
3653 2176 3741 2232 ἳνα
3767 2178 3845 2249 μή

2192 2282 2278 2325 τις
2306 2259 2458 2335 εἷ’πῃ,
2500 2258 2677 2317 Ἀλλὰ
2724 2262 2814 2316 καὶ
2863 2260 3204 2333 ἡδονὴν,⁷ἐκ
3257 2268 3355 2319 τοῦ
3416 2264 3849 2338 συνεσταλμένου

2195 2354 2389 2426 καιροῦ
2418 2355 2667 2427 πειρᾶται
2699 2352 2764 2406 τὰ
2792 2358 2892 2422 τῆς
2943 2350 3149 2422 ἡδονῆς
3202 2353 3520 2426 ὑποτεμεῖν.
3562 2354 3658 2410 Διά
3686 2353 3849 2409 τοῦτό

2196 2458 2351 2519 φησιο
2388 2439 2567 2517 Λέγω,
2621 2440 2703 2496 ὅτι
2752 2439 2937 2515 θλίψιν
2990 2438 3221 2512 ἕξουσιν,
3253 2440 3443 2511 ἐπειδὴ
3480 2446 3621 2517 μήτε
3650 2441 3850 2513 ἡδονὴν

2197 2527 2440 2585 δύνανται
2499 2528 2669 2605 ἔχειν,
2723 2535 2806 2603 τῷ
2858 2531 2953 2586 τὸν
3011 2532 3198 2606 καιρὸν
3256 2531 3403 2588 οότω
3470 2530 3847 2603 συνεστάλθαι,

2195 2621 2287 2675 καὶ
2316 2620 2453 2694 πρὸς
2486 2617 2640 2673 λύσιν
2692 2618 3014 2694 ἐπειγεσθαι.
3074 2618 3217 2691 ’Ήδη
3276 2623 3376 2697 γὰρ
3427 2621 3655 2698 ἤγγικεν
3682 2624 3717 2692 ἡ
3749 2623 3850 2698 βα-

2199 2706 2376 2764 σιλεία
2402 2707 2499 2763 τοῦ
2528 2709 2787 2783 Χριστοῦ,
2817 2708 2909 2763 καὶ
2942 2707 3138 2765 λοιπὸν
3169 2707 3347 2782 ἀποδη
3361 2715 3479 2784 μεῖν
3507 2711 3645 2785 πρὸς
3675 2711 3841 2766 αὐτὸν

2196 2797 2549 2869 κελευόμεθα.
2584 2822 2612 2849 ‹‹
2635 2798 2723 2859 Ὦς
2757 2799 2832 2870 μή
2893 2795 3112 2873 ἔχοντες
3167 2800 3291 2856 ὦσι.
3323 2822 3353 2851 ιι
3388 2804 3513 2863 Πῶς
3542 2797 3591 2855 δ’
3620 2798 3680 2854 ἂν
3712 2798 3844 2854 ὦσιν

2198 2888 2273 2949 ὼς
2309 2887 2386 2960 μή
2419 2881 2639 2962 ἔχοντες
2666 2905 2680 2954 ;
2711 2886 2800 2942 Ἐν
2829 2890 2909 2959 τῷ
2960 2888 3037 2961 μὴ
3074 2886 3371 2943 ὑπακούειν
3404 2888 3597 2951 αὐταῖς
3624 2888 3701 2949 εἱς
3745 2889 3845 2951 τὰς

2202 2975 2390 3050 μωρὰς
2425 2980 2523 3031 τοῦ
2570 2975 2789 3048 κόσμου
2844 2973 3157 3049 ἐπιθυμίας.
3190 3010 3258 3019 —
3290 2978 3629 3050 [ΟΙΚΟΥΜ.]
3661 2982 3730 3032 Ἦ
3760 2975 3845 3032 ὅτι

444 3086 565 3126 non
596 3070 900 3126 habeant?
931 3070 996 3125 In
1030 3071 1139 3125 hoc
1171 3069 1330 3142 quod
1356 3069 1502 3140 ipsis
1534 3086 1655 3125 non
1685 3069 2088 3141 obsequantur

2201 3066 2290 3120 καὶ
2319 3066 2444 3140 περὶ
2494 3067 2594 3135 τὴν
2654 3064 2794 3138 μίξιν
2854 3065 3129 3142 ἐγκρατεῖς
3182 3067 3322 3122 εἶναι
3376 3064 3656 3142 βούλεται.
3699 3088 3722 3117 ε
3751 3066 3849 3122 Καὶ

444 3158 519 3214 ad
551 3159 762 3214 stultas
784 3160 990 3214 mundi
1017 3158 1528 3230 concupiscentias
1553 3174 1566 3224 ;
1591 3163 1692 3213 aut
1722 3159 1879 3230 quod
1911 3158 2090 3214 etiam

445 3247 611 3319 cupit
639 3254 705 3302 ut
734 3248 893 3302 circa
923 3247 1398 3302 commistionem
1420 3246 1787 3303 abstinentes
1807 3248 1946 3302 sint.
1972 3270 2000 3297 ‹‹
2024 3249 2093 3301 Et

448 3336 546 3405 qui
582 3336 840 3405 plorant,
874 3342 1159 3405 tanquam
1191 3351 1310 3389 non
1340 3334 1596 3405 plorent.
1630 3357 1659 3384 ››
1691 3336 1774 3390 Ob
1806 3337 2091 3408 temporis

446 3422 817 3488 brevitatem,
850 3423 1065 3491 inquit,
1090 3423 1292 3478 omnia
1313 3439 1444 3491 quae
1465 3423 1775 3478 nonnullis
1796 3425 1855 3479 in
1880 3441 2093 3497 magna

449 3514 589 3564 sunt
618 3525 779 3577 cura,
814 3508 1097 3564 debemus
1129 3511 1344 3565 ducere
1390 3516 1673 3581 tanquam
1706 3529 1826 3567 non
1853 3520 2087 3568 essent:

449 3602 506 3652 et
536 3598 620 3653 ita
648 3597 866 3653 habere
915 3614 1161 3653 uxorem
1194 3604 1252 3653 et
1296 3598 1552 3669 gaudere
1595 3617 1663 3655 ac
1694 3600 1912 3672 lugere.
1945 3601 2089 3657 Cum

450 3688 610 3744 enim
636 3688 696 3743 in
750 3686 1083 3760 propinquo
1114 3686 1193 3743 sit
1238 3703 1419 3756 mors,
1451 3687 1594 3757 quid
1638 3704 1786 3759 opus
1819 3694 1907 3742 est
1936 3705 2088 3759 pras-

451 3779 720 3835 sentibus
742 3796 875 3837 cum
899 3794 1097 3834 amore
1120 3777 1471 3833 immorari?
1487 3777 1577 3832 vel
1597 3778 1934 3833 existimare
1962 3794 2091 3833 esse

441 3872 783 3945 conjugium
802 3876 905 3927 aut
922 3870 1166 3926 omnino
1191 3868 1413 3924 mundo
1432 3868 1561 3923 uti?
1577 3890 1606 3918 α
1631 3870 1697 3923 Et
1719 3868 1821 3939 qui
1842 3872 2092 3923 utuntur

442 3959 553 4013 hoc
585 3960 831 4027 mundo,
882 3965 1167 4028 tanquam
1214 3974 1336 4011 non
1387 3956 1730 4012 abutantur.
1765 3980 1793 4006 »
1826 3956 2090 4011 Abusum

441 4044 586 4099 dicit
614 4047 867 4100 nimium
898 4046 984 4100 uti
1011 4046 1313 4100 mundana
1345 4044 1643 4117 voluptate
1664 4051 1807 4117 puta
1835 4045 2088 4115 deliciis,

440 4135 657 4190 divitiis
687 4151 756 4190 ac
785 4134 1084 4205 voluptate
1127 4152 1232 4191 seu
1262 4134 1514 4206 imperio
1550 4151 1563 4189 :
1596 4135 1937 4207 signiﬁcans
1980 4135 2090 4190 hoc

441 4241 569 4281 esse
601 4241 721 4279 non
749 4223 833 4278 uti
867 4240 935 4278 eo
984 4224 1139 4279 sicut
1165 4224 1354 4279 decet.
1388 4226 1588 4295 Neque
1620 4224 1779 4279 enim
1824 4224 1898 4279 ob
1939 4224 1997 4280 id
2028 4225 2089 4280 in

437 4313 731 4371 mundum
766 4312 1003 4369 adducti
1038 4330 1244 4369 sumus
1269 4318 1336 4369 ut
1364 4314 1491 4368 haac
1515 4313 1824 4369 faciamus.
1852 4315 1994 4369 Nam
2026 4315 2088 4370 in

438 4402 614 4458 bonis
644 4401 925 4473 operibus
946 4403 1125 4458 creati
1151 4401 1491 4468 sumus.Qui
1515 4418 1652 4474 ergo
1676 4402 1768 4457 his
1788 4404 1847 4457 in
1871 4404 2085 4473 quibus

432 4492 725 4548 formatus
744 4497 833 4547 est
852 4492 1282 4558 relictis,etiam
1302 4491 1419 4546 alio
1444 4491 1618 4547 modo
1631 4492 1817 4546 utitur
1836 4493 2079 4561 mundo,

433 4581 700 4637 abutitur
728 4582 879 4653 ipso.
916 4602 943 4633 α
972 4581 1242 4637 Praeterit
1274 4581 1434 4636 enim
1466 4580 1701 4635 habitus
1735 4581 1939 4635 mundi
1973 4582 2084 4637 hu-

429 4672 549 4743 jus.
587 4695 614 4721 ››
642 4672 876 4728 Transit
907 4678 965 4727 et
1000 4673 1180 4726 ﬁnem
1212 4670 1409 4737 habet,
1442 4671 1657 4741 inquit,
1691 4671 1950 4725 mundus
1981 4672 2083 4742 qui

437 4775 598 4814 nunc
645 4760 895 4814 videtur.
930 4758 1081 4824 Quid
1135 4774 1271 4830 ergo
1320 4757 1409 4811 illi
1454 4756 1757 4812 adhaerere
1811 4773 1957 4827 opus
1997 4763 2088 4813 est

439 4846 599 4917 quod
622 4846 964 4903 dissolvitur
982 4847 1010 4901 ?
1037 4847 1311 4903 Habitum
1341 4851 1540 4901 autem
1574 4844 1742 4910 dixit,
1766 4845 2087 4902 ostendens

2113 4456 2160 4520 D

2203 3154 2256 3210 οἱ
2285 3152 2587 3218 κλαίοντες.
2626 3178 2647 3206 ι
2684 3155 2783 3209 Διά
2807 3156 2908 3225 τήν
2940 3160 3037 3209 τοῦ
3068 3159 3260 3231 καιροῦ
3298 3155 3645 3234 βραχύτητα,
3676 3155 3851 3211 πάντα

2196 3244 2249 3299 ἐν
2282 3242 2492 3319 σπουδῇ
2530 3247 2621 3298 νῦν
2652 3244 2970 3319 ὑπάρχοντά
3023 3265 3188 3312 τισιν,
3239 3246 3317 3307 ὡς
3358 3245 3461 3300 οὐκ
3489 3240 3633 3313 ὄντα,
3662 3244 3849 3323 φησὶν,

2198 3332 2492 3412 ὀφείλομεν
2552 3335 2819 3409 ἡγεῖσθαι,
2880 3333 2971 3389 καὶ
3028 3334 3090 3388 τὸ
3147 3328 3297 3408 ἔχειν
3351 3339 3597 3410 γυναῖκα,
3653 3334 3744 3388 καὶ
3785 3334 3848 3388 τὸ

2197 3424 2431 3499 χαίρειν,
2494 3423 2585 3478 καὶ
2659 3424 2723 3479 τὸ
2799 3426 3103 3480 Αυπεῖσθαι.
3181 3425 3347 3482 Ὅταν
3424 3425 3529 3501 γὰρ
3594 3422 3752 3498 ἐγγὺς
3817 3424 3847 3478 ὁ

2197 3512 2446 3579 θάνατος,
2486 3511 2538 3566 τί
2569 3508 2653 3565 δεῖ
2707 3517 2821 3575 τοῖς
2851 3509 2960 3566 ὧδε
3013 3509 3453 3591 ἐμφιλοχωρεῖν,
3482 3513 3573 3567 καὶ
3600 3511 3847 3584 νομίζειν

2198 3599 2331 3653 εἶναι
2360 3600 2538 3674 γάμον
2595 3600 2686 3654 καὶ
2740 3599 3057 3676 ἀγορασίας,
3115 3601 3151 3672 ἢ
3205 3601 3270 3655 τὸ
3328 3599 3475 3663 ὅλως
3506 3602 3847 3677 χρᾶσθαιτῷ

2196 3688 2430 3760 κόσμῳ;
2463 3712 2489 3739 ‹‹
2527 3688 2624 3742 Καὶ
2656 3690 2708 3743 οἱ
2740 3691 3022 3765 χρώμενοι
3070 3694 3152 3762 τῷ
3201 3689 3396 3763 κόσμῳ
3424 3690 3624 3763 τούτῳ,
3653 3689 3728 3751 ὡς
3765 3690 3843 3762 μή

2195 3777 2635 3854 καταχρώμενοι.
2695 3801 2723 3830 ››
2780 3779 2854 3834 Τὸ
2906 3778 3042 3833 πάνυ
3096 3782 3166 3853 τῇ
3225 3782 3468 3852 κοσμικῇ
3519 3777 3845 3845 ἀπολαύσει,

2197 3864 2317 3918 οἷον
2363 3867 2542 3943 τρυφῇ
2600 3866 2687 3919 καὶ
2746 3866 2972 3939 πλούτῳ
3029 3867 3120 3922 καὶ
3178 3865 3460 3939 δυναστείᾳ
3520 3874 3847 3947 κεχρῆσθαι,

2196 3953 2547 4029 παράχρησιν
2604 3954 2782 4027 καλεῖ,
2841 3954 3088 4014 τουτέστι
3117 3960 3180 4015 τὸ
3214 3962 3293 4034 μὴ
3347 3963 3651 4036 κεχρῆσθαι
3706 3960 3854 4031 αὖτῷ

2195 4044 2376 4109 καθὼς
2432 4045 2627 4119 πρέπει
2685 4045 2990 4120 σημαίνων.
3047 4047 3125 4105 Οὐ
3189 4049 3295 4124 γὰρ
3355 4046 3445 4103 διὰ
3499 4052 3663 4104 τοῦτο
3717 4069 3859 4124 παρ-

2196 4136 2455 4210 ήχθημεν
2486 4134 2562 4196 εἰς
2608 4134 2703 4189 τὸν
2759 4137 2987 4210 κόσμον,
3018 4136 3105 4192 ἳνα
3155 4142 3324 4193 ταῦτα
3353 4138 3699 4212 πράττωμεν.
3733 4138 3856 4195 Ἐπ’

2198 4218 2381 4298 ἔργοις
2437 4222 2542 4300 γὰρ
2599 4223 2819 4299 ἀγαθοῖς
2892 4224 3206 4300 ἐκτίσμεθα’
3266 4227 3327 4285 Ὁ
3388 4225 3481 4282 οῦν
3540 4229 3608 4282 τὰ
3665 4224 3720 4281 ἐν
3776 4228 3860 4288 οἷς

2196 4310 2439 4381 ἐπλάσθη
2501 4311 2675 4389 ἀφεῖς,
2729 4314 2819 4368 καὶ
2885 4313 3082 4388 ἐτέρως
3147 4320 3229 4387 τῷ
3293 4336 3487 4389 κοσμῳ
3546 4315 3856 4392 χρώμενος,

2195 4409 2545 4478 παραχρᾶται
2603 4403 2772 4477 αὐτῷ.
2833 4430 2862 4457 ‹‹
2925 4406 3166 4483 Παράγει
3223 4407 3328 4482 γὰρ
3383 4408 3446 4462 τὸ
3506 4413 3703 4482 σχῆμα
3754 4410 3853 4460 τοῦ

2189 4491 2401 4565 κόσμου
2431 4492 2649 4547 τούτου.
2685 4517 2714 4545 »ν
2775 4495 3113 4570 Παρέρχεται
3171 4495 3262 4549 καὶ
3309 4493 3471 4557 τέλος
3497 4494 3625 4565 ἓξει,
3657 4494 3847 4573 φησὶν,

2196 4582 2224 4637 ὁ
2255 4583 2462 4655 κόσμος
2495 4583 2523 4636 ὁ
2552 4587 2644 4637 νῦν
2701 4583 2999 4657 ὁρώμενος.
3036 4583 3107 4641 Τί
3165 4584 3305 4653 οῦνς
3358 4579 3576 4661 ἔχεσθαι
3629 4582 3711 4639 δεῖ
3750 4588 3849 4639 τοῦ

2197 4669 2508 4744 λυομένου;
2567 4679 2770 4746 Σχῆμα
2829 4670 2886 4727 δὶ
2943 4674 3086 4729 εἶπεν
3137 4672 3416 4752 ἐμφαίνων
3478 4672 3610 4749 ἄχρι
3670 4672 3851 4747 ὅψεως

2197 4760 2335 4814 εἶναι
2393 4760 2461 4815 τὰ
2515 4765 2617 4816 τοῦ
2666 4760 2933 4838 παρόντος
2991 4762 3226 4837 κόσμου,
3282 4763 3373 4818 καὶ
3438 4762 3539 4818 οὐκ
3593 4756 3741 4837 ἔχειν
3797 4782 3851 4816 τι

2200 4848 2433 4922 μόνιμον
2460 4846 2495 4917 ἤ
2532 4844 2776 4923 βέϐαιον,

437 4936 501 4990 in
534 4942 850 5007 prospectu
880 4942 1110 4991 tantum
1145 4953 1273 4992 esse
1305 4952 1435 5008 quae
1465 4934 1643 5005 hujus
1674 4934 1881 4989 mundi
1914 4942 2070 5004 sunt,
2101 4955 2211 4994 nec
2241 4939 2566 5011 quidquam
2594 4941 2808 4999 habere
2842 4943 3111 4999 durabiIe
3144 4950 3246 5000 aut
3276 4945 3533 5000 ﬁrmum.

509 5033 628 5099 VII,
658 5034 853 5088 22-34.
888 5036 1061 5104 Cupio
1104 5041 1289 5089 autem
1334 5050 1424 5089 vos
1473 5034 1674 5102 absque
1718 5032 2088 5090 sollicitudine

437 5139 566 5178 esse.
602 5122 707 5186 Qui
737 5121 924 5178 σανίδος
954 5130 1032 5178 est
1063 5130 1219 5178 curat
1248 5140 1311 5178 ea
1340 5139 1461 5191 qua:
1502 5128 1629 5177 sunt
1673 5124 1913 5189 Domini,
1947 5139 2089 5193 quo-

441 5212 598 5266 modo
622 5211 936 5281 placiturus
982 5211 1055 5268 sit
1086 5214 1340 5267 Domino.
1392 5213 1498 5276 Qui
1523 5218 1705 5265 autem
1753 5211 1916 5266 dumit
1945 5230 2086 5268 uxo-

436 5317 572 5369 rem,
605 5307 762 5355 curat
793 5317 855 5355 ea
886 5317 1009 5372 qua
1051 5307 1176 5356 sunt
1203 5302 1418 5367 mundi,
1468 5301 1738 5369 quomodo
1775 5300 2087 5371 placiturus

437 5392 508 5445 sit
540 5392 724 5444 uxori.
759 5391 948 5445 Divisa
976 5397 1052 5445 est
1083 5392 1380 5461 conjugata
1410 5406 1443 5443 a
1472 5392 1705 5458 virgine.
1741 5390 1868 5454 Quae
1899 5394 2085 5449 caelebs

439 5485 517 5533 est
547 5484 706 5533 curat
730 5495 795 5534 ea
841 5494 963 5550 qua
991 5485 1119 5535 sunt
1168 5478 1406 5543 Domini,
1440 5484 1501 5531 ut
1543 5480 1611 5533 sit
1654 5484 1841 5533 sancta
1880 5487 1933 5534 et
1962 5498 2082 5536 cor-

432 5583 573 5637 pore
601 5574 652 5622 et
679 5570 921 5639 spiritu:
952 5585 1074 5640 qua:
1122 5586 1246 5625 vero
1277 5570 1464 5638 nupsit
1491 5568 1631 5633 viro,
1664 5574 1821 5623 curat
1867 5586 1933 5624 ea
1962 5586 2083 5641 quae

441 5663 570 5712 sunt
598 5659 811 5728 mundi,
842 5659 1113 5731 quomodo
1134 5659 1419 5731 placitura
1446 5655 1519 5711 sit
1548 5655 1689 5711 viro.

2268 5032 2423 5090 Θέλω
2482 5032 2539 5091 δὶ
2601 5037 2742 5110 ὑμᾶς
2822 5038 3159 5115 ἀμερίμνους
3244 5041 3403 5098 εἶναι.
3482 5039 3548 5097 Ὀ
3631 5036 3852 5115 ἄγαμος

2201 5129 2438 5199 μεριμνᾷ
2513 5125 2579 5179 τὰ
2635 5131 2731 5181 τοῦ
2785 5130 3016 5202 Κυρίου,
3076 5132 3192 5191 πῶς
3251 5129 3429 5203 ἀρέσει
3494 5132 3574 5201 τῷ
3640 5128 3841 5204 Κυρίῳ·

2197 5213 2225 5267 ὁ
2329 5210 2386 5267 δὲ
2458 5216 2710 5289 γαμήσας
2790 5222 3023 5292 μεριμνᾷ
3093 5218 3160 5272 τὰ
3250 5222 3348 5273 τοῦ
3422 5218 3656 5291 κόσμου,
3733 5221 3850 5279 πῶς

2195 5300 2373 5376 ἀρέσει
2446 5305 2516 5376 τῇ
2591 5305 2828 5380 γυναικί.
2908 5305 3249 5381 Μεμέρισται
3322 5309 3357 5376 ἡ
3435 5307 3571 5383 γυνή
3648 5306 3738 5361 καὶ
3812 5308 3846 5377 ἡ

2193 5389 2472 5466 παρθένος.
2547 5391 2610 5449 Ἠ
2689 5391 2901 5468 ἄγαμος
2982 5400 3215 5470 μεριμνᾷ
3316 5396 3384 5452 τὰ
3456 5399 3554 5450 τοῦ
3622 5395 3846 5473 Κυρίου,

2190 5480 2279 5535 ἳνα
2353 5479 2390 5554 ᾖ
2474 5480 2599 5556 ἁγία
2684 5483 2774 5537 καὶ
2860 5484 3075 5557 σώματι
3156 5484 3245 5539 καὶ
3327 5485 3613 5559 πνεύματι*
3674 5487 3709 5554 ἡ
3789 5481 3846 5539 δέ

2191 5571 2504 5645 γαμήσασα,
2565 5575 2806 5647 μεριμνᾷ
2859 5572 2926 5627 τὰ
2978 5578 3076 5629 τοῦ
3132 5574 3365 5646 κόσμου,
3414 5579 3531 5637 πῶς
3562 5573 3845 5648 ἀρέσειτῷ

2189 5656 2373 5733 ἀνδρί.
