4188 6196
314 331 431 394 741

1279 332 1704 396 COMMENT.
1750 332 1826 393 ΙΝ
1870 330 2112 392 EPIS’l‘.
2160 335 2184 396 Ι
2228 339 2330 398 AD
2376 340 2746 410 CORlN'l‘H.

3608 366 3728 424 742

322 468 448 527 ΙΙῶς
516 461 587 519 δι’
643 463 705 518 ἅν
761 462 952 537 εἷήμεν
1008 463 1329 540 ἀμέριμνοι,
1396 467 1441 521 εἰ
1507 466 1712 541 ἄγαμοι
1771 463 1970 538 ὧμενς

322 553 389 570 -ιιὶ
502 553 516 570 \
807 552 820 569 \
1090 550 1135 570 IN
1320 554 1331 570 Ι
1425 555 1439 570 9
1576 558 1601 570 ο
1733 553 1791 570 οΛ
1850 550 1874 567 ’⁸

2099 562 2105 570 .
2157 470 2463 570 Quomodo
2494 482 2692 570 autem
2719 480 2941 555 absque
3000 487 3407 547 sollicitudine
3440 509 3570 551 esse
3626 515 3734 570 po-

319 553 430 613 Τάς
459 553 562 628 γὰρ
593 552 864 625 κοσμικὰς
913 550 1222 631 φροντίδας,
1278 554 1362 617 τίς
1415 555 1640 629 ἀγνοεῖς
1675 577 1703 606 ι(
1733 553 1796 610 Ὀ
1844 550 1984 626 ἄγα-

326 661 429 714 μος
465 645 704 712 μεριμνᾷ
745 640 813 695 τά
869 641 964 695 τοῦ
1025 641 1252 717 Κυρίου.
1313 666 1341 694 ››
1391 644 1530 717 Ὅρα
1583 646 1700 704 πῶς
1762 643 1831 714 τῇ
1882 646 1983 708 τῆς

325 730 602 805 μερίμνης
631 727 863 809 διαφορᾷ
891 728 980 785 ἐπὶ
1022 732 1312 806 παρθενίαν
1369 729 1696 804 παρακαλεῖ.
1752 729 1829 785 Τὸ
1877 728 1982 804 γὰρ

326 820 394 875 τά
422 823 521 874 τοῖ’)
575 818 779 893 Κυρίου
842 824 1135 893 μεριμνᾷν,
1195 820 1297 876 οὐκ
1345 815 1456 875 ἔστι
1520 821 1780 895 μέριμνα,
1840 816 1986 872 ἀλλά

328 907 596 983 σωτηρία.
629 909 788 972 Ὅθεν
818 906 930 963 ἄνω
980 906 1154 984 λέγει,
1215 930 1236 958 α
1270 908 1424 965 Θέλω
1480 907 1539 964 δὶ
1592 906 1735 981 ὔμᾶς
1792 905 1983 982 ἀμερί-

335 1018 503 1071 μνους
564 997 723 1053 εἶναι.
760 1021 788 1049 ››
819 1031 887 1042 -
937 1024 963 1048 τί
991 997 1327 1074 Μεμέρισται
1382 1001 1418 1069 ἡ
1476 998 1615 1074 γυνή
1664 998 1753 1051 καὶ
1782 997 1817 1067 ἠ
1852 1015 1985 1071 παρ-

326 1085 498 1147 θένος.
533 1110 561 1137 ››
598 1083 883 1150 [ΟΙΚΟΥΜ
912 1089 1021 1161 ]-
1052 1088 1413 1163 Μεμέρισται,
1460 1088 1756 1154 τουτέστιν,
1789 1085 1855 1139 οὐ
1879 1086 1980 1153 τὴν

331 1176 499 1244 αὐτὴν
531 1173 721 1250 ἔχουσι
753 1173 1034 1253 φροντίδα,
1069 1174 1216 1232 ἀλλὰ
1256 1172 1652 1251 μεμερισμέναι
1706 1173 1810 1229 εἶσὶ
1865 1178 1984 1235 ταῖς

328 1261 614 1326 σπουδαῖς.
691 1265 752 1320 Ἱι
835 1265 932 1337 μὶν
1006 1265 1108 1341 γάρ
1182 1265 1472 1341 παρθένος,
1548 1265 1705 1343 φησὶ,
1781 1263 1847 1319 τὰ
1886 1266 1982 1317 τοῦ

325 1353 530 1428 Κυρίου
589 1357 850 1427 μεριμνᾷ,
903 1351 1059 1428 ’ἱναῇ
1092 1354 1308 1428 σώματι
1367 1355 1460 1410 καὶ
1509 1351 1778 1426 πνεύματι
1835 1352 1982 1424 ἁγία,

324 1444 539 1516 σώματι
577 1442 671 1515 μὶν
705 1439 795 1497 8ιά
844 1442 943 1511 τήν
1002 1442 1234 1518 ἁγνείαν,
1294 1442 1564 1516 πνεύματι
1622 1439 1681 1496 δὲ
1738 1437 1829 1495 διὰ
1884 1441 1985 1508 τὴν

323 1530 463 1605 πρὸς
502 1529 598 1585 τὸν
662 1529 789 1585 Θεὸν
847 1527 1179 1601 οἰκειότητα,
1240 1531 1330 1587 καὶ
1391 1532 1493 1599 τήν
1551 1530 1826 1600 ἐνοίκησιν
1882 1530 1981 1583 τοῦ

321 1617 682 1694 παρακλήτου
753 1619 1088 1692 Πνιύματος.
1146 1643 1170 1674 α
1224 1626 1284 1676 Ἦ
1344 1617 1402 1675 δὶ
1456 1620 1524 1674 τά
1588 1623 1686 1674 τοῦ
1769 1618 1982 1690 κόσμου

324 1712 585 1783 μεριμνᾷ,
618 1731 648 1760 ››
681 1705 867 1782 Ἀνδρὶ
908 1708 1012 1784 γάρ
1069 1709 1256 1784 ἀρέσαι
1317 1707 1602 1785 βούλεται.
1658 1710 1820 1770 Ἴσως
1877 1705 1981 1782 γάρ

2090 559 2423 648 terimus,si
2448 581 2570 620 non
2600 568 2785 625 simus
2823 577 3161 648 conjugati?
3196 580 3338 644 Quis
3367 583 3527 638 enim
3558 559 3730 643 curas

2089 646 2326 745 ignorat
2345 654 2717 712 mundanas?
2746 681 2775 709 «
2798 661 2907 726 Qui
2930 646 3145 721 caelebs
3167 672 3255 722 est
3284 677 3450 726 curat
3499 690 3569 728 ea
3599 692 3730 745 quas

2091 743 2231 826 sunt
2258 740 2511 797 Domini.
2548 765 2576 792 »
2611 746 2750 802 Vide
2780 753 3077 820 quomodo
3111 773 3215 826 per
3250 775 3406 813 curm
3458 740 3738 819 differen-

2091 824 2232 881 tiam
2251 828 2398 884 487
2425 830 2499 885 ad
2516 834 2913 907 virginitatem
2934 824 3300 900 adhortetur.
3350 850 3493 904 Nam
3526 867 3732 910 curare

2088 929 2159 968 ea
2189 932 2320 1008 quas
2354 920 2586 976 Domini
2620 932 2776 991 sunt,
2809 945 2928 983 non
2964 938 3053 986 est
3082 933 3404 991 sollicitum
3441 956 3592 1008 esse,
3627 942 3732 997 sed

2090 1009 2179 1096 est
2195 1006 2377 1064 salus.
2404 1010 2531 1067 Und
2554 1017 2826 1085 superius
2857 1019 3036 1076 dicit:
3071 1047 3098 1072 α
3134 1024 3316 1096 Cupio
3373 1006 3588 1085 autem
3629 1050 3730 1087 vos

2090 1091 2312 1191 abs-que
2327 1097 2730 1159 sollicitudine
2745 1122 2894 1162 esse.
2915 1134 2936 1160 ι
2957 1140 3023 1150 -
3046 1091 3271 1168 'Divisa
3301 1122 3391 1170 est
3415 1118 3733 1191 conjugata

2089 1196 2124 1233 a
2153 1181 2396 1253 virgine.
2434 1209 2463 1236 »
2499 1211 2526 1237 ι(
2559 1190 2755 1247 Divisa
2785 1202 2895 1261 est,
2925 1219 2953 1246 ››
2985 1197 3097 1254 hoc
3128 1207 3236 1267 est,
3289 1218 3411 1259 non
3459 1181 3731 1263 eamdem

2088 1269 2309 1365 habent
2334 1291 2559 1346 curam,
2594 1282 2701 1336 sed
2732 1285 2945 1341 studiis
2975 1287 3176 1345 divisse
3217 1300 3374 1347 sunt.
3427 1294 3731 1365 Siquidem

2087 1358 2501 1457 virgotinquit,
2521 1376 2689 1426 curat
2711 1388 2778 1427 ea
2801 1391 2932 1444 qum
2956 1384 3095 1432 sunt
3114 1380 3368 1447 Domini,
3391 1389 3458 1437 ut
3488 1401 3732 1457 corpore

2088 1453 2148 1503 et
2195 1451 2407 1544 spiritu
2459 1465 2663 1514 sancta
2721 1462 2841 1517 sit:
2903 1481 3149 1537 corpore
3201 1470 3442 1540 quidem
3492 1451 3735 1544 propter

2086 1538 2439 1609 castitatem,
2472 1547 2685 1617 spiritu
2715 1567 2848 1608 vero
2879 1561 3121 1627 prOpter
3157 1538 3624 1617 familiaritatem
3657 1563 3734 1618 ad

2085 1627 2295 1697 Deum,
2327 1640 2386 1688 et
2407 1635 2657 1707 Spiritus
2678 1643 2961 1712 paracleti
2992 1647 3510 1707 inhabitationem.
3535 1675 3563 1703 ‹‹
3587 1654 3726 1719 Quas

2088 1734 2222 1774 vero
2253 1724 2457 1794 nupsit
2488 1727 2631 1796 viro,
2664 1738 2831 1786 curat
2856 1750 2923 1788 ea
2940 1752 3072 1806 qum
3090 1738 3294 1793 mundi
3318 1748 3475 1796 sunt.
3504 1764 3531 1790 »ι
3582 1744 3725 1799 Nam

321 1799 415 1854 καὶ
445 1795 676 1860 εὕοπτος
708 1800 845 1852 εἶναι
880 1797 1161 1873 βούλεται,
1191 1799 1282 1855 καὶ
1314 1798 1587 1874 οἰκουρὸς,
1610 1797 1702 1853 καὶ
1729 1794 1870 1870 μηδὲ
1897 1800 1977 1866 τῷ

334 1885 360 1900 .
478 1885 490 1900 .
642 1888 654 1900 .
710 1884 729 1900 κ
782 1890 807 1900 -
1006 1894 1030 1900 _
1228 1886 1246 1900 .
1284 1888 1294 1900 .
1342 1899 1347 1900 ,
1637 1891 1675 1900 ._
1779 1891 1800 1900 -
1922 1881 1966 1900 ε..

2099 1808 2208 1862 viro
2240 1810 2473 1881 placere
2504 1794 2682 1888 cupit.
2720 1794 3007 1879 Fortassis
3026 1826 3186 1881 enim
3209 1794 3728 1900 pulchravasp'ect;

331 1885 574 1960 δεομένῳ
631 1884 883 1942 ἁπλοῦσα
937 1894 1101 1964 χεῖρα
1164 1886 1577 1968 φιλάνθρωπον.
1637 1891 1870 1941 Γυναῖκα
1918 1881 1977 1938 δέ

327 1997 485 2057 φησι,
513 1977 614 2046 τήν
639 1981 1035 2054 γεγαμηκυῖαν.

402 2252 663 2313 Τοῦτοόὶ
706 2254 845 2329 πρὸς
901 2254 965 2308 τὸ
1030 2253 1185 2326 ὑμῶν
1240 2252 1418 2308 αὐτῶν
1480 2253 1753 2330 συμφέρον
1814 2255 1981 2331 λέγω,

333 2346 445 2424 οὐχ
505 2343 600 2399 ’ίνα
680 2343 886 2419 βρόχον
953 2342 1082 2415 ὑμῖν
1150 2336 1423 2413 ἐπιϐάλω,
1492 2341 1638 2399 ἀλλά
1724 2345 1858 2419 πρὸς
1920 2346 1984 2400 τὸ

329 2431 615 2509 εὔσχημον
672 2432 762 2487 καὶ
821 2428 1182 2506 εὐπρόσεδρον
1269 2434 1351 2503 τῷ
1423 2430 1609 2505 Κυρίῳ
1682 2433 1985 2507 ἀπερισπά-

327 2545 493 2587 στως.
560 2523 626 2579 Ei.
699 2518 757 2576 δέ
819 2540 903 2583 τις
996 2520 1335 2594 ἀσχημονεῖν
1398 2517 1489 2574 ἐπὶ
1558 2521 1657 2589 τὴν
1724 2522 1984 2597 παρθένον

332 2613 501 2668 αὐτοῦ
574 2609 808 2685 νομίζει,
902 2609 992 2664 έάν
1066 2607 1102 2683 ᾖ
1182 2607 1518 2683 ὑπέρακμος,
1622 2610 1713 2665 καὶ
1813 2611 1989 2676 οὓτως

336 2702 544 2780 ὀφείλει
576 2700 837 2778 γίνεσθαι,
898 2699 926 2753 ὃ
979 2696 1148 2766 θέλει,
1195 2700 1446 2767 ποιείτω,
1504 2700 1616 2774 οὐχ
1670 2700 1988 2776 ἁμαρτάνει,

332 2790 697 2866 γαμείτωσαν.

408 2879 551 2943 Τοὺς
584 2878 642 2934 δέ
680 2878 805 2954 περὶ
864 2877 1154 2955 παρθενίας
1218 2876 1442 2952 λόγους,
1498 2877 1685 2958 φησὶν,
1746 2879 1988 2952 ἐκίνησα,

332 2974 495 3027 τοῦτο
532 2970 660 3042 ὑμῖν
690 2966 982 3045 συμφέρειν
1041 2964 1221 3039 εἶ’ὂὼς,
1278 2967 1392 3046 οὐχ
1442 2967 1527 3022 ἳνα
1587 2966 1645 3024 δὶ
1701 2970 1989 3046 ἀναγκάσω

334 3059 473 3133 ὑμᾶς
541 3057 631 3113 καί
691 3053 948 3117 θέλοντας
1006 3055 1096 3111 καὶ
1162 3057 1237 3130 μὴ
1289 3056 1548 3119 θέλοντας
1621 3057 1988 3133 παρθενεύειν.

334 3150 449 3218 Τὴν
477 3149 580 3224 γάρ
611 3146 847 3222 ἀνάγκην
895 3145 1103 3221 βρόχον
1152 3143 1333 3200 καλεῖ.
1377 3146 1540 3220 Ὁρᾷς
1603 3152 1720 3207 πῶς
1781 3144 1990 3202 δέδοικε

338 3236 550 3292 τέλειόν
576 3257 629 3292 τι
675 3234 960 3305 ἐπι-πάξαις
1020 3260 1047 3287 «
1080 3230 1258 3290 ’Λλλά
1311 3234 1448 3309 πρὸς
1501 3234 1565 3289 τὸ
1623 3231 1927 3311 εὔσχημον.
1961 3258 1988 3287 η

340 3328 404 3384 Τί
450 3328 557 3402 γὰρ
612 3325 881 3402 παρθένου
946 3326 1037 3380 καὶ
1092 3328 1192 3390 τῆς
1248 3326 1509 3396 τοιαύτης
1564 3325 1846 3388 πολιτείας
1902 3327 1993 3381 καὶ

339 3423 487 3487 ζωῆς
540 3415 1087 3490 ιύσχημονέστερον;
1138 3438 1166 3467 ‹‹
1195 3414 1301 3471 Καὶ
1344 3413 1703 3491 εὖπρύσεόρον
1748 3420 1829 3488 τῷ
1883 3420 1992 3474 Κυ-

338 3506 465 3581 ρίῳ,
499 3530 528 3558 ››
560 3505 634 3559 Οὐ
664 3505 769 3580 γὰρ
802 3503 971 3579 λέγω,
1003 3504 1158 3584 φησὶ,
1214 3508 1402 3573 ταῦτα,
1462 3502 1544 3559 ’ἱνα
1605 3505 1810 3581 βρόχον
1865 3509 1994 3582 ὑμῖν

345 3597 435 3651 καὶ
470 3595 704 3670 ἀνάγκην
735 3589 1003 3663 ἐπιϐάλω,
1071 3591 1217 3650 ἀλλά
1272 3594 1408 3668 πρὸς
1465 3595 1530 3650 τὸ
1569 3593 1851 3671 εὔσχημον
1906 3598 1996 3654 καὶ

2091 1912 2221 1991 esse
2253 1900 2396 1968 vult,
2429 1909 2487 1958 et
2515 1905 2729 1964 domus
2759 1926 2963 1968 curam
3002 1914 3249 1984 habens,
3284 1933 3393 1973 nec
3440 1918 3731 1991 indigenti

2090 1985 2410 2061 benignam
2440 1997 2687 2069 porrigit
2712 2016 2975 2057 manum.
3015 2004 3190 2060 Vocat
3247 2012 3446 2063 autem
3501 2012 3733 2082 γυναῖκα

2093 2091 2225 2131 eam
2256 2095 2387 2150 quae
2418 2082 2539 2138 viro
2571 2092 2757 2158 nupta
2786 2096 2897 2161 est,
2929 2107 3144 2165 nempe
3172 2110 3419 2151 uxorem
3452 2096 3574 2152 sive
3591 2114 3738 2154 con-

2085 2165 2378 2237 jugatam.

2172 2279 2191 2345 ι
2229 2258 2348 2325 VII,
2383 2263 2471 2327 35,
2505 2265 2593 2321 36.
2627 2267 2747 2323 Hoc
2776 2275 2976 2325 autem
3008 2272 3082 2327 ad
3113 2272 3172 2327 id
3196 2274 3353 2345 quod
3386 2276 3549 2331 vobis
3595 2295 3738 2333 con-

2095 2364 2125 2393 ‹‹
2154 2344 2412 2438 ducibile
2444 2357 2533 2438 est
2558 2352 2711 2421 dico,
2746 2373 2865 2411 non
2892 2359 2979 2412 uti
3035 2344 3317 2431 laqueum
3375 2363 3538 2420 vobis
3596 2366 3742 2438 inji-

2100 2452 2127 2483 υ
2158 2433 2332 2503 ciam,
2366 2437 2471 2492 sed
2501 2439 2576 2494 ad
2607 2440 2666 2496 id
2698 2444 2856 2514 quod
2889 2445 3175 2503 decorum
3207 2455 3298 2505 est
3341 2458 3399 2506 et
3447 2433 3740 2508 indivulse

2099 2543 2127 2571 ‹‹
2161 2521 2409 2580 Domino
2440 2527 2753 2588 adhaerens
2770 2533 3550 2604 absqueulladistractione.
3574 2542 3739 2607 Quod

2098 2631 2127 2659 ι(
2159 2610 2208 2666 si
2240 2613 2374 2683 quis
2406 2614 2753 2675 indecorum
2781 2622 2989 2694 virgini
3019 2642 3141 2680 sua)
3171 2634 3358 2697 putat,
3418 2629 3466 2683 si
3524 2636 3741 2701 praete-

2098 2721 2129 2750 α
2162 2709 2289 2757 reat
2311 2704 2577 2762 nubendi
2607 2714 2859 2781 tempus,
2895 2719 2952 2767 et
2983 2713 3066 2768 sic
3099 2719 3331 2786 Oportet
3364 2718 3527 2771 ﬁeri:
3583 2718 3741 2788 quod

2100 2815 2129 2843 «
2160 2792 2284 2849 vult
2311 2796 2508 2865 faciat,
2536 2815 2655 2854 non
2688 2807 2914 2871 peccat,
2948 2802 3202 2859 elocent.
3239 2826 3267 2854 ››

2172 2883 2507 2954 Sermones,
2524 2887 2739 2958 inquit,
2756 2889 2829 2944 de
2843 2891 3177 2964 virginitate
3196 2895 3371 2962 movi,
3415 2895 3611 2950 sciens
3634 2895 3744 2950 hoc

2099 2971 2264 3027 vobis
2286 2973 2432 3028 utile
2464 2990 2592 3029 esse
2625 2993 2637 3029 :
2688 2993 2811 3031 non
2857 2984 3055 3033 autem
3105 2987 3171 3034 ut
3201 2996 3405 3052 cogam
3434 2999 3539 3036 vos
3570 2987 3627 3037 et
3652 2999 3745 3036 vo-

2101 3058 2294 3114 lentes
2315 3067 2373 3115 et
2396 3062 2668 3118 nolentes
2694 3064 2755 3118 in
2786 3066 3119 3138 virginitate
3162 3068 3397 3140 degere.
3424 3071 3746 3125 Necessita-

2101 3153 2221 3202 tem
2240 3149 2399 3204 enim
2423 3156 2589 3206 vocat
2604 3151 2899 3224 laqueum.
2934 3156 3133 3211 Viden’
3183 3174 3362 3229 quam
3407 3159 3613 3215 timeat
3642 3158 3747 3214 ali-

2102 3236 2244 3307 quid
2275 3238 2602 3308 perfectum
2624 3244 2946 3315 praacipere
2965 3245 2994 3299 ‘I
3016 3267 3041 3294 «
3068 3245 3179 3300 Sed
3200 3247 3272 3302 ad
3291 3247 3349 3302 id
3378 3248 3536 3319 quod
3568 3248 3747 3303 deco-

2099 3342 2234 3380 rum
2267 3332 2374 3382 est.
2409 3352 2433 3377 ››
2466 3329 2616 3394 Quid
2647 3332 2806 3386 enim
2837 3333 3060 3405 virgine
3093 3341 3151 3389 et
3179 3336 3283 3390 tali
3314 3336 3430 3392 vita
3479 3353 3546 3392 ac
3603 3353 3748 3392 con-

2100 3417 2431 3473 versatione
2462 3421 2647 3492 magis
2677 3421 2958 3478 decorum
2983 3423 3011 3478 ‘I
3042 3446 3068 3474 α
3090 3426 3158 3478 Et
3178 3425 3471 3481 indivulse
3497 3426 3747 3482 Domino

2103 3504 2435 3562 adhaerens.
2470 3531 2498 3558 ››
2528 3511 2677 3576 Non,
2712 3511 2926 3582 inquit,
2961 3513 3086 3568 haec
3120 3513 3251 3569 dico
3282 3520 3351 3569 ut
3378 3515 3657 3586 laqueum
3693 3520 3754 3569 et

2104 3597 2520 3653 necessitatem
2550 3599 2717 3655 vobis
2740 3600 3027 3672 injiciam,
3063 3602 3167 3658 sed
3199 3603 3405 3660 volens
3452 3604 3747 3660 adducere

2105 3691 2171 3739 ut
2225 3686 2435 3743 decore
2495 3695 2552 3743 et
2608 3690 2955 3747 indistracte
3011 3709 3079 3748 ac
3137 3693 3430 3748 indivulse
3500 3694 3749 3748 Domino

342 3684 760 3759 ἀπερισπάστως
820 3679 1178 3757 εὐπρὸσεόρον
1232 3686 1311 3754 τῷ
1366 3683 1551 3757 Κυρίῳ
1582 3684 1799 3759 ἀγαγεῖν
1858 3687 1997 3759 ὑμᾶς

352 3773 717 3849 βουλόμενος.
745 3774 901 3830 Ἐστι
934 3770 992 3827 δὲ
1047 3770 1432 3847 εὐπρόσεδρον,
1485 3773 1549 3827 τὸ
1595 3773 1837 3849 εὐχερῶς
1892 3796 1996 3830 πα-

348 3862 582 3938 ραμένον
725 3858 1016 3932 διηνεκῶς,
1092 3862 1527 3936 άμετεωρίστως,
1603 3863 1997 3940 ἀφροντίστως.

348 3976 377 4004 ι(
415 3951 476 4008 Εἰ
508 3949 566 4006 δέ
592 3971 674 4013 τις
728 3950 1089 4025 ἀσχημονεῖν.
1126 3973 1154 4001 »
1218 3949 1496 4015 Ἀσθένεια
1539 3951 1749 4031 φύσεως
1794 3954 2002 4030 ἀνθρώ-

343 4040 543 4097 πουτὸ
572 4038 812 4113 νομίζειν
850 4039 1216 4115 ἀσχημονεῖν,
1278 4038 1396 4117 ε’ίγε
1443 4044 1543 4108 τήν
1589 4041 1782 4097 ἑαυτοῦ
1840 4045 2003 4116 θυγα-

342 4131 476 4206 τέρα
514 4130 773 4206 φυλάττει
806 4131 1096 4204 παρθένον,
1126 4130 1217 4219 καὶ
1247 4135 1365 4202 Θεῷ
1420 4130 1655 4207 ἀφιεροῖ.
1691 4165 1756 4176 -
1789 4134 2001 4219 [ΦΩΤ.]

346 4221 412 4278 Ei
445 4217 502 4276 δέ
530 4241 636 4292 τις,
663 4221 851 4295 φησὶν,
878 4217 1277 4293 ἀσχημοσύνην
1336 4219 1551 4291 νομίζει
1600 4222 1780 4297 φέρειν
1832 4217 2000 4293 αὐτῷ,

352 4307 635 4365 ἀνέκδοτον
666 4308 833 4384 γάμῳ
864 4305 1155 4384 φυλάττειν
1184 4306 1325 4361 οἳκοι
1386 4308 1485 4374 τήν
1540 4308 1807 4383 θυγατέρα
1862 4330 1999 4384 παρ·

348 4398 809 4468 θενεύουσαν,καὶ
869 4397 1042 4452 οἳεται
1098 4394 1240 4450 οὕτω
1301 4393 1517 4468 μᾶλλον
1578 4394 1816 4472 ὀφείλειν
1863 4398 2000 4474 γίνε-

348 4500 492 4556 σθαι,
541 4486 656 4542 οἷον
709 4483 976 4557 ἐκδοῦναι,
1034 4509 1061 4536 ‹‹
1131 4484 1365 4540 Ηοιείτω
1422 4484 1452 4538 δ
1490 4483 1657 4540 θέλει.
1693 4507 1719 4538 ι
1764 4486 1841 4543 Οὐ
1898 4487 2002 4562 γάρ

348 4575 716 4632 κεκώλυταιὸ
748 4575 923 4652 γάμος
983 4576 1085 4647 (μὴ
1145 4572 1356 4648 γένοιτο
1382 4576 1441 4645 Ι),
1493 4574 1539 4630 εί
1586 4574 1675 4630 καὶ
1728 4574 2001 4650 ὑψηλότε-

348 4684 441 4739 ρον
472 4667 506 4734 ἡ
547 4664 826 4738 παρθενία.
885 4663 1050 4717 ’Ὠστε
1110 4660 1157 4716 εἴ
1217 4662 1529 4737 βούλονται,
1588 4661 1997 4739 ἰκγαμείτωσαν

350 4754 542 4820 αὐτὰς,
574 4752 729 4830 φησί.
762 4750 828 4808 Εἴ
860 4747 917 4805 δέ
955 4769 1038 4810 τις
1086 4746 1308 4820 ἔστηκεν
1370 4750 1421 4804 ἐν
1467 4752 1633 4824 ταύτῃ
1681 4757 1750 4827 τῇ
1802 4752 1997 4830 γνώμῃ

347 4840 587 4916 ἑδραῖος,
612 4839 739 4911 ἤτοι
770 4839 848 4903 εἲς
875 4839 940 4894 τὸ
1002 4840 1077 4913 μὴ
1111 4838 1398 4914 ἐκγαμίσαι
1448 4841 1641 4911 αὐτὴν,
1692 4843 1767 4915 μή
1819 4850 1996 4898 ποιῶν

344 4936 506 4987 τοῦτο
564 4931 640 4995 ὠς
697 4929 749 5002 ἐξ
804 4929 1041 5003 ἀνάγκης
1098 4929 1187 4983 καὶ
1250 4928 1355 4983 ἀπὸ
1413 4930 1588 5003 νόμου
1644 4930 1999 5006 κωλυόμενος

349 5023 403 5095 (ὁ
442 5021 547 5097 γάρ
586 5019 730 5075 οὓτω
758 5022 918 5074 τοῦτο
951 5021 1144 5087 ποιῶν,
1195 5016 1318 5073 λίαν
1370 5019 1708 5094 ἁμαρτάνει)’
1759 5023 1846 5076 έάν
1904 5024 1995 5078 οὗν

342 5132 426 5174 τις
453 5116 620 5166 τοῦτο
651 5109 725 5171 ὠς
761 5109 838 5182 μὴ
871 5104 1016 5182 ἔχων
1068 5106 1311 5182 ἀνάγκην
1365 5111 1524 5181 ποιῇ,
1582 5108 1712 5164 ἀλλ’
1768 5109 1844 5173 ὡς
1901 5112 1996 5166 κύ-

347 5220 464 5276 ριος
520 5199 613 5271 μὶν
674 5196 749 5252 ὢν
799 5195 1056 5271 ἑκατέρου
1115 5193 1430 5267 θελήματος
1488 5196 1594 5250 ἀπὸ
1645 5203 1742 5252 τοῦ
1798 5198 1995 5273 νόμου,

345 5288 505 5349 αὐτὸς
537 5286 593 5342 δὲ
624 5286 978 5361 αἱρετώτερον
1037 5282 1234 5357 κρίνων
1284 5284 1347 5338 τὸ
1402 5285 1479 5356 μὴ
1522 5284 1857 5360 έκγαμίζειν,
1905 5291 1993 5344 καὶ

345 5378 504 5440 οὗτος
545 5375 734 5437 καλῶς
792 5377 943 5430 ποιεῖ
999 5370 1284 5452 φυλάττων
1344 5374 1601 5448 παρθένον
1661 5376 1746 5430 καὶ
1804 5379 1995 5452 ἀμέρι-

348 5489 481 5542 μνον
513 5468 613 5535 τὴν
648 5466 841 5519 έαυτοῦ
872 5462 1157 5538 θυγατέρα.
1182 5462 1408 5518 Δύναται
1437 5460 1494 5518 δὲ
1521 5464 1606 5531 τὸ,
1640 5489 1668 5516 ‹‹
1704 5467 1796 5536 Μὴ
1847 5461 1993 5546 ἔχειν

340 5558 596 5630 ἀνάγκην,
630 5579 656 5605 »ι
687 5553 776 5608 καὶ
811 5550 996 5613 άλλως
1026 5548 1176 5606 οὐδὲν
1202 5554 1367 5620 ’ἧττον
1391 5552 1609 5614 οἰκείως
1633 5551 1992 5633 έκληιρθῆναι,

2105 3774 2479 3831 adhaareatis.
2547 3780 2650 3833 Est
2733 3786 2931 3835 autem
3014 3776 3396 3854 εὖπρόσεδρον,
3480 3786 3752 3851 prompte

2106 3864 2195 3919 vel
2252 3866 2534 3922 continue
2593 3885 2955 3938 permanens
3011 3870 3141 3923 sine
3197 3869 3454 3923 elatione
3499 3874 3557 3924 et
3587 3884 3749 3923 cura.

2105 3977 2132 4003 α
2169 3953 2333 4019 Quod
2367 3954 2415 4009 si
2446 3956 2580 4025 quis
2610 3955 2980 4012 indecorum.
3010 3974 3038 4008 υ
3079 3958 3162 4011 Ex
3190 3962 3419 4012 natura;
3480 3957 3755 4013 humanas

2106 4042 2514 4098 imbecillitate
2537 4045 2825 4115 provenit,
2850 4050 2915 4100 ut
2935 4045 3068 4116 quis
3113 4044 3461 4101 indecorum
3494 4046 3753 4102 arbitre-

2107 4136 2203 4185 tur
2224 4132 2272 4185 si
2302 4131 2486 4187 ﬁliam
2505 4150 2672 4187 suam
2697 4139 2890 4189 servet
2908 4134 3193 4206 virginem
3217 4152 3286 4191 ac
3333 4137 3450 4191 Deo
3497 4136 3751 4191 dedicet.

2109 4219 2166 4272 Si
2197 4220 2350 4289 quis,
2385 4221 2598 4290 inquit,
2630 4221 2956 4277 arbitratur
2987 4222 3113 4278 ﬁeri
3183 4224 3295 4278 sibi
3354 4224 3415 4278 in
3472 4223 3751 4288 dedecus,

2110 4308 2269 4378 quod
2291 4308 2589 4364 illocatam
2612 4316 2803 4365 servet
2819 4311 2977 4366 domi
3002 4312 3185 4367 ﬁliam
3210 4313 3271 4367 in
3288 4312 3621 4384 virginitate
3648 4311 3749 4366 de—

2109 4401 2366 4467 gentem,
2400 4404 2460 4452 et
2488 4399 2571 4454 ita
2600 4400 2797 4470 potius
2829 4401 2956 4456 fieri
2988 4400 3204 4457 debere
3232 4406 3402 4473 putat
3427 4405 3494 4455 ut
3539 4399 3750 4465 elocet,

2110 4505 2140 4536 «
2173 4485 2371 4541 Faciat
2399 4487 2558 4557 quod
2588 4488 2733 4543 vult.
2767 4511 2797 4539 »
2830 4491 3029 4560 Neque
3062 4491 3220 4545 enim
3252 4488 3565 4561 prohibita)
3614 4491 3754 4542 sunt

2032 4564 2078 4628 D
2110 4572 2359 4643 nuptias,
2392 4575 2639 4631 minime
2663 4577 2953 4648 gentium,
2976 4594 3320 4649 quanquam
3343 4576 3657 4632 sublimior
3678 4575 3754 4631 sit

2109 4665 2433 4737 virginitas.
2466 4670 2669 4741 Itaque
2701 4670 2749 4724 si
2777 4671 3002 4737 volunt,
3036 4670 3271 4726 elocent
3301 4671 3481 4741 ipsas,
3534 4669 3750 4740 inquit.

2110 4760 2262 4814 488
2287 4761 2343 4815 Si
2363 4777 2496 4817 vero
2512 4762 2647 4833 quis
2669 4769 2785 4818 stat
2805 4763 2868 4818 in
2918 4764 3028 4819 hac
3078 4763 3375 4817 sententia
3424 4762 3654 4827 firmus,
3686 4766 3756 4817 ut

2109 4865 2229 4903 non
2256 4850 2673 4923 elocetipsam,
2696 4869 2816 4906 non
2837 4851 2898 4906 id
2920 4867 3100 4925 agens
3144 4857 3429 4922 tanquam
3451 4868 3519 4906 ex
3550 4866 3753 4905 neces-

2109 4939 2303 5004 sitate,
2329 4946 2386 4995 et
2407 4956 2441 4995 a
2463 4941 2588 5010 lege
2610 4941 2944 5013 prohibitus
2993 4941 3154 5012 (nam
3207 4941 3308 5012 qui
3342 4941 3423 4996 ita
3447 4941 3559 4996 hoc
3588 4940 3749 5010 facit,

2108 5028 2494 5084 vehementer
2514 5030 2691 5100 errat)
2720 5046 2732 5096 ;
2758 5030 2806 5085 si
2829 5030 2964 5101 quis
2994 5046 3130 5103 ergo
3180 5036 3466 5102 tanquam
3493 5046 3615 5085 non
3649 5046 3751 5085 ne-

2108 5116 2384 5171 cessitate
2414 5122 2652 5172 coactus
2683 5118 2793 5173 hoc
2821 5118 3020 5183 faciat,
3054 5118 3157 5173 sed
3203 5119 3372 5189 quasi
3441 5119 3753 5189 utriusque

2107 5204 2340 5258 consilii
2372 5204 2653 5261 dominus
2683 5223 2718 5262 a
2742 5206 2870 5279 lege
2901 5207 3297 5262 constitutus:
3328 5207 3455 5279 ipse
3488 5224 3623 5263 vero
3645 5208 3752 5279 ju-

2106 5292 2313 5347 dicans
2344 5292 2664 5365 eligibilius
2696 5312 2825 5352 esse
2854 5313 2977 5351 non
3008 5296 3241 5352 elocare
3278 5313 3290 5351 :
3324 5302 3383 5352 et
3439 5296 3535 5352 hic
3594 5296 3748 5351 bene

2104 5380 2265 5453 facit,
2300 5397 2467 5438 suam
2500 5383 2685 5439 ﬁliam
2718 5402 2959 5441 servans
2990 5386 3282 5459 virginem
3314 5392 3372 5441 et
3402 5386 3533 5441 sine
3582 5402 3746 5441 cura.

2106 5472 2305 5527 Potest
2326 5478 2521 5529 autem
2546 5475 2704 5544 quod
2727 5475 2980 5536 dicitur:
3003 5500 3029 5525 ‹‹
3056 5478 3182 5532 Non
3213 5476 3440 5532 habens
3482 5475 3750 5530 necessi-

2107 5566 2309 5627 tatem,
2347 5584 2373 5610 »
2398 5562 2515 5617 alio
2543 5580 2778 5635 quoque
2803 5565 2979 5620 modo
3006 5582 3114 5621 nec
3132 5566 3332 5622 minus
3382 5565 3619 5636 proprie
3649 5580 3750 5618 ac-

336 5648 457 5704 οἶον
490 5646 568 5721 μ’),
629 5641 1071 5718 ἀνα-(κνιζόμενος
1111 5640 1175 5695 τὸ
1223 5640 1462 5697 ἐναντίον
1517 5649 1690 5698 ποιεῖν
1744 5644 1846 5699 ὑπὸ
1893 5653 1990 5716 τῆς

2103 5650 2242 5721 cipi,
2263 5651 2372 5706 hoc
2396 5657 2520 5707 est:
2546 5653 2655 5717 Qui
2683 5671 2804 5709 non
2826 5654 3054 5726 cogitur
3074 5672 3108 5708 a
3139 5654 3261 5709 filia
3291 5658 3356 5708 ut
3385 5651 3748 5707 contrarium
