4188 6196
311 350 433 410 745

1295 351 1702 415 ΟΟΜΜΕΝΤ.
1753 354 1827 412 ἸΝ
1879 351 2122 413 EPIST.
2170 353 2193 412 l
2240 356 2341 413 AD
2387 353 2757 414 CORINTH.

3611 355 3730 414 746

312 485 444 561 θέρα
531 482 674 539 ἐστὶν
885 483 1032 548 θελει
1111 485 1454 558 γαμηθῆναι,
1535 485 1806 558 μόνονξέν
1869 488 1969 544 Ku-

2086 489 2279 554 nubat,
2312 489 2470 544 modo
2500 491 2559 544 in
2603 489 2866 544 Domi-no:
2929 487 3135 542 beatior
3193 495 3374 542 tamen
3433 496 3508 544 est
3559 491 3606 544 si
3661 491 3740 546 sic

534 575 935 649 Μακαριωτέρα
1016 570 1072 628 δὲ
1156 572 1298 628 ἐστιν
1374 572 1462 628 ἐὰν
1551 573 1727 638 οὕτως
1795 573 1977 650 μείνῃ,

718 663 856 737 ἐμὴν
921 663 1168 740 γνώμην.
1234 667 1386 720 Δοκῶ
1435 661 1491 719 δί
1549 666 1703 739 γάγὼ
1759 668 1978 738 Πνεῦμα

316 577 441 651 ρίῳ.

311 665 450 720 κατὰ
527 666 628 733 τήν

323 758 460 808 Θεοῦ
489 748 661 828 ἔχειν.

387 842 558 915 Νόμῳ
585 839 736 916 λέγει
766 845 847 912 τῷ
878 840 1002 917 περί
1056 846 1164 896 τῶν
1218 847 1460 916 μοιχῶν,
1505 842 1550 914 ᾦ
1582 846 1869 918 κατέχεται
1902 841 1979 906 εἷς

311 932 377 986 τὸ
413 932 488 1004 μὴ
541 929 932 1003 συμπλακῆναι
991 931 1176 1004 ἑτέρῳ.
1211 931 1308 984 Διά
1339 935 1505 985 τοῦτο
1560 931 1700 999 εἶπε,
1755 957 1781 983 ‹‹
1820 929 1978 986 Δέδε-

310 1039 425 1073 ται.
466 1041 494 1068 ››
529 1019 624 1071 Καὶ
667 1015 722 1071 ἐν
775 1021 856 1088 τῷ
915 1016 1103 1085 εἰπεῖν,
1165 1041 1192 1068 ‹‹
1227 1013 1465 1084 Δέδεται,
1497 1042 1524 1067 ››
1586 1015 1845 1072 δείκνυσιν
1893 1017 1976 1072 ὅτι

317 1108 347 1162 ὁ
384 1108 461 1180 μή
496 1105 825 1183 ἐγγαμίζων,
863 1113 1112 1181 κρεῖσσον
1141 1112 1310 1176 ποιεῖ,
1351 1103 1555 1178 δεσμοῦ
1613 1106 1783 1176 αὐτὴν
1818 1105 1976 1162 ἐλευ-

312 1198 502 1271 θερῶν,
540 1221 566 1248 «
595 1194 888 1270 Ἐλευθὲρα
919 1196 1062 1251 ἐστΐν
1097 1194 1142 1268 ᾦ
1174 1197 1314 1259 οέκει
1347 1203 1690 1271 γαμηθῆναι.
1727 1220 1751 1250 ε
1781 1195 1974 1252 Ἠλευο

317 1283 549 1357 θέρωται
570 1285 670 1359 γὰρ
701 1290 797 1340 τοῦ
830 1287 1050 1360 πρώτου
1073 1284 1275 1360 δεσμοῦ
1294 1287 1384 1342 καὶ
1411 1287 1584 1359 νόμου
1606 1286 1696 1341 καὶ
1728 1284 1971 1342 λέλυται.

312 1377 502 1433 Εἰπὼν
535 1373 590 1431 δὲ
620 1376 704 1431 ’ὁτι
737 1374 929 1446 ἐλύθη,
963 1378 1320 1452 προτρέπεται
1361 1378 1437 1451 μὴ
1471 1377 1636 1432 πάλιν
1671 1384 1851 1454 γῆμαι
1882 1376 1973 1432 καὶ

315 1461 559 1533 δεθῆναι.
614 1489 638 1518 ε
677 1465 854 1521 Μόνον
900 1466 950 1521 ἐν
1018 1467 1226 1542 Κυρίῳ.
1273 1491 1300 1518 ››
1333 1467 1487 1537 Ηλήν
1556 1467 1690 1540 μετά
1747 1487 1972 1546 σωφρο-

316 1561 506 1626 σύνης,
567 1554 740 1632 φησὶ,
801 1556 890 1610 καὶ
946 1556 1320 1630 κοσμιότητος
1365 1556 1588 1630 νομίμῳ
1647 1557 1834 1633 γάμῳ,
1886 1557 1974 1611 ἐπὶ

321 1642 687 1715 παιδοποιίᾳ,
745 1645 836 1699 καὶ
895 1645 1214 1718 προστασίᾳ,
1277 1647 1352 1719 μή
1413 1643 1501 1700 διὰ
1559 1646 1729 1708 πάθος
1785 1646 1974 1709 ἐπιου-

317 1732 469 1808 μίας.
512 1734 714 1790 «Κατά
767 1735 867 1802 τήν
922 1734 1062 1806 ἐμὴν
1120 1735 1375 1809 γνώμην.
1413 1757 1440 1787 »
1500 1737 1612 1791 Ἵνα
1671 1736 1748 1808 μὴ
1805 1736 1974 1809 ἀνάγ-

2082 580 2475 648 permanserit.
2497 579 2671 648 juxta
2695 593 2872 632 meam
2904 579 3254 632 sententiam.
3287 577 3498 648 Opinor
3556 586 3738 636 autem

2085 668 2234 737 quod
2265 674 2318 722 et
2350 669 2463 737 ipse
2495 668 2769 738 Spiritum
2805 666 2900 722 Dei
2923 666 3174 724 habeam.

2161 846 2366 918 Legem
2401 845 2545 900 dicit
2575 861 2705 917 qua)
2737 845 2809 900 de
2839 844 3125 900 adulteris
3177 843 3296 900 lata
3327 849 3436 907 est,
3461 861 3576 915 qua
3593 845 3738 900 reti-

2086 936 2406 994 neturhoc.
2426 952 2500 990 ne
2514 935 2684 990 alteri
2703 935 3178 989 commisceatur.
3197 935 3517 1005 Propterea
3544 933 3690 988 dixit
3718 949 3733 989 :

2089 1045 2115 1073 α
2153 1024 2349 1096 Ligata
2382 1029 2490 1080 est.
2530 1045 2552 1074 υ
2590 1026 2657 1078 Et
2681 1041 2786 1094 per
2839 1023 2952 1078 hoc
3009 1022 3168 1093 quod
3219 1023 3402 1078 dixit:
3465 1044 3491 1074 ε
3537 1023 3739 1094 Ligata

2087 1119 2194 1181 est,
2225 1137 2250 1160 »ι
2273 1114 2534 1168 ostendit
2561 1113 2717 1184 quod
2741 1113 2839 1183 qui
2865 1129 2986 1168 non
3007 1112 3198 1167 elocat
3238 1118 3492 1182 nuptum
3521 1112 3736 1168 melius

2084 1202 2244 1264 facit,
2274 1203 2526 1258 vinculis
2559 1204 2748 1274 ipsam
2782 1202 3044 1257 liberans
3099 1225 3124 1250 α
3163 1201 3368 1256 Libera
3399 1207 3490 1256 est
3521 1208 3586 1256 ut
3640 1199 3735 1256 cui

2083 1293 2206 1347 vult
2236 1293 2437 1348 nubat.
2479 1316 2506 1340 υ
2541 1293 2808 1347 Liberata
2836 1299 2925 1347 est
2957 1292 3147 1363 primo
3180 1291 3414 1346 vinculo
3461 1307 3529 1346 ac
3587 1291 3734 1363 lege,

2085 1388 2142 1438 et
2159 1383 2354 1438 soluta
2379 1382 2926 1437 est.Dicensaulem
2945 1381 3099 1452 quod
3135 1382 3332 1451 soluta
3375 1386 3486 1447 est,
3520 1379 3735 1435 adhor-

2085 1479 2243 1528 tatur
2275 1489 2349 1527 ne
2379 1487 2616 1528 rursum
2645 1471 2830 1526 nubat
2859 1487 2927 1525 ac
2959 1471 3194 1543 ligetur.
3229 1493 3257 1521 α
3299 1470 3471 1526 Modo
3505 1470 3562 1524 in
3618 1470 3734 1525 Do-

2084 1563 2318 1618 mino.»
2338 1565 2611 1617 Attamen
2629 1577 2763 1617 cum
2805 1560 3342 1632 modestiainquit,
3367 1576 3434 1616 ac
3454 1557 3732 1614 decentia.

2081 1651 2363 1724 legitimis
2387 1651 2676 1724 jungatur
2706 1651 2931 1722 nuptiis
2962 1649 3035 1705 ob
3067 1649 3254 1721 prolis
3287 1648 3727 1720 susceptionem

2083 1747 2143 1797 et
2174 1741 2610 1800 educationem.
2643 1756 2762 1796 non
2809 1757 2879 1795 ex
2935 1740 3152 1794 affectu
3209 1737 3728 1809 concupiscentiis.

313 1843 417 1893 κῃν
467 1824 530 1879 τὸ
586 1829 811 1899 πρᾶγμα
863 1824 1120 1899 νομίσῃς,
1181 1824 1336 1902 φησί.
1399 1849 1427 1877 ‹‹
1460 1826 1610 1882 Κατά
1669 1827 1770 1895 τήν
1832 1825 1968 1899 ἐμήν

412 1914 424 1932 1
695 1916 761 1932 ρ...
950 1914 962 1930 ς
1021 1915 1032 1931 ς
1253 1914 1264 1932 ι
1592 1913 1605 1931 .
1793 1914 1804 1932 .
1922 1918 1932 1930 .

2084 1853 2110 1880 ‹‹
2137 1832 2306 1886 Juxta
2331 1847 2520 1886 meam
2541 1829 2920 1885 sententiam.
2950 1851 2976 1875 ι»
3000 1830 3077 1883 Ne
3095 1844 3219 1882 rem
3244 1827 3546 1882 existimes
3596 1841 3727 1882 esse

319 1914 571 1988 γνώμην.
609 1937 637 1964 ››
695 1916 859 1971 ’Όσον
946 1914 1053 1989 ἐγὼ
1137 1914 1415 1986 γινώσκω,
1477 1913 1630 1992 φησὶ,
1683 1914 1818 1969 κατά
1875 1918 1974 1983 τήν

319 2001 462 2074 ἐμὴν
490 2002 800 2076 παραίνεσιν
853 2002 944 2058 καὶ
1001 1997 1341 2076 συμϐουκήν,
1400 2002 1463 2058 οὐ
1517 2003 1655 2058 κατά
1705 2024 1824 2059 τινα
1881 2024 1975 2058 νο-

326 2090 582 2164 μοθεσίας
632 2092 892 2168 ἀνάγκην.
952 2095 1088 2149 Εἶτα
1140 2091 1233 2148 ’ίνα
1267 2094 1344 2166 μή
1399 2113 1482 2155 τις
1539 2091 1690 2168 ε’ίπῃ,
1760 2092 1972 2151 Οὐκοῦν

323 2179 369 2235 εί
405 2182 480 2254 μή
514 2177 623 2236 ἔστι
671 2181 986 2256 νομοθεσία,
1041 2205 1093 2239 τι
1152 2185 1263 2260 χρὴ
1315 2183 1461 2244 ὅλως
1515 2185 1635 2239 τινὰ
1682 2185 1821 2239 κατά
1874 2185 1973 2253 τὴν

320 2271 630 2346 παραίνεσιν
713 2278 936 2342 ποιεῖν;
1021 2272 1309 2350 ἐπήγαγεν,
1382 2274 1465 2328 ὃτι
1526 2274 1631 2329 Καὶ
1687 2271 1854 2329 ταῦτα
1914 2274 1973 2329 ἐκ

319 2365 420 2415 τοῦ
468 2362 739 2437 παναγίου
796 2364 1105 2435 Πνεῦματος
1160 2367 1574 2439 παραινοῦμεν,
1637 2361 1685 2417 εἰ
1739 2365 1830 2418 καὶ
1891 2364 1969 2436 μή

319 2450 396 2512 εἰς
427 2450 598 2525 νόμου
631 2451 891 2527 ἀνάγκην,
925 2451 1018 2508 διά
1045 2453 1145 2521 τήν
1176 2450 1449 2508 ἀσθένειαν
1501 2452 1673 2526 ὑμῶν,
1705 2453 1804 2521 τήν
1833 2474 1972 2524 συμ-

318 2535 532 2610 ϐουλήν
560 2541 980 2617 κατακλείομενο
1018 2567 1044 2595 ‹‹
1078 2547 1232 2598 Δοκῶ
1291 2540 1347 2598 δὲ
1374 2541 1524 2617 κάγώ
1588 2547 1806 2616 Πνεῦμα
1836 2547 1970 2598 Θεοῦ

317 2627 488 2705 ἔχειν.
529 2655 558 2684 »
587 2638 708 2688 Ἴνα
777 2635 852 2704 μή
885 2654 970 2695 τις
1001 2631 1203 2707 νομίσῃ
1263 2634 1360 2696 τάς
1413 2631 1667 2694 τοιαύτας
1726 2627 1971 2704 συμϐου-

319 2717 446 2782 λίας
482 2720 699 2776 Παύλου
758 2723 889 2777 εἶναι
945 2723 1032 2776 καὶ
1095 2719 1184 2776 διά
1235 2725 1398 2776 τοῦτο
1456 2720 1822 2796 ἀνθρωπίνας,
1873 2719 1970 2775 ἐπ-

318 2808 433 2883 άγει
483 2809 565 2865 ὅτι
602 2835 628 2861 u
663 2815 879 2882 Πνεῦμα
911 2810 1044 2867 Ε*εοῦ
1077 2810 1212 2887 ἔχω,
1239 2835 1267 2863 ››
1317 2807 1550 2878 δεικνὺς,
1584 2811 1666 2866 ὅτι
1735 2813 1972 2883 Νομοθε-

321 2899 454 2964 σὲαι,
487 2899 588 2954 εἰσὶ
643 2905 738 2954 τοῦ
795 2901 1156 2975 Ιίαρακλήτου
1193 2946 1208 2972 ,
1260 2901 1362 2956 ούκ
1429 2899 1576 2974 ἐμαί.
1639 2900 1863 2969 Πολλήν
1914 2898 1971 2956 δὲ

317 2990 819 3069 ταπεινοφροσύνην
853 2989 1207 3056 ἐνδείκνυται,
1244 2991 1329 3059 τὸ,
1389 3012 1415 3037 α
1469 2994 1646 3060 Δοκῶ,
1689 3013 1714 3042 ι
1773 2989 1968 3064 λέγων’

314 3077 619 3150 τουτέστιν,
651 3081 948 3156 Ὶιγοῦμαι,
986 3085 1226 3140 ὑπονοῶ.

959 3360 1219 3416 ΚΕΦΑΛ.
1262 3361 1325 3415 Ε.

315 3448 448 3522 Περῖ
505 3447 768 3530 διαφορᾶς
816 3445 1166 3523 ἐδεσμάτων,
1219 3447 1308 3503 καὶ
1357 3447 1578 3517 ἀποχῆς
1645 3445 1970 3522 δαιμονικοῦ

963 3532 1322 3610 σεϐάσματος.

389 3629 518 3702 Περὶ
599 3626 656 3684 δὲ
727 3634 835 3684 τῶν
914 3626 1292 3684 εἰδωλοθύτων
1350 3626 1572 3701 οἴδαμεν
1633 3629 1718 3684 ὅτι
1775 3627 1970 3690 πάντες

314 3722 516 3794 γνῶσιν
597 3713 820 3793 ἔχομεν.
907 3719 970 3774 Ἥ
1048 3722 1249 3794 γνῶσις
1306 3723 1512 3798 φυσιοῖ,
1570 3720 1605 3787 ἠ
1667 3713 1724 3772 δὶ
1780 3717 1964 3788 ἀγάπη

317 3804 625 3879 οἰκοδομεῖ.
706 3807 766 3863 Εἰ
853 3804 909 3862 δὲ
962 3828 1048 3869 τις
1102 3805 1252 3862 δοκεῖ
1308 3805 1500 3862 εἰδέναι
1558 3829 1632 3875 τι,
1701 3804 1826 3862 οὐδέ
1881 3828 1968 3862 πω

318 3894 473 3952 οὐδὲν
502 3893 753 3974 ἔγνωκεν,
789 3897 970 3959 καθὼς
1035 3894 1118 3952 δεῖ
1143 3901 1362 3974 γνῶναι·
1425 3897 1489 3954 Εἰ
1543 3895 1600 3952 δὲ
1653 3917 1736 3959 τις
1785 3896 1967 3975 ἀγαπᾷ

316 3988 410 4042 τὸν
441 3988 592 4055 Θεὸν,
625 3987 785 4050 οὗτος
815 3983 1082 4064 ἔγνωσται
1114 3986 1203 4042 ὑπ’
1244 3989 1430 4043 αὐτοῦ.

390 4077 453 4134 ἸΙ
481 4077 631 4132 αἰτία
683 4084 782 4146 τῆς
811 4082 921 4132 τῶν
972 4073 1352 4132 εἰδωλοθύτων
1401 4075 1744 4148 ἐπιπλήξεως
1804 4075 1964 4149 αὕτη·

315 4165 470 4228 Τινὶς
519 4163 667 4228 ὄντες
712 4165 835 4242 περί
867 4168 968 4235 τὴν
998 4165 1177 4222 πίστιν
1233 4165 1457 4236 τέλειοι,
1484 4166 1574 4221 καὶ
1622 4163 1824 4229 εἰδότες
1881 4165 1966 4222 ὅτι

319 4255 384 4313 οὗ
414 4257 479 4312 τὰ
509 4255 938 4331 εἰσπορευόμενα
984 4262 1163 4311 κοινοῖ
1217 4258 1308 4312 τὸν
1368 4255 1677 4332 ἄνθρωπον,
1735 4255 1825 4311 καὶ
1881 4252 1964 4310 ὅτι

313 4349 386 4404 τά
409 4344 616 4403 είδωλα
644 4347 779 4417 ξύὶα
807 4347 895 4403 καὶ
929 4346 1075 4403 λίθοι
1134 4346 1260 4402 ὅντα
1319 4343 1471 4402 οὐδὲν
1531 4346 1684 4416 εἰσιν,
1737 4344 1968 4402 ἀδιαφό-

319 4455 429 4511 ρως
462 4435 512 4490 ἐν
543 4441 660 4499 τοῖς
721 4441 938 4511 μιαροῖς
1001 4440 1108 4490 τῶν
1159 4432 1406 4490 εἰδώλων
1467 4432 1638 4494 οῖκοις
1687 4432 1965 4502 εἰσιόντες,

319 4531 574 4601 μετεῖχον
629 4529 737 4580 τῶν
822 4523 995 4581 ἐκεῖσε
1050 4529 1332 4595 τραπεζῶν
1362 4568 1376 4589 ,
1437 4524 1526 4578 καὶ
1587 4521 1964 4579 εἰδωλοθύτων

2081 1921 2524 1986 necessitatem,
2551 1920 2652 1975 ait.
2687 1941 2714 1968 ‹‹
2745 1920 2917 1974 Juxta
2975 1934 3170 1973 meam
3227 1916 3585 1972 sententiam
3621 1931 3635 1971 :
3696 1937 3726 1965 »

2081 2011 2235 2066 490
2267 2016 2557 2081 quantum
2590 2026 2694 2083 ego
2728 2008 2889 2064 valeo
2921 2006 3256 2078 concipere.
3299 2010 3587 2077 quantum
3622 2019 3726 2076 ego

2078 2099 2411 2172 intelligere
2442 2116 2684 2172 possum
2711 2100 2923 2170 ;juxta
2956 2113 3148 2153 meam
3175 2094 3647 2152 admonitionem
3671 2100 3728 2150 et

2079 2189 2417 2256 consilium,
2441 2206 2563 2244 non
2581 2206 2650 2245 ex
2677 2187 3031 2244 necessitate
3057 2184 3468 2258 legislationis.
3503 2183 3726 2240 Deinde

2079 2294 2154 2333 ne
2181 2279 2316 2348 quis
2337 2278 2495 2333 dicat
2520 2295 2532 2333 :
2563 2278 2618 2333 Si
2642 2293 2777 2349 ergo
2801 2292 2922 2332 non
2939 2280 3029 2330 est
3051 2291 3120 2330 ea
3167 2273 3240 2328 de
3291 2291 3352 2329 re
3403 2273 3722 2344 legiSlatio,

2078 2386 2184 2424 cur
2208 2374 2440 2440 oportet
2472 2382 2832 2438 quemquam
2863 2365 3109 2420 omnino
3133 2363 3304 2434 juxta
3333 2368 3494 2418 tuam
3517 2362 3724 2418 admo-

2079 2459 2373 2514 nitionum
2403 2473 2576 2528 agere
2606 2457 2633 2512 ἲ
2663 2455 2970 2527 subjunxit
3001 2472 3016 2510 :
3059 2453 3247 2509 Etiam
3305 2453 3455 2519 haec,
3507 2453 3724 2525 inquit,

2069 2548 2243 2621 juxta
2273 2547 2718 2604 sanctissimum
2749 2545 3030 2618 Spiritum
3062 2544 3453 2600 admonemus
3479 2560 3493 2598 :
3525 2560 3723 2616 quan-

2079 2655 2257 2711 quam
2280 2637 2354 2693 ob
2375 2643 2630 2693 vestram
2657 2636 3128 2692 imbecillitatem
3154 2633 3472 2690 consilium
3489 2633 3561 2688 ad
3582 2633 3729 2706 legis

2077 2725 2494 2782 necessitatem
2513 2740 2632 2779 non
2655 2723 3047 2780 declinemus.
3067 2721 3330 2792 «Opinor
3352 2726 3550 2775 autem
3570 2719 3730 2791 quod

2079 2823 2137 2868 et
2165 2814 2291 2885 ipse
2323 2813 2606 2884 Spiritum
2641 2811 2742 2865 Dei
2775 2809 3044 2864 habeam.
3081 2810 3204 2863 »ΝΘ
3227 2808 3361 2878 quis
3383 2805 3730 2877 hujusmodi

2079 2903 2329 2959 consilia
2361 2919 2490 2957 esse
2523 2901 2688 2956 Pauli
2720 2899 3042 2961 existimet,
3075 2903 3133 2952 et
3162 2898 3246 2952 ita
3277 2897 3557 2959 humana,
3591 2894 3737 2951 sub-

2073 2994 2272 3066 jungit
2305 3009 2317 3046 :
2355 3014 2381 3040 «
2413 2991 2695 3061 Spiritum
2729 2989 2831 3043 Dei
2886 2987 3098 3052 habeo,
3151 3010 3177 3036 »
3239 3002 3308 3041 ac
3368 2986 3416 3040 si
3460 2985 3731 3040 diceret:

2081 3083 2503 3156 Legislationes
2537 3087 2676 3135 sunt
2711 3078 3017 3144 Paracleti,
3079 3094 3200 3132 non
3258 3093 3428 3131 meas.
3488 3075 3732 3133 Multam

2081 3179 2280 3228 autem
2312 3171 2680 3226 demonstrat
2709 3166 3062 3222 modestiam
3094 3165 3300 3221 dicens
3361 3187 3388 3214 ιι
3424 3163 3666 3236 Opinor,
3701 3183 3732 3212 ιε

1999 3248 2044 3310 C
2085 3262 2198 3318 hoc
2229 3266 2338 3325 est,
2372 3257 2667 3327 existimo,
2705 3256 2980 3312 arbitror.

2741 3346 2971 3402 CAPUT
3003 3346 3066 3404 V.

2189 3442 2265 3496 De
2294 3443 2610 3497 diversitate
2638 3438 2904 3506 ciborum,
2937 3442 2990 3491 et
3021 3435 3355 3492 abstinentia
3384 3451 3420 3490 a
3448 3433 3600 3490 cultu

2740 3527 3068 3582 demonum.

2149 3631 2296 3700 VIII,
2332 3635 2383 3697 1,
2417 3632 2468 3686 3.
2504 3629 2767 3684 Ceterum
2797 3626 2864 3682 de
2894 3627 2980 3681 his
3010 3641 3131 3696 qua
3159 3625 3327 3680 idolis
3374 3625 3733 3680 immolantur

2077 3724 2325 3778 novimus
2357 3720 2505 3791 quod
2533 3733 2714 3774 omnes
2769 3719 3058 3773 scientiam
3114 3715 3427 3770 habeamus.
3489 3713 3734 3768 Scientia

2076 3815 2257 3882 inﬂat,
2281 3811 2506 3866 dilectio
2527 3825 2654 3865 vero
2673 3808 2932 3876 wdiﬁcat.
2958 3804 3113 3870 Quod
3132 3805 3180 3858 si
3203 3805 3325 3872 quis
3349 3802 3456 3856 sibi
3514 3800 3736 3855 videtur

2078 3900 2296 3972 aliquid
2314 3915 2486 3965 nosse,
2511 3896 2754 3952 nondum
2802 3892 3106 3963 quidquam
3161 3893 3314 3944 novit
3343 3891 3485 3943 sicut
3522 3893 3735 3958 oportet

2076 4007 2248 4047 nosse.
2277 3993 2352 4045 At
2376 3991 2422 4043 si
2444 3989 2567 4058 quis
2587 3985 2774 4056 diligit
2797 3986 2990 4047 Deum,
3017 3981 3105 4034 hic
3131 3981 3378 4049 cognitus
3419 3983 3497 4034 est
3519 3976 3733 4036 abillo.

2148 4083 2337 4136 Causa
2365 4075 2793 4148 increpationis
2825 4072 2896 4128 de
2927 4071 3022 4126 his
3060 4086 3192 4141 qum
3253 4067 3431 4124 idolis
3489 4067 3736 4124 fuerant

2077 4171 2404 4234 immolata,
2430 4173 2557 4224 erat
2576 4166 2703 4222 haec
2723 4181 2736 4220 :
2757 4161 3037 4218 Nonnulli
3077 4160 3138 4214 in
3159 4159 3274 4216 ﬁde
3297 4158 3566 4230 perfecti,
3594 4173 3732 4214 cum

2077 4260 2299 4315 scirent
2321 4274 2389 4312 ea
2419 4272 2550 4328 quas
2584 4251 3022 4325 ingrediuntur,
3043 4266 3164 4305 non
3193 4263 3564 4304 communem
3583 4243 3730 4300 red-

2077 4347 2218 4402 dere
2244 4353 2346 4402 aut
2367 4343 2754 4416 coinquinare
2779 4341 3083 4396 hominem
3103 4337 3230 4378 9L”
3255 4353 3268 4393 :
3299 4342 3356 4392 et
3386 4333 3729 4401 simulacra,

2079 4453 2212 4492 cum
2245 4436 2405 4508 ligna
2435 4433 2556 4488 sint
2585 4438 2644 4487 et
2671 4431 2919 4502 lapides,
2953 4427 3104 4484 nihil
3135 4442 3288 4491 esse,
3324 4425 3444 4480 sive
3499 4421 3732 4480 nullius

2079 4543 2207 4583 esse
2242 4524 2523 4581 momenti
2552 4541 2564 4577 :
2601 4521 3012 4579 indiﬂ‘ereuter
3043 4519 3104 4575 in
3134 4517 3397 4588 impuras
3429 4512 3728 4568 idolorum

316 4614 407 4693 ἐγε
421 4615 591 4673 ἔοντο.
623 4617 800 4672 Τοῦτο
833 4613 889 4669 δὲ
917 4616 1005 4670 καὶ
1033 4614 1228 4677 αύτούς
1257 4612 1382 4675 τοὺς
1413 4612 1656 4675 τελείους
1710 4607 1966 4670 ἔϐλαπτε.

2084 4617 2288 4673 domos
2319 4615 2739 4688 ingredientes,
2779 4611 3097 4684 participes
3157 4620 3498 4662 mensarum
3563 4604 3734 4657 erant

319 4704 605 4778 Δαιμόνιον
682 4705 785 4779 γάρ
862 4703 1184 4759 ἐκοινώνουν
1268 4701 1594 4778 τραπέζαις,
1681 4704 1771 4758 καὶ
1841 4702 1969 4766 τοὺς

319 4790 702 4869 ἀτελεστέρους
738 4789 1031 4850 ἔδκιαπτον.
1089 4790 1229 4851 Οὐδὲ
1285 4795 1387 4868 γὰρ
1445 4794 1695 4863 εξήταζον
1756 4793 1970 4866 μεθ’ἧς

318 4888 489 4939 ταῦτα
548 4889 764 4940 ποιοῦσι
837 4885 1090 4959 γνώμης,
1149 4882 1293 4939 ἁλλά
1346 4883 1407 4937 τὸ
1455 4883 1745 4960 γινῦμενον
1805 4885 1968 4956 μόνον

321 4981 578 5054 ὁρῶντες,
634 4997 902 5057 προφασιν
955 4969 1263 5047 ἐλάμϐανον
1313 4971 1713 5045 ε”δωλοθοτεῖν,
1774 4975 1848 5036 ὡς
1878 4974 1967 5030 καί

318 5074 428 5126 τῶν
459 5069 684 5124 τελείων
716 5067 850 5122 κατά
880 5065 1048 5138 τιμὴν
1088 5068 1195 5118 τῶν
1249 5061 1496 5118 εἰδώλων
1555 5063 1965 5119 κοινωνούντων

316 5165 424 5216 τῶν
454 5157 625 5214 ἐκεῖσε
681 5158 983 5229 τραπεζῶν.
1043 5179 1070 5206 ‹‹
1133 5150 1374 5226 ΟὛδαμεθ
1434 5152 1518 5208 ὅτι
1585 5153 1778 5215 πάντες
1827 5157 1967 5230 γνῶ-

318 5271 402 5305 σιν
455 5247 745 5324 ἔχομεν.»
800 5245 948 5320 Μέγα
1005 5241 1261 5320 ἐφρόνουν
1296 5290 1311 5315 ,
1372 5242 1446 5303 ὡς
1494 5247 1687 5318 γνῶσιν
1747 5238 1968 5318 ἔχοντες

316 5343 472 5396 Θεοῦ.
521 5337 614 5392 Διὸ
667 5333 891 5392 ἐδόκουν
930 5331 1068 5408 μηδέ
1123 5330 1627 5410 παραφυλάττεσθαι
1691 5332 1760 5386 τὰ
1815 5330 1967 5387 εἶδωο

315 5425 541 5492 λὸουτα.
575 5426 788 5497 Ταύτην
819 5425 911 5480 οὗν
942 5425 1041 5491 τήν
1068 5428 1268 5499 γνῶσιν
1327 5423 1511 5490 κοινὴν
1553 5423 1763 5477 πάντων
1799 5424 1962 5497 Αέγει“

315 5542 347 5573 α
381 5517 579 5578 Πάντες
610 5517 714 5594 γὰρ
745 5509 948 5590 ἔχομεν
969 5512 1172 5583 ταύτην
1205 5532 1303 5582 την
1333 5511 1557 5588 γνῶσιν.
1592 5535 1621 5566 ››
1650 5516 1822 5568 Τοῦτο
1873 5510 1968 5568 λὲ-

312 5630 424 5686 γων
453 5609 702 5682 καθαιρεῖ
725 5605 902 5660 αὐτῶν
927 5603 991 5658 τὸ
1021 5600 1298 5685 φρόνημα.
1325 5624 1356 5657 ιι
1384 5601 1454 5659 Ἦ
1474 5605 1676 5681 γνῶσις
1699 5605 1905 5676 φυσιοῖ.
1939 5627 1966 5655 ››

388 5725 516 5769 ’τοθδ
545 5725 750 5785 Matth.
781 5740 872 5796 xv,
906 5723 992 5780 11.

640 5847 910 5905 Parant.
954 5840 1068 5902 Gn.
1115 5836 1372 5900 CXVIII.

2081 4724 2211 4778 qua:
2240 4706 2320 4761 ibi
2380 4705 2852 4777 apponebantur,
2913 4707 2971 4756 et
3027 4695 3364 4755 simulacris
3423 4691 3734 4748 immolata

2080 4797 2414 4867 gustabunt.
2443 4797 2558 4851 Hoc
2576 4801 2772 4850 autem
2797 4791 2941 4863 ipsis
2962 4803 3197 4861 quoque
3249 4783 3524 4858 peifectis
3557 4796 3730 4837 noce-

2079 4887 2200 4954 bat,
2232 4905 2365 4943 nam
2389 4901 2726 4941 mensarum
2753 4883 3089 4938 daemonum
3120 4875 3436 4947 participes
3459 4876 3734 4935 erant;et

2080 4976 2444 5048 imperfectis
2460 4973 2773 5030 nocebant.
2798 4984 2992 5042 neque
3013 4968 3174 5023 enim
3209 4963 3294 5020 illi
3345 4959 3731 5032 requirebant

2081 5083 2196 5137 quo
2221 5067 2346 5121 hanc
2377 5066 2642 5121 facerent
2670 5061 2871 5117 animo
2901 5075 2915 5113 :
2951 5057 3055 5114 sed
3086 5057 3307 5111 factum
3355 5059 3588 5108 tantum
3641 5049 3730 5103 in-

2082 5161 2335 5219 tuentes,
2371 5154 2746 5209 occasionem
2776 5147 3092 5204 sumebant
3124 5144 3299 5201 idolis
3350 5137 3728 5206 immolandi,

2079 5262 2146 5301 ac
2170 5247 2216 5299 si
2241 5243 2485 5316 perfecti
2511 5244 2568 5296 in
2592 5242 2878 5297 honorem
2927 5237 3222 5293 idolorum
3269 5231 3587 5306 participes
3620 5227 3731 5283 ﬂe-

2080 5339 2215 5390 rent
2239 5349 2577 5389 mensarum
2601 5347 2731 5402 quaa
2755 5328 2835 5384 ibi
2858 5324 3343 5399 apponebantur:
3371 5343 3395 5373 ιι
3450 5317 3730 5375 Novimus

2080 5423 2238 5495 quod
2287 5440 2495 5479 omnes
2541 5419 2852 5477 scientiam
2898 5417 3245 5473 habeamus.
3275 5436 3303 5464 ››
3331 5411 3476 5467 491
3515 5412 3732 5495 Super-

2079 5492 2322 5571 biebant
2343 5519 2624 5583 tanquam
2649 5510 2749 5566 Dei
2769 5507 3080 5565 scientiam
3105 5504 3422 5566 habentes;
3450 5498 3583 5553 ideo
3609 5492 3736 5566 opi-

2077 5604 2377 5662 nabantur
2407 5619 2530 5660 non
2590 5617 2720 5658 esse
2779 5597 3099 5657 devitanda
3155 5611 3286 5668 quas
3333 5588 3511 5650 idolis
3564 5587 3736 5645 erant

3408 5824 3492 5891 21
