4156 6200
217 376 335 434 ’749

1182 367 1590 431 COMMENT.
1639 364 1715 425 IN
1762 362 2011 425 EPIST.
2059 368 2084 426 Ι
2128 366 2233 426 AD
2277 365 2650 427 CORINTH.

3510 378 3631 439 750

257 527 351 573 ους
383 507 538 574 θεοὺς
570 504 709 563 κατὰ
755 506 918 583 χάριν
962 502 1283 575 κεκλῆσθαι.
1316 504 1519 577 Ὥσπερ
1548 501 1647 577 γὰρ
1682 498 1870 573 εἴρην-

1982 501 2202 558 multos
2257 502 2515 560 habeant
2570 506 2712 562 deos
2742 520 2811 561 ac
2868 507 3166 578 dominos,
3199 511 3372 567 nobis
3423 518 3621 574 tamen

214 622 304 660 ται
331 598 532 676 Ἀρχαὶ
564 598 652 653 καὶ
712 594 1007 672 Ἐξουσίαι,
1062 594 1412 670 Κυριότητες,
1441 592 1654 668 Θρόνοι,
1689 588 1864 652 οὕτως

213 692 305 750 καὶ
339 691 471 748 Θεοί.
532 717 560 744 ι(
588 693 795 763 ’Ὠσπερ
854 688 955 744 εἶσί
1012 688 1123 743 θεοὶ
1184 686 1413 742 πολλοί.
1451 710 1478 736 ››
1512 684 1650 741 Ἀπὸ
1678 686 1866 738 κοινοῦ

212 784 298 848 τὸ,
323 808 350 836 ‹‹
380 782 704 858 Δεγόμενοι,
729 806 756 832 ›ι
791 775 956 849 δέξαι.
984 777 1103 835 Eia?
1137 777 1262 855 γὰρ,
1288 775 1442 855 φησὶ,
1469 776 1596 849 παρ’
1624 770 1864 843 Ἕλλησι

216 872 331 928 θεοὶ
362 874 452 928 καὶ
513 870 693 946 adp-.0:
752 868 1065 945 λεγόμενοι,
1125 865 1252 922 ἀλλ’
1308 868 1445 938 ἡμῖν
1478 866 1561 926 εἴς
1592 863 1745 931 Θεὸς,
1772 861 1863 916 καὶ

214 965 293 1026 εἷς
314 962 532 1038 Κόριος.
574 984 594 1013 ι
628 957 788 1017 Ἀλλ’
817 959 953 1032 ἡμῖν
986 960 1063 1019 εἷς
1110 956 1239 1018 Θεὸς
1271 956 1299 1010 6
1334 957 1542 1030 Πατήρ.
1578 976 1606 1005 ››
1639 946 1864 1019 Ἐπειδὴ

214 1050 387 1121 εἶπεν,
423 1074 447 1104 ιι
483 1052 576 1112 Εἷς
624 1049 753 1112 Θεὸς
813 1048 841 1103 6
909 1048 1118 1122 Πατὴρ,
1176 1046 1266 1102 καὶ
1324 1045 1399 1106 εἷς
1428 1042 1626 1118 Κύριος
1654 1043 1866 1110 Ἰησοῦς

210 1141 474 1213 Χριστὸς,
508 1163 536 1190 ››
567 1140 642 1210 μή
675 1136 908 1213 νομίσῃς
942 1133 1434 1209 ἀποκεκληρῶσοαι
1462 1132 1555 1203 μὶν
1584 1135 1664 1203 τῷ
1698 1126 1867 1204 ιιατρὶ

207 1232 295 1301 τὸ,
327 1230 481 1299 Θεὸς,
500 1232 580 1303 τῷ
604 1225 660 1283 δὲ
681 1228 814 1300 Υἶῷ,
836 1228 919 1287 τὸ.
950 1225 1164 1301 Κέριος.
1194 1223 1492 1281 ΙΙολλαχοῦ
1519 1221 1620 1297 γὰρ
1650 1221 1705 1275 αἱ
1736 1226 1869 1294 Γρα·

209 1321 327 1400 ιραί,
358 1318 445 1374 καῖ
477 1319 570 1374 τὸν
605 1319 812 1392 Ηατὲρα
842 1315 1041 1389 Κῦριον
1080 1312 1364 1377 καλοῦσιν,
1418 1313 1494 1373 ὡς
1524 1312 1608 1381 τὸ,
1640 1335 1669 1363 ‹‹
1704 1309 1867 1367 Εἶπεν

211 1399 240 1467 6
272 1410 466 1486 Κύριος
490 1412 570 1480 τῷ
602 1406 784 1483 Κυρίῳ
818 1427 943 1479 μου·
983 1431 1004 1457 ι
1039 1404 1131 1460 καὶ
1160 1404 1253 1459 τὸν
1301 1402 1426 1457 Υἱὸν
1459 1402 1607 1470 Θεὸν,
1656 1402 1731 1462 ὡς
1779 1399 1870 1479 τὸ,

213 1525 241 1554 α
266 1500 365 1557 Δια
392 1504 556 1555 τοῦτο
588 1494 776 1575 ἔχρισε
806 1518 862 1554 σε
886 1498 914 1552 6
946 1496 1081 1560 Θεός
1126 1497 1155 1551 ὸ
1196 1495 1326 1557 Θεός
1359 1511 1475 1550 σουο
1512 1518 1540 1547 ι)
1576 1493 1685 1565 καὶ,
1720 1515 1750 1545 ι(
1780 1493 1868 1564 Ἐξ

210 1590 285 1646 ὧν
321 1589 628 1667 δ’χριστὸς,
663 1615 685 1644 ι
747 1587 810 1644 τὸ
867 1588 1007 1643 κατὰ
1065 1585 1256 1662 σάρκα,
1318 1608 1347 1638 (ι
1383 1582 1458 1640 ὢν
1513 1582 1602 1639 ἐπὶ
1655 1583 1868 1639 πάντων

207 1683 337 1743 Θεὸς
369 1678 700 1758 εὐλογητὸς.
736 1704 759 1734 ι
797 1677 863 1736 Ei
920 1674 979 1733 δὲ
1030 1698 1115 1739 τις
1145 1675 1296 1755 λέγει
1328 1674 1416 1731 ἐπὶ
1454 1675 1666 1750 Ηατρὸς
1701 1673 1870 1748 μόνου

208 1772 297 1843 τὸ,
330 1770 484 1841 Θεὸς,
518 1768 799 1845 ἁρμόζειν,
833 1765 923 1822 διὰ
947 1767 1008 1822 τὸ
1041 1767 1240 1839 εἷπεῖν,
1268 1788 1301 1821 (ι
1320 1765 1420 1829 Εἷς
1444 1764 1592 1833 Θεὸς,
1622 1787 1649 1819 ι
1682 1764 1787 1841 ἆρά
1808 1783 1870 1838 γι

207 1862 302 1917 καὶ
359 1860 448 1917 επὶ
505 1862 604 1915 τοῦ
661 1857 788 1913 Υἱοῦ
846 1856 1075 1934 ἁρμόσει
1132 1857 1215 1929 τὸ,
1277 1851 1757 1960 Κύριοςζκδιξτὸι
1783 1853 1945 1960 εί-Β

206 1956 349 2022 πεῖν,
386 1974 415 2004 ιι
444 1951 548 2014 Εἷς
579 1948 787 2024 Κύριος
814 1948 1027 2019 Ἰησοῦς
1059 1945 1295 2021 Χριστός
1318 1964 1333 2015 ;
1360 1970 1387 1997 η
1416 1944 1574 2003 Ἀλλ’
1603 1943 1703 2000 οὐκ
1730 1936 1864 1999 ἔστι.

206 2042 357 2118 Πρὸς
386 2037 811 2110 ἀντιδιαστολὴν
831 2041 933 2116 γὰρ
953 2043 1061 2094 τῶν
1090 2035 1462 2113 ψευδωνύμων
1491 2038 1624 2092 θεῶν
1656 2033 1745 2091 καὶ
1775 2056 1867 2090 κυ-

210 2132 347 2209 ρίων
378 2133 463 2205 τὸ,
488 2158 514 2184 ‹‹
539 2131 661 2199 Εἷς,
683 2153 711 2185 ι
739 2127 973 2205 εῗρηται.
1002 2126 1212 2184 Πολλοὶ
1237 2125 1292 2183 δὲ
1316 2132 1561 2198 ζητοῦσι,
1583 2124 1731 2188 τίνος
1751 2121 1865 2181 ἓνε-

206 2244 303 2281 κεν
336 2223 437 2278 οὐκ
464 2219 707 2295 ἐμνήσθη
764 2224 863 2275 τοῦ
921 2219 1073 2295 ἁγίου
1135 2218 1466 2292 Πνεύματος.
1520 2217 1621 2275 Καὶ
1670 2237 1864 2297 φαμεν,

206 2315 298 2370 ὅτι
353 2312 488 2388 πρὸς
544 2310 823 2382 Ἕλληνας
880 2309 948 2380 ἦν
982 2309 1010 2363 6
1042 2306 1210 2386 λόγος
1268 2307 1438 2381 αὐτῷ,
1463 2308 1591 2370 τοὺς
1622 2305 1867 2369 πολλοὺς

209 2401 367 2469 θεοὺς
419 2402 510 2458 καὶ
562 2400 781 2477 κυρίους
841 2398 1123 2477 λέγοντας.
1184 2393 1463 2479 Ἐφοὸἤθη
1526 2395 1618 2453 οὖν
1646 2398 1736 2453 γαὶ
1767 2401 1865 2453 τοῦ

208 2493 527 2566 Ηνε·3ματος
559 2497 890 2565 μνησθῆναι,
927 2491 1003 2564 μή
1053 2510 1170 2552 πως
1218 2487 1309 2544 καὶ
1357 2488 1485 2565 παρ’
1522 2489 1657 2561 ἡμῖν
1686 2485 1864 2543 πολυι-

206 2581 358 2647 Θείαν
414 2580 549 2636 εἶναι
604 2578 897 2655 νομίσωσι.
959 2578 1053 2634 Διὸ
1108 2577 1199 2633 καὶ
1252 2577 1427 2640 οὓτως
1477 2574 1738 2655 ἀσφαλῶς
1765 2580 1861 2632 τοῦ

204 2671 422 2748 Πατρὸς
453 2670 543 2726 καὶ
572 2674 669 2725 τοῦ
700 2670 829 2724 Υἱοῦ
878 2667 1148 2743 ἐμνήσθη·
1197 2666 1289 2723 τὸν
1328 2667 1422 2742 μὲν
1458 2665 1667 2741 Πατέρα
1697 2664 1862 2721 είπὼν

199 2760 301 2818 ἕνα
332 2762 488 2830 Θεὸν,
516 2760 606 2815 ’ἱνα
640 2760 715 2832 μὴ
750 2755 847 2814 δύο
880 2758 1032 2824 θεοὺς
1082 2757 1376 2832 νομίσωσι,
1405 2758 1499 2812 τὸν
1532 2754 1589 2812 δὶ
1616 2756 1737 2811 Υἱὸν
1768 2751 1865 2811 ἕνα

204 2851 437 2928 Κύριον,
465 2847 562 2905 ’ίνα
593 2850 671 2923 μὴ
704 2846 800 2905 δύο
860 2848 1090 2923 Κυρίους
1141 2847 1461 2921 νομίσωσιν.
1497 2845 1558 2904 Ei
1587 2846 1688 2923 γὰρ
1722 2847 1862 2916 εἷπε,

203 2941 342 2999 Θεὸν
373 2940 465 2996 καὶ
518 2940 670 3006 Θεὸν,
728 2935 1024 2995 πολυθεΐαν
1084 2938 1142 2994 ἂν
1201 2937 1250 3008 ἐξ
1308 2937 1554 3012 ἀπειρίας
1605 2936 1860 3010 ἐνόμισαν

202 3028 504 3101 Ἕλληνες,
556 3029 593 3100 ἢ
635 3027 835 3103 Κόριον
892 3026 984 3084 καὶ
1041 3026 1265 3103 Κύριον,
1324 3024 1772 3100 πολυκυριότητα
1802 3022 1862 3078 ἂν

203 3118 676 3192 ἰνόμισαν.⁹Ωττε
726 3117 818 3171 καὶ
871 3120 969 3171 τοῦ
1001 3118 1091 3169 νῦν
1146 3114 1313 3170 ιῗπεῖν
1365 3114 1495 3170 Θεὸν
1536 3110 1750 3183 Πατέρα
1772 3110 1863 3166 καὶ

203 3210 416 3283 Κύριον
449 3209 541 3263 τὸν
573 3207 720 3272 Υἱὸν,
747 3206 887 3276 αὕτη
932 3208 967 3275 ἡ
1023 3203 1191 3261 αἰτία.
1220 3206 1319 3261 Ἦν
1350 3202 1451 3279 γὰρ
1485 3202 1862 3278 ὑποσχόμενος

201 3303 342 3377 παρ’
373 3303 508 3373 ἡμῖν
537 3297 627 3354 ἕνα
659 3300 787 3355 Θεὸν
818 3298 976 3357 εἶναι.
1035 3299 1098 3354 Ei
1156 3294 1251 3353 οὖν
1310 3296 1458 3352 εἶπεν
1498 3296 1587 3350 καὶ
1621 3295 1713 3350 τὸν
1747 3299 1865 3348 Πα-

202 3393 347 3466 τὲρα
373 3390 465 3448 καὶ
495 3389 585 3445 τὸν
616 3389 761 3459 Υἱὸν,
792 3388 920 3444 Θεὸν
948 3387 984 3458 ἢ
1020 3387 1232 3464 Κύριον,
1284 3384 1451 3442 πάλιν
1495 3384 1770 3461 εὑρίσκετο
1799 3385 1869 3457 τῇ

205 3479 394 3552 οἰκείᾳ
427 3478 720 3555 ὑποσχέσει
768 3478 893 3534 ὅσον
940 3478 1075 3553 πρὸς
1120 3474 1402 3546 ’Έλληνας
1434 3474 1869 3548 ἐναντιούμενος,

202 3571 304 3628 καὶ
337 3569 632 3635 πολυθεῖαν
691 3569 727 3639 ἢ
777 3564 1226 3641 πολυκυριότητα
1276 3564 1415 3621 κατᾶ
1453 3564 1516 3621 τὸ
1549 3562 1873 3639 φαινόμενον

204 3658 471 3735 εἰσάγων.
532 3659 625 3715 Διὸ
682 3658 810 3714 Θεὸν
867 3656 1033 3713 εἰπὼν
1091 3656 1183 3711 τὸν
1244 3655 1477 3729 Πατέρα,
1525 3652 1725 3729 Κύριον
1757 3654 1874 3707 εἷπε

200 3752 308 3808 τὸν
343 3749 489 3819 Υἳὸν,
521 3751 591 3824 τῇ
621 3747 916 3819 ντ,πιότητι
946 3739 1385 3824 συγκαταϐαίνων
1416 3748 1523 3800 τῶν
1557 3740 1871 3813 Ἑλλήνων.

201 3835 634 3899 Ἀποὸὲδεικται
683 3837 787 3914 γὰρ
843 3833 1159 3911 ἀδιαφορως
1186 3840 1303 3898 τοῖς
1334 3833 1609 3895 τοιούτοις
1643 3830 1874 3905 ὀνόμασι

202 3927 546 4005 κεχρημένη
580 3929 616 3998 ἡ
651 3928 857 4003 Γραφή.
897 3948 919 3976 κ
947 3927 1036 3998 Ἐξ
1070 3925 1132 3981 οὗ
1180 3924 1248 3981 τὰ
1278 3927 1469 3980 πάντα.
1501 3946 1529 3975 »
1564 3920 1739 3984 Αὐτὸς
1771 3922 1875 3997 γὰρ

208 4019 374 4077 αἶτία
404 4018 533 4073 πάσι
560 4022 677 4080 τοῖς
730 4014 869 4073 οὖσι.
929 4015 1003 4074 Τὸ
1060 4015 1187 4092 γὰρ,
1244 4039 1273 4067 ‹‹
1314 4014 1401 4085 Ἐξ
1433 4014 1495 4068 οὗ
1525 4013 1591 4069 τὰ
1622 4011 1813 4079 πάντα,
1850 4033 1872 4061 ›

209 4109 321 4178 τῆν
360 4103 727 4184 δημιουργίαν
788 4102 1065 4178 σημαίνει,
1117 4105 1207 4159 καὶ
1264 4103 1362 4171 τὴν
1394 4102 1455 4157 ἐκ
1481 4106 1578 4157 τοῦ
1613 4102 1689 4175 μὴ
1723 4097 1878 4162 ὄντος

216 4197 301 4263 εἷς
332 4197 398 4252 τὸ
429 4198 567 4252 εἶναι
598 4196 957 4276 παραγωγήν.
987 4218 1016 4246 ‹‹
1049 4192 1154 4249 Καὶ
1196 4194 1362 4264 ἡμεῖς
1392 4190 1467 4254 εἰς
1498 4189 1681 4247 αὐτόν.
1716 4213 1744 4240 ››
1776 4188 1879 4245 Τὸν

212 4294 327 4357 τῆς
360 4285 595 4348 πίστεως
619 4286 780 4357 ἡμῶν
814 4282 904 4339 καὶ
949 4281 1276 4342 οἷκειώσεως
1307 4276 1452 4355 λέγει
1484 4279 1709 4355 τρόπον,
1740 4279 1880 4347 οἷον,

214 4376 331 4438 Εἲς
358 4374 518 4431 αὐτόν
557 4374 718 4449 ἔσμεν
748 4372 1075 4449 ἠρτημένοι.
1124 4394 1152 4425 (ι
1185 4369 1290 4426 Καὶ
1322 4369 1404 4433 εἷς
1436 4366 1649 4444 Κύριος.
1683 4390 1711 4417 η
1744 4363 1883 4424 Ἀλ-

217 4465 329 4529 λος
361 4465 389 4519 6
424 4463 737 4539 11ατήρ.Διὰ
764 4466 928 4518 τοῦτο
959 4461 1047 4516 ἐπὶ
1076 4459 1243 4515 αὐτοῦ
1270 4459 1393 4527 τὸ,‹‹
1417 4458 1536 4520 Εἷς.
1562 4480 1590 4509 ››
1629 4489 1691 4499 -
1727 4479 1751 4509 ιι
1784 4453 1888 4513 Καὶ

215 4557 401 4628 ἡμεῖς
434 4550 506 4608 δι’
535 4552 718 4609 αὐτοῦ.
756 4576 784 4603 n
819 4548 1012 4623 Διπλῷ
1060 4547 1237 4627 λόγῳ,
1266 4553 1344 4620 τῷ
1372 4568 1431 4603 τε
1461 4546 1515 4602 ἐν
1547 4550 1644 4603 τοῦ
1681 4545 1755 4619 μὴ
1791 4542 1890 4601 ὅν-

1979 608 2137 649 unus
2168 599 2259 649 est
2288 595 2461 650 Deus.
2491 619 2516 645 «
2557 596 2681 652 Dei.
2716 620 2744 647 ››
2774 596 2928 653 Dicit
2956 601 3117 656 enim
3148 603 3390 675 angelos
3421 620 3631 662 secun-

1981 681 2120 737 dum
2154 685 2403 755 gratiam
2456 683 2599 741 deos
2645 692 2876 742 vocatos
2925 705 3074 745 esse.
3118 691 3629 756 Quemadmodum

1980 788 2241 843 namque
2275 773 2414 829 dicti
2448 782 2589 829 sunt
2628 777 3000 849 Principatus
3031 786 3089 835 et
3134 782 3482 851 Potestates,
3515 786 3627 841 Do-

1979 862 2344 919 minationes
2376 880 2443 919 ac
2473 865 2713 932 Throni,
2748 866 2830 921 ita
2859 874 2919 923 et
2960 867 3061 923 dii.
3098 892 3123 919 «
3157 872 3459 936 Quomodo
3491 879 3631 930 sunt

1980 949 2060 1005 dii
2094 952 2286 1007 multi.
2317 974 2339 1003 ν
2371 956 2418 1008 Α
2448 955 2749 1010 communi
2782 972 2961 1012 sensu
2994 967 3214 1031 repete,
3238 983 3266 1009 ‹‹
3295 961 3402 1027 Qui
3426 961 3629 1020 dicun-

1978 1044 2095 1096 tur.
2130 1063 2158 1091 «
2189 1043 2330 1097 Nam
2367 1049 2527 1102 sunt.
2562 1043 2773 1114 inquit.
2811 1046 2966 1119 apud
3019 1048 3250 1105 Grarcos
3280 1052 3381 1121 qui
3415 1050 3627 1109 dicun-

1981 1135 2077 1185 tur
2106 1131 2187 1186 dii
2220 1147 2288 1187 ac
2317 1131 2583 1202 domini;
2625 1134 2799 1190 nobis
2832 1142 3028 1193 tamen
3078 1156 3234 1194 unus
3266 1147 3356 1195 est
3385 1143 3538 1197 Deus
3571 1148 3633 1199 et

1978 1236 2133 1275 unus
2168 1222 2472 1278 Dominus.
2508 1244 2533 1271 ιι
2570 1224 2748 1279 Nobis
2781 1232 2977 1282 tamen
3010 1245 3165 1284 unus
3199 1238 3290 1285 est
3321 1232 3473 1287 Deus
3503 1232 3630 1304 ipse

1980 1309 2172 1364 Pater.
2211 1332 2236 1358 υ
2272 1311 2349 1364 Ex
2382 1327 2451 1366 eo
2482 1311 2641 1382 quod
2672 1312 2858 1370 dixit:
2894 1340 2919 1363 ε(
2956 1315 3118 1372 Unus
3165 1319 3206 1372 D
3233 1336 3315 1374 'us
3348 1320 3474 1391 ipse
3517 1323 3630 1377 l’a-

1980 1403 2090 1465 ter,
2114 1405 2173 1454 et
2200 1415 2357 1454 unus
2389 1401 2672 1457 Dominus
2701 1403 2874 1459 Jesus
2893 1406 3181 1472 Christus,
3206 1430 3233 1456 n
3261 1425 3333 1465 ne
3365 1410 3631 1482 opineris

1981 1487 2063 1543 ita
2084 1490 2462 1561 appropriata
2487 1507 2615 1548 esse
2637 1494 2903 1560 nomina,
2927 1501 2991 1551 ut
3018 1498 3189 1553 Pater
3209 1497 3446 1572 quidem
3475 1501 3629 1560 Deus

1981 1576 2231 1645 dicatur,
2262 1577 2448 1637 Filius
2479 1596 2614 1637 vero
2647 1584 2952 1642 Dominus.
2991 1586 3136 1643 Nam
3167 1587 3481 1662 Scripturae
3510 1591 3627 1648 fre-

1981 1674 2233 1740 quenter
2265 1670 2493 1727 Patrem
2524 1689 2762 1745 quoque
2792 1674 3114 1735 Dominum
3138 1685 3368 1749 vocant,
3398 1684 3464 1736 ut
3492 1698 3628 1738 cum

1980 1757 2236 1814 dicitur:
2272 1781 2299 1809 «
2333 1760 2487 1816 Dixit
2517 1761 2807 1820 Dominus
2854 1765 3100 1822 Domino
3144 1785 3278 1824 meo
3301 1770 3341 1824 ¹.
3374 1793 3401 1821 ››
3435 1771 3506 1825 Et
3534 1770 3629 1826 Fi-

1978 1846 2127 1904 lium
2149 1849 2455 1922 appellant
2482 1851 2691 1918 Deum,
2714 1860 2779 1909 ut
2804 1870 2938 1911 cum
2970 1855 3188 1913 dicitur
3209 1874 3223 1914 :
3248 1880 3275 1909 «
3309 1858 3627 1931 Propterea

1974 1939 2145 1995 unxit
2177 1945 2231 1996 te
2262 1940 2438 2007 Deus,
2473 1942 2626 1999 Deus
2673 1948 2808 2000 tuus
2833 1943 2874 2015 ²,
2912 1967 2941 1995 ››
2974 1951 3073 2023 et:
3111 1969 3135 1999 α
3169 1947 3250 2004 Ex
3291 1948 3509 2019 quibus
3540 1956 3631 2005 est

1973 2029 2261 2097 Christus,
2288 2054 2317 2082 »
2345 2033 2504 2104 quod
2523 2031 2598 2089 ad
2619 2051 2861 2091 carnem
2889 2038 3124 2105 attinet,
3151 2062 3174 2089 κ
3202 2038 3310 2105 Qui
3337 2045 3428 2095 est
3448 2055 3630 2111 super

1974 2125 2176 2181 omnia
2206 2126 2358 2182 Deus
2386 2127 2757 2185 benedictus.
2794 2150 2822 2179 ι)
2875 2131 3040 2196 Quod
3085 2132 3132 2187 si
3182 2133 3315 2203 quis
3364 2133 3522 2188 dicat
3552 2132 3627 2189 ad

1976 2215 2169 2271 solum
2200 2217 2390 2287 aptari
2436 2217 2673 2273 Patrem
2725 2219 2883 2290 quod
2927 2220 3031 2288 ait,
3085 2223 3256 2288 Deus,
3292 2223 3431 2294 quia
3461 2223 3626 2294 dicit,

1977 2325 2005 2354 ‹‹
2040 2304 2200 2361 Unus
2232 2306 2406 2375 Deus,
2433 2330 2462 2357 ››
2495 2324 2640 2363 num
2673 2308 2852 2364 etiam
2883 2309 2957 2365 ad
2990 2309 3185 2367 solum
3216 2312 3518 2384 aptabitur
3538 2312 3628 2368 Fi-

1976 2393 2121 2450 lium
2182 2396 2342 2466 quod
2398 2396 2501 2465 ait,
2564 2420 2592 2449 ‹‹
2655 2397 2963 2465 Dominus,
2998 2422 3025 2450 ››
3075 2416 3144 2456 eo
3204 2401 3362 2472 quod
3422 2400 3623 2458 dicat:

1973 2508 2001 2535 «
2037 2485 2198 2541 Unus
2229 2486 2517 2542 Dominus
2545 2486 2712 2543 Jesus
2743 2487 3014 2545 Christus
3033 2489 3061 2545 ?
3086 2513 3114 2540 »
3147 2496 3223 2546 At
3250 2508 3372 2546 non
3404 2491 3485 2547 ita
3513 2496 3624 2550 est.

1973 2574 2117 2630 Nam
2134 2575 2209 2630 ad
2228 2574 2625 2631 diﬂ‘erentiam
2650 2576 2798 2633 falso
2816 2578 3262 2635 nominatorum
3286 2579 3534 2636 deorum
3558 2596 3626 2637 ac

1975 2661 2352 2720 dominorum
2378 2663 2601 2721 dictum
2624 2673 2714 2722 est
2735 2667 2917 2724 Unus.
2940 2668 3104 2723 Multi
3124 2674 3323 2726 autem
3346 2674 3626 2743 qumrunt

1974 2770 2153 2826 quam
2186 2754 2260 2810 ob
2294 2771 2533 2812 causam
2565 2756 2821 2829 Spiritus
2865 2759 3055 2815 sancti
3104 2761 3621 2816 non‘meminerit.

1972 2846 2041 2900 Et
2071 2845 2327 2902 dicimus
2377 2847 2536 2919 quod
2567 2848 2643 2904 ad
2695 2848 2928 2904 Graecos
2958 2849 3071 2921 ipsi
3123 2866 3317 2906 sermo
3359 2855 3487 2907 erat
3516 2850 3619 2923 qui

1972 2934 2193 2990 multos
2243 2935 2518 2992 dicebant
2568 2935 2711 2992 deos
2759 2952 2825 2993 ac
2872 2937 3169 2994 dominos.
3214 2939 3433 2995 Timuit
3480 2956 3618 3013 ergo

1974 3023 2226 3095 Spiritus
2257 3042 2493 3097 quoque
2515 3025 2709 3081 facere
2732 3026 3122 3093 mentionem,
3146 3044 3218 3084 ne
3241 3027 3390 3084 forte
3417 3029 3621 3085 multi-

1971 3112 2188 3183 plicem
2220 3114 2399 3169 etiam
2429 3112 2585 3186 apud
2618 3131 2727 3170 nos
2751 3115 3161 3172 existimarent
3190 3132 3320 3173 esse
3351 3117 3621 3174 divinita-

1977 3207 2118 3257 tem.
2158 3201 2291 3258 ldeo
2323 3220 2560 3276 quoque
2609 3203 2756 3261 adeo
2787 3211 2957 3261 caute
3006 3206 3194 3263 Patris
3241 3223 3308 3263 ac
3337 3208 3468 3263 Filii
3499 3224 3624 3265 me-

1980 3291 2194 3348 minit:
2228 3293 2382 3349 493
2413 3295 2648 3350 Patrem
2681 3294 2921 3367 quidem
2970 3312 3158 3353 unum
3189 3297 3393 3354 dicens
3422 3299 3629 3368 Deum,

1976 3398 2050 3438 ne
2082 3382 2230 3439 duos
2255 3400 2385 3440 esse
2408 3382 2552 3441 deos
2579 3384 3008 3456 existimarent,
3035 3386 3250 3444 Filium
3279 3405 3415 3446 vero
3444 3404 3631 3446 unum

1977 3471 2317 3540 Dominum,
2351 3489 2425 3529 ne
2457 3473 2606 3530 duos
2637 3473 2912 3532 dominos
2945 3477 3353 3550 opinarentur.
3379 3477 3436 3534 Si
3469 3478 3632 3536 enim

1976 3560 2223 3617 dixisset
2240 3564 2423 3619 Deum
2446 3570 2504 3618 et
2533 3565 2967 3632 Deum,variam
3000 3573 3159 3624 certe
3184 3568 3632 3625 existimassent

1981 3653 2164 3709 Graeci
2198 3652 2569 3710 divinitatem
2605 3655 2678 3710 ob
2712 3672 2880 3712 suam
2913 3657 3298 3731 imperitiam,
3322 3665 3425 3715 aut
3445 3659 3495 3714 si
3523 3660 3633 3714 Do-

1980 3740 2208 3798 minum
2231 3748 2286 3798 et
2307 3744 2620 3800 Dominum
2644 3744 3137 3807 dixisset.variam
3159 3746 3632 3803 dominationem

1980 3829 2206 3904 opinati
2241 3831 2513 3889 fuissent.
2549 3833 2683 3890 Hmc
2713 3836 2913 3907 itaque
2957 3852 3137 3892 causa
3179 3842 3306 3892 erat
3336 3852 3442 3891 cur
3469 3850 3630 3892 nunc

1981 3921 2168 3976 Deum
2216 3923 2451 3978 Patrem
2493 3921 2718 3979 diceret
2764 3929 2823 3979 et
2870 3924 3187 3980 Dominum
3235 3924 3472 3993 Filium,
3506 3928 3635 3981 erat

1986 4010 2145 4066 enim
2176 4011 2480 4084 professus
2501 4029 2686 4068 unum
2715 4013 2871 4085 apud
2893 4030 3001 4069 nos
3023 4030 3152 4070 eSse
3183 4013 3386 4072 Deum.
3412 4014 3468 4070 Si
3494 4030 3632 4090 ergo

1985 4099 2232 4156 dixisset
2261 4107 2318 4156 et
2347 4103 2582 4157 Patrem
2616 4107 2673 4158 et
2702 4102 2918 4158 Filium
2950 4108 3133 4160 Deum
3160 4120 3290 4161 esse
3320 4105 3410 4161 vel
3441 4104 3637 4161 Domi-

1986 4204 2153 4256 num,
2187 4205 2423 4245 rursum
2456 4190 2823 4247 inveniretur
2871 4208 2940 4248 ex
2971 4209 3077 4249 sua
3127 4193 3369 4266 quidem
3401 4193 3636 4266 profes-

1988 4278 2156 4333 sione
2187 4278 2404 4334 Graecis
2435 4280 2794 4351 contrarius,
2830 4286 2891 4337 et
2935 4286 3138 4339 tamen
3167 4284 3389 4339 variam
3425 4280 3640 4338 divini-

1991 4372 2170 4422 tatem
2202 4382 2269 4422 ac
2300 4366 2773 4425 dominationem
2817 4377 3176 4443 apparenter
3213 4370 3517 4428 inducere.
3546 4369 3642 4427 Id-

1991 4456 2147 4512 circo
2180 4471 2316 4512 cum
2352 4461 2533 4512 Deum
2566 4458 2815 4516 dixisset
2862 4461 3118 4528 Patrem,
3152 4462 3471 4518 Dominum
3498 4459 3647 4517 dixit

1991 4545 2227 4607 Filium,
2248 4545 2319 4601 ad
2355 4545 2669 4604 infantiam
2697 4566 2827 4606 sese
2849 4549 3157 4608 dimittens
3179 4551 3539 4608 Graecorum.
3566 4547 3650 4604 Si-

218 4665 325 4705 τος
360 4642 436 4705 εἷς
467 4642 530 4697 τὸ
563 4643 699 4697 εἶναι
756 4639 955 4710 Ξλοεῖν,
1013 4639 1102 4695 καὶ
1160 4643 1240 4710 τῗξι
1298 4637 1357 4693 ὲκ
1412 4645 1512 4705 τῆς
1552 4634 1870 4706 πλάνης,είι

1999 4634 2240 4706 quidem
2273 4634 2743 4695 demonstratum
2779 4646 2868 4695 est
2906 4640 3269 4712 Scripturam
3300 4637 3647 4713 bujusmodi

219 4736 335 4806 τήν
366 4732 625 4804 ἀλήθειαν
660 4729 974 4806 ἐπιστρέψαι
1008 4727 1078 4785 δι’
1109 4730 1297 4788 αὐτοῦ.
1336 4753 1359 4783 ι
1385 4726 1549 4784 Ἀλλ’
1581 4726 1679 4782 οὐκ
1700 4724 1751 4781 ἐν
1785 4731 1891 4780 πᾶ-

226 4845 319 4881 σιν
349 4826 384 4894 ἡ
414 4827 634 4899 γνῶσις.
670 4848 697 4875 η
728 4821 806 4879 Οὔ
838 4822 1052 4889 πάντες,
1102 4818 1285 4898 ιρησὶν,
1338 4816 1508 4873 ἴσασιν
1537 4817 1620 4872 ’ὁτι
1652 4818 1728 4878 εἷς
1758 4814 1887 4878 Θεός

224 4914 376 4982 ἐστι,
404 4912 496 4968 καὶ
522 4913 603 4975 εἷς
644 4910 867 4988 Κύριος,
900 4911 986 4965 καὶ
1021 4908 1083 4964 οὐ
1114 4906 1339 4966 πολλοί.
1366 4904 1506 4965 ΟὖΞέ
1536 4904 1731 4969 πάντες
1766 4903 1889 4961 ἴσα-

228 5026 323 5060 σιν
356 5002 438 5058 ὅτι
468 5003 536 5059 τὰ
566 4999 769 5058 εἶ’δωλα
801 4998 956 5055 οὐδὲν
992 4998 1117 5056 εἶσι.

1999 4724 2342 4781 nominibus
2374 4725 2786 4784 indifferenter
2815 4746 2984 4787 usam
3013 4746 3162 4786 esse.
3197 4754 3225 4783 ‹‹
3260 4731 3337 4786 Ex
3369 4747 3486 4801 quo
3517 4744 3647 4785 om-

1999 4815 2119 4870 nia.
2154 4836 2183 4866 »
2214 4814 2502 4871 Omnibus
2552 4818 2709 4873 enim
2763 4836 2895 4890 quae
2950 4826 3109 4884 sunt,
3146 4821 3272 4893 ipse
3316 4836 3495 4876 causa
3534 4823 3645 4877 est.

2000 4908 2167 4966 Nam.
2203 4926 2230 4954 ››
2282 4910 2360 4959 Ex
2411 4923 2526 4977 quo
2575 4909 2795 4976 omnia,
2831 4933 2853 4962 ι
2912 4910 3214 4966 creatione
3266 4911 3555 4986 designat,
3589 4915 3650 4967 et

2001 4994 2418 5051 deductionem
2438 5012 2471 5050 a
2492 5012 2612 5051 non
2637 5013 2765 5053 esse
2787 4997 2861 5053 ad
2882 5015 3032 5055 esse.
3059 5022 3087 5050 ‹‹
3110 5001 3179 5056 Et
3200 5018 3309 5058 nos
3335 5003 3396 5057 in
3419 5001 3648 5057 illum.»

226 5093 406 5152 Fidei
439 5102 655 5150 nostras
687 5111 753 5150 ac
802 5092 1225 5148 familiaritatis
1273 5090 1516 5147 modum
1549 5088 1732 5144 dicit:
1787 5088 1897 5142 hoc
1928 5090 2037 5150 est,
2081 5101 2189 5138 nos
2239 5084 2312 5139 ad
2362 5084 2556 5157 ipsum
2600 5086 2927 5157 pendemus
2977 5094 3035 5145 et
3064 5090 3116 5145 ei
3166 5090 3385 5148 addicti
3420 5107 3647 5148 sumus.

231 5211 264 5239 α
305 5186 378 5240 Et
405 5202 562 5241 unus
591 5184 896 5240 Dominus.
930 5204 959 5233 »
991 5182 1157 5237 Alius
1187 5187 1278 5237 est
1307 5181 1434 5253 ipse
1468 5181 1661 5243 Pater,
1695 5182 2009 5249 propterea
2040 5174 2217 5231 etiam
2249 5172 2489 5229 additur
2519 5196 2546 5224 ‹‹
2581 5176 2765 5233 Unus.
2800 5200 2829 5228 »
2859 5209 2931 5221 -
2960 5202 2989 5231 ‹‹
3024 5180 3090 5235 Et
3118 5197 3227 5238 nos
3259 5198 3366 5254 per
3394 5182 3587 5238 illum.
3620 5201 3650 5232 ››

228 5274 473 5348 Duplici
531 5275 798 5330 ratione:
832 5279 958 5328 tum
1013 5269 1389 5344 procedendo
1447 5287 1519 5325 ex
1564 5284 1686 5324 non
1744 5283 1873 5323 esse
1923 5265 1998 5322 ad
2057 5279 2209 5328 esse,
2246 5269 2368 5319 tum
2400 5263 2473 5319 ab
2529 5281 2729 5322 errore
2778 5267 2853 5323 ad
2905 5270 3213 5327 veritatem
3254 5272 3519 5328 conversi
3551 5286 3658 5343 per

228 5369 464 5439 ipsum.
498 5390 525 5417 ‹‹
562 5365 675 5421 Sed
707 5381 829 5419 non
854 5362 916 5417 in
947 5362 1226 5418 omnibus
1259 5368 1350 5417 est
1378 5359 1649 5416 scientia.
1687 5381 1713 5407 ››
1746 5358 1872 5413 Non
1902 5371 2130 5423 omnes,
2163 5353 2380 5424 inquit,
2416 5361 2636 5411 norunt
2684 5357 2845 5429 quod
2874 5375 3028 5416 unus
3078 5367 3169 5417 est
3212 5362 3367 5419 Deus
3417 5367 3477 5418 et
3503 5375 3660 5417 unus

228 5455 534 5512 Dominus
570 5460 628 5511 et
656 5470 777 5510 non
802 5452 977 5508 multi
1010 5467 1024 5507 :
1057 5467 1252 5523 neque
1280 5466 1488 5506 omnes
1518 5452 1742 5505 norunt
1770 5446 1930 5519 quod
1958 5445 2118 5501 idola
2146 5441 2300 5498 nihil
2332 5442 2474 5498 sint.

315 5572 470 5637 Τινὶς
535 5567 595 5628 δὲ
657 5572 727 5646 τῇ
767 5564 1070 5642 συνειδήσει
1134 5570 1234 5623 τοῦ
1283 5562 1518 5623 εῗόώλου
1579 5561 1685 5628 ius:
1750 5559 1870 5639 ἄρτι

2084 5560 2226 5630 VIII,
2275 5563 2330 5629 7,
2381 5562 2437 5616 8.
2490 5561 2758 5621 Nonnulli
2802 5581 2930 5623 vero
2972 5582 3115 5654 cum,
3144 5569 3483 5627 conscientia
3529 5557 3671 5623 idoli

319 5704 340 5739 ¹
371 5701 526 5761 Psal.
561 5716 670 5775 cix,
704 5703 757 5758 ι.
832 5699 860 5738 ⁸
884 5698 1043 5758 Psal.
1075 5714 1223 5770 ων,
1250 5695 1307 5756 8.
