4156 6200
26 38 48 698 l

26 769 36 1072 Ι

61 383 68 390 ι

59 577 64 590 I'

513 368 628 428 ’151
1610 351 2024 414 (EUUMENII
2068 351 2172 412 TR

2285 352 2374 412 11E
2415 353 2688 416 EPISCU
2696 357 2772 416 ΡΙ
3814 349 3928 408 752

518 518 687 574 usque
733 499 808 554 ad
855 496 954 550 hoc
1009 499 1238 562 tempus,
1301 497 1568 561 tanquam
1613 487 1777 544 idolis
1821 487 2163 544 immolatum

2285 484 2352 548 ὡς
2413 485 2776 546 εἰδωλόθυτον
2857 486 3145 553 ἐσθίουσιν,
3205 485 3295 542 καὶ
3353 487 3389 554 ἡ
3460 481 3763 553 συνείδησις
3823 483 3926 538 αὖ-

515 595 727 649 eduut:
757 596 809 644 et
841 585 1180 642 conscientia
1229 581 1452 636 illorum
1496 597 1618 636 cum
1665 583 1736 636 sit
1783 583 2006 648 inﬁrma
2041 577 2170 650 pol-

517 684 714 736 luitur.
748 679 922 749 .ottqui
965 691 1084 732 esca
1131 688 1228 728 nos
1275 689 1384 727 non
1433 669 1770 726 commendat
1817 671 1965 724 Deo:
1995 685 2168 739 neque

511 771 559 827 si
588 769 954 826 comedamus.
1007 763 1227 835 aliquid
1271 763 1429 816 nobis
1473 765 1666 829 magni
1713 761 1959 814 accedit:
1994 774 2168 830 neque

511 865 562 919 si
590 879 698 917 non
731 859 1096 922 comedamus,
1128 855 1432 926 qu-thuam
1457 853 1615 908 nobis
1644 853 1808 906 deest.

587 951 802 1006 Dicens
834 973 860 999 ‹‹
915 944 1218 1010 Nonnulli,
1253 965 1280 993 ι»
1325 959 1444 997 non
1495 941 1836 996 manifestat
1877 939 2060 1011 ipsos,
2091 957 2166 996 ne

519 1041 777 1114 amplius
799 1056 900 1095 eos
931 1034 1287 1108 pudefaciat.
1315 1055 1341 1082 ‹-
1377 1033 1570 1103 Usque
1597 1031 1671 1086 ad
1703 1031 1812 1085 hoc
1845 1035 2099 1101 tempus.
2137 1054 2158 1082 ι

519 1131 695 1187 Vides
721 1147 840 1184 non
863 1142 1070 1183 omnes
1101 1140 1276 1180 nosse
1309 1121 1465 1194 quod
1498 1121 1650 1175 nihil
1683 1120 1803 1174 sint
1833 1118 2037 1174 idola?
2059 1119 2166 1174 De-

519 1222 701 1292 nique
734 1218 974 1290 quidam
1007 1214 1082 1270 ad
1113 1214 1222 1268 hoc
1254 1228 1441 1282 usque
1476 1217 1729 1280 tempus,
1756 1209 1814 1264 id
1845 1214 1953 1278 est,
1988 1208 2166 1264 etiam

519 1317 835 1383 postquam
868 1304 1270 1367 crediderunt,
1295 1301 1471 1356 idolis
1494 1299 1802 1354 immolata
1834 1298 2016 1353 edunt
2045 1305 2169 1354 tan-

519 1416 698 1471 quam
731 1397 908 1452 idolis
957 1393 1284 1450 immolata.
1319 1389 1428 1444 hoc
1478 1395 1584 1448 est.
1619 1405 1688 1443 ea
1735 1394 1934 1443 mente
1965 1404 2080 1459 qua
2111 1393 2168 1441 et

521 1487 724 1554 Graeci,
759 1493 1040 1555 tanquam
1090 1479 1500 1536 existimantes
1543 1477 1705 1533 idola
1751 1476 1980 1548 aliquid
2011 1493 2164 1532 esse.

521 1577 668 1644 Quia
700 1591 835 1647 ergo
869 1571 1170 1628 inﬁrmam
1201 1585 1268 1625 ac
1300 1567 1558 1624 debilem
1595 1567 1818 1622 habent
1845 1567 2164 1622 conscien-

521 1669 686 1734 tiam,
719 1664 1070 1738 polluuntur
1106 1661 1370 1726 edentes,
1405 1673 1746 1730 quanquam
1787 1656 2010 1728 alioqui
2042 1673 2164 1712 non

521 1758 952 1830 polluerentur.
987 1752 1142 1807 494
1171 1751 1361 1816 Quare
1405 1753 1604 1803 autem
1645 1747 1686 1801 ii
1731 1746 1832 1818 qui
1862 1746 2162 1802 infirmam

519 1863 640 1903 non
681 1844 904 1902 habent
947 1839 1392 1905 conscientiam,
1427 1854 1544 1893 non
1595 1836 1992 1908 polluuntur?
2020 1835 2164 1902 Quia

521 1937 765 1994 omnino
788 1951 908 1990 non
929 1937 1068 1988 sunt
1090 1929 1418 2002 quidquam
1439 1925 1617 1994 idola,
1645 1926 1794 1981 nihil
1817 1933 1977 1995 sunt,
2001 1925 2167 1982 nullo

525 2027 706 2100 digna
756 2029 916 2088 sunt,
949 2019 1188 2076 inutilia
1240 2023 1397 2074 sunt.
1436 2040 1462 2068 ‹‹
1495 2017 1672 2088 Atqui
1723 2032 1860 2072 esca
1899 2032 2009 2071 nos
2049 2031 2171 2072 non

521 2112 901 2173 commendat
933 2117 1069 2167 Deo.
1097 2131 1125 2160 »
1159 2110 1238 2164 Ne
1270 2108 1430 2179 quod
1455 2106 1776 2162 verisimile
1809 2113 1900 2161 est
1932 2107 2169 2162 dicant:

523 2207 638 2278 Ego
669 2219 818 2276 pura
851 2200 959 2257 edo
991 2198 1380 2262 conscientia,
1413 2202 1472 2252 et
1513 2197 1656 2268 quid
1694 2196 1840 2252 mihi
1872 2213 2030 2252 curae
2062 2200 2170 2264 est,

523 2293 571 2350 si
622 2291 756 2364 quis
808 2307 877 2345 ex
927 2286 1337 2343 imbecillitate
1393 2286 1652 2357 patiatur
1699 2284 2174 2340 otTendiculum‘?

525 2381 787 2440 ostendit
834 2380 994 2452 quod
1043 2379 1236 2451 ipsum
1288 2393 1524 2449 quoque
1577 2375 1751 2431 edere
1796 2383 2080 2448 tanquam
2113 2375 2174 2430 in

524 2480 932 2546 contemptum
959 2471 1252 2526 idolorum
1271 2469 1420 2524 nihil
1440 2473 1682 2540 prmstat
1705 2468 2000 2540 egregium
2015 2468 2176 2522 Nam

521 2566 632 2622 etsi
669 2564 954 2636 injuriam
985 2579 1108 2616 non
1139 2559 1411 2630 accipiat,
1439 2557 1655 2627 inquit,
1679 2556 1864 2611 frater
1891 2556 1992 2626 qui
2017 2556 2178 2610 inlir—

522 2671 656 2713 mus
689 2659 796 2718 est,
831 2669 905 2708 ne
940 2652 1021 2707 ita
1053 2649 1294 2721 quidem
1330 2647 1556 2716 aliquid
1602 2661 1806 2701 eorum
1839 2663 1969 2716 quae
2003 2645 2176 2700 laude

531 2745 709 2818 digna
736 2748 876 2798 sunt
901 2740 1168 2798 elTeceris
1195 2757 1208 2794 :
1241 2745 1343 2794 aut
1366 2754 1494 2809 quae
1523 2737 1584 2791 in
1615 2753 1863 2809 regnum
1894 2735 2177 2792 caelorum

529 2835 812 2890 inducere
863 2831 954 2886 vel
982 2827 1400 2885 commendare
1436 2825 1684 2898 possint.
1719 2825 1869 2890 Quid
1901 2825 2057 2880 enim
2093 2830 2182 2880 est

527 2924 702 2980 edere
726 2927 828 2978 aut
855 2937 975 2976 non
999 2919 1174 2976 edere
1198 2917 1226 2973 ‘?
1254 2937 1274 2964 ι
1302 2915 1598 2988 Siquidem
1628 2931 1820 2986 neque
1845 2915 1891 2969 si
1913 2913 2184 2970 comeda-

519 3031 674 3078 mus,
716 3011 942 3084 aliquid
975 3009 1148 3064 nobis
1181 3006 1378 3078 magni
1423 3004 1670 3061 accedit.
1707 3027 1734 3053 υ
1770 3005 1886 3060 Ηοο
1919 3009 2027 3071 est,
2061 3021 2182 3059 non

521 3103 670 3178 grati
688 3119 895 3158 sumus
911 3098 1068 3171 apud
1087 3103 1266 3152 Deum
1283 3101 1562 3166 tanquam
1585 3094 1776 3167 magni
1797 3093 2024 3165 aliquid
2045 3111 2186 3166 pras-

530 3192 884 3250 stilerimus.
908 3196 967 3244 et
987 3188 1312 3244 crescimus
1345 3186 1403 3240 in
1431 3184 1625 3240 laude.
1653 3183 1744 3239 Illi
1778 3184 1938 3238 enim
1971 3200 2039 3238 ex
2071 3183 2183 3240 hoc

2273 581 2381 634 τῶν
2424 579 2651 650 ἀσθενὴς
2710 581 2846 638 οὖσα
2906 576 3217 653 μολῖνεται.
3281 580 3488 651 Βρῶμα
3545 571 3602 630 δὲ
3657 575 3806 649 ἡμᾶς
3864 573 3926 630 οὗ

2276 669 2570 744 παρίστησι
2622 675 2703 743 τῷ
2761 675 2896 743 Θεῷ.
2965 669 3104 728 Οὔτε
3182 667 3288 743 γὰρ
3345 666 3431 720 ἐάν
3517 665 3778 742 φάγωμεν
3833 683 3926 720 πι-

2278 759 2622 834 ρισσεύομεν,
2682 757 2805 816 οὔτε
2887 759 2972 814 ἐὰν
3057 760 3133 833 μὴ
3216 759 3477 836 φάγωμεν
3534 752 3924 828 ὑστερούμεθα.

2347 960 2550 1030 Λεγων,
2582 978 2610 1005 ‹‹
2645 953 2818 1019 Τινὲς,
2855 975 2878 1005 ι
2941 952 3039 1008 οὐκ
3070 950 3446 1008 ἀποκαλύπτει
3478 946 3692 1012 αὐτοὺς,
3721 949 3808 1002 ’ἱνα
3845 947 3923 1020 μὴ

2276 1041 2799 1117 ἆναισχυντοτέρους
2845 1045 3079 1118 ποιήσῃ.
3133 1065 3162 1094 ‹‹
3210 1045 3354 1103 Ἒως
3404 1037 3542 1114 ἄρτι.
3581 1063 3606 1088 η
3647 1038 3808 1109 Ὁρᾷς
3840 1035 3924 1090 δτι

2277 1128 2339 1184 οὗ
2383 1134 2576 1193 πάντες
2623 1129 2801 1188 ἴσασιν
2853 1133 2938 1188 ὅτι
2991 1130 3142 1187 οὐδέν
3176 1129 3287 1186 ἐστι
3335 1131 3404 1187 τὶ
3455 1124 3926 1200 εἰδωλαςάμέλει

2273 1215 2378 1281 ἓως
2411 1222 2529 1296 ἄρτι
2559 1222 2725 1293 τινες,
2780 1221 3048 1288 τουτέστι,
3105 1225 3196 1276 καί
3254 1221 3388 1292 μετά
3434 1219 3498 1274 τὸ
3529 1221 3836 1286 πιστεῦσαι,
3861 1217 3928 1270 τὰ

2275 1308 2614 1376 εἰδωλόθυτα
2673 1313 2746 1374 ὡς
2806 1309 3146 1375 εἰδωλόθυτα
3195 1309 3454 1380 ἐσθίουσι,
3513 1311 3759 1365 τουτέστι
3795 1307 3932 1379 μετά

2273 1405 2374 1469 τῆς
2407 1400 2579 1472 αὐτῆς
2607 1403 2835 1476 γνώμης
2871 1403 2985 1469 μεθ’
3015 1403 3081 1470 ἧς
3111 1399 3200 1456 καὶ
3234 1401 3289 1455 οἱ
3318 1397 3614 1470 Ἕλληνες,
3647 1397 3720 1460 ὡς
3754 1395 3934 1474 ἧγοῦ-

2280 1509 2434 1562 μενοι
2487 1491 2624 1546 εἷναί
2677 1513 2730 1547 τι
2784 1491 2850 1546 τιὶ
2905 1487 3133 1546 ενδωλι.
3167 1489 3321 1548 Ἐπεὶ
3352 1489 3442 1543 οὖν
3473 1488 3670 1554 ἀσθενῆ
3715 1497 3804 1540 καί
3837 1505 3930 1540 σι-

2277 1578 2440 1654 σθρὰν
2491 1575 2680 1654 ἔχουσι
2731 1582 2831 1648 τήν
2889 1576 3216 1650 συνείδησιν,
3279 1575 3608 1652 μολῦνονται
3641 1573 3930 1646 ἐσθίοντες,

2277 1667 2321 1722 εἰ
2353 1667 2443 1723 καὶ
2479 1670 2554 1743 μή
2589 1666 2947 1742 ἐμολῦνοντο.
2982 1670 3079 1724 Διὰ
3124 1667 3180 1722 τί
3233 1665 3290 1723 δὲ
3344 1668 3420 1740 μή
3477 1663 3696 1742 ἔχοντες
3727 1665 3927 1732 ἀσθενῆ

2271 1761 2372 1831 τήν
2404 1757 2734 1832 συνείδησιν,
2764 1759 2863 1815 οὐκ
2892 1757 3228 1832 ἐμολῦνοντο
3254 1778 3268 1830 ;
3290 1759 3412 1815 Ὀτι
3439 1755 3540 1811 οὐκ
3569 1754 3671 1810 εἰσί
3694 1775 3747 1810 τι
3779 1752 3932 1814 ὅλως

2197 1851 2339 1932 Brit
2410 1850 2637 1921 εἲδωλα,
2712 1849 2864 1908 οὐδέν
2921 1851 3079 1924 εἰσιν,
3156 1847 3374 1911 οὐδενὸς
3441 1846 3582 1918 ἄξια,
3645 1843 3934 1924 ἀνωφελῆ.

2279 1964 2308 1992 (‹
2341 1945 2544 2016 Βρῑύμα
2603 1937 2660 1995 δὲ
2711 1941 2858 2014 ἡμᾶς
2907 1937 2967 1994 οὗ
3017 1936 3310 2014 παρίστησι
3339 1941 3418 2010 τῷ
3447 1939 3586 2008 Θεῷ.
3623 1959 3648 1986 κ
3679 1936 3794 1992 Ἵνα
3827 1933 3932 2006 μὴ,

2277 2031 2370 2084 οἷα
2410 2029 2572 2101 εἰκὸς,
2635 2029 2878 2085 εἴπωσιν·
2921 2029 3065 2104 Ἐγὼ
3120 2029 3330 2102 καθαρᾷ
3389 2026 3548 2081 ἐστίω
3607 2021 3934 2093 συνειδήσει,

2275 2118 2365 2173 καὶ
2394 2118 2447 2174 τί
2481 2140 2574 2192 μοι
2610 2117 2763 2192 μέλει
2819 2116 2872 2173 εἶ’
2895 2139 2975 2180 τις
3035 2113 3106 2172 δι’
3161 2116 3431 2181 ἀσθένειαν
3480 2110 3934 2182 σκανδαλίζεται;

2278 2206 2543 2264 δείκνυσιν
2577 2208 2661 2263 ὅτι
2691 2207 2782 2263 καὶ
2834 2206 2964 2262 αὐτὸ
3020 2206 3083 2262 τὸ
3139 2210 3324 2283 φαγεῖν
3358 2205 3436 2266 ὡς
3464 2201 3551 2260 ἐπὶ
3581 2202 3936 2280 καταφρονή-

2278 2317 2358 2352 σει
2387 2301 2496 2352 τῶν
2525 2293 2794 2362 εἰδώλων,
2849 2293 3004 2351 οὐδὲν
3065 2294 3310 2369 γενναῖόν
3369 2291 3505 2348 ἐστι.
3567 2291 3672 2346 Κᾶν
3715 2291 3818 2367 γάρ
3856 2291 3934 2362 μή

2279 2383 2551 2455 ἠδικεῖτο,
2585 2406 2771 2462 φησιν,
2831 2386 2859 2440 ὁ
2905 2381 3140 2458 ἀδελφὸς
3194 2382 3423 2451 ἀσθενής
3472 2379 3570 2451 ὢν,
3605 2378 3730 2438 οὐδὲ
3759 2378 3936 2440 οὕτως

2279 2495 2332 2528 τι
2389 2479 2496 2530 τῶν
2550 2473 2953 2549 ἐπαινουμένων
3011 2472 3229 2538 ἐποίεις,
3262 2469 3298 2541 ἤ
3347 2476 3456 2527 τῶν
3521 2470 3598 2533 εἰς
3653 2467 3938 2545 βασιλείαν

2278 2568 2377 2618 τοῦ
2410 2568 2543 2620 Θεοῦ
2573 2565 2884 2642 εἰσαγαγεῖν
2936 2563 3026 2618 καὶ
3084 2569 3428 2635 παραστῆσαι
3482 2557 3821 2635 δυναμένων.
3871 2559 3940 2614 Τί

2281 2653 2381 2728 γάρ
2407 2653 2516 2709 ἐστι
2550 2660 2739 2729 φαγεῖν
2771 2651 2862 2709 καὶ
2897 2655 2972 2727 μή
3005 2657 3194 2731 φαγεῖν
3223 2669 3237 2720 ;
3271 2677 3298 2704 (ι
3325 2649 3464 2708 Οὔτε
3491 2651 3591 2726 γὰρ
3625 2649 3714 2704 ἐάν
3747 2651 3940 2728 φάγω-

2287 2762 2381 2815 μεν
2442 2743 2918 2817 περισσεύομεν.»
2977 2741 3290 2811 Τουτέστιν,
3323 2738 3738 2814 Εὑδοκιμῶμεν
3791 2739 3942 2814 παρὰ

2285 2836 2402 2904 Θεῷ
2431 2832 2508 2894 ὡς
2562 2832 2702 2910 μέγα
2755 2854 2807 2888 τι
2867 2832 3252 2903 πεποιηκότες.
3311 2831 3400 2886 καὶ
3454 2830 3844 2906 περισσεύομεν
3879 2829 3936 2884 ἐν

2285 2919 2514 2994 ἐπαίνῳ.
2576 2915 2972 2994 Ἐνηὸρύνοντο
3031 2922 3138 2996 γάρ
3193 2919 3390 2975 ἐκεῖνοι
3447 2917 3532 2974 ἐπί
3593 2919 3788 2992 τούτῳ,
3846 2919 3940 2973 καὶ

2289 3009 2555 3065 δείκνυσιν
2613 3009 2808 3074 αὐτοὺς
2867 3008 3020 3066 οὐδὲν
3075 3015 3390 3073 ποιοῦντας.
3460 3033 3486 3065 ιι
3543 3006 3682 3066 Οὔτε
3739 3009 3826 3063 ὲεῖν
3859 3009 3943 3083 μή

2289 3099 2944 3176 φάγιοιμενύστεροῦμεθα.
2980 3124 3009 3152 ››
3065 3101 3380 3170 Τουτέστιν,
3435 3096 3844 3172 Ἐλαττούμεθα
3887 3095 3944 3154 ἐν

2291 3188 2516 3263 ἐπαίνῳ.

534 3281 972 3340 extollebantur
1007 3294 1018 3332 :
1055 3283 1112 3332 et
1159 3274 1422 3331 ostendit
1479 3291 1577 3330 eos
1607 3273 1757 3329 nihil
1789 3289 1858 3328 ex
1906 3289 1976 3329 ea
2019 3291 2080 3330 re
2135 3276 2348 3338 facere.
2383 3303 2412 3331 ‹‹
2459 3283 2659 3352 Neque
2708 3282 2756 3337 si
2816 3298 2939 3337 non
2970 3280 3373 3352 comedamus,
3415 3281 3742 3354 quidquam
3767 3278 3948 3336 nobis

534 3371 721 3427 deest.
755 3392 784 3420 n
817 3369 935 3424 Hoc
967 3372 1074 3432 est,
1110 3383 1230 3422 non
1263 3363 1573 3420 inferiores
1603 3364 1662 3417 in
1699 3363 1871 3418 laude
1903 3379 2128 3419 sumus.

613 3460 758 3531 VIII,
791 3461 946 3516 9.12.
978 3457 1085 3514 Sed
1113 3457 1289 3512 videte
1338 3471 1406 3509 ne
1435 3471 1542 3525 quo
1590 3453 1753 3509 modo
1789 3461 2036 3524 potestas
2066 3455 2173 3511 haec

2362 3456 2600 3516 Βλέπετε
2658 3457 2717 3515 δὲ
2777 3462 2851 3533 μή
2909 3480 3026 3523 πως
3082 3461 3117 3528 ἡ
3173 3457 3386 3529 ἐξουσία
3446 3458 3596 3532 ὑμῶν
3637 3457 3771 3528 αὕτη
3803 3457 3944 3533 πρό·

534 3557 714 3608 cestra
745 3548 1074 3621 offendicula
1123 3551 1220 3616 ﬁat
1268 3547 1336 3600 iis
1378 3547 1476 3615 qui
1525 3541 1734 3614 inﬁrmi
1779 3550 1924 3599 sunt.
1969 3546 2182 3600 Etenim

536 3645 586 3699 si
613 3643 736 3712 quis
766 3639 1110 3710 conspexerit
1155 3643 1204 3690 te
1235 3635 1337 3705 qui
1384 3633 1544 3688 habes
1591 3634 1899 3702 scientiam,
1931 3633 1994 3688 in
2023 3635 2183 3706 epulo

537 3733 820 3790 idolorum
849 3728 1272 3790 accumbentem,
1306 3741 1487 3780 nonne
1539 3725 1873 3778 conscientia
1915 3724 2032 3794 ejus
2061 3741 2182 3780 cum

541 3827 786 3894 inﬁrmus
817 3820 909 3886 sit,
944 3817 1312 3887 adiﬁcabitur
1340 3814 1413 3868 ad
1442 3814 1706 3868 edendum
1735 3829 1859 3884 qua?
1889 3813 2052 3870 idolis
2077 3816 2180 3870 im-

538 3915 746 3968 molata
775 3911 948 3965 sunt?
977 3910 1048 3962 Et
1091 3906 1298 3978 peribit
1345 3903 1444 3974 qui
1491 3907 1740 3972 inﬁrmus
1787 3910 1863 3960 est
1909 3906 2087 3974 frater
2115 3905 2182 3960 ob

539 4009 692 4057 tuam
721 4001 1023 4066 scientiam,
1047 4001 1279 4068 propter
1320 4011 1477 4066 quem
1527 3994 1770 4050 Christus
1799 4001 2042 4050 mortuus
2084 4001 2180 4050 est.

535 4092 625 4148 Sic
655 4097 838 4146 autem
859 4093 1151 4160 peccantes
1194 4088 1252 4140 in
1297 4087 1522 4154 fratres,
1573 4091 1625 4140 et
1649 4085 2019 4154 percutientes
2049 4101 2180 4140 con-

535 4181 820 4236 scientiam
851 4179 1072 4233 illorum
1105 4177 1398 4245 inﬁrmam,
1431 4175 1490 4228 in
1521 4173 1792 4229 Christum
1815 4177 2072 4244 peccatis.

609 4269 906 4326 Terrentis
957 4284 1152 4324 sermo
1203 4269 1310 4321 est.
1345 4286 1372 4314 «
1407 4265 1486 4320 Ne
1536 4280 1651 4336 quo
1699 4263 1876 4320 modo
1923 4269 2182 4336 potestas

539 4362 684 4416 hmc.
719 4382 748 4410 »
807 4360 932 4414 Non
991 4356 1160 4420 dixit,
1217 4355 1492 4422 Scientia,
1543 4360 1644 4409 aut
1689 4354 2018 4422 Perfectio;
2054 4353 2182 4422 sed,

540 4474 568 4504 ιι
604 4453 890 4512 Potestas,
928 4471 954 4498 »
988 4447 1145 4518 quod
1177 4445 1568 4501 immodestia:
1601 4450 1690 4500 est
1719 4450 1776 4500 et
1805 4446 2178 4518 arrogantius.

541 4563 564 4595 α
601 4539 968 4598 Olfendiculo
1001 4537 1124 4600 ﬁat,
1161 4559 1185 4584 η
1239 4535 1349 4589 hoc
1398 4540 1504 4592 est.
1539 4533 1854 4589 offensioni
1911 4540 1966 4589 et
2011 4551 2180 4590 ever-

535 4630 708 4687 sioni.
743 4629 956 4685 Dicens
988 4631 1188 4680 autem
1215 4639 1226 4678 :
1255 4644 1282 4670 ‹‹
1317 4622 1393 4676 lis
1415 4622 1515 4692 qui
1549 4621 1770 4677 inﬁrmi
1804 4629 1962 4690 sunt,
1996 4645 2023 4672 ‹‹
2057 4639 2180 4678 car-

528 4719 617 4791 pit
649 4721 808 4790 ipsos
835 4714 992 4786 quod
1017 4729 1090 4767 ne
1113 4711 1368 4766 inﬁrmis
1391 4710 1632 4782 quidem
1656 4719 1969 4781 parcerent
1989 4711 2180 4768 fratri-

533 4811 666 4870 bus,
699 4807 916 4878 quibus
965 4801 1278 4874 oportebat
1330 4801 1508 4856 etiam
1557 4815 1800 4855 manum
1851 4802 2174 4874 porrigere.

533 4921 560 4948 ‹‹
595 4897 670 4952 Te
703 4896 802 4966 qui
834 4893 1019 4950 habes
1050 4891 1380 4948 scientiam.
1420 4913 1447 4942 »
1481 4892 1555 4946 Te
1589 4889 1712 4962 qui,
1743 4895 1808 4945 ut
1838 4889 2009 4954 dicis,
2041 4907 2180 4963 per-

529 4987 722 5042 fectus
755 5003 835 5041 es.
871 5008 898 5034 «
933 4986 1135 5040 Nonne
1179 4981 1541 5038 conscientia
1585 4981 1734 5050 ejus.
1773 5003 1794 5029 -
1830 4983 2044 5036 Annon
2076 4997 2176 5036 oc-

531 5077 834 5132 casionem
864 5080 1057 5130 sumet
1077 5079 1143 5128 ut
1173 5073 1308 5127 edat
1329 5089 1460 5144 qua:
1491 5069 1666 5125 idolis
1689 5077 1828 5124 sunt
1849 5071 2175 5141 immolata,

529 5182 664 5221 cum
687 5171 882 5220 tamen
911 5169 1078 5235 putet
1095 5162 1252 5216 idola
1273 5159 1498 5231 aliquid
1522 5175 1651 5214 esse
1672 5159 1699 5214 ‘?
1722 5161 1932 5215 Dicens
1954 5168 2174 5230 autem,

529 5277 556 5304 ‹‹
589 5254 1016 5315 Ᾰέιιίίὶςοὺὶιυν,
1080 5275 1107 5301 ››
1159 5251 1418 5306 ostendit
1467 5249 1623 5320 quod
1674 5249 2052 5306 imbecillitas
2105 5250 2174 5306 il-

525 5345 644 5400 lius
676 5345 862 5417 magis
893 5342 1220 5416 augebitur.
1256 5363 1282 5390 ‹‹
1319 5343 1386 5394 Et
1413 5339 1630 5411 peribit
1657 5339 1758 5410 qui
1791 5339 2066 5397 infirmus
2087 5345 2178 5398 est

522 5431 728 5490 frater.
765 5453 788 5483 ιι
828 5433 1072 5504 Fietque
1105 5437 1204 5486 tua
1232 5429 1518 5502 perfectio
1559 5429 1730 5485 alteri
1779 5429 2008 5486 occasio
2040 5445 2172 5504 per-

527 5523 795 5582 ditionis.
829 5523 978 5581 495
1018 5544 1040 5574 ιι
1069 5522 1320 5594 Propter
1367 5535 1546 5591 quem
1595 5519 1862 5576 Christus
1901 5527 2172 5578 mortuus

525 5619 634 5672 est.
669 5637 697 5665 ››
729 5614 1017 5682 Christus,
1051 5609 1269 5684 inquit,
1301 5625 1498 5683 neque
1527 5608 1679 5668 mori
1709 5626 1816 5682 pro
1847 5610 1975 5683 ipso
2007 5627 2172 5668 recu-

525 5705 694 5777 savit,
715 5709 780 5764 tu
806 5718 944 5762 vero
967 5715 1162 5778 neque
1183 5699 1256 5757 ad
1279 5697 1548 5757 ciborum
1580 5698 1975 5771 quorumdam
1995 5699 2173 5758 absti-

2289 3567 2514 3622 σκομμα
2569 3547 2790 3623 γένηται
2849 3554 2968 3614 τοῖς
3049 3549 3384 3613 ἀσθενοῦσιν.
3471 3549 3594 3605 Ἐὰν
3671 3547 3774 3624 γὰρ
3859 3568 3946 3610 τις

2289 3632 2377 3712 ἴδῃ
2437 3657 2496 3692 σε
2542 3637 2634 3692 τὸν
2686 3630 2882 3714 ἔχοντα
2963 3641 3163 3714 γνῶσιν
3245 3636 3296 3692 ἐν
3373 3633 3646 3710 εἰδωλείῳ
3695 3635 3944 3691 κατακείο

2291 3747 2475 3799 μενον,
2530 3727 2662 3806 οὐχὶ
2721 3729 2756 3797 ἡ
2813 3725 3119 3800 συνείδησις
3205 3727 3368 3784 αὐτοῦ
3451 3727 3702 3790 ἀσθενοῦς
3779 3725 3940 3790 ὄντος

2289 3813 2784 3890 οἰκοδομηθήσεται
2862 3817 2938 3878 εἰς
3019 3819 3081 3874 τὸ
3163 3817 3230 3872 τὰ
3305 3812 3642 3881 εἰδωλόθυτα
3699 3814 3938 3886 ἐσθίεινς

2287 3905 2376 3960 καὶ
2435 3903 2720 3962 ίκπολεῖται
2780 3907 2807 3962 6
2857 3906 3094 3962 ἀσθενῶν
3151 3903 3390 3983 ἀδελφὸς
3421 3905 3510 3961 ἐπὶ
3538 3909 3609 3979 τῇ
3639 3909 3710 3980 σῇ
3738 3905 3940 3979 γνώσει

2293 3991 2318 4012 λ
2349 3995 2360 4016 Ι
2421 3990 2447 4012 99
2708 3995 2724 4014 ς
2821 3994 2835 4008 ⁸
3207 3994 3234 4014 9'
3427 3993 3451 4013 ἢ
3739 3995 3749 4010 ο

2289 4007 2339 4050 οι
2419 4016 2476 4049 ον
2533 4000 2762 4071 Χριστος
2811 3995 3087 4052 ἀπέθανεν.
3157 4001 3345 4057 Ουτως
3423 3996 3481 4050 οὲ
3538 3993 3942 4069 ἀμαρτανοντες

2290 4083 2365 4146 εἰς
2429 4085 2559 4147 τοὺς
2655 4082 2949 4160 ἀδελφοὺς,
3041 4085 3132 4140 καὶ
3222 4085 3516 4147 τύπτοντες
3601 4084 3776 4138 αὐτῶν
3836 4083 3940 4152 τὴν

2289 4173 2589 4244 συνείδησιν
2671 4177 3018 4246 ἀσθενοῦσαν,
3107 4176 3185 4241 εἰς
3266 4175 3502 4250 Χριστὸν
3585 4173 3943 4248 ἁμαρτάνετε.

2359 4263 2682 4330 Φοϐοὖντος
2713 4266 2740 4320 6
2772 4263 2958 4342 λόγος.
2995 4289 3022 4317 α
3057 4267 3144 4337 Μή
3203 4286 3320 4327 πως
3379 4267 3414 4335 ἡ
3475 4263 3686 4336 ἐξουσία
3715 4263 3872 4333 αὕτη.
3913 4285 3943 4312 ιο

2287 4355 2405 4413 Οὐκ
2443 4357 2612 4426 εἶπεν,
2665 4357 2728 4413 Ἣ
2783 4360 3009 4433 γνῶσις,
3059 4352 3120 4424 ἤ,
3175 4360 3237 4412 'lI
3295 4353 3600 4426 τελειότης,
3634 4351 3782 4418 ἀλλ’,
3821 4377 3840 4403 ι
3875 4351 3944 4410 'H

2287 4444 2521 4518 ἐξουσία,
2579 4469 2598 4497 ι
2661 4447 2794 4522 ὅπερ
2871 4443 3196 4520 προπετείας
3273 4443 3386 4500 ἐστὶ
3459 4445 3548 4498 καὶ
3623 4439 3946 4512 ἀλαζονείας

2291 4535 2526 4609 μᾶλλον.
2583 4561 2610 4588 ‹‹
2667 4535 3010 4608 Ιίρόσκομμα
3055 4531 3300 4612 γένηται.
3349 4558 3377 4582 ιι
3427 4529 3954 4590 Τουτέστισκάνδα-

2287 4624 2406 4694 λον,
2463 4626 2833 4702 καταστροφή.
2893 4624 3078 4682 Εἰπὼν
3134 4621 3211 4693 δὲ,
3284 4648 3312 4676 (ι
3359 4625 3490 4685 Τοῖς
3547 4623 3875 4688 ἀσθενοῦσιν,
3909 4643 3942 4672 ιι

2285 4713 2520 4770 αἰτιᾶται
2568 4713 2783 4783 αὖτοὺς,
2835 4712 2918 4770 ὅτι
2970 4712 3096 4768 οὐδὲ
3145 4717 3254 4767 τῶν
3302 4710 3671 4777 ἀσθενούντων
3728 4707 3944 4784 φείδον-

2285 4825 2372 4860 ται
2422 4801 2696 4884 ἀδελφῶν,
2749 4805 2834 4867 οἷς
2885 4801 2991 4859 ἔδει
3039 4803 3130 4859 καὶ
3180 4807 3342 4879 χεῖρα
3393 4799 3619 4878 ὀρέγειν.
3669 4824 3698 4852 ‹‹
3731 4800 3800 4856 Σὲ
3850 4799 3946 4854 τὸν

2287 4893 2485 4970 ἔχοντα
2553 4898 2776 4972 γνῶσιν.
2825 4919 2846 4949 ι
2907 4894 3032 4959 Τὸν,
3097 4892 3171 4955 ὡς
3235 4891 3440 4966 λέγεις,
3508 4891 3721 4946 τέλειον
3785 4887 3942 4948 ὄντα.

2295 5009 2315 5035 α
2340 4982 2481 5058 Οὐχί
2513 4985 2546 5053 ἡ
2583 4980 2885 5055 συνείδησις
2933 4982 3118 5038 αὐτοῦ,
3159 5005 3187 5034 υ
3236 4983 3352 5040 Οὐκ
3395 4983 3518 5057 ἄρα,
3553 5002 3737 5058 φησιν,
3769 4980 3944 5058 isop-

2289 5073 2399 5147 μῆν
2431 5067 2576 5146 λόϐῂ
2607 5072 2830 5137 ἐσθείειν
2858 5072 2925 5128 τὰ
2967 5070 3325 5139 εἰδωλόθυτα,
3357 5072 3446 5126 καὶ
3480 5067 3688 5134 οἷέσθαι
3719 5069 3857 5125 εἷναί
3881 5087 3940 5124 τι

2285 5162 2351 5216 τὰ
2384 5159 2626 5231 ε’ἶδωλα;
2681 5160 2862 5217 Εἰπὼν
2906 5158 2984 5228 δὲ,
3035 5185 3060 5212 (ι
3091 5157 3632 5232 Οἳκοδομηθήσεται,
3669 5185 3690 5212 1
3730 5153 3936 5212 δείκνυ-

2285 5271 2368 5304 σιν
2417 5251 2501 5306 ’ὁτι
2559 5250 2645 5305 ἐπὶ
2707 5249 2896 5307 πλεῖον
2955 5249 3116 5306 οὐτοῦ
3170 5251 3205 5320 ἡ
3266 5248 3509 5313 ἀσθένεια
3553 5249 3944 5320 αὐξηθήσεται.

2285 5365 2314 5392 ‹‹
2349 5339 2446 5395 Καὶ
2495 5337 2780 5396 ἀπολεῖται
2830 5342 2858 5396 6
2907 5341 3140 5396 ἀσθενῶν
3186 5337 3442 5418 ἀδελφός,
3479 5364 3507 5392 u
3559 5339 3664 5396 Καὶ
3715 5339 3948 5414 γενήσε-

2281 5451 2372 5486 ται
2399 5429 2668 5507 πρότασις
2715 5431 2750 5500 ἡ
2797 5431 2865 5499 σὴ
2909 5428 3190 5498 τελειότης
3237 5429 3404 5504 ἑτέρῳ
3459 5426 3758 5492 ἀπωλείας,
3794 5453 3820 5480 ιι
3855 5429 3946 5486 Δι’

2283 5521 2341 5578 ὅν
2389 5519 2627 5596 Χριστὸς
2671 5517 2947 5584 ἀπέθανεν.
2997 5543 3026 5573 »
3079 5519 3182 5578 Καὶ
3235 5519 3263 5576 6
3311 5519 3408 5594 μὲν
3455 5520 3706 5596 Χριστὸς,
3749 5516 3946 5598 φησὶν,

2283 5605 2412 5667 οὐδὲ
2439 5609 2726 5675 ἀποθανεῖν
2779 5609 2912 5686 ὑπὲρ
2963 5607 3128 5666 αὐτοῦ
3173 5611 3554 5687 παρῃτήσατο,
3603 5607 3666 5665 σὺ
3715 5605 3774 5665 δὲ
3813 5603 3946 5664 οὗδὶ

2281 5695 2404 5776 εχρι
2489 5699 2800 5778 βρωμάτων
2883 5698 3107 5773 ἀποχῆς
3184 5692 3652 5777 συγκαταϐαίνοις,
3701 5697 3794 5754 ἳνα
3853 5695 3942 5772 μὴ
