4198 6200
301 354 420 413 ’153

1305 343 1712 408 COMMENT.
1759 342 1838 403 ιΝ
1884 338 2192 401 ΕΡΙΞΤ.Ῐ
2238 340 2342 402 AD
2385 339 2752 401 CORINTH.

3597 340 3715 402 ’154

307 481 762 554 σκανδαλίζησαι,
803 507 821 533 ι
859 481 962 539 Καὶ
1013 481 1309 541 τύπτοντες
1357 478 1536 534 αὐτῶν
1579 479 1678 546 τήν
1716 471 1955 544 συνείδη·

2077 474 2342 529 nentiam
2367 478 2481 528 tete
2505 473 2788 539 demittis,
2806 489 2881 528 ne
2894 474 3317 530 oll‘cndiculum
3332 475 3718 546 patiatur.«Et

307 595 409 630 σιν.
448 596 476 625 η
509 573 628 628 Οὐκ
658 571 796 636 εἶπε,
847 566 1334 640 Σκανδαλίζοντες,
1389 565 1536 624 ἀλλὰ
1564 566 1627 623 τὸ
1657 559 1960 638 ὠμότερον,

305 689 333 716 ‹‹
369 663 698 720 Τύπτοντεξ.
736 685 762 712 η
814 661 880 715 Τί
939 661 1044 735 γάρ
1101 659 1384 732 ὠμότερον
1418 661 1513 712 τοῦ
1544 655 1837 713 τῦπτοντος
1869 652 1959 707 τὸν

303 753 550 821 ἀσθενῆς
624 775 651 801 ‹‹
687 750 780 814 Εἷς
829 751 1057 824 Χριστὸν
1106 749 1462 823 ἁμαρτάνετεο
1499 769 1525 793 ’³
1569 749 1688 804 ¹¹ίῖ³³
1723 742 1797 802 ές
1829 762 1959 814 1‘?“

305 845 430 898 στὸν
491 840 778 911 πταίομεν,
837 840 1230 912 ἁμαρτάνοντες
1314 835 1389 896 εἰς
1466 833 1593 894 τοὺς
1652 828 1959 906 ἀδελφούς

304 938 430 993 licio:
458 951 470 988 :
505 929 588 985 ὅτι
622 931 691 985 τά
717 933 826 984 τῶν
856 927 1101 992 οἶκετιὶν,
1143 926 1219 986 ὡς
1276 923 1574 994 Δεσπότης,
1607 922 1961 976 οἰκειοποιεῖ-

301 1039 410 1076 τοιι⁸
445 1019 534 1074 καὶ
567 1020 651 1074 δτι
703 1018 778 1079 εἷς
839 1037 1002 1090 σωμα
1058 1015 1223 1070 αὑτοῦ
1279 1012 1528 1068 τελοῦσιν
1559 1011 1610 1066 οἱ
1643 1007 1960 1079 πληττόμε-

297 1132 408 1172 νοι,
441 1107 532 1164 καὶ
589 1109 618 1163 ὅ
674 1105 874 1168 ἓκεῖνος
933 1104 1024 1160 διά
1079 1111 1180 1172 τῆς
1239 1101 1440 1163 οἰκείας
1469 1101 1796 1176 κατώρθωσε
1825 1119 1960 1178 σιρα-

295 1205 426 1276 γῆς,
486 1199 548 1254 σὺ
596 1196 686 1252 διὰ
741 1197 1039 1272 βρώματος
1096 1191 1402 1253 καταλύεις.
1460 1190 1560 1248 Καὶ
1592 1189 1864 1264 τίγὲνοιτ’
1896 1184 1957 1241 ἃν

297 1289 496 1345 τούτου
527 1286 876 1367 ἀλογώτερον
907 1303 923 1353 ;

375 1471 572 1547 Διόπερ
675 1469 720 1527 εί
810 1468 1008 1546 βεώμα
1094 1463 1436 1535 σκανδαλίζει
1549 1462 1640 1518 τὸν
1720 1458 1953 1539 ἀδελφόν

305 1584 436 1635 μου,
491 1563 558 1617 οὑ
621 1563 695 1634 μή
758 1564 918 1640 φάγω
989 1556 1119 1632 κρέα
1197 1556 1272 1617 εἰς
1337 1555 1428 1610 τὸν
1482 1553 1677 1614 αἶῶνα,
1733 1552 1818 1607 ἳνα
1878 1553 1953 1623 μή

295 1652 391 1708 τὸν
451 1647 686 1733 ἀδελφόν
777 1670 881 1721 μου
973 1643 1342 1702 σκανδαλίσω.
1438 1644 1554 1700 Οὐκ
1637 1641 1750 1715 εἰμὶ
1818 1641 1956 1696 ἀπό-

299 1739 540 1808 στολοςς
601 1732 700 1794 οὐκ
755 1737 869 1812 εῗμὶ
953 1735 1273 1808 ἐλεύθερος
1331 1732 1462 1812 οὐχὶ
1549 1733 1760 1802 Ἰησοῦν
1818 1733 1955 1804 Χρι-

2069 564 2472 638 percutientes
2515 565 2943 621 conscientiam
2992 565 3252 621 illorum.
3290 587 3316 616 ››
3349 567 3475 622 Non
3519 565 3712 624 dixit:

2069 653 2506 711 OlTendiculum
2548 661 2875 726 ponentes;
2909 655 3029 710 sed.
3067 655 3225 726 quod
3269 654 3569 710 crudelius
3601 662 3713 720 est,

2069 766 2096 793 ‹‹
2130 745 2555 800 Percutientes.
2596 768 2621 792 »ι
2655 745 2803 810 Quid
2837 745 2994 798 enim
3029 762 3098 799 eo
3131 745 3430 801 crudelius
3461 751 3572 806 est,
3612 745 3710 816 qui

2068 835 2371 890 infirmum
2406 834 2674 890 verberat
2699 836 2725 890 '.’
2746 861 2768 882 α
2800 837 2860 890 lu
2887 836 3180 890 Christum
3210 835 3481 906 peccatis.
3504 855 3527 883 η
3559 837 3713 899 Quo-

2066 925 2622 981 modoiutlliristum
2646 925 2900 979 labimur
2917 941 3049 980 cum
3066 925 3124 978 in
3141 926 3350 979 fratres
3372 924 3717 996 peccamus?

2066 1017 2424 1083 Quomodo?
2455 1018 2594 1088 quia
2630 1025 2910 1088 tanquam
2936 1018 3222 1073 Dominus
3255 1034 3358 1071 sua
3389 1017 3553 1073 ducit
3583 1033 3713 1088 qum

2067 1125 2373 1164 servorum
2405 1115 2564 1176 sunt,
2589 1109 2821 1180 sibique
2854 1109 3130 1164 vindicat.
3157 1116 3215 1164 et
3238 1109 3377 1178 quia
3403 1108 3476 1164 ad
3502 1125 3714 1180 corpus

2067 1198 2195 1271 ejus
2227 1208 2550 1254 censentur
2579 1200 2676 1270 qui
2713 1200 3161 1270 percutiuntur:
3195 1205 3254 1253 et
3286 1198 3441 1270 quod
3476 1199 3574 1251 ille
3608 1215 3716 1253 sua

2065 1296 2256 1344 morte
2288 1290 2566 1360 provexit,
2604 1289 2715 1344 hoc
2752 1296 2812 1343 tu
2845 1305 2948 1360 per
2978 1305 3172 1343 escam
3219 1287 3492 1343 dissolvis
3521 1304 3535 1341 :
3570 1285 3714 1358 quid

2064 1385 2260 1434 autem
2296 1379 2421 1433 fieri
2457 1385 2649 1449 potest
2680 1378 2788 1434 hac
2820 1394 2882 1431 re
2912 1378 3226 1432 absurdius
3248 1377 3276 1434 ‘l

2137 1469 2288 1528 Vlll,
2327 1471 2422 1534 l3;
2461 1469 2552 1536 IX,
2592 1469 2637 1530 1,
2669 1477 2722 1521 2.
2756 1470 3102 1537 Quapropter
3145 1470 3192 1521 si
3229 1483 3347 1522 esca
3378 1465 3710 1537 offendicula

2064 1565 2141 1615 est
2169 1560 2340 1627 fratri
2367 1574 2504 1622 meo,
2554 1573 2904 1628 nequaquam
2937 1573 3122 1612 uescar
3168 1558 3425 1611 carnibus
3457 1558 3513 1609 in
3542 1563 3709 1611 .z‘tero

2061 1665 2318 1715 num,ne
2371 1647 2546 1718 fratri
2604 1665 2720 1703 meo
2775 1651 2876 1703 sim
2933 1648 3289 1718 offendicula.
3354 1656 3545 1702 Annon
3593 1663 3713 1701 sum

2066 1739 2616 1810 apostolus?.-lnnon
2673 1754 2791 1792 sum
2847 1737 3032 1792 liber?
3070 1753 3257 1792 annon
3313 1739 3492 1791 Iesum
3549 1738 3713 1793 Chri-

303 1831 428 1885 στὸν
476 1830 568 1885 τὸν
627 1829 826 1898 Κύριον
888 1828 1049 1899 ἡμῶν
1106 1825 1360 1899 ἑώρακας
1411 1822 1473 1878 οὐ
1523 1821 1584 1876 τὸ
1631 1815 1786 1896 ἔργον
1849 1841 1954 1893 μου

2064 1836 2206 1886 stum
2262 1830 2554 1884 Dominum
2607 1834 2853 1882 nostrum
2899 1828 3067 1882 vidi?
3120 1843 3306 1882 annon
3356 1843 3490 1896 opus
3539 1844 3717 1882 meum

303 1923 461 1994 ὑμεῖς
518 1919 634 1976 ἐστε
694 1917 746 1975 ἐν
807 1918 1030 1992 Κυρίῳ;
1083 1915 1157 1974 Ei
1214 1913 1412 1976 ἄλλοις
1470 1913 1577 1969 οὑκ
1647 1912 1762 1986 εἰμὶ
1821 1911 1960 1966 ἀπό-

297 2009 523 2079 στολος,
586 2006 730 2064 ἆλλᾶ
783 2029 846 2083 γε
905 2008 1032 2080 ὑμῖν
1099 2007 1236 2079 εἶμι.
1296 2005 1358 2060 Ἡ
1410 2003 1512 2080 γάρ
1572 2001 1803 2082 σφραγὶς
1858 2007 1957 2071 τῆς

299 2099 441 2174 ἐμῆς
476 2097 790 2167 ἀποστολῆς
824 2098 980 2170 ὑμεῖς
1008 2094 1128 2153 ἐστε
1159 2094 1209 2150 ἐν
1240 2094 1448 2170 Κυρίῳ.

371 2191 548 2246 Τοῦτο
600 2186 837 2262 μάλιστα
893 2185 1116 2260 ἀρίστου
1172 2181 1527 2252 διδασκάλου,
1561 2182 1623 2238 τὸ
1672 2179 1723 2254 ἐξ
1764 2181 1956 2236 ἑαυτοῦ

296 2275 597 2334 παιδεύειν.
631 2278 834 2350 Ὑμεῖς,
886 2274 1067 2352 φησὶν,
1129 2271 1258 2328 οὐδὶ
1308 2269 1688 2336 εἰδωλοθύτων
1728 2275 1834 2325 τῶν
1867 2269 1958 2324 καὶ

298 2365 490 2429 ἄλλως
547 2364 1008 2442 ἀπηγορευμένων
1062 2360 1327 2444 φείδεσθε,
1390 2361 1522 2436 ὑπὲρ
1553 2363 1650 2416 τοῦ
1685 2360 1760 2429 μὴ
1795 2379 1956 2414 σκαν-

299 2455 521 2514 δαλίται
579 2453 837 2526 ἀδεΑφό-ι.
897 2453 1042 2530 Ἐγὼ
1114 2451 1172 2509 δὲ
1226 2453 1279 2508 τί
1329 2450 1473 2529 λίγω
1532 2447 1954 2518 εἰδωλοθύτων;

299 2543 431 2604 οὐδὲ
464 2544 638 2602 αλλου
668 2543 728 2600 ἃν
784 2543 1033 2619 ἁψαίμην
1088 2542 1284 2610 κρέως,
1317 2540 1363 2596 εί
1408 2539 1468 2596 ἐκ
1498 2540 1694 2598 τούτου
1727 2535 1954 2594 σκανδα-

299 2637 509 2706 λίζεταί
565 2657 668 2699 τις.
723 2636 786 2692 'll
847 2631 906 2690 δὲ
961 2632 1285 2707 παραίτησῖς
1356 2652 1482 2704 μου,
1541 2626 1689 2685 ἔσται
1739 2627 1950 2684 αἰωνία·

301 2752 322 2779 ι
363 2727 442 2786 Οὐ
478 2727 552 2798 μὴ
587 2730 744 2804 ιράγω
799 2722 950 2796 κρέα,
982 2723 1170 2803 φησὶν,
1201 2722 1276 2783 εἰς
1307 2721 1397 2775 τὸν
1429 2719 1624 2776 αἰῶνα.
1666 2745 1692 2770 υ
1727 2715 1950 2787 Ἐπειδή

292 2819 396 2893 γάρ
429 2815 593 2874 εἶπεν,
628 2837 658 2867 ‹‹
704 2814 762 2871 l‘l’.
819 2814 1018 2888 βρῶμα
1068 2809 1411 2880 σκανδαλίζει
1437 2811 1528 2865 τὸν
1555 2805 1790 2888 ἀδελφόν
1823 2829 1950 2880 μου,

293 2907 357 2960 0'3
390 2907 466 2978 μή
501 2905 656 2979 φάγω
687 2904 817 2977 κρέα
847 2902 924 2964 εἷς
974 2903 1066 2957 τὸν
1113 2901 1307 2968 αἰῶνα,
1346 2925 1365 2948 ι
1398 2899 1488 2954 ’ἱνα
1521 2900 1596 2971 μή
1629 2919 1713 2960 τις
1744 2899 1948 2973 νομίσῃ

291 2996 380 3052 ’ὁτι
443 2995 738 3073 φιλοτιμία
796 2991 1056 3068 ῥημάτων
1117 2990 1255 3060 αὓτη
1315 2987 1438 3062 (οὐκ
1465 2987 1526 3042 ἄν
1553 2988 1654 3062 γάρ
1685 2987 1772 3041 καὶ
1806 2984 1952 3064 ἔργῳ

291 3091 462 3142 ταῦτα
519 3083 856 3158 ἐπλήρωσε),
913 3081 1265 3156 ἀναγκάζεται
1353 3076 1547 3134 λοιπὸν
1606 3074 1774 3147 δεῖξαι
1830 3080 1951 3138 πῶς

2068 1934 2159 1974 vos
2187 1920 2316 1974 estis
2339 1917 2397 1972 in
2416 1919 2643 1972 Domino
2662 1919 2690 1972 ?
2708 1919 2769 1973 Si
2791 1920 3004 1973 caeteris
3028 1933 3139 1972 non
3168 1933 3289 1971 sum
3320 1917 3627 1985 apostolus,
3658 1923 3716 1970 at

2063 2025 2193 2064 sane
2223 2008 2369 2064 vobis
2395 2023 2535 2075 sum,
2566 2007 2836 2078 siquidem
2862 2005 3110 2076 sigillum
3132 2005 3472 2076 apostolatus
3493 2003 3599 2060 mei
3619 2020 3712 2060 vos

2063 2101 2192 2154 estis
2213 2115 2318 2169 per
2338 2100 2650 2154 Dominum.

2137 2188 2198 2243 1n
2224 2188 2396 2258 longe
2429 2187 2636 2259 optimi
2662 2187 3043 2258 praeceptoris
3068 2191 3156 2241 est
3177 2201 3209 2240 a
3232 2185 3489 2256 propriis
3514 2185 3706 2256 operi-

2064 2277 2174 2334 bus
2206 2278 2520 2332 instruere.
2556 2278 2690 2341 Vos,
2713 2276 2927 2347 inquit,
2955 2292 3028 2330 ne
3061 2275 3131 2330 ab
3165 2275 3257 2330 his
3284 2274 3527 2346 quidem
3560 2280 3708 2330 tem-

2063 2367 2284 2440 peratis
2316 2383 2448 2439 quas
2479 2365 2656 2421 idolis
2699 2365 3008 2420 immolata
3055 2370 3212 2433 sunt,
3258 2381 3332 2420 ne
3381 2363 3548 2418 fratri
3581 2363 3710 2420 sitis

2061 2457 2441 2521 oﬂ‘endiculo,
2477 2473 2608 2528 qum
2661 2457 2839 2511 etiam
2881 2455 3106 2527 alioqui
3150 2455 3329 2510 vetita
3378 2460 3565 2510 sunt:
3600 2470 3704 2523 ego

2059 2565 2216 2614 vero,
2241 2547 2384 2618 quid
2407 2546 2536 2602 dico
2560 2546 2737 2601 idolis
2763 2544 3073 2601 immolata
3094 2545 3121 2601 ‘2
3148 2547 3346 2615 Neque
3377 2544 3554 2600 aliam
3586 2543 3706 2600 ullo

2058 2639 2235 2696 modo
2255 2653 2494 2694 carnem
2517 2636 2880 2708 attingam,si
2900 2635 3195 2705 quispiam
3215 2651 3283 2690 ex
3302 2635 3411 2688 hoc
3429 2634 3612 2688 sumit
3627 2632 3708 2689 of-

2057 2728 2512 2796 fendiculum,et
2529 2727 2653 2782 hmc
2672 2742 2805 2782 mea
2822 2725 3154 2781 observatio
3175 2725 3286 2778 erit
3301 2723 3703 2794 sempiterna:

2057 2848 2082 2874 ‹ι
2111 2825 2516 2894 Nequaquam.
2539 2819 2750 2891 inquit,
2769 2834 2969 2873 vescar
2984 2817 3262 2872 carnibus
3279 2816 3339 2870 in
3354 2821 3702 2870 aeternum.»

2055 2913 2122 2967 Et
2155 2911 2435 2982 quoniam
2469 2908 2737 2962 dixerat:
2772 2907 2827 2962 Si
2862 2921 2996 2962 esca
3029 2903 3389 2959 otTendiculo
3417 2908 3508 2956 est
3534 2900 3702 2956 fratri

2054 3013 2188 3052 meo
2223 3011 2597 3068 nequaquam
2630 3009 2831 3048 vescar
2859 2991 3139 3048 carnibus
3170 2991 3230 3044 in
3262 2997 3550 3044 aaternum
3582 3005 3594 3044 :
3623 3003 3698 3043 ne

2055 3086 2188 3156 quis
2222 3085 2586 3140 existimaret
2614 3084 2766 3138 hanc
2795 3081 3044 3155 gloriam
3079 3085 3308 3136 tantum
3334 3095 3465 3134 esse
3495 3077 3702 3133 verbo-

291 3174 385 3230 καὶ
440 3178 546 3230 τῶν
609 3172 1118 3248 συγκεἋωρτ,μένων
1193 3167 1462 3243 ἀπέσχετο
1525 3166 1656 3241 ὑπὶρ
1713 3169 1811 3220 τοῦ
1871 3166 1946 3239 μὴ

2064 3190 2215 3240 rum,
2241 3178 2300 3228 et
2328 3172 2486 3244 quod
2516 3173 2641 3228 haec
2666 3171 2832 3228 nullo
2855 3169 3030 3225 modo
3051 3185 3229 3243 opere
3250 3167 3608 3240 compleret:
3631 3165 3705 3222 ad

296 3261 650 3321 σκανδαλίσαι
707 3262 875 3323 τινάς.
936 3259 995 3314 Τί
1061 3259 1164 3334 γάρ
1219 3255 1390 3331 λέγω,
1449 3255 1606 3336 φησὶ,
1663 3255 1785 3330 περῖ
1840 3259 1948 3310 τῶν

297 3351 719 3421 εἷδωλοθότων;
780 3351 960 3410 Αὐτοῦ
1015 3354 1113 3406 τοῦ
1173 3351 1409 3423 Χρῖστοῦ
1467 3347 1830 3420 ἐπιτάξαντος,
1865 3345 1956 3399 τὸν

297 3443 637 3515 κηρύσσοντα
713 3441 772 3498 ἐκ
844 3438 940 3496 τοὺ
1019 3437 1359 3512 Εὗαγγελίου
1434 3435 1649 3504 ἐσθίειν,
1709 3433 1954 3490 τουτέττι

300 3534 448 3609 παρά
476 3537 582 3589 τῶν
632 3528 1110 3605 μαθητευομένων,
1143 3527 1404 3599 είλομην,
1431 3525 1478 3580 εἰ
1507 3521 1644 3595 δὲοι,
1672 3523 1764 3579 καὶ
1800 3521 1956 3597 λιμῷ

303 3626 596 3701 φθαρῆναι,
628 3622 717 3676 καὶ
763 3617 933 3694 μηδὲν
988 3618 1114 3690 παρ’
1174 3617 1327 3689 ὑμῶν
1389 3609 1598 3670 Λαϐεῖν·
1636 3613 1733 3670 οὑκ
1763 3610 1950 3681 ἐπειδὴ

300 3699 638 3788 παρέχοντες
672 3731 789 3783 μοι,
823 3709 978 3785 φησὶ,
1036 3701 1476 3776 σκανδαλίζεσοε,
1510 3701 1637 3759 ἀλλ’
1665 3703 1760 3757 ’ἱνα
1787 3699 1955 3757 πλέον

299 3799 690 3874 οἱκοδομῆσθε,
745 3799 974 3869 ὁρῶντες
1029 3817 1096 3868 με
1152 3793 1425 3851 ἀδάπανον
1478 3789 1606 3850 ὄντα
1638 3793 1787 3865 ὑμῖν.
1821 3794 1954 3845 ’Ὠσ-

298 3913 379 3957 τε,
405 3890 561 3971 φησί,
592 3890 681 3944 καὶ
735 3888 906 3961 νόμου
961 3885 1108 3944 θείου
1166 3883 1556 3957 ὲπιτρέποντός
1606 3903 1700 3955 μοι
1733 3875 1955 3952 λαμϐά-

299 3964 428 4047 νεινξ
464 3977 554 4033 διά
579 3980 678 4049 τήν
708 3978 860 4047 ὑμῶν
923 3973 1224 4048 οἰκοδομὴν
1294 3970 1451 4030 οὐδὲν
1503 3968 1729 4044 εἱδὸμην
1763 3964 1950 4026 λαϐεῖν

301 4068 424 4139 παρ’
460 4065 637 4137 ὑμῶν,
695 4061 840 4119 ἀλλά
889 4067 1011 4122 ταῖς
1069 4061 1224 4136 χερσί
1291 4080 1397 4132 μαυ
1453 4056 1685 4113 ἐκοπίων
1730 4054 1954 4131 ἐργαζό-

306 4175 468 4229 μενος
525 4153 616 4208 καὶ
646 4150 1106 4230 ἀποτρεφὸμενος.
1164 4145 1303 4204 ’ἰδοὺ
1353 4147 1487 4210 τὲως
1520 4143 1790 4215 ἀπέδειξεν
1818 4142 1956 4214 ἀλη-

303 4244 494 4299 θεὸωνο
555 4241 750 4297 λοιπὸν
807 4237 862 4295 δὶ
919 4240 1012 4295 καὶ
1069 4236 1210 4294 ἄλλο
1263 4237 1665 4306 κατασκευάζει.
1725 4231 1954 4307 Βῖἐγὼ,

303 4334 494 4411 φησὶν,
553 4330 744 4399 οὕτως,
810 4329 967 4400 ὑμεῖς
1043 4325 1172 4384 οὑδὶ
1227 4323 1608 4389 εἰδωλοθῦτων
1667 4323 1953 4396 ἀπέχεσθε,

303 4409 443 4495 πρὸς
473 4421 536 4476 τὸ
597 4423 671 4493 μὴ
731 4419 860 4480 τοὺς
920 4418 1153 4478 ἀσθενεῖς
1206 4420 1314 4470 τῶν
1372 4411 1623 4491 ἀδελφῶν
1664 4409 1957 4467 σκανδαλί-

304 4520 438 4585 ζειν,
475 4508 689 4585 μ’άλλον
721 4506 779 4564 δὶ
825 4506 1149 4564 ἀπολλύειν.
1210 4503 1444 4561 Πολλῶν
1496 4503 1556 4558 δὶ
1612 4500 1818 4577 στίχων
1857 4520 1952 4556 πε·

304 4602 549 4678 ρεεχτική
610 4600 753 4655 ἐστιν
813 4600 848 4667 ἡ
910 4595 1082 4653 ἔννοια
1137 4601 1238 4665 τῆς
1293 4598 1682 4670 παραγραφῆς,
1737 4588 1825 4644 καὶ
1871 4588 1955 4644 ἐκ-

299 4691 532 4748 τείνεται
554 4686 656 4750 ἔως
680 4691 799 4757 τοῦ,
819 4711 846 4737 ‹‹
875 4683 1193 4761 Ἐλεύθερος
1218 4682 1292 4739 ὢν
1316 4681 1376 4738 ἐκ
1396 4685 1630 4739 πάντων.
1657 4704 1686 4731 »
1709 4711 1775 4722 -
1805 4703 1828 4732 α
1848 4679 1960 4735 Οὐκ

301 4781 418 4853 εἰμὶ
450 4777 801 4846 dmino)“;
839 4800 865 4827 υ
902 4776 1036 4833 Εἶτα
1069 4773 1156 4829 ’ίνα
1217 4774 1297 4849 μή
1358 4769 1618 4847 λέγωσιν,
1664 4769 1750 4828 ὅτι
1782 4769 1837 4824 El
1869 4767 1958 4824 καὶ

300 4863 539 4925 ἐϐούλου
596 4860 807 4933 λαϐεῖν,
870 4863 969 4918 οὑκ
1026 4863 1148 4934 ἐξῆν
1209 4883 1314 4933 σοι,
1376 4859 1466 4917 διὰ
1520 4866 1680 4917 τοῦτο
1739 4858 1851 4916 οὐδ’
1884 4861 1957 4918 εἷ’·

304 4963 508 5039 λησας,
537 4961 656 5018 Ἲνα
683 4959 760 5025 τί,
797 4957 982 5036 φησὶν,
1015 4958 1112 5012 οὐκ
1171 4955 1294 5027 ἐξῆν
1355 4975 1487 5029 μοι;
1522 4957 1573 5010 οἱ
1626 4953 1790 5011 ἄλλοι
1821 4955 1956 5012 ἀπό-

299 5051 496 5110 στολοι
528 5051 594 5108 οὑ
621 5051 909 5128 τρὶφονται
957 5047 1016 5102 ἐκ
1069 5051 1166 5102 τοῦ
1229 5044 1611 5122 Εὐαγγελίου;
1645 5046 1768 5114 Ναὶ,
1802 5046 1958 5125 φησί,

299 5143 363 5200 Τί
420 5141 552 5212 οὑνς
612 5141 718 5217 ἐγὼ
774 5139 872 5195 οὐκ
925 5137 1042 5213 ετμὶ
1100 5135 1414 5198 ἀπόστολος
1474 5137 1547 5198 ὠς
1590 5135 1825 5205 ἐκεῖνοις
1859 5138 1960 5194 οὐκ

298 5233 415 5306 εἰμὶ
452 5231 731 5303 ἐλεύθερος
759 5249 772 5298 ;
823 5229 1093 5295 τουτέστι,
1141 5228 1233 5294 Μή
1294 5225 1399 5282 ὑπὸ
1430 5226 1550 5280 τινά
1581 5225 1695 5298 εἶμι
1726 5227 1814 5281 τὸν
1847 5246 1958 5281 κω-

300 5323 502 5382 λύοντά
536 5343 604 5396 με
633 5315 860 5385 λαϐεῖνς
897 5321 1030 5376 Εἶτα
1052 5315 1146 5372 ’ἶνα
1185 5319 1260 5392 μή
1313 5317 1567 5393 λέγωσιν,
1599 5316 1681 5371 ὅτι
1713 5317 1766 5371 οἱ
1794 5314 1958 5372 ἄλλοι

299 5408 607 5469 ἀπόστολοι
651 5406 820 5464 πλὲον
871 5405 1084 5482 ἔχουσι.
1138 5407 1200 5462 τὸ
1244 5407 1336 5462 τὸν
1388 5411 1614 5482 Χριστον
1666 5404 1955 5479 ἑωρακέναι

299 5503 390 5558 καὶ
449 5502 954 5576 συναναστραφῆναι
1011 5495 1180 5568 αὐτῷ,
1240 5495 1444 5571 ἐπάγει·
1489 5519 1517 5546 α
1552 5494 1695 5571 Οὐχὶ
1746 5496 1954 5562 Ἰησοῦν

301 5591 534 5668 Χριστὸν
564 5589 656 5644 τὸν
689 5589 889 5661 Κύριον
921 5587 1082 5659 ἡμῶν
1128 5584 1380 5659 ἑώρακας
1419 5609 1446 5635 ››
1497 5586 1655 5640 Ὥστε
1714 5580 1855 5655 μηδὲ
1902 5582 1952 5638 ἐν

303 5682 486 5755 τούτῳ
545 5675 770 5736 ἔλαττόν
850 5696 899 5731 τι
985 5670 1103 5750 ἔχει
1160 5678 1267 5730 τῶν
1344 5671 1554 5748 λοιπῷν
1612 5671 1953 5736 ἀποστόλων.

2067 3263 2179 3319 hoc
2209 3265 2646 3334 censequeuter
2673 3259 2950 3332 adigitur.
2982 3264 3048 3316 ut
3095 3256 3371 3314 ostendat
3411 3255 3708 3330 quomodo

2066 3352 2138 3409 ab
2169 3352 2263 3408 his
2293 3367 2529 3423 quoque
2559 3349 2888 3406 abstineret
2917 3364 3048 3420 quas
3091 3348 3384 3419 permissa
3413 3351 3603 3412 erant,
3636 3361 3711 3402 ne

2067 3441 2368 3515 aliquibus
2398 3445 2556 3497 esset
2591 3439 2974 3497 oﬂ‘endiculo.
3007 3437 3158 3504 Quid
3209 3437 3363 3501 dico,
3396 3436 3612 3508 inquit,
3642 3433 3714 3491 de

2065 3533 2158 3590 his
2190 3549 2324 3604 quae
2348 3531 2522 3588 idolis
2545 3537 2684 3585 sunt
2704 3531 3011 3586 immolata
3027 3529 3056 3585 ‘2
3077 3529 3219 3584 Cum
3244 3527 3724 3597 Christusjusse.

2065 3623 2144 3677 rit
2186 3627 2251 3677 ut
2298 3621 2397 3693 qui
2449 3620 2818 3693 prmdicaret,
2871 3620 2944 3675 de
2993 3618 3305 3692 Evangelio
3347 3617 3568 3680 ederet,
3600 3616 3713 3672 hoc

2066 3717 2174 3774 est,
2233 3710 2305 3766 ab
2353 3710 2446 3765 his
2491 3710 2592 3782 qui
2647 3709 2936 3767 docentur
2983 3709 3337 3765 alimentum
3395 3706 3709 3775 acciperet,

2066 3801 2238 3871 elegi,
2272 3800 2320 3854 si
2352 3815 2500 3870 opus
2531 3805 2707 3864 esset,
2739 3799 2894 3855 fame
2939 3799 3155 3869 perire,
3190 3802 3247 3850 et
3291 3794 3440 3848 nihil
3479 3810 3513 3847 a
3542 3792 3711 3848 vobis

2064 3890 2333 3961 accipere
2367 3905 2380 3942 :
2413 3905 2532 3943 non
2561 3888 2718 3958 quod
2745 3905 2846 3942 vos
2879 3887 3019 3940 mihi
3069 3885 3403 3957 prmbentes
3435 3879 3709 3936 oﬂ‘enda-

2064 3978 2234 4039 mini,
2268 3978 2480 4049 inquit,
2512 3976 2616 4032 sed
2648 3982 2712 4030 ut
2736 3977 2994 4048 amplius
3038 3972 3437 4041 aedificemini,
3470 3970 3709 4042 conspi-

2064 4069 2292 4124 cientes
2323 4065 2482 4138 quod
2512 4066 2640 4120 sine
2674 4072 2914 4136 sumptu
2944 4063 3106 4118 vobis
3137 4061 3474 4134 praedicem.
3507 4061 3711 4133 Itaque

2066 4173 2200 4214 cum
2232 4156 2328 4211 lex
2358 4169 2594 4226 quoque
2643 4153 2841 4208 divina
2872 4153 3026 4207 496
3059 4151 3204 4207 mihi
3239 4151 3529 4222 permittit
3556 4150 3710 4206 acci-

2065 4260 2228 4318 pere,
2253 4251 2491 4316 prOpter
2506 4244 2678 4299 vestri
2695 4242 3152 4298 aedificationem
3167 4239 3714 4296 decrevinibilavo-

2065 4333 2157 4388 bis
2180 4334 2446 4404 accipere
2462 4333 2563 4388 sed
2580 4333 2920 4390 laborabam
2938 4330 3214 4387 manibus
3229 4330 3376 4386 meis
3389 4343 3644 4400 operans
3659 4333 3719 4384 et

2064 4440 2159 4480 me
2179 4423 2345 4478 alens
2377 4424 2518 4478 Ecce
2539 4424 2777 4479 interim
2795 4423 3052 4478 ostendit
3070 4438 3132 4477 se
3145 4437 3281 4476 vera
3294 4421 3491 4476 dicere
3503 4424 3560 4474 et
3575 4435 3719 4490 prm-

2067 4519 2226 4569 stare
2257 4529 2388 4584 quae
2419 4513 2670 4568 dicebat.
2705 4514 2996 4585 Deinceps
3025 4528 3161 4568 vero
3199 4511 3378 4567 etiam
3419 4507 3581 4566 aliud
3616 4523 3721 4579 pa-

2071 4609 2180 4658 rat.
2214 4604 2356 4658 Cum
2392 4618 2520 4676 ego,
2553 4603 2766 4675 inquit,
2791 4604 2874 4660 ita
2903 4603 3147 4676 egerim,
3171 4618 3270 4656 vos
3303 4615 3498 4670 neque
3527 4597 3598 4652 ab
3622 4596 3716 4653 his

2068 4707 2201 4763 qum
2232 4690 2410 4746 idolis
2441 4697 2581 4746 sunt
2625 4691 2931 4746 immolata
2969 4690 3306 4758 abstinetis,
3354 4703 3428 4744 ne
3462 4686 3715 4742 infirmis

2065 4779 2350 4836 fratribus
2408 4780 2537 4835 sitis
2602 4779 2982 4848 oﬂ‘endiculo,
3043 4779 3162 4834 imo
3226 4777 3509 4850 perdatis.
3569 4775 3714 4832 Mul-

2067 4874 2159 4925 tos
2190 4876 2389 4925 autem
2420 4885 2622 4925 versus
2645 4867 3507 4942 comprehenditintelligentia
3537 4865 3714 4936 hujus

2068 4960 2402 5026 sententias,
2427 4965 2486 5014 et
2513 4959 2586 5014 ad
2617 4975 2752 5016 eum
2776 4976 2964 5032 usque
2987 4959 3179 5014 locum
3203 4956 3580 5030 protenditur
3599 4971 3714 5028 quo

2067 5049 2186 5106 ait:
2223 5071 2246 5100 ιι
2281 5049 2425 5106 Cum
2458 5047 2610 5105 liber
2635 5065 2828 5108 essem
2861 5066 2929 5106 ex
2959 5049 3256 5106 omnibus.
3291 5069 3320 5097 »
3346 5079 3412 5089 —
3443 5069 3470 5096 ‹‹
3505 5048 3719 5104 Annon

2071 5155 2198 5193 sum
2223 5138 2549 5210 apostolus.
2578 5161 2604 5186 »
2630 5138 2854 5195 Deinde
2878 5155 2952 5196 ne
2981 5137 3181 5197 dicent
3205 5155 3216 5193 :
3243 5138 3434 5194 Etiam
3469 5136 3517 5192 si
3543 5136 3720 5192 velles

2067 5229 2358 5300 accipere,
2393 5243 2512 5283 non
2545 5227 2650 5284 tibi
2705 5228 3204 5301 liceret.;pr0pter
3249 5228 3360 5284 hoc
3403 5244 3523 5285 non
3553 5242 3718 5282 acce-

2069 5317 2205 5389 pisti
2233 5334 2245 5371 :
2280 5319 2349 5374 Ut
2381 5316 2543 5388 quid.
2569 5317 2784 5389 inquit,
2808 5334 2928 5374 non
2961 5319 3102 5375 mihi
3129 5317 3592 5374 liceret?nonne
3614 5315 3716 5371 alii

2067 5408 2319 5478 apostoli
2341 5408 2581 5464 aluntur
2611 5425 2680 5463 ex
2712 5409 3023 5482 Evangelio
3045 5409 3073 5465 ‘I
3095 5410 3323 5479 Utique.
3359 5408 3508 5472 Quid
3532 5422 3666 5478 ergo
3687 5407 3715 5461 ‘l

2066 5513 2265 5553 annon
2299 5514 2432 5553 sum
2480 5513 2586 5572 ego
2620 5500 2926 5570 apostolus
2971 5499 3126 5556 sicut
3172 5498 3306 5553 illi?
3337 5501 3548 5552 Annon
3579 5510 3710 5550 sum

2065 5588 2217 5644 liber
2236 5591 2262 5644 ?
2295 5590 2413 5646 Hoc
2442 5596 2550 5650 est.
2576 5605 2719 5646 num
2751 5591 2929 5646 alicui
2961 5590 3247 5662 subjicior
3267 5589 3367 5660 qui
3393 5604 3482 5642 me
3504 5585 3706 5658 probi-

2064 5679 2201 5736 beat
2229 5680 2497 5752 accipere
2516 5679 2545 5735 ‘2
2575 5680 2960 5738 Postmodum
2984 5695 3059 5736 ue
3089 5679 3291 5735 dicant
3317 5675 3477 5747 quod
3508 5672 3703 5731 caeteri
