4198 6200
556 301 672 360 755

1643 293 2074 358 (ECUMENII
2119 288 2426 351 TRIGCE
2469 288 2847 352 EPISCOPI.

3843 289 3951 350 156

562 436 812 512 apostoli
859 430 1176 489 sublimius
1220 430 1447 504 aliquid
1479 429 1756 494 habeant.
1789 446 2007 502 nempe
2049 429 2207 503 quod

2327 450 2351 478 ι(
2383 427 2655 503 Ἐσχατον
2687 427 2812 503 γάρ,
2847 425 3002 502 φησὶ,
3057 422 3296 491 πάντων,
3343 423 3573 498 ὡσπερεὶ
3631 425 3714 494 τῷ
3765 421 3950 498 ἐκτρώ-

564 527 860 582 Christum
875 523 1003 580 vide
1014 523 1216 586 rint,et
1231 539 1362 578 cum
1380 539 1448 578 eo
1468 522 1796 578 conversati
1817 527 1954 590 sint,
1977 521 2218 590 subjun-

565 617 686 688 git:
723 639 750 662 ‹‹
783 617 1000 669 Annon
1030 615 1230 668 Jesuiu
1265 613 1560 668 Christum
1597 613 1912 667 Dominum
1943 617 2219 667 nostrum

567 705 680 759 vidi
709 704 736 758 ?
768 727 794 754 ››
829 705 912 760 Ila
939 719 1014 758 ne
1049 703 1110 758 in
1151 703 1262 758 hoc
1303 703 1544 775 quidem
1591 703 1836 757 inferior
1868 707 1956 756 est
1987 701 2218 756 caeteris

567 795 854 866 apostolis
878 795 905 848 ?
935 795 1031 848 Ait
1073 794 1232 848 enim
1263 810 1278 848 :
1311 815 1336 840 σε
1391 795 1694 848 Postremo
1746 793 2014 848 omnium
2061 791 2221 845 velut

565 884 828 942 abortivo
861 885 1018 940 visus
1051 889 1142 939 est
1167 893 1225 938 et
1247 883 1408 938 milii.
1435 914 1502 924 —
1527 905 1552 930 «
1591 891 1804 938 Annon
1838 898 1986 954 opus
2019 897 2218 936 meum

564 992 666 1031 vos
696 975 840 1030 estis
867 975 928 1030 in
958 973 1208 1030 Domino
1230 971 1258 1028 ?
1289 995 1316 1022 ››
1347 972 1572 1028 Deinde
1602 989 1676 1027 ne
1707 972 1910 1028 dicant
1937 989 1949 1026 :
1975 971 2216 1026 Etiamsi

566 1066 648 1122 sis
679 1065 1004 1137 apostolus.
1039 1063 1274 1118 nullum
1325 1069 1526 1118 tamen
1575 1079 1724 1135 opus
1754 1061 2213 1118 demonstrasti:

564 1153 867 1220 Quomodo
892 1154 918 1208 ?
951 1153 1184 1224 inquit;
1210 1175 1234 1200 η
1265 1168 1466 1208 annon
1491 1169 1639 1224 opus
1661 1168 1856 1208 meum
1886 1168 1984 1207 vos
2002 1149 2212 1206 estis?»

563 1244 678 1301 hoc
733 1250 844 1312 est,
903 1259 1104 1298 annon
1165 1243 1567 1314 operationem
1641 1241 1910 1313 apostolo
1977 1241 2216 1313 dignam

567 1333 806 1390 exhibui
850 1333 994 1389 dum
1041 1349 1141 1388 vos
1193 1331 1647 1388 converterem?
1675 1331 1832 1402 quod
1865 1331 1926 1386 in
1965 1331 2215 1386 Domino

567 1440 674 1498 per
703 1423 1002 1480 Christum
1035 1426 1313 1494 operatus
1347 1437 1496 1475 sum.
1523 1443 1550 1470 ‹‹
1582 1420 1636 1476 Si
1671 1420 1900 1476 caeteris
1931 1436 2052 1476 non
2083 1436 2214 1475 sum

568 1512 892 1584 apostolus.
929 1533 955 1560 »
991 1510 1166 1581 Atqui
1191 1525 1450 1582 possem,
1483 1510 1698 1584 inquit,
1731 1509 1926 1566 dicere
1959 1509 2115 1581 quod
2143 1509 2213 1564 ab

567 1602 895 1660 Jerusalem
921 1605 980 1656 et
1000 1599 1640 1672 circumadjacentibus
1662 1599 1806 1656 locis
1837 1616 2025 1671 usque
2049 1597 2124 1654 ad
2145 1599 2214 1654 Il-

567 1693 820 1766 lyricum
852 1689 1220 1762 impleverim
1254 1689 1627 1763 Evangelium
1655 1689 1869 1746 Christi
1891 1689 1933 1757 ³,
1969 1689 2072 1744 sed
2102 1689 2214 1744 hoc

2331 539 2482 589 ματι,
2517 517 2669 595 diem,
2705 519 2934 588 κάμοί.»
2957 550 3024 559 —
3055 515 3162 573 «Οὐ
3183 515 3246 570 τὸ
3265 509 3423 592 ἔργον
3461 535 3562 586 μου
3593 513 3750 584 ὑμεῖς
3779 511 3887 568 ἐστε
3907 513 3951 569 ἐν

2327 609 2554 684 Κυρίῳ;
2591 633 2616 658 ››
2651 609 2783 664 Εἶτά
2837 607 2926 662 ’ἱνα
2988 610 3062 680 μὴ
3121 604 3372 678 λέγωσιν,
3424 605 3487 661 Εἰ
3542 603 3639 658 καὶ
3669 603 3957 665 ἀπόστολος

2327 697 2392 764 εἷ,
2425 694 2575 750 οὐδὲν
2613 699 2797 770 μέντοι
2850 693 3001 772 ἔργον
3043 693 3318 765 ἐπεδείξω.
3353 698 3472 755 Πῶς
3501 713 3515 763 ;
3546 692 3731 771 φησίν·
3765 717 3790 744 ιι
3823 691 3880 748 οὗ
3907 696 3960 747 τὸ

2325 786 2485 866 ἔργον
2521 809 2624 861 μου
2659 787 2812 860 ὑμεῖς
2847 787 3000 856 ista;
3037 788 3382 852 ››τουτέστιν,
3417 785 3530 841 Οὐκ
3567 783 3820 861 ἐργασίαν
3848 783 3962 839 ἀπο-

2325 878 2544 940 στόλοις
2603 877 2909 954 πρέπουσαν
2965 875 3320 951 ἐπεδειξάμην
3373 875 3449 939 εἰς
3511 877 3676 947 ὑμᾶς,
3731 873 3964 948 ἐπιστρέ-

2335 971 2436 1044 ψας
2501 969 2678 1040 ὓμᾶς;
2739 967 2872 1044 ὅπερ
2925 966 2975 1022 ἐν
3029 967 3215 1042 Κυρίῳ
3273 963 3362 1020 διὰ
3417 969 3668 1042 Χριστοῦ
3699 963 3959 1040 πέπραχά.

2331 1079 2351 1106 ε
2391 1057 2453 1114 Ei
2512 1055 2705 1120 ἀλλοις
2766 1059 2866 1112 οὐκ
2932 1057 3043 1130 είμὶ
3105 1054 3432 1118 ἀπόστολος.
3465 1077 3492 1107 ›;
3542 1051 3756 1122 Καίτοι,
3787 1051 3960 1132 φησὶν,

2325 1145 2489 1218 ἔξεστί
2547 1168 2642 1222 μοι
2697 1147 2874 1224 λέγειν
2927 1145 3008 1202 ὅτι
3069 1145 3174 1202 ἀπὸ
3233 1142 3599 1220 Ἰερουσαλὴμ
3657 1141 3751 1196 καὶ
3787 1138 3960 1212 κύκλῳ

2328 1236 2493 1316 μέχρι
2522 1243 2619 1293 τοῦ
2677 1235 2990 1312 Ἰλλυρικοῦ
3047 1235 3389 1310 πεπλήρωκα
3417 1235 3480 1288 τὸ
3515 1231 3845 1307 ὴῦαγγὲλιον
3874 1235 3962 1287 τοῦ

2323 1332 2583 1400 Χριστοῦ,
2647 1325 2790 1384 ἀλλὰ
2845 1327 2983 1388 τὲως
3041 1324 3102 1380 οὗ
3161 1323 3326 1404 λέγῳ·
3407 1326 3481 1396 μὴ
3540 1323 3640 1378 xav
3701 1323 3852 1396 ὑμῶν
3907 1319 3960 1378 οὗ

2325 1417 2518 1494 γέγονα
2577 1417 2924 1485 ἀπόστολοςς
2985 1415 3050 1472 Εἰ
3107 1415 3210 1490 γὰρ
3271 1412 3457 1470 ἄλλων
3513 1412 3616 1468 οὐκ
3647 1411 3961 1486 εἷμὶ,ὓμῶν

2318 1506 2456 1570 τὲως
2497 1505 2629 1580 εἶμί.
2664 1505 2818 1564 Ἀλλ’
2877 1505 3030 1580 ὅμως
3062 1503 3215 1562 οὐδὲν
3275 1504 3400 1579 παρ’
3436 1504 3588 1577 ὑμῶν
3621 1501 3846 1579 εἴληφα.
3879 1500 3962 1563 Εἷς

2319 1603 2480 1654 τοῦτο
2537 1599 2642 1672 γὰρ
2702 1599 2804 1674 ὁρᾷ
2832 1597 2894 1654 τὸ
2927 1594 3270 1670 ἀποτέλεσμα
3321 1595 3492 1667 αὐτῷ.
3526 1619 3552 1646 ‹‹
3587 1594 3756 1652 ’Όθεν
3787 1589 3958 1666 φησῗν,

2321 1713 2348 1738 ‹‹
2381 1689 2443 1744 Ἠ
2477 1687 2704 1766 σφραγὶς
2735 1693 2834 1756 τῆς
2867 1685 3002 1760 ἐμῆς
3033 1683 3352 1754 ἀποστολῆς
3388 1685 3542 1756 ὑμεῖς
3563 1681 3709 1740 ἐστε.
3743 1707 3771 1734 ››
3804 1683 3961 1738 Τουτ-

567 1781 806 1837 interim
842 1795 961 1834 non
993 1779 1124 1834 dico
1153 1795 1165 1834 :
1198 1794 1398 1834 nonne
1447 1783 1640 1834 vester
1685 1777 1874 1834 factus
1907 1795 2036 1834 sum
2072 1794 2213 1850 apo-

2327 1774 2484 1846 έστιν,
2545 1776 2606 1834 Εἰ
2669 1775 2926 1852 βούλεταί
2981 1797 3064 1838 τις
3127 1781 3316 1852 μαθεῖν
3370 1773 3415 1830 εί
3468 1773 3582 1846 εἶμί
3637 1773 3962 1836 ἀπόστολος,

2332 1863 2837 1880 ........
3065 1862 3194 1880 ρης
3433 1863 3507 1880 ...
3691 1861 3960 1880 ι.-

569 1869 756 1926 stolas
780 1871 808 1924 ?
830 1891 856 1918 ι»
883 1871 1026 1924 Nam
1059 1869 1108 1924 si
1141 1867 1398 1924 aliorum
1429 1885 1548 1924 non
1583 1884 1734 1938 sum,
1759 1873 1818 1924 at
1847 1873 2039 1925 vester
2063 1869 2213 1924 inte-

565 1960 678 2016 rim
708 1975 836 2014 sum
865 1975 878 2025 ;
904 1958 1006 2014 sed
1035 1963 1232 2014 tamen
1259 1959 1408 2014 nihil
1427 1975 1462 2014 a
1481 1959 1644 2015 vobis
1665 1959 1886 2032 accepi.
1913 1961 2032 2016 Hoc
2055 1960 2214 2016 enim

565 2054 793 2121 spectat
807 2049 1099 2104 sermonis
1112 2049 1240 2120 ejus
1255 2049 1558 2105 conclusio
1575 2067 1588 2114 ;
1605 2049 1764 2106 unde
1777 2050 1860 2104 ait
1878 2067 1890 2103 :
1907 2071 1929 2100 ι
1943 2050 2212 2123 Sigillum

565 2137 932 2212 apostolatus
953 2138 1066 2193 mei
1085 2155 1184 2194 vos
1203 2139 1362 2194 estis.
1387 2161 1414 2186 ››
1435 2141 1554 2194 Hoc
1571 2143 1680 2206 est,
1701 2139 1750 2193 si
1773 2139 1893 2194 vult
1915 2139 2210 2212 quispiam

564 2243 920 2300 cognoscere
979 2227 1170 2283 simne
1219 2228 1545 2300 apostolus,
1589 2245 1690 2284 vos
1741 2229 1816 2284 ad
1874 2229 2211 2284 evidentem

563 2317 974 2392 probationem
1009 2333 1297 2391 propono.
1317 2319 1458 2373 Nam
1479 2335 1850 2392 quaecunque
1871 2318 1944 2372 ad
1975 2323 2212 2390 aposto-

2327 1867 2466 1940 ὑμᾶς
2497 1865 2572 1928 εἷς
2620 1863 2895 1936 ἀπόδειξιν
2953 1862 3368 1940 προϐάλλομαι.
3433 1863 3615 1918 Πάντα
3645 1863 3749 1938 γὰρ
3779 1861 3846 1916 τὶ
3877 1865 3963 1915 τοῦ

2327 1956 2634 2013 ἀποστόλου
2693 1956 2746 2012 ἐν
2803 1957 2930 2029 ὑμῖν
2989 1953 3371 2028 ἐπεδειξάμην,
3427 1953 3517 2009 καὶ
3575 1957 3786 2026 σημεῖα
3815 1953 3965 2020 ποι-ις-

2325 2068 2440 2114 σας,
2498 2047 2589 2101 καὶ
2651 2043 2864 2118 διδάξας
2921 2047 3020 2115 τήν
3087 2044 3290 2112 πίστιν,
3344 2043 3436 2100 καὶ
3491 2039 3784 2104 κινδύνους
3841 2040 3965 2096 ὕπο-

2325 2135 2533 2210 μείνας,
2563 2136 2652 2191 καὶ
2714 2135 2834 2211 βίον
2891 2133 3261 2206 ἀνεπίληπτον
3319 2130 3607 2206 ἐπιδείξας.
3663 2134 3850 2189 Ταῦτα
3873 2129 3961 2205 γὰρ

2319 2226 2408 2282 καὶ
2439 2227 2506 2282 τὰ
2535 2229 2756 2282 τοιαῦτα
2782 2225 3062 2304 σφραγίζει
3111 2223 3202 2280 καὶ
3253 2224 3476 2280 ἐκτυποῖ
3503 2223 3595 2278 καὶ
3627 2218 3962 2279 ἀποδεικνῦει

2317 2315 2650 2374 ἀπόστολον.

563 2407 750 2464 latum
783 2411 1075 2478 spectant,
1109 2407 1170 2462 in
1202 2406 1368 2462 vobis
1415 2407 1654 2464 exhibui
1690 2425 1702 2464 :
1737 2413 1796 2462 et
1841 2408 2006 2481 signa
2053 2407 2299 2474 faciens,
2333 2415 2392 2466 et
2431 2409 2610 2464 ﬁdem
2657 2407 2902 2474 docens,
2934 2413 2992 2464 et
3038 2405 3306 2480 pericula
3351 2405 3680 2475 sustinens,
3713 2409 3772 2460 et
3799 2403 3964 2458 vitam

566 2495 983 2552 demonstrans
1037 2496 1421 2569 inculpatum.
1481 2497 1614 2550 Hmc
1673 2496 1832 2552 enim
1886 2496 2122 2567 aliaque
2177 2497 2520 2568 hujusmodi
2579 2499 2930 2570 insigniuut,
2981 2503 3038 2553 et
3092 2497 3381 2571 eftligiant
3436 2513 3503 2552 ac
3561 2496 3967 2552 demonstrant

565 2587 920 2658 apostolum.

637 2677 782 2732 497
821 2677 916 2736 1X.
947 2677 980 2730 3
1017 2679 1070 2730 6.
1105 2678 1224 2731 Mea
1249 2679 1526 2746 responsio
1571 2678 1724 2748 apud
1749 2692 1834 2732 eos
1867 2678 1966 2747 qui
1995 2693 2078 2732 me
2117 2679 2207 2730 in-

567 2771 842 2832 terrogant
875 2767 993 2820 lure
1024 2773 1121 2820 est.
1147 2767 1350 2820 Annon
1383 2765 1638 2822 habemus
1657 2773 1982 2837 potestatem
2017 2767 2214 2820 edendi

563 2870 628 2910 ac
688 2855 962 2910 bibendi?
1021 2859 1218 2910 Annon
1276 2855 1536 2910 habemus
1597 2863 1922 2926 potestatem
1976 2871 2213 2911 sororem

567 2945 856 3000 mulierem
915 2945 1379 3006 circumdarendi.
1433 2947 1889 3016 quemadmodum
1938 2953 1988 3000 et
2034 2962 2092 2998 ea
2115 2947 2216 3000 teri

564 3034 805 3106 apostoli
835 3040 886 3088 et
914 3036 1116 3104 fratres
1163 3033 1386 3090 Domini
1415 3041 1466 3090 et
1498 3035 1703 3106 t'ephas
1725 3039 1752 3090 Σ)
1783 3037 1886 3090 Aut
1933 3033 2084 3091 solus
2115 3051 2213 3104 ego

569 3130 622 3178 et
651 3123 934 3178 Barnabas
961 3140 1071 3180 non
1101 3125 1359 3180 habemus
1383 3131 1706 3195 potestatem
1753 3141 1862 3180 non
1891 3125 2164 3195 operienda
2188 3127 2216 3180 Ρ

637 3213 809 3284 Apud
857 3228 958 3267 eos
1009 3213 1285 3270 videlicet
1333 3215 1434 3286 qui
1485 3220 1762 3286 qumrunt
1810 3216 1960 3271 scire
1992 3215 2052 3270 in
2101 3231 2218 3285 quo
2251 3217 2292 3284 α

569 3301 934 3358 ostenderim
967 3303 1134 3374 signa
1164 3303 1440 3372 apostoli,
1472 3309 1574 3360 aut
1619 3303 1776 3378 quod
1825 3305 1954 3360 sine
1987 3309 2222 3374 sumptu

575 3388 956 3459 Evangelium
989 3389 1458 3460 prmdicaverim,
1483 3409 1584 3448 vos
1623 3392 1686 3446 in
1729 3393 2136 3448 testimonium
2168 3396 2226 3447 et

579 3478 984 3534 ostensionem
1034 3493 1346 3550 pr0pono:
1397 3496 1534 3535 nam
1591 3482 1703 3538 hoc
1749 3487 1860 3548 est,
1896 3481 2054 3551 quod
2103 3483 2220 3547 ait;

579 3587 606 3615 ι(
641 3567 766 3620 Mea
795 3567 1105 3637 responsio
1136 3567 1290 3638 apud
1325 3584 1424 3622 eos
1455 3569 1554 3638 qui
1579 3585 1672 3624 me
1703 3571 2070 3644 interrogant
2098 3571 2225 3627 hinc

575 3659 685 3722 est,
721 3677 747 3704 ι»
782 3671 998 3728 nempe
1027 3656 1396 3728 apostolatus
1427 3657 1500 3714 ad
1533 3675 1632 3714 vos
1687 3659 1804 3714 sive
1839 3659 2053 3732 legatio
2089 3677 2224 3732 erga

573 3763 694 3804 vos.
727 3749 940 3804 Annon
993 3747 1306 3816 habebam,
1359 3749 1573 3821 inquit,
1607 3755 1960 3822 potestatem
2007 3745 2223 3808 edendi

572 3855 640 3896 ac
670 3837 1008 3896 bibendiab
1041 3837 1132 3892 liis
1163 3838 1264 3908 qui
1299 3838 1712 3896 docebantur?
1739 3856 1878 3896 nam
1909 3841 2020 3898 hoc
2049 3843 2220 3899 Chri—

575 3933 701 3984 stus
723 3928 926 4000 jussit.
951 3927 1062 3983 Sed
1087 3933 1286 3984 tamen
1319 3945 1388 3984 ea
1417 3947 1479 3986 re
1507 3929 1788 3990 abstinui.
1823 3947 1900 3986 ne
1931 3931 2096 3986 vobis
2127 3932 2219 3988 ul-

573 4017 698 4071 lum
731 4015 1093 4087 praeberetur
1123 4017 1570 4074 oll'endiculum.
1607 4041 1636 4069 ‹‹
1679 4023 1892 4074 Annon
1933 4021 2222 4078 habemus

575 4111 928 4179 potestatem
945 4123 1206 4162 sororem
1223 4108 1554 4164 mulierem.
1569 4144 1605 4162 .-
1622 4109 1650 4164 ‘?
1667 4133 1692 4156 υ
1707 4110 1922 4166 Divites
1941 4111 2222 4168 mulieres

575 4213 706 4267 quin
737 4193 1135 4262 crediderant,
1167 4197 1458 4267 quosdam
1491 4200 1894 4271 sequebantur
1924 4201 2219 4272 apostolo-

573 4301 730 4356 rum,
753 4285 814 4340 in
835 4285 1203 4341 necessarios
1219 4302 1421 4342 eorum
1437 4304 1578 4344 usus
1594 4291 2042 4361 suppeditantes
2057 4307 2070 4346 :
2087 4291 2222 4348 util-

573 4374 614 4430 li
634 4375 915 4446 deinceps
934 4375 1163 4444 abiecta
1177 4376 1246 4432 de
1263 4375 1372 4432 hoc
1387 4377 1928 4444 sollicitudine,soli
1948 4386 2223 4436 vacarent

573 4463 1000 4538 praedicationi.
1033 4463 1170 4520 Vide
1201 4473 1396 4520 autem
1431 4466 1588 4538 quod
1619 4469 2020 4538 apostolorum
2053 4486 2222 4542 cory-

571 4553 810 4628 phaeum
833 4570 871 4608 n
915 4553 1217 4608 vissimum
1247 4555 1462 4624 posuit,
1489 4555 1597 4610 hoc
1619 4557 1950 4626 designans.
1971 4559 2218 4629 thuid,

575 4644 1043 4716 inquitpmteros
1057 4643 1187 4698 dico
1201 4643 1438 4700 ?Annon
1459 4645 1580 4714 ipse
1595 4647 1804 4700 Petrus
1819 4647 1928 4701 hoc.
1941 4647 2223 4703 faciebat?
2253 4611 2298 4672 Β

581 4755 608 4782 ‹‹
643 4739 708 4788 bt
730 4735 943 4790 fratres
971 4733 1228 4790 Domini.
1260 4757 1278 4780 ι
1307 4733 1540 4790 Fratres
1561 4735 1794 4790 Domini
1823 4736 1964 4791 dicit
1995 4753 2096 4791 eos
2119 4739 2220 4809 qui

577 4821 789 4877 fratres
807 4825 935 4893 ejus
949 4823 1466 4888 existimabantur;
1483 4840 1619 4878 nam
1637 4825 1918 4895 quoniam
1937 4826 2018 4881 ita
2029 4827 2225 4900 appel-

577 4907 1062 4979 labantur,etiam
1077 4912 1380 4985 ipsejuxta
1393 4929 1768 4970 communem
1783 4915 2130 4986 Opinionem
2145 4916 2225 4972 lo-

579 5003 750 5053 cutus
771 5001 992 5064 est.Qui
1021 5000 1126 5056 fllii
1145 5003 1566 5076 erantJoseph,
1591 5021 1658 5058 eo
1676 5004 1835 5078 quod
1855 5005 1946 5060 hic
1969 5005 2220 5078 despon-

577 5095 806 5146 saverat
823 5090 932 5146 sibi
955 5092 1052 5146 Dei
1078 5093 1316 5150 Matrem
1345 5111 1356 5148 :
1383 5113 1594 5168 nempe
1615 5097 1864 5153 Jacobus
1888 5099 2222 5172 Hierosoly-

576 5197 812 5237 morum
829 5180 1380 5254 episcopusJoseph
1405 5185 1612 5242 eodem
1631 5203 1762 5242 cum
1783 5194 1947 5260 patre
1966 5189 2222 5261 appella~

577 5273 670 5324 tus
693 5269 954 5332 nomine,
983 5275 1040 5324 et
1061 5271 1262 5326 Simon
1285 5289 1352 5328 ac
1371 5274 1570 5330 Judas.
1596 5299 1622 5324 α
1649 5277 1764 5346 Ego
1789 5282 1846 5332 et
1867 5278 2214 5332 Barnabas.»

577 5358 780 5414 Sciens
813 5357 1138 5412 Barnabam
1169 5360 1280 5416 sibi
1305 5362 1530 5419 socium
1555 5381 1682 5420 esse
1715 5365 1774 5420 in
1798 5365 1910 5420 hoc
1935 5365 2132 5423 studio
2155 5383 2222 5422 ac

577 5447 846 5520 diligenti
878 5447 1273 5518 observantia,
1297 5459 1440 5524 puta
1468 5454 1626 5524 quod
1655 5454 1782 5510 sine
1814 5463 2054 5528 sumptu
2078 5473 2222 5530 pra:-

645 5631 667 5666 ⁸
695 5631 864 5692 Rom.
893 5649 984 5706 ιν,
1017 5633 1103 5690 ιθ.

2391 2677 2448 2730 'll
2511 2675 2617 2748 ἐμή
2678 2675 2953 2754 ἀπολογία
3037 2681 3156 2738 τοῖς
3239 2675 3338 2748 ἐμὲ
3402 2673 3786 2750 ἀνακρίνουσιν
3843 2671 3964 2742 αὕτη

2324 2763 2456 2822 ἐστι.
2523 2767 2616 2833 Μή
2673 2765 2773 2821 οὐκ
2829 2765 3030 2842 ἔχομεν
3091 2765 3330 2836 ἐξουσίαν
3391 2771 3580 2844 φαγεῖν
3642 2762 3738 2819 καὶ
3795 2765 3966 2829 πιεῑν;

2331 2856 2406 2928 μή
2475 2856 2574 2910 οὐκ
2655 2851 2857 2930 ἔχομεν
2953 2855 3194 2926 ἐξουσίαν
3293 2852 3535 2934 ἀδελφὴν
3593 2859 3825 2930 γυναῖκα
3877 2871 3966 2907 πε-

2328 2947 2556 3021 ριάγειν,
2610 2945 2683 3006 ὡς
2740 2946 2830 3000 καὶ
2889 2946 2940 3001 οἳ
3001 2946 3188 3000 λοιποί
3245 2943 3543 2999 ἀπόστολοι
3592 2943 3684 2998 καὶ
3735 2943 3786 2997 οἱ
3819 2937 3968 2996 ἀδελ-

2324 3035 2414 3112 φοὶ
2445 3040 2541 3092 τοῦ
2574 3035 2773 3110 Κυρίου
2803 3035 2891 3090 καὶ
2955 3038 3142 3110 Κηςσᾶς
3166 3037 3194 3092 ?
3251 3038 3318 3093 Ἣ
3372 3035 3536 3107 μόνος
3567 3032 3682 3108 ἐγὼ
3713 3031 3802 3087 καὶ
3837 3033 3968 3104 Βαρ-

2323 3119 2532 3194 νάϐας;
2589 3125 2688 3180 οὐκ
2756 3119 2956 3200 ἔχομεν
3017 3125 3260 3196 ἐξουσίαν
3321 3130 3419 3181 τοῦ
3480 3125 3554 3196 μὴ
3615 3121 3965 3200 ἐργάζεσθαι;

2401 3218 2533 3279 Τοῖς
2565 3221 2790 3286 ζητοῦσι
2853 3217 3038 3290 μαθεῖν
3099 3215 3264 3270 πόθεν
3318 3211 3574 3284 δηλονότι
3620 3213 3694 3268 τὰ
3717 3217 3814 3267 τοῦ
3841 3210 3967 3265 ἀπο-

2329 3304 2530 3360 στόλου
2561 3309 2764 3377 σημεῖα
2796 3301 3171 3378 ἐπεδειξάμην,
3231 3303 3266 3374 ἢ
3326 3301 3408 3360 ὅτι
3441 3299 3717 3358 ἀδάπανον
3751 3299 3965 3374 ἐκήρυεα

2329 3394 2391 3448 τὸ
2451 3391 2812 3471 Εὐαγγέλιον,
2876 3395 3016 3466 ὑμᾶς
3074 3393 3148 3456 είς
3211 3393 3507 3467 μαρτυρίαν
3562 3391 3654 3446 καὶ
3705 3387 3962 3461 ἀποδειξιν

2329 3479 2745 3558 προϐάλλομαι.
2805 3485 2980 3541 Τοῦτο
3039 3483 3144 3558 γάρ
3199 3483 3360 3550 ἐστιν,
3392 3505 3420 3534 ι(
3451 3483 3514 3540 Ἦ
3545 3481 3652 3548 ἐιαῆ
3689 3478 3964 3552 ,ἀπολογία

2326 3577 2443 3634 τοῖς
2493 3572 2589 3646 ἐμὲ
2647 3573 3013 3648 ἀνακρίνουσιν
3069 3572 3202 3644 αὕτη
3257 3571 3368 3627 ἐστί
3399 3597 3426 3624 ›ι
3459 3571 3760 3640 τουτέστιν,
3791 3570 3856 3626 Ἡ
3899 3567 3966 3628 εἷς

2333 3662 2469 3734 ὑμᾶς
2499 3661 2804 3732 ἀποστολή.
2865 3661 2979 3720 Οὐκ
3035 3663 3214 3738 εἶχον,
3269 3661 3450 3740 φησὶν,
3513 3659 3755 3734 ἐξουσίαν
3795 3661 3962 3737 φαγεῖν

2329 3751 2422 3805 καὶ
2455 3757 2595 3806 πιεῖν
2635 3750 2696 3806 ἐκ
2722 3756 2828 3806 τῶν
2885 3749 3332 3826 μαθητευομένων
3359 3769 3372 3819 ;
3423 3753 3599 3807 Τοῦτο
3647 3750 3758 3826 γὰρ
3791 3749 3818 3803 ὁ
3849 3749 3968 3820 Χρι-

2333 3840 2460 3903 στὸς
2491 3839 2788 3896 ἐκέλευσεν.
2840 3839 2999 3897 Ἀλλ’
3060 3841 3213 3912 ὅμως
3263 3840 3460 3894 τούτου
3515 3837 3866 3914 ἀπεσχόμην,
3894 3831 3972 3890 διδ.

2329 3931 2392 3985 τὸ
2427 3931 2502 4003 μὴ
2553 3927 3012 4000 σκανδαλισθῆναι
3067 3931 3226 4002 ὑμᾶς.
3283 3955 3310 3982 (ι
3342 3930 3434 3998 Μή
3467 3927 3566 3984 οὐκ
3597 3925 3806 4004 ἔχομεν
3835 3925 3970 3996 ἐξου-

2331 4019 2442 4074 σίαν
2499 4016 2740 4094 ἀδελφὴν
2800 4024 3070 4096 γυναῖκα;
3106 4043 3134 4070 »
3189 4020 3258 4077 Αἱ
3313 4016 3540 4094 εὔποροι
3595 4023 3843 4095 γυναῖκες
3887 4035 3966 4068 πι-

2329 4109 2631 4175 στεύουσαι,
2686 4107 3028 4178 ἠκολούθουν
3085 4109 3250 4173 ἐνίοις
3334 4113 3441 4164 τῶν
3497 4105 3844 4174 ἀποστόλων,
3897 4102 3962 4164 εἷς

2329 4199 2422 4261 τὶς
2478 4197 2762 4274 ἀναγκαίας
2813 4197 2989 4255 αὐτῶν
3037 4199 3229 4273 χρείας
3277 4201 3644 4275 χορηγοῦσαιο
3680 4195 3758 4258 ὡς
3787 4191 3966 4250 αὐτου(

2329 4289 2522 4346 λοιπὸν
2554 4287 2712 4352 ὄντας
2743 4289 2866 4366 περὶ
2897 4290 3097 4344 τούτου
3127 4289 3485 4364 ἀμερίμνους,
3523 4287 3673 4362 μόνῳ
3701 4292 3782 4358 τῷ
3811 4281 3966 4357 κηρύ-

2325 4401 2494 4456 γματι
2529 4377 2983 4455 ἀπασχολεῖσοαι.
3007 4383 3142 4455 Ὅρα
3173 4377 3230 4435 δὲ
3259 4381 3341 4436 ὃτι
3363 4381 3457 4436 τὸν
3487 4383 3786 4454 κορυφαῖον
3816 4370 3964 4448 ἔσχα-

2325 4491 2416 4526 τον
2449 4471 2654 4533 τὲοεικε
2683 4475 2844 4525 τοῦτο
2873 4469 3266 4542 αἰνιττόμενος·
3301 4469 3402 4528 Καὶ
3433 4471 3508 4536 τί,
3541 4468 3695 4546 φησὶ,
3727 4466 3852 4528 τοὺς
3883 4461 3967 4518 ἀλ-

2330 4559 2460 4622 λους
2492 4557 2679 4638 λέγω;
2713 4560 2870 4622 αὐτὸς
2905 4561 2932 4614 ὁ
2967 4559 3166 4635 Πέτρος
3197 4559 3259 4614 οὐ
3291 4565 3451 4618 τοῦτο
3483 4560 3654 4614 ἐποίει
3681 4578 3696 4626 ς
3729 4583 3756 4610 ιι
3791 4556 3886 4614 Καὶ
3917 4552 3964 4608 οἱ

2329 4647 2558 4726 ἀδελφοὶ
2589 4655 2684 4705 τοῦ
2719 4649 2941 4726 Κυρίου.
2973 4675 2998 4700 ››
3032 4649 3326 4726 Ἀδελφοὺς
3353 4655 3450 4706 τοῦ
3484 4649 3711 4721 Κυρίου,
3731 4647 3856 4710 τοὺς
3883 4663 3962 4697 νο·

2337 4737 2618 4811 μισοέντας
2645 4737 2912 4816 ἀδελφοὺς
2969 4740 3132 4796 auito:
3189 4739 3357 4814 λέγει.
3415 4737 3638 4808 Ἐπειδὴ
3671 4740 3774 4815 γάρ
3803 4737 3962 4796 οὕτως

2332 4827 2731 4908 ἐχρημάτιζον,
2762 4831 2854 4884 καὶ
2885 4829 3044 4892 αὐτὸς
3075 4829 3210 4886 κατὰ
3255 4831 3354 4900 τήν
3401 4833 3589 4900 κοινήν
3623 4827 3779 4903 δόξαν
3809 4831 3963 4883 εἶπεν.

2333 4915 2548 4978 Οἶτινὲς
2582 4917 2712 4973 εἰσιν
2765 4917 2874 4974 υἱοὶ
2923 4919 3147 4994 Ἰωσὴφ,
3201 4915 3290 4974 διὰ
3342 4920 3441 4988 τὴν
3487 4919 3623 4992 πρὸς
3655 4919 3752 4986 τήν
3783 4911 3964 4974 Θεοτό-

2329 5027 2424 5060 κον
2492 5008 2802 5080 μνηστείαν,
2864 5003 3122 5072 Ἰάκωόος
3203 5007 3497 5072 ἐπίσκοπος
3553 5007 3962 5082 Ἱεροσολύμων,

2331 5095 2533 5173 Ἰωσήφ
2593 5098 2888 5170 ὁμώνυμος
2942 5103 3022 5172 τῷ
3091 5097 3275 5169 πατρὶ,
3349 5100 3538 5170 Σίμων
3612 5099 3702 5154 καὶ
3753 5091 3962 5156 Ἰούδας.

2333 5211 2360 5238 ‹‹
2391 5187 2536 5262 Ἐγὼ
2568 5189 2656 5242 καὶ
2692 5181 2995 5262 Βαρνάϐας.
3039 5211 3068 5240 ››
3119 5185 3294 5252 Εἰδὼς
3341 5189 3432 5247 τὸν
3467 5183 3746 5266 Βαρνάϐαν
3777 5205 3962 5242 noua)-

2330 5281 2532 5332 νοῦντα
2593 5277 2735 5348 αὐτῷ
2791 5285 2891 5346 τῆς
2949 5274 3222 5353 ἀκριϐείας
3275 5279 3498 5352 ταύτης,
3560 5282 3731 5358 ἤγουν
3763 5280 3823 5334 τὸ
3853 5279 3964 5332 ἀνευ

2332 5362 2574 5438 δαπάνης
2627 5365 2936 5442 κηρύττειν,
2995 5369 3082 5422 καὶ
3169 5391 3230 5446 γε
3303 5367 3546 5444 ἐξουσίαν
3601 5368 3746 5450 ἔχων
3805 5369 3966 5424 ποιεῖν

2331 5453 2524 5524 οὕτως,
2585 5454 2682 5510 οὐκ
2739 5455 3053 5531 ἀπέκρυψεν.
3115 5482 3143 5512 ‹‹
3202 5457 3312 5514 Οὐκ
3371 5455 3562 5534 ἕχουεν
3621 5459 3853 5532 ἐξουσίαν
3879 5458 3968 5512 τοῦ

2953 2855 3194 2926 ἐξουσίαν
