4198 6200
293 338 411 398 757

1283 336 1693 399 COMMENT.
1738 336 1816 396 IN
1863 336 2113 399 EPIST.
2160 341 2184 401 Ι
2229 340 2332 401 AD
2375 341 2739 403 CORINTH.

3595 347 3630 402 '1
3637 345 3727 409 58,.

296 470 374 541 μὴ
405 467 722 543 ἐργάζεσθαι
748 484 763 535 ;
788 488 817 521 ››
847 468 959 524 Τοῦ
988 469 1056 523 τὲ
1075 468 1213 540 πρὸς
1241 468 1451 546 τροιρὴν
1482 467 1575 525 καὶ
1625 467 1934 546 αὖτάρκειαι

2062 472 2308 541 dicaret,
2342 490 2477 531 cum
2505 478 2862 547 potestatem
2892 474 3142 531 haberet
3164 475 3248 529 ita
3276 475 3555 543 faciendi,
3587 493 3709 533 non

291 557 400 614 ἀπὸ
430 560 529 612 τοῦ
558 556 913 635 κηρύγματος
957 556 1271 633 πορίζεσθαι
1303 579 1317 627 ;
1372 557 1501 615 ἀλλ’
1540 561 1693 634 ὅμως
1723 557 1942 634 ἔχοντες

289 648 555 718 ἐξουσίαν,
588 647 651 701 οὐ
706 648 973 726 χρώμεθα
1001 651 1069 718 τῇ
1117 647 1353 719 ἐξουσίᾳ,
1385 648 1475 703 ἳνα
1527 648 1740 720 μιλΛον
1801 652 1941 722 ὑμᾶς

291 736 695 813 ὡφελῆσωμεν,
727 731 996 792 ἀδάπανον
1051 737 1413 810 κηρύσσοντες
1468 737 1529 791 τό
1591 736 1938 816 Εὖαγγέλιον.

287 825 358 885 E‘,
388 823 446 882 δὲ
473 829 635 880 τοῦτο
679 823 874 893 δῆλον,
908 824 991 882 ὅτι
1025 825 1068 880 ε’
1102 826 1191 881 καὶ
1224 823 1470 901 συνῄδειν
1510 824 1944 902 σκινδαλιζομὲ-

287 937 415 977 von;
449 915 593 986 ὑμᾶς
634 910 811 969 ἕνεκεν
867 915 1234 997 κρεοφαγίας,
1282 914 1462 970 καίτοι
1521 916 1805 971 ἀκώλυτον
1862 917 1940 985 ὃν,

287 1004 389 1061 οὐκ
444 1002 503 1059 ἂν
555 1002 752 1083 ἔνραγον
812 1004 888 1065 εἰς
954 999 1285 1075 τὸνάἶῶνα,
1341 1005 1432 1061 ἳνα
1492 1007 1568 1079 μὴ
1637 1003 1941 1062 σκανδάλου

284 1095 547 1169 πρόξενος
596 1093 863 1171 γενοίμην
946 1099 1027 1166 τῷ
1079 1091 1318 1170 ἀδελφῷ·
1379 1097 1534 1169 πόσῳ
1584 1096 1798 1169 μᾶλλον
1861 1092 1944 1151 δεῖ

284 1181 645 1263 φνλάττεσθαι
682 1182 825 1256 ὑμᾶς
882 1183 988 1240 ἀπὸ
1044 1188 1150 1240 τῶν
1208 1180 1588 1248 εἰδωλοθύτων
1626 1205 1640 1255 ;
1673 1182 1742 1242 δι’
1771 1185 1844 1240 ὧν
1878 1184 1940 1240 οὗ

288 1272 455 1347 μόνον
484 1273 536 1328 οἱ
570 1269 794 1349 ἀδελροῖ
847 1270 1320 1346 σκανδαλίζονται,
1352 1272 1497 1329 ἀ).λά
1527 1275 1614 1329 καὶ
1666 1275 1760 1337 τὰς
1816 1295 1943 1331 συν-

283 1361 523 1435 ειδήσεις
558 1362 876 1435 μολύνουσι.
915 1364 992 1420 Τὸ
1027 1360 1108 1432 δὲ,
1147 1388 1167 1415 α
1203 1364 1275 1420 "H
1312 1364 1478 1438 μόνος
1508 1362 1619 1439 ἐγὼ
1674 1363 1766 1419 καὶ
1800 1367 1937 1440 Βαρ-

279 1447 446 1513 νάϐας
487 1452 586 1508 ούκ
643 1450 844 1526 ἔχομεν
908 1452 1149 1523 ἐξουσίαν
1205 1457 1304 1507 τοῦ
1366 1454 1442 1527 μή
1501 1452 1815 1528 ἐργάζεσθαι
1859 1473 1873 1524 ;
1911 1478 1935 1507 ιι

280 1539 610 1618 οἷκειότερῦν
640 1539 750 1596 ἐστι
780 1548 882 1613 τῆς
939 1539 1137 1612 λέξεως
1197 1542 1376 1606 οὕτως
1436 1538 1705 1598 ἐκλαϐεῖν·
1740 1544 1807 1601 Οἱ
1842 1546 1936 1617 μὲν

282 1631 377 1687 οὗν
435 1629 620 1701 ἀλλοι,
680 1630 865 1706 φησὶν,
921 1630 1242 1699 ἀπόστολοι,
1310 1632 1549 1706 ὲξοτσίαν
1608 1628 1799 1713 ἔχουσι
1859 1636 1935 1708 μή

283 1720 627 1796 ἰργάζεσῦαι,
683 1717 825 1794 μηδὲ
871 1725 1069 1792 κοπιᾷν
1118 1727 1238 1785 ταῖς
1291 1723 1502 1797 χερσὶν,
1561 1721 1691 1778 ἀλλ’
1734 1722 1794 1779 ἐκ
1833 1727 1939 1779 τῶν

2051 562 2387 618 occultavit.
2423 586 2450 611 ‹‹
2500 565 2626 618 Non
2675 562 2964 620 habemus
3008 567 3360 634 potestatem
3408 566 3705 634 non'ope-

2049 651 2271 708 randi?
2301 673 2327 700 .›
2373 653 2488 707 Hoc
2514 658 2620 714 est.
2655 659 2719 705 ut
2748 668 2782 706 τι
2815 652 3231 722 prmdicatione
3254 651 3706 722 suppeditaren‘

2051 747 2137 795 tu:
2204 742 2380 797 nobis
2410 759 2542 814 qum
2575 740 2648 795 ad
2697 750 2909 797 Victum
2946 740 3291 795 sufﬁcerent
3321 738 3348 794 ζ)
3367 740 3468 794 sed
3503 747 3727 799 tamen,

2051 848 2185 887 cum
2221 831 2395 886 talem
2422 831 2777 886 haberemus
2805 837 3175 903 potestatem,
3211 846 3328 884 non
3373 847 3577 884 sumus
3607 831 3699 886 usi

2049 927 2342 993 potestate
2396 926 2462 976 ut
2508 920 2696 993 magis
2742 937 2843 975 vos
2893 920 3259 990 juvaremus,
3320 918 3699 990 Evangelium

2052 1010 2179 1064 sine
2204 1016 2445 1081 sumptu
2476 1010 2886 1081 praedicantes.
2909 1008 3074 1074 Quod
3107 1009 3153 1061 si
3182 1009 3289 1062 hoc
3322 1012 3404 1061 ita
3429 1013 3536 1073 est,
3571 1023 3696 1062 rua-

2049 1097 2331 1155 nifestum
2357 1106 2447 1154 est
2471 1097 2629 1170 quod
2663 1097 2710 1153 si
2743 1115 2842 1153 vos
2876 1098 3269 1163 intelliget-em
3327 1112 3562 1150 sumere
3622 1095 3702 1152 of-

2047 1186 2412 1244 fendiculum
2443 1188 2516 1243 ob
2550 1203 2713 1243 esum
2744 1187 3034 1243 carnium.
3070 1185 3167 1258 qui
3213 1191 3413 1241 tamen
3461 1202 3580 1241 non
3612 1190 3704 1240 est

2047 1279 2405 1350 prohibitus,
2449 1294 2827 1351 nequaquam
2862 1277 2947 1331 eis
2977 1292 3247 1331 vescerer
3290 1275 3351 1330 in
3410 1280 3700 1331 aeternum

2048 1366 2215 1424 fratri
2240 1385 2417 1425 causa
2441 1369 2641 1423 fierem
2666 1367 3044 1423 olTeudiculi:
3071 1371 3294 1436 quanto
3321 1366 3503 1439 magis
3524 1365 3702 1421 absti-

2048 1476 2190 1515 nere
2219 1475 2320 1513 vos
2350 1462 2583 1529 oportet
2613 1456 2685 1510 ab
2718 1456 2810 1510 liis
2837 1473 2969 1526 qua:
2995 1462 3134 1511 sunt
3166 1454 3339 1509 idolis
3365 1454 3694 1521 immolata,

2048 1548 2201 1603 498
2234 1564 2340 1619 per
2368 1563 2499 1617 quae
2524 1563 2643 1601 non
2672 1545 2861 1600 solum
2888 1546 3099 1600 fratres
3132 1543 3556 1600 olfendiculum
3589 1561 3695 1615 pa-

2048 1637 2297 1704 tiuntur,
2330 1636 2432 1691 sed
2464 1641 2519 1691 et
2551 1634 2946 1691 conscientias
2969 1632 3475 1704 polluuut?Quod
3496 1638 3693 1687 tamen

2047 1727 2161 1782 ait:
2183 1747 2208 1776 ιι
2231 1725 2519 1781 Autsolus
2541 1741 2645 1797 ego
2671 1730 2727 1778 et
2749 1721 3045 1778 Barnabas
3066 1738 3186 1776 non
3201 1720 3485 1776 habemus
3504 1727 3695 1792 potes-

284 1806 679 1866 διακονούντων
723 1809 908 1872 αὐτοῖς
961 1812 1264 1887 τρέφεσθαι·
1308 1811 1418 1890 ἐγὼ
1468 1810 1526 1867 δὲ
1582 1812 1673 1868 καὶ
1730 1814 1931 1889 Βαρνάο

2047 1821 2226 1872 tatem
2244 1832 2365 1872 non
2387 1812 2981 1888 operandi.»propius
3002 1811 3075 1867 ad
3093 1810 3428 1866 verbumita
3440 1810 3697 1880 accipia-

283 1895 407 1967 ϐας,
455 1900 531 1962 ὡς
589 1899 853 1980 ιραίνεται,
905 1900 1092 1977 φησὶν,
1154 1899 1253 1956 οὐκ
1306 1896 1508 1977 ἔχομεν
1560 1900 1800 1972 ἐξουσίαν
1859 1904 1936 1976 μὴ

282 1988 624 2063 ὶργάζεσθαι,
658 1988 785 2046 ἀλλ’
838 1988 1042 2066 ἀνάγκῃ
1074 1994 1193 2053 ταῖς
1251 1991 1409 2066 χερσὶ
1461 1995 1794 2060 κοπιῶντας,
1841 1990 1935 2047 οὕ-

280 2098 392 2141 τως
449 2078 659 2143 ἑαυτοῖς
711 2078 781 2134 τά
840 2079 977 2154 πρὸς
1030 2079 1131 2147 τὴν
1181 2079 1463 2156 ἀναγκαίαν
1523 2079 1713 2159 χρείαν
1768 2080 1932 2157 ἐπαρ-

278 2185 396 2222 κιιν
436 2186 451 2236 ;

1250 2229 1284 2244 ’δ

338 2448 435 2512 Τίς
501 2451 852 2526 στρατεύεται
908 2450 1070 2516 ἰδίοις
1130 2455 1394 2528 ὀψωνίοις
1451 2456 1630 2524 uoti;
1686 2457 1772 2519 τίς
1829 2478 1926 2534 φο-

274 2538 415 2596 νιύει
467 2538 792 2612 ἀμπελῶνα,
870 2541 961 2598 καὶ
1052 2541 1112 2599 ἐκ
1189 2548 1287 2599 τοῦ
1334 2549 1547 2619 καρποῦ
1602 2545 1770 2603 αύτοῦ
1827 2548 1930 2604 οὐκ

273 2624 554 2699 ἔσθίει;ἣ
613 2631 698 2692 τίς
753 2634 1037 2705 ποιμαίνει
1094 2634 1353 2707 ποίμνῃν,
1412 2636 1503 2690 καὶ
1561 2635 1621 2691 ἐκ
1673 2641 1773 2692 τοῦ
1823 2637 1923 2714 γά-

265 2714 479 2779 λακτος
509 2726 611 2788 τῆς
640 2720 882 2794 ποίμνης
913 2723 1021 2777 ούκ
1048 2722 1211 2779 ἐσθίει
1243 2742 1256 2793 ;

342 2807 462 2876 Τίς,
522 2810 676 2886 φησὶ,
728 2812 1173 2886 στρατευόμενος.
1234 2812 1448 2878 θ”κοθεν
1502 2814 1774 2894 τρὲφεται.
1834 2816 1923 2875 καὶ

272 2897 377 2954 οὐκ
431 2896 492 2952 ἐκ
546 2906 645 2966 τῆς
706 2899 1028 2973 στρατείας;
1085 2901 1176 2957 καὶ
1235 2907 1396 2958 τοῦτο
1453 2903 1624 2982 λέγει,
1687 2901 1924 2965 «Ἱδίοις

272 2985 555 3060 ὀψωνίοις.
595 3012 622 3039 ιι
661 2986 853 3052 Καλῶς
910 2986 968 3045 δὲ
994 2990 1056 3045 τὸ
1112 2995 1209 3046 τοῦ
1268 2992 1606 3067 στρατιώτου
1654 2993 1918 3068 πρότερον

271 3078 496 3134 τέθεικε.
533 3080 717 3136 Τοῦτο
746 3079 848 3155 γὰρ
908 3078 1172 3155 ἁρμόδιον
1200 3084 1268 3155 τῇ
1310 3081 1593 3155 ἀποστολῇ
1653 3080 1743 3139 διὰ
1799 3082 1925 3148 τοὺς

272 3164 324 3222 ἐν
374 3166 516 3242 αὐτῇ
573 3166 874 3239 κινδύνους,
931 3170 1021 3225 καὶ
1086 3171 1178 3226 τὸν
1240 3170 1487 3247 πόλεμον
1542 3178 1650 3229 τῶν
1707 3176 1918 3241 νοητῶν

2045 1902 2821 1977 tur:ltaque,inquit,caeteri
2837 1900 3085 1973 apostoli
3108 1903 3458 1971 potestatem
3473 1898 3697 1954 habent

2046 2012 2168 2052 non
2193 1994 2478 2067 operandi
2502 2009 2694 2064 neque
2712 1990 3020 2047 laborandi
3042 1987 3698 2055 manibus,sedutalan-

2043 2092 2141 2142 tur
2171 2102 2241 2142 ex
2256 2085 2348 2141 his
2362 2101 2492 2156 qua;
2508 2084 2619 2139 sibi
2641 2082 3057 2138 ministrantur
3080 2097 3093 2145 ;
3121 2095 3225 2152 ego
3242 2095 3378 2134 vero
3404 2078 3697 2134 etBarna-

2041 2176 2242 2242 bas,ut
2260 2179 2525 2247 apparet,
2546 2190 2668 2227 non
2700 2170 2987 2227 habemus
3023 2172 3379 2242 potestatem
3406 2183 3528 2222 non
3550 2183 3692 2241 ope-

2041 2264 2343 2333 randi,sed
2363 2261 2766 2319 necessarium
2781 2257 3233 2315 estutmanibus
3246 2256 3697 2324 laborantes,ita

2040 2357 2213 2415 nobis
2237 2354 2685 2428 suppeditemus
2708 2369 2839 2425 quae
2861 2351 2935 2407 ad
2952 2368 3125 2407 usum
3149 2354 3289 2406 sunt
3317 2348 3692 2404 necessaria?

2112 2447 2203 2514 1X,
2238 2451 2288 2503 7.
2341 2444 2472 2511 Quis
2528 2444 2733 2499 militat
2784 2441 2898 2498 suis
2925 2440 3165 2498 obsoniis
3203 2456 3446 2512 unquam
3476 2438 3505 2494 ?
3560 2440 3689 2505 Quis

2030 2539 2258 2611 plantat
2288 2537 2502 2592 vineam
2532 2541 2581 2589 et
2611 2534 2677 2590 de
2703 2535 2896 2600 fructu
2925 2531 3043 2602 ejus
3070 2546 3182 2586 non
3212 2530 3383 2587 edit?
3411 2530 3516 2586 Aut
3565 2531 3688 2600 quis

2030 2630 2213 2701 pascit
2241 2642 2479 2697 gregem,
2509 2631 2560 2680 et
2588 2625 2655 2679 de
2685 2623 2825 2680 lacte
2849 2622 3036 2693 gregis
3073 2636 3182 2675 non
3212 2620 3327 2675 edit
3356 2621 3384 2672 ?

2106 2808 2267 2875 Quis,
2290 2807 2506 2878 inquit,
2544 2804 2718 2861 miles
2758 2802 2990 2859 adomo
3023 2816 3130 2856 sua
3151 2799 3332 2854 alitur
3372 2802 3430 2852 et
3459 2812 3580 2852 non
3612 2812 3685 2852 ex

2035 2897 2296 2955 militia?
2326 2899 2395 2952 Et
2446 2897 2560 2951 hoc
2615 2899 2705 2948 est
2757 2890 2916 2964 quod
2944 2891 3028 2945 ait
3063 2906 3076 2944 :
3117 2912 3136 2935 α
3174 2888 3305 2943 Suis
3339 2884 3623 2941 obsoniis.
3653 2905 3682 2935 »

2034 2990 2190 3045 Bene
2221 2992 2418 3043 autem
2455 2983 2661 3039 militis
2692 2981 3033 3053 exemplum
3070 2979 3235 3051 prius
3268 2976 3509 3049 posuit:
3546 2991 3684 3030 nam

2033 3077 2094 3132 id
2125 3082 2328 3148 aptum
2361 3078 2451 3129 est
2487 3069 2845 3144 apostolatui
2887 3073 3130 3140 propter
3178 3083 3246 3122 ea
3296 3082 3428 3136 qum
3462 3066 3523 3121 in
3555 3064 3683 3137 ipso

2035 3160 2752 3237 suntpericulaetbellum
2767 3154 3682 3214 intellectualiuminimicorum.

276 3219 313 3222 νγ
575 3219 874 3239 πρητητ,
933 3219 1020 3225 ν-ν-
1096 3219 1171 3226 -νν
1246 3219 1481 3247 --η--ι-ην
1552 3219 1644 3229 --——
1718 3219 1916 3241 -ν-.--η

268 3254 503 3330 ἰχθρῶν.
566 3280 594 3309 ‹‹
624 3258 715 3320 Τίς
774 3257 990 3336 φυτεύει
1046 3259 1348 3331 ἀμπελῶνα
1379 3279 1394 3329 ;
1428 3283 1455 3313 ››
1511 3263 1692 3319 Ταῦτα
1743 3261 1916 3317 πάντα

2046 3278 2062 3305 η‹
2080 3255 2218 3319 Quis
2248 3252 2480 3325 plantat
2498 3250 2733 3305 vineam
2753 3248 2782 3304 ‘2
2797 3273 2822 3295 υ
2838 3249 2971 3304 Haec
2985 3247 3187 3303 omnia
3204 3262 3368 3301 exem
3379 3242 3475 3317 pla
3487 3249 3683 3300 osten-

267 3344 334 3400 τὰ
383 3343 821 3424 παραδείγματα⁴
885 3345 1121 3405 δείκνυσι
1179 3352 1383 3426 χρῆναι
1433 3353 1525 3405 τὸν
1584 3347 1913 3407 διδάσκαλον

267 3432 330 3490 ἐκ
358 3439 466 3490 τῶν
513 3437 964 3510 μαθητευομὲνων
1019 3439 1232 3507 ἐσθίειν,
1267 3439 1446 3513 ὥσπερ
1504 3441 1597 3496 τὸν
1647 3439 1918 3514 στρατιώ-

271 3544 371 3594 την
428 3521 487 3578 ἐκ
542 3531 641 3593 τῆς
697 3526 1000 3601 στρατείας.
1058 3526 1147 3582 καὶ
1212 3529 1303 3582 τὶν
1360 3527 1694 3607 φυτεύσαντα
1749 3528 1924 3602 ἀμπεο

269 3610 422 3668 λῶνα
452 3610 513 3669 ix
539 3618 635 3668 τοῦ
675 3619 886 3686 καρποῦ
943 3615 1130 3681 αὐτοῦ,
1182 3616 1273 3670 καὶ
1324 3618 1417 3672 τὸν
1446 3618 1682 3688 ποιμένα
1737 3615 1799 3671 ἐκ
1824 3616 1922 3671 τοῦ

272 3708 374 3771 τῆς
405 3701 640 3777 ποίμνης
696 3703 991 3780 γάλακτος.
1044 3701 1205 3760 Ἀλλ’
1234 3704 1410 3778 ὅμως,
1470 3706 1625 3783 φησὶ,
1681 3706 1771 3761 καὶ
1826 3710 1923 3761 τοῦ

276 3787 489 3847 δικαίου
517 3796 682 3847 τοῦτο
717 3792 1082 3870 βουλομένοτ,
1130 3795 1217 3849 καὶ
1257 3800 1354 3850 τοῦ
1388 3795 1586 3870 Κυρίου
1644 3794 1928 3850 κελεύσαν-

274 3902 395 3950 τος,
418 3879 526 3955 ἐγὼ
553 3878 844 3944 ἀδαπάνως
877 3882 1005 3954 ὑμῖν
1062 3882 1315 3955 ἐκήρυξα,
1344 3885 1436 3941 ἳνα
1470 3886 1543 3957 μή
1600 3905 1720 3941 τινα
1772 3906 1929 3941 σκαν-

276 3967 508 4027 δαλίσω.
565 3970 712 4045 Ἐγὼ
791 3977 1077 4046 τοιγαροῦν
1138 3975 1228 4029 καὶ
1291 3979 1397 4029 τῶν
1450 3973 1928 4051 ἐπιτετραμμὲνων

277 4060 631 4139 ἀπεσχόμην,
664 4057 753 4116 διὰ
816 4063 916 4129 τη)
974 4060 1232 4133 ὑμετέραν
1289 4061 1612 4135 οἰκοδομήν.
1657 4066 1837 4139 Ὑμεῖς
1874 4062 1932 4119 δε

276 4145 401 4203 οὐδὲ
444 4145 826 4204 εἰδωλοθύτων
854 4148 1118 4224 ἀπέχεσθε
1146 4145 1236 4204 διὰ
1265 4151 1328 4205 τὸ
1358 4153 1434 4223 μὴ
1487 4151 1749 4227 βλάπτειν
1806 4151 1935 4215 τοὺς

277 4233 565 4316 ἀδελφούς.
623 4238 796 4296 Οὗτος
848 4237 952 4312 γάρ
984 4238 1013 4294 6
1040 4239 1244 4301 σκοπός
1276 4237 1419 4294 ἐστιν
1475 4239 1624 4312 αὐτῷ
1665 4241 1743 4303 εἶς
1801 4239 1932 4297 ὅλον

275 4329 438 4382 τοῦτο
482 4327 547 4381 τὸ
608 4326 839 4403 χωρίον.
896 4351 926 4380 ι(
977 4327 1070 4391 Τίς
1120 4326 1335 4407 φυτεύει
1395 4327 1698 4403 ἀμπελῶνα
1730 4346 1745 4396 ;
1779 4352 1808 4380 ››
1841 4329 1937 4385 Ἐκ

275 4417 376 4471 τοῦ
426 4416 780 4490 ἀμπελῶνος,
840 4417 933 4472 τὸν
988 4416 1040 4473 ἐν
1071 4420 1140 4491 τῇ
1171 4416 1462 4482 ἀποστολῆ
1520 4416 1685 4473 πόνον
1746 4414 1932 4485 δηλοῖ.

285 4526 308 4557 ε
342 4505 411 4561 Ἥ
474 4505 558 4567 τίς
612 4504 895 4578 ποιμαίνει
953 4505 1258 4580 ποίμνηνς
1310 4530 1340 4557 »
1394 4506 1492 4564 Διά
1545 4508 1645 4574 τῆς
1698 4507 1939 4577 ποίμνης

2024 3345 2176 3401 dunt
2202 3347 2475 3415 Oportere
2535 3336 3066 3412 prmoeptoremfali
3089 3335 3161 3392 ab
3203 3335 3296 3391 his
3329 3334 3428 3407 qui
3462 3332 3678 3391 docen.

2026 3441 2142 3494 tur.
2175 3429 2677 3504 quemadmodum
2718 3426 2969 3482 militem
3015 3444 3085 3482 ex
3128 3425 3365 3487 militia,
3416 3428 3475 3479 et
3503 3421 3675 3478 illum

2027 3525 2127 3598 qui
2154 3520 2691 3595 plantavitvineam
2724 3534 2795 3573 ex
2826 3516 2987 3573 illius
3008 3516 3224 3579 fructu,
3255 3519 3673 3587 pastoremque

2030 3632 2062 3672 e
2092 3614 2245 3669 lacte
2274 3611 2485 3684 gregis.
2520 3611 2590 3664 Et
2620 3615 2817 3664 tamen
2848 3622 3191 3680 quanquam
3225 3611 3276 3660 et
3301 3605 3673 3676 mquitastin-

2031 3704 2179 3778 quit,
2220 3702 2333 3757 hoc
2384 3700 2668 3769 requirat,
2703 3704 2760 3754 et
2812 3697 3097 3753 Dominus
3156 3696 3239 3751 ita
3261 3695 3533 3765 jusserit,
3568 3708 3672 3762 ego

2033 3794 2160 3849 sine
2183 3796 2424 3861 sumptu
2445 3788 2609 3843 vobis
2634 3786 2963 3859 prmdicavi.
2988 3802 3063 3840 ne
3086 3800 3274 3838 essem
3299 3782 3461 3836 vobis
3495 3781 3678 3836 oﬂ'en-

2034 3881 2252 3937 diculo.
2286 3881 2399 3955 Ego
2433 3880 2487 3952 ig
2514 3884 2610 3932 tur
2639 3877 2813 3931 etiam
2846 3874 2918 3929 ab
2956 3875 3048 3927 his
3078 3871 3337 3927 abstinui
3363 3888 3494 3941 quae
3524 3885 3678 3926 con-

2035 3987 2202 4028 cessa
2232 3976 2423 4035 erant,
2457 3973 2697 4039 propter
2746 3970 2999 4017 vestram
3026 3960 3482 4016 a‘diﬁcationem
3516 3978 3530 4015 :
3581 3976 3682 4015 vos

2037 4067 2235 4118 autem
2252 4074 2443 4130 neque
2460 4056 2531 4110 ab
2557 4054 2793 4125 hisque)
2820 4050 2992 4106 idolis
3016 4049 3324 4106 immolata
3346 4055 3486 4104 sunt
3507 4047 3686 4105 absti-

2037 4152 2212 4211 netis.
2234 4166 2309 4206 ne
2325 4146 2607 4206 fratribus
2635 4147 3062 4200 nocumentum
3086 4141 3373 4199 inferatis.
3396 4142 3539 4198 Nam
3569 4146 3690 4196 tota

2038 4241 2151 4297 hac
2184 4245 2349 4312 parte
2400 4236 2497 4292 hic
2547 4235 2678 4306 ejus
2729 4249 2943 4305 scopus
2976 4237 3083 4287 est.
3125 4255 3144 4279 ιι
3173 4232 3313 4297 Quis
3347 4231 3577 4309 ριωηειι
3605 4230 3691 4285 vi-

2042 4342 2217 4383 neam
2239 4324 2313 4380 τι»
2345 4326 2457 4378 Per
2486 4322 2717 4377 vineam
2741 4320 3039 4394 signiﬁcat
3085 4318 3347 4374 laborem
3376 4318 3476 4389 qui
3508 4322 3595 4372 est
3627 4317 3689 4371 in

2043 4414 2400 4490 apostolatu.
2427 4414 2541 4467 Aut
2571 4410 2703 4483 quis
2733 4411 2926 4483 pascit
2945 4426 3184 4485 gregem
3203 4408 3232 4464 ?
3265 4430 3293 4457 ››
3316 4410 3427 4463 Per
3451 4422 3687 4481 gregem

2045 4506 2340 4582 significat
2379 4501 2712 4559 doctrinam
2749 4507 2806 4557 et
2853 4502 3156 4576 providam
3193 4499 3686 4575 gubernationem

279 4590 451 4664 δηλοῖ
476 4595 576 4664 τήν
616 4590 856 4671 διδαχὴν
898 4596 993 4650 καὶ
1048 4597 1148 4666 τήν
1210 4591 1544 4669 κηδεμονίαν
1602 4595 1701 4665 τὴν
1763 4594 1815 4650 ἐν
1866 4597 1934 4667 τῇ

2046 4613 2178 4670 qua)
2210 4594 2386 4651 estin
2408 4592 2768 4667 apostolatu.

281 4681 591 4757 ἀποστολῇ.

359 4793 447 4861 Μή
498 4794 636 4848 κατὰ
689 4791 975 4867 ἄνθρωπον
1021 4796 1191 4849 ταῦτα
1233 4790 1393 4850 λαλῶ
1426 4812 1440 4863 ;
1471 4794 1506 4863 ἢ
1566 4792 1703 4873 οὖχί
1759 4791 1849 4848 καὶ
1908 4794 1937 4846 6

279 4880 454 4953 νόμος
482 4886 689 4952 ταῦτας
721 4884 810 4940 Ἐν
840 4884 946 4960 γὰρ
980 4887 1060 4955 τῷ
1116 4882 1356 4945 Μωσέως
1407 4882 1562 4956 νόμῳ
1616 4883 1935 4959 γέγραπται,

282 4969 362 5032 Ού
412 4972 684 5051 φιμώσεις
747 4973 875 5048 βοῦν
934 4970 1207 5031 ἀλοῶντα.
1259 4975 1350 5044 Mi;
1408 4977 1515 5028 τῶν
1579 4973 1722 5049 βοῶν
1785 4970 1939 5045 μὲλει

276 5070 362 5138 τῷ
417 5070 571 5140 θεῷ;
631 5066 703 5123 Ἦ
784 5064 855 5122 δι’
930 5069 1079 5139 ἡμᾶς
1133 5066 1350 5129 πάντως
1406 5065 1601 5142 λὲγεις
1656 5066 1734 5121 Δι’
1792 5067 1942 5138 ἡμᾶς

286 5155 394 5231 γὰρ
477 5153 682 5233 ἐγράφη
779 5156 862 5212 ὅτι
915 5153 1001 5212 ἐπ’
1058 5152 1247 5211 ἐλπίδι
1305 5153 1515 5235 ὀφειλει
1583 5156 1611 5211 6
1669 5156 1941 5230 ἀροτριῶν

286 5244 548 5319 ἀροτριᾷν
583 5288 598 5313 ,
655 5246 743 5300 καὶ
803 5246 834 5301 6
895 5242 1076 5300 ἀλοῶν
1134 5250 1234 5315 τῆς
1290 5243 1518 5308 ἐλπίδος
1588 5244 1754 5302 αὐτοῦ
1815 5266 1944 5320 μετ-

296 5331 447 5415 έχειν
479 5332 563 5388 ἐπ’
592 5330 799 5391 ἐλπίδι.

363 5419 589 5494 Ἐπειδή
652 5423 715 5478 τὸ
793 5422 1076 5501 τρέφεσθαι
1164 5424 1222 5477 ἐκ
1312 5426 1422 5479 τῶν
1491 5422 1948 5497 μαθητευομὲνων

292 5508 484 5585 ἔδειξε,
543 5511 634 5568 καὶ
688 5516 796 5568 τῶν
856 5511 1066 5569 λοιπῶν
1121 5512 1441 5568 ἀποστόλων
1498 5514 1636 5570 εῗναι
1681 5514 1782 5583 τὴν
1840 5533 1954 5568 κοι-

283 5606 389 5676 νήν
425 5604 708 5674 συνήθειαν
741 5605 906 5660 τοῦτο
951 5599 1266 5677 βούλεσθαι,
1298 5599 1492 5658 λοιπὸν
1525 5602 1615 5659 καὶ
1675 5602 1782 5662 ἀπὸ
1813 5608 1954 5680 Γρα-

283 5700 459 5778 Qut-73¢
505 5692 800 5771 μαρτυρίας
826 5690 973 5758 θέλει
1017 5694 1177 5751 τοῦτο
1222 5691 1616 5763 πιστώσασθαι,
1675 5694 1761 5750 καὶ
1799 5713 1949 5773 φησι·

2122 4794 2212 4863 ΙΧ,
2246 4794 2299 4849 8.
2336 4793 2422 4848 10.
2454 4794 2600 4849 Num
2646 4790 2941 4847 secundum
2986 4789 3260 4844 hominem
3288 4786 3400 4842 hac
3456 4786 3694 4858 loquor?

2049 4900 2234 4941 annon
2292 4889 2345 4939 et
2404 4883 2496 4938 lea:
2555 4881 2745 4937 eadem
2799 4879 2996 4935 dicit?
3041 4879 3261 4934 Etenim
3313 4878 3371 4931 in
3411 4877 3551 4932 Mosi
3580 4876 3694 4947 lege

2050 4973 2319 5046 scriptum
2347 4978 2462 5028 est:
2496 4973 2615 5026 Non
2647 4968 2929 5026 obturabis
2958 4984 3013 5023 os
3065 4968 3187 5023 bovi
3217 4968 3527 5022 trituranti.
3560 4968 3699 5022 Num

2054 5065 2210 5121 boves
2234 5078 2377 5119 cura:
2420 5066 2549 5118 sunt
2580 5062 2736 5116 Deo?
2782 5060 2848 5114 In
2904 5058 3003 5114 hoc
3042 5063 3278 5129 propter
3322 5072 3421 5113 nos
3478 5058 3703 5112 omnino

2054 5155 2189 5210 dicit
2220 5155 2249 5209 Ρ
2283 5157 2515 5223 Propter
2544 5165 2643 5205 nos
2692 5147 2841 5204 enim
2868 5149 3134 5218 scriptum
3161 5153 3235 5202 est
3265 5146 3414 5218 quod
3439 5147 3631 5201 debeat
3659 5148 3705 5201 is

2055 5242 2159 5317 qui
2187 5248 2313 5298 arat
2344 5241 2442 5297 sub
2472 5257 2564 5310 spe
2584 5256 2768 5305 arare,
2790 5244 2843 5294 et
2873 5239 2971 5310 qui
3001 5239 3250 5305 tri/urat,
3280 5235 3399 5306 spei
3439 5251 3548 5292 sua:
3572 5251 3706 5306 par-

2061 5334 2231 5403 ticeps
2261 5348 2370 5388 esse
2394 5331 2491 5386 sub
2522 5346 2638 5400 Spe.

2133 5422 2285 5477 499
2316 5420 2606 5487 Quoniam
2639 5417 2883 5473 alendos
2905 5433 3035 5473 esse
3082 5415 3345 5473 ostendit
3373 5414 3444 5472 ab
3480 5414 3575 5471 his
3606 5416 3706 5486 qui

2062 5513 2369 5574 docentur,
2403 5509 2681 5582 quodque
2711 5508 2824 5565 hoc
2871 5508 2953 5563 ita
2982 5508 3080 5572 sit,
3119 5506 3327 5563 suadet
3352 5518 3703 5563 cmlerorum

2062 5600 2468 5675 apostolorum
2499 5598 2834 5656 communis
2855 5594 3245 5665 consuetudo,
3268 5600 3704 5667 consequenter

2067 5693 2244 5751 etiam
2266 5693 2375 5750 hoc
2406 5710 2453 5749 δ.
2468 5691 2787 5763 Scriptum
2816 5688 3156 5747 testimonio
3176 5685 3295 5743 vult
3349 5684 3699 5747 conﬁrmare
