4156 6200
511 371 634 434 ’159

1634 363 2063 429 ωΟυΜΕΝΙΙ
2106 358 2412 421 TRICGE
2455 360 2804 424 EPISOOPI

3823 365 3940 426 760

515 509 577 564 et
595 507 677 562 ait
705 521 720 559 :
755 527 783 554 ‹‹
817 504 964 558 Num
996 500 1325 557 secundum
1354 501 1659 557 hominem
1691 500 1817 556 hmo
1846 499 2063 571 loquor
2089 498 2160 554 ‘2»

2287 516 2316 544 ι(
2352 493 2446 563 Μὴ
2478 495 2615 550 κατᾶ
2643 490 2928 567 ἄνθρωπον
2968 500 3134 554 ταῦτα
3190 494 3351 555 λαλῶ
3385 516 3401 568 ;
3433 519 3464 551 ιι
3517 493 3795 565 τουτὸστι,
3850 501 3938 571 Μὴ

517 599 628 653 hoc
679 599 783 648 est.
845 595 995 648 Num
1050 592 1244 648 solum
1298 592 1530 647 videtur
1589 593 1698 648 hoc
1774 590 2176 648 hominibus?

517 688 631 741 Aut
662 683 1055 738 humanorum
1079 687 1309 737 tantum
1339 682 1744 754 exemplorum
1772 697 2012 754 possum
2036 697 2170 736 con-

518 773 752 829 ﬁrmare
784 772 1014 826 ratione
1045 771 1304 828 ?Annon
1335 778 1394 828 et
1417 772 1504 825 lex
1526 772 1732 827 eadem
1757 772 1945 828 dicit?
1966 795 1993 820 ‹‹
2028 773 2174 826 Num

519 863 695 918 boves
729 878 885 916 curm
909 867 1050 916 sunt
1070 863 1187 916 Deo
1210 862 1238 917 ἲ)
1258 882 1283 910 ιι
1319 864 1398 918 Ne
1422 862 1555 933 quis
1591 861 1778 917 dicat:
1798 864 1867 916 Et
1887 878 2170 932 quorsum

519 951 842 1007 adductum
875 957 964 1005 est
989 951 1147 1022 quod
1181 949 1251 1005 de
1275 951 1464 1006 bobus
1486 951 1708 1006 dictum
1731 958 1820 1007 est
1839 951 2171 1007 ’?ait:«~Num

519 1041 699 1097 boves
730 1057 886 1096 curm
921 1047 1061 1095 sunt
1089 1041 1205 1094 Deo
1231 1040 1261 1096 ?
1285 1063 1310 1088 ››
1345 1042 1557 1097 Curam
1593 1041 1800 1112 utique
1839 1041 1991 1114 gerit
2046 1040 2173 1112 ipse

523 1132 702 1186 etiam
725 1130 795 1185 de
827 1130 1105 1198 brutis,at
1133 1146 1252 1184 non
1286 1130 1368 1185 ita
1398 1135 1463 1185 ut
1511 1136 1753 1201 propter
1800 1131 1928 1202 ipsa
1983 1129 2172 1203 legem

522 1236 760 1292 quoque
790 1220 1087 1292 posuisset
1113 1236 1126 1274 :
1149 1220 1248 1274 sed
1276 1235 1380 1291 per
1401 1219 1512 1274 hoc
1534 1221 1656 1274 vult
1696 1236 1803 1273 nos
1855 1219 2170 1280 instruere.

524 1309 682 1382 quod
716 1308 1052 1364 laborantes
1084 1324 1203 1362 non
1236 1307 1452 1363 frustra
1473 1307 1835 1374 laboremus,
1858 1309 1961 1362 sed
1995 1323 2060 1362 ex
2085 1309 2171 1363 la.

522 1397 771 1454 boribus
799 1397 993 1454 alendi
1019 1414 1242 1453 sumus.
1264 1399 1467 1469 Itaque
1495 1403 1552 1452 et
1582 1413 1688 1470 ego
1733 1398 1832 1469 qui
1891 1396 2171 1465 laboravi,

525 1487 736 1557 dignus
761 1504 890 1542 sum
927 1487 1026 1558 qui
1061 1503 1094 1541 a
1125 1487 1287 1542 vobis
1310 1485 1453 1541 alar.
1489 1507 1518 1535 ‹‹
1541 1491 1629 1542 An
1654 1487 1764 1541 hoc
1796 1493 2038 1559 propter
2063 1502 2174 1542 nos

523 1577 768 1632 omnino
791 1576 937 1632 dicit
961 1580 979 1629 ἒ
1012 1598 1040 1626 ››
1063 1576 1338 1642 Omnino,
1363 1575 1420 1630 id
1445 1583 1554 1640 est,
1588 1584 1652 1631 ut
1681 1576 1741 1632 in
1769 1579 2040 1632 confesso
2065 1582 2172 1646 est,

525 1667 803 1724 omnibus
852 1665 1063 1722 modis.
1091 1686 1121 1719 ιι
1161 1667 1308 1733 Quia
1366 1667 1474 1722 sub
1525 1683 1628 1740 spe
1657 1666 1855 1721 debet.
1892 1689 1918 1716 υ
1951 1667 2178 1722 Insistit

524 1764 692 1829 tropo
724 1757 823 1828 qui
858 1757 931 1813 de
963 1756 1152 1811 bobus
1173 1762 1280 1812 est.
1305 1756 1452 1822 Quia
1474 1756 2043 1828 praeceptordnquit,
2073 1755 2176 1811 de-

2278 588 2392 644 τοῖς
2417 582 2727 658 ἀνθρώποις
2764 586 2929 658 μόνον
2977 591 3141 641 τοῦτο
3174 583 3342 650 δοκεῖ,
3375 587 3410 657 ἢ
3472 588 3522 658 ἐξ
3579 589 3937 664 ἀνθρωπίνων

2279 670 2744 748 παραὶειγμάτων
2774 679 2934 729 τοῦτο
2967 671 3083 750 ἔχω
3116 684 3380 745 συστῆσαι
3432 683 3510 750 τῷ
3568 676 3732 752 λόγῳ
3766 699 3782 748 ;
3816 679 3941 755 οὐχὶ

2280 762 2369 816 καὶ
2402 762 2430 816 ὁ
2461 763 2630 836 νόμος
2660 769 2828 818 ταῦτα
2861 764 3003 838 λέγει
3040 784 3053 833 ;
3088 791 3118 818 ‹‹
3149 768 3240 834 Μὴ
3274 772 3381 822 τῶν
3435 769 3580 842 βοῶν
3644 766 3810 840 μέλει
3867 773 3942 842 τῷ

2284 851 2400 922 Θεῴ
2435 870 2449 919 ;
2483 874 2512 903 ››
2543 855 2659 907 Ἵνα
2695 855 2770 925 μή
2806 875 2887 916 τις
2917 853 3062 929 εἶ’πῃ,
3097 856 3196 912 Καὶ
3230 856 3281 912 τί
3321 856 3489 928 ἀνῆκε
3516 857 3652 933 πρὸς
3702 859 3770 912 τὸ
3800 879 3944 932 προ-

2285 941 2534 1013 κείμενον
2561 943 2622 998 τὸ
2653 943 2776 1018 περὶ
2816 948 2922 998 τῶν
2957 945 3102 1019 βοῶν
3135 968 3150 1012 ;
3198 947 3352 1024 φησὶ,
3408 970 3437 999 α
3470 948 3560 1016 Μὴ
3619 952 3736 1002 τῶν
3795 949 3941 1022 βοῶν

2288 1027 2445 1100 μέλει
2483 1036 2566 1104 τῷ
2592 1036 2707 1102 Θεῷ
2740 1051 2755 1102 ;
2790 1054 2814 1085 ν
2848 1031 3018 1090 Μέλει
3053 1035 3148 1108 μὲν
3192 1035 3297 1113 γὰρ
3326 1035 3472 1110 αὐτῷ
3501 1038 3591 1092 καὶ
3644 1037 3779 1113 περὶ
3835 1040 3939 1093 τῶν

2285 1119 2466 1189 ζώων,
2500 1120 2610 1201 οὐχ
2642 1123 2818 1185 οὕτως
2850 1119 2908 1179 δὲ
2939 1124 3013 1186 ὡς
3045 1126 3135 1179 καὶ
3188 1126 3357 1199 νόμον
3418 1124 3489 1182 δι’
3541 1127 3748 1190 αὐτοὺς
3804 1130 3948 1185 τιθε-

2285 1230 2391 1264 ναι.
2447 1208 2598 1266 ’Λλλ’
2631 1211 2690 1266 ἐκ
2717 1213 2912 1268 τούτου
2945 1212 3229 1270 παιδεῦσαι
3281 1218 3429 1288 ἡμᾶς
3491 1216 3760 1293 βούλεται
3819 1219 3944 1283 τοὺς

2285 1302 2594 1361 κοπιῶντας
2628 1303 2705 1373 μὴ
2761 1303 3039 1373 ἆνονήτως
3094 1309 3312 1376 κοπτᾷν,
3372 1303 3518 1362 ἀλλὰ
3555 1307 3859 1385 τρέφεσθαι
3893 1307 3948 1364 ἐκ

2279 1391 2387 1441 τῶν
2427 1388 2630 1444 πόνων.
2687 1391 2837 1447 Ἑπεὶ
2888 1392 2980 1447 οὖν
3013 1395 3100 1448 καὶ
3135 1394 3243 1468 ἐγὼ
3301 1395 3358 1457 ὃς
3393 1394 3676 1466 ἐκοπίασα,
3741 1394 3947 1458 δῖιιαιος

2284 1476 2436 1550 ἤμην
2467 1477 2772 1558 τρέφεσθαι.
2807 1507 2835 1532 ι(
2871 1485 2940 1540 "il
2975 1481 3047 1537 δι’
3076 1486 3224 1556 ἡμᾶς
3253 1484 3471 1549 πάντως
3519 1484 3672 1565 λέγει
3710 1505 3726 1556 ;
3760 1510 3792 1540 ι)
3850 1488 3945 1563 Τὸ,

2285 1593 2312 1619 ι(
2344 1566 2576 1638 πάντως,
2602 1592 2631 1621 ››
2656 1571 2728 1632 ὡς
2753 1571 2834 1627 ἐπῗ
2861 1571 3314 1650 ὁμολογουμένου
3341 1575 3496 1653 anei,
3519 1575 3797 1646 τουτέστι,
3820 1581 3944 1633 πᾶσι

2283 1655 2528 1732 τρόποις.
2547 1681 2576 1708 ‹‹
2601 1657 2825 1715 Ὀτιέπ’
2848 1657 3035 1716 ἐλπίδι
3059 1660 3289 1735 ὁιρείλει.
3316 1687 3342 1713 ››
3368 1663 3739 1737 Ἐπέμεινετῇ
3767 1668 3943 1739 τροπῇ

2284 1752 2390 1802 τῶν
2419 1749 2586 1822 βοῶν.
2619 1749 2741 1804 *Οτι
2783 1750 2810 1804 ὁ
2843 1747 3192 1814 διδάσκαλος,
3226 1753 3411 1830 φησῗν,
3446 1753 3656 1830 ὀφείλει
3695 1758 3812 1809 τῶν
3844 1754 3944 1810 πό-

523 1847 625 1902 bet
653 1845 1301 1917 repensioncmbabere
1333 1845 1626 1912 laborum,
1659 1861 1780 1900 non
1813 1845 1970 1917 quod
2009 1844 2173 1901 nulla

2283 1831 2561 1930 vwv‘i’xuv
2593 1833 2848 1911 ἀμοιϐὰς,
2903 1840 3035 1916 οὐχὶ
3095 1840 3176 1919 ἐφ’
3235 1841 3342 1915 ὅτῳ
3402 1840 3570 1915 μηδὲν
3631 1846 3940 1922 περαιτίρω

529 1935 801 1991 ulteriori
818 1935 1105 1990 fruiturus
1132 1935 1209 1990 sit
1236 1933 1651 2001 retributione,
1685 1933 1788 1989 sed
1819 1934 1976 2006 quod
2007 1950 2173 2007 spem

525 2025 740 2082 habeat
756 2031 888 2097 post
910 2025 1062 2081 hanc
1081 2025 1469 2096 temporalem
1496 2039 1854 2098 parvamque
1875 2025 2179 2097 repensio-

525 2131 665 2172 nem
689 2115 868 2170 etiam
883 2119 1102 2169 aeterna
1121 2131 1187 2169 ac
1211 2114 1687 2186 supernaturalia
1710 2115 1973 2170 nancisci
1994 2114 2171 2169 bona.

527 2206 670 2260 Nam
706 2212 765 2260 et
794 2205 903 2262 hoc
931 2205 1229 2278 signiﬁcat
1259 2204 1416 2276 quod
1439 2203 1800 2277 subjungitzu
1836 2206 1905 2260 Et
1935 2205 2035 2276 qui
2068 2205 2174 2260 tri-

528 2299 706 2361 turat,
741 2295 864 2366 spei
890 2311 1010 2349 sum
1033 2294 1326 2366 particeps
1358 2309 1488 2349 esse
1519 2293 1627 2349 sub
1662 2311 1784 2366 spe.
1813 2316 1838 2343 ››
1875 2293 2176 2366 Siquidem

531 2384 784 2456 apostoli
817 2399 982 2457 spem
1008 2382 1306 2438 habebant
1331 2383 1488 2454 quod
1512 2383 1583 2438 ab
1617 2383 1710 2438 his
1741 2383 1841 2454 qui
1874 2383 2176 2440 doceban-

532 2479 628 2531 tur
645 2478 1155 2544 consequerentur
1167 2473 1516 2544 obsequium
1539 2489 1654 2544 quo
1669 2473 2018 2528 alimentum
2037 2473 2177 2529 sub-

531 2564 993 2625 ministraretur,
1046 2568 1106 2618 et
1162 2561 1702 2634 consequebantur.
1739 2563 1914 2632 Atqui
1947 2579 2067 2617 non
2116 2563 2175 2618 id

531 2659 658 2710 erat
687 2653 831 2724 ipsis
864 2667 998 2725 spes
1015 2651 1211 2707 ﬁnalis
1237 2670 1251 2712 ;
1285 2651 1388 2706 sed
1416 2651 1525 2707 hac
1556 2668 1658 2724 spe
1689 2652 1953 2706 fruentes
1985 2653 2176 2721 majo-

526 2759 653 2799 rem
686 2741 880 2798 adhuc
911 2740 1334 2813 exspectabant
1361 2758 1428 2797 ac
1458 2741 1796 2813 sperabant.
1830 2742 1950 2797 Hoc
1977 2749 2174 2798 autem

525 2834 628 2902 ait,
651 2831 810 2904 quod
841 2831 993 2887 nihil
1041 2831 1402 2903 impediebat
1430 2830 1763 2888 futurorum
1797 2848 1960 2903 spem
1985 2848 2053 2887 ac
2083 2849 2177 2887 re-

525 2922 910 2978 tributionem
937 2921 1250 2986 bonorum,
1299 2921 1562 2993 acceptio
1591 2920 1905 2976 ministerii
1939 2938 2054 2993 quo
2103 2921 2176 2977 ab

531 3014 626 3071 bis
681 3013 782 3085 qui
815 3012 1182 3067 docebantur
1211 3011 1497 3068 alimenta
1527 3011 2172 3068 subministrabantur:

529 3105 670 3160 hinc
698 3103 1043 3174 signiﬁcans
1064 3102 1223 3174 quod
1245 3102 1407 3158 Licet
1426 3101 1576 3157 nihil
1603 3101 1889 3174 impediat
1916 3102 2177 3159 futuram

527 3193 1000 3255 retributionem,
1034 3208 1070 3248 a
1095 3191 1403 3263 discipulis
1447 3192 1543 3248 hic
1572 3193 1842 3264 accipere
1866 3192 2171 3263 alimenta,
2203 3226 2246 3293 ρ

532 3300 654 3340 non
681 3287 880 3338 tamen
929 3282 1151 3354 accepi,
1177 3281 1390 3353 inquit.
1424 3281 1705 3338 Plurimis
1749 3288 1944 3339 autem
1980 3284 2173 3340 modis

536 3375 749 3431 nititur
772 3378 1037 3428 astruere
1105 3372 1264 3442 quod
1313 3372 1558 3426 vetitum
1609 3387 1729 3426 non
1798 3372 1993 3442 fuerit,
2055 3379 2179 3429 tum

535 3468 778 3537 propter
806 3461 866 3516 id
898 3460 1055 3534 quod
1087 3459 1310 3515 dictum
1339 3466 1448 3522 est.
1485 3465 1610 3515 tum
1659 3475 1734 3514 ne
1793 3460 1919 3532 ipse
1949 3461 2059 3516 hac
2117 3478 2179 3518 re

534 3553 864 3619 abstinens,
886 3549 1240 3606 calumniari
1272 3565 1371 3604 eos
1393 3549 1692 3604 videretur
1712 3549 1814 3620 qui
1836 3551 2176 3608 utebantur.

535 3665 564 3693 ‹‹
597 3645 668 3698 Et
697 3641 797 3715 qui
833 3640 1088 3704 triturat,
1124 3640 1247 3710 spei
1274 3655 1414 3695 sua).
1451 3659 1475 3690 ιι
1509 3639 1672 3694 ldem
1703 3656 1939 3695 rursum
1972 3646 2177 3712 tropus

533 3739 639 3789 est.
675 3754 704 3782 «
724 3733 794 3787 Et
813 3729 914 3802 qui
938 3729 1548 3802 triturat.inquit,spei
1583 3745 1703 3783 suae
1727 3730 2024 3801 particeps
2048 3745 2176 3786 esse

528 3822 636 3880 sub
670 3838 794 3896 spe.
831 3842 858 3868 »
891 3819 1180 3886 Quoniam
1204 3818 1363 3874 enim
1398 3818 1447 3872 is
1478 3819 1576 3889 qui
1611 3824 1741 3872 arat
1771 3819 1833 3872 in
1866 3835 1968 3890 spe
2027 3825 2174 3889 arat,

526 3915 637 3970 hac
659 3912 837 3970 etiam
874 3928 978 3983 spe
1007 3910 1122 3963 frui
1155 3907 1335 3963 debet
1365 3909 1465 3980 qui
1510 3907 1888 3980 postmodum
1917 3909 2173 3976 triturat,

521 4020 652 4077 quae
687 3999 963 4072 sperabat
991 3998 1130 4051 dum
1163 4003 1376 4051 araret.
1409 3999 1545 4061 Qum
1591 4002 1682 4052 est
1728 4002 1925 4053 autem
1985 4015 2120 4070 spes
2148 3997 2176 4054 ‘2

519 4083 676 4140 500
709 4095 923 4149 nempe
953 4079 1110 4149 quod
1143 4078 1438 4150 particeps
1463 4079 1575 4133 erit
1597 4078 1913 4134 fructuum.
1949 4080 2174 4136 Deinde

521 4170 707 4236 addit,
742 4191 767 4216 «
803 4167 918 4222 Sub
953 4183 1076 4237 spe.
1112 4189 1140 4216 ››
1165 4169 1243 4222 Ne
1277 4168 1411 4238 quis
1439 4168 1598 4223 enim
1630 4168 1826 4224 dicat:
1854 4171 2173 4226 Tantorum

522 4277 658 4332 ergo
683 4257 951 4314 laborum
989 4273 1137 4328 quos
1160 4258 1459 4313 sustinent
1486 4258 1761 4330 apostoli,
1794 4258 1920 4315 haec
1961 4266 2052 4316 est
2080 4277 2174 4316 re-

529 4351 793 4412 tributio,
829 4355 970 4421 puta
992 4348 1167 4405 edere
1189 4349 1217 4405 ?
1247 4349 1476 4404 addidit
1505 4373 1532 4400 ‹‹
1567 4350 1684 4405 Sub
1717 4367 1840 4423 spe.
1877 4374 1905 4400 ››
1939 4353 2051 4408 hoc
2083 4358 2175 4409 est

521 4456 624 4512 spe
652 4439 890 4512 quidem
915 4439 1247 4494 futurorum
1273 4437 1566 4494 bonorum
1590 4439 1865 4495 laborant
1893 4443 2170 4513 apostoli,

519 4536 779 4586 attamen
803 4534 1038 4601 oportet
1057 4545 1291 4600 quoque
1318 4529 1456 4584 hinc
1475 4528 1534 4584 in
1557 4529 1927 4598 refrigerium
1951 4531 2169 4586 habere

2284 1924 2630 1998 ἀπολαύσειν,
2661 1927 2793 1984 ἀλλ’
2826 1927 2908 2010 ἐφ’
2961 1930 3006 2004 ᾧ
3066 1928 3264 1987 ἐλπίδα
3326 1930 3474 2012 ἔχειν
3539 1934 3680 2006 μετὰ
3735 1933 3939 2004 ταύτην

2279 2018 2346 2085 τή
2417 2018 2748 2095 πρόσκαιρον
2825 2021 2914 2074 καὶ
2977 2021 3238 2098 βραχεῖαν
3290 2020 3617 2092 ἀπόλαυσιν,
3681 2023 3779 2078 καὶ
3836 2027 3938 2079 τῶν

2284 2107 2519 2163 αἰωνίων
2560 2109 2649 2164 καὶ
2713 2109 3002 2188 ὑπερρυῶν
3057 2117 3246 2186 τυχεῖν
3306 2112 3543 2188 ἀγαθῶν.
3602 2117 3784 2171 Τοῦτο
3842 2113 3938 2188 γὰρ

2284 2193 2451 2266 δηλοῖ
2477 2198 2561 2267 τὸ,
2594 2223 2621 2248 ‹‹
2655 2201 2758 2256 Καὶ
2789 2200 2817 2255 ὁ
2850 2196 3030 2255 ἀλοῶν
3072 2207 3172 2271 τῆς
3203 2198 3426 2266 ἐλπίδος
3474 2203 3645 2259 αὐτοῦ
3682 2202 3939 2278 μετέχειν

2286 2284 2367 2340 ἐπ’
2399 2283 2604 2344 ἐλπίδι.
2641 2290 2814 2357 »Τῆς
2862 2289 2963 2365 γὰρ
3016 2287 3294 2355 διακονίας
3360 2292 3417 2346 o't
3475 2290 3790 2348 ἀπόστο>οι
3847 2297 3947 2362 τῆς

2283 2374 2370 2430 ἐπὶ
2399 2380 2468 2450 τῇ
2502 2374 2769 2455 διατροφῇ
2803 2376 3000 2434 ἐλπίδα
3043 2382 3197 2456 εἶχον
3255 2382 3403 2454 παρά
3454 2386 3563 2437 τῶν
3625 2393 3942 2457 μαθητευο-

2287 2467 2464 2538 μενων
2492 2468 2803 2542 τυγχάνειν,
2835 2468 2925 2523 καὶ
2965 2467 3286 2546 ἐτύγχανον.
3321 2469 3400 2527 Οὐ
3434 2470 3618 2545 μέντοι
3649 2493 3718 2546 γε
3781 2475 3939 2527 τοῦτο

2281 2555 2345 2622 ἦν
2379 2553 2564 2616 αὐτοῖς
2595 2557 2630 2623 ἡ
2663 2553 2846 2610 τελεία
2876 2553 3057 2624 ἐλπῖς,
3097 2555 3242 2612 ἀλλά
3295 2557 3496 2631 ταύτης
3559 2557 3935 2622 ἀπολαύοντες

2281 2649 2379 2711 τῆς
2412 2640 2658 2709 ἐλπίδος,
2689 2640 2770 2699 iit:
2813 2645 2877 2699 τὰ
2931 2648 3154 2718 μείζονα
3209 2644 3567 2722 ἐκαροδόκουν
3625 2649 3719 2704 καὶ
3777 2648 3943 2719 ἧλπιυ

2284 2737 2396 2800 ζον.
2427 2735 2600 2788 Τοῦτο
2643 2729 2700 2789 δέ
2758 2755 2943 2812 φησιν,
2998 2735 3080 2791 ’ὁτι
3139 2733 3309 2791 Οὐδὲν
3368 2735 3621 2794 ἐνέκοπτε
3670 2741 3778 2810 τῆν
3830 2743 3934 2794 τῶν

2286 2819 2604 2894 μελλόντων
2665 2822 2862 2880 ἐλπίδα
2917 2826 3002 2881 καὶ
3063 2825 3429 2898 ἀπόλαυσινὴ
3463 2832 3562 2894 τῆς
3623 2830 3777 2905 παρᾶ
3829 2833 3931 2884 τῶν

2282 2913 2742 2986 μαθητευομένων
2775 2913 2863 2970 ἐπὶ
2893 2919 2961 2988 τῇ
3011 2920 3187 2994 τροφῇ
3249 2918 3547 2994 ὑπηρεσίας
3603 2919 3928 2984 ἀπόλαυσις·

2283 2999 2520 3066 ἐντεῦθεν
2571 2999 2782 3074 δηλῶν,
2841 3005 2918 3066 ὡς
2976 3006 3168 3064 Καίτοι
3228 3005 3398 3080 μήδέν
3451 3007 3716 3082 ἒμποδὼν
3782 3009 3932 3074 ὄντος

2281 3092 2418 3164 πρὸς
2475 3092 2573 3160 τῆν
2632 3091 2830 3158 ἐκεῖθεν
2890 3094 3192 3151 ἀπόλαυσιν
3272 3101 3367 3153 τοῦ
3444 3100 3735 3176 τρέφεσθαι
3793 3102 3930 3177 ποιρά

2283 3185 2393 3234 τῶν
2429 3183 2713 3253 μαθητῶν,
2767 3182 2920 3255 ὅμως
2951 3184 3061 3260 οὐχ
3090 3183 3344 3258 εἱλόμην.
3406 3186 3631 3244 Ιιλείοσι
3687 3188 3751 3246 δὲ
3807 3190 3928 3248 αὐτό

2284 3268 2711 3347 ἐπιχειρήμασιν
2739 3272 3026 3330 ἀκώλυτον
3057 3275 3118 3331 ὃν
3175 3278 3580 3350 κατασκευάζει,
3638 3275 3730 3334 διά
3787 3281 3926 3336 τετὸ

2286 3359 2594 3433 εἰρημένον,
2625 3361 2713 3416 καὶ
2743 3361 2829 3416 ’ἶνα
2889 3364 2965 3437 μή
3025 3363 3370 3440 ἀπεχόμενος
3427 3367 3611 3432 αὐτὸς,
3668 3368 3800 3433 τοὺς
3834 3369 3924 3426 ἄλο

2285 3446 2416 3512 λους
2448 3446 2580 3524 δόξῃ
2615 3452 2940 3526 χρωμένους
2971 3452 3023 3509 ἐν
3054 3449 3291 3528 διαϐολῇ
3323 3476 3430 3510 τινι
3459 3458 3735 3529 καθιστᾷν.
3772 3484 3800 3512 ιι
3833 3457 3922 3516 Καὶ

2283 3539 2310 3593 ὁ
2339 3537 2520 3594 ἀλοῶν
2546 3547 2645 3608 τῆς
2676 3540 2900 3604 ἐλπίδος
2957 3567 2984 3594 ››
3013 3544 3074 3600 Ἡ
3108 3543 3243 3615 αὖτὴ
3275 3543 3440 3600 πάλιν
3479 3550 3679 3621 τροπή.
3713 3573 3748 3601 ι‹
3778 3549 3868 3606 Καὶ
3895 3549 3922 3603 ὁ

2282 3627 2484 3699 ἀλοῶν,
2517 3629 2672 3710 φησὶ,
2698 3637 2796 3699 τῆς
2816 3630 3042 3696 ἒλπίδος
3074 3633 3239 3690 αὐτοῦ
3272 3635 3522 3715 μετέχειν
3545 3634 3626 3692 ἐπ’
3655 3635 3861 3694 ἐλπίδι.
3892 3661 3917 3688 ιο

2280 3714 2505 3788 Ἐπειδη
2539 3718 2641 3794 γὰρ
2675 3720 2703 3774 ὁ
2733 3720 3024 3794 ἀροτριῶν,
3063 3720 3148 3778 ἐπ’
3179 3721 3363 3778 ἐλπίδι
3423 3714 3671 3802 ἀροτριᾷ,
3724 3727 3920 3797 ταύτης

2280 3813 2380 3876 τῆς
2409 3805 2630 3870 ἐλπίδος
2663 3806 2860 3866 λοιπὸν
2907 3810 2995 3866 καὶ
3031 3813 3058 3867 ὁ
3090 3812 3270 3869 ἀλοῶν
3331 3815 3538 3892 ὀφειλει
3596 3816 3913 3880 ἀπολαῦσαι.

2279 3896 2346 3965 ἣν
2387 3893 2620 3982 ἤλπισεν
2652 3895 2702 3951 ἐν
2729 3903 2808 3970 τῷ
2841 3899 3118 3975 ἀροτριᾷν.
3154 3903 3247 3964 Τίς
3280 3900 3336 3958 δὲ
3377 3906 3411 3973 ἡ
3469 3902 3626 3968 ἐλπίς
3659 3925 3674 3976 ;
3735 3910 3800 3964 τὸ
3829 3928 3919 3982 με·

2277 3981 2535 4042 ταλαϐεῖν
2567 3985 2824 4058 δηλονόςι
2881 3995 2990 4046 τῶν
3051 3997 3296 4067 καρπῶν.
3358 3995 3486 4049 Εἶτα
3542 3981 3912 4070 προστίθησιν,

2280 4100 2308 4128 ‹‹
2343 4077 2459 4132 Ἐπ’
2490 4074 2692 4133 ἐλπίδι.
2731 4103 2758 4129 ››
2790 4080 2905 4134 Ἵνα
2961 4080 3060 4154 γὰρ
3124 4084 3198 4154 μή
3255 4105 3337 4146 τις
3369 4082 3520 4160 εἶ’πῃ,
3560 4091 3677 4142 Τῶν
3728 4087 3913 4144 τοσού-

2277 4187 2386 4220 των
2420 4172 2512 4221 οὖν
2548 4169 2732 4222 πόνων
2768 4169 2842 4224 ὧν
2877 4169 3244 4242 ὑπομένουσιν
3298 4175 3350 4228 oi.
3410 4174 3736 4247 ἀπόστολοι,
3787 4177 3912 4246 αὕτη

2278 4255 2419 4336 ἐστὶν
2452 4259 2486 4326 ἡ
2549 4252 2782 4332 ἀμοιϐή,
2835 4258 2899 4313 τὸ
2953 4259 3146 4322 ἐσθίειν
3204 4266 3557 4336 προσέθηκεν,
3603 4290 3629 4317 ι(
3667 4267 3788 4323 Ἰ⁴Ῑπ’
3839 4265 3916 4322 ἑλ-

2277 4335 2416 4392 πίδι.
2451 4361 2479 4388 ››
2529 4339 2838 4405 Τουτέστιν,
2901 4338 2984 4394 ἐπ’
3042 4335 3253 4398 ἐλπίδι
3289 4343 3381 4417 μὲν
3437 4349 3546 4400 τῶν
3610 4343 3913 4417 μελλόντων

2277 4425 2486 4498 ἀγαθῶν
2539 4427 2592 4481 o't
2647 4427 2950 4485 ἀπόστολοι
3010 4433 3302 4505 μοχθοῦσι,
3345 4432 3492 4502 πλὴν
3553 4431 3636 4491 δεῖ
3689 4437 3778 4490 καὶ
3836 4436 3911 4492 ἰν-

2276 4519 2454 4579 τεῦοεν
2487 4510 2634 4592 ἔχειν
2666 4519 2999 4594 παραψυχὴν
3030 4521 3132 4587 τήν
3176 4523 3321 4596 παρὰ
3377 4528 3485 4580 τῶν
3548 4522 3910 4598 μαθητευομί-

519 4597 859 4691 ευῐῑιριυιηξ
879 4617 951 4673 ab
983 4597 1532 4688 his—quivdocentur.
1552 4617 1670 4672 Hoc
1684 4597 1881 4673 autem
1907 4620 2167 4676 ostendit

2283 4626 2378 4660 νων
2413 4609 2704 4681 χορηγίαν.
2738 4611 2909 4666 Τοῦτο
2942 4607 2999 4664 δὲ
3026 4607 3212 4680 δηλοῖ,
3258 4613 3342 4668 ὅτι
3394 4611 3484 4669 ἐπὶ
3539 4618 3606 4688 τῇ
3641 4597 3910 4692 μελλούσῃ

515 4708 674 4780 quod
707 4707 814 4762 sub
845 4706 1044 4760 futura
1075 4721 1176 4776 spe
1207 4705 1556 4777 participem
1581 4722 1710 4762 esse
1735 4713 2006 4779 oporteat
2024 4709 2159 4765 alte-

515 4797 640 4851 rius
667 4810 904 4867 quoque
937 4794 1084 4866 spei,
1118 4793 1229 4848 hoc
1249 4800 1357 4860 est,
1390 4794 1661 4850 alimenti
1692 4811 1761 4851 ac
1790 4803 2162 4854 casterorum.

589 4885 682 4948 IX,
717 4887 804 4949 11,
836 4887 918 4938 12.
955 4884 1017 4939 Si
1044 4899 1141 4938 nos
1185 4883 1334 4940 vobis
1388 4883 1716 4954 spiritantia
1758 4887 2160 4954 seminavimus,

516 4990 775 5044 magnum
805 4980 882 5028 est
917 4975 964 5028 si
993 4989 1089 5028 nos
1137 4975 1391 5029 carnalia
1421 4981 1600 5030 vestra
1654 4979 2032 5033 messuerimus
2051 4977 2078 5032 ‘2
2104 4979 2166 5034 Si

516 5063 616 5119 alii
637 5065 925 5133 potestatis
955 5080 1088 5132 erga
1130 5080 1220 5119 vos
1243 5066 1550 5135 participes
1578 5071 1724 5133 sunt,
1757 5082 1855 5121 cur
1909 5083 2018 5122 non
2059 5085 2161 5139 po-

516 5151 626 5207 tius
679 5168 777 5207 nos
813 5155 842 5206 ?
899 5154 1076 5224 Atqui
1133 5169 1244 5208 non
1290 5156 1377 5208 usi
1429 5170 1614 5210 sumus
1665 5161 1934 5225 potestate
1991 5160 2097 5212 ista
2147 5175 2161 5213 :

509 5243 604 5298 sed
638 5245 824 5296 omnia
861 5242 1178 5311 sti/ferimus
1228 5259 1296 5297 ne
1348 5243 1500 5314 quod
1549 5245 1946 5315 offendiculum
1978 5247 2164 5304 demus

514 5331 819 5402 Evangelio
861 5331 1084 5387 Christi.

587 5421 809 5475 Deinde
839 5420 1001 5475 aliud
1025 5437 1260 5492 quoque
1293 5421 1456 5476 dicit.
1491 5428 1556 5477 ut
1585 5423 1861 5480 ostendat
1891 5431 2164 5497 oportere

515 5516 942 5581 praeceptorem
975 5510 1072 5564 ali.
1108 5511 1233 5565 Non
1258 5517 1319 5564 ut
1346 5510 1586 5573 similia.
1629 5513 2162 5586 inquit,praobeatis

516 5600 611 5656 bis
631 5617 764 5671 qua)
787 5601 1270 5674 accepistis..\'am
1295 5602 1342 5657 si
1368 5619 1476 5659 nos
1502 5605 1836 5678 spiritualia
1855 5607 1917 5662 in
1951 5625 2048 5664 vos
2070 5626 2165 5666 se-

517 5689 898 5756 minavimus.
930 5689 1042 5750 hoc
1073 5691 1656 5764 est,pmbuimus,an
1688 5711 1968 5768 magnum
1999 5703 2090 5755 est
2113 5697 2164 5757 ei

2273 4691 2459 4751 ἐλπίδι
2526 4693 2608 4751 δεῖ
2664 4699 2912 4774 μετέχειν
2994 4699 3082 4755 καὶ
3143 4700 3323 4778 ἑτέρας
3381 4701 3623 4775 ἐλπίδος,
3678 4707 3912 4762 τουτέστι

2273 4792 2485 4858 τροςοῆς
2513 4785 2604 4842 καὶ
2634 4791 2741 4842 τῶν
2773 4785 3001 4844 λοιπῶν.

2345 4883 2410 4940 Et
2468 4887 2630 4959 ἡμεῖς
2684 4888 2811 4960 ὑμῖν
2858 4888 2926 4943 τὰ
2983 4893 3320 4964 πνευματικά
3376 4891 3726 4969 ἐσπείραμεν,
3786 4895 3914 4970 μίγα

2274 4974 2318 5028 εἱ
2380 4977 2547 5048 ἡμεῖς
2605 4976 2759 5048 ὑμων
2819 4979 2884 5034 τὰ
2941 4981 3170 5056 σαρκικά
3226 4983 3557 5060 θερίσομενς
3634 4985 3696 5043 Εἰ
3757 4984 3914 5043 ἄλλοι

2273 5069 2370 5132 τῆς
2476 5064 2716 5136 ἐξουσίας
2825 5069 2975 5141 ὑμῶν
3083 5071 3432 5148 μετέχουσιν,
3539 5073 3600 5130 οὐ
3707 5075 3908 5150 μᾶλλον

2274 5155 2474 5225 ἡμεῖς
2538 5154 2699 5212 Ἀλλ’
2776 5155 2874 5214 οὒκ
2932 5157 3286 5235 ἐχρησάμεθα
3341 5166 3409 5236 τῇ
3463 5161 3685 5239 ἐξουσίᾳ
3735 5165 3907 5238 ταύτῃ,

2272 5241 2419 5299 ἀλλᾶ
2475 5247 2650 5301 πάντα
2725 5249 3006 5325 στέγομεν,
3055 5249 3145 5306 ’ίνα
3205 5255 3282 5327 μὴ
3341 5252 3579 5330 ἐγκοπήν
3636 5277 3756 5311 τινα
3813 5254 3914 5312 δῶ-

2277 5354 2370 5406 μεν
2406 5334 2476 5403 τῷ
2513 5334 2826 5411 Εὔαγγελίῳ
2855 5338 2950 5394 τοῦ
2978 5341 3234 5414 Χριστοῦ.

2345 5430 2479 5486 Εἶτα
2503 5433 2589 5486 καὶ
2622 5432 2765 5489 ἄλλο
2799 5435 2971 5514 λέγει,
3005 5437 3214 5503 δεικνὺς
3273 5439 3382 5496 δεῖν
3441 5443 3532 5498 τὸν
3589 5439 3676 5498 διδ
3691 5441 3904 5500 ὶσκαλον

2269 5519 2575 5601 τρὲτθεσοιι.
2610 5523 2682 5578 0'3
2706 5525 2808 5602 γάρ
2841 5527 3027 5598 δμοεαο
3058 5531 3244 5608 φησὶν,
3287 5553 3358 5586 ων
3416 5529 3724 5606 λαμϐάνετε
3777 5553 3906 5608 παρ’

2270 5607 2447 5690 ἔχετε.
2482 5611 2547 5669 Εἰ
2573 5614 2677 5691 γὶρ
2716 5615 2879 5688 ἡμεῖς
2909 5617 2976 5672 τὰ
3014 5621 3351 5694 πνευματικᾶ
3400 5623 3477 5687 εἰς
3536 5623 3676 5698 ὑμᾶς
3734 5622 3906 5680 inrtio

2273 5717 2461 5774 ραμεν,
2519 5703 2766 5763 τουτέστι
2802 5753 2816 5780 ,
2873 5725 3243 5784 παρεσχομεν,
3307 5712 3446 5791 μὲγα
3503 5711 3643 5768 ἐστὶν
3701 5712 3792 5769 ἒᾶν
3843 5711 3903 5767 τὰ

4057 5631 4063 5642 ι

4055 5921 4061 5960 i
