  <div class='ocr_page' id='page_1' title='image "/cluster/home/n/w/nwhite01/storage/ocr_20150623/118/hvd.32044073502247/386.png"; bbox 0 0 4198 6200; ppageno 0'>
   <div class='ocr_carea' id='block_1_1' title="bbox 362 369 477 432">
    <p class='ocr_par' dir='ltr' id='par_1_1' title="bbox 362 369 477 432">
     <span class='ocr_line' id='line_1_1' title="bbox 362 369 477 432; baseline 0 -1"><span class='ocrx_word' id='word_1_1' title='bbox 362 369 477 432; x_wconf 78' lang='grc' dir='ltr'><strong>τοι</strong></span> 
     </span>
    </p>
   </div>
   <div class='ocr_carea' id='block_1_2' title="bbox 1350 361 2813 429">
    <p class='ocr_par' dir='ltr' id='par_1_2' title="bbox 1350 361 2813 429">
     <span class='ocr_line' id='line_1_2' title="bbox 1350 361 2813 429; baseline 0.002 -3"><span class='ocrx_word' id='word_1_2' title='bbox 1350 363 1760 426; x_wconf 80' lang='lat' dir='ltr'><strong>COMMEN&#39;l‘.</strong></span> <span class='ocrx_word' id='word_1_3' title='bbox 1809 363 1891 424; x_wconf 79' lang='lat' dir='ltr'><strong>IN</strong></span> <span class='ocrx_word' id='word_1_4' title='bbox 1937 361 2186 426; x_wconf 77' lang='lat' dir='ltr'><strong>EPIST.</strong></span> <span class='ocrx_word' id='word_1_5' title='bbox 2232 364 2256 425; x_wconf 90' lang='lat' dir='ltr'><strong>l</strong></span> <span class='ocrx_word' id='word_1_6' title='bbox 2301 367 2405 426; x_wconf 82' lang='lat' dir='ltr'><strong>AD</strong></span> <span class='ocrx_word' id='word_1_7' title='bbox 2447 366 2813 429; x_wconf 78' lang='lat' dir='ltr'><strong>CORINTH.</strong></span> 
     </span>
    </p>
   </div>
   <div class='ocr_carea' id='block_1_3' title="bbox 3663 370 3778 430">
    <p class='ocr_par' dir='ltr' id='par_1_3' title="bbox 3663 370 3778 430">
     <span class='ocr_line' id='line_1_3' title="bbox 3663 370 3778 430; baseline 0 0"><span class='ocrx_word' id='word_1_8' title='bbox 3663 370 3778 430; x_wconf 81' lang='grc'><strong>’162</strong></span> 
     </span>
    </p>
   </div>
   <div class='ocr_carea' id='block_1_4' title="bbox 371 491 2033 577">
    <p class='ocr_par' dir='ltr' id='par_1_4' title="bbox 371 491 2018 577">
     <span class='ocr_line' id='line_1_4' title="bbox 371 491 2018 577; baseline -0.008 -18"><span class='ocrx_word' id='word_1_9' title='bbox 371 498 606 577; x_wconf 82' lang='grc' dir='ltr'><strong>σαρκικᾶ</strong></span> <span class='ocrx_word' id='word_1_10' title='bbox 657 493 969 572; x_wconf 72' lang='grc' dir='ltr'><strong>λάϐωμεν;</strong></span> <span class='ocrx_word' id='word_1_11' title='bbox 1029 496 1364 572; x_wconf 83' lang='grc' dir='ltr'><strong>πνευματικᾶ</strong></span> <span class='ocrx_word' id='word_1_12' title='bbox 1420 495 1519 565; x_wconf 80' lang='grc' dir='ltr'><strong>τήν</strong></span> <span class='ocrx_word' id='word_1_13' title='bbox 1580 493 1760 551; x_wconf 85' lang='grc' dir='ltr'><strong>πίστιν</strong></span> <span class='ocrx_word' id='word_1_14' title='bbox 1818 491 2018 572; x_wconf 71' lang='grc' dir='ltr'><strong>λέγων,</strong></span> 
     </span>
    </p>
   </div>
   <div class='ocr_carea' id='block_1_5' title="bbox 2144 491 3781 577">
    <p class='ocr_par' dir='ltr' id='par_1_5' title="bbox 2144 498 3781 575">
     <span class='ocr_line' id='line_1_5' title="bbox 2144 498 3781 575; baseline 0.003 -19"><span class='ocrx_word' id='word_1_15' title='bbox 2144 498 2399 556; x_wconf 80' lang='lat' dir='ltr'><strong>carnalia</strong></span> <span class='ocrx_word' id='word_1_16' title='bbox 2426 500 2786 573; x_wconf 81' lang='lat' dir='ltr'><strong>accipiamus</strong></span> <span class='ocrx_word' id='word_1_17' title='bbox 2804 502 2832 558; x_wconf 84' lang='lat'><strong>?</strong></span> <span class='ocrx_word' id='word_1_18' title='bbox 2853 502 3186 575; x_wconf 88' lang='lat' dir='ltr'><strong>spiritualia</strong></span> <span class='ocrx_word' id='word_1_19' title='bbox 3215 501 3418 559; x_wconf 90' lang='lat' dir='ltr'><strong>dicens</strong></span> <span class='ocrx_word' id='word_1_20' title='bbox 3446 503 3621 561; x_wconf 80' lang='lat' dir='ltr'><strong>ﬁdem</strong></span> <span class='ocrx_word' id='word_1_21' title='bbox 3653 521 3781 561; x_wconf 89' lang='lat' dir='ltr'><strong>car-</strong></span> 
     </span>
    </p>
   </div>
   <div class='ocr_carea' id='block_1_6' title="bbox 370 583 2018 670">
    <p class='ocr_par' dir='ltr' id='par_1_6' title="bbox 370 583 2018 670">
     <span class='ocr_line' id='line_1_6' title="bbox 370 583 2018 670; baseline -0.007 -22"><span class='ocrx_word' id='word_1_22' title='bbox 370 591 600 667; x_wconf 75' lang='grc' dir='ltr'><strong>σαρκικᾶ</strong></span> <span class='ocrx_word' id='word_1_23' title='bbox 633 587 690 645; x_wconf 76' lang='grc' dir='ltr'><strong>εὶ</strong></span> <span class='ocrx_word' id='word_1_24' title='bbox 714 590 812 658; x_wconf 71' lang='grc' dir='ltr'><strong>την</strong></span> <span class='ocrx_word' id='word_1_25' title='bbox 848 591 1075 670; x_wconf 70' lang='grc' dir='ltr'><strong>τροφήν,</strong></span> <span class='ocrx_word' id='word_1_26' title='bbox 1137 612 1165 640; x_wconf 88' lang='grc'><strong>‹‹</strong></span> <span class='ocrx_word' id='word_1_27' title='bbox 1210 586 1275 646; x_wconf 67' lang='grc' dir='ltr'><strong>Εἴ</strong></span> <span class='ocrx_word' id='word_1_28' title='bbox 1333 584 1496 642; x_wconf 70' lang='grc' dir='ltr'><strong>ἄλλοι</strong></span> <span class='ocrx_word' id='word_1_29' title='bbox 1554 591 1653 655; x_wconf 79' lang='grc' dir='ltr'><strong>τῆς</strong></span> <span class='ocrx_word' id='word_1_30' title='bbox 1699 583 1956 656; x_wconf 75' lang='grc' dir='ltr'><strong>ἐξουσῖας.</strong></span> <span class='ocrx_word' id='word_1_31' title='bbox 1990 607 2018 636; x_wconf 83' lang='lat'>»</span> 
     </span>
    </p>
   </div>
   <div class='ocr_carea' id='block_1_7' title="bbox 370 675 2022 754">
    <p class='ocr_par' dir='ltr' id='par_1_7' title="bbox 370 675 2022 754">
     <span class='ocr_line' id='line_1_7' title="bbox 370 675 2022 754; baseline -0.007 -15"><span class='ocrx_word' id='word_1_32' title='bbox 370 682 546 754; x_wconf 84' lang='grc' dir='ltr'><strong>Δηλοῖ</strong></span> <span class='ocrx_word' id='word_1_33' title='bbox 602 702 755 745; x_wconf 85' lang='grc' dir='ltr'><strong>τινας</strong></span> <span class='ocrx_word' id='word_1_34' title='bbox 809 681 1144 746; x_wconf 73' lang='grc' dir='ltr'><strong>ἀπατεῶνας,</strong></span> <span class='ocrx_word' id='word_1_35' title='bbox 1198 681 1526 754; x_wconf 68' lang='grc' dir='ltr'><strong>κρατοῦντας</strong></span> <span class='ocrx_word' id='word_1_36' title='bbox 1585 676 1784 742; x_wconf 71' lang='grc' dir='ltr'><strong>αὖοῶν,</strong></span> <span class='ocrx_word' id='word_1_37' title='bbox 1838 675 1927 730; x_wconf 74' lang='grc' dir='ltr'><strong>καὶ</strong></span> <span class='ocrx_word' id='word_1_38' title='bbox 1961 677 2022 733; x_wconf 80' lang='grc' dir='ltr'><strong>οὐ</strong></span> 
     </span>
    </p>
   </div>
   <div class='ocr_carea' id='block_1_8' title="bbox 374 764 2023 846">
    <p class='ocr_par' dir='ltr' id='par_1_8' title="bbox 374 764 2023 846">
     <span class='ocr_line' id='line_1_8' title="bbox 374 764 2023 846; baseline -0.007 -18"><span class='ocrx_word' id='word_1_39' title='bbox 374 773 540 846; x_wconf 87' lang='grc' dir='ltr'><strong>μόνον</strong></span> <span class='ocrx_word' id='word_1_40' title='bbox 569 773 697 846; x_wconf 87' lang='grc' dir='ltr'><strong>παρ’</strong></span> <span class='ocrx_word' id='word_1_41' title='bbox 732 770 916 832; x_wconf 73' lang='grc' dir='ltr'><strong>αὐτοῖς</strong></span> <span class='ocrx_word' id='word_1_42' title='bbox 968 768 1267 837; x_wconf 82' lang='grc' dir='ltr'><strong>ἐσθίοντας,</strong></span> <span class='ocrx_word' id='word_1_43' title='bbox 1328 764 1477 822; x_wconf 76' lang='grc' dir='ltr'><strong>ἀλλα</strong></span> <span class='ocrx_word' id='word_1_44' title='bbox 1530 767 1622 822; x_wconf 74' lang='grc' dir='ltr'><strong>καὶ</strong></span> <span class='ocrx_word' id='word_1_45' title='bbox 1692 764 2023 838; x_wconf 67' lang='grc' dir='ltr'><strong>ἐξουσιάζονο</strong></span> 
     </span>
    </p>
   </div>
   <div class='ocr_carea' id='block_1_9' title="bbox 370 856 2025 931">
    <p class='ocr_par' dir='ltr' id='par_1_9' title="bbox 370 856 2025 931">
     <span class='ocr_line' id='line_1_9' title="bbox 370 856 2025 931; baseline -0.006 -13"><span class='ocrx_word' id='word_1_46' title='bbox 370 883 463 924; x_wconf 89' lang='grc' dir='ltr'><strong>τας</strong></span> <span class='ocrx_word' id='word_1_47' title='bbox 485 862 681 918; x_wconf 73' lang='grc' dir='ltr'><strong>αὐτῶν.</strong></span> <span class='ocrx_word' id='word_1_48' title='bbox 721 861 781 918; x_wconf 76' lang='grc' dir='ltr'><strong>Εἰ</strong></span> <span class='ocrx_word' id='word_1_49' title='bbox 817 862 914 917; x_wconf 67' lang='grc' dir='ltr'><strong>οἷκ</strong></span> <span class='ocrx_word' id='word_1_50' title='bbox 963 860 1187 928; x_wconf 62' lang='grc' dir='ltr'><strong>ἐκεῖνος,</strong></span> <span class='ocrx_word' id='word_1_51' title='bbox 1246 858 1402 931; x_wconf 73' lang='grc' dir='ltr'><strong>φησί,</strong></span> <span class='ocrx_word' id='word_1_52' title='bbox 1441 864 1542 926; x_wconf 80' lang='grc' dir='ltr'><strong>τῆς</strong></span> <span class='ocrx_word' id='word_1_53' title='bbox 1599 856 1841 931; x_wconf 77' lang='grc' dir='ltr'><strong>ἐξουσίας</strong></span> <span class='ocrx_word' id='word_1_54' title='bbox 1896 875 2025 928; x_wconf 83' lang='grc' dir='ltr'><strong>μετ-</strong></span> 
     </span>
    </p>
   </div>
   <div class='ocr_carea' id='block_1_10' title="bbox 373 945 2026 1028">
    <p class='ocr_par' dir='ltr' id='par_1_10' title="bbox 373 945 2026 1028">
     <span class='ocr_line' id='line_1_10' title="bbox 373 945 2026 1028; baseline -0.007 -20"><span class='ocrx_word' id='word_1_55' title='bbox 373 952 598 1028; x_wconf 82' lang='grc' dir='ltr'><strong>ἑχουσιν</strong></span> <span class='ocrx_word' id='word_1_56' title='bbox 629 951 681 1007; x_wconf 75' lang='grc' dir='ltr'><strong>ἐν</strong></span> <span class='ocrx_word' id='word_1_57' title='bbox 713 955 790 1022; x_wconf 83' lang='grc' dir='ltr'><strong>τῷ</strong></span> <span class='ocrx_word' id='word_1_58' title='bbox 840 947 1029 1026; x_wconf 74' lang='grc' dir='ltr'><strong>ἃρχειν</strong></span> <span class='ocrx_word' id='word_1_59' title='bbox 1091 949 1269 1022; x_wconf 79' lang='grc' dir='ltr'><strong>ὑμῶν,</strong></span> <span class='ocrx_word' id='word_1_60' title='bbox 1327 947 1425 1002; x_wconf 80' lang='grc' dir='ltr'><strong>οὐκ</strong></span> <span class='ocrx_word' id='word_1_61' title='bbox 1483 949 1585 1022; x_wconf 77' lang='grc' dir='ltr'><strong>ἄρα</strong></span> <span class='ocrx_word' id='word_1_62' title='bbox 1647 948 1813 1018; x_wconf 70' lang='grc' dir='ltr'><strong>ἡμεῖς</strong></span> <span class='ocrx_word' id='word_1_63' title='bbox 1870 945 2026 1016; x_wconf 81' lang='grc' dir='ltr'><strong>ἐσμεν</strong></span> 
     </span>
    </p>
   </div>
   <div class='ocr_carea' id='block_1_11' title="bbox 376 1033 2027 1113">
    <p class='ocr_par' dir='ltr' id='par_1_11' title="bbox 376 1033 2027 1113">
     <span class='ocr_line' id='line_1_11' title="bbox 376 1033 2027 1113; baseline -0.004 -17"><span class='ocrx_word' id='word_1_64' title='bbox 376 1038 579 1097; x_wconf 76' lang='grc' dir='ltr'><strong>δίκαιοι</strong></span> <span class='ocrx_word' id='word_1_65' title='bbox 617 1037 835 1113; x_wconf 73' lang='grc' dir='ltr'><strong>μᾶλλον</strong></span> <span class='ocrx_word' id='word_1_66' title='bbox 867 1042 1032 1094; x_wconf 80' lang='grc' dir='ltr'><strong>τοῦτο</strong></span> <span class='ocrx_word' id='word_1_67' title='bbox 1083 1042 1300 1106; x_wconf 84' lang='grc' dir='ltr'><strong>ποιεῖν;</strong></span> <span class='ocrx_word' id='word_1_68' title='bbox 1337 1061 1356 1088; x_wconf 83' lang='grc' dir='ltr'><strong>ι</strong></span> <span class='ocrx_word' id='word_1_69' title='bbox 1421 1033 1578 1094; x_wconf 87' lang='grc' dir='ltr'><strong>Ἀλλ’</strong></span> <span class='ocrx_word' id='word_1_70' title='bbox 1636 1036 1737 1092; x_wconf 84' lang='grc' dir='ltr'><strong>οὐκ</strong></span> <span class='ocrx_word' id='word_1_71' title='bbox 1788 1033 2027 1110; x_wconf 73' lang='grc' dir='ltr'><strong>ἐχρησάο</strong></span> 
     </span>
    </p>
   </div>
   <div class='ocr_carea' id='block_1_12' title="bbox 377 1122 2028 1205">
    <p class='ocr_par' dir='ltr' id='par_1_12' title="bbox 377 1122 2028 1205">
     <span class='ocr_line' id='line_1_12' title="bbox 377 1122 2028 1205; baseline -0.004 -19"><span class='ocrx_word' id='word_1_72' title='bbox 377 1132 514 1205; x_wconf 83' lang='grc' dir='ltr'><strong>μεθα</strong></span> <span class='ocrx_word' id='word_1_73' title='bbox 545 1133 614 1203; x_wconf 79' lang='grc' dir='ltr'><strong>τῇ</strong></span> <span class='ocrx_word' id='word_1_74' title='bbox 648 1128 861 1202; x_wconf 75' lang='grc' dir='ltr'><strong>ἐξουσίᾳ</strong></span> <span class='ocrx_word' id='word_1_75' title='bbox 909 1129 1098 1202; x_wconf 67' lang='grc' dir='ltr'><strong>ταύτῃ.</strong></span> <span class='ocrx_word' id='word_1_76' title='bbox 1133 1152 1162 1180; x_wconf 86' lang='grc'><strong>››</strong></span> <span class='ocrx_word' id='word_1_77' title='bbox 1219 1129 1382 1204; x_wconf 82' lang='grc' dir='ltr'><strong>Ὁρᾷς</strong></span> <span class='ocrx_word' id='word_1_78' title='bbox 1436 1131 1546 1182; x_wconf 77' lang='grc' dir='ltr'><strong>ποῦ</strong></span> <span class='ocrx_word' id='word_1_79' title='bbox 1595 1122 1915 1182; x_wconf 76' lang='grc' dir='ltr'><strong>ἀποδίδοται</strong></span> <span class='ocrx_word' id='word_1_80' title='bbox 1965 1124 2028 1180; x_wconf 82' lang='grc' dir='ltr'><strong>τὸ</strong></span> 
     </span>
    </p>
   </div>
   <div class='ocr_carea' id='block_1_13' title="bbox 374 1213 2026 1294">
    <p class='ocr_par' dir='ltr' id='par_1_13' title="bbox 374 1213 2026 1294">
     <span class='ocr_line' id='line_1_13' title="bbox 374 1213 2026 1294; baseline -0.006 -19"><span class='ocrx_word' id='word_1_81' title='bbox 374 1217 746 1294; x_wconf 71' lang='grc' dir='ltr'><strong>συμπέρασμα</strong></span> <span class='ocrx_word' id='word_1_82' title='bbox 793 1221 890 1272; x_wconf 77' lang='grc' dir='ltr'><strong>τοῦ</strong></span> <span class='ocrx_word' id='word_1_83' title='bbox 947 1217 1226 1289; x_wconf 72' lang='grc' dir='ltr'><strong>νοήματος</strong></span> <span class='ocrx_word' id='word_1_84' title='bbox 1281 1234 1296 1284; x_wconf 89' lang='lat'><strong>;</strong></span> <span class='ocrx_word' id='word_1_85' title='bbox 1358 1215 1422 1273; x_wconf 77' lang='lat' dir='ltr'><strong>El</strong></span> <span class='ocrx_word' id='word_1_86' title='bbox 1470 1216 1569 1290; x_wconf 72' lang='grc' dir='ltr'><strong>γὰρ</strong></span> <span class='ocrx_word' id='word_1_87' title='bbox 1624 1213 1714 1270; x_wconf 79' lang='grc' dir='ltr'><strong>καὶ</strong></span> <span class='ocrx_word' id='word_1_88' title='bbox 1780 1214 1847 1284; x_wconf 78' lang='grc' dir='ltr'><strong>ἥν</strong></span> <span class='ocrx_word' id='word_1_89' title='bbox 1911 1233 2026 1285; x_wconf 88' lang='grc' dir='ltr'><strong>μοι,</strong></span> 
     </span>
    </p>
   </div>
   <div class='ocr_carea' id='block_1_14' title="bbox 373 1301 2030 1388">
    <p class='ocr_par' dir='ltr' id='par_1_14' title="bbox 373 1301 2030 1388">
     <span class='ocr_line' id='line_1_14' title="bbox 373 1301 2030 1388; baseline -0.002 -24"><span class='ocrx_word' id='word_1_90' title='bbox 373 1310 566 1388; x_wconf 75' lang='grc' dir='ltr'><strong>φησὶν,</strong></span> <span class='ocrx_word' id='word_1_91' title='bbox 602 1308 813 1379; x_wconf 77' lang='grc' dir='ltr'><strong>ἐξουσία</strong></span> <span class='ocrx_word' id='word_1_92' title='bbox 844 1310 940 1363; x_wconf 75' lang='grc' dir='ltr'>τοῦ</span> <span class='ocrx_word' id='word_1_93' title='bbox 973 1301 1270 1380; x_wconf 74' lang='grc' dir='ltr'><strong>Ιαμόανειν</strong></span> <span class='ocrx_word' id='word_1_94' title='bbox 1299 1305 1425 1378; x_wconf 86' lang='grc' dir='ltr'><strong>παρ’</strong></span> <span class='ocrx_word' id='word_1_95' title='bbox 1476 1305 1648 1378; x_wconf 81' lang='grc' dir='ltr'><strong>ὑμῶν,</strong></span> <span class='ocrx_word' id='word_1_96' title='bbox 1702 1305 1778 1368; x_wconf 87' lang='grc' dir='ltr'><strong>ὡς</strong></span> <span class='ocrx_word' id='word_1_97' title='bbox 1831 1301 2030 1360; x_wconf 83' lang='grc' dir='ltr'><strong>ἀποδέ-</strong></span> 
     </span>
    </p>
   </div>
   <div class='ocr_carea' id='block_1_15' title="bbox 375 1391 2028 1456">
    <p class='ocr_par' dir='ltr' id='par_1_15' title="bbox 375 1391 2028 1456">
     <span class='ocr_line' id='line_1_15' title="bbox 375 1391 2028 1456; baseline -0.003 -3"><span class='ocrx_word' id='word_1_98' title='bbox 375 1395 585 1454; x_wconf 82' lang='grc' dir='ltr'><strong>δειλται</strong></span> <span class='ocrx_word' id='word_1_99' title='bbox 627 1391 688 1453; x_wconf 61' lang='lat' dir='ltr'><strong>lt&quot;</strong></span> <span class='ocrx_word' id='word_1_100' title='bbox 733 1417 794 1452; x_wconf 84' lang='grc' dir='ltr'><strong>τε</strong></span> <span class='ocrx_word' id='word_1_101' title='bbox 830 1394 928 1452; x_wconf 74' lang='grc' dir='ltr'>τοῦ</span> <span class='ocrx_word' id='word_1_102' title='bbox 980 1399 1147 1453; x_wconf 79' lang='grc' dir='ltr'><strong>ταῦτα</strong></span> <span class='ocrx_word' id='word_1_103' title='bbox 1195 1401 1370 1451; x_wconf 85' lang='grc' dir='ltr'><strong>ποιεῖν</strong></span> <span class='ocrx_word' id='word_1_104' title='bbox 1419 1393 1547 1456; x_wconf 70' lang='grc' dir='ltr'><strong>τοὺς</strong></span> <span class='ocrx_word' id='word_1_105' title='bbox 1607 1392 1837 1454; x_wconf 75' lang='grc' dir='ltr'><strong>λοιποὺς</strong></span> <span class='ocrx_word' id='word_1_106' title='bbox 1888 1393 2028 1450; x_wconf 80' lang='grc' dir='ltr'><strong>ἀποο</strong></span> 
     </span>
    </p>
   </div>
   <div class='ocr_carea' id='block_1_16' title="bbox 377 1482 2030 1562">
    <p class='ocr_par' dir='ltr' id='par_1_16' title="bbox 377 1482 2030 1562">
     <span class='ocr_line' id='line_1_16' title="bbox 377 1482 2030 1562; baseline -0.004 -18"><span class='ocrx_word' id='word_1_107' title='bbox 377 1486 633 1551; x_wconf 78' lang='grc' dir='ltr'><strong>στόλους.</strong></span> <span class='ocrx_word' id='word_1_108' title='bbox 670 1486 759 1542; x_wconf 83' lang='grc' dir='ltr'><strong>καὶ</strong></span> <span class='ocrx_word' id='word_1_109' title='bbox 796 1485 846 1560; x_wconf 77' lang='grc' dir='ltr'><strong>ἐξ</strong></span> <span class='ocrx_word' id='word_1_110' title='bbox 904 1485 977 1542; x_wconf 83' lang='grc' dir='ltr'><strong>ὤν</strong></span> <span class='ocrx_word' id='word_1_111' title='bbox 1033 1486 1344 1562; x_wconf 72' lang='grc' dir='ltr'><strong>παρεθέμην</strong></span> <span class='ocrx_word' id='word_1_112' title='bbox 1399 1482 1878 1560; x_wconf 65' lang='grc' dir='ltr'><strong>παραδειγμάτων,</strong></span> <span class='ocrx_word' id='word_1_113' title='bbox 1939 1483 2030 1539; x_wconf 86' lang='grc' dir='ltr'><strong>καῖ</strong></span> 
     </span>
    </p>
   </div>
   <div class='ocr_carea' id='block_1_17' title="bbox 374 1570 2026 1653">
    <p class='ocr_par' dir='ltr' id='par_1_17' title="bbox 374 1570 2026 1653">
     <span class='ocr_line' id='line_1_17' title="bbox 374 1570 2026 1653; baseline -0.003 -19"><span class='ocrx_word' id='word_1_114' title='bbox 374 1581 470 1634; x_wconf 67' lang='grc' dir='ltr'><strong>τοῦ</strong></span> <span class='ocrx_word' id='word_1_115' title='bbox 499 1578 678 1650; x_wconf 82' lang='grc' dir='ltr'><strong>νόμου</strong></span> <span class='ocrx_word' id='word_1_116' title='bbox 713 1576 973 1640; x_wconf 70' lang='grc' dir='ltr'><strong>Μωσέως·</strong></span> <span class='ocrx_word' id='word_1_117' title='bbox 1005 1577 1157 1647; x_wconf 81' lang='grc' dir='ltr'><strong>ὅμως</strong></span> <span class='ocrx_word' id='word_1_118' title='bbox 1189 1571 1340 1632; x_wconf 69' lang='grc' dir='ltr'><strong>οὐδὲν</strong></span> <span class='ocrx_word' id='word_1_119' title='bbox 1393 1572 1616 1653; x_wconf 71' lang='grc' dir='ltr'><strong>ε’ἶληιρα,</strong></span> <span class='ocrx_word' id='word_1_120' title='bbox 1657 1570 1916 1637; x_wconf 75' lang='grc' dir='ltr'><strong>δεδοικὼς</strong></span> <span class='ocrx_word' id='word_1_121' title='bbox 1952 1575 2026 1647; x_wconf 79' lang='grc' dir='ltr'><strong>μη</strong></span> 
     </span>
    </p>
   </div>
   <div class='ocr_carea' id='block_1_18' title="bbox 374 1663 2029 1745">
    <p class='ocr_par' dir='ltr' id='par_1_18' title="bbox 374 1663 2029 1745">
     <span class='ocr_line' id='line_1_18' title="bbox 374 1663 2029 1745; baseline -0.002 -22"><span class='ocrx_word' id='word_1_122' title='bbox 374 1667 537 1723; x_wconf 75' lang='grc' dir='ltr'><strong>τοῦτὸ</strong></span> <span class='ocrx_word' id='word_1_123' title='bbox 559 1685 707 1728; x_wconf 84' lang='grc' dir='ltr'><strong>τινας</strong></span> <span class='ocrx_word' id='word_1_124' title='bbox 739 1667 947 1745; x_wconf 75' lang='grc' dir='ltr'><strong>ἐγκόψῃ</strong></span> <span class='ocrx_word' id='word_1_125' title='bbox 1015 1667 1150 1742; x_wconf 70' lang='grc' dir='ltr'><strong>πρὸς</strong></span> <span class='ocrx_word' id='word_1_126' title='bbox 1204 1667 1302 1734; x_wconf 76' lang='grc' dir='ltr'><strong>τήν</strong></span> <span class='ocrx_word' id='word_1_127' title='bbox 1362 1665 1562 1720; x_wconf 81' lang='grc' dir='ltr'><strong>πίστιν.</strong></span> <span class='ocrx_word' id='word_1_128' title='bbox 1626 1664 1686 1722; x_wconf 81' lang='grc' dir='ltr'><strong>Εἰ</strong></span> <span class='ocrx_word' id='word_1_129' title='bbox 1746 1663 1838 1719; x_wconf 67' lang='grc' dir='ltr'><strong>οὖν</strong></span> <span class='ocrx_word' id='word_1_130' title='bbox 1898 1663 2029 1740; x_wconf 70' lang='grc' dir='ltr'><strong>ἐγὼ,</strong></span> 
     </span>
    </p>
   </div>
   <div class='ocr_carea' id='block_1_19' title="bbox 374 1753 2028 1833">
    <p class='ocr_par' dir='ltr' id='par_1_19' title="bbox 374 1753 2028 1833">
     <span class='ocr_line' id='line_1_19' title="bbox 374 1753 2028 1833; baseline 0 -23"><span class='ocrx_word' id='word_1_131' title='bbox 374 1756 509 1833; x_wconf 76' lang='grc' dir='ltr'><strong>φησί</strong></span> <span class='ocrx_word' id='word_1_132' title='bbox 540 1760 726 1825; x_wconf 75' lang='grc' dir='ltr'><strong>(τοῦτο</strong></span> <span class='ocrx_word' id='word_1_133' title='bbox 755 1757 858 1832; x_wconf 67' lang='grc' dir='ltr'><strong>γὰρ</strong></span> <span class='ocrx_word' id='word_1_134' title='bbox 892 1754 1151 1832; x_wconf 69' lang='grc' dir='ltr'><strong>βούλεται</strong></span> <span class='ocrx_word' id='word_1_135' title='bbox 1191 1755 1256 1810; x_wconf 81' lang='grc' dir='ltr'><strong>τὸ</strong></span> <span class='ocrx_word' id='word_1_136' title='bbox 1313 1753 1539 1827; x_wconf 79' lang='grc' dir='ltr'><strong>νόημα),</strong></span> <span class='ocrx_word' id='word_1_137' title='bbox 1572 1754 1662 1809; x_wconf 81' lang='grc' dir='ltr'><strong>καὶ</strong></span> <span class='ocrx_word' id='word_1_138' title='bbox 1691 1758 1798 1810; x_wconf 90' lang='grc' dir='ltr'><strong>τῶν</strong></span> <span class='ocrx_word' id='word_1_139' title='bbox 1847 1753 2028 1810; x_wconf 73' lang='grc' dir='ltr'><strong>ἐπιτεο</strong></span> 
     </span>
    </p>
   </div>
   <div class='ocr_carea' id='block_1_20' title="bbox 2139 590 3783 665">
    <p class='ocr_par' dir='ltr' id='par_1_20' title="bbox 2139 590 3783 665">
     <span class='ocr_line' id='line_1_20' title="bbox 2139 590 3783 665; baseline 0.004 -21"><span class='ocrx_word' id='word_1_140' title='bbox 2139 590 2299 645; x_wconf 90' lang='lat' dir='ltr'><strong>nalia</strong></span> <span class='ocrx_word' id='word_1_141' title='bbox 2329 606 2463 646; x_wconf 83' lang='lat' dir='ltr'><strong>vero</strong></span> <span class='ocrx_word' id='word_1_142' title='bbox 2495 591 2865 648; x_wconf 73' lang='lat' dir='ltr'><strong>alimentum.</strong></span> <span class='ocrx_word' id='word_1_143' title='bbox 2894 614 2923 642; x_wconf 90' lang='grc'><em>‹‹</em></span> <span class='ocrx_word' id='word_1_144' title='bbox 2944 593 3002 648; x_wconf 88' lang='lat' dir='ltr'><strong>Si</strong></span> <span class='ocrx_word' id='word_1_145' title='bbox 3024 593 3126 647; x_wconf 85' lang='lat' dir='ltr'><strong>alii</strong></span> <span class='ocrx_word' id='word_1_146' title='bbox 3160 593 3485 665; x_wconf 72' lang='lat' dir='ltr'><strong>potestatis.</strong></span> <span class='ocrx_word' id='word_1_147' title='bbox 3519 595 3783 651; x_wconf 70' lang='lat' dir='ltr'><strong>nlndicat</strong></span> 
     </span>
    </p>
   </div>
   <div class='ocr_carea' id='block_1_21' title="bbox 2135 680 3779 755">
    <p class='ocr_par' dir='ltr' id='par_1_21' title="bbox 2135 680 3779 755">
     <span class='ocr_line' id='line_1_21' title="bbox 2135 680 3779 755; baseline 0.003 -21"><span class='ocrx_word' id='word_1_148' title='bbox 2135 680 2422 752; x_wconf 86' lang='lat' dir='ltr'><strong>quosdam</strong></span> <span class='ocrx_word' id='word_1_149' title='bbox 2464 681 2817 754; x_wconf 88' lang='lat' dir='ltr'><strong>impostores</strong></span> <span class='ocrx_word' id='word_1_150' title='bbox 2849 683 2947 754; x_wconf 91' lang='lat' dir='ltr'><strong>qui</strong></span> <span class='ocrx_word' id='word_1_151' title='bbox 2978 683 3136 753; x_wconf 89' lang='lat' dir='ltr'><strong>ipsos</strong></span> <span class='ocrx_word' id='word_1_152' title='bbox 3168 684 3344 738; x_wconf 82' lang='lat' dir='ltr'><strong>veluti</strong></span> <span class='ocrx_word' id='word_1_153' title='bbox 3376 683 3779 755; x_wconf 85' lang='lat' dir='ltr'><strong>possidebant:</strong></span> 
     </span>
    </p>
   </div>
   <div class='ocr_carea' id='block_1_22' title="bbox 2135 771 3779 845">
    <p class='ocr_par' dir='ltr' id='par_1_22' title="bbox 2135 771 3779 845">
     <span class='ocr_line' id='line_1_22' title="bbox 2135 771 3779 845; baseline 0.002 -19"><span class='ocrx_word' id='word_1_154' title='bbox 2135 786 2244 826; x_wconf 90' lang='lat' dir='ltr'><strong>nec</strong></span> <span class='ocrx_word' id='word_1_155' title='bbox 2276 771 2466 826; x_wconf 92' lang='lat' dir='ltr'><strong>solum</strong></span> <span class='ocrx_word' id='word_1_156' title='bbox 2499 771 2654 843; x_wconf 87' lang='lat' dir='ltr'><strong>apud</strong></span> <span class='ocrx_word' id='word_1_157' title='bbox 2683 789 2784 827; x_wconf 83' lang='lat' dir='ltr'><strong>eos</strong></span> <span class='ocrx_word' id='word_1_158' title='bbox 2838 771 3129 827; x_wconf 84' lang='lat' dir='ltr'><strong>edebant:</strong></span> <span class='ocrx_word' id='word_1_159' title='bbox 3165 773 3268 828; x_wconf 90' lang='lat' dir='ltr'><strong>sed</strong></span> <span class='ocrx_word' id='word_1_160' title='bbox 3319 779 3376 828; x_wconf 93' lang='lat' dir='ltr'><strong>et</strong></span> <span class='ocrx_word' id='word_1_161' title='bbox 3425 779 3779 845; x_wconf 85' lang='lat' dir='ltr'><strong>potestatem</strong></span> 
     </span>
    </p>
   </div>
   <div class='ocr_carea' id='block_1_23' title="bbox 2136 861 3777 933">
    <p class='ocr_par' dir='ltr' id='par_1_23' title="bbox 2136 861 3777 933">
     <span class='ocr_line' id='line_1_23' title="bbox 2136 861 3777 933; baseline 0.002 -17"><span class='ocrx_word' id='word_1_162' title='bbox 2136 876 2274 933; x_wconf 82' lang='lat' dir='ltr'><strong>erga</strong></span> <span class='ocrx_word' id='word_1_163' title='bbox 2305 861 2462 932; x_wconf 88' lang='lat' dir='ltr'><strong>ipsos</strong></span> <span class='ocrx_word' id='word_1_164' title='bbox 2494 861 2792 917; x_wconf 84' lang='lat' dir='ltr'><strong>habebant</strong></span> <span class='ocrx_word' id='word_1_165' title='bbox 2818 862 2873 916; x_wconf 87' lang='lat' dir='ltr'><strong>Si</strong></span> <span class='ocrx_word' id='word_1_166' title='bbox 2903 862 3082 926; x_wconf 67' lang='lat' dir='ltr'><strong>igitur</strong></span> <span class='ocrx_word' id='word_1_167' title='bbox 3113 862 3445 932; x_wconf 87' lang='lat' dir='ltr'><strong>illi.inquit.</strong></span> <span class='ocrx_word' id='word_1_168' title='bbox 3471 865 3777 932; x_wconf 84' lang='lat' dir='ltr'><strong>potestatis</strong></span> 
     </span>
    </p>
   </div>
   <div class='ocr_carea' id='block_1_24' title="bbox 2136 953 3777 1026">
    <p class='ocr_par' dir='ltr' id='par_1_24' title="bbox 2136 953 3777 1026">
     <span class='ocr_line' id='line_1_24' title="bbox 2136 953 3777 1026; baseline 0.002 -18"><span class='ocrx_word' id='word_1_169' title='bbox 2136 969 2274 1026; x_wconf 79' lang='lat' dir='ltr'><strong>erga</strong></span> <span class='ocrx_word' id='word_1_170' title='bbox 2303 969 2402 1007; x_wconf 84' lang='lat' dir='ltr'><strong>vos</strong></span> <span class='ocrx_word' id='word_1_171' title='bbox 2435 954 2753 1026; x_wconf 83' lang='lat' dir='ltr'><strong>participes</strong></span> <span class='ocrx_word' id='word_1_172' title='bbox 2784 961 2943 1020; x_wconf 89' lang='lat' dir='ltr'><strong>sunt,</strong></span> <span class='ocrx_word' id='word_1_173' title='bbox 2977 954 3056 1008; x_wconf 86' lang='lat' dir='ltr'><strong>ita</strong></span> <span class='ocrx_word' id='word_1_174' title='bbox 3088 961 3152 1008; x_wconf 91' lang='lat' dir='ltr'><strong>ut</strong></span> <span class='ocrx_word' id='word_1_175' title='bbox 3181 955 3341 1008; x_wconf 89' lang='lat' dir='ltr'><strong>vobis</strong></span> <span class='ocrx_word' id='word_1_176' title='bbox 3373 953 3777 1012; x_wconf 78' lang='lat' dir='ltr'><strong>dominentur:</strong></span> 
     </span>
    </p>
   </div>
   <div class='ocr_carea' id='block_1_25' title="bbox 2137 1042 3777 1116">
    <p class='ocr_par' dir='ltr' id='par_1_25' title="bbox 2137 1042 3777 1116">
     <span class='ocr_line' id='line_1_25' title="bbox 2137 1042 3777 1116; baseline 0.001 -18"><span class='ocrx_word' id='word_1_177' title='bbox 2137 1058 2292 1098; x_wconf 86' lang='lat' dir='ltr'><strong>anne</strong></span> <span class='ocrx_word' id='word_1_178' title='bbox 2324 1058 2532 1098; x_wconf 89' lang='lat' dir='ltr'><strong>sumus</strong></span> <span class='ocrx_word' id='word_1_179' title='bbox 2560 1059 2669 1098; x_wconf 88' lang='lat' dir='ltr'><strong>nos</strong></span> <span class='ocrx_word' id='word_1_180' title='bbox 2699 1042 2896 1099; x_wconf 91' lang='lat' dir='ltr'><strong>idonei</strong></span> <span class='ocrx_word' id='word_1_181' title='bbox 2930 1043 3029 1116; x_wconf 88' lang='lat' dir='ltr'><strong>qui</strong></span> <span class='ocrx_word' id='word_1_182' title='bbox 3063 1044 3248 1115; x_wconf 77' lang='lat' dir='ltr'><strong>magis</strong></span> <span class='ocrx_word' id='word_1_183' title='bbox 3294 1044 3406 1098; x_wconf 90' lang='lat' dir='ltr'><strong>hoc</strong></span> <span class='ocrx_word' id='word_1_184' title='bbox 3436 1043 3721 1100; x_wconf 82' lang='lat' dir='ltr'><strong>faciamus</strong></span> <span class='ocrx_word' id='word_1_185' title='bbox 3750 1044 3777 1100; x_wconf 76' lang='lat'><strong>‘2</strong></span> 
     </span>
    </p>
   </div>
   <div class='ocr_carea' id='block_1_26' title="bbox 2145 1132 3782 1205">
    <p class='ocr_par' dir='ltr' id='par_1_26' title="bbox 2145 1132 3782 1205">
     <span class='ocr_line' id='line_1_26' title="bbox 2145 1132 3782 1205; baseline -0.001 -16"><span class='ocrx_word' id='word_1_186' title='bbox 2145 1154 2166 1184; x_wconf 80' lang='grc' dir='ltr'><strong>ι</strong></span> <span class='ocrx_word' id='word_1_187' title='bbox 2201 1133 2376 1205; x_wconf 86' lang='lat' dir='ltr'><strong>Atqui</strong></span> <span class='ocrx_word' id='word_1_188' title='bbox 2401 1149 2519 1188; x_wconf 90' lang='lat' dir='ltr'><strong>non</strong></span> <span class='ocrx_word' id='word_1_189' title='bbox 2550 1132 2641 1188; x_wconf 91' lang='lat' dir='ltr'><strong>usi</strong></span> <span class='ocrx_word' id='word_1_190' title='bbox 2674 1149 2880 1188; x_wconf 88' lang='lat' dir='ltr'><strong>sumus</strong></span> <span class='ocrx_word' id='word_1_191' title='bbox 2913 1139 3203 1205; x_wconf 84' lang='lat' dir='ltr'><strong>potestate</strong></span> <span class='ocrx_word' id='word_1_192' title='bbox 3235 1133 3363 1186; x_wconf 88' lang='lat' dir='ltr'><strong>ista.</strong></span> <span class='ocrx_word' id='word_1_193' title='bbox 3401 1153 3430 1182; x_wconf 89' lang='lat'>»</span> <span class='ocrx_word' id='word_1_194' title='bbox 3469 1133 3640 1188; x_wconf 73' lang='lat' dir='ltr'><strong>Vides</strong></span> <span class='ocrx_word' id='word_1_195' title='bbox 3683 1133 3782 1189; x_wconf 90' lang='lat' dir='ltr'><strong>ubi</strong></span> 
     </span>
    </p>
   </div>
   <div class='ocr_carea' id='block_1_27' title="bbox 2139 1222 3779 1294">
    <p class='ocr_par' dir='ltr' id='par_1_27' title="bbox 2139 1222 3779 1294">
     <span class='ocr_line' id='line_1_27' title="bbox 2139 1222 3779 1294; baseline 0.001 -16"><span class='ocrx_word' id='word_1_196' title='bbox 2139 1222 2349 1279; x_wconf 83' lang='lat' dir='ltr'><strong>reddat</strong></span> <span class='ocrx_word' id='word_1_197' title='bbox 2375 1223 2464 1278; x_wconf 91' lang='lat' dir='ltr'><strong>sui</strong></span> <span class='ocrx_word' id='word_1_198' title='bbox 2523 1223 2736 1279; x_wconf 86' lang='lat' dir='ltr'><strong>intenti</strong></span> <span class='ocrx_word' id='word_1_199' title='bbox 2795 1223 3280 1279; x_wconf 85' lang='lat' dir='ltr'><strong>conclusionem?</strong></span> <span class='ocrx_word' id='word_1_200' title='bbox 3311 1224 3539 1278; x_wconf 88' lang='lat' dir='ltr'><strong>Etenim</strong></span> <span class='ocrx_word' id='word_1_201' title='bbox 3592 1239 3779 1294; x_wconf 84' lang='lat' dir='ltr'><strong>quan-</strong></span> 
     </span>
    </p>
   </div>
   <div class='ocr_carea' id='block_1_28' title="bbox 2139 1313 3781 1386">
    <p class='ocr_par' dir='ltr' id='par_1_28' title="bbox 2139 1313 3781 1386">
     <span class='ocr_line' id='line_1_28' title="bbox 2139 1313 3781 1386; baseline 0.001 -18"><span class='ocrx_word' id='word_1_202' title='bbox 2139 1329 2318 1386; x_wconf 88' lang='lat' dir='ltr'><strong>quam</strong></span> <span class='ocrx_word' id='word_1_203' title='bbox 2349 1329 2722 1376; x_wconf 76' lang='lat' dir='ltr'><strong>conceSsum,</strong></span> <span class='ocrx_word' id='word_1_204' title='bbox 2752 1314 2964 1383; x_wconf 87' lang='lat' dir='ltr'><strong>inquit.</strong></span> <span class='ocrx_word' id='word_1_205' title='bbox 2998 1313 3142 1368; x_wconf 92' lang='lat' dir='ltr'><strong>mihi</strong></span> <span class='ocrx_word' id='word_1_206' title='bbox 3177 1319 3303 1369; x_wconf 91' lang='lat' dir='ltr'><strong>erat</strong></span> <span class='ocrx_word' id='word_1_207' title='bbox 3331 1319 3397 1368; x_wconf 94' lang='lat' dir='ltr'><strong>ut</strong></span> <span class='ocrx_word' id='word_1_208' title='bbox 3425 1329 3458 1367; x_wconf 91' lang='lat' dir='ltr'><strong>a</strong></span> <span class='ocrx_word' id='word_1_209' title='bbox 3486 1313 3649 1369; x_wconf 87' lang='lat' dir='ltr'><strong>vobis</strong></span> <span class='ocrx_word' id='word_1_210' title='bbox 3681 1329 3781 1370; x_wconf 86' lang='lat' dir='ltr'><strong>ac-</strong></span> 
     </span>
    </p>
   </div>
   <div class='ocr_carea' id='block_1_29' title="bbox 2139 1402 3782 1476">
    <p class='ocr_par' dir='ltr' id='par_1_29' title="bbox 2139 1402 3782 1476">
     <span class='ocr_line' id='line_1_29' title="bbox 2139 1402 3782 1476; baseline -0.001 -17"><span class='ocrx_word' id='word_1_211' title='bbox 2139 1404 2421 1475; x_wconf 82' lang='lat' dir='ltr'><strong>ciperem,</strong></span> <span class='ocrx_word' id='word_1_212' title='bbox 2450 1402 2631 1459; x_wconf 78' lang='lat' dir='ltr'><strong>veluti</strong></span> <span class='ocrx_word' id='word_1_213' title='bbox 2655 1403 3123 1458; x_wconf 89' lang='lat' dir='ltr'><strong>demonstratum</strong></span> <span class='ocrx_word' id='word_1_214' title='bbox 3151 1410 3261 1472; x_wconf 89' lang='lat' dir='ltr'><strong>esl,</strong></span> <span class='ocrx_word' id='word_1_215' title='bbox 3283 1411 3405 1458; x_wconf 89' lang='lat' dir='ltr'><strong>tum</strong></span> <span class='ocrx_word' id='word_1_216' title='bbox 3435 1419 3502 1459; x_wconf 87' lang='lat' dir='ltr'><strong>ex</strong></span> <span class='ocrx_word' id='word_1_217' title='bbox 3534 1419 3602 1458; x_wconf 91' lang='lat' dir='ltr'><strong>eo</strong></span> <span class='ocrx_word' id='word_1_218' title='bbox 3627 1403 3782 1476; x_wconf 89' lang='lat' dir='ltr'><strong>quod</strong></span> 
     </span>
    </p>
   </div>
   <div class='ocr_carea' id='block_1_30' title="bbox 2137 1491 3782 1565">
    <p class='ocr_par' dir='ltr' id='par_1_30' title="bbox 2137 1491 3782 1565">
     <span class='ocr_line' id='line_1_30' title="bbox 2137 1491 3782 1565; baseline 0 -17"><span class='ocrx_word' id='word_1_219' title='bbox 2137 1492 2221 1548; x_wconf 89' lang='lat' dir='ltr'><strong>ita</strong></span> <span class='ocrx_word' id='word_1_220' title='bbox 2248 1491 2471 1550; x_wconf 82' lang='lat' dir='ltr'><strong>faciant</strong></span> <span class='ocrx_word' id='word_1_221' title='bbox 2498 1493 2695 1546; x_wconf 73' lang='lat' dir='ltr'><strong>cmteri</strong></span> <span class='ocrx_word' id='word_1_222' title='bbox 2728 1493 3003 1563; x_wconf 81' lang='lat' dir='ltr'><strong>apostoli,</strong></span> <span class='ocrx_word' id='word_1_223' title='bbox 3038 1501 3160 1547; x_wconf 91' lang='lat' dir='ltr'><strong>tum</strong></span> <span class='ocrx_word' id='word_1_224' title='bbox 3203 1509 3273 1547; x_wconf 89' lang='lat' dir='ltr'><strong>ex</strong></span> <span class='ocrx_word' id='word_1_225' title='bbox 3331 1493 3619 1565; x_wconf 72' lang='lat' dir='ltr'><strong>exemplis</strong></span> <span class='ocrx_word' id='word_1_226' title='bbox 3651 1509 3782 1563; x_wconf 64' lang='lat' dir='ltr'><strong>quas</strong></span> 
     </span>
    </p>
   </div>
   <div class='ocr_carea' id='block_1_31' title="bbox 2139 1583 3782 1655">
    <p class='ocr_par' dir='ltr' id='par_1_31' title="bbox 2139 1583 3782 1655">
     <span class='ocr_line' id='line_1_31' title="bbox 2139 1583 3782 1655; baseline 0.001 -21"><span class='ocrx_word' id='word_1_227' title='bbox 2139 1583 2444 1655; x_wconf 83' lang='lat' dir='ltr'><strong>proposui,</strong></span> <span class='ocrx_word' id='word_1_228' title='bbox 2472 1587 2598 1638; x_wconf 84' lang='lat' dir='ltr'><strong>tum</strong></span> <span class='ocrx_word' id='word_1_229' title='bbox 2631 1597 2698 1636; x_wconf 87' lang='lat' dir='ltr'><strong>ex</strong></span> <span class='ocrx_word' id='word_1_230' title='bbox 2731 1583 2856 1654; x_wconf 81' lang='lat' dir='ltr'><strong>lege</strong></span> <span class='ocrx_word' id='word_1_231' title='bbox 2880 1583 3017 1636; x_wconf 85' lang='lat' dir='ltr'><strong>Mosi</strong></span> <span class='ocrx_word' id='word_1_232' title='bbox 3057 1599 3069 1642; x_wconf 75' lang='grc' dir='ltr'>ς</span> <span class='ocrx_word' id='word_1_233' title='bbox 3098 1583 3248 1636; x_wconf 88' lang='lat' dir='ltr'><strong>nihil</strong></span> <span class='ocrx_word' id='word_1_234' title='bbox 3301 1587 3499 1636; x_wconf 88' lang='lat' dir='ltr'><strong>tamen</strong></span> <span class='ocrx_word' id='word_1_235' title='bbox 3558 1583 3782 1654; x_wconf 84' lang='lat' dir='ltr'><strong>accepi,</strong></span> 
     </span>
    </p>
   </div>
   <div class='ocr_carea' id='block_1_32' title="bbox 2141 1671 3786 1744">
    <p class='ocr_par' dir='ltr' id='par_1_32' title="bbox 2141 1671 3786 1744">
     <span class='ocr_line' id='line_1_32' title="bbox 2141 1671 3786 1744; baseline -0.001 -16"><span class='ocrx_word' id='word_1_236' title='bbox 2141 1673 2360 1728; x_wconf 87' lang='lat' dir='ltr'><strong>timens</strong></span> <span class='ocrx_word' id='word_1_237' title='bbox 2389 1689 2462 1728; x_wconf 89' lang='lat' dir='ltr'><strong>ne</strong></span> <span class='ocrx_word' id='word_1_238' title='bbox 2491 1672 2602 1728; x_wconf 88' lang='lat' dir='ltr'><strong>hoc</strong></span> <span class='ocrx_word' id='word_1_239' title='bbox 2631 1672 2864 1744; x_wconf 88' lang='lat' dir='ltr'><strong>aliquos</strong></span> <span class='ocrx_word' id='word_1_240' title='bbox 2914 1671 3244 1727; x_wconf 79' lang='lat' dir='ltr'><strong>ofTenderet</strong></span> <span class='ocrx_word' id='word_1_241' title='bbox 3284 1671 3441 1727; x_wconf 87' lang='lat' dir='ltr'><strong>circa</strong></span> <span class='ocrx_word' id='word_1_242' title='bbox 3487 1671 3661 1726; x_wconf 83' lang='lat' dir='ltr'><strong>fidem</strong></span> <span class='ocrx_word' id='word_1_243' title='bbox 3694 1687 3708 1736; x_wconf 89' lang='lat'>;</span> <span class='ocrx_word' id='word_1_244' title='bbox 3737 1673 3786 1726; x_wconf 91' lang='lat' dir='ltr'><strong>si</strong></span> 
     </span>
    </p>
   </div>
   <div class='ocr_carea' id='block_1_33' title="bbox 2141 1759 3785 1836">
    <p class='ocr_par' dir='ltr' id='par_1_33' title="bbox 2141 1759 3785 1836">
     <span class='ocr_line' id='line_1_33' title="bbox 2141 1759 3785 1836; baseline -0.004 -16"><span class='ocrx_word' id='word_1_245' title='bbox 2141 1780 2278 1830; x_wconf 71' lang='lat' dir='ltr'><strong>ergo</strong></span> <span class='ocrx_word' id='word_1_246' title='bbox 2312 1778 2417 1836; x_wconf 89' lang='lat' dir='ltr'><strong>ego</strong></span> <span class='ocrx_word' id='word_1_247' title='bbox 2449 1764 2610 1832; x_wconf 83' lang='lat' dir='ltr'><strong>(nam</strong></span> <span class='ocrx_word' id='word_1_248' title='bbox 2644 1761 2754 1817; x_wconf 86' lang='lat' dir='ltr'><strong>hoc</strong></span> <span class='ocrx_word' id='word_1_249' title='bbox 2786 1763 2972 1833; x_wconf 89' lang='lat' dir='ltr'><strong>ipsius</strong></span> <span class='ocrx_word' id='word_1_250' title='bbox 3003 1762 3297 1816; x_wconf 90' lang='lat' dir='ltr'><strong>intentum</strong></span> <span class='ocrx_word' id='word_1_251' title='bbox 3341 1759 3450 1831; x_wconf 88' lang='lat' dir='ltr'><strong>est)</strong></span> <span class='ocrx_word' id='word_1_252' title='bbox 3484 1760 3659 1815; x_wconf 89' lang='lat' dir='ltr'><strong>etiam</strong></span> <span class='ocrx_word' id='word_1_253' title='bbox 3693 1760 3785 1814; x_wconf 85' lang='lat' dir='ltr'><strong>his</strong></span> 
     </span>
    </p>
   </div>
   <div class='ocr_carea' id='block_1_34' title="bbox 372 1842 2033 1940">
    <p class='ocr_par' dir='ltr' id='par_1_34' title="bbox 372 1842 2022 1921">
     <span class='ocr_line' id='line_1_34' title="bbox 372 1842 2022 1921; baseline -0.001 -21"><span class='ocrx_word' id='word_1_254' title='bbox 372 1847 699 1921; x_wconf 74' lang='grc' dir='ltr'><strong>τραμμὲνων</strong></span> <span class='ocrx_word' id='word_1_255' title='bbox 731 1846 1014 1921; x_wconf 73' lang='grc' dir='ltr'><strong>ἀπέχομαι</strong></span> <span class='ocrx_word' id='word_1_256' title='bbox 1066 1842 1158 1899; x_wconf 74' lang='grc' dir='ltr'><strong>διὰ</strong></span> <span class='ocrx_word' id='word_1_257' title='bbox 1205 1844 1268 1899; x_wconf 80' lang='grc' dir='ltr'><strong>τὸ</strong></span> <span class='ocrx_word' id='word_1_258' title='bbox 1322 1846 1398 1918; x_wconf 80' lang='grc' dir='ltr'>μή</span> <span class='ocrx_word' id='word_1_259' title='bbox 1446 1842 1800 1900; x_wconf 84' lang='grc' dir='ltr'><strong>σκανδαλίσαι</strong></span> <span class='ocrx_word' id='word_1_260' title='bbox 1857 1844 2022 1908; x_wconf 72' lang='grc' dir='ltr'><strong>τινας,</strong></span> 
     </span>
    </p>
   </div>
   <div class='ocr_carea' id='block_1_35' title="bbox 2144 1842 3784 1940">
    <p class='ocr_par' dir='ltr' id='par_1_35' title="bbox 2144 1849 3784 1927">
     <span class='ocr_line' id='line_1_35' title="bbox 2144 1849 3784 1927; baseline -0.002 -17"><span class='ocrx_word' id='word_1_261' title='bbox 2144 1871 2272 1927; x_wconf 80' lang='lat' dir='ltr'><strong>qum</strong></span> <span class='ocrx_word' id='word_1_262' title='bbox 2305 1853 2595 1926; x_wconf 87' lang='lat' dir='ltr'><strong>permissa</strong></span> <span class='ocrx_word' id='word_1_263' title='bbox 2625 1859 2766 1907; x_wconf 90' lang='lat' dir='ltr'><strong>sunt</strong></span> <span class='ocrx_word' id='word_1_264' title='bbox 2793 1853 3083 1914; x_wconf 84' lang='lat' dir='ltr'><strong>abstineo,</strong></span> <span class='ocrx_word' id='word_1_265' title='bbox 3108 1868 3184 1906; x_wconf 89' lang='lat' dir='ltr'><strong>ne</strong></span> <span class='ocrx_word' id='word_1_266' title='bbox 3201 1851 3434 1921; x_wconf 88' lang='lat' dir='ltr'><strong>aliquos</strong></span> <span class='ocrx_word' id='word_1_267' title='bbox 3465 1849 3784 1918; x_wconf 76' lang='lat' dir='ltr'><strong>oﬂ&#39;endam,</strong></span> 
     </span>
    </p>
   </div>
   <div class='ocr_carea' id='block_1_36' title="bbox 372 1930 2026 2011">
    <p class='ocr_par' dir='ltr' id='par_1_36' title="bbox 372 1930 2026 2011">
     <span class='ocr_line' id='line_1_36' title="bbox 372 1930 2026 2011; baseline -0.002 -20"><span class='ocrx_word' id='word_1_268' title='bbox 372 1939 491 1998; x_wconf 84' lang='grc' dir='ltr'><strong>πῶς</strong></span> <span class='ocrx_word' id='word_1_269' title='bbox 528 1935 685 2011; x_wconf 79' lang='grc' dir='ltr'><strong>ὑμεῖς</strong></span> <span class='ocrx_word' id='word_1_270' title='bbox 717 1931 843 1990; x_wconf 73' lang='grc' dir='ltr'><strong>οὐδὶ</strong></span> <span class='ocrx_word' id='word_1_271' title='bbox 869 1938 978 1989; x_wconf 88' lang='grc' dir='ltr'><strong>τῶν</strong></span> <span class='ocrx_word' id='word_1_272' title='bbox 1011 1930 1387 1989; x_wconf 73' lang='grc' dir='ltr'><strong>εἰδωλοθύτων</strong></span> <span class='ocrx_word' id='word_1_273' title='bbox 1418 1931 1686 2008; x_wconf 71' lang='grc' dir='ltr'><strong>ἀπέχεσθε</strong></span> <span class='ocrx_word' id='word_1_274' title='bbox 1742 1933 1832 1987; x_wconf 77' lang='grc' dir='ltr'><strong>καὶ</strong></span> <span class='ocrx_word' id='word_1_275' title='bbox 1881 1932 2026 1995; x_wconf 72' lang='grc' dir='ltr'><strong>ὅλως</strong></span> 
     </span>
    </p>
   </div>
   <div class='ocr_carea' id='block_1_37' title="bbox 375 2019 2035 2100">
    <p class='ocr_par' dir='ltr' id='par_1_37' title="bbox 375 2019 2035 2100">
     <span class='ocr_line' id='line_1_37' title="bbox 375 2019 2035 2100; baseline -0.002 -20"><span class='ocrx_word' id='word_1_276' title='bbox 375 2022 867 2100; x_wconf 69' lang='grc' dir='ltr'><strong>ἀπηγορευμένων,</strong></span> <span class='ocrx_word' id='word_1_277' title='bbox 926 2022 1059 2098; x_wconf 80' lang='grc' dir='ltr'><strong>ὑπὶρ</strong></span> <span class='ocrx_word' id='word_1_278' title='bbox 1125 2027 1224 2078; x_wconf 77' lang='grc' dir='ltr'><strong>τοῦ</strong></span> <span class='ocrx_word' id='word_1_279' title='bbox 1288 2023 1364 2096; x_wconf 82' lang='grc' dir='ltr'><strong>μὴ</strong></span> <span class='ocrx_word' id='word_1_280' title='bbox 1447 2019 1823 2093; x_wconf 75' lang='grc' dir='ltr'><strong>σκανδαλίζειν</strong></span> <span class='ocrx_word' id='word_1_281' title='bbox 1908 2021 2035 2085; x_wconf 83' lang='grc' dir='ltr'><strong>τοὺς</strong></span> 
     </span>
    </p>
   </div>
   <div class='ocr_carea' id='block_1_38' title="bbox 379 2109 2032 2191">
    <p class='ocr_par' dir='ltr' id='par_1_38' title="bbox 379 2109 2032 2191">
     <span class='ocr_line' id='line_1_38' title="bbox 379 2109 2032 2191; baseline -0.004 -22"><span class='ocrx_word' id='word_1_282' title='bbox 379 2115 797 2185; x_wconf 61' lang='grc' dir='ltr'><strong>ἀσθενεστέρους</strong></span> <span class='ocrx_word' id='word_1_283' title='bbox 826 2117 934 2169; x_wconf 85' lang='grc' dir='ltr'><strong>τῶν</strong></span> <span class='ocrx_word' id='word_1_284' title='bbox 968 2109 1218 2191; x_wconf 76' lang='grc' dir='ltr'><strong>ἀδελφῶν</strong></span> <span class='ocrx_word' id='word_1_285' title='bbox 1255 2131 1270 2182; x_wconf 84' lang='grc'><strong>;</strong></span> <span class='ocrx_word' id='word_1_286' title='bbox 1333 2135 1361 2164; x_wconf 79' lang='grc' dir='ltr'><strong>ιι</strong></span> <span class='ocrx_word' id='word_1_287' title='bbox 1393 2114 1478 2186; x_wconf 74' lang='grc' dir='ltr'><strong>Τῇ</strong></span> <span class='ocrx_word' id='word_1_288' title='bbox 1518 2111 1732 2185; x_wconf 75' lang='grc' dir='ltr'><strong>ἐξουσίᾳ</strong></span> <span class='ocrx_word' id='word_1_289' title='bbox 1777 2109 1971 2188; x_wconf 76' lang='grc' dir='ltr'><strong>ταύτῃ.</strong></span> <span class='ocrx_word' id='word_1_290' title='bbox 2003 2136 2032 2164; x_wconf 84' lang='lat'><strong>»</strong></span> 
     </span>
    </p>
   </div>
   <div class='ocr_carea' id='block_1_39' title="bbox 379 2195 2038 2277">
    <p class='ocr_par' dir='ltr' id='par_1_39' title="bbox 379 2195 2038 2277">
     <span class='ocr_line' id='line_1_39' title="bbox 379 2195 2038 2277; baseline 0 -20"><span class='ocrx_word' id='word_1_291' title='bbox 379 2201 696 2272; x_wconf 78' lang='grc' dir='ltr'><strong>Τουτὲστιν,</strong></span> <span class='ocrx_word' id='word_1_292' title='bbox 729 2199 899 2260; x_wconf 71' lang='grc' dir='ltr'>Οὗδὶν</span> <span class='ocrx_word' id='word_1_293' title='bbox 931 2202 1078 2277; x_wconf 80' lang='grc' dir='ltr'><strong>παρά</strong></span> <span class='ocrx_word' id='word_1_294' title='bbox 1107 2221 1251 2262; x_wconf 90' lang='grc' dir='ltr'><strong>τινος</strong></span> <span class='ocrx_word' id='word_1_295' title='bbox 1309 2195 1528 2259; x_wconf 76' lang='grc' dir='ltr'><strong>ἔλαϐον.</strong></span> <span class='ocrx_word' id='word_1_296' title='bbox 1586 2227 1606 2251; x_wconf 76' lang='grc' dir='ltr'><strong>ι</strong></span> <span class='ocrx_word' id='word_1_297' title='bbox 1643 2201 1818 2259; x_wconf 80' lang='grc' dir='ltr'><strong>Ἀλλὰ</strong></span> <span class='ocrx_word' id='word_1_298' title='bbox 1865 2203 2038 2258; x_wconf 75' lang='grc' dir='ltr'><strong>πάντα</strong></span> 
     </span>
    </p>
   </div>
   <div class='ocr_carea' id='block_1_40' title="bbox 382 2284 2034 2368">
    <p class='ocr_par' dir='ltr' id='par_1_40' title="bbox 382 2284 2034 2368">
     <span class='ocr_line' id='line_1_40' title="bbox 382 2284 2034 2368; baseline -0.001 -20"><span class='ocrx_word' id='word_1_299' title='bbox 382 2292 662 2368; x_wconf 70' lang='grc' dir='ltr'><strong>στέγομεν.</strong></span> <span class='ocrx_word' id='word_1_300' title='bbox 697 2314 726 2343; x_wconf 83' lang='grc'><strong>››</strong></span> <span class='ocrx_word' id='word_1_301' title='bbox 758 2294 872 2347; x_wconf 80' lang='grc' dir='ltr'><strong>Ἵνα</strong></span> <span class='ocrx_word' id='word_1_302' title='bbox 901 2291 1009 2367; x_wconf 82' lang='grc' dir='ltr'><strong>γὰρ</strong></span> <span class='ocrx_word' id='word_1_303' title='bbox 1041 2291 1118 2364; x_wconf 81' lang='grc' dir='ltr'><strong>μή</strong></span> <span class='ocrx_word' id='word_1_304' title='bbox 1157 2310 1240 2352; x_wconf 85' lang='grc' dir='ltr'><strong>τις</strong></span> <span class='ocrx_word' id='word_1_305' title='bbox 1271 2288 1416 2365; x_wconf 71' lang='grc' dir='ltr'><strong>εἶ’πῃ.</strong></span> <span class='ocrx_word' id='word_1_306' title='bbox 1475 2291 1599 2350; x_wconf 79' lang='grc' dir='ltr'><strong>’Ότι</strong></span> <span class='ocrx_word' id='word_1_307' title='bbox 1649 2290 1749 2347; x_wconf 79' lang='grc' dir='ltr'><strong>οὐκ</strong></span> <span class='ocrx_word' id='word_1_308' title='bbox 1785 2284 2034 2367; x_wconf 75' lang='grc' dir='ltr'><strong>ἔχρῃζες,</strong></span> 
     </span>
    </p>
   </div>
   <div class='ocr_carea' id='block_1_41' title="bbox 383 2373 2038 2456">
    <p class='ocr_par' dir='ltr' id='par_1_41' title="bbox 383 2373 2038 2456">
     <span class='ocr_line' id='line_1_41' title="bbox 383 2373 2038 2456; baseline -0.003 -17"><span class='ocrx_word' id='word_1_309' title='bbox 383 2380 476 2439; x_wconf 71' lang='grc' dir='ltr'><strong>διὰ</strong></span> <span class='ocrx_word' id='word_1_310' title='bbox 504 2384 666 2438; x_wconf 80' lang='grc' dir='ltr'><strong>τοῦτο</strong></span> <span class='ocrx_word' id='word_1_311' title='bbox 699 2379 798 2437; x_wconf 74' lang='grc' dir='ltr'><strong>οὐκ</strong></span> <span class='ocrx_word' id='word_1_312' title='bbox 827 2373 1042 2450; x_wconf 76' lang='grc' dir='ltr'><strong>ἔλαϐες,</strong></span> <span class='ocrx_word' id='word_1_313' title='bbox 1078 2379 1292 2454; x_wconf 65' lang='grc' dir='ltr'><strong>ἓπάγει,</strong></span> <span class='ocrx_word' id='word_1_314' title='bbox 1342 2407 1368 2432; x_wconf 78' lang='grc' dir='ltr'><strong>«ι</strong></span> <span class='ocrx_word' id='word_1_315' title='bbox 1399 2378 1578 2437; x_wconf 79' lang='grc' dir='ltr'><strong>Ἀλλᾶ</strong></span> <span class='ocrx_word' id='word_1_316' title='bbox 1630 2381 1804 2436; x_wconf 78' lang='grc' dir='ltr'><strong>πάντα</strong></span> <span class='ocrx_word' id='word_1_317' title='bbox 1845 2378 2038 2456; x_wconf 79' lang='grc' dir='ltr'><strong>στέγο-</strong></span> 
     </span>
    </p>
   </div>
   <div class='ocr_carea' id='block_1_42' title="bbox 385 2465 2039 2547">
    <p class='ocr_par' dir='ltr' id='par_1_42' title="bbox 385 2465 2039 2547">
     <span class='ocr_line' id='line_1_42' title="bbox 385 2465 2039 2547; baseline -0.004 -19"><span class='ocrx_word' id='word_1_318' title='bbox 385 2492 507 2547; x_wconf 86' lang='grc' dir='ltr'><strong>μεν,</strong></span> <span class='ocrx_word' id='word_1_319' title='bbox 551 2495 578 2522; x_wconf 84' lang='grc'><strong>››</strong></span> <span class='ocrx_word' id='word_1_320' title='bbox 611 2470 726 2526; x_wconf 77' lang='grc' dir='ltr'><strong>οἷον</strong></span> <span class='ocrx_word' id='word_1_321' title='bbox 782 2475 990 2537; x_wconf 84' lang='grc' dir='ltr'><strong>πεῖναν,</strong></span> <span class='ocrx_word' id='word_1_322' title='bbox 1021 2467 1113 2524; x_wconf 85' lang='grc' dir='ltr'><strong>καὶ</strong></span> <span class='ocrx_word' id='word_1_323' title='bbox 1172 2465 1351 2543; x_wconf 80' lang='grc' dir='ltr'><strong>δίψαν,</strong></span> <span class='ocrx_word' id='word_1_324' title='bbox 1409 2467 1500 2524; x_wconf 82' lang='grc' dir='ltr'><strong>καὶ</strong></span> <span class='ocrx_word' id='word_1_325' title='bbox 1555 2465 1891 2545; x_wconf 78' lang='grc' dir='ltr'><strong>γυμνότητα,</strong></span> <span class='ocrx_word' id='word_1_326' title='bbox 1943 2465 2039 2523; x_wconf 75' lang='grc' dir='ltr'><strong>’ἶνα</strong></span> 
     </span>
    </p>
   </div>
   <div class='ocr_carea' id='block_1_43' title="bbox 386 2557 2038 2636">
    <p class='ocr_par' dir='ltr' id='par_1_43' title="bbox 386 2557 2038 2636">
     <span class='ocr_line' id='line_1_43' title="bbox 386 2557 2038 2636; baseline -0.002 -20"><span class='ocrx_word' id='word_1_327' title='bbox 386 2563 553 2636; x_wconf 85' lang='grc' dir='ltr'><strong>μόνον</strong></span> <span class='ocrx_word' id='word_1_328' title='bbox 589 2563 664 2636; x_wconf 76' lang='grc' dir='ltr'><strong>μή</strong></span> <span class='ocrx_word' id='word_1_329' title='bbox 731 2580 813 2623; x_wconf 91' lang='grc' dir='ltr'><strong>τις</strong></span> <span class='ocrx_word' id='word_1_330' title='bbox 872 2559 1078 2634; x_wconf 75' lang='grc' dir='ltr'><strong>ἐγκοπή</strong></span> <span class='ocrx_word' id='word_1_331' title='bbox 1128 2557 1370 2636; x_wconf 69' lang='grc' dir='ltr'><strong>γένηται·</strong></span> <span class='ocrx_word' id='word_1_332' title='bbox 1430 2562 1704 2615; x_wconf 77' lang='grc' dir='ltr'><strong>τουτέστιν</strong></span> <span class='ocrx_word' id='word_1_333' title='bbox 1733 2563 2038 2636; x_wconf 77' lang='grc' dir='ltr'><strong>ἡτυχοῦσα</strong></span> 
     </span>
    </p>
   </div>
   <div class='ocr_carea' id='block_1_44' title="bbox 382 2645 1784 2726">
    <p class='ocr_par' dir='ltr' id='par_1_44' title="bbox 382 2645 1784 2726">
     <span class='ocr_line' id='line_1_44' title="bbox 382 2645 1784 2726; baseline -0.001 -21"><span class='ocrx_word' id='word_1_334' title='bbox 382 2645 632 2719; x_wconf 77' lang='grc' dir='ltr'><strong>ἀναϐολή</strong></span> <span class='ocrx_word' id='word_1_335' title='bbox 667 2651 802 2726; x_wconf 76' lang='grc' dir='ltr'><strong>πρὸς</strong></span> <span class='ocrx_word' id='word_1_336' title='bbox 828 2651 892 2705; x_wconf 82' lang='grc' dir='ltr'><strong>τὸ</strong></span> <span class='ocrx_word' id='word_1_337' title='bbox 925 2647 1263 2724; x_wconf 79' lang='grc' dir='ltr'><strong>Εὖαγγέλιον</strong></span> <span class='ocrx_word' id='word_1_338' title='bbox 1293 2647 1382 2704; x_wconf 81' lang='grc' dir='ltr'><strong>καὶ</strong></span> <span class='ocrx_word' id='word_1_339' title='bbox 1411 2649 1475 2704; x_wconf 79' lang='grc' dir='ltr'><strong>τὸ</strong></span> <span class='ocrx_word' id='word_1_340' title='bbox 1504 2651 1784 2724; x_wconf 74' lang='grc' dir='ltr'><strong>κήρυγμα.</strong></span> 
     </span>
    </p>
   </div>
   <div class='ocr_carea' id='block_1_45' title="bbox 461 2737 2038 2813">
    <p class='ocr_par' dir='ltr' id='par_1_45' title="bbox 461 2737 2038 2813">
     <span class='ocr_line' id='line_1_45' title="bbox 461 2737 2038 2813; baseline -0.003 -15"><span class='ocrx_word' id='word_1_341' title='bbox 461 2742 580 2798; x_wconf 80' lang='grc' dir='ltr'><strong>Οὐκ</strong></span> <span class='ocrx_word' id='word_1_342' title='bbox 631 2737 813 2796; x_wconf 83' lang='grc' dir='ltr'><strong>οἳδατε</strong></span> <span class='ocrx_word' id='word_1_343' title='bbox 864 2739 950 2795; x_wconf 84' lang='grc' dir='ltr'><strong>δτι</strong></span> <span class='ocrx_word' id='word_1_344' title='bbox 1006 2739 1060 2794; x_wconf 75' lang='grc' dir='ltr'><strong>οῖ</strong></span> <span class='ocrx_word' id='word_1_345' title='bbox 1116 2738 1185 2794; x_wconf 70' lang='grc' dir='ltr'><strong>τὰ</strong></span> <span class='ocrx_word' id='word_1_346' title='bbox 1238 2739 1357 2812; x_wconf 73' lang='grc' dir='ltr'><strong>ἱερὰ</strong></span> <span class='ocrx_word' id='word_1_347' title='bbox 1410 2737 1767 2813; x_wconf 68' lang='grc' dir='ltr'><strong>ἰργαζόμενοι</strong></span> <span class='ocrx_word' id='word_1_348' title='bbox 1827 2737 1888 2794; x_wconf 78' lang='grc' dir='ltr'><strong>ἰκ</strong></span> <span class='ocrx_word' id='word_1_349' title='bbox 1943 2742 2038 2794; x_wconf 74' lang='grc' dir='ltr'><strong>τοῦ</strong></span> 
     </span>
    </p>
   </div>
   <div class='ocr_carea' id='block_1_46' title="bbox 385 2828 2038 2905">
    <p class='ocr_par' dir='ltr' id='par_1_46' title="bbox 385 2828 2038 2905">
     <span class='ocr_line' id='line_1_46' title="bbox 385 2828 2038 2905; baseline -0.001 -21"><span class='ocrx_word' id='word_1_350' title='bbox 385 2830 538 2905; x_wconf 77' lang='grc' dir='ltr'><strong>ἱεροῦ</strong></span> <span class='ocrx_word' id='word_1_351' title='bbox 613 2829 956 2900; x_wconf 72' lang='grc' dir='ltr'><strong>ἐσθίουσιας</strong></span> <span class='ocrx_word' id='word_1_352' title='bbox 1056 2829 1110 2885; x_wconf 75' lang='grc' dir='ltr'><strong>οἱ</strong></span> <span class='ocrx_word' id='word_1_353' title='bbox 1207 2833 1289 2902; x_wconf 80' lang='grc' dir='ltr'><strong>τῷ</strong></span> <span class='ocrx_word' id='word_1_354' title='bbox 1381 2828 1750 2904; x_wconf 73' lang='grc' dir='ltr'><strong>θυσιαστηρίῳ</strong></span> <span class='ocrx_word' id='word_1_355' title='bbox 1868 2847 2038 2904; x_wconf 84' lang='grc' dir='ltr'><strong>προσ-</strong></span> 
     </span>
    </p>
   </div>
   <div class='ocr_carea' id='block_1_47' title="bbox 377 2917 2040 2996">
    <p class='ocr_par' dir='ltr' id='par_1_47' title="bbox 377 2917 2040 2996">
     <span class='ocr_line' id='line_1_47' title="bbox 377 2917 2040 2996; baseline -0.004 -18"><span class='ocrx_word' id='word_1_356' title='bbox 377 2918 706 2996; x_wconf 70' lang='grc' dir='ltr'><strong>εδρεῦοντες,</strong></span> <span class='ocrx_word' id='word_1_357' title='bbox 758 2925 840 2993; x_wconf 81' lang='grc' dir='ltr'><strong>τῷ</strong></span> <span class='ocrx_word' id='word_1_358' title='bbox 898 2919 1268 2994; x_wconf 74' lang='grc' dir='ltr'><strong>θυσιαστηρίῳ</strong></span> <span class='ocrx_word' id='word_1_359' title='bbox 1353 2919 1779 2995; x_wconf 79' lang='grc' dir='ltr'><strong>συμμερίζονται</strong></span> <span class='ocrx_word' id='word_1_360' title='bbox 1828 2938 1842 2988; x_wconf 92' lang='grc'><strong>;</strong></span> <span class='ocrx_word' id='word_1_361' title='bbox 1930 2917 2040 2978; x_wconf 70' lang='grc' dir='ltr'><strong>Οὕ-</strong></span> 
     </span>
    </p>
   </div>
   <div class='ocr_carea' id='block_1_48' title="bbox 375 3005 2041 3085">
    <p class='ocr_par' dir='ltr' id='par_1_48' title="bbox 375 3005 2041 3085">
     <span class='ocr_line' id='line_1_48' title="bbox 375 3005 2041 3085; baseline -0.005 -17"><span class='ocrx_word' id='word_1_362' title='bbox 375 3031 485 3073; x_wconf 89' lang='grc' dir='ltr'><strong>τως</strong></span> <span class='ocrx_word' id='word_1_363' title='bbox 552 3009 642 3065; x_wconf 84' lang='grc' dir='ltr'><strong>καὶ</strong></span> <span class='ocrx_word' id='word_1_364' title='bbox 709 3009 737 3064; x_wconf 97' lang='lat'><strong>6</strong></span> <span class='ocrx_word' id='word_1_365' title='bbox 815 3009 1009 3084; x_wconf 66' lang='grc' dir='ltr'><strong>Κύριος</strong></span> <span class='ocrx_word' id='word_1_366' title='bbox 1079 3006 1305 3080; x_wconf 79' lang='grc' dir='ltr'><strong>διέταξε,</strong></span> <span class='ocrx_word' id='word_1_367' title='bbox 1373 3014 1491 3069; x_wconf 87' lang='grc' dir='ltr'><strong>τοῖς</strong></span> <span class='ocrx_word' id='word_1_368' title='bbox 1557 3009 1619 3064; x_wconf 77' lang='grc' dir='ltr'><strong>τὸ</strong></span> <span class='ocrx_word' id='word_1_369' title='bbox 1699 3005 2041 3085; x_wconf 77' lang='grc' dir='ltr'><strong>Εὐαγγέλιον</strong></span> 
     </span>
    </p>
   </div>
   <div class='ocr_carea' id='block_1_49' title="bbox 376 3094 2039 3176">
    <p class='ocr_par' dir='ltr' id='par_1_49' title="bbox 376 3094 2039 3176">
     <span class='ocr_line' id='line_1_49' title="bbox 376 3094 2039 3176; baseline -0.003 -19"><span class='ocrx_word' id='word_1_370' title='bbox 376 3096 864 3176; x_wconf 58' lang='grc' dir='ltr'><strong>καταγγέλλουσιν,</strong></span> <span class='ocrx_word' id='word_1_371' title='bbox 927 3097 990 3154; x_wconf 73' lang='grc' dir='ltr'><strong>ἐκ</strong></span> <span class='ocrx_word' id='word_1_372' title='bbox 1040 3101 1140 3154; x_wconf 77' lang='grc' dir='ltr'><strong>τοῦ</strong></span> <span class='ocrx_word' id='word_1_373' title='bbox 1199 3098 1554 3174; x_wconf 78' lang='grc' dir='ltr'><strong>Εὗαγγελίου</strong></span> <span class='ocrx_word' id='word_1_374' title='bbox 1607 3102 1728 3173; x_wconf 75' lang='grc' dir='ltr'><strong>ζῇν.</strong></span> <span class='ocrx_word' id='word_1_375' title='bbox 1789 3097 1936 3172; x_wconf 83' lang='grc' dir='ltr'><strong>Ἐγὼ</strong></span> <span class='ocrx_word' id='word_1_376' title='bbox 1980 3094 2039 3152; x_wconf 82' lang='grc' dir='ltr'><strong>δὶ</strong></span> 
     </span>
    </p>
   </div>
   <div class='ocr_carea' id='block_1_50' title="bbox 379 3186 1169 3264">
    <p class='ocr_par' dir='ltr' id='par_1_50' title="bbox 379 3186 1169 3264">
     <span class='ocr_line' id='line_1_50' title="bbox 379 3186 1169 3264; baseline 0.001 -20"><span class='ocrx_word' id='word_1_377' title='bbox 379 3186 555 3246; x_wconf 75' lang='grc' dir='ltr'><strong>οὐδενὶ</strong></span> <span class='ocrx_word' id='word_1_378' title='bbox 585 3186 911 3264; x_wconf 69' lang='grc' dir='ltr'><strong>ἰχρησὲμην</strong></span> <span class='ocrx_word' id='word_1_379' title='bbox 943 3186 1169 3245; x_wconf 47' lang='grc' dir='ltr'><strong>τούτων</strong></span> 
     </span>
    </p>
   </div>
   <div class='ocr_carea' id='block_1_51' title="bbox 450 3271 2033 3353">
    <p class='ocr_par' dir='ltr' id='par_1_51' title="bbox 450 3271 2033 3353">
     <span class='ocr_line' id='line_1_51' title="bbox 450 3271 2033 3353; baseline -0.004 -19"><span class='ocrx_word' id='word_1_380' title='bbox 450 3277 541 3344; x_wconf 69' lang='grc' dir='ltr'><strong>Μὴ</strong></span> <span class='ocrx_word' id='word_1_381' title='bbox 573 3273 847 3349; x_wconf 48' lang='grc' dir='ltr'><strong>ἀρκεσθεὶς</strong></span> <span class='ocrx_word' id='word_1_382' title='bbox 878 3279 995 3337; x_wconf 91' lang='grc' dir='ltr'><strong>τοῖς</strong></span> <span class='ocrx_word' id='word_1_383' title='bbox 1025 3275 1290 3350; x_wconf 75' lang='grc' dir='ltr'><strong>πρώτοις,</strong></span> <span class='ocrx_word' id='word_1_384' title='bbox 1315 3273 1405 3330; x_wconf 79' lang='grc' dir='ltr'><strong>καὶ</strong></span> <span class='ocrx_word' id='word_1_385' title='bbox 1443 3271 1602 3344; x_wconf 69' lang='grc' dir='ltr'><strong>’ἔτερα</strong></span> <span class='ocrx_word' id='word_1_386' title='bbox 1660 3273 1873 3353; x_wconf 73' lang='grc' dir='ltr'><strong>ἐπάγει,</strong></span> <span class='ocrx_word' id='word_1_387' title='bbox 1928 3271 2033 3330; x_wconf 81' lang='grc' dir='ltr'><strong>δει-</strong></span> 
     </span>
    </p>
   </div>
   <div class='ocr_carea' id='block_1_52' title="bbox 378 3359 2032 3436">
    <p class='ocr_par' dir='ltr' id='par_1_52' title="bbox 378 3359 2032 3436">
     <span class='ocr_line' id='line_1_52' title="bbox 378 3359 2032 3436; baseline -0.003 -13"><span class='ocrx_word' id='word_1_388' title='bbox 378 3367 505 3428; x_wconf 68' lang='grc' dir='ltr'><strong>κνὺς</strong></span> <span class='ocrx_word' id='word_1_389' title='bbox 535 3365 610 3427; x_wconf 85' lang='grc' dir='ltr'><strong>ὡς</strong></span> <span class='ocrx_word' id='word_1_390' title='bbox 641 3364 762 3436; x_wconf 72' lang='grc' dir='ltr'><strong>ἐξῆν</strong></span> <span class='ocrx_word' id='word_1_391' title='bbox 791 3364 944 3436; x_wconf 76' lang='grc' dir='ltr'><strong>αὖτῷ</strong></span> <span class='ocrx_word' id='word_1_392' title='bbox 975 3364 1129 3436; x_wconf 73' lang='grc' dir='ltr'><strong>παρὰ</strong></span> <span class='ocrx_word' id='word_1_393' title='bbox 1181 3367 1289 3419; x_wconf 90' lang='grc' dir='ltr'><strong>τῶν</strong></span> <span class='ocrx_word' id='word_1_394' title='bbox 1352 3364 1610 3436; x_wconf 82' lang='grc' dir='ltr'><strong>μαθητῶν</strong></span> <span class='ocrx_word' id='word_1_395' title='bbox 1670 3359 1880 3430; x_wconf 78' lang='grc' dir='ltr'><strong>λαϐεῖν,</strong></span> <span class='ocrx_word' id='word_1_396' title='bbox 1938 3363 2032 3419; x_wconf 82' lang='grc' dir='ltr'><strong>καί</strong></span> 
     </span>
    </p>
   </div>
   <div class='ocr_carea' id='block_1_53' title="bbox 381 3453 2034 3538">
    <p class='ocr_par' dir='ltr' id='par_1_53' title="bbox 381 3453 2034 3538">
     <span class='ocr_line' id='line_1_53' title="bbox 381 3453 2034 3538; baseline -0.001 -27"><span class='ocrx_word' id='word_1_397' title='bbox 381 3476 567 3538; x_wconf 69' lang='grc' dir='ltr'><strong>φησιν’</strong></span> <span class='ocrx_word' id='word_1_398' title='bbox 598 3479 626 3507; x_wconf 83' lang='grc' dir='ltr'><strong>ιι</strong></span> <span class='ocrx_word' id='word_1_399' title='bbox 661 3455 730 3512; x_wconf 70' lang='grc' dir='ltr'><strong>Οἱ</strong></span> <span class='ocrx_word' id='word_1_400' title='bbox 759 3453 826 3510; x_wconf 75' lang='grc' dir='ltr'><strong>τα</strong></span> <span class='ocrx_word' id='word_1_401' title='bbox 853 3454 974 3528; x_wconf 66' lang='grc' dir='ltr'><strong>ἱερὰ</strong></span> <span class='ocrx_word' id='word_1_402' title='bbox 1005 3453 1387 3532; x_wconf 76' lang='grc' dir='ltr'><strong>ἐργαζόμενοι.</strong></span> <span class='ocrx_word' id='word_1_403' title='bbox 1423 3476 1451 3502; x_wconf 82' lang='lat'><strong>»</strong></span> <span class='ocrx_word' id='word_1_404' title='bbox 1482 3453 1789 3523; x_wconf 73' lang='grc' dir='ltr'><strong>Τουτὲστιν,</strong></span> <span class='ocrx_word' id='word_1_405' title='bbox 1821 3455 1875 3510; x_wconf 68' lang='grc' dir='ltr'><strong>οἱ</strong></span> <span class='ocrx_word' id='word_1_406' title='bbox 1927 3475 2034 3510; x_wconf 88' lang='grc' dir='ltr'><strong>πα-</strong></span> 
     </span>
    </p>
   </div>
   <div class='ocr_carea' id='block_1_54' title="bbox 382 3541 2034 3624">
    <p class='ocr_par' dir='ltr' id='par_1_54' title="bbox 382 3541 2034 3624">
     <span class='ocr_line' id='line_1_54' title="bbox 382 3541 2034 3624; baseline 0.002 -27"><span class='ocrx_word' id='word_1_407' title='bbox 382 3547 709 3624; x_wconf 66' lang='grc' dir='ltr'><strong>ρκμένοντες</strong></span> <span class='ocrx_word' id='word_1_408' title='bbox 737 3548 817 3616; x_wconf 81' lang='grc' dir='ltr'><strong>τῷ</strong></span> <span class='ocrx_word' id='word_1_409' title='bbox 845 3545 979 3618; x_wconf 78' lang='grc' dir='ltr'><strong>ἱερῷ</strong></span> <span class='ocrx_word' id='word_1_410' title='bbox 1007 3544 1100 3599; x_wconf 79' lang='grc' dir='ltr'><strong>καὶ</strong></span> <span class='ocrx_word' id='word_1_411' title='bbox 1129 3544 1227 3605; x_wconf 73' lang='grc' dir='ltr'><strong>τὰς</strong></span> <span class='ocrx_word' id='word_1_412' title='bbox 1262 3543 1314 3599; x_wconf 76' lang='grc' dir='ltr'><strong>ἐν</strong></span> <span class='ocrx_word' id='word_1_413' title='bbox 1347 3543 1496 3615; x_wconf 73' lang='grc' dir='ltr'><strong>αὖτῷ</strong></span> <span class='ocrx_word' id='word_1_414' title='bbox 1527 3541 1872 3618; x_wconf 69' lang='grc' dir='ltr'><strong>λειτουργίας</strong></span> <span class='ocrx_word' id='word_1_415' title='bbox 1893 3545 2034 3602; x_wconf 76' lang='grc' dir='ltr'><strong>ἐκτε-</strong></span> 
     </span>
    </p>
   </div>
   <div class='ocr_carea' id='block_1_55' title="bbox 377 3633 2030 3710">
    <p class='ocr_par' dir='ltr' id='par_1_55' title="bbox 377 3633 2030 3710">
     <span class='ocr_line' id='line_1_55' title="bbox 377 3633 2030 3710; baseline -0.003 -17"><span class='ocrx_word' id='word_1_416' title='bbox 377 3637 602 3695; x_wconf 74' lang='grc' dir='ltr'><strong>λοῦντες</strong></span> <span class='ocrx_word' id='word_1_417' title='bbox 635 3636 802 3710; x_wconf 78' lang='grc' dir='ltr'><strong>ἱερεῖς</strong></span> <span class='ocrx_word' id='word_1_418' title='bbox 832 3655 891 3691; x_wconf 89' lang='grc' dir='ltr'><strong>τε</strong></span> <span class='ocrx_word' id='word_1_419' title='bbox 919 3633 1009 3688; x_wconf 78' lang='grc' dir='ltr'><strong>καὶ</strong></span> <span class='ocrx_word' id='word_1_420' title='bbox 1043 3638 1286 3690; x_wconf 84' lang='grc' dir='ltr'><strong>Λευῖται.</strong></span> <span class='ocrx_word' id='word_1_421' title='bbox 1323 3659 1342 3682; x_wconf 80' lang='grc' dir='ltr'><strong>ι</strong></span> <span class='ocrx_word' id='word_1_422' title='bbox 1379 3634 1477 3691; x_wconf 82' lang='grc' dir='ltr'><strong>Ἐκ</strong></span> <span class='ocrx_word' id='word_1_423' title='bbox 1504 3637 1600 3688; x_wconf 68' lang='grc' dir='ltr'><strong>τοῦ</strong></span> <span class='ocrx_word' id='word_1_424' title='bbox 1626 3634 1781 3710; x_wconf 71' lang='grc' dir='ltr'><strong>ἱτροῦ</strong></span> <span class='ocrx_word' id='word_1_425' title='bbox 1822 3633 2030 3691; x_wconf 75' lang='grc' dir='ltr'><strong>ἐσθίου-</strong></span> 
     </span>
    </p>
   </div>
   <div class='ocr_carea' id='block_1_56' title="bbox 377 3721 2031 3803">
    <p class='ocr_par' dir='ltr' id='par_1_56' title="bbox 377 3721 2031 3803">
     <span class='ocr_line' id='line_1_56' title="bbox 377 3721 2031 3803; baseline -0.001 -21"><span class='ocrx_word' id='word_1_426' title='bbox 377 3749 482 3786; x_wconf 82' lang='grc' dir='ltr'><strong>σιν.</strong></span> <span class='ocrx_word' id='word_1_427' title='bbox 516 3749 544 3776; x_wconf 78' lang='grc'>››</span> <span class='ocrx_word' id='word_1_428' title='bbox 569 3725 685 3784; x_wconf 74' lang='grc' dir='ltr'><strong>Οὐκ</strong></span> <span class='ocrx_word' id='word_1_429' title='bbox 706 3725 879 3789; x_wconf 84' lang='grc' dir='ltr'><strong>εἶπεν,</strong></span> <span class='ocrx_word' id='word_1_430' title='bbox 912 3726 1008 3782; x_wconf 68' lang='grc' dir='ltr'><strong>Ἐκ</strong></span> <span class='ocrx_word' id='word_1_431' title='bbox 1032 3728 1140 3779; x_wconf 86' lang='grc' dir='ltr'><strong>τῶν</strong></span> <span class='ocrx_word' id='word_1_432' title='bbox 1164 3723 1597 3803; x_wconf 72' lang='grc' dir='ltr'><strong>προσφερόντων,</strong></span> <span class='ocrx_word' id='word_1_433' title='bbox 1614 3721 1706 3779; x_wconf 74' lang='grc' dir='ltr'><strong>’ἱνα</strong></span> <span class='ocrx_word' id='word_1_434' title='bbox 1741 3727 1878 3798; x_wconf 74' lang='grc' dir='ltr'><strong>μήτε</strong></span> <span class='ocrx_word' id='word_1_435' title='bbox 1905 3724 2031 3788; x_wconf 80' lang='grc' dir='ltr'><strong>τοὺς</strong></span> 
     </span>
    </p>
   </div>
   <div class='ocr_carea' id='block_1_57' title="bbox 371 3811 2031 3892">
    <p class='ocr_par' dir='ltr' id='par_1_57' title="bbox 371 3811 2031 3892">
     <span class='ocr_line' id='line_1_57' title="bbox 371 3811 2031 3892; baseline -0.003 -19"><span class='ocrx_word' id='word_1_436' title='bbox 371 3811 760 3892; x_wconf 74' lang='grc' dir='ltr'><strong>λαμϐάνοντας</strong></span> <span class='ocrx_word' id='word_1_437' title='bbox 819 3812 1089 3888; x_wconf 71' lang='grc' dir='ltr'><strong>εὖτελίσῃ,</strong></span> <span class='ocrx_word' id='word_1_438' title='bbox 1162 3815 1302 3887; x_wconf 66' lang='grc' dir='ltr'><strong>μήτε</strong></span> <span class='ocrx_word' id='word_1_439' title='bbox 1355 3813 1476 3876; x_wconf 65' lang='lat' dir='ltr'><strong>soi);</strong></span> <span class='ocrx_word' id='word_1_440' title='bbox 1529 3811 1782 3877; x_wconf 75' lang='grc' dir='ltr'><strong>διδόντας</strong></span> <span class='ocrx_word' id='word_1_441' title='bbox 1841 3813 2031 3890; x_wconf 64' lang='grc' dir='ltr'><strong>ἐπάρῃ,</strong></span> 
     </span>
    </p>
   </div>
   <div class='ocr_carea' id='block_1_58' title="bbox 382 3900 2033 3982">
    <p class='ocr_par' dir='ltr' id='par_1_58' title="bbox 382 3900 2033 3982">
     <span class='ocr_line' id='line_1_58' title="bbox 382 3900 2033 3982; baseline -0.003 -21"><span class='ocrx_word' id='word_1_442' title='bbox 382 3905 533 3976; x_wconf 83' lang='grc' dir='ltr'><strong>ἀλλ’,</strong></span> <span class='ocrx_word' id='word_1_443' title='bbox 569 3929 596 3958; x_wconf 84' lang='grc'><strong>‹‹</strong></span> <span class='ocrx_word' id='word_1_444' title='bbox 630 3907 726 3960; x_wconf 83' lang='grc' dir='ltr'><strong>Ἐκ</strong></span> <span class='ocrx_word' id='word_1_445' title='bbox 753 3907 851 3960; x_wconf 73' lang='grc' dir='ltr'><strong>τοῦ</strong></span> <span class='ocrx_word' id='word_1_446' title='bbox 879 3903 1052 3979; x_wconf 73' lang='grc' dir='ltr'><strong>ἱεροῦ,</strong></span> <span class='ocrx_word' id='word_1_447' title='bbox 1087 3925 1115 3954; x_wconf 72' lang='grc' dir='ltr'><strong>ι)</strong></span> <span class='ocrx_word' id='word_1_448' title='bbox 1157 3900 1344 3982; x_wconf 76' lang='grc' dir='ltr'><strong>φησίν.</strong></span> <span class='ocrx_word' id='word_1_449' title='bbox 1384 3926 1412 3954; x_wconf 83' lang='grc'><strong>‹‹</strong></span> <span class='ocrx_word' id='word_1_450' title='bbox 1444 3904 1512 3960; x_wconf 74' lang='grc' dir='ltr'><strong>Οἱ</strong></span> <span class='ocrx_word' id='word_1_451' title='bbox 1540 3905 1621 3975; x_wconf 82' lang='grc' dir='ltr'>τῷ</span> <span class='ocrx_word' id='word_1_452' title='bbox 1662 3902 2033 3978; x_wconf 74' lang='grc' dir='ltr'><strong>θυσιαστηρίῳ</strong></span> 
     </span>
    </p>
   </div>
   <div class='ocr_carea' id='block_1_59' title="bbox 381 3991 2036 4071">
    <p class='ocr_par' dir='ltr' id='par_1_59' title="bbox 381 3991 2036 4071">
     <span class='ocr_line' id='line_1_59' title="bbox 381 3991 2036 4071; baseline -0.002 -20"><span class='ocrx_word' id='word_1_453' title='bbox 381 3991 853 4071; x_wconf 83' lang='grc' dir='ltr'><strong>προσεδρευοντες.</strong></span> <span class='ocrx_word' id='word_1_454' title='bbox 900 4015 927 4044; x_wconf 72' lang='grc' dir='ltr'><strong>η</strong></span> <span class='ocrx_word' id='word_1_455' title='bbox 965 4025 1030 4036; x_wconf 92' lang='grc'><strong>-</strong></span> <span class='ocrx_word' id='word_1_456' title='bbox 1065 3993 1394 4068; x_wconf 74' lang='grc' dir='ltr'><strong>[οιΚυι’Μ.]</strong></span> <span class='ocrx_word' id='word_1_457' title='bbox 1430 3993 1568 4064; x_wconf 78' lang='grc' dir='ltr'><strong>Ἰερᾶ</strong></span> <span class='ocrx_word' id='word_1_458' title='bbox 1599 3994 1694 4065; x_wconf 81' lang='grc' dir='ltr'><strong>μὶν</strong></span> <span class='ocrx_word' id='word_1_459' title='bbox 1735 3992 2036 4068; x_wconf 69' lang='grc' dir='ltr'><strong>ἐργαζομέ-</strong></span> 
     </span>
    </p>
   </div>
   <div class='ocr_carea' id='block_1_60' title="bbox 378 4077 2028 4160">
    <p class='ocr_par' dir='ltr' id='par_1_60' title="bbox 378 4077 2028 4160">
     <span class='ocr_line' id='line_1_60' title="bbox 378 4077 2028 4160; baseline 0.001 -20"><span class='ocrx_word' id='word_1_460' title='bbox 378 4107 504 4150; x_wconf 90' lang='grc' dir='ltr'><strong>νους</strong></span> <span class='ocrx_word' id='word_1_461' title='bbox 533 4085 659 4146; x_wconf 74' lang='grc' dir='ltr'><strong>τοὺς</strong></span> <span class='ocrx_word' id='word_1_462' title='bbox 692 4084 916 4145; x_wconf 75' lang='grc' dir='ltr'><strong>Λευὶτας</strong></span> <span class='ocrx_word' id='word_1_463' title='bbox 948 4082 1138 4160; x_wconf 72' lang='grc' dir='ltr'><strong>φησὶν,</strong></span> <span class='ocrx_word' id='word_1_464' title='bbox 1169 4079 1228 4136; x_wconf 75' lang='lat' dir='ltr'><strong>0&#39;i</strong></span> <span class='ocrx_word' id='word_1_465' title='bbox 1260 4081 1328 4137; x_wconf 68' lang='grc' dir='ltr'><strong>τὰ</strong></span> <span class='ocrx_word' id='word_1_466' title='bbox 1366 4077 1652 4138; x_wconf 68' lang='grc' dir='ltr'><strong>ἐπιδέκατα</strong></span> <span class='ocrx_word' id='word_1_467' title='bbox 1694 4079 2028 4155; x_wconf 60' lang='grc' dir='ltr'><strong>ἐλάμϐανον.</strong></span> 
     </span>
    </p>
   </div>
   <div class='ocr_carea' id='block_1_61' title="bbox 386 4167 2032 4249">
    <p class='ocr_par' dir='ltr' id='par_1_61' title="bbox 386 4167 2032 4249">
     <span class='ocr_line' id='line_1_61' title="bbox 386 4167 2032 4249; baseline -0.003 -17"><span class='ocrx_word' id='word_1_468' title='bbox 386 4173 767 4249; x_wconf 77' lang='grc' dir='ltr'><strong>Θυσιαστηρίῳ</strong></span> <span class='ocrx_word' id='word_1_469' title='bbox 798 4169 855 4228; x_wconf 67' lang='grc' dir='ltr'><strong>δὲ</strong></span> <span class='ocrx_word' id='word_1_470' title='bbox 887 4167 1350 4248; x_wconf 73' lang='grc' dir='ltr'><strong>προσεδρεύοντας</strong></span> <span class='ocrx_word' id='word_1_471' title='bbox 1379 4172 1506 4232; x_wconf 75' lang='grc' dir='ltr'><strong>τοὺς</strong></span> <span class='ocrx_word' id='word_1_472' title='bbox 1535 4170 1732 4247; x_wconf 69' lang='grc' dir='ltr'><strong>ἱερίας,</strong></span> <span class='ocrx_word' id='word_1_473' title='bbox 1757 4173 1809 4226; x_wconf 79' lang='grc' dir='ltr'><strong>οἳ</strong></span> <span class='ocrx_word' id='word_1_474' title='bbox 1841 4170 1900 4227; x_wconf 85' lang='grc' dir='ltr'><strong>ἐκ</strong></span> <span class='ocrx_word' id='word_1_475' title='bbox 1925 4178 2032 4229; x_wconf 86' lang='grc' dir='ltr'><strong>τῶν</strong></span> 
     </span>
    </p>
   </div>
   <div class='ocr_carea' id='block_1_62' title="bbox 381 4260 2037 4341">
    <p class='ocr_par' dir='ltr' id='par_1_62' title="bbox 381 4260 2037 4341">
     <span class='ocr_line' id='line_1_62' title="bbox 381 4260 2037 4341; baseline -0.003 -19"><span class='ocrx_word' id='word_1_476' title='bbox 381 4267 640 4339; x_wconf 80' lang='grc' dir='ltr'><strong>θυμάτων</strong></span> <span class='ocrx_word' id='word_1_477' title='bbox 663 4264 816 4338; x_wconf 70' lang='grc' dir='ltr'><strong>εἶχον</strong></span> <span class='ocrx_word' id='word_1_478' title='bbox 842 4262 1047 4341; x_wconf 71' lang='grc' dir='ltr'><strong>ἁφαιρή</strong></span> <span class='ocrx_word' id='word_1_479' title='bbox 1061 4281 1222 4332; x_wconf 82' lang='grc' dir='ltr'><strong>ματα.</strong></span> <span class='ocrx_word' id='word_1_480' title='bbox 1251 4283 1274 4314; x_wconf 80' lang='grc' dir='ltr'>ι</span> <span class='ocrx_word' id='word_1_481' title='bbox 1311 4263 1404 4331; x_wconf 81' lang='grc' dir='ltr'><strong>Τῷ</strong></span> <span class='ocrx_word' id='word_1_482' title='bbox 1422 4260 1793 4336; x_wconf 71' lang='grc' dir='ltr'><strong>θυσιαστηρίῳ</strong></span> <span class='ocrx_word' id='word_1_483' title='bbox 1824 4281 2037 4334; x_wconf 83' lang='grc' dir='ltr'><strong>συμμε-</strong></span> 
     </span>
    </p>
   </div>
   <div class='ocr_carea' id='block_1_63' title="bbox 384 4349 2034 4430">
    <p class='ocr_par' dir='ltr' id='par_1_63' title="bbox 384 4349 2034 4430">
     <span class='ocr_line' id='line_1_63' title="bbox 384 4349 2034 4430; baseline -0.004 -18"><span class='ocrx_word' id='word_1_484' title='bbox 384 4358 648 4430; x_wconf 82' lang='grc' dir='ltr'><strong>ρίζονται.</strong></span> <span class='ocrx_word' id='word_1_485' title='bbox 673 4380 698 4404; x_wconf 77' lang='grc' dir='ltr'><em>η</em></span> <span class='ocrx_word' id='word_1_486' title='bbox 726 4352 894 4410; x_wconf 70' lang='grc' dir='ltr'><strong>Πάλιν</strong></span> <span class='ocrx_word' id='word_1_487' title='bbox 916 4353 1003 4407; x_wconf 72' lang='grc' dir='ltr'><strong>καὶ</strong></span> <span class='ocrx_word' id='word_1_488' title='bbox 1028 4349 1137 4407; x_wconf 80' lang='grc' dir='ltr'><strong>ὦδε</strong></span> <span class='ocrx_word' id='word_1_489' title='bbox 1160 4352 1252 4407; x_wconf 86' lang='grc' dir='ltr'><strong>τὸν</strong></span> <span class='ocrx_word' id='word_1_490' title='bbox 1276 4351 1436 4406; x_wconf 76' lang='grc' dir='ltr'><strong>αὑτὸν</strong></span> <span class='ocrx_word' id='word_1_491' title='bbox 1451 4353 1567 4406; x_wconf 83' lang='grc' dir='ltr'><strong>εἷπε</strong></span> <span class='ocrx_word' id='word_1_492' title='bbox 1586 4351 1903 4427; x_wconf 79' lang='grc' dir='ltr'><strong>τρόπον.οὖ</strong></span> <span class='ocrx_word' id='word_1_493' title='bbox 1931 4353 2034 4426; x_wconf 77' lang='grc' dir='ltr'><strong>γαρ</strong></span> 
     </span>
    </p>
   </div>
   <div class='ocr_carea' id='block_1_64' title="bbox 385 4435 2036 4514">
    <p class='ocr_par' dir='ltr' id='par_1_64' title="bbox 385 4435 2036 4514">
     <span class='ocr_line' id='line_1_64' title="bbox 385 4435 2036 4514; baseline -0.004 -11"><span class='ocrx_word' id='word_1_494' title='bbox 385 4446 550 4514; x_wconf 74' lang='grc' dir='ltr'><strong>εἶπεν,</strong></span> <span class='ocrx_word' id='word_1_495' title='bbox 581 4446 680 4500; x_wconf 79' lang='grc' dir='ltr'><strong>Ἐκ</strong></span> <span class='ocrx_word' id='word_1_496' title='bbox 714 4447 824 4498; x_wconf 89' lang='grc' dir='ltr'><strong>τῶν</strong></span> <span class='ocrx_word' id='word_1_497' title='bbox 856 4441 1098 4498; x_wconf 85' lang='grc' dir='ltr'><strong>θυόντων</strong></span> <span class='ocrx_word' id='word_1_498' title='bbox 1131 4435 1531 4514; x_wconf 73' lang='grc' dir='ltr'><strong>λαμϐάνουσιν,</strong></span> <span class='ocrx_word' id='word_1_499' title='bbox 1563 4439 1712 4510; x_wconf 72' lang='grc' dir='ltr'><strong>αλλ’,</strong></span> <span class='ocrx_word' id='word_1_500' title='bbox 1759 4467 1778 4492; x_wconf 76' lang='grc' dir='ltr'><strong>ι</strong></span> <span class='ocrx_word' id='word_1_501' title='bbox 1815 4442 1912 4498; x_wconf 87' lang='grc' dir='ltr'><strong>Ἐκ</strong></span> <span class='ocrx_word' id='word_1_502' title='bbox 1939 4446 2036 4498; x_wconf 83' lang='grc' dir='ltr'><strong>τοῦ</strong></span> 
     </span>
    </p>
   </div>
   <div class='ocr_carea' id='block_1_65' title="bbox 384 4529 2037 4607">
    <p class='ocr_par' dir='ltr' id='par_1_65' title="bbox 384 4529 2037 4607">
     <span class='ocr_line' id='line_1_65' title="bbox 384 4529 2037 4607; baseline -0.001 -17"><span class='ocrx_word' id='word_1_503' title='bbox 384 4532 796 4607; x_wconf 82' lang='grc' dir='ltr'><strong>θυσιαστηρίου.</strong></span> <span class='ocrx_word' id='word_1_504' title='bbox 857 4555 888 4584; x_wconf 85' lang='lat'><strong>»</strong></span> <span class='ocrx_word' id='word_1_505' title='bbox 949 4531 1083 4605; x_wconf 75' lang='grc' dir='ltr'><strong>μετὰ</strong></span> <span class='ocrx_word' id='word_1_506' title='bbox 1139 4530 1242 4604; x_wconf 82' lang='grc' dir='ltr'><strong>γὰρ</strong></span> <span class='ocrx_word' id='word_1_507' title='bbox 1300 4529 1362 4584; x_wconf 77' lang='grc' dir='ltr'><strong>τὸ</strong></span> <span class='ocrx_word' id='word_1_508' title='bbox 1415 4531 1869 4604; x_wconf 78' lang='grc' dir='ltr'><strong>προσενεχθῆναι,</strong></span> <span class='ocrx_word' id='word_1_509' title='bbox 1936 4532 2037 4588; x_wconf 79' lang='grc' dir='ltr'><strong>οὐκ</strong></span> 
     </span>
    </p>
   </div>
   <div class='ocr_carea' id='block_1_66' title="bbox 2139 1939 3785 2017">
    <p class='ocr_par' dir='ltr' id='par_1_66' title="bbox 2139 1939 3785 2017">
     <span class='ocr_line' id='line_1_66' title="bbox 2139 1939 3785 2017; baseline -0.003 -17"><span class='ocrx_word' id='word_1_510' title='bbox 2139 1943 2438 2017; x_wconf 90' lang='lat' dir='ltr'><strong>quomodo</strong></span> <span class='ocrx_word' id='word_1_511' title='bbox 2465 1960 2564 1999; x_wconf 86' lang='lat' dir='ltr'><strong>vos</strong></span> <span class='ocrx_word' id='word_1_512' title='bbox 2594 1959 2668 1998; x_wconf 89' lang='lat' dir='ltr'><strong>ne</strong></span> <span class='ocrx_word' id='word_1_513' title='bbox 2700 1941 2772 1997; x_wconf 89' lang='lat' dir='ltr'><strong>ab</strong></span> <span class='ocrx_word' id='word_1_514' title='bbox 2814 1941 3159 2014; x_wconf 82' lang='lat' dir='ltr'><strong>idolothytis</strong></span> <span class='ocrx_word' id='word_1_515' title='bbox 3199 1940 3440 2012; x_wconf 87' lang='lat' dir='ltr'><strong>quidem</strong></span> <span class='ocrx_word' id='word_1_516' title='bbox 3471 1939 3785 1996; x_wconf 83' lang='lat' dir='ltr'><strong>abstinetis</strong></span> 
     </span>
    </p>
   </div>
   <div class='ocr_carea' id='block_1_67' title="bbox 2142 2029 3786 2106">
    <p class='ocr_par' dir='ltr' id='par_1_67' title="bbox 2142 2029 3786 2106">
     <span class='ocr_line' id='line_1_67' title="bbox 2142 2029 3786 2106; baseline -0.004 -15"><span class='ocrx_word' id='word_1_517' title='bbox 2142 2050 2273 2106; x_wconf 69' lang='lat' dir='ltr'><strong>qua:</strong></span> <span class='ocrx_word' id='word_1_518' title='bbox 2305 2033 2550 2090; x_wconf 88' lang='lat' dir='ltr'><strong>omnino</strong></span> <span class='ocrx_word' id='word_1_519' title='bbox 2583 2033 2759 2088; x_wconf 89' lang='lat' dir='ltr'><strong>vetita</strong></span> <span class='ocrx_word' id='word_1_520' title='bbox 2787 2038 2943 2095; x_wconf 87' lang='lat' dir='ltr'><strong>sunt,</strong></span> <span class='ocrx_word' id='word_1_521' title='bbox 2978 2029 3562 2086; x_wconf 90' lang='lat' dir='ltr'><strong>neimbecillioribus</strong></span> <span class='ocrx_word' id='word_1_522' title='bbox 3590 2029 3786 2085; x_wconf 86' lang='lat' dir='ltr'><strong>fratri-</strong></span> 
     </span>
    </p>
   </div>
   <div class='ocr_carea' id='block_1_68' title="bbox 2140 2123 3782 2190">
    <p class='ocr_par' dir='ltr' id='par_1_68' title="bbox 2140 2123 3782 2190">
     <span class='ocr_line' id='line_1_68' title="bbox 2140 2123 3782 2190; baseline -0.005 -6"><span class='ocrx_word' id='word_1_523' title='bbox 2140 2128 2250 2184; x_wconf 91' lang='lat' dir='ltr'><strong>bus</strong></span> <span class='ocrx_word' id='word_1_524' title='bbox 2281 2127 2639 2184; x_wconf 77' lang='lat' dir='ltr'><strong>offendiculo</strong></span> <span class='ocrx_word' id='word_1_525' title='bbox 2668 2125 2815 2190; x_wconf 89' lang='lat' dir='ltr'><strong>sitis,</strong></span> <span class='ocrx_word' id='word_1_526' title='bbox 2853 2149 2880 2176; x_wconf 79' lang='grc' dir='ltr'><strong>ιι</strong></span> <span class='ocrx_word' id='word_1_527' title='bbox 2913 2128 3208 2181; x_wconf 88' lang='lat' dir='ltr'><strong>Potestate</strong></span> <span class='ocrx_word' id='word_1_528' title='bbox 3258 2123 3392 2179; x_wconf 90' lang='lat' dir='ltr'><strong>ista.</strong></span> <span class='ocrx_word' id='word_1_529' title='bbox 3428 2145 3456 2173; x_wconf 90' lang='lat'>»</span> <span class='ocrx_word' id='word_1_530' title='bbox 3516 2123 3634 2180; x_wconf 85' lang='lat' dir='ltr'><strong>Hoc</strong></span> <span class='ocrx_word' id='word_1_531' title='bbox 3674 2126 3782 2190; x_wconf 88' lang='lat' dir='ltr'><strong>est,</strong></span> 
     </span>
    </p>
   </div>
   <div class='ocr_carea' id='block_1_69' title="bbox 2140 2211 3783 2290">
    <p class='ocr_par' dir='ltr' id='par_1_69' title="bbox 2140 2211 3783 2290">
     <span class='ocr_line' id='line_1_69' title="bbox 2140 2211 3783 2290; baseline -0.009 -16"><span class='ocrx_word' id='word_1_532' title='bbox 2140 2217 2290 2274; x_wconf 86' lang='lat' dir='ltr'><strong>nihil</strong></span> <span class='ocrx_word' id='word_1_533' title='bbox 2322 2235 2356 2274; x_wconf 92' lang='lat' dir='ltr'><strong>a</strong></span> <span class='ocrx_word' id='word_1_534' title='bbox 2387 2233 2686 2290; x_wconf 90' lang='lat' dir='ltr'><strong>quoquam</strong></span> <span class='ocrx_word' id='word_1_535' title='bbox 2719 2216 2940 2287; x_wconf 86' lang='lat' dir='ltr'><strong>accepi.</strong></span> <span class='ocrx_word' id='word_1_536' title='bbox 2982 2237 3008 2263; x_wconf 86' lang='lat'><strong><em>«</em></strong></span> <span class='ocrx_word' id='word_1_537' title='bbox 3045 2213 3155 2269; x_wconf 91' lang='lat' dir='ltr'><strong>Sed</strong></span> <span class='ocrx_word' id='word_1_538' title='bbox 3188 2213 3390 2269; x_wconf 90' lang='lat' dir='ltr'><strong>omnia</strong></span> <span class='ocrx_word' id='word_1_539' title='bbox 3420 2211 3783 2267; x_wconf 81' lang='lat' dir='ltr'><strong>oll‘erimus.»</strong></span> 
     </span>
    </p>
   </div>
   <div class='ocr_carea' id='block_1_70' title="bbox 2141 2304 3785 2379">
    <p class='ocr_par' dir='ltr' id='par_1_70' title="bbox 2141 2304 3785 2379">
     <span class='ocr_line' id='line_1_70' title="bbox 2141 2304 3785 2379; baseline -0.006 -14"><span class='ocrx_word' id='word_1_540' title='bbox 2141 2311 2221 2365; x_wconf 86' lang='lat' dir='ltr'><strong>Ne</strong></span> <span class='ocrx_word' id='word_1_541' title='bbox 2255 2309 2413 2364; x_wconf 90' lang='lat' dir='ltr'><strong>enim</strong></span> <span class='ocrx_word' id='word_1_542' title='bbox 2439 2308 2572 2379; x_wconf 91' lang='lat' dir='ltr'><strong>quis</strong></span> <span class='ocrx_word' id='word_1_543' title='bbox 2605 2306 2765 2362; x_wconf 90' lang='lat' dir='ltr'><strong>dicat</strong></span> <span class='ocrx_word' id='word_1_544' title='bbox 2798 2323 2810 2360; x_wconf 91' lang='lat'><strong>:</strong></span> <span class='ocrx_word' id='word_1_545' title='bbox 2840 2308 2964 2361; x_wconf 76' lang='lat' dir='ltr'><strong>Non</strong></span> <span class='ocrx_word' id='word_1_546' title='bbox 2997 2304 3232 2378; x_wconf 81' lang='lat' dir='ltr'><strong>egebas,</strong></span> <span class='ocrx_word' id='word_1_547' title='bbox 3294 2307 3609 2374; x_wconf 84' lang='lat' dir='ltr'><strong>propterea</strong></span> <span class='ocrx_word' id='word_1_548' title='bbox 3664 2315 3785 2356; x_wconf 90' lang='lat' dir='ltr'><strong>non</strong></span> 
     </span>
    </p>
   </div>
   <div class='ocr_carea' id='block_1_71' title="bbox 2143 2393 3792 2472">
    <p class='ocr_par' dir='ltr' id='par_1_71' title="bbox 2143 2393 3792 2472">
     <span class='ocr_line' id='line_1_71' title="bbox 2143 2393 3792 2472; baseline -0.004 -18"><span class='ocrx_word' id='word_1_549' title='bbox 2143 2399 2443 2472; x_wconf 83' lang='lat' dir='ltr'><strong>accepisti,</strong></span> <span class='ocrx_word' id='word_1_550' title='bbox 2473 2397 2856 2469; x_wconf 72' lang='lat' dir='ltr'><strong>subjungitzu</strong></span> <span class='ocrx_word' id='word_1_551' title='bbox 2885 2395 2995 2451; x_wconf 87' lang='lat' dir='ltr'><strong>Sed</strong></span> <span class='ocrx_word' id='word_1_552' title='bbox 3017 2395 3217 2450; x_wconf 89' lang='lat' dir='ltr'><strong>omnia</strong></span> <span class='ocrx_word' id='word_1_553' title='bbox 3247 2393 3792 2463; x_wconf 66' lang='lat' dir='ltr'><strong>sufferimus.»puta</strong></span> 
     </span>
    </p>
   </div>
   <div class='ocr_carea' id='block_1_72' title="bbox 2143 2481 3790 2557">
    <p class='ocr_par' dir='ltr' id='par_1_72' title="bbox 2143 2481 3790 2557">
     <span class='ocr_line' id='line_1_72' title="bbox 2143 2481 3790 2557; baseline -0.006 -11"><span class='ocrx_word' id='word_1_554' title='bbox 2143 2490 2364 2557; x_wconf 83' lang='lat' dir='ltr'><strong>famen,</strong></span> <span class='ocrx_word' id='word_1_555' title='bbox 2396 2489 2541 2545; x_wconf 75' lang='grc' dir='ltr'><strong><em>ΜΠ</em></strong></span> <span class='ocrx_word' id='word_1_556' title='bbox 2580 2487 2761 2543; x_wconf 88' lang='lat' dir='ltr'><strong>sitim.</strong></span> <span class='ocrx_word' id='word_1_557' title='bbox 2805 2484 3136 2541; x_wconf 89' lang='lat' dir='ltr'><strong>nuditatem</strong></span> <span class='ocrx_word' id='word_1_558' title='bbox 3171 2500 3185 2538; x_wconf 95' lang='lat'><strong>:</strong></span> <span class='ocrx_word' id='word_1_559' title='bbox 3222 2482 3413 2539; x_wconf 91' lang='lat' dir='ltr'><strong>solum</strong></span> <span class='ocrx_word' id='word_1_560' title='bbox 3438 2498 3512 2538; x_wconf 87' lang='lat' dir='ltr'><strong>ne</strong></span> <span class='ocrx_word' id='word_1_561' title='bbox 3545 2498 3661 2553; x_wconf 88' lang='lat' dir='ltr'><strong>qua</strong></span> <span class='ocrx_word' id='word_1_562' title='bbox 3685 2481 3790 2538; x_wconf 77' lang='lat' dir='ltr'><strong>fiat</strong></span> 
     </span>
    </p>
   </div>
   <div class='ocr_carea' id='block_1_73' title="bbox 2143 2571 3791 2648">
    <p class='ocr_par' dir='ltr' id='par_1_73' title="bbox 2143 2571 3791 2648">
     <span class='ocr_line' id='line_1_73' title="bbox 2143 2571 3791 2648; baseline -0.004 -13"><span class='ocrx_word' id='word_1_563' title='bbox 2143 2579 2411 2636; x_wconf 81' lang='lat' dir='ltr'><strong>offensio.</strong></span> <span class='ocrx_word' id='word_1_564' title='bbox 2448 2577 2559 2633; x_wconf 88' lang='lat' dir='ltr'><strong>hoc</strong></span> <span class='ocrx_word' id='word_1_565' title='bbox 2590 2583 2698 2642; x_wconf 83' lang='lat' dir='ltr'><strong>est,</strong></span> <span class='ocrx_word' id='word_1_566' title='bbox 2734 2593 2806 2631; x_wconf 91' lang='lat' dir='ltr'><strong>ne</strong></span> <span class='ocrx_word' id='word_1_567' title='bbox 2833 2575 2974 2648; x_wconf 89' lang='lat' dir='ltr'><strong>quid</strong></span> <span class='ocrx_word' id='word_1_568' title='bbox 3033 2579 3365 2630; x_wconf 85' lang='lat' dir='ltr'><strong>remoretur</strong></span> <span class='ocrx_word' id='word_1_569' title='bbox 3412 2571 3791 2644; x_wconf 80' lang='lat' dir='ltr'><strong>Evangelium</strong></span> 
     </span>
    </p>
   </div>
   <div class='ocr_carea' id='block_1_74' title="bbox 2145 2670 2752 2745">
    <p class='ocr_par' dir='ltr' id='par_1_74' title="bbox 2145 2670 2752 2745">
     <span class='ocr_line' id='line_1_74' title="bbox 2145 2670 2752 2745; baseline -0.018 -15"><span class='ocrx_word' id='word_1_570' title='bbox 2145 2691 2212 2730; x_wconf 89' lang='lat' dir='ltr'><strong>ac</strong></span> <span class='ocrx_word' id='word_1_571' title='bbox 2242 2670 2752 2745; x_wconf 65' lang='lat' dir='ltr'><strong>praedicationem.</strong></span> 
     </span>
    </p>
   </div>
   <div class='ocr_carea' id='block_1_75' title="bbox 2216 2756 3789 2828">
    <p class='ocr_par' dir='ltr' id='par_1_75' title="bbox 2216 2756 3789 2828">
     <span class='ocr_line' id='line_1_75' title="bbox 2216 2756 3789 2828; baseline -0.01 -7"><span class='ocrx_word' id='word_1_572' title='bbox 2216 2764 2306 2821; x_wconf 75' lang='lat' dir='ltr'><strong>IX.</strong></span> <span class='ocrx_word' id='word_1_573' title='bbox 2345 2763 2428 2818; x_wconf 86' lang='grc'><strong>13.</strong></span> <span class='ocrx_word' id='word_1_574' title='bbox 2462 2763 2544 2816; x_wconf 74' lang='grc'><strong>14.</strong></span> <span class='ocrx_word' id='word_1_575' title='bbox 2579 2764 2669 2815; x_wconf 78' lang='lat' dir='ltr'><strong>An</strong></span> <span class='ocrx_word' id='word_1_576' title='bbox 2700 2756 2921 2813; x_wconf 81' lang='lat' dir='ltr'><strong>nescitis</strong></span> <span class='ocrx_word' id='word_1_577' title='bbox 2972 2757 3122 2828; x_wconf 85' lang='lat' dir='ltr'><strong>quod</strong></span> <span class='ocrx_word' id='word_1_578' title='bbox 3175 2757 3219 2809; x_wconf 83' lang='lat' dir='ltr'><strong>ii</strong></span> <span class='ocrx_word' id='word_1_579' title='bbox 3247 2757 3345 2826; x_wconf 86' lang='lat' dir='ltr'><strong>qui</strong></span> <span class='ocrx_word' id='word_1_580' title='bbox 3371 2769 3530 2809; x_wconf 86' lang='lat' dir='ltr'><strong>sacra</strong></span> <span class='ocrx_word' id='word_1_581' title='bbox 3558 2767 3789 2822; x_wconf 85' lang='lat' dir='ltr'><strong>operan-</strong></span> 
     </span>
    </p>
   </div>
   <div class='ocr_carea' id='block_1_76' title="bbox 2146 2845 3787 2920">
    <p class='ocr_par' dir='ltr' id='par_1_76' title="bbox 2146 2845 3787 2920">
     <span class='ocr_line' id='line_1_76' title="bbox 2146 2845 3787 2920; baseline -0.009 -11"><span class='ocrx_word' id='word_1_582' title='bbox 2146 2861 2256 2916; x_wconf 77' lang='lat' dir='ltr'><strong>tur,</strong></span> <span class='ocrx_word' id='word_1_583' title='bbox 2290 2869 2358 2907; x_wconf 74' lang='lat' dir='ltr'><strong>ex:</strong></span> <span class='ocrx_word' id='word_1_584' title='bbox 2391 2850 2585 2920; x_wconf 76' lang='lat' dir='ltr'><strong>templo</strong></span> <span class='ocrx_word' id='word_1_585' title='bbox 2616 2849 2835 2902; x_wconf 81' lang='lat' dir='ltr'><strong>edunt?</strong></span> <span class='ocrx_word' id='word_1_586' title='bbox 2864 2848 2969 2911; x_wconf 78' lang='lat' dir='ltr'><strong>Qui</strong></span> <span class='ocrx_word' id='word_1_587' title='bbox 3007 2846 3176 2900; x_wconf 77' lang='lat' dir='ltr'><strong>altari</strong></span> <span class='ocrx_word' id='word_1_588' title='bbox 3214 2845 3493 2905; x_wconf 72' lang='lat' dir='ltr'><strong>assistunt,</strong></span> <span class='ocrx_word' id='word_1_589' title='bbox 3526 2857 3638 2895; x_wconf 87' lang='lat' dir='ltr'><strong>una</strong></span> <span class='ocrx_word' id='word_1_590' title='bbox 3666 2855 3787 2895; x_wconf 86' lang='lat' dir='ltr'><strong>cum</strong></span> 
     </span>
    </p>
   </div>
   <div class='ocr_carea' id='block_1_77' title="bbox 2145 2930 3788 3014">
    <p class='ocr_par' dir='ltr' id='par_1_77' title="bbox 2145 2930 3788 3014">
     <span class='ocr_line' id='line_1_77' title="bbox 2145 2930 3788 3014; baseline -0.009 -15"><span class='ocrx_word' id='word_1_591' title='bbox 2145 2945 2318 2999; x_wconf 81' lang='lat' dir='ltr'><strong>altari</strong></span> <span class='ocrx_word' id='word_1_592' title='bbox 2342 2948 2562 3014; x_wconf 81' lang='lat' dir='ltr'><strong>partem</strong></span> <span class='ocrx_word' id='word_1_593' title='bbox 2596 2937 2920 3008; x_wconf 62' lang='lat' dir='ltr'><strong>accipiunt?</strong></span> <span class='ocrx_word' id='word_1_594' title='bbox 2948 2937 3033 2990; x_wconf 84' lang='lat' dir='ltr'><strong>Ila</strong></span> <span class='ocrx_word' id='word_1_595' title='bbox 3088 2941 3139 2990; x_wconf 79' lang='lat' dir='ltr'><strong>et</strong></span> <span class='ocrx_word' id='word_1_596' title='bbox 3172 2935 3426 2988; x_wconf 82' lang='lat' dir='ltr'><strong>Dominus</strong></span> <span class='ocrx_word' id='word_1_597' title='bbox 3483 2930 3788 2998; x_wconf 79' lang='lat' dir='ltr'><strong>ordinavit,</strong></span> 
     </span>
    </p>
   </div>
   <div class='ocr_carea' id='block_1_78' title="bbox 2144 3021 3786 3104">
    <p class='ocr_par' dir='ltr' id='par_1_78' title="bbox 2144 3021 3786 3104">
     <span class='ocr_line' id='line_1_78' title="bbox 2144 3021 3786 3104; baseline -0.009 -16"><span class='ocrx_word' id='word_1_598' title='bbox 2144 3041 2206 3088; x_wconf 86' lang='lat' dir='ltr'><strong>ut</strong></span> <span class='ocrx_word' id='word_1_599' title='bbox 2236 3034 2334 3104; x_wconf 79' lang='lat' dir='ltr'><strong>qui</strong></span> <span class='ocrx_word' id='word_1_600' title='bbox 2369 3028 2724 3097; x_wconf 71' lang='lat' dir='ltr'><strong>Evangelium</strong></span> <span class='ocrx_word' id='word_1_601' title='bbox 2753 3026 3115 3080; x_wconf 84' lang='lat' dir='ltr'><strong>annuntiant.</strong></span> <span class='ocrx_word' id='word_1_602' title='bbox 3149 3039 3217 3078; x_wconf 74' lang='lat' dir='ltr'><strong>ea:</strong></span> <span class='ocrx_word' id='word_1_603' title='bbox 3238 3021 3545 3092; x_wconf 67' lang='lat' dir='ltr'><strong>Evangelia</strong></span> <span class='ocrx_word' id='word_1_604' title='bbox 3575 3022 3786 3075; x_wconf 82' lang='lat' dir='ltr'><strong>vivant.</strong></span> 
     </span>
    </p>
   </div>
   <div class='ocr_carea' id='block_1_79' title="bbox 2147 3115 3198 3192">
    <p class='ocr_par' dir='ltr' id='par_1_79' title="bbox 2147 3115 3198 3192">
     <span class='ocr_line' id='line_1_79' title="bbox 2147 3115 3198 3192; baseline -0.01 -14"><span class='ocrx_word' id='word_1_605' title='bbox 2147 3125 2262 3192; x_wconf 86' lang='lat' dir='ltr'><strong>Ego</strong></span> <span class='ocrx_word' id='word_1_606' title='bbox 2295 3127 2476 3174; x_wconf 82' lang='lat' dir='ltr'><strong>tamen</strong></span> <span class='ocrx_word' id='word_1_607' title='bbox 2505 3116 2656 3171; x_wconf 83' lang='lat' dir='ltr'><strong>nullo</strong></span> <span class='ocrx_word' id='word_1_608' title='bbox 2688 3115 2883 3170; x_wconf 84' lang='lat' dir='ltr'><strong>horum</strong></span> <span class='ocrx_word' id='word_1_609' title='bbox 2913 3128 3038 3168; x_wconf 86' lang='lat' dir='ltr'><strong>usus</strong></span> <span class='ocrx_word' id='word_1_610' title='bbox 3060 3127 3198 3168; x_wconf 86' lang='lat' dir='ltr'><strong>sum.</strong></span> 
     </span>
    </p>
   </div>
   <div class='ocr_carea' id='block_1_80' title="bbox 2214 3270 3784 3346">
    <p class='ocr_par' dir='ltr' id='par_1_80' title="bbox 2214 3270 3784 3346">
     <span class='ocr_line' id='line_1_80' title="bbox 2214 3270 3784 3346; baseline -0.008 -8"><span class='ocrx_word' id='word_1_611' title='bbox 2214 3279 2520 3338; x_wconf 80' lang='lat' dir='ltr'><strong>Prioribus</strong></span> <span class='ocrx_word' id='word_1_612' title='bbox 2541 3295 2660 3334; x_wconf 90' lang='lat' dir='ltr'><strong>non</strong></span> <span class='ocrx_word' id='word_1_613' title='bbox 2684 3281 3018 3337; x_wconf 87' lang='lat' dir='ltr'><strong>contentus,</strong></span> <span class='ocrx_word' id='word_1_614' title='bbox 3053 3275 3170 3331; x_wconf 89' lang='lat' dir='ltr'><strong>alia</strong></span> <span class='ocrx_word' id='word_1_615' title='bbox 3191 3288 3428 3346; x_wconf 80' lang='lat' dir='ltr'><strong>quoque</strong></span> <span class='ocrx_word' id='word_1_616' title='bbox 3457 3270 3784 3342; x_wconf 75' lang='lat' dir='ltr'><strong>subiungit:</strong></span> 
     </span>
    </p>
   </div>
   <div class='ocr_carea' id='block_1_81' title="bbox 2145 3359 3794 3442">
    <p class='ocr_par' dir='ltr' id='par_1_81' title="bbox 2145 3359 3794 3442">
     <span class='ocr_line' id='line_1_81' title="bbox 2145 3359 3794 3442; baseline -0.01 -12"><span class='ocrx_word' id='word_1_617' title='bbox 2145 3370 2469 3430; x_wconf 86' lang='lat' dir='ltr'><strong>ostendens</strong></span> <span class='ocrx_word' id='word_1_618' title='bbox 2501 3368 2656 3442; x_wconf 92' lang='lat' dir='ltr'><strong>quod</strong></span> <span class='ocrx_word' id='word_1_619' title='bbox 2689 3367 2798 3421; x_wconf 92' lang='lat' dir='ltr'><strong>sibi</strong></span> <span class='ocrx_word' id='word_1_620' title='bbox 2834 3366 3059 3421; x_wconf 89' lang='lat' dir='ltr'><strong>licitum</strong></span> <span class='ocrx_word' id='word_1_621' title='bbox 3095 3369 3281 3418; x_wconf 90' lang='lat' dir='ltr'><strong>erata</strong></span> <span class='ocrx_word' id='word_1_622' title='bbox 3313 3361 3619 3434; x_wconf 87' lang='lat' dir='ltr'><strong>discipulis</strong></span> <span class='ocrx_word' id='word_1_623' title='bbox 3645 3359 3794 3415; x_wconf 84' lang='lat' dir='ltr'><strong>acci-</strong></span> 
     </span>
    </p>
   </div>
   <div class='ocr_carea' id='block_1_82' title="bbox 2143 3451 3788 3538">
    <p class='ocr_par' dir='ltr' id='par_1_82' title="bbox 2143 3451 3788 3538">
     <span class='ocr_line' id='line_1_82' title="bbox 2143 3451 3788 3538; baseline -0.007 -19"><span class='ocrx_word' id='word_1_624' title='bbox 2143 3479 2310 3538; x_wconf 88' lang='lat' dir='ltr'><strong>pere.</strong></span> <span class='ocrx_word' id='word_1_625' title='bbox 2343 3467 2404 3517; x_wconf 90' lang='lat' dir='ltr'><strong>et</strong></span> <span class='ocrx_word' id='word_1_626' title='bbox 2431 3460 2514 3516; x_wconf 90' lang='lat' dir='ltr'><strong>ait</strong></span> <span class='ocrx_word' id='word_1_627' title='bbox 2547 3476 2558 3514; x_wconf 94' lang='lat'><strong>:</strong></span> <span class='ocrx_word' id='word_1_628' title='bbox 2594 3481 2623 3508; x_wconf 78' lang='grc' dir='ltr'><strong>κ</strong></span> <span class='ocrx_word' id='word_1_629' title='bbox 2653 3457 2760 3524; x_wconf 86' lang='lat' dir='ltr'><strong>Qui</strong></span> <span class='ocrx_word' id='word_1_630' title='bbox 2796 3473 2963 3513; x_wconf 85' lang='lat' dir='ltr'><strong>sacra</strong></span> <span class='ocrx_word' id='word_1_631' title='bbox 2984 3460 3325 3527; x_wconf 87' lang='lat' dir='ltr'><strong>operantur.</strong></span> <span class='ocrx_word' id='word_1_632' title='bbox 3359 3473 3384 3501; x_wconf 77' lang='grc' dir='ltr'>ι</span> <span class='ocrx_word' id='word_1_633' title='bbox 3421 3453 3541 3508; x_wconf 83' lang='lat' dir='ltr'><strong>Hoc</strong></span> <span class='ocrx_word' id='word_1_634' title='bbox 3571 3451 3788 3523; x_wconf 88' lang='lat' dir='ltr'><strong>est,qui</strong></span> 
     </span>
    </p>
   </div>
   <div class='ocr_carea' id='block_1_83' title="bbox 2144 3540 3794 3623">
    <p class='ocr_par' dir='ltr' id='par_1_83' title="bbox 2144 3540 3794 3623">
     <span class='ocr_line' id='line_1_83' title="bbox 2144 3540 3794 3623; baseline -0.009 -13"><span class='ocrx_word' id='word_1_635' title='bbox 2144 3554 2206 3610; x_wconf 88' lang='lat' dir='ltr'><strong>in</strong></span> <span class='ocrx_word' id='word_1_636' title='bbox 2231 3549 2451 3623; x_wconf 90' lang='lat' dir='ltr'><strong>templo</strong></span> <span class='ocrx_word' id='word_1_637' title='bbox 2483 3553 2854 3620; x_wconf 82' lang='lat' dir='ltr'><strong>permanent,</strong></span> <span class='ocrx_word' id='word_1_638' title='bbox 2888 3551 2944 3600; x_wconf 90' lang='lat' dir='ltr'><strong>et</strong></span> <span class='ocrx_word' id='word_1_639' title='bbox 2976 3559 3226 3599; x_wconf 88' lang='lat' dir='ltr'><strong>munera</strong></span> <span class='ocrx_word' id='word_1_640' title='bbox 3255 3559 3388 3614; x_wconf 68' lang='lat' dir='ltr'><strong>qum</strong></span> <span class='ocrx_word' id='word_1_641' title='bbox 3420 3541 3480 3596; x_wconf 91' lang='lat' dir='ltr'><strong>in</strong></span> <span class='ocrx_word' id='word_1_642' title='bbox 3513 3558 3582 3596; x_wconf 92' lang='lat' dir='ltr'><strong>eo</strong></span> <span class='ocrx_word' id='word_1_643' title='bbox 3641 3540 3794 3596; x_wconf 83' lang='lat' dir='ltr'><strong>ﬁunt</strong></span> 
     </span>
    </p>
   </div>
   <div class='ocr_carea' id='block_1_84' title="bbox 2147 3633 3792 3712">
    <p class='ocr_par' dir='ltr' id='par_1_84' title="bbox 2147 3633 3792 3712">
     <span class='ocr_line' id='line_1_84' title="bbox 2147 3633 3792 3712; baseline -0.009 -14"><span class='ocrx_word' id='word_1_644' title='bbox 2147 3647 2572 3712; x_wconf 85' lang='lat' dir='ltr'><strong>exsequuntur.</strong></span> <span class='ocrx_word' id='word_1_645' title='bbox 2632 3652 2848 3708; x_wconf 90' lang='lat' dir='ltr'><strong>nempe</strong></span> <span class='ocrx_word' id='word_1_646' title='bbox 2909 3633 3244 3690; x_wconf 87' lang='lat' dir='ltr'><strong>sacerdotes</strong></span> <span class='ocrx_word' id='word_1_647' title='bbox 3275 3639 3334 3686; x_wconf 92' lang='lat' dir='ltr'><strong>et</strong></span> <span class='ocrx_word' id='word_1_648' title='bbox 3384 3633 3611 3687; x_wconf 63' lang='lat' dir='ltr'><strong>Levita.</strong></span> <span class='ocrx_word' id='word_1_649' title='bbox 3653 3634 3792 3687; x_wconf 82' lang='lat' dir='ltr'><strong>«Ex</strong></span> 
     </span>
    </p>
   </div>
   <div class='ocr_carea' id='block_1_85' title="bbox 2143 3723 3791 3805">
    <p class='ocr_par' dir='ltr' id='par_1_85' title="bbox 2143 3723 3791 3805">
     <span class='ocr_line' id='line_1_85' title="bbox 2143 3723 3791 3805; baseline -0.007 -16"><span class='ocrx_word' id='word_1_650' title='bbox 2143 3732 2367 3805; x_wconf 89' lang='lat' dir='ltr'><strong>templo</strong></span> <span class='ocrx_word' id='word_1_651' title='bbox 2399 3729 2601 3785; x_wconf 86' lang='lat' dir='ltr'><strong>edunt.</strong></span> <span class='ocrx_word' id='word_1_652' title='bbox 2637 3749 2664 3776; x_wconf 83' lang='lat'><strong>»</strong></span> <span class='ocrx_word' id='word_1_653' title='bbox 2693 3729 2819 3784; x_wconf 88' lang='lat' dir='ltr'><strong>Non</strong></span> <span class='ocrx_word' id='word_1_654' title='bbox 2851 3726 3002 3782; x_wconf 85' lang='lat' dir='ltr'><strong>dixit</strong></span> <span class='ocrx_word' id='word_1_655' title='bbox 3029 3742 3046 3780; x_wconf 93' lang='lat'><strong>:</strong></span> <span class='ocrx_word' id='word_1_656' title='bbox 3079 3727 3160 3780; x_wconf 90' lang='lat' dir='ltr'><strong>De</strong></span> <span class='ocrx_word' id='word_1_657' title='bbox 3192 3725 3282 3780; x_wconf 91' lang='lat' dir='ltr'><strong>his</strong></span> <span class='ocrx_word' id='word_1_658' title='bbox 3305 3723 3405 3794; x_wconf 85' lang='lat' dir='ltr'><strong>qui</strong></span> <span class='ocrx_word' id='word_1_659' title='bbox 3434 3723 3791 3783; x_wconf 79' lang='lat' dir='ltr'><strong>offerunt,ne</strong></span> 
     </span>
    </p>
   </div>
   <div class='ocr_carea' id='block_1_86' title="bbox 2144 3809 3791 3892">
    <p class='ocr_par' dir='ltr' id='par_1_86' title="bbox 2144 3809 3791 3892">
     <span class='ocr_line' id='line_1_86' title="bbox 2144 3809 3791 3892; baseline -0.007 -17"><span class='ocrx_word' id='word_1_660' title='bbox 2144 3822 2233 3878; x_wconf 89' lang='lat' dir='ltr'><strong>vel</strong></span> <span class='ocrx_word' id='word_1_661' title='bbox 2261 3820 2622 3892; x_wconf 89' lang='lat' dir='ltr'><strong>accipientes</strong></span> <span class='ocrx_word' id='word_1_662' title='bbox 2642 3817 3020 3888; x_wconf 75' lang='lat' dir='ltr'><strong>deprimeret,</strong></span> <span class='ocrx_word' id='word_1_663' title='bbox 3047 3815 3136 3869; x_wconf 85' lang='lat' dir='ltr'><strong>vel</strong></span> <span class='ocrx_word' id='word_1_664' title='bbox 3163 3810 3551 3868; x_wconf 68' lang='lat' dir='ltr'><strong>offerentibus</strong></span> <span class='ocrx_word' id='word_1_665' title='bbox 3581 3809 3791 3864; x_wconf 85' lang='lat' dir='ltr'><strong>cristas</strong></span> 
     </span>
    </p>
   </div>
   <div class='ocr_carea' id='block_1_87' title="bbox 2146 3897 3790 3984">
    <p class='ocr_par' dir='ltr' id='par_1_87' title="bbox 2146 3897 3790 3984">
     <span class='ocr_line' id='line_1_87' title="bbox 2146 3897 3790 3984; baseline -0.01 -16"><span class='ocrx_word' id='word_1_666' title='bbox 2146 3913 2415 3984; x_wconf 76' lang='lat' dir='ltr'><strong>erigeret,</strong></span> <span class='ocrx_word' id='word_1_667' title='bbox 2450 3908 2574 3963; x_wconf 84' lang='lat' dir='ltr'><strong>sed.</strong></span> <span class='ocrx_word' id='word_1_668' title='bbox 2600 3930 2628 3958; x_wconf 88' lang='grc'><em>‹‹</em></span> <span class='ocrx_word' id='word_1_669' title='bbox 2662 3908 2740 3961; x_wconf 86' lang='lat' dir='ltr'><strong>Ex</strong></span> <span class='ocrx_word' id='word_1_670' title='bbox 2774 3905 3014 3977; x_wconf 86' lang='lat' dir='ltr'><strong>templo,</strong></span> <span class='ocrx_word' id='word_1_671' title='bbox 3045 3925 3072 3951; x_wconf 85' lang='grc'><strong>››</strong></span> <span class='ocrx_word' id='word_1_672' title='bbox 3108 3903 3208 3956; x_wconf 89' lang='lat' dir='ltr'><strong>ait.</strong></span> <span class='ocrx_word' id='word_1_673' title='bbox 3244 3923 3270 3950; x_wconf 85' lang='lat'>«</span> <span class='ocrx_word' id='word_1_674' title='bbox 3305 3900 3412 3966; x_wconf 87' lang='lat' dir='ltr'><strong>Qui</strong></span> <span class='ocrx_word' id='word_1_675' title='bbox 3446 3899 3617 3954; x_wconf 82' lang='lat' dir='ltr'><strong>altari</strong></span> <span class='ocrx_word' id='word_1_676' title='bbox 3639 3897 3790 3953; x_wconf 89' lang='lat' dir='ltr'><strong>assi-</strong></span> 
     </span>
    </p>
   </div>
   <div class='ocr_carea' id='block_1_88' title="bbox 2146 3989 3786 4066">
    <p class='ocr_par' dir='ltr' id='par_1_88' title="bbox 2146 3989 3786 4066">
     <span class='ocr_line' id='line_1_88' title="bbox 2146 3989 3786 4066; baseline -0.009 -7"><span class='ocrx_word' id='word_1_677' title='bbox 2146 4008 2328 4059; x_wconf 86' lang='lat' dir='ltr'><strong>stunt.</strong></span> <span class='ocrx_word' id='word_1_678' title='bbox 2363 4021 2389 4048; x_wconf 85' lang='grc'><strong>››</strong></span> <span class='ocrx_word' id='word_1_679' title='bbox 2425 4000 2599 4054; x_wconf 87' lang='lat' dir='ltr'><strong>Sacra</strong></span> <span class='ocrx_word' id='word_1_680' title='bbox 2629 3995 2868 4066; x_wconf 89' lang='lat' dir='ltr'><strong>quidem</strong></span> <span class='ocrx_word' id='word_1_681' title='bbox 2903 3997 3216 4064; x_wconf 74' lang='lat' dir='ltr'><strong>operantes</strong></span> <span class='ocrx_word' id='word_1_682' title='bbox 3239 3990 3381 4046; x_wconf 90' lang='lat' dir='ltr'><strong>dicit</strong></span> <span class='ocrx_word' id='word_1_683' title='bbox 3407 3989 3651 4052; x_wconf 85' lang='lat' dir='ltr'><strong>Levitas,</strong></span> <span class='ocrx_word' id='word_1_684' title='bbox 3685 3990 3786 4061; x_wconf 87' lang='lat' dir='ltr'><strong>qui</strong></span> 
     </span>
    </p>
   </div>
   <div class='ocr_carea' id='block_1_89' title="bbox 2145 4080 3792 4158">
    <p class='ocr_par' dir='ltr' id='par_1_89' title="bbox 2145 4080 3792 4158">
     <span class='ocr_line' id='line_1_89' title="bbox 2145 4080 3792 4158; baseline -0.009 -10"><span class='ocrx_word' id='word_1_685' title='bbox 2145 4091 2408 4147; x_wconf 87' lang='lat' dir='ltr'><strong>decimas</strong></span> <span class='ocrx_word' id='word_1_686' title='bbox 2432 4085 2839 4158; x_wconf 88' lang='lat' dir='ltr'><strong>accipiebant:</strong></span> <span class='ocrx_word' id='word_1_687' title='bbox 2866 4082 3034 4137; x_wconf 87' lang='lat' dir='ltr'><strong>altari</strong></span> <span class='ocrx_word' id='word_1_688' title='bbox 3060 4097 3194 4136; x_wconf 85' lang='lat' dir='ltr'><strong>vero</strong></span> <span class='ocrx_word' id='word_1_689' title='bbox 3225 4080 3572 4136; x_wconf 84' lang='lat' dir='ltr'><strong>assistentes</strong></span> <span class='ocrx_word' id='word_1_690' title='bbox 3596 4095 3792 4134; x_wconf 83' lang='lat' dir='ltr'><strong>sacer-</strong></span> 
     </span>
    </p>
   </div>
   <div class='ocr_carea' id='block_1_90' title="bbox 2145 4167 3792 4248">
    <p class='ocr_par' dir='ltr' id='par_1_90' title="bbox 2145 4167 3792 4248">
     <span class='ocr_line' id='line_1_90' title="bbox 2145 4167 3792 4248; baseline -0.009 -13"><span class='ocrx_word' id='word_1_691' title='bbox 2145 4177 2441 4248; x_wconf 72' lang='lat' dir='ltr'><strong>dotes,qui</strong></span> <span class='ocrx_word' id='word_1_692' title='bbox 2467 4191 2533 4229; x_wconf 89' lang='lat' dir='ltr'><strong>ea</strong></span> <span class='ocrx_word' id='word_1_693' title='bbox 2558 4172 2853 4228; x_wconf 82' lang='lat' dir='ltr'><strong>habebant</strong></span> <span class='ocrx_word' id='word_1_694' title='bbox 2870 4187 2999 4243; x_wconf 67' lang='lat' dir='ltr'><strong>qua)</strong></span> <span class='ocrx_word' id='word_1_695' title='bbox 3028 4169 3392 4225; x_wconf 86' lang='lat' dir='ltr'><strong>tollebantur</strong></span> <span class='ocrx_word' id='word_1_696' title='bbox 3407 4185 3442 4224; x_wconf 87' lang='lat' dir='ltr'><strong>a</strong></span> <span class='ocrx_word' id='word_1_697' title='bbox 3462 4167 3792 4224; x_wconf 80' lang='lat' dir='ltr'><strong>sacriﬁciis.</strong></span> 
     </span>
    </p>
   </div>
   <div class='ocr_carea' id='block_1_91' title="bbox 2152 4257 3795 4336">
    <p class='ocr_par' dir='ltr' id='par_1_91' title="bbox 2152 4257 3795 4336">
     <span class='ocr_line' id='line_1_91' title="bbox 2152 4257 3795 4336; baseline -0.007 -14"><span class='ocrx_word' id='word_1_698' title='bbox 2152 4291 2178 4322; x_wconf 74' lang='grc' dir='ltr'><strong>α</strong></span> <span class='ocrx_word' id='word_1_699' title='bbox 2212 4270 2336 4324; x_wconf 90' lang='lat' dir='ltr'><strong>Una</strong></span> <span class='ocrx_word' id='word_1_700' title='bbox 2358 4283 2488 4323; x_wconf 89' lang='lat' dir='ltr'><strong>cum</strong></span> <span class='ocrx_word' id='word_1_701' title='bbox 2514 4264 2682 4320; x_wconf 91' lang='lat' dir='ltr'><strong>altari</strong></span> <span class='ocrx_word' id='word_1_702' title='bbox 2716 4269 2943 4336; x_wconf 86' lang='lat' dir='ltr'><strong>partem</strong></span> <span class='ocrx_word' id='word_1_703' title='bbox 2967 4261 3582 4332; x_wconf 73' lang='lat' dir='ltr'><strong>accipiunt.-Rursum</strong></span> <span class='ocrx_word' id='word_1_704' title='bbox 3612 4263 3669 4311; x_wconf 89' lang='lat' dir='ltr'><strong>et</strong></span> <span class='ocrx_word' id='word_1_705' title='bbox 3701 4257 3795 4311; x_wconf 88' lang='lat' dir='ltr'><strong>hic</strong></span> 
     </span>
    </p>
   </div>
   <div class='ocr_carea' id='block_1_92' title="bbox 2147 4346 3796 4426">
    <p class='ocr_par' dir='ltr' id='par_1_92' title="bbox 2147 4346 3796 4426">
     <span class='ocr_line' id='line_1_92' title="bbox 2147 4346 3796 4426; baseline -0.008 -11"><span class='ocrx_word' id='word_1_706' title='bbox 2147 4358 2354 4415; x_wconf 89' lang='lat' dir='ltr'><strong>eodem</strong></span> <span class='ocrx_word' id='word_1_707' title='bbox 2388 4363 2553 4426; x_wconf 90' lang='lat' dir='ltr'><strong>tropo</strong></span> <span class='ocrx_word' id='word_1_708' title='bbox 2591 4355 2820 4409; x_wconf 88' lang='lat' dir='ltr'><strong>locutus</strong></span> <span class='ocrx_word' id='word_1_709' title='bbox 2859 4351 3288 4423; x_wconf 86' lang='lat' dir='ltr'><strong>est.Siquidem</strong></span> <span class='ocrx_word' id='word_1_710' title='bbox 3321 4365 3440 4405; x_wconf 91' lang='lat' dir='ltr'><strong>non</strong></span> <span class='ocrx_word' id='word_1_711' title='bbox 3499 4346 3686 4402; x_wconf 90' lang='lat' dir='ltr'><strong>dixit:</strong></span> <span class='ocrx_word' id='word_1_712' title='bbox 3713 4347 3796 4402; x_wconf 83' lang='lat' dir='ltr'><strong>Ex</strong></span> 
     </span>
    </p>
   </div>
   <div class='ocr_carea' id='block_1_93' title="bbox 2147 4438 3788 4522">
    <p class='ocr_par' dir='ltr' id='par_1_93' title="bbox 2147 4438 3788 4522">
     <span class='ocr_line' id='line_1_93' title="bbox 2147 4438 3788 4522; baseline -0.012 -15"><span class='ocrx_word' id='word_1_713' title='bbox 2147 4452 2240 4508; x_wconf 89' lang='lat' dir='ltr'><strong>his</strong></span> <span class='ocrx_word' id='word_1_714' title='bbox 2263 4451 2361 4522; x_wconf 92' lang='lat' dir='ltr'><strong>qui</strong></span> <span class='ocrx_word' id='word_1_715' title='bbox 2394 4447 2710 4503; x_wconf 91' lang='lat' dir='ltr'><strong>immolant</strong></span> <span class='ocrx_word' id='word_1_716' title='bbox 2754 4446 3073 4517; x_wconf 83' lang='lat' dir='ltr'><strong>accipiunt,</strong></span> <span class='ocrx_word' id='word_1_717' title='bbox 3135 4442 3261 4504; x_wconf 89' lang='lat' dir='ltr'><strong>sed,</strong></span> <span class='ocrx_word' id='word_1_718' title='bbox 3321 4462 3350 4490; x_wconf 84' lang='lat'>«</span> <span class='ocrx_word' id='word_1_719' title='bbox 3397 4440 3477 4495; x_wconf 86' lang='lat' dir='ltr'><strong>Ex</strong></span> <span class='ocrx_word' id='word_1_720' title='bbox 3533 4438 3788 4494; x_wconf 83' lang='lat' dir='ltr'><strong>altari.»</strong></span> 
     </span>
    </p>
   </div>
   <div class='ocr_carea' id='block_1_94' title="bbox 2144 4530 3795 4612">
    <p class='ocr_par' dir='ltr' id='par_1_94' title="bbox 2144 4530 3795 4612">
     <span class='ocr_line' id='line_1_94' title="bbox 2144 4530 3795 4612; baseline -0.008 -13"><span class='ocrx_word' id='word_1_721' title='bbox 2144 4544 2468 4612; x_wconf 87' lang='lat' dir='ltr'><strong>Postquam</strong></span> <span class='ocrx_word' id='word_1_722' title='bbox 2485 4537 2641 4591; x_wconf 91' lang='lat' dir='ltr'><strong>enim</strong></span> <span class='ocrx_word' id='word_1_723' title='bbox 2668 4536 2821 4592; x_wconf 84' lang='lat' dir='ltr'><strong>facta</strong></span> <span class='ocrx_word' id='word_1_724' title='bbox 2844 4533 3347 4604; x_wconf 86' lang='lat' dir='ltr'><strong>eratoblatio,jam</strong></span> <span class='ocrx_word' id='word_1_725' title='bbox 3371 4547 3492 4586; x_wconf 90' lang='lat' dir='ltr'><strong>non</strong></span> <span class='ocrx_word' id='word_1_726' title='bbox 3521 4530 3650 4600; x_wconf 80' lang='lat' dir='ltr'><strong>ejus</strong></span> <span class='ocrx_word' id='word_1_727' title='bbox 3667 4534 3795 4585; x_wconf 83' lang='lat' dir='ltr'><strong>erat</strong></span> 
     </span>
    </p>
   </div>
   <div class='ocr_carea' id='block_1_95' title="bbox 383 4609 2033 4703">
    <p class='ocr_par' dir='ltr' id='par_1_95' title="bbox 383 4618 2033 4701">
     <span class='ocr_line' id='line_1_95' title="bbox 383 4618 2033 4701; baseline -0.002 -19"><span class='ocrx_word' id='word_1_728' title='bbox 383 4621 463 4682; x_wconf 76' lang='grc' dir='ltr'><strong>ἔτι</strong></span> <span class='ocrx_word' id='word_1_729' title='bbox 496 4629 593 4682; x_wconf 68' lang='grc' dir='ltr'><strong>τοῦ</strong></span> <span class='ocrx_word' id='word_1_730' title='bbox 623 4623 1082 4701; x_wconf 71' lang='grc' dir='ltr'><strong>προσενέγκαντός</strong></span> <span class='ocrx_word' id='word_1_731' title='bbox 1137 4620 1304 4688; x_wconf 73' lang='grc' dir='ltr'><strong>ὶστιν,</strong></span> <span class='ocrx_word' id='word_1_732' title='bbox 1337 4618 1483 4677; x_wconf 80' lang='grc' dir='ltr'><strong>ἀλλὰ</strong></span> <span class='ocrx_word' id='word_1_733' title='bbox 1523 4625 1618 4676; x_wconf 75' lang='grc' dir='ltr'><strong>τοῦ</strong></span> <span class='ocrx_word' id='word_1_734' title='bbox 1651 4623 1798 4697; x_wconf 65' lang='grc' dir='ltr'><strong>ἱεροῦ</strong></span> <span class='ocrx_word' id='word_1_735' title='bbox 1823 4623 1914 4677; x_wconf 83' lang='grc' dir='ltr'><strong>καὶ</strong></span> <span class='ocrx_word' id='word_1_736' title='bbox 1943 4627 2033 4678; x_wconf 70' lang='grc' dir='ltr'><strong>τοῦ</strong></span> 
     </span>
    </p>
   </div>
   <div class='ocr_carea' id='block_1_96' title="bbox 2144 4609 3791 4703">
    <p class='ocr_par' dir='ltr' id='par_1_96' title="bbox 2150 4609 3791 4703">
     <span class='ocr_line' id='line_1_96' title="bbox 2150 4609 3791 4703; baseline -0.006 -18"><span class='ocrx_word' id='word_1_737' title='bbox 2150 4631 2250 4703; x_wconf 90' lang='lat' dir='ltr'><strong>qui</strong></span> <span class='ocrx_word' id='word_1_738' title='bbox 2281 4609 2598 4689; x_wconf 78' lang='lat' dir='ltr'><strong>obtulerat,</strong></span> <span class='ocrx_word' id='word_1_739' title='bbox 2632 4626 2734 4682; x_wconf 70' lang='lat' dir='ltr'><strong>sed</strong></span> <span class='ocrx_word' id='word_1_740' title='bbox 2765 4625 2968 4698; x_wconf 89' lang='lat' dir='ltr'><strong>templi</strong></span> <span class='ocrx_word' id='word_1_741' title='bbox 3001 4629 3058 4678; x_wconf 90' lang='lat' dir='ltr'><strong>et</strong></span> <span class='ocrx_word' id='word_1_742' title='bbox 3096 4623 3316 4678; x_wconf 88' lang='lat' dir='ltr'><strong>altaris.</strong></span> <span class='ocrx_word' id='word_1_743' title='bbox 3344 4622 3413 4676; x_wconf 90' lang='lat' dir='ltr'><strong>Et</strong></span> <span class='ocrx_word' id='word_1_744' title='bbox 3441 4619 3594 4674; x_wconf 89' lang='lat' dir='ltr'><strong>bene</strong></span> <span class='ocrx_word' id='word_1_745' title='bbox 3625 4619 3791 4675; x_wconf 85' lang='lat' dir='ltr'><strong>dixit:</strong></span> 
     </span>
    </p>
   </div>
   <div class='ocr_carea' id='block_1_97' title="bbox 389 4711 2033 4788">
    <p class='ocr_par' dir='ltr' id='par_1_97' title="bbox 389 4711 2033 4788">
     <span class='ocr_line' id='line_1_97' title="bbox 389 4711 2033 4788; baseline -0.004 -16"><span class='ocrx_word' id='word_1_746' title='bbox 389 4713 796 4788; x_wconf 78' lang='grc' dir='ltr'><strong>θυσιαστηρίου.</strong></span> <span class='ocrx_word' id='word_1_747' title='bbox 832 4711 1031 4774; x_wconf 85' lang='grc' dir='ltr'><strong>Καλῶς</strong></span> <span class='ocrx_word' id='word_1_748' title='bbox 1063 4713 1148 4784; x_wconf 79' lang='grc' dir='ltr'><strong>τὸ,</strong></span> <span class='ocrx_word' id='word_1_749' title='bbox 1215 4735 1241 4766; x_wconf 76' lang='grc' dir='ltr'><strong>ε</strong></span> <span class='ocrx_word' id='word_1_750' title='bbox 1273 4712 1730 4788; x_wconf 73' lang='grc' dir='ltr'><strong>Συμμερῗζονται.</strong></span> <span class='ocrx_word' id='word_1_751' title='bbox 1767 4737 1795 4765; x_wconf 83' lang='grc'>››</span> <span class='ocrx_word' id='word_1_752' title='bbox 1827 4713 1906 4772; x_wconf 74' lang='grc' dir='ltr'><strong>Τὰ</strong></span> <span class='ocrx_word' id='word_1_753' title='bbox 1939 4713 2033 4788; x_wconf 79' lang='grc' dir='ltr'><strong>μὶν</strong></span> 
     </span>
    </p>
   </div>
   <div class='ocr_carea' id='block_1_98' title="bbox 387 4801 2041 4883">
    <p class='ocr_par' dir='ltr' id='par_1_98' title="bbox 387 4801 2041 4883">
     <span class='ocr_line' id='line_1_98' title="bbox 387 4801 2041 4883; baseline -0.002 -22"><span class='ocrx_word' id='word_1_754' title='bbox 387 4806 493 4883; x_wconf 79' lang='grc' dir='ltr'><strong>γὰρ</strong></span> <span class='ocrx_word' id='word_1_755' title='bbox 520 4804 956 4878; x_wconf 77' lang='grc' dir='ltr'><strong>ὁλοκαυτώματα</strong></span> <span class='ocrx_word' id='word_1_756' title='bbox 986 4802 1217 4880; x_wconf 72' lang='grc' dir='ltr'><strong>ὶγίνετο,</strong></span> <span class='ocrx_word' id='word_1_757' title='bbox 1249 4801 1340 4857; x_wconf 76' lang='grc' dir='ltr'>καῖ</span> <span class='ocrx_word' id='word_1_758' title='bbox 1369 4803 1439 4872; x_wconf 84' lang='grc' dir='ltr'><strong>ἧν</strong></span> <span class='ocrx_word' id='word_1_759' title='bbox 1492 4801 1661 4874; x_wconf 86' lang='grc' dir='ltr'><strong>μόνου</strong></span> <span class='ocrx_word' id='word_1_760' title='bbox 1709 4807 1806 4860; x_wconf 72' lang='grc' dir='ltr'><strong>τοῦ</strong></span> <span class='ocrx_word' id='word_1_761' title='bbox 1855 4815 2041 4868; x_wconf 68' lang='grc' dir='ltr'><strong>ουσιαι</strong></span> 
     </span>
    </p>
   </div>
   <div class='ocr_carea' id='block_1_99' title="bbox 385 4890 2036 4972">
    <p class='ocr_par' dir='ltr' id='par_1_99' title="bbox 385 4890 2036 4972">
     <span class='ocr_line' id='line_1_99' title="bbox 385 4890 2036 4972; baseline -0.001 -20"><span class='ocrx_word' id='word_1_762' title='bbox 385 4895 636 4972; x_wconf 85' lang='grc' dir='ltr'><strong>στηρίου.</strong></span> <span class='ocrx_word' id='word_1_763' title='bbox 677 4894 778 4952; x_wconf 81' lang='grc' dir='ltr'><strong>Καὶ</strong></span> <span class='ocrx_word' id='word_1_764' title='bbox 811 4893 871 4949; x_wconf 76' lang='grc' dir='ltr'><strong>ἐκ</strong></span> <span class='ocrx_word' id='word_1_765' title='bbox 897 4898 1006 4949; x_wconf 87' lang='grc' dir='ltr'><strong>τῶν</strong></span> <span class='ocrx_word' id='word_1_766' title='bbox 1039 4892 1321 4967; x_wconf 72' lang='grc' dir='ltr'><strong>θυομένων</strong></span> <span class='ocrx_word' id='word_1_767' title='bbox 1353 4890 1433 4963; x_wconf 60' lang='lat' dir='ltr'><strong>Si,</strong></span> <span class='ocrx_word' id='word_1_768' title='bbox 1473 4893 1536 4948; x_wconf 84' lang='grc' dir='ltr'><strong>τὸ</strong></span> <span class='ocrx_word' id='word_1_769' title='bbox 1579 4893 1676 4966; x_wconf 79' lang='grc' dir='ltr'><strong>μὶν</strong></span> <span class='ocrx_word' id='word_1_770' title='bbox 1707 4895 1839 4967; x_wconf 68' lang='grc' dir='ltr'><strong>αἷμα</strong></span> <span class='ocrx_word' id='word_1_771' title='bbox 1869 4915 2036 4970; x_wconf 88' lang='grc' dir='ltr'><strong>προσ-</strong></span> 
     </span>
    </p>
   </div>
   <div class='ocr_carea' id='block_1_100' title="bbox 385 4982 2043 5068">
    <p class='ocr_par' dir='ltr' id='par_1_100' title="bbox 385 4982 2043 5068">
     <span class='ocr_line' id='line_1_100' title="bbox 385 4982 2043 5068; baseline -0.002 -25"><span class='ocrx_word' id='word_1_772' title='bbox 385 4992 573 5068; x_wconf 85' lang='grc' dir='ltr'><strong>εχεῖτο</strong></span> <span class='ocrx_word' id='word_1_773' title='bbox 594 4989 676 5058; x_wconf 78' lang='grc' dir='ltr'><strong>τῷ</strong></span> <span class='ocrx_word' id='word_1_774' title='bbox 710 4983 1098 5059; x_wconf 83' lang='grc' dir='ltr'><strong>θυσιαστηρίῳ.</strong></span> <span class='ocrx_word' id='word_1_775' title='bbox 1129 4982 1219 5068; x_wconf 83' lang='grc' dir='ltr'><strong>καὶ</strong></span> <span class='ocrx_word' id='word_1_776' title='bbox 1248 4982 1313 5038; x_wconf 84' lang='grc' dir='ltr'><strong>τὸ</strong></span> <span class='ocrx_word' id='word_1_777' title='bbox 1334 4985 1493 5059; x_wconf 72' lang='grc' dir='ltr'><strong>στέαρ</strong></span> <span class='ocrx_word' id='word_1_778' title='bbox 1526 4983 1804 5056; x_wconf 71' lang='grc' dir='ltr'><strong>ἰθυμιᾶτο.</strong></span> <span class='ocrx_word' id='word_1_779' title='bbox 1832 4987 1953 5040; x_wconf 89' lang='grc' dir='ltr'><strong>Τῶν</strong></span> <span class='ocrx_word' id='word_1_780' title='bbox 1985 4982 2043 5039; x_wconf 64' lang='grc' dir='ltr'><strong>δὲ</strong></span> 
     </span>
    </p>
   </div>
   <div class='ocr_carea' id='block_1_101' title="bbox 389 5067 2044 5153">
    <p class='ocr_par' dir='ltr' id='par_1_101' title="bbox 389 5067 2044 5153">
     <span class='ocr_line' id='line_1_101' title="bbox 389 5067 2044 5153; baseline -0.002 -20"><span class='ocrx_word' id='word_1_781' title='bbox 389 5067 568 5149; x_wconf 68' lang='grc' dir='ltr'><strong>κρεῶν</strong></span> <span class='ocrx_word' id='word_1_782' title='bbox 599 5073 890 5153; x_wconf 70' lang='grc' dir='ltr'><strong>ἀφαιρημά</strong></span> <span class='ocrx_word' id='word_1_783' title='bbox 916 5093 968 5128; x_wconf 90' lang='grc' dir='ltr'><strong>τι</strong></span> <span class='ocrx_word' id='word_1_784' title='bbox 1025 5067 1326 5144; x_wconf 72' lang='grc' dir='ltr'><strong>ἆλάμϐανεν</strong></span> <span class='ocrx_word' id='word_1_785' title='bbox 1386 5073 1415 5127; x_wconf 87' lang='grc' dir='ltr'>ὁ</span> <span class='ocrx_word' id='word_1_786' title='bbox 1457 5071 1654 5147; x_wconf 70' lang='grc' dir='ltr'><strong>ἱερεὺς,</strong></span> <span class='ocrx_word' id='word_1_787' title='bbox 1688 5072 1802 5129; x_wconf 78' lang='grc' dir='ltr'><strong>οἷον</strong></span> <span class='ocrx_word' id='word_1_788' title='bbox 1831 5073 1922 5128; x_wconf 88' lang='grc' dir='ltr'><strong>τὸν</strong></span> <span class='ocrx_word' id='word_1_789' title='bbox 1956 5070 2044 5130; x_wconf 83' lang='grc' dir='ltr'><strong>δε-</strong></span> 
     </span>
    </p>
   </div>
   <div class='ocr_carea' id='block_1_102' title="bbox 392 5155 2044 5241">
    <p class='ocr_par' dir='ltr' id='par_1_102' title="bbox 392 5155 2044 5241">
     <span class='ocr_line' id='line_1_102' title="bbox 392 5155 2044 5241; baseline -0.001 -21"><span class='ocrx_word' id='word_1_790' title='bbox 392 5165 507 5239; x_wconf 76' lang='grc' dir='ltr'><strong>ξιὸν</strong></span> <span class='ocrx_word' id='word_1_791' title='bbox 539 5163 811 5241; x_wconf 82' lang='grc' dir='ltr'><strong>βραχίονα</strong></span> <span class='ocrx_word' id='word_1_792' title='bbox 829 5163 921 5217; x_wconf 85' lang='grc' dir='ltr'><strong>καὶ</strong></span> <span class='ocrx_word' id='word_1_793' title='bbox 948 5161 1011 5217; x_wconf 85' lang='grc' dir='ltr'><strong>τὸ</strong></span> <span class='ocrx_word' id='word_1_794' title='bbox 1041 5161 1353 5231; x_wconf 66' lang='grc' dir='ltr'><strong>στηθύνιον,</strong></span> <span class='ocrx_word' id='word_1_795' title='bbox 1375 5160 1465 5216; x_wconf 78' lang='grc' dir='ltr'><strong>καὶ</strong></span> <span class='ocrx_word' id='word_1_796' title='bbox 1497 5160 1559 5217; x_wconf 72' lang='grc' dir='ltr'><strong>τό</strong></span> <span class='ocrx_word' id='word_1_797' title='bbox 1583 5155 1854 5239; x_wconf 72' lang='grc' dir='ltr'><strong>ἔνυστρον.</strong></span> <span class='ocrx_word' id='word_1_798' title='bbox 1889 5187 1916 5214; x_wconf 86' lang='grc'><em>‹‹</em></span> <span class='ocrx_word' id='word_1_799' title='bbox 1943 5160 2044 5222; x_wconf 71' lang='grc' dir='ltr'><strong>Οὕ-</strong></span> 
     </span>
    </p>
   </div>
   <div class='ocr_carea' id='block_1_103' title="bbox 387 5246 2044 5332">
    <p class='ocr_par' dir='ltr' id='par_1_103' title="bbox 387 5246 2044 5332">
     <span class='ocr_line' id='line_1_103' title="bbox 387 5246 2044 5332; baseline -0.001 -23"><span class='ocrx_word' id='word_1_800' title='bbox 387 5274 499 5317; x_wconf 90' lang='grc' dir='ltr'><strong>τως</strong></span> <span class='ocrx_word' id='word_1_801' title='bbox 526 5252 617 5308; x_wconf 82' lang='grc' dir='ltr'><strong>καὶ</strong></span> <span class='ocrx_word' id='word_1_802' title='bbox 651 5254 678 5308; x_wconf 91' lang='lat'><strong>6</strong></span> <span class='ocrx_word' id='word_1_803' title='bbox 715 5253 937 5321; x_wconf 72' lang='grc' dir='ltr'><strong>Κύριος.</strong></span> <span class='ocrx_word' id='word_1_804' title='bbox 969 5274 1000 5304; x_wconf 84' lang='lat'><strong>»</strong></span> <span class='ocrx_word' id='word_1_805' title='bbox 1031 5251 1244 5315; x_wconf 73' lang='grc' dir='ltr'><strong>Οὕτως,</strong></span> <span class='ocrx_word' id='word_1_806' title='bbox 1278 5246 1456 5316; x_wconf 67' lang='grc' dir='ltr'><strong>οὐδὲν,</strong></span> <span class='ocrx_word' id='word_1_807' title='bbox 1489 5251 1646 5332; x_wconf 70' lang='grc' dir='ltr'><strong>φησὶ,</strong></span> <span class='ocrx_word' id='word_1_808' title='bbox 1674 5249 1842 5324; x_wconf 76' lang='grc' dir='ltr'><strong>ξένον,</strong></span> <span class='ocrx_word' id='word_1_809' title='bbox 1898 5251 2044 5308; x_wconf 77' lang='grc' dir='ltr'><strong>ἀλλᾶ</strong></span> 
     </span>
    </p>
   </div>
   <div class='ocr_carea' id='block_1_104' title="bbox 385 5335 2039 5415">
    <p class='ocr_par' dir='ltr' id='par_1_104' title="bbox 385 5335 2039 5415">
     <span class='ocr_line' id='line_1_104' title="bbox 385 5335 2039 5415; baseline 0 -17"><span class='ocrx_word' id='word_1_810' title='bbox 385 5346 457 5415; x_wconf 81' lang='grc' dir='ltr'><strong>τῇ</strong></span> <span class='ocrx_word' id='word_1_811' title='bbox 519 5341 732 5410; x_wconf 75' lang='grc' dir='ltr'><strong>Παλαιᾷ</strong></span> <span class='ocrx_word' id='word_1_812' title='bbox 786 5338 1080 5412; x_wconf 68' lang='grc' dir='ltr'><strong>ἑπόμενος.</strong></span> <span class='ocrx_word' id='word_1_813' title='bbox 1141 5335 1298 5395; x_wconf 80' lang='grc' dir='ltr'><strong>οὐδὶν</strong></span> <span class='ocrx_word' id='word_1_814' title='bbox 1355 5345 1704 5414; x_wconf 84' lang='grc' dir='ltr'><strong>καινοτομῶν</strong></span> <span class='ocrx_word' id='word_1_815' title='bbox 1790 5341 2039 5412; x_wconf 75' lang='grc' dir='ltr'><strong>ἐποίησα.</strong></span> 
     </span>
    </p>
   </div>
   <div class='ocr_carea' id='block_1_105' title="bbox 382 5425 2042 5508">
    <p class='ocr_par' dir='ltr' id='par_1_105' title="bbox 382 5425 2042 5508">
     <span class='ocr_line' id='line_1_105' title="bbox 382 5425 2042 5508; baseline -0.001 -20"><span class='ocrx_word' id='word_1_816' title='bbox 382 5428 732 5507; x_wconf 57' lang='lat'><strong>&quot;09263.16</strong></span> <span class='ocrx_word' id='word_1_817' title='bbox 797 5431 1055 5507; x_wconf 78' lang='grc' dir='ltr'><strong>μέγιστον</strong></span> <span class='ocrx_word' id='word_1_818' title='bbox 1099 5425 1329 5508; x_wconf 80' lang='grc' dir='ltr'><strong>ἔσχατον</strong></span> <span class='ocrx_word' id='word_1_819' title='bbox 1393 5428 1648 5493; x_wconf 68' lang='grc' dir='ltr'><strong>τὲθεικεν.</strong></span> <span class='ocrx_word' id='word_1_820' title='bbox 1711 5455 1738 5481; x_wconf 88' lang='grc'><em>‹‹</em></span> <span class='ocrx_word' id='word_1_821' title='bbox 1795 5434 1892 5488; x_wconf 87' lang='grc' dir='ltr'><strong>Ἐκ</strong></span> <span class='ocrx_word' id='word_1_822' title='bbox 1946 5435 2042 5486; x_wconf 75' lang='grc' dir='ltr'><strong>τοῦ</strong></span> 
     </span>
    </p>
   </div>
   <div class='ocr_carea' id='block_1_106' title="bbox 387 5517 2040 5596">
    <p class='ocr_par' dir='ltr' id='par_1_106' title="bbox 387 5517 2040 5596">
     <span class='ocr_line' id='line_1_106' title="bbox 387 5517 2040 5596; baseline -0.004 -17"><span class='ocrx_word' id='word_1_823' title='bbox 387 5519 726 5596; x_wconf 71' lang='grc' dir='ltr'><strong>Εὗαγγελίου</strong></span> <span class='ocrx_word' id='word_1_824' title='bbox 760 5522 878 5592; x_wconf 75' lang='grc' dir='ltr'><strong>ζῇν.</strong></span> <span class='ocrx_word' id='word_1_825' title='bbox 915 5542 944 5571; x_wconf 79' lang='lat'><strong>»</strong></span> <span class='ocrx_word' id='word_1_826' title='bbox 980 5518 1281 5592; x_wconf 79' lang='grc' dir='ltr'><strong>Καθώσπερ</strong></span> <span class='ocrx_word' id='word_1_827' title='bbox 1314 5517 1427 5574; x_wconf 74' lang='grc' dir='ltr'><strong>ἐκεῖ</strong></span> <span class='ocrx_word' id='word_1_828' title='bbox 1457 5519 1558 5575; x_wconf 74' lang='grc' dir='ltr'><strong>οὐκ</strong></span> <span class='ocrx_word' id='word_1_829' title='bbox 1586 5519 1756 5576; x_wconf 78' lang='grc' dir='ltr'><strong>εἶπεν.</strong></span> <span class='ocrx_word' id='word_1_830' title='bbox 1793 5521 1888 5578; x_wconf 83' lang='grc' dir='ltr'><strong>Ἐκ</strong></span> <span class='ocrx_word' id='word_1_831' title='bbox 1933 5523 2040 5574; x_wconf 87' lang='grc' dir='ltr'><strong>τῶν</strong></span> 
     </span>
    </p>
   </div>
   <div class='ocr_carea' id='block_1_107' title="bbox 387 5606 2043 5687">
    <p class='ocr_par' dir='ltr' id='par_1_107' title="bbox 387 5606 2043 5687">
     <span class='ocr_line' id='line_1_107' title="bbox 387 5606 2043 5687; baseline -0.002 -20"><span class='ocrx_word' id='word_1_832' title='bbox 387 5609 879 5687; x_wconf 69' lang='grc' dir='ltr'><strong>προσενεγκάντων,</strong></span> <span class='ocrx_word' id='word_1_833' title='bbox 912 5606 1062 5676; x_wconf 80' lang='grc' dir='ltr'><strong>ἀλλ’,</strong></span> <span class='ocrx_word' id='word_1_834' title='bbox 1094 5633 1122 5659; x_wconf 76' lang='grc' dir='ltr'><strong>ι(</strong></span> <span class='ocrx_word' id='word_1_835' title='bbox 1158 5609 1253 5666; x_wconf 85' lang='grc' dir='ltr'><strong>Ἐκ</strong></span> <span class='ocrx_word' id='word_1_836' title='bbox 1281 5612 1380 5665; x_wconf 72' lang='grc' dir='ltr'><strong>τοῦ</strong></span> <span class='ocrx_word' id='word_1_837' title='bbox 1409 5608 1560 5684; x_wconf 71' lang='grc' dir='ltr'><strong>ἱεροῦ</strong></span> <span class='ocrx_word' id='word_1_838' title='bbox 1611 5608 1700 5664; x_wconf 70' lang='grc' dir='ltr'><strong>καὶ</strong></span> <span class='ocrx_word' id='word_1_839' title='bbox 1730 5611 1826 5664; x_wconf 72' lang='grc' dir='ltr'>τοῦ</span> <span class='ocrx_word' id='word_1_840' title='bbox 1859 5619 2043 5674; x_wconf 85' lang='grc' dir='ltr'><strong>θυσια-</strong></span> 
     </span>
    </p>
   </div>
   <div class='ocr_carea' id='block_1_108' title="bbox 397 5694 2044 5773">
    <p class='ocr_par' dir='ltr' id='par_1_108' title="bbox 397 5694 2044 5773">
     <span class='ocr_line' id='line_1_108' title="bbox 397 5694 2044 5773; baseline -0.001 -17"><span class='ocrx_word' id='word_1_841' title='bbox 397 5698 643 5773; x_wconf 82' lang='grc' dir='ltr'><strong>στηρίου.</strong></span> <span class='ocrx_word' id='word_1_842' title='bbox 676 5718 702 5752; x_wconf 75' lang='grc' dir='ltr'><strong>ιο</strong></span> <span class='ocrx_word' id='word_1_843' title='bbox 741 5696 913 5760; x_wconf 69' lang='grc' dir='ltr'><strong>οὕτως</strong></span> <span class='ocrx_word' id='word_1_844' title='bbox 944 5696 1032 5752; x_wconf 70' lang='grc' dir='ltr'><strong>καῖ</strong></span> <span class='ocrx_word' id='word_1_845' title='bbox 1067 5695 1174 5753; x_wconf 73' lang='grc' dir='ltr'><strong>ὧδε</strong></span> <span class='ocrx_word' id='word_1_846' title='bbox 1205 5694 1303 5752; x_wconf 75' lang='grc' dir='ltr'><strong>οὐκ</strong></span> <span class='ocrx_word' id='word_1_847' title='bbox 1328 5696 1735 5768; x_wconf 67' lang='grc' dir='ltr'><strong>εἴπεν,Ἐκτῶν</strong></span> <span class='ocrx_word' id='word_1_848' title='bbox 1760 5700 2044 5773; x_wconf 72' lang='grc' dir='ltr'><strong>μαθητῶν,</strong></span> 
     </span>
    </p>
   </div>
   <div class='ocr_carea' id='block_1_109' title="bbox 2151 4709 3797 4790">
    <p class='ocr_par' dir='ltr' id='par_1_109' title="bbox 2151 4709 3797 4790">
     <span class='ocr_line' id='line_1_109' title="bbox 2151 4709 3797 4790; baseline -0.004 -20"><span class='ocrx_word' id='word_1_849' title='bbox 2151 4745 2176 4770; x_wconf 86' lang='grc'><strong>‹‹</strong></span> <span class='ocrx_word' id='word_1_850' title='bbox 2214 4720 2339 4776; x_wconf 90' lang='lat' dir='ltr'><strong>Una</strong></span> <span class='ocrx_word' id='word_1_851' title='bbox 2370 4723 2595 4790; x_wconf 84' lang='lat' dir='ltr'><strong>partem</strong></span> <span class='ocrx_word' id='word_1_852' title='bbox 2629 4712 3295 4787; x_wconf 78' lang='lat' dir='ltr'><strong>accipiunt.»Siquidem</strong></span> <span class='ocrx_word' id='word_1_853' title='bbox 3320 4709 3797 4764; x_wconf 88' lang='lat' dir='ltr'><strong>holocautomata</strong></span> 
     </span>
    </p>
   </div>
   <div class='ocr_carea' id='block_1_110' title="bbox 2154 4799 3798 4876">
    <p class='ocr_par' dir='ltr' id='par_1_110' title="bbox 2154 4799 3798 4876">
     <span class='ocr_line' id='line_1_110' title="bbox 2154 4799 3798 4876; baseline -0.008 -10"><span class='ocrx_word' id='word_1_854' title='bbox 2154 4809 2375 4867; x_wconf 83' lang='lat' dir='ltr'><strong>ﬂebant</strong></span> <span class='ocrx_word' id='word_1_855' title='bbox 2405 4813 2463 4862; x_wconf 89' lang='lat' dir='ltr'><strong>et</strong></span> <span class='ocrx_word' id='word_1_856' title='bbox 2495 4824 2566 4862; x_wconf 89' lang='lat' dir='ltr'><strong>ea</strong></span> <span class='ocrx_word' id='word_1_857' title='bbox 2587 4807 2771 4862; x_wconf 91' lang='lat' dir='ltr'><strong>solius</strong></span> <span class='ocrx_word' id='word_1_858' title='bbox 2798 4810 2968 4862; x_wconf 87' lang='lat' dir='ltr'><strong>erant</strong></span> <span class='ocrx_word' id='word_1_859' title='bbox 2997 4804 3201 4859; x_wconf 77' lang='lat' dir='ltr'><strong>alt-aris</strong></span> <span class='ocrx_word' id='word_1_860' title='bbox 3226 4822 3238 4859; x_wconf 91' lang='lat'><strong>:</strong></span> <span class='ocrx_word' id='word_1_861' title='bbox 3263 4817 3439 4876; x_wconf 87' lang='lat' dir='ltr'><strong>porro</strong></span> <span class='ocrx_word' id='word_1_862' title='bbox 3458 4816 3528 4855; x_wconf 84' lang='lat' dir='ltr'><strong>ex</strong></span> <span class='ocrx_word' id='word_1_863' title='bbox 3545 4799 3798 4856; x_wconf 80' lang='lat' dir='ltr'><strong>victimis</strong></span> 
     </span>
    </p>
   </div>
   <div class='ocr_carea' id='block_1_111' title="bbox 2154 4888 3800 4974">
    <p class='ocr_par' dir='ltr' id='par_1_111' title="bbox 2154 4888 3800 4974">
     <span class='ocr_line' id='line_1_111' title="bbox 2154 4888 3800 4974; baseline -0.005 -18"><span class='ocrx_word' id='word_1_864' title='bbox 2154 4899 2393 4974; x_wconf 78' lang='lat' dir='ltr'><strong>sanguis</strong></span> <span class='ocrx_word' id='word_1_865' title='bbox 2423 4897 2660 4971; x_wconf 89' lang='lat' dir='ltr'><strong>quidem</strong></span> <span class='ocrx_word' id='word_1_866' title='bbox 2691 4896 2861 4952; x_wconf 85' lang='lat' dir='ltr'><strong>altari</strong></span> <span class='ocrx_word' id='word_1_867' title='bbox 2890 4893 3223 4956; x_wconf 83' lang='lat' dir='ltr'><strong>cedebat,et</strong></span> <span class='ocrx_word' id='word_1_868' title='bbox 3243 4892 3424 4966; x_wconf 88' lang='lat' dir='ltr'><strong>adeps</strong></span> <span class='ocrx_word' id='word_1_869' title='bbox 3454 4888 3800 4947; x_wconf 86' lang='lat' dir='ltr'><strong>immolaba-</strong></span> 
     </span>
    </p>
   </div>
   <div class='ocr_carea' id='block_1_112' title="bbox 2153 4979 3802 5060">
    <p class='ocr_par' dir='ltr' id='par_1_112' title="bbox 2153 4979 3802 5060">
     <span class='ocr_line' id='line_1_112' title="bbox 2153 4979 3802 5060; baseline -0.007 -15"><span class='ocrx_word' id='word_1_870' title='bbox 2153 4994 2249 5045; x_wconf 87' lang='lat' dir='ltr'><strong>tur</strong></span> <span class='ocrx_word' id='word_1_871' title='bbox 2279 5006 2290 5043; x_wconf 96' lang='lat'><strong>:</strong></span> <span class='ocrx_word' id='word_1_872' title='bbox 2325 4987 2643 5060; x_wconf 89' lang='lat' dir='ltr'><strong>quamdam</strong></span> <span class='ocrx_word' id='word_1_873' title='bbox 2676 5002 2810 5040; x_wconf 90' lang='lat' dir='ltr'><strong>vero</strong></span> <span class='ocrx_word' id='word_1_874' title='bbox 2841 4985 3108 5040; x_wconf 90' lang='lat' dir='ltr'><strong>carnium</strong></span> <span class='ocrx_word' id='word_1_875' title='bbox 3141 4983 3504 5039; x_wconf 86' lang='lat' dir='ltr'><strong>oblationem</strong></span> <span class='ocrx_word' id='word_1_876' title='bbox 3544 4979 3802 5052; x_wconf 87' lang='lat' dir='ltr'><strong>accipie-</strong></span> 
     </span>
    </p>
   </div>
   <div class='ocr_carea' id='block_1_113' title="bbox 2153 5073 3798 5148">
    <p class='ocr_par' dir='ltr' id='par_1_113' title="bbox 2153 5073 3798 5148">
     <span class='ocr_line' id='line_1_113' title="bbox 2153 5073 3798 5148; baseline -0.004 -14"><span class='ocrx_word' id='word_1_877' title='bbox 2153 5078 2254 5134; x_wconf 88' lang='lat' dir='ltr'><strong>bat</strong></span> <span class='ocrx_word' id='word_1_878' title='bbox 2283 5075 2576 5133; x_wconf 88' lang='lat' dir='ltr'><strong>sacerdos.</strong></span> <span class='ocrx_word' id='word_1_879' title='bbox 2604 5081 2806 5148; x_wconf 86' lang='lat' dir='ltr'><strong>utpote</strong></span> <span class='ocrx_word' id='word_1_880' title='bbox 2837 5075 3105 5129; x_wconf 74' lang='lat' dir='ltr'><strong>dextrum</strong></span> <span class='ocrx_word' id='word_1_881' title='bbox 3126 5073 3456 5136; x_wconf 87' lang='lat' dir='ltr'><strong>brachium,</strong></span> <span class='ocrx_word' id='word_1_882' title='bbox 3488 5077 3798 5144; x_wconf 61' lang='lat' dir='ltr'><strong>pectuscuo</strong></span> 
     </span>
    </p>
   </div>
   <div class='ocr_carea' id='block_1_114' title="bbox 2155 5161 3802 5236">
    <p class='ocr_par' dir='ltr' id='par_1_114' title="bbox 2155 5161 3802 5236">
     <span class='ocr_line' id='line_1_114' title="bbox 2155 5161 3802 5236; baseline -0.004 -14"><span class='ocrx_word' id='word_1_883' title='bbox 2155 5167 2275 5222; x_wconf 90' lang='lat' dir='ltr'><strong>lum</strong></span> <span class='ocrx_word' id='word_1_884' title='bbox 2311 5165 2428 5220; x_wconf 89' lang='lat' dir='ltr'><strong>sive</strong></span> <span class='ocrx_word' id='word_1_885' title='bbox 2461 5163 2723 5219; x_wconf 88' lang='lat' dir='ltr'><strong>medium</strong></span> <span class='ocrx_word' id='word_1_886' title='bbox 2759 5163 3013 5236; x_wconf 87' lang='lat' dir='ltr'><strong>pectoris</strong></span> <span class='ocrx_word' id='word_1_887' title='bbox 3043 5168 3102 5218; x_wconf 90' lang='lat' dir='ltr'><strong>et</strong></span> <span class='ocrx_word' id='word_1_888' title='bbox 3127 5179 3356 5218; x_wconf 88' lang='lat' dir='ltr'><strong>armum</strong></span> <span class='ocrx_word' id='word_1_889' title='bbox 3378 5161 3802 5218; x_wconf 82' lang='lat' dir='ltr'><strong>dextrum.«lta</strong></span> 
     </span>
    </p>
   </div>
   <div class='ocr_carea' id='block_1_115' title="bbox 2155 5251 3802 5324">
    <p class='ocr_par' dir='ltr' id='par_1_115' title="bbox 2155 5251 3802 5324">
     <span class='ocr_line' id='line_1_115' title="bbox 2155 5251 3802 5324; baseline -0.002 -14"><span class='ocrx_word' id='word_1_890' title='bbox 2155 5262 2213 5311; x_wconf 92' lang='lat' dir='ltr'><strong>et</strong></span> <span class='ocrx_word' id='word_1_891' title='bbox 2243 5253 2549 5310; x_wconf 86' lang='lat' dir='ltr'><strong>Dominus.</strong></span> <span class='ocrx_word' id='word_1_892' title='bbox 2587 5277 2604 5303; x_wconf 79' lang='grc' dir='ltr'><strong>ι</strong></span> <span class='ocrx_word' id='word_1_893' title='bbox 2647 5253 2937 5318; x_wconf 85' lang='lat' dir='ltr'><strong>Ita,nihil,</strong></span> <span class='ocrx_word' id='word_1_894' title='bbox 2961 5253 3175 5324; x_wconf 88' lang='lat' dir='ltr'><strong>inquit,</strong></span> <span class='ocrx_word' id='word_1_895' title='bbox 3200 5269 3437 5319; x_wconf 86' lang='lat' dir='ltr'><strong>novum,</strong></span> <span class='ocrx_word' id='word_1_896' title='bbox 3471 5251 3574 5307; x_wconf 85' lang='lat' dir='ltr'><strong>sed</strong></span> <span class='ocrx_word' id='word_1_897' title='bbox 3605 5257 3802 5307; x_wconf 86' lang='lat' dir='ltr'><strong>vetera</strong></span> 
     </span>
    </p>
   </div>
   <div class='ocr_carea' id='block_1_116' title="bbox 2155 5340 3798 5409">
    <p class='ocr_par' dir='ltr' id='par_1_116' title="bbox 2155 5340 3798 5409">
     <span class='ocr_line' id='line_1_116' title="bbox 2155 5340 3798 5409; baseline -0.004 -9"><span class='ocrx_word' id='word_1_898' title='bbox 2155 5349 2413 5409; x_wconf 87' lang='lat' dir='ltr'><strong>secutus,</strong></span> <span class='ocrx_word' id='word_1_899' title='bbox 2439 5341 2589 5398; x_wconf 88' lang='lat' dir='ltr'><strong>nihil</strong></span> <span class='ocrx_word' id='word_1_900' title='bbox 2619 5343 2752 5397; x_wconf 86' lang='lat' dir='ltr'><strong>novi</strong></span> <span class='ocrx_word' id='word_1_901' title='bbox 2781 5342 3021 5399; x_wconf 89' lang='lat' dir='ltr'><strong>molitus</strong></span> <span class='ocrx_word' id='word_1_902' title='bbox 3081 5357 3232 5396; x_wconf 89' lang='lat' dir='ltr'><strong>sum.</strong></span> <span class='ocrx_word' id='word_1_903' title='bbox 3282 5340 3605 5396; x_wconf 88' lang='lat' dir='ltr'><strong>Considera</strong></span> <span class='ocrx_word' id='word_1_904' title='bbox 3661 5355 3798 5394; x_wconf 79' lang='lat' dir='ltr'><strong>vero</strong></span> 
     </span>
    </p>
   </div>
   <div class='ocr_carea' id='block_1_117' title="bbox 2153 5428 3805 5505">
    <p class='ocr_par' dir='ltr' id='par_1_117' title="bbox 2153 5428 3805 5505">
     <span class='ocr_line' id='line_1_117' title="bbox 2153 5428 3805 5505; baseline -0.003 -17"><span class='ocrx_word' id='word_1_905' title='bbox 2153 5432 2311 5505; x_wconf 90' lang='lat' dir='ltr'><strong>quod</strong></span> <span class='ocrx_word' id='word_1_906' title='bbox 2343 5438 2603 5503; x_wconf 81' lang='lat' dir='ltr'><strong>pstremo</strong></span> <span class='ocrx_word' id='word_1_907' title='bbox 2639 5431 2894 5502; x_wconf 86' lang='lat' dir='ltr'><strong>posuerit</strong></span> <span class='ocrx_word' id='word_1_908' title='bbox 2928 5428 3084 5503; x_wconf 90' lang='lat' dir='ltr'><strong>quod</strong></span> <span class='ocrx_word' id='word_1_909' title='bbox 3116 5429 3441 5490; x_wconf 83' lang='lat' dir='ltr'><strong>maximum</strong></span> <span class='ocrx_word' id='word_1_910' title='bbox 3465 5433 3628 5483; x_wconf 87' lang='lat' dir='ltr'><strong>erat:</strong></span> <span class='ocrx_word' id='word_1_911' title='bbox 3663 5449 3690 5477; x_wconf 88' lang='grc'><strong>‹‹</strong></span> <span class='ocrx_word' id='word_1_912' title='bbox 3720 5428 3805 5483; x_wconf 82' lang='lat' dir='ltr'><strong>Ex</strong></span> 
     </span>
    </p>
   </div>
   <div class='ocr_carea' id='block_1_118' title="bbox 2153 5517 3802 5598">
    <p class='ocr_par' dir='ltr' id='par_1_118' title="bbox 2153 5517 3802 5598">
     <span class='ocr_line' id='line_1_118' title="bbox 2153 5517 3802 5598; baseline -0.006 -16"><span class='ocrx_word' id='word_1_913' title='bbox 2153 5523 2468 5598; x_wconf 78' lang='lat' dir='ltr'><strong>Evangelia</strong></span> <span class='ocrx_word' id='word_1_914' title='bbox 2501 5523 2712 5578; x_wconf 83' lang='lat' dir='ltr'><strong>vivant.</strong></span> <span class='ocrx_word' id='word_1_915' title='bbox 2751 5545 2777 5570; x_wconf 84' lang='lat'><strong>»</strong></span> <span class='ocrx_word' id='word_1_916' title='bbox 2811 5523 2973 5578; x_wconf 90' lang='lat' dir='ltr'><strong>Sicut</strong></span> <span class='ocrx_word' id='word_1_917' title='bbox 3002 5521 3083 5578; x_wconf 90' lang='lat' dir='ltr'><strong>ibi</strong></span> <span class='ocrx_word' id='word_1_918' title='bbox 3114 5539 3235 5578; x_wconf 86' lang='lat' dir='ltr'><strong>non</strong></span> <span class='ocrx_word' id='word_1_919' title='bbox 3256 5521 3507 5585; x_wconf 82' lang='lat' dir='ltr'><strong>dixerat,</strong></span> <span class='ocrx_word' id='word_1_920' title='bbox 3545 5541 3570 5567; x_wconf 85' lang='lat'>»</span> <span class='ocrx_word' id='word_1_921' title='bbox 3596 5520 3679 5576; x_wconf 85' lang='lat' dir='ltr'><strong>Ex</strong></span> <span class='ocrx_word' id='word_1_922' title='bbox 3710 5517 3802 5573; x_wconf 87' lang='lat' dir='ltr'><strong>his</strong></span> 
     </span>
    </p>
   </div>
   <div class='ocr_carea' id='block_1_119' title="bbox 2155 5607 3795 5688">
    <p class='ocr_par' dir='ltr' id='par_1_119' title="bbox 2155 5607 3795 5688">
     <span class='ocr_line' id='line_1_119' title="bbox 2155 5607 3795 5688; baseline -0.005 -19"><span class='ocrx_word' id='word_1_923' title='bbox 2155 5613 2255 5688; x_wconf 88' lang='lat' dir='ltr'><strong>qui</strong></span> <span class='ocrx_word' id='word_1_924' title='bbox 2289 5612 2648 5681; x_wconf 85' lang='lat' dir='ltr'><strong>obtulerant,</strong></span> <span class='ocrx_word' id='word_1_925' title='bbox 2685 5635 2710 5660; x_wconf 84' lang='lat'><strong>»</strong></span> <span class='ocrx_word' id='word_1_926' title='bbox 2743 5612 2847 5668; x_wconf 90' lang='lat' dir='ltr'><strong>sed</strong></span> <span class='ocrx_word' id='word_1_927' title='bbox 2885 5632 2904 5658; x_wconf 77' lang='grc' dir='ltr'><strong>ε</strong></span> <span class='ocrx_word' id='word_1_928' title='bbox 2938 5614 3023 5670; x_wconf 81' lang='lat' dir='ltr'><strong>Ex</strong></span> <span class='ocrx_word' id='word_1_929' title='bbox 3053 5611 3277 5684; x_wconf 88' lang='lat' dir='ltr'><strong>templo</strong></span> <span class='ocrx_word' id='word_1_930' title='bbox 3311 5615 3369 5666; x_wconf 92' lang='lat' dir='ltr'><strong>et</strong></span> <span class='ocrx_word' id='word_1_931' title='bbox 3414 5626 3485 5666; x_wconf 80' lang='lat' dir='ltr'><strong>ex</strong></span> <span class='ocrx_word' id='word_1_932' title='bbox 3535 5607 3706 5664; x_wconf 89' lang='lat' dir='ltr'><strong>altari</strong></span> <span class='ocrx_word' id='word_1_933' title='bbox 3732 5621 3747 5672; x_wconf 86' lang='lat'><strong>;</strong></span> <span class='ocrx_word' id='word_1_934' title='bbox 3770 5623 3795 5656; x_wconf 79' lang='grc' dir='ltr'><strong>ι</strong></span> 
     </span>
    </p>
   </div>
   <div class='ocr_carea' id='block_1_120' title="bbox 2154 5695 3804 5774">
    <p class='ocr_par' dir='ltr' id='par_1_120' title="bbox 2154 5695 3804 5774">
     <span class='ocr_line' id='line_1_120' title="bbox 2154 5695 3804 5774; baseline -0.006 -13"><span class='ocrx_word' id='word_1_935' title='bbox 2154 5704 2237 5761; x_wconf 83' lang='lat' dir='ltr'><strong>ita</strong></span> <span class='ocrx_word' id='word_1_936' title='bbox 2270 5707 2330 5758; x_wconf 87' lang='lat' dir='ltr'><strong>et</strong></span> <span class='ocrx_word' id='word_1_937' title='bbox 2356 5701 2453 5760; x_wconf 87' lang='lat' dir='ltr'><strong>hic</strong></span> <span class='ocrx_word' id='word_1_938' title='bbox 2483 5717 2602 5760; x_wconf 90' lang='lat' dir='ltr'><strong>non</strong></span> <span class='ocrx_word' id='word_1_939' title='bbox 2636 5701 2814 5758; x_wconf 82' lang='lat' dir='ltr'><strong>dixit:</strong></span> <span class='ocrx_word' id='word_1_940' title='bbox 2844 5702 2926 5759; x_wconf 84' lang='lat' dir='ltr'><strong>Ex</strong></span> <span class='ocrx_word' id='word_1_941' title='bbox 2943 5699 3273 5774; x_wconf 78' lang='lat' dir='ltr'><strong>discipulis,</strong></span> <span class='ocrx_word' id='word_1_942' title='bbox 3299 5697 3419 5765; x_wconf 86' lang='lat' dir='ltr'><strong>sed,</strong></span> <span class='ocrx_word' id='word_1_943' title='bbox 3459 5716 3480 5738; x_wconf 73' lang='grc' dir='ltr'><em>ο</em></span> <span class='ocrx_word' id='word_1_944' title='bbox 3512 5697 3596 5752; x_wconf 82' lang='lat' dir='ltr'><strong>Ex</strong></span> <span class='ocrx_word' id='word_1_945' title='bbox 3618 5695 3804 5752; x_wconf 74' lang='lat' dir='ltr'><strong>Evano</strong></span> 
     </span>
    </p>
   </div>
  </div>
