4156 6200
345 289 460 350 763

1461 283 1890 348 GCUMENII
1933 283 2241 346 TRICCE
2285 286 2643 348 EPISCOPI

3639 286 3752 349 764

347 437 522 514 gelio.
549 461 577 489 ››
608 439 678 494 Et
705 436 854 492 bene
887 435 992 502 ait,
1021 434 1236 504 vivere,
1270 435 1594 494 ostendens
1643 435 1800 510 quod
1844 435 1998 493 nihil

2114 415 2259 476 ἄλλ’.
2297 443 2318 470 α
2353 422 2448 476 Ἐκ
2475 423 2573 476 τοῦ
2605 415 2964 496 Εὗαγγελίου.
3001 443 3029 472 ››
3061 415 3256 514 Kal-6i:
3287 417 3342 476 δὶ
3371 419 3432 476 τὸ
3464 421 3586 492 ζῇν,
3647 415 3754 476 δει-

351 529 512 584 aliud
537 527 706 582 liceat
728 525 995 596 accipere
1018 529 1235 596 praeter
1251 525 1600 582 alimentum
1622 531 1681 582 et
1701 526 1996 582 vestitum.

347 641 374 666 ι(
431 616 601 674 Nullo
656 615 868 670 horum
929 632 1072 670 usus
1127 632 1278 670 sum.
1341 637 1370 664 ››
1421 617 1663 676 Horum.
1697 617 1998 688 quorum?

346 705 754 776 exemplorum
785 722 914 776 quae
945 704 1088 768 dixi,
1113 705 1259 778 legis
1283 711 1341 760 et
1370 706 1813 762 ordinationum
1836 706 1998 762 Chri-

345 797 416 851 sti
446 811 458 850 :
491 795 652 865 quod
682 801 952 868 Oporteat
981 795 1248 868 accipere
1269 803 1687 870 praeceptores,
1719 802 1780 854 et
1807 797 1996 854 vivere

343 902 414 941 ex
443 885 537 942 his
561 885 660 957 qui
695 884 1002 942 docentur.

415 1065 568 1123 502
599 1067 768 1129 lX,1z‘i
805 1065 1230 1138 18.0uanquam
1259 1083 1372 1122 non
1403 1066 1516 1124 haee
1543 1069 1742 1140 srripsi
1797 1074 1858 1122 ut
1914 1069 1999 1124 ita

343 1158 442 1224 ﬁat
463 1157 519 1208 in
546 1171 644 1210 me.
678 1156 868 1210 Melius
885 1157 1028 1209 enim
1045 1163 1122 1211 est
1153 1157 1290 1210 mihi
1311 1159 1472 1222 mori,
1504 1173 1671 1228 quam
1699 1164 1760 1212 ut
1784 1157 1992 1226 gloria-

346 1247 550 1299 tionem
578 1261 749 1299 meam
779 1245 985 1317 aliquis
1002 1247 1220 1300 inanem
1251 1246 1463 1301 reddat.
1494 1248 1706 1302 Etenim
1735 1249 1784 1302 si
1813 1249 1995 1302 Evan-

345 1335 551 1405 gelium
591 1335 906 1406 piraticam,
939 1353 1048 1391 non
1097 1343 1173 1391 est
1229 1337 1377 1408 quod
1431 1337 1670 1406 glorier:
1713 1339 1995 1394 neressitas

347 1429 490 1482 enim
519 1427 656 1480 mihi
686 1428 975 1481 incumbit.
1018 1429 1106 1482 Va:
1145 1435 1324 1481 autem
1356 1427 1496 1481 mihi
1520 1429 1723 1484 estnisi
1743 1431 1992 1498 Evange-

351 1517 484 1570 lium
511 1518 827 1586 prwdicem.
863 1519 998 1572 Nam
1027 1521 1074 1572 si
1112 1517 1392 1572 ultroneus
1425 1518 1526 1573 hoc
1564 1521 1787 1588 faciam,
1845 1535 1996 1590 pm—

351 1608 520 1661 mium
553 1606 743 1670 habeo,
764 1608 810 1662 si
832 1615 1014 1660 autem
1044 1622 1154 1660 non
1185 1607 1832 1680 ultroneus.dispensatio
1855 1607 1997 1664 mihi

349 1696 634 1750 commissa
690 1700 784 1749 est.
849 1695 1006 1760 Quod
1034 1695 1210 1764 igitur
1241 1695 1375 1748 mihi
1407 1697 1702 1767 praemium
1733 1703 1811 1750 est
1841 1698 1869 1750 ?
1930 1698 1997 1752 Ut

349 1801 469 1840 cum
499 1783 884 1851 evangelizem,
917 1783 1036 1839 sine
1064 1791 1286 1854 sumptu
1319 1801 1526 1856 ponam
1556 1785 1759 1841 Christi
1805 1787 1990 1842 Eran-

2114 1787 2260 1856 θήσω
2338 1783 2400 1840 τὸ
2485 1780 2822 1860 Εὖαγγέλιον
2911 1785 3013 1838 τοῦ

346 1875 570 1942 gelium,
604 1889 714 1930 non
773 1873 1045 1930 abutendo
1077 1879 1347 1944 potestate
1375 1891 1493 1930 mea
1523 1877 1582 1929 in
1613 1874 1987 1945 Evangelium.

419 2061 500 2114 Ne
520 2059 841 2130 opinentur
861 2057 986 2114 haec
1008 2073 1142 2112 eum
1157 2062 1470 2129 prepterea
1491 2057 1800 2130 scripsisse
1823 2059 1991 2130 quasi

339 2148 468 2221 jam
493 2147 667 2202 vellet
696 2147 755 2202 in
789 2153 1090 2219 posterum
1114 2147 1404 2218 accipere,
1429 2147 1669 2220 corrigit
1697 2147 1829 2204 hoc.
1865 2149 1991 2204 Non

351 2237 582 2309 scripsi,
615 2237 830 2308 inquit,
865 2237 1010 2303 haec,
1042 2241 1108 2291 ut
1137 2237 1220 2292 ita
1249 2236 1350 2292 fiat
1379 2237 1438 2292 in
1475 2253 1588 2304 me,
1647 2244 1789 2310 puta
1841 2237 1993 2295 sicut

348 2326 619 2398 exempla
648 2327 978 2398 requirunt.
1007 2327 1160 2382 sicut
1191 2327 1612 2398 Dominijussa
1641 2327 1990 2400 disponunt,

348 2432 562 2488 nempe
594 2421 658 2472 ut
687 2416 993 2488 accipiam.
1015 2437 1043 2464 ‹‹
1077 2416 1284 2472 Melius
1308 2417 1464 2472 enim
1489 2422 1578 2473 est
1603 2417 1750 2474 mihi
1785 2417 1991 2472 mori.»

349 2507 491 2562 Vide
523 2523 654 2561 cum
688 2512 914 2578 quanta
969 2506 1343 2562 vehementia
1393 2506 1645 2580 refugiat
1699 2507 1990 2578 accipere.

344 2596 571 2664 Melius,
605 2597 819 2667 inquit,
855 2602 944 2650 est
975 2596 1120 2651 mihi
1157 2596 1328 2650 mori.
1366 2611 1581 2667 nempe
1605 2595 1780 2656 fame.
1814 2613 1992 2668 quam

347 2691 414 2742 ut
441 2685 636 2742 inanis
661 2691 718 2740 et
745 2701 892 2740 vana
910 2684 1012 2740 ﬁat
1040 2685 1314 2758 gloriatio
1345 2701 1478 2756 quae
1509 2685 1580 2740 de
1606 2685 1716 2741 hac
1765 2701 1827 2740 re
1881 2691 1992 2742 est.

348 2777 430 2832 Ne
459 2773 591 2848 quis
613 2775 771 2830 enim
792 2775 947 2830 dicat
961 2775 1118 2846 quod
1136 2791 1268 2830 cum
1293 2791 1413 2830 non
1449 2775 1995 2846 accipiat.tristatur

350 2881 492 2920 sane
517 2870 576 2920 et
605 2865 857 2938 graviter
882 2865 994 2920 fert
1025 2863 1185 2935 quod
1215 2879 1336 2919 non
1367 2864 1771 2936 accipiat,rem
1803 2865 1993 2936 ipsam

347 2959 514 3010 vocat
567 2953 1004 3026 gloriationem.
1038 2951 1364 3008 ostendens
1393 2953 1674 3026 gaudium
1725 2960 1782 3008 et
1805 2953 1991 3010 animi

346 3042 711 3100 alacritatem
736 3057 912 3112 super
938 3058 1004 3097 eo
1027 3041 1185 3114 quod
1207 3041 1552 3108 flebat.Quis
1565 3043 1726 3098 enim
1757 3043 1992 3100 inanem

2103 511 2229 574 κνὺς
2266 511 2348 568 ’ὁτι
2385 510 2536 567 οὐδὲν
2591 507 2790 582 ἔξεστιν
2847 509 2988 567 ἄλλο
3043 505 3364 582 λαμϐάνειν,
3425 507 3571 579 πλὴν
3631 531 3756 585 τρο-

2104 605 2217 679 φῶν
2248 603 2337 657 καὶ
2391 599 2712 675 ἐνδῦματος.
2773 625 2799 651 ι(
2837 599 3028 658 Οὖδενὶ
3083 599 3409 676 ἐχρησάμην
3459 600 3690 658 τούτων.
3723 625 3750 651 n

2103 691 2348 762 Τούτων,
2382 691 2588 760 ποίων;
2619 694 2740 747 Τῶν
2795 687 3254 768 παραδειγμάτων
3311 691 3385 744 ὧν
3436 693 3608 760 εἷπον,
3657 694 3752 744 τοῖ’)

2100 787 2295 852 νόμον,
2355 787 2460 836 τῶν
2547 779 2925 854 ἐπιταγμάτων
3013 784 3110 836 τοῦ
3175 784 3430 851 Χριστοῦ,
3489 779 3573 834 ὅτι
3641 782 3750 856 χρὴ

2103 865 2406 942 λαμϐάνειν
2441 871 2569 932 τοὺς
2631 867 3014 944 διδασκάλους,
3073 867 3162 923 καὶ
3221 872 3318 944 ζῇν
3375 868 3437 925 ἐκ
3493 873 3601 924 τῶν
3655 891 3757 946 μα-

2107 959 2507 1032 θητευομένων,

2176 1069 2291 1126 Οὐκ
2350 1065 2559 1143 ἔγραψα
2613 1065 2672 1122 δὲ
2734 1069 2902 1121 ταῦτα
2973 1065 3064 1120 ἳνα
3147 1065 3324 1128 οὕτως
3401 1064 3620 1140 γένηται
3701 1063 3754 1120 ἐν

2103 1153 2248 1227 ἐμοί.
2313 1154 2487 1212 Καλὸν
2559 1155 2662 1231 γάρ
2749 1154 2844 1228 μοί
2929 1151 3144 1226 μᾶλλον
3227 1153 3533 1226 ἀποθανεῖν,
3601 1153 3636 1224 ἢ
3693 1151 3756 1210 τὸ

2103 1245 2373 1320 καύχημά
2443 1266 2549 1320 μου
2605 1245 2694 1300 ἳνα
2750 1265 2834 1305 τις
2888 1243 3116 1315 κενώσῃ.
3203 1242 3326 1300 Ἐὰν
3414 1242 3516 1320 γὰρ
3593 1243 3758 1317 εὐαγ-

2101 1335 2432 1410 γελίζωμαι,
2493 1334 2592 1389 οὐκ
2671 1327 2784 1390 ἔστι
2845 1332 2937 1408 μοί
3005 1331 3294 1407 καύχημα.
3365 1332 3600 1408 Ἀνάγκη
3657 1332 3760 1406 γάρ

2106 1447 2202 1500 μοι
2260 1425 2546 1480 ἐπίκειται.
2605 1424 2740 1482 Οὐαὶ
2801 1423 2857 1478 δέ
2917 1422 3012 1495 μοί
3069 1422 3238 1490 ἐστιν,
3296 1419 3385 1477 ἐὰν
3449 1423 3525 1494 μή
3597 1420 3756 1496 εὐαγ-

2099 1514 2428 1592 γελίζωμαι.
2495 1514 2558 1571 ΙΞῖ
2614 1514 2716 1588 γὰρ
2775 1513 2913 1568 ἑκὼν
2968 1515 3132 1570 τοῦτο
3219 1512 3463 1586 πράσσω,
3563 1512 3754 1586 μισθὸν

2099 1601 2235 1679 ἔχω·
2271 1603 2316 1659 εί
2349 1601 2408 1659 δὶ
2455 1602 2625 1673 ἄκων,
2686 1601 3003 1675 οἰκονομίαν
3064 1601 3448 1675 πεπίστευμαι.
3507 1600 3606 1664 Τίς
3661 1601 3751 1656 οὗν

2104 1695 2200 1767 μοί
2258 1694 2369 1750 ἐστι
2418 1694 2660 1765 μισθὸς;
2738 1695 2854 1749 Ἵνα
2906 1692 3423 1767 εὐαγγελιζόμενος,
3481 1688 3750 1746 ἀδάπανον

3095 1783 3357 1856 Χριστοῦ,
3415 1780 3491 1841 εἷς
3554 1777 3616 1834 τὸ
3677 1777 3752 1852 μή

2105 1875 2552 1951 καταχρήσασθαι
2582 1877 2651 1942 τῇ
2683 1871 2896 1945 ἐξουσίᾳ
2927 1893 3033 1948 μου
3064 1870 3118 1928 ἄν
3148 1876 3226 1944 τῷ
3255 1867 3600 1948 Εὖαγγελίῳ.

2175 2060 2286 2118 Ἵνα
2319 2059 2394 2132 μὴ
2427 2056 2697 2126 νομίσωσι
2757 2053 2846 2111 διὰ
2899 2058 3062 2111 τοῦτο
3119 2053 3283 2112 αὐτὸν
3337 2057 3504 2108 ταῦτα
3559 2071 3760 2129 γεγρα·-

2105 2146 2332 2228 φηκέναι
2363 2147 2441 2208 ὡς
2485 2145 2824 2222 βουλόμενον
2878 2143 3078 2220 ἀπάρτι
3125 2147 3224 2198 τοῦ
3272 2140 3478 2200 λοιποῦ
3531 2137 3756 2214 λαμϐά-

2105 2227 2238 2302 νειν,
2267 2232 2583 2311 διορθοῦται
2615 2233 2764 2290 αὐτὸ.
2821 2257 2849 2284 ιι
2887 2233 3003 2290 Οὐκ
3061 2230 3273 2310 ἔγραψα
3317 2235 3488 2288 ταῦτα
3528 2227 3621 2286 ’ίνα
3667 2228 3766 2286 0’5-

2105 2347 2236 2393 τως,
2268 2324 2422 2404 φησὶ,
2453 2326 2672 2399 γενηται
2705 2323 2758 2379 ἐν
2789 2321 2939 2394 ἐμοὶ,
2977 2347 3004 2374 »
3034 2322 3308 2378 τουτέστιν
3344 2322 3418 2386 ὡς
3467 2322 3536 2378 τὰ
3585 2340 3766 2394 παρα·-

2108 2414 2373 2494 δείγματα
2441 2415 2722 2491 βούλεται,
2785 2412 2858 2475 ὠς
2920 2414 2976 2470 αἱ
3035 2417 3132 2470 τοῦ
3189 2413 3394 2489 Κυρίου
3471 2409 3764 2482 διατάξεις,

2108 2504 2338 2563 οἷονῖνα
2368 2500 2659 2576 λαμϐάνω.
2732 2527 2760 2554 ‹‹
2793 2502 2974 2562 Καλὸν
3029 2506 3134 2579 γάρ
3193 2525 3287 2574 μοι
3349 2499 3564 2577 μᾶλλον
3622 2501 3766 2557 ἁπο-

2109 2603 2307 2664 θανεῖν.
2346 2622 2365 2646 ι
2420 2597 2566 2672 Ὅρα
2623 2595 2760 2667 μετὰ
2816 2595 2990 2662 πόσης
3045 2595 3109 2648 τὸ
3169 2589 3358 2650 λαϐεῖν
3417 2591 3766 2668 διακρούεται

2107 2686 2497 2767 σφοδρότητος.
2533 2712 2560 2736 ιι
2597 2683 2779 2741 Καλόν
2813 2707 2929 2759 μοι,
2963 2686 3118 2761 φησὶ,
3146 2683 3360 2759 μᾶλλον
3385 2685 3693 2741 ἀποθανεῖν.
3735 2709 3763 2735 »ι

2108 2781 2224 2834 οἷον
2257 2776 2434 2851 λιμῷ,
2464 2774 2617 2846 ἧῖνα
2644 2777 2854 2846 κενωθῇ
2907 2775 2999 2830 καὶ
3059 2775 3283 2847 μάταιόν
3347 2794 3454 2846 μου
3509 2775 3572 2830 τὸ
3627 2774 3762 2850 ὑπὲρ

2105 2869 2301 2926 τούτου
2331 2869 2557 2942 γενηται
2585 2865 2870 2942 καύχημα.
2899 2869 3010 2922 Ἵνα
3060 2865 3162 2939 γὰρ
3226 2867 3301 2940 μή
3354 2887 3439 2927 τις
3480 2864 3643 2941 λεγῃ,
3677 2865 3760 2922 ὅτι

2107 2960 2172 3018 Εἰ
2212 2959 2303 3014 καὶ
2365 2959 2442 3030 μή
2501 2950 2793 3028 λαμϐάνει,
2850 2957 3048 3027 ἀθυμεῖ
3107 2955 3290 3029 μεντοι
3345 2953 3438 3010 καὶ
3495 2952 3762 3027 ἀδημονεῖ

2107 3049 2190 3122 ἐφ’
2237 3051 2319 3112 οἷς
2378 3046 2439 3103 οὗ
2492 3041 2782 3119 λαμϐάνει,
2839 3043 3107 3121 καύχημα
3165 3045 3228 3101 τὸ
3287 3051 3518 3122 πρᾶγμα
3571 3043 3752 3114 καλεῖ,

343 3133 687 3190 redditurus
718 3139 876 3189 esset
908 3134 1072 3190 Pauli
1131 3133 1544 3206 gloriationem
1576 3133 1731 3200 ?Qui
1765 3133 1993 3207 aliquid

2114 3135 2318 3201 δεικνὺς
2347 3140 2447 3208 τήν
2479 3137 2612 3212 ὑπερ
2668 3139 2766 3190 τοῦ
2822 3135 3112 3210 γινομένου
3169 3134 3344 3210 χαρὰν
3404 3133 3498 3189 καὶ
3555 3135 3760 3209 προθυ-

355 3223 467 3296 ipsi
489 3222 893 3278 contribueret
913 3223 985 3278 ad
1006 3223 1407 3297 Evangelium.
1432 3245 1461 3272 ‹‹
1493 3224 1722 3278 Etenim
1747 3223 1792 3278 si
1815 3224 1996 3280 Evan-

355 3313 577 3387 gelium
614 3311 950 3384 praedicem.
971 3313 1187 3386 inquit.
1218 3329 1340 3369 non
1371 3317 1461 3368 est
1485 3312 1642 3382 quod
1698 3312 1937 3385 glorier.
1971 3333 2001 3364 »

356 3401 508 3468 Quid
535 3407 624 3457 est
670 3403 888 3472 ergoin
923 3420 1040 3473 quo
1069 3402 1348 3478 glorieris
1378 3401 1407 3457 ‘2
1459 3406 1662 3472 posset
1707 3403 2004 3475 quispiam

355 3493 470 3567 ipsi
505 3491 720 3548 dicere.
747 3491 1097 3564 Subjungit:
1126 3495 1199 3551 Ut
1227 3493 1290 3550 id
1320 3491 1577 3550 efficiam
1599 3508 1714 3562 quo
1747 3494 2010 3566 Evange-

363 3583 512 3642 lium
544 3583 673 3639 sine
705 3588 943 3654 sumptu
974 3583 1225 3647 sit.Quid
1249 3599 1384 3652 ergo
1408 3582 1533 3638 ?an
1564 3582 1676 3638 hoc
1707 3584 1898 3653 majus
1920 3588 2010 3639 est

367 3691 544 3749 quam
575 3671 955 3746 Evangelium
1015 3672 1338 3743 pra-dicare
1367 3671 1396 3726 ?
1445 3687 1822 3744 nequaquam
1857 3688 1871 3726 :
1906 3671 2011 3727 sed

365 3763 676 3823 deﬁnitum
705 3767 794 3818 est
825 3767 890 3816 ut
927 3777 995 3816 ex
1025 3760 1319 3831 Evangelii
1351 3760 1772 3832 praedicatione
1793 3760 2007 3817 alerer:

367 3853 524 3924 quod
546 3859 744 3908 autem
769 3851 898 3906 sine
923 3856 1162 3922 sumptu
1183 3850 1296 3906 hoc
1325 3849 1538 3904 faciam
1571 3865 1718 3921 opus
1751 3855 1842 3905 est
1865 3867 2010 3906 mete

365 3941 756 3996 liberalitatis.
792 3963 818 3989 «
845 3941 970 3995 Non
1001 3945 1092 3994 est
1117 3939 1275 4011 quod
1305 3939 1538 4012 glorier.
1553 3939 2012 3996 nGloriationem

367 4029 526 4086 enim
572 4028 718 4084 dicit
745 4035 813 4085 ut
841 4029 966 4101 ipse
997 4046 1066 4086 ex
1107 4029 1351 4102 propria
1380 4028 1736 4086 liberalitate
1767 4030 1826 4085 id
1861 4047 2012 4100 prae-

365 4123 483 4176 stet
511 4136 526 4175 :
551 4134 690 4174 nam
721 4133 836 4190 quo
869 4119 1102 4174 Domini
1124 4125 1488 4192 praeceptum
1509 4125 1786 4192 tanquam
1819 4119 2013 4176 ﬁdelis

367 4223 570 4264 servus
621 4213 996 4281 exsequatur,
1029 4225 1150 4264 non
1200 4209 1502 4264 existimat
1529 4207 1603 4264 ad
1654 4225 1825 4266 suum
1857 4225 2014 4280 prm-

367 4297 596 4356 clarum
625 4297 860 4356 facinus
884 4298 1206 4370 pertinere.
1241 4297 1476 4355 Audivit
1513 4297 1672 4355 enim
1697 4299 2013 4356 Dominum

365 4389 870 4456 dicentem,c-Cum
897 4389 1158 4446 feceritis
1179 4390 1378 4445 omnia
1401 4405 1532 4462 quas
1553 4393 1849 4461 praecepta
1878 4395 2018 4446 sunt

365 4480 756 4538 vobis.dicite:
785 4479 939 4536 Servi
964 4479 1206 4535 inutiles
1239 4495 1466 4546 sumus,
1498 4479 1656 4552 quod
1697 4479 2013 4536 debuimus

365 4571 560 4628 facere
589 4571 840 4628 fecimus
861 4569 942 4624 ‘.»
973 4569 1112 4635 Qum
1134 4586 1272 4642 ergo
1301 4568 1570 4641 gloriatio
1602 4569 1652 4624 si
1671 4569 1890 4626 factum
1923 4573 2014 4626 est

369 4657 528 4732 quod
559 4657 687 4714 fieri
719 4657 984 4731 oportuit
1001 4657 1058 4712 ?«
1078 4656 1411 4714 Necessitas
1431 4657 1590 4712 enim
1611 4657 1758 4712 mihi
1781 4657 2013 4714 incum-

367 4745 474 4802 bit.
511 4769 540 4798 »
565 4748 854 4814 Quoniam
879 4748 1148 4806 Christus
1170 4746 1610 4820 prmcepit.«Vm
1641 4752 1838 4801 autem
1865 4747 2010 4804 mihi

371 4839 460 4891 est
479 4835 594 4890 nisi
621 4836 996 4909 Evangelium
1027 4836 1366 4910 prmdicem.
1384 4836 1571 4892 »503
1591 4836 2012 4910 Transgredior

369 4923 530 4980 enim
589 4923 822 4982 Domini
879 4933 1193 5000 praecepta.
1228 4928 1425 4983 «Nam
1475 4925 1524 4981 si
1552 4925 1863 4984 ultroneus
1901 4925 2012 4983 hoc

363 5011 935 5086 faciam,»quidnam
961 5015 988 5072 ‘2
1013 5023 1078 5070 ut
1095 5017 1278 5090 gratis
1305 5031 1522 5089 ponam
1547 5015 1666 5072 sive
1695 5015 2014 5089 pradicem

367 5102 768 5176 Evangelium,
807 5125 833 5156 α
862 5105 1178 5162 Ρτωῐηίυηι
1201 5106 1386 5163 habeo
1411 5125 1426 5164 :
1451 5129 1480 5157 ››
1505 5107 1645 5179 quia
1669 5123 1804 5162 cum
1837 5106 2016 5164 etiam

279 5205 284 5208 ·
367 5193 708 5268 permiserit
737 5194 1024 5250 Dominus
1047 5204 1349 5268 sumptum
1372 5197 1661 5269 accipere.
1695 5213 1816 5253 non
1847 5213 2018 5254 acce-

369 5283 446 5355 pi.
480 5313 548 5324 —-
579 5285 694 5340 Aut
723 5283 824 5340 hoc
853 5284 1184 5341 modo.Nam
1208 5287 1254 5340 si
1279 5287 1654 5359 Evangelium
1690 5286 2014 5360 prmdicare

367 5373 485 5431 mei
511 5375 930 5432 essetomnin
953 5375 1219 5432 liberalis
1237 5377 1444 5438 animi,
1469 5383 1528 5432 et
1558 5375 1720 5433 nulla
1749 5376 1892 5434 mihi
1925 5375 2018 5434 iu-

366 5463 674 5522 cumberet
729 5465 1022 5522 Dominici
1079 5465 1361 5538 praecepti
1404 5465 1479 5522 ad
1513 5466 1626 5524 hoc
1663 5466 2014 5536 necessitas,

439 5617 462 5652 ⁴
487 5615 622 5676 Luc.
657 5635 788 5688 ινιτ,
823 5619 910 5673 to.

2111 3228 2262 3304 μίαν.
2325 3228 2420 3292 Τίς
2477 3225 2580 3302 γὰρ
2639 3223 2858 3299 ἤμελλε
2891 3227 3118 3281 κενῶσαι
3173 3223 3235 3279 τὸ
3289 3222 3559 3298 καύχημα
3615 3220 3758 3280 Παύ-

2110 3317 2246 3386 λου;
2323 3318 2384 3376 Ὀ
2459 3315 2717 3390 παρέχων
2792 3334 2845 3370 τι
2921 3315 3072 3386 αὗτῷ
3147 3311 3223 3376 εἷς
3297 3313 3361 3369 τὸ
3415 3311 3762 3386 Εὖαγγελιον.

2117 3431 2144 3459 ι(
2175 3407 2297 3463 Ἐὰν
2327 3406 2428 3480 γὰρ
2461 3401 2922 3478 εὐαγγελίζωμαι,
2955 3403 3142 3480 φησὶν,
3175 3399 3275 3456 οὐκ
3315 3395 3430 3457 ἔστι
3481 3422 3576 3473 μοι
3630 3398 3764 3456 καύ-

2115 3515 2294 3572 χημα.
2331 3519 2359 3546 ››
2389 3495 2458 3552 Τί
2491 3497 2580 3550 οὖν
2611 3492 2722 3548 ἐστί
2755 3513 2841 3548 σοι
2889 3493 3200 3566 καύχημας
3261 3488 3407 3546 ε’ίποι
3462 3510 3547 3551 τις
3592 3489 3762 3560 αὐτῷ’

2113 3583 2318 3660 ἐπάγει,
2379 3583 2459 3642 Τὸ
2527 3580 2796 3638 ὀδάπανον
2879 3584 3106 3649 ποιῆσαι
3159 3581 3223 3636 τὸ
3281 3577 3635 3657 Εὖαγγέλιον.
3695 3577 3765 3636 Τί

2115 3673 2244 3743 οὗν;
2301 3678 2462 3730 τοῦτο
2522 3676 2619 3728 τοῦ
2677 3669 3117 3746 εὐαγγελίζεσθαι
3175 3675 3410 3742 μεῖζυυς
3467 3669 3766 3743 Οὖμενοῢν,

2117 3762 2263 3820 ἀλλὰ
2319 3763 2380 3820 τὸ
2461 3761 2898 3836 εὐαγγελίζεσθαι
2985 3760 3252 3835 ὠρίσθην,
3339 3759 3764 3835 ἐπιτετραμμαι·

2114 3861 2178 3909 τὸ
2233 3849 2290 3908 δὲ
2341 3849 2656 3911 ἀδαπάνως.
2711 3851 2851 3922 ὶμῆς
2921 3848 3246 3930 φιλοτιμίας
3329 3844 3506 3924 ἕργος.
3567 3871 3588 3898 ι
3649 3849 3765 3906 Οὔκ

2117 3936 2230 3998 ἔστι
2259 3962 2353 4017 μοι
2385 3940 2670 4014 καύχημα.
2705 3963 2734 3990 ιι
2775 3971 2846 3982 --
2903 3940 3242 4016 [ΟΙΚΟΥΜ]
3299 3939 3582 4016 Καὺχημα
3639 3935 3762 4010 γὰρ,

2118 4031 2306 4106 φησῖν,
2365 4029 2395 4086 ὅ
2447 4029 2607 4090 αὐτὸς
2659 4028 2710 4100 ἐξ
2767 4027 2970 4089 οἰκείας
3059 4026 3378 4103 φιλοτιμίας
3467 4023 3763 4082 ἐπιδείκνυ-

2117 4142 2228 4189 ται,
2275 4123 2377 4191 τὴν
2437 4117 2494 4176 δὶ
2551 4119 2883 4186 Δεσποτικὴν
2942 4116 3202 4193 ἐπιναγήν
3271 4117 3346 4180 ὠς
3411 4113 3608 4176 δοῦλος
3676 4135 3764 4170 πι-

2119 4211 2268 4282 στὸς,
2327 4209 2389 4265 οὗ
2447 4207 2804 4284 λογιζόμενος
2859 4208 3052 4264 εἷκεῖον
3128 4208 3479 4282 κατόρθωμα.
3532 4206 3768 4262 ’Ἤκουσε

2119 4306 2224 4383 γὰρ
2269 4309 2367 4361 τοῦ
2429 4302 2700 4360 Δεσπότου
2759 4301 3032 4380 λέγοντος·
3094 4323 3116 4352 ι
3163 4306 3322 4356 Ὀταν
3382 4299 3556 4354 πάντα
3615 4299 3773 4369 ποιή-

2121 4416 2275 4468 σητε,
2336 4393 2542 4468 λέγετε,
2588 4393 2671 4448 ὅτι
2719 4393 2972 4471 Ἀχρεῖοι
3019 4388 3210 4446 δοῦλοί
3259 4388 3443 4464 ἐσμεν,
3476 4389 3504 4443 δ
3535 4385 3772 4465 ὠφείλο-

2126 4505 2220 4558 μεν
2267 4489 2518 4554 ποιῆσαι,
2577 4483 2975 4554 πεποιήκαμεν.
3013 4503 3040 4533 ιι
3099 4485 3266 4537 Ποῖον
3321 4478 3414 4534 οὗν
3478 4478 3768 4556 καύχημα,

2118 4574 2180 4629 τὸ
2227 4573 2365 4628 κατὰ
2419 4569 2586 4648 χρέος
2660 4571 2990 4648 γινόμενονς
3069 4591 3098 4620 ‹‹
3174 4569 3410 4644 Ἀνάγκη
3485 4567 3592 4642 γάρ
3669 4585 3766 4637 μοι

2119 4661 2406 4733 ἐπίκειται,
2514 4685 2536 4712 ι
2617 4655 2804 4728 ἐπειδὴ
2835 4657 3063 4734 Χριστὸς
3135 4654 3456 4712 ἐνετείλατο.
3533 4679 3564 4708 ‹‹
3637 4652 3774 4712 Οὐαὶ

2123 4749 2180 4808 δέ
2234 4752 2330 4824 μοί
2403 4753 2564 4817 ἔστιν,
2643 4749 2734 4806 ἐὰν
2814 4749 2890 4823 μὴ
2968 4745 3434 4825 εὐαγγελίζωμαι·
3481 4769 3510 4798 ››
3586 4750 3774 4818 Παρα-

2122 4837 2290 4898 ϐαίνω
2321 4841 2422 4918 γὶρ
2452 4842 2548 4902 τὰς
2577 4838 2800 4902 ἐντολὰς
2856 4842 2954 4895 τοῦ
3011 4836 3238 4912 Κυρίου.
3297 4861 3324 4888 ‹‹
3360 4834 3426 4892 Ei
3475 4834 3578 4910 γὰρ
3634 4833 3771 4890 ἑκὼν

2120 4935 2282 4987 τοῦτο
2331 4930 2555 5002 πράσσω
2615 4951 2639 4983 ι
2700 4932 2923 5000 (ποῖονς
2982 4927 3045 4982 τὸ
3101 4923 3372 4982 ἀδάπανον
3427 4923 3632 4988 τιθέναι
3699 4922 3764 4976 τὸ

2123 5017 2495 5096 Εὐαγγὲλιον),
2556 5018 2811 5091 «μισθὸν
2881 5015 3019 5094 ἔχω,
3055 5039 3083 5068 »ι
3140 5015 3224 5072 ὅτι
3277 5035 3368 5071 και
3421 5017 3519 5070 τοῦ
3574 5011 3776 5087 Κυρίου

2124 5103 2426 5182 λαμϐάνειν
2485 5107 2892 5184 ἐπιτρέψαντος,
2953 5105 3052 5162 οὐκ
3095 5103 3324 5184 εἴληφα.
3356 5136 3426 5146 -
3453 5105 3527 5160 "ll
3573 5101 3771 5161 οῧτως·

2125 5199 2189 5260 Εί
2220 5200 2323 5274 γὰρ
2377 5199 2440 5253 τὸ
2491 5197 2780 5272 κηρύσσειν
2831 5197 2894 5253 τὸ
2949 5193 3305 5272 Εὐαγγὲλιον,
3361 5199 3458 5262 τῆς
3509 5191 3648 5264 ἐμῆς
3705 5190 3770 5259 ἦν

2125 5289 2272 5351 ὅλως
2303 5286 2646 5368 φιλοτιμίας,
2677 5289 2764 5343 καὶ
2801 5283 3034 5357 οὐδεμία
3064 5306 3160 5358 μοι
3191 5284 3398 5358 ἀνάγκη
3431 5281 3491 5338 ἐκ
3529 5284 3629 5349 τῆς
3679 5287 3774 5337 Δε-

2126 5387 2391 5449 σποτικῆς
2423 5376 2650 5442 ἐντολῆς
2699 5376 2966 5440 ἐπέκειτο,
3017 5375 3244 5436 εἰκότως
3301 5371 3392 5428 ἐπὶ
3455 5370 3634 5443 τούτῳ
3693 5387 3782 5442 μι-

2125 5471 2252 5536 σθὸν
2293 5468 2454 5545 μεγαν
2487 5466 2858 5538 ἢλπιζον,καὶ
2899 5465 3024 5538 ὶξῆν
3059 5485 3154 5538 μοι
3187 5463 3262 5525 ὡς
3319 5461 3408 5518 ἐπὶ
3477 5457 3602 5532 ἰδίῳ
3648 5477 3776 5514 κατ-
