4156 6200
353 358 468 418 ⁸167

1471 353 1894 418 CECU‘MENII
1939 350 2241 412 TBIOC/E
2282 349 2637 414 EPISCOPI

3639 360 3758 424 ’168

355 502 500 555 erat.
533 497 775 566 Quando
832 499 1030 557 autem
1085 493 1277 553 lactus
1336 500 1427 554 est
1482 491 1652 568 quasi
1701 490 1938 552 Judaaus
1966 487 1996 546 ‘l

2121 485 2266 560 ἱτεμε
2292 489 2589 563 Τιμόθεον,
2631 489 2758 547 ὅταν
2819 490 3175 566 ἁγνισάμενος
3234 491 3405 568 deﬁet
3435 492 3490 550 ἐν
3519 497 3602 567 τῷ
3629 493 3762 569 ἱερῷ

359 587 603 654 Quando
626 585 993 642 Timotheum
1015 584 1470 652 circumcidit‘;
1527 583 1764 659 quando
1795 580 2000 654 puriﬁ-

357 684 522 734 catus
547 677 831 748 templum
855 678 1160 751 ingressus
1181 682 1272 733 est
1292 693 1426 733 cum
1445 676 1540 732 his
1562 675 1663 747 qui
1705 673 2004 729 habebant

352 773 552 823 votum
569 769 609 820 ⁸.
643 769 714 823 Ut
730 769 889 823 enim
914 785 1013 824 eos
1036 769 1135 841 qui
1159 783 1291 824 vere
1313 767 1498 824 Judmi
1523 771 1692 822 erant
1713 781 1782 820 ac
1823 759 2000 820 fidem

352 856 721 923 transferret,
756 857 947 914 factus
978 865 1070 916 est
1102 858 1271 929 quasi
1326 856 1584 913 Judzeus.
1640 852 1944 920 Quomodo
1973 852 2002 907 ‘2

353 946 468 1004 nisi
497 946 656 1001 enim
693 946 1186 1008 circumcidisset.
1213 951 1267 1002 et
1293 945 1642 1018 puriﬁcatus
1673 944 1901 1008 fuisset,
1934 957 2003 997 ac

357 1034 575 1092 Judazis
597 1037 992 1108 persuasisset
1014 1036 1126 1111 legi
1151 1052 1213 1091 se
1246 1035 1573 1101 adhaerere,
1624 1047 2002 1107 nequaquam

359 1124 433 1181 ad
464 1141 597 1180 eum
630 1125 1058 1182 accessissent:
1094 1125 1212 1181 imo
1245 1141 1377 1181 sum
1411 1140 1480 1180 eo
1530 1129 1814 1196 tanquam
1867 1136 2003 1176 cum

358 1220 626 1286 apostata
643 1214 746 1286 qui
762 1230 926 1271 suam
952 1213 1138 1288 legem
1157 1213 1513 1286 reliquisset.
1530 1212 1603 1266 de
1629 1209 2005 1266 sermonibus

358 1303 599 1375 quidem
627 1303 1208 1361 communicassent:
1241 1318 1357 1376 quo
1390 1307 1586 1358 autem
1615 1297 1790 1354 modo
1813 1299 2004 1354 salvos

355 1393 547 1450 facere
576 1394 735 1465 ipsos
766 1393 1078 1466 potuisset,
1112 1393 1212 1464 qui
1245 1407 1438 1465 neque
1466 1389 1877 1455 accessissent,
1900 1387 2004 1444 de-

354 1501 468 1556 que
497 1484 624 1554 ejus
657 1483 989 1539 doctrinam
1021 1483 1350 1547 audissent,
1384 1480 1488 1538 sed
1547 1487 1831 1555 tanquam
1879 1493 2005 1534 rem

356 1573 818 1630 abominandam
837 1589 972 1628 eum
988 1571 1335 1628 duxissent?
1354 1603 1422 1612 -—
1439 1571 1573 1627 Alio
1591 1571 1771 1626 modo.
1798 1570 2008 1626 Factus

361 1669 450 1718 est
477 1662 694 1720 .ludaeis
728 1663 895 1734 quasi
926 1662 1184 1730 Judmus,
1213 1661 1450 1733 quando
1483 1661 1542 1716 in
1571 1659 1792 1731 templo
1846 1658 2008 1731 puri-

362 1752 572 1808 ﬁcatus
605 1757 715 1820 est,
749 1757 807 1806 et
835 1752 1062 1807 hostias
1095 1750 1328 1813 obtulit.
1362 1766 1431 1805 ac
1458 1749 1832 1805 Timotheum
1891 1748 2008 1804 cir-

2115 579 2380 650 μετὰτῶν
2421 579 2660 654 ἐχόντων
2691 581 2795 651 τήν
2853 581 3045 656 εὐχήν.
3097 585 3214 641 Ἵνα
3272 584 3376 662 γὶρ
3434 583 3563 646 τοὺς
3602 581 3761 650 ὄντας

2112 665 2337 735 ἀληθεῖς
2371 667 2666 731 Ἰουδαίους
2701 673 3040 746 μεταστήσῃ,
3076 672 3279 748 ἐγένετο
3339 674 3414 735 ὡς
3477 672 3759 739 Ἰουδαῖος.

2111 762 2234 814 Ilii):
2269 777 2282 827 ;
2323 760 2444 815 ’Ὀτι
2475 760 2522 815 εἰ
2557 761 2632 832 μη
2656 759 2943 836 περιέτεμε
2977 760 3106 834 μηδ’
3144 763 3394 834 ἠγνῖσοη,
3434 765 3524 819 καὶ
3559 765 3610 820 ἐν
3637 768 3758 821 τού.

2111 869 2188 920 τῳ
2219 846 2425 904 ἔπεισεν
2459 847 2764 913 Ἰουδαίους
2815 853 2899 908 ὃτι
2929 847 3114 928 ἔχεται
3154 859 3256 909 τοῦ
3311 857 3512 928 νόμου,
3569 859 3669 912 οὐκ
3697 855 3756 912 ἅν

2110 937 2424 1013 προσῆλθον
2457 939 2624 1011 αὐτῷ,
2660 942 2747 996 καὶ
2779 941 2852 1002 ὡς
2884 942 3180 1017 ἀποστάτῃ.
3235 942 3360 1000 οὐδὲ
3410 943 3590 1022 λόγων
3619 946 3761 1003 ἐκοι-

2108 1029 2372 1100 νώνησαν.
2432 1033 2553 1091 Πῶς
2607 1027 2665 1084 δί
2720 1031 2782 1101 ἦν
2828 1036 3003 1088 σῶσαι
3059 1034 3184 1096 τοὺς
3221 1031 3364 1107 μηδὲ
3416 1036 3763 1109 προσιόντας,

2117 1115 2258 1191 μηδὲ
2287 1117 2580 1180 ἀκοόοντας
2613 1125 2712 1189 τῆς
2746 1119 2912 1176 αὐτοῦ
2942 1117 3199 1196 διδαχῆς,
3243 1121 3368 1178 αλλ’
3429 1125 3506 1186 ὡς
3567 1122 3762 1199 βδελυ-

2110 1228 2224 1283 γμα
2284 1208 2444 1263 αὐτὸν
2493 1207 2883 1282 ἡγουμένουςς
2934 1243 3002 1255 -
3078 1209 3324 1273 Ἄλλως.
3385 1215 3764 1292 [ΙΣΙΔΩΡΟΥ.]

2110 1298 2168 1322 ,.
2217 1296 2231 1326 ε
2482 1303 2504 1315 ..
2591 1299 2602 1318 .
2708 1297 2730 1315 ς
2779 1298 2790 1317 .
2953 1301 2969 1322 .
3197 1298 3221 1318 κ
3262 1307 3280 1318 .
3451 1301 3460 1314 ο

2135 1307 2356 1375 ι‹.γινετο
2415 1319 2530 1360 τοις
2611 1305 2876 1362 Ιουοαιοις
2938 1320 3013 1363 ως
3076 1302 3365 1368 Ἰουοαιος,
3429 1304 3520 1358 ὅτε
3576 1302 3626 1360 ἐν
3683 1309 3765 1378 τῷ

2111 1387 2245 1464 ἱερῷ
2275 1387 2540 1462 ἡγνίσατο
2578 1390 2665 1444 καὶ
2701 1385 2873 1453 ἔθυσε,
2929 1390 3020 1446 καὶ
3073 1394 3378 1467 περιτεμὼν
3441 1393 3531 1449 τὸν
3592 1394 3769 1468 Τιμό-

2113 1479 2253 1546 θεον,
2281 1475 2571 1541 Ἰουδαίοις
2599 1481 2856 1560 πέπομφε
2903 1477 3253 1549 διδάσκαλον,
3311 1478 3402 1538 διὰ
3458 1492 3761 1558 περιτομῆς

2113 1568 2213 1635 τήν
2273 1569 2580 1640 περιτομήν
2633 1569 2885 1644 ἀναιρων.
2947 1571 3040 1628 Διὸ
3098 1571 3198 1626 οὐκ
3248 1571 3422 1641 εῗπεν,
3482 1571 3766 1646 Ἰουδαῖος,

2116 1656 2268 1723 ἀλλ’,
2300 1680 2327 1706 ιι
2352 1657 2441 1719 Ὠς
2475 1654 2802 1720 Ἰουδαῖος.»
2828 1692 2888 1702 —
2913 1685 2940 1711 (ι
2968 1662 3101 1722 Τοῖς
3145 1659 3368 1734 ἀνόμοις
3387 1662 3462 1726 ὡς
3478 1661 3698 1738 ἄνομος.
3735 1687 3763 1716 η

2115 1747 2246 1804 ’Ὀτε
2277 1746 2594 1816 Ἀθηναίοις
2628 1745 2993 1826 δημηγορῶν,
3027 1749 3127 1806 οὐκ
3157 1751 3262 1807 ἀπὸ
3291 1758 3614 1832 προφητῶν,
3645 1753 3772 1810 οὐδὶ

363 1841 689 1902 cumcisum
722 1840 938 1897 Judazis
969 1840 1030 1895 in
1063 1845 1488 1912 praeceptorem
1520 1838 1701 1905 misit,
1763 1839 2011 1894 circum-

2121 1835 2227 1892 ἀπὸ
2257 1840 2356 1892 τοῦ
2384 1836 2561 1909 νόμου
2593 1834 2879 1915 διελέχθη,
2913 1837 3039 1896 ἀλλ’
3089 1841 3193 1896 ἀπὸ
3253 1841 3449 1917 βωμοῦ
3502 1845 3602 1914 τήν
3629 1865 3772 1920 παρ-

360 1931 583 1987 cisione
614 1930 831 1986 tollens
881 1929 1417 1986 circumcisionem.
1449 1927 1674 1984 Idcirco
1695 1943 1815 1984 non
1838 1926 2005 1995 dixit,

358 2020 617 2087 Iudaeus,
651 2020 754 2076 sed
788 2040 811 2070 ι
845 2020 1022 2086 Quasi
1054 2019 1312 2076 Iudaeus.
1347 2040 1376 2069 »
1409 2049 1475 2060 —
1507 2040 1536 2067 ‹‹
1595 2019 1673 2072 Iis
1733 2017 1836 2089 qui
1878 2016 2011 2072 sine

357 2111 485 2183 lege
519 2115 688 2166 erant
718 2109 888 2181 quasi
910 2109 1037 2165 sine
1071 2109 1218 2182 lege.
1255 2131 1284 2159 »
1315 2107 1561 2175 Quando
1617 2106 1774 2179 apud
1829 2107 2012 2164 Athe-

2123 1925 2320 1980 αίνεσιν
2356 1924 2674 1998 ἐποιήσατο,
2707 1927 2813 1984 ἀπὸ
2873 1933 2982 1984 τῶν
3019 1928 3237 1986 οἰκείων
3305 1929 3500 1994 αὐτοὺς
3565 1929 3768 2008 δογμά-

2110 2035 2218 2069 των
2257 2014 2634 2090 χειρούμενος,
2662 2011 2752 2073 ὅτε
2778 2017 2926 2094 εὗρεν
2978 2016 3030 2074 ἐν
3086 2023 3166 2091 τῷ
3227 2021 3428 2095 βωμῷ,
3468 2021 3559 2076 καὶ
3617 2021 3766 2088 ὅστις

2112 2103 2198 2175 εῗη
2236 2108 2517 2179 ἄγνωστος
2546 2106 2696 2169 Θεός.

357 2200 595 2256 nienses
625 2199 975 2256 concionem
1005 2197 1234 2254 habens
1263 2199 1306 2265 τ,
1337 2214 1458 2254 non
1498 2212 1567 2253 ex
1619 2196 1746 2267 lege
1805 2212 2002 2268 neque
2059 2212 2129 2252 ex
2183 2197 2491 2269 prophetis
2543 2197 2884 2271 disputavit,
2934 2200 3038 2256 sed
3068 2201 3142 2256 ab
3169 2217 3272 2258 ara
3301 2203 3775 2262 exhortationem

359 2290 659 2347 contexit:
692 2306 726 2345 a
755 2288 1013 2363 pr0priis
1043 2287 1336 2362 dogmatis
1367 2303 1468 2343 eos
1490 2286 1919 2356 manuducens,
1954 2284 2195 2358 quando
2226 2286 2406 2342 etiam
2439 2287 2499 2344 in
2559 2303 2662 2344 ara
2712 2288 2934 2346 invenit
2991 2290 3266 2362 quisnam
3321 2298 3478 2349 esset
3533 2293 3766 2367 ignotus

361 2381 535 2437 Deus.

434 2469 586 2526 ειη
612 2468 750 2526 ideo
777 2483 896 2525 non
929 2467 1080 2524 dixit
1105 2465 1459 2541 simpliciter
1484 2483 1496 2520 :
1519 2466 1658 2522 Sine
1696 2466 1847 2540 lege,
1903 2465 2009 2521 sed

365 2577 386 2607 ι
422 2559 598 2626 Quasi
631 2559 762 2616 sine
796 2557 945 2632 lege.
976 2579 1004 2607 υ
1039 2558 1181 2614 Cum
1215 2561 1415 2614 autem
1447 2556 1560 2612 rit:
1604 2578 1632 2604 «
1692 2556 1836 2612 Cum
1890 2556 2008 2612 Deo

359 2665 480 2707 non
511 2665 704 2706 essem
739 2665 867 2704 s~ne
901 2648 1048 2721 lege,
1081 2647 1185 2702 sed
1217 2647 1325 2702 sub
1354 2647 1480 2719 lcge
1536 2645 1774 2711 Christi,
1833 2664 1858 2687 ν»
1909 2649 2012 2701 aut

359 2739 529 2811 quasi
557 2738 630 2794 de
652 2753 716 2792 re
740 2737 1108 2794 indill‘erenti
1131 2735 1282 2792 dixit
1305 2751 1318 2790 :
1342 2752 1478 2791 nam
1499 2751 1636 2791 cum
1662 2749 1781 2790 una
1813 2734 1891 2789 sit
1918 2749 2010 2788 es-

359 2829 570 2892 sentia,
606 2827 773 2883 nulla
801 2832 894 2883 est
922 2825 1260 2882 differentia
1284 2841 1300 2890 ;
1323 2831 1427 2881 aut
1447 2825 1495 2880 si
1518 2824 1578 2879 id
1601 2830 1873 2881 coactum
1896 2822 2009 2877 exi-

360 2921 589 2986 stimas,
615 2919 729 2975 hoc
759 2918 976 2991 opinor
1005 2933 1140 2973 eum
1173 2915 1459 2978 indicare,
1493 2913 1652 2987 quod
1680 2929 1797 2968 non
1819 2911 2012 2968 solum

360 3007 935 3078 converseturjuxta
962 3006 1176 3080 legem.
1210 3022 1340 3078 quae
1373 3021 1408 3060 a
1433 3001 1792 3075 quibusdam
1853 2999 2012 3056 Patri

361 3097 697 3166 ascribitur,
717 3103 774 3152 et
797 3094 1122 3154 secundum
1149 3111 1352 3152 eorum
1379 3093 1478 3166 qui
1507 3091 1811 3148 discebant
1853 3087 2017 3146 habi.

359 3188 778 3253 tudinem,non
791 3184 1118 3244 secundum
1134 3185 1264 3254 ejus
1276 3183 1376 3258 qui
1393 3181 2015 3253 tradiditdignitatem,

362 3277 689 3335 infantibus
721 3275 908 3350 magis
939 3273 1290 3346 aptabatur:
1350 3287 1555 3329 verum
1614 3272 1792 3327 etiam
1837 3271 2012 3341 juxta

365 3366 666 3423 cmlestem
689 3381 756 3420 ac
775 3362 1095 3437 perfectam
1117 3362 1333 3418 Christi
1355 3361 1696 3434 legem.Non
1709 3360 1840 3416 sine
1860 3361 2008 3432 lege.

362 3453 561 3528 quoad
613 3460 872 3510 veterem
932 3453 1158 3524 legem;
1214 3451 1318 3507 sed
1374 3457 1436 3507 et
1492 3449 1604 3508 sub
1634 3451 1784 3524 lege,
1817 3448 2012 3522 quoad

363 3542 910 3612 Evangelium.Non
934 3546 1100 3597 extra
1118 3541 1440 3615 legem.sed
1477 3540 1658 3598 etiam
1710 3541 1770 3596 in
1801 3540 2009 3612 gratia.

363 3640 488 3691 Non
519 3631 792 3688 commisi
825 3637 1093 3704 stuprum
1127 3637 1368 3704 propter
1397 3631 1587 3705 legem
1624 3648 1636 3685 :
1669 3629 1774 3686 sed
1817 3644 2014 3700 neque

362 3733 579 3790 lascive
611 3730 860 3788 intuitus
891 3746 1043 3792 sum,
1079 3735 1321 3804 propter
1349 3728 1730 3801 Evangelium
1786 3725 1829 3783 ⁸.
1889 3729 2015 3782 Non

365 3825 577 3886 occidi.
611 3829 852 3897 propter
882 3823 1156 3880 timorem
1184 3840 1198 3890 ;
1235 3822 1338 3878 sed
1369 3827 1428 3877 et
1458 3821 1606 3876 iram
1664 3816 2012 3890 expugnavi,

361 3913 1276 3990 propteramorem.Siquidemis
1302 3912 1401 3984 qui
1446 3916 1703 3965 veterem
1742 3907 2012 3974 servavit,

362 4023 481 4064 non
516 4011 642 4062 erat
671 4006 800 4062 sine
823 4004 986 4076 lege;
1021 4003 1121 4076 qui
1153 4007 1350 4057 autem
1383 4014 1616 4062 novam,
1679 4001 1807 4051 erat
1836 3994 2016 4050 etiam

368 4095 474 4152 sub
506 4095 632 4164 lege
661 4094 898 4150 Christi.
925 4094 1058 4148 H830
1095 4095 1294 4147 autem
1343 4087 1507 4152 dicit,
1535 4100 1656 4141 non
1684 4083 2017 4140 attribuens

364 4185 523 4243 Patri
557 4185 767 4257 legem,
801 4183 948 4239 Filio
980 4197 1116 4236 vero
1147 4175 1566 4248 Evangelium;
1602 4173 1705 4229 sed
1732 4173 1806 4230 ad
1863 4173 2015 4248 vulgi

367 4276 768 4348 suspicionem
802 4277 862 4328 et
890 4270 1230 4343 opinionem
1247 4264 1594 4338 respiciens.
1621 4263 1834 4322 Omnia
1855 4264 2017 4320 enim

366 4383 498 4439 qum
524 4365 714 4420 Patris
745 4367 904 4419 sunt.
938 4359 1120 4414 etiam
1151 4355 1282 4410 Filii
1341 4360 1519 4420 sunt;
1581 4359 1640 4409 et
1695 4371 1828 4426 qum
1884 4354 2016 4412 Filii

367 4448 915 4518 sunt,etiamPatris
930 4451 1068 4503 sunt
1095 4443 1137 4500 θ.
1173 4475 1243 4485 -
1282 4444 1412 4502 Alio
1450 4446 1632 4500 modo.
1667 4444 1920 4506 Judreos,
1953 4449 2020 4499 ut

366 4544 752 4607 arbitror,eos
777 4535 1036 4609 appellat
1060 4535 1159 4608 qui
1184 4535 1449 4592 nondum
1469 4533 1883 4599 crediderant;
1909 4534 2020 4590 sub

367 4636 495 4707 lege
508 4638 705 4689 autem
725 4626 862 4684 illos
884 4626 1028 4683 dicit
1050 4626 1149 4699 qui
1169 4623 1547 4698 Evangelium
1571 4623 1811 4695 quidem
1827 4639 2020 4678 susce-

366 4698 596 4796 pevrant,
629 4718 822 4776 adhuc
853 4724 1050 4775 tamen
1073 4698 1082 4699 ί
1108 4715 1254 4790 legis
1316 4713 1729 4770 observatione
1787 4711 2017 4783 alligati
2047 4698 2090 4762 D

368 4817 556 4868 erant.
590 4811 732 4866 Nam
765 4815 824 4866 et
851 4812 1092 4881 propter
1111 4807 1221 4862 hos
1244 4809 1302 4861 et
1323 4808 1564 4877 prOpter
1581 4801 1736 4868 illos,
1761 4800 2013 4874 legalem

365 4899 842 4975 puriﬁcationem
861 4895 1286 4968 Hierosolymis
1325 4892 1694 4950 sustinuitet
1739 4890 1799 4946 in
1835 4890 2014 4962 Lyca-

365 4990 468 5049 nia
495 4989 866 5048 Timotheum
898 4985 1286 5050 circumcidit,
1308 4982 1410 5041 sed
1433 4988 1491 5038 et
1511 4981 1629 5037 alia
1676 4980 2012 5047 innumera,

369 5080 816 5154 dispensatione
848 5077 1104 5152 quadam
1126 5081 1405 5149 operatus
1433 5077 1540 5129 est.
1567 5103 1630 5112 —
1655 5070 1784 5127 Alio
1832 5070 2012 5125 modo.

367 5194 396 5222 ‹‹
432 5170 507 5228 lis
537 5170 639 5245 qui
671 5168 780 5225 sub
807 5167 936 5240 lege
969 5171 1154 5222 erant.
1193 5187 1219 5212 ››
1251 5163 1367 5220 Sub
1398 5163 1526 5235 lege
1557 5160 1702 5217 dicit
1758 5176 1859 5217 eos
1913 5159 2014 5233 qui

367 5279 438 5320 ex
457 5260 676 5318 Iudaeis
702 5255 1096 5314 crediderant.
1120 5253 1313 5310 adhuc
1335 5259 1534 5308 tamen
1579 5249 1692 5323 legi
1748 5247 2017 5306 adhaere-

363 5351 528 5408 bant.
561 5347 806 5417 Quando
837 5351 1036 5402 autem
1064 5343 1255 5400 factus
1306 5348 1394 5398 est
1443 5340 1613 5414 quasi
1669 5338 1776 5394 sub
1835 5337 2018 5406 lege?

367 5439 607 5514 quando
639 5437 787 5495 dixit
806 5436 857 5491 ei
878 5433 1166 5492 Iacobus:
1195 5456 1214 5480 ι
1240 5430 1439 5487 Vides.
1462 5431 1662 5494 trater,
1704 5432 1851 5500 quot
1882 5426 2019 5482 mil-

363 5529 450 5588 lia
477 5530 599 5587 sint
626 5527 728 5604 qui
754 5522 1160 5590 crediderunt,
1193 5525 1254 5578 et
1292 5535 1504 5577 omnes
1564 5522 1707 5574 sunt
1764 5515 2017 5575 studiosi

2195 2464 2289 2520 Διό
2319 2464 2420 2520 οὐκ
2450 2466 2624 2528 εἶπεν,
2655 2466 2915 2538 Ἀνομος,
2947 2465 3096 2535 ἀλλ’,
3151 2493 3179 2521 ‹‹
3234 2470 3324 2531 Ὠς
3383 2468 3609 2545 ἄνομος.
3640 2495 3668 2522 »ι
3700 2473 3772 2531 Τὸ

2120 2549 2198 2615 δὶ,
2225 2576 2256 2604 ‹‹
2297 2553 2384 2620 Μὴ
2419 2548 2493 2608 ὤν
2536 2554 2742 2628 ἃνομος
2797 2560 2938 2628 Θεῷ,
2999 2555 3128 2614 ἀλλ’
3180 2557 3407 2632 ἔννομος
3463 2565 3706 2634 Χριστῷ,
3746 2584 3770 2614 ι

2116 2641 2154 2712 ἤ
2207 2643 2284 2707 ὡς
2337 2641 2636 2722 ἀδιάφορον
2695 2646 2849 2702 εἶπεν
2904 2646 3017 2723 (ἐπὶ
3076 2649 3181 2724 γὰρ
3243 2655 3372 2724 μιᾶς
3445 2652 3630 2714 οὐσίας
3678 2651 3779 2710 οὐκ

2119 2727 2230 2788 ἔστι
2263 2731 2540 2811 διαφορὲι),
2585 2735 2623 2804 ἤ
2679 2735 2728 2790 εἰ
2784 2741 2946 2792 τοῦτο
3004 2733 3358 2814 βεϐιασμένον
3424 2743 3555 2814 ἡγῇ,
3615 2743 3775 2818 οἶμαι

2121 2825 2282 2878 τοῦτο
2315 2823 2567 2897 μηνύειν,
2596 2825 2658 2880 τὸ
2715 2825 2792 2900 μὴ
2835 2826 2996 2898 μόνον
3025 2828 3163 2883 κατὰ
3217 2829 3388 2902 νόμον
3447 2831 3776 2888 πεπολιτεῦ-

2122 2923 2244 2974 σθαι
2273 2912 2362 2967 τὸν
2404 2915 2484 2984 τῷ
2518 2914 2686 2988 lla-cpi
2737 2915 2882 2987 παρά
2939 2937 3102 2973 τινων
3172 2919 3629 3000 ἐπιγραφόμενον,
3685 2921 3775 2978 καὶ

2124 2998 2215 3056 διὰ
2242 3002 2342 3070 τήν
2371 2998 2476 3074 ἕξιν
2505 3007 2613 3058 τῶν
2650 3004 3043 3076 μανθανόντων,
3073 3007 3137 3062 οὐ
3193 3005 3284 3063 διὰ
3340 2998 3440 3080 τῆν
3498 3011 3648 3082 ἀξίαν
3678 3011 3776 3068 τοῦ

2126 3087 2465 3156 δεδωκότος,
2519 3092 2743 3162 νηπίοις
2813 3094 3027 3167 μᾶλλον
3085 3097 3415 3171 ἁρμόζοντα,
3480 3099 3628 3156 ἀλλὰ
3683 3101 3776 3157 καὶ

2125 3182 2262 3236 κατᾶ
2296 3182 2390 3236 τὸν
2419 3186 2517 3238 τοῦ
2568 3183 2808 3258 Χριστοῦ
2865 3184 3115 3258 οὐράνιον
3171 3188 3262 3244 καὶ
3318 3188 3528 3245 τέλειον
3582 3191 3778 3264 νόμον.

2128 3269 2245 3330 Οὔκ
2271 3269 2475 3346 ἄνομος
2503 3273 2642 3328 κατᾶ
2670 3274 2764 3328 τὸν
2803 3275 3039 3331 παλαιὸν
3065 3275 3260 3348 νόμον,
3291 3275 3439 3336 ἀλλὰ
3492 3279 3584 3335 καὶ
3632 3277 3776 3335 ἔννοι-

2130 3382 2231 3435 μος
2261 3361 2400 3417 κατᾶ
2425 3362 2488 3417 τὸ
2519 3362 2882 3441 Εὖαγγὲλιον.
2934 3364 3050 3423 Οὔκ
3098 3360 3201 3438 ἔξω
3257 3368 3353 3426 τοῦ
3402 3368 3598 3441 νόμου,
3629 3369 3778 3429 ἀλλὰ

2122 3452 2209 3506 καὶ
2245 3449 2375 3507 εἶ’σω
2406 3458 2506 3518 τῆς
2534 3451 2787 3529 χάριτος,
2834 3455 2937 3510 οὐκ
2990 3456 3291 3528 ἓμοίήευσα
3343 3456 3432 3515 διὰ
3463 3461 3552 3516 τὸν
3581 3461 3771 3534 νόμον,

2124 3537 2252 3596 ἀλλ’
2281 3537 2405 3596 οὐδε
2437 3537 2578 3596 εἶδον
2607 3541 2930 3606 ἀκολάστως
2985 3543 3076 3600 διὰ
3129 3547 3192 3602 τὸ
3248 3547 3601 3626 Εὖαγγέλιον.
3661 3549 3777 3608 Οὐκ

2125 3628 2381 3706 ἐφόνευσα
2414 3626 2504 3684 διὰ
2531 3629 2623 3687 τὸν
2675 3627 2870 3711 φόϐον,
2923 3632 3072 3690 ἀλλᾶ
3134 3636 3223 3690 καὶ
3283 3637 3452 3714 ὀργῆς
3504 3637 3774 3714 ἐκράτησα

2125 3715 2215 3809 διὰ
2251 3718 2345 3773 τὸν
2401 3721 2593 3780 πόθον.
2657 3722 2717 3778 ’0
2775 3723 2871 3796 μὶν
2921 3723 3025 3799 γὰρ
3082 3725 3174 3780 τὸν
3224 3726 3458 3784 παλαιὸν
3515 3727 3772 3809 φυλάξας,

2124 3808 2226 3864 οὐκ
2251 3810 2318 3878 ἦν
2347 3811 2548 3884 ἄνομος
2578 3815 2735 3867 Θεοῦο
2768 3813 2797 3868 ό
2837 3811 2895 3869 δὲ
2939 3813 3031 3869 τὸν
3058 3813 3200 3881 νὲον,
3243 3813 3355 3871 ἔστι
3413 3817 3500 3873 καὶ
3531 3808 3776 3890 ίέννομος

2125 3901 2599 3972 Χριστοῦ.Ταῦτα
2642 3898 2701 3956 δὲ.
2755 3923 2946 3982 φησιν.
3007 3903 3107 3959 οὐκ
3153 3903 3486 3976 ἀποκληρῶν
3551 3909 3643 3980 μὲν
3696 3911 3776 3980 τῷ

2124 3988 2294 4064 Πατρὶ
2322 3987 2415 4043 τὸν
2465 3989 2663 4063 νόμον,
2715 3995 2797 4062 τῷ
2848 3992 2960 4065 Υἱῷ
2993 3991 3050 4047 δὲ
3105 3993 3168 4049 τὸ
3209 3993 3572 4069 Εὐαγγέλιον,
3631 3995 3777 4053 ἀλλᾶ

2123 4078 2261 4152 πρὸς
2285 4078 2384 4146 τήν
2411 4082 2522 4134 τῶν
2582 4077 2810 4135 πολλῶν
2870 4081 3130 4138 ὑπόνοιαν
3179 4083 3270 4138 καὶ
3327 4081 3482 4156 δόξαν
3537 4086 3772 4164 ἀφορῶν.

2126 4167 2303 4223 Πάντα
2333 4167 2438 4245 γὰρ
2477 4168 2546 4222 τὰ
2573 4172 2670 4223 τοῦ
2702 4169 2931 4240 Ματρὸς,
2962 4175 3060 4226 τοῦ
3093 4172 3222 4228 Υἱοῦ
3277 4171 3414 4244 ἐστι,
3469 4177 3558 4231 καὶ
3585 4177 3653 4231 τὰ
3682 4181 3775 4232 τοῦ

2128 4260 2276 4327 Υἳοῦ,
2317 4265 2414 4316 τοῦ
2446 4261 2679 4336 Πατρός.
2706 4295 2778 4308 —-
2807 4262 3055 4327 Ἄλλως.
3081 4267 3372 4340 [ΘΕΟΔΩΡ
3401 4270 3419 4344 ]
3455 4266 3773 4340 Ἰουδαίους,

2126 4350 2203 4410 ὡς
2255 4352 2436 4421 οἶμαι,
2494 4350 2624 4416 τοὺς
2684 4349 2917 4426 μηδέπω
2981 4357 3403 4412 πεπιστευκότος
3460 4357 3637 4414 καλεῖ·
3671 4360 3775 4418 ὑπὸ

2123 4439 2296 4513 νόμον
2329 4437 2409 4511 δὲ,
2464 4439 2591 4503 τοὺς
2648 4440 2712 4497 τό
2769 4441 3105 4518 Εὐαγγέλιον
3149 4445 3245 4517 μὶν
3303 4443 3642 4520 δεξαμένους,
3696 4446 3775 4506 ἔτι

2126 4527 2184 4585 δὲ
2211 4533 2280 4603 τῇ
2336 4534 2434 4586 τοῦ
2490 4531 2664 4602 νόμου
2721 4529 2940 4611 ουλακῇ
3000 4532 3484 4609 προσδιδεμένους.
3530 4539 3629 4595 Καὶ
3686 4537 3778 4596 διὰ

2125 4619 2353 4682 τούτους
2393 4621 2588 4696 γάρτοι
2645 4621 2736 4675 καὶ
2787 4618 2858 4677 δι’
2923 4620 3184 4688 ἐκείνους,
3242 4626 3330 4680 καὶ
3389 4633 3490 4696 τῆς
3539 4635 3781 4702 νομικῆς

2121 4707 2433 4780 καθάρσεως
2492 4707 2545 4764 ἐν
2612 4708 3024 4783 Ἱεροσολύμοις
3077 4711 3365 4788 ἠνέσχετο,
3439 4715 3529 4770 καὶ
3587 4715 3640 4772 ἰν
3705 4721 3775 4792 τῇ

2124 4796 2401 4870 Λυκαονία
2427 4798 2520 4853 τὸν
2577 4798 2843 4872 Τιμόθεον
2899 4798 3206 4876 περιέτεμε,
3271 4803 3360 4858 καὶ
3401 4801 3546 4860 ἃλλα
3604 4807 3771 4880 μυρία

2123 4885 2480 4963 παραπλήσια
2510 4887 2890 4960 ᾤκονόμησεν.
2929 4920 2999 4932 --
3041 4887 3290 4953 “Allwc.
3326 4917 3353 4944 ‹‹
3381 4895 3511 4957 Τοῖς
3546 4895 3648 4952 ὑπὸ
3677 4895 3766 4952 νό-

2128 4997 2287 5050 μον.»
2332 4976 2462 5032 Ὑπὸ
2515 4975 2691 5049 νόμον
2725 4975 2899 5054 λέγει,
2936 4979 3065 5041 τοὺς
3104 4979 3156 5050 ἒξ
3207 4979 3484 5039 Ἰουδαίων
3543 4987 3768 5042 πιστεύ-

2124 5086 2338 5136 σαντας,
2393 5060 2472 5121 ἔτι
2529 5063 2588 5122 δὲ
2641 5065 2740 5122 τοῦ
2791 5067 2967 5140 νόμου
3001 5069 3317 5144 ἐχομένους.
3359 5074 3496 5129 Πότε
3536 5073 3592 5130 Si
3619 5076 3775 5154 γέγοο

2122 5176 2208 5212 νεν
2237 5156 2310 5217 ὡς
2347 5156 2450 5211 ὑπὸ
2478 5155 2651 5229 νόμον
2686 5157 2821 5224 ςὸτε
2882 5157 3036 5214 εἶπον
3085 5158 3234 5233 αὐτῷ
3291 5163 3344 5216 οἱ
3397 5163 3539 5243 ἀμφὶ
3583 5166 3779 5224 Ἰάκω-

2124 5239 2243 5301 ϐον·
2281 5269 2308 5296 ι(
2331 5246 2514 5320 Ὁρᾷς,
2545 5243 2768 5326 ἀδελφὶ,
2805 5245 2969 5302 πόσαι
3005 5247 3264 5322 μυριάδες
3292 5249 3425 5306 εἰσὶν
3473 5239 3525 5309 οἱ
3560 5256 3774 5314 mou-5-

2125 5354 2327 5400 σαντες,
2359 5335 2448 5389 καὶ
2480 5336 2676 5397 πάντες
2734 5335 2840 5391 εἶσὶ
2873 5335 3121 5407 ζηλωταὶ
3177 5344 3274 5394 τοῦ
3332 5343 3508 5414 νόμου
3540 5367 3606 5410 ς»
3639 5346 3777 5405 Τότε

2123 5425 2229 5501 γὰρ
2252 5425 2479 5500 ἡγνίσθη
2513 5423 2832 5490 διἀὖτοός.
2892 5427 3031 5502 Ὅρα
3088 5425 3147 5482 δί
3197 5431 3479 5488 πανταχοῦ
3536 5435 3621 5502 τὸ,
3677 5437 3776 5509 ὡς,

2124 5512 2514 5590 προσκείμενον
2553 5559 2567 5586 ,
2641 5513 2733 5569 ἳνα
2812 5513 2958 5591 δείξῃ
3038 5514 3123 5574 ὅτι
3177 5516 3541 5595 οῗκονομικῶς
3610 5529 3776 5583 ταῦτα

441 5717 464 5750 ⁵
492 5718 619 5775 Aet.
647 5729 769 5781 xw,
800 5710 852 5768 3.
887 5707 912 5745 ⁸
944 5710 1070 5767 Act.
1103 5722 1222 5774 xxi,
1253 5706 1341 5763 26.
1375 5703 1399 5740 "
1429 5708 1554 5766 Act.
1588 5723 1724 5779 xvn,
1756 5709 1847 5766 sa.
1878 5706 1905 5744 ³
1928 5707 2130 5767 Matth.
2165 5726 2216 5765 v.
2245 5709 2308 5767 21
2343 5726 2467 5786 seq.
2500 5709 2524 5746 ‘
2551 5708 2714 5768 Ioan.
2750 5723 2889 5780 xvu,
2934 5710 3018 5768 lo.
