4156 6200
383 332 502 392 169

385 462 633 543 γίγονεν.
665 497 730 506 -
751 464 1001 527 Ἄλλως.
1029 488 1057 517 ιι
1089 467 1219 528 Τοῖς
1245 464 1473 539 ἀνόμοις
1492 464 1568 528 ὡς
1591 462 1814 540 ἄνομος.
1843 490 1872 519 ››
1890 462 2050 525 Ἀνᾶο

393 576 530 630 μους
569 551 741 633 λέγει,
774 554 903 618 τοῦς
941 556 1017 630 μὴ
1050 551 1206 618 ὄντας
1239 555 1343 612 ὑπὸ
1399 558 1490 613 τὸν
1551 555 1794 619 Μωσέως
1851 557 2048 632 νόμον,

391 649 518 712 τοῦς
572 648 622 719 ἐξ
683 649 872 718 ἐθνῶν,
951 648 1036 711 οἶς
1118 649 1208 704 καὶ
1297 650 1460 713 αὐτὸς
1546 649 1845 722 ἐπιφοιτῶν
1923 671 2047 727 σδγ·

387 735 673 794 κατέϐαινε
702 743 770 812 τῇ
832 739 1075 811 ἀσθενείᾳ
1135 739 1337 808 αὐτῶν,
1393 739 1486 796 καὶ
1543 737 1730 797 πολλά
1784 745 1893 796 τῶν
1952 760 2052 813 με·

392 827 580 904 γάλων
643 828 929 903 δογμάτων
995 828 1093 884 οὐκ
1149 827 1442 909 ἐξεφαινεν,
1493 827 1652 892 εἰδὼς
1713 829 1910 892 αὐτοὺς
1971 830 2047 904 μή

398 919 791 995 βαστάζοντας.
853 918 1044 982 Οὖτως
1109 917 1224 987 οὖν,
1299 920 1486 998 φησὶν,
1563 918 1826 996 ἐγενόμην
1913 920 2050 991 πρὸς

396 1009 719 1070 αύτοῦς,ὠς
763 1010 838 1080 μή
889 1005 965 1062 ὢν
1022 1009 1126 1063 ὑπὸ
1181 1007 1310 1071 τους
1371 1009 1575 1082 νόμους
1631 1014 1729 1064 τοῦ
1791 1011 2048 1083 Χριστοῦ.

393 1097 581 1154 Ἢνίκα
611 1098 710 1172 γᾶρ
744 1097 878 1171 πρὸς
931 1098 1250 1168 Ἀθηνιιίους
1308 1094 1664 1174 ἐδημηγόρει,
1722 1097 1784 1152 οὐ
1841 1102 2050 1172 τρανῶς

396 1185 470 1248 ὡς
503 1188 621 1262 περὶ
655 1191 790 1242 Θεοῦ
845 1183 1129 1263 διειλὲχΘη
1195 1188 1263 1242 τὰ
1316 1191 1414 1243 τοῦ
1474 1191 1733 1260 Χριστοῦ,
1795 1185 1921 1242 ἀλλ’
1977 1187 2052 1250 ὡς

393 1277 518 1350 περὶ
548 1277 840 1352 ἀνθρώπου
879 1275 1068 1351 ψιλοῦ.
1127 1275 1268 1335 05δέ
1327 1277 1432 1354 γὰρ
1491 1275 1740 1352 ἐχώρουν
1801 1277 2048 1332 τοιοῦτόν

392 1387 445 1422 τι
477 1365 717 1422 ἀκοῦειν.
749 1366 1078 1436 ἰ’πενόησαν
1109 1367 1211 1440 γάρ
1263 1364 1322 1420 ἃν
1385 1366 1544 1420 αὐτὸν
1602 1362 1696 1420 ἕνα
1741 1369 1851 1421 τῶν
1908 1364 2050 1440 πσρά

400 1455 552 1534 σφίσι
598 1457 1100 1528 τεθεοποημέγων,
1163 1457 1280 1518 οἶος
1311 1455 1338 1510 ὁ
1371 1453 1668 1530 Ἡρακλῆς.
1729 1455 1757 1509 ὁ
1816 1452 2054 1524 Ἀσκληο

395 1544 549 1612 πιὸς,
582 1542 671 1598 καὶ
703 1544 754 1597 οἱ
799 1542 1008 1600 λοιποί.
1074 1569 1099 1596 ‹‹
1137 1544 1226 1612 Μὴ
1276 1541 1348 1597 ὢν
1408 1542 1610 1616 ἄνομος
1657 1547 1792 1616 Θεῷ.
1830 1567 1858 1594 »
1922 1545 2051 1598 Εἶτα

399 1633 492 1688 ἳνα
527 1635 605 1704 μή
646 1631 880 1708 νομίσῃς
943 1628 1257 1706 μεταϐολήν
1314 1633 1543 1708 γνώμης
1598 1631 1897 1710 γεγονέναι,
1957 1632 2054 1688 ἐπ-

399 1721 538 1798 άγει,
577 1747 604 1772 ‹‹
640 1723 734 1790 Μὴ
766 1721 842 1776 ὢν
875 1721 1080 1796 ἃνομος
1127 1727 1264 1794 Θεῷ,
1299 1747 1328 1775 ››
1387 1721 1658 1778 τουτέστιν
1701 1721 1824 1778 ἄνευ
1869 1722 2054 1795 νόμων

399 1813 554 1880 Θεοῦ,
612 1809 741 1867 ἀλλ’
799 1805 1029 1885 ἔννομος
1082 1815 1327 1887 Χριστῷ,
1379 1835 1405 1866 ι
1465 1811 1760 1882 τουτέστιν,
1819 1807 2052 1885 ἔννομος

1351 332 1760 396 ΟΟΜΜΕΝΤ.
1808 333 1885 394 ΙΝ
1934 330 2178 394 EPIST.
2229 335 2248 395 Ι
2295 338 2397 397 AD
2445 339 2814 401 COBINTH.

2076 518 2124 583 A

3693 346 3812 404 7’10

2159 475 2483 530 sectatores
2515 473 2662 549 legis
2697 475 2759 530 ³ο.
2794 498 2824 526 ››
2855 481 3016 534 Tunc
3049 477 3209 534 enim
3241 485 3484 551 propter
3510 479 3673 553 ipsos
3702 494 3808 552 pu-

2157 559 2420 618 riflcatus
2441 570 2531 618 est
2560 563 2701 621 Vide
2725 571 2923 622 autem
2941 565 3100 639 quod
3124 568 3341 640 ubique
3354 568 3700 639 adjunctum
3721 571 3800 626 sit

2157 674 2184 700 «ι
2219 649 2418 718 Quasi,
2448 677 2468 702 υ
2497 660 2562 708 ut
2582 655 2858 710 ostendat
2877 657 3036 727 quod
3058 657 3182 712 hinc
3204 657 3634 729 dispensatorie
3650 658 3806 715 facta

2159 739 2299 795 sint.
2332 773 2389 782 —
2413 741 2554 799 Alio
2576 747 2757 800 modo.
2781 771 2806 794 «
2829 747 2907 801 lis
2929 747 3030 817 qui
3075 747 3202 804 sine
3257 749 3383 821 lege
3433 756 3598 804 erant
3632 749 3804 820 quasi

2159 832 2285 887 sine
2319 832 2464 906 lege.
2502 856 2530 884 »
2566 835 2702 891 Sine
2736 837 2860 910 lege
2887 837 3031 892 dicit
3059 854 3159 892 eos
3190 839 3290 910 qui
3323 857 3442 894 non
3474 847 3646 895 erant
3697 839 3806 895 sub

2158 918 2285 991 lege
2320 922 2483 988 Mosi,
2519 940 2734 995 nempe
2765 925 2865 996 qui
2899 942 2928 980 e
2960 927 3234 998 gentibus
3266 934 3434 982 erant
3467 944 3480 981 :
3525 927 3598 982 ad
3657 944 3810 999 quos

2159 1010 2336 1065 etiam
2362 1028 2495 1067 cum
2516 1014 2845 1082 accederet,
2869 1015 3110 1070 demisit
3131 1033 3192 1071 se
3213 1017 3287 1072 ad
3311 1034 3516 1072 eorum
3545 1017 3806 1072 imbecil-

2158 1098 2410 1169 litatem,
2442 1103 2749 1175 multaque
2782 1122 2992 1178 magna
3023 1107 3296 1179 dogmata
3326 1107 3580 1176 reticuit,
3615 1106 3812 1161 sciens

2160 1205 2261 1244 eos
2293 1190 2446 1245 ferre
2476 1208 2596 1247 non
2630 1209 2822 1264 posse.
2857 1196 2940 1250 Ita
2971 1213 3108 1268 ergo
3141 1195 3331 1251 factus
3375 1213 3538 1262 sum,
3598 1196 3814 1266 inquit,

2159 1278 2316 1349 apud
2350 1280 2504 1348 illos,
2534 1287 2815 1354 tanquam
2840 1284 2947 1339 sub
2972 1285 3184 1340 Christi
3209 1285 3435 1358 legibus
3458 1301 3580 1340 non
3599 1300 3814 1340 essem.

2157 1369 2300 1424 Cum
2333 1372 2490 1426 enim
2523 1373 2680 1444 apud
2711 1375 3102 1430 Athenienses
3151 1377 3632 1440 concionaretur,
3690 1391 3812 1430 non

2161 1458 2418 1529 palmam
2450 1476 2520 1515 ea
2549 1477 2680 1532 quae
2713 1463 2926 1518 Christi
2961 1470 3130 1519 erant
3159 1464 3460 1522 disseruit.
3517 1463 3687 1535 quasi
3742 1462 3814 1518 de

2160 1547 2278 1602 Deo
2309 1548 2580 1621 loquens,
2610 1552 2764 1608 506
2797 1552 2901 1608 sed
2939 1555 3107 1625 quasi
3167 1554 3238 1610 de
3301 1553 3460 1610 nudo
3519 1554 3761 1608 homine
3798 1570 3811 1607 :

2159 1651 2353 1708 neque
2376 1640 2532 1694 enim
2553 1657 2798 1713 capaces
2820 1650 3008 1707 erant,
3048 1651 3113 1699 ut
3160 1644 3275 1700 tale
3301 1644 3615 1716 quippium
3649 1641 3816 1699 audi-

2159 1733 2307 1779 rent.
2332 1726 3062 1802 Suspicabanturuamque
3082 1749 3217 1787 eum
3233 1733 3402 1803 quasi
3422 1748 3608 1788 unum
3624 1749 3826 1787 eorum

2161 1815 2260 1885 qui
2280 1819 2437 1888 apud
2461 1818 2624 1890 ipsos
2645 1821 2800 1876 inter
2819 1821 2966 1877 duos
2988 1822 3157 1878 relati
3182 1829 3373 1883 erant.
3397 1822 3607 1894 quales
3646 1825 3817 1877 erant

403 1899 671 1975 ὑπάρχων
705 1904 972 1976 Χριστοῦ.
1004 1900 1358 1975 Σημειωτέον
1415 1900 1472 1956 δὲ
1522 1903 1586 1956 τὸ
1644 1901 1829 1978 ῥητὸν,
1881 1925 1910 1954 ι(
1942 1900 2058 1958 Οὑκ

2171 1905 2446 1976 Herodes,
2465 1909 3081 1981 Asclepiusaccmteri.
3101 1935 3129 1962 «
3155 1912 3299 1967 Cum
3330 1913 3446 1966 Deo
3473 1927 3593 1966 non
3621 1926 3814 1966 essem

400 1988 516 2062 ἐῖμὶ
550 1989 754 2063 ἄνομος
786 1993 941 2060 Θεοῦ,
972 1987 1101 2045 ἀλλ’
1132 1986 1380 2064 ἔννομος,
1414 2015 1444 2042 ››
1473 1990 1563 2046 καὶ
1594 1991 1712 2046 ἀντὶ
1741 1995 1836 2046 τοῦ
1857 1989 2051 2061 εἰπεῖν,

403 2083 540 2135 Θεοῦ
571 2081 755 2152 (τοῦτο
784 2079 883 2155 γὰρ
914 2082 950 2150 ἡ
982 2077 1322 2153 ἀκολουθία),
1352 2082 1492 2152 εἷπε,
1518 2105 1545 2133 ‹‹
1574 2082 1826 2154 Χριστοῦ.
1853 2105 1881 2132 ››
1915 2082 2055 2157 ’Λρα

404 2169 634 2244 Χριστὸς
691 2171 720 2225 ὁ
770 2170 920 2232 Θεός.
987 2195 1009 2222 ι
1069 2173 1204 2234 Τοῖς
1257 2168 1529 2235 ἀσθενέσιν
1588 2171 1663 2232 ὡς
1723 2171 1970 2242 ἀσθενής.
2021 2193 2053 2224 ιο

403 2258 503 2314 Καὶ
537 2255 665 2313 οὐδὲ
699 2257 866 2334 μέχρι
896 2259 1104 2314 τούτων
1133 2254 1316 2331 ἔστην,
1357 2260 1545 2340 φησίν,
1604 2257 1750 2315 ἀλλά
1791 2260 1878 2315 καὶ
1937 2263 2053 2322 τοῖς

401 2346 644 2411 ἀσθενέσι
677 2349 802 2422 περὶ
841 2351 943 2418 τήν
1001 2349 1181 2404 πίστιν
1240 2348 1500 2412 ὡσαύτως
1551 2349 1777 2418 ἀσθενής
1833 2347 2054 2426 γέγονα.

407 2441 531 2500 Πῶς
556 2436 660 2512 γᾶρ
693 2438 799 2493 οὑκ
826 2438 894 2508 ἦν
927 2437 1100 2501 οὕτως
1157 2437 1281 2493 ὅταν
1338 2434 1677 2514 δημηγορῶν
1735 2437 1797 2494 οὐ
1844 2437 2054 2514 τρανῶς

400 2528 476 2592 ὡς
505 2529 632 2601 περὶ
663 2533 796 2584 Θεοῦ
832 2533 930 2584 τοῦ
961 2529 1089 2584 Υἱοῦ
1135 2529 1226 2584 καὶ
1283 2532 1379 2583 τοῦ
1438 2528 1751 2602 Πνεῦματος
1803 2527 2056 2602 ἐμνημό-

407 2638 593 2688 νευεν;
630 2617 812 2676 Καὶέν
835 2623 904 2692 τῇ
937 2619 1073 2693 πρὸς
1129 2618 1460 2692 Ῥωμαίους,
1518 2619 1608 2674 ὅτε
1665 2619 1790 2681 τοῦς
1852 2616 2056 2691 διακρι-

407 2709 672 2784 νομένους
701 2716 892 2790 φαγεῖν
942 2711 1074 2787 κρέα
1131 2708 1222 2766 δια
1277 2713 1376 2780 τήν
1439 2711 1594 2766 ἐνίων
1648 2715 1820 2786 κρεῶν
1879 2731 2057 2787 παραυ

410 2805 669 2873 τήρησιν,
719 2804 928 2856 τούτων
983 2806 1053 2874 τῇ
1107 2801 1348 2873 ἀσθενείᾳ
1405 2797 1868 2878 συγκαταϐαίνων.
1933 2799 2058 2857 οὔτε

409 2891 574 2953 αὐτὸς
633 2891 849 2954 τούτοις
909 2891 1158 2964 ἐπετίμα,
1213 2891 1303 2945 καὶ
1359 2891 1491 2951 τοῦς
1549 2888 1754 2951 ἄλλους
1815 2885 2054 2964 ὅλλησιν

408 2979 600 3041 αὐτοῖς
660 2980 880 3055 ἐπάγειν
939 2979 1190 3035 ἐκώλυεν.
1258 3005 1284 3032 ‹‹
1346 2982 1482 3041 Τοῖς
1549 2984 1676 3033 πᾶσι
1737 2978 1937 3056 γέγονα
1993 2981 2061 3034 τὰ

407 3069 599 3127 πάιτα.
636 3091 666 3124 ι)
700 3071 801 3127 Καὶ
836 3071 1120 3143 συντόμυς
1178 3069 1368 3124 εἷπείν’
1426 3073 1556 3128 Τοῖς
1611 3071 1741 3123 πᾶσι
1799 3065 2000 3142 γέγονα
2030 3066 2060 3121 δ

407 3159 567 3228 ἦσαν,
638 3157 762 3214 οὔτε
818 3161 1018 3220 πάντας
1078 3161 1271 3229 σώζειν
1339 3154 1658 3230 προσδοκῶν
1721 3159 1773 3225 ιῆ
1841 3158 1944 3232 γὰρ
2002 3155 2061 3210 ἄν

2169 1993 2297 2048 sine
2317 1992 2826 2068 lege.»Deindene
2850 1999 3148 2054 sententia
3176 1999 3569 2054 mutationem
3600 1998 3815 2054 factam

2172 2097 2300 2138 esse
2327 2085 2651 2153 existimes,
2686 2087 2990 2162 subjungit
3024 2105 3036 2143 :
3073 2111 3102 2139 «
3137 2089 3280 2144 Cum
3315 2090 3432 2144 Deo
3465 2105 3586 2143 non
3625 2104 3817 2144 essem

2171 2171 2297 2227 sine
2327 2173 2476 2247 lege,
2513 2197 2539 2224 ››
2570 2176 2682 2232 hoc
2713 2183 2820 2243 est,
2857 2178 2984 2234 sine
3017 2179 3152 2247 Dei,
3185 2177 3545 2246 legibus,sed
3568 2178 3675 2233 sub
3695 2178 3822 2250 lege

2167 2261 2399 2317 Christi.
2425 2263 2844 2321 Adnotandum
2870 2273 2960 2322 est
2981 2274 3179 2323 autem
3231 2267 3341 2323 hoc
3390 2268 3614 2323 dictum
3647 2284 3660 2322 :
3695 2271 3823 2322 Non

2169 2366 2301 2406 sum
2333 2353 2461 2408 sine
2493 2353 2640 2426 lege,
2671 2354 2775 2410 sed
2806 2355 2916 2411 sub
2949 2356 3096 2428 lege.
3131 2357 3272 2412 Nam
3304 2374 3439 2412 cum
3471 2363 3629 2412 esset
3678 2372 3819 2412 con-

2170 2455 2428 2512 sequens
2458 2448 2523 2497 ut
2553 2443 2956 2518 subjungeret,
2992 2446 3116 2509 Dei.
3151 2444 3299 2501 dixit
3325 2445 3548 2502 Christi.
3608 2447 3812 2517 Itaque

2168 2530 2435 2586 Christus
2471 2532 2624 2587 Dens
2655 2540 2763 2591 est.
2804 2554 2824 2580 α
2859 2534 3119 2591 Inﬁrmis
3149 2535 3318 2606 quasi
3363 2535 3656 2591 infirmus.
3695 2559 3721 2584 ››
3753 2536 3822 2590 Et

2169 2635 2364 2691 neque
2387 2621 2447 2676 in
2470 2621 2581 2689 his,
2606 2622 3152 2694 inquit,terminum
3173 2625 3369 2697 posui.
3423 2642 3622 2681 verum
3658 2626 3824 2680 infir-

2170 2710 2284 2765 mis
2316 2727 2553 2783 quoque
2587 2711 2646 2766 in
2679 2713 2789 2768 [ide
2813 2714 3001 2770 factus
3032 2732 3164 2771 sum
3197 2714 3474 2770 similiter
3519 2717 3819 2770 infirmus.

2171 2800 2384 2854 Annon
2410 2800 2490 2855 ita
2522 2817 2583 2855 se
2615 2801 2829 2856 habeat
2859 2803 3096 2873 quando
3154 2803 3504 2857 concionem
3563 2802 3815 2867 habens,

2170 2886 2301 2941 Filii
2335 2905 2402 2942 ac
2435 2889 2684 2959 Spiritus
2715 2891 3080 2944 mentionem
3116 2891 3387 2951 faciebat,
3439 2907 3558 2945 non
3615 2897 3826 2961 aperte

2173 2984 2453 3049 tanquam
2487 2979 2558 3033 de
2585 2979 2698 3032 Deo
2723 2979 3014 3049 loquens?
3037 2981 3102 3032 Et
3123 2981 3184 3034 in
3205 2979 3457 3049 Epistola
3479 2979 3553 3034 ad
3604 2982 3819 3034 Itoma-

2172 3083 2280 3122 nos‘
2303 3066 2656 3137 quibusdam
2670 3067 2749 3137 dij
2763 3068 3135 3123 udicantibus
3147 3068 3322 3122 edere
3339 3074 3822 3139 carues,propter

2174 3155 2642 3211 observationem
2678 3155 3069 3227 quarumdam
3130 3157 3423 3222 carnium,
3479 3156 3554 3212 ad
3611 3159 3822 3212 horum

412 3249 513 3303 οῦκ
541 3250 606 3318 ἦν
640 3247 814 3312 οὕτως
845 3247 1199 3321 Θαυμαστὸν),
1233 3245 1357 3300 ἀλλ’
1388 3247 1474 3300 ’ἱνα
1505 3246 1594 3300 καὶ
1629 3245 1850 3320 ὀλίγους
1879 3246 2059 3302 σώσω.

2178 3243 2584 3300 infirmitatem
2611 3262 2740 3300 sese
2762 3245 3083 3302 demitteus
3125 3263 3319 3319 neque
3345 3247 3450 3302 hos
3469 3247 3823 3320 objurgavit,

406 3339 475 3392 Τὸ
507 3334 588 3406 δέ,
621 3364 647 3389 ι(
683 3337 923 3404 παντως,
960 3362 988 3388 υ
1018 3337 1108 3391 καὶ
1150 3337 1286 3412 πρὸς
1344 3335 1667 3410 προτροπῇν
1721 3339 1895 3389 κεῖται
1953 3339 2063 3390 τῶν

405 3427 811 3499 κηρυσσόντων.
872 3433 1073 3500 Ὥσπερ
1123 3426 1250 3500 γὰρ,
1310 3423 1469 3504 φησί,
1551 3425 1756 3485 πάντας
1826 3425 2063 3490 σωθῆναι

411 3512 694 3590 δυσχερὲς,
728 3514 875 3570 οὕτω
904 3515 994 3570 καὶ
1023 3514 1087 3570 τὸ
1121 3515 1198 3586 μὴ
1257 3513 1460 3576 πάντας
1508 3514 1772 3582 σωθῆναι.
1826 3537 1853 3564 (ι
1886 3515 2064 3571 Τοῦτο

409 3600 466 3659 δὲ
493 3609 639 3660 ποιῶ
666 3601 758 3660 διά
788 3606 851 3660 τὸ
887 3602 1238 3680 Εῦαγγὲλιον.
1274 3625 1304 3655 ››
1358 3600 1700 3677 Εὐαγγέλιόν
1745 3623 1899 3682 φησι,
1936 3602 2065 3664 τοὺς

411 3690 499 3748 διὰ
526 3697 624 3749 τοῦ
656 3691 994 3769 Εὖαγγελίου
1028 3695 1409 3765 σωζομένους,
1441 3691 1516 3753 ὡς
1555 3688 1643 3746 καί
1703 3690 1811 3746 am
1861 3685 2064 3768 ἔλεγεν,

412 3809 440 3835 ‹‹
476 3784 569 3840 Ἐκ
595 3787 693 3838 τοῦ
736 3779 1087 3859 Εὑαγγελίου
1119 3785 1239 3855 ζῇν,
1273 3805 1300 3833 ››
1333 3783 1636 3851 τουτέστιν,
1665 3777 1725 3835 ἐκ
1756 3781 1863 3835 τών
1916 3780 2066 3853 αὐτῷ

413 3875 870 3933 πεπιστευκότων.
930 3879 1099 3930 Τοῦτο
1150 3872 1208 3930 δὲ
1266 3879 1430 3942 ποιῶ,
1501 3871 1588 3928 διὰ
1643 3871 1771 3936 τοὺς
1853 3871 1914 3928 ἐκ
1969 3876 2064 3928 τοῦ

417 3966 764 4048 Εῦαγγελίου
794 3969 1202 4030 πιστεύσαντας,
1236 3973 1348 4024 Ἵνα
1381 3964 1621 4035 δυνηθῶ,
1652 3965 1808 4044 φησὶ,
1860 3985 2066 4022 κοινω-

413 4071 571 4134 νῆσαι
603 4066 790 4126 αὐτοῖς
819 4067 928 4119 τῶν
961 4061 1336 4134 ἀποκειμένων
1365 4060 1548 4122 αὐτοῖς
1580 4058 1822 4134 ἀγαθῶν,
1891 4059 2068 4114 πάντα

417 4152 648 4225 ἐποίησα
679 4153 767 4208 καὶ
801 4155 966 4207 ποιῶ.
998 4151 1140 4224 ’Ὁρα
1178 4148 1673 4224 ταπεινοφροσύνης
1732 4141 2066 4222 ὑπερϐολήν.

414 4247 592 4299 Ταῦτα
625 4241 682 4297 δὶ
715 4240 921 4319 ἔλεγεν,
955 4238 1053 4294 οὐκ
1084 4235 1270 4307 ἐπειδὴ
1309 4240 1487 4310 μισθῷ
1514 4259 1621 4293 τινι
1650 4240 1817 4292 ταῦτα
1871 4231 2070 4309 ἔπρατ-

417 4353 526 4397 τεν,
557 4331 686 4387 ἀλλ’
712 4332 804 4385 ἳνα
835 4330 1069 4390 ἐκείνους
1102 4327 1464 4394 ἐπισπάσητα,
1495 4328 1662 4380 πάντα
1705 4331 1880 4380 ποιεῖν
1935 4325 2066 4398 ὑπὲρ

416 4425 514 4492 τῆς
543 4427 650 4476 τῶν
683 4419 935 4499 ἀδελφῶν
982 4414 1308 4489 οἰκοδομῆς,
1359 4416 1432 4477 ὡς
1480 4415 1570 4470 καὶ
1619 4412 1818 4475 ἐκεῖνος
1873 4412 2064 4468 ἐποίει⁶

2179 3335 2278 3390 sed
2313 3342 2370 3390 et
2395 3335 2545 3392 alios
2577 3336 2720 3408 ipsis
2751 3353 2880 3392 esse
2912 3337 3195 3393 molestos
3218 3338 3524 3410 prohibuit
3548 3340 3612 3392 ".
3640 3359 3664 3388 ι
3693 3338 3830 3394 0m~

2173 3424 2350 3481 nibus
2380 3425 2582 3482 omnia
2609 3428 2798 3482 factus
2830 3443 2982 3482 sum.
3044 3449 3072 3477 ››
3133 3428 3201 3483 Ut
3258 3427 3514 3484 breviter
3578 3428 3775 3483 dicam
3810 3445 3830 3483 ε

2175 3514 2462 3572 Omnibus
2480 3523 2664 3572 Iactus
2687 3532 2817 3572 sum
2842 3516 2900 3573 id
2919 3516 3078 3588 quod
3101 3533 3285 3583 eram,
3308 3534 3420 3574 nec
3447 3524 3650 3574 tamen
3703 3532 3833 3572 om-

2176 3619 2284 3660 nes
2306 3603 2497 3660 salvos
2515 3605 2708 3661 facere
2726 3607 3216 3677 sperans(revera
3239 3607 3397 3662 enim
3422 3606 3508 3662 sic
3529 3622 3650 3662 non
3680 3605 3827 3661 adeo

2175 3691 2596 3750 admirandum
2613 3693 2923 3764 esset),sed
2938 3700 3003 3748 ut
3023 3694 3110 3749 vel
3136 3711 3356 3767 paucos
3380 3695 3571 3750 salvos
3583 3693 3822 3748 faciam.

2177 3783 2342 3850 Quod
2374 3791 2571 3842 autem
2604 3785 2723 3840 ait:
2757 3807 2782 3834 ‹‹
2819 3785 3128 3852 Omnino,»
3161 3785 3339 3839 etiam
3361 3784 3435 3838 ad
3466 3783 3826 3838 exhortatio-

2178 3892 2315 3932 nem
2346 3875 2795 3949 prwdicantium
2831 3875 3090 3946 ponitur.
3132 3872 3644 3938 Quemadmodum
3665 3871 3826 3926 enim

2178 3981 2409 4033 omnes,
2442 3965 2658 4035 inquit,
2718 3963 2909 4019 salvos
2967 3963 3164 4018 facere
3219 3966 3376 4017 esset
3423 3961 3688 4029 difficile,
3749 3960 3832 4015 ita

2179 4070 2414 4126 quoque
2447 4054 2574 4109 fieri
2606 4069 2725 4108 non
2756 4052 2927 4108 facile
2957 4055 3154 4123 potest
3184 4057 3249 4106 ut
3279 4051 3429 4106 nulli
3465 4050 3608 4107 salvi
3659 4051 3826 4106 ﬂant.

2179 4145 2338 4198 «Hoc
2353 4141 2712 4198 autemfacio
2727 4147 2968 4214 propter
2983 4141 3386 4214 Evangelium.
3407 4165 3427 4192 ι
3458 4140 3830 4214 Evangelium

2180 4233 2436 4288 diciteos
2451 4233 2670 4304 quiper
2691 4231 3068 4305 Evangelium
3085 4231 3230 4286 salvi
3260 4234 3436 4287 fiunt:
3463 4233 3618 4286 sicut
3649 4232 3828 4286 etiam

2178 4331 2353 4379 antea
2381 4322 2532 4376 dixit
2565 4338 2577 4376 :
2615 4346 2641 4370 ‹‹
2678 4322 2755 4378 Ex
2787 4322 3098 4395 Evangelio
3132 4322 3345 4386 vivere,
3382 4343 3406 4372 ι
3444 4321 3554 4376 hoc
3586 4327 3695 4385 est,
3757 4336 3828 4375 ex

2179 4413 2271 4467 his
2301 4411 2401 4484 qui
2435 4411 2546 4483 ipsi
2579 4411 2982 4467 crediderunt.
3022 4417 3138 4467 Iloc
3168 4417 3369 4466 autem
3401 4409 3552 4465 facio
3586 4416 3830 4481 propter

416 4532 519 4572 eos
553 4515 653 4586 qui
687 4530 757 4571 ex
788 4511 1096 4584 Evangelia
1123 4509 1524 4565 crediderunt.
1583 4506 1654 4562 Ut
1708 4506 1953 4578 possim,
2013 4505 2224 4577 inquit,
2287 4520 2422 4559 cum
2480 4503 2624 4575 ipsis
2684 4504 2979 4576 particeps
3036 4503 3160 4558 fieri
3221 4502 3622 4574 repositorum
3677 4499 3826 4572 ipsis

419 4604 732 4666 honorum,
761 4604 961 4658 omnia
991 4600 1102 4656 feci
1134 4606 1191 4655 et
1222 4599 1391 4655 facio.
1427 4597 1570 4654 Vide
1604 4595 1906 4652 modestia:
1937 4594 2421 4669 magnitudinem.
2452 4595 2584 4650 ch
2637 4601 2834 4650 autem
2896 4595 3148 4662 dicebat,
3208 4608 3327 4648 non
3388 4589 3546 4663 quod
3594 4589 3668 4645 ob
3720 4590 3830 4646 ali-

421 4694 578 4765 quod
608 4693 918 4766 praamium
953 4691 1078 4747 hazc
1109 4689 1329 4746 faceret
1361 4705 1373 4743 :
1409 4687 1512 4744 sed
1543 4694 1609 4743 ut
1638 4687 1773 4743 illos
1794 4687 2138 4754 altraheret,
2173 4702 2288 4758 quo
2320 4685 2519 4741 omnia
2549 4685 2814 4742 faCerent
2845 4702 2947 4757 pro
2965 4685 3214 4740 fratrum
3237 4681 3652 4750 aedificatione,
3676 4685 3830 4737 sicut

421 4791 481 4840 et
511 4785 640 4856 ipse
665 4783 941 4840 faciebat.

491 4990 608 5049 Οὑκ
665 4988 849 5045 ο⁸ίδατε
903 4989 986 5044 ὅτι
1045 4988 1098 5042 οἱ
1156 4985 1207 5042 ἐν
1269 4983 1473 5058 σταδίῳ
1531 4986 1820 5060 τρέχοντες
1879 4985 2150 5057 πάντεςῙ)

425 5084 518 5154 μὲν
582 5079 894 5156 τρέχουσιν,
985 5079 1063 5139 εἷς
1149 5073 1206 5131 δὲ
1291 5070 1560 5150 λαμὸεἱνει
1614 5077 1677 5130 τὸ
1739 5071 1992 5150 βραϐεῖον
2051 5097 2066 5145 ;

421 5170 610 5234 Οὕτως
637 5167 862 5246 τρέχετέ
905 5165 995 5221 ’ἱνα
1048 5159 1416 5236 κιταλαϐητε.
1480 5167 1589 5227 Hii;
1650 5165 1679 5219 ὁ
1736 5163 2072 5240 ἀγωνιζόμε-

420 5281 529 5323 νος.
588 5258 766 5315 πέντα
821 5254 1217 5332 ἐγκρατεύεται.
1293 5256 1530 5310 Ἐκεῖνοι
1617 5252 1714 5327 μὲν
1809 5253 1905 5309 οὗν
1975 5255 2069 5309 ’ἱνα

423 5349 654 5427 φθαρτὸν
724 5346 978 5427 στέφανον
1033 5339 1302 5412 λάϐωσιν,
1375 5345 1540 5416 ἡμεῖς
1629 5339 1687 5398 δί
1771 5341 2065 5419 ἄφθαρτον.

423 5439 565 5514 Ἐγὼ
594 5437 772 5494 τοίνυν
803 5435 975 5498 οὕτως
1030 5434 1238 5513 τρέχω,
1299 5433 1376 5496 ὡς
1431 5433 1536 5487 οὑκ
1580 5428 1828 5503 ἀδήλωςο
1889 5431 2068 5497 οὕτως

421 5526 692 5600 πυκτεύω,
750 5527 825 5590 ὡς
876 5525 978 5581 οὑκ
1051 5521 1181 5598 ἀέρα
1265 5519 1460 5598 δὲρων,
1543 5519 1670 5576 ἀλλ’
1760 5520 2066 5591 ὑπωπιάζω

501 5645 546 5682 ¹⁰
575 5648 698 5701 Act.
733 5647 849 5709 xxi,
883 5644 971 5696 20.
1007 5643 1048 5679 ¹¹
1083 5642 1253 5704 Rom,
1277 5656 1392 5704 τιν,
1426 5641 1447 5691 1
1487 5654 1613 5710 seq.

2252 4990 2582 5057 «1Χ,24-27,
2599 4989 2947 5045 Annescitis
2966 4989 3122 5060 quod
3141 4989 3238 5061 qui
3256 4990 3315 5044 in
3356 4990 3530 5045 statio
3558 4992 3826 5054 currunt,

2182 5103 2208 5130 ιι
2226 5095 2435 5134 omnes
2452 5079 2693 5149 quidem
2711 5079 3090 5143 currunt,sed
3104 5095 3256 5135 unus
3269 5079 3486 5151 accipit
3499 5074 3831 5151 praemium?

2181 5191 2208 5218 (ί
2223 5168 2317 5223 Sic
2337 5168 2557 5224 currite
2573 5174 2640 5223 ut
2663 5168 3486 5242 comprehendatis.Quisquis
3499 5175 3697 5224 autem
3712 5183 3832 5222 cer.

2179 5280 2205 5307 ι(
2234 5263 2316 5312 tat
2343 5257 2588 5312 omnino
2615 5263 2953 5328 temperans
2977 5265 3087 5314 est.
3113 5259 3202 5315 llli
3229 5259 3526 5330 siquidem
3541 5265 3609 5314 ut
3629 5272 3830 5312 corru-

2182 5369 2208 5396 κ
2223 5346 2492 5418 ptibilem
2508 5361 2786 5401 coronam
2803 5347 3234 5418 accipiant,nos
3248 5365 3382 5404 vero
3411 5345 3833 5417 incorruptibi-

2182 5459 2210 5486 ι(
2225 5437 2487 5509 lem.Ego
2502 5436 2702 5507 itaque
2716 5435 2801 5492 sic
2815 5453 3009 5504 curro,
3034 5443 3229 5494 utnon
3245 5439 3391 5497 501
3415 5439 3476 5494 in
3491 5437 3785 5492 incertum
3813 5445 3830 5486 :

2179 5545 2198 5574 σ
2218 5525 2306 5581 sic
2322 5525 2582 5599 pugilem
2593 5541 2852 5598 ago,non
2865 5526 3023 5583 velut
3039 5544 3238 5586 aerem
3250 5528 3470 5584 feriens
3490 5543 3503 5582 :
3521 5525 3626 5581 sed
3639 5520 3841 5593 subji-
