4158 6194
401 332 508 409 771

1517 337 1922 402 CECUMENII
1965 335 2278 398 TRIGCE
2319 339 2667 403 EPISCOPI

3675 345 3784 403 ’772

399 486 482 539 cio
497 457 693 552 corpus
708 493 886 534 meum
908 483 958 532 et
981 478 1040 530 in
1051 456 1366 531 servitutem
1383 475 1594 544 redigo,
1627 489 1697 528 ne
1718 488 1826 544 quo
1873 471 2025 526 modt

2157 493 2262 544 μου
2316 473 2381 528 τὸ
2437 477 2596 544 σῶμα
2651 477 2741 530 καὶ
2800 473 3168 554 δουλαγωγῶ,
3230 479 3306 552 μή
3400 497 3522 539 πως
3605 475 3795 538 ἄλλοις

399 577 516 643 ﬁat,
538 579 598 626 ut
621 587 740 624 cum
765 568 891 622 aliis
910 565 1327 637 praedicaverim
1355 567 1468 635 ipse
1507 566 1770 636 reprobus
1807 564 2042 633 efﬁciar.

473 663 788 729 Postquam
821 657 1080 712 ostendit
1110 664 1379 728 oportere
1414 655 1725 710 demittere
1757 671 1818 709 se
1850 653 1922 708 ad
1953 653 2047 708 in-

404 747 960 814 ﬁrmos,dicendo:
1019 769 1046 796 α
1103 747 1313 801 Factus
1371 762 1502 800 sum
1562 745 1729 816 quasi
1785 743 2041 807 Judmus,

402 837 568 909 quasi
603 837 730 892 sine
765 835 912 908 lege,
947 835 1115 906 quasi
1141 835 1438 896 inﬁrmus,
1467 857 1493 883 ι»
1533 839 1599 888 ut
1646 850 1746 888 eos
1777 831 1878 904 qui
1910 845 2042 884 vere

395 926 545 982 tales
577 937 747 980 erant
777 925 968 980 salvos
999 923 1254 980 facerem
1287 941 1299 978 :
1335 924 1614 993 deinceps
1673 921 1868 976 acrius
1905 936 2040 974 cum

397 1017 482 1072 eis
501 1016 756 1072 disserit.
785 1017 902 1071 Hoc
924 1023 1122 1070 autem
1154 1014 1488 1086 exemplum
1547 1013 1764 1084 posuit,
1791 1027 1910 1066 non
1941 1027 2040 1064 vo-

392 1105 526 1162 lens
557 1105 870 1160 ostendere
906 1122 966 1160 se
1000 1106 1191 1160 solum
1215 1121 1282 1160 ex
1314 1103 1593 1158 omnibus
1625 1101 1888 1156 futurum
1909 1099 2034 1154 sal-

387 1213 521 1251 vum
561 1195 804 1252 :absit:
841 1195 944 1250 sed
993 1191 1317 1249 ostendens
1375 1191 1533 1264 quod
1591 1191 1733 1246 satis
1789 1206 1910 1244 non
1961 1189 2038 1243 sit

387 1287 630 1343 credere
659 1291 913 1350 tantum,
949 1285 1102 1340 sicut
1131 1301 1240 1339 nec
1273 1285 1392 1338 illis
1423 1284 1565 1338 satis
1625 1289 1714 1336 est
1771 1295 2030 1346 currere,

387 1377 488 1431 sed
521 1381 756 1447 oportet
787 1375 1132 1447 diligentem
1161 1390 1229 1428 ac
1255 1373 1528 1427 sedulum
1561 1387 1713 1430 esse.
1737 1385 1926 1440 usque
1956 1367 2030 1424 ad

386 1467 614 1538 praemii
675 1466 793 1520 sive
851 1481 1084 1520 coronae
1143 1463 1604 1534 perceptionem.
1679 1463 2029 1530 Quanquam

388 1557 546 1611 enim
566 1553 958 1626 ﬁdei,inquit,
981 1553 1251 1608 notitiam
1297 1552 1546 1618 habetis,
1599 1551 1714 1606 nisi
1747 1566 1876 1605 eam
1907 1550 2028 1604 fra-

383 1649 540 1700 trum
560 1642 1368 1715 dilectionijunxeritis,nihil
1389 1639 1845 1714 proderitvobis.
1881 1639 2026 1694 Nam

379 1733 444 1788 in
468 1732 876 1806 superioribus
901 1749 1136 1804 quoque
1159 1732 1316 1788 hunc
1350 1747 1685 1787 sermonem
1720 1729 2022 1800 explicuit.

2153 560 2406 636 κηρὲξας,
2443 562 2604 626 αὐτὸς
2631 562 2896 638 ἀδέκιμος
2929 562 3198 639 γένωμαι.

2223 653 2374 708 Μετά
2401 652 2462 706 τὸ
2490 649 2657 722 δεῖξαι
2707 649 2824 709 δεῖν
2883 648 3325 729 συγιατοϐαίνειν
3383 659 3504 716 τοῖς
3561 654 3792 716 ἀσθενέσι

2151 736 2318 794 δι’ὦν
2352 741 2517 810 εἶπεν,
2555 767 2582 794 ‹‹
2611 743 2906 817 Ἐγενόμην
2952 745 3027 806 ὡς
3089 741 3374 812 Ἰουδαῖος,
3433 742 3511 804 ὠς
3569 741 3790 815 ἄνομος,

2149 825 2224 890 ὠς
2253 829 2498 900 ἀσθενὴς,
2533 855 2559 884 υ
2585 829 2678 886 ’ἶνα
2709 833 2838 894 τοὺς
2870 832 2922 887 ἐν
2953 833 3187 905 ἀληθείᾳ
3220 829 3378 894 ὄντας
3411 831 3587 894 οὕτως
3615 832 3790 901 σώσω,

2149 918 2343 975 λοιπὸν
2417 922 2865 1000 πληκτικώτερον
2945 926 3132 986 αὐτοῖς
3207 922 3539 1000 διαλέγεται.
3617 925 3691 980 Τὸ
3739 921 3792 978 δὲ

2144 1007 2490 1086 παράδειγμα
2519 1017 2688 1068 τοῦτο
2717 1015 2855 1082 εἷπε,
2889 1013 2950 1068 οὗ
2983 1010 3148 1084 δεῖξαι
3180 1013 3356 1070 θέλων
3414 1013 3498 1068 ὅτι
3555 1011 3614 1066 έιι
3659 1013 3791 1066 tiv-

2145 1119 2250 1154 των
2287 1101 2360 1161 είς
2411 1104 2736 1172 σωθήσεται,
2801 1100 3018 1178 ἃππγεί
3077 1101 3224 1158 ἀλλὰ
3291 1100 3496 1164 δεικνὺς
3551 1102 3634 1156 ὅτι
3691 1102 3785 1158 οὐκ

2141 1186 2294 1263 ἀρκεῖ
2323 1189 2602 1246 πιστεῦσαι
2639 1192 2819 1265 μένον.
2878 1191 3060 1268 ὣσπερ
3109 1189 3234 1248 οὖδὶ
3287 1191 3512 1253 ἐκείνοις
3559 1191 3622 1246 τὸ
3671 1187 3787 1267 δρα-

2146 1284 2282 1351 μεῖν,
2316 1279 2460 1335 ἀλλὰ
2498 1282 2612 1360 χρὴ
2641 1278 2960 1351 σπουδάζειν
3025 1283 3224 1358 μέχρις
3276 1283 3446 1338 αὐτοῦ
3497 1285 3599 1336 τοῦ
3659 1283 3788 1356 βρα-

2139 1363 2310 1438 ϐείου,
2387 1368 2554 1446 ’ἤγουν
2629 1377 2726 1428 τοῦ
2801 1373 3086 1447 στεφάνου.
3163 1371 3228 1429 Ei
3303 1372 3409 1447 γὰρ
3448 1375 3537 1426 καὶ
3589 1377 3784 1447 γνῶσιν

2138 1457 2312 1538 ἔχετε,
2395 1460 2550 1536 ιρησῖ,
2603 1469 2706 1530 τῆς
2761 1463 3017 1531 πίστεως,
3075 1461 3121 1517 εἰ
3183 1463 3260 1535 μὴ
3323 1463 3457 1534 μετὰ
3523 1467 3624 1530 τῆς
3679 1465 3782 1516 τῶν

2135 1546 2387 1626 ἀδελτρῶν
2420 1549 2629 1625 ἀγάπης
2661 1548 2838 1631 ἔχετε,
2895 1549 3048 1608 οὐδὲν
3099 1549 3542 1632 ὠφεληθήσεσθε.
3591 1553 3784 1605 Τοῦτον

2132 1637 2234 1714 γὰρ
2265 1637 2354 1693 καὶ
2389 1640 2496 1694 ἅνω
2525 1641 2618 1695 τὸν
2651 1637 2821 1718 λόγον
2856 1639 3168 1716 ἐγύμνασεν.
3231 1663 3260 1692 κ
3295 1638 3486 1702 Οὕτως
3544 1639 3784 1716 τρέχετε,

2130 1719 2222 1778 ’ίνα
2277 1721 2643 1796 καταλάϐητε.
2709 1752 2728 1778 ιι
2789 1727 2900 1782 Οὐκ
2956 1728 3058 1802 ἄρα
3135 1725 3538 1806 κατειληφότες
3623 1727 3775 1796 ἦσαν.

379 1845 408 1873 «
433 1822 526 1878 Sic
543 1825 761 1878 currite
783 1829 850 1878 ut
875 1821 1414 1894 comprehendatis.
1445 1846 1466 1874 ι
1505 1821 1708 1892 Itaque
1757 1817 2022 1874 nondum

2136 1833 2165 1865 (ι
2199 1817 2308 1911 Πᾶς
2339 1811 2394 1870 δέ
2427 1816 2454 1869 ὁ
2485 1814 2911 1892 ἀγωνιζόμενος.
2944 1841 2972 1870 ››
3005 1813 3253 1874 Διδάσκει
3287 1817 3376 1873 καὶ
3405 1817 3499 1872 τὸν
3559 1815 3782 1891 τρόπον,

378 1912 958 1984 comprehenderant
988 1936 1014 1962 ‹‹
1047 1911 1326 1982 Quisquis
1358 1917 1552 1966 autem
1587 1914 1792 1965 certat.
1829 1931 1856 1958 ››
1885 1907 2024 1979 ,Πο-

380 2007 476 2058 cet
505 2003 682 2057 etiam
713 2001 956 2058 modum
988 2019 1102 2072 quo
1161 2001 1351 2074 possit
1409 1999 1703 2072 quispiam
1755 2013 2023 2068 compre-

383 2093 663 2148 hendere.
727 2116 754 2142 ‹‹
815 2093 1068 2148 Omnino
1129 2099 1464 2164 temperans
1523 2095 1632 2145 est.
1722 2089 1840 2143 Hoc
1916 2093 2024 2157 est,

380 2182 510 2238 Non
542 2183 932 2254 aliquousque
965 2187 1255 2252 temperat
1310 2188 1368 2235 et
1424 2179 1819 2250 aliquousque
1878 2195 2020 2232 non.

379 2272 524 2326 Nam
557 2271 670 2326 hoc
699 2287 830 2326 vere
889 2275 1114 2326 certare
1177 2275 1284 2336 est,
1346 2275 1694 2324 cunctarum
1741 2268 2024 2322 virtutum

379 2375 434 2417 et
465 2368 896 2432 praeceptorum
929 2359 1338 2416 observantem
1372 2375 1522 2423 esse,
1561 2365 1618 2413 et
1647 2357 1718 2413 ab
1749 2357 2027 2412 omnibus

375 2451 550 2507 malis
582 2458 639 2506 et
668 2449 983 2506 contrariis
1015 2449 1311 2504 abstinere
1341 2465 1352 2502 :
1387 2448 1482 2503 hic
1514 2448 1677 2503 enim
1710 2462 1879 2501 verus
1939 2449 2027 2502 est

377 2541 559 2613 pugil.
597 2565 616 2588 -
657 2541 728 2596 Ut
758 2539 1206 2611 corruptibilem
1235 2553 1516 2593 coronam
1549 2536 1861 2607 accipiant.
1898 2559 1927 2586 ››
1947 2537 2026 2590 Ex

378 2629 819 2702 comparatione
851 2627 924 2683 ad
957 2629 1018 2682 id
1054 2627 1212 2694 quod
1244 2627 1446 2682 minus
1471 2633 1706 2680 estrem
1738 2631 1930 2697 auget.
1967 2625 2025 2679 Si

380 2721 439 2776 bi
471 2720 868 2792 inquit,quiin
891 2719 1081 2774 stadio
1097 2718 1600 2776 certant.omnino
1627 2723 2028 2787 temperantes

381 2817 622 2866 suntne
655 2809 1064 2864 fortitudinem
1113 2813 1519 2879 corrumpant,
1582 2805 2028 2877 corruptibilem

380 2905 619 2971 optante
635 2897 1243 2968 coronam,quomodo
1262 2914 1368 2952 nos
1383 2897 1482 2967 qui
1509 2895 2025 2966 incorruptibilem

379 2997 790 3063 exspectamus
819 3005 936 3044 non
973 2987 1158 3043 muilo
1191 2987 1378 3060 magis
1409 2985 1481 3041 al)
1505 2987 1781 3041 omnibus
1809 2985 2029 3040 nocivis

376 3079 830 3136 abstinebimus.
862 3103 884 3126 «
916 3080 1031 3152 Ego
1065 3079 1286 3150 itaque.
1323 3100 1349 3127 »ι
1386 3077 1656 3148 Seipsum
1713 3081 1921 3147 postea
1968 3075 2030 3129 in

377 3172 713 3242 exemplum
747 3169 988 3240 profert.
1024 3176 1082 3222 et
1109 3168 1366 3238 Optimus
1401 3167 1494 3221 hic
1526 3165 1776 3221 docendi
1817 3163 2026 3220 modus

378 3267 466 3312 est
491 3277 523 3313 a
554 3261 749 3330 seipse
783 3259 1054 3328 exempla
1094 3258 1356 3312 invenire
1409 3255 2021 3328 Egoilaquepruden-

377 3347 458 3401 tia
477 3347 624 3402 duce
648 3363 841 3408 curro,
865 3363 986 3400 non
1013 3347 1068 3398 in
1095 3347 1412 3408 incertum,
1451 3345 1558 3398 hoc
1611 3352 1718 3410 est,
1753 3361 1870 3400 non
1901 3345 2021 3398 fru-

381 3441 502 3487 stra
533 3441 590 3486 et
621 3434 680 3486 in
715 3449 950 3496 vanum,
985 3439 1041 3486 et
1071 3432 1142 3486 ad
1177 3433 1406 3486 nullum
1443 3447 1709 3501 scopum,
1747 3433 1898 3486 sicut
1924 3449 2022 3487 vos

378 3521 476 3594 qui
509 3521 570 3575 in
603 3537 818 3575 vanum
851 3521 1106 3574 curritis.
1142 3521 1279 3583 Qua:
1303 3519 1460 3574 enim
1485 3519 1648 3574 vobis
1699 3520 1922 3574 utilitas
1953 3537 2024 3574 ex

375 3625 442 3664 eo
471 3609 630 3680 quod
659 3615 942 3680 tanquam
974 3608 1400 3680 perfectionem
1435 3613 1799 3662 ostentantes
1831 3608 2020 3662 idolo-

375 3699 540 3771 thyta
567 3698 776 3767 edatis,
809 3714 943 3755 cum
1000 3698 1124 3753 brec
1185 3701 1397 3764 vestra,
1458 3695 1672 3767 inquit,
1737 3693 2019 3768 perfectio

374 3787 540 3845 fratri
573 3789 825 3845 noceat?
869 3791 942 3844 At
972 3805 1092 3844 non
1123 3803 1226 3860 ego
1259 3787 1360 3851 ita,
1395 3785 1496 3841 sed
1530 3785 1786 3858 exigenti
1809 3803 2020 3858 oppor-

375 3879 623 3934 tunitate
653 3879 831 3934 etiam
863 3878 980 3934 mei
1012 3877 1373 3933 demissione
1405 3893 1547 3931 usus
1580 3891 1731 3942 sum,
1784 3883 1849 3930 ut
1897 3893 2020 3932 om-

375 3969 518 4022 nino
551 3969 784 4038 aliquos
815 3969 1005 4023 salvos
1029 3967 1260 4023 faciam.
1291 3989 1317 4018 ‹‹
1353 3968 1477 4021 Non
1502 3965 1659 4021 velut
1683 3983 1878 4022 aerem
1931 3967 2019 4022 fe-

373 4060 554 4113 riens.
593 4081 618 4106 ››
653 4059 737 4113 lta
767 4060 1026 4132 pugilem
1061 4075 1165 4132 ago
1190 4064 1246 4114 et
1275 4063 1456 4124 certo,
1480 4072 1598 4112 non
1624 4061 1688 4114 ut
1705 4074 1902 4114 aerem
1935 4057 2018 4114 fe-

368 4146 522 4202 riam
558 4165 570 4202 :
605 4146 795 4204 habeo
830 4149 990 4204 enim
1022 4165 1198 4220 quem
1229 4148 1440 4204 feriam
1499 4147 1803 4204 diabolum
1840 4163 1854 4205 :
1913 4165 2015 4204 vos

369 4243 566 4292 autem
593 4235 705 4292 fide
731 4247 1054 4302 currentes,
1083 4244 1138 4294 et
1187 4237 1527 4294 verberibus
1578 4237 1807 4310 pugiles
1839 4253 2018 4311 agen-

367 4331 480 4394 tes,
513 4327 585 4382 ad
615 4327 766 4383 nihil
799 4343 1005 4384 eorum
1036 4345 1165 4399 quae
1196 4333 1516 4398 oporteret,
1549 4327 1808 4383 utimini.
1862 4327 2014 4384 508

373 4437 402 4466 ι(
435 4415 546 4470 Sed
579 4417 832 4488 subjicio
868 4435 1084 4490 corpus
1113 4433 1335 4472 meum.
1373 4439 1401 4466 »
1435 4418 1560 4472 Non
1593 4417 1892 4488 permitto,
1927 4417 2020 4472 in-

378 4505 523 4574 quit,
556 4507 744 4561 ventri
777 4513 879 4562 aut
907 4505 1140 4578 corpori
1175 4523 1305 4560 meo
1335 4505 1615 4566 habenas.
1641 4505 1744 4560 sed
1777 4523 2018 4564 coerceo

2089 3204 2106 3238 τ’
2136 3164 2453 3234 τοιγαροῦν,
2517 3164 2653 3235 μετά
2711 3163 2970 3240 γνώσεως
3047 3163 3252 3239 τρέχω,

2097 3245 2430 3316 ·τουτέστιν,
2502 3251 2604 3306 οὐκ
2661 3251 2778 3322 εῗκῆ
2852 3252 2942 3308 καὶ
3007 3253 3182 3326 μάτην
3251 3252 3340 3308 καὶ
3393 3252 3528 3327 πρὸς
3605 3247 3784 3307 οὐδένα

2135 1906 2253 1964 πῶς
2283 1901 2344 1958 ἃν
2384 1925 2468 1967 τις
2523 1901 2850 1963 καταλάϐοι.
2921 1908 3120 1974 Πάντα,
3163 1907 3319 1987 φησὶ,
3381 1905 3781 1984 ἐγκρατεύεται,

2131 1991 2404 2048 τουτέστιν
2467 1994 2595 2072 οὐχὶ
2647 1993 2807 2051 τοῦδε
2865 1996 2960 2071 μὲν
3017 1995 3316 2072 ἀντέχεται,
3368 1993 3529 2052 τοῦδε
3588 1991 3645 2050 δὲ
3699 1993 3782 2050 0’5-

2132 2086 2292 2137 τοῦτο
2325 2083 2450 2158 γᾶρ,
2491 2087 2553 2140 τὸ
2612 2081 2782 2149 ὅντως
2839 2084 3226 2162 ἀγωνίσασθαι,
3283 2087 3347 2140 τὸ
3401 2087 3621 2140 πάντων
3680 2089 3781 2138 τῶν

2133 2171 2340 2245 ἀρετῶν
2361 2172 2449 2228 καὶ
2501 2171 2735 2230 ἐντολῶν
2795 2173 2969 2255 φύλαξ
3025 2175 3287 2252 γενέσθαι,
3337 2175 3428 2231 καὶ
3485 2171 3783 2250 ἀπέχεσθαι

2132 2261 2348 2315 πάντων
2407 2261 2512 2316 τῶν
2567 2267 2824 2334 πονηρῶν
2882 2263 2972 2319 καὶ
3058 2263 3338 2322 ἐναντίων.
3425 2261 3606 2325 Οὗτος
3687 2260 3785 2338 γὰρ

2136 2347 2353 2422 ἀληθὴς
2382 2355 2710 2429 ἀγωνιστής.
2741 2379 2766 2408 ‹‹
2789 2357 2902 2412 *Ινα
2929 2355 3166 2434 φθαρτὸν
3189 2355 3446 2434 στέερανον
3469 2349 3732 2410 λάϐωσιν.
3757 2375 3784 2403 η

2137 2440 2228 2496 Ἐκ
2257 2449 2356 2511 τῆς
2389 2443 2466 2508 εἷς
2507 2445 2570 2500 τὸ
2628 2441 2852 2500 ἔλαττον
2911 2446 3239 2522 συγκρίσεως
3297 2442 3441 2514 αὔξει
3488 2441 3555 2498 τό
3613 2445 3782 2518 πρᾶγ-

2137 2550 2232 2602 μα.
2262 2531 2324 2586 hi
2359 2533 2408 2587 οἱ
2437 2533 2854 2610 ἀγωνιζόμενοι,
2888 2536 3074 2612 φησὶν,
3120 2535 3172 2590 ἐν
3225 2538 3304 2606 τῷ
3359 2532 3565 2607 σταδίῳ
3615 2531 3784 2587 πάντα

2137 2617 2574 2695 ἐγκρατεύονται,
2605 2620 2699 2677 ’ίνα
2733 2625 2810 2696 μή
2839 2624 2940 2694 τὴν
2999 2623 3160 2700 ίσχὺν
3217 2621 3487 2678 ἐκλύσωσι
3545 2623 3781 2698 φθαρτοῦ

2135 2706 2408 2786 ἐριέμενοι
2443 2712 2726 2789 στεφάνου,
2777 2717 2894 2775 πῶς
2951 2716 3118 2786 ἡμεῖς
3179 2713 3230 2768 οἳ
3287 2711 3562 2788 ἄφθαρτον
3618 2729 3783 2786 προσ·

2136 2793 2422 2864 δοκῶντες,
2455 2801 2558 2855 οὐκ
2591 2799 2654 2856 ἅν
2727 2799 2940 2874 μᾶλλον
2995 2801 3475 2878 ἐγκρατευσώμεοα
3535 2799 3599 2856 ἐκ
3653 2800 3781 2854 ποίν-

2133 2908 2242 2943 των
2273 2893 2382 2943 τῶν
2441 2888 2792 2965 βλαπτόντων
2823 2909 2837 2960 ;
2871 2917 2899 2944 ‹‹
2935 2893 3075 2967 Ἐγὼ
3105 2891 3309 2947 τοίνυν.
3342 2915 3370 2945 τι
3404 2891 3613 2947 Λοιπὸν
3653 2891 3778 2944 ἑαυ-

2136 2980 2226 3033 τὸν
2259 2978 2334 3041 είς
2368 2979 2529 3052 μέσον
2562 2981 2732 3060 φέρει·
2785 2982 2942 3047 οὗτος
3001 2981 3220 3059 ἄριστος
3275 2981 3481 3058 τρόπος
3536 2979 3784 3037 διδασκα-

2135 3067 2283 3138 λίας,
2361 3068 2409 3140 ἐξ
2486 3071 2678 3127 ἑαυτοῦ
2753 3073 2927 3146 εὑρεῖν
3003 3074 3069 3128 τὰ
3141 3069 3573 3148 παραδείγματα.
3649 3069 3780 3144 Ἐγὼ

3341 3161 3474 3238 οὐχὶ
3545 3160 3782 3233 ἀδήλως,

2133 3338 2360 3406 σκοπὸν,
2394 3340 2470 3404 ὡς
2531 3340 2711 3414 ὑμεῖς,
2765 3344 2958 3416 φησὶν,
3016 3343 3068 3397 οὶ
3121 3343 3296 3416 μάτην
3354 3343 3667 3418 τρέχοντες.
3721 3337 3784 3397 Τί

2127 3427 2229 3501 γὰρ
2267 3428 2420 3502 ὑμῖν.
2481 3431 2670 3508 φησὶν,
2734 3429 2933 3510 ὄφελος
2991 3431 3051 3487 ἐκ
3105 3437 3202 3488 τοῦ
3257 3430 3580 3500 τελειότητα
3634 3428 3784 3500 δῆθεν

2131 3513 2532 3584 ἐπιδείκνυσθαι
2593 3520 2646 3576 ἐν
2708 3526 2788 3594 τῷ
2846 3523 2916 3578 τὰ
2971 3519 3310 3586 εἰδωλόθυτα
3397 3521 3616 3591 ἐσθίειν,
3675 3521 3785 3590 ἦτίν

2131 3625 2226 3660 σου
2257 3607 2540 3681 τελειότης
2575 3608 2808 3686 βλάπτει
2853 3611 2947 3667 τὸν
2999 3609 3280 3692 ἀδελφὸνς
3333 3609 3489 3669 Ἀλλ’
3541 3611 3644 3666 οὐκ
3691 3608 3790 3683 ἐγὼ

2131 3695 2330 3769 οὕτως,
2389 3701 2571 3782 φησῗν,
2631 3698 2763 3757 ἀλλ’
2819 3700 2872 3756 ἐν
2956 3705 3132 3778 καιρῷ
3215 3702 3305 3757 καὶ
3391 3695 3778 3778 συγκαταϐάσει

2127 3785 2429 3864 κέχρημαι,
2459 3787 2554 3846 ’ίνα
2587 3791 2805 3854 πάντως
2835 3792 2988 3855 τινὰς
3047 3792 3232 3848 σώσω.
3295 3817 3322 3845 (ι
3354 3795 3447 3853 Ὠς
3503 3790 3607 3847 οὐκ
3663 3787 3784 3864 ἀέρα

2129 3877 2320 3955 δέρων.
2358 3903 2387 3933 ››
2420 3879 2609 3942 Οὕτως
2647 3881 2896 3937 πυκτεύω
2959 3881 3048 3938 καὶ
3105 3882 3477 3956 ἀγωνίζομαι»
3535 3881 3648 3956 οὐχ
3693 3877 3780 3934 ἵνα

2129 3967 2268 4042 δέρω
2316 3971 2447 4043 ἀέρα
2524 3971 2679 4045 Ἐχω
2737 3971 2836 4047 γὰρ
2894 3971 3017 4027 τίνα
3085 3967 3270 4047 δείρω,
3355 3971 3448 4026 τὸν
3501 3967 3781 4026 διάϐολον.

2123 4062 2304 4132 Ὑμεῖς
2363 4055 2421 4113 δὲ
2477 4063 2546 4132 τῇ
2604 4059 2778 4114 πίστει
2834 4062 3149 4136 τρέχοντες,
3208 4059 3298 4116 καὶ
3351 4063 3471 4122 τοῖς
3538 4058 3780 4137 πληγαῖς

2127 4147 2507 4212 πυκτεύοντες,
2541 4147 2618 4210 εἰς
2650 4145 2802 4204 οὐδέν
2845 4147 2964 4205 δέον
3031 4151 3328 4226 κέχρησθε.
3363 4173 3389 4204 α
3421 4147 3582 4208 Ἀλλ’
3633 4151 3783 4204 ὑπω-

2126 4238 2306 4306 πιάζω
2343 4258 2447 4313 μου
2476 4237 2538 4293 τὸ
2571 4241 2748 4312 σῶμα.
2787 4263 2816 4292 n
2843 4237 2956 4298 Οὐκ
2987 4237 3218 4320 ἀφίημι,
3267 4238 3423 4319 φησί,
3479 4241 3549 4314 τῇ
3593 4235 3780 4314 γαστρὶ

2126 4327 2328 4400 καὶτῷ
2386 4327 2600 4400 σώματι
2657 4329 2752 4392 τᾶς
2807 4329 2988 4399 ἡνίας,
3049 4327 3197 4385 ἀλλά
3253 4327 3596 4406 περισφίγγω
3659 4327 3780 4383 αὖτό

2125 4416 2214 4471 καὶ
2251 4415 2560 4472 ὑποτάσσω.
2593 4418 2768 4474 Τοῦτο
2824 4417 2926 4494 γὰρ
2985 4416 3128 4495 λέγει
3183 4417 3268 4487 τὸ,
3337 4418 3637 4488 ὑπωπιάζω
3695 4416 3777 4472 καὶ

2127 4501 2489 4580 δουλαγωγῶ·
2521 4505 2786 4576 τουτέστι,
2819 4506 3052 4580 Δαμάζω
3109 4507 3199 4562 καὶ
3253 4505 3328 4568 ὠς
3386 4503 3584 4563 δοῦλον
3637 4505 3770 4581 ἄγω.

377 4593 526 4648 illud
558 4603 616 4649 et
643 4597 933 4668 subjicio:
970 4613 1105 4652 nam
1141 4597 1251 4650 hoc
1279 4595 1390 4649 sibi
1437 4593 1563 4648 vult
1596 4611 1608 4647 :
1668 4596 1918 4663 Subjicio
1973 4603 2025 4650 et

2136 4591 2208 4650 Οὐ
2243 4593 2346 4669 γὰρ
2379 4587 2775 4665 συμϐάλλεται,
2825 4595 2978 4674 φησὶ,
3043 4595 3137 4668 μοὶ
3191 4595 3255 4650 τὸ
3305 4595 3533 4671 κηρῦξαι
3597 4595 3774 4668 μένον,

378 4685 436 4736 in
466 4689 777 4742 servitutem
808 4689 1018 4756 redigo,
1055 4687 1162 4741 hoc
1197 4691 1304 4740 est.
1339 4684 1514 4739 domo
1545 4701 1612 4739 ac
1665 4684 1724 4738 in
1783 4687 2022 4740 modum

381 4775 528 4826 servi
561 4776 788 4844 redigo.
829 4778 1028 4848 Neque
1062 4775 1220 4830 enim
1253 4773 1560 4846 prodesset
1582 4773 1772 4828 solum
1805 4775 2023 4845 prmdi-

381 4880 535 4932 care,
569 4867 682 4920 nisi
716 4869 892 4922 etiam
925 4887 1056 4939 qum
1088 4885 1121 4922 a
1155 4885 1247 4923 me
1291 4867 1418 4922 ﬁeri
1477 4874 1724 4938 possunt
1783 4874 2022 4938 prmsta-

378 4971 526 5010 rem.
565 4955 696 5010 Haec
727 4963 924 5011 autem
957 4957 1182 5018 dicens.
1215 4957 1412 5012 innuit
1445 4973 1544 5012 eos
1559 4957 1740 5011 ventri
1765 4955 2017 5021 deditos,

377 5041 658 5114 quodque
672 5059 790 5098 non
804 5045 945 5100 satis
959 5045 1044 5100 eis
1064 5046 1109 5100 si
1123 5046 1472 5102 [credidisse
1490 5044 1898 5112 tantum,sicut
1914 5063 2024 5103 nec

379 5131 490 5204 ipsi
521 5132 875 5204 prmdicasse
903 5149 915 5187 :
949 5133 1059 5189 nisi
1082 5142 1286 5207 etego.
1312 5136 1523 5207 inquit,
1556 5141 1614 5190 et
1655 5152 1754 5191 vos
1809 5153 2022 5208 corpus

381 5223 628 5294 ejusque
665 5223 1194 5294 concupiscientias
1213 5225 1274 5279 in
1293 5225 1634 5280 servitutem
1663 5225 1766 5280 red
1791 5241 2020 5298 gamus.

452 5311 668 5380 Χ,1-4.
705 5313 884 5370 Nolim
915 5321 1096 5368 autem
1151 5331 1242 5370 vos
1301 5316 1560 5384 ignorare
1613 5317 1818 5382 fratres
1875 5315 2024 5386 quod

369 5409 560 5472 patres
596 5405 776 5458 nostri
805 5419 987 5458 omnes
1015 5403 1116 5459 sub
1147 5403 1291 5458 nube
1315 5407 1581 5472 fuerunt:
1611 5410 1662 5458 et
1694 5420 1876 5460 omnes
1919 5421 2024 5475 per

375 5509 526 5550 mare
580 5494 922 5552 transierunt
951 5509 970 5548 :
1027 5500 1078 5549 et
1123 5509 1302 5550 omnes
1361 5494 1459 5550 sub
1507 5496 1690 5551 Mosen
1755 5495 2026 5566 baptizari

378 5589 504 5642 sunt
537 5586 598 5640 in
627 5585 769 5642 nube
797 5591 850 5643 et
879 5583 940 5641 in
969 5586 1116 5642 mari
1146 5601 1160 5642 :
1194 5591 1244 5642 et
1300 5599 1482 5640 omnes
1535 5583 1787 5639 eumdem
1843 5587 2023 5642 cibum

377 5673 690 5743 spiritalem
732 5675 1133 5734 comederunt:
1187 5681 1240 5732 et
1299 5689 1482 5729 omnes
1530 5671 1776 5728 eumdem
1827 5681 2023 5742 potum

2133 4679 2192 4735 ἄν
2231 4685 2307 4755 μή
2335 4683 2423 4737 καὶ
2453 4684 2520 4736 τὰ
2559 4684 2685 4757 παρ’
2742 4681 2980 4757 ἐμαιοτοῦ
3037 4685 3429 4759 παράσχωμαι.
3489 4689 3666 4740 Ταῦτα
3721 4681 3776 4738 δὶ

2135 4769 2331 4846 λέγων,
2389 4772 2680 4828 αἰνίττεται
2735 4771 2930 4836 αὐτοὺς
2985 4773 3074 4829 καὶ
3157 4775 3624 4849 γαστριμάργους,
3689 4771 3776 4830 καὶ

2133 4861 2212 4915 ὃτι
2249 4860 2362 4920 Οὐκ
2393 4863 2546 4935 ἀρκεῖ
2579 4863 2704 4936 ὑμῖν
2737 4863 2799 4917 τὸ
2837 4868 3117 4918 πιστεῦσαι
3176 4863 3364 4938 μόνον,
3419 4861 3602 4939 ὥσπερ
3653 4861 3774 4919 οὗδέ

2133 4949 2256 5022 ἐμοὶ
2287 4951 2350 5006 τὸ
2381 4951 2632 5026 κηρύξαι,
2665 4952 2752 5008 ἐὰν
2789 4954 2864 5026 μή
2897 4951 3003 5026 ἐγὼ
3031 4953 3120 5007 καὶ
3156 4953 3312 5026 ὑμεῖς
3365 4954 3454 5008 καὶ
3503 4955 3567 5010 τὸ
3617 4957 3774 5026 σῶμα

2130 5039 2219 5095 καὶ
2249 5040 2344 5104 τὰς
2375 5039 2666 5114 ἐπιθυμίας
2691 5041 2854 5099 αὐτοῦ
2885 5039 3223 5114 δουλώσητε.

2203 5318 2279 5375 Οὐ
2346 5318 2488 5374 θέλω
2548 5317 2604 5374 δὲ
2687 5321 2826 5390 ὑμᾶς
2912 5322 3149 5395 ἀγνοεῖν,
3237 5319 3491 5401 ἀδελφοὶ,
3575 5319 3660 5377 ὅτι
3725 5317 3776 5374 οἱ

2130 5405 2354 5481 πατέρες
2411 5411 2572 5480 ἡμῶν
2659 5409 2854 5473 πάντες
2929 5411 3034 5467 ὑπὸ
3118 5413 3222 5482 τήν
3302 5410 3540 5490 νεφέλην
3623 5409 3780 5482 ἦσαν,

2131 5498 2218 5554 καὶ
2303 5499 2496 5561 πάντες
2579 5495 2668 5554 διὰ
2744 5507 2845 5569 τῆς
2947 5499 3226 5572 θαλάσσης
3331 5499 3580 5571 διῆλθον,
3690 5493 3788 5556 καὶ

2131 5587 2326 5651 πάντες
2380 5587 2457 5651 είς
2512 5589 2602 5646 τὸν
2669 5593 2876 5660 Μωσῆν
2960 5585 3320 5648 ἐϐαπτίσαντο
3403 5587 3461 5648 ἐν
3539 5591 3610 5666 τῇ
3697 5605 3780 5646 νι-

2130 5675 2271 5755 φέλῃ
2327 5678 2418 5733 καὶ
2466 5676 2517 5732 ἂν
2569 5679 2638 5752 τῇ
2711 5677 2981 5756 θαλάσσῃ.
3054 5680 3153 5736 Καὶ
3237 5681 3430 5744 πάντες
3511 5679 3577 5738 τὸ
3651 5671 3778 5736 αὗτό

4083 105 4085 184 Ξ

4083 197 4085 228 i

4083 241 4085 256 Ι

4083 263 4085 282 t

4084 285 4085 304 ι

4083 571 4085 588 Ι

4083 645 4085 722 i

4083 743 4085 762 |
