4156 6200
339 338 455 420 ’173

1323 361 1738 425 COMMENT.
1788 361 1865 424 IN
1910 361 2155 424 EPIST.
2203 363 2225 424 Ι
2270 364 2381 425 AD
2427 366 2798 429 COBINTH.

3634 373 3748 433 774

339 496 541 572 βρῶμα
619 496 988 569 πνευματικὸν
1044 494 1264 571 ἔφαγον,
1346 494 1438 552 καὶ
1490 497 1686 562 πάντες
1743 499 1805 554 τὸ
1862 496 1994 555 αὐτὸ

2106 504 2417 575 spiritalem
2450 504 2722 562 biberunt.
2756 507 3026 564 Biberunt
3051 512 3194 565 enim
3225 509 3293 565 de
3321 514 3573 583 spiritali
3624 530 3747 586 qua

333 585 491 657 πόμα
544 586 907 657 πνευματικὸν
993 578 1167 644 ἔπιον.
1253 587 1474 644 Ἑπινον
1558 587 1664 663 γὰρ
1721 585 1781 643 ἐκ
1837 609 1999 644 πνευ-

338 680 578 747 part-1.7,;
636 673 1052 746 ἀκολουθούσης
1103 671 1323 751 πέτρας.
1383 677 1449 734 Ἡ
1507 673 1566 733 δὲ
1619 677 1788 754 πέτρα
1842 679 1909 748 ἦν
1968 679 1997 733 ὁ

332 762 592 840 Χριστὸς.

409 852 719 930 Καταλέγει
753 851 977 915 λοιπὸν,
1009 854 1193 910 πόσων
1239 854 1552 925 ἠξιώθησαν
1604 853 1861 911 Ἰουδαΐοι
1891 855 1996 910 ἀπὸ

340 945 476 998 Θεοῦ
509 938 753 1016 δωρεῶν,
798 941 887 996 καὶ
921 938 1158 997 δείκνυσι
1194 944 1327 1015 μετὰ
1353 943 1449 1005 τὰς
1510 940 1715 1018 δωρεὰς
1776 964 1997 1014 ταυτας,

340 1031 472 1093 τους
505 1029 752 1090 πολλοὺς
810 1031 887 1103 μὴ
946 1030 1238 1106 ἀρέσαντας
1293 1036 1429 1102 Θεῷ.
1490 1036 1670 1090 Ταῦτα
1726 1031 1783 1088 δὲ
1841 1054 1995 1111 φησι,

342 1122 568 1189 πείθων,
601 1120 685 1175 ὅτι
713 1122 917 1195 Ὥσπερ
950 1118 1184 1182 ἐκείνους
1231 1120 1329 1176 ούκ
1367 1116 1542 1193 ὤνησε
1600 1122 1663 1178 τὸ
1722 1122 1996 1178 τοσούτων

344 1207 651 1265 ἀπολαῦσαι
737 1205 957 1282 δωρεῶν
992 1253 1006 1277 ,
1067 1209 1256 1280 ἐπειδὴ
1336 1210 1403 1265 τὰ
1457 1212 1582 1285 παρ’
1647 1212 1860 1274 ἑαυτοῖς
1917 1211 1996 1286 μὴ

344 1295 601 1374 ἔσχοντο,
635 1297 809 1358 οὕτως
858 1294 983 1352 οὐδὲ
1045 1298 1185 1371 ὑμᾶς
1244 1296 1523 1377 ὠιρελήσει
1582 1302 1615 1369 ἡ
1682 1299 1863 1363 πίστις
1906 1299 1997 1354 καὶ

341 1388 407 1443 τὸ
464 1387 784 1463 μυστηρίων
840 1386 1153 1444 ἀπολαῦσαι
1208 1394 1617 1463 πνευματικῶν,
1671 1389 1722 1444 εἴ
1773 1392 1850 1462 μὴ
1906 1389 1996 1445 καὶ

337 1476 523 1548 ἀξίους
568 1477 791 1541 ἑαυτοὺς
846 1479 1171 1554 παράσχητε
1224 1484 1326 1548 τῆς
1389 1478 1487 1533 τοῦ
1552 1483 1687 1534 Θεοῦ
1746 1480 1994 1554 χάριτος.

342 1591 371 1621 ι(
394 1569 520 1626 Ὀτι
552 1569 604 1622 οἱ
634 1568 859 1642 πατέρες
896 1569 1059 1642 ἡμῶν
1118 1572 1335 1631 παντες.
1373 1591 1403 1620 n
1465 1570 1550 1625 Ἐν
1594 1568 1832 1639 τούτοις,
1891 1569 1997 1624 ἀπὸ

335 1667 438 1730 τῆς
490 1660 837 1738 παραθέσεως
921 1665 1027 1717 τῶν
1112 1659 1391 1732 παλαιῶν,
1467 1659 1750 1717 παιδεῦσαι
1800 1660 1999 1724 αὐτοὺς

342 1749 601 1827 βούλεται
628 1750 696 1806 τὰ
725 1752 1102 1828 προσήκοντα,
1155 1749 1364 1815 δεικνὺς
1418 1750 1696 1813 κάκείνους
1754 1751 1995 1826 καθάπερ

336 1834 391 1894 ἔν
454 1860 559 1894 τινι
622 1839 781 1912 τύπῳ
838 1844 945 1896 τῶν
1002 1836 1135 1895 ἴσων
1192 1836 1511 1913 ἀξιωθέντας
1546 1882 1562 1900 .

338 1927 704 2002 καταλλήλου
729 1932 1062 2004 φαινομένου
1091 1935 1189 1987 τοῖ’)
1218 1928 1683 2007 παραδείγματος,
1712 1934 1990 2007 εὑρίσκετο

344 2016 570 2082 δικαίως
620 2018 807 2082 αύτοῖς
836 2024 1109 2096 παραινῶν
1144 2021 1221 2094 μή
1289 2022 1356 2077 τὰ
1412 2021 1580 2094 ὃμοια
1636 2020 1991 2096 πλημμελεῖν

341 2108 436 2163 ’ἱνα
468 2111 545 2181 μὴ
586 2110 652 2165 τα
706 2109 875 2183 ὅμοια
931 2108 1246 2166 πείσωνται.
1307 2110 1383 2168 Τὸ
1443 2111 1537 2184 μὲν
1598 2109 1689 2167 οὖν
1759 2112 1863 2167 ὑπὸ
1892 2113 1989 2181 τήν

346 2197 577 2275 νεφέλην
639 2196 838 2261 αὐτοὺς
922 2199 1215 2276 γενέσθαι,
1302 2196 1544 2269 δήλωσις
1620 2200 1685 2270 ἦν
1739 2206 1840 2270 τῆς
1896 2204 1993 2255 τοῦ

350 2288 661 2359 Πνεύματος
720 2287 974 2367 χάριτος.
1064 2287 1335 2351 Ἐκείνους
1418 2308 1478 2343 τε
1533 2289 1638 2365 γὰρ
1697 2290 1732 2359 ἡ
1790 2288 1991 2366 νεφέλη

350 2376 664 2446 σκήζουσα,
693 2384 796 2446 τῆς
847 2381 952 2432 τῶν
1007 2375 1324 2453 Αἰγυπτίων
1380 2372 1597 2453 βλάϐης
1652 2377 1994 2449 ἀπήλλαττε,

348 2466 437 2521 καὶ
465 2468 613 2539 ἡμᾶς
643 2468 678 2536 ἡ
710 2467 874 2542 χάρις
901 2470 999 2522 τοῦ
1038 2466 1196 2544 ἁγίου
1256 2467 1589 2541 Πνεύματος,
1648 2474 1747 2538 τῆς
1797 2465 1996 2542 δαιμο-

348 2562 506 2624 νικῆς
532 2552 730 2630 ἐξαίρει
757 2556 971 2617 κακίας.
1028 2558 1103 2612 Τὸ
1166 2552 1222 2611 δὲ
1270 2553 1360 2611 διὰ
1412 2563 1513 2625 τῆς
1572 2554 1849 2627 θαλάσσης
1901 2555 1994 2612 αὖ·

345 2644 473 2706 τοὺς
530 2643 789 2714 διελθεῖν,
848 2640 995 2701 ἔοικε
1070 2646 1207 2701 κατὰ
1288 2650 1451 2703 τοῦτο
1508 2652 1626 2709 τοῖς
1678 2647 1993 2721 ἡμετέροις.

344 2738 519 2814 Ὀπερ
583 2739 688 2815 γαρ
742 2738 965 2801 ἐκείνοις
1016 2741 1052 2810 ἡ
1108 2736 1198 2793 διὰ
1252 2742 1351 2809 τῆς
1419 2740 1695 2813 θαλάσσης
1752 2744 1996 2817 παρέσχε

346 2821 616 2897 διάϐασις,
674 2832 782 2883 τῶν
865 2829 960 2901 μὶν
1060 2827 1344 2901 πολεμίων
1443 2829 1641 2892 αὐτοὺς
1717 2831 1997 2892 παντελῶς

342 2913 728 2988 ἀπαλλάξασα,
764 2911 986 2993 βεϐαίαν
1018 2913 1076 2972 δὲ
1128 2922 1224 2972 τοῦ
1272 2916 1474 2973 λοιποῦ
1531 2921 1630 2987 τήν
1686 2917 1995 2993 ἐλευθερίαν

347 3002 743 3080 δωρησαμένη,
816 3011 978 3061 τοῦτο
1035 3008 1171 3079 ἡμῖν
1260 3008 1395 3080 πρὸς
1470 3007 1597 3069 τοὺς
1694 3010 1997 3082 ἡμετέρους

348 3093 583 3169 ἐχθροὺς
611 3095 739 3157 τοὺς
773 3092 1059 3167 δαίμονας,
1110 3096 1173 3150 τὸ
1234 3095 1514 3171 βάπτισμα
1569 3094 1774 3170 γέγονε.
1808 3097 1887 3153 Τὸ
1919 3094 1996 3166 δὲ,

352 3214 381 3235 κς
414 3183 507 3246 Εἷς
536 3184 628 3239 τὸν
661 3191 863 3253 Μωσῆν
902 3178 1255 3239 ἐϐαπτίσαντο
1299 3182 1350 3239 έν
1378 3187 1448 3257 τῇ
1480 3184 1678 3262 νεφέλῃ
1726 3186 1815 3239 καὶ
1845 3185 1897 3240 ἐν
1928 3188 1997 3257 τῇ

349 3271 617 3348 θαλάσσῃ.
679 3297 709 3325 ››
793 3272 1044 3345 σημαίνει
1100 3272 1182 3328 ὅτι
1238 3273 1728 3348 καθάπερ’έκεῖνοι
1785 3272 1993 3330 τούτων

345 3360 602 3439 τυχόντες
645 3361 949 3442 ὑπέσχοντο
1003 3368 1122 3426 τοῖς
1190 3365 1505 3427 Μωσαῖκοῖς
1565 3363 1759 3436 νόμοις
1815 3365 1994 3439 βιοῦν,

348 3451 497 3508 οὕτω
527 3466 614 3507 και
646 3454 809 3527 ἡμεῖς
861 3453 912 3508 ἐν
962 3457 1041 3525 τῷ
1076 3452 1409 3529 βαπτίσματι
1466 3454 1528 3508 τὸ
1583 3461 1683 3521 τῆς
1723 3453 1994 3517 υἱοθεσίας

345 3542 708 3615 κομιζόμενοι
764 3545 999 3615 πνεύμα,
1060 3544 1330 3612 συνθήκας
1388 3541 1476 3597 καὶ
1527 3540 1831 3617 ὁμολογίας
1852 3542 1994 3599 τιθέ-

350 3635 486 3706 μεθα
513 3638 612 3687 τοῦ
638 3632 774 3687 κατᾶ
810 3632 904 3694 τὰς
936 3629 1161 3694 ἐντολὰς
1214 3631 1453 3707 Χριστοῦ
1514 3637 1633 3706 ζῇν,
1664 3629 1847 3709 ὥσπερ
1902 3633 1993 3689 καὶ

346 3723 398 3778 οἳ
430 3719 686 3781 Ἰουδαῖοι
720 3723 877 3778 εἶπον
910 3722 1047 3797 πρὸς
1081 3725 1309 3792 Μωσῆν,
1342 3722 1424 3777 ὅτι
1458 3720 1531 3779 Εἴ
1552 3743 1605 3777 τι
1635 3723 1770 3795 ἡμῖν
1805 3723 1834 3778 ὁ
1864 3724 1993 3785 Θεὸς

346 3812 491 3888 εἴπῃ,
523 3814 849 3885 ποιήσομεν,
897 3812 1029 3885 μετὰ
1082 3818 1180 3881 τήν
1243 3806 1489 3867 διάϐασιν
1554 3818 1656 3882 τῆς
1712 3814 1991 3889 Ἐρυθρᾶς.

345 3927 375 3957 ‹‹
406 3903 537 3958 Ὑπό
582 3902 683 3971 τήν
709 3897 961 3971 νεφέλην.
999 3925 1025 3953 n
1066 3903 1223 3979 Λέγει
1254 3900 1357 3977 γὰρ
1414 3903 1443 3957 ὁ
1501 3899 1686 3957 Δαυΐδ’
1747 3926 1775 3955 ‹‹
1807 3903 1995 3959 Διεπέ-

345 4013 473 4048 τασε
500 3993 729 4071 νεφέλην
765 3991 840 4053 είς
872 3990 1072 4062 σκέπην
1121 3991 1327 4061 αὐτοῖς,
1382 3992 1470 4048 καὶ
1529 3996 1638 4068 πῦρ
1694 3996 1791 4049 τοῦ
1820 3992 1995 4073 φωτί-

346 4104 432 4138 σαι
462 4083 657 4144 αὐτοὺς
686 4084 785 4153 τήν
807 4080 995 4138 νύκτα.
1031 4105 1059 4134 »
1095 4114 1160 4124 —-
1192 4106 1218 4135 ‹‹
1252 4082 1346 4143 Εἷς
1374 4083 1467 4137 τὸν
1495 4089 1737 4153 Μωυσῆν
1771 4079 1993 4140 ἐϐαπτί-

348 4194 528 4231 σαντο.
561 4199 584 4229 ι
676 4173 937 4231 Τουτέστι
1023 4175 1103 4243 τῷ
1187 4176 1375 4226 Μωσεῖ
1466 4170 1828 4243 ἰκοινώνησαν
1914 4178 1993 4247 τῷ

351 4264 666 4340 βαπτισμῷ,
700 4257 921 4330 Ἐπειδή
949 4260 1052 4336 γαρ
1089 4260 1153 4316 τὸ
1208 4260 1491 4335 βάπτισμα
1536 4269 1810 4318 κοινωνεῖν
1845 4265 1994 4336 ἡμᾶς

346 4357 495 4407 ποιεῖ
532 4355 611 4424 τῷ
668 4350 883 4416 θανάτῳ
937 4352 1035 4404 τοῦ
1092 4349 1349 4419 Χριστοῦ,
1404 4350 1467 4404 τὸ
1518 4353 1624 4404 τῶν
1680 4350 1859 4406 αύτῶν
1917 4352 1990 4406 ὧν

345 4441 498 4498 εἶπον
582 4442 872 4514 θαυμάτων
976 4444 1310 4508 κοινωνῆσαι
1392 4437 1708 4507 Ἰουδαίους,
1798 4439 1992 4514 βαπτι-

346 4552 459 4605 σμα
494 4527 653 4587 καλεῖ
735 4528 1136 4606 Βούλεταιγᾶρ
1166 4528 1259 4583 τὸν
1316 4528 1486 4583 τύπον
1549 4526 1711 4603 ἐγγὺς
1768 4529 1992 4607 ἀγαγεῖν

2100 609 2187 650 eos
2215 596 2591 653 comitabatur
2611 604 2818 668 petra;
2840 606 3006 669 petra
3035 606 3215 656 autem
3246 609 3365 657 erat
3397 602 3664 660 Christus.

2173 869 2496 926 Enumerat
2518 870 2798 945 deinceps
2814 874 2971 946 quod
2987 874 3161 931 donis
3176 877 3363 934 Judazi
3376 895 3410 933 a
3430 879 3542 934 Deo
3556 879 3749 934 aﬂecti

2103 956 2271 1013 sint:
2305 964 2362 1014 et
2393 961 2656 1015 ostendit
2709 964 2929 1019 multos
2969 981 3173 1020 eorum
3229 967 3407 1022 etiam
3450 976 3581 1040 post
3624 968 3751 1023 haec

2103 1046 2259 1102 dona
2288 1065 2408 1104 non
2442 1049 2734 1121 placuisse
2767 1058 2901 1108 Deo.
2938 1054 3071 1109 Haec
3100 1061 3299 1110 autem
3341 1056 3487 1111 dicit
3528 1056 3749 1111 docens

2103 1136 2453 1207 quod,Sicut
2481 1139 2601 1195 illis
2632 1157 2752 1196 non
2785 1142 3007 1212 profuit
3030 1144 3266 1198 totillos
3295 1145 3476 1199 fuisse
3521 1145 3750 1216 gavisos

2103 1225 2589 1298 donis,quoniam
2614 1246 2682 1286 ea
2705 1248 2835 1302 quo:
2860 1231 2920 1285 in
2944 1249 3006 1287 se
3029 1239 3198 1287 erant
3220 1249 3339 1288 non
3364 1234 3747 1305 praestabant,

2102 1315 2185 1370 ita
2215 1332 2408 1388 neque
2438 1317 2602 1373 vobis
2633 1320 2896 1392 proderit
2928 1321 3093 1381 ﬁdes.
3124 1329 3227 1377 aut
3256 1323 3624 1394 spiritalibus
3646 1321 3750 1378 do-

2102 1410 2255 1459 tatos
2287 1422 2416 1461 esse
2447 1409 2769 1478 mysteriis,
2802 1409 2917 1465 nisi
2951 1426 3048 1465 vos
3080 1410 3279 1467 divina
3308 1413 3496 1485 gratia
3540 1412 3750 1484 dignos

2104 1493 2493 1562 praebueritis.
2531 1518 2559 1546 ‹‹
2617 1496 2784 1562 Quod
2816 1509 3014 1570 patres
3072 1501 3259 1554 nostri
3294 1516 3522 1556 omnes.
3561 1523 3588 1550 ››
3641 1502 3754 1555 Per

2101 1581 2229 1638 hmo
2259 1599 2294 1638 a
2322 1590 2586 1640 veterum
2616 1588 3060 1659 comparatione
3086 1589 3209 1644 vult
3239 1605 3342 1644 eos
3370 1590 3669 1646 instruere
3689 1588 3751 1644 in

2100 1670 2196 1726 his
2226 1688 2357 1744 quae
2390 1675 2774 1743 conveniunt,
2808 1677 3131 1734 ostendens
3159 1678 3297 1735 illos
3336 1695 3574 1751 quoque
3616 1683 3752 1733 tan-

2102 1777 2281 1833 quam
2317 1762 2377 1818 in
2412 1768 2549 1836 typo
2572 1764 2830 1836 quodam
2853 1766 3107 1838 aequalia
3127 1768 3447 1840 accepisse.
3484 1767 3568 1823 lta
3589 1767 3750 1822 enim

1635 1841 1826 1941 Οῧτξυς
1886 1841 1987 1919 γὰρ
2021 1852 2480 1941 Bconvenienti
2534 1854 2805 1927 exemplo
2859 1857 3183 1928 proposito,
3244 1855 3582 1912 inveniebat
3636 1870 3750 1927 quo

2104 1948 2274 2014 pacto
2307 1943 2516 1999 merito
2566 1945 2725 2016 ipsos
2772 1944 3188 2001 adhortaretur
3217 1961 3291 2001 ne
3342 1946 3405 2000 in
3455 1944 3753 2000 similibus

2103 2031 2542 2105 delinquerent.
2574 2040 2641 2089 ut
2681 2051 2801 2089 non
2849 2034 3069 2091 similia
3098 2051 3335 2107 quoque
3383 2039 3748 2106 paterentur.

2103 2122 2215 2176 Eos
2246 2122 2445 2194 itaque
2473 2122 2582 2179 sub
2615 2123 2771 2181 nube
2802 2124 3005 2189 fuisse,
3031 2125 3431 2181 manifestatio
3464 2129 3593 2181 erat
3618 2140 3753 2196 gra-

2105 2210 2201 2266 tias
2233 2212 2497 2283 spiritus.
2533 2212 2837 2285 Siquidem
2868 2213 3057 2270 nubes
3089 2212 3220 2269 illos
3252 2212 3617 2269 obumbrans
3676 2211 3747 2268 ab

2103 2300 2506 2373 Egyptiorum
2537 2308 2897 2358 nocumento
2929 2302 3239 2366 liberabat,
3269 2308 3323 2358 et
3355 2319 3464 2358 nos
3495 2301 3750 2374 Spiritus

2106 2389 2297 2445 sancti
2339 2392 2529 2463 gratia
2577 2406 2612 2447 a
2658 2390 3025 2448 daamoniaca
3070 2390 3285 2447 liberat
3332 2391 3580 2446 malitia.
3641 2391 3752 2445 Per

2103 2494 2267 2534 mare
2299 2495 2433 2535 vero
2478 2480 2639 2551 ipsos
2670 2481 3001 2547 transiisse,
3062 2482 3284 2537 nostris
3315 2480 3491 2537 rebus
3548 2481 3612 2536 in
3642 2480 3753 2536 hoc

2105 2568 2377 2641 congruit
2410 2586 2424 2623 :
2457 2586 2596 2625 nam
2628 2570 2786 2641 quod
2817 2570 2938 2625 illis
2969 2571 3224 2642 prznbuit
3251 2586 3357 2642 per
3384 2586 3543 2627 mare
3592 2576 3755 2626 tran-

2106 2658 2356 2715 situs.ab
2389 2659 2647 2715 inimicis
2674 2661 2919 2717 omnino
2951 2661 3302 2717 liberanset
3324 2660 3561 2717 ﬁrmam
3585 2659 3752 2716 dein-

2106 2764 2245 2819 ceps
2273 2747 2518 2804 tradens
2551 2749 2908 2805 libertatem.
2969 2751 3088 2805 Hoc
3119 2748 3290 2805 nobis
3348 2767 3487 2824 erga
3517 2756 3753 2804 nostros

2106 2838 2381 2893 inimicos
2412 2854 2627 2911 nempe
2670 2837 2995 2904 dwmones,
3030 2840 3249 2894 factum
3306 2844 3396 2894 est
3436 2837 3750 2909 baptisma.

2108 2925 2260 2984 509
2288 2926 2453 2993 Quod
2510 2934 2709 2982 autem
2764 2927 2870 2982 sub
2906 2931 3107 2982 Mosen
3156 2927 3434 2998 baptizati
3494 2932 3634 2981 sunt
3690 2926 3752 2981 in

2107 3016 2265 3071 nube
2299 3022 2358 3071 et
2408 3016 2471 3070 in
2530 3017 2699 3075 mari.
2734 3015 3026 3088 signiﬁcat
3082 3014 3241 3088 quod
3272 3016 3426 3071 sicut
3480 3015 3569 3070 illi
3631 3014 3758 3070 bwc

2108 3105 2385 3169 assecuti,
2421 3104 2669 3176 polliciti
2714 3111 2853 3160 sunt
2884 3121 2946 3159 se
2977 3104 3245 3160 Mosaicis
3277 3104 3503 3177 legibus
3535 3105 3760 3177 paritu-

2107 3210 2244 3248 ros:
2279 3194 2362 3249 ita
2391 3200 2450 3248 et
2478 3210 2588 3248 nos
2622 3194 2682 3248 in
2715 3194 3343 3266 baptismate,spiritus
3374 3193 3757 3265 adoptionem

2107 3282 2489 3355 accipientes.
2541 3290 2712 3357 pacta
2744 3291 2802 3338 et
2857 3300 3166 3339 assensum
3202 3284 3536 3355 praebemus
3584 3284 3758 3354 juxta

2106 3370 2320 3425 Christi
2377 3378 2672 3443 praecepta
2723 3387 2834 3426 nos
2889 3371 3193 3426 victuros:
3254 3370 3407 3425 sicut
3466 3377 3525 3427 et
3570 3368 3758 3426 Judaei

2107 3467 2241 3533 post
2274 3462 2590 3518 transitum
2623 3461 2806 3517 maris
2838 3461 3022 3518 Rubri
3056 3461 3338 3517 dixerunt
3399 3460 3473 3516 ad
3528 3456 3755 3516 Mosen.

2109 3573 2135 3602 ‹‹
2169 3551 2225 3606 Si
2257 3551 2399 3623 quid
2432 3550 2648 3606 dixerit
2678 3550 2850 3607 nobis
2881 3551 3058 3619 Deus,
3089 3550 3379 3607 faciemus
3410 3556 3546 3621 post
3600 3557 3757 3605 tran-

2107 3639 2288 3697 situm
2346 3640 2527 3696 maris
2576 3639 2757 3695 Rubri
2791 3641 2854 3693 ¹².
2923 3662 3047 3690 ›>-
3083 3663 3103 3689 ι
3167 3639 3284 3695 Sub
3344 3638 3522 3695 nube.
3574 3661 3603 3690 ι»
3666 3638 3761 3694 Ait

2107 3729 2267 3785 enim
2301 3729 2522 3785 David:
2561 3753 2581 3778 ι
2620 3728 2911 3802 Expandit
2960 3728 3181 3784 nubem
3214 3729 3278 3782 in
3330 3727 3759 3798 protectionem

2106 3819 2211 3884 eis,
2238 3823 2297 3874 et
2322 3819 2516 3892 ignem
2549 3824 2617 3875 ut
2648 3819 3016 3874 illuminaret
3041 3833 3142 3873 eos
3166 3822 3339 3871 nocte
3367 3813 3467 3867 ‘3.»
3492 3845 3559 3855 --
3584 3836 3613 3864 ‹‹
3643 3813 3759 3871 Sub

2105 3908 2308 3964 Mosen
2339 3908 2620 3980 baptizati
2664 3913 2823 3974 sunt,
2860 3928 2888 3955 ››
2916 3903 2992 3966 εἷς
3029 3904 3121 3959 τὸν
3171 3905 3428 3971 Μωϋσῆν·
3484 3902 3597 3959 hoc
3647 3908 3757 3973 est,

2106 3998 2267 4069 quod
2297 3997 2444 4053 Mosi
2505 3997 3105 4053 communicaverunt
3135 3993 3198 4049 in
3254 3992 3573 4064 baptismo.
3606 3992 3761 4058 Quo-

2103 4087 2268 4143 niam
2300 4087 2461 4143 enim
2491 4086 2788 4159 baptisma
2809 4084 3164 4157 participare
3190 4100 3300 4139 nos
3320 4082 3462 4139 facit
3481 4083 3542 4138 in
3568 4088 3757 4141 morte

2103 4178 2340 4244 Christi,
2372 4177 2671 4248 baptisma
2719 4174 2864 4230 dicit
2922 4173 3079 4245 quod
3110 4173 3295 4229 Judmi
3353 4173 3568 4229 horum
3627 4186 3760 4242 quas

2106 4266 2367 4321 diximus
2399 4264 2827 4321 miraculorum
2886 4262 3207 4335 participes
3237 4262 3376 4318 facti
3435 4260 3572 4317 sint.
3626 4258 3766 4315 Vult

2107 4369 2366 4425 namque
2390 4359 2594 4426 typum
2622 4350 2853 4407 veritati
2872 4350 3211 4423 proximum
3232 4348 3510 4405 reddere:
3537 4346 3759 4403 idcirco

2106 4442 2283 4498 etiam
2317 4440 2524 4497 eodem
2548 4439 2724 4496 verbo
2755 4457 2899 4497 usus
2926 4445 3037 4507 est,
3082 4438 3402 4495 transitum
3431 4454 3540 4510 per
3596 4447 3759 4491 mare

2104 4532 2415 4605 appellans
2445 4531 2764 4604 baptisma.
2800 4529 3121 4603 Baptizavit
3150 4534 3209 4584 et
3238 4534 3375 4584 ante
3407 4528 3517 4583 hoc
3572 4530 3758 4580 Moses

340 4628 444 4690 τῆς
486 4618 767 4691 ἀληθείας.
803 4618 897 4673 Διὸ
943 4619 1034 4673 καὶ
1091 4621 1171 4691 τῷ
1229 4616 1378 4687 αύτῷ
1431 4616 1638 4691 ῥήματι
1696 4615 1992 4693 ἐχρήσατο,

2106 4623 2169 4678 in
2200 4622 2358 4678 nube
2388 4629 2447 4679 et
2503 4621 2653 4678 mari
2686 4638 2699 4676 :
2735 4627 2912 4693 typus
2970 4618 3129 4674 enim
3164 4623 3309 4675 erat.
3344 4616 3518 4672 sicuti
3577 4613 3759 4669 Paulo

340 4712 441 4779 τήν
472 4710 761 4764 κοινωνίαν
793 4714 892 4776 τῆς
935 4705 987 4762 ἐν
1042 4709 1111 4778 τῇ
1167 4705 1409 4780 θαλάσσῃ
1472 4702 1657 4760 διόδου
1716 4706 1998 4782 βάπτισμα

342 4799 678 4874 προσειπών.
812 4797 1217 4871 [l‘PHl‘OPlOl‘
1247 4796 1383 4852 ΤΟΥ
1405 4796 1537 4853 9Εο
1558 4798 1812 4870 ιΟΓΟι’.]
1846 4792 2003 4854 Ἐϐί.

341 4910 497 4944 πτισε
521 4892 653 4945 Μωυ
668 4894 758 4957 σῆς
788 4888 880 4942 καὶ
913 4887 1019 4960 πρὸ
1047 4884 1244 4941 τούτου
1276 4884 1329 4940 ἐν
1356 4882 1557 4959 νεφέλῃ
1606 4887 1698 4941 κιί
1729 4885 1996 4965 θαλάσσῃ.

339 4977 517 5039 Τύπος
551 4976 609 5032 δὲ
650 4979 735 5047 ἦν,
788 4976 863 5038 ὡς
918 4975 1009 5029 καὶ
1068 4972 1268 5048 υαόλῳ
1327 4972 1568 5043 δοκεῖ,ἠ
1600 4973 1840 5031 θάλασσα
1898 4985 1998 5034 τού

342 5065 560 5135 ὓδατος,
592 5069 626 5136 ἠ
660 5065 858 5140 νεφέλη
890 5068 987 5120 τού
1044 5065 1380 5136 υιιεεματος,
1408 5063 1471 5118 τὸ
1530 5064 1703 5136 μάννα
1765 5070 1863 5121 τοῦ
1894 5071 1995 5134 τῆς

343 5161 488 5227 ζωῆς
520 5155 707 5233 ἄρτου,
746 5158 810 5211 τὸ
850 5155 1004 5227 πόμα
1046 5159 1144 5209 τού
1197 5154 1347 5209 θείου
1375 5153 1648 5227 πύματος.
1682 5190 1750 5199 -
1782 5158 1991 5232 [ΦΣΒ]

336 5246 431 5308 Et:
487 5244 710 5314 Easivov,
795 5244 981 5325 φησῖν,
1038 5244 1343 5324 ἀφορῶντες
1426 5246 1516 5299 καὶ
1601 5245 1991 5321 θαριέήσαντες,

334 5332 550 5411 ἂρῆκαν
603 5333 825 5395 ἑαυτοὺς
900 5336 980 5403 τῷ
1027 5331 1305 5403 θαλασσίῳ
1371 5331 1569 5406 ῥείθρῳ
1613 5333 1987 5409 βιπτίζεσθαι.

333 5423 472 5480 Εἶτα
526 5424 617 5480 καὶ
675 5424 778 5479 ὑπὸ
832 5428 933 5491 τῆς
989 5419 1221 5501 νεφέλης
1277 5420 1544 5485 ὡσαύτως
1608 5420 1802 5497 ἐκείνῳ
1858 5446 1987 5483 κατ-

332 5512 757 5576 ακολουθοῦντες
814 5510 1148 5581 ὶσκιαζοντο.
1215 5509 1277 5567 El
1316 5509 1421 5587 γὰρ
1464 5511 1556 5567 καὶ
1585 5514 1662 5586 μὴ
1694 5517 1774 5585 τῷ
1830 5512 1985 5570 ὕδατι

334 5598 718 5684 ικαλύφθησαν
749 5648 766 5676 ,
821 5599 950 5659 ἀλλ’
1006 5598 1101 5656 οὗν
1154 5596 1210 5654 ἂν
1277 5597 1465 5673 ὶκείνῳ
1528 5604 1608 5673 τῷ
1657 5601 1832 5678 χώρῳ
1888 5607 1987 5661 τοῦ

412 5734 456 5770 ι²
486 5732 673 5791 Exod.
704 5747 854 5799 xxiv,
888 5732 941 5786 3.
1021 5728 1063 5765 ¹³
1090 5726 1247 5784 Psal.
1281 5743 1387 5795 civ,
1423 5728 1517 5785 39.

2109 4728 2344 4784 quoque
2376 4710 2610 4767 videtur
2644 4727 2656 4765 :
2714 4726 2900 4769 mare.
2935 4724 3103 4779 aqum
3140 4724 3153 4762 :
3213 4708 3424 4773 nubes,
3466 4703 3710 4777 spiritus
3743 4719 3757 4757 :

2112 4818 2354 4862 manna.
2384 4801 2555 4873 panis
2588 4801 2716 4855 vita:
2744 4816 2757 4853 :
2787 4805 2980 4871 potus,
3009 4796 3187 4851 divini
3212 4795 3431 4868 poculi.
3465 4795 3531 4849 ln
3563 4792 3755 4859 illum,

2116 4891 2332 4963 inquit,
2366 4891 2668 4946 intuentes
2703 4894 2759 4943 et
2788 4886 3158 4943 confidentes
3188 4883 3593 4956 permiserunt
3647 4881 3761 4937 sei-

2110 5000 2248 5056 psos
2281 4983 2529 5040 marinis
2561 4980 2839 5037 {luctibus
2869 4978 3171 5050 baptizari.
3212 4977 3431 5032 Deinde
3463 4976 3572 5031 sub
3599 4974 3757 5031 nube

2108 5089 2345 5144 quoque
2359 5070 2815 5127 similiterillum
2829 5067 3262 5139 subsequentes
3276 5065 3762 5139 tanquamumbra

2108 5161 2833 5235 tegebanturﬂuanquam
2868 5158 3027 5213 enim
3052 5173 3210 5229 aqua
3235 5173 3357 5211 non
3390 5156 3510 5213 sint
3540 5154 3752 5228 operti,

2104 5256 2366 5306 attamen
2400 5265 2468 5305 eo
2500 5265 2669 5319 aqum
2700 5246 2889 5319 spatio
2920 5244 3361 5317 gradiebantur,
3394 5244 3455 5299 in
3489 5259 3605 5315 quo
3646 5257 3759 5297 ne-

2103 5355 2268 5395 cesse
2298 5345 2391 5395 est
2420 5354 2522 5393 eos
2561 5337 2662 5409 qui
2710 5340 3125 5409 pertranseant
3172 5335 3309 5389 totis
3340 5334 3512 5405 aquis
3561 5332 3756 5404 bapti-

2098 5430 2213 5486 zari
2248 5428 2369 5485 sive
2403 5427 2687 5495 demergi.
2738 5441 2895 5497 aqua
2923 5441 3093 5481 suam
3126 5430 3394 5480 servante
3456 5429 3757 5478 naturam.

2098 5541 2127 5570 ‹‹
2159 5517 2279 5575 Sub
2312 5518 2513 5574 Mosen
2566 5515 2850 5589 baptizati
2898 5520 3058 5580 sunt,
3093 5536 3123 5564 ι»
3176 5513 3393 5585 inquit.
3451 5510 3756 5584 Siquidem

2096 5606 2297 5664 intuiti
2360 5605 2601 5664 illumin
2629 5604 2813 5662 maris
2851 5602 3176 5660 divisiones
3231 5602 3586 5675 ingressum,
3619 5597 3761 5654 imi;-
