4158 6194
316 297 429 356 ’177

1240 291 1653 355 COMMENT.
1699 295 1781 355 IN
1824 296 2077 359 EPIST.
2122 301 2146 360 Ι
2189 301 2298 360 ΑΙ)
2341 303 2723 368 GORINTH.

3606 325 3724 384 778

390 426 555 486 Ἀλλ’
613 428 713 483 οὐκ
787 424 841 481 ἰν
916 430 1033 489 τοῖς
1108 424 1357 520 πλείοσιν
1431 423 1609 520 αὐτ-ῶν
1683 423 1962 499 εὐδόκησεν

2155 432 2431 502 X,5-l0.«
2453 438 2565 494 Sed
2578 441 3056 516 pluresipsorum
3080 465 3198 504 non
3222 449 3726 520 placueruntDeo:

318 518 347 571 6
388 517 538 579 Θεός.
602 515 1068 591 Κατεστρώθησαν
1123 513 1227 590 γὰρ
1286 512 1341 569 ἐν
1395 518 1466 589 τῇ
1523 512 1740 590 ἐρήμῳ.
1796 521 1976 575 Ταῦτα

321 603 381 661 δὲ
407 606 570 661 τύποι
604 607 769 678 ἡμῶν
829 603 1180 681 ἐγενήθησαν,
1241 604 1317 665 εἰς
1372 603 1436 659 τὸ
1495 605 1573 678 μὴ
1636 605 1772 661 εἶναι
1827 608 1977 680 ἡμᾶς

320 694 663 769 ἐπιθυμητὰς
721 697 905 750 κακῶν
938 738 953 761 ,
1036 698 1219 758 καθῶς
1298 692 1495 749 ἐκεῖνοι
1579 692 1924 768 ἐπεθύμησαν
1956 716 1969 729 °

319 782 475 855 Μηδέ
542 781 966 859 εἰδωλολάτραι
1048 781 1272 858 γίνεσθε,
1333 786 1514 846 καθώς
1577 803 1722 846 τινες
1772 782 1972 853 αὐτῶν,

318 873 394 937 ὡς
467 868 795 951 γέγραπται,
899 872 1177 929 Ἐκάθισεν
1253 872 1282 926 ὁ
1358 870 1490 934 λαὸς
1592 876 1778 950 φαγεῖν
1880 874 1969 929 καὶ

317 969 488 1030 πιεῖν,
542 963 636 1017 καί
691 961 992 1032 ἀνέστησαν
1069 963 1278 1031 παίζειν
1311 1003 1326 1018 .
1382 958 1539 1031 Μηδὶ
1594 961 1974 1035 πορνεύωμεν,

314 1052 500 1117 καθὼς
575 1072 718 1114 τινες
809 1050 984 1106 αὐτῶν
1062 1049 1412 1124 ἐπόρνευσαν,
1486 1050 1575 1105 καὶ
1653 1044 1839 1106 ἔπεσον
1918 1049 1972 1106 ἂν

318 1146 419 1214 μιᾷ
493 1141 677 1215 ἡμέρᾳ
766 1140 1089 1215 εἰκοσιτρεῖς
1163 1135 1434 1214 χιλιάδες.
1533 1136 1692 1210 Μηδὲ
1790 1139 1970 1196 ἐκπει-

318 1230 573 1304 ράζωμεν
651 1229 744 1285 τὸν
823 1230 1074 1305 Χρισνὸν,
1150 1227 1334 1291 καθὼς
1408 1229 1501 1284 καὶ
1575 1250 1718 1290 τινες
1791 1229 1970 1285 αὐτῶν

318 1318 609 1396 ἐπείρασαν
683 1320 773 1374 καί
852 1319 953 1374 ὑπὸ
1028 1322 1136 1374 τῶν
1208 1315 1383 1395 ὄφεων
1457 1317 1767 1375 ἀπώλοντο.
1815 1317 1975 1391 Μηδὶ

314 1408 638 1484 γογγύζετε,
714 1409 893 1470 καθὼς

317 1497 408 1552 καὶ
441 1498 735 1553 ἀπώλοντο
772 1497 877 1553 ὑπὸ
906 1502 1003 1554 τοῦ
1032 1497 1382 1573 ὀλοθρευτοῦ.

390 1587 588 1649 Ηάντες
621 1585 694 1642 ὧν
729 1588 876 1643 εἶπον
906 1588 1195 1662 θαυμάτων
1228 1588 1319 1643 καὶ
1360 1584 1579 1663 δωρεῶν
1638 1587 1973 1659 ἠξιώθησαν,

314 1675 442 1731 ἀλλ’
472 1676 573 1731 οὐκ
620 1675 673 1732 ἐν
731 1682 884 1745 πᾶσι,
945 1678 1132 1756 φησὶν,
1190 1675 1249 1732 εὖ
1308 1671 1670 1732 ἐϐουλεύσατο
1731 1678 1760 1733 6
1817 1677 1972 1740 Θεός.

311 1767 492 1822 Τοῦτο
546 1767 651 1841 γάρ
706 1767 770 1822 τὸ
845 1764 1127 1838 εύδόκησε.
1215 1767 1318 1823 Καί
1373 1787 1462 1822 τοι
1524 1765 1779 1842 μεγάλων
1835 1770 1972 1838 ἦσαν

314 1854 626 1927 ἀξιωθέντες
658 1853 896 1929 δωρεῶν.
955 1857 1145 1930 Ὁρᾶτε
1175 1853 1290 1929 οὖν,
1345 1855 1501 1933 φησὶ,
1560 1858 1636 1930 μή
1696 1876 1815 1920 πως
1847 1853 1971 1912 οὐδὲ

316 1942 398 2019 ἐφ’
461 1945 616 2018 ὑμῶν
669 1946 725 2001 εὖ
787 1944 1137 2013 βουλεύσεται
1196 1946 1224 2000 ὁ
1276 1947 1426 2015 Θεὸς,
1487 1946 1531 2001 εἰ
1590 1946 1682 2004 καί
1738 1945 1972 2019 ἡξίωσθε

315 2030 547 2089 πολλῶν
579 2031 929 2111 δωρεῶν,ἐὰν
964 2037 1040 2108 μὴ
1075 2035 1223 2105 ἅξιον
1257 2034 1377 2110 βίον
1399 2036 1743 2111 παράσχητε.
1768 2036 1969 2098 Πάντες

314 2123 369 2176 οἰ
402 2119 657 2179 Ἰουδαῖοι
686 2123 1003 2181 ἀπώλοντο.
1036 2128 1161 2185 Πῶς
1217 2122 1332 2192 οὖν,
1366 2124 1544 2194 σησίν,
1578 2124 1681 2180 ούκ
1733 2122 1786 2179 ἐν
1846 2130 1967 2188 τοῖς

309 2209 563 2267 πλείοσιν
590 2209 889 2283 εύδόκησαν
923 2210 1055 2281 ;’ίνα
1097 2213 1175 2287 μὴ
1217 2210 1345 2287 δόξῃ
1383 2213 1569 2275 αὐτοῖς
1602 2212 1965 2289 πανολεθρίαν

307 2300 757 2380 προφητεύειν,ἢ
806 2298 896 2357 διὰ
923 2303 1017 2358 τὸν
1069 2303 1284 2373 Ἰησοῦν
1334 2300 1425 2356 καὶ
1484 2301 1578 2358 τὸν
1631 2297 1826 2360 Χαλὲϐ
1873 2302 1965 2358 καὶ

303 2390 435 2452 τοὺς
466 2388 621 2453 νέους
648 2397 759 2447 τῶν
789 2388 1071 2448 Ἰουδαίων
1100 2389 1275 2460 υἱοὺς,
1303 2390 1396 2446 καὶ
1426 2391 1503 2454 είς
1532 2392 1636 2459 τὴν
1678 2390 1965 2468 μοσχολα-

303 2476 491 2553 τρείαν
522 2478 690 2553 (πλὴν
722 2483 828 2535 τῶν
891 2478 1191 2554 δισμυρίων
1250 2481 1338 2535 καὶ
1396 2479 1751 2556 τρισχιλίων)
1812 2502 1967 2556 μεσι-

302 2566 594 2631 τεύσαντος
647 2573 744 2624 τοῦ
831 2566 1091 2632 Μωσέως.
1179 2592 1203 2623 ι
1258 2567 1735 2645 Κατεστρώθησαν.
1798 2594 1826 2623 ››
1884 2570 1963 2628 T6

306 2680 336 2708 «
367 2658 841 2733 κατεστρώθησαν,
878 2682 905 2710 ››
936 2659 1037 2728 τὴν
1068 2656 1338 2738 αἰφνιδίαν
1365 2658 1544 2714 αὑτῶν
1574 2658 1665 2713 καὶ
1696 2658 1963 2731 πλείστην

303 2744 587 2803 ἀπώλειαν
619 2745 811 2819 δηλοῖ.
865 2773 893 2802 ‹‹
924 2748 1095 2805 Τύποι
1151 2749 1312 2822 ἡμῶν
1361 2747 1773 2824 ἐγενήθησαν.»
1831 2751 1958 2805 Ὠσ-

304 2857 408 2911 περ
465 2838 629 2914 γάρὸ
662 2840 971 2914 βαπτισμὸς
1020 2840 1111 2895 καὶ
1166 2839 1230 2896 τὸ
1290 2841 1490 2915 βρῶμα
1543 2841 1634 2895 καὶ
1689 2842 1753 2897 τὸ
1806 2840 1963 2915 πόμα

297 2926 467 2983 τύποι
516 2928 649 2996 ἦσαν
707 2931 892 3002 ἡμῶν,
951 2929 1125 2993 οὕτως
1176 2930 1329 2985 καὶὸ
1379 2926 1608 3005 ὄλεθρος
1664 2930 1835 2993 τύπος
1890 2931 1958 3001 ἦν

297 3017 599 3089 ἡμῶν,εἰς
638 3019 725 3083 τὸ,
781 3044 801 3070 ι
861 3021 948 3090 Mi;
1008 3025 1126 3082 τοῖς
1186 3018 1328 3083 ἴσοις
1387 3020 1721 3096 παράξαντας
1775 3021 1841 3075 τὰ
1866 3019 1962 3075 ’ίσα

296 3115 511 3172 παθεῖν.
567 3109 757 3174 Καθὼς
824 3108 1018 3166 ἐκεῖνοι
1075 3110 1440 3184 ἐπεθύμησαν.
1478 3134 1505 3162 η
1551 3110 1650 3166 Καὶ
1709 3112 1738 3165 ὁ
1793 3107 1958 3165 Δαυὶδ

300 3213 460 3271 φησιο
507 3219 528 3248 ι
566 3195 666 3251 Καὶ
725 3195 1073 3271 ἐπεθύμησαν
1134 3197 1428 3271 ἐπιθυμίαν
1456 3197 1509 3254 ἐν
1558 3200 1628 3271 τῇ
1680 3195 1893 3271 ἐρήμῳ.
1933 3223 1954 3248 ι

304 3284 634 3347 Καθίσαντες
662 3286 764 3361 γάρ
793 3287 847 3341 οἰ
879 3283 1136 3341 Ἰουδαῖοι
1168 3280 1386 3342 ἔκλαιον
1417 3286 1507 3341 καί
1559 3286 1734 3342 εἶπον·
1798 3310 1825 3338 ι(
1860 3286 1958 3347 Τίς

301 3375 514 3445 ψωμιεῖ
569 3375 719 3447 ἡμᾶς
779 3376 950 3451 κρέας
1011 3373 1361 3449 ἐμνήσθημεν
1411 3374 1539 3436 τοὺς
1604 3374 1798 3450 ἰχθύας
1865 3376 1958 3437 οὓς

297 3462 563 3536 ἠσθίομεν
593 3463 644 3518 ἐν
676 3464 942 3541 Αἰγύπτῳ
973 3462 1202 3539 δωρεὰν,
1258 3463 1351 3519 καὶ
1404 3465 1535 3528 τοὺς
1592 3463 1833 3534 σικύους,
1865 3464 1957 3520 καὶ

296 3551 430 3615 τοὺς
460 3551 734 3621 πέπωνας,
774 3553 960 3609 καὶτὰ
1018 3554 1251 3630 πράσσα,
1287 3554 1376 3608 καὶ
1430 3554 1498 3609 τά
1551 3554 1833 3630 κρόμμυα,
1866 3555 1955 3610 καὶ

292 3642 362 3696 τὰ
394 3640 649 3716 σκόροδα.
712 3645 845 3699 Νυνί
908 3642 968 3700 δὲ
997 3647 1032 3715 ἡ
1067 3645 1222 3724 ψυχὴ
1254 3647 1417 3718 ἡμῶν
1449 3645 1772 3720 κατάξηρος
1801 3642 1956 3701 οὐδὲν

292 3730 444 3799 πλὴν
476 3732 552 3795 εἰς
584 3733 647 3788 τὸ
681 3733 856 3806 μάννα
910 3735 963 3789 οἱ
1013 3734 1290 3814 ὀφθακμυί
1347 3736 1534 3808 ἡμῶν.
1566 3759 1594 3787 ››
1625 3767 1691 3778 -—
1718 3758 1746 3787 «
1802 3731 1959 3806 Μηδὶ

298 3817 704 3896 εἰδωλολάτραι
733 3821 966 3897 γίνεσθε.
1000 3846 1029 3876 ››
1085 3822 1261 3879 Τοῦτο
1329 3823 1511 3899 ἡρέμα
1557 3828 1676 3886 πῶς
1731 3824 1860 3887 τοὺς
1890 3823 1957 3880 τὰ

298 3905 645 3975 εἰδωλόθυτα
728 3910 1004 3976 ἐσθίοντας
1089 3912 1400 3983 αἰνίττεται,
1456 3910 1666 3977 δεικνὺς
1723 3914 1809 3969 ὅτι
1865 3915 1956 3970 καὶ

294 3997 498 4054 ἐκεῖνοι
528 3998 637 4055 ἀπὸ
661 4002 1096 4077 γαστριμαργίας
1127 4001 1301 4071 ἦλθον
1361 4002 1442 4067 είς
1473 3999 1954 4075 εἷδωλολατρείαν.

298 4088 401 4141 Καὶ
435 4087 616 4161 ὑμεῖς,
660 4090 847 4165 φησὶν,
876 4089 984 4145 ἀπὸ
1039 4090 1465 4167 γαστριμαργίας
1526 4090 1657 4147 αύτᾶ
1719 4092 1955 4166 μᾶλλον,

298 4176 335 4245 ἦ
385 4176 494 4232 ἀπὸ
551 4177 902 4251 τελειότητος
962 4178 1183 4251 ὶσθίετε,
1252 4179 1433 4255 ὥσπερ
1493 4178 1690 4238 ἐκεῖνοι
1752 4183 1954 4257 χοροὺς

296 4268 594 4336 στήσαντες
624 4268 749 4343 περί
796 4269 889 4324 τὸν
926 4270 1140 4348 μόσχον
1198 4267 1423 4340 ἔπαιζον
1482 4270 1803 4346 χορεύοντες
1857 4266 1958 4343 ἔμ-

296 4365 535 4428 προσθεν
565 4355 752 4426 αὐτοῦ,
774 4357 865 4412 καί
888 4352 1098 4433 ἔλεγον.
1118 4383 1145 4409 ‹‹
1170 4356 1335 4416 Οὗτοί
1368 4359 1420 4413 οἱ
1438 4359 1552 4424 θεοί
1574 4380 1690 4428 σου,
1708 4358 1954 4433 Ἰσραὴλ,

300 4440 501 4505 οἵτινες
533 4439 851 4501 άνεὸίόασάν
911 4466 969 4501 σε
1023 4447 1083 4501 ἐκ
1135 4453 1237 4521 γῆς
1296 4447 1596 4520 Αἰγύπτου.
1630 4471 1658 4498 ››

978 1408 1069 1463 καί
1150 1429 1292 1471 τινες
1373 1406 1550 1464 αὐτῶν
1607 1407 2018 1485 ἑγγόγγυσαν,’

2086 544 2114 573 ‹‹
2142 539 2282 580 nam
2311 529 2591 596 prostrati
2614 537 2753 586 sunt
2771 531 2833 588 in
2856 532 3264 594 deserto.511
3297 541 3431 597 Hasc
3443 548 3639 600 autem
3654 546 3725 601 fl-

2087 633 2113 664 α
2138 629 2296 686 gum
2318 617 2506 672 nostri
2528 618 2872 690 fuerunt,ne
2893 640 3003 680 nos
3027 626 3213 683 simus
3237 632 3727 701 concupiscentes

2086 719 2322 760 «rerum
2344 706 2660 776 malarum,
2681 714 3187 781 quemadmodum
3206 723 3265 773 et
3293 718 3383 774 illi
3420 723 3731 793 concupie-

2055 831 2057 834 ‹
2084 813 2113 841 ‹‹
2137 795 2347 848 runt.N
2353 810 2502 866 eque
2517 797 2847 856 idololatria
2862 802 3191 871 sitis,sicuti
3210 808 3450 878 quidam
3464 810 3728 880 illorum,

2083 902 2111 929 α
2129 882 2634 951 quemadmodum
2649 888 2936 961 scriptum
2954 898 3044 948 est
3076 911 3088 948 :
3111 896 3538 970 SeditpOpulus
3551 905 3616 955 ut
3627 918 3729 955 co-

2084 994 2108 1019 ιι
2124 970 2391 1027 mederet
2403 989 2471 1029 ac
2485 973 2734 1045 biberet,
2756 985 2814 1034 et
2835 990 3225 1039 surrexerunt
3241 992 3307 1041 ut
3330 987 3731 1045 luderent.Ne-

2088 1079 2110 1107 ι
2130 1075 2244 1129 que
2259 1067 2592 1120 scortemur
2604 1066 2757 1122 sicut
2773 1070 3015 1140 quidam
3037 1073 3304 1144 ipsorum
3318 1078 3555 1133 scortati
3569 1085 3728 1145 sunt;

2084 1151 2579 1209 «etconciderunt
2595 1171 2711 1210 uno
2727 1156 2821 1212 die
2839 1158 3039 1231 viginti
3055 1162 3168 1217 tria
3178 1163 3595 1237 millia.Neque
3614 1172 3732 1222 ten-

2086 1259 2113 1288 α
2141 1243 2334 1296 temus
2376 1243 2698 1317 Christum,
2719 1249 2874 1305 sicut
2903 1256 2964 1306 et
2993 1253 3237 1323 quidam
3269 1255 3513 1312 illorum
3540 1263 3733 1314 tenta-

2082 1349 2109 1377 α
2137 1337 2433 1398 verunt,et
2449 1350 2485 1389 a
2499 1337 2876 1406 serpentibus
2898 1342 3172 1398 exstincti
3187 1347 3553 1417 sunt.Neque
3566 1364 3731 1402 mur-

2085 1435 2114 1466 (ο
2136 1420 2387 1475 muretis
2409 1420 2563 1477 sicut
2582 1428 2641 1479 et
2667 1426 2907 1496 quidam
2926 1429 3166 1486 illorum
3190 1441 3729 1505 murmuraverunt,

2086 1524 2114 1554 ‹‹
2142 1510 2203 1560 et
2229 1506 2575 1581 interempti
2607 1518 2747 1568 sunt
2775 1513 2849 1570 ab
2880 1515 3362 1577 exterminatore.
3396 1541 3425 1571 »

2156 1596 2373 1652 Omnes
2403 1615 2778 1674 qumcunque
2808 1603 3159 1663 admiranda
3187 1608 3306 1664 dixi
3328 1618 3724 1682 acceperunt:

2084 1688 2145 1739 at
2174 1702 2294 1741 non
2323 1687 2386 1742 in
2416 1689 2693 1746 omnibus
2720 1691 3163 1766 beneplacitum
3194 1699 3402 1755 habuit
3431 1702 3605 1769 Deus,
3629 1707 3733 1758 aut

2002 1802 2052 1868 B
2084 1778 2158 1868 de
2187 1781 2310 1837 illis
2339 1800 2626 1855 prospera
2655 1790 2897 1846 statuit:
2932 1793 3077 1848 Nam
3117 1794 3231 1850 hoc
3279 1802 3388 1864 est,
3443 1793 3728 1866 εὐδόκησε,

2081 1866 2142 1957 id
2172 1874 2283 1935 est,
2313 1871 2773 1932 oblectationem
2803 1878 3033 1937 habuit.
3066 1883 3244 1954 Atqui
3274 1885 3504 1957 magnis
3533 1885 3729 1940 aﬁ‘ecti

2079 1953 2315 2014 fuerant
2362 1959 2559 2030 donis,
2590 1964 2781 2022 videte
2812 1967 2993 2041 igitur
3018 1986 3089 2025 ne
3120 1953 3236 2042 quo
3261 1953 3438 2028 modo
3469 1974 3624 2028 Deus
3653 1973 3726 2029 de

2075 2046 2242 2136 vobis
2275 2065 2513 2121 quoque
2556 2058 2778 2110 statuat
2805 2072 2929 2113 non
2959 2075 3266 2131 prospera,
3296 2060 3438 2117 licet
3491 2062 3723 2136 magnis

2077 2134 2250 2191 donis
2279 2139 2473 2194 aﬂ‘ecti
2506 2142 2657 2211 sitis,
2681 2144 2799 2200 nisi
2827 2146 3066 2219 dignam
3097 2148 3275 2205 vitam
3305 2134 3720 2222 prmstiteritis.

2077 2225 2341 2282 Universi
2366 2228 2553 2285 Judaei
2583 2233 2927 2304 perierunt:
2963 2239 3257 2308 quomodo
3290 2256 3426 2312 ergo
3459 2240 3621 2309 dicit,
3652 2243 3720 2297 In

2076 2315 2344 2387 pluribus
2391 2336 2513 2376 non
2568 2321 2924 2393 placuerunt
2973 2328 3142 2383 Deo?
3170 2331 3252 2386 Ne
3299 2331 3565 2388 videatur
3595 2332 3715 2388 illis

2072 2404 2546 2465 internecionem
2603 2412 2931 2470 vaticinari.
2977 2418 3093 2471 Aut
3146 2425 3388 2491 propter
3409 2422 3609 2477 Jesum
3661 2426 3720 2477 et

2073 2493 2650 2570 Chaleb,recensque
2675 2502 2904 2574 genitos
2930 2504 3271 2563 Judaaorum
3294 2509 3469 2580 filios,
3503 2516 3562 2566 et
3582 2511 3723 2582 quia

2073 2583 2136 2638 in
2164 2583 2332 2639 vituli
2361 2586 2709 2645 adoratione
2748 2591 2940 2649 factus
2971 2600 3062 2650 est
3089 2596 3278 2652 Moses
3309 2598 3624 2667 mediator,
3652 2605 3721 2656 ut

2072 2676 2338 2746 perirent
2358 2679 2488 2736 sola
2504 2680 2707 2754 viginti
2729 2684 2845 2740 tria
2863 2685 3056 2743 millia
3073 2688 3172 2743 ¹⁶.‹‹
3207 2690 3493 2746 Prostrati
3524 2696 3719 2747 sunt.»

2072 2764 2329 2822 Verbum
2351 2789 2380 2818 «
2399 2769 2684 2826 Prostrati
2700 2778 2861 2839 sunt,
2892 2796 2920 2823 υ
2933 2778 3308 2846 repentinam
3321 2783 3381 2833 et
3398 2780 3720 2835 maximam

2070 2852 2338 2924 ipsorum
2369 2862 2627 2930 stragem
2670 2860 2985 2933 signiﬁcat.
3018 2885 3046 2913 ‹‹
3107 2865 3333 2937 Figura
3368 2868 3559 2923 nostri
3588 2868 3718 2923 fue-

2068 2950 2229 2999 runt.
2262 2966 2290 2994 »
2320 2946 2834 3010 Quemadmodum
2864 2951 3025 3006 enim
3078 2951 3408 3024 baptismus
3465 2961 3524 3011 et
3552 2954 3720 3011 cibus

2069 3046 2138 3087 ac
2163 3038 2337 3102 potus
2368 3035 2570 3106 ﬁguras
2601 3037 2790 3091 nostri
2842 3044 3028 3102 erant,
3054 3040 3136 3096 ita
3166 3046 3226 3097 et
3253 3042 3508 3114 perditio
3531 3045 3721 3115 ﬁgura

2070 3121 2257 3175 nostri
2288 3127 2433 3187 erat,
2459 3139 2532 3177 ne
2556 3124 2811 3195 mqualia
2842 3133 3253 3199 perpetrantes
3284 3131 3507 3189 similia
3535 3133 3720 3204 patia-

2071 3224 2225 3263 mur.
2260 3232 2288 3259 «
2315 3209 2398 3265 Ne
2428 3227 2541 3267 nos
2565 3212 2753 3269 simus
2782 3218 3273 3288 concupiscentes
3302 3237 3504 3277 rerum
3527 3223 3716 3280 mala-

2068 3312 2223 3365 rum,
2259 3300 2763 3368 quemadmodum
2792 3309 2851 3359 et
2880 3304 2970 3359 illi
2996 3309 3448 3381 concupierunt.
3480 3333 3508 3362 ››
3532 3313 3715 3369 David

2068 3401 2305 3456 quoque
2335 3386 2498 3444 dicit.
2535 3411 2556 3439 α
2593 3392 2663 3444 Et
2692 3395 3124 3464 concupierunt
3168 3400 3715 3471 concupiscentiam

2066 3475 2130 3529 in
2158 3475 2392 3532 deserto
2434 3476 2501 3533 ⁸⁸.
2540 3501 2568 3528 ››
2599 3479 2885 3538 Sedentes
2909 3499 3168 3557 namque
3205 3487 3389 3543 Judaai
3421 3489 3717 3546 fleverunt

2066 3568 2245 3634 atque
2276 3566 2571 3625 dixerunt.
2608 3590 2637 3620 ‹‹
2668 3570 2811 3636 Quis
2842 3572 3205 3647 indulgendo
3225 3583 3431 3649 pascet
3458 3596 3569 3636 nos
3593 3597 3717 3637 car-

2066 3653 2242 3710 nibus
2271 3655 2299 3710 ?
2343 3657 2723 3715 Meminimus
2780 3661 3034 3732 piscium
3091 3681 3242 3735 quos
3294 3666 3615 3725 edebamus
3652 3671 3715 3725 in

2064 3745 2305 3817 Egypto
2336 3747 2540 3818 gratis,
2575 3752 2636 3804 et
2656 3765 3044 3808 cucumerum
3074 3768 3145 3808 ac
3186 3771 3504 3825 peponum.
3538 3773 3717 3828 cepa-

2064 3848 2201 3888 rum
2212 3841 2273 3889 et
2283 3832 2561 3891 alliorum
2592 3852 2782 3903 ;nunc
2798 3855 2933 3896 vero
2967 3841 3170 3896 anima
3191 3847 3397 3897 nostra
3419 3844 3587 3899 arida
3601 3850 3712 3901 est:

2064 3922 2220 3978 nihil
2249 3931 2466 3995 praeter
2494 3942 2714 3982 manna
2742 3928 3053 3984 intuentur
3081 3929 3236 3985 oculi
3268 3931 3456 3987 nostri
3486 3930 3552 3987 ‘7.
3582 3954 3612 3984 υ
3642 3964 3713 3976 -

2067 4011 2647 4084 «Nequeidololatrae
2668 4015 2979 4072 sitis.»Hoc
2999 4018 3231 4074 occulto
3253 4019 3513 4090 quodam
3535 4022 3710 4079 modo

2066 4100 2312 4156 edentes
2341 4101 2675 4174 idolothyta
2694 4108 2855 4159 taxat
2887 4121 2902 4159 :
2935 4106 3258 4163 ostendens
3287 4106 3423 4164 illos
3470 4126 3709 4182 quoque

2064 4206 2099 4244 a
2122 4189 2274 4262 gulm
2303 4190 2441 4245 vitio
2473 4190 2782 4247 devenisse
2821 4193 2895 4248 ad
2924 4192 3326 4252 idololatriam
3348 4214 3360 4251 :
3385 4199 3451 4253 Et
3478 4216 3599 4265 vos,
3625 4199 3711 4255 in-

2064 4278 2214 4347 quit,
2246 4294 2281 4332 a
2307 4278 2459 4350 gulae
2489 4279 2630 4334 vitio
2651 4281 2848 4350 potius
2874 4298 3051 4353 quam
3073 4300 3108 4339 a
3132 4286 3494 4356 perfectione
3525 4287 3712 4343 addu-

2064 4365 2274 4420 cimini
2303 4370 2371 4420 ut
2415 4366 2523 4421 illa
2579 4367 2768 4424 edatis
2800 4386 2813 4425 :
2850 4371 3004 4429 512
3062 4374 3566 4444 quemadmodum
3598 4375 3711 4443 illi,

1717 4445 1867 4508 Τινὶς
1899 4441 1957 4500 δὶ
1989 4522 2024 4530 _
2067 4454 2410 4513 constitutis
2437 4471 2638 4511 coram
2668 4457 2849 4514 vitulo
2881 4441 3097 4527 choris,
3130 4463 3434 4530 ludebant,
3467 4441 3714 4520 choreas

300 4530 368 4585 τὸ
388 4531 618 4603 παίζειν,
651 4533 766 4588 άντί
796 4538 894 4589 τοῦ
926 4532 1373 4611 εἰδωλολατριῖν,
1432 4532 1670 4606 ἐνόησαν.
1738 4560 1766 4589 σι
1800 4530 1959 4605 Μηδὲ

2074 4559 2265 4598 coram
2299 4560 2367 4600 eo
2400 4544 2708 4613 ducentes,
2741 4564 2810 4603 ac
2831 4548 3142 4608 dicebant:
3171 4574 3198 4602 «
3224 4553 3292 4607 Hi
3323 4558 3461 4608 sunt
3491 4553 3581 4608 Dii
3606 4553 3712 4621 tui,

302 4620 679 4695 πορνεύωμεν.
740 4646 768 4675 ››
839 4622 1011 4680 Πάλιν
1067 4622 1212 4680 εἶπεν
1272 4623 1538 4698 ἁμαρτίαν
1590 4621 1793 4714 ἄλλην,
1822 4622 1952 4714 Δδιπὸ

2074 4631 2264 4700 lsrael,
2295 4633 2395 4705 qui
2428 4633 2762 4690 eduxerunt
2794 4641 2850 4693 te
2881 4638 2953 4694 de
2984 4644 3143 4696 terra
3162 4641 3387 4714 .Egypti
3414 4640 3481 4694 ιε.
3512 4665 3533 4691 ο
3571 4620 3711 4706 Qui;

304 4711 742 4786 γαστριμαργίας
800 4714 1127 4787 τικτομένην
1163 4759 1177 4772 .
1264 4712 1567 4788 Γέγραπται
1652 4712 1704 4767 ἐν
1776 4706 1956 4789 βίϐλῳ

297 4801 604 4871 Ἀριθμῶν·
639 4825 669 4852 ‹‹
703 4800 801 4855 Καὶ
849 4801 1142 4858 κατέλυσεν
1192 4800 1416 4879 Ἰσραὴλ
1465 4800 1517 4857 ἐν
1549 4801 1806 4875 Σαττεὶμ,
1864 4803 1954 4859 καὶ

298 4880 631 4959 ἐϐεϐηλώθη
694 4890 723 4943 ὁ
774 4888 906 4953 λαὸς
962 4889 1316 4966 ἑκπορνεῦσαι
1376 4891 1452 4954 εἷς
1508 4891 1605 4954 τὰς
1662 4891 1958 4970 θυγατέρας

304 4971 504 5033 Μωάϐ·
528 4977 618 5032 καί
651 4977 911 5035 ἐκάλεσαν
942 4982 1141 5044 αὐτοὺς
1190 4979 1276 5036 ἐπὶ
1304 4986 1423 5043 ταῖς
1482 4980 1687 5043 θυσίαις
1739 4986 1848 5038 τῶν
1878 4984 1956 5038 εἰ-

307 5063 508 5123 δώλων
538 5068 741 5124 αὑτῶν·
786 5068 877 5124 καί
909 5064 1106 5147 ἔφαγεν
1146 5071 1175 5126 ὁ
1223 5068 1354 5133 λαὸς
1383 5074 1494 5126 τῶν
1526 5075 1726 5136 θυσιῶν
1755 5072 1958 5142 αὐτῶν,

306 5154 402 5209 καὶ
432 5156 842 5231 προσεκύνησαν
869 5164 993 5221 τοῖς
1025 5155 1283 5221 εἰδώλοις
1335 5159 1535 5232 αὐτῶν,
1593 5161 1703 5218 καὶ.
1737 5159 1956 5232 ἐτελέθη

317 5243 545 5319 Ἰσραὴλ
602 5250 682 5317 τῷ
736 5246 1078 5324 Βεελφεγώρ’
1127 5248 1215 5304 καί
1272 5248 1516 5323 ὠργίσθη
1573 5255 1731 5323 θυμῷ
1762 5252 1958 5326 Κύριος

303 5335 386 5403 τῷ
421 5332 666 5407 Ἰσραὴλ.
702 5335 805 5391 Καὶ
838 5336 959 5391 εἶπε
982 5335 1180 5411 Κύρίος
1208 5340 1288 5408 τῷ
1316 5340 1512 5410 Μωσῇ’
1561 5332 1705 5392 Λάϐε
1755 5339 1960 5404 πάντας

304 5420 438 5484 τοὺς
469 5422 758 5499 ἀρχηγοὺς
786 5430 883 5481 τοῦ
914 5424 1050 5482 λαοῦ
1095 5426 1183 5497 καὶ
1214 5423 1707 5504 παραδειγμάτισον
1767 5428 1961 5493 αὐτοὺς

2065 4721 2203 4777 dam
2235 4728 2435 4779 autem
2464 4723 2891 4783 intellexerunt
2920 4727 3017 4784 hic
3052 4728 3259 4785 ludere
3289 4746 3396 4801 pro
3428 4746 3498 4786 eo
3553 4731 3712 4801 quod

2066 4816 2158 4866 est
2186 4811 2363 4867 idolis
2393 4812 2621 4870 cultum
2651 4813 2953 4871 exhibere.
2987 4839 3015 4867 ‹‹
3040 4819 3239 4889 Neque
3296 4823 3646 4875 scortemur.
3683 4841 3706 4867 ι

2066 4900 2244 4957 Aliud
2274 4917 2513 4957 rursum
2545 4902 2694 4957 dixit
2728 4910 3038 4975 peccatum
3068 4906 3225 4976 quod
3247 4909 3711 4981 agastrimargia

2066 4989 2345 5062 gignitur.
2374 4990 2667 5062 Scriptum
2699 4997 2791 5048 est
2818 4994 2882 5049 in
2927 4994 3078 5052 libro
3124 4997 3552 5055 Numerorum:
3587 5020 3616 5047 ι(
3643 4997 3711 5052 Et

2067 5077 2388 5132 demolitus
2418 5084 2507 5134 est
2538 5079 2718 5135 Israel
2740 5081 2801 5137 in
2831 5083 3085 5153 Stattim,
3119 5092 3179 5142 et
3206 5087 3591 5143 conﬁrmatus
3621 5092 3713 5143 est

2068 5164 2326 5237 populus
2357 5171 2423 5221 ut
2451 5174 2815 5226 scortaretur
2841 5188 2977 5228 cum
3009 5173 3246 5231 filiabus
3275 5175 3440 5232 Moab
3470 5194 3483 5231 :
3519 5181 3579 5232 et
3607 5194 3711 5233 vo-

2069 5260 2352 5311 caverunt
2380 5271 2482 5311 eos
2520 5255 2596 5312 ad
2654 5260 2946 5316 sacrificia
3003 5262 3301 5319 idolorum
3358 5281 3623 5331 suorum,
3657 5271 3714 5320 et

2071 5342 2329 5399 comedit
2376 5345 2632 5417 populus
2663 5346 2735 5403 de
2757 5348 3012 5406 victimis
3032 5351 3314 5424 ipsarum,
3346 5357 3404 5409 et
3432 5354 3715 5410 adorave-

2072 5437 2215 5487 runt
2243 5430 2403 5488 idola
2427 5433 2711 5505 ipsarum.
2733 5438 2804 5492 Et
2834 5437 3101 5497 initiatus
3132 5447 3223 5497 est
3242 5442 3423 5499 Israel
3444 5443 3724 5515 Beelphe-

388 5578 435 5614 ¹⁵
466 5580 648 5638 Exod.
680 5583 975 5673 xxxu,.28.
1014 5584 1057 5622 ³⁸
1077 5582 1236 5641 Psal.
1269 5600 1355 5656 cv,
1385 5587 1471 5642 14.
1541 5584 1585 5623 ³⁷
1614 5587 1787 5643 Num.
1820 5602 1894 5655 ιι,
1918 5586 1962 5642 4ὶ

2079 5585 2127 5624 ³⁸
2154 5585 2333 5642 Exod.
2362 5603 2529 5656 XXXII,
2561 5591 2613 5644 8.

603 5699 847 5755 Ριτιιοι.
892 5698 995 5757 Gn.
1037 5699 1291 5759 CXVIII.

3370 5714 3443 5769 25
