4156 6200
575 322 692 385 783

1693 312 2116 378 CBCUMENII
2165 314 2466 380 TRICCAE
2510 325 2863 390 EPISCOPI

3863 337 3962 394 ’184

574 459 954 512 vehementer
982 451 1052 504 de
1087 449 1209 504 suis
1244 448 1619 503 sermonibus
1649 447 1911 502 confidat
1943 452 2199 517 tanquan

2306 510 2308 514 .
2341 452 2528 527 θαρῥεῖ
2553 462 2671 519 τοῖς
2703 457 2928 522 οἰκείοις
2983 457 3175 535 λόγοις
3205 460 3278 523 ὡς
3334 458 3601 531 ἀληθέσι.
3648 460 3745 518 Καὶ
3801 459 3961 529 λοιπὸ,

577 545 726 599 veris
751 561 762 597 :
799 546 855 596 et
866 537 1243 611 postmodum
1260 537 1470 608 probat
1488 535 1832 591 idololatras
1861 552 1990 591 esse
2011 552 2080 590 ac
2103 535 2227 590 ido-

576 633 768 686 lorum
799 626 1140 700 participes,
1175 642 1276 681 eos
1317 625 1419 696 qui
1451 625 1634 681 edunt
1666 625 2012 696 idolothyta.
2049 647 2076 673 «
2111 627 2220 679 Po-

569 721 768 775 culum
803 717 1253 773 benedictionis.
1287 737 1314 764 ››
1347 715 1634 771 Poculum
1667 722 1835 770 vocat
1855 713 2221 769 benedictio-

568 809 684 874 nis,
715 807 993 878 poculum
1045 803 1626 877 sanguinis}Christi.
1661 826 1689 852 ‹‹
1724 803 1889 868 Quod
1921 801 2221 857 benedici-

569 913 720 950 mus.
755 918 781 945 »
816 894 982 959 Quod
1013 911 1135 966 prie
1168 892 1444 947 manibus
1471 892 1777 958 habentes,
1810 890 2220 946 benedicimus

566 1001 724 1052 eum,
754 983 855 1055 qui
886 983 1140 1055 gratiose
1173 981 1522 1052 sanguinem
1555 997 1728 1036 suum
1758 980 1931 1034 nobis
1976 979 2220 1052 largitus

566 1080 675 1140 est,
709 1074 818 1128 hoc
849 1077 958 1137 est,
994 1071 1213 1143 gratias
1245 1070 1495 1143 agimus.
1531 1070 1684 1126 515
1718 1069 1821 1123 Vel
1853 1068 2009 1139 quod
2036 1067 2213 1122 bene-

574 1164 841 1217 dicentes
873 1176 1300 1232 praeparamus.

645 1253 766 1307 Scis
797 1251 939 1322 quid
962 1251 1220 1305 dicam.«
1250 1251 1455 1303 Nonne
1488 1247 1950 1302 communicatio
1981 1247 2217 1318 sangui-

570 1342 664 1396 nis
715 1340 928 1395 Christi
976 1339 1118 1393 est?
1155 1360 1181 1388 »
1228 1339 1344 1392 Nos
1419 1337 1576 1390 enim
1626 1335 1855 1390 Christo
1912 1335 2220 1407 conjungit

565 1429 804 1501 sanguis
830 1429 1122 1499 ipsius,ut
1141 1427 1410 1481 membra
1441 1425 1640 1496 capiti,
1677 1441 1783 1495 per
1812 1425 2219 1496 participatio-

564 1534 720 1572 nem.
756 1538 784 1565 ‹‹
818 1515 997 1570 Panis
1029 1531 1209 1586 quem
1242 1514 1589 1586 frangimus.
1627 1536 1653 1562 »
1707 1512 1873 1578 Quod
1927 1513 1986 1568 in
2044 1529 2217 1568 cruce

563 1623 683 1660 non
707 1610 795 1660 est
816 1608 1044 1675 "passus
1069 1603 1352 1657 Dominus
1379 1602 1702 1673 (siquidem
1727 1619 1794 1657 os
1817 1602 1968 1672 ejus,
2000 1602 2213 1672 inquit,

564 1711 686 1750 non
708 1693 1125 1764 confringatur.
1136 1693 1247 1746 hoc
1261 1697 1504 1763 propter
1516 1708 1626 1746 nos
1641 1691 2218 1752 sustinetfractus.ut

564 1801 674 1840 nos
698 1784 809 1838 sibi
825 1783 1368 1854 conjungat.—Alio
1387 1781 1646 1853 modo..Ej
1659 1798 1726 1836 us
1740 1781 1897 1852 quod
1913 1780 2217 1852 prmcessit
2246 1811 2291 1874 Β
2322 1792 2582 1864 ὑπομένει

565 1873 992 1928 demonstratio
1024 1877 1113 1926 est
1158 1871 1217 1926 id
1251 1871 1407 1942 quod
1433 1871 1829 1942 subjungitur.
1867 1869 2031 1925 Unde
2049 1869 2209 1925 enim

563 1961 948 2015 manifestum
970 1967 1080 2029 est,
1111 1961 1325 2030 inquit,
1387 1960 1538 2030 quod
1574 1959 1744 2030 panis
1777 1975 1953 2030 quem
1986 1959 2208 2031 frangi-

563 2065 698 2103 mus
756 2048 1219 2104 communicatio
1266 2049 1530 2119 corporis
1561 2048 1776 2102 Christi
1837 2053 1944 2115 est,
1980 2047 2092 2102 hoc
2122 2052 2212 2102 est

563 2138 723 2208 quod
766 2154 873 2192 nos
903 2138 978 2193 ad
1035 2138 1635 2194 communicationem
1671 2137 1936 2208 corporis
1993 2135 2208 2192 Christi

562 2226 804 2281 adducit
831 2227 859 2280 ?
888 2227 1050 2282 Unde
1075 2227 1457 2282 manifestum
1472 2233 1561 2281 est
1588 2227 1773 2290 ‘?Quia
1787 2243 1969 2281 unum
1991 2242 2208 2296 corpus

563 2333 770 2370 sumus
819 2333 885 2370 ac
928 2332 1210 2371 vocamur
1249 2333 1480 2383 omnes,
1515 2316 1614 2386 qui
1643 2316 1872 2370 Christo
1904 2314 2205 2386 conjuncti

562 2421 768 2460 sumus
793 2410 1078 2476 tanquam
1099 2406 1277 2460 unius
1305 2405 1568 2476 corporis
1591 2404 1791 2474 capiti.
1815 2403 1978 2468 Quod
2010 2404 2057 2458 si
2085 2421 2204 2458 non

557 2509 664 2566 per
694 2511 908 2566 corpus
940 2501 998 2549 et
1020 2494 1370 2566 sanguinem
1390 2493 1679 2565 ipsiusjn
1712 2493 2205 2548 communicatio-

555 2598 693 2637 nem
753 2599 1268 2655 congregaremur,
1301 2599 1408 2653 per
1456 2581 1598 2652 quid
1629 2581 1792 2636 aliud
1839 2597 2105 2637 essemus
2135 2599 2202 2637 ac

553 2688 900 2728 vocaremur
929 2689 1115 2726 unum
1138 2671 1394 2742 corpus?
1425 2694 1444 2718 ι
1475 2671 1764 2736 Quoniam
1787 2688 1942 2726 unus
1970 2671 2201 2742 panis.»

553 2761 701 2826 Quia
731 2761 915 2817 dixit:
941 2783 969 2810 «
1003 2760 1471 2816 Communicatio
1502 2761 1768 2832 corporis
1801 2761 2032 2816 Domini
2056 2766 2200 2815 est.»

554 2851 798 2906 Videtur
829 2857 1027 2906 autem
1060 2850 1120 2905 id
1153 2850 1312 2921 quod
1357 2849 1760 2905 communicat
1783 2849 1946 2904 aliud
1977 2866 2106 2904 esse
2128 2849 2200 2905 ab

553 2957 620 2995 eo
656 2941 748 2996 cui
782 2939 1184 2995 communicat
1211 2955 1222 2992 :
1245 2937 1366 2994 vult
1388 2955 1549 2993 nunc
1570 2937 1882 2993 ostendere
1906 2938 2065 3009 quod
2083 2954 2202 2993 non

552 3029 1086 3094 communicamus,
1111 3027 1215 3083 sed
1247 3028 1442 3100 ipsum
1472 3027 1688 3082 Christi
1721 3043 1935 3099 corpus
1994 3043 2201 3082 omnes

553 3135 758 3174 sumus
785 3136 797 3172 :
828 3118 1341 3183 Quemadmodum
1375 3133 1517 3172 sane
1545 3118 1606 3172 in
1629 3116 2200 3188 corpore,reliquum

552 3226 587 3262 a
616 3208 806 3278 capite
837 3207 1055 3262 dicitur
1083 3207 1488 3278 corpus.Sicut
1510 3207 1671 3262 enim
1695 3168 1761 3260 in
1791 3168 1962 3277 pane,
1985 3168 2198 3276 iniquit,
2230 3168 2276 3233 ϐ

552 3313 621 3350 ex
679 3295 882 3350 multis
938 3295 1138 3367 granis
1198 3296 1261 3348 fit
1320 3313 1473 3351 unus
1507 3297 1696 3365 panis,
1723 3296 1805 3350 ita
1834 3300 1892 3349 et
1922 3312 2030 3350 nos
2061 3311 2197 3350 cum

549 3382 720 3435 multi
753 3383 961 3447 simus,
988 3399 1175 3437 unum
1199 3384 1413 3437 Christi
1437 3400 1651 3454 corpus
1676 3383 1990 3439 efficimur.
2023 3386 2198 3439 cNam

549 3485 755 3524 omnes
776 3485 848 3523 ex
879 3487 996 3525 uno
1019 3487 1171 3541 pane
1209 3471 1664 3542 ‘participamus.
1701 3495 1723 3522 ι
1763 3472 1984 3527 Deinde
2015 3473 2200 3528 ratio-

548 3574 684 3612 nem
719 3574 955 3629 quoque
985 3559 1151 3614 addit
1179 3559 1478 3630 quomodo
1505 3576 1719 3630 corpus
1749 3561 1964 3614 Christi
1983 3560 2200 3616 efficia-

549 3663 716 3702 mur:
752 3645 902 3713 Quid
933 3647 1096 3702 enim
1126 3647 1457 3718 est,inquit,
1481 3648 1653 3718 panis
1683 3648 1710 3702 ?
1730 3647 1954 3719 Corpus
1980 3665 2194 3719 nempe

547 3737 784 3794 Christi.
822 3737 970 3803 Quid
1002 3741 1200 3793 autem
1221 3736 1562 3792 efficiuntur
1586 3736 1647 3791 hi
1679 3737 1780 3807 qui
1812 3737 2197 3809 participant?

547 3832 769 3900 Corpus
827 3844 967 3883 sane
1027 3826 1262 3882 Christi.
1323 3827 1466 3881 Nam
1527 3826 1949 3896 participantes
1979 3843 2194 3898 corpus

546 3917 896 3981 Christi,nos
913 3914 1318 3987 qnoqueillud
1341 3913 1635 3970 efﬁcimur
1670 3933 1682 3970 :
1719 3916 2003 3986 quoniam
2036 3934 2190 3973 unus

549 4004 718 4073 panis
750 4009 838 4057 est
865 4003 1152 4057 Christus.
1187 4005 1267 4058 Ex
1325 4002 1531 4058 multis
1560 4021 1818 4075 namque
1847 4005 2046 4077 granis
2105 4011 2192 4077 (ut

549 4090 805 4161 exempli
836 4091 1023 4162 gratia
1052 4091 1551 4163 loquamur)unus
1579 4094 1752 4164 panis
1772 4094 1962 4149 factus
1993 4100 2100 4149 est.
2122 4097 2190 4150 Et

551 4195 659 4233 nos
681 4178 852 4234 multi
872 4196 941 4234 ex
958 4179 1080 4251 ipso
1096 4196 1215 4236 uno
1238 4181 1660 4253 participantes
1684 4183 1980 4238 efficimur
2000 4199 2186 4238 unum

541 4284 754 4340 corpus
814 4268 1052 4325 Christi.
1085 4270 1371 4333 Quoniam
1427 4271 1587 4325 enim
1619 4277 1784 4326 vetus
1815 4277 2018 4326 nostra
2048 4289 2184 4327 caro

538 4363 817 4430 corrupta
846 4363 937 4412 est
969 4357 1077 4413 sub
1135 4365 1400 4430 peccato,
1459 4376 1608 4431 opus
1656 4360 1769 4415 fuit
1823 4359 1996 4416 nobis
2035 4377 2186 4417 nova

535 4464 732 4503 carne.
767 4469 796 4498 «
828 4446 970 4502 Vide
999 4447 1182 4503 Israel
1205 4449 1380 4520 juxta
1405 4465 1664 4504 carnem.
1702 4470 1731 4498 ››
1765 4451 1877 4504 Vos
1908 4450 2183 4518 enim,in-

533 4538 1028 4610 quit,estislsrael
1052 4539 1228 4610 juxta
1250 4539 1546 4610 spiritum.
1582 4562 1610 4588 ‹‹
1653 4541 1801 4594 Num
1833 4541 1934 4610 qui
1995 4541 2183 4597 edunt
2210 4521 2257 4586 Ῑ)

533 4628 846 4683 victimas?
877 4650 906 4676 ››
933 4631 1037 4682 Per
1058 4627 1581 4699 interrogationem
1614 4627 1789 4698 legito
1820 4626 1974 4704 οὐχὶ,
2005 4629 2064 4683 id
2095 4637 2181 4685 est

533 4716 995 4781 num.Quoniam
1015 4721 1215 4770 autem
1234 4731 1370 4786 pars
1392 4714 1663 4786 quaedam
1686 4716 2179 4788 victimm,nempe

531 4804 1187 4874 adeps,cremabaturin
1207 4803 1380 4859 altari
1415 4821 1428 4857 :
1462 4821 1562 4859 eos
1585 4804 1685 4874 qui
1711 4821 1742 4859 e
1769 4804 2004 4859 victima
2043 4806 2180 4859 ede-

531 4887 673 4944 bant
696 4892 1012 4962 participes
1043 4892 1364 4964 appellavit
1398 4909 1516 4947 non
1535 4891 1808 4960 victimaa,
1829 4892 1934 4947 sed
1950 4893 2174 4949 altaris.

599 4979 755 5034 518
778 4981 842 5047 Χ,
880 4982 1212 5048 t9,20.Quid
1233 4998 1363 5051 ergo
1383 4982 1511 5036 dico
1535 4987 1563 5035 ἱ)
1583 4983 1732 5051 quod
1745 4982 1955 5037 idolum
1983 4985 2053 5037 sit
2076 4982 2178 5038 ali-

527 5066 665 5136 quid
674 5071 799 5121 I’aut
820 5069 968 5138 quod
981 5069 1339 5138 idolothytum
1351 5072 1421 5126 sit
1435 5070 1694 5141 aliquid?
1705 5071 1942 5139 Non,sed
1952 5072 2102 5142 quod
2111 5089 2175 5127 ea

522 5171 652 5226 qua?
672 5157 958 5213 immolant
978 5165 1185 5228 gentes,
1208 5160 1491 5216 dwmom'is
1517 5162 1800 5216 immolant
1824 5169 1875 5216 et
1898 5179 2009 5216 non
2041 5164 2168 5218 Deo.

589 5247 739 5301 Num
791 5247 924 5314 hoc,
975 5247 1189 5318 inquit,
1223 5248 1354 5304 dico
1386 5250 1554 5319 quasi
1598 5249 1757 5306 idola
1779 5256 1881 5306 aut
1910 5267 2040 5322 quw
2085 5253 2168 5308 eis

517 5335 926 5404 immolantur,
955 5336 1219 5406 aliquam
1265 5336 1523 5394 habeant
1561 5340 1911 5409 potentiam,
1973 5346 2031 5396 et
2087 5341 2168 5397 ita

515 5425 744 5496 possint
764 5432 868 5480 aut
896 5425 1177 5498 prodesse
1209 5432 1310 5481 aut
1339 5428 1757 5496 nocere?Non,
1779 5429 2164 5499 inquit,nullo

515 5512 695 5587 digna
717 5520 878 5582 sunt,
902 5515 1054 5571 nihil
1086 5520 1244 5572 sunt.
1279 5515 1424 5572 Nam
1456 5515 1596 5587 quia
1628 5516 1833 5572 sedulo
1865 5515 1938 5571 de
1989 5517 2165 5574 idolis

513 5608 886 5671 tractaverat,
938 5605 1160 5663 veritus
1219 5611 1310 5660 est
1369 5622 1441 5661 ne
1475 5605 1887 5662 existimarent
1917 5605 2021 5663 illa
2045 5607 2162 5664 vim

2327 547 2711 616 κατασκευάζει
2798 547 3210 625 εἱῖωλολάτρας
3288 547 3452 612 ὄντας
3517 552 3610 606 καὶ
3697 555 3961 615 κοινωνοὺς

2329 628 2576 689 εἶ’δώλων
2604 636 2729 699 τοὺς
2764 637 3034 700 ἐσθίοντας
3093 641 3159 695 τὰ
3221 637 3592 704 εἷδωλόθυτα,
3628 665 3656 692 ‹‹
3707 641 3781 696 Τὸ
3809 646 3961 711 ποτή-

2330 740 2446 794 ριον
2482 731 2582 793 τῆς
2649 726 2920 801 εὐλογίας.
2961 755 2986 779 ››
3046 732 3314 804 Ποτήριον
3386 728 3658 804 εὐλογίας
3717 732 3864 808 φησὶ,
3913 734 3962 787 τὸ

2327 814 2589 888 ποτήριον
2618 820 2714 869 τοῦ
2744 815 2977 890 αἶ’ματος
3006 823 3103 874 τοῦ
3136 821 3394 894 Χριστοῦ.
3431 820 3506 876 "0
3568 817 3911 896 εὐλογοῦμεν.
3940 847 3957 871 ιε

2324 901 2394 957 ⁴Ὀ
2428 905 2560 974 μετά
2590 912 2781 981 χεῖρας
2813 907 3038 984 ἔχοντες
3099 908 3445 986 εὐλογοῦμεν
3490 909 3585 964 τὸν
3623 911 3960 984 χαρισάμενον

2327 991 2460 1062 ἡμῖν
2489 993 2549 1046 τὸ
2581 997 2716 1068 αἷμα
2764 997 2952 1065 αύτοῦ,
3007 998 3280 1054 τουτέστιν
3333 998 3798 1073 εὐχαριστοῦμεν·
3827 1002 3885 1054 Ἠ
3935 1002 3958 1053 ὅ

2325 1075 2680 1154 εὐλογοῦντες
2701 1087 3185 1159 κατασκευάζομεν.

2397 1257 2725 1330 [OlKOl‘bL]
2766 1253 2995 1318 Οἶδαςὸ
3054 1255 3216 1331 λέγω.
3277 1282 3305 1308 ‹‹
3364 1256 3522 1334 Οὐχὶ
3581 1257 3835 1310 κοινωνία
3882 1261 3960 1310 τοῦ

2323 1340 2552 1415 αἳματος
2575 1349 2672 1398 τοῦ
2703 1349 2947 1417 Χριστοῦ
2977 1342 3088 1399 ἐστι
3125 1365 3138 1415 ;
3180 1368 3206 1395 ››
3258 1347 3536 1400 Συνάπτει
3596 1345 3700 1420 γὰρ
3733 1347 3872 1418 ἡμᾶς
3896 1350 3958 1417 τῷ

2321 1433 2562 1506 Χριστῷ,
2593 1434 2655 1488 τὸ
2686 1436 2826 1506 αἷμα
2882 1433 3069 1502 αὐτοῦ,
3121 1435 3194 1496 ὡς
3253 1433 3393 1507 μέλι,
3460 1439 3535 1508 τῇ
3597 1434 3830 1512 κεφαλῇ,
3889 1433 3960 1488 διὰ

2319 1528 2420 1590 τῆς
2455 1521 2834 1596 μεταλήψεως.
2877 1549 2905 1575 (ι
2965 1524 3072 1581 Τὸν
3127 1523 3287 1598 ἄρτον
3347 1525 3407 1579 δν
3468 1523 3722 1598 κλῶμεν.
3757 1548 3784 1575 »
3812 1528 3958 1599 Ὀπερ

2323 1611 2409 1665 ἐπὶ
2440 1616 2537 1666 τοῦ
2568 1617 2805 1686 σταυροῦ
2854 1612 2916 1667 οῦ
2947 1612 3206 1668 πέπονθεν
3241 1614 3268 1668 ὁ
3328 1613 3540 1690 Κύριος
3604 1611 3814 1686 (ὀστοῦν
3869 1615 3954 1689 γάρ

2321 1702 2509 1765 αὐτοῦ,
2568 1702 2756 1773 φησὶν,
2811 1701 2872 1756 οῦ
2958 1698 3417 1779 συντριϐήσεται),
3481 1708 3652 1759 τοῦτο
3713 1701 3782 1758 δι’
3833 1705 3956 1776 ἡμᾶς

2692 1790 2951 1848 κατακλώ
2959 1814 3138 1866 μενος,
3266 1792 3361 1848 ’ἕνα
3500 1795 3720 1869 συνάψῃ
3826 1795 3952 1866 ἡμᾶς

2319 1884 2514 1954 ἐαυτῷ.
2599 1915 2665 1923 ——
2715 1880 2962 1944 Ἀλλως.
3022 1885 3206 1955 [ΦΩΤ]
3289 1880 3602 1953 Ἀπόδειξίς
3692 1881 3798 1937 ἐστι
3874 1885 3953 1936 τοῦ

2318 1970 2609 2045 εἰρημένου
2639 1971 2701 2026 τὸ
2724 1969 3080 2047 ἐπαγόμενον.
3134 1971 3302 2026 Πόθεν
3361 1971 3469 2047 γάρ
3534 1969 3734 2041 δῆλον,
3791 1971 3951 2047 φησὶν,

2317 2059 2512 2113 ὃτιτὸν
2541 2057 2700 2132 ἄρτον
2747 2059 2804 2114 ὅν
2836 2058 3060 2133 κλῶμεν
3090 2061 3350 2115 κοινωνία
3407 2066 3512 2116 τοῦ
3573 2061 3824 2133 σώματος
3875 2063 3953 2113 τοῦ

2317 2151 2558 2222 Χριστοῦ
2589 2147 2700 2204 ἐστι
2736 2168 2750 2217 ;
2782 2152 3080 2219 τουτέστιν,
3112 2150 3194 2205 ὅτι
3241 2150 3317 2213 εἰς
3347 2151 3651 2206 κοινωνίαν
3683 2151 3826 2223 ἡμᾶς
3873 2152 3951 2201 τοῦ

2316 2240 2571 2311 σώματος
2605 2239 2824 2315 συνάγει
2853 2243 2955 2294 τοῦ
3002 2244 3270 2315 Χριστοῦ,
3295 2240 3462 2295 πόθεν
3517 2237 3692 2310 δῆλον
3733 2235 3948 2308 ς”Οτιὲν

2316 2329 2478 2401 σῶμά
2524 2326 2685 2400 ἐσμεν
2719 2327 2809 2382 καὶ
2839 2327 3158 2402 καλούμεθα
3215 2330 3268 2384 οἱ
3323 2331 3524 2393 πάντες
3580 2330 3795 2401 Χριστῷ
3841 2348 3947 2382 συν·

2314 2419 2634 2492 απτόμενοι,
2668 2421 2744 2484 ὡς
2768 2423 2867 2474 τοῦ
2921 2424 3110 2475 κοινοῦ
3152 2420 3406 2494 σώματος
3466 2419 3709 2498 κεφαλῇ.
3765 2419 3826 2475 Εἰ
3874 2418 3948 2472 οὗν

2313 2509 2392 2582 μή
2422 2510 2501 2582 τῷ
2541 2511 2756 2583 σώματι
2786 2509 2953 2566 αὐτοῦ
3009 2511 3100 2566 καὶ
3157 2517 3237 2584 τῷ
3296 2510 3490 2585 αἵματι
3547 2511 3626 2572 εἷς
3682 2509 3940 2564 κοινωνίαν

2313 2598 2676 2674 συνηγόμεθα,
2703 2601 2813 2656 τίνι
2843 2601 2905 2654 ’ἀν
2947 2601 3114 2676 ἑτέρῳ
3169 2597 3224 2655 ἓν
3280 2606 3442 2674 σῶμα
3505 2602 3646 2673 ἦμεν
3701 2598 3788 2654 καὶ
3842 2596 3942 2652 ἐκα-

2311 2684 2554 2760 λούμεθα
2589 2707 2604 2756 ς
2638 2713 2666 2740 ‹‹
2705 2693 2820 2744 Ὀτι
2854 2691 2931 2751 εἷς
2983 2689 3163 2763 ἄρτος.
3201 2713 3228 2739 ››
3286 2687 3518 2757 Ἐπειδὴ
3581 2689 3718 2744 εἴπεο
3751 2713 3776 2738 ‹‹
3824 2692 3935 2742 K0:-

2307 2775 2474 2830 νωνία
2500 2780 2597 2831 τοῦ
2628 2778 2883 2849 σώματος
2909 2781 3006 2832 τοῦ
3027 2779 3289 2854 Κυρίου.»
3316 2784 3479 2833 Δοκεῖ
3508 2775 3657 2848 δὲτὸ
3670 2779 3936 2832 κοινωνοῦν

2308 2861 2490 2941 ἕτερον
2520 2867 2653 2920 εἶναι
2685 2871 2814 2940 παρ’
2844 2865 3019 2920 ἐκεῖνο
3051 2865 3081 2921 ὅ
3109 2869 3381 2922 κοινώνει.
3446 2871 3556 2922 Νῦν
3621 2865 3764 2930 θέλει
3794 2861 3936 2933 δεῖξαι

2310 2952 2395 3009 ὅτι
2425 2952 2487 3008 οῦ
2515 2958 2906 3028 κοινωνοῦμεν,
2940 2953 3071 3011 ἀλλ’
3099 2955 3232 3011 αὑτὸ
3261 2956 3324 3011 τὸ
3355 2959 3522 3028 σῶμά
3554 2955 3712 3029 ἐσμεν
3731 2955 3939 3028 Χριστοῦ

2311 3043 2362 3097 οἱ
2415 3043 2627 3110 πάντες,
2681 3043 2861 3120 ὥσπερ
2921 3043 3113 3116 ἀμέλει
3174 3046 3334 3118 σῶμά
3391 3043 3511 3100 ἐστι
3572 3052 3675 3114 τῆς
3725 3039 3938 3120 κεφαλῆς

2309 3131 2370 3186 τὸ
2401 3132 2597 3187 λοιπὸν
2629 3137 2807 3206 σῶμα.
2869 3133 3121 3208 Καθάπερ
3161 3135 3288 3209 γάρ,
3349 3135 3544 3212 φησὶν,
3607 3135 3634 3189 ὁ
3692 3136 3840 3207 ἁρτος
3891 3127 3940 3183 ἐκ

2305 3218 2532 3276 πολλῶν
2560 3221 2772 3276 κόκκων
2816 3223 2892 3282 εἷς
2925 3221 3088 3289 ἃρτος
3120 3225 3352 3297 γίνεται,
3398 3224 3584 3285 οὕτως
3624 3222 3712 3277 καὶ
3774 3222 3932 3291 ἡμεῖς,

2305 3311 2457 3387 φησὶ,
2493 3308 2695 3365 πολλοὶ
2730 3309 2902 3380 ὅντες,
2933 3307 2987 3366 ἓν
3014 3311 3275 3388 γινόμεθα
3307 3317 3470 3385 σῶμα
3504 3315 3758 3388 Χριστοῦ.
3797 3335 3814 3358 ι
3846 3306 3931 3363 Καὶ

2303 3399 2408 3475 γὰρ
2467 3400 2660 3462 πάντες
2716 3398 2775 3455 ἐκ
2827 3405 2923 3455 τοῦ
2983 3400 3095 3463 ἑνὸς
3155 3399 3318 3475 ἃρτου
3379 3403 3768 3478 μετέχομεν.»
3824 3397 3934 3454 Εἶτα

2301 3487 2489 3564 ἐπάγει
2527 3490 2618 3544 καὶ
2669 3487 2932 3566 λογισμὸν
2992 3495 3109 3553 πῶς
3165 3493 3425 3568 γινόμεθα
3482 3498 3643 3565 σῶμα
3695 3489 3929 3563 Χριστοῦ.

2299 3576 2362 3633 Τί
2393 3577 2497 3652 γάρ
2531 3575 2662 3647 ἐστιν
2693 3578 2880 3656 φησὶν,
2914 3579 2942 3634 δ
2974 3577 3134 3654 ἄρτος
3169 3599 3182 3648 ;
3217 3581 3491 3652 Δηλονότι
3523 3586 3681 3654 σῶμα
3701 3578 3925 3652 Χριστοῦ.

2298 3664 2355 3717 Τί
2389 3663 2446 3719 δέ
2475 3665 2713 3740 γίνονται
2745 3669 2796 3720 οἱ
2846 3664 3356 3741 μεταλαμϐάνοντες
3389 3689 3403 3737 ;
3457 3669 3732 3741 Δηλονότι
3793 3669 3928 3734 σῶμα

2299 3757 2556 3828 Χριστοῦ
2621 3754 2944 3830 μετέχοντες
3003 3759 3106 3834 γάρ
3162 3763 3257 3812 τοῦ
3337 3759 3599 3832 σώματος
3670 3761 3762 3812 τοῦ
3813 3754 3923 3826 x9"

2297 3848 2446 3911 στοῦ,
2549 3845 2640 3898 καὶ
2745 3847 2910 3918 ἡμεῖς
3013 3845 3182 3902 ἐκεῖνο
3239 3849 3532 3923 γινόμεθα,
3621 3843 3795 3913 ἐπειδή
3855 3841 3919 3900 εἷς

2295 3931 2458 4007 ἄρτος
2491 3933 2518 3987 ὁ
2550 3933 2811 4006 Χριστός.
2845 3935 2940 3990 Ἐκ
2970 3935 3195 3990 πολλῶν
3223 3937 3328 4014 γάρ
3356 3937 3595 4007 κόκκων,
3630 3934 3715 3991 ἐπὶ
3767 3950 3916 4005 παραυ

2295 4019 2607 4096 δείγματος,
2640 4023 2668 4075 ὁ
2701 4021 2861 4096 ἃρτος
2894 4023 3201 4099 γινόμενος,
3253 4026 3344 4080 καὶ
3403 4029 3574 4100 ἡμεῖς
3632 4026 3680 4080 οἱ
3737 4016 3912 4076 πολλοὶ

2292 4108 2343 4181 ἐξ
2395 4109 2560 4164 αὐτοῦ
2619 4115 2716 4166 τοῦ
2775 4112 2891 4173 ἐνὸς
2977 4109 3514 4186 μεταλαμϐανόντες,
3571 4113 3820 4192 γινόμεθα
3863 4101 3910 4159 ’ἐν

2294 4203 2451 4272 σῶμα
2483 4201 2737 4274 Χριστοῦ.
2798 4197 3018 4271 Ἐπειδή
3089 4205 3192 4277 γάρ
3250 4207 3284 4272 ἡ
3326 4203 3540 4260 παλαιὰ
3595 4207 3749 4276 ἡμῶν
3801 4194 3904 4267 σάρξ

2291 4287 2495 4367 ἐφθάρη
2531 4289 2633 4344 ὑπὸ
2661 4295 2761 4358 τῆς
2795 4289 3082 4364 ἁμαρτίας,
3116 4289 3330 4362 ἐδέησεν
3360 4295 3499 4366 ἡμῖν
3557 4291 3747 4365 σαρκὸς
3786 4284 3901 4342 νέας·

2291 4402 2318 4429 (ι
2354 4376 2530 4434 Βλέπε
2559 4379 2649 4434 τὸν
2683 4379 2903 4454 Ἰσραὴλ
2932 4381 3066 4435 κατὰ
3098 4381 3289 4456 σάρκα.
3327 4407 3354 4433 ››
3385 4384 3569 4456 Ἱ“μεῖς
3617 4385 3738 4458 γὰρ,
3768 4374 3899 4456 φησί,

2287 4469 2421 4522 κατά
2451 4474 2662 4540 πνεῦμα
2693 4467 2810 4522 ἐστὶ
2836 4468 3078 4544 Ἰσραήλ.
3113 4495 3141 4522 ‹‹
3191 4471 3334 4528 Οὐχὶ
3407 4473 3458 4527 οἱ
3515 4474 3770 4537 ἐσθίοντες
3823 4463 3902 4521 τάς

2288 4557 2474 4618 θυσίας
2508 4577 2521 4626 ;
2548 4582 2576 4609 ››
2608 4557 2757 4614 Κατὰ
2795 4556 3060 4632 ἐρώτησιν
3097 4559 3392 4636 ἀνάγνωθι.
3423 4561 3647 4632 Ἐπειδὴ
3681 4557 3734 4615 δὲ
3763 4557 3899 4629 μέρος

2286 4667 2339 4702 τι
2367 4651 2463 4701 τοῦ
2495 4647 2731 4718 θύματος
2763 4649 2883 4701 οἷον
2906 4648 2968 4702 τὸ
2998 4650 3157 4724 στέαρ
3187 4653 3510 4707 καταγαίετο
3549 4653 3599 4707 ἐν
3639 4654 3712 4721 τῷ
3739 4651 3897 4700 θυσια-

2287 4735 2662 4810 στηρίῳ,τοῦς
2695 4734 2754 4790 ἐκ
2797 4740 2894 4792 τοῦ
2941 4736 3107 4793 αὐτοῦ
3159 4741 3400 4812 θύματος
3456 4741 3746 4809 ἐσθίοντας,
3796 4752 3892 4786 κοί·

2285 4827 2483 4885 νωνοὺς
2516 4823 2765 4880 ἐκάλεσεν
2799 4825 2859 4881 οὐ
2886 4832 2987 4882 τοῦ
3019 4833 3174 4898 Θεοῦ,
3206 4827 3354 4885 ἀλλὰ
3383 4835 3477 4886 τοῦ
3519 4823 3888 4898 θυσιαστηρίου.

2356 4912 2413 4967 Τί
2444 4913 2533 4968 οὖν
2563 4912 2708 4987 φημί
2739 4932 2753 4982 ;
2787 4913 2870 4968 ὃτι
2902 4912 3137 4970 εἶ’δωλόν
3168 4916 3221 4971 τί
3253 4915 3416 4972 ἐστιν·
3459 4921 3495 4990 ἢ
3555 4919 3634 4975 ὅτι
3687 4908 3888 4970 εἴδωλόν

2283 5001 2436 5057 θυτόν
2461 5000 2600 5056 ἐστιν
2638 5019 2652 5068 ;
2687 5000 2842 5057 Ἀλλ’
2875 5004 2957 5058 ὃτι
2989 5004 3024 5058 ἅ
3051 5005 3162 5059 θύει
3193 5007 3259 5060 τὰ
3286 5005 3437 5078 ἔθνη,
3499 5006 3768 5082 δαιμονοις
3795 4997 3887 5063 θύει

2280 5091 2371 5147 καὶ
2402 5089 2464 5146 οὔ
2495 5094 2630 5162 Θεῷ.

2549 3845 2640 3898 καὶ

2349 5244 2436 5310 Μὴ
2494 5241 2596 5317 γὰρ
2682 5245 2866 5311 τοῦτο,
2921 5245 3077 5320 φησὶ,
3133 5245 3303 5324 λέγω,
3355 5250 3429 5312 ὡς
3504 5249 3733 5329 ἐχόντων
3780 5235 3880 5329 τινά

2275 5329 2432 5406 ἶσχῦν
2470 5333 2576 5382 τῶν
2610 5325 2857 5384 εἰδώλων
2967 5337 3074 5387 τῶν
3121 5323 3400 5409 θυὸμένων
3452 5323 3646 5402 αὐτῶν,
3675 5331 3755 5389 καὶ
3803 5323 3876 5379 διὰ

2271 5423 2436 5476 τοῦτο
2469 5414 2779 5489 δυναμένων
2811 5415 2848 5487 ἤ
2871 5419 3154 5499 ὠφελῆσαι
3183 5424 3217 5493 ἦ
3253 5423 3462 5501 βλάψαι
3488 5447 3501 5497 ;
3530 5423 3685 5500 Οῦχῖ,
3717 5413 3876 5499 φησῖνν

2272 5503 2489 5570 οὐδενός
2520 5506 2653 5562 εἰσιν
2696 5507 2835 5577 ἃξια,
2894 5506 3045 5566 οὐδέν
3101 5513 3254 5572 εἰσιν.
3313 5515 3534 5587 Ἐπειδὴ
3591 5515 3686 5591 γὰρ
3714 5507 3877 5564 ὲσπου·

2271 5597 2674 5672 δαιολογήσατο
2705 5597 2960 5670 περὶτῶν
2993 5597 3264 5674 εἰδώλων,
3331 5588 3688 5684 ἐθοϐγςθημή
3743 5588 3884 5664 νομί·
