4156 6200
296 390 413 451 785

1275 388 1677 450 COMMENT.
1727 384 1803 443 IN
1848 383 2095 444 EPIST.
2149 383 2166 443 Ι
2211 387 2319 445 AD
2364 386 2735 448 CORlN'l‘H.

3582 391 3702 452 786

294 545 458 581 σωσιν
487 519 634 599 ἔχειν
665 522 789 577 τινὰ
817 518 977 598 ἰσχὺν
1001 518 1157 575 αὐτά.
1190 542 1218 572 ιι
1246 520 1369 577 Ὅτι
1399 516 1628 574 ε’ίδωλόν
1660 516 1710 573 τί
1743 515 1935 572 ianva

2055 517 2317 588 aliquam
2348 518 2588 577 habere.
2624 542 2651 570 ι(
2686 520 2852 587 Quod
2909 520 3137 578 idolum
3171 523 3248 578 sit
3288 523 3538 595 aliquid.
3573 548 3601 576 ››
3631 559 3701 569 -

292 647 362 656 —
646 610 771 691 Οὐχ
790 610 876 667 ’ὁτι
897 608 1008 666 ἐστί
1028 629 1081 664 τι
1103 608 1170 664 τὰ
1189 606 1419 677 εἶ’δωλα,
1443 604 1535 662 διὰ
1552 612 1717 663 τοῦτο
1745 604 1950 661 κωλύω

296 706 405 758 τῶν
466 699 846 757 εἰδωλοθύτων
898 697 1171 774 γεύεσθαι.
1236 698 1565 774 Προείρηται
1594 698 1696 771 γὰρ
1728 695 1946 750 ὅτιτῶν

301 793 378 865 μή
442 786 611 845 ὄντων
665 787 779 844 ἐστὶ
834 787 925 843 καὶ
991 787 1344 861 ἀνυπάρκτων
1406 786 1524 841 κατ’
1582 783 1791 852 οὐσίαν,
1857 783 1948 837 καὶ

296 882 423 936 οὔτε
456 873 672 956 βλάϐην
712 874 837 934 οὔτε
866 875 1137 951 ὠφέλειαν
1176 869 1397 951 ἔχουσιν
1433 873 1591 949 ἴσχὺν
1619 871 1944 949 προξενῆσαί

292 990 419 1027 τινι.
454 967 635 1025 Ἀλλᾶ
683 964 777 1022 διὰ
819 969 982 1022 τοῦτο
1039 964 1265 1033 κωλύω,
1297 962 1381 1020 δτι
1422 960 1512 1017 διὰ
1539 966 1648 1017 τῶν
1695 958 1941 1017 είδώλων

288 1063 407 1119 τοῖς
467 1054 692 1129 δαίμοσι
748 1054 1077 1131 προσάγεται
1160 1056 1196 1123 ἡ
1276 1052 1451 1110 θυσία.
1512 1057 1642 1113 Ηῶς
1698 1049 1793 1106 οὖν
1845 1048 1945 1104 οὐκ

287 1146 509 1202 αὐτόθεν
588 1143 890 1221 βδελυκτὸν
949 1144 1037 1198 καὶ
1106 1141 1335 1222 φευκτὸν
1388 1141 1451 1197 τὸ
1513 1134 1944 1214 μεταλαμϐάνειν

288 1233 620 1308 δαιμονικῆς
678 1233 885 1303 θυσίας,
942 1232 1034 1288 καὶ
1092 1229 1163 1287 δι’
1219 1230 1389 1301 αὐτῆς
1463 1229 1650 1291 αὐτοῖς
1713 1228 1943 1291 ἰκείνοις

289 1323 546 1400 ἔρχεσθαι
578 1323 654 1385 εἷς
683 1321 969 1379 κοινωνίαν
996 1340 1010 1389 ;
1064 1320 1200 1378 Εῖνα
1228 1318 1319 1375 καὶ
1350 1317 1442 1375 διὰ
1466 1324 1567 1388 τῆς
1597 1316 1939 1392 παραθέσεως

282 1422 388 1485 τῆς
420 1419 691 1482 Κυριακῆς
719 1412 995 1488 τραπέζης
1051 1410 1144 1465 καὶ
1200 1412 1300 1464 105
1342 1411 1616 1483 Κυριακοῦ
1644 1406 1938 1479 ποτηρίου»

288 1502 503 1577 μᾶλλον
562 1501 785 1579 ἐλέγχει
838 1500 902 1556 τὸ
958 1499 1159 1556 ἄτοπον
1216 1504 1326 1555 τῶν
1382 1496 1690 1572 γευομένων
1733 1496 1767 1551 ἅ
1798 1495 1938 1552 ἐστιν

289 1591 648 1657 εἰδωλόθυτα.
707 1590 810 1647 Καὶ
870 1589 969 1665 ὅρα
1041 1589 1105 1645 τὸ
1191 1587 1377 1666 σοφόν·
1436 1588 1555 1643 κατ’
1610 1587 1787 1665 ἀρχὰς
1841 1586 1963 1659 μὲνν

287 1682 470 1759 ἠρέμα
526 1702 645 1744 πως
697 1680 899 1749 ἥπτετο
953 1683 1060 1735 τῶν
1133 1676 1403 1754 ἐλέγχων,
1454 1678 1663 1753 προϊὼν
1720 1673 1797 1745 δὲ,
1857 1675 1933 1738 ὡς

285 1772 531 1840 ἰνταῦθα,
608 1767 733 1826 λίαν
808 1774 1020 1845 πικρῶς
1091 1762 1418 1824 ὶπευϐαίνει.
1486 1791 1514 1818 «ι
1572 1767 1634 1824 Ἀ
1697 1764 1809 1821 θύει
1868 1764 1934 1820 τὰ

2060 607 2183 661 Non
2214 606 2373 678 quod
2401 607 2631 680 aliquid
2663 609 2785 665 sint
2815 609 2997 678 idola,
3027 618 3344 685 propterea
3374 612 3707 687 idolothyta

2055 701 2291 767 gustare
2329 696 2636 768 prohibeo.
2667 697 2900 755 Dictum
2928 704 3018 756 est
3047 701 3206 757 enim
3233 701 3392 774 quod
3423 720 3557 759 cum
3583 721 3705 760 non

2056 785 2198 851 sint,
2228 802 2338 842 nec
2363 786 2587 843 habent
2615 805 2745 844 esse
2776 788 3107 846 secundum
3140 791 3535 849 substantiam
3559 810 3572 848 :
3601 810 3705 849 ne-

2054 890 2170 946 que
2200 875 2317 929 vim
2350 875 2574 932 habent
2600 882 2669 932 ut
2696 876 2875 934 alicui
2910 877 3197 935 damnum
3229 885 3333 936 aut
3384 881 3705 938 utilitatem

2053 964 2305 1019 aﬂ‘erant
2336 980 2350 1019 :
2383 963 2488 1021 sed
2523 964 2746 1022 idcirco
2776 967 3090 1038 prohibeo,
3122 969 3266 1040 quia
3292 986 3399 1041 per
3419 969 3581 1027 idola
3608 971 3706 1027 de-

2052 1052 2329 1108 monibus
2353 1054 2686 1110 offeruntur
2713 1056 3337 1123 sacrificia.Quomodo
3368 1075 3505 1130 ergo
3531 1077 3602 1115 ex
3633 1076 3701 1117 eo

2050 1141 2519 1199 abominandum
2550 1160 2670 1199 non
2704 1145 2817 1200 erit
2844 1161 2913 1201 ac
2966 1145 3311 1219 fugiendum
3347 1148 3704 1221 participare

2048 1247 2260 1288 mensa
2289 1232 2746 1299 daamoniaca.et
2764 1249 2872 1306 per
2901 1250 3032 1291 eam
3063 1235 3139 1291 ad
3160 1235 3299 1291 illos
3320 1236 3481 1309 ipsos
3503 1239 3703 1294 venire

2049 1320 2111 1376 in
2141 1322 2628 1377 communionem
2650 1322 2678 1378 ?
2706 1322 2930 1379 Deinde
2960 1341 3067 1395 per
3106 1326 3614 1397 comparationem
3646 1334 3705 1383 et

2046 1409 2483 1481 appositionem
2506 1411 2829 1466 Dominicas
2856 1428 3078 1469 mensa)
3101 1420 3161 1469 et
3189 1413 3385 1486 poculi
3411 1415 3700 1471 Dominici

2045 1499 2235 1571 magis
2264 1498 2458 1571 arguit
2485 1499 2808 1555 absurdum
2844 1516 3051 1556 eorum
3079 1501 3302 1558 factum
3341 1503 3442 1575 qui
3502 1504 3697 1560 idolo-

2044 1586 2212 1657 thyta
2256 1586 2590 1661 degustant.
2648 1588 2718 1642 Et
2759 1589 3073 1646 considera
3128 1589 3258 1662 ejus
3315 1592 3693 1663 sapientiam.

2042 1676 2209 1732 Circa
2220 1676 2394 1733 initia
2406 1676 2647 1749 quidem
2660 1678 2885 1733 sensim
2900 1678 3339 1751 quodammodo
3361 1688 3695 1755 argumenta

2042 1765 2235 1837 attigit
2263 1782 2275 1819 :
2315 1764 2375 1820 in
2405 1782 2723 1838 progressu
2749 1783 3132 1840 vero,nempe
3161 1768 3274 1824 hoc
3304 1769 3458 1841 loco,
3476 1773 3692 1827 acriter

284 1862 435 1934 ἔθνη.
471 1886 500 1916 ››
530 1862 608 1919 Οὔ
669 1859 819 1938 λέγω
874 1861 958 1917 ὅτι
1017 1854 1210 1938 ἔχουσι
1263 1857 1383 1914 τινὰ
1421 1857 1581 1954 ίσγὺν
1602 1856 1676 1954 τὰ
1704 1853 1930 1954 εἷ’δωλα,

2049 1852 2356 1910 invehitur.
2391 1877 2411 1903 ι
2443 1856 2524 1910 Ea
2554 1870 2684 1926 quas
2717 1856 3033 1912 immolant
3070 1864 3296 1930 gentes.
3333 1880 3362 1908 »
3395 1861 3519 1915 Non
3559 1859 3691 1915 dico

278 1951 404 2009 ἀλλ’
436 1951 544 2022 ὅτι,
606 1950 766 2023 μησὶ,
820 1948 888 2005 τὰ
945 1948 1157 2023 θύματα
1213 1947 1276 2003 οὐ
1331 1951 1468 2018 Θεῷ,
1527 1944 1673 2002 ἀλλὰ
1705 1943 1930 2019 δαίμοσι

276 2040 485 2099 θύεται.
542 2042 629 2110 Μὴ
683 2039 864 2095 τοίνυν
918 2036 1085 2113 τρέχε
1141 2035 1229 2093 ἐπὶ
1284 2036 1352 2093 τὰ
1410 2035 1617 2110 μισητᾶ
1657 2039 1798 2107 Θεῷ.
1826 2035 1930 2091 Καὶ

274 2130 379 2206 γᾶρ
405 2130 452 2185 εἰ
480 2129 567 2184 καὶ
603 2127 895 2205 βασιλικῆς
958 2133 1208 2202 μετεῖχες
1265 2125 1560 2201 τραπέζης,
1606 2125 1697 2182 καὶ
1725 2124 1926 2196 ταύτην

275 2219 432 2298 ἀφεὶς
490 2218 578 2274 ἰπὶ
634 2219 731 2280 τὰς
783 2221 892 2273 τῶν
952 2212 1259 2272 καταδίκων
1318 2210 1562 2292 ἔτρεχες,
1594 2212 1653 2270 εὖ
1683 2212 1927 2282 ἔποίεις;

272 2310 381 2385 οὐχ
426 2311 513 2365 δτι
543 2303 810 2365 ἔϐλαπτεν
840 2307 876 2378 ἢ
909 2306 1113 2381 ὠιρέλει
1144 2304 1345 2376 ἐκείνη,
1377 2303 1503 2361 ἀλλ’
1530 2306 1617 2359 ὃτι
1652 2299 1927 2379 ένύϐριζες

269 2401 371 2469 τὴν
408 2396 569 2474 βασιλ
579 2400 700 2468 ικὴν
731 2397 1020 2472 τράπεζαν.

349 2649 426 2705 Οὐ
459 2644 606 2703 θέλω
666 2644 723 2701 δὲ
778 2646 917 2719 ὑμᾶς
974 2644 1265 2706 κοινωνοὺς
1329 2648 1438 2700 τῶν
1504 2640 1781 2717 δαιμόνων
1844 2644 1926 2719 γί-

270 2748 476 2801 νεσθαι.
565 2736 645 2793 Ού
736 2731 959 2790 δυνάσθε
1063 2735 1335 2807 ποτήριον
1432 2732 1636 2808 Κύρίου
1729 2731 1925 2800 πίνειν,

267 2826 361 2881 καὶ
429 2827 697 2901 ποτήριον
802 2822 1120 2898 δαιμονίων.
1189 2821 1267 2880 Ού
1336 2819 1559 2886 δύνασθε
1654 2819 1928 2897 τραπέζης

271 2916 479 2990 Κυρίου
549 2913 822 2993 μετέχειν,
915 2914 1003 2968 καὶ
1096 2911 1369 2987 τραπέζης
1465 2909 1785 2985 δαιμονίων.
1854 2913 1923 2967 "ll

270 3001 700 3081 παραζηλοῦμεν
808 3001 900 3056 τὸν
1006 3000 1271 3077 Κύριον;
1377 3000 1472 3069 Μή
1577 2997 1925 3075 ἰσχυρότεροι

273 3092 441 3149 αὐτοῦ
468 3091 626 3164 ἐσμεν
649 3110 663 3159 ;

342 3181 406 3237 Εί
437 3181 540 3258 γὰρ
575 3180 626 3235 οἱ
656 3186 757 3250 τῆς
792 3185 1061 3253 μυστικῆς
1121 3174 1444 3257 μετέχοντες
1495 3175 1767 3251 τραπέζης
1795 3196 1921 3230 κοι-

2038 1943 2154 1998 vim
2185 1943 2447 2015 aliquam
2471 1944 2691 2000 habere
2711 1944 3003 2013 idola,sed
3034 1945 3195 2016 quod
3228 1963 3297 2002 ea
3326 1964 3456 2019 quas
3483 1948 3693 2004 immo-

2037 2032 2257 2101 lantur,
2291 2050 2410 2089 non
2440 2035 2583 2101 Deo,
2631 2033 2734 2090 sed
2783 2034 3101 2091 dmmoniis
3150 2036 3557 2094 immolantur.
3608 2040 3687 2095 Ne

2036 2139 2174 2196 ergo
2204 2123 2277 2180 ad
2310 2140 2379 2179 ea
2408 2141 2613 2180 curras
2643 2141 2775 2196 quas
2807 2125 2926 2181 Deo
2958 2125 3362 2182 abominanda
3395 2134 3555 2183 sunt.
3586 2131 3687 2183 Et-

2036 2214 2195 2267 enim
2219 2214 2511 2285 numquid
2524 2214 2905 2270 benefaceres
2928 2215 3320 2286 si,postquam
3335 2216 3510 2289 regia
3523 2234 3686 2273 men-

2036 2314 2114 2351 sa;
2146 2298 2443 2370 particeps
2475 2298 2721 2354 eil‘ectus
2741 2298 3055 2367 fuisses,ac
3079 2299 3288 2356 relicta
3316 2299 3391 2355 ad
3411 2301 3683 2357 inimico-

2033 2402 2167 2441 rum
2190 2403 2429 2442 mensas
2461 2388 2776 2443 curreres?
2799 2404 2921 2443 non
2952 2389 3113 2459 quod
3143 2389 3235 2444 has
3269 2396 3557 2446 nocerent
3584 2397 3688 2447 aut

2026 2474 2327 2546 juvarent,
2386 2475 2488 2531 sed
2561 2475 2720 2546 quod
2796 2476 3017 2548 injuria
3072 2476 3342 2534 afflceres
3415 2495 3684 2536 mensam

2035 2564 2258 2636 regiam
2269 2606 2282 2619 .

2104 2654 2170 2718 Χ,
2203 2656 2389 2719 2|,22.
2427 2675 2454 2703 «
2487 2653 2677 2709 Nolim
2710 2658 2911 2710 autem
2937 2671 3038 2709 vos
3068 2660 3377 2711 consortes
3408 2656 3537 2711 fieri
3565 2656 3689 2711 daa-

2038 2766 2059 2791 ι
2095 2744 2494 2798 monum.Non
2525 2743 2778 2815 potestis
2817 2743 3098 2815 poculum
3129 2744 3363 2798 Domini
3393 2743 3686 2810 bibere,et

2032 2853 2063 2883 «ι
2093 2832 2375 2904 poculum
2405 2832 2861 2888 daamoniorum.
2890 2833 3016 2887 Non
3047 2832 3294 2902 potestis
3317 2848 3539 2887 mensas
3569 2832 3683 2886 Do-

2033 2943 2061 2971 ‹‹
2096 2921 2241 2976 mini
2272 2921 2591 2993 participes
2625 2936 2776 2985 esse,
2800 2924 2859 2974 et
2882 2935 3105 2975 mensas
3135 2918 3683 2975 daamoniorumAn

2032 3030 2062 3059 «
2095 3008 2412 3064 Dominum
2443 3008 2518 3064 ad
2574 3007 3013 3063 aemulationem
3078 3024 3486 3079 provocamus.
3531 3010 3681 3064 Num

2033 3121 2061 3148 ι(
2103 3098 2379 3153 fortiores
2412 3097 2514 3152 illo
2548 3112 2756 3152 sumus
2778 3095 2807 3151 ‘P
2839 3119 2861 3145 ι

2105 3186 2163 3240 Si
2211 3185 2371 3240 enim
2419 3184 2519 3256 qui
2574 3184 2839 3256 mystica:
2888 3201 3112 3241 mensas
3159 3185 3476 3257 participes
3524 3191 3683 3251 sunt,

263 3238 802 3344 vwvo50t.Xpto-1'q5,.
848 3267 899 3322 οἱ
958 3238 1233 3339 δαιμόνων
1252 3238 1597 3341 ’μετέχοντες
1648 3238 1920 3339 τραπέζης

2220 3238 2370 3240 νὴ
2430 3238 2495 3256 τί

2049 3275 2260 3331 )hristo
2285 3274 2937 3337 communicant,etiam
2973 3275 3074 3346 qui
3098 3274 3438 3330 daemonum
3461 3291 3683 3331 mensas

267 3355 530 3430 δηλονότι
562 3355 785 3432 δαίμοσι
816 3359 1188 3414 κοινωνοῦσιν.
1221 3378 1249 3406 ιι
1284 3352 1361 3413 Ού
1402 3350 1629 3409 δύνασθε
1656 3353 1919 3427 ποτήριον

273 3447 476 3522 Κυρίου
532 3447 729 3504 πίνειν,
792 3469 821 3497 »
884 3441 1106 3514 Ἐπειδὴ
1195 3442 1247 3498 ἒν
1330 3443 1477 3513 τάζει
1562 3441 1923 3518 παραινέσεως

274 3536 517 3609 εἰρήκαι,
574 3534 638 3590 οὐ
670 3534 816 3599 θέλω
874 3534 1017 3607 ὑμᾶς
1073 3530 1367 3595 κοινωνοὺς
1396 3536 1503 3587 τῶν
1536 3529 1807 3606 δαιμόνων
1837 3531 1926 3608 γί-

283 3646 484 3693 νεσται,
538 3622 634 3678 ’ἱνα
692 3624 771 3698 μὴ
828 3626 864 3693 ἡ
924 3621 1232 3697 παραίνεσις
1286 3623 1693 3701 καταφρονηθῇ,
1724 3624 1814 3676 νῦν
1856 3622 1929 3684 ὡς

280 3714 480 3784 ἐντάξει
513 3714 836 3792 ἀποφάσεως
866 3710 997 3768 αὐτὸ
1037 3711 1267 3767 τέθεικεν
1322 3711 1509 3766 εἰπών’
1540 3734 1568 3762 ‹‹
1597 3709 1675 3767 Οὖ
1708 3707 1931 3765 δύνασθε

280 3806 546 3880 ποτήριον
580 3802 780 3881 Κυρίου
826 3796 997 3858 πίνειν
1057 3802 1147 3858 καὶ
1207 3804 1469 3877 ποτήριον
1504 3797 1817 3875 δαιμονίων.
1852 3799 1931 3857 Ού

277 3891 510 3958 δύνασθε
562 3896 838 3970 τραπέζης
897 3892 1105 3968 Κυρίου
1193 3893 1440 3967 μετέχειν
1500 3890 1592 3946 καὶ
1659 3891 1932 3967 τραπέζης

214 4014 219 4019 -
281 3982 605 4057 δαιμονίων.
640 4007 668 4034 ››
724 3984 822 4039 Ἐκ
882 3981 1060 4055 μόνων
1115 3986 1220 4037 τῶν
1280 3981 1563 4054 ὀνομάτων
1618 3980 1813 4056 Κυρίου
1843 3980 1932 4034 καὶ

286 4072 588 4148 δαιμόνων,
644 4070 1000 4128 κατεσκεύασε
1058 4072 1159 4141 τὴν
1212 4070 1471 4128 κώλυσιν.
1523 4094 1551 4122 ‹‹
1583 4072 1655 4127 ’Ἦ
1685 4075 1933 4142 παραζη-

291 4163 496 4237 λοῦμεν
550 4164 641 4218 τὸν
703 4162 944 4238 Κύριον;
978 4183 1006 4212 ιι
1066 4161 1455 4236 Ἐντρεπτικῶς
1508 4159 1641 4215 αὐτὸ
1684 4155 1935 4215 τέθεικεν.

283 4256 353 4310 Ἠ
385 4253 713 4327 πειραζομεν
767 4251 858 4306 καὶ
911 4250 1312 4325 παρακνίζομεν
1371 4248 1462 4303 τὸν
1519 4247 1671 4317 Θεδν,
1706 4245 1938 4303 εἰδύνα-

288 4363 376 4399 ται
407 4340 638 4397 κολασαι
669 4342 859 4415 ἡμᾶςς
921 4340 1052 4395 Εἶτα
1111 4338 1186 4400 εἰς
1243 4337 1336 4393 τὸν
1378 4337 1453 4402 εἰς
1481 4335 1682 4392 ἄτοπον
1714 4336 1940 4411 ἀπαγω-

289 4432 393 4509 γην
449 4429 744 4505 ἐξέρχεται.
808 4430 901 4498 Μὴ
965 4427 1316 4503 ἰσχυρότεροι
1379 4424 1543 4481 αὐτοῦ
1612 4423 1793 4498 ἐσμὲν,
1848 4423 1939 4477 καὶ

288 4521 643 4595 πειράζομεν,
672 4518 762 4574 καὶ
784 4517 1185 4590 παρακνίζομεν
1209 4542 1225 4584 ς

365 4699 547 4754 Πάντα
607 4719 701 4772 μοι
759 4692 977 4767 ἔξεστιν,
1049 4692 1179 4750 ἀλλ’
1267 4692 1329 4749 ού
1394 4694 1565 4749 πάντα
1647 4693 1935 4772 συμφέρει.

294 4789 475 4844 Πάντα
552 4808 647 4860 μοι
721 4780 939 4859 ἔξεστιν,

635 4965 678 5021 ΙΙ
687 4968 746 5018 ἄν
848 4962 911 5017 τὸ
1041 4959 1096 5015 ἐν
1217 4957 1481 5033 μακέλλῳ

290 4960 533 5028 ἕκαστος.

295 5054 515 5120 ἐσθίετε.

1037 4782 1163 4840 ἀλλ’
1251 4780 1313 4838 ού
1387 4783 1556 4839 πάντα
1630 4780 1938 4856 οἰκοδομεῖ.

293 4873 497 4948 Μηδεὶς
551 4876 614 4931 τὸ
674 4875 868 4930 ἑαυτοῦ
948 4872 1203 4943 ζητείτω,
1282 4870 1427 4927 ἂλλᾶ
1483 4872 1547 4927 τὸ
1601 4875 1699 4926 105
1756 4872 1940 4945 ἑτέρου

1583 4956 1941 5033 πωλούμενον

605 5050 773 5128 μηδὲν
869 5052 1245 5125 ἀνακρινοντες
1328 5044 1419 5103 διὰ
1501 5049 1603 5118 τήν
1695 5044 1940 5118 συνείδη-

2032 3363 2352 3436 participes
2403 3369 2543 3418 sunt
2583 3362 2956 3419 dmmonibus
3006 3370 3166 3419 certe
3214 3365 3681 3420 communicant.

2035 3476 2063 3503 ιι
2098 3454 2224 3508 Non
2245 3452 2492 3524 potestis
2526 3452 2807 3525 poculum
2831 3452 3067 3507 Domini
3093 3452 3315 3509 bibere.
3345 3475 3374 3503 »
3393 3453 3683 3518 Quoniam

2036 3558 2144 3614 per
2172 3540 2415 3597 modum
2436 3540 2869 3596 adhortationis
2895 3540 3180 3597 dixerat.«
3213 3541 3405 3597 Nolim
3427 3559 3528 3598 vos
3548 3558 3686 3598 con-

2037 3637 2228 3687 sortes
2259 3630 2387 3685 fieri
2420 3629 2783 3696 daamonum,
2820 3650 2848 3680 »
2883 3630 3034 3687 517
3072 3647 3146 3686 ne
3179 3631 3543 3703 despiciatur
3588 3631 3695 3687 ad-

2041 3720 2486 3788 hortatio,nunc
2515 3719 2675 3775 idem
2709 3736 2814 3791 per
2842 3718 3087 3774 modum
3128 3721 3442 3775 sententiae
3472 3721 3704 3791 posuit,

2042 3810 2247 3867 dicens
2281 3828 2295 3865 :
2328 3833 2357 3860 «
2392 3812 2516 3866 Non
2549 3810 2798 3882 potestis
2828 3809 3110 3881 poculum
3143 3809 3381 3863 Domini
3412 3808 3620 3864 bibere
3645 3815 3704 3863 et

2041 3899 2322 3973 poculum
2348 3899 2936 3954 daamoniorum.Non
2958 3898 3206 3968 potestis
3221 3913 3442 3952 mensae
3462 3898 3698 3953 Domini

2042 3988 2363 4060 participes
2376 4003 2506 4043 esse
2522 3992 2582 4041 et
2596 4002 2818 4041 mensae
2833 3985 3289 4041 daemoniorum.
3301 4006 3322 4035 ι
3341 3986 3423 4040 Ex
3435 3984 3579 4041 solis
3592 4002 3702 4041 no-

2045 4077 2307 4133 minibus
2324 4075 2551 4131 Domini
2564 4081 2620 4130 et
2633 4074 2965 4129 daamonum
2979 4074 3332 4130 contirrravit
3345 4075 3699 4147 prohibitio-

2046 4184 2242 4225 nem.«
2258 4173 2348 4222 An
2364 4167 2678 4223 Dominum
2695 4164 2769 4221 ad
2785 4165 3225 4221 aemulationem
3239 4164 3700 4239 provocamus?»

2046 4255 2344 4312 Terrentis
2375 4271 2539 4310 more
2572 4253 2683 4309 hoc
2714 4253 3031 4326 posuitAn
3055 4258 3353 4309 tentamus
3374 4259 3476 4308 aut
3500 4253 3697 4306 irrita-

2049 4361 2182 4399 mus
2208 4345 2622 4408 Deum,utrum
2646 4342 2836 4414 possit
2859 4359 2970 4398 nos
2989 4341 3243 4415 punire?
3264 4340 3487 4397 Deinde
3510 4345 3701 4394 trans-

2052 4432 2246 4488 eundo
2280 4432 2542 4488 ostendit
2564 4431 2721 4503 quod
2755 4431 2867 4487 hoc
2899 4431 2973 4488 ad
3004 4431 3063 4486 id
3091 4431 3247 4502 quod
3269 4429 3591 4486 absurdum
3615 4431 3705 4483 est

2050 4522 2296 4579 inducat
2323 4538 2336 4576 :
2371 4524 2520 4578 Num
2549 4522 2827 4578 fortiores
2849 4521 2953 4576 illo
2979 4537 3205 4589 sumus,
3226 4526 3294 4575 ut
3318 4524 3615 4574 tentemus
3646 4521 3705 4572 et

1970 4595 2015 4660 ἱ)
2046 4612 2351 4668 irritemus
2370 4612 2398 4667 ?

2117 4703 2193 4763 Χ,
2214 4704 2403 4757 22-26.
2429 4724 2457 4751 «
2483 4702 2698 4758 Omnia
2727 4700 2873 4756 mihi
2894 4700 3166 4763 licent,at
3186 4714 3307 4755 non
3333 4697 3535 4752 omnia
3554 4712 3699 4751 con-

2048 4814 2076 4841 ‹‹
2112 4790 2577 4847 ducunt.0mnia
2607 4790 2751 4845 mihi
2785 4787 3101 4856 licent,sed
3131 4804 3251 4843 non
3282 4786 3484 4842 omnia
3514 4784 3704 4840 sediti-

2049 4904 2074 4928 «ι
2111 4886 2267 4935 cant.
2304 4881 2483 4935 Nemo
2516 4878 2675 4949 quod
2711 4894 2883 4933 suum
2917 4883 3005 4932 est
3036 4880 3281 4948 quaerat,
3316 4874 3416 4931 sed
3450 4875 3702 4947 quisque

2050 4990 2079 5019 ‹‹
2108 4968 2267 5040 quod
2294 4974 2385 5023 est
2414 4967 2876 5023 alterius.0mne
2896 4965 3056 5038 quod
3077 4965 3138 5021 in
3160 4964 3410 5021 macello
3431 4963 3707 5019 venditur

2055 5076 2079 5107 ε
2112 5056 2449 5124 edite,nihil
2506 5055 2897 5111 discutientes
2946 5059 3189 5127 propter
3251 5052 3702 5109 conscientiam.

297 5164 401 5201 σιν.
478 5145 593 5202 T05
666 5142 772 5217 γὰρ
846 5137 1055 5213 Κυρίου
1114 5139 1149 5207 ἡ
1213 5143 1282 5212 γῆ
1357 5136 1449 5192 καὶ
1521 5137 1585 5192 τὸ
1660 5135 1935 5211 πλήρωμα

2050 5167 2079 5194 ι(
2114 5144 2346 5199 Domini
2378 5142 2674 5215 siquidem
2706 5147 2797 5197 est
2835 5148 2991 5198 terra
3022 5147 3082 5197 et
3123 5140 3432 5214 plenitudo
3480 5140 3627 5211 ejus.
3670 5161 3699 5188 η

293 5232 429 5303 αὐτῆ
440 5253 486 5295 ς.

367 5326 479 5380 ἰνα
512 5322 588 5396 μή
620 5342 702 5384 τις
735 5317 859 5395 εἴπῃ
927 5316 1096 5390 αὐτῷ,
1149 5315 1231 5372 ὅτι
1294 5318 1427 5389 μετᾶ
1482 5318 1718 5393 καθαρᾶς
1754 5316 1943 5372 ἐσθείω

292 5409 673 5483 συνειδήσεως,
729 5409 968 5480 ἐξουσίαν
1051 5404 1169 5485 ἔχω
1234 5410 1394 5462 τοῦτο
1476 5412 1673 5479 ποιεῖν,
1732 5408 1943 5482 ἑπάγει.

293 5503 425 5572 Ναὶ,
456 5502 611 5583 φησί,
667 5501 841 5557 πάντα
901 5498 997 5570 μὶν
1056 5518 1140 5550 σοι
1191 5490 1416 5568 ἔξεστιν,
1474 5494 1661 5567 ἐπειδὴ
1693 5494 1945 5566 αὐτεξού-

2124 5324 2202 5377 Ne
2225 5324 2358 5394 quis
2380 5323 2492 5394 ipsi
2516 5322 2709 5378 dicat:
2738 5323 2887 5389 Quia
2906 5337 3041 5377 cum
3072 5336 3222 5393 pura
3247 5319 3355 5375 edo
3390 5319 3704 5375 conscien—

2051 5410 2153 5478 tia,
2186 5410 2418 5466 licitum
2480 5416 2570 5466 est
2612 5411 2757 5467 mihi
2790 5416 2856 5465 ut
2909 5410 3023 5465 hoc
3053 5408 3292 5470 faciam.
3351 5406 3658 5479 subjungit
3690 5422 3703 5459 :

2054 5500 2265 5571 Utique
2324 5501 2526 5556 omnia
2554 5500 2789 5572 quidem
2826 5499 2929 5554 tibi
2972 5498 3179 5566 licent,
3210 5497 3493 5569 quoniam
3524 5511 3558 5550 a
3588 5495 3705 5548 Deo

298 5612 415 5654 σιος
454 5593 599 5668 παρὰ
657 5593 791 5646 Θεοῦ
846 5587 1091 5664 γέγονας,
1152 5582 1279 5640 ἀλλ’
1335 5584 1397 5642 οὐ
1453 5585 1668 5648 πάντως
1724 5585 1807 5640 ὅτι
1854 5585 1935 5640 καῖ

2053 5594 2288 5644 creatus
2306 5606 2368 5644 es
2393 5589 2647 5645 liberum
2667 5589 2895 5645 habens
2912 5587 3315 5652 arbitrium,at
3333 5601 3453 5640 non
3481 5590 3703 5638 temere

304 5679 564 5761 συμφέρει
623 5701 709 5736 σοι
763 5678 826 5734 τὸ
882 5675 1095 5740 ἐσθίειν.
1150 5670 1294 5746 Ὀδῷ
1327 5674 1430 5752 γὰρ
1460 5669 1796 5750 προϐαίνων,
1828 5670 1946 5728 διά-

2053 5675 2397 5733 faciendum
2430 5684 2540 5746 est,
2572 5679 2740 5749 quasi
2771 5677 2877 5733 tibi
2910 5675 3271 5732 conduceret
3296 5671 3496 5727 edere.
3553 5675 3699 5725 Nam
