4158 6194
447 385 563 455 787

1567 383 1975 453 CECUMENII
2021 387 2326 451 TBICCE
2370 385 2715 456 EPlSGOPl

3735 391 3852 453 788

451 530 562 583 hac
591 529 681 580 via
740 521 1144 598 progrediens,
1181 521 1455 579 aﬁ‘ectum
1510 523 1727 578 habere
1779 537 1988 595 posses
2019 519 2093 576 ad

2212 531 2353 584 θεσιν
2387 525 2591 597 σχοίης
2619 523 2754 600 πρὸς
2787 524 2851 579 τὰ
2879 519 3085 578 εἴδωλα
3141 527 3220 596 τῷ
3275 525 3555 576 κοινωνεῖν
3581 525 3692 576 τῶν
3719 539 3848 596 τρα-

453 613 633 675 idola.
665 609 1162 669 communicando
1195 613 1419 668 mensis
1449 611 1738 686 ipsorum.
1772 635 1800 662 ‹‹
1831 609 1944 667 Sed
1975 627 2095 667 non

450 703 652 759 omnia
685 701 1008 758 aedificant.
1045 723 1074 750 η
1105 701 1224 756 Hoc
1251 703 1492 772 propter
1521 701 1656 756 illos
1685 700 1898 756 fratres
1953 699 2099 756 dicit

448 789 664 863 quibus
719 795 1147 846 nocumentum
1199 789 1464 846 aifertur.
1516 791 1659 845 Nam
1710 789 1818 845 etsi
1869 789 2096 845 licitum

447 879 528 934 ibi
559 883 668 948 est,
703 877 918 950 inquit,
961 883 1020 935 at
1047 893 1168 934 non
1200 877 1460 934 aediﬁcas
1489 879 1734 934 fratrem
1778 883 1944 934 tuum
1985 879 2096 932 hoc

445 967 846 1040 faciensquin
878 967 1075 1040 potius
1113 965 1335 1040 perdis.
1359 991 1386 1017 α
1413 969 1590 1024 Nemo
1623 967 1782 1040 quod
1813 983 1985 1022 suum
2009 971 2100 1022 est

449 1064 696 1130 quaerat.
733 1079 760 1106 ιι
789 1055 993 1129 Neque
1027 1058 1190 1114 enim
1235 1057 1346 1112 hoc
1379 1057 1573 1113 solum
1623 1057 1836 1128 quierit
1872 1057 2094 1129 [Dens].

448 1155 649 1204 utrum
683 1153 747 1202 tu
777 1161 926 1219 pura
957 1145 1098 1202 edas
1130 1145 1514 1211 conscientia,
1559 1147 1661 1202 sed
1715 1147 1892 1202 etiam
1923 1151 1988 1202 ut
2034 1146 2096 1200 in

451 1234 771 1294 utilitatem
804 1235 882 1292 sit
905 1235 1105 1292 fratris
1133 1237 1216 1291 tui
1245 1235 1400 1308 quod
1435 1236 1644 1308 agitur.
1671 1257 1696 1285 ιε
1731 1235 1918 1292 Omne
1939 1234 2096 1307 quod

451 1329 513 1382 in
538 1325 847 1382 macello.»
879 1325 1026 1391 Quia
1058 1327 1299 1398 longum
1331 1325 1402 1380 de
1427 1325 1776 1397 idolothytis
1801 1325 2100 1396 protendit

452 1411 969 1472 sermonem.adeo
1003 1421 1065 1469 ut
1086 1413 1368 1486 deinCeps
1391 1414 1568 1470 etiam
1599 1413 1704 1469 illa
1725 1431 1855 1485 quas
1881 1415 1942 1468 in
1973 1414 2098 1470 foro

449 1505 681 1562 venalia
713 1511 905 1570 erant,
937 1509 1004 1559 ut
1033 1501 1352 1559 verisimile
1383 1511 1492 1570 est,
1550 1503 1814 1560 futurum
1855 1509 1982 1560 erat
2035 1507 2102 1559 ut

449 1593 638 1652 territi
654 1591 1294 1665 devitarent,tanquam
1317 1593 1754 1649 idolisfortasse
1769 1591 2095 1662 immolata,

450 1679 690 1742 abducit
709 1699 811 1739 eos
831 1681 904 1739 ab
935 1681 1274 1754 hujusmodi
1309 1683 1619 1738 timorem-
1650 1683 1778 1738 Alio
1809 1683 1992 1738 modo.
2035 1683 2098 1737 ld

453 1771 625 1830 solvit
640 1773 798 1844 quod
811 1771 1100 1828 obsistere
1113 1771 1514 1838 videtur.Quia
1529 1773 1688 1828 enim
1711 1771 1782 1828 de
1809 1771 2100 1844 idolothy-

2201 615 2378 681 πεζῶν
2409 612 2608 672 αὐτῶν.
2667 637 2696 666 κ
2737 611 2900 670 Ἀλλ’
2949 610 3012 666 οὐ
3065 629 3238 668 παντα
3277 609 3580 684 οἰκοδομεῖ.
3619 634 3646 663 ι)
3677 613 3850 666 Τοῦτο

2201 699 2274 762 ὡς
2334 703 2468 777 πρὸς
2525 703 2654 765 τοὺς
2717 701 3134 778 βλαπτομένους
3193 697 3578 778 ὰδελφσύς.Εἶ
3627 699 3728 774 γὰρ
3759 701 3852 754 καὶ

2201 783 2368 860 ἔξεστί
2401 809 2509 858 σοι,
2564 791 2752 865 φησὶν,
2810 789 2939 848 ἀλλ’
2993 790 3093 846 οὐκ
3147 786 3460 860 οἰκοδομεῑς
3491 790 3583 844 τὸν
3611 787 3846 870 ἀδελφόν

2202 897 2297 932 σου
2326 883 2489 935 τοῦτο
2537 885 2735 950 ποιῶν,
2794 879 2941 936 ἀλλὰ
2995 880 3084 934 καί
3141 879 3452 940 καταλύεις.
3489 901 3518 930 »
3548 874 3755 948 Μηδεὶς
3783 877 3848 933 τὸ

2201 967 2394 1022 ἑαυτοῦ
2427 967 2676 1039 ζητείτω.
2713 995 2740 1022 υ
2803 971 2894 1040 Μή
2947 969 3052 1044 γὰρ
3109 973 3294 1034 τοῦτο,
3353 963 3512 1045 φησὶ,
3542 964 3705 1040 μόνον
3741 973 3846 1038 ζη-

2199 1063 2302 1126 τεῖ,
2362 1058 2404 1113 εί
2462 1061 2671 1135 καθαρᾷ
2727 1059 2790 1114 σὺ
2847 1059 3043 1124 ἐσθίεις
3098 1051 3419 1129 συνειδήσει,
3478 1055 3605 1112 ἀλλ’
3663 1057 3710 1111 εἰ
3757 1057 3848 1112 τὸν

2203 1141 2435 1226 ἂδελιρόν
2487 1169 2581 1204 σου
2631 1148 2838 1226 ὠφελεῖ
2881 1149 2943 1203 τὸ
2999 1148 3311 1224 γινόμενον.
3363 1169 3391 1198 ι‹
3429 1151 3536 1200 Πᾶν
3565 1146 3628 1200 τὸ
3661 1143 3712 1200 iv
3748 1165 3850 1218 μα-

2201 1234 2406 1309 κέλλῳ.
2441 1259 2470 1290 ι»
2530 1235 2754 1310 Ἐπειδή
2815 1235 2989 1292 πολὺν
3045 1235 3311 1292 κατέτεινε
3367 1231 3535 1310 λόγον
3589 1235 3712 1309 περὶ
3743 1239 3852 1290 τῶν

2203 1323 2610 1392 εἰδωλοθύτων,
2668 1327 2744 1389 ὡς
2799 1321 2998 1382 λοιπὸν
3055 1325 3274 1395 αὐτοὺς,
3333 1325 3408 1387 ὡς
3457 1321 3623 1396 εἰκὸς,
3669 1323 3854 1379 καὶτὰ

2203 1414 2286 1470 ἐπ’
2339 1415 2540 1490 ἀγορᾶς
2592 1413 2724 1471 ὥνια
2779 1417 3159 1491 παραιτεῖσθαι
3216 1409 3590 1492 φοϐουμένους
3621 1414 3696 1476 ὡς
3731 1411 3856 1468 ὄντα

2205 1501 2559 1574 εἰδωλόθυτα,
2619 1504 2813 1580 ἀπίγει
2873 1503 3067 1567 αὐτοὺς
3123 1509 3221 1560 τοῦ
3269 1503 3526 1561 τοιούτου
3556 1499 3754 1581 φόϐου.
3785 1531 3856 1546 ~—

2200 1591 2448 1656 ”Αλλως.
2541 1597 2755 1668 [ΦΩΤ.]
2845 1593 2920 1652 Τὸ
3011 1593 3349 1650 ἀντιπίπτειν
3445 1590 3638 1649 δοκοῦν
3703 1591 3850 1650 λύει.

2205 1680 2426 1752 Ἐπειδὴ
2489 1683 2593 1760 γὰρ
2658 1685 2792 1756 μετὰ
2860 1683 3228 1761 σφοδρότητος
3293 1688 3400 1740 τῶν
3471 1681 3850 1738 εἰδωλοθύτων

2201 1769 2528 1846 κατέδραμε,
2585 1773 2675 1828 καί
2731 1773 2862 1836 τοὺς
2919 1771 3196 1837 ἐσθίοντας
3249 1769 3713 1846 ἐπετίμησεν,⁹ίνα
3771 1772 3846 1846 μή

455 1863 530 1918 tis
563 1877 697 1918 cum
749 1861 1126 1916 vehementia
1153 1859 1294 1917 fecit
1323 1861 1711 1927 mentionem,
1742 1867 1799 1917 et
1856 1861 2100 1918 edentes

2211 1883 2286 1924 τις
2343 1859 2496 1938 εἷ’πῃ·
2553 1861 2621 1919 Τί
2677 1859 2812 1930 οὗνς
2869 1861 3204 1938 ἀποσχέσθαι
3269 1859 3372 1937 ἄρα
3419 1859 3502 1918 δεῖ
3557 1859 3704 1933 ἡμᾶς
3761 1865 3856 1918 καὶ

456 1947 778 2020 redarguit,
803 1967 878 2006 ne
909 1949 1042 2022 quis
1075 1947 1270 2006 dicat:
1303 1949 1453 2016 Quid
1485 1967 1620 2024 ergo
1643 1951 1670 2007 ?
1701 1969 1774 2007 an
1806 1951 2104 2008 abstinere

462 2055 697 2114 quoque
729 2057 840 2096 nos
860 2045 1094 2112 Oportet
1116 2055 1150 2094 a
1178 2037 1457 2095 carnibus
1480 2057 1610 2112 quae
1631 2041 1692 2096 in
1723 2043 1849 2096 i‘oro
1871 2041 2106 2097 venales

460 2137 837 2204 exponuntur
859 2127 888 2185 ?
919 2135 1022 2184 aut
1051 2145 1296 2184 necesse
1329 2127 1502 2184 nobis
1558 2129 1666 2185 erit
1697 2131 1949 2186 circuire
1981 2131 2107 2186 fora

457 2227 516 2277 et
544 2215 911 2292 interrogare
931 2235 998 2274 ac
1025 2217 1322 2274 discutere
1353 2235 1430 2274 ne
1449 2218 1685 2289 quando
1709 2219 2104 2292 idolothytum

453 2309 528 2364 sit
541 2301 653 2362 ian
667 2301 730 2361 in
747 2307 846 2378 huj
859 2305 1092 2361 usmodi
1105 2305 1286 2360 vitam
1301 2311 1566 2360 nostram
1589 2303 2012 2362 concludemus
2037 2321 2103 2360 ac

449 2389 854 2470 propellemus
871 2393 988 2451 ?Ne
1005 2395 1104 2466 qui
1121 2409 1256 2467 ergo
1271 2393 1414 2450 talia
1429 2393 1656 2466 possint
1672 2389 2104 2467 objicere,prm-

452 2483 696 2542 veniens
728 2479 1000 2540 dissolvit
1031 2497 1119 2548 ea,
1151 2487 1208 2539 et
1236 2483 1339 2554 ait,
1371 2479 1524 2540 518
1557 2499 1668 2538 nec
1699 2497 1828 2539 esse
1859 2497 2102 2539 necesse

451 2594 582 2648 quas
614 2577 674 2631 in
707 2577 832 2630 foro
867 2579 1006 2629 sunt
1033 2574 1303 2645 rejicere,
1329 2589 1438 2628 nec
1469 2573 1766 2627 discutere
1787 2579 1888 2628 aut
1917 2569 2102 2628 inter-

449 2679 658 2738 rogare
689 2669 888 2720 utrum
923 2658 1318 2734 idolothytum
1351 2661 1429 2717 sit
1457 2675 1532 2716 an
1565 2677 1708 2730 non,
1734 2661 1838 2718 sed
1869 2663 1940 2718 ab
1981 2661 2103 2718 illis

454 2753 646 2812 solum
677 2755 912 2826 Oportet
942 2751 1265 2816 abstinere,
1327 2751 1399 2806 de
1431 2749 1648 2822 quibus
1691 2749 1907 2822 aliquis
1937 2749 2104 2823 prius

456 2845 745 2922 suggessit
775 2859 903 2899 esse
936 2837 1284 2913 idolothyta.
1321 2839 1532 2909 Omne,
1579 2835 1796 2914 inquit,
1827 2841 1984 2914 quod
2041 2839 2102 2898 in

455 2935 706 2993 macello
731 2933 1026 3002 venditur,
1055 2932 1233 2998 edite,
1265 2931 1418 2987 nihil
1447 2927 1792 2988 vacillantes
1841 2947 1910 2988 ex
1970 2947 2106 2987 con.

459 3029 728 3098 scientia,
763 3043 956 3098 neque
988 3023 1332 3081 vacillantes
1363 3031 1462 3080 aut
1493 3023 1928 3098 interrogantes
1971 3041 2104 3097 pro-

457 3126 591 3192 pter
619 3120 832 3190 ipsam,
865 3123 932 3172 ut
959 3117 1134 3182 hanc,
1169 3132 1302 3171 cum
1335 3111 1515 3170 dubia
1548 3115 1644 3182 sit,
1679 3115 1900 3170 curetis
1933 3127 1946 3169 :
2000 3129 2106 3170 ne-

455 3225 571 3280 que
603 3203 760 3262 enim
784 3221 1082 3260 morosum
1105 3203 1338 3260 volebat
1359 3205 1444 3259 eis
1465 3197 1714 3259 reddere
1736 3201 1851 3259 cibi
1875 3203 2107 3276 partici-

453 3295 756 3368 pationem
778 3311 880 3348 :ne
905 3311 973 3347 ex
989 3291 1098 3348 hoc
1115 3291 1308 3348 effecti
1331 3287 2102 3365 negligentiores,tanquam

453 3379 823 3454 impossibile
851 3381 927 3435 sit
949 3386 1308 3451 praeceptum
1342 3379 1413 3434 ad
1439 3388 1702 3436 exactam
1735 3381 2106 3454 diligentiam

455 3469 765 3525 observare
815 3467 1056 3538 penitus
1113 3481 1175 3520 se
1235 3463 1500 3522 eximant
1539 3467 1612 3522 ab
1671 3467 2100 3525 observatione.

455 3584 482 3612 ιι
516 3555 673 3613 Nihil
725 3555 1132 3611 discutientes.
1167 3577 1195 3604 ››
1257 3553 1381 3609 Non
1414 3553 1812 3626 dijudicantes
1845 3571 1945 3612 eos
2003 3557 2104 3628 qui

455 3645 738 3714 vendunt,
771 3661 914 3700 num
945 3642 1217 3699 fortassis
1247 3643 1644 3716 idolothytum
1677 3645 1774 3714 sit,
1819 3651 2104 3718 tanquam

455 3733 825 3794 conscientia
847 3732 1225 3798 stimulati,et
1247 3731 1565 3804 purificare
1587 3733 1775 3806 ipsam
1802 3731 2062 3792 volentes
2087 3753 2100 3794 :

457 3827 560 3885 sed
592 3825 816 3899 absque
848 3823 1241 3891 discussione,
1276 3822 1490 3895 inquit,
1527 3837 1657 3896 quin
1689 3823 1749 3880 in
1783 3821 1908 3882 foro
1967 3833 2104 3883 sunt

457 3917 634 3974 edite.
673 3939 693 3965 ι
729 3913 886 3970 Nihil
909 3911 1294 3968 discutientes
1325 3919 1568 3986 propter
1597 3913 2043 3971 conscientiam.
2074 3937 2102 3965 ιι

456 4003 577 4063 Hoc
609 4009 716 4070 est,
741 4003 896 4058 nihil
927 4001 1113 4075 ipsius
1145 4015 1322 4058 cansa
1363 4001 1795 4076 interrogantes
1816 4009 1918 4060 aut
1937 4015 2103 4062 scru—

453 4097 670 4152 tantes.
703 4093 946 4165 Oportet
974 4093 1134 4148 enim
1168 4109 1270 4148 eos
1302 4093 1402 4164 qui
1431 4089 1615 4148 edunt
1659 4091 1876 4150 habere
1935 4091 2099 4152 illam

453 4199 664 4258 puram
697 4187 756 4237 et
785 4197 906 4237 non
935 4179 1332 4252 vacillantem,
1365 4197 1475 4237 nec
1527 4195 1678 4254 Opus
1715 4181 1936 4239 habere
1985 4179 2101 4240 alia

451 4273 672 4330 mentis
703 4267 1058 4327 certitudine
1091 4287 1222 4342 quas
1255 4285 1288 4326 a
1338 4265 1710 4327 discussione
1767 4275 2094 4345 proveniat.

451 4387 479 4414 ‹‹
509 4359 738 4419 Domini
771 4359 1066 4432 siquidem
1098 4365 1188 4414 est
1217 4363 1393 4416 terra.
1431 4379 1455 4412 ν
1509 4363 1652 4416 Nam
1685 4361 1734 4416 si
1765 4367 1923 4417 terra
1981 4361 2096 4418 Do-

451 4449 600 4508 mini
626 4456 734 4519 est,
768 4449 1012 4522 planum
1039 4451 1129 4503 est
1149 4447 1310 4518 quod
1341 4451 1400 4502 et
1427 4465 1497 4504 ea
1527 4465 1659 4519 quae
1691 4449 1751 4505 in
1779 4449 1906 4522 ipsa
1936 4455 2094 4521 sunt,

451 4545 594 4615 puta
636 4555 844 4596 carnes
891 4547 958 4594 ac
989 4531 1300 4592 fructus.Si
1334 4553 1469 4609 ergo
1505 4533 1737 4593 Domini
1769 4545 1926 4610 sunt,
1952 4537 2093 4614 quid

453 4627 764 4702 dijudicas.

525 4725 590 4794 Χ,
613 4723 701 4795 27,
727 4727 815 4782 28.
841 4748 866 4775 ιι
893 4721 1060 4790 Quod
1086 4721 1132 4778 si
1154 4719 1286 4792 quis
1311 4719 1643 4778 inﬁdelium
1661 4741 1761 4778 vos
1785 4723 2012 4794 invitat,
2045 4731 2102 4782 et

461 4839 481 4864 ιι
507 4813 684 4868 vultis
705 4809 788 4868 ire
809 4831 821 4868 :
846 4828 1021 4868 omne
1045 4807 1204 4884 quod
1227 4809 1546 4884 apponitur
1565 4805 1728 4867 vobis
1747 4812 1924 4881 edite,
1949 4807 2098 4869 nihil

461 4927 485 4954 α
510 4899 894 4958 discutientes
921 4905 1162 4974 propter
1182 4893 1628 4956 conscientiam.
1656 4893 1712 4956 Si
1740 4901 1872 4972 quis
1902 4909 2099 4960 autem

456 5016 480 5042 α
509 4989 670 5046 vobis
694 4989 909 5044 dixerit
934 5006 946 5042 :
971 4991 1086 5046 Hoc
1115 4987 1510 5064 idolothytum
1537 4995 1726 5062 est,ne
1749 4991 2098 5065 edatis,pro-

455 5105 482 5132 α
509 5087 600 5134 ter
619 5073 791 5133 illum
823 5078 923 5149 qui
957 5080 1247 5150 suggessit
1269 5083 1326 5135 et
1355 5085 1598 5153 pr0pter
1627 5081 2054 5137 conscientiam
2083 5101 2095 5148 ;

455 5194 482 5220 ιι
509 5165 744 5226 Domini
777 5165 1070 5238 siquidem
1097 5173 1188 5224 est
1235 5171 1394 5225 terra
1427 5177 1484 5226 et
1514 5169 1822 5244 plenitudo
1884 5173 2031 5244 ejus.
2071 5193 2094 5223 υ

528 5351 684 5404 Bene
717 5347 861 5402 dicit
893 5363 906 5402 :
941 5369 966 5395 «
997 5343 1066 5401 Et
1092 5343 1265 5402 vultis
1297 5345 1402 5401 ire.
1439 5369 1468 5398 ››
1498 5349 1698 5420 Neque
1729 5349 1890 5404 enim
1947 5367 2099 5422 prse-

457 5441 651 5510 cipere
671 5437 856 5494 ‘voluit
877 5452 1069 5506 neque
1092 5435 1464 5508 prohibere.«
1488 5435 2097 5496 Nihildiscutientes.»

459 5527 699 5595 Quare?
727 5529 806 5583 Ne
839 5525 1014 5582 anxia
1046 5523 1407 5582 scrutatione
1439 5523 1862 5583 existimemini
1893 5527 2100 5582 formi-

459 5617 601 5673 dare
633 5609 810 5672 idola.
842 5643 860 5663 -
900 5617 1146 5688 Propter
1167 5615 1664 5670 conscientiam.»
1683 5613 1986 5688 Tanquam
2009 5633 2103 5673 vo-

461 5707 654 5762 lentes
685 5721 894 5776 puram
925 5720 1156 5758 servare
1190 5709 1443 5758 vestram
1474 5701 1918 5758 conscientiam.
1956 5726 1980 5756 ιι
2047 5699 2100 5760 Si

2131 4619 2178 4690 D

2210 1955 2318 2006 τῶν
2383 1949 2434 2004 iv
2501 1950 2676 2026 ἀγορᾷ
2741 1956 2914 2026 κρεῶν
2987 1951 3394 2024 προκειμένωνς
3471 1952 3538 2004 ’Ἡ
3617 1950 3851 2026 ἀνάγκην

2215 2040 2485 2114 σχοίημεν
2548 2029 2608 2094 ἃν
2667 2037 2927 2114 περιιέναι
2993 2040 3088 2100 τὰς
3145 2035 3368 2115 ἀγορὰς,
3435 2040 3527 2094 καὶ
3585 2037 3856 2114 ἰπερωτᾷν

2211 2129 2299 2183 καὶ
2333 2123 2633 2204 ἀνακρίνειν
2670 2129 2746 2202 μή
2788 2143 2920 2184 ποτε
2977 2126 3336 2184 εἰδωλόθυτον
3371 2129 3456 2199 ε’ίη
3485 2147 3500 2196 ;
3533 2127 3610 2190 sic
3639 2133 3864 2182 τοιαῦτα

2211 2221 2372 2291 ἡμῶν
2405 2217 2800 2295 συγκλείσομεν
2857 2219 2950 2274 καὶ
3009 2219 3374 2292 συνελάσομεν
3423 2219 3512 2274 τὸν
3556 2217 3717 2294 βίον;
3768 2217 3862 2274 Ἶν⁹

2215 2306 2305 2362 οὗν
2343 2307 2418 2380 μή
2463 2309 2688 2364 τοιαῦτά
2731 2327 2870 2371 τινες
2927 2307 3238 2364 ἀντιτείνειν
3292 2305 3494 2383 ἔχοιεν,
3548 2306 3860 2383 πρόφθάσας

2212 2395 2372 2458 αὐτὸς
2426 2393 2617 2450 δίδωσι
2669 2397 2764 2458 τὰς
2827 2395 3028 2465 λύσεις,
3113 2396 3199 2451 καί
3255 2415 3412 2476 ιρησι,
3475 2400 3616 2471 μήτε
3679 2397 3746 2450 τὰ
3811 2393 3860 2450 iv

2212 2486 2387 2562 ἀγορᾷ
2419 2484 2654 2558 ἀνάγκην
2705 2487 2846 2540 εἶναι
2899 2491 3300 2562 παραιτεῖσθαι,
3355 2487 3494 2558 μήτε
3531 2486 3593 2540 τὸ
3641 2484 3856 2557 ἀνακρί-

2209 2595 2316 2628 νειν
2381 2573 2468 2628 καὶ
2535 2573 2833 2648 ἐπερωτᾷν,
2897 2573 2998 2648 ἄρα
3067 2571 3430 2638 εἰδωλόθυτόν
3499 2573 3640 2626 ἐστιν
3691 2573 3724 2642 ἣ
3767 2571 3850 2628 οὔ·

2212 2657 2337 2718 ἀλλ’
2373 2655 2591 2718 ἐκείνων
2630 2657 2925 2739 ἀπέχεσθαι
2985 2662 3171 2736 μόνον,
3230 2664 3354 2736 περὶ
3413 2661 3490 2717 ὧν
3537 2681 3618 2724 τις
3653 2661 3856 2740 φθάσας

2212 2752 2477 2826 ἐμήνυσεν
2535 2745 2874 2817 είδωλόθυτα
2943 2753 3096 2808 εἶναι.
3141 2753 3250 2809 Πᾶν
3313 2751 3376 2807 τὸ
3448 2751 3498 2807 iv
3572 2750 3856 2825 μακέλλῳ,

2211 2837 2394 2920 φησὶν,
2455 2839 2676 2910 ἐσθίετε,
2741 2839 2910 2914 μηδὲν
2966 2839 3300 2912 διστάζοντες
3347 2843 3483 2898 κατά
3535 2837 3858 2914 συνείδησιν,

2215 2929 2356 3004 μηδὲ
2415 2929 2781 3005 ἀνακρίνοντες
2840 2931 2930 2987 καί
2991 2929 3368 3006 ἐπερωτῶντες
3429 2930 3498 2987 δι’
3551 2931 3863 3002 αὐτὴν,ἳνα

2211 3021 2416 3090 ταύτην
2502 3015 2816 3094 ἀμφίϐολον
2913 3017 3075 3076 οὖσαν
3162 3021 3547 3096 θεραπεῦσητε.
3617 3019 3694 3078 Οὐ
3759 3021 3860 3096 γὰρ

2213 3105 2472 3165 ἐϐούλετο
2503 3108 2766 3166 δύσκολον
2810 3109 2994 3173 αὐτοῖς
3025 3111 3125 3180 τήν
3187 3109 3492 3184 μετάληψιν
3525 3111 3864 3183 παρασκευά-

2218 3220 2303 3254 σαι
2331 3205 2430 3269 τῆς
2485 3205 2715 3278 τροφῆς,
2771 3193 2860 3254 ’ίνα
2921 3201 2995 3272 μὴ
3057 3199 3116 3254 ἐκ
3169 3195 3367 3254 τούτου
3399 3197 3862 3276 ὀλιγωρήσαντες,

2214 3287 2277 3342 τὸ
2328 3295 2429 3343 πᾶν
2473 3297 2576 3358 τῆς
2627 3279 2866 3364 ἀριδείας
2921 3283 2993 3350 ὡς
3053 3285 3313 3344 ἀδυνάτου
3359 3291 3458 3354 τῆς
3505 3287 3734 3358 ἐντολῆς
3767 3285 3862 3342 οὕ-

2215 3401 2338 3450 σης,
2373 3379 2448 3443 εἰς
2499 3379 2558 3436 τὸ
2619 3377 2969 3460 φυλαχθῆναι
3027 3377 3434 3452 παραλύσωσιν.
3471 3403 3499 3432 ‹‹
3531 3375 3714 3450 Μηδὲν
3741 3379 3862 3436 ἀνα⁸

2213 3467 2503 3540 κρίνοντες.
2541 3493 2568 3520 ι)
2626 3471 2719 3540 Μὴ
2779 3469 3150 3542 ἀνακρίνοντες
3199 3469 3328 3534 τοὺς
3381 3467 3728 3536 πωλοῦντας,
3781 3471 3856 3541 μὴ

2215 3553 2317 3629 ἆρα
2374 3547 2741 3614 εἲδωλόθυτόν
2803 3557 2966 3630 ἐστιν,
3025 3559 3101 3623 ὡς
3155 3555 3658 3634 πληττόμὲνοιτὴν
3688 3558 3858 3614 συνεί-

2215 3645 2390 3719 δησιν,
2445 3649 2536 3704 καὶ
2593 3649 2876 3726 καθαρίσαι
2933 3649 3102 3719 αὖτῆν
3167 3649 3466 3712 ἐθέλοντες.
3529 3647 3866 3730 Ἀλλὴφη-

2215 3735 2319 3804 σῖν,
2351 3735 2642 3809 ἆζητήτως
2698 3739 2764 3793 τΞι
2821 3735 2904 3794 ἐπ’
2957 3737 3156 3814 ἀγορᾶς
3214 3733 3430 3796 ἐσθίετε.
3493 3763 3521 3792 ιι
3557 3736 3740 3810 Μηδὲν
3773 3735 3860 3792 διὰ

2211 3825 2310 3894 τὴν
2377 3821 2682 3898 συνείδησιν
2775 3825 3168 3903 ἀνακρίνοντες.
3239 3853 3267 3881 ››
3335 3827 3617 3898 Τουτὲστι,
3691 3823 3859 3901 μηδὲν

2209 3911 2383 3970 ἕνεκεν
2453 3915 2620 3985 αὐτῆς
2695 3915 3072 3990 ἐπερωτῶντες
3138 3915 3226 3972 καί
3301 3911 3694 3991 ἀνακρίνοντες.
3773 3917 3866 3970 Δεῖ

2210 4003 2312 4078 γΞιρ
2343 3999 2510 4073 αὗτὴν
2571 3999 2805 4078 καθαρὰν
2863 4003 2952 4058 καὶ
3013 3999 3330 4060 ἀδίστακτον
3387 3999 3662 4068 ἐσθίοντας
3690 3997 3864 4079 ἔχειν,

2211 4090 2299 4145 καὶ
2361 4089 2436 4164 μή
2501 4085 2703 4146 δεῖσθαι
2760 4089 3143 4170 πληροφορίας
3202 4087 3380 4164 ἄλλης
3443 4099 3541 4164 τῆς
3597 4093 3703 4148 ἀπὸ
3759 4095 3864 4162 τῆς

2210 4177 2562 4254 ἀνακρίσεως.
2623 4206 2651 4234 (ι
2699 4185 2808 4237 Τοῦ
2865 4179 2968 4258 γὰρ
3023 4179 3231 4260 Κυρίου
3343 4189 3436 4259 γῆ.
3475 4208 3502 4234 ››
3564 4183 3624 4239 Ei
3685 4182 3787 4257 γὰρ
3821 4181 3857 4252 ἠ

2210 4271 2282 4346 γῆ
2314 4274 2408 4324 τοῦ
2457 4269 2652 4346 Κυρίου
2709 4267 2844 4339 ἐστι,
2903 4267 3163 4342 δηλονότι
3223 4271 3311 4326 ναὶ
3367 4273 3434 4327 τὰ
3464 4269 3512 4326 ἐν
3548 4271 3706 4344 αὐτῇ,
3735 4272 3862 4325 οἷον

2209 4355 2274 4414 τά
2329 4377 2386 4414 τε
2439 4357 2568 4436 κρέα
2621 4353 2710 4415 καί
2769 4359 2821 4415 oi
2871 4361 3090 4436 καρποί.
3125 4355 3194 4417 Ei
3219 4363 3315 4416 οὗν
3341 4361 3441 4416 τοῦ
3491 4357 3688 4433 Κυρίου
3719 4357 3859 4432 ἔστι,

2207 4445 2259 4502 τί
2293 4443 2594 4522 ἀνακρίνεις
2623 4471 2638 4520 ς

2282 4715 2350 4776 Ei‘
2402 4713 2458 4774 ὃέ
2504 4740 2586 4782 τις
2632 4715 2792 4772 καλεῖ
2843 4715 2982 4790 ὖμᾶς
3030 4715 3136 4772 τῶν
3209 4717 3452 4774 ἀπίστων
3517 4719 3606 4774 καὶ
3673 4717 3854 4775 θέλετε

2212 4807 2554 4884 πορεύεσθαι,
2629 4805 2731 4862 πᾶν
2807 4799 2871 4862 τὸ
2943 4807 3368 4881 παρατιθέμενον
3457 4805 3586 4881 ὑμῖν
3683 4803 3862 4863 ἐσθίε-

2209 4919 2286 4966 τε,
2395 4885 2561 4970 μηδὲν
2667 4886 3039 4974 ἀνακρίνοντες
3140 4887 3230 4952 διὰ
3329 4897 3428 4966 τήν
3535 4895 3852 4968 συνείδησιν.

2208 4983 2327 5044 Ἐὰν
2394 4981 2450 5040 δὲ
2509 5007 2590 5048 τις
2661 4981 2785 5059 ὑμῖν
2853 4981 3003 5058 ε’ίπῃο
3061 4987 3242 5042 Τοῦτο
3301 4983 3662 5042 εἰδωλόθυτόν
3721 4985 3860 5054 ἔστι,

2214 5079 2288 5152 μή
2347 5073 2565 5148 ἐσθίετε,
2635 5067 2704 5129 δι’
2771 5071 2973 5129 ἐκεῖνον
3049 5075 3140 5129 τὸν
3221 5075 3528 5150 μην-Ξσαντα
3601 5071 3691 5133 καί
3755 5073 3856 5145 τήν

2209 5163 2537 5237 συνείδησιν.
2593 5167 2711 5223 Τοῦ
2766 5165 2867 5240 γὰρ
2921 5164 3125 5241 Κυρίου
3177 5169 3212 5237 ἡ
3269 5173 3336 5242 γῆ
3389 5165 3572 5222 καὶτὸ
3625 5169 3857 5242 πλήρω-

2211 5277 2286 5330 μα
2315 5255 2503 5324 αὐτῆς.

2283 5341 2474 5405 Καλῶς
2530 5341 2614 5411 τὸ,
2678 5367 2704 5394 ‹‹
2745 5337 3020 5401 Θέλετε.»
3079 5342 3219 5402 Οῧτε
3274 5341 3377 5418 γὰρ
3429 5345 3855 5420 προτρέψασθαι,

2212 5429 2336 5489 οὕτε
2387 5429 2821 5506 ἀποστρέψασθαι
2868 5430 3064 5494 αὐτοὺς
3113 5425 3406 5502 ἠϐούλετο.
3443 5459 3474 5486 ‹‹
3508 5432 3699 5506 Μηδὲν
3727 5431 3858 5488 ἀνα-

2209 5519 2502 5598 κρίνοντες.
2539 5544 2564 5570 η
2590 5519 2739 5575 Διατί
2761 5537 2781 5582 ;
2809 5521 2918 5577 Ἵνα
2961 5521 3036 5594 μὴ
3086 5523 3154 5594 τῇ
3205 5521 3416 5597 πολλῇ,
3450 5523 3607 5596 φησὶ,
3641 5541 3857 5602 περιερ-

2211 5613 2328 5689 γίᾳ,
2377 5611 2675 5683 νομισθῆτε
2722 5605 2928 5680 δειλιᾷν
2975 5609 3042 5665 τὰ
3090 5602 3312 5667 ε’ἰδωλα.
3349 5635 3377 5664 ‹‹
3409 5613 3506 5667 Διά
3551 5614 3650 5682 τήν
3685 5613 3858 5668 συνεί-

2214 5701 2392 5773 δησιν.
2461 5723 2488 5752 n
2559 5697 2646 5764 Ὠς
2710 5693 2982 5772 θέλοντες,
3049 5699 3205 5776 φησί,
3270 5699 3506 5777 καθαρὰν
3565 5699 3856 5774 φυλάττειν
