4158 6194
499 394 611 454 791

1616 383 2026 446 ἝΟΠΜΕΝΠ
2069 381 2376 442 ΤΗΙΟΟίΕ
2423 382 2766 444 EPISCOPI

3776 383 3880 440 792

502 529 600 599 qui
635 526 916 580 damnum
948 526 1316 594 paterentur,
1348 527 1408 577 at
1433 520 1508 576 de
1549 520 1763 576 Graacis
1820 531 2146 588 eorumque

2272 513 2612 589 κωλυόμεθα,
2644 515 2768 591 περὶ
2801 513 2859 571 δὲ
2885 519 2994 570 τῶν
3027 513 3316 585 Ἑλλήνων
3345 514 3432 569 καὶ
3493 515 3596 583 τὴς
3653 510 3881 584 συνειδή-

503 612 872 672 conscientia
891 627 1097 667 curare
1119 627 1242 666 non
1265 614 1518 682 Oportet,
1535 611 1644 664 ait:
1671 609 1820 674 Quid
1846 609 2008 664 enim
2040 624 2146 662 ne—

504 719 668 760 cesse
701 707 810 766 est,
839 707 906 757 ut
934 700 1180 756 libertas
1210 716 1344 755 mea
1372 716 1490 771 qua
1519 699 1670 754 nihil
1725 699 1993 764 observo,
2044 696 2146 752 sed

505 791 657 847 liber
679 807 810 846 sum
833 807 868 845 a
887 789 1158 846 ciborum
1181 789 1608 850 observatione,
1630 787 1933 860 judicetur
1945 786 2016 842 ab
2031 785 2150 840 alia

505 879 870 935 conscientia
890 879 918 934 ‘I
947 878 1057 934 hoc
1089 883 1198 946 est,
1231 877 1662 933 condemnetur
1691 893 1726 932 a
1773 876 1956 931 Graaci
2005 891 2146 930 con-

503 969 750 1026 scientia
772 968 797 1023 ‘7
818 968 982 1024 Dicet
1005 967 1162 1024 enim
1181 972 1247 1022 ut
1267 965 1585 1022 verisimile
1608 971 1698 1021 est
1723 983 1734 1020 :
1759 965 1992 1020 Fabulae
2011 967 2150 1018 sunt

503 1073 598 1112 res
629 1058 1096 1112 Christianorum
1133 1073 1145 1109 :
1179 1055 1339 1111 idola
1379 1055 1612 1110 videtur
1668 1053 2024 1122 abominari,
2093 1055 2150 1105 et

503 1147 794 1203 sacriﬁcia
807 1163 938 1217 quas
962 1147 1118 1202 inter
1141 1163 1209 1202 ea
1232 1149 1390 1213 sunt,
1409 1149 1682 1216 prompto
1701 1144 1900 1198 animo
1949 1157 2150 1196 come-

505 1236 654 1290 dunt
687 1252 700 1289 :
735 1259 761 1286 ‹‹
795 1235 962 1300 Quod
993 1236 1040 1290 si
1073 1251 1178 1306 ego
1205 1234 1396 1305 gratia
1448 1233 1761 1304 participo.
1823 1253 1852 1278 ››
1901 1233 2150 1300 Propter

508 1325 756 1398 gratiam
788 1325 912 1391 Dei,
947 1341 1078 1394 quas
1105 1323 1251 1378 adeo
1294 1321 1612 1377 sublimem
1670 1319 1814 1374 mihi
1873 1318 2150 1391 praestitit

510 1415 801 1480 animum,
827 1413 926 1483 qui
959 1417 1162 1484 posset
1214 1410 1560 1482 persuaderi
1627 1408 1794 1464 nullo
1822 1408 2030 1462 talium
2087 1423 2149 1462 se

503 1503 879 1572 coinquinari
905 1519 920 1567 ;
946 1500 1254 1556 confidens
1275 1516 1412 1572 ergo
1445 1493 1544 1554 Dei
1573 1499 1774 1570 gratia;
1806 1497 1938 1552 edo.
1976 1497 2033 1552 Si
2065 1501 2149 1562 tu,

508 1593 721 1663 inquit,
748 1592 850 1646 Dei
873 1592 1063 1663 gratia
1081 1590 1272 1646 factus
1303 1607 1366 1646 es
1387 1589 1702 1660 perfectus,
1735 1593 1802 1643 ut
1825 1588 1978 1642 scias
1999 1586 2152 1642 nihil

509 1699 638 1738 esse
661 1681 841 1748 idola,
865 1687 924 1737 et
943 1681 1298 1753 perfectum,
1319 1685 1386 1735 ut
1405 1679 1512 1742 ais,
1534 1679 1718 1734 habes
1734 1679 2023 1744 animum,
2049 1676 2152 1745 qui

513 1771 662 1825 nihil
679 1771 1024 1826 nocumenti
1048 1769 1538 1841 suscipiat,etiam
1563 1767 1982 1839 siparticipare
2008 1765 2152 1820 velis

509 1860 572 1914 in
593 1859 974 1929 idolothytis:
1007 1875 1113 1912 cur
1142 1875 1278 1930 ergo
1311 1857 1564 1928 teipsum
1597 1855 1797 1910 reddis
1820 1853 2153 1909 maledictis

517 1948 864 2014 obnoxium,
895 1953 952 2002 et
983 1963 1087 2019 per
1118 1953 1174 2002 te
1203 1947 1380 2004 ﬁdem
1411 1947 1602 2018 ipsam
1633 1962 1700 2000 ac
1729 1946 1914 1999 Deum
1935 1943 2159 2013 ‘Iidque

511 2043 654 2092 tunc
679 2041 738 2091 et
755 2037 816 2091 in
841 2053 910 2092 eo
925 2053 1032 2108 pro
1055 2053 1172 2108 quo
1197 2037 1381 2108 magis
1411 2035 1670 2090 debebas
1713 2035 1932 2108 gratias
1963 2049 2157 2104 agere,

511 2141 646 2180 cum
679 2129 878 2180 mente
908 2124 1205 2195 perfectus
1236 2124 1339 2180 sis.
1373 2125 1504 2195 Ipse
1535 2140 1668 2178 vero
1701 2123 1774 2176 de
1807 2121 2000 2192 seipso
2035 2136 2160 2174 ser-

511 2231 748 2269 monem
783 2214 1130 2286 efﬁguravit,
1164 2230 1280 2284 quo
1307 2212 1730 2268 modestiorem
1765 2210 2040 2266 redderet
2069 2225 2161 2264 ac-

510 2303 901 2358 cusationem.
937 2302 1163 2358 Deinde
1189 2302 1516 2374 subjungit,
1541 2324 1568 2349 ‹‹
1601 2301 1726 2354 Sive
1751 2299 1944 2367 editis,
1981 2317 2006 2348 η
2045 2303 2158 2352 etc.

469 2445 474 2448 _
512 2393 616 2449 Ubi
649 2393 806 2447 enim
835 2391 1134 2464 arguendo
1166 2390 1550 2456 cohibuisset,
1575 2391 1704 2460 jam
1742 2389 1936 2445 soluta
1967 2395 2158 2442 trans-

513 2482 863 2550 ﬁguratione
881 2498 1062 2552 quam
1080 2479 1360 2534 adversus
1383 2479 1646 2550 seipsum
1661 2481 2162 2548 assumpserat,ex

510 2571 736 2626 directo
770 2571 932 2642 ipsos
962 2571 1264 2634 admonet,
1297 2568 1540 2624 dicens:
1572 2590 1592 2617 ι
1623 2568 1749 2621 Sive
1775 2566 2020 2633 editis,»
2049 2571 2161 2620 etc.

514 2683 542 2710 α
577 2662 686 2714 Pro
719 2676 834 2730 quo
867 2675 970 2730 ego
1003 2657 1219 2729 gratias
1251 2673 1379 2728 ago.
1429 2679 1449 2705 ι
1513 2659 1650 2728 Ego,
1710 2655 1926 2725 inquit,
1979 2654 2163 2708 edens

515 2747 734 2820 gratias
757 2763 863 2814 ago
897 2763 1001 2818 pro
1037 2745 1138 2800 Dei
1169 2745 1377 2814 gratia,
1399 2761 1530 2816 quas
1571 2743 1716 2798 mihi
1759 2743 2027 2798 animum
2059 2741 2165 2796 tri-

517 2836 646 2890 buit
677 2835 994 2890 sublimem
1031 2839 1088 2889 et
1144 2833 1544 2906 impollutum.
1607 2835 1924 2903 Propterea
1973 2830 2162 2885 dicit:

519 2949 546 2976 ‹‹
579 2925 952 2995 Participans
970 2923 1192 2996 gratias
1211 2939 1340 2996 ago.
1357 2945 1384 2972 ››
1405 2926 1517 2977 Cur
1535 2937 1672 2994 ergo
1697 2921 1769 2977 ob
1802 2919 1860 2974 id
1911 2937 2016 2991 pro
2049 2935 2165 2990 quo

520 3031 626 3086 ego
655 3015 874 3087 gratias
905 3029 1034 3086 ago,
1065 3014 1176 3070 hoc
1208 3018 1316 3080 est,
1350 3029 1456 3084 pro
1486 3012 1676 3082 gratia
1704 3009 1828 3070 Dei.
1863 3027 1896 3064 a
1953 3007 2166 3064 Graecis

517 3105 666 3158 mihi
691 3103 1306 3160 maledicitur.Dicent
1321 3103 1480 3158 enim
1501 3101 1792 3174 quosdam
1813 3101 2170 3171 impostores

2255 623 2389 664 σεως
2421 603 2596 660 αὐτῶν
2629 604 2692 658 οὐ
2725 602 2806 659 δεῖ
2837 603 3158 681 φροντίζειν,
3215 603 3366 676 φησί.
3427 601 3523 665 Τίς
3581 602 3684 677 γὰρ
3739 602 3884 680 χρεία

2252 693 2340 746 ἳνα
2395 694 2457 748 τὸ
2515 692 2819 768 ἐλευθέριόν
2885 715 3013 768 μου,
3071 694 3344 762 τουτέστι,
3401 694 3466 747 τὸ
3538 691 3885 766 ἀπαραίτητόν

2259 803 2364 855 μου
2421 783 2510 837 καὶ
2567 782 2849 858 ἐλεύθερον
2913 783 3220 858 βρωμάτων
3275 783 3730 857 παρατηρήσεως,
3783 782 3887 854 κρί-

2255 892 2414 940 νηται
2457 871 2560 927 ὑπὸ
2621 870 2803 941 ἄλλης
2862 869 3265 942 συνειδήσεωςς
3321 869 3592 935 τουτέστι,
3653 871 3890 942 κατακρί-

2254 981 2408 1030 νηται
2443 960 2546 1014 ὑπὸ
2577 968 2677 1030 τῆς
2704 965 2800 1015 τοῦ
2833 959 3110 1030 Ἕλληνος
3141 957 3506 1030 συνειδήσεως
3533 978 3546 1026 ;
3581 959 3727 1033 Ἐρεῖ
3775 961 3887 1034 γὰρ,

2257 1051 2332 1110 ὡς
2364 1049 2526 1115 εἶκός⁶
2559 1053 2730 1114 Μῦθοι
2771 1052 2838 1106 τὰ
2891 1053 3249 1126 Χριστιανῶν,
3303 1051 3368 1105 τὰ
3419 1047 3631 1105 εἴδωλα
3689 1046 3888 1104 δοκοῦσι

2259 1137 2786 1214 βδελύττεσθαι,καὶ
2841 1140 2910 1195 τὰ
2967 1139 3018 1195 ἐν
3073 1139 3258 1200 αὐτοῖς
3316 1141 3558 1212 θυόμενα
3609 1137 3888 1212 προθύμως

2257 1227 2545 1292 ἐσθίουσιν.
2589 1254 2616 1280 α
2661 1228 2726 1285 Εἴ
2781 1226 2838 1284 δὲ
2893 1229 2999 1305 ἐγὼ
3052 1231 3241 1305 χάριτι
3301 1229 3611 1304 μετέχω.»
3665 1228 3759 1283 Διὰ
3803 1230 3890 1295 τήν

2258 1319 2420 1394 χάριν
2452 1323 2549 1374 τοῦ
2577 1322 2734 1388 Θεοῦ,
2763 1320 2864 1388 τήν
2897 1319 3072 1380 οὕτως
3129 1340 3234 1391 μου
3289 1319 3390 1386 τὴν
3443 1318 3634 1392 ψυχὴν
3691 1315 3890 1391 ὑψηλή,

2259 1410 2582 1477 ποιήσασαν,
2643 1408 2717 1468 ὡς
2775 1409 3056 1463 πεπεῖσθαι
3119 1405 3312 1481 μηδενὶ
3371 1405 3611 1478 τοιούτῳ
3681 1405 3892 1478 μολύνεο

2261 1499 2402 1554 σθαι.
2437 1497 2658 1573 Θαρῥῶν
2689 1497 2779 1551 οὖν
2811 1501 2880 1570 τῇ
2913 1497 3102 1576 χάριτι
3133 1501 3232 1552 τοῦ
3261 1501 3397 1552 Θεοῦ
3454 1496 3642 1559 ἐσθίω.
3702 1495 3766 1552 Εἴ
3817 1496 3891 1564 σὺ,

2261 1586 2444 1667 φησὶν,
2477 1586 2536 1640 ἐκ
2562 1586 2790 1661 χάριτος
2821 1592 2960 1642 Θεοῦ
3001 1588 3229 1664 γέγονας
3289 1585 3530 1656 τέλειος,
3591 1584 3727 1640 ὥστε
3771 1582 3894 1639 εἰδέ-

2260 1697 2344 1730 ναι
2381 1672 2551 1748 μηδὲν
2583 1675 2828 1730 εἶναιτὰ
2885 1673 3112 1742 εἴδωλα,
3168 1674 3260 1730 καὶ
3317 1672 3774 1748 κατηρτισμένην,
3827 1673 3892 1734 ὡς

2262 1763 2464 1841 λέγεις,
2495 1759 2645 1838 ἔχεις
2671 1765 2772 1833 τὴν
2805 1765 3012 1840 ψυχὴν,
3045 1765 3123 1826 εἰς
3160 1765 3222 1818 τὸ
3287 1761 3457 1838 μηδὲν
3513 1757 3890 1838 παραὸλάπτε-

2187 1882 2234 1948 Β
2263 1867 2406 1926 σθαι,
2438 1853 2536 1910 κᾶν
2571 1859 2860 1929 μετασχεῖν
2919 1853 3204 1928 βουληθῇς
3239 1859 3348 1909 τῶν
3405 1850 3800 1922 εἷ’δωλοθύτων,
3845 1849 3890 1906 τί

2265 1942 2704 2022 βλασφημεῖσθαι
2763 1943 2955 1998 σαυτὸν
3015 1943 3461 2016 παρασκευάζεις,
3517 1941 3610 1997 καὶ
3668 1938 3754 1995 διὰ
3807 1944 3891 1995 σοῦ

2258 2035 2357 2102 τὴν
2390 2032 2568 2088 πίστιν
2599 2031 2685 2087 καὶ
2709 2033 2802 2088 τὸν
2835 2031 2962 2088 Θεόν
2997 2051 3012 2101 ;
3047 2032 3152 2088 Καὶ
3195 2032 3320 2086 τότε
3369 2031 3453 2087 ἐπ’
3513 2030 3722 2104 ἐκείνῳ,
3779 2030 3896 2104 ὑπὲρ

2263 2123 2324 2177 οῦ
2360 2120 2575 2196 μᾶλλον
2610 2119 2842 2200 ὢφειλες
2895 2121 3257 2196 εὐχαριστεῖν,
3288 2119 3603 2182 τελειωθεὶς
3642 2121 3738 2188 τὴν
3793 2116 3896 2174 διά-

2262 2231 2450 2280 νοιανς
2493 2211 2672 2272 Αὐτὸς
2711 2207 2768 2265 δὲ
2793 2210 2874 2290 ἐφ’
2935 2211 3128 2266 ἑαυτοῦ
3178 2211 3270 2265 τὸν
3331 2209 3500 2284 λόγον
3559 2207 3899 2284 ἰσχημιὶτισε,

2269 2301 2628 2374 μετριώτεςον
2658 2301 2750 2355 τὸν
2785 2297 3014 2376 ἔλεγχον
3044 2305 3240 2356 ποιῶν.
3285 2300 3422 2356 Εἶτα
3477 2297 3682 2374 έπάγει’
3733 2323 3758 2350 α
3791 2296 3900 2355 Εἴτε

2263 2389 2488 2458 ἐσθίετε,
2523 2413 2550 2440 ››
2577 2389 2668 2444 καὶ
2727 2389 2872 2458 ἑξῆς.
2933 2387 3038 2445 Καὶ
3093 2389 3184 2442 ’ὀτε
3239 2392 3347 2444 τῶν
3403 2387 3651 2463 ἐλέγχων
3700 2380 3898 2452 ἔπαυσε,

2262 2479 2388 2534 τότε
2425 2479 2516 2534 τὸν
2549 2477 2625 2539 εἰς
2658 2479 2841 2533 ἑαυτὸν
2889 2476 3058 2540 λύσας
3123 2477 3679 2552 μετασχηματισμὸν,
3735 2473 3782 2546 ἐξ
3819 2475 3898 2528 εὖ·

2267 2568 2408 2630 Θείας
2441 2569 2630 2628 αὐτοῖς
2659 2572 2932 2643 παραινεῖ,
2999 2567 3194 2640 λέγων’
3249 2591 3276 2618 ‹‹
3313 2567 3437 2624 Ε’ἰτε
3487 2564 3710 2634 ἐσθίετε,
3743 2589 3764 2618 ι
3821 2562 3900 2616 καὶ

2268 2659 2411 2728 ἑξῆς.
2473 2683 2500 2709 ‹(
2563 2659 2721 2732 Ὑπὲρ
2781 2657 2842 2712 οὗ
2901 2656 3010 2731 ἐγὼ
3069 2656 3399 2735 εὐχαριστῶ.
3437 2681 3463 2708 ››
3521 2656 3686 2730 Ἐγὼ,
3739 2652 3901 2730 φησὶν,

2273 2747 2401 2819 ὑπὲρ
2427 2751 2524 2800 τοῦ
2555 2746 2741 2821 ’χάριτι
2791 2749 2924 2799 Θεοῦ
2985 2766 3080 2818 μοι
3143 2747 3242 2814 τήν
3311 2745 3500 2819 ψυχὴν
3561 2743 3774 2818 ὑψηλὴν
3825 2741 3902 2794 καὶ

2271 2838 2581 2911 ἀμόλυντον
2613 2837 2904 2912 ὑπάρχειν,
2967 2837 3278 2915 εὐχαριστῷ
3333 2837 3553 2896 ἐσθίων,
3614 2836 3708 2891 Διὰ
3758 2838 3900 2888 τοῦτο

2273 2927 2444 3002 λέγει·
2481 2925 2798 3001 «Μετέχων
2869 2927 3202 3000 εὐχαριστῶ.
3241 2953 3260 2976 ι
3323 2927 3472 2980 Διατί
3538 2927 3629 2980 οῦν
3679 2925 3801 2999 ὑπὲρ
3847 2919 3900 2976 οὗ

2272 3016 2382 3092 ἐγὼ
2439 3015 2769 3092 εὐχαριστῶ,
2826 3017 3102 3070 τοῦτέστιν
3171 3013 3304 3089 ὅπερ
3361 3021 3461 3084 τῆς
3547 3015 3767 3090 χάριτος
3817 3013 3901 3066 τοῦ

2273 3110 2426 3175 Θεοῦ,
2489 3105 2594 3160 ἀπὸ
2651 3110 2758 3160 τῶν
2821 3102 3108 3175 Ἐλλήνων
3176 3101 3668 3182 βλασφημοῦμαι;
3725 3103 3903 3174 Εροῦσι

524 3212 633 3249 nos
653 3211 780 3250 esse
803 3199 860 3248 et
883 3193 1222 3256 mendaces,
1257 3191 1787 3263 quiidolaquidem
1809 3204 2167 3250 aversemur,

530 3290 577 3302 ,ι
608 3284 825 3302 γ-κμκγ·-
900 3299 1017 3302 ____-
1076 3282 1153 3302 ξιξ
1208 3287 1577 3302 ᾼμᾼ-..--..ι---.
1642 3280 2140 3302 _-_.____--1___.--...

2280 3199 2385 3274 γὰρ
2420 3195 2646 3271 εἶ’ρωνάς
2671 3217 2820 3259 τινας
2859 3197 2948 3252 καὶ
3009 3194 3400 3270 ψευδολόγους,
3449 3197 3518 3252 τὰ
3572 3197 3666 3270 μὲν
3723 3191 3904 3249 εἴδωλα

2285 3287 2375 3302 κ..-
2481 3289 2494 3302 9
2827 3287 2838 3302 Ι
3271 3290 3295 3302 υ
3487 3283 3534 3302 δι
3645 3286 3671 3296 ’³
3757 3282 3770 3302 Ἰ
3832 3286 3899 3302 νᾼκ

523 3290 584 3338 at
607 3284 832 3336 mensis
890 3299 1022 3352 quae
1075 3282 1159 3336 ibi
1201 3287 1577 3352 exponuntur
1635 3280 2166 3336 communicemus.

528 3393 554 3418 ‹‹
589 3371 715 3423 Sive
746 3387 882 3440 ergo
915 3370 1112 3422 editis.
1151 3392 1177 3416 ιι
1213 3373 1315 3434 ita,
1357 3370 1575 3439 inquit,
1635 3370 1832 3424 omnia
1883 3369 2079 3435 facite,
2113 3371 2178 3420 ut

529 3458 902 3511 occasionem
933 3455 1308 3526 gloriﬁcandi
1340 3459 1528 3512 Deum
1585 3457 1922 3528 praebeatis,
1985 3462 2053 3510 ut
2109 3469 2180 3508 ea

529 3561 658 3615 quae
691 3560 850 3598 nunc
882 3543 1037 3597 ﬁunt
1065 3559 1184 3598 una
1215 3559 1348 3601 cum
1380 3544 1705 3616 ignominia
1734 3551 1793 3598 et
1823 3543 2176 3598 inﬁdelitate

529 3649 634 3704 per
663 3631 842 3688 ﬁdem
874 3631 1281 3697 conferantur,
1318 3632 1472 3687 sicut
1499 3631 1720 3687 dictum
1751 3637 1860 3686 est.

603 3723 748 3778 521
785 3724 860 3786 x,
891 3722 981 3784 32,
1012 3721 1114 3786 33;
1147 3720 1249 3784 ΧΙ,
1284 3721 1334 3778 1.
1369 3743 1396 3769 ‹‹
1431 3720 1565 3775 Sitis
1588 3719 1820 3774 nullum
1843 3718 2180 3790 praebentes

534 3835 562 3862 «
589 3810 1039 3878 offendiculum,
1065 3825 1258 3882 neque
1290 3809 1530 3874 Iudaeis,
1561 3825 1754 3880 neque
1787 3809 2024 3878 Graecis,
2067 3824 2179 3864 ne-

535 3923 560 3949 «
595 3915 706 3970 que
739 3900 1017 3956 Ecclesiaa
1049 3900 1169 3970 Dei,
1203 3897 1706 3970 quemadmodum
1737 3915 1841 3970 ego
1885 3915 1991 3969 per
2051 3914 2181 3952 om-

538 4007 559 4034 ι
593 3990 694 4042 nia
724 3988 1000 4043 omnibus
1039 3988 1244 4058 placeo
1276 4005 1396 4044 non
1431 4005 1704 4060 quaerens
1745 4004 1938 4043 meam
1995 3987 2182 4058 ipsius

532 4099 557 4124 ‹‹
593 4077 936 4144 utilitatem,
969 4077 1073 4132 sed
1104 4077 1452 4144 multorum,
1485 4083 1553 4132 ut
1583 4077 1723 4132 salvi
1753 4078 1917 4134 fiant.
1978 4077 2182 4131 Imita-

531 4189 558 4216 ‹‹
595 4173 752 4222 tores
779 4166 898 4220 mei
931 4171 1138 4235 estote,
1172 4167 1326 4222 sicut
1360 4172 1419 4221 et
1449 4183 1552 4239 ego
1585 4167 1822 4222 Christi.
1859 4187 1888 4216 »

602 4255 896 4310 «Nullum
927 4255 1260 4327 praebentes
1323 4255 1772 4310 oﬁ'endiculum.
1828 4277 1854 4304 υ
1907 4255 2022 4309 Ηοο
2070 4259 2180 4318 est,

531 4346 758 4400 nullam
774 4345 1050 4416 cuiquam
1069 4345 1402 4416 praebentes
1414 4345 1786 4416 vituperandi
1803 4345 2178 4400 occasionem.

531 4435 657 4488 Fiet
677 4440 875 4490 autem
897 4435 1007 4488 hoc
1027 4433 1074 4487 si
1099 4449 1293 4503 neque
1317 4432 1751 4504 Judaeo,neque
1775 4435 1974 4489 Graeco
1999 4433 2183 4486 simus

535 4523 918 4592 offendiculo,
950 4539 1142 4593 neque
1175 4523 1417 4576 omnino
1447 4523 1752 4590 fratribus,
1787 4540 1924 4578 nam
1966 4524 2014 4578 si
2047 4528 2186 4577 sunt

2281 3287 2440 3358 δῆθεν
2471 3287 2989 3364 ἀπεστρεφομένους,
3037 3290 3428 3348 κοινωνοῦντας
3483 3283 3546 3340 δὲ
3599 3286 3703 3340 τῶν
3755 3282 3902 3336 ἐκεῖσε

2273 3380 2576 3450 τραπεζῶν.
2601 3401 2628 3426 α
2663 3373 2790 3431 Εἴτε
2837 3376 2926 3430 οὖν
2981 3374 3198 3433 ἐσθίετε,
3235 3399 3262 3426 ι)
3319 3376 3534 3446 Οὕτως,
3591 3373 3738 3450 φησὶ,
3786 3369 3904 3424 πάν-

2275 3487 2338 3521 τα
2371 3466 2655 3540 πράττετε,
2680 3463 2773 3520 ’ἕνα
2828 3470 2926 3520 τοῦ
2988 3462 3300 3534 δοξάζεσθαι
3357 3464 3448 3519 τὸν
3487 3466 3621 3519 Θεὸν
3675 3459 3903 3538 ἀφορμὰς

2275 3554 2582 3631 παρέχητε,
2641 3556 2715 3618 ὡς
2773 3556 2840 3610 τά
2875 3577 2936 3632 γε
2993 3559 3082 3609 νῦν
3143 3554 3418 3630 γινόμενα,
3477 3557 3573 3609 καὶ
3626 3551 3802 3620 ἀδοξία

2279 3645 2458 3698 πίστει
2490 3641 2900 3718 προστρίϐεται,
2930 3645 3110 3706 καθὼς
3143 3642 3380 3719 εἴρηται.

2349 3733 2718 3808 Ἀπρόσκοποι
2787 3734 2998 3808 γίνεσθε
3053 3731 3143 3788 καὶ
3232 3731 3544 3800 Ἰουδαίοις,
3623 3732 3712 3786 καί
3785 3723 3900 3784 ’Έλ-

2280 3821 2438 3894 λησι,
2492 3825 2584 3878 καὶ
2642 3826 2710 3896 τῇ
2778 3821 3086 3894 Ἐκκλησία
3138 3828 3236 3879 τοῦ
3293 3827 3447 3892 Θεοῦ,
3535 3823 3712 3882 καθὼς
3773 3815 3902 3892 κάγὼ

2279 3913 2454 3966 πάντα
2485 3918 2642 3966 πᾶσιν
2702 3911 2935 3985 ἀρέσκω,
3001 3914 3076 3984 μὴ
3141 3917 3318 3981 ζητῶν
3376 3914 3438 3968 τὸ
3497 3911 3731 3986 ἐμαυτοῦ
3785 3927 3902 3978 συμ-

2279 4001 2462 4080 φέρον,
2523 3998 2672 4054 ἀλλὰ
2723 4006 2830 4055 τῶν
2891 3999 3142 4069 πολλῶν,
3202 4002 3291 4056 ’ἰνα
3351 4003 3591 4057 σωθῶσι.
3679 3991 3905 4070 Mign-mi

2285 4111 2391 4164 μου
2416 4090 2640 4166 γίνεσθε,
2672 4090 2853 4153 καθὼς
2885 4090 3039 4164 κάγὼ
3071 4095 3324 4164 Χριστοῦ.

2362 4275 2382 4300 ι
2419 4253 2813 4326 ’Λπρὸσκοποι,
2845 4276 2871 4302 ››
2919 4251 3190 4320 τουτέστι,
3255 4249 3528 4326 μηδεμίαν
3585 4245 3766 4324 μηδενῖ
3817 4241 3906 4316 ψό-

2282 4365 2382 4419 γου
2449 4343 2781 4422 παρέχοντες
2841 4344 3118 4420 ἀφορμήν.
3207 4344 3393 4398 Ἔσται
3453 4341 3509 4398 δὲ
3576 4345 3758 4404 τοῦτο,
3833 4335 3908 4389 ἐὰν

2289 4436 2426 4508 μήτε
2457 4431 2724 4502 Ἕλληνα,
2763 4434 2902 4504 μήτε
2953 4429 3215 4488 Ἰουδαῖον
3275 4430 3738 4504 σκανδαλίσωμεν,
3791 4425 3906 4496 μήτε

2293 4527 2398 4595 μήν
2428 4524 2554 4584 τοὺς
2587 4519 2874 4599 ἀδελφούς.
2905 4518 3072 4578 Οὗτοι
3102 4521 3270 4594 γὰρὴ
3306 4519 3608 4591 Ἐκκλησία
3635 4523 3727 4574 τοῦ
3773 4515 3906 4568 Θεοῦ.

539 4613 801 4668 Ecclesia
835 4612 955 4666 Dei.
990 4611 1316 4666 Considera
1353 4627 1488 4665 vero
1521 4612 1678 4682 quod
1708 4619 2008 4682 postremo
2053 4612 2167 4665 locc

2289 4613 2428 4685 ’Όρα
2459 4608 2516 4665 δὲ
2535 4611 2598 4665 τὸ
2633 4615 2838 4684 μεῖζον,
2871 4605 3103 4684 ἔσχατον
3159 4611 3300 4667 εἷπε.
3359 4609 3454 4664 Καὶ
3505 4611 3610 4684 γὰρ
3665 4606 3748 4662 καὶ
3801 4601 3908 4656 τοὺς

537 4702 802 4773 posuerit
831 4701 888 4756 id
921 4700 1078 4772 quod
1111 4701 1306 4772 majus
1339 4707 1445 4754 est.
1483 4700 1784 4772 Siquidem
1823 4701 1972 4754 alios
1999 4701 2176 4754 etiam

536 4791 810 4844 convenit
840 4789 910 4844 ad
945 4789 1122 4844 ﬁdem
1154 4789 1472 4856 attrahere,
1509 4794 1565 4842 et
1597 4804 1718 4844 non
1751 4805 1852 4843 eos
1911 4788 2008 4858 qui
2051 4787 2181 4858 jam

535 4875 748 4931 fratres
780 4883 917 4932 sunt
948 4879 1272 4949 impellere.
1291 4877 1389 4932 His
1407 4883 1604 4932 autem
1627 4877 1820 4933 verbis
1843 4893 2051 4931 omnes
2077 4875 2182 4931 de-

538 4963 730 5034 signat
763 4966 862 5035 qui
896 4983 964 5020 ex
1016 4983 1082 5021 eo
1145 4965 1602 5022 offendebantur
1650 4965 1808 5037 quod
1858 4964 2186 5036 idolothyta

537 5052 802 5108 ederent.
841 5076 868 5102 ‹ι
901 5055 1411 5118 Quemadmodum
1445 5072 1571 5127 ego.
1607 5077 1634 5106 »
1661 5053 1881 5110 Deinde
1903 5055 2043 5125 quia
2059 5069 2186 5108 rem

539 5147 902 5212 praeceperat
924 5141 1248 5210 difﬁcilem,
1267 5161 1400 5200 reos
1421 5146 1582 5200 enim
1614 5144 1836 5200 fecerat
1862 5143 2062 5198 damni
2083 5143 2186 5198 Ju-

540 5231 804 5286 daeorum
837 5247 904 5286 ac
937 5231 1294 5300 Grazcorum,
1327 5233 1588 5304 seipsum
1617 5233 1817 5304 posuit
1873 5233 1934 5286 in
1990 5247 2188 5287 exem-

541 5319 726 5390 plum,
762 5319 1026 5374 efﬁciens
1059 5335 1164 5392 per
1180 5321 1292 5376 hoc
1313 5328 1379 5376 ut
1400 5337 1595 5377 sermo
1613 5321 1784 5377 facile
1811 5319 2186 5392 suscipiatur.

538 5433 564 5458 η
603 5411 716 5463 Per
747 5411 948 5465 omnia
981 5409 1256 5464 omnibus
1281 5410 1508 5481 placeo.
1559 5431 1587 5459 ››
1649 5413 1728 5464 Ac
1788 5411 1836 5463 si
1895 5409 2142 5464 dixisset
2175 5425 2187 5462 :

543 5497 834 5554 Omnibus
867 5499 939 5554 ad
969 5499 1172 5554 omnia
1197 5498 1441 5570 placeo;
1477 5497 1638 5570 quod
1701 5497 1878 5552 etiam
1933 5497 2080 5551 dixit
2129 5497 2190 5550 in

543 5587 952 5659 superioribus
987 5605 1000 5644 :
1036 5587 1323 5644 Omnibus
1357 5588 1557 5644 omnia
1585 5587 1776 5640 factus
1807 5601 1936 5638 sum
1969 5591 2034 5640 ut
2064 5601 2189 5640 om-

543 5679 686 5732 nino
720 5678 952 5748 aliquos
989 5677 1183 5732 salvos
1209 5675 1442 5729 faciam.
1476 5697 1504 5722 σ‹
1541 5676 1666 5727 Νοιι
1699 5688 1973 5742 quaerens
1997 5689 2191 5727 meam

2291 4697 2500 4761 ἄλλους
2559 4697 2874 4775 ἐφέλκεσθαι
2933 4701 3198 4774 προσήκει
3257 4700 3392 4773 πρὸς
3450 4699 3552 4766 τὴν
3612 4698 3804 4756 πίστιν,
3855 4686 3908 4740 οὗ

2296 4789 2370 4860 μή
2403 4787 2650 4851 καὶτοὺς
2677 4785 2950 4866 ἀδελφοὺς
2983 4785 3221 4843 διώκειν.
3267 4787 3534 4858 Σημαὶνει
3593 4783 3650 4840 δῖε
3693 4782 3750 4837 ἐκ
3799 4775 3906 4832 ⁴τοῦ·

2290 4896 2399 4929 των
2433 4879 2538 4930 τῶν
2601 4875 2862 4950 ῥημάτων
2911 4877 3111 4938 πάντας
3161 4873 3678 4947 σκανδαλιζομένους
3725 4870 3780 4924 ἐκ
3827 4866 3907 4918 ’τσῦ

2293 4965 2490 5029 ἐσθίειν
2553 4964 2755 5027 αὐτοὺς
2815 4963 3168 5023 εἰδωλόθυτα.
3235 4987 3256 5014 ι
3319 4965 3506 5026 Καθὼς

2297 5058 2444 5110 στοῦ.
2477 5077 2504 5106 »
2538 5055 2676 5110 Εἶτα
2727 5051 2914 5123 ἐπειδὴ
2976 5051 3239 5129 δυσχερὲς
3295 5053 3538 5122 ἐπέταξεν
3595 5045 3911 5126 (ὑπευθύνους

2296 5145 2398 5220 γὰρ
2431 5142 2630 5206 αὐτοὺς
2671 5143 2892 5214 ἐποίησε
2947 5144 3038 5198 καὶ
3096 5150 3196 5213 τῆς
3253 5139 3526 5198 Ἰουδαίων
3594 5139 3680 5195 καὶ
3737 5131 3910 5197 Ἐλλή-

2297 5255 2403 5285 νων
2459 5226 2715 5306 βκάὸης),
2775 5231 2963 5286 ἑαυτὸν
3024 5232 3098 5292 εἷς
3153 5229 3503 5306 παράδειγμα
3557 5231 3800 5292 τέθεικεν,
3849 5215 3916 5271 εὖ·

2301 5317 2633 5394 παράόεκτον
2664 5320 2833 5394 ταύτῃ
2869 5321 3279 5389 κατασκευάζων
3324 5319 3414 5373 τὸν
3471 5316 3662 5394 λόγον.
3711 5341 3736 5364 α
3769 5309 3914 5368 Πάντα

2300 5415 2460 5464 πᾶσιν
2522 5409 2782 5483 ἀρέσκων.
2832 5433 2859 5461 ››
2932 5411 3020 5472 Ὠς
3080 5409 3124 5464 εἰ
3185 5409 3356 5464 εἶπεν·
3417 5407 3510 5468 Εἰς
3569 5406 3732 5460 πάντα
3783 5401 3918 5483 πᾶσιν

2301 5495 2532 5572 ἀρέσκω·
2570 5497 2702 5570 ὅπερ
2733 5496 2824 5551 καὶ
2869 5495 2980 5550 ἅνω
3039 5495 3212 5573 ἔλεγε·
3277 5499 3409 5558 Τοῖς
3462 5501 3591 5550 πᾶσι
3638 5491 3818 5566 γέγονα
3865 5478 3918 5534 τὶ

2303 5583 2495 5650 πάντα,
2549 5582 2644 5638 ’ἶνα
2701 5587 2918 5650 πάντως
2966 5587 3113 5648 τινὰς
3171 5585 3354 5640 σώσω.
3416 5609 3443 5636 ‹‹
3511 5585 3597 5651 Mf,
3659 5579 3820 5648 ζητῶν
3865 5568 3917 5622 τὸ

2306 5671 2568 5745 ἐμαυτοῦ.
2608 5697 2634 5724 »ι
2665 5673 2754 5736 Ὠς
2785 5675 2910 5729 ὃταν
2949 5671 3150 5750 ἔλεγεν·
3213 5699 3240 5725 ι(
3275 5673 3550 5752 Ηῦχὸμην
3595 5668 3828 5738 ἀνάθεμα
3863 5655 3930 5714 ιῖ-

3589 4963 3735 5038 κᾶγὼ
3799 4957 3886 5028 Χρι
3897 4981 3910 4990 ·
