4156 6200
382 376 505 436 793

1344 377 1762 440 COMMENT.
1808 376 1894 438 IN
1940 374 2196 438 EPIST.
2242 376 2269 437 Ι
2312 378 2414 437 AD
2458 376 2826 437 CORINTH.

3667 370 3787 453 τρε

383 528 471 563 ναι
502 508 607 563 απὸ
662 511 760 562 τοῦ
816 512 1062 582 Χριστοῦ
1123 508 1255 583 ὑπὲρ
1312 513 1419 564 τῶν
1473 507 1726 587 ἀδελφῶν
1778 530 1883 583 μου
1941 529 2012 563 κα

2144 508 2329 580 ipsius
2350 510 2690 567 utilitatem.
2718 531 2746 560 ››
2778 509 2972 565 Veluti
3004 523 3136 564 cum
3168 505 3438 563 dicebat:
3472 529 3498 556 ‹‹
3522 506 3788 579 Optarirn

381 603 488 654 τῶν
518 600 786 674 συγγενῶν
837 617 964 670 μου.
999 620 1027 649 »
1091 600 1270 655 Τοῦτο
1319 598 1424 674 γὰρ
1478 600 1713 672 μίμησις
1768 601 2036 674 Χριστοῦ.

381 690 445 744 τὸ
475 688 551 761 μὴ
584 688 796 757 ἑαυτοῦ,
822 684 969 743 ἀλλὰ
1005 691 1112 741 τῶν
1167 686 1405 758 πλησίον
1460 685 1738 759 κήδεσθαι.
1777 713 1798 739 ι

383 778 448 833 τὸ
478 781 587 832 τῶν
626 774 876 834 πολλῶν.
910 800 939 829 ››
970 810 1038 820 -
1068 778 1284 851 ίΦΩΤ.]
1316 777 1390 833 Τὸ
1420 782 1528 833 τῶν
1583 776 1832 848 πολλῶν,
1879 776 2034 854 φησὶ,

383 865 678 944 συμφέρον,
707 862 849 939 ἤπερ
891 868 955 920 τὸ
1010 865 1270 939 ἐμαυτοῦ.
1330 862 1554 936 Ἐπειδὴ
1615 864 1752 921 ἔνιοι
1811 870 2033 937 ζητοῦσι

385 956 481 1028 μὲν
510 955 573 1011 τὸ
599 959 709 1010 τῶν
738 952 989 1022 πολλῶν,
1038 952 1203 1010 ἄλλοι
1260 956 1355 1029 μὲν
1405 954 1495 1010 ἳνα
1549 952 1885 1027 κερδήσωσιν
1936 953 2035 1010 αὖ·

375 1049 487 1100 τῶν
515 1047 614 1115 τὴν
643 1040 853 1100 εῦνοιαν
886 1044 974 1100 ἐπί
1019 1045 1082 1099 τὸ
1135 1050 1286 1124 σφῖσι
1346 1044 1665 1101 λυσιτελοῦν
1725 1046 1781 1100 οί
1839 1042 1897 1100 δὲ
1945 1042 2034 1098 ἵνα

378 1134 507 1206 παρ’
546 1131 722 1188 αὐτῶν
783 1134 1153 1204 ἐπαινεθῶσιν,
1208 1133 1259 1187 οἱ
1311 1129 1368 1187 δὲ
1410 1131 1504 1187 ’ἱνα
1535 1131 1710 1189 ἄλλου
1738 1134 1885 1195 τινὸς
1911 1132 2031 1187 ἐπι-

377 1220 591 1296 τύχωσι
647 1221 924 1287 τοιούτου,
977 1220 1140 1283 αὐτὸς
1216 1218 1482 1276 δείκνυσιν
1542 1220 1624 1301 ἐφ’
1679 1220 1790 1295 ὅτῳ
1847 1220 2033 1285 αὐτοῖς

376 1306 703 1365 ἐσπούδασεν
732 1309 996 1382 ἀρέσκειν,
1024 1310 1117 1364 καὶ
1160 1330 1344 1386 φησιν,
1403 1309 1487 1364 ὅτι
1545 1309 1633 1365 ἰπὶ
1688 1311 1751 1366 τὸ
1807 1309 2032 1374 ἐκείνοις

376 1399 651 1473 συμφέρον
681 1398 771 1453 καὶ
816 1399 933 1476 οὐχ
990 1397 1180 1461 ἁπλῶς
1241 1398 1539 1478 συμφέρον,
1569 1398 1698 1455 ἀλλ’
1749 1396 1830 1455 ’ἐτι
1865 1400 2030 1477 σαφέ-

376 1508 586 1565 στερον,
610 1485 706 1543 ἵνα
729 1489 970 1556 σωθῶσι,
999 1487 1157 1564 φησί.

1015 1769 1275 1825 ΚΕΦΑΛ.
1322 1768 1384 1835 ζ’.

976 1880 1181 1958 ἀνδρῶν
1258 1883 1349 1958 καὶ
1407 1888 1675 1958 γυναικῶν
1731 1882 1783 1938 ἐν

939 1954 1031 2009 καὶ
1062 1954 1445 2033 προφητείαις.

372 1884 501 1958 Περί
583 1883 894 1961 σχίσματος

440 2072 681 2128 Ἐπαινῶ
773 2069 830 2126 δὲ
915 2072 1080 2145 ὑμᾶς,
1156 2067 1406 2149 ἀδελφοὶ,
1485 2073 1570 2126 ὅτι
1643 2072 1813 2128 πάντα
1916 2094 2023 2146 μου

374 2159 651 2233 μέμνησθε
684 2204 698 2230 ,
764 2162 856 2216 καὶ
912 2162 1094 2221 καθὼς
1151 2158 1447 2236 παρέδωκα
1501 2162 1631 2234 ὑμῖν
1688 2162 1786 2225 τὰς
1844 2182 2022 2237 παρα-

372 2246 551 2311 δόσεις
606 2251 867 2324 κατέχετε
902 2294 915 2307 .
969 2248 1125 2305 Θέλω
1193 2247 1250 2305 δὲ
1308 2250 1448 2324 ὑμᾶς
1504 2248 1698 2306 εἰδέναι
1755 2250 1839 2307 δτι
1896 2272 2020 2307 παν-

368 2337 462 2399 τὸς
519 2334 715 2414 ἀνδρὸς
774 2341 809 2407 ἡ
860 2337 1071 2415 κεφαλή
1121 2339 1150 2393 ὁ
1200 2339 1433 2414 Χριστὸς
1487 2338 1620 2398 ἐστι.
1680 2339 1904 2420 Κεφαλή
1964 2337 2022 2395 δὲ

366 2430 619 2505 γυναικὸς
651 2430 680 2484 6
732 2429 893 2504 ἀνήρ.
948 2428 1167 2508 Κεφαλή
1229 2427 1287 2485 δὶ
1343 2431 1581 2505 Χριστοῦ
1633 2432 1662 2486 ὁ
1696 2439 1849 2494 Θεος.
1911 2436 2018 2493 Πᾶς

369 2517 505 2593 ἀνὴρ
563 2520 1009 2594 προσετχόμενος
1067 2519 1102 2589 ἢ
1165 2520 1526 2596 προφητευὼν
1579 2520 1716 2575 κατᾶ
1772 2520 2017 2597 κεφαλῆς

371 2604 539 2683 ἔχων,
622 2610 975 2684 καταισχύνει
1055 2609 1154 2678 τήν
1247 2608 1490 2689 κεφαλὴν
1591 2608 1779 2668 αὐτοῦ.
1870 2612 2018 2667 Πᾶσα

369 2693 426 2750 δὶ
494 2698 631 2774 γυνή
712 2696 1135 2773 προσευχομένη
1223 2698 1258 2768 ἢ
1346 2699 1771 2777 προφητεύουσα
1884 2700 2020 2755 ἀκα-

365 2784 695 2859 τακαλύπτῳ
751 2787 821 2858 τῇ
877 2785 1110 2866 κεφαλῇ’,
1169 2789 1522 2864 καταισχύνει
1599 2790 1700 2858 τήν
1773 2790 2017 2869 κεφαλὴν

364 2873 555 2945 αὐτῆς.
585 2876 681 2932 Ἐν
709 2875 810 2952 γὰρ
842 2874 953 2931 ἐστι
993 2877 1083 2931 καὶ
1114 2878 1175 2932 τὸ
1204 2876 1336 2932 αὐτὸ
1364 2880 1433 2943 τῆ
1467 2877 1785 2953 ἐξυρημένῃ.

436 2965 718 3041 Μὲμφεται
794 2964 979 3027 αὐτοῖς
1028 2964 1113 3021 ὅτι
1169 2967 1224 3021 αἱ
1286 2967 1382 3040 μὶν
1429 2971 1701 3043 γυναῖκες,
1757 2967 2019 3023 ἀκατακα-

368 3051 562 3125 λύπτῳ
617 3056 686 3126 τῇ
737 3051 949 3132 κεφαλῇ
1006 3053 1095 3109 καὶ
1157 3050 1403 3132 ηὔχοντο
1454 3054 1544 3109 καὶ
1592 3053 2015 3133 ἐπροεφήτευον.

364 3141 431 3199 Οἱ
489 3138 547 3196 δὶ
601 3138 791 3217 ἄνδρες
835 3142 925 3197 καὶ
1000 3141 1216 3215 ἐκόμων
1252 3186 1266 3210 ,
1333 3142 1423 3197 καὶ
1469 3143 2016 3217 κατακεκαλυμμένοι

2147 600 2467 655 anathema
2496 616 2623 655 esse
2654 616 2687 654 ιι
2708 599 2939 655 Christo
2970 614 3076 670 pro
3108 596 3391 651 fratribus
3430 595 3579 650 meis
3606 602 3663 650 et
3690 612 3787 651 co-

1860 686 2015 744 ’Δλλι

2145 690 2339 759 gnatis
2370 690 2518 744 meis
2550 690 2615 745 ³⁷.
2650 711 2679 738 ››
2719 693 2841 744 Hoc
2870 693 3070 743 autem
3102 685 3316 740 Christi
3375 683 3627 739 imitatio
3677 688 3788 752 est,

2144 796 2265 835 non
2289 796 2555 850 quaerere
2573 795 2773 835 meum
2794 775 3198 839 commodum,
3225 774 3329 830 sed
3345 773 3628 846 proximis
3650 788 3790 844 pro-

2142 866 2364 933 videre,
2404 889 2429 920 σ
2459 868 2571 923 Sed
2603 867 2948 923 multorum.
2981 888 3008 916 ιι
3044 865 3381 932 Multorum,
3404 862 3789 933 inquit,com-

2144 956 2387 1012 modum
2414 958 2600 1025 magis
2622 973 2845 1029 quaero,
2871 972 3045 1027 quam
3070 952 3788 1024 meum.Quandoquidem

2142 1052 2419 1107 nonnulli
2446 1052 2767 1109 multorum
2791 1056 3067 1124 quaerunt
3084 1051 3464 1107 commodum
3512 1051 3615 1106 alii
3644 1067 3786 1106 sane

2142 1147 2207 1196 ut
2236 1142 2475 1198 illorum
2534 1143 2909 1198 lucrifaciant
2956 1140 3454 1208 benevolentiam,
3486 1141 3548 1195 in
3579 1140 3691 1195 hoc
3722 1145 3786 1194 ut

2141 1231 2253 1287 sibi
2283 1234 2516 1304 prosint
2546 1250 2560 1288 :
2594 1232 2837 1305 quidam
2867 1248 3002 1287 vero
3057 1236 3125 1286 ut
3173 1231 3245 1286 ab
3302 1231 3388 1285 eis
3441 1230 3781 1300 laudentur,

2140 1322 2242 1377 alii
2273 1328 2337 1377 ut
2368 1322 2530 1378 aliud
2563 1323 2869 1395 quidpiam
2902 1321 3100 1377 simile
3126 1320 3200 1377 ab
3232 1320 3317 1375 eis
3347 1325 3778 1390 assequuntur:

2138 1412 2401 1467 ostendit
2428 1412 2555 1485 ipse
2583 1411 2659 1467 ad
2691 1411 2835 1483 quid
2864 1411 2986 1466 illis
3016 1410 3250 1483 placere
3282 1409 3594 1475 studuerit,
3615 1415 3674 1465 et
3701 1409 3783 1464 ait

2137 1500 2297 1572 quod
2327 1500 2402 1555 ob
2434 1500 2814 1556 commodum
2848 1501 3112 1572 ipsorum
3142 1516 3156 1565 ;
3206 1515 3318 1554 nec
3365 1498 3781 1570 qualecunque

2136 1588 2535 1661 commodum,
2561 1588 2665 1644 sed
2695 1589 3070 1644 manifestius
3102 1588 3294 1644 adhuc
3324 1593 3391 1642 ut
3438 1586 3582 1642 salvi
3615 1586 3783 1658 flant,

2136 1678 2352 1750 inquit.

2693 1795 2848 1852 622
2887 1794 3120 1851 CAPUT
3162 1796 3227 1850 Vl

1833 1882 2025 1959 εὐχαῖς
2056 1878 2101 1944 Β
2134 1910 2205 1965 De
2233 1909 2463 1966 dissidio
2503 1914 2751 1966 virorum
2780 1927 2843 1967 ac
2870 1910 3167 1966 mulierum
3195 1909 3257 1965 in
3281 1908 3697 1981 precationibus
3725 1912 3776 1961 et

2783 1983 3116 2054 praphetiis.

2199 2097 2297 2169 Χῐ,
2320 2102 2440 2155 2-2.
2474 2121 2504 2150 «
2529 2099 2813 2156 Collaudo
2847 2104 3045 2156 autem
3076 2099 3438 2167 vos,fratres,
3465 2098 3622 2170 quod
3646 2115 3777 2154 om-

2131 2209 2160 2238 «
2192 2190 2356 2245 nium
2372 2206 2504 2261 qua;
2521 2207 2655 2247 mea
2675 2196 2814 2247 sunt
2834 2207 3129 2247 memores
3152 2188 3782 2261 sitis,et,quemadmo-

2129 2301 2157 2328 ‹‹
2192 2279 2329 2333 dum
2353 2279 2563 2334 tradidi
2591 2279 2768 2345 vobis,
2796 2281 3069 2336 instituta
3091 2280 3355 2335 servetis.
3381 2278 3493 2334 Sed
3518 2277 3645 2334 volo
3674 2295 3777 2334 vos

2131 2389 2158 2417 ‹‹
2192 2368 2344 2422 scire
2367 2370 2521 2439 quod
2546 2370 2740 2424 omnis
2761 2369 2869 2424 viri
2895 2374 3073 2441 caput
3124 2368 3395 2424 Christus
3438 2372 3548 2435 est,
3600 2373 3777 2440 caput

2128 2479 2155 2505 ‹‹
2189 2462 2391 2511 autem
2414 2458 2683 2513 mulieris
2705 2460 3141 2530 vir,caputvero
3155 2458 3370 2513 Christi
3388 2458 3774 2513 Deus.0mnis

2130 2567 2154 2597 ι
2188 2546 2277 2599 vir
2297 2562 2476 2602 orans
2497 2552 2600 2603 aut
2616 2549 2979 2620 prophetans
3001 2546 3227 2603 habens
3252 2547 3556 2619 quidpiam
3575 2546 3637 2602 in
3685 2563 3774 2603 ca-

2128 2654 2155 2685 σ
2189 2634 2554 2706 pite,probro
2577 2636 2762 2692 afficit
2781 2643 2959 2708 caput
2978 2637 3384 2693 suum.0mnis
3402 2653 3537 2691 vero
3560 2636 3775 2691 mulier

2129 2744 2157 2774 ι(
2189 2740 2365 2779 orans
2380 2731 2477 2780 aut
2493 2727 2855 2797 prophetans
2868 2742 2990 2781 non
3006 2732 3209 2796 operto
3226 2724 3671 2796 capite,pudore
3684 2725 3746 2779 af
3749 2755 3773 2766 -

2126 2835 2153 2863 ‹‹
2190 2814 2313 2868 ﬁcit
2341 2822 2520 2887 caput
2545 2832 2718 2871 suum
2742 2832 2754 2871 :
2788 2832 2919 2870 nam
2943 2813 3471 2870 unumestetidem
3487 2829 3552 2868 ac
3568 2812 3615 2867 si
3643 2828 3775 2868 rasa

2128 2922 2157 2950 «
2190 2909 2367 2960 esset.
2404 2926 2431 2952 »ι

2200 2994 2454 3047 Accusat
2494 3010 2595 3048 eos
2623 2991 2782 3063 quod
2811 2992 3094 3047 mulieres
3125 2992 3366 3063 quidem
3399 2992 3592 3063 capite
3653 3007 3770 3046 non

2124 3087 2329 3150 operto
2346 3081 2595 3136 orabant
2617 3097 2684 3136 ac
2707 3081 3142 3153 prophetabant
3166 3098 3178 3135 :
3202 3081 3311 3135 viri
3334 3086 3533 3137 autem
3557 3080 3773 3136 comati

2124 3174 2313 3234 erant,
2338 3175 2397 3223 et
2416 3170 2606 3241 capite
2629 3175 2799 3226 erant
2822 3176 3026 3242 operto
3050 3170 3111 3224 in
3133 3171 3475 3241 precatione
3520 3186 3587 3225 ac
3630 3185 3771 3240 pro—

360 3230 500 3300 ἦσαν
536 3233 636 3301 τὴν
690 3229 957 3309 κεφαλὴν,
992 3230 1043 3286 ἐν
1091 3235 1161 3306 τῇ
1212 3230 1351 3306 εὐχῇ
1383 3232 1473 3287 καὶ
1523 3234 1851 3311 προφητείᾳ,
1901 3234 2015 3290 ’ἀτι-

2131 3261 2658 3332 ρὴθῑὶε.ριιωεοιιο
2677 3261 3015 3316 Graecorum
3050 3277 3246 3315 mores
3288 3265 3478 3316 erant.
3502 3258 3774 3315 Insinuat

359 3340 423 3374 να
453 3318 799 3390 Ἑλληνικῶν
832 3319 898 3389 ἦν
958 3318 1118 3378 ἐθῶν.
1168 3318 1472 3376 Αἷνίττεται
1529 3317 1588 3375 δὲ
1634 3322 1719 3375 ὅτι
1765 3322 1854 3376 καὶ
1912 3343 2017 3377 πα·-

366 3409 497 3484 ρὼν,
529 3409 651 3484 περὶ
682 3409 890 3465 τούτων
935 3407 1122 3470 αὐτοῖς
1156 3405 1452 3480 διείλεκτο,
1512 3411 1588 3465 ὧν
1622 3411 1675 3465 οἱ
1724 3411 1818 3483 μὲν
1870 3410 2012 3467 ἐπεί-

366 3501 593 3571 σθησαν,
625 3500 722 3561 οῦς
749 3500 841 3554 καὶ
900 3498 1127 3569 ἐπαινεῖ,
1163 3499 1216 3554 οἱ
1246 3497 1304 3555 δὶ
1335 3501 1427 3566 οῦ,
1458 3502 1595 3578 πρὸς
1657 3503 1752 3565 οῦς
1808 3504 2016 3578 προϊὼν

360 3589 544 3667 φησίν.
580 3588 639 3645 Ei
672 3585 730 3644 δέ
757 3609 841 3653 τις
875 3585 1025 3644 δοκεῖ
1053 3588 1365 3663 φιλόνεικος
1394 3591 1556 3661 εἶναι,
1607 3594 1770 3663 ἡμεῖς
1826 3591 2015 3647 τοιαῦ-

355 3700 456 3748 την
488 3680 777 3749 συνήθειαν
810 3677 909 3733 οὐκ
965 3672 1191 3753 ἔχομεν.
1226 3703 1255 3732 ‹‹
1296 3680 1416 3737 *Οτι
1462 3680 1692 3736 πάντοτέ
1750 3703 1856 3755 μου
1914 3683 2012 3754 μὲ-

358 3777 585 3840 μνησθε.
624 3790 650 3817 ι)
685 3767 786 3823 Καί
815 3787 904 3822 τοι
933 3768 1059 3843 περὶ
1089 3770 1188 3823 τοῦ
1249 3769 1325 3840 μὴ
1358 3772 1534 3841 κομᾷν
1568 3770 1596 3824 ὁ
1624 3767 1792 3847 λόγος
1842 3769 2009 3843 αὐτῷ,

356 3853 496 3927 μηδὲ
524 3855 858 3932 κεκσλῦφθαι
893 3856 945 3910 ἐν
997 3857 1139 3932 εὐχῇ
1194 3857 1287 3912 καὶ
1339 3858 1645 3937 προφητείᾳ
1693 3860 1794 3929 τήν
1844 3880 2011 3938 κεφα-

355 3942 478 4014 λήν,
515 3948 637 4005 Πῶς
659 3944 751 3998 οὖν
785 3965 947 4022 φησιν
978 3945 1084 4014 δτι,
1138 3970 1166 3997 ‹‹
1200 3945 1434 4002 Πάντοτὲ
1467 3968 1573 4019 μου
1626 3947 1901 4021 μέμνησθε
1932 3968 1947 4018 ς
1982 3973 2008 4001 ››

358 4035 625 4111 πρόφασιν
658 4031 884 4110 εὔλογον
931 4028 1138 4103 λαϐὼν,
1192 4033 1398 4110 ἐπαίρει
1458 4042 1574 4098 τοῖς
1623 4036 1864 4100 ἐπαινοις
1912 4038 2007 4093 αὖ·

354 4122 504 4183 τούς.
536 4122 678 4196 Πρὸς
724 4123 828 4197 γὰρ
886 4121 1015 4185 τοῦς
1066 4123 1465 4186 ὑπακούσαντες
1525 4126 1554 4180 6
1613 4124 1785 4202 λόγοσ
1839 4126 2009 4198 αὐτῷ,

360 4209 490 4286 οὐχὶ
516 4210 640 4285 περὶ
677 4215 787 4267 τῶν
849 4212 926 4284 μή
989 4212 1426 4269 ὑπακουσάντων.
1483 4235 1506 4262 ι
1539 4212 1693 4269 Θέλω
1753 4211 1811 4269 δὲ
1870 4214 2008 4288 ὑμᾶς

357 4296 574 4355 εἰδέναι.
612 4324 640 4349 »
672 4300 815 4376 Πρὸς
834 4301 963 4363 τοὺς
996 4301 1308 4361 πεισθέντας
1336 4305 1415 4373 τῷ
1445 4299 1602 4379 λόγῳ
1657 4302 1834 4375 τούτῳ
1891 4300 2011 4357 δια-

354 4389 649 4464 λεγόμενος
682 4434 696 4458 ,
754 4392 883 4453 τοὺς
938 4390 1345 4462 ἀπιστήσαντας
1403 4387 1713 4465 διορθοῦται
1761 4394 1837 4465 μὴ
1900 4390 2009 4447 δεῖν

355 4478 742 4555 κεκαλυμμένη
798 4478 1053 4557 εὔχεσθαι
1138 4479 1373 4560 κεφαλῇ.
1463 4480 1739 4560 Ἐπιφὲρει
1804 4479 1864 4536 δὶ
1918 4482 2009 4536 καὶ

2127 3351 2305 3406 etiam
2328 3351 2487 3421 quod
2504 3366 2766 3422 praesens
2790 3350 2948 3423 apud
2973 3350 3134 3421 ipsos
3162 3349 3233 3403 de
3254 3349 3347 3404 his
3387 3348 3770 3403 disseruerat.

2124 3441 2342 3494 Eorum
2376 3456 2510 3494 vero
2542 3438 2784 3510 quidam
2812 3437 3080 3509 persuasi
3112 3437 3369 3504 fuerant,
3401 3452 3552 3507 quos
3594 3435 3774 3490 etiam

2124 3528 2420 3583 collaudat
2454 3546 2467 3596 ;
2503 3528 2603 3583 alii
2635 3544 2770 3582 vero
2803 3543 2923 3581 non
2957 3526 3173 3597 quibus
3205 3526 3267 3580 in
3319 3541 3633 3597 progressu
3682 3523 3774 3579 lo-

2124 3617 2346 3689 quitur,
2380 3633 2515 3673 cum
2546 3617 2664 3672 ait:
2698 3617 2991 3673 Cmterum
3024 3616 3073 3670 si
3107 3614 3241 3685 quis
3269 3614 3502 3669 videtur
3521 3618 3773 3669 conten-

2122 3707 2309 3762 tiosus
2331 3705 2952 3778 esse,noshujusmodi
2967 3703 3445 3760 consuetudinem
3465 3718 3584 3756 non
3602 3702 3777 3757 habe-

2122 3812 2275 3852 mus.
2295 3818 2317 3847 ιι
2343 3795 2507 3861 Quod
2527 3795 2793 3849 omnium
2809 3810 2940 3865 quas
2956 3808 3090 3848 mea
3105 3796 3550 3846 suntmemores
3574 3790 3768 3845 sitis.»

2122 3886 2299 3957 Atqui
2320 3886 2393 3941 de
2408 3887 2519 3941 hoc
2533 3902 2608 3940 ne
2624 3885 2836 3941 comati
2851 3888 3072 3945 essent,
3118 3887 3177 3935 et
3207 3880 3280 3934 de
3303 3897 3421 3935 non
3449 3880 3771 3952 aperiendo

2119 3975 2311 4047 capite
2344 3974 2406 4028 in
2440 3973 2781 4045 precatione
2814 3976 2872 4027 et
2901 3969 3215 4042 prophetia
3246 3985 3442 4024 sermo
3474 3969 3601 4041 ipse
3623 3972 3771 4035 erat,

2120 4062 2417 4134 quomodo
2450 4078 2586 4134 ergo
2617 4062 2702 4116 ait
2732 4077 2747 4115 :
2781 4083 2809 4109 ‹‹
2843 4058 3119 4115 Omnium
3156 4074 3287 4129 quin
3319 4075 3453 4115 mea
3483 4064 3624 4114 sunt
3644 4074 3771 4113 me-

2121 4166 2317 4206 mores
2344 4150 2472 4205 sitis
2492 4150 2521 4203 ?
2545 4173 2557 4197 ›
2602 4152 2858 4219 Accepta
2885 4145 3225 4202 rationabili
3255 4163 3434 4204 causa
3488 4147 3768 4204 laudibus

2120 4237 2422 4294 eosoﬂ‘ert.
2440 4239 2585 4292 Nam
2605 4236 2827 4292 adillos
2846 4236 3181 4307 sermoipse
3216 4235 3493 4308 dirigitur
3531 4237 3632 4307 qui
3663 4237 3766 4291 ob-

2120 4324 3180 4397 temperaverant,nondehisquinon
3194 4324 3564 4381 obedierant.
3595 4347 3623 4374 u
3655 4324 3768 4380 Sed

2118 4415 2247 4470 volo
2260 4431 2360 4469 vos
2374 4414 2547 4470 scire.
2569 4438 2588 4462 -
2611 4414 2757 4470 Cum
2771 4414 2845 4469 iis
2860 4412 3208 4470 disserendo
3223 4413 3325 4484 qui
3345 4414 3482 4469 huic
3504 4415 3766 4469 sermoni

2119 4503 2692 4576 obtemperaverant,
2724 4520 2825 4559 eos
2851 4503 3094 4576 corrigit
3122 4502 3223 4574 qui
3255 4518 3376 4557 non
3398 4499 3774 4556 crediderant

354 4572 455 4639 τήν
512 4570 708 4625 αἰτίαν.
773 4594 800 4621 ι(
866 4570 1074 4632 Παντὸς
1131 4566 1348 4643 ἀνδρός.
1386 4593 1415 4622 ››
1477 4573 1677 4627 Πιστοῦ
1725 4567 2006 4642 δηλονότι.

2131 4609 2243 4649 non
2277 4566 2553 4665 oportere
2585 4566 2753 4649 orare
2786 4598 2942 4648 tecto
2974 4566 3188 4664 capite.
3235 4592 3422 4646 Aﬂ‘eit
3468 4595 3666 4646 autem
3719 4595 3777 4645 et

357 4659 528 4716 Αὐτοὶ
558 4659 661 4735 γὰρ
693 4659 795 4714 εῗσι
844 4660 982 4733 μὲκη
1038 4660 1295 4734 Χριστοῦ.
1350 4658 1453 4716 Καὶ
1507 4658 1681 4715 αὐτῶν
1735 4659 1948 4740 κεφαλὴ
1983 4662 2012 4716 6

355 4749 606 4822 Χριστὸς,
640 4749 703 4803 οὐ
752 4749 862 4821 μὴν
915 4751 1024 4804 τῶν
1086 4749 1352 4805 ἀπίστων.
1408 4748 1634 4826 Κεφαλή
1696 4750 1791 4823 μὶν
1850 4752 2012 4823 ἡμῶν

353 4841 461 4891 τῶν
492 4837 701 4891 πιστῶν
733 4835 875 4891 εστὶν
910 4836 939 4890 6
966 4837 1213 4911 Χριστὸς,
1264 4837 1339 4898 ὡς
1390 4841 1695 4911 συσσώμων
1725 4838 1811 4893 καὶ
1874 4860 2015 4912 συμ-

357 4927 604 5001 μετὲχων
636 4925 785 4997 αὐτῷ
830 4925 1228 5001 γεγενημένων,
1287 4923 1377 4980 διὰ
1425 4932 1527 4996 τῆς
1579 4926 1865 4991 κοινωνίας
1915 4932 2012 4983 τοῦ

358 5014 613 5086 σώματος
646 5014 738 5068 καὶ
797 5012 1034 5086 αἳματος
1082 5014 1269 5071 αὐτοῦ.
1319 5016 1400 5069 Δι’
1455 5015 1632 5071 αὐτῶν
1689 5016 1791 5092 γὰρ
1850 5016 2012 5071 ἅπαν-

356 5121 443 5164 τες
473 5098 526 5157 ἕν
554 5106 713 5175 σῶμα
744 5100 1209 5177 χρηματίσαντες,
1239 5101 1486 5181 κεφαλὴν
1520 5099 1726 5179 ἔχομεν
1758 5103 1937 5161 αὐτόν.

426 5388 647 5469 Κεφαλή
679 5389 737 5445 δὲ
764 5394 862 5445 τοῦ
895 5391 1126 5460 Χριστοῦ
1158 5392 1187 5447 6
1220 5391 1349 5454 Θεὸς
1381 5392 1473 5446 καὶ
1506 5393 1719 5469 Πατὴρ,
1770 5393 1845 5453 ὡς
1890 5413 2008 5467 γεν·

349 5479 533 5554 νήτωρ
562 5479 650 5533 καὶ
681 5473 990 5552 προϐολεὺς
1022 5480 1113 5534 καὶ
1168 5479 1464 5554 δμοούσιος
1497 5480 1684 5537 αὐτοῦ.
1715 5505 1743 5533 α
1788 5480 2005 5555 Κεφαλή

357 5563 415 5622 δὶ
443 5568 695 5642 γυναικὸς
727 5568 756 5621 6
789 5567 944 5641 ἀνὴρ.
983 5592 1010 5617 ι»
1076 5566 1199 5623 ’Ὁτι
1230 5568 1322 5622 καὶ
1383 5567 1542 5630 αὐτὸς
1601 5570 1879 5643 γεννήτωρ
1907 5569 2009 5624 αὐ-

431 5684 475 5719 "
502 5685 670 5739 Rom.
705 5700 781 5747 Ix,
815 5685 868 5738 3.

2123 4699 2383 4738 causam.
2418 4707 2445 4735 ιι
2480 4683 2685 4738 Omnis
2716 4683 2822 4746 vir,
2859 4704 2886 4731 »ι
2920 4681 3112 4737 ﬁdelis
3142 4680 3438 4735 videlicet.
3470 4680 3586 4750 Ipsi
3612 4679 3772 4734 enim

2124 4780 2264 4828 sunt
2284 4773 2554 4829 membra
2574 4773 2812 4838 Christi,
2839 4777 2897 4825 et
2918 4788 3122 4826 eorum
3148 4775 3325 4841 caput
3346 4770 3615 4825 Christus
3659 4774 3767 4836 est,

2122 4879 2243 4918 non
2274 4869 2471 4918 autem
2505 4861 2863 4917 infidelium.
2898 4862 3086 4932 Caput
3107 4859 3349 4932 quidem
3374 4863 3644 4914 nostrum
3667 4858 3767 4929 qui

2120 4951 2328 5007 ﬁdeles
2358 4967 2564 5007 sumus
2593 4951 2861 5005 Christus
2892 4954 3001 5016 est,
3070 4953 3354 5020 tanquam
3403 4964 3607 5003 eorum
3668 4948 3769 5019 qui

2120 5041 2389 5114 ejusdem
2420 5041 2558 5096 facti
2582 5045 2723 5095 sunt
2743 5038 3031 5111 corporis,
3053 5039 3441 5111 ejusdemque
3464 5043 3769 5093 consortes

2119 5136 2369 5197 natura),
2402 5146 2509 5201 per
2537 5127 3140 5185 communicationem
3198 5128 3466 5199 corporis
3518 5132 3577 5181 et
3633 5143 3768 5181 san-

2118 5218 2316 5290 guinis
2346 5218 2555 5289 ipsius.
2584 5218 2698 5272 Per
2727 5216 2881 5271 hanc
2912 5216 3074 5271 enim
3106 5231 3315 5271 omnes
3342 5232 3529 5271 unum
3555 5231 3771 5286 corpus

2117 5304 2427 5377 appellati,
2460 5304 2657 5374 ipsum
2688 5302 2980 5358 habemus
3011 5308 3207 5375 caput.

2189 5393 2344 5450 523
2363 5392 2580 5448 Christi
2600 5407 2737 5447 vero
2762 5397 2941 5463 caput
2963 5393 3114 5447 Deus
3131 5409 3200 5448 ac
3215 5392 3384 5448 Pater
3396 5398 3766 5462 esttanquan

2117 5499 2333 5555 parens
2366 5488 2423 5538 et
2448 5481 2789 5554 productor,
2824 5498 2894 5537 ac
2922 5481 3194 5552 ejusdem
3251 5498 3386 5537 cum
3440 5482 3569 5553 ipso
3627 5480 3767 5535 sub-

2117 5572 2370 5627 stantia.
2404 5595 2431 5622 «
2468 5573 2657 5643 Caput
2686 5575 2885 5626 autem
2914 5570 3186 5626 mulieris
3215 5571 3322 5626 vir.
3355 5594 3377 5624 ι
3415 5570 3523 5635 Qui
3564 5575 3623 5624 et
3651 5567 3763 5637 ipsi
