4158 6194
448 414 563 478 795

1563 374 1978 478 mCUMENn
2022 412 2324 478 mecm
2375 409 2723 477 EPISCOPI

3726 413 3835 475 796

438 554 675 609 mulieri
708 556 915 622 patens
946 557 1037 605 est
1066 557 1125 607 et
1153 548 1474 623 productor
1501 569 1570 608 ac
1629 548 1897 625 ejusdem
1946 550 2080 611 sub-

2206 554 2297 621 τῆς
2350 536 2442 606 καί
2490 536 2797 626 προδολεὺς
2872 551 2962 607 καὶ
3032 547 3331 626 ὅμοοὺσιος
3392 548 3626 628 ὑπάρχει
3684 550 3837 626 αὐτῇ.

439 641 670 698 stantiae
702 656 836 695 cum
867 637 1016 710 ipsa.
1049 639 1433 713 Consequens
1464 658 1600 713 ergo
1631 648 1882 715 aptaque
1945 661 2080 716 pro-

434 729 625 801 portio
674 734 782 784 est.
829 727 994 794 Quod
1055 729 1102 783 si
1134 729 1359 785 dictum
1394 728 1543 786 illud
1571 749 1582 786 :
1614 755 1641 782 «
1675 730 1879 788 Omnis
1912 730 2019 798 vir,
2051 755 2078 782 η

435 814 870 874 deinfidelibus
894 835 1129 889 quoque
1154 817 1472 891 intelligas.
1495 826 1692 876 rectus
1743 822 1855 877 erit
1906 818 2079 877 intel-

430 907 620 963 lectus
643 906 714 962 de
738 907 913 962 modo
936 908 1258 963 creationis
1281 906 1602 981 loquendo.
1630 908 1737 976 Qui
1788 907 1947 967 enim
1978 910 2083 967 ho-

432 990 656 1051 minem
686 996 747 1051 in
780 1002 993 1051 cmtera
1021 992 1316 1052 dominari
1347 998 1637 1070 permisit,
1661 997 1855 1072 ipsum
1888 997 2080 1055 solum

438 1078 546 1140 sub
581 1102 687 1140 sua
715 1085 981 1157 potentia
1011 1102 1079 1142 ac
1109 1084 1417 1142 dominatu
1467 1104 1707 1143 manere
1766 1088 2080 1159 concessit,

438 1189 557 1229 non
582 1191 921 1246 proponens
940 1172 1051 1246 ipsi
1077 1175 1260 1230 alium
1281 1176 1619 1242 Dominum,
1644 1172 2081 1234 authabentem

442 1280 622 1336 super
652 1280 787 1318 eum
819 1266 1192 1336 potestatem.
1228 1288 1255 1315 ‹‹
1314 1265 1500 1337 Caput
1557 1271 1756 1322 autem
1813 1266 2082 1323 mulieris

441 1354 543 1408 vir.
579 1375 608 1403 ιο
641 1352 721 1408 Eo
755 1353 913 1424 quod
943 1355 1106 1425 prior
1129 1346 1413 1427 dignitate
1445 1354 1522 1409 sit
1551 1359 1609 1411 et
1636 1358 1986 1427 potestatem
2020 1356 2077 1411 in

443 1441 611 1499 illam
640 1439 874 1497 habeat.
909 1465 935 1492 ιι
968 1443 1155 1514 Caput
1191 1460 1327 1498 vero
1386 1440 1600 1499 Christi
1660 1446 1834 1502 Deus.
1878 1468 1906 1495 κ
1964 1446 2083 1502 Hoc

444 1529 575 1586 ideo
600 1527 791 1586 solum
818 1528 975 1601 quod
1000 1532 1130 1603 ejus
1151 1531 1229 1586 sit
1249 1531 1605 1605 principium
1637 1551 1651 1589 :
1683 1552 1878 1606 neque
1922 1536 2084 1591 enim

442 1626 674 1691 oportet
692 1637 822 1690 quae
850 1616 920 1673 de
943 1618 1134 1692 capite
1154 1620 1313 1678 dicta
1334 1625 1492 1691 sunt,
1526 1618 1806 1679 similiter
1850 1642 2085 1697 quoque

444 1709 515 1764 de
538 1709 767 1765 Christo
790 1709 1122 1782 intelligere
1149 1727 1161 1765 :
1188 1711 1293 1766 sed
1314 1712 1623 1767 hominum
1646 1714 1885 1785 quidem
1910 1720 2088 1787 caput

444 1798 710 1854 Christus
744 1805 833 1854 est
862 1800 1193 1855 secundum
1242 1797 1623 1869 creationem,
1684 1805 1897 1859 Christi
1948 1823 2084 1861 vero

2188 637 2523 703 Ἀκόλουθος
2553 638 2759 696 οὖνκαὶ
2815 634 3080 715 ἁρμόδιος
3112 640 3146 710 ἡ
3198 630 3483 716 ἀναλογία.
3544 635 3609 697 El
3670 634 3727 696 δὶ
3780 642 3838 696 τὸ

2194 752 2218 783 α
2257 730 2463 793 Παντὸς
2497 724 2710 804 ἀνδρὸς,
2748 751 2771 782 ε
2808 727 2900 784 καί
2948 728 3036 784 ὲπῖ
3090 730 3199 785 τῶν
3258 722 3503 784 ἀπίστων
3564 722 3840 802 ἒκλάϐους,

2189 816 2323 876 κατᾶ
2354 821 2448 877 τὸν
2476 817 2577 890 τῆς
2609 816 2975 898 δημιουργίας
3027 811 3198 897 λόγον
3258 817 3518 898 ἐγχωρεῖ.
3584 820 3710 877 Τῶν
3739 820 3836 894 γὰρ

2191 905 2378 966 ἄλλων
2441 911 2631 985 ἄρχειν
2688 909 2780 964 τὸν
2842 908 3127 985 ἄνθρωπον
3172 899 3463 983 ἐπιτρέψας
3517 907 3681 964 αὐτὸν
3737 902 3832 965 ὕπὸ

2191 996 2290 1071 τήν
2321 988 2460 1055 ἱδίον
2526 996 2689 1074 μόνον
2748 992 2894 1055 εἴασε
2958 1000 3138 1072 μένειν
3200 988 3440 1069 ἑξοῦσίαν
3493 992 3587 1054 καὶ
3641 990 3838 1074 ἀρχὴν,

2196 1087 2272 1160 μή
2304 1086 2595 1157 ἐπιστήσας
2636 1079 2782 1160 αὖτῷ
2836 1080 3017 1160 ἕτερον
3076 1074 3412 1155 δεσποτηνῆ
3470 1078 3836 1157 ἐξουσιασττςν.

2199 1197 2227 1228 ι(
2258 1164 2482 1247 Κεφαλή
2518 1166 2576 1229 δὲ
2602 1172 2851 1248 γυναικὸς
2911 1173 2939 1228 ὁ
2991 1170 3150 1249 ἀνήρ.
3208 1198 3237 1225 ‹‹
3270 1171 3369 1228 Διδι
3434 1173 3496 1228 τὸ
3550 1170 3839 1250 κατάρχειν

2191 1263 2282 1320 καὶ
2314 1258 2641 1338 ἒξουσιάζειν
2673 1261 2868 1333 αὐτῆς.
2920 1286 2948 1314 ‹‹
2971 1254 3197 1341 Κεφαλῇ
3225 1254 3282 1318 δὲ
3313 1260 3557 1337 Χριστοῦ
3581 1263 3611 1317 ὁ
3643 1254 3790 1323 θεός,
3817 1287 3842 1315 ιο

2192 1354 2368 1410 Τοῦτο
2410 1344 2500 1408 διὰ
2528 1352 2590 1407 τὸ
2621 1343 2797 1408 αἴτιον
2832 1351 3021 1425 μόνον.
3055 1350 3128 1408 Οὐ
3171 1338 3255 1407 δεῖ
3307 1349 3411 1427 γὰρ
3459 1351 3527 1408 τὰ
3585 1351 3710 1425 περὶ
3755 1364 3840 1407 κε-

2193 1438 2373 1519 φαλῆς
2402 1440 2520 1517 είρη
2532 1440 2686 1514 μένα,
2718 1439 2927 1514 ὁμοίως
2957 1440 3047 1496 καὶ
3075 1432 3164 1495 ἰπὶ
3197 1440 3429 1515 Χριστοῦ
3463 1430 3842 1513 ἐκλαμϐάνειν.

2194 1529 2374 1588 Ἀλλὰ
2401 1536 2509 1586 τῶν
2542 1531 2638 1604 μὲν
2671 1529 2968 1601 ἀνθρώπων
3008 1526 3225 1604 κεφαλῆ
3258 1530 3286 1585 ὁ
3332 1522 3595 1604 Χριστὸς,
3622 1520 3757 1584 κατὰ
3784 1522 3842 1586 te

2194 1618 2613 1695 δημιουργικὸν,
2647 1623 2890 1695 Χριστοῦ
2922 1616 2978 1674 δὲ
3001 1616 3216 1696 κεφαλή
3250 1619 3279 1674 ὁ
3312 1619 3497 1693 Πατὴρ
3531 1615 3626 1673 διὰ
3670 1619 3732 1674 τὸ
3758 1618 3838 1672 α’ί-

2192 1731 2329 1766 τιον.
2368 1708 2527 1786 Πλήν
2555 1710 2600 1764 εἶ
2634 1711 2711 1784 μή
2741 1708 2832 1765 καὶ
2860 1711 3096 1785 Χριστοῦ
3154 1707 3329 1770 οὕτως
3382 1706 3602 1781 κεφαλή
3635 1708 3663 1763 ὁ
3692 1708 3836 1775 Θεὸς,

2192 1799 2431 1874 καθάπερ
2469 1801 2629 1873 ἡμῶν
2659 1799 2687 1854 ὁ
2718 1797 2973 1874 Χριστὸς,
3003 1797 3139 1853 καθό
3196 1795 3309 1853 ἰστι
3365 1798 3454 1852 καὶ
3513 1798 3721 1853 νοεῖται
3751 1796 3841 1852 ἇν-

445 1890 623 1957 caput
652 1887 825 1940 Pater
854 1892 943 1941 est
972 1893 1215 1958 propter
1266 1889 1784 1961 principationem.
1841 1892 1963 1946 Nisi
2004 1892 2087 1948 ita

2206 1891 2434 1964 ipwnoc,
2465 1889 2601 1989 καὶἆ
2626 1889 2711 1954 τὸ,
2772 1911 2801 1938 ο‹
2826 1888 2888 1945 Ὀ
2920 1888 3106 1963 Πατήρ
3139 1907 3248 1961 μου
3277 1886 3477 1960 μείζων
3513 1907 3624 1960 μου
3654 1884 3783 1945 ἐστι.
3816 1902 3842 1938 ιι

446 1991 682 2046 quoque
705 1982 879 2046 caput
908 1976 1123 2031 Christi
1172 1976 1406 2033 dicatur
1452 1979 1626 2047 Deus,
1678 1980 1831 2035 sicut
1861 1987 1919 2035 et
1948 1998 2086 2036 nos-

434 2072 604 2137 .trum
637 2064 856 2121 dicitur
886 2068 1061 2136 Deus,
1103 2074 1396 2139 quatenus
1428 2075 1521 2125 est
1575 2076 1635 2125 et
1681 2071 2093 2127 consideratur

452 2157 1005 2229 homo.juxtaillud.
1035 2182 1055 2208 ι
1075 2159 1249 2214 Pater
1262 2176 1430 2216 meus
1442 2162 1634 2234 major
1646 2179 1739 2218 me
1756 2168 1843 2218 est
1856 2163 1930 2231 ης
1958 2185 1984 2213 ι»
2000 2168 2090 2218 et:

463 2266 485 2296 ε
518 2246 787 2302 Ascendo
818 2246 892 2302 ad
922 2248 1155 2303 Patrem
1188 2265 1386 2305 meum
1420 2255 1478 2305 et
1515 2251 1751 2306 Patrem
1807 2258 2094 2322 vestrum,

2199 1977 2316 2033 Καί·
2354 2002 2381 2028 ‹‹
2411 1972 2711 2033 Ἀναϐαίνω
2740 1975 2877 2051 πρὸς
2908 1995 3005 2031 τον
3039 1976 3256 2051 Ηατέρα
3281 1996 3386 2049 μου
3424 1976 3513 2030 καὶ
3558 1976 3765 2051 Πατέρα
3796 1976 3850 2029 ὖ-

2204 2071 2319 2141 μῶν
2343 2065 2434 2122 καὶ
2451 2065 2579 2122 Θεὸν
2607 2087 2713 2139 μου
2733 2065 2824 2121 καὶ
2849 2064 2982 2121 Θεὸν
3004 2065 3179 2139 ὑμῶν,
3209 2087 3237 2117 υ
3258 2090 3326 2110 --
3358 2088 3381 2118 ε
3400 2070 3509 2127 llic
3532 2065 3674 2137 ἀνὴρ
3697 2082 3850 2141 προσ-

2200 2157 2527 2234 εὐχόμενος.
2560 2179 2589 2209 ››
2621 2155 2740 2214 Οὐκ
2765 2155 2846 2211 ἀεὶ
2876 2153 3080 2211 κωλύει
3112 2154 3209 2211 τὸν
3239 2151 3407 2229 ἄνδρα
3445 2152 3850 2210 κατακαλύπτε-

2204 2248 2345 2316 σθαι,
2379 2243 2526 2301 ana
2559 2244 2725 2318 μόνον
2746 2244 2800 2299 ἐν
2834 2243 2974 2318 εὐχῇ
3004 2243 3095 2300 καὶ
3146 2245 3476 2322 προφητείᾳ.
3532 2267 3561 2298 α
3591 2243 3741 2301 Κατὰ
3767 2261 3849 2299 κε-

451 2338 635 2392 Deum
658 2352 857 2392 meum
888 2353 954 2392 ac
986 2338 1173 2393 Deum
1203 2344 1462 2395 vestrum
1494 2338 1562 2394 '9.
1589 2362 1617 2391 ››
1641 2372 1705 2380 -
1725 2364 1751 2391 ι(
1779 2341 1984 2397 Omnis
2012 2342 2094 2396 vir

2206 2336 2383 2413 φαλῆς
2417 2330 2584 2410 ἔχων.
2621 2332 2737 2390 [Itin
2792 2335 2911 2390 εἶπε
2967 2330 3392 2407 κεκαλυμμινος
3448 2333 3548 2401 τὴν
3595 2331 3851 2407 κεφαλὴν,

449 2443 648 2482 orans.
684 2447 712 2476 »
745 2428 872 2482 Non
900 2426 1176 2499 prohibet
1233 2444 1471 2500 semper
1522 2430 1714 2486 virum
1776 2436 1928 2486 tecto
1968 2447 2094 2486 esse

2207 2421 2354 2480 ἀλλὰ
2384 2446 2412 2476 ι(
2448 2422 2597 2481 Κατᾶ
2624 2421 2869 2499 κεφαλῆς
2896 2418 3064 2497 ἔχων,
3098 2443 3127 2473 ››
3159 2421 3400 2495 ἀναιρῶν
3432 2421 3615 2486 οὕτως
3646 2421 3712 2477 οὖ
3755 2421 3852 2512 μόῖ

445 2516 659 2589 capite,
686 2515 790 2571 sed
809 2521 1043 2571 tantum
1065 2518 1429 2589 Operationis
1490 2535 1559 2575 ac
1601 2519 1927 2591 prophetiae
1959 2525 2094 2575 tem-

2206 2528 2293 2569 νον
2319 2518 2401 2585 τῷ
2456 2513 2664 2584 ἱματίῳ
2722 2510 3112 2579 καλύπτεσθαι,
3179 2508 3328 2567 ἀλλὰ
3382 2509 3473 2567 καὶ
3528 2511 3702 2586 κόμῃ.
3756 2508 3848 2566 Καί

463 2621 626 2676 pore.
656 2626 684 2654 ‹‹
719 2596 952 2660 Hahens
985 2605 1289 2677 quidpiam
1347 2606 1406 2662 in
1464 2605 1677 2680 capite.
1738 2629 1767 2659 η
1798 2611 1924 2665 Non
1954 2609 2094 2664 dixit

2207 2603 2312 2678 γὰρ
2340 2603 2427 2657 καὶ
2461 2602 2491 2657 ὁ
2520 2606 2710 2674 κομῶν
2742 2601 2879 2656 κατὰ
2904 2597 3152 2679 κεφαλῆς
3212 2593 3329 2676 ἔχει
3384 2601 3484 2669 τὴν
3542 2600 3725 2674 κόμην
3758 2597 3849 2667 δη-

463 2698 667 2765 aperte
691 2710 705 2749 :
740 2695 846 2760 Qui
878 2696 1069 2766 capite
1093 2701 1184 2751 est
1202 2702 1431 2768 operto,
1453 2699 1553 2752 sed
1583 2714 1596 2753 :
1626 2722 1646 2747 ε
1673 2699 1910 2755 Habeas
1930 2696 2094 2770 quid-

2211 2687 2378 2759 λαδή.
2433 2715 2461 2742 ‹‹
2494 2691 2848 2766 Καταισχύνει
2914 2690 3012 2758 τὴν
3068 2687 3312 2767 κεφαλὴν
3371 2688 3560 2745 αὐτοῦ.
3631 2712 3654 2743 ε
3687 2689 3851 2759 Ἠμᾶς

463 2781 622 2854 piam
654 2782 714 2837 in
747 2784 959 2854 capite,
992 2806 1019 2834 ››
1056 2783 1271 2840 tollens
1302 2785 1412 2840 hoc
1443 2785 1619 2842 modo
1648 2803 1768 2843 non
1801 2786 1941 2859 pilei
1974 2793 2094 2842 tan-

2211 2782 2313 2856 γὰρ
2348 2781 2377 2836 ὁ
2408 2780 2538 2843 θεὸς
2567 2780 2695 2841 τοὺς
2733 2775 2930 2854 ἄνδρας
2978 2777 3352 2852 αὐτεξουσίους
3409 2777 3659 2850 ἰποίησε,
3712 2797 3856 2834 τουτ-

463 2876 586 2929 tum
611 2878 1033 2945 tegumentem,
1053 2876 1156 2932 sed
1176 2882 1449 2932 etcomaa.
1505 2878 1700 2933 Etnim
1741 2878 1841 2950 qui
1871 2894 2094 2934 comam

2214 2870 2355 2927 ἐστιν
2392 2870 2481 2925 ὑπ’
2528 2867 2721 2925 οὖδὲνα
2748 2873 2857 2925 τῶν
2888 2868 2942 2925 ἂν
2973 2866 3042 2942 τῇ
3072 2872 3167 2945 γῇ,
3210 2860 3359 2925 ἀλλᾶ
3387 2869 3607 2925 πάντων
3660 2866 3853 2944 ἄρχον-

463 2964 673 3028 nutrit,
705 2963 932 3035 aliquid
963 2965 1143 3022 etiam
1178 2966 1240 3022 in
1270 2967 1462 3038 capite
1495 2967 1694 3034 habet,
1725 2984 1940 3041 nempe
1996 2984 2094 3023 co-

2214 2982 2326 3023 τας.
2362 2958 2455 3014 Διὸ
2488 2960 2553 3014 οὐ
2583 2956 2667 3015 δεῖ
2698 2955 2847 3034 ἔχειν
2875 2957 2964 3013 ἰπὶ
2993 2964 3094 3027 τῆς
3134 2956 3377 3037 κεφαλῆς
3434 2957 3681 3029 ἐξουσίαν
3734 2959 3853 3020 τοὺς

464 3068 643 3107 mam.
679 3074 706 3102 ‹‹
741 3053 963 3110 Probro
996 3053 1180 3110 afficit
1229 3059 1409 3127 caput
1464 3073 1660 3112 suum.
1723 3075 1748 3107 ε
1806 3058 1925 3112 Nos
1947 3056 2094 3112 enim

2217 3050 2315 3109 οὐκ
2343 3050 2501 3113 ὄντας
2533 3050 2638 3108 ὑπὸ
2668 3048 2912 3121 ἐξουσίαν
2943 3051 3092 3111 τινὸς
3129 3056 3239 3107 τῶν
3297 3049 3350 3106 ἐν
3399 3054 3469 3125 τῇ
3500 3054 3598 3127 γῇ.
3632 3051 3713 3109 Τὸ
3758 3049 3851 3126 γὰρ

464 3141 620 3197 viros
649 3144 805 3198 Deus
836 3143 976 3200 fecit
1005 3145 1250 3214 liberos,
1280 3146 1390 3201 hoc
1422 3152 1529 3212 est,
1563 3146 1717 3202 nulli
1742 3163 1949 3202 eorum
2009 3149 2094 3217 qui

2215 3140 2547 3218 κεκαλύφθαι
2590 3141 2691 3209 τὴν
2765 3138 3032 3217 κεφαλὴν,
3092 3138 3334 3211 ἰξουσίαν
3390 3161 3510 3195 τινα
3569 3136 3856 3197 δπιτιθέναι

467 3238 606 3287 sunt
636 3232 697 3287 in
729 3238 888 3290 terra
925 3234 1213 3297 subditos.
1245 3233 1350 3290 sed
1397 3237 1676 3292 omnibus
1706 3235 2086 3291 dominantes

2217 3236 2285 3305 τῇ
2315 3230 2549 3309 κεφαλῇ.
2583 3229 2729 3288 Ἀντὶ
2765 3230 2868 3305 γὰρ
2901 3228 3141 3300 ἐξουσίας
3197 3227 3308 3284 lati
3364 3229 3427 3285 τὸ
3479 3228 3569 3285 ἰπὶ
3629 3236 3728 3299 τῆς
3778 3239 3860 3284 κε-

461 3321 589 3376 Non
613 3338 750 3394 ergo
772 3329 1003 3394 oportet
1023 3340 1122 3378 eos
1144 3284 1363 3380 habere
1410 3330 1764 3394 potestatem
1810 3341 1989 3395 super
2017 3341 2094 3381 ca

2216 3284 2403 3397 φαλῆὲ
2428 3317 2720 3391 κάλυμμα,
2747 3284 2882 3393 ’ὑπὲρ
2908 3284 3097 3381 εἶ’ωθεν
3130 3316 3266 3373 εἶναι
3313 3317 3398 3373 ἰπὶ
3433 3324 3533 3386 τῆς
3590 3318 3856 3394 γυναικὸς,

463 3415 569 3480 put
590 3410 691 3479 qui
711 3410 937 3466 nullius
962 3411 1299 3466 subduntur
1336 3413 1613 3482 potestati
1662 3431 1867 3470 eorum
1913 3416 2013 3486 qui
2045 3414 2094 3468 iu

2217 3405 2422 3478 δηλοῦν
2451 3410 2551 3477 τήν
2581 3412 2679 3463 τοῦ
2708 3403 2901 3482 ἀνδρὸς
2932 3404 3198 3477 ἐξουσίαν,
3258 3407 3334 3470 ὡς
3382 3404 3715 3480 ὑποκειμένη
3774 3403 3859 3460 αὖ-

463 3502 622 3552 terra
652 3503 809 3553 sunt.
843 3499 1029 3566 Caput
1060 3499 1220 3553 enim
1270 3503 1492 3553 tectum
1552 3518 1702 3566 esse,
1753 3508 2106 3573 potestatem

464 3586 783 3658 quamdam
811 3592 902 3641 est
928 3587 1106 3657 capiti
1138 3602 1561 3658 superponere.
1585 3591 1730 3645 Nam
1761 3608 1865 3661 pro
1905 3596 2103 3662 potes-

464 3682 582 3733 tate
610 3680 702 3732 est
728 3675 939 3747 capitis
970 3680 1399 3747 tegumentum,
1446 3678 1605 3748 quod
1662 3678 1814 3734 solet
1866 3678 2105 3734 mulieri

464 3765 809 3839 superponi,
833 3763 1176 3838 signiﬁcans
1204 3765 1311 3820 viri
1339 3770 1715 3837 potestatem,
1748 3772 1951 3838 utpote
2010 3767 2104 3823 cui

463 3858 593 3928 ipsa
622 3854 890 3927 subjecta
914 3859 1022 3911 est.
1056 3854 1165 3921 Qui
1209 3854 1389 3927 igitur
1417 3855 1605 3912 libero
1636 3855 1813 3927 capiti
1845 3860 2105 3927 potesta-

461 3949 584 3999 tem
615 3943 982 4015 superponit,
1008 3944 1222 4001 merito
1240 3949 1422 4017 caput
1446 3961 1619 4001 suum
1649 3944 1944 4000 Christum
1964 3960 2102 4015 pro-

466 4032 573 4089 bro
594 4032 829 4090 afficitn
848 4034 1079 4091 Pudore
1091 4034 1470 4108 afﬁcitcaput
1500 4051 1694 4091 suum.
1721 4026 2058 4100 nQuomodo
2081 4037 2108 4091 ἱ)

465 4124 610 4179 Tum
641 4124 783 4194 quia
803 4123 960 4181 idem
991 4131 1081 4181 est
1108 4142 1177 4183 ac
1208 4125 1256 4181 si
1288 4143 1422 4182 rasa
1450 4130 1634 4182 esset:
1682 4131 1808 4182 tum
1839 4126 1980 4198 quia
2007 4142 2106 4182 ca—

464 4212 585 4287 pite
615 4214 922 4287 fugitivam
954 4215 1271 4287 quamdam
1304 4232 1436 4272 sese
1461 4214 1701 4272 exhibet
1718 4220 1776 4272 et
1796 4215 2104 4289 profugam

463 4320 497 4360 a
526 4304 666 4360 data
690 4305 802 4361 sibi
824 4317 859 4361 a
880 4306 995 4362 Deo
1044 4311 1578 4377 potestatemempe
1620 4306 1765 4362 viro.
1800 4306 2103 4372 Quomodo

462 4410 648 4451 unum
681 4401 772 4451 est
803 4400 862 4451 et
890 4394 1048 4451 idem
1079 4412 1147 4452 ac
1178 4397 1222 4451 si
1257 4411 1392 4452 rasa
1421 4400 1596 4462 esset,
1659 4411 1795 4452 cum
1836 4396 1990 4452 5‘24
2035 4412 2102 4450 ea

464 4500 595 4554 quae
626 4500 761 4540 rasa
789 4490 879 4539 est
899 4500 974 4539 ue
1006 4483 1275 4540 naturale
1307 4484 1547 4556 quidem
1579 4491 1814 4556 tegmen
1864 4483 2098 4551 habeat,

2212 3501 2337 3565 τῆς.
2365 3496 2427 3553 Ὀ
2456 3495 2548 3550 οὗν
2574 3498 2644 3569 τῇ
2695 3493 2952 3570 ὖλευθὲρᾳ
3006 3493 3220 3572 κεφαλῇ
3280 3492 3536 3558 ἰπιτιθεὶς
3599 3493 3856 3566 ἐξουσίαν,

2216 3582 2441 3647 εἰκότως
2470 3582 2843 3663 καταισχύνειο
2900 3585 3000 3652 τήν
3057 3580 3304 3658 κεφαλὴν
3366 3584 3534 3639 αὐτοῦ
3586 3582 3682 3640 τὸν
3731 3584 3851 3655 Χρι-

2216 3671 2361 3731 στόν.
2416 3698 2444 3726 ‹‹
2479 3673 2839 3749 Καταισχύνει
2894 3673 2994 3742 τὴν
3054 3671 3301 3751 κεφαλὴν
3366 3672 3562 3742 αὐτῆς.
3607 3698 3637 3726 n
3691 3675 3854 3737 Ηῶςὶ

2215 3760 2300 3817 ὅτι
2335 3782 2395 3817 τε
2422 3763 2484 3817 τὸ
2525 3762 2656 3817 αὐτὸ
2715 3760 2830 3818 ἔστι
2877 3765 2947 3826 τῇ
3001 3759 3328 3837 ἐξυρημένῃ,
3379 3760 3473 3816 καὶ
3530 3760 3615 3817 ὅτι
3669 3757 3853 3836 δραπέ-

2212 3851 2365 3924 τριάν
2395 3871 2512 3905 τινα
2541 3851 2642 3918 τὴν
2671 3848 2913 3923 κεφαλήν
2965 3846 3316 3905 ἀποδείκνυσι
3372 3850 3463 3906 καὶ
3521 3847 3736 3928 φυγάδα
3763 3853 3854 3917 τῆς

2216 3937 2463 4008 δοθείσης
2493 3938 2628 4014 αὐτῇ
2687 3939 2836 4015 παρὰ
2885 3941 3024 3995 Θεοῦ
3076 3939 3344 4012 ἐξουσίας,
3398 3936 3571 4014 ἤγουν
3628 3942 3724 3995 τοῦ
3777 3937 3854 3992 ἇν-

2216 4030 2362 4106 δρός.
2392 4032 2492 4087 "Ev
2523 4030 2621 4105 γάρ
2653 4028 2767 4085 ἔστι
2824 4030 2918 4086 καὶ
2966 4030 3030 4086 τὸ
3088 4029 3240 4087 αὐτό.
3296 4034 3417 4095 Πῶς
3470 4029 3614 4087 εστιν
3663 4026 3716 4086 ἔν
3767 4027 3851 4084 καὶ

2211 4120 2274 4176 τὸ
2302 4118 2434 4175 αὐτὸ
2461 4122 2531 4193 τῇ
2562 4115 2890 4193 ὶξυρημίνῃ,
2920 4119 3087 4175 ὁπότε
3125 4121 3160 4189 ἡ
3195 4118 3295 4191 μὶν
3348 4118 3678 4195 ἐξυρημδνη.
3732 4113 3854 4174 οὐδὲ

2210 4211 2311 4280 τήν
2340 4210 2571 4288 φυσικήν
2613 4208 2815 4279 σκέπην
2874 4202 2992 4284 ἕχει
3048 4209 3169 4264 οἷον
3221 4208 3316 4272 τὰς
3368 4208 3568 4285 τρίχας
3635 4209 3765 4279 αὕτη
3798 4203 3855 4262 δί

2212 4296 2351 4376 ἔχει.
2383 4299 2484 4353 Καὶ
2516 4295 2770 4374 ἐροῦμεν,
2815 4296 2902 4353 ὅτι
2948 4300 2985 4367 ἡ
3011 4297 3462 4361 ἀκατακάλυπτος
3516 4297 3645 4353 ὅσον
3700 4298 3760 4353 τὸ
3789 4295 3856 4355 εἷς

2213 4389 2380 4458 αὐτὴν
2407 4388 2563 4458 ἧκον,
2595 4386 2686 4443 λαὶ
2736 4388 2800 4443 τὸ
2849 4385 2912 4442 ἐκ
2938 4384 3151 4466 φύσεως
3209 4385 3530 4443 ἀπεσείσατο
3568 4387 3850 4460 κάλυμμα,

2211 4476 2385 4553 ἤγουν
2411 4478 2508 4539 τὰς
2538 4474 2754 4554 τρίχας.

461 4589 677 4646 nempe
703 4574 972 4646 capillos,
1006 4572 1132 4629 hinc
1164 4578 1361 4630 autem
1393 4572 1627 4629 habeat.
1660 4575 1730 4628 Et
1759 4571 2027 4629 dicemus
2056 4571 2217 4644 quod
2247 4569 2353 4625 illa
2381 4580 2513 4640 quea
2540 4578 2659 4624 non
2691 4571 2782 4621 est
2811 4570 3017 4638 operte
3048 4566 3564 4638 capite,quantum
3590 4567 3651 4623 in
3673 4584 3732 4621 se
3751 4568 3849 4627 est,

460 4663 733 4720 naturale
761 4674 1000 4734 quoque
1031 4664 1284 4719 excussit
1315 4668 1722 4735 tegumentum
1756 4666 1917 4734 puta,
1947 4660 2216 4732 capillos.

533 4753 628 4817 ΧΙ,
661 4755 714 4819 6,
747 4756 799 4806 7.
833 4776 899 4795 -ο
931 4776 959 4802 ιι
1006 4752 1237 4807 Etenim
1298 4752 1345 4806 si
1403 4766 1524 4806 non
1584 4749 1813 4806 velatur
1868 4750 2094 4806 mulier.

2287 4746 2351 4802 Εἰ
2406 4744 2506 4819 γὰρ
2569 4742 2631 4799 οὔ
2686 4741 3153 4799 κατακαλύπτεται
3208 4743 3369 4820 γυνὴ,
3418 4743 3508 4798 καὶ
3565 4743 3849 4819 κειράσθω.

464 4860 494 4890 ε(
526 4840 706 4895 etiam
735 4840 1070 4897 tondeatur.
1103 4840 1269 4907 Quod
1299 4840 1348 4895 si
1371 4839 1593 4896 tadum
1611 4843 1700 4895 est
1723 4837 1959 4894 mulieri
1978 4843 2106 4893 ton-

461 4949 487 4978 ‹ι
526 4926 651 4982 deri
681 4933 785 4983 aut
813 4928 963 4997 radi,
989 4929 1233 4987 veletur.
1267 4928 1368 4984 Vir
1423 4928 1720 5000 siquidem
1776 4944 1899 4985 non
1928 4926 2107 4983 debet

461 5037 489 5067 «
525 5022 793 5071 contecto
825 5033 952 5073 esse
984 5018 1197 5090 capite,
1255 5036 1390 5075 cum
1448 5019 1525 5074 sit
1581 5018 1774 5090 imago
1817 5023 1876 5073 et
1917 5017 2105 5089 gloria

465 5128 493 5156 ι(
528 5104 652 5166 Dei.
686 5106 901 5161 mulier
925 5113 1122 5163 autem
1152 5108 1339 5181 gloria
1365 5107 1475 5163 viri
1503 5113 1612 5163 est.
1644 5127 1670 5159 ο

456 5246 467 5249 _
535 5196 654 5251 Hoc
685 5195 1016 5269 adjungens
1047 5197 1400 5269 signiﬁcavit
1429 5198 1588 5268 quod
1617 5214 1737 5252 non
1786 5198 1849 5254 in
1900 5212 2102 5268 preca-

463 5288 625 5343 tione
656 5292 885 5343 tantum
918 5292 976 5342 et
1040 5287 1351 5359 prophetia
1408 5292 1678 5358 Oporteat
1732 5288 1925 5359 ipsam
1974 5302 2104 5342 esse

459 5377 737 5444 velatum,
772 5377 876 5433 sed
907 5392 1161 5450 semper.
1187 5376 1697 5443 Quemadmodum
1719 5377 1879 5433 enim
1908 5391 2104 5432 rasam

459 5482 588 5523 esse
618 5483 738 5523 non
768 5468 830 5523 in
861 5468 1206 5540 precatione
1239 5472 1469 5521 tantum
1492 5471 1550 5521 et
1580 5465 1891 5537 prophetia
1937 5464 2104 5521 inde-

456 5572 661 5614 corum
693 5572 847 5627 esse,
879 5557 983 5612 sed
1016 5562 1076 5612 et
1107 5570 1378 5627 semper:
1411 5555 1496 5610 ita
1529 5568 1766 5624 quoque
1821 5554 2104 5611 intactam

530 5735 577 5770 ³⁸
604 5737 769 5791 Joan.
799 5748 911 5799 xw,
944 5733 1033 5785 28.
1067 5731 1113 5766 ³ο
1141 5731 1306 5784 Joan.
1338 5745 1431 5796 xx,
1465 5728 1551 5780 17.

2213 4832 2282 4892 Εἴ
2332 4830 2389 4887 δὲ
2445 4830 2673 4907 αἰσχρὸν
2752 4829 2967 4905 γυναικὶ
3022 4831 3086 4887 τὸ
3141 4830 3414 4905 κείρασθαι
3489 4832 3525 4901 ἢ
3582 4832 3847 4907 ξυρᾶσθαι,

2211 4922 2760 4984 καντακαλυπτίσθω.
2846 4920 3013 4994 Ἀνὴρ
3109 4921 3204 4992 μὶν
3284 4921 3391 4996 γὰρ
3471 4921 3574 4976 οὐκ
3655 4916 3850 4999 ὀφείλει

2212 5010 2711 5068 κατακαλύπτεσθαι
2796 5009 2893 5077 τὴν
2967 5006 3241 5086 κεφαλὴν,
3327 5008 3487 5065 εἰκὼν
3562 5010 3652 5066 καὶ
3734 5006 3848 5075 δόξα

2213 5105 2348 5159 Θεοῦ
2380 5101 2660 5176 ὑπάρχων.
2696 5100 2836 5168 Γυνή
2870 5095 2928 5153 δὶ
2958 5094 3086 5168 δόξα
3121 5094 3313 5173 ἀνδρός
3339 5098 3502 5156 εστιν.

2284 5195 2465 5250 Τοῦτο
2495 5188 2748 5264 προσθεὶς
2782 5185 3059 5257 ἐδήλωσεν
3088 5185 3172 5241 δτι
3205 5187 3308 5242 οὐκ
3360 5185 3411 5242 ἐν
3441 5188 3582 5263 εὐχῇ
3629 5188 3664 5258 ἢ
3718 5206 3846 5261 προ-

2214 5281 2409 5360 φητείᾳ
2444 5279 2608 5354 μόνον
2634 5278 2803 5346 αὐτὴν
2833 5274 2916 5331 δεῖ
2968 5278 3496 5347 κατακαλύπτεσθαι,
3531 5277 3674 5334 ἀλλὰ
3725 5277 3846 5330 πάνυ

2213 5392 2357 5429 τοτε.
2380 5372 2582 5442 Ὠσπερ
2612 5367 2714 5443 γὰρ
2746 5367 2807 5422 τὸ
2842 5367 3120 5440 ξυρᾶσθαι,
3149 5365 3248 5421 οὐκ
3277 5365 3331 5421 ὲν
3365 5366 3508 5446 εὐχῇ
3568 5369 3728 5442 μόνον
3758 5362 3841 5419 καί

2211 5458 2520 5538 προφητείᾳ
2574 5456 2834 5532 ἀπρεπὲς,
2913 5452 3060 5509 ἀλλᾶ
3113 5454 3205 5510 καὶ
3263 5457 3516 5529 πάντοτε,
3574 5458 3713 5513 οὕτω
3766 5453 3846 5538 καὶ

2216 5534 2665 5607 ἀκατακάλυπτον
2728 5545 2888 5601 εἶναιι
2928 5541 3136 5616 «Ἂν-ἦρ
3195 5544 3289 5617 μὶν
3347 5547 3449 5622 γάρ
3506 5546 3604 5602 οὐκ
3658 5534 3852 5622 ὀφείλει
