4158 6194
366 388 483 449 797

363 525 872 591 κατακαλύπτεσθαι
930 527 1030 597 τήν
1090 527 1357 608 κεφαλήν.
1407 553 1434 582 ››

364 616 594 692 προάγει
621 615 716 671 τὸν
745 613 938 694 λόγον,
969 616 1084 672 εἶτα
1132 616 1304 673 αἰτίαν
1354 616 1501 694 λέγει
1542 622 1643 675 τοῦ
1679 620 1754 693 μή
1788 616 1897 674 δεῖν
1931 614 2021 673 ἄν·

364 704 466 782 δρα
523 703 1026 770 κατακαλύπτεσθαι
1075 712 1178 777 τὴν
1232 707 1501 784 κεφαλὴν,
1537 708 1604 763 ού
1636 710 1737 776 τὴν
1775 707 2020 781 πρώτην,

364 793 509 852 διότι
537 792 783 874 κεφαλὴν
811 788 930 870 ἔχει
959 794 1053 850 τόν
1085 796 1342 869 Χριστὸν,
1374 793 1521 852 ἀλλᾶ
1551 793 1751 867 ἄλλην.
1790 818 1818 849 ι(
1844 793 2020 853 Είκὼν

366 884 459 942 καὶ
493 883 620 956 δόξα
653 889 788 941 Θεοῦ
838 884 1125 962 ὑπάρχων.
1161 908 1190 938 »
1254 886 1435 945 Εἲκὼν
1490 890 1623 944 Θεοῦ
1654 887 1682 943 ό
1714 884 2023 963 ἅνθρωπος,

366 973 492 1031 οὕτε
519 975 658 1030 κατὰ
681 973 745 1030 τὸ
776 978 955 1049 σῶμα,
989 974 1110 1032 οὕτε
1157 977 1292 1032 κατὰ
1339 977 1441 1049 τήν
1477 978 1685 1054 ψυχὴν,
1717 974 1864 1032 ἀλλὰ
1892 974 2026 1031 κατὰ

364 1065 430 1120 τὸ
460 1063 693 1141 ἀρχικὸν
730 1063 918 1137 μόνον.
976 1061 1066 1126 Ὠς
1124 1065 1376 1122 ἁπάντων
1428 1062 1610 1122 τοίνυν
1664 1069 1773 1121 τῶν
1802 1062 1891 1121 ἐπὶ
1921 1070 2025 1141 γῆς

365 1156 466 1225 τὴν
537 1151 718 1232 ἀρχὴν
807 1152 1258 1229 πεπιστευμένος,
1347 1155 1506 1212 εἰκὼν
1570 1153 2024 1232 προσαγορεύεται

369 1246 529 1300 Θεοῦ.
572 1240 635 1300 Ἠ
696 1240 755 1298 δὶ
809 1244 945 1319 γυνή
1007 1242 1082 1307 ὡς
1145 1243 1248 1301 ὑπὸ
1305 1242 1405 1318 τὴν
1432 1252 1532 1303 τοῦ
1561 1244 1755 1321 ἀνδρὸς
1784 1244 2025 1317 ἐξουσίαν

365 1331 623 1400 τελοῦσα,
652 1336 751 1388 τοῦ
782 1329 981 1410 ἀνδρός
1024 1332 1133 1391 ἐστι
1167 1330 1317 1407 δόξα,
1345 1330 1435 1392 καί
1467 1334 1582 1392 οἷον
1611 1334 1815 1398 εἰκόνος
1847 1332 2026 1392 εἰκών.

366 1423 574 1497 Ἀρχει
609 1422 705 1496 μὲν
736 1422 836 1498 γὰρ
887 1422 978 1478 καὶ
1030 1420 1168 1495 αὖτὴ
1202 1429 1312 1480 τῶν
1365 1418 1577 1494 ἄλλων,
1608 1420 1737 1482 ἀλλ’
1768 1422 2026 1481 ὑποτετά-

370 1520 504 1586 χθαι
532 1512 612 1583 τῷ
643 1508 796 1586 ἀνδρί
848 1512 1176 1589 προσετάγη.
1238 1537 1266 1566 α
1303 1512 1437 1585 Δόξα
1507 1514 1642 1571 Θεοῦ
1678 1510 1965 1590 ὑπάρχων.
2000 1537 2027 1565 »

374 1598 666 1658 Τουτέστιν
720 1600 870 1677 ἀρχή
928 1599 1002 1657 ὤν
1056 1602 1213 1676 Θεοῦ,
1272 1600 1363 1660 καὶ
1419 1602 1521 1660 ὑπὸ
1568 1605 1751 1681 ἀρχὴν
1780 1599 1853 1659 ὥν
1888 1602 2027 1661 Θεοῦ

371 1690 560 1765 μόνου.
617 1694 709 1747 Δεῖ
768 1690 859 1746 οὗν
919 1690 1013 1748 τὸν
1067 1686 1194 1750 ὄντα
1254 1690 1349 1769 μὶν
1405 1691 1500 1751 ὑπ’
1527 1693 1714 1750 οὐδένα
1742 1697 1849 1750 τῶν
1880 1690 2027 1765 ἔντῇ

366 1781 459 1856 γῇ,
525 1777 692 1836 αυτὸν
749 1776 807 1835 δὶ
860 1778 1103 1856 ἄρχοντα
1156 1780 1408 1839 ἁπάντων
1456 1788 1565 1839 τῶν
1619 1784 1671 1839 ἐν
1727 1784 1896 1859 τῇγῇ
1936 1778 2028 1838 καὶ

1328 390 1740 457 COMMENT.
1784 394 1861 455 IN
1908 390 2153 452 EPIST.
2199 390 2222 450 ι
2267 386 2378 451 AD
2421 383 2793 450 CORINTH.

3656 388 3777 456 798

1495 528 2013 589 Κατασκευαστικῶς

2137 539 2275 583 esse.
2324 548 2344 575 ι
2382 525 2479 580 Vir
2534 523 2833 597 siquidem
2865 536 2984 581 non
3019 526 3194 582 debet
3222 533 3492 584 contecto
3526 542 3655 585 esse
3681 542 3781 587 ca-

2129 618 2271 690 pite.
2301 636 2331 667 ››
2350 616 2643 671 Instructe
2690 614 2965 687 producit
2994 626 3351 675 sermonem.
3388 618 3609 675 Deinde
3639 632 3781 678 cau-

2130 723 2257 764 sam
2285 702 2482 763 reddit
2505 720 2611 762 cur
2661 720 2781 761 non
2823 712 3092 778 oporteat
3123 710 3313 764 virum
3345 715 3615 765 contecto
3649 726 3780 767 esse

2130 797 2321 870 capite
2356 814 2368 851 :
2402 810 2525 851 non
2584 796 2859 867 primam,
2892 812 3109 869 nempe
3141 798 3297 869 quod
3329 804 3506 870 caput
3563 797 3781 856 habeat

2129 886 2450 955 Christum,
2485 881 2587 942 sed
2618 886 2831 942 aliam:
2872 908 2899 938 ιι
2935 887 3078 943 Cum
3113 886 3191 943 sit
3239 887 3433 961 imago
3483 892 3540 942 et
3597 889 3787 961 gloria

2132 976 2258 1043 Dei,
2289 995 2316 1028 ι
2353 974 2551 1049 Imago
2570 977 2673 1031 Dei
2696 978 2787 1031 est
2810 974 3012 1043 homo,
3038 990 3160 1032 non
3192 975 3522 1033 secundum
3545 990 3782 1049 corpus,

2132 1084 2243 1125 nec
2273 1063 2601 1124 secundum
2652 1064 2936 1134 animam,
2996 1064 3101 1123 sed
3166 1070 3395 1122 tantum
3456 1067 3784 1123 secundum

2134 1154 2694 1228 dominiumeago
2726 1154 2907 1230 igitur
2937 1154 3038 1212 Dei
3059 1156 3395 1229 appellatur
3424 1160 3489 1211 ut
3515 1155 3607 1211 cui
3642 1166 3782 1211 cons

2135 1242 2425 1304 creditum
2485 1242 2562 1302 sit
2605 1242 2938 1302 dominium
2989 1260 3119 1317 qum
3153 1255 3331 1317 super
3375 1248 3595 1300 terram
3623 1248 3781 1302 sunt.

2135 1332 2345 1392 Mulier
2363 1346 2502 1391 vero
2522 1336 2591 1390 ut
2617 1350 2751 1406 qua;
2776 1330 2883 1389 sub
2904 1332 3014 1389 viri
3037 1338 3390 1406 potestatein
3422 1332 3663 1389 redacta
3686 1333 3783 1398 sit,

2134 1425 2241 1481 viri
2300 1422 2491 1498 imago
2543 1429 2651 1492 est,
2680 1430 2738 1479 et
2796 1426 3080 1496 tanquam
3112 1423 3389 1496 imaginis
3419 1421 3634 1495 imago.
3669 1418 3785 1478 Do-

2137 1517 2402 1573 minatur
2433 1512 2729 1587 siquidem
2761 1522 2819 1571 et
2848 1515 2978 1588 ipsa
3008 1512 3069 1570 in
3115 1514 3251 1570 alia.
3314 1516 3388 1569 At
3436 1514 3674 1586 jussum
3734 1510 3786 1569 ei

2138 1612 2225 1663 est
2270 1607 2392 1661 viro
2458 1600 2754 1661 subditam
2820 1618 3024 1659 esse.«
3077 1600 3221 1659 Cum
3288 1603 3474 1676 gloria
3502 1600 3789 1659 Deisit.»

2140 1694 2259 1751 Hoc
2290 1696 2399 1762 est,
2431 1708 2563 1749 cum
2598 1692 2700 1750 Dei
2722 1692 3092 1766 principatus
3124 1692 3202 1748 sit
3232 1697 3290 1748 et
3317 1691 3425 1748 sub
3458 1690 3644 1748 solius
3684 1690 3787 1748 Dei

2137 1783 2493 1858 principatu.
2553 1782 2797 1857 Oportet
2824 1788 2989 1856 tergo
3050 1794 3183 1837 eum
3216 1781 3316 1853 qui
3363 1780 3471 1837 sub
3502 1779 3668 1836 nullo
3698 1785 3791 1836 est

369 1864 539 1939 αὐτῆς
588 1872 688 1940 τῆς
752 1869 1029 1945 γυναικὸς,
1084 1872 1220 1945 μετὰ
1273 1871 1383 1930 τῶν
1417 1866 1713 1949 συμϐόλων
1738 1879 1835 1944 τῆς
1864 1867 2025 1929 ἔλευ-

2139 1888 2340 1930 eorum
2376 1888 2508 1946 quas
2538 1872 2602 1929 iu
2633 1877 2792 1928 terra
2821 1877 2979 1938 sunt,
3016 1868 3143 1945 ipse
3195 1886 3331 1927 vero
3391 1867 3668 1943 princeps
3699 1868 3791 1925 est

370 1957 575 2032 θερίας,
634 1957 879 2014 τουτέστι
936 1960 1038 2029 τῆς
1084 1928 1548 2019 ’ἀκατακαλύπτδυ
1589 1928 1831 2043 κεφαλές
1862 1980 2025 2038 προσ-

2138 1928 2413 2021 Omnian;
2436 1978 2569 2034 quae
2602 1964 2741 2018 sunt
2770 1962 2831 2018 in
2866 1928 3136 2029 terra,.et
3164 1960 3349 2033 ipsius
3382 1928 3619 2031 quoque
3653 1968 3785 2015 mu—

377 2045 509 2100 ιέναι
539 2049 676 2119 Θεῷ.
708 2045 806 2111 Εἰς
855 2048 959 2123 γὰρ
1016 2044 1173 2123 δόξαν
1231 2048 1366 2107 Θεοῦ
1426 2048 1635 2130 ὀφείλει
1667 2048 1695 2107 ό
1726 2052 1862 2129 ἀνὴρ
1892 2052 2027 2108 ὑπο-

370 2134 634 2211 τετάχθαι
676 2140 757 2209 τῷ
808 2134 946 2210 Θεῷ,
1001 2136 1091 2193 καί
1141 2138 1218 2205 είς
1261 2134 1417 2210 δόξαν
1464 2138 1680 2217 ἀνδρὸς,
1714 2142 1749 2211 ἡ
1782 2144 1918 2216 γυνή
1952 2144 2029 2215 τῷ

372 2218 551 2299 ἀνδρί.
583 2223 654 2283 Τί
683 2221 741 2281 δὲ
772 2222 912 2281 ἔστιν
942 2227 1020 2291 είς
1075 2223 1269 2299 δόξανς
1329 2224 1615 2292 Biante;
1644 2227 1736 2286 καί
1768 2226 2030 2292 ἑκουσίως

376 2314 512 2387 μετὰ
573 2311 748 2391 χαρᾶς
798 2313 1050 2389 πράττειν
1107 2318 1173 2372 τὰ
1232 2314 1530 2393 ἀρέσκοντα
1587 2318 1722 2393 Θεῷ.
1754 2314 2028 2381 Ὡσαύτως

373 2400 466 2458 καὶ
521 2401 556 2474 ἡ
615 2403 753 2480 γυνή
814 2403 1069 2481 πράττειν
1125 2404 1192 2462 τὰ
1232 2401 1526 2483 ἁρέσκοντα
1577 2402 1659 2483 τῷ
1721 2401 1894 2485 ἀνδρί.
1942 2408 2032 2474 Ὠς

372 2492 463 2569 ὅδε
490 2494 629 2549 κατᾶ
661 2490 784 2569 βίαν
843 2490 933 2549 καί
991 2493 1137 2551 ἄκων
1194 2498 1373 2554 ποιῶν
1430 2498 1521 2555 καὶ
1571 2493 1881 2578 δυσφορῶν,
1916 2494 2031 2574 οὐχ

369 2582 729 2638 ὑποτάσσεται
760 2578 836 2645 εἷς
892 2578 1050 2656 δόξαν
1111 2586 1268 2641 Θεοῦ·
1329 2582 1588 2651 ὡσαύτως
1634 2580 1760 2643 ούδὲ
1790 2582 1823 2657 ἡ
1858 2585 2023 2665 γυνὴ,

381 2668 455 2735 είς
514 2666 670 2742 δόξαν
707 2666 920 2749 ἀνδρός.
978 2669 1139 2731 ’Ὠστε
1197 2668 1280 2732 δεῖ
1327 2675 1628 2753 προθύμως
1686 2670 2027 2732 ἀκατακαλύ-

378 2779 527 2823 πτως
556 2762 835 2834 προσιέναι
866 2763 1003 2835 Θεῷ,
1035 2761 1126 2819 καὶ
1166 2762 1266 2833 τὴν
1317 2768 1547 2842 γυναῖκα
1577 2758 1833 2829 ὡσαύτως
1864 2784 2025 2821 κατα-

375 2846 766 2914 καλύπτεσθαι.
801 2873 828 2903 «
864 2848 1027 2924 Δόξαν
1084 2858 1239 2910 Θεοῦ.
1275 2881 1298 2909 ι
1361 2850 1477 2925 Τῆς
1533 2855 1712 2930 ἀργῆς
1743 2854 1909 2911 αύτοῦ
1938 2856 2025 2911 καὶ

372 2939 620 3011 ἅξουσίας
651 2941 714 2997 τὸ
743 2938 1102 3015 τιμιώτατον.
1135 2944 1212 2999 Δι’
1261 2936 1419 3000 αότδν
1468 2943 1573 3023 γὰρ
1618 2943 1857 3020 μᾶλλον,
1890 2941 1928 3015 ἤ
1959 2940 2030 3000 δι’

376 3028 519 3087 ἄλλο
546 3050 596 3086 τι
631 3032 739 3086 τῶν
772 3028 822 3085 ἰν
851 3026 1046 3105 κόσμῳ
1104 3028 1435 3104 δεδόξασται,
1463 3032 1551 3089 καὶ
1584 3033 1648 3090 τὸ
1681 3026 2027 3109 ὑπερϐάλλον

369 3125 470 3191 τῆς
528 3113 911 3200 χρηστότητος
967 3121 1133 3203 αὐτοῦ
1190 3122 1278 3178 καὶ
1339 3114 1752 3202 φιλανθρωπίας
1808 3123 2031 3203 πεφανὲ-

372 3229 559 3286 ρωται.
619 3208 896 3273 Ὡσαύτως
974 3202 1101 3281 δόξα
1176 3210 1370 3285 ἀνδρὸς
1432 3210 1466 3282 ἡ
1525 3214 1686 3288 γυνή.
1756 3202 2025 3289 Τῆςγγᾶρ

2135 2048 2320 2122 lieris,
2353 2066 2488 2109 cum
2511 2053 2783 2125 insigniis
2807 2049 3122 2119 libertatis,
3146 2053 3289 2123 puta
3313 2050 3544 2105 detecto
3570 2046 3787 2121 capite,

2135 2140 2206 2201 ad
2227 2143 2412 2199 Deum
2436 2140 2742 2199 accedere.
2774 2141 2862 2197 Ad
2894 2138 2997 2197 Dei
3039 2142 3198 2197 enim
3222 2139 3472 2213 gloriam
3496 2137 3673 2194 debet
3698 2136 3790 2194 vir

2135 2230 2408 2290 subditus
2452 2247 2582 2288 esse
2625 2230 2767 2299 Deo,
2800 2235 2860 2288 et
2887 2229 2962 2287 ad
2983 2230 3089 2286 viri
3120 2230 3368 2304 gloriam
3391 2229 3613 2284 mulier
3641 2229 3786 2284 viro.

2132 2322 2281 2388 Quid
2313 2325 2404 2377 est
2454 2327 2654 2377 autem
2711 2318 2783 2377 ad
2823 2314 3115 2392 gloriam?
3167 2319 3287 2374 Hoc
3344 2320 3454 2382 est,
3513 2322 3789 2389 prompta

2133 2407 2475 2465 obedientia
2533 2412 2593 2465 et
2646 2404 2976 2465 voluntarie
3007 2423 3143 2463 cum
3174 2405 3387 2480 gaudio
3421 2401 3615 2461 facere
3648 2420 3786 2477 quas

2134 2499 2253 2555 Deo
2286 2498 2545 2571 placent.
2578 2493 2865 2553 Similiter
2894 2502 2953 2553 et
2986 2494 3209 2553 mulier
3228 2492 3425 2551 facere
3448 2492 3623 2550 debet
3653 2504 3787 2565 qum

2134 2588 2259 2643 viro
2293 2588 2567 2661 placent:
2603 2587 2685 2642 ita
2714 2591 2779 2642 ut
2820 2585 2920 2658 qui
2954 2591 3194 2641 coactus
3225 2589 3282 2639 et
3313 2584 3530 2639 invitus
3561 2581 3702 2638 facit
3730 2584 3791 2636 et

2134 2678 2389 2751 graviter
2444 2675 2666 2744 ferens,
2725 2688 2847 2732 non
2874 2673 3153 2731 subditur
3184 2671 3258 2729 ad
3289 2670 3536 2746 gloriam
3576 2671 3695 2737 Dei,
3730 2675 3789 2725 et

2136 2766 2434 2835 similiter,
2463 2782 2573 2822 nec
2604 2765 2822 2821 mulier
2851 2765 2923 2819 ad
2952 2760 3059 2818 viri
3086 2762 3620 2835 gloriam.0portet
3650 2774 3790 2831 ergo

2134 2864 2407 2932 prompto
2446 2858 2649 2914 animo
2679 2856 2868 2912 virum
2900 2852 3027 2912 sine
3084 2853 3460 2927 operimento
3505 2850 3579 2907 ad
3608 2851 3787 2907 Deum

2134 2947 2437 3014 accedere,
2499 2948 2559 3001 et
2609 2942 2921 3001 mulierem
2969 2940 3248 2998 similiter
3318 2940 3574 2996 velatam
3631 2951 3785 2995 esse.

2136 3058 2163 3087 α
2190 3030 2447 3090 Gloriam
2482 3030 2604 3089 Dei.
2642 3054 2670 3081 ››
2702 3029 2852 3090 5‘25
2888 3029 3035 3085 Puta
3084 3024 3243 3100 quod
3283 3029 3345 3083 in
3394 3025 3579 3100 ipsius
3623 3024 3783 3097 prin-

2134 3123 2329 3195 cipatu
2360 3134 2428 3176 ac
2460 3116 2726 3193 potentia
2770 3112 3362 3174 honorabilissimum
3396 3120 3502 3171 est.
3537 3114 3788 3186 Propter

2136 3224 2271 3265 eum
2303 3206 2465 3265 enim
2500 3204 2687 3282 magis
2717 3220 2895 3281 quam
2920 3212 3163 3280 propter
3184 3200 3345 3262 aliud
3388 3200 3693 3276 quidpiam
3724 3202 3787 3258 in

368 3297 550 3376 ἀρχῆς
581 3292 745 3355 αύτοῧ
800 3296 891 3354 καὶ
940 3292 1202 3371 ἔξουσίας,
1264 3296 1399 3369 αὕτη
1433 3300 1545 3357 ἑστι
1576 3301 1638 3357 τὸ
1670 3298 2025 3376 τιμιώτατον,

2141 3294 2364 3354 mundo
2394 3296 2806 3371 gloriﬁcatur:
2843 3300 2899 3353 et
2929 3295 3267 3352 sublimitas
3311 3291 3789 3351 mansuetudinis

371 3384 445 3443 δι’
495 3382 564 3458 ἧς
624 3379 840 3461 μᾶλλον
896 3389 932 3458 ἢ
994 3382 1068 3444 δι⁶
1122 3384 1311 3466 ὶτέρου
1366 3408 1514 3456 τινος
1543 3384 1617 3445 ὧν
1655 3388 1838 3468 ἄρχει,
1887 3386 2030 3446 ἔστιν

372 3472 518 3550 αὖτῷ
585 3475 1097 3553 ἐγκαλλωπίζεσθαι
1151 3480 1238 3535 καὶ
1301 3477 1633 3550 δοξάζεσθαιο
1706 3502 1728 3531 ι
1772 3481 1911 3549 Γυνή
1974 3472 2032 3536 δὶ

372 3565 497 3641 δόξα
555 3563 748 3642 ἀνδρός
806 3564 972 3625 ἐστιν.
1009 3592 1038 3621 ››
1097 3566 1408 3637 Τουτὲστιν,
1469 3572 1618 3647 ἀρχὴ
1672 3568 1891 3647 ἀνδρὸς,
1936 3568 2027 3627 καὶ

374 3655 479 3711 ὑπὸ
520 3654 695 3731 ἀρχὴν
744 3650 961 3731 ἀνδρός.
1017 3662 1109 3713 Δεῖ
1165 3659 1255 3713 οὗν
1307 3657 1478 3729 αὐτὴν
1509 3658 1643 3733 μετὰ
1670 3663 1781 3715 τῶν
1819 3650 2026 3734 συμϐό-

373 3744 485 3802 λων
517 3751 616 3814 τῆς
648 3740 925 3818 ὑποταγῆς
958 3748 1094 3800 εἶναι
1128 3740 1231 3802 ἀεί.

2139 3404 2207 3443 ac
2246 3382 2631 3461 benignitatis
2677 3382 3110 3442 manifestatur.
3157 3380 3347 3440 Simili
3390 3378 3568 3439 modo
3600 3379 3789 3454 gloria

2137 3477 2245 3532 viri
2279 3482 2367 3534 est
2396 3474 2632 3532 mulier.
2657 3476 2801 3533 Nam
2833 3470 2960 3531 haec
2984 3470 3578 3531 honorabilissimum
3604 3475 3694 3525 est
3724 3469 3785 3524 in

2136 3566 2299 3624 illius
2355 3566 2694 3640 principatu
2751 3578 2819 3622 ac
2875 3569 3189 3639 potestate,
3241 3576 3347 3637 per
3390 3577 3569 3635 quam
3596 3560 3784 3631 magis

2136 3674 2313 3731 quam
2346 3674 2451 3731 per
2479 3650 2641 3713 aliud
2672 3669 2880 3713 eorum
2905 3653 3120 3729 quibus
3137 3648 3649 3720 dominatur,licet
3669 3649 3781 3722 ipsi

2134 3755 2199 3804 ut
2230 3747 2341 3821 ipsi
2379 3748 2613 3820 placeat
2642 3760 2708 3803 ac
2738 3742 3045 3819 glorietur.
3080 3769 3105 3794 ‹‹
3133 3740 3340 3799 Mulier
3369 3746 3566 3798 autem
3596 3738 3784 3810 gloria

373 3834 481 3890 viri
516 3841 631 3891 est.
676 3857 704 3886 »
739 3830 855 3891 Hoc
891 3840 981 3891 est
1035 3828 1405 3909 principatus
1431 3836 1538 3894 viri
1581 3842 1637 3895 et
1684 3834 1792 3895 sub
1846 3836 2111 3895 dominio
2169 3833 2299 3893 viri.
2345 3834 2587 3908 Oportet
2617 3834 2794 3910 igitur
2822 3847 2951 3891 eam
2982 3846 3218 3905 semper
3248 3844 3377 3886 esse
3417 3840 3549 3884 cum
3582 3824 3782 3895 aliquo

375 3922 765 3997 subjectionis
795 3922 1037 3982 indicio.

446 4008 526 4070 Ού
578 4010 679 4090 γὰρ
740 4012 881 4069 ἐστιν
942 4007 1193 4096 ἀνὴρ-ἐκ
1252 4017 1525 4094 γυναικὸς,
1583 4016 1727 4074 ἀλλὰ
1785 4019 1923 4096 γυνή
1967 4014 2019 4089 ἐξ

372 4095 590 4177 ἀνδρός.
667 4100 774 4160 Καὶ
849 4102 952 4179 γὰρ
1055 4094 1153 4160 ούκ
1253 4104 1471 4178 ικτίσθη
1550 4102 1683 4183 ἀνὴρ
1759 4094 1850 4162 διὰ
1919 4105 2020 4177 τὴν

371 4197 622 4268 γυναῖκα,
697 4185 842 4248 ἄλλα
914 4193 1053 4273 γυνή
1132 4188 1220 4249 διὰ
1282 4196 1374 4251 τὸν
1444 4185 1630 4273 ἄνδρα.
1700 4195 1796 4250 Διά
1858 4196 2020 4251 τοῦτο

372 4274 581 4359 όφτίλει
640 4274 675 4349 ἦ
730 4275 866 4356 γυνή
949 4272 1191 4352 ἔξουσίαν
1250 4272 1396 4358 ἔχειν
1466 4274 1550 4339 ini
1610 4290 1709 4354 τῆς
1776 4282 2021 4359 κεφαλῆς

372 4360 463 4423 διὰ
515 4366 642 4430 τοὺς
702 4360 981 4443 ἀγγέλους.
1038 4366 1194 4440 ῙῙλὴν
1250 4371 1379 4427 οὕτε
1436 4367 1572 4449 ἁνήρ
1630 4369 1807 4447 χωρίς
1838 4393 2024 4447 γυναι-

372 4458 490 4527 κὸς,
550 4452 673 4513 οὔτε
725 4454 862 4533 γυνή
937 4458 1116 4536 χωρὶς
1189 4456 1381 4536 ἀνδρὸς
1446 4452 1498 4517 iv
1554 4459 1758 4537 Κυρίῳ.
1818 4463 2018 4532 ’Ὠσπερ

2206 4018 2300 4088 XI,
2337 4016 2489 4074 8-13.
2514 4014 2633 4073 Non
2662 4014 2805 4071 enim
2838 4022 2914 4070 est
2944 4016 3032 4068 vir
3062 4030 3130 4067 ea;
3160 4006 3406 4086 muliere,
3440 4008 3533 4065 Sed
3586 4007 3782 4063 mulier

2132 4126 2201 4163 ea:
2229 4110 2369 4163 viro.
2420 4106 2602 4178 Neque
2658 4104 2801 4160 enim
2831 4108 2909 4158 est
2958 4102 3043 4157 vir
3068 4104 3280 4157 creatus
3312 4102 3547 4172 propter
3576 4095 3771 4153 mulie-

2130 4212 2265 4263 rem,
2293 4195 2388 4251 sed
2438 4191 2636 4250 mulier
2676 4197 2907 4266 propter
2961 4190 3163 4248 virum.
3208 4190 3440 4261 Propter
3472 4183 3572 4243 hoc
3620 4178 3777 4241 debet

2132 4283 2330 4339 mulier
2355 4286 2689 4355 Ipotestatem
2736 4278 2935 4337 habere
2978 4282 3035 4334 in
3066 4278 3247 4351 capite
3268 4284 3502 4349 propter
3532 4273 3775 4345 angelos.

2130 4373 2359 4444 Alioqui
2382 4390 2556 4444 neque
2584 4374 2670 4427 vir
2708 4371 2917 4441 absque
2941 4369 3191 4437 muliere,
3223 4382 3397 4439 neque
3427 4366 3627 4421 mulier
3651 4362 3777 4417 abs-

2130 4479 2236 4534 que
2276 4463 2395 4518 viro
2437 4465 2493 4516 in
2536 4460 2788 4517 Domino.
2823 4454 3287 4526 Quemadmodum
3332 4455 3533 4511 mulier
3562 4469 3631 4509 ex
3655 4453 3776 4508 utro

375 4546 482 4622 γὰρ
520 4548 557 4615 ἡ
614 4547 750 4620 γυνή
804 4545 862 4601 ἐκ
915 4551 1014 4602 τοῦ
1070 4544 1287 4624 ἀνδρὸς,
1340 4548 1518 4612 οὕτως
1573 4549 1664 4604 καὶ
1696 4548 1891 4626 όᾶνὴρ
1943 4548 2025 4606 διὰ

2140 4558 2238 4618 est,
2266 4550 2344 4608 ita
2371 4558 2425 4609 et
2479 4554 2566 4608 vir
2610 4565 2714 4624 per
2768 4549 3090 4606 mulierem:
3121 4547 3313 4604 omnia
3366 4557 3491 4603 vero
3549 4557 3619 4598 ex
3645 4539 3780 4598 Deo.

374 4641 474 4705 τῆς
508 4634 783 4711 γυναικός.
843 4637 924 4693 Τὰ
981 4632 1038 4691 δὲ
1093 4637 1269 4693 πάντα
1323 4637 1383 4692 ἐκ
1435 4641 1532 4693 τοῦ
1587 4641 1743 4694 Θεοῦ.
1774 4638 1861 4695 Ἐν
1896 4644 2023 4711 ὑμῖν

378 4719 565 4787 αὐτοῖς
594 4724 838 4798 κρίνατε,
896 4726 1099 4800 πρέπον
1154 4724 1264 4782 ἐστι
1316 4731 1542 4802 γυναῖκα
1577 4723 2024 4784 ἀκατακάλυπτον

376 4804 457 4885 τῷ
485 4814 603 4885 Θεῷ
632 4812 1030 4890 προσεύχεσθαι
1054 4833 1068 4883 ;

450 4892 563 4965 Τὰς
623 4900 899 4983 ὑπεροχὰς
955 4897 1241 4982 καταλέγει
1298 4909 1395 4961 τοῦ
1445 4902 1661 4983 ἀνδρὸς,
1695 4902 1768 4963 δι’
1793 4906 1856 4970 ἃς
1881 4906 2028 4980 αὐτῷ

373 4988 439 5046 τὸ
468 4989 657 5075 ἄρχειν
706 4981 941 5050 tatem.
1008 5020 1028 5044 ι
1066 4981 1179 5049 Διᾶν
1218 4994 1381 5050 τοῦτο
1435 4981 1665 5075 ὀφείλει.
1696 5021 1724 5048 ››
1779 4996 1877 5053 Διά
1930 4994 2027 5060 τας

375 5074 689 5157 είρημὲνας,
756 5077 943 5159 φησίν,
1018 5076 1194 5147 αίτίας
1261 5074 1487 5165 ὀφείλει
1543 5085 1781 5160 ἐξουσίαν
1855 5081 2025 5165 ἔχειν,

370 5172 647 5227 τουτέστιν
701 5170 989 5246 κάλυμμα,
1049 5172 1138 5228 ἳνα
1197 5164 1450 5253 φαίνηται
1510 5173 1593 5232 ὅτι
1653 5176 1756 5233 ὑπὸ
1787 5164 2029 5249 ἐξουσίαν

370 5260 653 5336 τυγχάνει.
713 5259 789 5316 Τὸ
845 5254 947 5335 γὰρ
1002 5257 1269 5335 κάλυμμα
1323 5264 1473 5319 κάτω
1529 5262 1697 5321 νεύειν
1747 5264 1839 5322 καὶ
1869 5288 2025 5323 κεκυ-

372 5350 526 5429 φὲναι
579 5352 752 5418 ποιεῖ,
814 5348 949 5424 ’ὅπερ
1004 5344 1283 5424 σύμϐολόν
1340 5350 1451 5408 ἐστι
1508 5354 1598 5410 καὶ
1633 5351 1898 5411 δεικτικὸν
1929 5358 2027 5412 τοῦ

374 5434 636 5513 ἄρχεσθαι
693 5438 879 5509 αὐτήν.
921 5458 941 5487 ι
974 5438 1037 5495 Ἡ
1104 5440 1241 5514 γυνή
1304 5440 1542 5513 ἐξουσίαν
1602 5438 1773 5523 ἔχειν.
1810 5468 1837 5496 (ι
1868 5446 2027 5500 Τουτ-

378 5526 489 5584 ἐστι
546 5528 647 5597 τήν
704 5546 799 5583 του
858 5524 1050 5612 ἀνδρὸς
1108 5524 1347 5598 ἐξουσίαν
1400 5530 1491 5587 καί
1545 5534 1843 5609 κυριότητα
1887 5529 2028 5612 ᾗπερ

387 5617 687 5683 ὑπόκειται,
747 5614 953 5696 ὀφείλει
1012 5608 1181 5692 ἔχειν,
1238 5620 1329 5674 καὶ
1382 5616 1771 5678 ἐπιδείκνυσθαι
1806 5622 1887 5679 ἅττ’
1932 5608 2028 5679 αὖ.-

379 5710 478 5777 τῆς
508 5711 607 5776 τῆς
665 5704 925 5782 κεφαλῆς.
983 5704 1151 5761 Τοῦτο
1206 5703 1263 5762 δὲ
1317 5712 1433 5771 πῶς
1489 5711 1897 5783 κατορθοῦται’;
1930 5715 2028 5770 Διὰ

2135 4644 2287 4698 Inter
2312 4658 2406 4698 vos
2437 4644 2582 4714 ipsos
2616 4641 2874 4713 judicate
2894 4657 2913 4696 :
2941 4656 3075 4695 num
3103 4640 3357 4694 decorum
3389 4641 3466 4691 est
3496 4630 3777 4690 mulierem

2136 4748 2245 4787 non
2275 4726 2512 4788 velatam
2540 4726 2750 4787 orare?

2208 4910 2327 4968 Viri
2376 4912 2790 4986 prterogativas
2828 4904 3109 4977 ostendit,
3165 4914 3408 4983 propter
3462 4926 3609 4982 quas
3667 4904 3779 4982 ipsi

2138 5002 2338 5059 datum
2374 5007 2464 5058 est
2492 4995 2810 5057 dominari.
2836 5024 2864 5051 «
2898 4996 3144 5072 Propter
3171 5000 3283 5055 hoc
3314 4996 3507 5055 debet.
3546 5022 3573 5049 ››
3606 4992 3782 5071 PrOp-

2140 5099 2229 5148 ter
2257 5085 2697 5161 dictas,inquit,
2721 5105 2928 5145 causas
2959 5082 3135 5144 debet
3160 5090 3517 5160 potestatem
3538 5086 3779 5156 habere,

2140 5182 2198 5238 id
2230 5187 2321 5237 est
2349 5180 2786 5253 operimentum
2814 5195 2827 5232 :
2855 5183 2919 5233 ut
2946 5176 3328 5234 manifestum
3361 5175 3464 5253 fiat
3494 5177 3650 5251 quod
3673 5174 3781 5234 sub

2138 5273 2383 5331 alterius
2412 5277 2703 5345 potestate
2733 5268 3281 5342 sit.0perimentum
3312 5267 3474 5328 enim
3506 5272 3783 5328 deorsum

2138 5362 2435 5435 respicere
2467 5378 2536 5416 ac
2575 5359 2871 5416 inclinare
2899 5356 3059 5427 facit,
3113 5360 3271 5434 quod
3322 5360 3557 5435 signum
3593 5366 3681 5416 est
3725 5364 3781 5414 et

2138 5451 2501 5508 ostensivum
2533 5444 2692 5521 quod
2720 5446 2829 5504 sub
2860 5442 3122 5505 dominio
3156 5450 3248 5504 sit.
3288 5472 3315 5501 ‹‹
3340 5449 3524 5506 Debet
3571 5446 3785 5504 mulier

2137 5545 2492 5614 potestatem
2524 5536 2764 5596 habere.
2799 5560 2828 5587 ››
2862 5539 2981 5594 Hoc
3012 5544 3101 5594 est
3132 5539 3240 5594 viri
3298 5542 3655 5611 potestatem
3716 5553 3781 5590 ac

2137 5630 2470 5687 dominium
2501 5628 2595 5686 cui
2628 5620 2896 5700 subjacet
2917 5624 3094 5684 debet
3126 5627 3346 5684 habere
3373 5632 3431 5682 et
3452 5626 3514 5681 in
3543 5625 3671 5698 ipso
3694 5639 3784 5680 ca-

2138 5721 2257 5794 pite
2310 5720 2645 5777 ostendere.
2695 5711 2813 5774 Hoc
2853 5724 3049 5774 autem
3098 5708 3396 5789 quomodo
3428 5713 3789 5785 continget?
