4156 6200
347 328 463 389 801

1310 323 1724 387 ΟΟΜΜΕΝΤ.
1774 324 1863 384 ΙΝ
1912 320 2152 381 EPIST.
2195 320 2222 380 Ι
2265 319 2370 379 AD
2427 319 2798 381 CORINTH.

3639 320 3756 383 802

344 458 493 536 ἔχειν
522 460 614 513 τὸν
672 455 844 533 ἄνδρα
898 460 998 529 τήν
1053 457 1316 538 κεφαλὴν,
1376 457 1618 536 ὀφείλειν
1670 458 1747 530 μὴ
1805 459 2004 528 κομᾷν,

2125 458 2269 519 tum,
2291 459 2352 510 et
2373 455 2455 510 ita
2471 471 2594 509 non
2615 453 2831 511 debere
2856 471 3087 511 comam
3106 459 3359 528 gestare,
3376 455 3478 512 sed
3502 456 3758 514 liberum

346 549 474 605 ἀλλ’
499 545 646 625 ἔχειν
680 549 744 603 τὸ
791 546 1095 622 ἐλεύθερον,
1125 552 1244 609 πῶς
1281 550 1381 618 τήν
1427 553 1656 623 γυναῖκα
1711 565 2005 602 κατακεκα-

351 637 644 711 λυμμένην
675 635 869 716 ἀφίησι
900 640 1075 709 κομᾷν
1111 636 1186 699 εἷς
1239 631 1520 710 σύμϐολον
1550 642 1652 706 τῆς
1707 637 2003 709 ὑποταγῆς.

363 751 389 781 ιι
420 726 485 784 Εἴ
515 723 571 780 δέ
607 746 693 787 τις
746 722 897 780 δοκεῖ
952 723 1261 803 φιλόνεικος
1318 725 1475 780 εἶναι.
1508 748 1535 776 ››
1594 721 1817 791 Ἐπειδὴ
1872 722 2008 797 πρὸς

352 814 714 894 ἔθελοσόφους
744 808 997 893 ἔγραφεν,
1036 815 1089 870 οἳ
1142 812 1234 870 διὰ
1278 813 1667 889 συλλογισμῶν
1723 813 1788 867 τὰ
1836 811 2009 867 πάντα

351 904 740 974 κατεσκεύαζον
816 904 905 959 καὶ
962 902 1316 974 ἇνεσκεύαζον
1353 946 1367 972 ,
1428 902 1610 982 φησίνο
1686 901 1764 960 Οὐ
1820 902 2009 977 καιρὸς

352 998 444 1047 νῦν
475 996 573 1047 τοῦ
594 990 942 1067 φιλονεικεῖν.
987 991 1049 1048 Εἰ
1104 991 1208 1067 γὰρ
1239 990 1589 1067 ἀναισχυντεῖ
1635 1010 1718 1052 τις
1748 989 1886 1063 πρὸς
1941 989 2011 1043 τὰ

361 1081 645 1157 εἰρημένα,
676 1084 865 1156 ἡμεῖς,
893 1081 1050 1160 φησί,
1088 1080 1177 1138 καὶ
1207 1083 1243 1151 ἡ
1276 1081 1596 1152 Ἐκκλησία,
1647 1080 1749 1136 οὐκ
1803 1078 2006 1156 ἔχομεν

360 1167 483 1236 ἔθος
510 1173 777 1229 τοιοῦτον.
813 1176 975 1226 Ποῖον
1016 1189 1029 1240 ;
1060 1172 1138 1228 Τὸ
1178 1168 1529 1248 φιλονεικεῖν.
1586 1168 1767 1227 Ἀλλὰ
1794 1170 1857 1225 τὸ
1887 1168 2006 1224 πεί-

361 1263 543 1316 θεσθαι
568 1266 684 1323 τοῖς
736 1259 1068 1335 ἐπιτάγμασι
1096 1265 1202 1315 τῶν
1238 1257 1578 1316 διδασκάλων
1639 1256 1807 1333 μηδὲν
1865 1257 2008 1313 ἀντι-

348 1348 635 1412 τείνοντες.
667 1383 736 1392 -
765 1351 858 1407 "H.
892 1351 1028 1407 Ὀτι
1060 1349 1160 1404 οὐκ
1214 1343 1355 1405 ἔστιν
1406 1343 1526 1411 ἔθος
1577 1349 1704 1420 παρ’
1732 1350 1891 1421 ἡμῖν,
1916 1344 2011 1401 ’ίνὰ

352 1440 381 1494 ὁ
417 1439 514 1512 μὶν
540 1439 678 1513 ἀνὴρ
706 1443 855 1512 κομᾷ
881 1439 971 1494 καὶ
1029 1438 1373 1510 καλύπτηται
1428 1440 1528 1508 τὴν
1584 1436 1849 1514 κεφαλὴν,
1883 1439 1917 1505 ἡ
1950 1432 2010 1490 δὶ

354 1528 495 1602 γυνή
525 1527 652 1582 τούν
661 1527 862 1582 αντίον.

989 1646 1257 1704 ΚΕΦΔΛ.
1304 1645 1378 1701 Ζ“.

496 1763 632 1839 Περὶ
662 1783 948 1825 κοινωνιας
982 1766 1337 1838 θεοπρεποῦς,
1370 1761 1432 1817 οὐ
1453 1759 1866 1834 πλησμονικῆς.

425 1902 607 1959 Τοῦτο
640 1894 698 1953 δὶ
748 1894 1146 1975 παραγγέλλων
1206 1896 1307 1952 οὐκ
1358 1895 1584 1967 ἐπαινῶ,
1641 1894 1726 1951 ὅτι
1782 1894 1884 1950 ούκ
1935 1893 2010 1957 είς

359 1990 422 2044 τὸ
479 1992 750 2063 κρεῖττον,
806 1984 936 2041 ἀλλ’
993 1985 1071 2050 είς
1117 1986 1180 2041 τὸ
1233 1986 1399 2056 ἦττον
1459 1985 1796 2061 συνέρχεσθε.
1858 1988 2012 2058 ΙΙρῶ-

358 2099 451 2135 τον
503 2078 598 2152 μὶν
657 2075 760 2152 γὰρ
810 2075 1228 2151 συνερχομένων
1284 2075 1436 2148 ὑμῶν
1492 2073 1543 2129 ἓν
1599 2077 1668 2148 τῇ
1720 2072 2009 2145 ἐκκλησίᾳ,

360 2165 544 2222 ἀκούω
601 2164 877 2239 σχίσματα
929 2165 980 2219 έν
1036 2164 1163 2237 ὑμῖν
1240 2163 1528 2239 ὑπάρχειν,
1585 2162 1677 2218 καὶ
1739 2161 1901 2238 μέρος
1955 2160 2008 2216 τί

364 2276 626 2313 πιστευω.
685 2257 778 2308 Δεῖ
830 2252 930 2329 γὰρ
982 2252 1076 2308 καὶ
1134 2251 1339 2329 αἱρέσις
1410 2251 1461 2307 ἐν
1527 2253 1655 2326 ὑμῖν
1714 2252 1870 2323 εἶναι,
1917 2248 2012 2306 ’ίνα

359 2344 410 2399 οἱ
460 2340 684 2416 δόκιμοι
741 2339 960 2420 φανεροὶ
1013 2341 1276 2416 γένωνται
1334 2340 1385 2395 ἐν
1449 2341 1601 2414 ὑμῖν.
1661 2338 2010 2415 Συνερχομέ-

358 2452 467 2486 νων
533 2430 625 2485 οὗν
708 2430 859 2503 ὑμῶν
943 2428 1030 2484 ἐπὶ
1102 2429 1166 2485 τὸ
1220 2428 1370 2499 αὐτὸ,
1429 2428 1528 2485 οὐκ
1582 2427 1693 2484 ἐστι
1744 2428 2012 2503 Κυριακὸν

365 2520 581 2577 δεῖπνον
609 2525 819 2598 φαγεῖν.

435 2608 869 2689 Παοάγγέλλων,
914 2611 1099 2687 φησὶν,
1157 2609 1258 2665 οὐκ
1314 2608 1519 2666 ἐπαινῶ
1579 2610 1740 2683 ὑμᾶς,
1800 2606 1883 2665 ὅτι
1944 2630 2013 2682 με

360 2702 594 2778 ἠγάγετε
653 2699 801 2762 ὅλως
860 2698 936 2762 εἰς
1000 2698 1244 2775 ἀνάγκην
1301 2697 1670 2776 παραγγελίας
1725 2697 2010 2769 τοιαύτης.

362 2786 647 2865 Ἐδειγᾶρ
682 2788 848 2862 ὑμᾶς,
908 2788 1046 2861 μήτε
1103 2785 1364 2860 δεηθῆναι
1421 2787 1497 2851 είς
1541 2791 1703 2843 τοῦτο
1755 2786 2010 2861 παραινέ-

362 2900 521 2941 σεως.
554 2877 671 2935 Ούκ
701 2876 927 2948 ἐπαινῶ,
970 2877 1126 2954 φησὶ,
1157 2878 1219 2932 τὸ
1276 2876 1625 2954 συνέρχεσθαι
1686 2876 1849 2950 ὑμᾶς,
1902 2875 2015 2931 καίο

354 2989 444 3024 τοι
473 2966 696 3024 ἐπαίνου
752 2965 898 3038 ἄξιον
956 2967 1049 3037 ἦν,
1106 2965 1234 3024 ἀλλ’
1290 2966 1445 3023 αὐτοὶ
1502 2966 1631 3023 αὐτὸ
1690 2968 1862 3042 ψόγου
1920 2967 2011 3021 καὶ

357 3056 691 3135 τατηγορίας
719 3054 892 3113 αἴτιον
926 3055 1241 3128 ἐποιήσατε,
1289 3058 1401 3131 ἅμα
1454 3056 1543 3112 καὶ
1602 3055 1895 3127 ἐντρέπων,
1928 3054 2011 3110 ὅτι

355 3145 437 3220 ἐφ’
467 3148 549 3210 οἶς
582 3146 907 3210 ἐπαινεῖσθαι
938 3145 1126 3207 αὐτοῖς
1170 3144 1313 3218 ἐνῆν,
1372 3145 1489 3200 ἀντὶ
1546 3143 1744 3201 τούτου
1802 3164 2012 3218 παραγ-

355 3234 545 3313 γελίας
573 3239 664 3291 καὶ
712 3234 776 3291 τὸ
837 3235 914 3309 μή
966 3233 1294 3290 ἰπαινεῖσθαι
1354 3235 1565 3296 έαυτοῖς
1620 3233 2007 3289 ἐπεσπάσαντο.

360 3327 511 3381 Διατί
544 3322 602 3380 δὶ
632 3323 731 3381 οὐκ
759 3322 963 3379 ἰπαινεῖ
985 3323 1049 3378 τὸ
1081 3322 1432 3399 συνέρχεσθαι
1475 3343 1491 3395 ;
1528 3324 1653 3381 ’Ὁτι
1684 3322 1784 3378 οὐκ
1816 3321 1902 3377 ἐπὶ
1932 3325 2011 3394 τῷ

359 3415 659 3489 κρείττονι,
692 3411 874 3487 ὥσπερ
906 3409 1036 3479 ἔδει,
1070 3410 1199 3468 ἀλλ’
1228 3411 1316 3467 ἐπὶ
1363 3417 1441 3485 τῷ
1497 3411 1705 3488 χείρονι
1765 3409 2009 3485 συνέρχε-

360 3515 474 3574 σθε,
505 3500 632 3573 ἤτοι
662 3500 749 3557 ἐπὶ
780 3506 860 3574 τῷ
886 3502 1167 3574 ἀτιμάζειν
1198 3500 1326 3562 τοὺς
1375 3500 1644 3581 ἀδελφοὺς
1672 3500 1763 3556 καὶ
1826 3520 2009 3554 καται-

357 3593 594 3669 σχύνειν,
624 3592 713 3648 καὶ
745 3592 847 3661 τὴν
873 3590 1167 3661 ἀλαζονίαν
1219 3594 1372 3666 ὑμῶν
1431 3592 1519 3648 καὶ
1575 3588 2009 3668 γαστριμαργίαν

364 3679 786 3747 ἂπιδείκνυσθσι.
823 3704 851 3734 ‹‹
881 3683 1000 3736 Ὀνι
1041 3681 1142 3737 οὐκ
1188 3681 1262 3744 εἷς
1315 3681 1379 3737 τὸ
1433 3686 1701 3757 κρεῖττον.
1736 3705 1766 3734 ››
1796 3682 1913 3738 Ἵνα
1959 3677 2013 3733 τί

359 3770 454 3827 εύκ
484 3769 716 3833 ἐπαινεῖς
749 3789 763 3840 ;
793 3772 938 3839 "Oti,
972 3770 1160 3849 φησὶν,
1192 3772 1293 3827 ούκ
1330 3769 1409 3834 είς
1464 3771 1528 3827 τὸ
1585 3775 1853 3847 κρεῖττον,
1886 3767 2013 3825 ἀλλ’

361 3862 438 3923 είς
467 3861 531 3916 τὸ
558 3860 723 3930 ἦττον
760 3862 1105 3937 συνέρχεσθε.
1148 3863 1278 3918 Δέον
1309 3864 1413 3938 γὰο
1475 3863 1613 3936 ὑμᾶς
1671 3862 1761 3919 καὶ
1792 3859 2013 3918 ἐπιδοῦ-

366 3972 451 4006 ναι
494 3951 630 4025 πρὸς
683 3950 902 4027 ἀρετήν,
958 3949 1112 4006 αὐτοὶ
1170 3951 1261 4007 καὶ
1318 3951 1383 4022 ἢν
1435 3952 1613 4028 εἷ’χετε
1662 3949 2013 4031 διεφθείρατε.

369 4064 397 4093 «
433 4036 654 4115 Πρῶτον
691 4039 785 4113 μὶν
817 4039 917 4114 γὰρ
978 4041 1393 4116 συνερχομένων
1451 4043 1625 4115 ὑμῶν.
1665 4067 1686 4093 ι
1743 4043 1805 4099 Ἦ
1871 4041 2018 4098 αἲτία

365 4133 464 4184 τοῦ
494 4133 585 4183 νῦν
612 4128 912 4206 κεφαλαίου
945 4128 1082 4201 αὕτη
1114 4130 1205 4198 ἦν.
1240 4133 1370 4207 Παρ’
1422 4130 1607 4193 αὐτοῖς
1664 4130 1851 4186 δεῖπνα
1908 4134 2018 4187 Κυ-

369 4219 529 4293 ριακὰ
558 4217 790 4293 ἐγίνετο,
821 4217 1021 4293 ἐγίνετο
1068 4216 1127 4273 δὶ
1156 4218 1351 4283 οὕτως.
1398 4222 1543 4275 Κατὰ
1598 4220 1825 4297 φανερὰς
1880 4217 2016 4292 ἠμέ-

368 4326 461 4381 ρας
516 4304 690 4382 ἤγουν
751 4307 1109 4381 έορτασίμους
1170 4308 1309 4379 μετὰ
1361 4309 1461 4377 τήν
1518 4312 1625 4361 τῶν
1683 4307 1855 4383 ἀγίων
1919 4328 2019 4379 μυ-

367 4393 606 4464 στηρίων
644 4392 974 4467 μετάληψιν,
1010 4394 1219 4469 ίγινετο
1277 4394 1468 4450 δεῖπνα
1494 4396 1673 4467 κοινὰ,
1703 4398 1811 4448 τῶν
1844 4392 2020 4449 πλου-

366 4484 602 4539 τούντων
632 4485 1172 4557 παρασκευαζόντων,
1203 4485 1294 4539 καὶ
1345 4485 1474 4547 τοὺς
1533 4486 1766 4555 πένητας
1827 4504 2022 4559 συγκα-

368 4571 673 4646 λουμένων.
705 4574 884 4629 Τοῦτο
916 4570 974 4627 δὶ
998 4573 1067 4643 ἦν
1100 4574 1366 4652 πρόφασις
1412 4574 1633 4651 ἀγάπης
1687 4573 1778 4628 καὶ
1837 4593 2022 4629 ταπει-
2053 4562 2102 4626 D

368 4660 734 4739 νοφροσύνης.
796 4662 945 4718 Ἐπεὶ
1029 4663 1122 4717 οὖν
1162 4704 1169 4709 ρ
1203 4664 1265 4719 τὸ
1319 4663 1527 4719 τούτων
1579 4664 1795 4740 ἀγαθῶν
1849 4660 2025 4718 αἶ’τιον

368 4750 758 4827 παρεφθείρετο
791 4795 807 4820 ,
865 4749 1063 4822 ἐδεήθη
1115 4758 1216 4808 τοῦ
1280 4755 1504 4828 γράψειν
1567 4778 1593 4804 «ι
1629 4754 1846 4809 Ἀκούω
1898 4751 2022 4829 σχί-

370 4860 551 4914 σματα
602 4838 657 4895 ἐν
721 4840 869 4914 ὑμῖν.
906 4866 928 4895 ι
996 4840 1105 4897 Οὐκ
1159 4842 1313 4907 εὐθὺς
1372 4840 1429 4898 δέ
1478 4843 1555 4904 εἷς
1604 4843 1698 4899 τὸν
1753 4842 1877 4917 περὶ
1926 4845 2025 4897 τοῦ

369 4931 647 5003 Κυριακοῦ
678 4925 895 4984 δείπνου
951 4927 1123 5005 λόγον
1181 4930 1453 5001 sla-7,100»,
1485 4929 1613 4987 ἀλλ’
1672 4932 1876 4995 ἄνωθεν
1937 4928 2022 4985 ἐκο

366 5018 557 5073 κόπτει
584 5020 648 5074 τὸ
687 5020 870 5077 κακόν.
935 5020 1032 5075 Καὶ
1084 5019 1187 5097 γὰρ
1247 5021 1336 5076 καὶ
1391 5021 1453 5076 τὸ
1508 5023 1585 5095 μή
1645 5022 1876 5076 συνιέναι
1932 5019 2022 5075 καὶ

376 5104 676 5163 συνδειπεῖν
749 5109 882 5182 μετὰ
940 5114 1048 5165 τῶν
1106 5112 1379 5181 πενήτων,
1438 5110 1650 5186 σχίσμα
1707 5111 1797 5180 ἦν.
1864 5130 1887 5159 α
1921 5108 2023 5166 Καὶ

379 5197 543 5271 μέρος
572 5217 626 5252 τι
674 5197 934 5255 πιστεύω.
968 5221 997 5250 ››
1054 5200 1338 5269 Τουτέστι,
1390 5199 1594 5273 Μικρόν
1651 5220 1705 5254 τι
1764 5198 2022 5254 πιστεύω.

373 5289 547 5341 Τοῦτο
628 5284 826 5362 λέγων,
909 5286 997 5343 ἳνα
1076 5288 1154 5362 μή
1230 5287 1753 5368 ἁναισχυντοτέρους
1827 5286 2025 5350 αὐτοὺς

373 5378 606 5452 ποιήσῃ.
653 5375 793 5435 Οὔτε
877 5378 1023 5435 εἶπεν
1082 5379 1316 5445 ἀπιστῶ,
1370 5377 1464 5435 ’ίνα
1523 5382 1601 5454 μὴ
1662 5378 1789 5453 δόξῃ
1847 5380 2026 5453 μάτην

373 5462 650 5539 Ξπιτιμᾷν.
710 5466 889 5525 Ἀλλὰ
949 5468 1152 5546 Μικρόν
1204 5489 1280 5538 τι,
1342 5471 1500 5548 φησὶ,
1554 5469 1814 5525 πιστεύω
1878 5488 1904 5522 ε
1940 5472 2030 5524 Δεῖ

372 5555 480 5630 γὰρ
534 5557 626 5612 καὶ
709 5556 964 5633 αἱρέσεις.
1002 5582 1031 5610 ››
1106 5557 1350 5633 Αίρέσεις
1434 5558 1701 5625 ἐνταῦθα,
1797 5559 1859 5614 ού
1932 5557 2029 5621 τὰς

375 5640 715 5721 δογματικαῖς
744 5666 898 5719 φησι,
934 5648 1027 5710 τὰς
1067 5649 1188 5722 περὶ
1250 5648 1505 5718 πίστεως,
1553 5647 1699 5704 ἀλλὰ
1753 5649 1851 5713 τὰς
1904 5647 2028 5722 περὶ

2040 1826 2088 1892 Β

2114 543 2264 598 illud
2324 543 2565 609 habere,
2608 543 2906 616 quomodo
2956 544 3267 600 mulierem
3302 545 3589 602 intectam
3628 564 3760 619 per-

2109 633 2304 687 mittat
2364 649 2597 689 comam
2648 638 2878 706 gestare
2934 633 2997 688 in
3059 633 3290 706 signum
3346 634 3756 706 subjectionis.

2112 743 2140 772 ‹‹
2172 723 2484 788 Caeterum,
2533 722 2579 777 si
2639 721 2772 793 quis
2828 721 3059 777 videtur
3104 723 3514 778 contentiosus
3545 740 3695 780 esse.
3727 746 3756 774 ιι

2112 813 2405 879 Quoniam
2427 813 2501 869 ad
2533 829 2635 869 eos
2676 812 2975 868 scribebat
2994 813 3095 885 qui
3128 813 3405 870 volebant
3450 814 3636 870 videri
3668 832 3758 871 sa-

2112 901 2365 974 pientes,
2393 902 2495 973 qui
2520 902 2853 957 rationibus
2885 902 3090 958 omnia
3119 904 3469 959 astruebant
3499 920 3568 959 ac
3597 903 3762 959 labe—

2110 990 2437 1058 iactabant,
2458 990 2594 1045 ideo
2645 990 2727 1045 ait
2756 1007 2878 1046 non
2900 1006 3030 1046 esse
3060 1006 3218 1046 nunc
3236 997 3469 1063 tempus
3519 998 3762 1047 conten-

2114 1077 2319 1134 dendi.
2348 1079 2404 1133 Si
2438 1078 2597 1150 quis,
2634 1079 2849 1150 inquit,
2900 1079 2974 1134 ad
3025 1095 3094 1135 ea
3125 1097 3257 1150 qua:
3283 1080 3442 1135 dicta
3474 1087 3612 1137 sunt
3640 1098 3760 1137 non

2114 1168 2398 1239 pudeﬁat,
2424 1184 2534 1223 nos
2565 1174 2624 1223 et
2653 1168 2915 1223 Ecclesia
2945 1184 3065 1224 non
3096 1168 3384 1226 habemus
3415 1170 3758 1242 hujusmodi

2114 1272 2364 1313 morem.
2398 1256 2642 1322 Qualem
2684 1257 2713 1311 ?
2740 1273 2956 1328 nempe
2989 1257 3414 1325 contendendi,
3449 1267 3553 1315 sed
3579 1260 3765 1332 magi-

2116 1352 2374 1402 strorum
2392 1346 2703 1417 praeceptis
2727 1345 3179 1417 obtemperandi
3207 1364 3329 1403 non
3352 1348 3766 1404 renitendo.—

2121 1434 2238 1491 Vel.
2273 1436 2397 1491 Non
2430 1440 2519 1490 est
2558 1435 2744 1490 moris
2791 1434 2947 1506 apud
2978 1451 3110 1502 nos,
3142 1441 3209 1491 ut
3236 1437 3323 1491 vir
3370 1444 3639 1493 comatus
3688 1436 3766 1492 sit

2117 1528 2175 1579 et
2203 1528 2359 1579 tecto
2390 1523 2604 1594 capite,
2638 1522 2856 1579 mulier
2882 1540 3019 1580 vero
3051 1540 3082 1579 e
3108 1523 3341 1580 diverso
3385 1525 3642 1581 incedat.

2733 1642 2963 1697 CAPUT
3009 1643 3110 1697 VII
3124 1683 3136 1699 .

2116 1750 2196 1805 De
2225 1748 2746 1816 communicatione,
2778 1765 2901 1820 quae
2948 1749 3044 1804 Dei
3074 1749 3305 1805 cultores
3335 1752 3539 1817 deceat,
3572 1759 3623 1806 et
3653 1768 3765 1807 non

2584 1823 2655 1876 sit
2683 1820 2759 1875 ad
2785 1820 3301 1890 ingurgitationem.

2190 1909 2288 1977 XI,
2314 1913 2501 1965 1720.
2529 1910 2645 1965 Ηοο
2674 1915 2855 1965 autem
2877 1908 3216 1982 praecipiens
3265 1927 3377 1965 non
3419 1910 3585 1965 laudo
3622 1918 3766 1984 quod

2117 2016 2228 2054 non
2257 2000 2317 2053 in
2344 1998 2561 2065 melius,
2604 1998 2700 2054 sed
2741 1997 2801 2053 in
2851 1999 3089 2053 deterius
3119 1998 3442 2054 convenitis.
3484 2002 3619 2055 Nam
3641 2000 3768 2070 pri-

2118 2105 2268 2143 mum
2315 2088 2535 2160 quidem
2591 2103 2717 2142 cum
2767 2089 2827 2141 in
2875 2086 3155 2143 ecclesiam
3213 2089 3533 2157 convenitis,
3599 2088 3766 2143 audio

2116 2175 2351 2233 dissidia
2380 2179 2438 2232 in
2468 2176 2623 2232 vobis
2653 2192 2779 2245 esse,
2814 2182 2866 2232 et
2896 2177 3088 2247 aliqua
3117 2193 3188 2232 ea:
3206 2184 3369 2247 parte
3387 2177 3566 2233 credo.
3600 2178 3771 2248 Opor-

2120 2273 2195 2322 tet
2231 2265 2380 2321 enim
2410 2272 2461 2320 et
2507 2271 2677 2321 sectas
2710 2268 2765 2320 in
2787 2265 2939 2321 vobis
2970 2282 3097 2333 esse,
3125 2272 3185 2320 ut
3214 2268 3315 2335 qui
3354 2266 3585 2337 probati
3640 2273 3769 2322 sunt

2118 2354 2406 2425 manifesti
2431 2359 2571 2426 ﬁant
2618 2357 2763 2410 inter
2790 2371 2902 2411 vos.
2938 2355 3070 2410 Cum
3110 2357 3285 2425 igitur
3320 2356 3381 2410 in
3408 2355 3654 2411 eumdem
3687 2355 3769 2410 lo-

2118 2462 2243 2501 cum
2300 2445 2620 2509 convenitis,
2689 2460 2800 2500 non
2865 2445 3139 2513 contingit
3210 2446 3552 2501 Dominicam
3608 2444 3766 2499 edere

2118 2552 2229 2590 C(Bll
2236 2550 2326 2589 am
2334 2577 2347 2590 .

2189 2622 2574 2695 Prmcipiens,
2626 2622 2837 2694 inquit,
2890 2639 3009 2678 non
3040 2621 3218 2678 laudo
3278 2639 3401 2690 vos,
3459 2620 3619 2693 quod
3671 2636 3765 2676 me

2119 2711 2363 2768 omnino
2421 2711 2765 2783 hujusmodi
2814 2711 3099 2783 praecepti
3130 2710 3550 2767 necessitatem
3579 2709 3764 2765 duxe-

2116 2801 2268 2857 ritis.
2304 2801 2577 2873 Oportuit
2605 2800 2764 2856 enim
2791 2799 2956 2855 vobis
2995 2800 3058 2854 in
3089 2800 3221 2864 hoc,
3253 2816 3327 2855 ne
3358 2797 3766 2854 admonitione

2118 2889 2361 2962 quidem
2409 2905 2559 2961 opus
2614 2905 2767 2945 esse.
2818 2890 2945 2944 Non
3022 2887 3224 2956 laudo,
3310 2888 3526 2959 inquit,
3606 2885 3768 2958 quod

2118 2979 2467 3035 convenitis.
2495 2978 2699 3050 :Atqui
2757 2977 2931 3033 laude
2988 2977 3232 3047 dignum
3291 2981 3440 3044 erat,
3491 2976 3595 3032 sed
3652 2975 3767 3047 ipsi

2119 3067 2271 3124 528
2352 3065 2503 3121 illud
2587 3065 2862 3137 vituperii
2927 3070 2989 3120 et
3043 3063 3440 3121 accusationis
3524 3081 3765 3121 causam

2119 3155 2527 3213 reddiderant.
2586 3154 2776 3210 Simul
2826 3155 3006 3210 etiam
3050 3170 3152 3209 eos
3200 3154 3577 3210 confundens
3608 3152 3770 3225 quod

2121 3246 2184 3301 in
2240 3245 2334 3301 his
2390 3244 2464 3300 ob
2522 3260 2654 3316 qum
2722 3260 2823 3300 eos
2881 3243 3111 3299 laudari
3185 3242 3595 3308 conveniebat,
3657 3240 3772 3297 sibi

2122 3335 2268 3407 ipsis
2326 3339 2623 3407 prmoepta
2670 3350 2777 3405 pro
2833 3332 3109 3388 laudibus
3156 3332 3531 3388 advexerant.
3583 3333 3774 3397 Quare

2120 3430 2321 3480 autem
2370 3440 2492 3479 non
2535 3421 2741 3479 laudat
2788 3420 2947 3494 quod
3005 3421 3411 3477 conveniant?
3466 3421 3615 3487 Quia
3649 3437 3771 3476 non

2126 3517 2369 3586 prapter
2399 3511 2637 3580 melius,
2694 3510 2911 3582 inquit,
2962 3511 3116 3566 sicut
3152 3510 3436 3583 oportuit,
3471 3510 3575 3565 sed
3605 3508 3678 3565 ad
3710 3509 3770 3564 id

2123 3601 2282 3673 quod
2312 3601 2577 3657 deterius
2606 3605 2699 3656 est
2727 3600 3057 3655 convenitis
3093 3616 3106 3654 :
3143 3599 3263 3655 sive
3314 3599 3388 3655 ad
3436 3598 3772 3671 despicien-

2123 3688 2265 3744 dum
2315 3693 2374 3743 et
2428 3686 2928 3761 pudefaciendum
2975 3687 3209 3753 fratres,
3270 3691 3328 3739 et
3380 3685 3455 3741 ad
3499 3684 3774 3739 demons-

2122 3776 2404 3834 trandum
2434 3782 2695 3833 vestrum
2724 3776 2944 3831 fastum
2976 3780 3035 3831 et
3053 3773 3544 3846 gastrimargiam.
3583 3770 3777 3842 «;Quia

2124 3883 2247 3923 non
2293 3866 2358 3921 in
2414 3865 2651 3921 melius.
2683 3889 2705 3916 ι
2744 3866 2931 3929 Quam
2974 3863 3047 3917 ob
3092 3877 3331 3917 causam
3364 3876 3484 3915 non
3515 3858 3722 3915 laudas
3747 3858 3775 3913 ?

2126 3958 2273 4025 Quia
2319 3973 2441 4012 non
2490 3957 2553 4011 in
2604 3955 2840 4019 melius,
2877 3953 2980 4009 sed
3010 3953 3069 4007 in
3119 3952 3381 4007 deterius
3424 3950 3772 4008 convenitis.

2126 4049 2272 4103 Cum
2314 4046 2475 4101 enim
2532 4049 2766 4115 oportet
2820 4059 2919 4097 vos
2951 4041 3170 4097 addere
3216 4041 3290 4096 ad
3330 4040 3629 4108 virtutem,
3662 4041 3776 4112 ipsi

2128 4137 2308 4192 etiam
2367 4134 2532 4189 illam
2598 4148 2777 4203 quam
2828 4130 3137 4186 habebatis
3167 4130 3532 4202 perdidistis.
3568 4154 3595 4180 ‹‹
3629 4132 3774 4185 Nam

2127 4224 2389 4296 primum
2448 4219 2690 4292 quidem
2736 4236 2870 4275 cum
2906 4219 2968 4274 in
3014 4219 3339 4275 Ecclesiam
3362 4218 3709 4275 convenitis.
3747 4239 3775 4266 ››

2128 4312 2319 4366 Causa
2349 4307 2666 4381 praesentis
2705 4306 2915 4378 capitis
2946 4306 3071 4361 hinc
3101 4310 3247 4361 erat.
3278 4305 3449 4377 Apud
3488 4305 3648 4376 ipsos
3677 4304 3782 4357 Do-

2128 4398 2367 4455 minicaa
2391 4412 2574 4452 coena
2607 4395 2851 4461 fiebant,
2876 4400 2935 4450 et
2977 4395 3089 4451 hoc
3118 4393 3294 4450 modo
3334 4393 3577 4449 ﬁebant.
3629 4391 3782 4446 Prm-

2130 4487 2322 4560 cipuis
2354 4484 2565 4541 diebus
2604 4485 2724 4539 sive
2753 4484 2922 4539 festis
2952 4490 3087 4556 post
3127 4499 3432 4539 sacrorum
3468 4480 3781 4552 mysterio—

2132 4592 2265 4632 rum
2297 4574 2813 4648 participationem
2837 4573 3166 4646 agebantur
3193 4588 3543 4629 communes
3574 4586 3778 4639 omnia,

2131 4663 2608 4739 prmparantibus
2638 4662 2774 4718 illas
2804 4662 3084 4718 divitibus
3116 4679 3183 4717 ac
3216 4677 3507 4733 pauperes
3538 4659 3788 4715 invitan-

2133 4755 2314 4811 tibus.
2345 4753 2411 4810 Id
2441 4758 2640 4809 autem
2671 4757 2796 4808 erat
2832 4753 3065 4808 occasio
3098 4750 3404 4806 charitatis
3440 4756 3500 4803 et
3554 4747 3785 4803 modes-

2134 4844 2229 4901 tiae
2282 4843 2488 4899 animi.
2535 4842 2681 4897 Cum
2724 4842 2902 4913 igitur
2950 4841 3163 4895 horum
3203 4855 3443 4894 causam
3490 4838 3783 4894 bonorum

2132 4932 2562 5004 corrupissent,
2624 4945 2869 4985 necesse
2913 4928 3027 4983 fuit
3100 4927 3380 5000 Apostolo
3474 4927 3782 4984 scribere:

2134 5046 2163 5074 ‹‹
2197 5021 2385 5078 Audio
2443 5019 2691 5076 dissidia
2742 5019 2802 5073 in
2857 5017 3024 5074 vobis
3073 5034 3225 5081 esse,
3281 5040 3309 5066 ››
3342 5019 3465 5073 Non
3522 5022 3684 5073 recta
3712 5014 3785 5072 ad

2136 5125 2473 5169 sermonem
2498 5107 2570 5163 de
2597 5122 2763 5162 omna
2788 5107 3097 5162 Dominica
3118 5106 3501 5171 accessit,sed
3532 5118 3788 5178 superne

2134 5199 2362 5256 malum
2394 5200 2681 5267 amputat.
2732 5196 2966 5251 Etenim
2999 5196 3197 5267 ipsum
3229 5212 3465 5267 quoque
3491 5211 3626 5251 cum
3649 5210 3788 5266 pau-

2137 5290 2378 5363 peribus
2409 5304 2528 5343 non
2556 5287 3007 5351 convenire,aut
3034 5303 3157 5342 una
3177 5303 3299 5342 non
3349 5303 3582 5343 ccenare
3612 5285 3785 5341 dissi-

2137 5381 2301 5436 dium
2332 5382 2479 5433 erat.
2513 5398 2540 5427 ι(
2575 5378 2644 5431 Et
2672 5374 2874 5448 aliqua
2899 5393 2970 5432 ex
2992 5382 3159 5447 parte
3191 5375 3390 5432 credo.
3420 5397 3449 5427 »
3484 5377 3603 5431 Hoc
3660 5378 3786 5438 est;

2138 5469 2354 5542 Aliquo
2388 5465 2562 5522 modo
2594 5463 2794 5533 credo,
2848 5464 2937 5520 vel
2963 5481 2975 5519 ε
3020 5464 3333 5521 Paululum
3365 5464 3564 5534 credo,
3587 5480 3662 5519 ne
3694 5462 3789 5517 ni-

2139 5560 2329 5617 mium
2369 5573 2471 5613 eos
2523 5553 2881 5626 pudefaciat.
2926 5556 3043 5611 Nec
3093 5554 3263 5622 dixit,
3324 5570 3446 5611 non
3479 5552 3679 5616 credo,
3711 5565 3786 5605 ne

2138 5650 2362 5708 frustra
2389 5646 2700 5721 increpare
2730 5644 3019 5713 videatur,
3046 5642 3151 5700 sed
3176 5644 3262 5701 ait
3296 5660 3309 5700 :
3341 5642 3654 5701 Paululum
3676 5637 3788 5695 'ali~
