4158 6194
457 299 574 364 803

1537 285 1969 358 ECUMENII
2012 288 2322 354 TRICCE
2367 289 2718 356 EPISCOPI

3740 299 3852 366 8οι

457 433 602 516 quid
625 432 818 492 credo.
845 452 872 480 ‹‹
905 432 1048 490 Nam
1079 432 1310 504 oportet
1340 433 1397 488 et
1425 433 1616 486 sectas
1646 443 1820 484 esse»
1851 422 2095 496 Δῖρὲσεις

2213 426 2314 480 τῶν
2345 428 2649 503 τραπεζῶν.
2703 424 3092 500 Προκρίνοντες
3153 427 3254 504 γὰρ
3315 427 3368 482 οἱ
3423 425 3678 490 πλούσιοι
3731 429 3853 494 τοὺς

458 523 602 585 dicit
629 524 740 580 hoc
772 521 899 590 loco
924 535 1044 580 non
1077 535 1176 578 eas
1196 525 1384 578 sectas
1416 519 1544 578 sine
1567 534 1715 574 nova
1737 517 1892 574 circa
1924 515 2102 572 {idem

456 612 730 684 dogmata
771 607 1176 674 introducunt,
1237 608 1341 666 sed
1383 607 1541 666 circa
1582 621 1836 664 mensas.
1883 605 2098 660 Divites

455 703 614 760 enim
641 697 1025 772 praeferentes
1071 696 1300 766 divites,
1323 697 1744 770 relinquebant
1783 710 2094 770 pauperes.

453 813 483 840 ‹‹
520 790 592 846 Ut
621 788 721 864 qui
754 786 988 859 probati
1033 792 1190 842 sunt.
1226 808 1253 836 ι»
1285 785 1471 844 Dictio
1499 781 1612 856 τίνα,
1646 784 1706 838 id
1739 789 1846 852 est,
1881 789 1946 838 ut
1977 799 2100 840 non

461 883 548 936 est
578 895 770 936 causa:
803 876 1111 944 redditiva,
1160 876 1263 936 sed
1305 879 1546 934 eventus
1583 890 1784 934 rerum
1837 872 2098 932 declara-

461 968 578 1024 tiva
630 969 776 1024 Nam
817 982 922 1040 per
962 966 1074 1020 hoc
1115 965 1270 1038 quod
1317 965 1432 1020 ait:
1463 987 1490 1014 ι(
1523 965 1767 1035 Oportet
1824 969 1883 1020 et
1910 968 2100 1018 sectas

459 1075 588 1116 esse
646 1063 714 1114 ut
763 1056 862 1132 qui
917 1055 1148 1127 probati
1207 1060 1348 1113 sunt
1395 1053 1692 1112 manifesti
1743 1053 1890 1108 ﬁant
1947 1052 2102 1112 inter

453 1163 574 1204 vos.
605 1167 632 1197 ››
675 1146 786 1202 hoc
817 1143 1148 1214 significat:
1198 1142 1487 1212 Quoniam
1521 1159 1619 1198 vos
1652 1140 1860 1196 divites
1891 1138 2098 1198 dividi-

452 1235 599 1292 mini
654 1237 1104 1296 contemnentes
1137 1248 1448 1310 pauperes,
1473 1229 1686 1286 accidit
1715 1233 1780 1284 ut
1807 1243 2100 1304 pauperes

453 1342 558 1397 per
589 1322 967 1381 tolerantiam
999 1320 1380 1378 inveniantur
1427 1319 1680 1396 probati.
1715 1341 1742 1368 «
1801 1315 2100 1374 Manifesti

457 1417 602 1474 fiant
628 1417 783 1472 inter
811 1432 985 1474 vos.»
1019 1413 1126 1480 Qui
1159 1412 1316 1472 enim
1349 1412 1523 1470 solidi
1556 1427 1624 1468 ac
1655 1409 1814 1468 ﬁrmi
1845 1408 2100 1480 erant,in

453 1504 798 1576 hujusmodi
831 1502 1244 1562 occasionibus
1275 1501 1460 1570 magis
1489 1501 1634 1558 clari
1665 1499 2092 1560 reddebantur.

457 1595 764 1667 Signiﬁcat
793 1599 990 1648 autem
1013 1607 1302 1664 pauperes
1323 1591 1540 1646 fastum
1573 1589 1819 1645 divitum
1846 1589 2104 1660 ingenue

2213 513 2534 583 πλουσίους,
2564 514 2690 580 τοὺς
2736 515 2968 586 πένητας
2999 515 3206 594 ἀφίασι.
3271 541 3292 570 ι
3324 519 3436 574 'lvz
3465 518 3518 574 ot
3547 515 3792 592 δόκιμοι,
3829 547 3848 572 ι

2205 603 2304 672 Τὸ,
2354 600 2466 672 ἵνα,
2527 601 2626 660 οὐκ
2699 601 2840 660 ἔστιν
2913 603 3282 680 αἷτιολογικὸν
3321 651 3334 674 ,
3385 605 3530 670 ἀλλὰ
3583 615 3690 678 τῆς
3748 617 3852 672 τῶν

2207 693 2538 766 πραγμάτων
2599 689 2868 756 ἐκϐάσεως
2947 691 3275 768 δηλωτικόν.
3355 696 3434 758 Τὸ
3508 698 3634 771 γὰρ,
3711 724 3732 750 ι
3771 707 3858 756 Δεῖ

2209 781 2439 854 αἱρέσεις
2483 781 2614 838 εἶναι
2669 784 2759 840 ’ἰνοι
2809 784 2862 838 οἱ
2921 780 3143 858 δόκιμοι
3210 785 3430 861 φανεροὶ
3481 787 3748 864 γένωνται
3803 789 3851 844 ἐν

2215 873 2366 944 ὑμῖν,
2401 896 2428 923 n
2500 872 2662 928 τοῦτό
2738 892 2923 948 φησιν·
3007 871 3228 944 Ἐπειδὴ
3280 875 3432 948 ὑμεῖς
3491 877 3542 932 οἱ
3597 876 3853 934 πλούσιοι

2211 963 2463 1035 σχίζεσθε
2491 966 2861 1036 παρεορῶντες
2907 962 3034 1026 τοὺς
3085 963 3337 1034 πένητας,
3398 962 3630 1024 ἐκϐαίνει
3691 967 3774 1024 ὅτι
3805 970 3852 1023 οἱ

2209 1052 2436 1120 πένητες
2469 1048 2539 1106 δι’
2566 1051 2873 1124 ὑπομονῆς,
2935 1053 3268 1124 εὑρίσκονται
3329 1051 3572 1132 δόκιμοι.
3641 1078 3663 1108 ι
3699 1063 3855 1114 Φανε-

2211 1138 2296 1212 ροί
2327 1137 2589 1213 γένωνται
2621 1141 2674 1192 ἐν
2707 1141 2856 1213 ὑμῖν.
2883 1166 2910 1196 υ
2935 1142 3002 1200 Οἱ
3031 1142 3133 1219 γὰρ
3159 1145 3389 1217 στερεοὶ,
3425 1142 3640 1217 μᾶλλον
3665 1145 3717 1206 ἐν
3743 1153 3854 1207 τοῖς

2207 1227 2480 1290 τοιούτοις
2513 1226 2852 1303 ἐκλάμπουσι
2879 1235 3110 1304 καιροῖς.
3146 1229 3321 1302 Δηλοῖ
3349 1229 3406 1288 δὲ
3429 1231 3558 1300 τοὺς
3601 1234 3854 1304 πένητας,

2207 1317 2334 1380 τοὺς
2356 1319 2456 1386 τὴν
2487 1317 2783 1394 ὑπεροψίαν
2811 1324 2917 1374 τῶν
2951 1318 3232 1378 πλουσίων
3263 1321 3520 1397 γενναίως
3575 1323 3856 1402 φέροντας,

2281 1407 2295 1426 \
2395 1407 2407 1424 ἱ
2499 1403 2509 1426 Ι
2633 1408 2644 1422 ι
2687 1404 2708 1426 ν
2840 1405 2864 1426 Ν
3056 1409 3065 1424 ι

2210 1426 2298 1462 και
2326 1427 2454 1470 τους
2483 1405 2560 1464 ἔτι
2591 1429 2654 1464 το
2684 1419 2806 1476 εθος
2836 1408 3319 1486 οιαφυλαττοντας,
3371 1435 3400 1464 α
3433 1415 3860 1492 Συνερχομένων

2212 1496 2302 1550 οὗν
2338 1495 2510 1568 ὑμῶν.
2547 1499 2664 1553 »ἹΙ
2725 1499 2818 1569 μὲν
2877 1495 3124 1570 σύνοδος,
3176 1499 3363 1578 φησὶν,
3423 1501 3640 1576 ἀγάπην
3697 1499 3858 1564 ἐνδεί-

2215 1604 2424 1654 κνυται,
2449 1583 2595 1649 πλην
2625 1583 2687 1640 οὒ
2719 1591 3066 1662 παριιοῦται.

450 1683 608 1740 ferre
639 1689 698 1738 et
734 1699 956 1738 morem
986 1681 1180 1736 adhuc
1223 1679 1554 1736 observare.
1589 1704 1615 1730 (ι
1661 1681 1796 1734 Cum
1831 1679 2009 1750 igitur
2047 1677 2108 1732 in
2141 1676 2417 1734 eumdem
2450 1676 2645 1732 locum
2679 1677 3028 1734 convenitis.
3066 1700 3093 1728 ››
3126 1681 3470 1746 Conventio,
3527 1680 3744 1753 inquit.
3798 1698 3860 1738 ac

449 1777 635 1828 certus
666 1771 1048 1826 dilectionem
1079 1771 1232 1828 529
1265 1769 1546 1834 ostendit,
1577 1773 1634 1824 et
1665 1773 1865 1823 tamen
1891 1767 1965 1822 ad
1997 1783 2144 1838 opus
2193 1783 2311 1821 non
2343 1767 2644 1840 pertingit.

521 1883 550 1911 «
597 1863 720 1920 Non
782 1859 1072 1934 contingit
1111 1859 1478 1914 Dominicum
1538 1857 1712 1916 edere
1758 1873 2006 1914 coenam.
2067 1877 2094 1906 ››
2130 1859 2176 1923 Β

450 1951 820 2008 Dominicum
869 1953 1035 2005 vocat
1089 1948 1470 2022 ipsamjuxta
1509 1948 1902 2006 imitationem
1937 1945 2101 2002 illius

447 2039 728 2118 pavenda)
761 2056 828 2096 ac
871 2038 1158 2112 mysticae,
1210 2037 1445 2112 quando
1486 2038 1772 2092 Dominus
1803 2053 1922 2092 una
1965 2053 2101 2090 cum

452 2129 760 2201 discipulis
805 2128 1056 2194 edebat;
1115 2145 1182 2182 ac
1214 2127 1262 2182 si
1295 2127 1516 2182 diceret
1557 2145 1570 2183 :
1605 2128 1742 2192 Quas
1787 2143 1822 2186 α
1863 2124 2102 2184 Domino

449 2219 738 2295 disposita
786 2223 875 2273 est
923 2223 982 2272 et
1024 2216 1314 2272 ordinata.
1350 2215 1689 2272 Convenitis
1739 2213 1980 2288 quidem
2030 2213 2103 2269 ad

447 2308 747 2366 edendum
780 2307 1152 2362 Dominicum
1176 2323 1425 2370 caenam,
1462 2305 1565 2362 sed
1595 2321 1714 2360 non
1743 2304 2106 2360 facitis—Et

448 2399 558 2460 hoc
609 2397 924 2474 signiﬁcat,
973 2395 1220 2452 dicens:
1256 2417 1282 2444 ιι
1321 2396 1448 2449 Non
1481 2395 1788 2468 contingit.
1841 2416 1868 2443 ››
1903 2392 2098 2450 Domi-

450 2487 645 2542 nicam
665 2491 862 2541 autem
887 2501 1114 2540 coenam
1135 2489 1304 2539 vocat
1329 2484 1702 2538 Dominicum
1729 2483 2099 2554 mysterium:

455 2595 596 2634 nam
629 2578 790 2634 illius
813 2594 1019 2632 omnes
1043 2575 1321 2632 similiter
1351 2580 1490 2632 sunt
1516 2575 1870 2652 participes:
1899 2579 1958 2628 et
2002 2573 2102 2644 qui

453 2669 514 2724 in
549 2673 894 2742 paupertate
920 2666 1226 2740 degunt.et
1257 2665 1356 2742 qui
1390 2664 1609 2720 divitiis
1643 2664 2028 2732 extolluntur,
2048 2668 2104 2718 et

452 2758 662 2814 famuli
683 2775 749 2813 ac
771 2757 996 2814 domini
1052 2761 1108 2810 et
1130 2755 1230 2828 qui
1267 2755 1652 2810 dominantur
1682 2759 1740 2810 et
1770 2754 1870 2828 qui
1914 2751 2100 2808 domi-

459 2848 626 2904 nium
650 2845 1398 2918 sustinent.0portuitergo
1415 2851 1472 2900 et
1503 2860 1740 2898 mensas
1758 2858 2104 2898 communes

459 2953 587 2994 esse
615 2953 982 3005 communes,
1016 2951 1084 2990 ac
1119 2935 1485 2990 Dominicum
1537 2933 1780 3002 imitari,
1814 2949 1944 3004 quae
1977 2948 2106 2986 om-

459 3027 636 3084 nibus
667 3044 734 3082 ex
787 3043 955 3098 aequo
1003 3024 1376 3102 proponitur.
1419 3025 1584 3080 Nunc
1613 3029 1812 3080 autem
1871 3039 1992 3084 non
2024 3020 2107 3082 ita

453 3115 647 3172 facitis
675 3115 934 3188 Quisque
967 3116 1126 3171 enim
1155 3115 1456 3195 propriam
1475 3117 1846 3192 praeoccupat
1876 3127 2104 3172 cumam

2279 1877 2306 1905 ‹‹
2371 1853 2480 1909 Ούκ
2535 1851 2646 1910 ἔστι
2724 1857 2979 1932 κυριακὸν
3062 1854 3275 1918 δεῖπνον
3330 1862 3534 1936 φαγεῖν.
3569 1881 3597 1911 »
3657 1862 3854 1936 Κυρια-

2207 1941 2301 1996 κὸν
2358 1939 2413 1996 δὲ
2471 1941 2602 2002 αὐτὸ
2685 1941 2865 2012 καλεῖ,
2948 1946 3085 2006 κατὰ
3171 1944 3405 2020 μίμησιν
3482 1945 3689 2006 ἐκείνου
3767 1951 3858 2004 τοῦ

2211 2037 2480 2116 φρικτοῦ,
2541 2033 2631 2088 ὅτε
2684 2035 2712 2096 ὁ
2772 2034 2967 2118 Κύριος
3047 2037 3300 2110 συνήσϐιε
3353 2041 3470 2098 τοῖς
3534 2039 3810 2110 μαθηταῖς
3843 2081 3857 2108 ,

2207 2121 2283 2183 ὡς
2316 2121 2360 2176 εί
2392 2119 2564 2197 ἔλεγε·
2599 2123 2695 2192 Τὸ,
2726 2144 2803 2196 τῳ
2853 2124 3040 2200 Κυρίῳ
3097 2123 3467 2196 ἀνακείμενον.
3523 2127 3858 2202 Συνὲρχεσθε

2211 2210 2305 2284 μὶν
2337 2208 2423 2264 ἐπὶ
2451 2211 2512 2266 τὸ
2543 2215 2729 2294 φαγεῖν
2781 2213 3051 2286 Κυριακὸν
3111 2209 3348 2282 δεῖπνον,
3378 2210 3503 2270 ἆΑλ⁹
3537 2213 3599 2269 οὐ
3633 2221 3858 2274 ποιεῖτε.

2207 2331 2277 2343 -—
2308 2301 2646 2378 [OEOAQR]
2683 2303 2856 2356 Τοῦτο
2887 2298 3054 2376 δηλοῖ
3081 2301 3168 2368 τὸ,
3225 2327 3254 2356 ιι
3279 2303 3396 2360 Οὐκ
3423 2297 3560 2366 ἔστι.
3595 2329 3624 2358 ››
3661 2305 3860 2380 Κυρια-

2211 2389 2306 2444 κὸν
2379 2387 2436 2444 δὲ
2495 2387 2732 2464 δεῖπνον,
2807 2391 2872 2446 τὸ
2928 2392 3254 2454 Δεσποτικὸν
3315 2391 3476 2452 καλεῖ
3535 2397 3860 2468 μυστήριον.

2212 2480 2452 2536 Ἐκείνου
2506 2480 2608 2554 γὰρ
2665 2479 2860 2542 πάντες
2943 2481 3150 2554 ὁμοίως
3213 2477 3721 2556 μεταλαμϐάνουσι,
3779 2483 3860 2538 καὶ

2212 2569 2262 2622 οῖ
2294 2569 2452 2640 πενίᾳ
2481 2573 2768 2640 συζῶντες,
2801 2569 2890 2624 καὶ
2922 2570 2973 2624 οἱ
2995 2568 3222 2650 πλούτῳ
3250 2575 3576 2642 κομοῦντες,
3605 2572 3698 2632 καὶ
3732 2569 3862 2630 οἰκέ-

2209 2677 2319 2726 ται,
2343 2657 2430 2712 καὶ
2464 2653 2742 2730 δεσπόται,
2775 2656 2864 2712 καὶ
2897 2657 3160 2740 ἄρχοντες
3191 2659 3280 2720 καὶ
3321 2658 3656 2742 ἀρχόμενοι.
3719 2657 3862 2722 Ἔδει

2208 2746 2387 2800 τοίνυν
2445 2745 2534 2800 καὶ
2585 2745 2679 2808 τὰς
2737 2747 2923 2810 κοινὰς
2995 2749 3261 2822 τραπέζας
3315 2749 3448 2806 εῖναι
3507 2750 3718 2822 κοινὰς,
3775 2751 3856 2806 καὶ

2211 2838 2309 2906 την
2407 2836 2741 2903 Δεσποτικὴν
2847 2839 3157 2910 μιμεῖσθαι,
3231 2838 3266 2906 ἢ
3343 2843 3474 2896 πᾶσι
3575 2840 3858 2916 πρόκειται

2211 2925 2442 3000 ὁμοίως.
2501 2927 2610 2988 Nov
2667 2921 2723 2979 δὲ
2785 2925 2893 3004 οὐχ
2978 2926 3150 2989 οὕτως
3207 2924 3388 3008 δρᾶτε.
3438 2929 3706 2996 Ἕκαστος
3758 2931 3860 3008 γὰρ

2209 3020 2272 3078 τὸ
2323 3015 2463 3078 tam
2524 3014 2735 3078 δεῖπνον
2789 3014 3167 3096 προλαμϐάνει
3227 3019 3280 3076 ἐν
3335 3024 3415 3094 τῷ
3469 3027 3682 3100 φαγεῖν.
3743 3027 3854 3084 Δεῖ.

2212 3129 2342 3166 πνον
2405 3105 2482 3176 δὲ,
2533 3105 2666 3166 κατᾶ
2731 3109 2832 3178 τὴν
2889 3109 3012 3168 τότε
3069 3110 3349 3181 συνήθειαν
3409 3107 3560 3186 λέγει
3613 3113 3682 3166 τὸ
3739 3109 3854 3186 ἄρι-

453 3207 517 3264 in
551 3205 802 3262 edendo.
831 3207 1068 3262 Cmnam
1101 3222 1236 3260 vero
1260 3205 1432 3276 juxta
1461 3203 1624 3258 illius
1655 3201 1938 3276 temporis
1969 3218 2104 3256 con-
2134 3223 2176 3291 ο
2213 3220 2357 3260 στον.

453 3295 832 3352 suetudinem
865 3301 1029 3352 vocat
1065 3294 1384 3366 prandium
1413 3295 1633 3370 ipsum.

523 3385 617 3450 XI,
650 3384 738 3448 2|,
777 3387 866 3438 22.
924 3385 1160 3454 Quisque
1198 3383 1344 3438 enim
1393 3382 1689 3454 propriam
1739 3387 2100 3456 praeoccupat

455 3489 664 3530 caenam
691 3488 702 3524 :
738 3479 790 3525 et
811 3471 902 3526 hic
933 3471 1154 3542 quidem
1179 3473 1370 3532 esurit,
1406 3470 1500 3530 ille
1551 3477 1734 3526 autem
1791 3469 1973 3526 ebrius
2002 3475 2097 3528 est.

453 3563 589 3617 Num
609 3577 741 3616 sane
769 3560 960 3613 domos
989 3575 1100 3612 non
1133 3557 1342 3612 habetis
1383 3558 1456 3612 ad
1493 3557 1762 3612 edendum
1792 3575 1854 3614 ac
1915 3558 2098 3612 biben-

449 3651 578 3706 dum
607 3651 634 3704 ?
668 3651 756 3708 Αη
787 3647 1079 3704 Ecclesium
1114 3648 1213 3704 Dei
1270 3648 1617 3707 contemnitis
1661 3655 1712 3704 et
1763 3647 2103 3722 pudefacitis

446 3756 531 3796 eos
552 3741 649 3812 qui
678 3755 788 3794 non
816 3737 1062 3792 habent?
1094 3735 1238 3804 Quid
1277 3735 1464 3794 dicam
1501 3735 1651 3794 vobis
1674 3739 1702 3794 ?
1724 3735 1960 3796 laudabo
2015 3752 2101 3792 vos

449 3831 516 3886 in
547 3829 644 3884 hoc
665 3829 692 3880 ?
725 3829 840 3882 Non
873 3823 1057 3884 laudo.

513 4009 678 4076 Quod
721 4011 1093 4071 Dominicum
1148 4017 1259 4076 est,
1319 4011 1534 4082 inquit,
1588 4009 1932 4072 reddidistis
1963 4027 2098 4092 pro-

453 4099 672 4172 prium,
705 4101 1040 4158 auferentes
1062 4099 1133 4158 ab
1158 4117 1226 4156 eo
1247 4099 1716 4174 pulcherrimum
1748 4105 1805 4158 et
1843 4100 2100 4160 salutare

453 4205 692 4246 nomen.
755 4189 978 4248 Deinde
1041 4191 1216 4248 etiam
1279 4191 1589 4250 helluones
1624 4190 1786 4270 ipsos
1816 4190 2096 4268 appellat.

450 4279 1145 4350 Prmoccupat,inquit,in
1162 4279 1389 4336 edendo
1413 4297 1426 4334 :
1449 4295 1558 4336 nec
1579 4279 2098 4354 pauperesimitat,

451 4368 671 4424 veritus
691 4385 765 4426 ne
781 4385 900 4426 non
919 4373 1236 4424 saturetur.
1253 4370 1353 4424 «Et
1383 4367 1480 4426 hic
1497 4367 1738 4446 quidem
1770 4368 1976 4438 esurit,
1999 4369 2100 4426 ille

453 4463 650 4514 autem
679 4457 880 4514 ebrius
906 4463 1012 4516 est.
1050 4480 1077 4508 ››
1097 4457 1222 4514 Duo
1255 4457 1522 4528 ipsorum
1545 4457 1684 4516 vitia
1707 4464 2104 4522 enumerat.et

2276 3379 2542 3442 Ἕκαστος
2626 3377 2731 3454 γὰρ
2805 3376 2868 3434 τὸ
2969 3373 3106 3432 ἴδιον
3185 3374 3399 3434 δείπνον
3473 3375 3854 3454 προλαμϐάνει

2208 3466 2260 3522 ἐν
2315 3471 2394 3539 τῷ
2447 3471 2633 3544 φαγεῖν
2668 3509 2682 3532 ,
2735 3465 2826 3524 καὶ
2883 3465 2944 3530 ὃς
3011 3466 3106 3538 μὲν
3165 3471 3362 3540 πεινᾷ,
3419 3468 3478 3530 ’ὸς
3535 3465 3594 3530 δὴ
3651 3469 3857 3542 μεθύει.

2207 3558 2299 3626 Μὴ
2360 3558 2464 3634 γὰρ
2549 3554 2723 3617 οῗκίας
2808 3555 2911 3614 οὐκ
2985 3551 3141 3631 ἔχετε
3225 3556 3304 3626 είς
3386 3558 3450 3612 τὸ
3507 3555 3704 3620 ἐσθίειν
3775 3557 3858 3616 καὶ

2207 3648 2418 3718 πίνεῐν;
2491 3647 2525 3718 ἢ
2611 3655 2711 3720 τῆς
2797 3647 3128 3720 Ἐκκλησίας
3203 3653 3299 3710 τοῦ
3382 3651 3516 3706 Θεοό
3587 3671 3856 3732 καταφρο-

2207 3743 2367 3809 νεῖτε,
2435 3739 2522 3794 καὶ
2593 3737 2980 3818 καταισχύνετε
3057 3739 3184 3804 τοὺς
3281 3739 3358 3812 μή
3441 3737 3714 3820 ἔχοντας
3807 3741 3856 3798 τί

2211 3828 2340 3900 ὑμῖν
2442 3824 2610 3896 sine);
2709 3825 2970 3888 ἐπαινέσω
3078 3829 3218 3908 ὑμᾶς
3295 3827 3346 3884 ἐν
3423 3831 3649 3902 τούτῳς
3754 3830 3857 3886 οὐκ

2209 3917 2431 3991 ἐπαινῷ.

2280 4008 2356 4064 Τὸ
2389 4008 2892 4084 Κυριακὸν,φησὶν,
2950 4005 3224 4066 ἰδιωτικὸν
3283 4013 3636 4082 πεποιήκατε,
3693 4014 3852 4090 ἀφαι-

2209 4095 2464 4170 ρούμενοι
2525 4093 2686 4152 αὐτοῦ
2751 4096 2816 4156 τὸ
2873 4095 3169 4154 κάλλιστον
3225 4105 3388 4158 τοῦτο
3445 4101 3536 4158 καὶ
3585 4105 3853 4176 σωτήριον

2209 4181 2400 4260 ὄνομα·
2435 4187 2568 4242 Εἶτα
2597 4187 2686 4244 καὶ
2739 4183 3080 4264 λαιμάργους
3130 4188 3326 4252 αὐτοὺς
3371 4189 3659 4256 ἀποκαλεῖ,
3719 4197 3854 4266 Προ-

2209 4269 2502 4350 λαμϐάνει,
2535 4275 2721 4352 φησὶν,
2753 4274 2804 4336 ἐν
2845 4279 2924 4347 τῷ
2980 4282 3194 4356 φαγεῖν,
3251 4279 3340 4334 καὶ
3399 4279 3462 4336 οὐ
3515 4278 3678 4342 καλεῖ
3727 4282 3853 4344 τοὺς

2210 4365 2468 4438 πένητας,
2497 4363 2679 4439 ὥσπερ
2740 4361 2999 4426 δεδοικὼς
3069 4367 3146 4440 μὴ
3205 4367 3268 4422 οὐ
3325 4373 3630 4446 χορτασθῇ.
3689 4395 3718 4422 ‹‹
3753 4371 3852 4428 Καὶ

2213 4455 2271 4517 ’ὸς
2304 4456 2399 4528 μὲν
2429 4459 2603 4528 πεινᾷ,
2634 4455 2692 4516 ’ὸς
2735 4452 2792 4512 δὲ
2822 4455 3027 4529 μεθύει.
3065 4479 3092 4512 ιι
3145 4456 3249 4514 Δύο
3299 4456 3624 4535 ἐγκλήματα
3679 4458 3854 4518 αὐτῶν

456 4547 614 4620 quod
637 4563 931 4620 pauperes
953 4547 1418 4620 despicerent,et
1435 4546 1592 4620 quod
1607 4546 1718 4626 ipsi
1734 4546 2098 4604 inebriaren-

2213 4543 2547 4620 ἐξαγγέλλει,
2596 4543 2684 4600 καὶ
2739 4545 2800 4603 τὸ
2858 4551 3214 4620 περιορᾶσθαι
3271 4547 3401 4610 τοὺς
3465 4550 3725 4618 πένητας,
3768 4548 3855 4604 καὶ

451 4637 826 4694 tur.0mnino
852 4637 1017 4694 enim
1042 4636 1090 4694 si
1105 4635 1835 4706 edentes,inquit,mensas
1867 4654 1984 4696 non
2001 4639 2100 4694 ha-

453 4723 644 4782 beatis
677 4741 1292 4790 communes.curnon
1323 4725 1384 4780 in
1405 4724 1660 4802 prapriis
1689 4725 1899 4782 vestris
1917 4726 2100 4786 domi-

447 4815 560 4872 bus
592 4818 766 4874 editis
792 4819 966 4876 ?«An
988 4819 1312 4880 Ecclesium
1343 4819 1446 4876 Dei
1478 4818 1936 4884 contemnitis?»
1951 4821 2094 4876 Nam

451 4904 552 4974 qui
587 4905 888 4980 prOpriam
921 4925 1150 4966 cmnam
1182 4910 1244 4966 in
1277 4907 1538 4968 Ecclesia
1559 4907 1795 4971 facit,e.t
1823 4913 2094 4972 sanctum

443 4991 644 5050 locum
691 4995 915 5068 injuria
962 5001 1166 5066 afﬁcit,
1199 5005 1258 5058 et
1303 4998 1674 5060 Dominicam
1705 5015 1932 5062 coenam
1975 5015 2096 5058 n00

445 5079 633 5138 facit:
671 5084 998 5162 quinetiam
1029 5104 1320 5162 pauperes
1371 5087 1692 5161 pudefacit.
1717 5109 1745 5138 «
1804 5089 1874 5144 Et
1919 5087 2100 5160 pude-

447 5169 644 5230 facitis
705 5191 804 5232 eos
860 5177 960 5250 qui
1011 5193 1130 5234 non
1171 5176 1412 5250 habent,
1446 5199 1474 5232 η
1525 5179 1724 5248 Neque
1753 5177 1914 5236 enim
1947 5178 2096 5236 adeo

450 5261 536 5316 eis
583 5279 743 5322 curm
797 5269 886 5322 est
941 5265 1100 5340 quod
1133 5266 1417 5334 esuriant,
1443 5272 1730 5344 quantum
1780 5267 1941 5342 quod
1995 5267 2098 5328 de—

449 5352 634 5426 specti
695 5358 1179 5428 contemnuntur,
1241 5373 1350 5414 nec
1397 5355 1739 5420 invitantur.
1800 5357 1904 5414 Vel
1959 5357 2101 5430 quia

446 5439 765 5510 pudetiunt
823 5444 1075 5504 convicti
1105 5443 1266 5520 quod
1321 5459 1442 5504 non
1477 5443 1788 5508 habeant.a
1829 5445 1981 5511 Quid
2011 5444 2100 5506 di-

446 5543 578 5594 cam
611 5529 818 5594 vobis?
845 5553 873 5584 τι
908 5533 1132 5600 Deinde
1145 5533 2102 5610 postlapsusostemionem,man-

447 5620 678 5682 auctius
735 5639 870 5684 cum
929 5623 1016 5680 eis
1047 5623 1305 5686 disserit.
1351 5623 1495 5682 Cum
1530 5621 1688 5692 enim
1728 5638 2100 5698 consequens

2207 4631 2508 4704 τὸ,αὐτοὺς
2543 4631 2775 4707 μεθύειν.
2834 4630 3016 4696 Ὂλως
3070 4634 3193 4707 γὰρ,
3243 4635 3405 4710 φησίν
3457 4635 3547 4692 ἑὰν
3607 4641 3688 4710 μὴ
3739 4659 3852 4696 κοι-

2207 4727 2314 4786 νῶς
2373 4720 2542 4796 ἔχητε
2595 4720 2688 4783 τὰς
2747 4721 3018 4798 τραπέζας
3067 4721 3331 4787 ἐσθίοντες
3367 4769 3380 4795 ,
3441 4723 3584 4790 Stati
3643 4728 3722 4801 μή
3779 4727 3850 4788 εἷς

2203 4809 2329 4872 τοὺς
2360 4809 2542 4874 οἳκους
2579 4811 2731 4882 ὑμῶν
2757 4809 2958 4876 ἐσθίετε
2991 4831 3006 4880 ;
3041 4837 3070 4864 ‹‹
3102 4814 3174 4870 ’Ἠ
3230 4821 3328 4883 τῆς
3387 4813 3714 4885 Ἐκκλησίας
3759 4819 3851 4876 τοῦ

2206 4905 2343 4958 Θεοῦ
2403 4906 2830 4974 καταρρονιῖτες
2889 4923 2918 4956 ››
2977 4901 3038 4960 ’0
3081 4903 3182 4976 γὰρ
3243 4901 3491 4966 ἰδιωτικᾶ
3557 4902 3744 4964 δεῖπνα
3797 4905 3848 4962 ἐν

2209 4987 2506 5060 Ἐκκλησία
2539 4993 2729 5058 ποιῶν,
2775 4989 2861 5044 καὶ
2922 4989 3012 5044 τὸν
3073 4985 3222 5066 ἅγιον
3275 4993 3443 5054 τόπον
3483 4987 3712 5068 ὑϐρίζει,
3765 4991 3849 5052 καὶ

2207 5085 2472 5156 Κυριακον
2499 5074 2710 5136 δεῖπνον
2735 5077 2796 5134 ού
2827 5085 2993 5136 ποιεῖ.
3021 5079 3194 5140 Ἀλλὰ
3219 5082 3328 5154 μὴν
3347 5083 3436 5140 καὶ
3463 5083 3592 5147 τοὺς
3622 5081 3849 5154 πένητας

2208 5167 2574 5244 καταισχύνει.
2639 5191 2666 5218 ‹‹
2693 5167 2797 5226 Καὶ
2827 5168 3216 5248 καταισχύνετε
3241 5169 3372 5236 τοὺς
3403 5174 3479 5246 μὴ
3515 5169 3742 5252 ἔχοντα(
3775 5192 3788 5240 ς
3823 5196 3850 5224 »ι

2207 5255 2285 5316 Οὐ
2315 5256 2420 5334 γὰρ
2449 5259 2707 5312 τοσοῦτον
2741 5254 2923 5320 αὐτοῖς
2981 5256 3202 5330 μέλλει,
3261 5259 3451 5336 φησίν,
3507 5262 3594 5322 ὅτι
3654 5259 3852 5336 λιμώτ-

2207 5367 2417 5404 τουσιν.
2464 5342 2587 5407 ὅσον
2650 5345 2732 5400 ὅτι
2783 5351 3241 5424 καταφρονοῦνται
3295 5351 3700 5424 περιορώμενοι
3763 5349 3846 5408 καὶ

2213 5437 2292 5512 μὴ
2325 5433 2778 5512 συγγαλούμενοι,
2809 5435 2843 5508 ἢ
2879 5437 2965 5491 ὃτι
3023 5437 3496 5514 καταισχύνονται,
3550 5437 3850 5520 ὲλεγχόμευ

2209 5547 2293 5588 νοι
2323 5523 2410 5582 ἐπὶ
2436 5521 2516 5596 τῷ
2566 5525 2644 5598 μή
2703 5521 2876 5604 ἔχειν.
2913 5547 2936 5580 ι
2971 5525 3040 5596 Τί
3071 5527 3199 5603 ὑμῖν
3255 5525 3482 5598 ε’ίπωςιι
3536 5531 3670 5594 Εἶτα
3729 5527 3852 5606 μετὰ

2207 5618 2310 5686 τὴν
2367 5610 2638 5690 ἀπόδειξιν
2694 5617 2791 5671 τοῦ
2851 5615 3208 5689 πταίσματος,
3264 5619 3618 5694 ἡμερώτερον
3675 5619 3852 5682 αὐτοῖς
