4158 6194
304 238 427 308 805

1325 236 1727 311 COMMENT.
1769 237 1850 304 1N
1892 234 2139 302 EPIST.
2187 238 2212 301 Ι
2256 238 2358 303 AD
2402 235 2789 304 CORINTH-

3612 244 3733 312 806

306 366 651 452 διαλέγεται.
689 366 816 429 Δίον
848 365 948 451 γὰρ
1008 364 1202 435 simis,
1256 372 1425 431 ταῦτα
1482 367 1544 429 οὐ
1604 366 1813 449 μυρίων
1866 377 2007 436 θαο,

2120 368 2295 425 uisset
2316 372 2379 423 ut
2400 367 2648 424 diceret:
2668 371 2881 431 Annon
2906 369 3032 434 haec
3053 369 3219 435 mille
3248 372 3536 429 mortibus
3557 374 3736 452 digna

307 461 484 516 νάτιυν
520 459 690 528 ἄξιας
736 456 924 538 φησίν,
962 483 990 511 ιι
1048 456 1346 519 Ἐπαινὲσω
1405 458 1546 533 ὑμᾶς
1595 454 1683 516 ἐπὶ
1737 455 1963 533 τοῦτῳς

311 547 426 607 Οὐκ
456 546 683 604 ἐπαινῶ.
720 570 748 598 n
779 546 837 603 Τί
882 548 1013 619 ὑμῖν
1045 544 1197 601 δοκεῖ
1229 567 1244 615 ;
1276 548 1342 601 ’Ἃ
1356 566 1420 619 ρα
1450 544 1782 622 παραλόγως
1813 546 1965 600 εἷπον

317 640 446 711 ὑμῖν
528 637 619 692 καὶ
679 636 994 715 ἀρχόμενος
1064 642 1167 705 τῆς
1251 634 1556 699 ὑποθέσεως
1620 635 1823 706 ταύτης
1885 633 1971 689 ὅτι

316 725 419 782 οὐκ
448 723 658 781 ἐπαινῶ
693 743 708 794 ;
742 724 871 779 οὐχὶ
902 724 993 780 καὶ
1024 724 1116 779 ἀπ’
1148 724 1319 795 αὐτῆς
1348 731 1450 793 τῆς
1494 728 1602 779 τῶν
1634 723 1974 799 πραγμάτων

318 812 655 880 ἀκολουθίας
711 812 963 889 ἐμάθετε,
1023 812 1106 873 ὅτι
1163 811 1217 871 ἂν
1264 812 1638 887 ἐπαινουμίνῳ
1696 813 1977 888 πράγματι

317 908 398 977 τῷ
428 907 682 979 Κυριακῷ
712 899 932 976 δείπνῳ,
960 897 1139 978 ψόγου
1197 902 1355 978 ὑμεῖς
1412 900 1541 965 ἀλλ’
1596 899 1697 964 οὐκ
1752 899 1979 959 ἐπαίνου

324 995 447 1065 ἄξια
477 990 868 1071 διαπράττεσθε
902 1011 915 1062 ;
945 995 1110 1055 Ὥστε
1148 992 1259 1077 ἐγὼ
1317 988 1543 1054 δικαίως
1596 991 1696 1053 οὐκ
1750 989 1979 1061 ἐπαινῶ,

325 1083 520 1155 καίπερ
550 1083 670 1146 καθ’
698 1082 831 1143 αὐτὸ
868 1082 1146 1143 ἐπαινετοῦ
1185 1079 1421 1155 μάλιστα
1475 1086 1575 1143 τοῦ
1632 1078 1796 1156 ἔργου
1851 1100 1981 1154 τυγ.

330 1191 619 1253 χανοντος.

404 1316 548 1395 Ἐγὼ
603 1315 706 1395 γᾶρ
800 1310 1111 1391 παρέλαϐον
1187 1314 1294 1373 ἀπὸ
1378 1319 1475 1371 τοῦ
1540 1312 1749 1397 Κυρίου
1807 1312 1838 1368 ὅ
1895 1313 1982 1369 καὶ

333 1404 625 1490 παρέδωκα
656 1408 803 1485 ὑμῖν,
853 1406 935 1463 δτι
993 1409 1020 1464 6
1079 1407 1282 1485 Κόριος
1340 1408 1552 1480 Ἰησοῦς
1606 1406 1657 1463 ἐν
1714 1409 1784 1482 τῇ
1835 1403 1987 1461 νυκτὶ

333 1500 371 1571 ᾔ
429 1494 783 1572 παρεδίδοτο,
865 1492 1061 1554 ἔλαϐεν
1117 1498 1303 1574 ἄρτον,
1388 1497 1480 1553 καὶ
1566 1495 1989 1573 εὐχαριστήσας,

335 1582 531 1643 ἕκλασε
586 1586 678 1642 καὶ
733 1587 871 1643 εἶπε·
935 1583 1138 1643 Λάϐετε
1172 1632 1186 1657 ,
1246 1587 1464 1665 φάγετε,
1496 1584 1662 1643 τοῦτό
1724 1606 1830 1659 μου
1876 1584 1990 1640 ἐστι

336 1677 401 1732 τὸ
432 1682 614 1751 σῶμα,
671 1677 735 1733 τὸ
792 1677 927 1753 ὐπὶρ
985 1677 1140 1750 ὑμῶν
1198 1676 1503 1750 κλώμενον.
1561 1678 1732 1731 Τοῦτο
1787 1679 1994 1730 ποιεῖτε

344 1766 420 1828 ιτς
478 1767 580 1838 τὴν
665 1765 808 1841 ἐμὴν
889 1767 1209 1841 ἀνάμνησιν.

344 1857 539 1932 τήριον
630 1856 764 1930 μετὰ
844 1856 907 1912 td
990 1854 1318 1928 δειπνῆσαι,
1402 1854 1600 1930 λέγων·
1683 1859 1855 1911 T06r0
1936 1853 2001 1909 τὸ

347 1946 614 2021 ποτήριον
666 1948 704 2017 ἠ
759 1948 919 2016 καινὴ
982 1944 1213 2024 διαθήκη
1275 1944 1439 2017 ἑστιν,
1500 1946 1553 2003 ἐν
1611 1951 1691 2021 τῷ
1749 1945 1869 2022 ἰμῷ
1925 1945 2005 2000 αἳ-

360 2054 512 2107 ματι.
543 2037 720 2092 Τοῦτο
749 2040 977 2109 ποιεῖτε,
1011 2035 1199 2099 ὁσάκις
1231 2037 1293 2091 ἄν
1344 2036 1542 2106 πίνητε
1598 2035 1677 2100 εἷς
1727 2035 1829 2104 τήν
1860 2033 2000 2108 ἰμὴν

354 2122 650 2198 ἀνάμνησιν
661 2168 672 2180 .

425 2228 618 2292 Καίτοι
686 2230 750 2297 οὐ
810 2238 987 2315 παρῆν
1045 2234 1170 2295 τότε
1227 2235 1255 2289 6
1339 2231 1578 2294 Παῦλος.
1645 2235 1769 2294 Πῶς
1827 2229 1998 2314 λιέγει⁹

355 2343 383 2370 ‹‹
417 2319 565 2395 Ἐγὼ
594 2316 906 2395 παρέλαϐον
938 2321 1045 2378 ἀπὸ
1081 2326 1177 2380 τοῦ
1218 2321 1421 2405 Κυρίου
1455 2341 1469 2393 ;
1522 2319 1705 2378 Ἀλλᾶ
1730 2324 1822 2377 νῦν
1853 2341 2002 2397 παρ-

346 2409 620 2469 (πμΚαί
678 2411 779 2493 γὰρ
839 2416 955 2483 νῦν,
1015 2411 1212 2493 ὁμοίαν
1269 2410 1497 2483 ἐκείνης.
1533 2412 1668 2487 ἡμῖν
1728 2412 1756 2466 6
1804 2409 2005 2488 Κύριος

348 2498 681 2573 παρατίθησι
713 2500 1000 2582 τραπέζαν.
1033 2534 1101 2545 -—
1129 2502 1222 2560 Ἥ.
1282 2502 1429 2580 Ὅτι,
1472 2498 1810 2579 Ἐδιδάχθην
1840 2503 2005 2557 ταῦτα

350 2587 459 2644 ἀπὸ
490 2593 586 2644 τοῦ
614 2589 841 2665 Κυρίου,
872 2588 966 2645 ’ίνα
1065 2591 1129 2647 τὸ
1166 2616 1193 2642 ιι
1250 2584 1592 2667 Παρέλαϐον,
1626 2613 1652 2646 ι
1713 2590 1829 2646 ἀντὶ
1885 2591 2003 2664 τοῦ,

356 2702 386 2731 ιι
419 2675 776 2759 Ἐδιδάχθην.
810 2704 836 2732 ››
872 2712 939 2723 -
975 2705 995 2731 ι
1031 2680 1157 2740 Ὀτι
1188 2680 1216 2736 6
1249 2680 1451 2758 Κύριος
1481 2680 1722 2755 Ἰησοῦς.
1759 2704 1788 2731 »
1818 2682 2004 2741 Ταῦτα

354 2766 719 2851 παρήγγειλεν
760 2767 795 2829 ἃ
841 2767 984 2847 λέγει
1043 2766 1354 2846 παρέδωκα,
1406 2768 1500 2829 ’ίνα
1537 2769 1837 2848 ἐνδείξηται
1895 2769 2001 2847 ὅτι,

351 2856 416 2915 ⁸0
472 2855 668 2933 Κύριος
727 2859 887 2936 ἡμῶν
945 2866 1135 2937 κοινῆς
1192 2858 1463 2940 τραπέζης
1534 2858 1597 2914 οὐ
1652 2860 1820 2936 μόνον
1876 2858 2003 2922 τοὺς

356 2942 549 3029 ἁγίους
584 2948 851 3023 μαθητὰς,
882 2945 1029 3003 ἀλλὰ
1075 2948 1166 3007 καὶ
1222 2948 1381 3008 αὐτὸν
1431 2949 1523 3005 τὸν
1580 2945 1857 3025 προδότην
1918 2948 2007 3004 αὐ-

351 3041 456 3104 τῆς
488 3034 707 3110 ἠξίωσε,
740 3037 831 3098 τὸν
861 3036 1075 3117 ἐχθρὸν,
1134 3039 1224 3095 τὸν
1273 3038 1655 3115 παμπόνηρον,
1713 3038 1798 3094 καὶ
1850 3039 2006 3111 ὑμεῖς

2083 455 2267 512 sunt?
2287 456 2443 512 580
2465 455 2580 511 ait:
2606 479 2632 505 ιι
2661 455 2934 513 Laudabo
2957 474 3057 513 vos
3082 459 3143 513 in
3168 458 3275 514 hoc
3295 460 3321 510 Ἰ
3349 461 3473 516 Non
3497 462 3732 520 laudo.»

2083 544 2231 613 Quid
2262 544 2426 599 vobis
2456 543 2687 599 videtur
2705 544 2733 600 ‘?
2756 547 2842 600 An
2878 554 3093 621 printer
3115 548 3407 609 rationem
3430 549 3550 604 dixi
3572 552 3735 611 vobis

2086 635 2260 690 etiam
2295 634 2356 689 in
2388 634 2559 691 initio
2590 635 2773 710 hujus
2804 638 3139 710 argumenti
3171 638 3331 713 quod
3361 656 3482 695 non
3530 640 3737 697 lauda-

2086 740 2215 778 rem
2235 724 2262 779 ‘2
2290 740 2491 779 annon
2523 741 2593 779 ex
2623 723 2756 795 ipsa
2786 742 3025 797 quoque
3065 744 3267 782 rerum
3312 730 3740 800 consequentia

2088 813 2404 880 didicistis,
2436 813 2595 884 quod
2628 814 2689 872 in
2723 831 2787 872 re
2818 815 3141 884 laudanda,
3172 833 3389 888 nempe
3428 819 3739 875 Dominica

2089 920 2385 971 caana,vos
2418 904 2709 975 vituperio
2740 910 2800 962 et
2828 921 2951 963 non
2979 906 3153 964 laude
3187 906 3363 979 digna
3383 908 3738 980 peregistis?

2088 994 2251 1050 iuste
2299 993 2498 1065 itaque
2551 1009 2679 1066 ego,
2733 993 2947 1065 inquit.
2993 1012 3115 1055 non
3173 995 3447 1067 laudabo,
3504 997 3738 1054 etiamsi

2093 1098 2243 1153 opus
2270 1082 2333 1138 in
2366 1100 2428 1141 se
2454 1083 2531 1140 sit
2562 1084 2817 1142 maxime
2846 1084 3169 1144 laudabile.

2170 1304 2485 1360 Xl.23-25.-
2512 1306 2628 1379 Ego
2653 1305 2811 1365 enim
2824 1305 3024 1381 accepi
3048 1322 3081 1360 a
3104 1306 3351 1365 Domino
3371 1305 3525 1383 quod
3551 1312 3609 1363 et
3631 1310 3746 1363 tra-

2095 1416 2122 1444 «
2156 1393 2277 1448 didi
2306 1393 2491 1461 vobis,
2515 1393 2674 1465 quod
2700 1394 2980 1449 Dominus
2999 1396 3168 1451 Iesus
3190 1412 3257 1450 ea
3277 1401 3446 1451 nocte
3486 1414 3604 1468 qua
3626 1401 3744 1453 tra-

2099 1504 2128 1532 ιι
2162 1482 2412 1537 debatur
2440 1482 2924 1555 accepitpanem,
2958 1500 3211 1556 cumque
3242 1485 3461 1556 gratias
3505 1485 3740 1558 egisset,

2099 1593 2124 1623 ιι
2143 1572 2410 1644 fregitac
2423 1571 2589 1626 dixit:
2607 1573 3190 1643 Accipite,edite,hoc
3205 1580 3517 1645 estcorpus
3531 1591 3747 1642 meum,

2106 1686 2128 1712 ι
2160 1661 2321 1734 quod
2344 1679 2448 1734 pro
2466 1661 2630 1718 vobis
2645 1662 3073 1736 frangitur,hoc
3088 1664 3263 1720 facite
3280 1665 3341 1719 in
3362 1666 3479 1720 mei
3495 1681 3748 1720 commeo

1295 1748 1568 1828 Ὡσαύτως
1634 1765 1724 1821 καὶ
1789 1766 1854 1819 τὸ
1908 1783 2005 1819 πο-

2120 1773 2138 1801 κ
2156 1751 2568 1808 morationem.
2596 1751 2684 1807 Ad
2697 1752 2972 1808 eumdem
2988 1752 3227 1809 modum
3252 1759 3311 1809 et
3332 1754 3611 1825 poculum
3633 1770 3746 1825 pe-

2108 1861 2133 1887 ιι
2158 1847 2321 1898 racta
2341 1858 2506 1898 caena
2526 1842 2763 1898 dicens:
2791 1843 2909 1898 Hoc
2929 1843 3210 1915 poculum
3233 1849 3322 1898 est
3340 1858 3552 1898 novum
3574 1848 3750 1898 testa-

2114 1952 2134 1979 ο
2161 1936 2429 1987 mentum
2451 1947 2559 2004 per
2576 1947 2775 1987 meum
2790 1933 3288 2005 sanguinem.Hoc
3304 1932 3477 1988 facite
3493 1931 3751 2003 quoties-

2108 2042 2134 2069 ιι
2161 2036 2396 2091 cunque
2425 2020 2695 2078 biberitis
2725 2021 2786 2078 in
2817 2021 2933 2076 mei
2960 2022 3612 2077 commemorationem.
3646 2042 3674 2071 »

2180 2231 2355 2304 Atqui
2387 2229 2606 2286 Paulus
2638 2236 2776 2287 tunc
2832 2247 2955 2286 non
2994 2230 3218 2288 aderat.
3250 2229 3556 2298 Quomodo
3613 2247 3750 2307 ergo

2108 2319 2250 2375 dicit
2286 2337 2299 2375 :
2336 2337 2359 2361 (ι
2391 2320 2506 2394 Ego
2538 2320 2737 2395 accepi
2765 2336 2799 2375 a
2830 2320 3078 2377 Domino
3099 2319 3126 2374 ?
3156 2339 3181 2370 η
3218 2317 3329 2374 Sed
3357 2335 3518 2374 nunc
3560 2318 3750 2375 adest.

2109 2409 2341 2466 Etenim
2373 2427 2532 2471 nunc
2562 2410 2649 2465 illi
2682 2410 2939 2467 similem
2969 2411 3214 2489 apponit
3242 2409 3416 2467 nobis
3466 2409 3751 2466 Dominus

2108 2516 2399 2556 mensam.
2425 2530 2493 2541 --
2522 2499 2912 2556 Aut.Edoctus
2945 2517 3097 2570 sum,
3122 2498 3409 2571 inquitin
3442 2498 3534 2554 his
3565 2515 3601 2556 a
3634 2499 3748 2553 Do-

2110 2588 2295 2654 mino,
2328 2593 2394 2644 ut
2426 2609 2452 2642 ιι
2483 2588 2697 2661 Accepi
2731 2612 2759 2639 »
2791 2594 3060 2645 sumatur
3085 2606 3189 2660 pro
3222 2611 3249 2637 ιι
3284 2587 3538 2644 Edoctus
3561 2603 3752 2657 sum,»

2108 2706 2178 2717 —
2201 2701 2228 2727 ιι
2252 2676 2419 2745 Quod
2442 2676 2729 2734 Dominus
2748 2678 2916 2735 Jesus
2940 2694 3007 2732 ea
3022 2683 3195 2732 nocte
3216 2693 3335 2747 qua
3352 2674 3755 2732 tradebatur.»

2115 2767 2253 2822 Haec
2282 2766 2565 2843 praecepit
2595 2783 2726 2838 quas
2759 2783 2885 2840 ego,
2947 2766 3161 2839 inquit,
3196 2764 3363 2820 vobis
3418 2763 3656 2831 tradidi,
3689 2778 3758 2820 ac

2113 2855 2161 2910 si
2195 2854 2390 2913 dicat:
2451 2855 2739 2912 Dominus
2771 2860 2974 2909 noster
3028 2852 3330 2911 communi
3372 2869 3581 2908 mensa
3634 2868 3759 2909 non

2113 2950 2350 3003 sanctos
2380 2942 2556 2999 modo
2588 2941 3044 3018 discipulos,sed
3076 2947 3133 2997 et
3164 2942 3358 3016 ipsum
3392 2941 3755 3015 proditorem

2114 3050 2184 3091 ea
2212 3031 2490 3107 dignatus
2520 3030 2947 3098 est,inimicum
2978 3030 3531 3093 sceleratissimum.
3567 3036 3626 3091 et
3654 3048 3755 3087 vos

365 3126 657 3199 ἁπαξιοῦτε
683 3114 1013 3187 συνδειπνεῖν
1069 3128 1310 3203 πένησι;
1369 3127 1457 3185 καὶ
1514 3114 1597 3184 ὅτι
1655 3130 2007 3203 σταυροῦσθαι

2120 3120 2522 3197 dedignamini
2543 3138 2665 3177 una
2684 3138 2817 3176 cum
2835 3120 3193 3196 pauperibus
3216 3137 3447 3182 camare
3464 3121 3758 3193 ‘?cumque

369 3212 612 3289 μέλλων,
699 3216 902 3288 ταύτην
994 3219 1130 3291 ἡμῖν
1184 3218 1284 3286 τήν
1351 3216 1729 3293 μυσταγωγίαν
1777 3216 2013 3294 ἐσχάτην

360 3300 694 3379 παρέδωκεν,
752 3303 880 3365 ἀλλ’
936 3306 1091 3379 ὑμεῖς
1149 3305 1316 3379 αὐτὴν
1372 3303 1720 3385 διεφθείρετε.
1779 3339 1849 3349 --
1883 3302 2015 3363 Ἀλ-

360 3388 497 3453 λως.
535 3389 601 3449 Ei
641 3393 670 3447 6
723 3391 944 3475 Κύριος,
1003 3393 1161 3476 φησὶ,
1202 3399 1478 3451 κοινωνεῖν
1540 3415 1596 3450 σε
1657 3399 1755 3450 τοῦ
1813 3392 2014 3450 οἰκείου

360 3480 614 3562 σώματος
644 3483 863 3554 καὶτῆς
897 3491 1165 3561 μυστικῆς
1225 3485 1497 3561 τραπέζης
1559 3484 1660 3540 οὐκ
1715 3485 2014 3557 ἀπηξίωσε,

363 3572 429 3627 σὺ
456 3577 574 3635 τοῖς
606 3574 730 3639 σοῖς
756 3572 1006 3647 ἆπαξιοῖς
1053 3575 1148 3633 τὸν
1180 3571 1494 3655 ὁμόδουλον
1532 3595 1546 3645 ;
1585 3609 1648 3618 -
1681 3581 1757 3633 ’Ἠ
1787 3574 1875 3631 καὶ
1925 3575 2016 3630 οὒ-

361 3683 492 3726 τως.
523 3662 590 3720 Εἰ
623 3664 651 3720 6
692 3664 891 3741 Κύριος
925 3664 1118 3738 ἐπίσης
1148 3686 1232 3721 σοι
1291 3665 1382 3721 καὶ
1440 3670 1522 3740 τῷ
1550 3664 1744 3738 πένητι
1782 3669 1877 3720 τοῦ
1935 3666 2016 3721 οἱ·

365 3750 516 3808 κείου
575 3752 831 3826 σώματος
887 3755 978 3811 καὶ
1029 3751 1260 3833 αἳματος
1317 3756 1417 3827 τήν
1474 3760 1741 3834 τραπεζαν
1795 3755 1883 3810 καὶ
1916 3756 2014 3826 τὴν

365 3849 617 3921 κρατῆρα
672 3842 1027 3921 παρατίθησι,
1086 3844 1148 3901 σὺ
1210 3841 1423 3921 τολμᾷς
1505 3849 1696 3901 τοῦτον
1770 3852 1869 3915 τῆς
1918 3851 2019 3915 σῆς

368 3929 690 4010 ἁποσχίζειν
776 3928 1050 4011 τραπέζης
1127 3931 1217 3987 καὶ
1309 3933 1635 4010 ὐπερορᾷνς
1693 3934 1759 3989 Εἰ
1817 3930 2021 3999 ἐκεῖνος

373 4018 699 4100 ηὐχαρίστει
731 4020 794 4080 τὸ
834 4019 1035 4077 οἰκεῖον
1070 4025 1229 4095 σῶμα
1289 4021 1524 4100 μερίζων
1582 4020 1670 4077 καὶ
1721 4018 1926 4092 διδοὺς,
1960 4023 2021 4076 σὺ

370 4107 437 4166 οὐ
493 4106 695 4183 πολλῷ
752 4106 966 4183 μᾶλλον
1028 4107 1372 4189 εὐχαρίστως
1419 4109 1509 4165 καὶ
1572 4110 1707 4184 μετὰ
1759 4107 2023 4183 πλείστης

367 4200 543 4275 χαρᾶς
597 4201 705 4251 τῶν
759 4195 957 4262 ἐκεῖθέν
1020 4218 1103 4253 σοι
1181 4195 1539 4277 δωρηθέντων
1597 4196 1891 4265 κοινωνοὺς
1935 4198 2026 4254 καὶ

366 4287 782 4364 συνεστιάτορας
840 4283 1139 4362 λαμϐάνεις
1193 4287 1323 4352 τοὺς
1382 4286 1658 4361 πένηταςς
1697 4312 1724 4340 ιι
1785 4288 1886 4344 Καὶ
1936 4286 2023 4344 εὐ-

2118 3210 2555 3284 cruciﬁgendus
2587 3217 2762 3276 esset,
2797 3211 2950 3267 hanc
2982 3211 3155 3268 nobis
3205 3226 3434 3267 sacram
3493 3210 3763 3269 traditio-

2119 3317 2257 3361 nem
2279 3286 2944 3376 reliquitnovissimam,
2964 3307 3024 3356 at
3051 3317 3150 3356 vos
3176 3301 3366 3375 ipsam
3391 3300 3763 3372 corrupistis.

2123 3429 2189 3439 —-
2217 3400 2338 3461 Alio
2367 3399 2545 3459 modo.
2572 3398 2630 3461 Si
2664 3398 2974 3462 Dominus.
2999 3399 3214 3470 inquit.
3237 3404 3291 3459 te
3323 3417 3444 3457 non
3475 3398 3765 3473 dedigna-

2123 3492 2216 3550 tus
2245 3493 2335 3547 est
2359 3487 2505 3559 quin
2536 3487 2775 3560 proprio
2796 3487 2985 3565 ipsius
3008 3488 3239 3565 corpori
3266 3504 3332 3547 ac
3362 3505 3585 3549 mensae
3609 3506 3769 3563 mys-

2121 3577 2254 3641 tica:
2284 3577 3085 3653 communicares,quomodo
3113 3583 3175 3635 tu
3214 3595 3569 3638 conservum
3600 3583 3769 3633 tuum

2124 3666 2464 3744 dedignaris
2492 3684 2567 3727 ne
2602 3668 2715 3727 tuis
2746 3667 2925 3725 rebus
2955 3668 3405 3725 communicet?
3438 3698 3501 3709 --
3522 3670 3636 3724 Aut
3666 3668 3766 3725 hoc

2124 3761 2291 3815 etiam
2323 3757 2498 3815 modo.
2529 3757 2588 3815 Si
2640 3758 2924 3817 Dominus
2956 3774 3026 3814 ex
3056 3773 3225 3831 aequo
3259 3756 3362 3813 tibi
3394 3772 3463 3813 ac
3519 3754 3768 3831 pauperi

2125 3860 2399 3903 mensam
2426 3844 2648 3921 proprii
2681 3844 2947 3916 corporis
2975 3849 3032 3901 et
3062 3842 3369 3921 sanguinis
3399 3859 3466 3901 ac
3492 3842 3770 3918 poculum

2127 3933 2399 4005 tradit,tu
2430 3933 2588 3995 hunc
2619 3933 2805 3992 audes
2834 3950 2870 3995 ξι
2901 3940 3004 3994 tua
3036 3948 3243 3992 mensa
3272 3931 3535 3992 dividere
3569 3949 3637 3990 ac
3668 3930 3772 3991 de-

2128 4022 2404 4097 spicere?
2433 4022 2490 4079 Si
2522 4021 2624 4081 ille
2654 4023 2873 4099 gratias
2904 4022 3025 4094 agit
3054 4021 3158 4099 qui
3200 4022 3507 4103 proprium
3566 4018 3779 4079 dividit

2129 4110 2426 4185 traditque
2440 4127 2675 4191 corpus,
2703 4118 2764 4169 tu
2778 4128 2896 4169 non
2913 4112 3102 4171 multo
3120 4112 3305 4185 magis
3316 4111 3535 4189 gratias
3546 4108 3774 4183 agendo

2130 4205 2186 4257 et
2218 4200 2474 4259 maximo
2531 4217 2667 4261 cum
2723 4200 2938 4274 gaudio
2971 4201 3035 4260 in
3088 4201 3181 4263 his
3212 4218 3346 4277 qum
3406 4218 3443 4259 a
3489 4201 3608 4257 Deo
3669 4197 3775 4255 tibi

2132 4288 2353 4350 donata
2376 4294 2534 4358 sum,
2555 4290 2747 4350 socios
2770 4307 2838 4349 ac
2860 4290 3137 4352 convivas
3160 4291 3417 4365 accipies
3437 4302 3729 4365 pauperes
3751 4284 3779 4340 ?

372 4376 732 4456 χαριστήσας.
769 4399 799 4435 ιδ
837 4375 901 4434 Ὀ
940 4376 1141 4453 Κύριος
1201 4376 1628 4461 εὐχαριστήσας,
1688 4372 1884 4431 ἔκλασε
1938 4395 2006 4430 κα

2134 4378 2279 4436 581
2322 4400 2341 4427 σι
2377 4381 2639 4451 Cumque
2683 4380 2903 4453 gratias
2962 4381 3197 4458 egisset.
3233 4403 3261 4435 ἰ
3321 4381 3463 4438 Cum
3498 4377 3778 4437 Dominas

373 4460 546 4523 ἔδωκε
570 4469 687 4526 τοῖς
722 4471 1013 4543 μαθηταῖς,
1057 4465 1123 4525 Εἴ
1177 4460 1360 4521 τοίνυν
1417 4462 1502 4521 ἐπ’
1562 4463 1881 4539 εὐχαριστίᾳ
1936 4483 2004 4521 κα

2135 4467 2353 4542 gratias
2383 4468 2620 4543 egisset,
2653 4469 2828 4543 fregit
2858 4487 2924 4529 ac
2957 4471 3122 4529 dedit
3168 4468 3498 4545 discipulis.
3531 4468 3587 4523 Si
3646 4482 3781 4540 ergo

375 4551 438 4612 σύ
496 4547 663 4635 ἔρχῃ,
723 4550 891 4631 μηδὲν
969 4554 1185 4631 ἀνάξιον
1272 4551 1416 4610 ποίει
1468 4560 1567 4626 τῆς
1653 4554 2025 4635 εὐχαριστίας,

376 4642 610 4719 μεθύων,
641 4642 730 4700 καὶ
763 4642 916 4722 λιμῷ
946 4645 1034 4703 καὶ
1089 4639 1241 4719 ὕϐρει
1274 4641 1598 4726 διαφθείρων
1632 4645 1722 4700 τὸν
1774 4642 1979 4715 πένητα
2013 4663 2027 4715 ;

376 4756 404 4785 ιι
440 4726 668 4807 Λάϐετε,
699 4733 918 4816 φάγετε.
955 4758 983 4785 ››
1031 4734 1210 4796 Αὐτὸς
1273 4734 1389 4810 μὲν,
1451 4733 1607 4815 φησὶ,
1638 4736 1798 4809 κοινῇ
1830 4730 2031 4789 δέδωκε

375 4826 534 4897 πᾶσι,
566 4823 628 4885 σὺ
661 4821 718 4880 δὲ
749 4825 943 4881 σαυτὸν
979 4824 1298 4899 ἀποσχίζεις
1325 4829 1434 4883 τῶν
1490 4826 1744 4897 πενήτων
1787 4825 1876 4883 καὶ
1933 4829 2030 4881 1:06

380 4918 482 4989 τῆς
527 4911 861 4988 Ἐκκλησίας
915 4914 1193 4989 σώματος.
1263 4938 1291 4966 ιι
1351 4914 1623 4979 Ὡσαύτως
1680 4914 1769 4975 καὶ
1822 4915 1885 4970 τὸ
1938 4936 2033 4971 πο-

381 5004 591 5081 τήριον,
632 5027 660 5056 »ι
709 5004 814 5063 Ἦν
864 5003 967 5081 γὰρ
1017 5003 1108 5059 καὶ
1165 5000 1257 5065 ἐπὶ
1307 5010 1410 5075 τῆς
1465 5000 1705 5067 παλαιᾶς
1772 5006 2029 5079 ποτήρια,

382 5091 435 5148 ιν
490 5094 576 5161 οἷς
635 5088 909 5165 ἔσπενδον,
965 5092 1056 5155 καὶ
1116 5092 1251 5173 μετᾶ
1304 5094 1368 5149 τὸ
1425 5097 1581 5163 θῦσαι
1639 5090 1716 5164 δὲ,
1773 5095 1835 5155 τὸ
1891 5096 2033 5172 αἷμα

384 5185 491 5237 τῶν
530 5181 751 5263 ἀλόγων
782 5182 834 5239 ἐν
894 5188 1012 5248 τοῖς
1045 5182 1336 5262 ποτηρίοις
1395 5179 1713 5265 δεχόμενοι,
1759 5178 2032 5249 ἔσπενδον.

383 5266 535 5335 Ἀντὶ
576 5270 667 5328 οὖν
697 5277 794 5338 τοῦ
833 5270 1063 5351 αἳματος
1119 5276 1228 5333 τῶν
1283 5270 1521 5356 ἀλόγων,
1579 5272 1642 5333 τὸ
1700 5270 1839 5331 ἴδιον
1893 5276 2036 5351 αἷμα

387 5360 415 5415 ὁ
449 5361 650 5441 Κύριος
687 5359 901 5425 δίδωσι.
943 5358 1135 5429 Καλῶς
1166 5357 1245 5429 δὲ,
1305 5360 1357 5416 ἰν
1415 5362 1689 5445 ποτηρίῳ,
1737 5362 1829 5421 ἳνα
1894 5361 2035 5442 δείξῃ

386 5452 488 5522 τήν
570 5450 807 5515 παλαιὰν
890 5455 1053 5538 τοῦτο
1110 5455 1673 5538 προσκιαγραφοῦσαν.
1725 5453 1823 5538 Δια
1872 5458 2034 5516 τοῦτο

392 5541 558 5597 εἶπεν·
596 5566 623 5591 ιι
657 5541 718 5605 Ἥ
750 5541 907 5612 καινὴ
949 5535 1181 5611 διαθήκη
1210 5538 1350 5605 ἆστῖν
1397 5535 1559 5614 ἧντῷ
1611 5539 1731 5623 Nu;
1759 5537 1971 5617 αἵματι,
2008 5568 2035 5596 υ

2143 4563 2201 4616 et
2223 4564 2283 4617 tu
2312 4575 2448 4621 cum
2477 4559 2800 4633 gratiarum
2832 4562 3065 4623 actione
3097 4560 3364 4626 venis,an
3394 4558 3548 4616 nihil
3574 4557 3786 4631 gratia-

2140 4664 2273 4707 rum
2304 4648 2536 4710 actione
2565 4648 2712 4709 facis
2742 4650 3076 4727 indignum,
3110 4651 3211 4728 qui
3254 4666 3390 4711 cum
3446 4647 3780 4713 inebrieris,

2142 4738 2629 4810 pauperemfame
2643 4739 2946 4812 acinjuria
2966 4739 3205 4817 perdis?
3222 4762 3249 4790 «
3274 4736 3781 4815 Accipitc,edite.»

2142 4841 2273 4915 Ipse
2300 4836 2541 4914 quidem
2572 4837 2850 4899 omnibus
2881 4837 3064 4909 dedit,
3102 4843 3166 4899 tu
3217 4855 3356 4899 vero
3390 4838 3646 4909 teipsum
3686 4852 3784 4899 se-

2142 4941 2316 5003 paras
2346 4942 2381 4984 a
2409 4926 2769 5003 pauperibus
2800 4932 2858 4987 et
2888 4926 2959 4984 ab
2989 4927 3178 5000 ipsius
3207 4926 3485 4989 Ecclesiae
3514 4942 3784 4998 corpore.

2149 5036 2170 5066 ι
2203 5014 2290 5071 Ad
2312 5013 2588 5075 eumdem
2608 5013 2853 5075 modum
2875 5022 2935 5073 et
2951 5016 3249 5088 poculum.
3287 5037 3317 5067 ιν
3344 5019 3522 5073 Erant
3542 5014 3702 5073 enim
3723 5014 3787 5077 in

2143 5101 2323 5161 veteri
2351 5118 2590 5183 quoque
2620 5108 2977 5163 testamento
3008 5105 3222 5178 pocula
3268 5105 3333 5167 in
3364 5105 3583 5177 quibus
3634 5103 3787 5166 liba-

2143 5190 2307 5260 bant,
2338 5190 2444 5253 ubi
2475 5191 2656 5254 etiam
2686 5199 3004 5269 postquam
3031 5194 3300 5259 victimas
3348 5194 3784 5259 immolassent,

2145 5279 2494 5360 sanguinem
2525 5281 2961 5345 irrationalium
2984 5284 3346 5358 excipientes
3376 5282 3783 5356 poculisdibav

2143 5368 2306 5428 bant.
2339 5369 2452 5429 Pro
2484 5370 2773 5450 sanguine
2802 5370 2982 5447 igitur
3009 5372 3468 5437 irrationalium.
3492 5371 3781 5434 Dominus

2143 5456 2450 5539 proprium
2479 5457 2580 5523 dat
2609 5461 2980 5539 sanguinem.
3013 5461 3084 5523 Et
3132 5461 3306 5530 bene.
3340 5462 3402 5529 in
3430 5460 3667 5535 poculo.
3718 5464 3787 5521 ut

2143 5545 2418 5609 ostendat
2446 5553 2613 5617 vetus
2644 5553 3068 5621 testamentum
3088 5555 3265 5622 cum
3293 5550 3404 5617 hoc
3429 5548 3789 5615 dolium».
