4156 6200
499 321 613 380 807

499 463 817 532 Propterea
873 451 1019 506 dixit
1054 465 1066 503 :
1097 469 1125 497 ιι
1159 448 1380 502 Novum
1423 444 1848 497 testamentum
1907 439 1997 490 est
2041 447 2148 504 per

504 525 703 605 meum
735 540 1143 614 sanguinem,»
1167 551 1287 591 non
1311 529 1752 588 irrationalium
1773 525 2144 583 animalium.

503 641 616 693 Per
646 613 1118 700 meum.inquam
1151 623 1524 698 sanguinem,
1568 637 1690 676 non
1755 635 1862 690 per
1911 613 2150 670 irratio-

501 724 726 780 nalium
769 718 1142 792 sanguinem,
1173 721 1239 770 ut
1266 712 1449 768 veteri
1483 713 1860 766 testamento.

575 867 668 932 XI,
691 865 880 918 26-28.
905 885 932 912 «
958 860 1440 927 Quotiescunque
1468 853 1629 909 enim
1653 846 2146 916 comederitispa-

505 978 532 1006 ιι
567 971 702 1010 nem
725 955 905 1014 hunc.
935 954 992 1005 et
1013 966 1083 1004 ex
1105 946 1316 1021 poculo
1339 946 1450 1000 hoc
1467 941 2018 1006 biberitis,mortem
2037 935 2148 988 Do-

506 1066 536 1095 «
569 1045 718 1098 mini
737 1039 1108 1097 annuntiatis
1127 1036 1369 1093 interim
1389 1035 1529 1090 dum
1547 1031 1970 1098 veniat.ltaque
1994 1025 2152 1097 quis-

505 1157 534 1184 «
571 1133 702 1205 quis
721 1133 909 1187 ederit
925 1145 1144 1203 panem
1169 1128 1460 1191 hunc,aut
1479 1121 1698 1178 biberit
1716 1120 1788 1174 de
1810 1116 2013 1189 poculo
2037 1117 2148 1170 Do-

511 1242 534 1271 ι
567 1223 714 1278 mini
744 1221 984 1293 indigne
1019 1217 1299 1282 Domino,
1331 1230 1468 1269 reus
1499 1211 1612 1266 erit
1642 1207 1908 1278 corporis
1938 1211 1996 1260 et
2017 1219 2151 1258 san-

510 1333 532 1359 ι
567 1311 763 1386 guinis
797 1308 1049 1364 Domini.
1082 1306 1301 1362 Probet
1331 1308 1528 1358 autem
1562 1300 1822 1369 seipsum
1855 1295 2054 1358 homo,
2090 1297 2150 1346 et

505 1426 530 1452 ιι
570 1402 654 1456 sic
686 1401 756 1456 de
790 1415 942 1470 pane
973 1397 1108 1452 edat
1137 1399 1195 1450 et
1223 1393 1295 1448 de
1327 1390 1539 1463 poculo
1571 1387 1754 1442 bibat.
1790 1408 1817 1434 ››

575 1698 684 1764 Qui
714 1699 968 1751 mortem
999 1692 1249 1748 Domino
1283 1688 1622 1750 annuntiat,
1675 1700 1850 1739 omne
1901 1682 2147 1740 donum.

1615 299 2044 364 GECUMENII
2089 292 2400 355 TRICCAS
2443 285 2791 350 EPISCOPI

2179 435 2230 502 Α
2261 423 2388 502 οὐχὶ
2421 427 2528 477 τῶν
2561 420 2804 498 ἀλόγων.
2839 420 2926 476 Ἑν
2947 421 3024 488 τῷ
3047 414 3165 488 ἐμῷ
3193 412 3412 488 α’ίματι,
3449 411 3552 466 οὐκ
3583 409 3636 465 ἐν
3695 414 3768 480 τῷ
3795 415 3888 464 τῶν

3797 281 3899 341 808

2261 510 2478 589 ἀλόγων
2508 511 2582 570 ὡς
2623 509 2708 564 ἐπὶ
2740 514 2840 578 τῆς
2869 503 3129 566 παλαιᾶς.

2328 848 2546 907 Ὁσάκις
2631 845 2735 920 γὰρ
2823 847 2882 898 ἂν
2969 842 3183 914 ἐσθίητε
3266 841 3356 895 τὸν
3447 839 3615 912 ἄρτον
3697 842 3895 904 τοῦτον,

2257 937 2346 992 καὶ
2401 937 2464 992 τὸ
2519 937 2783 1010 ποτήριον
2841 939 3001 990 τοῦτο
3067 932 3281 1002 πίνητε,
3357 928 3456 983 τὸν
3545 925 3771 982 θάνατον
3814 931 3900 982 τοῦ

2259 1025 2462 1100 Κυρίου
2537 1021 2936 1100 καταγγέλλετε
2995 1018 3159 1096 ἄχρις
3243 1017 3306 1073 οῦ
3363 1013 3430 1071 ἃν
3523 1013 3683 1091 ἔλθῃ.
3757 1019 3902 1070 Ὥστε

2260 1115 2316 1177 ὅς
2363 1116 2423 1169 ’ὰν
2483 1113 2631 1188 ἐσθίῃ
2685 1113 2776 1168 τὸν
2829 1107 2990 1185 ἄρτον
3046 1115 3262 1178 τοῦτον,
3320 1107 3354 1176 ἤ
3411 1105 3546 1180 πίνῃ
3629 1105 3694 1159 τὸ
3747 1107 3902 1175 ποτή-

2261 1226 2374 1279 ριον
2452 1208 2548 1259 τοῦ
2631 1203 2831 1278 Κυρίου
2918 1200 3144 1271 ἀναξίως
3246 1202 3341 1253 τοῦ
3441 1194 3670 1270 Κυρίου,
3727 1188 3900 1272 ἔνοχος

2259 1288 2408 1349 ἔσται
2464 1298 2560 1348 τοῦ
2619 1293 2872 1366 σώματος
2938 1291 3030 1346 καὶ
3085 1293 3182 1345 τοῦ
3239 1285 3480 1361 α’ίματος
3543 1287 3644 1340 τοῦ
3699 1281 3905 1357 Κυρίου.

2261 1383 2611 1458 Δοκιμαζέτω
2714 1379 2772 1436 δὲ
2873 1377 3158 1456 ἅνθρωπος
3262 1375 3494 1445 ἑαυτὸν,
3583 1373 3676 1427 καὶ
3750 1371 3903 1432 οὕτως

2261 1473 2321 1529 ἐκ
2376 1477 2473 1528 τοῦ
2531 1473 2697 1548 ἄρτου
2757 1470 3002 1540 ἐσθιέτω,
3058 1468 3150 1524 καὶ
3204 1466 3266 1522 ἐκ
3337 1471 3440 1522 τοῦ
3501 1464 3774 1538 ποτηρίου
3827 1483 3904 1516 πι-

2258 1563 2413 1618 νέτω.

2331 1684 2391 1740 Ὁ
2423 1679 2479 1737 δὲ
2523 1683 2614 1738 τὸν
2661 1682 2884 1736 θάνατον
2941 1676 3334 1755 καταγγέλλων
3370 1679 3474 1730 τοῦ
3539 1671 3758 1748 Κυρίου,
3811 1677 3904 1725 πᾶ-

507 1800 747 1841 omnem
777 1781 1206 1854 benignitatem
1238 1794 1305 1834 ac
1337 1774 1794 1836 humanitatem,
1827 1774 1886 1824 et
1911 1782 2148 1823 omnem

2262 1793 2355 1827 σαν
2394 1774 2493 1840 τήν
2523 1767 2753 1843 δωρεὰν,
2807 1767 2898 1824 καὶ
2956 1772 3130 1824 πᾶσαν
3195 1766 3295 1834 τὴν
3334 1760 3773 1842 φιλανθρωπίαν,
3821 1759 3902 1813 καὶ

2310 1867 2331 1868 ρ
2513 1861 2524 1868 ι
2795 1857 2806 1868 ο
2912 1859 2926 1868 Α
2995 1861 3022 1868 ,ι
3441 1850 3484 1868 οἱ
3506 1849 3527 1868 \
3715 1853 3740 1868 01
3757 1857 3771 1868 Α
3794 1867 3821 1868 κν

509 1875 764 1930 salutem
792 1877 1058 1926 nostram
1090 1885 1211 1924 una
1249 1863 1584 1922 annuntiat.
1622 1885 1650 1912 «
1705 1859 1952 1914 Interim
2012 1856 2152 1910 dum

507 1965 702 2019 veniat
727 1979 740 2018 :
777 1985 805 2013 ››
835 1977 1048 2031 nempe
1077 1959 1138 2013 in
1163 1955 1421 2012 secundo
1454 1955 1806 2010 adventu.-—-
1827 1947 1990 2014 Quod
2013 1944 2154 2000 dici-

509 2059 607 2108 tur
639 2069 651 2106 :
689 2075 710 2102 ι
745 2051 986 2106 Interim
1021 2048 1160 2102 dum
1192 2045 1408 2110 veniat,
1443 2066 1471 2093 »
1503 2059 1610 2114 per
1658 2038 2026 2112 hyperbaton
2058 2051 2150 2088 ac-

511 2139 852 2213 cipiendum
880 2143 989 2206 est,
1023 2142 1086 2191 ut
1117 2136 1194 2190 sit
1223 2135 1332 2189 iste
1367 2149 1576 2188 sensus
1603 2147 1614 2184 :
1677 2127 2153 2195 Quotiescunque

512 2231 674 2285 enim
707 2226 1084 2284 comederitis
1116 2241 1333 2297 panem
1393 2223 1550 2276 hunc
1583 2225 1640 2274 et
1670 2236 1740 2274 ex
1799 2214 2010 2288 poculo
2043 2213 2154 2266 hoc

508 2317 778 2375 biberitis
805 2316 1044 2371 interim
1077 2315 1220 2370 dum
1251 2314 1376 2385 ipse
1407 2310 1605 2366 veniat
1633 2309 1696 2363 in
1729 2304 1990 2362 secundo
2049 2317 2153 2357 suo

510 2407 767 2465 adventu
798 2420 1106 2476 quousque
1129 2408 1380 2458 mortem
1411 2399 1600 2472 ipsius
1620 2393 2158 2454 annuntiatis.Post

507 2496 566 2552 id
598 2496 760 2550 enim
789 2499 1025 2565 tempus
1058 2508 1252 2562 neque
1285 2505 1454 2545 sacra
1481 2488 1608 2541 hmo
1639 2483 1923 2556 mysteria
1972 2477 2154 2551 parti-

513 2587 863 2660 cipabimus,
898 2585 969 2640 ad
994 2583 1406 2657 perfectiorem
1434 2597 1502 2635 ac
1533 2575 1992 2633 reconditiorem
2013 2569 2160 2642 poli-

511 2677 656 2730 tiam
687 2692 756 2730 ac
783 2675 1132 2729 fruitiouem
1185 2667 1527 2726 introducti.
1571 2689 1599 2716 ιι
1631 2667 1834 2735 Itaque
1885 2657 2156 2732 quisquis

515 2763 704 2820 ederit
733 2764 993 2836 indigne.
1031 2785 1058 2812 ››
1095 2763 1256 2834 Ipsos
1287 2763 1466 2825 taxat,
1511 2755 1831 2812 ostendens
1880 2749 2155 2821 indignos

513 2871 665 2922 esse,
697 2858 762 2908 ut
793 2853 894 2924 qui
925 2868 1216 2924 pauperes
1247 2849 1642 2921 despicerent.
1677 2841 1968 2910 Quoniam
1997 2836 2155 2893 indi-

509 2959 641 3016 gne,
672 2940 884 3012 inquit,
915 2939 989 2994 ad
1020 2937 1309 2994 Dominici
1341 2934 1606 3007 corporis
1637 2927 2154 3004 participationem

507 3030 812 3094 acceditis,
843 3033 1161 3101 propterea
1191 3026 1396 3083 multis
1426 3023 1749 3081 obveniunt
1778 3015 2151 3082 morbi,afﬂi-

505 3122 754 3188 ctiones,
780 3119 1002 3183 ciades,
1034 3136 1102 3174 ac
1133 3118 1429 3173 interitus.
1463 3113 1628 3170 Unde
1656 3116 1854 3167 autem
1885 3105 2154 3180 provenit

2263 1867 2433 1916 πᾶσαν
2467 1861 2566 1928 τήν
2596 1857 2874 1933 σωτηρίαν
2903 1859 3067 1930 ἡμῶν
3111 1849 3613 1932 συγκαταγγέλλει.
3659 1874 3686 1902 ιι
3715 1853 3902 1922 ’Ἀχρις

2265 1951 2326 2005 οὗ
2361 1945 2423 2004 ἃν
2455 1945 2604 2015 ἔλθη.
2640 1971 2666 2000 ιι
2700 1947 2992 2004 Τουτέστιν
3026 1944 3078 2000 ἐν
3133 1947 3204 2020 τῇ
3263 1941 3494 2015 δευτέρᾳ
3531 1939 3816 2015 παρουσίᾳ.
3843 1971 3902 1980 -—

2263 2039 2478 2113 [ΦΩΤᾹ
2509 2038 2607 2108 Τὸ,
2641 2061 2667 2089 ιι
2728 2039 2931 2112 ’Ἀχρις
2983 2035 3044 2090 οῦ
3103 2035 3167 2088 ἂν
3235 2029 3392 2106 ἔλθῃ,
3429 2055 3457 2082 n
3519 2028 3574 2084 ἐν
3637 2022 3903 2113 ὑπερβατῷ

2263 2127 2522 2199 ληπτέον.
2583 2127 2734 2195 Οἷον,
2785 2126 2973 2186 ὁσάκις
3029 2122 3132 2199 γὰρ
3191 2117 3250 2174 ἃν
3315 2120 3541 2190 ἐσθίητε
3605 2117 3698 2172 τὸν
3761 2111 3903 2192 ἄρτον

2262 2220 2476 2284 τοῦτον,
2505 2215 2596 2270 καὶ
2625 2216 2687 2270 τὸ
2719 2215 2984 2290 ποτήριον
3015 2216 3176 2267 τοῦτο
3225 2210 3443 2280 πίνητε,
3503 2203 3672 2282 ἄχρις
3728 2206 3787 2260 οῦ
3815 2205 3900 2258 αὖ·

2263 2307 2354 2366 τὸς
2386 2303 2517 2379 ἔλθῃ
2548 2303 2598 2360 ἐν
2666 2307 2734 2377 τῇ
2796 2300 3016 2377 δευτέρᾳ
3061 2302 3230 2356 αὐτοῦ
3285 2296 3586 2375 παρουσίᾳ,
3641 2291 3742 2354 ἕως
3792 2291 3899 2348 τότε

2261 2395 2354 2450 τὸν
2413 2393 2636 2459 θάνατον
2697 2391 2862 2449 αὐτοῦ
2921 2388 3340 2468 καταγγέλλετε.
3433 2387 3570 2445 ’Λπὸ
3615 2386 3738 2440 τότε
3789 2382 3896 2456 γὰρ,

2265 2481 2389 2539 οὔτε
2415 2487 2525 2538 τῶν
2581 2482 2746 2558 ἁγίων
2827 2479 3037 2536 τούτων
3099 2479 3418 2553 μυστηρίων
3466 2473 3896 2550 μεταληψόμεθα,

2265 2573 2340 2635 εἰς
2435 2572 2776 2646 τελειοτέραν
2830 2569 2921 2625 καὶ
2983 2565 3387 2644 μυστικωτέραν
3479 2561 3762 2620 πολιτείαν
3819 2559 3894 2614 καὶ

2265 2661 2564 2718 ἀπόλαυσιν
2622 2660 2969 2738 ἀναγόμενοι.
3030 2683 3060 2713 ιι
3117 2667 3272 2712 Ὣστε
3328 2655 3388 2718 ὅς
3445 2657 3510 2711 ἃν
3581 2652 3730 2727 ἐσθίῃ
3782 2648 3894 2704 ἂνα-

2265 2752 2412 2823 ξίως.
2461 2776 2488 2804 ››
2542 2735 2758 2812 Αὐτοὺς
2809 2748 3120 2818 αἰνίττεται,
3178 2744 3388 2806 δεικνὺς
3445 2743 3696 2816 ἀναξίους
3738 2735 3893 2808 ὄντας,

2262 2845 2636 2916 περιορῶντας
2691 2837 2818 2900 τοὺς
2877 2835 3128 2906 πένητας.
3160 2831 3386 2903 Ἐπειδή
3449 2832 3703 2902 ἀναξίως,
3755 2826 3890 2907 φησί,

2259 2933 2329 3004 τῇ
2393 2927 2698 3001 μεταλήψει
2753 2930 2850 2982 τοῦ
2910 2924 3240 2980 Δεσποτικοῦ
3296 2921 3672 2998 προσέρχεσθε
3726 2917 3892 2990 σώμα-

2261 3039 2374 3086 τος,
2407 3015 2496 3072 διὰ
2524 3021 2684 3071 τοῦτο
2714 3014 2952 3074 πολλοῖς
2983 3009 3342 3086 συρεαίνουσι
3373 3011 3530 3066 νόσοι
3555 3029 3615 3064 τε
3651 3006 3736 3060 καὶ
3765 3004 3888 3071 πάθη

2264 3106 2355 3163 καὶ
2401 3108 2644 3163 θάνατοι.
2705 3105 2872 3159 Πόθεν
2924 3100 2982 3158 δέ
3037 3101 3149 3157 ἐστι
3202 3103 3265 3156 τὸ
3324 3099 3560 3170 ἀναξίως
3615 3092 3892 3170 προσέρχε-

506 3215 572 3265 ut
597 3171 839 3280 indigne
859 3171 1154 3264 accedatis
1175 3204 1192 3251 ἓ
1215 3171 1293 3260 ἐκ
1314 3171 1446 3261 aliis
1471 3171 2153 3274 peccatis,quaa-patratis

2267 3197 2390 3250 σθαι
2423 3217 2437 3262 ;
2469 3195 2571 3249 Ἕκ
2597 3215 2656 3248 τε
2679 3197 2786 3247 τῶν
2820 3188 3008 3247 ἄλλων
3042 3189 3464 3264 ἁμαρτημάτων
3508 3189 3584 3240 ὧν
3633 3183 3888 3259 πράττετε,

507 3299 660 3356 582
693 3303 750 3354 et
801 3299 940 3370 quia
969 3297 1044 3352 ad
1099 3295 1474 3352 Dominicam
1531 3308 1758 3347 cmnam
1803 3285 2153 3344 accedentes

506 3387 888 3443 Contemnitis
941 3402 1254 3458 pauperes,
1309 3387 1550 3455 propter
1608 3397 1754 3450 quos
1813 3377 2151 3432 ordinatum

504 3483 632 3534 erat
660 3483 726 3532 ut
756 3472 1408 3531 conveniretis.Etenim
1442 3469 1517 3526 ob
1548 3469 1658 3523 hoc
1689 3469 1908 3538 ipsum,
1933 3469 1992 3520 et
2022 3480 2152 3518 eam

507 3584 638 3638 qum
699 3565 1010 3620 Dominica
1067 3569 1158 3619 est
1214 3562 1502 3616 facientes
1550 3557 1873 3629 propriam,
1933 3553 2154 3624 injuria

500 3656 739 3712 afflictis
763 3673 776 3710 :
806 3661 862 3710 et
885 3654 1200 3711 ecclesiam
1224 3652 1285 3706 in
1309 3665 1486 3722 quam
1506 3645 1832 3703 convenitis
1846 3643 1918 3698 ad
1939 3641 2154 3696 facien-

502 3747 642 3802 dam
697 3761 928 3802 cwnam
991 3741 1365 3798 Dominicam
1441 3733 1869 3801 dehonestatis,
1939 3729 2152 3803 gastri-

503 3835 744 3908 margize
777 3849 1048 3888 mensam
1082 3831 1143 3884 in
1188 3847 1257 3884 ea
1305 3827 1468 3882 vobis
1501 3826 1888 3898 apponentes,
1923 3827 1979 3875 et
2035 3836 2154 3873 non

504 3922 874 3978 Dominicam
905 3935 1135 3975 cmnam
1161 3935 1173 3972 :
1209 3922 1268 3973 et
1298 3931 1586 3988 pauperes
1617 3910 1989 3986 pudefacitis.
2015 3910 2152 3962 Pro-

504 4015 636 4082 pter
663 4010 791 4062 haec
819 4025 920 4061 vos
979 4009 1139 4078 ipsos
1184 4022 1432 4078 corpore
1492 4009 1549 4058 et
1580 4000 1866 4074 sanguine
1919 3995 2153 4053 Domini

501 4095 778 4169 indignos
815 4095 1122 4151 redditis.«
1159 4099 1313 4152 Reus
1347 4095 1477 4150 erit.
1515 4117 1541 4143 »
1570 4092 1736 4157 Quod
1767 4091 1852 4146 ait
1883 4107 1896 4145 :
1933 4112 1960 4139 ιι
1999 4089 2154 4143 Reus

504 4185 618 4240 erit
647 4185 913 4258 corporis
945 4191 1005 4242 et
1063 4185 1369 4259 sanguinis
1415 4183 1672 4246 Domini,
1707 4203 1733 4230 n
1765 4181 1878 4236 hoc
1931 4178 2158 4234 indicat

503 4275 663 4348 quod
685 4275 1189 4348 quemadmodum
1205 4277 1231 4331 J
1239 4274 1384 4330 udas
1399 4290 1532 4330 eum
1557 4269 2006 4337 tradiditJudmi
2019 4284 2154 4323 vero

507 4365 569 4420 in
599 4365 797 4437 ipsum
830 4365 1178 4422 debacchati
1233 4369 1373 4420 sunt
1406 4381 1419 4420 :
1453 4364 1535 4419 ita
1573 4363 1768 4434 ipsum
1828 4357 2156 4433 ignominia

508 4454 781 4510 afﬁciunt
807 4455 907 4525 qui
941 4455 1386 4510 sanctissimum
1419 4453 1606 4523 ipsius
1637 4467 1850 4520 corpus
1877 4447 2156 4503 manibus

2256 3285 2345 3341 καὶ
2405 3283 2464 3339 ἐκ
2519 3287 2616 3338 τοῦ
2671 3282 3107 3360 συνερχομένους
3171 3280 3310 3352 ὑμᾶς
3369 3277 3450 3339 είς
3529 3275 3592 3330 τὸ
3651 3279 3896 3346 Κυριακον

2257 3371 2491 3441 δεῖπνον,
2541 3372 2810 3446 ὑπερορᾷν
2863 3368 2992 3433 τοὺς
3047 3368 3334 3446 πτωχοὺς,
3390 3364 3467 3420 δι’
3525 3363 3617 3426 οῦς
3671 3355 3882 3437 ἐγεγόνει

2253 3463 2316 3516 τὸ
2345 3460 2717 3539 συνέρχεσθαι.
2754 3459 2852 3514 Διὰ
2879 3457 2983 3533 γὰρ
3023 3445 3211 3513 τοῦτοί
3243 3454 3372 3510 αὐτό
3427 3476 3494 3510 τε
3547 3453 3608 3508 τὸ
3639 3445 3881 3523 Κυριακὸν

2257 3547 2531 3605 ἰδιωτικὸν
2583 3552 2866 3610 ποιοῦντες
2935 3541 3257 3620 ἐξυϐρίζετε,
3311 3543 3401 3598 καὶ
3459 3543 3564 3611 τήν
3619 3533 3886 3607 ἐκκλησίαν

2258 3637 2311 3694 ἐν
2341 3639 2376 3714 ᾖ
2405 3647 2632 3708 ποιῆσαι
2663 3639 2726 3692 τὸ
2785 3636 3055 3711 Κυριακὸν
3114 3631 3330 3689 δεῖπνον
3390 3632 3739 3710 συνέρχεσθε,
3786 3623 3886 3678 ἀτι-

2261 3730 2484 3802 μάζετε,
2542 3725 2974 3802 γαστριμαργίας
3034 3726 3246 3786 έαυτοῖς
3305 3723 3582 3796 τράπεζαν
3640 3718 3690 3772 ἐν
3745 3713 3880 3783 αὐτῇ,

2255 3817 2382 3872 ἀλλ’
2412 3815 2473 3870 o6
2519 3817 2787 3891 Κυριακὸν
2842 3811 3054 3870 δεῖπνον
3113 3813 3558 3888 παρατιθέμενοι.
3621 3806 3712 3865 Καὶ
3773 3800 3882 3858 τοὺς

2256 3905 2491 3976 πένητας
2524 3903 2579 3959 δὲ
2645 3904 3054 3978 καταισχύνετε.
3114 3903 3212 3957 Διὰ
3267 3905 3398 3978 γοῦν
3471 3903 3637 3956 ταῦτα
3665 3888 3886 3960 ἀναξίους

2257 3996 2352 4050 τοῦ
2386 3995 2639 4065 σώματος
2667 3993 2756 4047 καὶ
2813 3996 2910 4048 τοῦ
2970 3990 3204 4065 α’ίματος
3251 3995 3347 4045 τοῦ
3397 3989 3627 4066 Κυρίου,
3683 3976 3884 4038 ἑαυτοὺς

2258 4082 2705 4160 παρασκευάζετε.
2765 4107 2784 4133 ι
2851 4082 3092 4156 Ἔνοχος
3158 4075 3330 4135 ἔσται.
3378 4101 3405 4133 ι
3467 4079 3566 4148 Τὸ,
3595 4100 3622 4129 ιι
3679 4073 3883 4140 Ἔνοχος

2257 4177 2353 4228 τοῦ
2385 4173 2638 4246 σώματος
2697 4172 2911 4225 καὶτοῦ
2967 4170 3225 4243 αἳματος,
3262 4195 3284 4220 1
3345 4173 3513 4224 τοῦτο
3575 4161 3754 4234 δηλοῖ,
3804 4153 3874 4209 δτι

2259 4263 2495 4335 καθάπερ
2545 4257 2827 4333 παρέδωκε
2919 4259 3014 4332 μὲν
3101 4257 3262 4312 αὐτὸν
3315 4258 3342 4311 ὁ
3419 4251 3658 4322 Ἰούδας,
3713 4242 3878 4316 πα,ῢῷ-

2257 4372 2421 4422 νησαν
2484 4347 2540 4405 δὲ
2597 4349 2674 4414 εἷς
2734 4348 2894 4403 αὐτὸν
2955 4345 3233 4416 Ἰουδαῖοι,
3317 4343 3494 4407 οὕτως
3554 4337 3878 4413 ἀτιμάζουσιν

2261 4441 2416 4496 αὐτὸν
2448 4441 2500 4494 οἱ
2537 4439 2598 4494 τὸ
2624 4437 2888 4512 πανάγιον
2921 4435 3083 4492 αὐτοῦ
3122 4441 3282 4509 σῶμα
3338 4435 3527 4511 χερσὶν
3587 4426 3878 4500 ἀκαθάρτοις

510 4505 778 4510 -η-ν-νν
812 4505 907 4525 vr—
942 4505 1385 4510 -w-—--v-—-———-~
1648 4505 1689 4506 κγ
1742 4505 1758 4520 .

509 4543 760 4615 impuris
793 4543 1147 4615 suscipiunt,
1179 4543 1358 4598 veluti
1393 4547 1533 4596 tunc
1562 4540 1746 4595 Judaei
1779 4554 1914 4592 eum
1945 4542 2153 4590 tenue-

2262 4529 2556 4604 δεχιῖμενοι
2588 4529 2662 4590 ὡς
2703 4524 2968 4585 Ἰουδαῖοι
3024 4529 3346 4601 κρατοῦντες
3397 4523 3557 4579 αὐτὸν
3615 4517 3752 4586 τότε,
3801 4505 3876 4563 καί

3303 4611 3316 4615 -
3451 4614 3456 4615 ,
3559 4611 3572 4615 _
3646 4613 3666 4615 _.
3820 4596 3838 4615 Ἰ

505 4639 648 4687 runt
683 4649 696 4686 :
733 4637 792 4686 et
821 4633 1183 4688 exsecranda
1216 4632 1532 4686 admovent
1559 4630 1787 4684 ori.Per
1817 4627 1928 4681 hoc
1953 4629 2151 4679 autem

509 4720 669 4790 quod
699 4721 1044 4792 frequenter
1099 4723 1227 4777 ait:
1269 4719 1544 4791 Corporis
1576 4723 1634 4772 et
1693 4714 2000 4787 sanguinis
2047 4713 2154 4766 Do-

507 4809 680 4874 mini,
715 4832 742 4858 ››
777 4811 1120 4865 manifestat
1152 4809 1309 4881 quod
1341 4825 1462 4864 non
1497 4808 1572 4861 sit
1601 4806 1797 4862 nudus
1827 4804 2003 4859 homo
2054 4801 2154 4874 qui

509 4896 876 4965 immolatur,
909 4900 1012 4954 sed
1045 4901 1170 4971 ipse
1201 4899 1489 4954 Dominus
1521 4901 1580 4953 et
1607 4897 1816 4952 Factor
1847 4895 2113 4949 omnium
2139 4909 2151 4946 :

509 4992 576 5042 ut
596 4986 874 5043 videlicet
903 5005 1008 5060 per
1027 4991 1154 5044 haec
1179 4991 1340 5061 ipsos
1365 4993 1674 5044 exterreat.
1713 5007 1738 5040 α
1763 4987 1829 5040 Et
1849 4985 2155 5057 sanguinis

509 5074 772 5131 Domini.
817 5097 839 5120 »
874 5077 954 5130 Ac
986 5077 1110 5148 ipse
1141 5077 1293 5132 illud
1325 5077 1648 5133 effudisset.
1683 5074 1987 5147 Siquidem
2043 5074 2154 5146 ipsi

513 5182 652 5220 eum
683 5163 1052 5220 occiderunt.
1084 5166 1188 5221 Hic
1213 5183 1348 5222 vero
1380 5182 1486 5238 per
1515 5165 1932 5238 indignitatem
1991 5179 2155 5220 nunc

513 5271 650 5310 eum
709 5253 944 5308 videtur
997 5254 1362 5311 interimere.
1398 5277 1426 5306 ιι
1489 5257 1706 5310 Probet
1733 5259 1953 5311 autem.
1991 5273 2018 5302 ››
2075 5253 2155 5308 De

511 5341 820 5399 Dominica
851 5343 1090 5413 quidem
1123 5359 1289 5400 caena
1320 5350 1446 5400 erat
1475 5344 1583 5416 ipsi
1618 5360 1810 5399 sermo
1838 5359 1850 5397 :
1885 5342 1990 5398 sed
2011 5357 2156 5414 quo-

507 5431 672 5488 niam
705 5432 767 5487 in
799 5432 1062 5504 aliquem
1095 5434 1513 5506 mysteriorum
1555 5449 1892 5490 sermonem
1923 5431 2156 5498 incidit,

513 5521 770 5594 quadam
800 5522 1115 5579 verborum
1174 5523 1621 5595 consequentia,
1668 5540 1800 5594 quae
1853 5519 2160 5594 proposita

519 5617 658 5670 sunt
686 5617 846 5668 recto
879 5611 1089 5669 ordine
1108 5613 1373 5686 disponit
1401 5613 1543 5669 Nam
1577 5613 1625 5666 is
1657 5627 1786 5666 mos
1807 5616 1936 5667 erat
1953 5611 2156 5674 Paulo,

2261 4621 2434 4695 ἐναγεῖ
2463 4615 2857 4696 προσφέροντες
2887 4616 3138 4688 στόματι.
3172 4615 3268 4670 Διὰ
3299 4611 3357 4668 δὲ
3408 4614 3472 4668 τὸ
3529 4611 3694 4668 εἰπεῖν
3753 4596 3874 4654 πολ-

2263 4707 2439 4770 λάκις
2480 4729 2505 4760 ι
2535 4707 2648 4762 Τοῦ
2677 4705 2931 4778 σώματος
2961 4704 3050 4760 καὶ
3083 4707 3179 4759 τοῦ
3207 4702 3437 4776 α’ίματος
3485 4699 3584 4757 τοῦ
3615 4692 3820 4769 Κυρίου.
3851 4705 3875 4732 ³³

2263 4795 2429 4866 δηλοῖ
2487 4794 2568 4850 ὅτι
2629 4793 2727 4848 οὐκ
2761 4769 3064 4870 ’ἅνθρωπος
3122 4769 3285 4867 ψιλὸέ
3347 4793 3374 4846 ὁ
3432 4789 3718 4863 θυόμενος’
3771 4769 3878 4870 ap:

2265 4885 2482 4948 αὐτὸςό
2541 4883 2736 4958 Κύριος
2791 4883 2818 4937 ὀ
2876 4883 3121 4953 Ποιητής
3187 4879 3425 4950 πάντων,
3481 4881 3555 4941 ὡς
3615 4872 3762 4942 δῆθεν
3803 4857 3875 4916 διὰ

2261 4975 2468 5032 τούτων
2526 4967 2772 5050 ἐκφοϐῶν
2827 4971 3042 5032 αὐτούς.
3101 4996 3129 5024 ιι
3189 4972 3292 5028 Καῖ
3365 4973 3464 5025 τοῦ
3523 4964 3742 5037 α’ίματος
3793 4951 3874 5005 τοῦ

2267 5061 2486 5136 Κυρίου.
2555 5035 2612 5111 ι)⁸
2655 5059 2742 5120 Ὠς
2803 5059 2830 5112 ὁ
2887 5056 3047 5118 αὐτὸς
3106 5057 3301 5132 ἐκχέας
3333 5053 3482 5110 αὐτό.
3539 5035 3603 5110 Oi
3661 5047 3748 5119 μὶν
3787 5035 3874 5136 γὰρ

2265 5151 2574 5228 ἐφόνευσαν,
2632 5145 2796 5207 αὐτὸς
2850 5143 2906 5200 δί
2989 5149 3058 5220 τῇ
3112 5144 3421 5214 ἀναξιότητι
3500 5146 3584 5196 νῦν
3663 5125 3871 5212 φονεύειν

3725 5224 3746 5228 _
3829 5211 3842 5228 ι

2267 5211 2435 5297 δοκεῖ.
2473 5260 2500 5290 ι
2533 5211 2881 5308 Ᾰοκιμαζέτω
2935 5211 3092 5290 δέ.»
3151 5211 3280 5310 Περὶ
3342 5211 3438 5287 τοῦ
3497 5224 3749 5304 Κυριακοῦ
3795 5211 3872 5310 ut?

2267 5327 2484 5386 δείπνου
2524 5325 2590 5395 ἦν
2621 5325 2648 5379 ὀ
2681 5323 2842 5400 λόγος
2873 5323 3040 5395 αὐτῷ,
3076 5321 3200 5379 ἀλλ’
3229 5295 3444 5390 ’ἐπειδὴ
3504 5295 3583 5380 εἷς
3629 5312 3714 5369 τὸν
3767 5295 3870 5373 περὶ

2263 5425 2372 5476 τῶν
2447 5413 2759 5492 μυστηρίων
2821 5411 3035 5469 ἐνέπεσε
3121 5409 3288 5486 λόγον
3345 5411 3482 5466 κατᾶ
3561 5423 3676 5461 τινα
3727 5394 3868 5466 λόγου

2269 5479 2740 5574 ἀκολουθίανϊτᾶ
2795 5503 3124 5580 προκείμενα
3183 5479 3518 5576 έιορθοῦται.
3573 5479 3869 5580 ΤοῦτοΑΥ-ἀρ

2269 5602 2388 5665 ἔθος
2417 5603 2497 5672 τῷ
2537 5592 2765 5668 Παύλῳ,
2805 5572 3074 5650 πάντα-τὰ
3131 5572 3580 5668 παρεμπίπτοντα
3631 5572 3872 5652 διορθοῦν·
