4156 6200
273 303 400 362 809
411 305 413 308 ⁴

1259 303 1656 365 COMMENT.
1706 304 1791 363 IN
1840 304 2084 364 EPIST.
2135 309 2158 365 Ι
2203 305 2315 368 ΑΙ)
2355 309 2732 372 CORINTH.

3572 317 3693 376 810

277 458 305 485 ιι
341 435 660 507 Ἀνθρωπος
692 433 901 492 ἑαυτόν,
935 458 961 484 ››
992 434 1116 509 Οὐχ
1147 429 1329 510 ἔτερος
1357 436 1450 490 τὸν
1503 432 1685 509 ἕτερον
1746 438 1917 509 (τοῦτι

2047 455 2419 511 quaecunque
2452 443 2692 498 interim
2722 445 3057 501 inciderent
3114 449 3216 501 aut
3260 446 3692 503 intersereren-

279 523 406 599 γὰρ,
442 521 622 596 κρῖναί
654 521 840 596 ἐστιν),
873 520 1002 578 ἀλλ’
1035 523 1199 586 αὐτὸς
1231 524 1442 582 ἔαυτόν,

349 705 410 762 Ὀ
467 705 572 778 γὰρ
632 703 822 759 ἐσθίων
879 705 967 759 καὶ
1023 704 1192 759 πίνων
1253 703 1504 773 ἀναξίως,
1580 709 1751 778 κρῖμα
1809 705 1930 759 ἐαυ-

277 816 359 867 τῳ
398 794 561 849 ἐσθίει
615 796 706 850 καὶ
765 796 930 864 πίνει,
993 798 1102 868 μὴν
1161 793 1449 867 διακρίνων
1496 794 1561 850 τὸ
1621 800 1778 868 σῶμα
1835 799 1932 850 τοῦ

277 883 504 954 Κυρίου.
562 883 659 938 Διά
715 887 875 938 τοῦτο
935 882 987 938 ἐν
1045 885 1171 957 ὑμῖν
1225 881 1437 940 πολλοὶ
1521 883 1758 947 ἀσθενεῖς
1842 881 1931 936 καὶ

276 970 550 1048 ἄρρωστοι
608 973 698 1028 καὶ
756 977 1062 1046 κοιμῶνται
1121 974 1316 1030 ἱκανοί.
1383 972 1448 1030 El
1524 972 1624 1047 γάρ
1710 973 1933 1035 ἑαυτοὺς

279 1059 643 1136 διεκρίνομεν,
703 1061 802 1118 οὐκ
877 1064 937 1117 ἀν
1021 1062 1367 1138 ἐκρινόμεθα.
1455 1065 1770 1136 Κρινόμενοι
1850 1058 1927 1130 δὲ,

277 1151 382 1206 ὑπὸ
438 1152 643 1225 Κυρίου
695 1149 1088 1225 παιδευόμεθα,
1143 1151 1230 1206 ἳνα
1291 1154 1365 1224 μή
1436 1150 1527 1204 σῦν
1605 1156 1684 1223 τῷ
1739 1149 1931 1223 κόσμῳ

277 1241 720 1315 κατακριθῶμεν.
800 1244 982 1308 ”Ωστε,
1069 1237 1298 1319 ἀδελφοί
1383 1260 1510 1313 μου,
1591 1239 1930 1314 συνερχόμε-

273 1349 360 1382 νοι
423 1328 498 1389 είς
581 1330 641 1383 τὸ
730 1334 936 1406 φαγεῖν,
1018 1327 1306 1398 ἀλλήλους
1390 1325 1696 1403 ἐκδεχεσθε.
1752 1327 1814 1382 Εἰ
1873 1323 1930 1381 δέ

271 1438 355 1479 τις
412 1422 590 1488 πεινᾷ,
648 1418 699 1471 ἐν
758 1414 896 1489 ο’ίκῳ
980 1415 1224 1486 ἐσθιέτω,
1301 1414 1397 1470 τίνα
1483 1418 1558 1489 μὴ
1616 1415 1690 1477 είς
1756 1421 1931 1489 κρῖμα

277 1507 635 1581 συνέρχησθε.
722 1506 802 1563 Τά
878 1503 935 1560 δὲ
1018 1503 1189 1560 λοιπά
1273 1505 1346 1566 ὡς
1421 1502 1479 1558 ἄν
1541 1502 1686 1568 ἔλθω
1742 1502 1930 1559 διατά-

270 1596 435 1668 ξομαι

342 1683 417 1738 Οὐ
449 1683 596 1759 ποιρά
623 1683 723 1752 τήν
785 1688 894 1738 τῶν
959 1681 1276 1758 μυστηρίων
1338 1681 1494 1760 φύσιν
1555 1681 1720 1755 λέγει,
1781 1680 1928 1736 ἀλλά

2040 533 2154 594 tur,
2187 529 2523 600 disponere.
2583 556 2609 580 «
2677 534 2945 604 Seipsum
3005 535 3204 590 homo.
3265 558 3292 583 ››
3351 536 3478 591 Non
3536 537 3688 593 alius

2036 615 2244 683 alium,
2277 635 2415 673 nam
2447 620 2559 676 hoc
2591 627 2680 676 est
2701 621 2998 692 judicare,
3032 623 3135 678 sed
3168 624 3293 694 ipse
3327 625 3612 696 seipsum.

2106 704 2198 768 XI,
2231 709 2420 761 29-34.
2452 711 2591 764 Nam
2621 713 2718 780 qui
2747 710 2859 765 edit
2881 718 2978 766 aut
3026 713 3162 766 bibit
3220 711 3472 782 indigne,
3521 715 3687 784 judi-

2034 794 2178 848 cium
2207 797 2311 849 sibi
2341 796 2454 850 edit
2485 814 2548 852 ac
2572 798 2843 864 bibit,non
2871 799 3190 869 dijudicans
3223 817 3419 872 corpus
3442 803 3684 856 Domini.

2035 883 2267 953 Propter
2290 886 2387 940 hoc
2417 888 2577 941 multi
2607 890 2750 942 inter
2780 904 2871 943 vos
2902 891 3112 956 inﬁrmi
3139 897 3264 944 sunt
3285 907 3348 944 ac
3368 889 3682 959 imbecilles,

2037 979 2089 1028 et
2146 975 2424 1030 dormiunt
2478 978 2658 1031 multi.
2720 979 2935 1033 Etenim
2992 981 3040 1034 si
3095 996 3193 1035 nos
3246 982 3388 1050 ipsos
3469 980 3682 1050 dijudi-

2037 1079 2304 1131 caremus,
2336 1081 2685 1136 nequaquam
2720 1068 3127 1137 judicaremur.
3189 1070 3321 1122 Cum
3378 1077 3562 1123 autem
3583 1071 3682 1138 ju-

2033 1152 2303 1222 dicamur,
2336 1171 2371 1208 a
2400 1157 2632 1209 Domino
2655 1159 3008 1226 corripimur,
3037 1174 3105 1212 ne
3134 1175 3256 1212 cum
3308 1159 3512 1212 mundo
3555 1175 3682 1212 con-

2034 1241 2372 1299 demnemur.
2409 1245 2619 1314 Itaque,
2677 1248 2878 1314 fratres
2935 1249 3064 1315 mei,
3118 1263 3240 1301 cum
3296 1247 3369 1300 ad
3415 1247 3684 1303 edendum

2035 1331 2358 1398 convenitis,
2397 1333 2626 1388 invicem
2656 1350 2747 1389 vos
2777 1343 3105 1406 exspectate.
3141 1337 3297 1402 Quod
3324 1339 3372 1390 si
3399 1338 3524 1406 quis
3563 1354 3685 1391 esu-

2032 1421 2129 1484 rit,
2164 1420 2312 1474 domi
2341 1423 2486 1490 edat,
2520 1438 2587 1476 ne
2627 1423 2700 1476 ad
2754 1424 3262 1480 condemnationem
3321 1426 3681 1480 conveniatis.

2034 1507 2249 1562 Caetera
2278 1526 2404 1564 vero
2435 1527 2555 1564 eum
2583 1527 2777 1566 venero
2807 1512 3117 1583 disponam.

2103 1679 2227 1732 Non
2259 1684 2501 1752 prOpter
2517 1682 2935 1752 mysteriorum
2959 1687 3234 1738 naturam
3254 1683 3380 1738 hinc
3405 1681 3680 1750 dicit,sed

271 1773 416 1847 παρά
466 1777 575 1827 τῶν
627 1773 966 1848 προσιόντων
1028 1771 1372 1844 ἀναξιὸτητα.
1432 1795 1460 1822 ‹‹
1492 1771 1582 1838 Mi}
1637 1768 1917 1845 διακρίνων

2031 1774 2272 1840 prOpter
2300 1770 2710 1828 accedentium
2768 1773 3200 1828 infirmitatem.
3261 1773 3414 1830 588
3474 1796 3500 1822 ‹‹
3553 1775 3680 1827 Non

268 1862 332 1917 τὸ
365 1867 525 1934 σῶμα
545 1865 644 1916 τοῦ
675 1862 896 1936 Κυρίου.
933 1885 960 1911 ››
1009 1861 1286 1929 Τουτέστι,
1342 1860 1418 1932 μὴ
1469 1857 1727 1929 ἐξετάζων
1781 1858 1921 1932 μηδέ

269 1949 467 2004 ἐννοῶν
500 1955 608 2006 τῶν
673 1951 1046 2025 προκειμένων
1103 1949 1168 2004 τὸ
1229 1947 1468 2024 μέγεθος.
1529 1948 1593 2002 Εἰ
1651 1947 1754 2024 γὰρ
1817 1947 1922 2020 μά-

271 2050 487 2111 θοιμεν,
517 2038 600 2100 τίς
632 2037 764 2093 ποτέ
803 2037 944 2092 ἐστιν
1005 2039 1032 2092 ὁ
1089 2038 1471 2111 προκείμενος,
1533 2034 1594 2090 οὐ
1654 2033 1922 2107 δεηθησό-

275 2128 414 2198 μεθα
445 2127 650 2202 ἐτέρου,
693 2125 817 2182 ἀλλ’
877 2126 1010 2181 αὐτὸ
1063 2129 1223 2180 τοῦτο
1281 2128 1430 2198 ἡμᾶς
1487 2126 1676 2198 νήφειν
1733 2144 1918 2198 παρα-

271 2215 538 2273 σκευάσει.
578 2216 725 2271 «Διά
768 2219 931 2271 τοῦτο
987 2213 1194 2270 πολλοὶ
1251 2214 1504 2285 ἀσθενεῖς,
1561 2213 1652 2268 καὶ
1709 2212 1914 2269 πολλοὶ

265 2311 598 2378 κοιμῶνται.
662 2329 690 2358 ››
750 2306 848 2360 Διά
902 2309 1087 2374 τοῦτο,
1145 2309 1345 2371 ποῖον;
1406 2303 1502 2358 Διά
1565 2303 1628 2358 τὸ
1688 2303 1918 2374 ἀναξίως

262 2395 566 2468 προσιέναι.
615 2393 676 2447 Τί
735 2394 849 2463 οὗν,
910 2391 1054 2448 εἴποι
1113 2413 1216 2461 τις,
1271 2393 1324 2446 οἱ
1381 2391 1747 2466 γηράσκοντες
1808 2391 1917 2471 οὐχ

264 2485 685 2558 ἁμαρτάνουσιν,
745 2481 859 2538 ἐπεὶ
922 2483 997 2555 μή
1052 2485 1356 2554 κοιμῶνται
1413 2481 1708 2556 πρόωροι;
1789 2482 1911 2550 Ναὶ,

263 2570 614 2651 φησὶν,ἀλλ’
646 2571 754 2650 οὐχ
797 2572 935 2641 αὕτη
993 2571 1133 2644 μόνη
1194 2567 1552 2632 ἀνταπόδοσις
1609 2575 1726 2631 τοῖς
1781 2569 1909 2624 ἀνα-

262 2662 392 2731 ξίως
433 2664 745 2736 προσιοῦσι,
803 2661 865 2715 τὸ
923 2661 1282 2730 ἀποθνήσκειν
1338 2660 1444 2732 πρὸ
1506 2663 1727 2732 καιροῦ,
1786 2655 1912 2712 ἀλλ’

265 2750 370 2805 εἶσὶ
399 2757 488 2805 καί
517 2749 628 2804 ἐκεῖ
657 2747 1048 2824 χαλεπώταται
1091 2747 1375 2823 τιμωρίαι.
1435 2749 1512 2805 Τὸ
1572 2745 1650 2817 δὲ,
1709 2745 1910 2814 ἱκανοὶ,

259 2839 404 2900 τινες
462 2839 579 2894 ἀντὶ
633 2844 753 2907 τοῦ,
833 2836 1062 2907 πολλοὶ,
1118 2837 1367 2908 ἐνόησαν,
1424 2835 1723 2908 τουτέστιν,
1783 2838 1912 2908 Ἀρ-

261 2928 410 2983 κετοὶ
458 2927 538 2990 εἷς
593 2932 756 2982 τοῦτο
813 2922 1074 2982 ἀπέθανόν
1127 2946 1283 2988 τινες,
1344 2951 1370 2977 ‹‹
1431 2925 1494 2983 Εἰ
1534 2925 1633 3001 γάρ
1692 2925 1914 2988 ἑαυτούς

265 3016 570 3090 ἐκρίνομεν.
607 3041 634 3068 ››
669 3016 785 3075 Οὐκ
832 3017 998 3084 εἶπεν,
1058 3015 1318 3077 Ἑαυτοὺς
1367 3013 1725 3086 ἐκολάζόμεν,
1767 3010 1910 3067 ἀλλά

269 3107 458 3179 μόνον,
483 3131 509 3157 (ι
545 3105 884 3180 Ἐκρίνομεν,
920 3129 946 3156 ››
978 3103 1276 3172 τουτέστιν,
1328 3105 1390 3160 Εἰ
1442 3103 1909 3178 κατεγινώσκομεν

265 3196 467 3250 ἑαυτῶν
505 3196 665 3268 μόνον
694 3193 1138 3269 ἁμαρτανόντων,
1171 3193 1260 3247 καὶ
1288 3199 1398 3247 τῶν
1430 3189 1537 3246 ὦδε
1551 3191 1640 3246 καὶ
1661 3196 1768 3246 τῶν
1802 3189 1912 3246 ἐκεῖ

266 3282 677 3358 ἀπηλλάγημεν
729 3283 790 3338 ἀν
851 3288 1159 3358 τιμωριῶν.
1218 3283 1279 3339 Ὀ
1337 3283 1440 3358 γάρ
1499 3281 1691 3335 ἑαυτοῦ
1747 3301 1912 3335 κατα-

260 3374 544 3447 γινώσκων
578 3372 651 3434 ὡς
701 3369 804 3441 δεῖ,
860 3376 958 3427 οὐκ
1013 3369 1073 3426 ἄν
1127 3371 1203 3432 είς
1258 3371 1358 3439 τὴν
1415 3370 1586 3438 αὐτὴν
1644 3368 1909 3443 ἁμαρτίαν

264 3460 540 3524 πολλάκις
581 3459 833 3534 ἐμπέσοι.
894 3485 922 3513 κ
958 3459 1284 3535 Κρινόμενοι
1341 3456 1398 3513 δὶ
1459 3460 1562 3514 ὑπὸ
1621 3459 1847 3533 Κυρίου.
1884 3480 1910 3512 ι

263 3551 415 3609 Ἐπεὶ
448 3552 538 3606 οῦν
567 3552 630 3606 τὸ
662 3550 836 3612 οὕτως
865 3551 1067 3630 κοῦφον
1099 3549 1160 3604 οὐ
1218 3552 1506 3621 ποιοῦμεν,
1562 3542 1806 3604 τουτέστι
1851 3547 1914 3602 τὸ

263 3641 685 3716 καταγινώσκειν
775 3639 1000 3705 ἑαυτῶν,
1061 3635 1189 3693 οῦδὶ
1254 3637 1425 3698 οὕτως
1487 3633 1716 3715 ἀφειδῶς
1777 3639 1911 3709 ἡμῖν

266 3731 294 3784 ὁ
349 3730 479 3791 Θεὸς
537 3730 828 3804 κέχρηται,
889 3726 1034 3782 ἀλλά
1111 3725 1218 3782 ὧδε
1302 3723 1566 3792 παιδεύει,
1643 3727 1729 3780 ’ἱνα
1806 3725 1914 3780 ἐκεῖ

266 3817 488 3893 ἐλεήσῃ.
522 3843 551 3871 ι(
577 3816 972 3890 Παιδευόμεθα.
1003 3841 1030 3868 ››
1053 3819 1210 3885 Οἴον,
1240 3816 1668 3888 Νουθετοῦμεθα.
1703 3814 1780 3873 Οὐ
1811 3816 1912 3890 γάρ

267 3910 406 3980 εἷπε,
505 3907 925 3982 Τιμωρούμεθα,
1029 3904 1196 3976 ἀλλά,
1303 3930 1331 3958 ‹‹
1410 3901 1803 3977 Παιδευόμεθα,
1881 3928 1909 3958 ››

269 3999 344 4060 ὡς
373 3997 647 4062 νουθεσίας
701 3996 792 4052 καὶ
853 3993 1194 4070 διορθώσεως
1235 3994 1546 4070 γινομένης.
1581 4020 1606 4046 ‹‹
1659 3996 1774 4050 Ἵνα
1834 3995 1910 4067 μὴ

268 4089 364 4143 σὺν
395 4091 476 4159 τῷ
522 4087 715 4159 κόσμῳ
765 4090 1255 4158 κατακριθῶμεν.»
1319 4085 1535 4156 Κόσμον
1597 4084 1728 4162 φησί
1784 4082 1912 4146 τοὺς

266 4177 318 4233 ἐν
347 4177 571 4247 ἀπιστίᾳ
598 4176 689 4230 καὶ
734 4175 970 4249 ἁμαρτίᾳ
1036 4174 1372 4247 ἀνθρώπους.
1425 4172 1586 4243 Φησὶ.
1624 4171 1678 4227 δὲ
1725 4175 1807 4228 ὅτι
1861 4173 1914 4226 οἱ

265 4266 450 4322 πιστοὶ
479 4266 570 4320 καὶ
619 4270 736 4336 Θεῷ
784 4259 1242 4338 περισπούδαστοι
1298 4259 1402 4317 ὦδε
1459 4257 1913 4335 ἀπολαμϐάνουσι

265 4357 360 4418 τάς
391 4354 682 4429 ἁμαρτίας,
734 4353 824 4408 ἳνα
885 4354 961 4426 μὴ
1018 4352 1155 4424 μετά
1205 4351 1310 4405 τῶν
1378 4349 1588 4405 λοιπῶν
1638 4349 1750 4404 ἐκεῖ
1804 4347 1913 4404 δώ.

265 4463 422 4498 σουσι
452 4440 632 4512 δίκην.
668 4467 694 4493 ‹‹
728 4441 823 4503 Εἰς
854 4441 945 4496 τὸν
997 4440 1260 4514 πρότερον
1319 4436 1457 4507 ἦλθε
1497 4435 1681 4512 λόγον.
1721 4463 1747 4488 n
1778 4440 1913 4512 Ὅρα

2033 1856 2368 1928 dijudicans
2393 1876 2607 1931 corpus
2639 1862 2892 1916 Domini.
2931 1886 2956 1910 ››
2990 1863 3107 1917 Hoc
3139 1868 3246 1927 est,
3279 1863 3405 1916 Non
3457 1861 3683 1916 exami-

2031 1962 2185 2002 nans
2215 1953 2317 2002 aut
2345 1949 2734 2005 considerans
2761 1967 2964 2005 eorum
3009 1967 3134 2020 quae
3186 1951 3491 2021 proposita
3541 1956 3680 2004 sunt

2030 2037 2527 2108 magnitudinem.
2562 2039 2616 2093 Si
2652 2040 2810 2093 enim
2844 2055 3340 2111 cognosceremus
3399 2039 3677 2109 quisnam

2030 2125 2236 2196 sitqui
2269 2129 2642 2199 proponitur,
2705 2129 2870 2184 nullo
2929 2129 3046 2183 alio
3105 2129 3277 2183 nobis
3329 2144 3477 2199 opus
3519 2133 3678 2182 esset

2028 2215 2290 2284 stimulo,
2325 2217 2428 2272 sed
2461 2217 2572 2273 hoc
2600 2219 2795 2290 ipsum
2830 2219 3137 2290 vigilantes
3171 2235 3279 2273 nos
3299 2217 3576 2272 redderet
3605 2233 3672 2272 ac

2026 2305 2346 2362 modestos.
2383 2330 2409 2356 «
2447 2309 2693 2378 Propter
2715 2309 2824 2362 hoc
2847 2309 3018 2362 multi
3041 2313 3183 2362 sunt
3203 2308 3424 2362 infirmi
3453 2312 3512 2361 et
3533 2307 3672 2361 dor-

2025 2394 2220 2449 miunt
2235 2396 2424 2450 multi.
2448 2419 2475 2445 ››
2496 2399 2742 2468 PrOpter
2761 2399 2893 2464 hoc,
2910 2397 3197 2468 quidnam
3218 2397 3244 2451 εἶ
3270 2397 3409 2468 quia
3431 2396 3670 2468 indigne

2023 2485 2334 2542 accedunt.
2348 2486 2497 2550 Quid
2511 2503 2647 2559 ergo
2661 2486 3090 2558 (dicetaliquis)
3111 2504 3185 2541 an
3202 2487 3304 2557 qui
3351 2491 3670 2542 senescunt

2023 2588 2140 2628 non
2171 2581 2439 2644 peccant,
2473 2591 2606 2630 cum
2637 2593 2756 2630 non
2785 2576 3106 2630 moriamur
3134 2582 3271 2630 ante
3306 2575 3465 2630 diem
3487 2575 3513 2629 ?
3542 2575 3664 2630 Uti-

2023 2676 2160 2730 que,
2195 2662 2388 2733 inquit
2422 2681 2434 2717 :
2471 2664 2572 2718 sed
2604 2681 2722 2718 non
2758 2665 2882 2720 hinc
2910 2665 3036 2720 sola
3068 2665 3128 2718 iit
3161 2665 3434 2735 repensio
3459 2665 3551 2718 his
3569 2665 3672 2734 qui

2022 2754 2265 2826 indigne
2298 2755 2607 2824 accedunt,
2640 2762 2704 2810 ut
2734 2761 2869 2809 ante
2901 2761 3132 2825 tempus
3163 2754 3518 2819 moriantur,
3568 2754 3672 2808 sed

2019 2847 2081 2900 in
2112 2845 2308 2900 futuro
2341 2861 2576 2916 quoque
2610 2849 2746 2898 sunt
2778 2843 3112 2899 miserrima
3151 2842 3466 2914 supplicia.
3499 2842 3668 2906 Quod

2021 2951 2158 3007 ergo
2191 2934 2337 2988 dixit
2365 2932 2565 2998 ἱκανοὶ,
2599 2932 2841 3003 quidam
2873 2931 3314 2996 intellexerunt,
3351 2954 3376 2979 «
3413 2931 3604 2996 Multi,
3641 2954 3667 2978 ››

2018 3030 2175 3091 aut,«
2199 3022 2568 3077 Sufficientes
2593 3043 2619 3070 »
2642 3021 2716 3076 ad
2748 3021 2924 3092 hujus
2942 3020 3209 3076 criminis
3229 3021 3666 3075 correctionem

2024 3113 2402 3167 interierunt.
2432 3133 2457 3160 «
2481 3111 2713 3164 Etenim
2735 3111 2910 3164 sinos
2932 3110 3092 3180 ipsos
3117 3109 3600 3181 dijudicaremus.
3638 3131 3665 3158 ››

2027 3203 2151 3256 Non
2182 3200 2342 3268 dicit,
2375 3200 2428 3254 Si
2491 3199 2763 3269 nosipsos
2821 3198 3192 3269 puniremus,
3254 3198 3356 3252 sed
3415 3203 3667 3267 tantum,

2024 3314 2048 3337 ‹‹
2086 3288 2578 3361 Dijudicaremus,
2613 3288 2724 3342 hoc
2757 3294 2864 3353 est,
2901 3287 2947 3340 si
2977 3287 3263 3342 duntaxat
3292 3304 3400 3341 nos
3424 3288 3582 3358 ipsos
3606 3293 3671 3341 ut

2023 3384 2362 3449 peccatores
2394 3377 2950 3442 condemnaremus,
2984 3376 3190 3445 utique
3223 3381 3280 3430 et
3308 3394 3341 3430 a
3363 3376 3668 3447 praesenti-

2023 3468 2134 3522 bus
2167 3474 2223 3522 et
2251 3467 2466 3522 futuris
2498 3467 2890 3521 liberaremur
2916 3465 3245 3536 suppliciis.
3280 3467 3423 3520 Nam
3455 3465 3557 3536 qui
3577 3481 3670 3520 se-

2024 3558 2220 3628 ipsum
2253 3557 2612 3612 condemnat
2643 3562 2707 3610 ut
2737 3560 2987 3626 oportet,
3027 3571 3405 3626 nequaquam
3429 3555 3491 3609 in
3513 3555 3671 3610 idem

2024 3652 2331 3717 peccatum
2355 3645 2700 3717 frequenter
2723 3644 2985 3699 incidere
3013 3645 3250 3716 poterit.
3278 3645 3422 3699 Cum
3471 3649 3669 3699 autem

2017 3736 2362 3807 judicamur
2390 3753 2424 3789 a
2457 3735 2712 3789 Domini.
2745 3755 2769 3784 ιν
2807 3734 3095 3798 Quoniam
3151 3749 3287 3805 ergo
3347 3748 3474 3786 rem
3523 3733 3669 3786 adeo

2022 3825 2212 3881 levem
2236 3841 2352 3878 non
2379 3823 2626 3878 facimus
2658 3830 2721 3877 ut
2754 3823 3027 3892 nosipsos
3051 3819 3555 3874 condemnemus:
3592 3834 3665 3872 ne

2026 3914 2108 3968 ita
2129 3912 2371 3984 quidem
2399 3917 2621 3966 temere
2645 3913 2799 3965 Deus
2823 3909 3130 3973 interimit,
3152 3907 3254 3962 sed
3278 3907 3524 3978 castigat
3554 3906 3670 3973 hic,

2023 4007 2088 4056 ut
2117 4003 2196 4055 ibi
2231 4002 2602 4055 misereatur.
2639 4022 2665 4047 ‹‹
2699 3997 3083 4068 Corripimur.
3119 4019 3146 4044 ››
3175 3997 3293 4051 Hoc
3329 4000 3436 4063 est,
3470 3995 3673 4050 admo-

2024 4108 2258 4146 nemur.
2284 4091 2408 4144 Non
2440 4089 2598 4144 enim
2619 4088 2767 4142 dixit
2797 4103 2808 4140 :
2844 4109 2871 4136 ‹‹
2905 4085 3212 4152 Punimur,
3245 4107 3272 4134 »
3307 4084 3410 4140 sed
3445 4107 3471 4134 «
3533 4085 3674 4140 Cor-

2021 4180 2327 4252 ripimur,»
2346 4184 2626 4248 tanquam
2643 4177 2795 4231 facta
2809 4177 2884 4230 sit
2913 4175 3238 4230 admonitio
3262 4191 3326 4230 ac
3353 4174 3670 4230 correctio.

2027 4290 2053 4317 «
2086 4269 2164 4322 Ne
2193 4283 2327 4321 cum
2359 4265 2582 4320 mundo
2615 4263 3104 4319 condemnemur.
3144 4286 3170 4312 »
3203 4263 3487 4318 Mundum
3527 4261 3674 4316 dixit

2025 4355 2296 4412 homines
2328 4354 2427 4425 qui
2453 4355 2514 4409 in
2545 4353 2959 4408 incredulitate
3018 4359 3076 4407 et
3134 4356 3374 4423 peccato
3430 4351 3670 4421 degunt.

2029 4443 2179 4498 Dicit
2199 4447 2396 4497 autem
2419 4442 2576 4513 quod
2602 4441 2808 4496 fideles
2831 4458 2896 4496 ac
2917 4443 3016 4497 Dei
3040 4440 3299 4496 cultores
3330 4440 3403 4493 ob
3434 4443 3676 4510 peccata

266 4529 346 4603 δὲ,
377 4531 476 4586 οὐκ
505 4533 644 4596 εἷπε,
671 4535 794 4590 Τοῖς
844 4529 1032 4599 πένησι
1087 4523 1426 4602 μεταδίδοτε,
1485 4525 1632 4582 ἀλλά
1671 4527 1733 4582 τὸ
1792 4548 1916 4600 σεμο

2029 4533 2124 4588 hic
2156 4532 2507 4603 puniuntur,
2539 4549 2613 4586 ne
2640 4531 2701 4586 in
2732 4531 2929 4586 futuro
2991 4548 3123 4586 cum
3183 4528 3413 4584 caateris
3471 4544 3674 4598 paenas

263 4621 503 4695 νότερον,
527 4645 555 4671 ‹‹
582 4617 900 4690 Ἀλλήλους
924 4614 1230 4692 ἐκδέχεσθε,
1256 4641 1282 4666 ››
1307 4616 1380 4679 ὼς
1395 4621 1591 4672 κοινῶν
1619 4615 1787 4672 ὄντων
1807 4622 1914 4672 τῶν

269 4709 442 4766 ἐκεῖσε
502 4709 895 4790 εἰσφερομένων
983 4705 1315 4781 ἐδεσμάτων,
1401 4707 1489 4768 Ὠς
1569 4707 1659 4782 ὅγε
1730 4714 1916 4777 τοῦτο,

267 4800 428 4877 φησὶ,
463 4800 539 4872 μή
571 4803 772 4871 ποιῶν,
819 4796 1032 4867 ἀνάξιός
1098 4795 1209 4852 ἐστι
1275 4803 1376 4865 τῆς
1431 4804 1696 4869 μυστικῆς
1755 4819 1916 4870 μετα.

268 4887 512 4962 λήψεως.
553 4912 580 4940 (ι
609 4890 790 4956 Ὥστε,
822 4883 1048 4963 ἀδελφοί
1083 4906 1208 4958 μου,
1237 4883 1522 4956 ἀλλήλους
1557 4883 1859 4965 ἐκδέχεσθε.
1890 4913 1910 4939 ι

267 5011 335 5020 ._.
379 4979 587 5051 [ΦΩᾞ]
648 4977 840 5044 Auct;
900 4977 1015 5033 Ἰνα
1075 4976 1151 5049 μή
1211 4975 1440 5044 ἀναξίως
1497 4972 1756 5049 δειχθῆτε
1821 4983 1916 5033 τοῦ

266 5072 601 5124 Δεσποτικοῦ
661 5066 914 5139 σώματος
964 5065 1054 5120 καὶ
1112 5068 1211 5120 τοῦ
1268 5061 1501 5137 ατίματος
1572 5065 1914 5141 μετέχοντες,

263 5153 451 5232 ἔνοχοι
483 5160 584 5212 τοῦ
617 5155 868 5230 σώματος
899 5153 1063 5209 αὐτοῦ
1127 5159 1228 5221 τῆς
1291 5153 1631 5226 ἀναιρέσεως,
1679 5155 1770 5209 καὶ
1820 5159 1916 5210 τοῦ

265 5245 500 5318 αἳματος
549 5251 651 5316 τῆς
712 5243 990 5323 ἐκχύσεως
1045 5241 1350 5318 γενόμενοι,
1429 5241 1800 5317 ἀπαραίτητον
1854 5245 1916 5300 τὸ

262 5341 438 5412 κρῖμα
495 5333 685 5405 ἔξοιτε,
737 5331 828 5388 ’ἶνα
884 5334 959 5406 μὴ
1017 5330 1242 5408 κρίματι
1302 5327 1617 5404 τηλικούτῳ
1695 5353 1914 5408 περιπε-

271 5425 575 5498 πτωκότες,
630 5425 813 5485 νόσοις
871 5423 961 5477 καὶ
1045 5422 1238 5486 πάθεσι
1320 5421 1409 5476 καὶ
1491 5420 1702 5495 θανάτῳ
1768 5420 1919 5478 ἐκδα-

265 5513 623 5585 πανηθείητε,
648 5510 738 5567 ’ἱνα
771 5512 846 5585 μὴ
881 5508 942 5566 ἀν
984 5511 1061 5584 μὴ
1119 5511 1334 5573 τούτοις
1393 5506 1644 5566 ἀποδῶτε
1697 5513 1796 5581 τήν
1827 5509 1916 5569 ἔκ-

261 5623 428 5673 τισιν,
491 5603 567 5664 εἷς
625 5601 921 5676 ἀπέραντον
984 5595 1212 5655 κόλασιν
1300 5597 1392 5653 σὺν
1473 5601 1590 5662 τοῖς
1672 5598 1918 5662 ἀπίστοις

593 5726 847 5786 Panos.
896 5722 1008 5785 Gn.
1040 5716 1307 5782 CXVIII.

2027 4622 2213 4676 luant.
2242 4643 2268 4670 «
2293 4621 2493 4692 Itaque
2510 4637 2645 4676 cum
2687 4619 2761 4675 ad
2804 4619 3099 4675 edendum
3148 4616 3491 4672 convenitis.
3527 4637 3554 4664 »
3590 4615 3677 4669 Ad

2026 4711 2284 4784 priorem
2308 4708 2484 4765 rediit
2504 4706 3190 4765 sermonem.Considero
3212 4722 3348 4761 vero
3373 4703 3533 4775 quod
3554 4719 3674 4758 non

2025 4802 2272 4858 dixerit:
2297 4802 2665 4873 Pauperibus
2689 4801 2922 4866 tradite,
2947 4798 3051 4854 sed
3078 4795 3674 4863 honestius,lnvicem

2025 4893 2178 4948 alius
2199 4893 2382 4948 alium
2407 4896 2763 4963 exspectate,
2789 4896 3071 4960 tanquam
3093 4887 3434 4942 communia
3454 4885 3677 4940 fuerint

2027 5002 2156 5056 qua:
2191 4984 2271 5037 ibi
2305 4983 2715 5038 inferebantur
2745 4981 2969 5036 cibaria
3002 4997 3015 5036 ε
3051 4985 3116 5034 ut
3146 4978 3246 5049 qui
3280 4978 3412 5042 hoc,
3456 4976 3672 5047 inquit,

2027 5089 2146 5127 non
2198 5072 2358 5137 facit,
2418 5071 2667 5142 mystica
2723 5069 3002 5140 indignus
3062 5069 3139 5123 sit
3197 5065 3670 5138 participatione.

2027 5185 2055 5212 ί(
2089 5163 2313 5232 Itaque,
2345 5161 2556 5215 fratres
2587 5159 2726 5225 mei,
2760 5159 3013 5215 invicem
3042 5175 3144 5213 vos
3177 5162 3502 5229 expectate.
3535 5176 3564 5205 »
3607 5181 3674 5195 --

2025 5249 2420 5316 Quamobrem
2451 5249 2477 5304 ?
2509 5250 2586 5303 Ne
2619 5248 2859 5320 indigne
2904 5247 3282 5303 Dominicum
3341 5259 3559 5316 corpus
3620 5246 3678 5296 et

2027 5339 2375 5412 sanguinem
2401 5338 2752 5411 participare
2776 5337 3111 5410 probemini
3141 5353 3154 5390 :
3180 5352 3255 5392 ne
3277 5334 3517 5407 indigne
3548 5349 3680 5405 par-

2027 5427 2347 5502 ticipando,
2373 5429 2456 5482 rei
2481 5429 2672 5483 effecti
2695 5427 2872 5482 caedis
2894 5426 3161 5500 corporis
3189 5425 3377 5498 ipsius
3417 5440 3486 5478 ac
3529 5422 3679 5478 eﬂ‘u-

2028 5518 2212 5574 sionis
2246 5517 2570 5589 sanguinis,
2603 5516 2945 5572 inevitabile
2963 5514 3262 5589 judicium
3322 5511 3630 5584 excipiatis
3663 5523 3679 5565 :

2027 5624 2101 5663 ne
2126 5607 2186 5663 in
2201 5607 2317 5663 tale
2329 5605 2623 5678 judicium
2643 5599 3683 5674 incidentes,morbis,afﬂictionibus

3313 5722 3391 5780 26
