4156 6200
276 317 396 380 813

1269 316 1680 383 ΟΟΠΠΕΝΤ.
1727 320 1804 381 ΙΝ
1855 320 2102 384 EPIST.
2150 322 2171 381 Ι
2214 325 2317 386 AD
2361 326 2731 388 CORINTH.

3572 329 3691 392 διε

281 446 364 516 δὶ,
395 444 480 503 ὅτι
514 448 575 537 οἱ,
596 446 693 521 μὶν
725 444 886 505 ούδὶν
919 444 1249 537 βλάσφημον
1309 444 1436 537 οὒδὸ
1489 449 1743 507 ἀπαίσιον
1774 447 1932 529 φθεγ-

2052 453 2132 510 tia
2161 457 2584 527 prophetarum
2610 475 2679 517 ac
2704 460 3359 535 pseudoprophetarum
3389 468 3481 521 est
3536 464 3695 537 quod

283 558 495 616 γονται,
527 536 676 595 ἀλλὰ
721 539 812 595 καὶ
867 535 1216 615 θεολογοῦσιν
1268 538 1343 602 ὡς
1402 536 1612 615 ἄριστα,
1645 541 1734 597 καί
1765 540 1938 598 πάντα

285 638 500 706 σεμνῶς
532 630 809 708 λίγουσιν.
860 632 923 686 Οἱ
982 628 1041 686 δὲ
1098 630 1462 707 βλασφήμους
1488 652 1548 688 τε
1576 632 1666 688 καὶ
1697 634 1937 710 ἀπηχεῖς

283 722 465 802 φωνὰς
524 720 936 797 ἆπερεύγονται.
997 745 1027 774 ιι
1090 720 1186 778 Καὶ
1245 719 1427 783 οὐδεὶς
1495 719 1715 778 δύναται
1771 722 1940 779 εἰπεῖν

284 809 487 886 Κύριον
540 812 771 882 Ἰησοῦν,
826 810 872 866 εἰ
934 811 1010 883 μὴ
1068 809 1121 866 ἕν
1184 810 1458 887 ηνεύματι
1515 812 1680 888 ἁγίῳ.
1720 836 1750 867 ››
1806 814 1940 871 Eine

284 908 515 976 σημεῖον
576 902 842 977 μάντεως,
898 902 962 957 τὸ
1020 901 1370 975 ιξεστηκότας
1419 902 1618 965 αὐτοὺς
1662 901 1756 978 βίᾳ
1780 902 1939 959 ’ἑλκε-

287 1004 409 1058 σθαι
442 993 580 1067 πρὸς
633 990 701 1047 τὰ
757 987 983 1060 ε’ίόωλα,
1042 992 1131 1047 καὶ
1193 989 1477 1067 προλέγειν
1534 988 1694 1062 δῆθεν
1717 992 1787 1047 τὰ
1816 991 1941 1048 ἰσό-

289 1100 443 1156 μενα.
504 1081 660 1157 Λέγει
710 1079 803 1135 καὶ
860 1082 1147 1159 προφήτου
1203 1086 1451 1153 σημεῖον.
1511 1085 1680 1137 Ποῖον
1737 1086 1938 1152 τοῦτος

285 1172 411 1230 Ὅτι
470 1169 649 1232 οὐδεὶς
703 1164 850 1244 ἔχων
908 1168 1127 1244 Πνεῦμα
1201 1174 1359 1236 Θεοῦ,
1415 1169 1794 1244 ἀναθεματίζει
1848 1172 1940 1229 καὶ

284 1254 495 1332 ὑϐρίζει
524 1258 619 1313 τὸν
651 1255 869 1332 Κύριον.
929 1257 1034 1314 Καὶ
1085 1257 1254 1313 πάλιν
1306 1255 1484 1320 οὐδεὶς
1528 1256 1688 1314 αὐτὸν
1719 1254 1940 1316 δύναται

281 1348 480 1422 Κύριον
516 1347 709 1417 εἰπεῖν,
738 1348 815 1420 μὴ
843 1344 990 1423 ἔχων
1022 1351 1239 1421 Πνεῦμα
1266 1348 1440 1423 ἅγιον.

2048 542 2133 603 illi
2162 561 2283 601 sum
2308 548 2528 603 mentis
2559 557 2885 623 compotes,
2952 558 3013 609 et
3068 554 3325 611 maxime
3373 552 3695 626 prudentes

2045 632 2246 690 futura
2273 635 2643 706 pradicunt:
2677 640 3215 713 pseudoprophetis
3246 649 3445 699 autem
3498 650 3698 700 mente

2049 721 2290 780 alienati
2322 740 2392 781 ac
2431 725 2760 796 dementes,
2790 735 3077 802 tanquam
3109 744 3147 789 a
3175 732 3548 791 moventibus
3579 732 3701 791 da-

2048 812 2327 870 monibus
2344 814 2629 874 violentia
2649 817 2831 876 ducti.
2855 821 3059 878 Altera
3077 837 3213 879 vero
3239 822 3400 894 quod
3424 820 3515 880 illi
3564 823 3698 895 qui-

2050 899 2187 957 dem
2214 903 2363 959 nihil
2394 906 2757 965 exsecrabile
2787 910 3320 983 autblasphemum
3342 910 3692 983 loquuntur,

2050 994 2195 1065 quin
2226 995 2424 1066 potius
2454 997 2526 1053 de
2556 999 2674 1056 Deo
2732 1002 2957 1074 optime
3009 1004 3335 1071 disserunt,
3389 1010 3449 1062 et
3491 1006 3699 1062 omnia

2049 1098 2185 1140 cum
2216 1085 2501 1157 gravitate
2531 1089 2787 1146 efferunt
2820 1108 2834 1147 :
2865 1092 2927 1147 hi
2956 1098 3157 1150 autem
3208 1094 3593 1167 blasphemas
3635 1099 3701 1152 et

2050 1172 2339 1231 absurdae
2368 1183 2642 1234 eructant
2672 1196 2859 1237 voces.
2892 1202 2922 1232 π
2952 1184 3022 1238 Et
3045 1197 3223 1239 nemo
3276 1188 3472 1256 potest
3498 1184 3700 1241 dicere

2050 1263 2369 1321 Dominum
2396 1266 2620 1334 Jesum,
2669 1271 2785 1326 nisi
2839 1288 2947 1343 per
2995 1273 3280 1345 Spiritum
3336 1279 3634 1330 sanctum.
3668 1295 3698 1325 »ι

2051 1351 2295 1424 Signum
2325 1353 2472 1411 dixit
2502 1357 2650 1414 vatis
2682 1375 2788 1416 seu
2821 1360 3028 1427 divini,
3062 1363 3221 1433 quod
3236 1369 3432 1419 mente
3449 1361 3699 1419 alienati

270 1433 348 1497 ad
379 1439 537 1496 idola
566 1439 619 1494 vi
650 1439 965 1525 trahantur
991 1454 1062 1495 ac
1094 1439 1295 1496 futura
1321 1437 1650 1511 pradicant
1678 1438 1929 1499 scilicet.
1983 1442 2150 1498 Nunc
2205 1446 2513 1515 propheta:
2568 1464 2807 1522 quoque
2860 1451 3098 1525 signum
3157 1454 3344 1525 ponit.
3380 1452 3694 1519 Quodnam

281 1528 434 1586 illud
467 1532 558 1585 est
583 1529 612 1584 ‘I
640 1528 796 1601 quod
828 1523 1032 1584 nullus
1064 1528 1348 1600 Spiritum
1377 1526 1483 1585 Dei
1503 1528 1730 1586 habens
1761 1535 2122 1600 exsecratur,
2151 1537 2257 1589 aut
2285 1533 2510 1607 injuria
2535 1537 2721 1594 afﬁcit
2750 1523 3088 1598 Dominum.
3122 1523 3497 1615 Rursumque
3551 1543 3693 1599 nul-

280 1617 379 1674 lus
405 1623 603 1690 potest
630 1616 828 1691 ipsum
858 1617 1056 1674 dicere
1088 1618 1406 1675 Dominum
1437 1619 1537 1691 qui
1564 1635 1685 1675 non
1713 1618 1932 1676 habeat
1963 1620 2247 1692 Spiritum
2278 1630 2577 1682 sanctum.

352 1762 651 1839 Διαιρέσεις
720 1760 779 1819 δὶ
852 1763 1214 1839 χαρισμάτων
1309 1762 1433 1831 εἰσὶ,

280 1858 522 1929 Πνεῦμα.
576 1851 683 1911 Καὶ
742 1850 1030 1928 διαιρέσεις
1087 1848 1372 1908 διακονιῶν
1431 1851 1558 1922 εἱσι,
1614 1852 1705 1908 καὶ
1750 1854 1779 1909 6
1828 1852 1927 1909 αύ-

278 1944 372 2009 τὸς
436 1941 659 2018 Κύριος.
725 1942 829 1999 Καὶ
919 1938 1205 2018 διαιρέσεις
1294 1939 1673 2019 ἐνεργημάτων
1770 1938 1928 2013 εῗσὶν,

280 2034 310 2090 6
372 2029 431 2087 δι
484 2026 645 2094 αὐτός
718 2027 831 2086 εστι
907 2029 1061 2102 Θεὸς,
1117 2031 1147 2085 ὸ
1206 2030 1433 2107 ἐνεργῶν
1492 2033 1559 2086 τά
1632 2032 1807 2088 πάντα
1879 2030 1930 2087 ὲν

289 2126 475 2179 πᾶσιν.

360 2210 564 2267 Λοιπὸν
606 2209 683 2273 εἰς
736 2209 830 2266 τὸν
886 2210 1007 2286 περῖ
1069 2209 1422 2287 χαρισμάτων
1453 2208 1593 2281 ἦλθε
1622 2209 1811 2286 λόγον,
1842 2210 1930 2265 καὶ

281 2322 441 2378 φησιο
473 2322 503 2353 ιι
535 2299 832 2376 Διαιρέσεις
856 2298 915 2357 δὶ
947 2325 969 2353 ι
1005 2300 1095 2358 καὶ
1153 2303 1274 2357 οἷον
1327 2298 1561 2378 μερίδες,
1597 2326 1626 2356 ιι
1655 2301 1933 2378 χαρισμά-

273 2410 385 2446 των
414 2388 538 2447 είσί.
565 2413 596 2443 π
629 2388 724 2464 Τῷ
755 2387 833 2459 δὲ,
896 2414 925 2442 ιι
958 2389 1314 2466 χαρισμάτων
1345 2411 1369 2436 ι)
1428 2390 1620 2461 εἰπεῖν,
1653 2387 1934 2447 ἐπαίδευσε

272 2482 369 2535 τὸν
401 2476 667 2535 δοκοῦντα
691 2480 756 2537 τὸ
804 2473 1029 2535 ἔλαττον
1090 2477 1237 2556 ἔχειν
1298 2479 1566 2555 χάρισμα,
1611 2481 1687 2554 μὴ
1719 2478 1932 2558 ἀλγεῖν.

280 2566 350 2626 El
381 2567 484 2644 γάρ
515 2564 771 2643 ἐδωρήθη
824 2588 931 2637 σοι,
983 2569 1139 2646 φησὶ,
1194 2568 1356 2646 χάριν
1389 2563 1485 2645 ἔχε
1516 2569 1649 2644 ὑπὲρ
1679 2569 1753 2623 ὧν
1786 2569 1934 2631 ὅλως

278 2658 539 2736 εἳληφας,
600 2658 689 2714 καὶ
752 2660 829 2733 μή
888 2657 1042 2736 ἄλγει
1103 2660 1233 2734 ὑπὶρ
1293 2661 1368 2715 ὧν
1423 2657 1650 2715 ἔλαττον
1680 2657 1934 2738 ε’ίληιρας.

284 2745 462 2805 Πάλιν
522 2744 581 2804 δὲ
626 2752 708 2821 τῷ
763 2752 1099 2822 προσθεῖναι,
1159 2773 1187 2801 ιι
1218 2748 1291 2807 Τὸ
1349 2746 1407 2805 δὲ
1460 2748 1592 2805 αὐτὸ
1633 2752 1873 2824 Πνεῦμα,
1906 2773 1929 2803 ε

286 2835 459 2895 πλέον
489 2843 912 2912 παραμυθεῖται.
971 2839 1038 2897 Εἰ
1092 2837 1196 2916 γὰρ
1252 2839 1343 2894 καὶ
1374 2832 1595 2896 ἔλαττόν
1628 2860 1747 2911 σου,
1779 2835 1936 2917 φησὶ,

282 2926 349 2982 τὸ
380 2927 654 3003 χάρισμα,
706 2925 853 2982 ἀλλὰ
906 2932 1004 2982 τοῦ
1062 2926 1174 2991 ἑνός
1227 2926 1338 2984 ἱστι
1398 2929 1708 3002 Πνεύματος
1740 2924 1938 3002 δωρεά,

288 3015 384 3072 καὶ
408 3016 479 3072 τά
506 3017 676 3092 μικρᾶ
701 3016 795 3072 καὶ
823 3017 891 3072 τὰ
935 3015 1170 3092 μεγάλα.
1206 3048 1272 3062 --
1301 3013 1544 3082 Ἄλλως.
1578 3020 1789 3092 [dull]
1819 3017 1939 3074 Χα-

290 3103 532 3182 ρίσματα
602 3104 697 3178 μὶν
763 3105 897 3161 αύτά
960 3104 1141 3173 καλεῖ,
1206 3107 1307 3176 τὴν
1373 3105 1694 3183 φιλοτιμίαν
1735 3102 1941 3165 δεικνὺς

288 3198 393 3252 τοῦ
422 3191 777 3270 δωρήματοςο
835 3191 1115 3257 διακονίας
1173 3191 1250 3267 δὲ,
1310 3192 1576 3252 διδάσκων
1619 3196 1696 3269 μὴ
1726 3191 1937 3270 ἐπαίρε-

293 3287 416 3341 σθαι
444 3284 665 3348 τούτοις
722 3286 851 3351 τοὺς
908 3284 1252 3357 ἀξιωθέντας,
1314 3282 1458 3342 ἀλλὰ
1510 3286 1647 3360 μετὰ
1672 3284 1945 3355 συστολῆς

291 3375 384 3431 καὶ
418 3374 907 3456 μετριογροσύνης,
951 3375 1026 3441 ὡς
1087 3376 1163 3440 εἱς
1222 3372 1515 3451 ὑπηρεσίαν
1546 3376 1637 3431 καὶ
1667 3371 1942 3431 διακονίαν

292 3467 404 3520 τῶν
438 3461 674 3535 πλησίον
704 3461 1030 3534 κληθίντας,
1053 3464 1228 3526 οὕτως
1258 3461 1606 3544 ἐντυγχάνειν
1627 3469 1744 3525 τοῖς
1773 3482 1942 3538 προσ-

290 3555 483 3609 ιοῦσιν⁹
549 3551 895 3629 ἐνεργήματα
969 3550 1028 3609 δὶ
1102 3553 1288 3622 πάλιν,
1358 3552 1525 3623 αὐτὴν
1594 3550 1782 3623 δηλῶν
1841 3552 1941 3620 τήν

281 3643 500 3714 πρᾶξιν.
558 3646 694 3717 Ὅρα
752 3636 995 3718 ἀκριϐῶς
1074 3645 1192 3706 πῶς
1269 3644 1334 3698 τὸ
1392 3641 1647 3719 πανάγιον
1702 3638 1944 3717 Πνεῦμα,

291 3734 508 3808 τρανῶς
535 3731 626 3786 καὶ
655 3732 852 3808 Κύριον
889 3731 981 3788 καὶ
1037 3733 1167 3789 Θεὸν
1227 3732 1571 3807 ἀνεκήρυξεν.
1605 3732 1789 3790 Εἰπὼν
1818 3733 1943 3810 γὰρ,

285 3843 315 3873 ιι
351 3820 659 3896 Διαιρέσεις
690 3818 749 3878 δδ
804 3821 1160 3897 χαρισμάτων
1215 3820 1374 3892 εἰσὶν,
1412 3822 1475 3878 τὸ
1527 3819 1583 3878 δι
1614 3821 1745 3877 αὐτὸ
1778 3826 1945 3878 Πνεῦ-

291 3928 389 3983 μα,
420 3934 445 3965 ε
480 3908 573 3965 καὶ
600 3908 766 3966 πάλιν
795 3908 886 3967 ἰπὶ
921 3915 1020 3967 τοῦ
1077 3911 1401 3986 πράγματος
1432 3911 1745 3986 ἐπαγαγὼν,
1779 3935 1806 3964 ιι
1843 3911 1941 3967 Καὶ

295 3995 583 4073 διαιρέσεις
616 3995 903 4056 διακονιῶν
933 3999 1088 4072 εἰσιν,
1145 4001 1173 4056 ὁ
1231 3997 1290 4057 δὶ
1316 3999 1480 4065 αὐτὸς
1508 3998 1731 4075 Κύριοςο
1768 4021 1793 4055 ε
1826 4000 1943 4056 εἶτα

290 4083 370 4145 ἔτι
428 4086 517 4144 επὶ
574 4092 673 4145 τοῦ
728 4090 899 4147 αὐτοῦ
955 4090 1143 4163 μείνας
1224 4090 1523 4162 νοήματος,
1599 4090 1691 4146 καὶ
1747 4088 1940 4158 εἰπὼν,

289 4199 320 4228 α
351 4176 458 4237 Καὶ
487 4174 776 4253 διαιρέσεις
833 4177 1222 4256 ἐνεργημάτων
1281 4178 1438 4249 εἰσὶν,
1469 4179 1499 4234 6
1551 4175 1609 4233 δί
1637 4177 1799 4240 αὐτὸς
1826 4177 1939 4236 ἐστι

289 4265 443 4329 Θεός·
479 4290 508 4320 η
539 4266 887 4324 ὶπισυνάπτει
944 4266 1136 4343 λὲγων·
1199 4291 1227 4321 ιι
1258 4265 1503 4339 Ἐκάστῳ
1558 4269 1619 4323 τι
1661 4264 1873 4323 δίδοται
1902 4268 1937 4336 ἡ

288 4354 587 4432 φανίρωσις
612 4361 710 4414 τοῦ
749 4358 1060 4431 Ηνεύματος
1118 4356 1254 4432 πρὸς
1313 4356 1379 4411 τὸ
1431 4355 1731 4433 συμφέρον,
1759 4374 1785 4407 ιι
1826 4350 1937 4409 δει-

284 4443 415 4508 κνὺς
443 4444 527 4499 ὅτι
557 4444 649 4501 καὶ
705 4448 770 4501 τὸ
826 4445 960 4508 Θεὸς
1012 4445 1102 4501 καὶ
1158 4443 1221 4500 τὸ
1280 4444 1502 4518 Κύριος,
1535 4441 1624 4498 ἐπὶ
1654 4442 1750 4498 τοῦ
1780 4441 1940 4517 ἁγίου

1528 1762 1590 1819 τὸ
1666 1758 1725 1819 δὲ
1799 1762 1929 1821 αὐτὸ

2102 1767 2226 1835 XII,
2279 1771 2401 1826 46.
2467 1771 2761 1831 Divisiones
2823 1782 3006 1832 autem
3070 1778 3340 1835 donorum
3392 1787 3543 1846 sunt,
3604 1783 3704 1840 sed

2038 1854 2184 1912 idem
2239 1858 2480 1929 Spiritus
2525 1878 2549 1927 ;
2598 1869 2652 1919 et
2726 1865 3023 1923 divisiones
3080 1869 3511 1925 ministeriorum
3569 1877 3698 1926 sunt

2040 1945 2290 2018 idemque
2320 1949 2625 2015 Dominus;
2651 1958 2704 2008 et
2752 1953 3048 2011 divisiones
3106 1960 3491 2027 operationum
3536 1965 3685 2025 sunt,

2040 2033 2134 2091 sed
2156 2034 2301 2091 idem
2331 2044 2409 2094 est
2440 2040 2579 2096 Deus
2608 2040 2708 2111 qui
2754 2051 3020 2113 operatur
3068 2047 3254 2101 omnia
3308 2046 3369 2102 in
3415 2046 3688 2104 omnibus.

2041 2215 2486 2286 Consequenter
2514 2217 2588 2274 ad
2642 2236 2984 2277 sermonem
3044 2220 3116 2278 de
3175 2222 3350 2280 donis
3398 2215 3691 2296 pervenit,

2043 2306 2101 2357 et
2130 2303 2212 2358 ait
2246 2319 2259 2359 :
2299 2326 2321 2355 ι
2356 2296 2686 2364 Divisiones
2714 2315 2937 2377 autem,
2976 2334 2996 2358 ι
3032 2317 3091 2367 et
3151 2317 3434 2384 tanquam
3503 2316 3705 2388 partes

2050 2411 2072 2440 α
2105 2391 2408 2451 Donorum
2441 2400 2599 2452 sunt.
2635 2420 2662 2447 υ
2697 2397 2956 2459 Dicendo
2985 2405 3182 2456 autem
3214 2424 3242 2451 ‹‹
3276 2400 3602 2469 Donorum,
3668 2424 3697 2453 ι»

2043 2476 2303 2538 instituit
2334 2496 2464 2538 eum
2490 2484 2592 2556 qui
2623 2485 2821 2542 minus
2850 2484 3073 2544 donum
3110 2486 3329 2545 habere
3386 2482 3698 2547 videbatur

2046 2586 2121 2627 ne
2153 2569 2402 2627 doleret.
2429 2573 2509 2638 Si,
2532 2572 2749 2646 inquit,
2774 2575 2998 2633 donum
3037 2578 3343 2652 accepisti,
3387 2579 3539 2635 habe
3568 2597 3705 2654 gra-

2046 2660 2190 2716 tiam
2216 2662 2376 2732 quod
2402 2663 2651 2720 omnino
2685 2667 3007 2738 acceperis,
3033 2673 3092 2723 et
3124 2685 3245 2724 non
3295 2668 3498 2724 doleas
3541 2670 3703 2742 quod

2046 2750 2248 2806 minus
2270 2752 2593 2824 acceperis.
2620 2756 2876 2810 Rursum
2897 2761 3097 2812 autem
3118 2773 3227 2831 per
3246 2757 3361 2815 hoc
3406 2758 3566 2828 quod
3595 2752 3702 2814 ad-

2048 2838 2137 2894 dit
2162 2856 2174 2895 :
2202 2840 2359 2897 «Sed
2396 2840 2558 2898 idem
2598 2843 2871 2914 Spiritus,
2898 2844 3030 2916 plus
3052 2848 3225 2903 aﬂ‘ert
3249 2846 3701 2904 consolationis.

2051 2927 2203 2984 580
2228 2930 2581 3002 Quanquam
2597 2931 2755 2986 enim
2771 2930 2970 2989 minus
3004 2935 3055 2990 si
3100 2939 3227 2990 tum
3270 2933 3519 2999 donum.
3548 2941 3703 2993 atta—

2052 3032 2189 3073 men
2221 3018 2398 3074 unius
2431 3019 2684 3091 Spiritus
2720 3021 2879 3077 dona
2899 3027 2958 3078 et
2977 3039 3156 3095 parva
3196 3029 3255 3079 et
3295 3040 3509 3095 magna
3541 3029 3700 3081 sunt.

2053 3134 2124 3145 —
2149 3105 2281 3162 Alio
2309 3107 2491 3162 modo.
2524 3109 2689 3165 Dona
2719 3109 2961 3180 quidem
3016 3111 3147 3183 ipsa
3201 3117 3390 3179 vocat,
3433 3111 3707 3186 magniﬁ-

2057 3190 2318 3249 centiam
2348 3192 2669 3250 ostendens
2727 3195 3106 3269 largitionis:
3162 3196 3498 3255 ministeria
3544 3216 3703 3267 vero,

2059 3279 2281 3337 docens
2310 3281 2403 3338 his
2433 3299 2554 3340 non
2585 3283 2800 3341 debere
2832 3286 3036 3341 extolli
3063 3303 3165 3344 eos
3188 3288 3285 3359 qui
3319 3292 3700 3360 acceperunt.

2056 3362 2160 3426 sed
2190 3386 2326 3427 cum
2356 3371 2787 3437 moderatione.
2816 3374 3121 3448 animique
3148 3376 3442 3432 modestia
3464 3393 3615 3443 esse,
3640 3382 3706 3433 ut

2056 3458 2156 3530 qui
2179 3458 2248 3515 ad
2276 3454 2627 3534 obsequium
2646 3478 2719 3518 ac
2741 3463 3140 3521 ministerium
3163 3457 3569 3538 proximorum
3615 3482 3706 3522 vo-

2057 3548 2171 3604 cati
2195 3555 2592 3621 assequantur
2620 3548 2778 3608 bona
2823 3554 3162 3624 praesentia.
3221 3555 3476 3611 Rursum
3504 3560 3707 3611 autem

2056 3638 2433 3710 operationes
2462 3638 2627 3707 dicit,
2661 3640 2852 3715 ipsam
2885 3641 3230 3715 signiﬁcans
3261 3643 3576 3698 actionem.
3640 3644 3711 3697 Et

2055 3727 2368 3784 considera
2396 3728 2712 3802 diligenter
2741 3748 2857 3803 quo
2890 3731 3066 3786 modo
3100 3732 3541 3787 sanctissimum
3576 3726 3705 3801 Spi~

2053 3817 2234 3873 ritum
2264 3821 2468 3890 aperte
2502 3818 2689 3875 Deum
2720 3836 2788 3875 ac
2820 3820 3136 3875 Dominum
3168 3817 3706 3891 praedicaverit.Di-

2054 3922 2195 3962 cens
2226 3906 2383 3963 enim
2412 3923 2427 3961 :
2466 3930 2487 3956 ι
2523 3906 2848 3963 Divisiones
2879 3914 3078 3965 autem
3110 3906 3402 3963 donorum
3433 3906 3704 3972 sunt,sed

2053 3997 2212 4053 idem
2244 3996 2515 4069 Spiritus,
2550 4019 2579 4045 »
2612 4003 2671 4053 et
2699 4010 2939 4054 rursum
2971 3997 3043 4054 de
3075 4014 3253 4070 Opere
3286 3995 3651 4074 subjungens
3686 4015 3699 4054 :

2053 4109 2080 4137 ‹‹
2105 4086 2510 4141 Etdivisiones
2524 4082 2993 4143 ministeriorum
3017 4092 3175 4158 sunt,
3214 4088 3374 4145 idem
3418 4105 3555 4146 vero
3587 4084 3701 4146 Do-

2054 4173 2288 4233 minus:
2318 4195 2339 4222 ι
2367 4171 2581 4229 deinde
2606 4173 2669 4230 in
2691 4174 2899 4230 eadem
2921 4175 3117 4233 adhuc
3158 4193 3407 4233 manens
3459 4182 3702 4235 senten-

2053 4262 2155 4330 tia,
2185 4260 2286 4317 ubi
2317 4259 2468 4317 dixit
2498 4278 2511 4318 :
2550 4283 2577 4309 «
2606 4263 2675 4319 Et
2706 4262 3024 4320 divisiones
3072 4264 3489 4339 operationum
3541 4268 3699 4332 sunt,

2050 4349 2157 4407 sed
2186 4348 2341 4405 idem
2375 4356 2464 4406 est
2491 4351 2684 4420 Deus;
2718 4352 2899 4409 simul
2930 4352 2993 4411 in
3025 4371 3208 4411 unum
3254 4353 3563 4429 conjunglt
3618 4351 3704 4409 di-

2050 4455 2221 4498 cens:
2246 4462 2273 4489 «
2299 4439 2631 4513 Unicuique
2660 4458 2798 4498 vero
2821 4443 2996 4501 datur
3016 4440 3423 4502 manifestatio
3451 4438 3703 4515 Spiritus

282 4526 435 4602 ἔταξε
482 4534 824 4603 Πνεύματος.
882 4533 1064 4592 Πάντα
1112 4534 1219 4610 γὰρ
1276 4534 1375 4588 ὃσα
1430 4537 1712 4608 προεῖπεν,
1744 4530 1820 4593 εἷς
1843 4532 1940 4602 τὴν

2054 4530 2129 4588 ad
2159 4528 2219 4586 id
2245 4528 2405 4602 quod
2437 4528 2673 4602 expedit
2705 4548 2720 4599 ;
2757 4554 2784 4582 »
2818 4532 3139 4589 ostendens
3170 4532 3329 4605 quod
3355 4536 3414 4589 et
3462 4528 3616 4587 Deus
3647 4535 3708 4588 et

287 4624 389 4677 τοῦ
419 4620 743 4696 Πνεύματος
803 4626 1023 4696 συν-ἧξεν
1088 4623 1404 4690 ὑπόστασιν,
1435 4622 1499 4678 οὗ
1534 4622 1696 4697 μόνον
1729 4617 1821 4677 διὰ
1846 4624 1944 4676 τοῦ

290 4710 488 4783 εἰπεῖν,
520 4735 550 4764 ιι
585 4713 830 4787 ’Βκάστῳ
877 4711 1087 4769 δίδοται
1143 4717 1181 4785 ἡ
1239 4713 1538 4789 φανέρωσις
1572 4714 1669 4767 τοῦ
1698 4710 1946 4785 Ιινεύμα-

289 4820 408 4873 τος,
439 4823 469 4856 ››
503 4799 655 4858 ἀλλὰ
681 4802 773 4858 καὶ
804 4799 896 4858 διὰ
924 4805 1026 4872 τῆς
1071 4800 1262 4881 ipsa};
1308 4806 1417 4858 τῶν
1450 4801 1807 4877 χαρισμάτων
1840 4799 1945 4855 ἀπ·

296 4894 669 4967 αριθμήσεωε.
701 4892 881 4948 Πάντα
925 4894 1030 4970 γὰρ
1088 4889 1180 4949 διά
1232 4890 1329 4948 τοῦ
1363 4890 1671 4965 Πνεύματος
1704 4888 1947 4955 δίδοσθαι

297 4977 644 5040 διατείνεται.
720 4982 824 5039 Καὶ
911 4980 1470 5059 συγκεφαλαιούμενος
1545 4978 1712 5036 πάλιν
1780 4978 1946 5054 λέγει’

296 5095 327 5123 ι(
361 5071 544 5129 Πάντα
584 5068 642 5127 δὲ
672 5076 843 5128 ταῦτα
895 5071 960 5127 τὸ
1017 5065 1070 5126 ἕν
1126 5070 1217 5127 καὶ
1270 5071 1332 5127 τὸ
1388 5069 1524 5128 αὐτὸ
1554 5074 1774 5143 Πνεῦμα
1802 5067 1949 5143 ἐνερ-

294 5164 405 5235 γεῖ.
437 5185 469 5215 τι
530 5162 692 5218 Ὥστε
733 5161 960 5239 φανερὸν
1012 5158 1098 5217 ὅτι
1140 5159 1204 5215 τὸ
1258 5158 1517 5233 πανάγιον
1566 5163 1806 5232 Πνεῦμα,
1861 5156 1951 5213 καὶ

298 5250 506 5324 Κύριον
554 5250 645 5307 καὶ
692 5251 827 5308 Θεὸν
881 5247 1153 5324 λαμπρῶς
1201 5247 1291 5305 καὶ
1339 5245 1641 5323 διαῤῥήδην
1669 5246 1893 5303 ἐνταῦθα
1924 5245 1953 5300 6

291 5344 441 5404 θεῖος
475 5339 691 5401 Παῦλος
725 5338 995 5415 θεολογεῖ.
1029 5337 1095 5397 Et
1130 5335 1190 5394 δέ
1218 5358 1300 5401 τις
1346 5337 1409 5394 τὸ
1461 5337 1555 5409 μὲν
1605 5338 1826 5410 Πνεῦμα
1865 5333 1951 5391 ἐπὶ

291 5431 392 5485 τοῦ
450 5428 609 5502 ἁγίου
667 5428 986 5503 Πνεύματος
1043 5421 1293 5495 ὶκλάεοι,
1361 5426 1424 5482 τὸ
1477 5423 1535 5481 δὲ
1596 5424 1807 5501 -Κύριος
1864 5424 1954 5479 καὶ

292 5518 448 5588 Θεὸς,
494 5518 559 5573 τὸ
623 5518 717 5593 μὶν
770 5517 859 5574 ἐπὶ
916 5517 1014 5573 τοῦ
1069 5517 1222 5585 Υἱοῦ,
1268 5515 1331 5571 τὸ
1380 5512 1438 5570 δὲ
1478 5514 1565 5569 ἐπὶ
1595 5518 1692 5569 τοῦ
1722 5515 1954 5588 Πατρὸς,

294 5609 384 5663 καὶ
420 5606 594 5670 οὕτως
627 5605 780 5663 οὐδὲν
834 5609 997 5676 ἧττον
1051 5607 1086 5675 ἣ
1138 5626 1198 5661 τε
1254 5603 1513 5678 κυριότης
1573 5604 1660 5659 καὶ
1698 5605 1733 5672 ἠ
1765 5604 1957 5674 θεότης

2055 4618 2341 4676 Dominus
2399 4618 2642 4691 Spiritui
2702 4626 2905 4677 sancto
2956 4622 3263 4694 aptaverit.
3324 4623 3704 4692 Quaacunque

2056 4709 2217 4766 enim
2255 4707 2553 4783 praedixit,
2582 4709 2644 4765 in
2672 4708 2924 4782 Spiritus
2955 4726 3272 4784 personam
3305 4704 3540 4779 clausit,
3584 4725 3707 4769 non

2058 4817 2129 4856 ex
2159 4817 2226 4856 eo
2259 4799 2453 4856 solum
2476 4797 2634 4870 quod
2654 4798 2834 4855 dixit:
2864 4822 2891 4849 ‹‹
2940 4799 3271 4873 Unicuique
3320 4799 3495 4856 datur
3523 4797 3710 4856 mani-

2056 4889 2292 4946 festatio
2310 4887 2621 4961 Spiritus,»
2635 4904 2839 4945 verum
2858 4889 3037 4946 etiam
3071 4907 3179 4962 per
3223 4895 3572 4962 sequentem
3599 4887 3704 4945 do-

2059 4995 2275 5037 norum
2308 4976 2843 5034 enumerationem.
2878 4980 3023 5035 Nam
3054 4979 3258 5037 omnia
3280 4996 3387 5053 per
3424 4974 3709 5051 Spiritum

2062 5064 2187 5127 dari
2219 5070 2520 5123 asseverat
2552 5081 2565 5120 :
2602 5082 2960 5141 rursumque
2996 5067 3059 5124 in
3088 5085 3383 5126 summam
3414 5067 3709 5143 redigens,

2062 5156 2147 5212 ait
2175 5172 2189 5210 :
2223 5178 2249 5205 (ι
2288 5155 2420 5210 Haec
2450 5157 2649 5209 autem
2681 5154 2882 5210 omnia
2914 5160 3197 5227 operatur
3225 5172 3380 5215 unus
3431 5155 3710 5229 idemque

2064 5243 2343 5319 Spiritus.
2384 5264 2411 5291 »
2443 5241 2820 5300 Manifestum
2846 5244 3046 5316 itaque
3080 5250 3173 5302 est
3200 5245 3361 5318 quod
3399 5243 3711 5302 sanctissi-

2066 5350 2231 5392 mum
2263 5331 2566 5404 Spiritum,
2606 5331 2786 5388 Deum
2817 5350 2885 5390 ac
2915 5334 3233 5391 Dominum
3267 5351 3419 5403 esse,
3456 5326 3615 5392 clare
3655 5338 3715 5391 et

2067 5428 2268 5497 aperte
2298 5421 2407 5476 hoc
2441 5420 2571 5475 loco
2603 5419 3020 5502 divus‘Paulus
3050 5423 3710 5490 divinitusasseruerit;

2067 5512 2232 5580 Quod
2253 5512 2301 5566 si
2320 5508 2453 5582 quis
2477 5510 2761 5582 Spiritum
2780 5514 3017 5583 quidem
3036 5514 3109 5570 ad
3136 5504 3418 5587 Spiritum
3442 5519 3713 5569 sanctum

2068 5604 2285 5660 referat
2316 5619 2330 5658 :
2366 5600 2683 5657 Dominum
2717 5619 2850 5658 vero
2881 5621 2948 5660 ac
2994 5605 3203 5674 Deum,
3236 5603 3385 5687 illud
3415 5620 3604 5683 ,sane.
3638 5599 3712 5655 ad
