4158 6194
581 352 698 413 815

1702 347 1948 411 OECUM
1963 346 2120 408 ENll
2171 346 2476 408 'l‘RlCCxE
2519 347 2873 412 EPISCOPI

3849 354 3949 416 816

584 489 817 551 Filium,
852 487 961 540 hoc
991 489 1189 538 autem
1221 481 1294 537 ad
1329 483 1562 537 Patrem
1595 501 1607 536 :
1643 483 1754 538 hoc
1785 501 2027 555 quoque
2058 485 2214 540 mod:

2347 476 2398 549 ἐξ
2459 479 2635 535 αὐτῶν
2688 480 2896 535 τούτων
2958 487 3437 556 μαρτυρηθήσεται
3495 488 3574 556 τῷ
3639 482 3767 558 ἁγίῳ
3811 486 3956 540 [1νεῦ-

583 574 977 630 nibilominus
999 572 1337 627 dominatio
1356 589 1421 626 ac
1437 571 1626 627 deitas
1649 589 1718 626 ex
1739 572 1950 628 borum
1966 575 2232 646 ipsorum

582 662 924 717 testimonio
951 661 1194 732 Spiritui
1219 666 1421 715 sancto
1446 660 1866 716 attribuentur.
1890 663 1998 728 Qui
2033 670 2232 718 autem

582 754 641 804 et
671 748 974 820 quomodo
1009 749 1069 804 id
1100 748 1206 804 fiet
1231 749 1259 804 Ἰ
1289 749 1554 803 Primum
1588 749 1830 820 quidem
1888 750 2029 820 quia
2085 750 2235 805 divi-

583 837 778 893 dendo
810 838 988 906 dona,
1023 838 1125 892 ubi
1157 837 1305 892 dixit
1335 838 1777 892 sanctissimum
1813 838 2118 910 Spiritum,
2153 839 2236 893 ait

580 925 839 998 idipsum
864 927 1097 998 operari
1123 927 1438 981 Dominum
1463 943 1529 981 ac
1552 927 1758 983 Deum.
1785 931 1986 998 itaque
2009 944 2076 982 ea
2099 944 2231 998 quas

581 1023 862 1086 operatur
893 1017 1163 1088 Spiritus,
1201 1016 1326 1070 haec
1355 1021 1412 1070 et
1460 1016 1748 1070 Dominus
1803 1015 2230 1083 dominatione,

579 1110 638 1159 et
673 1107 828 1160 Deus
859 1105 1078 1160 deitate
1111 1110 1455 1175 operantur.
1487 1105 1692 1159 Merito
1715 1121 1854 1177 ergo
1872 1105 2077 1161 eadem
2099 1122 2230 1177 Ope-

579 1194 733 1248 ranti
769 1194 1012 1266 Spiritui
1040 1201 1099 1249 et
1133 1195 1462 1248 dominatio
1521 1193 1690 1248 adest
1744 1193 1875 1248 Filii
1929 1201 1986 1248 et
2042 1195 2230 1250 deitas

579 1284 768 1339 Patris
804 1301 816 1337 :
851 1284 1101 1355 Spiritus
1133 1284 1310 1355 igitur
1335 1290 1392 1337 et
1420 1285 1568 1338 Deus
1592 1289 1682 1337 est
1724 1288 1782 1336 et
1825 1285 2128 1339 Dominus.
2163 1285 2232 1339 Et

578 1373 813 1427 videtur
846 1373 993 1427 mihi
1027 1373 1195 1427 divus
1229 1373 1450 1428 Paulus
1506 1379 1822 1443 propterea
1877 1372 1949 1428 de
2008 1375 2228 1445 Spiritu

578 1461 818 1532 quidem
847 1460 1140 1532 personali
1172 1478 1316 1515 usus
1348 1477 1476 1514 esse
1508 1461 1770 1528 nomine,
1806 1462 1954 1518 581
1994 1462 2064 1517 de
2082 1463 2226 1517 Filio

577 1558 777 1606 autem
811 1556 869 1605 et
898 1551 1090 1614 Patre,
1125 1550 1544 1604 communibus
1580 1568 1592 1603 :
1627 1557 1691 1604 ut
1730 1551 2228 1622 perspicientibus

577 1639 784 1695 liceret
813 1640 885 1694 ab
920 1640 1231 1694 identitate
1262 1640 1628 1710 operationis
1661 1639 2033 1694 identitatem
2057 1641 2230 1696 colli-

575 1745 712 1799 gere
739 1728 1118 1784 substantias:
1145 1735 1202 1783 et
1224 1728 1351 1799 ipsa
1375 1729 1620 1783 nomina
1638 1729 1923 1783 Dominus
1955 1746 2022 1784 ac
2050 1731 2222 1797 Deus,

2343 588 2491 639 ματι.
2527 573 2650 632 Πῶς
2698 569 2788 624 καὶ
2847 569 2969 625 τίνα
3023 571 3272 644 τρόπονς
3329 577 3554 646 Πρῶτον
3591 571 3683 643 μὶν
3711 572 3789 627 ὅτι
3836 570 3956 628 διαιο

2339 662 2450 729 ρεῐν
2509 657 2575 712 τὰ
2629 657 2950 736 χαρίσματα
3008 658 3179 714 εἰπὼν
3238 661 3301 715 τὸ
3355 659 3617 734 πανέγιον
3666 663 3885 733 Ιινεῦμα,
3907 665 3959 718 τὸ

2340 745 2474 800 αὐτὸ
2505 749 2666 800 τοῦτο
2691 747 2950 820 πράττειν
2981 748 3072 802 καὶ
3103 749 3195 803 τὸν
3254 747 3457 824 Κύριον
3486 750 3575 804 καὶ
3609 748 3696 804 τὸν
3728 749 3843 804 Θεὸν
3869 773 3959 829 οη-

2338 855 2443 889 σιν.
2474 835 2634 890 Ὥστε
2664 837 2797 910 ἅπερ
2857 834 3062 913 ἐνεργεῖ
3116 837 3178 892 τὸ
3235 842 3473 912 Πνεῦμα,
3520 842 3687 892 ταῦτα
3715 838 3848 892 καὶὸ
3876 841 3957 895 Κύο

2339 944 2452 1000 ριος
2482 929 2551 1000 τῇ
2592 927 2903 1001 κυριότητι,
2961 928 3049 982 καὶ
3105 929 3133 982 6
3195 928 3324 991 Θεὸς
3392 933 3462 1003 τῇ
3515 928 3952 1003 θεότητιένεργεῖ.

2339 1014 2579 1079 Εἰκότως
2607 1017 2709 1090 ἄρα
2759 1017 2825 1070 τὰ
2883 1017 3022 1072 αὐτὰ
3080 1016 3384 1094 ἐνεργοῦντι
3435 1023 3518 1091 τῷ
3571 1020 3953 1092 Ηνεύματι,καὶ

2336 1105 2370 1171 ἠ
2402 1105 2662 1179 κυριότης
2703 1105 2922 1180 ὑπάρξει
2982 1111 3079 1160 τοῦ
3137 1108 3288 1176 Υἱοῦ,
3336 1109 3425 1162 καὶ
3458 1110 3494 1177 ἡ
3527 1109 3717 1177 Θεότης
3743 1113 3831 1163 τοῦ
3859 1115 3952 1164 Πα-

2335 1191 2480 1266 τρός.
2542 1199 2703 1249 Ὥστε
2752 1195 2815 1249 τὸ
2877 1199 3116 1269 Πνεῦμα,
3187 1197 3277 1250 καὶ
3329 1197 3530 1270 Κύριος
3580 1198 3668 1252 καὶ
3697 1198 3837 1258 Θεός.
3867 1198 3952 1255 Καί

2339 1301 2432 1353 μοι
2467 1279 2730 1336 δοκεῖκαὶ
2789 1283 2816 1336 6
2871 1283 3150 1345 Θεσπέσιος
3216 1282 3430 1346 Παῦλος
3463 1281 3552 1338 διὰ
3583 1289 3741 1340 τοῦτο
3772 1284 3849 1340 ἐπὶ
3876 1287 3950 1357 μὶν

2332 1375 2428 1424 τοῦ
2463 1370 2799 1444 Πνεῦματος,
2850 1375 2930 1443 τῷ
2981 1371 3329 1445 ὑποστατικῷ
3382 1371 3612 1445 ὀνόματι
3657 1375 3950 1452 χρήσασθαι,

2333 1457 2421 1513 ἐπὶ
2476 1456 2533 1514 δὲ
2589 1461 2716 1514 Υἱοῦ
2765 1459 2855 1514 καὶ
2911 1464 3008 1514 τοῦ
3069 1460 3300 1535 ΙῙατρὸς,
3360 1466 3480 1522 τοῖς
3539 1467 3738 1523 κοινοῖς
3775 1461 3853 1516 ’ἱνα
3878 1460 3951 1535 ἐξῇ

2333 1553 2449 1608 τοῖς
2480 1554 2800 1623 συνορῶσιν,
2842 1549 2949 1604 ἀπὸ
3003 1557 3103 1619 τῆς
3151 1551 3488 1619 ταυτότητος
3543 1558 3644 1620 τῆς
3697 1549 3950 1626 ἐνεργείας,

2331 1640 2430 1705 τὴν
2463 1639 2769 1706 ταυτότητα
2824 1646 2924 1708 τῆς
2980 1639 3191 1707 οὐσίας,
3251 1641 3343 1694 καὶ
3389 1640 3459 1694 τὰ
3490 1641 3627 1696 αὐτὰ
3657 1640 3881 1713 ὀνόματα
3903 1641 3952 1693 τὸ

2334 1726 2534 1800 Κύριος
2561 1729 2652 1782 καί
2684 1729 2838 1793 Θεὸς,
2869 1729 3003 1782 κατὰ
3055 1729 3154 1797 τὴν
3203 1729 3517 1799 ταυτότητα
3545 1735 3644 1799 τῆς
3673 1727 3854 1788 οὐσίας
3881 1727 3950 1782 ἐπὶ

574 1818 1213 1890 prOpteridentitatem
1246 1818 1560 1872 subtantim
1593 1817 1667 1872 de
1728 1819 1947 1889 Spiritu
2001 1819 2214 1905 intelli-

2331 1817 2430 1868 τοῦ
2489 1813 2800 1886 Ηνεῦματος
2855 1810 3233 1888 ἐκλαμϐάνειν.
3277 1815 3357 1872 Οὐ
3421 1816 3589 1889 μόνον
3649 1813 3702 1870 δὲ
3758 1815 3811 1870 ἐκ
3859 1821 3949 1869 τῶν

573 1924 733 1980 gere.
763 1907 884 1963 Non
907 1908 1099 1962 solum
1132 1912 1330 1962 autem
1363 1923 1431 1962 ex
1469 1908 1560 1962 his
1593 1925 1723 1978 qua)
1754 1907 1910 1962 dicta
1937 1915 2073 1963 sunt
2126 1894 2224 1964 de-

577 2002 944 2052 monstratur
975 1996 1301 2052 dominatio
1334 2014 1402 2051 ac
1448 1997 1635 2052 deitas
1689 1997 1960 2068 Spiritus,
2019 2015 2220 2054 verum

579 2087 756 2140 etiam
785 2103 851 2140 ex
886 2101 954 2140 ea
985 2103 1116 2156 qua:
1149 2085 1447 2157 colligitur
1476 2086 1803 2141 summaria
1843 2086 2218 2142 collectione.

576 2178 832 2232 Rursum
863 2176 1022 2231 enim
1056 2177 1137 2231 ibi
1172 2177 1316 2231 dicit
1373 2176 1636 2247 apertius
1671 2193 1684 2230 :
1735 2199 1762 2225 «
1830 2178 1962 2232 Haec
2021 2179 2223 2234 omnia

575 2271 853 2336 operatur
873 2283 1027 2320 unus
1050 2266 1327 2336 idemque
1352 2265 1625 2336 Spiritus,
1650 2265 1917 2321 dividens
1948 2267 2219 2339 peculia-

571 2355 716 2410 riter
731 2355 1084 2425 unicuique.
1111 2376 1139 2404 »
1165 2354 1476 2419 Quomodo
1501 2355 1789 2426 PPropria
1830 2361 2122 2426 potestate
2153 2373 2219 2412 ac

569 2443 861 2500 dominio.
895 2443 1195 2510 Aitenim,
1229 2466 1256 2492 «
1295 2443 1455 2498 Sicut
1489 2443 1631 2497 vult.
1667 2466 1695 2492 ››
1729 2443 1933 2514 Itaque
1967 2445 2014 2499 si
2063 2461 2220 2516 quaa-

568 2550 801 2603 cunque
830 2535 1083 2588 Paterac
1107 2532 1288 2587 Filius
1329 2537 1673 2604 operantur,
1724 2532 1849 2586 haec
1883 2539 1940 2586 et
1967 2533 2217 2603 Spiritus

567 2621 736 2686 facit,
760 2621 938 2692 idque
964 2622 1290 2676 sicutDeus
1309 2638 1376 2676 ac
1399 2621 1686 2675 Dominus
1709 2621 1885 2678 facit:
1921 2638 2059 2676 nam
2093 2622 2216 2677 sic-

568 2716 636 2766 ut
664 2711 787 2766 vult
817 2711 896 2766 ita
924 2711 1084 2776 facit,
1118 2711 1241 2766 vult
1269 2716 1467 2767 autem
1501 2710 1779 2765 videlicet
1818 2717 1882 2766 ut
1933 2717 2216 2782 tanquam

570 2800 722 2855 Deus
756 2817 824 2856 ac
857 2801 1165 2856 Dominus.
1199 2801 1367 2856 Absit
1400 2801 1560 2855 enim
1592 2805 1657 2854 ut
1686 2801 1984 2854 contraria
2041 2801 2117 2855 sit
2154 2801 2216 2854 in

571 2890 656 2944 eis
680 2890 970 2947 voluntas.
988 2891 1362 2947 Manifestum
1383 2889 1540 2961 quod
1581 2889 1832 2961 Spiritus
1880 2895 1937 2944 et
1961 2890 2112 2944 Deus
2143 2890 2218 2944 sit

574 2985 633 3032 et
654 2979 942 3036 Dominus
968 2998 980 3035 :
1005 2981 1246 3053 propria
1269 2981 1428 3035 enim
1461 2979 1812 3034 auctoritate
1857 2984 1914 3032 et
1939 2979 2130 3034 Patris
2161 2983 2220 3034 et

571 3068 702 3122 Filii
721 3086 899 3141 opera
913 3069 1072 3136 facit,
1098 3074 1154 3123 et
1173 3075 1455 3140 tanquam
1475 3066 1839 3121 Dominusac
1873 3069 2022 3121 Deus
2056 3066 2216 3134 facit,

573 3165 633 3213 et
661 3162 863 3215 omnia
891 3161 1049 3216 facit.
1097 3159 1719 3217 ’Animadvertendem
1765 3162 1855 3212 est
1903 3163 2103 3213 autem
2161 3162 2219 3212 et

2334 1902 2634 1976 εἰρημένων
2675 1906 2709 1973 ἡ
2763 1905 3024 1980 κυριότης
3083 1905 3171 1959 καὶ
3231 1905 3428 1975 Θεότης
3480 1903 3847 1960 ἀποδείκνυται
3872 1907 3948 1957 τοῦ

2333 1992 2666 2066 Πνεύματος,
2721 1992 2869 2048 ἀλλὰ
2920 1995 3009 2049 καὶ
3067 1995 3126 2049 ἐκ
3181 2002 3282 2064 τῆς
3336 1994 3680 2072 ἐπαγομένης
3717 2015 3948 2071 συγκεφα-

2333 2078 2639 2143 λαιώσεως.
2699 2083 2846 2153 Φησὶ
2894 2084 2996 2159 γὰρ
3044 2085 3133 2138 καὶ
3177 2084 3401 2138 ἐνταῦθα
3440 2082 3608 2138 πάλιν
3641 2082 3944 2160 σαφέστερον,

2331 2171 2416 2224 ὅτι
2448 2197 2474 2222 «
2509 2172 2687 2225 Πάντα
2715 2175 2884 2226 ταῦτα
2913 2171 3120 2248 ἐνεργεῖ
3164 2173 3227 2227 τὸ
3271 2169 3326 2227 ’ἐν
3374 2173 3466 2228 καὶ
3496 2174 3559 2228 τὸ
3590 2172 3716 2227 αὐτὸ
3745 2175 3944 2242 Πνεῦμα,

2331 2254 2576 2332 διαιροῦν
2641 2255 2750 2330 ἰδίᾳ
2804 2261 3035 2332 ἑκάστῳ.
3071 2284 3098 2311 ››
3159 2266 3322 2328 [1th;
3381 2261 3850 2336 Αὐτοκρατορικῶς
3874 2257 3944 2312 καὶ

2329 2350 2554 2422 κυρίως.
2622 2373 2648 2402 ιι
2703 2351 2895 2412 Καθὼς
2946 2351 3046 2427 γὰρ
3109 2349 3387 2427 βούλεται,
3439 2375 3467 2402 ι)
3531 2351 3712 2429 φησίν.
3753 2352 3888 2404 Ὥστε
3911 2358 3947 2409 i’a,

2327 2439 2501 2492 πάντα
2529 2439 2562 2492 ἃ
2602 2440 2629 2492 6
2663 2440 2849 2514 Πατήρ
2909 2439 2998 2494 καὶ
3060 2441 3088 2494 6
3148 2441 3273 2502 Υἱὸς
3329 2439 3555 2517 ἐνεργεῖ,
3593 2445 3757 2494 ταῦτα
3783 2437 3939 2492 καὶτὸ

2328 2531 2546 2600 Πνεῦμα
2575 2533 2743 2597 ποιεῖ,
2791 2528 2882 2583 καὶ
2940 2534 3134 2593 θεῖκῶς
3191 2530 3279 2585 καὶ
3335 2530 3540 2604 κυρίως
3572 2533 3716 2584 ποιεῖ
3737 2528 3825 2600 (ὡς
3849 2525 3933 2598 γὰρ

2333 2613 2592 2690 βούλεται
2619 2616 2790 2679 οὕτως
2819 2622 2986 2674 ποιεῖ.
3034 2615 3300 2674 Βούλεται
3357 2616 3417 2673 δὲ
3479 2616 3754 2688 δηλονότι,
3783 2612 3933 2685 ὥσπερ

2327 2704 2355 2757 6
2391 2704 2586 2778 Κύριος
2613 2705 2705 2759 καὶ
2751 2707 2778 2761 6
2832 2707 2983 2768 Θεός’
3045 2707 3116 2762 Οὐ
3175 2710 3278 2784 γάρ
3311 2709 3456 2762 ἐστιν
3486 2707 3742 2777 ἀντίξουν,
3774 2703 3938 2777 ἄπαγε,

2329 2791 2636 2867 βούλημα),
2700 2795 2922 2873 φανερὸν
2983 2796 3058 2858 ὡς
3112 2797 3204 2850 καὶ
3266 2795 3462 2870 Κύριος
3513 2795 3574 2850 ἄν
3607 2795 3687 2864 εἳη
3719 2793 3938 2848 161MB-

2331 2903 2406 2955 μα
2451 2881 2540 2938 καὶ
2570 2883 2722 2947 Θεός.
2779 2883 3268 2960 Αὐτοκρατορικῶς
3312 2905 3370 2940 τε
3417 2886 3524 2960 γὰρ
3555 2883 3620 2938 τὰ
3651 2881 3840 2954 Πατρὸς
3864 2875 3936 2930 κάὶ

2327 2972 2455 3025 Υἱοῦ
2511 2967 2646 3047 ἔργα
2701 2979 2871 3042 ποιεῖ,
2927 2974 3016 3028 καὶ
3075 2974 3151 3036 ὡς
3208 2973 3415 3050 Κύριος
3474 2975 3563 3028 καὶ
3622 2972 3742 3032 Θεὸς
3794 2971 3934 3031 ποιεῖ,

2326 3061 2412 3115 καὶ
2446 3062 2618 3117 πάντα
2647 3067 2815 3120 ποιεῖ.
2875 3064 3312 3137 Ἐπισημειῶσαι
3347 3061 3405 3118 δὲ
3457 3061 3540 3118 δεῖ
3587 3061 3671 3116 καὶ
3701 3063 3841 3114 τοῦτο
3875 3055 3935 3114 ὡς

2329 3150 2381 3204 ἐν
2428 3149 2765 3225 πορίσματος
2827 3153 2994 3226 μοίρᾳ
3049 3153 3332 3230 ἀναφανὲν,
3387 3158 3510 3214 πῶς
3559 3152 3620 3206 τὸ
3650 3149 3770 3205 αὐτὸ
3798 3148 3936 3201 Πνεῦ-

572 3247 683 3301 hoc
735 3255 1016 3319 tanquam
1076 3250 1199 3304 vice
1262 3248 1559 3304 corollarii
1619 3246 2007 3316 declaratum,
2059 3247 2214 3318 quod

2333 3260 2406 3312 μα
2437 3220 2672 3315 ἐνεργεῖν
2723 3220 3174 3319 ἀποιραινδμενος.
3217 3242 3448 3312 ἅπαντα,
3491 3239 3688 3295 ἄλλοτε
3735 3237 3817 3310 μὲν
3859 3236 3930 3304 τῇ,

572 3336 895 3390 ostendens
927 3336 1202 3390 eumdem
1237 3337 1518 3406 Spiritum
1553 3336 1755 3390 omnia
1787 3336 2039 3406 operari,
2078 3335 2218 3391 alibi

571 3422 812 3490 quidem
830 3439 976 3479 usus
1001 3424 1077 3478 sit
1103 3425 1522 3494 praepositione
1551 3421 1708 3489 κατὰ,
1760 3424 1818 3477 id
1868 3430 1977 3490 est,
2007 3441 2220 3480 secun-

572 3510 736 3577 dum,
772 3511 915 3566 alibi
948 3527 1082 3566 vero
1116 3507 1224 3578 διὰ,
1258 3512 1315 3564 id
1351 3518 1459 3577 est,
1493 3527 1617 3582 per,
1650 3511 1948 3566 interdum
1981 3529 2216 3583 quoque

566 3597 644 3665 ἐν,
684 3599 741 3654 id
778 3603 886 3666 est,
917 3599 1001 3669 in,
1031 3600 1351 3654 ostendens
1379 3599 1537 3670 quod
1567 3599 1724 3670 apud
1751 3599 1945 3670 ipsum
1979 3618 2214 3672 praepo-

566 3687 851 3744 sitionum
883 3706 1026 3744 usus
1061 3689 1136 3744 sit
1167 3689 1295 3744 sine
1326 3688 1691 3743 discrimine.
1728 3688 1823 3741 Ait
1855 3689 2013 3742 enim
2046 3712 2073 3738 ‹‹
2124 3691 2216 3745 Se-

563 3778 825 3833 cundum
861 3779 1079 3851 ipsum,
1113 3785 1172 3834 et
1223 3796 1328 3852 per
1384 3779 1605 3850 ipsum,
1664 3783 1721 3830 et
1777 3777 1835 3831 in
1896 3777 2105 3848 ipso,»
2140 3779 2214 3834 de

565 3869 772 3924 eodem
804 3870 1101 3925 disserens
1124 3869 1344 3941 Spiritu
1378 3874 1601 3924 sancto.
1652 3868 1720 3920 Et
1759 3867 1851 3920 his
1899 3868 2085 3922 utitur
2139 3869 2213 3924 ad

564 3958 1033 4013 confutationem
1067 3975 1270 4014 eorum
1303 3958 1402 4029 qui
1437 3956 1765 4012 calumnias
1794 3957 2210 4013 struuntdeeo

566 4046 723 4114 quod
739 4047 1030 4102 diciturzu
1051 4049 1388 4119 Peripsum,
1409 4045 1858 4117 etexipso,etin
1894 4045 2020 4116 ipso
2062 4047 2103 4081 ³⁷
2129 4063 2142 4101 :
2173 4067 2202 4099 ι

564 4139 623 4187 et
645 4133 719 4188 ob
750 4134 1250 4192 dictiuncularum
1283 4135 1686 4190 diversitatem
1718 4134 1780 4188 in
1832 4133 2207 4206 blasphemas

558 4223 947 4296 cogitationes
977 4226 1322 4280 efferuntur.
1359 4247 1385 4274 «
1421 4223 1533 4278 Sed
1561 4223 1718 4279 idem
1750 4222 2022 4294 Spiritus.
2049 4247 2076 4274 »
2097 4227 2206 4278 Ne-

556 4329 855 4384 quaquam
889 4314 1236 4386 possibibile
1269 4318 1360 4368 est
1390 4331 1523 4368 eum
1557 4314 1661 4384 qui
1693 4329 1728 4368 a
1753 4312 1950 4368 divino
1983 4313 2203 4384 Spiritu

531 4396 748 4457 'motus
764 4402 1370 4473 operatur,Christum
1408 4420 1440 4457 a
1463 4403 1664 4457 divina
1701 4409 1913 4457 natura
1938 4401 2201 4456 alienum

550 4489 800 4544 deﬁnire
833 4506 846 4546 :
881 4491 984 4547 sed
1019 4507 1212 4562 neque
1243 4507 1480 4546 rursum
1515 4507 1545 4545 e
1577 4491 1809 4545 diverso
1843 4490 2101 4560 perfecte
2131 4507 2198 4546 ac

549 4579 779 4633 sincere
798 4585 992 4651 potest
1012 4579 1207 4650 ipsum
1227 4579 1497 4634 conﬁteri
1520 4583 1821 4649 potentem
1846 4594 1974 4631 esse
1997 4579 2205 4643 Deum,

2323 4571 2568 4640 ἑκούσας,
2600 4573 2628 4626 6
2658 4573 2719 4626 16
2749 4569 2979 4628 ἔλαττον
3014 4568 3198 4628 λαϐὼν
3231 4574 3478 4648 χάρισμα
3510 4571 3647 4644 ἀλγῇ
3686 4565 3754 4651 ὡς
3780 4556 3908 4651 ἐλατ-

546 4667 661 4722 nisi
697 4668 768 4724 ab
828 4670 991 4724 illius
1048 4669 1234 4742 gratia
1291 4669 1687 4724 illuminetur.
1724 4691 1744 4718 ι
1781 4668 1850 4721 Et
1879 4666 2199 4722 divisiones

551 4757 1014 4815 ministeriorem
1047 4765 1206 4814 sunt.
1243 4780 1271 4809 »
1306 4760 1386 4814 Ne
1417 4757 1635 4813 auditis
1668 4761 1896 4811 tantum
1925 4755 2119 4821 donis,
2149 4757 2198 4812 is

550 4843 648 4910 qui
684 4845 882 4900 minus
913 4848 1242 4920 accepisset
1269 4847 1490 4902 donum
1523 4851 1797 4919 ageretur
1826 4850 2107 4915 tanquam
2133 4846 2195 4902 in

549 4929 702 4986 dono
733 4934 1000 5004 inferior,
1026 4937 1349 5009 subjungit,
1375 4933 2195 5002 ministeriorum,ostendens

548 5020 726 5074 etiam
760 5022 1121 5079 laboriosum
1155 5025 1454 5095 quoddam
1486 5026 1571 5080 eis
1606 5025 1807 5080 datum
1830 5041 1958 5080 csse
1979 5030 2194 5095 myste-

543 5109 718 5164 rium.
755 5110 811 5165 Si
844 5127 980 5184 ergo
1012 5115 1270 5186 amplius
1303 5114 1500 5181 habet,
1536 5114 1596 5168 in
1630 5128 1690 5168 re
1724 5111 2022 5169 laboriosa
2077 5113 2191 5170 ali-

540 5196 683 5268 quid
733 5200 990 5273 amplius
1047 5201 1245 5258 habet.
1307 5226 1335 5254 ‹‹
1388 5205 1458 5257 Et
1513 5201 1834 5257 divisiones
1884 5204 2190 5272 operatio-

542 5301 684 5343 num
721 5295 877 5346 sunt.
943 5312 970 5339 »
1030 5292 1478 5364 Operationum,
1537 5293 1647 5348 hoc
1705 5297 1814 5360 est,
1873 5289 2184 5347 donorum.

533 5379 677 5432 Nam
712 5378 984 5436 eamdem
1015 5381 1133 5437 vim
1168 5380 1388 5437 habent
1419 5380 1664 5449 donum,
1693 5379 2090 5436 ministerium
2127 5385 2187 5434 et

517 5467 798 5538 operatio
834 5483 849 5524 :
884 5469 1027 5540 quia
1056 5470 1315 5544 aqualia
1346 5486 1584 5543 quoque
1617 5476 1757 5526 sunt
1787 5486 1918 5542 quas
1949 5485 1986 5524 a
2012 5469 2185 5524 Patre

603 5641 652 5679 ’7
681 5645 849 5700 Rom.
884 5647 964 5714 xi,
1000 5648 1091 5702 36.

2327 3328 2484 3397 κατὰ,
2559 3329 2831 3404 προθέσει,
2907 3334 3200 3408 κέχρηται,
3295 3329 3504 3385 ἄλλοτε
3577 3326 3631 3382 δὲ
3698 3329 3782 3398 τῇ,
3841 3319 3930 3408 διά,

2325 3416 2414 3468 καὶ
2472 3414 2638 3470 πάλιν
2697 3415 2866 3472 ἐνίοτε
3071 3415 3144 3487 ἕν,
3205 3415 3416 3479 δεικνὺς
3460 3417 3542 3472 δτι
3584 3415 3703 3489 παρ’
3729 3410 3856 3480 αὖτῷ
3899 3407 3923 3472 ἡ

2323 3507 2431 3556 τῶν
2498 3505 2803 3577 προθέσεων
2872 3511 3074 3580 χρῆσις
3140 3502 3461 3581 ἀδιάφορος.
3525 3529 3552 3556 ‹‹
3599 3502 3726 3560 Κατ’
3759 3495 3922 3553 αὐτὸ»

2324 3590 2450 3664 γὰρ,
2484 3592 2640 3670 φησὶ,
2663 3593 2775 3658 καὶ,
2801 3617 2827 3643 ‹‹
2854 3590 2924 3647 δι’
2947 3591 3171 3662 αὐτοῦ,››
3203 3594 3351 3663 καὶ,‹‹
3384 3592 3439 3648 ἐν
3469 3593 3638 3664 αὐτῷ,
3671 3614 3696 3640 ››
3723 3584 3830 3660 περὶ
3848 3583 3924 3636 τοῦ

2322 3677 2488 3733 αὐτοῦ
2548 3675 2936 3754 διαλαμϐάνων
2995 3680 3153 3756 ἁγίου
3195 3681 3530 3753 Πνεύματος.
3592 3677 3690 3737 Καὶ
3743 3671 3919 3730 τούτοις

2323 3766 2398 3828 εἷς
2428 3763 2661 3843 ἔλεγχον
2693 3769 2877 3844 χρήσῃ
2904 3775 3012 3824 τῶν
3041 3755 3490 3845 λεσχηνευόντων
3525 3768 3645 3843 περὶ
3674 3769 3781 3832 τοῦ,
3809 3784 3833 3812 ι‹
3857 3755 3919 3814 Δι’

2323 3856 2506 3922 αὐτοῦ,
2537 3858 2626 3911 καὶ
2657 3855 2707 3930 ἐξ
2739 3858 2926 3928 αὐτοῦ,
2957 3857 3070 3925 καὶ,
3121 3857 3172 3913 ἐν
3223 3856 3390 3931 αυτῷ,
3429 3885 3452 3914 ι
3488 3857 3576 3914 καὶ
3605 3853 3686 3909 διὰ
3713 3859 3801 3920 τῆς
3827 3849 3918 3901 ἔτι·

2320 3945 2548 4022 ρὸτητος
2593 3947 2700 4001 τῶν
2761 3944 3055 4017 λεξειδίων,
3116 3946 3192 4008 είς
3251 3945 3615 4027 βλασφήμους
3646 3940 3830 3998 ἐννοίας

2317 4038 2624 4112 αγομένων.
2659 4061 2686 4088 ‹‹
2721 4038 2793 4093 Τὸ
2823 4033 2879 4091 δὲ
2937 4037 3072 4092 αὐτὸ
3137 4043 3372 4111 Πνεῠμα.
3410 4022 3440 4089 ᾧ»
3499 4036 3614 4110 Οὐχ
3643 4032 3746 4088 οἶόν
3770 4047 3820 4082 τε
3843 4022 3913 4078 τὸν

2317 4127 2420 4181 ὑπὸ
2476 4131 2572 4180 τοῦ
2628 4125 2775 4190 θείου
2833 4127 3151 4200 ΙΙνεῦματος
3202 4127 3617 4204 ἐνεργούμενον,
3664 4119 3914 4204 ἀλλότριον(

2309 4221 2410 4284 τῆς
2439 4215 2582 4276 θείας
2640 4214 2848 4293 φύσεως
2903 4197 2994 4270 τὸν
3053 4197 3298 4292 Χριστὸν,
3334 4197 3638 4296 *ἀποφῆναῃ
3685 4197 3915 4296 ἀλλὀξῖδ’

2311 4303 2376 4358 αὖ
2405 4302 2572 4360 πάλιν
2615 4292 2838 4360 δυνατὸν
2867 4305 3025 4360 αὐτὸν
3060 4306 3376 4380 οίλικρινῶς
3424 4304 3760 4380 ὁμολογῆσαι
3788 4292 3909 4380 Θεὸν,

2314 4394 2389 4466 μή
2433 4394 2520 4448 ὑπ’
2551 4393 2757 4466 ἐκείνης
2788 4401 2889 4464 τῆς
2919 4396 3145 4470 χάριτος
3179 4397 3572 4474 φωτιζόμενον.
3608 4415 3635 4443 ι(
3666 4385 3758 4445 Καὶ
3797 4379 3912 4474 διιαι.

2310 4481 2479 4558 ρέσεις
2514 4480 2802 4538 διακονιῶν
2832 4483 2986 4540 εἰσιν.
3025 4509 3051 4534 ››
3101 4486 3216 4540 Ἰνα
3269 4485 3344 4556 μὴ
3395 4481 3740 4560 χαρισμάτων
3771 4468 3903 4560 μένον

2308 4662 2499 4725 τωθεῖς
2529 4662 2651 4737 περὶ
2675 4663 2774 4731 τήν
2803 4659 3031 4738 δωρεὰν,
3061 4661 3268 4738 ἐπάγει,
3293 4688 3319 4714 ‹‹
3350 4663 3661 4723 Διακονιῶν,
3680 4677 3706 4705 »
3737 4647 3905 4740 δεικνξξ

2307 4751 2397 4805 καὶ
2454 4749 2711 4805 ἐπίπονόν
2766 4773 2818 4806 τι
2876 4750 3061 4814 αὐτοῖς
3132 4749 3380 4806 δεδόσθαι
3437 4747 3805 4820 λειτούργημαο
3855 4729 3903 4784 Ε⁵

2303 4841 2482 4893 τοίνυν
2509 4839 2572 4894 τὸ
2601 4837 2768 4894 πλέον
2801 4833 2939 4918 ἔχει,
2971 4841 3109 4894 κατὰ
3139 4841 3200 4895 τὸ
3239 4838 3500 4895 ἐπίπονον
3531 4835 3644 4914 ἔχει
3667 4831 3723 4886 τὸ
3750 4820 3902 4926 πλέονι

2307 4951 2335 4980 ⁴⁴
2396 4928 2490 4981 Καὶ
2559 4925 2845 5002 διαιρέσεις
2937 4927 3342 5005 ἐνεργημάτων.
3404 4952 3431 4979 ι)
3509 4925 3902 5005 Ἐνεργηματωνν

2303 5015 2567 5086 τουτέστι,
2619 5023 3003 5095 χαρισμάτων.
3056 5013 3397 5090 Ἰσοδυναμιῖ
3455 5015 3556 5093 γὰρ
3605 5008 3667 5064 16
3698 5003 3900 5102 χᾴριξμξ

2299 5106 2388 5162 καὶ
2419 5107 2453 5176 ἡ
2488 5089 2733 5160 διακονία
2773 5105 2863 5160 καὶ
2921 5107 2955 5176 ἡ
3008 5103 3266 5181 ίνέργεια,
3310 5089 3410 5160 δτι
3467 5089 3556 5159 καὶ
3605 5095 3694 5152 ’ίσα
3728 5089 3899 5186 ἔστὶξά

2299 5195 2444 5269 παρὰ
2475 5195 2683 5270 Πατρός
2713 5195 2799 5249 καὶ
2860 5195 2989 5248 rio?»
3041 5177 3149 5250 καὶ⁷
3188 5195 3348 5270 ἁγίου
3396 5191 3694 5265 ηνεῦματος
3723 5177 3893 5271 δωΡ⁰Ϋ

2303 5307 2450 5360 μενα-
2491 5308 2518 5340 ο
2549 5284 2609 5342 Ὁ
2653 5280 2712 5339 δὲ
2767 5283 2930 5345 αὐτός
2987 5283 3099 5339 ἐστι
3159 5286 3310 5345 Θεός.
3345 5306 3371 5338 ι
3427 5281 3568 5338 Πάνυ
3599 5272 3895 5360 δογμίννξῑκξυς

2297 5345 2359 5430 τὸ
2385 5374 2590 5450 χωρίον
2651 5370 2878 5445 ἐξέθετο.
2939 5373 3492 5448 Ἀπαριθμησαμενος
3531 5368 3625 5445 γὰρ
3653 5345 3893 5454 έὴνηάγίξτν

2295 5460 2506 5539 Τριάδα
2561 5459 2866 5534 διαιρετῶς,
2927 5462 3177 5518 συνάπτει
3236 5461 3574 5538 ἀσυγχύτως,
3607 5455 3663 5510 Ἦ
3702 5460 3790 5521 γαρ
3814 5453 3892 5487 αυ-
