4156 6200
357 321 472 382 817

1325 319 1733 380 COMMENT.
1779 319 1856 379 IN
1904 320 2156 382 EPIST.
2203 323 2224 382 l
2273 324 2378 383 AD
2421 327 2785 390 CORINTH.

3657 335 3776 396 8l8

355 454 422 521 τή
455 454 546 507 καὶ
611 449 901 526 διαιρεῖται
962 456 1080 514 ταῖς
1141 450 1483 518 ὑποστάσεσι,
1544 451 1633 504 καὶ
1692 449 1990 506 συνάπτετα

2127 459 2187 508 et
2217 455 2363 511 Filio
2394 473 2462 512 ac
2502 459 2723 532 Spiritu
2781 469 2983 519 sancto
3009 463 3374 520 tribuuntur.
3398 465 3549 522 588
3582 490 3610 517 «
3662 469 3774 524 Sed

354 545 423 614 τῇ
457 540 631 611 οὖσίᾳ’
669 541 744 603 ὡς
777 539 866 595 καὶ
900 541 1207 614 ι’ρηγόριος
1265 539 1294 592 6
1352 537 1626 615 Θεολόγος
1659 539 1811 615 φησί·
1871 539 2007 614 Τρία

363 637 484 692 ταῖς
521 627 986 691 ὑποστάσεσιν,ἓν
1043 633 1112 702 τῇ
1173 629 1410 698 θεότητι.
1471 629 1615 683 Πᾶνυ
1674 625 1731 683 δὲ
1785 623 2017 703 ἀκριϐής

359 719 706 795 ἡέπαγωγή·
745 744 768 774 α
803 722 866 777 '0
887 717 945 774 δὲ
975 718 1136 781 αὐτὸς
1194 718 1323 780 Θεός
1372 717 1512 773 ἐστιν
1572 718 1601 772 6
1659 717 1890 793 ένεργῶν
1948 719 2016 772 τὰ

353 809 548 865 πάντα.
594 811 717 866 »Ὃ
749 809 852 885 γὰρ
886 807 1091 884 ἐνεργεῖ
1121 808 1310 881 Ιιατήρ
1371 808 1462 862 καὶ
1520 808 1645 868 Υἱὸς
1700 807 1792 860 καὶ
1850 801 2010 880 ἅγιον

356 903 602 970 Πνεῦμα,
634 902 803 953 ταῦτα
860 897 989 959 Θεὸς
1037 896 1266 973 ἐνεργεῖ.
1332 898 1421 952 Ἐν
1469 895 1574 970 γὰρ
1629 895 1851 956 ταύταις
1891 900 2011 956 ταῖς

356 987 712 1042 ὑποστάσεσιν
741 989 775 1057 ὴ
809 987 1029 1056 θεότης,
1057 985 1232 1062 ἤγουν
1263 985 1418 1040 αὗται
1449 987 1484 1054 ἡ
1508 985 1720 1055 θεότης.

2116 543 2274 598 idem
2307 551 2398 600 est
2427 547 2603 604 Deus.
2638 570 2666 598 ιο
2703 550 2956 606 Pulchre
2987 553 3142 608 hanc
3176 555 3530 625 particulam
3559 555 3634 610 ad
3655 557 3768 612 do-

2122 633 2377 688 cendum
2408 637 2648 706 aptavit.
2709 638 2814 693 Ubi
2867 640 3025 696 enim
3057 648 3276 697 sanctae
3307 644 3535 699 Triadis
3566 662 3768 714 perso-

2121 736 2231 776 nas
2261 721 2496 779 divisim
2557 735 2985 796 enumerasset,
3019 729 3242 802 absque
3265 731 3388 786 ulla
3416 732 3764 789 confusione

2121 810 2590 882 conjungitﬂasc
2623 815 2783 871 enim
2805 823 2864 871 et
2891 819 3164 888 personis
3195 820 3580 893 distinguitur
3611 828 3769 877 etes-

2122 899 2315 954 sentia
2346 901 2751 975 conjungitur,
2786 906 2941 961 sicut
2969 906 3052 962 ait
3073 908 3385 980 Gregorius
3414 910 3765 979 Theologus,

2121 1003 2336 1060 nempe
2370 996 2490 1046 tres
2541 993 2601 1048 in
2650 995 2942 1066 personis,
2963 1013 3149 1051 unum
3180 1014 3314 1054 vero
3347 998 3408 1052 in
3438 998 3765 1065 divinitate,

349 1081 434 1135 ita
464 1084 530 1133 ut
560 1084 765 1135 exacta
797 1078 873 1133 sit
901 1077 1187 1132 inductio.
1222 1099 1250 1126 ‹‹
1287 1076 1398 1132 Sed
1429 1077 1588 1131 idem
1617 1081 1767 1131 Deus
1805 1076 1906 1147 qui
1937 1082 2218 1147 operatur
2247 1081 2466 1138 omnia.
2504 1106 2526 1131 ιι
2561 1085 2707 1139 Nam
2737 1101 2867 1156 quae
2899 1092 3182 1156 Operatur
3211 1089 3387 1142 Pater
3405 1094 3465 1142 et
3495 1089 3675 1143 Filius
3700 1107 3766 1144 ac

352 1170 608 1241 Spiritus
641 1173 902 1232 sanctus,
933 1167 1062 1222 huic
1085 1173 1144 1222 et
1174 1168 1326 1221 Deus
1357 1172 1653 1238 operatur.
1685 1166 1752 1220 In
1794 1166 1886 1220 his
1917 1164 2076 1219 enim
2107 1170 2379 1236 personis
2419 1178 2509 1225 est
2533 1171 2744 1241 deitas,
2770 1174 2890 1229 sive
2922 1175 3066 1246 ipsa:
3091 1181 3229 1231 sunt
3268 1177 3480 1233 deitas.

422 1257 668 1328 Ἑκάστῳ
754 1251 813 1310 δὲ
871 1251 1078 1309 δίδοται
1137 1257 1172 1323 ἡ
1287 1252 1590 1329 φανέρωσις
1656 1253 1774 1326 [τοῦ
1842 1251 2003 1307 Πνεῦ-

355 1347 553 1419 ματος]
613 1345 751 1420 πρὸς
800 1344 862 1398 τὸ
921 1344 1215 1421 συμφέρον·
1304 1345 1370 1422 ᾮ
1431 1343 1524 1416 μὲν
1577 1343 1682 1419 γὰρ
1742 1339 1833 1397 διὰ
1903 1344 2004 1396 τοῦ

349 1435 662 1505 Πνεύματος
716 1430 925 1488 δίδοται
986 1431 1154 1506 λόγος
1213 1433 1426 1509 σοφίας,
1486 1429 1648 1504 ἄλλῳ
1710 1428 1767 1486 δὲ
1815 1429 2002 1504 -λόγος

349 1523 606 1598 γνώσεως
662 1523 798 1578 κατὰ
855 1521 918 1576 τὸ
973 1521 1103 1576 αὐτὸ
1173 1523 1425 1594 Πνεῦμα,
1485 1519 1650 1595 ἑτέρῳ
1708 1517 1764 1575 δὶ
1818 1517 2002 1581 πίστις

348 1613 400 1668 ἐν
457 1619 538 1686 τῷ
595 1614 748 1685 αὐτῷ
807 1613 1104 1686 Πνεύματι,
1157 1611 1316 1684 ἄλλῳ
1347 1609 1406 1666 δὶ
1463 1611 1778 1686 χαρίσματα
1835 1609 1999 1684 ἴαμά-

345 1723 452 1756 των
504 1701 557 1756 έν
615 1705 696 1773 τῷ
753 1699 902 1772 αὗτῷ
957 1700 1258 1771 ΙΙνεύματι,
1314 1697 1472 1770 ἂλλῳ
1541 1695 1598 1754 δὲ
1654 1696 1998 1773 ἐνεργήματα

2188 1257 2453 1322 Χ11,7-1Ο.
2481 1282 2509 1310 ‹‹
2541 1262 2868 1334 Unicuique
2881 1281 3016 1319 vero
3041 1264 3215 1320 datur
3231 1267 3634 1322 manifestatio
3649 1269 3767 1340 spi-

2116 1367 2143 1393 ‹‹
2177 1347 2325 1402 ritus
2339 1349 2411 1403 ad
2425 1350 2486 1404 id
2507 1351 2662 1421 quod
2682 1353 3090 1424 expedit.Nam
3105 1355 3240 1410 huic
3259 1355 3501 1426 quidem
3516 1373 3623 1428 per
3635 1358 3766 1428 Spi-

2117 1435 2340 1490 «ritum
2363 1437 2540 1494 datur
2561 1457 2755 1496 sermo
2781 1443 3087 1512 sapientiae
3111 1461 3124 1498 :
3156 1444 3259 1499 alii
3286 1461 3421 1500 vero
3454 1461 3648 1500 sermo
3675 1463 3768 1500 co-

2117 1546 2138 1572 ι
2155 1525 2440 1595 gnitionis
2453 1529 2780 1584 secundum
2802 1531 3080 1586 eumdem
3095 1532 3379 1603 Spiritum
3406 1551 3419 1587 :
3443 1534 3544 1590 alii
3563 1540 3760 1588 autem

2111 1633 2138 1661 «
2166 1612 2312 1668 fides
2333 1631 2439 1685 per
2459 1615 2736 1672 eumdem
2767 1619 3052 1690 Spiritum
3075 1637 3088 1675 :
3117 1621 3217 1676 alii
3247 1638 3382 1676 vero
3407 1622 3563 1677 dona
3584 1639 3760 1678 sana-

2114 1723 2136 1749 ι
2162 1701 2390 1757 tionum
2412 1704 2473 1759 in
2496 1705 2702 1760 eodem
2731 1707 2952 1778 Spiritu
2976 1726 2988 1763 :
3013 1709 3116 1764 alii
3141 1716 3340 1765 autem
3376 1712 3756 1781 Operationes

347 1788 653 1864 δυνάμεων,
687 1787 847 1863 ἄλλῳ
878 1787 935 1844 δὲ
986 1789 1314 1866 προφητεία,
1372 1786 1532 1860 ἄλλῳ
1589 1785 1646 1842 δὲ
1702 1785 1992 1861 διακρίσεις

2108 1812 2129 1838 ιι
2157 1790 2460 1861 virtutum,
2484 1794 2585 1849 alii
2618 1811 2754 1850 vero
2776 1798 3090 1869 prophetia
3115 1815 3128 1854 :
3150 1799 3250 1853 alii
3282 1805 3484 1854 autem
3536 1799 3758 1854 discre-

342 1881 681 1953 πνευμάτων,
713 1879 880 1954 έτέρῳ
912 1875 969 1933 δὲ
1005 1876 1422 1954 γένηγλωσσῶν,
1455 1874 1614 1950 ἄλλῳ
1645 1874 1702 1931 δὲ
1731 1876 1992 1950 ἑρμηνεία

340 1967 411 2044 γλ
418 1973 606 2024 ωσσῶν
615 2012 629 2025 .

421 2057 729 2133 Φανέρωσιν
760 2057 1098 2129 Πνεῦματος,
1130 2057 1196 2112 τὰ
1254 2061 1459 2128 σημεία
1515 2053 1692 2111 καλεῖ·
1757 2053 1847 2110 διιὶ⁴
1889 2056 1992 2130 γὰρ

346 2149 455 2200 τῶν
485 2146 747 2219 σημείων,
779 2148 815 2215 ἡ
867 2144 1149 2201 ἐπιστασία
1214 2148 1310 2200 τοῦ
1375 2143 1744 2220 Ιιαρακλήτου
1801 2141 1991 2198 διεδεί-

342 2256 523 2294 κνυτο.
560 2259 587 2286 «
623 2236 766 2309 ΙΙρὸς
796 2236 860 2290 τὸ
892 2235 1182 2313 συμφέρον.
1211 2236 1380 2291 »Ἵνα
1405 2236 1505 2307 μή,
1535 2259 1555 2284 α
1574 2232 1992 2308 χαρισμάτων,››

348 2326 509 2398 μόνον
533 2323 766 2386 ἀκούσας
797 2325 824 2379 6
881 2324 942 2380 τὸ
1003 2319 1226 2379 ἔλαττον
1279 2324 1529 2398 χάρισμα
1559 2319 1702 2380 ἔχων
1736 2319 1989 2396 ἀδημονῇ

342 2415 431 2470 καὶ
465 2414 629 2492 λέγῃ,
663 2415 725 2469 Τί
756 2417 860 2492 γὰρ
892 2415 936 2470 εἰ
963 2421 1053 2470 καί
1086 2416 1170 2477 εἷς
1229 2413 1341 2470 ἐστι
1397 2414 1552 2482 Θεὸς,
1603 2412 1750 2482 πλὴν
1789 2413 1900 2488 ἐγὼ
1928 2414 1990 2468 τὸ

346 2503 572 2562 ἔλαττον
596 2501 712 2582 ἔχω
747 2525 760 2575 ;
795 2504 1036 2580 ἐπάγει,‹‹
1070 2504 1211 2580 Πρὸς
1231 2505 1293 2559 τὸ
1325 2503 1656 2578 συμφέρον,››
1677 2501 1884 2565 δεικνὺς
1906 2502 1989 2558 ὅτι

345 2601 432 2653 καὶ
467 2599 600 2654 αὐτὸ
628 2601 692 2654 τὸ
723 2595 910 2655 λαϐεῖν
943 2594 1188 2667 ἔλαττον,
1221 2596 1502 2675 συμφέρει.
1537 2623 1563 2650 ‹‹
1623 2601 1688 2676 ᾮ
1741 2599 1832 2671 μὲν
1885 2597 1990 2674 γὶρ

349 2684 439 2742 διὰ
468 2691 565 2744 τοῦ
600 2688 933 2761 Πνεῦματοςο
977 2711 1007 2738 »
1067 2687 1476 2761 Ἀπαριθμεῖται
1531 2687 1600 2742 τά
1656 2686 1988 2762 χαρίσματα,

341 2776 545 2840 δεικνὺς
580 2780 885 2848 πάντατῆς
933 2778 1101 2847 αὐτῆς
1159 2772 1286 2831 ὅντα
1343 2784 1533 2854 πηγῆς
1588 2773 1686 2832 τοῦ
1745 2775 1988 2849 Πνεῦμα-

335 2889 454 2936 τος,
483 2865 576 2922 ἵνα
604 2868 697 2923 καὶ
731 2869 758 2922 6
781 2869 842 2922 τὸ
874 2865 1099 2922 ἔλαττον
1158 2865 1304 2943 ἔχων
1367 2868 1442 2940 μὴ
1502 2864 1670 2941 ἀλγῇ,
1718 2866 1808 2920 καὶ
1841 2867 1869 2922 6
1924 2866 1987 2921 τὸ

343 2963 526 3030 μεῖζον
561 2959 638 3029 μὴ
673 2956 984 3026 έπαίρηται,
1018 2954 1206 3024 ἐπειδὴ
1251 2955 1311 3010 ἐκ
1365 2959 1462 3010 τοῦ
1519 2954 1684 3010 αὐτοῦ
1735 2952 1990 3027 Ηνεόμα-

336 3067 428 3107 τος
460 3044 682 3101 κάκεῖνα
711 3045 802 3100 καὶ
849 3049 1034 3100 ταῦτα.
1071 3067 1100 3096 α
1129 3045 1304 3120 Λόγος
1362 3044 1577 3122 σοφίας.
1615 3067 1635 3096 ι
1682 3043 1862 3118 Λόγος
1891 3064 1987 3097 σο-

2113 1900 2136 1929 ι
2173 1880 2362 1936 tiones
2394 1883 2837 1955 spirituum,a1ii
2862 1903 2996 1942 vero
3024 1889 3598 1961 generalinguarum
3625 1889 3758 1943 :alii

2111 1991 2138 2018 «
2164 1974 2361 2025 autem
2385 1971 2794 2044 interpretatio
2824 1976 3186 2047 linguarum.
3225 1999 3251 2026 ››

2180 2059 2714 2118 Manifestationem
2741 2065 2991 2135 Spiritus
3018 2072 3184 2121 vocat
3207 2067 3378 2138 signa
3406 2084 3420 2132 ;
3455 2085 3561 2138 per
3591 2069 3760 2138 signa

2108 2149 2291 2212 enim,
2320 2151 2610 2207 Paracleti
2655 2154 3003 2210 assistentia
3034 2154 3575 2212 demonstrabatur.
3612 2181 3639 2207 ‹‹
3678 2157 3760 2212 Ad

2106 2236 2167 2291 id
2207 2239 2363 2308 quod
2395 2241 2650 2311 expedit.
2685 2262 2713 2290 »
2748 2244 2827 2296 Ne
2857 2243 3078 2298 auditis
3110 2245 3311 2299 statim
3342 2245 3540 2314 donis,
3574 2247 3623 2301 is
3657 2248 3758 2317 qui

2106 2327 2304 2382 minus
2329 2328 2545 2384 habeat
2573 2329 2796 2385 donum
2834 2331 3087 2403 graviter
3114 2332 3317 2399 ferret,
3369 2351 3436 2390 ac
3483 2335 3710 2390 diceret
3745 2354 3757 2390 :

2103 2415 2252 2481 Quid
2283 2417 2357 2472 ad
2389 2419 2708 2474 meattinet
2731 2420 2910 2474 etiam
2934 2421 2982 2475 si
3014 2439 3169 2477 unus
3193 2428 3251 2477 et
3279 2422 3439 2477 idem
3473 2424 3550 2479 sit
3582 2426 3759 2496 Deus,

2104 2510 2366 2562 attamen
2399 2507 2716 2578 egominus
2746 2508 3343 2584 habeo?subjungit:
3379 2512 3466 2567 Ad
3499 2512 3555 2567 id
3597 2516 3757 2584 quod

2104 2595 2365 2666 expedit:
2401 2597 2732 2653 Ostendens
2755 2599 2911 2668 quod
2945 2600 3054 2655 hoc
3095 2601 3272 2656 etiam
3311 2601 3758 2672 expediebatut

2101 2683 2300 2739 minus
2323 2686 2672 2758 acciperet.«
2702 2689 2846 2742 Nam
2863 2688 2999 2743 huic
3015 2688 3256 2758 quidem
3279 2706 3386 2760 per
3403 2689 3748 2760 Spiritum.»

2099 2774 2422 2829 Enumerat
2449 2774 2626 2840 dona,
2659 2775 2984 2830 ostendens
3041 2777 3243 2832 omnia
3262 2777 3335 2832 ab
3368 2777 3576 2832 eodem
3608 2797 3747 2850 pro-

2098 2862 2308 2918 cedere
2358 2863 2521 2918 fonte
2571 2863 2855 2934 Spiritus:
2908 2869 2974 2920 ut
3003 2881 3197 2935 neque
3229 2867 3614 2922 contristetur
3643 2871 3742 2939 qui

2098 2951 2296 3006 minus
2343 2953 2590 3023 accepit,
2626 2968 2819 3022 neque
2863 2952 2913 3007 is
2963 2953 3282 3008 extollatur
3337 2955 3436 3025 qui
3496 2957 3738 3027 majus:

2098 3040 2581 3110 quandoquidem
2626 3046 2685 3095 et
2714 3041 2838 3096 hmo
2869 3047 2928 3096 et
2958 3041 3060 3096 illa
3080 3042 3151 3096 ab
3200 3042 3410 3098 eodem
3434 3051 3573 3099 sunt
3611 3047 3740 3117 Spi-

341 3133 486 3212 φίας,
520 3136 641 3188 οἷον
672 3136 822 3209 εἶχεν
849 3135 876 3189 6
910 3132 1150 3205 Ηαῦλος,
1183 3135 1212 3188 6
1243 3133 1469 3208 Πέτρος,
1502 3133 1530 3186 6
1591 3132 1864 3202 Ἰωάννης,
1895 3131 1986 3187 καὶ

2108 3127 2236 3183 ritu.
2269 3151 2296 3177 «
2329 3128 2534 3184 Sermo
2567 3129 2925 3200 sapientiae.-
2963 3130 3409 3201 Sermo,inquit,
3437 3135 3742 3204 sapientiai

343 3226 395 3279 οἱ
433 3227 548 3279 κατ’
582 3225 796 3286 αὐτούς.
831 3224 924 3278 Διὸ
953 3224 1044 3278 καὶ
1074 3228 1292 3298 πρῶτον
1340 3222 1469 3277 αὐτὸ
1525 3222 1750 3285 τέθεικε.
1805 3218 1986 3298 Λόγος

344 3311 399 3368 δὶ
420 3313 673 3388 γνώσεώς
704 3312 844 3368 ἐστιν
875 3313 932 3367 ὅν
965 3311 1186 3388 ἔχουσιν
1219 3313 1271 3367 οἱ
1335 3309 1544 3366 ἰδιῶται
1602 3311 1807 3377 πιστοὶ,
1841 3310 1992 3366 εἶδό-

341 3422 430 3463 τες
465 3403 583 3475 μὲν,
618 3400 826 3462 ἄλλους
858 3399 916 3456 δὲ
948 3399 1158 3472 διδάξαι
1213 3401 1316 3455 οὐκ
1375 3399 1681 3476 ἰσχύοντες.
1717 3425 1746 3452 α
1791 3400 1993 3476 Ἐτέρῳ

343 3489 400 3546 δὲ
431 3491 635 3552 πίστις.
671 3515 697 3542 »ι
732 3492 920 3545 Πίστιν
954 3487 1012 3545 δέ
1037 3510 1223 3566 φησιν,
1256 3490 1320 3545 οὗ
1361 3490 1460 3557 τήν
1519 3493 1627 3544 τῶν
1685 3486 1992 3564 δογμάτων,

343 3577 489 3634 ἀλλά
517 3581 616 3648 τήν
646 3583 754 3634 τῶν
787 3578 1052 3651 σημείων,
1087 3577 1211 3651 περὶ
1241 3581 1306 3647 ἧς
1335 3577 1499 3652 ᾔτουν
1560 3579 1613 3632 οἱ
1668 3577 1991 3648 ἀπόστολοι,

342 3691 371 3720 ‹‹
395 3667 630 3744 Πρόσθες
659 3670 822 3741 ἡμῖν,
854 3665 1130 3743 λέγοντες,
1162 3667 1367 3726 πίστιν.
1400 3690 1429 3718 ››
1488 3665 1560 3722 Οὐ
1615 3669 1718 3743 γὰρ
1776 3663 1837 3721 ἄν
1895 3668 1994 3724 οὐκ

338 3758 495 3831 εἶχον
555 3756 736 3812 πίστιν
796 3757 848 3811 οἱ
925 3754 1246 3826 ἀπόστολοι,
1306 3754 1434 3812 ἀλλ’
1482 3753 1668 3826 ἔπειδὴ
1729 3755 1988 3826 ἤκουσαν,

335 3871 364 3898 (ι
399 3847 521 3902 Ἐὰν
551 3846 720 3922 ἔχητε
756 3848 940 3902 πίστιν
993 3847 1068 3908 ὡς
1123 3847 1318 3901 κόκκον
1381 3845 1668 3917 σινάπεως,
1728 3871 1755 3898 ››
1785 3846 1990 3921 ᾔτησαν

329 3935 533 4005 ταύτην
561 3937 662 4006 τήν
690 3936 870 3992 πίστιν
895 3937 973 4000 εἰς
1000 3936 1063 3990 τὸ
1094 3934 1328 4011 ἐνεργεῖν
1363 3934 1630 4008 θαύματα.

406 4201 513 4256 Καὶ
549 4200 759 4263 ἄλλως.
807 4202 1143 4273 [ΘΕΟΔΩΡ.]
1206 4201 1391 4256 Πίστιν
1449 4199 1730 4273 ὠνόμασεν
1791 4201 1858 4255 οὐ
1886 4203 1986 4270 τήν

335 4293 554 4362 κοινήν,
585 4287 734 4344 ἀλλά
763 4291 826 4344 τὸ
861 4287 1035 4344 ἰδικὸν
1089 4289 1340 4366 χάρισμα
1397 4287 1528 4361 (ἔστι
1589 4290 1693 4364 γὰρ
1723 4289 1813 4344 καὶ
1880 4291 1986 4365 χά-

339 4399 507 4453 ρισμα
539 4380 722 4443 πίστις
760 4379 1148 4452 καλούμενον),
1207 4378 1386 4432 πίστιν
1450 4375 1507 4432 δὲ
1562 4377 1653 4432 καὶ
1712 4379 1813 4447 τὴν
1877 4383 1985 4434 τῶν

338 4465 644 4541 δογμάτων.
679 4491 708 4521 ‹‹
740 4467 1070 4541 Χαρίσματα
1103 4467 1373 4541 ἰαμάτων.
1411 4492 1438 4518 ››
1497 4467 1668 4524 Καλεῖ
1724 4469 1819 4540 μὲν
1879 4488 1983 4543 χα-

338 4558 572 4632 ρίσματα
604 4556 872 4629 ἰαμάτων,
903 4560 1012 4611 τῶν
1055 4555 1257 4631 χωλῶν
1287 4556 1378 4610 τὸν
1413 4552 1640 4631 δρόμον,
1664 4561 1772 4611 τῶν
1803 4556 1988 4632 ἀρῥω-

338 4667 477 4702 στων
512 4647 614 4714 τήν
672 4644 899 4720 ὑγίειαν,
950 4649 1062 4698 τῶν
1120 4649 1324 4720 νεκρῶν
1374 4647 1474 4714 τὴν
1533 4645 1844 4713 ἀνάστασιν,
1897 4646 1986 4702 καὶ

337 4736 434 4790 ὃσα
491 4735 745 4790 τοιαῦτα.
809 4735 1180 4808 Ἐνεργήματα
1238 4731 1294 4788 δὲ
1379 4731 1680 4808 δυνάμεων,
1736 4736 1837 4804 τήν
1890 4740 1988 4791 τοῦ

338 4824 552 4897 Ἐλύμα
609 4823 952 4893 τυφλότητα,
1044 4825 1138 4878 τὸν
1215 4823 1458 4880 Ἀνανίου
1525 4825 1616 4878 καὶ
1682 4825 1991 4902 Σαπφείρας

337 4915 586 4982 Θάνατον,
645 4914 773 4975 τοὺς
829 4917 909 4984 τῷ
966 4917 1179 4982 Σατανᾷ
1229 4910 1646 4986 παραδοθέντας,
1699 4911 1790 4968 ’ίνα
1863 4935 1988 4969 παι-

335 4999 566 5057 δευθῶσι
601 5005 675 5074 μὴ
714 5001 1091 5078 βλασφημεῖν.
1127 5025 1155 5053 ι(
1219 5002 1594 5076 Ἐνεργήματα
1625 4999 1923 5074 δυνάμεων.
1958 5027 1984 5054 ››

333 5094 396 5150 Ὀ
428 5091 491 5146 τὸ
519 5091 769 5166 χάρισμα
797 5095 906 5146 τῶν
959 5090 1203 5164 ἷαμάτων
1265 5085 1429 5165 ἔχων,
1492 5089 1609 5146 ἰᾶτο
1673 5090 1798 5153 τοὺς
1831 5091 1988 5156 ἀσθε-

332 5185 575 5243 νοιόνταςο
609 5182 638 5235 6
671 5177 729 5235 δὲ
759 5181 826 5236 τὰ
859 5179 1211 5257 ἐνεργήματα
1232 5185 1340 5235 τῶν
1398 5176 1693 5254 δυνάμεων,
1761 5181 1848 5236 καὶ
1906 5182 1989 5236 ῗᾶο

336 5271 456 5324 σθαι
483 5271 614 5332 τοὺς
681 5271 1060 5339 ἀσθενοῦντας,
1120 5270 1210 5324 καὶ
1269 5272 1628 5343 τιμωρεῖσθαι
1684 5268 1813 5334 τοὺς
1863 5270 1988 5324 ἀπι-

338 5363 597 5420 στοῦντας
682 5358 772 5413 καὶ
832 5355 1250 5436 διαστρέφοντας
1331 5357 1527 5432 ἰσχύει.
1619 5381 1644 5408 ι(
1691 5358 1990 5432 Διακρίσεις

341 5447 687 5522 πνευμάτων.
722 5471 752 5500 ››
783 5447 853 5502 Τὸ
885 5445 1078 5502 εἰδέναι
1103 5447 1186 5508 τίς
1242 5447 1270 5500 ὁ
1329 5449 1638 5523 προφήτης,
1670 5449 1760 5502 καὶ
1818 5448 1900 5512 τίς
1961 5451 1988 5504 6

407 5574 457 5611 ³⁸
483 5577 643 5643 Luc.,
673 5592 806 5643 xvu,
835 5579 888 5631 5.
991 5575 1036 5610 ³ο
1064 5573 1230 5641 ibid.,
1262 5577 1314 5628 6.
1417 5573 1466 5608 3°
1493 5577 1617 5630 Act.
1650 5592 1771 5645 xm,
1803 5579 1855 5632 8.

2014 4515 2064 4580 D

2099 3217 2339 3288 qualem
2379 3217 2588 3272 habuit
2617 3218 2856 3285 Paulus,
2889 3221 3098 3275 Petrus
3137 3227 3197 3274 et
3223 3222 3498 3290 Joannes,
3523 3223 3742 3294 quique

2097 3305 2338 3361 illorum
2371 3311 2634 3378 tempore
2663 3313 2831 3362 erant
2856 3324 2869 3362 :
2893 3307 3026 3363 ideo
3053 3309 3234 3364 etiam
3260 3310 3369 3365 hoc
3390 3311 3582 3382 primo
3614 3313 3744 3367 loco

2097 3397 2315 3468 posuit.
2375 3396 2580 3451 Sermo
2639 3413 2774 3451 vero
2816 3398 3170 3470 cognitionis
3201 3403 3291 3454 est
3319 3416 3496 3470 quem
3529 3401 3749 3456 habent

2093 3485 2291 3542 idiota)
2323 3485 2552 3552 ﬁdeles,
2586 3486 2686 3556 qui
2715 3503 2859 3542 sane
2891 3492 3132 3555 norunt,
3167 3492 3228 3543 at
3255 3494 3503 3544 caeteros
3533 3490 3746 3546 docere

2093 3580 2418 3644 nequeunt.
2452 3598 2479 3624 ‹‹
2515 3575 2630 3629 Alii
2662 3581 2862 3630 autem
2897 3575 3062 3633 ﬁdes.
3101 3600 3128 3626 »
3162 3577 3364 3632 Fidem
3409 3596 3543 3634 vero
3599 3580 3745 3636 dicit

2092 3681 2212 3719 non
2243 3681 2374 3735 quaa
2428 3665 2586 3719 circa
2627 3663 2904 3736 dogmata
2932 3670 3221 3731 versatur,
3258 3665 3362 3720 sed
3395 3684 3525 3737 quae
3585 3669 3742 3722 circa

2095 3755 2263 3826 signa
2283 3769 2463 3825 quam
2494 3753 2775 3824 petebant
2794 3753 3070 3826 apostoli,
3091 3753 3359 3807 dicentes
3389 3769 3401 3808 :
3437 3777 3463 3802 «
3492 3757 3737 3825 Appone

2094 3843 2268 3898 nobis
2326 3844 2505 3899 ﬁdem
2522 3842 2589 3898 ³⁸.
2626 3866 2653 3892 ››
2683 3845 2883 3914 Neque
2915 3844 3077 3898 enim
3130 3843 3384 3913 apostoli
3437 3843 3550 3898 ﬁde
3583 3861 3740 3900 care-

2094 3933 2276 4000 bant;
2307 3935 2411 3990 sed
2444 3933 3075 4005 quoniamaudierant.
3109 3954 3136 3981 ‹‹
3153 3933 3209 3986 Si
3242 3932 3538 3990 haberetis
3561 3935 3740 3990 fidem

2097 4026 2249 4081 sicut
2278 4040 2527 4097 granum
2560 4021 3090 4092 sinapis,diceretis
3111 4023 3300 4077 monti
3325 4023 3463 4078 huic
3485 4024 3550 4092 '9,
3577 4031 3685 4080 etc.
3728 4043 3741 4092 ;

2095 4115 2430 4186 petiverunt
2454 4115 2610 4168 hanc
2640 4111 2820 4167 ﬁdem
2858 4111 2933 4166 ad
2963 4113 3331 4182 operandum
3363 4115 3669 4171 miracula.

2167 4203 2317 4258 589
2358 4204 2488 4258 Alio
2518 4201 2698 4257 modo.
2732 4201 2930 4256 Fidem
2952 4201 3278 4257 nominavit
3307 4219 3426 4258 non
3459 4220 3586 4258 eam
3613 4220 3742 4272 qum

2095 4296 2184 4345 est
2212 4291 2566 4355 communis,
2603 4289 2706 4345 sed
2738 4306 2868 4345 eam
2900 4307 3030 4360 qua!
3070 4291 3378 4362 proprium
3407 4298 3497 4345 est
3527 4291 3743 4346 donum

2095 4379 2415 4450 (siquidem
2475 4378 2653 4435 etiam
2709 4379 3010 4450 quoddam
3042 4379 3266 4435 donum
3298 4385 3390 4434 est
3414 4380 3572 4450 quod
3604 4379 3741 4435 fidei

2098 4467 2322 4525 donum
2352 4468 2732 4540 appellatur),
2753 4468 2930 4524 ﬁdem
2961 4485 3096 4524 vero
3129 4469 3309 4524 etiam
3338 4485 3469 4539 quae
3501 4469 3743 4540 dogma-

2101 4564 2224 4612 tum
2257 4563 2362 4613 est.
2403 4581 2423 4605 ι
2453 4558 2568 4613 Alii
2599 4575 2734 4613 vero
2763 4557 2919 4612 dona
2949 4557 3346 4612 sanationum.
3387 4581 3407 4606 ι
3437 4559 3616 4613 Vocat
3647 4575 3741 4613 sa-

2100 4647 2409 4703 nationum
2442 4647 2684 4720 quidem
2714 4647 2891 4715 dona,
2914 4647 3261 4701 claudorum
3295 4647 3742 4712 cursum,inﬁr-

2099 4757 2334 4796 morum
2367 4739 2701 4807 sanitatem,
2735 4743 3103 4792 mortuorum
3127 4737 3667 4805 resuscitationem,
3687 4745 3747 4792 et

2102 4844 2474 4901 quaacunque
2534 4833 2673 4882 sunt
2726 4825 3100 4897 hujusmodi;
3137 4825 3514 4896 Operationes
3545 4833 3743 4882 autem

2101 4919 2383 4974 virtutum
2415 4916 2636 4989 Elymas
2669 4915 3126 4971 excaecationem
3143 4912 3211 4980 3°,
3247 4915 3491 4970 Anania)
3523 4921 3581 4970 et
3610 4917 3746 4988 Sap-

2101 5007 2286 5079 phirae
2319 5009 2571 5060 mortem
2613 5005 2684 5070 ³⁸,
2717 5009 2775 5057 et
2805 5019 2905 5058 eos
2939 5003 3041 5074 qui
3075 5003 3304 5058 Satanas
3336 5003 3536 5059 traditi
3585 5011 3746 5073 sunt,

2099 5104 2165 5154 ut
2195 5097 2494 5152 discerent
2512 5113 2632 5151 non
2646 5096 3079 5167 blasphemare.
3102 5119 3129 5146 ‹‹
3164 5097 3549 5168 Operationes
3567 5098 3751 5152 virtu-

2103 5194 2246 5242 tum.
2284 5207 2311 5234 »
2345 5185 2453 5250 Qui
2485 5184 2707 5239 donum
2738 5183 2993 5240 habebat
3022 5185 3426 5250 sanationum,
3476 5187 3748 5241 infirmos

2102 5273 2348 5330 sanabat
2382 5291 2395 5328 :
2429 5274 2527 5344 qui
2561 5289 2696 5328 vero
2729 5273 3105 5344 Operationes
3137 5274 3508 5337 virtutum,et
3538 5291 3748 5331 sanare

2102 5364 2370 5418 infirmos
2424 5369 2482 5416 et
2508 5361 2722 5433 punire
2746 5361 3087 5417 incredulos
3119 5362 3339 5433 quique
3372 5369 3618 5418 cmteros
3647 5364 3746 5418 de-

2101 5457 2436 5524 pravarent,
2450 5456 2702 5523 poterat.
2737 5473 2765 5502 «
2801 5451 3198 5506 Discretiones
3222 5452 3597 5522 spirituum.»
3629 5453 3748 5506 Hoc

1958 5579 2005 5614 3‘
2032 5584 2159 5637 Act.
2192 5596 2246 5644 γ,
2283 5581 2334 5634 1.
