4156 6200
453 309 574 371 819

1592 289 2008 358 CECUMENII
2052 287 2355 348 TBIC‘JzE
2399 287 2750 350 EPISCOPI

3799 289 3905 352 820

463 448 572 510 est,
606 451 962 511 cognoscere
985 433 1118 505 quis
1149 432 1226 488 sit
1253 431 1565 502 propheta,
1600 431 1659 483 et
1688 426 1964 497 quisnam
1995 419 2106 478 (al.

2244 415 2852 511 μευδοπροφῄτης,μτίς
2909 419 2937 473 ὁ
2995 421 3410 492 πνευματικὸς,
3475 417 3572 474 καὶ
3634 417 3780 481 τίςὸ
3836 425 3905 494 μὴ

469 547 569 589 sus
599 510 1052 600 propheta,quis
1083 519 1412 594 spiritualis
1451 524 1509 575 et
1539 519 1674 590 quis
1704 515 1842 571 talis
1872 528 1993 569 non
2019 510 2114 566 sit:

471 613 954 692 quandoquidem
979 629 1048 668 eo
1072 618 1339 683 tempore
1363 616 1522 665 vates
1553 621 1787 679 quoque
1819 605 1990 659 erant
2017 615 2122 656 seu

471 707 840 763 divinatores
871 703 972 774 qui
1025 701 1371 758 hominibus
1401 697 1807 770 imponebant.
1841 715 1868 744 ιι
1897 693 2125 746 Genera

473 797 838 868 linguarum.
873 814 902 842 »
933 791 1053 847 Hoc
1087 789 1492 862 opinabantur
1547 783 1837 841 Corinthii
1893 778 2123 836 caeteris

474 900 604 941 esse
636 881 1038 955 praestantius,
1071 895 1140 934 eo
1175 877 1332 949 quod
1362 875 1512 930 illud
1543 879 1680 930 ante
1729 871 1930 927 omnia
1954 883 2121 924 acce-

475 974 706 1047 pissent
725 968 1001 1043 apostoli.
1037 990 1064 1019 ‹‹
1098 965 1515 1037 lnterpretatio
1566 963 1926 1033 linguarum.
1961 977 1989 1007 »
2021 955 2124 1012 Vel

471 1061 630 1136 quod
663 1060 804 1116 dum
837 1059 937 1114 alii
969 1056 1189 1128 linguis
1218 1055 1604 1126 loquerentur
1633 1051 1728 1106 isti
1769 1049 2126 1118 interpreta-

469 1153 714 1219 bantur,
746 1149 837 1205 vel
861 1147 1019 1219 quod
1041 1162 1162 1201 una
1193 1160 1428 1216 quoque
1452 1143 1842 1212 loquerentur
1864 1143 1924 1194 et
1951 1137 2129 1192 inter-

474 1249 876 1318 pretarertur,
911 1237 1069 1311 quod
1101 1237 1294 1291 facere
1320 1250 1441 1288 non
1471 1236 1746 1304 poterant
1777 1228 1876 1300 qui
1908 1225 2126 1297 linguis

470 1340 704 1390 tantum
732 1329 1154 1402 loquebantur.

545 1423 664 1486 ΧΠ,
697 1425 783 1488 ll,
821 1422 906 1474 12.
941 1441 968 1468 ‹‹
1005 1415 1219 1472 Omnia
1262 1418 1462 1469 autem
1492 1412 1616 1466 haec
1647 1409 1926 1481 operatur
1972 1421 2128 1460 unus

475 1535 504 1563 ‹‹
539 1511 818 1580 idemque
853 1507 1123 1579 Spiritus.
1161 1503 1432 1558 dividens
1485 1499 1868 1573 peculiariter
1896 1494 2128 1551 unicui-

483 1624 504 1652 ε
539 1616 652 1671 que
684 1591 1519 1660 sicutvult.Quemadmodum
1542 1589 2130 1658 enimcorpusunum

484 1714 506 1740 ε
541 1695 629 1745 est
659 1694 717 1743 et
736 1686 1004 1742 membra
1035 1681 1213 1739 habet
1240 1680 1449 1745 multa,
1485 1679 1914 1749 omnia_autem
1953 1673 2131 1728 unius

2225 511 2494 570 τοιοῦτος.
2559 505 2782 578 Ἐπειδὴ
2857 508 2950 564 καὶ
3010 509 3230 582 μάντεις
3317 509 3475 579 ⁴ἦσαν
3543 511 3666 564 κατ’
3724 510 3907 570 ὶκεῖνον

2225 596 2318 651 τὸν
2378 597 2566 670 καιρὸν
2641 597 2765 660 τοὺς
2847 597 3165 673 ἀνθρώπους
3223 598 3668 669 ἐξαπατῶντες.
3703 624 3733 652 ‹‹
3788 603 3907 671 Γένη

2227 683 2516 760 γλωσσῶν.
2552 709 2580 738 ιι
2613 689 2791 744 Τοῦτο
2821 684 3074 759 ἐνόμιζον
3107 687 3160 741 οἱ
3188 687 3508 758 Κορίνθιοι
3551 692 3748 760 μεῖζον
3786 691 3910 746 εἶναι

2227 777 2466 848 πάντων,
2507 774 2598 831 διὰ
2627 777 2690 831 τὸ
2723 774 2772 830 ἐν
2806 776 3049 850 πρώτοις
3106 780 3272 832 τοῦτο
3318 772 3534 832 λαϐεῖν
3597 778 3732 840 τοὺς
3791 779 3914 835 ἀπο-

2231 869 2480 934 στόλους·
2518 895 2546 922 ‹‹
2566 869 2889 944 Ἐρμηνείαν
2931 867 3222 946 γλωσσῶν.
3250 895 3286 925 ιι
3319 873 3397 925 Ἥ
3427 869 3523 925 ὅτι
3558 868 3762 946 ἑτέρων
3783 871 3915 948 γλώ·

2232 981 2381 1022 σσαις
2415 957 2754 1030 λαλούντων,
2787 959 2937 1015 οὗτοι
2996 961 3338 1034 ἡρμήνευον,
3403 960 3444 1029 ἢ
3515 958 3610 1016 ὅτι
3668 960 3762 1016 καὶ
3793 965 3912 1034 μετά

2229 1054 2327 1106 τοῦ
2358 1047 2572 1117 λαλεῖν,
2623 1047 2717 1104 καὶ
2747 1049 3084 1124 ἡρμήνευον,
3113 1048 3246 1125 ὅπερ
3283 1047 3396 1107 οὐκ
3433 1048 3644 1128 ἴσχυον
3702 1054 3910 1118 ποιῆσαι

2234 1139 2284 1194 οἱ
2307 1136 2582 1216 γλώσσαις
2612 1139 2776 1212 μόνον
2791 1119 3121 1200 λαλοῦντες.
3218 1119 3227 1125 ’

2309 1411 2491 1466 Πάντα
2530 1407 2588 1465 δὶ
2615 1411 2782 1465 ταῦτα
2812 1409 3019 1486 ἑνεργεῑ
3048 1411 3110 1465 τὸ
3141 1409 3196 1467 ἓν
3227 1412 3325 1466 καὶ
3379 1412 3452 1466 τὸ
3518 1410 3662 1465 αὐτὸ
3692 1414 3911 1484 Πνεῦμα,

2239 1501 2482 1579 διαιροῦν
2523 1501 2636 1574 ίδία
2687 1504 2898 1577 ὲκάστψ
2945 1505 3128 1568 καθὼς
3171 1503 3473 1580 βούλεται.
3536 1503 3790 1578 Καθάπερ
3819 1505 3909 1577 γὰρ

2235 1593 2300 1647 τὸ
2332 1597 2491 1665 σῶμα
2519 1589 2573 1648 ἓν
2604 1593 2736 1662 ἔστι,
2766 1590 2857 1656 καὶ
2909 1589 3051 1666 μέλη
3085 1591 3201 1669 ἔχει
3238 1591 3468 1661 πολλὰ,
3508 1593 3694 1648 πάντα
3763 1589 3816 1646 δὶ
3855 1593 3910 1646 τὰ

2245 1680 2385 1756 μὲλη
2418 1685 2514 1738 τοῦ
2546 1683 2802 1755 σώματος
2829 1685 2925 1737 τοῦ
2957 1684 3073 1746 ἑνὸς
3105 1680 3290 1740 πολλᾶ
3325 1679 3471 1739 ὅντα
3502 1680 3562 1738 ἓν
3597 1680 3716 1738 ἐστι
3739 1686 3904 1755 σῶμα,

481 1802 508 1830 ι(
543 1777 808 1848 corporis
837 1772 1125 1838 membra,
1157 1787 1291 1826 cum
1324 1769 1513 1826 multa
1548 1768 1690 1833 sint,
1746 1779 1935 1820 unum
1995 1767 2131 1816 sunt

2244 1771 2418 1836 οὓτως
2444 1771 2534 1827 καὶ
2575 1773 2603 1826 ό
2635 1773 2885 1850 Χριστὸς.

483 1892 504 1918 ε
535 1881 789 1937 corpus:
824 1865 910 1919 sic
948 1869 1005 1917 et
1033 1861 1320 1918 Christus.
1354 1881 1382 1910 »

547 1960 797 2028 Propter
828 1971 926 2009 eos
958 1953 1058 2022 qui
1094 1951 1346 2022 Spiritus
1375 1948 1745 2003 divinitatem
1777 1946 2129 2017 impugnant

477 2043 902 2102 animadverte.
957 2043 1101 2096 Nam
1163 2039 1250 2092 illi
1310 2037 1490 2108 impie
1532 2040 1807 2091 asserunt
1841 2032 2127 2104 Spiritum

481 2141 752 2191 sanctum
803 2147 838 2186 a
894 2132 1064 2186 Patre
1094 2128 1316 2183 factum
1359 2141 1506 2182 esse.
1541 2128 1614 2179 At
1638 2123 1779 2178 hinc
1811 2121 2128 2194 perspicito

477 2223 766 2296 Spiritum
800 2225 1075 2276 sanctum
1124 2232 1247 2271 non
1280 2231 1408 2271 esse
1449 2212 1676 2285 aliquid
1736 2227 1939 2268 eorum
1999 2226 2129 2281 quae

479 2316 654 2378 ﬁunt,
683 2312 787 2368 sed
819 2327 949 2381 quae
995 2307 1225 2364 faciunt
1259 2322 1272 2361 :
1305 2307 1481 2376 idque
1541 2311 1822 2373 tanquam
1879 2303 2032 2357 Deus
2063 2316 2129 2355 ac

481 2403 769 2460 Dominus
800 2406 858 2454 et
915 2398 1160 2470 prOpria
1187 2395 1472 2468 potentia.
1509 2393 1711 2447 Simile
1751 2407 1986 2462 quoque
2043 2394 2134 2444 est

485 2491 642 2564 quod
671 2489 786 2546 alio
808 2489 941 2544 loco
970 2487 1150 2543 dicit:
1181 2507 1207 2533 α
1233 2483 1484 2556 Spiritus
1499 2482 1598 2537 ubi
1627 2481 1750 2536 vult
1769 2483 1970 2552 spirat.
2002 2497 2033 2532 ιι
2063 2509 2131 2519 -—

485 2577 1033 2648 «Quemadmodum
1065 2576 1226 2631 enim
1259 2589 1473 2646 corpus
1495 2586 1680 2626 unum
1701 2570 1841 2626 est81
1879 2591 1929 2623 .»
1955 2568 2040 2623 Ab
2064 2585 2130 2623 eo

485 2670 642 2742 quod
700 2669 858 2724 circa
909 2682 1125 2738 corpus
1177 2662 1410 2729 accidit,
1467 2678 1574 2733 per
1626 2659 1962 2730 exemplum
2008 2657 2134 2713 vult

484 2758 799 2816 ostendere
852 2755 1010 2828 quod
1068 2770 1278 2810 omnes
1325 2766 1514 2808 unum
1537 2751 1756 2821 Isimus,
1789 2763 2130 2819 quanquam

486 2850 650 2904 varia
671 2845 998 2902 habeamus
1031 2844 1208 2899 dona.
1255 2842 1311 2895 Si
1345 2855 1480 2913 ergo
1509 2854 1694 2894 unum
1727 2854 1954 2907 sumus,
1987 2853 2130 2908 quo-

484 2935 662 2996 modo
689 2937 817 3008 jam
848 2933 1066 2990 rationi
1097 2932 1402 2987 conforme
1463 2929 1596 2996 erit,
1629 2933 1694 2984 ut
1722 2928 2020 2999 quispiam
2061 2927 2132 2981 de

483 3030 776 3084 donorum
806 3023 1147 3080 diversitate
1179 3025 1333 3075 erret
1377 3024 1480 3074 aut
1510 3018 1686 3073 verba
1714 3017 1893 3074 faciat
1919 3017 1948 3072 ‘1
1977 3017 2132 3074 540

485 3139 513 3168 ‹‹
547 3116 691 3172 Cum
725 3113 914 3168 multa
945 3111 1084 3177 sint,
1119 3125 1302 3164 unum
1365 3113 1502 3162 sunt
1559 3123 1791 3178 corpus.
1828 3127 1855 3156 »
1911 3107 2132 3161 Cuncta

2309 1953 2408 2007 Διὰ
2459 1951 2585 2012 τοὺς
2652 1951 3163 2031 πνευματομάχους
3220 1954 3553 2026 σημείωσαι
3613 1952 3679 2006 τὸ
3735 1949 3907 2026 ῥητόν.

2235 2043 2468 2098 Ἐκεῖνοι
2523 2039 2626 2116 γὰρ
2682 2040 2910 2104 ἀνοσίως
2953 2040 3103 2114 φασὶ,
3174 2041 3264 2096 καὶ
3321 2042 3398 2096 τὸ
3488 2036 3650 2116 ἅγιον
3705 2041 3906 2112 Ilva-3pc

2239 2132 2564 2206 ἐνεργεῖσθαι
2595 2130 2741 2203 παρὰ
2768 2133 2865 2185 τοῦ
2912 2131 3141 2206 Πατρός.
3207 2129 3392 2187 Ἀλλὰ
3464 2124 3622 2186 ἔνθεν
3653 2131 3774 2204 ερα,
3839 2128 3908 2183 ὅτι

2240 2222 2304 2276 οὐ
2347 2225 2455 2274 τῶν
2525 2218 2947 2302 ἐνεργουμένων,
2993 2219 3140 2276 ἀλλᾶ
3194 2225 3303 2276 τῶν
3369 2217 3746 2294 ἐνεργούντων
3802 2217 3905 2279 in},

2239 2311 2301 2366 τὸ
2334 2315 2556 2383 Πνεῦμα
2585 2310 2648 2364 τὸ
2678 2310 2859 2384 ἃγιον,
2893 2307 3227 2370 δεσποτικῶς
3283 2309 3382 2365 καὶ
3442 2311 3676 2377 θεῖκῶς,
3706 2307 3796 2363 καὶ
3825 2307 3911 2361 σὸ-

2237 2395 2578 2471 τοδυνάμως.
2610 2399 2842 2471 ’Ὁμοιον
2875 2398 2963 2453 καὶ
2997 2395 3256 2474 ἀλλαχοῦ
3303 2419 3474 2476 φησι,
3518 2419 3541 2447 ε
3603 2397 3679 2454 Τὸ
3709 2397 3902 2468 πνεῦμα

2240 2489 2378 2542 ὅπου
2409 2485 2555 2550 θὲλει
2587 2491 2725 2546 πνεῖ.
2757 2509 2784 2539 ››
2827 2520 2893 2529 —-
2947 2511 2975 2540 ‹‹
3037 2488 3289 2564 Καθάπερ
3347 2487 3458 2564 γὰρ
3515 2487 3582 2542 τὸ
3640 2490 3799 2559 σῶμα
3855 2481 3900 2538 ἓν

2241 2575 2374 2635 ἐστι.
2411 2600 2438 2627 ›ι
2472 2575 2608 2631 ’Δπὸ
2639 2579 2737 2630 τοῦ
2767 2577 2888 2651 περὶ
2921 2577 2984 2632 τὸ
3033 2582 3198 2650 σῶμα
3251 2572 3718 2653 παραδείγματος
3778 2571 3900 2648 βούο

2242 2665 2396 2722 λεται
2429 2661 2619 2736 δεῖξαι,
2663 2665 2748 2719 ὃτι
2806 2664 3000 2726 πάντες
3051 2662 3105 2720 ἓν
3165 2664 3351 2738 ἐσμεν,
3418 2665 3469 2720 εί
3529 2663 3624 2720 καὶ
3685 2660 3897 2736 διάφορα

2243 2753 2444 2828 ἔχομεν
2478 2752 2810 2830 χαρίσματα.
2845 2753 2908 2810 Εἰ
2940 2755 3032 2810 οὖν
3059 2750 3113 2809 ἓν
3145 2752 3330 2828 ἐσμεν,
3380 2759 3496 2810 ποῦ
3557 2753 3752 2811 λοιπὸν
3780 2745 3883 2825 ἔχει

2241 2842 2409 2918 λόγον
2466 2843 2530 2898 τὸ
2594 2841 2715 2918 περὶ
2778 2839 3040 2920 διαφορᾶς
3097 2841 3466 2920 χαρισμάτων
3529 2839 3892 2920 περιφέρεσθαι

2240 2933 2331 2987 καὶ
2362 2930 2731 3007 λογοπραγεῖν
2770 2951 2784 3001 ;
2815 2955 2843 2985 α
2878 2931 3074 2988 Πολλὰ
3103 2930 3248 3004 ὅντα,
3277 2930 3337 2989 ’έν
3371 2933 3494 2990 εστι
3521 2936 3740 3006 σῶμα.»
3761 2927 3886 2987 Πὰνο

2240 3041 2304 3075 τα
2336 3022 2440 3097 γὰρ
2465 3021 2532 3076 τὰ
2567 3019 2708 3095 μέλη
2741 3018 2987 3077 συντελεῖ
3014 3022 3090 3085 εἷς
3115 3022 3178 3076 τὸ
3209 3025 3352 3078 εἶναι
3383 3021 3442 3079 ἓν
3503 3023 3598 3078 καὶ
3659 3017 3889 3084 ὁλόκληο

2247 3129 2338 3185 ρον
2371 3109 2432 3164 τὸ
2463 3105 2642 3183 σῶμα.
2677 3130 2707 3162 ‹‹
2741 3109 2930 3173 Οὕτως
2958 3110 3045 3166 καὶ
3079 3112 3107 3165 ὁ
3166 3112 3432 3186 Χριστὸς.
3498 3135 3528 3164 ιι
3574 3142 3644 3156 —-
3700 3105 3889 3179 [φΩΤ.]

486 3206 708 3263 etenim
741 3197 1252 3270 membraaliquid
1270 3197 1586 3253 conferunt
1615 3195 1689 3251 ad
1720 3196 1931 3263 hoc,ut
1946 3211 2131 3252 unum

2246 3169 2458 3268 δὸτως,
2487 3169 2673 3276 φησὶν,
2706 3200 2734 3253 ὁ
2759 3169 3014 3272 Χριστὸς,
3047 3169 3235 3256 πολλα
3269 3200 3368 3273 μὶν
3397 3169 3549 3276 ’ἔχει
3617 3169 3754 3272 μέλη
3781 3169 3890 3253 toi);

487 3310 556 3350 ac
576 3294 873 3363 integrum
905 3289 982 3343 sit
1013 3303 1247 3358 corpus.
1284 3306 1308 3336 ι
1344 3286 1436 3340 Sic
1467 3291 1525 3340 et
1545 3285 1832 3340 Christus.
1860 3306 1888 3334 ››
1920 3285 2134 3351 lta,in-

489 3383 638 3453 quit,
699 3385 757 3434 et
814 3376 1080 3434 Christus
1133 3374 1324 3430 multa
1354 3373 1595 3445 quidem
1637 3372 1817 3428 habet
1847 3373 2133 3440 membra,

491 3485 706 3541 nempe
736 3466 1003 3540 singulos
1034 3465 1260 3532 fideles,
1293 3479 1482 3519 unum
1535 3479 1668 3519 vero
1701 3478 1936 3534 corpus,
1995 3469 2138 3535 puta

491 3559 768 3616 Ecclesiaa
805 3557 1312 3614 communionem.
1346 3556 1426 3608 Ex
1469 3553 1674 3608 multis
1705 3554 1862 3607 enim
1895 3569 2137 3623 compo-

2243 3289 2362 3352 καθ’
2394 3284 2640 3357 ἕκαστον,
2669 3285 2724 3342 ἓν
2760 3286 2818 3342 δὲ
2848 3293 3008 3362 σῶμα
3036 3289 3134 3358 τήν
3167 3290 3470 3362 κοινότητα
3527 3295 3630 3357 τῆς
3678 3282 3888 3351 Ἐκκλη’

2246 3377 2386 3437 σίας.
2448 3377 2545 3432 Ἐκ
2598 3377 2702 3453 γὰρ
2743 3375 2971 3433 πολλῶν
3031 3379 3389 3452 συγκειμένη,
3450 3376 3510 3435 ἓν
3563 3377 3673 3433 ἐστι
3729 3377 3884 3444 σῶμα,

2244 3465 2486 3543 κεφαλήν
2514 3460 2723 3541 ἔχουσα
2752 3468 2846 3523 τὸν
2879 3469 3140 3542 Χριστὸν,
3163 3469 3240 3530 ὡς
3270 3470 3417 3524 εἶναι
3450 3469 3555 3538 τήν
3581 3459 3880 3532 Ἐκκλησίαν

2243 3553 2335 3607 καὶ
2365 3555 2456 3608 τὸν
2487 3555 2722 3632 Χριστὸν
2751 3553 2805 3611 ἓν
2834 3555 3128 3619 αὐτοτελὲς
3155 3562 3337 3630 σῶμα.

493 3652 628 3717 sita,
661 3663 841 3704 unum
875 3650 967 3702 est
1013 3660 1227 3717 corpus
1257 3643 1485 3699 habens
1520 3646 1699 3713 caput
1726 3640 2045 3708 Christum,
2078 3646 2144 3695 ut
2195 3643 2277 3698 sic
2335 3644 2598 3701 Ecclesia
2642 3651 2698 3702 et
2746 3647 3012 3703 Christus
3059 3663 3246 3704 unum
3278 3651 3340 3703 et
3381 3648 3550 3703 idem
3581 3642 3879 3718 perfectum

490 3752 726 3793 οονιιιιε.

562 3753 592 3792 r
712 3777 726 3793 .

561 3753 903 3892 Χῗῗδιϐ-εο.
930 3842 952 3873 ι
969 3821 1199 3877 Etenim
1233 3833 1338 3890 per
1364 3833 1552 3874 unum
1585 3815 1867 3887 Spiritum
1887 3831 1997 3870 nos
2020 3831 2140 3871 om-

489 3939 518 3966 ‹‹
537 3931 643 3970 nes
661 3915 722 3968 in
752 3928 940 3969 unum
963 3925 1178 3981 corpus
1219 3905 1496 3978 baptizati
1515 3921 1727 3960 sumus
1754 3920 1767 3958 :
1799 3904 2138 3975 siveludaai,

491 4029 518 4056 ‹‹
548 4008 666 4061 sive
698 4002 1029 4069 Graci,sive
1054 3999 1224 4064 servi,
1247 3997 1367 4051 sive
1391 3996 1580 4062 liberi,
1601 4001 1878 4051 etomnes
1903 4013 2022 4052 uno
2044 4014 2143 4068 po-

491 4120 518 4145 ‹‹
547 4095 678 4151 culo
691 4094 862 4166 rigati
880 4105 1074 4145 sumus
1093 4089 1155 4140 in
1175 4100 1361 4142 unum
1378 4084 1676 4154 spiritum.
1693 4084 1995 4155 Siquidem
2009 4102 2139 4141 cor-

490 4210 516 4237 ‹‹
546 4203 657 4257 pus
681 4201 801 4239 non
825 4187 915 4237 est
936 4193 1120 4234 unum
1146 4173 1504 4242 membrum,
1539 4175 1642 4231 sed
1667 4175 1869 4232 multa.
1904 4176 1961 4231 Si
1984 4176 2140 4234 dicat

489 4300 516 4326 α
541 4291 646 4348 pes
668 4291 680 4328 :
702 4275 847 4327 Cum
871 4285 994 4323 non
1019 4267 1130 4323 sim
1159 4280 1393 4330 manus,
1423 4281 1542 4320 non
1561 4283 1692 4321 sum
1729 4276 1801 4322 de
1842 4282 2088 4339 corpore
2122 4287 2134 4325 :

493 4388 520 4415 ‹‹
551 4379 696 4420 num
713 4361 935 4415 idcirco
958 4371 1080 4411 non
1099 4353 1274 4410 estde
1296 4355 1582 4427 corpore?
1604 4358 1674 4410 Et
1698 4357 1744 4411 si
1762 4357 1920 4413 dicat
1940 4356 2132 4414 auris:

495 4477 523 4505 ι(
543 4454 686 4508 Cum
709 4463 831 4504 non
867 4447 980 4502 sim
1003 4445 1231 4516 oculus,
1259 4459 1381 4500 non
1410 4460 1540 4501 sum
1563 4445 1636 4500 de
1658 4461 1903 4517 corpore
1936 4463 1948 4502 :
1991 4463 2134 4502 num

2323 3817 2425 3872 Καὶ
2475 3818 2578 3894 γὰρ
2631 3818 2682 3873 ἰν
2767 3819 2843 3874 ἑνὶ
2903 3819 3176 3893 Πνεύματι
3233 3824 3399 3894 ἡμεῖς
3471 3820 3662 3880 πάντες
3713 3813 3784 3875 εἷς
3833 3805 3878 3864 ἔν

2252 3909 2411 3978 σῶμα
2486 3902 2910 3979 ἐϐαπτίσθημεν,
2966 3909 3074 3965 ε’ἰτε
3159 3906 3456 3979 Ἰουδαῖοι,
3515 3905 3621 3964 εἰει-ε
3700 3898 3877 3967 Ἕλλη⁴⁸

2249 4013 2354 4059 νες,
2414 3993 2521 4050 εἷ’τε
2580 3992 2797 4068 δοῦλοι,
2858 3995 2962 4052 εἴτε
3021 3996 3323 4074 ἐλεύθεροι,
3380 3999 3478 4054 καὶ
3564 3994 3750 4054 πάντες
3827 3985 3872 4041 ἓν

2248 4083 2400 4157 πόμα
2490 4084 2880 4160 ἐποτίσθημεν,
2956 4086 3032 4149 εἰς
3088 4085 3144 4142 ἓν
3212 4092 3447 4160 πνεῦμα.
3527 4083 3630 4142 Καὶ
3676 4082 3770 4157 γὰρ
3819 4076 3869 4130 τὸ

2249 4179 2409 4247 σῶμα
2441 4173 2540 4230 οὐκ
2569 4169 2713 4232 ἔστιν
2769 4173 2825 4231 ἓν
2887 4175 3078 4251 μέλος,
3137 4176 3284 4233 ἀλλὰ
3339 4177 3553 4235 πολλὰ.
3597 4175 3714 4232 Ἐὰν
3761 4166 3866 4238 εἴπῃ

2249 4264 2279 4318 ὸ
2304 4267 2461 4332 ποῦς,
2495 4263 2578 4319 ὅτι
2612 4265 2730 4322 Οὐκ
2758 4263 2871 4339 εῗμὶ
2905 4265 3052 4340 χεὶρ,
3086 4265 3190 4322 οὐκ
3218 4265 3333 4339 εἰμὶ
3391 4264 3453 4322 ἐκ
3480 4267 3578 4322 τοῦ
3615 4262 3864 4333 σώματος,

2247 4352 2310 4408 οὐ
2363 4355 2508 4428 παρὰ
2563 4358 2730 4410 τοῦτο
2791 4355 2891 4409 οὐκ
2940 4354 3080 4410 ἐστιν
3139 4355 3197 4410 ἐκ
3247 4359 3345 4416 τοῦ
3433 4356 3728 4428 σώματοςῖ
3778 4341 3862 4402 Καὶ

2246 4441 2334 4498 ἐὰν
2375 4441 2501 4518 εἴπῃ
2554 4444 2617 4499 τὸ
2672 4443 2788 4512 οὖς,
2846 4443 2956 4499 Οὐκ
3013 4444 3128 4518 εἰμὶ
3189 4444 3248 4500 ἐκ
3323 4449 3421 4500 τοῦ
3507 4443 3768 4516 σώματος.
3809 4431 3858 4487 οὗ

493 4563 522 4592 «
542 4539 761 4594 idcirco
779 4553 899 4592 non
915 4541 1004 4592 est
1018 4534 1091 4590 de
1105 4549 1349 4605 corpore
1365 4534 1394 4589 εἴ
1406 4533 1461 4588 Si
1476 4539 1665 4588 totum
1679 4551 1889 4605 corpus
1903 4537 2131 4604 oculus,

2244 4534 2390 4607 παρᾶ
2437 4537 2599 4589 τοῦτο
2658 4534 2760 4589 οὐκ
2811 4527 2953 4588 ἔστιν
3008 4531 3068 4589 ἑκ
3131 4538 3228 4592 τοῦ
3283 4533 3586 4608 σώματος;
3642 4526 3706 4587 Εἰ
3748 4522 3856 4582 ὅλον

2285 4622 2297 4633 ι
2375 4626 2402 4633 .-
2533 4623 2548 4633 ι
2600 4624 2621 4633 Α
2667 4621 2684 4633 ς
2756 4623 2767 4633 ι
2966 4627 2991 4633 Α.
3059 4626 3072 4633 ρ
3155 4623 3167 4633 ι
3269 4624 3280 4633 ι
3428 4623 3440 4633 ι
3478 4621 3530 4633 κε
3647 4619 3660 4633 Ι
3731 4614 3743 4633 ’
3789 4611 3830 4633 ,3

503 4650 530 4678 α
563 4626 663 4682 ubi
686 4626 964 4682 auditus?
989 4626 1038 4682 si
1059 4629 1246 4680 totum
1271 4623 1530 4690 auditus,
1555 4622 2131 4680 ubiolfactus?Nunc

2245 4622 2309 4677 τὸ
2337 4626 2494 4695 σῶμα
2525 4621 2831 4696 ὀφθαλμὸς,
2889 4627 2996 4678 ποῦ
3049 4626 3084 4692 ἡ
3144 4623 3280 4693 ἀκοή
3326 4643 3340 4692 ;
3400 4623 3444 4678 εἴ
3478 4619 3668 4687 ’ὁλονὴ
3718 4611 3853 4696 ἀκοὴν

497 4741 526 4769 «ι
553 4722 750 4774 autem
783 4717 998 4789 posuit.
1036 4717 1190 4770 Deus
1222 4713 1510 4780 membra,
1542 4713 2012 4785 unumquodque
2038 4730 2137 4771 eo-

499 4829 526 4862 ιι
553 4823 687 4863 rum
707 4807 769 4862 in
794 4822 1040 4879 corpore
1062 4802 1566 4877 quemadmodum
1588 4803 1963 4869 voluit.Quod
1981 4805 2030 4860 si
2045 4820 2137 4862 es-

492 4919 521 4950 «
541 4902 674 4953 sent
703 4897 904 4952 omnia
947 4909 1139 4952 unum
1170 4893 1528 4961 membrum,
1560 4891 1662 4947 ubi
1696 4905 1910 4964 corpus
1931 4892 2139 4949 ‘INunc

490 5009 518 5038 ιε
548 4993 747 5044 autem
769 4985 958 5042 multa
977 4983 1216 5056 quidem
1250 4982 1732 5049 membra,unum
1748 4997 1883 5038 vero
1901 4998 2136 5055 corpus.

559 5075 646 5132 Ἐν
681 5073 781 5146 ἐνί,
816 5075 875 5130 id
903 5079 1010 5140 est,
1035 5069 1106 5126 δι’
1138 5071 1279 5135 ἑνός,
1315 5073 1426 5127 hoc
1457 5077 1567 5137 est,
1601 5087 1708 5142 per
1731 5087 1978 5138 unum,«
2009 5073 2140 5128 0m-

487 5179 595 5221 nes
625 5165 687 5219 in
711 5179 897 5219 unum
915 5177 1185 5233 corpus»
1217 5158 1438 5215 Deinde
1463 5159 1771 5232 subjungit
1796 5161 1972 5217 etiam
1995 5162 2137 5232 quid

486 5255 752 5312 eﬂecerit
808 5269 1016 5310 omnes
1069 5267 1196 5306 esse
1255 5266 1442 5306 unum
1474 5267 1710 5322 corpus,
1743 5267 1958 5324 nempe
2006 5269 2135 5308 esse

484 5359 670 5400 unum
695 5343 1001 5415 Spiritum,
1036 5346 1093 5395 et
1127 5354 1336 5394 omnes
1373 5339 1444 5394 ab
1490 5355 1611 5394 uno
1655 5339 1981 5412 baptizatos
2008 5339 2138 5413 Spi-

485 5435 601 5491 ritu
659 5448 789 5488 esse
845 5431 906 5486 in
961 5443 1148 5485 unum
1205 5441 1458 5500 corpus:
1517 5429 1628 5483 hoc
1659 5435 1768 5496 est,
1819 5431 1895 5486 ad
1931 5431 2044 5488 hoc
2072 5437 2138 5488 ut

557 5621 629 5658 3"
656 5621 822 5674 Joan.
856 5634 941 5685 ιιι,
973 5619 1026 5673 8.

2248 4715 2352 4767 ποῦ
2381 4693 2430 4780 ἡ’
2451 4693 2719 4785 ὄσφρησις
2754 4731 2767 4780 ;
2797 4713 2934 4769 Νυνὶ
2993 4709 3050 4768 ὃδ
3103 4714 3132 4768 ὁ
3192 4713 3321 4775 Θεὸς
3355 4709 3502 4769 ἔθετο
3558 4711 3624 4766 τὰ
3656 4701 3783 4780 μέλη
3809 4693 3852 4753 ἲν

2246 4799 2469 4857 ἕκαστον
2490 4802 2668 4857 αὐτῶν
2699 4801 2750 4857 ἐν
2781 4807 2860 4875 τῷ
2903 4802 3118 4875 σώματι
3157 4803 3337 4864 καθὼς
3393 4800 3672 4872 ἠοάλησεν.
3723 4789 3780 4849 Εἴ
3807 4785 3854 4842 δὶ

2248 4890 2313 4959 ἦν
2341 4892 2406 4946 τὰ
2443 4891 2535 4964 μὲν
2560 4888 2701 4962 μέλη
2737 4885 2810 4962 ἔν,
2842 4895 2948 4946 ποῦ
2975 4891 3036 4946 τὸ
3067 4896 3265 4964 σῶμα;
3303 4896 3412 4950 Νῦν
3456 4889 3514 4947 δὶ
3565 4883 3740 4945 πολλὰ
3778 4876 3856 4952 μιν

2252 4979 2420 5054 μὲλη,
2451 4978 2503 5038 ἔν
2537 4978 2595 5036 δὶ
2621 4985 2800 5056 σῶμα.

2319 5070 2449 5128 Οἷον
2482 5068 2554 5126 δι’
2580 5072 2721 5139 ἑνὸς,
2777 5097 2803 5124 ‹‹
2838 5071 3037 5136 Πάντες
3067 5071 3144 5134 εὶς
3201 5070 3254 5127 ἓν
3317 5076 3494 5144 σῶμα.
3531 5093 3558 5122 ιο
3616 5065 3736 5124 Εἶτα
3777 5056 3854 5144 διξ-

2250 5161 2366 5234 ἀγει
2397 5161 2488 5216 καὶ
2543 5162 2606 5216 τὸ
2646 5160 3012 5216 κατασκιάσαν
3045 5154 3252 5226 πάντας
3287 5159 3343 5218 ἓν
3377 5166 3551 5234 σῶμα,
3577 5158 3636 5214 τὸ
3667 5153 3787 5208 εἶναι
3808 5139 3853 5198 ἵν

2249 5251 2311 5304 τὸ
2342 5253 2582 5322 Πνεῦμα,
2635 5249 2728 5304 καὶ
2785 5251 2987 5314 πάντας
3047 5250 3148 5306 ὑπὸ
3205 5255 3303 5306 τοῦ
3362 5251 3481 5314 ἑνὸς
3537 5234 3850 5323 βεϐαπτίσθαι

2249 5341 2570 5414 ΙΙνεύματος
2602 5341 2678 5404 εἷς
2709 5339 2764 5396 ἓν
2822 5347 3005 5416 σῶμα,
3064 5345 3361 5414 τουτέστιν,
3421 5341 3496 5406 εἰς
3544 5340 3602 5395 τὸ
3659 5335 3847 5396 ποιῆσαί

2245 5431 2447 5494 πάντας
2481 5436 2641 5505 σῶμα
2671 5427 2748 5491 ἓν.
2788 5431 2939 5492 Τέως
2981 5429 3038 5485 δὲ
3103 5429 3191 5486 διὰ
3236 5429 3332 5488 δύο
3378 5433 3580 5489 τούτων
3625 5431 3843 5498 παραμυ-
