4156 6200
305 364 422 430 811

1351 367 1758 428 COMMENT.
1804 365 1876 424 IN
1924 362 2170 426 EPIS’I‘.
2221 365 2245 428 Ι
2291 363 2401 426 AD
2445 365 2817 428 COHJNTH.

3619 365 3740 428 822

309 497 484 551 θεῖται
512 495 607 551 τὸν
639 496 701 549 τὸ
762 489 988 552 ἔλαττον
1046 493 1246 571 ἔχοντα
1303 495 1579 571 χάρισμα,
1609 502 1687 570 τῷ
1716 517 1774 552 τε
1807 495 1961 552 simia

2092 512 2299 553 omnes
2331 497 2637 554 efficerent
2658 513 2842 571 unum
2879 512 3111 570 corpus.
3136 495 3381 554 Interim
3399 502 3596 556 autem
3627 517 3734 572 per

315 583 397 639 ὅτι
450 582 504 639 ἓν
564 588 724 656 σῶμα
780 585 978 649 πάντες
1035 583 1215 658 ἐσμὲν,
1276 585 1368 641 καὶ
1424 591 1503 658 τῷ
1556 585 1726 642 εἰπεῖν
1761 583 1850 640 διὰ
1877 589 1975 641 τοῦ

313 673 479 730 αὐτοῦ
543 673 860 747 [Ινεύματος
919 675 1006 730 καὶ
1067 681 1168 746 τῆς
1229 674 1396 741 αὐτῆς
1453 671 1878 750 κολυμϐήθρας,
1917 675 1970 730 ἓν

313 766 463 836 ἡμᾶς
502 762 810 840 γεγονέναι.
846 787 874 818 ιι
906 765 1000 822 Ἐν
1033 766 1188 839 πόμα
1217 764 1585 837 ἐποτίσθημεν
1617 764 1692 827 εἰς
1721 763 1774 819 ἓν
1806 769 1974 822 Πνεῦ-

319 873 414 925 μα.
449 876 479 905 ››
508 852 588 909 Δι’
645 853 780 921 ἑνὸς,
841 853 999 930 φησὶ,
1043 853 1358 928 Ηνεύματος
1387 853 1703 934 ἐσχήκαμεν
1733 858 1840 908 τῶν
1868 874 1974 930 χασ-

315 940 598 1016 ρισμάτων
628 945 729 1010 τήν
757 938 987 1016 δωρεάν,
1023 967 1048 994 ‹‹
1077 944 1476 1015 Ἐποτίσθημεν
1509 967 1537 996 ››
1573 940 1630 1000 δὲ
1661 943 1832 1008 εἶπεν,
1864 942 1971 998 ἀπὸ

315 1037 628 1108 μεταφορᾶς
669 1036 768 1086 τοῦ
799 1028 1053 1106 δένδρων,
1116 1054 1223 1088 των
1281 1033 1340 1089 ἐκ
1394 1038 1492 1102 τῆς
1525 1033 1693 1103 αὐτῆς
1727 1030 1970 1107 ἀρδομέσ

308 1143 415 1175 νων
453 1124 660 1195 πηγῆς.
696 1150 724 1173 κ
761 1120 866 1178 Καὶ
896 1122 1000 1196 γὰρ
1057 1122 1120 1177 τὸ
1175 1126 1333 1196 σῶμα
1375 1120 1474 1178 οὒκ
1513 1121 1655 1178 ἔστιν
1686 1119 1740 1177 ἓν
1775 1119 1967 1195 μέλος,

308 1207 458 1264 ἀλλὰ
483 1206 691 1266 πολλά.
730 1233 760 1261 ››
792 1210 898 1266 Καὶ
952 1211 1029 1283 μὴ
1090 1211 1396 1286 θαυμάσῃς,
1429 1212 1609 1288 φησὶν,
1641 1211 1687 1270 εἰ
1716 1216 1968 1267 τοσοῦτοι

307 1297 461 1358 ὄντες
490 1295 544 1353 ἓν
579 1299 740 1370 σῶμα
774 1297 957 1368 ἐσμεν,
1018 1299 1182 1356 ὁπότε
1236 1300 1326 1355 καὶ
1384 1299 1472 1356 ἐπὶ
1505 1304 1602 1357 τοῦ
1632 1299 1968 1374 ἀνθρωπίνου

310 1389 567 1462 σώματος
601 1388 706 1444 ἀπὸ
737 1387 967 1444 πολλῶν
1021 1389 1229 1463 μελῶν,
1283 1387 1336 1445 ἓν
1395 1386 1537 1448 ἔστιν
1571 1392 1741 1465 εὑρεῖν
1768 1390 1828 1446 τὸ
1861 1395 1966 1446 σῶ-

497 1479 510 1497 \
555 1475 598 1496 κε
725 1476 769 1511 ἱ.
815 1477 828 1496 ἳ
908 1478 920 1500 Ι
1093 1481 1105 1498 ο
1205 1476 1225 1495 δ
1364 1482 1376 1496 ο
1617 1481 1631 1502 9

312 1499 409 1550 μα.
445 1482 522 1534 Τα
551 1491 608 1532 οε
636 1500 768 1552 προ..
811 1499 1050 1542 εκεινους
1083 1477 1320 1554 αρμοδια
1351 1483 1570 1554 ρήματα
1599 1503 1676 1543 ως
1708 1481 1767 1537 ἐκ
1795 1502 1964 1556 προσ-

308 1571 464 1622 ώπου
519 1571 627 1622 τῶν
685 1566 869 1640 μελῶν
923 1567 1148 1638 τέθεικε,
1211 1567 1378 1642 δεῖξαι
1411 1567 1585 1625 Θέλων
1637 1571 1720 1625 ὅτι
1782 1570 1827 1625 εί
1875 1570 1964 1625 καὶ

306 1653 534 1711 ἔλαττόν
564 1677 648 1718 τις
681 1653 801 1730 ἔχει
830 1655 1100 1732 χάρισμα,
1156 1657 1218 1712 οὔ
1270 1657 1417 1730 παρὰ
1444 1662 1606 1714 τοῦτο
1637 1653 1964 1729 ἔκϐἐϐληται

305 1748 404 1800 τοῦ
436 1745 574 1800 εἶναι
637 1744 807 1818 μέλος
858 1750 954 1799 τοῦ
1015 1746 1290 1818 σώματος.
1353 1747 1454 1804 Καὶ
1498 1747 1599 1821 γὰρ
1626 1747 1714 1802 καὶ
1748 1746 1834 1804 ἐπὶ
1865 1752 1963 1802 τοῦ

309 1835 656 1908 ἀνθρωπίνου
687 1837 1080 1910 συγκρίματος,
1138 1839 1228 1892 καὶ
1280 1838 1341 1892 τὸ
1398 1835 1623 1893 ἔλαττον
1671 1840 1848 1894 καὶτὸ
1877 1860 1958 1896 τι·

309 1925 602 2000 μιώτερον,
637 1926 714 1987 εἰς
743 1923 796 1981 ἔν
829 1926 1074 1984 συντελεῖ
1103 1931 1282 1999 σῶμα.

2088 585 2214 641 haec
2236 585 2352 643 duo
2376 586 2719 644 consolatur
2737 602 2870 644 eum
2895 585 2994 659 qui
3028 584 3226 642 minus
3257 585 3436 644 habet
3467 586 3730 650 donum:

2086 683 2207 730 tum
2229 676 2480 730 dicendo
2505 677 2664 746 quod
2682 693 2889 732 omnes
2911 692 3095 732 unum
3115 692 3329 748 corpus
3351 693 3577 750 sumus,
3602 685 3727 736 tum

2084 765 2333 822 dicendo
2366 766 2525 838 quod
2577 783 2683 838 per
2710 781 2896 822 unum
2937 765 3218 838 Spiritum
3250 765 3528 838 idemque
3559 767 3724 824 lava-

2083 871 2250 914 crum
2271 871 2459 912 unum
2483 855 2676 913 effecti
2705 871 2930 912 sumus.
2967 877 2994 906 ι(
3030 855 3152 912 Uno
3184 854 3396 925 poculo
3426 857 3596 928 rigati
3627 874 3728 914 su-

2080 961 2214 1000 mus
2245 945 2306 998 in
2337 961 2523 1004 unum
2553 944 2858 1019 Spiritum.
2894 966 2923 995 »
2977 945 3088 998 Per
3119 961 3327 1014 unum,
3359 946 3572 1015 inquit,
3606 947 3729 1021 Spi-

2082 1033 2263 1092 ritum
2318 1034 2660 1106 accepimus
2709 1034 2955 1104 gratiam
2989 1033 3302 1089 donorum.
3336 1035 3488 1092 Dicit
3527 1042 3725 1095 autem

2079 1124 2249 1195 rigati
2283 1139 2487 1178 sumus
2518 1123 2590 1186 ab
2614 1122 2895 1179 arborum
2914 1123 3260 1193 metaphora
3283 1139 3413 1196 qum
3436 1141 3504 1180 ex
3519 1123 3726 1182 eodem

2078 1212 2239 1269 fonte
2263 1213 2600 1285 irrigantur.
2631 1233 2655 1263 ιι
2692 1212 2994 1284 Siquidem
3027 1228 3242 1283 corpus
3274 1229 3390 1268 non
3423 1219 3512 1270 est
3543 1229 3727 1272 unum

2079 1302 2546 1368 membrum,sed
2569 1302 2779 1357 multa.
2814 1325 2842 1352 υ
2877 1304 2956 1357 Ne
2988 1302 3248 1365 mireris,
3276 1301 3491 1376 inquit,
3525 1303 3574 1359 si
3607 1312 3727 1360 tam

2080 1392 2249 1447 multi
2282 1407 2469 1448 unum
2500 1391 2686 1450 simus
2714 1407 2950 1463 corpus,
2984 1390 3220 1462 quando
3263 1391 3440 1448 etiam
3501 1391 3562 1450 in
3621 1391 3728 1452 hu-

2078 1499 2253 1536 mano
2285 1497 2530 1552 corpore
2568 1499 2637 1534 ex
2668 1480 2871 1534 multis
2916 1480 3198 1534 membris
3230 1497 3415 1535 unum
3461 1481 3724 1537 invenia-

2079 1577 2173 1628 tur
2229 1570 2508 1628 constitui
2568 1587 2801 1642 corpus.
2865 1570 3067 1625 Posuit
3120 1575 3320 1626 autem
3370 1587 3438 1625 ex
3469 1585 3723 1642 persona

2075 1660 2481 1716 membrorum
2512 1660 2707 1725 verba,
2726 1677 2857 1730 qua:
2874 1659 3142 1731 apprime
3165 1658 3488 1716 Corinthiis
3523 1665 3724 1719 essent

2075 1749 2478 1813 accommoda,
2538 1751 2682 1807 541
2748 1748 3060 1806 ostendere
3108 1748 3312 1804 volens
3372 1748 3528 1818 quod
3582 1747 3721 1804 licet

2077 1840 2372 1910 quispiam
2425 1839 2622 1894 minus
2682 1840 2898 1896 habeat
2950 1839 3194 1904 donum,
3219 1854 3338 1894 non
3378 1837 3450 1894 ob
3483 1838 3594 1893 hoc
3624 1855 3721 1892 re-

2069 1930 2268 2001 jectus
2299 1934 2406 1998 est,
2440 1946 2514 1984 ne
2547 1929 2624 1985 sit
2651 1930 2916 2001 corporis
2947 1928 3304 1986 membrum.
3331 1927 3635 1999 Siquidem
3657 1929 3718 1982 in

304 2017 566 2074 humano
607 2033 844 2087 quoque
875 2023 1222 2089 coagmento
1255 2023 1313 2074 et
1342 2018 1500 2089 quod
1529 2018 1818 2091 abjectius
1847 2024 1938 2076 est
1958 2026 2012 2073 et
2046 2019 2204 2090 quod
2228 2018 2660 2085 honorabilius,
2694 2019 2768 2076 ad
2803 2020 2980 2077 unius
3012 2018 3278 2089 corporis
3328 2033 3716 2074 consumma-

307 2106 531 2162 tionem
564 2106 892 2164 conferunt.

377 2324 404 2350 ‹‹
452 2300 572 2356 Ἐὰν
637 2302 762 2375 εἳπῃ
827 2303 855 2355 6
923 2307 1079 2362 ποῦς.
1132 2325 1161 2353 »
1230 2302 1353 2359 Ἐὰν
1420 2307 1580 2358 τοῦτο
1649 2301 1805 2377 ε’ίπῃ,
1867 2301 2030 2372 ὅτιΒ

303 2413 333 2440 (ι
369 2388 486 2446 Οὐκ
510 2389 624 2461 είμὶ
656 2389 716 2444 ἐκ
746 2392 1020 2463 σώματος,
1055 2415 1084 2442 ››
1143 2391 1204 2446 οὐ
1259 2393 1408 2465 παρὰ
1450 2391 1513 2447 τὸ
1567 2393 1755 2464 εἷπεῖν,
1787 2418 1813 2450 ι
1844 2390 1958 2450 Οὐκ

305 2477 442 2552 εἰμὶ,
479 2503 506 2529 »
536 2476 646 2549 ἤδη
716 2479 918 2550 ἀπεστη
987 2480 1046 2536 ἐκ
1103 2486 1200 2536 τοῦ
1267 2492 1545 2555 σώματος.
1600 2481 1784 2544 Οὕτως
1833 2478 1959 2537 οὐδὲ

306 2567 369 2622 σὺ
399 2565 586 2638 ἐπειδὴ
644 2567 769 2625 τόδε
823 2566 974 2648 ἔχεις
1031 2573 1278 2646 χάρισμα
1333 2573 1423 2626 καὶ
1483 2571 1615 2646 οὖχί
1669 2569 1814 2643 τόδε,
1846 2568 1953 2641 ἤδη

305 2657 571 2713 πέπαυσαι
602 2663 700 2714 τοῦ
759 2657 896 2713 εἶναι
950 2665 1110 2732 σῶμα
1164 2657 1219 2714 ἓν
1279 2661 1374 2716 σὺν
1430 2666 1547 2722 τοῖς
1585 2659 1801 2723 ἄλλοις.
1833 2685 1861 2712 (ι
1895 2659 1962 2718 Ei

303 2745 434 2802 ὅλον
479 2748 541 2802 τὸ
591 2751 752 2821 σῶμα
811 2745 1119 2826 ὀφθαλμός,
1155 2771 1179 2801 ι
1241 2746 1464 2818 Ἐπειδή
1524 2748 1812 2829 ὀφθαλμοῦ
1867 2749 1956 2804 καὶ

298 2833 469 2898 ποδὸς
508 2834 776 2909 ἐμνήσθη,
833 2835 892 2892 ἐκ
949 2834 1006 2892 δὲ
1060 2837 1258 2892 τούτου
1313 2837 1582 2908 ἐλύπησεν
1614 2838 1958 2910 αἲνιξάμενος

298 2923 390 2978 καὶ
459 2922 655 2984 αὐτοὺς
714 2922 1013 2980 ἐλάττωσιν
1067 2945 1187 2980 τινα
1253 2920 1425 2999 ἔχειν,
1491 2926 1676 3000 ὥσπερ
1722 2927 1813 2981 καὶ
1866 2924 1952 2980 ἐπὶ

295 3018 404 3068 τῶν
460 3013 659 3085 μελῶν,
716 3017 806 3069 νῦν
872 3011 1132 3071 δείκνυσιν
1204 3016 1380 3076 οὕτως
1449 3013 1584 3070 εἶναι
1657 3014 1955 3092 συμφέρον,

296 3103 360 3156 τὸ
411 3099 645 3182 διάφορα
695 3104 833 3157 εἶναι
887 3103 1226 3178 χαρίσματα.
1279 3105 1481 3177 Ὠσπερ
1527 3105 1628 3178 γὰρ
1671 3103 1734 3158 τὸ
1797 3108 1957 3174 σῶμα

299 3187 388 3245 διὰ
463 3191 624 3247 τοῦτό
683 3191 795 3247 ἐστι
849 3197 1034 3265 σῶμα,
1102 3189 1292 3260 ἐπειδὴ
1359 3191 1419 3247 ἐκ
1493 3189 1767 3269 διαφόρων
1834 3213 1957 3247 συν-

301 3279 492 3352 έστηκε
535 3279 737 3354 μελῶν,
805 3261 980 3346 οὕτιυς
1046 3281 1137 3337 καὶ
1202 3284 1263 3336 τὸ
1327 3286 1488 3354 σῶμα
1552 3261 1667 3336 τὸδ’
1700 3261 2016 3357 Χριστοῦβῂ

2135 2326 2160 2358 ε
2196 2305 2252 2360 Si
2284 2305 2442 2360 dicat
2471 2321 2595 2376 pes.
2628 2325 2657 2354 ιε
2677 2305 2729 2359 Si
2755 2307 2867 2361 hoc
2896 2305 3088 2361 dicat:
3122 2327 3149 2354 ‹‹
3176 2307 3300 2360 Non
3331 2320 3464 2360 sum
3486 2302 3558 2358 de
3582 2318 3716 2358 cor-

2071 2411 2233 2466 pore,
2261 2414 2290 2444 »
2340 2407 2462 2449 non
2517 2400 2759 2465 propter
2815 2393 2964 2451 illud
2994 2393 3212 2458 dicere,
3245 2415 3272 2445 «
3305 2395 3457 2448 Num
3486 2405 3638 2456 sum,
3675 2412 3704 2444 ιν

2063 2483 2189 2554 jam
2221 2481 2390 2538 abest
2418 2499 2451 2537 a
2481 2499 2728 2553 corpore
2763 2499 2776 2536 :
2809 2482 2894 2537 sic
2924 2495 3118 2553 neque
3153 2488 3214 2538 tu
3272 2498 3340 2537 eo
3391 2480 3548 2551 quod
3603 2479 3714 2536 hoc

2069 2573 2290 2627 habeas
2321 2571 2544 2628 donum
2575 2577 2633 2626 et
2661 2589 2780 2627 non
2805 2571 3097 2642 illud,jam
3130 2570 3353 2629 desinis
3380 2584 3515 2627 cum
3546 2575 3717 2626 caste-

2069 2663 2152 2717 ris
2183 2678 2368 2717 unum
2401 2661 2637 2717 efﬁcere
2669 2675 2903 2732 corpus.
2938 2681 2966 2712 (ι
3001 2661 3056 2717 Si
3088 2666 3277 2716 totum
3306 2676 3521 2730 corpus
3561 2674 3712 2714 ocu-

2070 2752 2162 2807 lus
2219 2771 2246 2802 ι»
2303 2751 2793 2820 Quandoquidem
2839 2749 2996 2805 oculi
3029 2766 3095 2805 ac
3128 2749 3292 2820 pedis
3327 2747 3620 2812 meminit,
3655 2753 3713 2804 et

2069 2858 2137 2896 ex
2169 2842 2281 2896 hoc
2311 2855 2562 2895 maerore
2594 2856 2696 2895 eos
2725 2839 3207 2904 ail'ecit,innuens
3233 2838 3394 2908 ipsos
3426 2836 3717 2906 quodam-

2067 2931 2244 2986 modo
2276 2931 2589 2985 inferiores
2614 2945 2765 2993 esse,
2799 2927 3304 2999 quemadmodum
3336 2933 3393 2983 et
3440 2927 3501 2981 in
3532 2939 3716 2984 mem-

2068 3019 2237 3074 bris:
2297 3019 2557 3073 ostendit
2613 3034 2771 3072 nunc
2826 3017 2905 3072 ita
2960 3015 3262 3087 expedire,
3293 3020 3358 3070 ut
3410 3014 3570 3070 varia
3598 3013 3717 3073 sint

2065 3109 2240 3163 dona.
2275 3108 2435 3162 Sicut
2482 3107 2641 3160 enim
2673 3122 2889 3176 corpus
2930 3104 3062 3160 ideo
3093 3109 3185 3160 est
3212 3120 3450 3174 corpus,
3473 3103 3614 3173 quia
3643 3119 3714 3156 ex

2065 3197 2244 3252 variis
2264 3197 2646 3252 constituitur
2674 3193 2996 3250 membris:
3032 3194 3115 3250 ita
3145 3199 3202 3250 et
3232 3209 3445 3264 corpus
3475 3193 3712 3256 Christi,

2066 3285 2125 3340 id
2151 3291 2261 3351 est,
2302 3285 2648 3349 Ecclesiam,
2682 3284 2792 3338 hoc
2841 3282 2982 3338 facit
3025 3299 3155 3338 esse
3205 3297 3440 3352 corpus,
3495 3295 3710 3352 nempe

303 3370 547 3428 τουτέστι
605 3372 706 3440 τήν
767 3368 1110 3441 Ἐκκλησίαν,
1167 3375 1333 3425 τοῦτο
1389 3372 1523 3425 εἶναι
1562 3376 1715 3426 ποιεῖ
1766 3375 1947 3443 σῶμα,

2070 3377 2370 3433 diversitas
2396 3375 2687 3430 donorum
2712 3390 2778 3430 ac
2809 3374 3248 3443 mysteriorum.
3270 3394 3299 3422 (ι
3331 3373 3493 3428 Nunc
3511 3377 3710 3428 autem

305 3462 340 3528 ἡ
376 3456 608 3537 διαφορὰ
668 3465 777 3515 τῶν
840 3462 1197 3535 χαρισμάτων
1259 3458 1350 3514 καὶ
1419 3457 1728 3517 διακονιῶν.
1759 3485 1788 3512 ‹‹
1822 3459 1955 3516 Νυνὶ

301 3545 358 3603 Si
389 3550 417 3602 6
452 3549 580 3610 Θεὸς
609 3545 783 3608 ἔθετο.
826 3572 853 3601 ››
918 3551 1060 3626 "Op:
1123 3549 1387 3604 κάνταῦθα
1447 3553 1567 3611 πῶς
1632 3549 1952 3625 τρανότερον

297 3640 388 3692 καὶ
442 3637 618 3716 χωρίς
669 3657 818 3700 τινος
874 3633 1300 3717 ἆμριϐολογίας,
1345 3639 1408 3694 τὸ
1458 3641 1670 3711 Πνεῦμα
1700 3639 1828 3694 Θεὸν
1860 3638 1952 3693 ἀν-

297 3729 572 3801 εκήρυξεν.
610 3728 792 3785 Εἰπὼν
842 3729 947 3803 γὰρ
995 3728 1101 3802 πρὸ
1159 3728 1400 3807 βραχέος
1446 3730 1530 3783 δτι
1567 3729 1738 3784 πάντα
1785 3733 1951 3784 ταῦτα

299 3817 363 3873 τὸ
427 3819 635 3894 πνεῦμα
699 3819 919 3895 ἐνεργεῖ,
993 3824 1087 3874 νῦν
1157 3819 1326 3875 πάλιν
1402 3819 1525 3896 περῖ
1600 3824 1709 3875 τῶν
1774 3820 1949 3875 αὐτῶν

300 3906 472 3982 λέγων
535 3909 719 3986 φησίνο
761 3935 780 3958 ι
827 3909 888 3964 Ὀ
943 3909 1074 3971 Θεὸς
1124 3907 1274 3972 ἔθετο
1329 3908 1394 3963 τὰ
1455 3908 1597 3982 μέλη
1641 3906 1697 3964 ’έν
1725 3907 1948 3965 ἕκαστον

296 3995 470 4050 αὐτῶν
503 3997 683 4060 καθὼς
731 3996 1022 4068 ἧθὲλησεν.
1059 4022 1085 4048 ››
1137 3996 1290 4068 Μέλη
1343 3999 1468 4076 γὰρ,
1521 3999 1649 4063 τοὺς
1693 3999 1760 4054 τὰ
1789 4000 1951 4075 χαρί-

300 4108 477 4160 σματα
537 4089 603 4143 τὰ
654 4085 888 4165 διάφορα
940 4089 1087 4162 παρὰ
1146 4094 1242 4143 τοῦ
1301 4089 1608 4162 πνεύματος
1658 4089 1954 4170 εἷ’ληφότας

297 4177 570 4250 ὠνόμασεο
639 4177 793 4233 κάκεῖ
867 4179 960 4250 μὲν
1020 4175 1224 4253 ἔλεγεν,
1296 4202 1322 4227 ‹‹
1405 4179 1644 4253 Ἐνεργεῖ
1713 4177 1953 4255 διαιροῦν

295 4265 504 4339 ἑκάστῳ
533 4267 714 4330 καθὼς
749 4265 1027 4345 βούλεταιο
1065 4289 1092 4317 η
1152 4264 1258 4320 ῶδε
1316 4263 1394 4333 δὲ,
1449 4290 1478 4318 ‹‹
1511 4268 1703 4331 Ἔθετο
1730 4266 1952 4328 ἕκαστον

297 4355 472 4410 αὐτῶν
537 4356 590 4410 ἐν
659 4361 738 4429 τῷ
804 4356 1019 4428 σώματι
1085 4356 1264 4416 καθὼς
1321 4353 1610 4425 ἠθέλησεν,
1667 4380 1694 4406 »
1745 4356 1807 4411 Ei
1858 4359 1950 4411 οὗν

296 4444 328 4499 ὅ
397 4445 525 4507 Θεὸς
591 4445 762 4507 οὕτως
863 4443 1153 4516 ἠθέλησεν,
1251 4444 1449 4499 ἄτοπον
1525 4445 1588 4500 τὸ
1653 4442 1952 4518 ἀδημονεῖν

297 4530 494 4613 ἔφ”οῑς
521 4535 548 4588 6
581 4535 711 4597 Θεὸς
739 4533 998 4604 ἠθέλησε.
1051 4534 1127 4591 Τὸ
1183 4530 1259 4600 δὲ,
1319 4558 1346 4585 ‹‹
1382 4534 1572 4595 Καθὼς
1599 4532 1888 4605 ἠθέλησεν,
1925 4559 1950 4585 ››

297 4626 404 4683 ἅνω
450 4628 574 4701 περὶ
625 4631 722 4682 τοῦ
779 4626 1087 4700 Πνεύματος
1119 4629 1288 4692 εἶπεν,
1344 4648 1372 4679 σ
1424 4627 1514 4684 Ἐν
1572 4625 1645 4681 ἒνῖ
1679 4627 1951 4700 Πνεῦματι

2064 3467 2263 3538 posuit
2293 3467 2466 3520 Deus.
2503 3485 2532 3515 »ι
2563 3463 2886 3518 Considera
2934 3467 2991 3518 et
3050 3461 3147 3517 hic
3177 3459 3474 3532 quomodo
3507 3466 3708 3532 aperte

2064 3559 2121 3609 et
2153 3556 2279 3610 sine
2337 3553 2462 3608 ulla
2517 3552 2902 3625 ambiguitate
2964 3550 3248 3622 Spiritum
3301 3549 3708 3620 praedicaverit

2063 3661 2191 3699 esse
2226 3645 2428 3699 Deum.
2462 3644 2607 3699 Cum
2639 3641 2798 3697 enim
2828 3641 3005 3713 paulo
3053 3647 3190 3696 ante
3247 3639 3493 3696 dixisset
3549 3641 3707 3709 quod

2062 3738 2263 3792 omnia
2319 3737 2444 3791 hinc
2501 3737 2754 3807 Spiritus
2813 3740 3112 3806 operetur,
3169 3748 3330 3788 nunc
3360 3747 3599 3786 rursum
3631 3733 3702 3786 de

2061 3825 2578 3896 eisdemloquens,
2604 3825 2720 3879 ait:
2759 3844 2783 3875 ιι
2806 3823 3010 3880 Posuit
3039 3824 3193 3877 Deus
3221 3821 3707 3884 membra,unum

2061 3917 2338 3987 quodque
2371 3929 2575 3972 eorum
2608 3915 2759 3969 sicut
2784 3912 3000 3977 voluit;
3033 3929 3058 3960 ι
3127 3909 3396 3964 membra
3450 3924 3708 3980 namque

2062 4005 2380 4078 appellavit
2403 4020 2504 4061 eos
2535 4001 2633 4074 qui
2657 4003 2817 4058 varia
2845 4001 2999 4056 dona
3030 4017 3064 4055 a
3083 3999 3305 4072 Spiritu
3334 4007 3705 4071 acceperant.

2062 4097 2131 4150 Et
2160 4094 2240 4151 ibi
2257 4092 2500 4166 quidem
2523 4091 3075 4161 dicebat:0peratur
3095 4088 3363 4144 dividens
3383 4091 3706 4159 unicuique

2063 4186 2215 4240 sicut
2239 4184 2364 4239 vult
2390 4183 2439 4218 ³⁸
2467 4201 2480 4250 ;
2518 4205 2544 4232 ››
2571 4183 2665 4237 hic
2697 4187 2893 4236 autem
2920 4197 2933 4236 :
2958 4204 2986 4231 σε
3015 4181 3210 4235 Posuit
3241 4179 3708 4250 unumquodque

2064 4288 2271 4329 eorum
2303 4274 2364 4326 in
2393 4287 2642 4342 corpore
2665 4269 3169 4341 quemadmodum
3190 4269 3391 4323 voluit.
3426 4289 3454 4317 ιδ
3482 4268 3539 4321 Si
3569 4283 3706 4339 ergo

2063 4366 2146 4419 ita
2169 4365 2322 4418 Deus
2352 4362 2557 4427 voluit,
2590 4361 2914 4418 absurdum
2945 4366 3034 4416 est.
3073 4361 3327 4432 graviter
3352 4358 3602 4421 anxiari,
3635 4357 3708 4411 ob

2063 4471 2134 4509 ea
2162 4467 2293 4522 qua:
2355 4451 2507 4506 Deus
2564 4451 2647 4505 ita.
2705 4450 2835 4505 ﬁeri
2890 4449 3094 4504 voluit.
3155 4447 3319 4514 Quod
3351 4453 3550 4503 autem
3579 4447 3708 4501 ait:

2062 4563 2090 4589 «ε
2124 4539 2636 4606 Quemadmodum
2668 4538 2872 4605 voluit,
2912 4559 2940 4587 »ι
2973 4538 3249 4608 superius
3278 4537 3350 4592 de
3383 4535 3603 4606 Spiritu
3622 4534 3708 4590 di-

2063 4630 2184 4686 xit:
2221 4652 2246 4678 ‹‹
2283 4631 2394 4684 Per
2423 4642 2608 4684 unum
2633 4628 2914 4700 Spiritum
2938 4644 3046 4682 nos
3074 4641 3299 4681 omnes.
3336 4647 3364 4674 »
3398 4627 3502 4679 Et:
3527 4647 3552 4674 ‹‹
3581 4625 3713 4678 0m-

297 4719 463 4788 ἡμεῖς
494 4715 707 4777 πάντες.
743 4741 771 4769 ››
825 4715 943 4784 Καὶ,
1005 4740 1031 4768 ιι
1066 4715 1266 4776 Πάντες
1323 4713 1379 4769 ’ἐν
1409 4715 1561 4788 πόμα
1592 4715 1954 4790 ἐποτίσθημεν

2070 4737 2168 4777 nes
2200 4735 2318 4775 uno
2351 4719 2562 4792 poculo
2590 4717 2761 4791 rigati
2793 4735 2998 4773 sumus
3032 4718 3096 4773 in
3126 4730 3311 4771 unum
3342 4716 3646 4786 Spiritum,
3681 4739 3708 4763 ››

299 4805 377 4869 εἰς
423 4801 478 4859 ἓν
538 4809 835 4878 Πνεῦμα.»
895 4805 988 4859 Καὶ
1052 4801 1240 4874 ἐπειδῆ
1303 4804 1379 4866 είς
1433 4801 1491 4859 ἓν
1550 4803 1768 4880 Πνεῦμα
1818 4805 1957 4861 πάν-

298 4915 403 4961 τες,
463 4894 555 4948 καὶ
615 4897 713 4948 τοῦ
774 4893 1088 4966 Πνεῦματος
1147 4893 1208 4948 τὸ
1267 4891 1501 4966 θέλημα.
1561 4895 1649 4948 καὶ
1708 4895 1838 4957 Θεὸς
1891 4898 1954 4950 τὸ

302 4985 535 5054 Πνεῦμα.
591 4989 662 5038 "ll
693 4981 783 5037 καὶ
844 4983 966 5057 περὶ
1026 4980 1164 5053 ὅλης
1222 4990 1322 5052 τῆς
1374 4981 1527 5057 ἁγίας
1557 4981 1795 5058 Τριάδος
1825 4983 1958 5055 νοή-

303 5094 421 5136 ιεις.
457 5074 536 5130 Οὐ
592 5074 695 5148 γὰρ
756 5072 866 5128 ἐστι
927 5071 1161 5152 διαφορᾶ
1215 5081 1313 5143 τῆς
1371 5073 1672 5146 ὀμοουσίου
1711 5077 1800 5130 καὶ
1830 5097 1958 5130 παν-

297 5166 545 5235 υμνήτου
603 5160 852 5237 Τριάδος.
904 5162 969 5219 Εἰ
1028 5161 1086 5218 δὲ
1116 5163 1183 5232 ἦν
1214 5163 1282 5218 τὰ
1337 5165 1510 5218 πάντα
1536 5163 1592 5218 ’ὲν
1629 5163 1819 5237 μέλος,
1852 5170 1956 5220 ποῦ

295 5255 360 5310 τὸ
420 5259 621 5326 σῶμα;
679 5252 824 5310 Αὐτὸ
882 5253 943 5307 τὸ
1000 5258 1191 5308 ποιοῦν
1260 5251 1484 5316 ἐκείνοις
1537 5253 1806 5335 πρόφασιν
1867 5277 1957 5328 μι-

296 5341 628 5416 κροψυχίας,
687 5341 750 5396 τὸ
810 5342 945 5396 εἶναι
997 5339 1234 5419 διάφορα
1291 5342 1357 5398 τὰ
1412 5343 1750 5419 χαρίσματα,
1796 5341 1956 5405 αὐτὸς

300 5431 380 5493 εἰς
429 5431 699 5504 πρόφασιν
748 5430 990 5493 ἑνώσεως
1041 5427 1332 5504 λαμϐάνει.
1384 5432 1448 5489 Εἰ
1495 5432 1597 5509 γὰρ
1653 5435 1728 5506 μὴ
1758 5430 1956 5508 ε’ίχετε,

301 5518 459 5597 φησὶ,
519 5515 751 5597 διάφορα
815 5520 1154 5595 χαρίσματα,
1212 5517 1341 5576 οὐδὶ
1392 5525 1552 5595 σῶμα
1607 5522 1723 5590 ἦτε.
1784 5527 1960 5596 Σῶμα

374 5674 420 5708 ⁸⁸
446 5674 472 5728 Ι
498 5673 626 5735 Cor.
661 5689 761 5738 xu,
797 5676 881 5729 11.

2063 4811 2134 4866 Et
2163 4811 2446 4881 quoniam
2477 4809 2538 4864 in
2569 4821 2756 4864 unum
2801 4807 3084 4879 Spiritum
3117 4820 3344 4872 omnes,
3407 4811 3464 4860 et
3523 4805 3709 4877 ipsius

2066 4901 2314 4970 Spiritus
2372 4904 2462 4953 est
2509 4898 2802 4958 voluntas.
2835 4895 3040 4965 utique
3075 4895 3328 4966 Spiritus
3384 4899 3475 4949 est
3533 4895 3710 4952 Deus.

2066 4992 2180 5045 Aut
2211 4990 2389 5043 etiam
2421 4988 2492 5043 de
2523 4992 2648 5042 tota
2679 4991 2881 5041 sancta
2923 4984 3132 5040 Triade
3161 4983 3478 5056 intelliges.
3508 4985 3706 5054 Neque

2066 5077 2224 5131 enim
2258 5081 2348 5131 est
2403 5076 2712 5130 diversitas
2745 5075 2805 5129 in
2841 5087 3076 5144 semper
3114 5071 3412 5128 laudanda
3441 5073 3711 5145 ejusdem

2067 5165 2339 5221 essentia:
2394 5164 2622 5220 Triade.
2679 5163 2844 5228 Quod
2894 5163 2941 5217 si
3000 5167 3200 5216 essent
3257 5162 3456 5217 omnia
3525 5175 3712 5216 unum

2065 5254 2530 5320 membrum,ubi
2562 5269 2776 5325 corpus
2800 5253 2828 5308 ?
2851 5253 2969 5307 Hoc
3000 5252 3194 5323 ipsum
3222 5251 3379 5321 quod
3410 5250 3530 5305 illis
3552 5266 3714 5305 occa-

2067 5346 2154 5400 sio
2186 5350 2312 5399 erat
2361 5342 2893 5416 pusillanimitatis,
2927 5355 3139 5412 nempe
3172 5337 3326 5395 varia
3355 5354 3486 5395 esse
3536 5338 3711 5406 dona,

2067 5435 2191 5506 ipse
2223 5440 2298 5488 ad
2327 5433 2700 5489 occasionem
2733 5431 2983 5487 assumit
3020 5430 3288 5485 unitatis.
3333 5432 3477 5484 Nam
3510 5430 3558 5483 si
3589 5441 3709 5483 non

2066 5522 2385 5592 haberetis,
2416 5523 2630 5595 inquit,
2662 5522 2824 5578 varia
2855 5520 3030 5589 dona,
3062 5535 3138 5575 ne
3194 5532 3410 5589 corpus
3467 5517 3707 5589 quidem
