4156 6200
547 393 666 456 8:23

1665 392 2089 456 (BCUMENII
2135 393 2442 457 TRICC/E
2487 396 2842 458 EPISCOPI

3853 399 3952 460 824

555 531 800 587 essetis:
836 524 994 598 quod
1027 527 1074 581 si
1109 543 1324 599 corpus
1356 544 1477 582 non
1501 528 1732 596 essetis,
1755 543 1948 598 neque
1979 528 2203 584 honore

2318 523 2374 581 δὲ
2436 529 2510 601 μή
2569 525 2739 599 ὄντες,
2800 527 2924 585 οὐδὲ
2973 529 3211 603 ἰσότιμοι
3271 531 3342 585 ἂν
3404 529 3531 598 ἦτε.
3591 533 3649 588 Ἠ
3709 533 3808 606 γὰρ
3857 531 3952 587 ἴσθ’

555 617 812 688 aequales
844 615 1074 670 essetis.
1110 617 1255 670 Nam
1287 617 1530 672 honoris
1590 617 1898 688 inqualitas
1943 633 2010 672 ac
2060 617 2200 672 unio

555 723 624 761 ex
654 707 884 762 unitate
914 705 1180 778 corporis
1210 706 1558 777 procedunt.

629 797 786 854 542
818 795 942 865 XII,
971 796 1162 849 21v23.
1219 797 1338 850 Non
1380 801 1560 865 potest
1582 802 1763 850 autem
1793 796 1982 852 oculus
2027 796 2205 851 dicere

555 887 776 952 manui,
807 885 924 940 Non
964 890 1042 939 est
1100 884 1243 940 mihi
1292 901 1429 956 opus
1469 892 1560 940 te:
1619 891 1716 940 aut
1771 901 1987 941 rursum
2043 892 2206 958 caput

546 975 785 1046 pedibus
820 992 832 1029 :
870 977 986 1030 Non
1019 981 1095 1028 est
1135 974 1274 1028 mihi
1303 990 1439 1044 opus
1468 975 1638 1030 vobis.
1671 977 1787 1030 Imo
1817 976 1992 1030 multo
2014 975 2205 1045 potius

553 1080 676 1137 qua
734 1064 993 1118 videntur
1039 1063 1281 1116 membra
1338 1064 1582 1133 corporis
1658 1063 2016 1118 imbecilliora
2075 1079 2204 1130 esse,

554 1155 860 1208 necessaria
908 1159 1084 1207 sunt:
1117 1159 1169 1206 et
1227 1167 1348 1220 qua
1406 1154 1701 1222 opinamur
1749 1154 1929 1207 minus
1983 1153 2207 1207 honesta

553 1258 660 1297 esse
699 1243 965 1311 corporis,
1023 1241 1106 1294 his
1165 1241 1426 1294 honorem
1476 1242 1779 1295 uberiorem
1830 1243 2199 1312 opponimus:

551 1339 605 1386 et
657 1332 917 1386 indecora
974 1333 1150 1384 nostri
1209 1332 1564 1399 copiosiorem
1643 1331 1889 1385 decorem
1980 1331 2202 1385 habent.

556 1423 682 1486 Qua
712 1427 897 1475 autem
928 1420 1129 1473 decora
1159 1425 1287 1473 sunt
1313 1423 1507 1487 nostri,
1539 1436 1648 1474 non
1680 1419 1942 1491 indigent.

629 1600 794 1665 Quod
827 1600 1069 1654 sietiam
1084 1600 1223 1654 velit
1256 1599 1479 1654 dicere:
1503 1604 1626 1655 Non
1662 1605 1750 1655 est
1779 1602 1924 1655 mihi
1957 1618 2104 1673 opus
2126 1606 2205 1672 te,

560 1706 682 1744 non
716 1690 800 1744 ita
839 1706 901 1743 se
931 1687 1110 1743 habet
1136 1688 1220 1742 rei
1263 1693 1493 1743 natura.
1525 1689 1630 1744 Ubi
1683 1695 1882 1744 autem
1936 1691 2209 1761 superius

560 1780 865 1844 suasisset,
901 1794 976 1832 ne
1006 1779 1260 1850 graviter
1281 1777 1505 1833 ferrent
1537 1779 1635 1850 qui
1668 1779 1900 1834 minora
1923 1779 2209 1834 haberent

2311 617 2470 689 τιμία
2499 618 2589 672 καὶ
2619 617 2837 689 ἓνωσις,
2871 618 2932 674 ἐκ
2960 623 3057 672 τοῦ
3089 619 3224 673 εἶναι
3254 617 3314 675 ἓν
3348 617 3521 692 σῶμα
3551 618 3717 675 ἐστιν.

2383 707 2459 764 Οὐ
2520 705 2738 764 δύναται
2799 707 2856 764 δὲ
2938 711 2966 764 ὁ
3054 707 3346 789 ὀφθαλμὸς
3435 709 3612 765 εἰπεῖν
3672 714 3740 783 τῇ
3804 715 3948 787 χειρὶ,

2311 795 2500 871 χρείαν
2561 819 2658 852 σου
2725 797 2823 853 οὐκ
2906 795 3042 873 ἔχω·
3129 797 3164 867 ἢ
3248 798 3427 854 πάλιν
3493 801 3529 867 ἡ
3594 798 3799 878 κειραλή
3859 808 3952 864 τοῖς

2310 885 2461 957 ποσὶ,
2522 884 2719 959 Χρείαν
2782 887 2932 960 ὑμῶν
2993 886 3093 941 οὐκ
3148 884 3282 965 ἔχω.
3354 886 3544 944 Ἀλλὰ
3603 885 3799 959 πολλῷ
3836 889 3951 961 μᾶλ-

2313 971 2407 1028 λον
2465 974 2532 1029 τὰ
2590 971 2855 1030 δοκοῦντα
2915 975 3056 1048 μὲλη
3133 981 3229 1030 τοῦ
3307 977 3585 1048 σώματος
3640 975 3951 1050 ἀσθενέστερα

2315 1063 2598 1139 ὑπάρχειν,
2687 1069 2948 1138 αναγκαῖά
3048 1066 3182 1138 ἐστι,
3284 1066 3383 1120 καὶ
3467 1067 3502 1120 ἃ
3583 1064 3840 1139 δοκοῦμεν
3867 1068 3953 1121 dt:-

2317 1151 2518 1227 μῦτερα
2577 1153 2710 1207 εἶναι
2765 1157 2862 1208 τοῦ
2937 1154 3209 1226 σώματος,
3266 1153 3503 1214 τούτοις
3562 1155 3733 1226 τιμὴν
3790 1175 3948 1230 περισ-

2314 1240 2536 1314 σοτέραν
2590 1243 2952 1317 περιτίθεμεν.
3016 1243 3118 1298 Καὶ
3173 1244 3239 1299 ἰὰ
3297 1244 3615 1317 ἀσχήμονα
3676 1246 3952 1316 ﬁgiend-

2314 1331 2676 1408 σχημοσύνην
2732 1331 3117 1407 περισσοτέραν
3190 1329 3328 1406 ἔχει.
3397 1332 3485 1389 Τὰ
3549 1329 3608 1386 δὲ
3662 1334 3950 1408 εὐσχήμονα

2311 1421 2470 1492 ἡμῶν
2505 1421 2566 1475 οὐ
2600 1421 2786 1496 χρείαν
2817 1417 2951 1497 ἔχει,

2385 1599 2494 1656 Κᾶν
2551 1601 2653 1676 γὰρ
2711 1599 2842 1675 θέλῃ
2899 1600 3089 1670 εἰπεῖν,
3149 1627 3177 1654 ‹‹
3210 1603 3416 1676 Χρείαν
3481 1625 3582 1658 σου
3644 1603 3743 1658 οὐκ
3776 1603 3946 1682 ἔχω,››

2315 1687 2422 1763 οὐχ
2495 1687 2671 1751 οὕτως
2749 1686 2867 1768 ἔχει
2943 1691 3153 1768 φύσεως
3225 1693 3288 1746 τὸ
3359 1699 3623 1766 πρᾶγμα.
3686 1692 3865 1753 Πείσας
3905 1691 3948 1746 δὲ

2314 1776 2364 1831 ἐν
2424 1784 2541 1840 τοῖς
2601 1773 2904 1852 ἔμπροσθεν
2959 1780 3034 1853 μή
3116 1780 3344 1853 ἀθυμεῖν
3404 1781 3543 1843 τοὺς
3599 1781 3663 1836 τὸ
3721 1779 3946 1836 ἔλαττονα

560 1867 736 1932 dona,
772 1866 845 1921 ad
877 1867 1232 1922 modestiam
1263 1883 1421 1921 nunc
1446 1874 1679 1922 revocat
1736 1866 1954 1922 fastum
2003 1885 2207 1923 eorum

2318 1865 2542 1942 ἔχοντας
2598 1866 2933 1942 χαρίσματα,
3002 1873 3094 1922 νῦν
3173 1869 3545 1926 καταστέλλεί
3604 1871 3668 1924 τὸ
3727 1871 3948 1946 φρόνημα

560 1955 659 2025 qui
689 1955 915 2026 majora
937 1955 1254 2011 habebant.
1276 1955 1781 2020 Quemadmodum
1816 1957 1975 2011 enim
2001 1957 2206 2012 oculus

561 2043 756 2099 dicere
789 2062 907 2099 non
940 2050 1134 2118 potest
1159 2045 1389 2100 caeteris
1411 2046 1696 2101 membris
1721 2065 1732 2102 :
1757 2069 1782 2095 ‹‹
1808 2048 1934 2101 Non
1957 2046 2207 2101 estmihi

560 2151 707 2205 opus
739 2134 902 2188 vobis
939 2153 952 2190 :
989 2157 1016 2184 »
1049 2151 1186 2189 nam
1210 2136 1257 2189 si
1289 2151 1474 2190 unum
1505 2135 1676 2203 desit,
1699 2142 1888 2191 totum
1920 2136 2209 2190 claudicat

561 2225 907 2294 corpus.lta
935 2240 1127 2294 neque
1187 2224 1287 2294 qui
1345 2225 1574 2296 majora
1625 2232 1982 2296 acceperunt
2032 2225 2206 2290 dona,

561 2319 813 2385 possunt
864 2315 1068 2369 extolli
1126 2315 1408 2369 adversus
1439 2331 1540 2369 eos
1571 2316 1672 2385 qui
1704 2316 1936 2371 minora
1963 2316 2208 2382 habent,

563 2403 732 2473 quasi
766 2403 851 2458 eis
901 2421 1022 2458 non
1074 2409 1336 2460 utantur.
1371 2403 1554 2458 Unius
1586 2405 1743 2458 enim
1771 2404 2024 2476 abjectio
2056 2405 2213 2459 clau-

564 2493 763 2547 dicare
795 2493 937 2548 facit
965 2509 1180 2563 corpus
1212 2493 1651 2561 Ecclesim,cum
1682 2511 1802 2548 non
1834 2495 1944 2548 soli
1977 2494 2062 2548 illi
2097 2493 2212 2548 suf—

562 2583 770 2637 ﬁciant
800 2581 876 2636 ad
933 2597 1064 2637 eam
1123 2581 1535 2637 aediﬁcandam
1567 2582 1668 2652 qui
1716 2584 1944 2654 majora
1993 2582 2213 2636 habent

567 2671 742 2726 dona.
777 2693 804 2719 «
839 2673 959 2725 lmo
994 2669 1182 2725 multo
1213 2670 1432 2741 potius.
1464 2694 1492 2719 ››
1522 2671 1688 2726 Nunc
1719 2671 2031 2726 ostendere
2092 2671 2212 2726 vult

564 2760 721 2830 quod
751 2760 1021 2814 fortassis
1047 2759 1233 2831 magis
1265 2759 1584 2814 necessarii
1619 2761 1738 2816 sint
1756 2761 1854 2830 qui
1885 2777 1954 2816 ea
1974 2777 2214 2831 accepe—

561 2855 703 2904 runt
750 2848 905 2904 dona
955 2865 1086 2919 qua)
1129 2849 1363 2903 minora
1392 2848 1680 2904 videntur.
1715 2850 1868 2904 Bene
1897 2856 2094 2904 autem
2126 2849 2212 2905 di-

559 2940 681 2993 xit:
719 2962 746 2989 «
780 2940 918 3003 Quas
949 2937 1242 3003 videntur,
1278 2959 1306 2988 »
1333 2938 1654 2994 ostendens
1685 2939 1745 2992 in
1776 2939 1903 2993 sola
1933 2939 2211 3010 opinione

561 3045 692 3084 esse
742 3027 1220 3093 inferioritatem,
1281 3035 1338 3083 et
1396 3044 1775 3099 nequaquam
1835 3027 1895 3082 in
1946 3028 2212 3083 veritate.

558 3141 586 3168 ‹‹
602 3121 741 3182 Quae
761 3116 1034 3172 videntur
1058 3117 1319 3172 membra
1341 3117 2014 3189 corporisimbecilliora
2027 3134 2213 3173 esse.»

556 3206 808 3271 Quidam
839 3205 1005 3260 aiunt
1057 3207 1168 3260 hoc
1198 3206 1417 3260 dixisse
1449 3223 1583 3260 eum
1617 3206 1687 3262 de
1715 3207 1924 3271 oculis,
1959 3207 2060 3276 qui
2095 3207 2208 3261 im-

559 3294 803 3348 becilles
835 3294 1077 3363 quidem
1134 3301 1272 3348 sunt
1304 3295 1352 3348 si
1386 3295 1460 3349 ad
1492 3301 1706 3350 castera
1736 3295 2006 3351 conferas
2027 3312 2209 3352 mem-

561 3381 688 3445 bra,
724 3397 1002 3451 magnum
1059 3389 1257 3436 tamen
1316 3382 1541 3452 aliquid
1601 3383 1912 3439 conferunt
1955 3387 2210 3456 corpori,

565 3474 625 3521 et
654 3469 702 3522 si
735 3468 1064 3523 imbecilles
1095 3486 1223 3524 esse
1237 3470 1569 3527 videantur.
1588 3473 1790 3541 Itaque
1806 3473 1854 3527 si
1882 3473 2214 3529 imbecilles

563 3572 663 3611 vos
713 3555 1018 3627 judicatis,
1081 3574 1154 3611 ne
1215 3574 1366 3629 aagre
1424 3558 1649 3624 feratis,
1693 3562 2014 3615 necessarii
2047 3564 2209 3617 estis.

567 3645 734 3710 Quod
787 3649 986 3700 autem
1039 3661 1235 3716 neque
1266 3662 1367 3700 vos
1392 3645 1723 3701 imbecilles
1764 3648 1914 3716 sitis,
1959 3650 2060 3703 sed
2093 3649 2213 3705 illis

567 3734 764 3808 potius
796 3733 896 3806 qui
950 3749 1224 3806 magnam
1267 3733 1488 3788 habent
1545 3735 1633 3788 sui
1689 3735 2210 3807 existimationem,

562 3825 704 3881 hinc
763 3823 1147 3879 manifestum
1205 3828 1315 3887 est,
1375 3822 1587 3893 inquit.
1657 3825 1796 3888 Quae
1854 3824 2213 3882 arbitramur

557 3916 759 3969 minus
824 3914 1078 3968 honesta
1133 3929 1262 3967 esse
1323 3912 1609 3983 corporis,
1652 3913 1864 3984 majori
1898 3914 2212 3986 dignamur

554 4002 929 4072 providentia
983 4007 1042 4055 et
1099 4000 1341 4066 auxilio,
1377 4007 1487 4056 etc.
1528 4023 1548 4051 σ
1611 4003 1680 4056 Et
1735 4019 1865 4073 quas
1898 4004 2212 4074 opinamur

552 4088 752 4144 minus
784 4090 1036 4144 honesta
1094 4106 1244 4145 esse.
1281 4113 1308 4140 »
1343 4089 1568 4160 Ubique
1627 4090 1895 4165 adjungit
1930 4115 1958 4142 ‹‹
1993 4095 2212 4165 Opina-

559 4194 716 4245 mur,
747 4201 768 4226 ι
805 4177 1125 4233 ostendens
1156 4179 1478 4234 humanam
1511 4180 1661 4234 hanc
1685 4197 1814 4235 esse
1839 4182 2204 4254 opinionem.

552 4267 718 4333 Quod
748 4272 948 4322 autem
981 4267 1063 4322 ait
1093 4266 1410 4341 ἀτιμότερα,
1445 4269 1504 4324 id
1537 4276 1647 4334 est,
1702 4271 1900 4327 minus
1959 4272 2208 4328 honesta

554 4358 672 4413 sive
705 4357 1060 4428 indigniora,
1095 4357 1336 4427 quidam
1371 4358 1564 4429 ipsum
1600 4359 1673 4414 de
1703 4359 1952 4431 pedibus
1984 4361 2204 4417 dixisse

557 4446 742 4514 aiunt,
771 4445 871 4515 qui
903 4445 1102 4500 locum
1132 4444 1374 4516 quidem
1409 4446 1754 4503 inferiorem
1801 4455 2203 4520 sumpserunt,

556 4535 827 4592 foventur
856 4540 1080 4604 tamen,
1116 4533 1356 4604 illisque
1413 4535 1549 4606 plus
1608 4537 1910 4592 interdum
1967 4555 2001 4593 a
2032 4538 2203 4594 nobis

2312 1958 2419 2008 τῶν
2481 1954 2547 2008 τὰ
2617 1955 2841 2026 μείζονα
2907 1953 3167 2030 ἐχόντων.
3237 1958 3449 2029 ’Ὠσπερ
3521 1955 3627 2029 γὰρ
3686 1957 3714 2010 ὁ
3770 1954 3947 2034 ὀφθαλ-

2320 2044 2421 2115 μὸς
2473 2041 2534 2097 οὐ
2592 2039 2811 2098 δύναται
2845 2042 3021 2118 λέγειν
3077 2050 3197 2106 τοῖς
3249 2043 3485 2105 λοιποῖς
3543 2045 3754 2116 μέλεσι,
3784 2043 3944 2119 Χρείαν

2320 2133 2472 2205 ὑμῶν
2533 2132 2634 2186 οὐκ
2689 2127 2806 2210 ἔχω
2867 2158 2893 2184 ››
2953 2133 3094 2204 (ἑνὸς
3151 2134 3252 2207 γὰρ
3311 2132 3627 2202 ἐνδέοντος,
3683 2135 3812 2188 ἅπαν
3844 2155 3942 2210 χω-

2318 2216 2462 2273 λεῦει
2515 2219 2576 2273 τὸ
2631 2223 2834 2292 σῶμα)·
2895 2219 3068 2281 οῧτῶς
3127 2218 3252 2275 οὐδὲ
3309 2222 3364 2276 οἱ
3424 2221 3495 2276 τὰ
3555 2220 3776 2294 μείζονα
3821 2221 3945 2288 εἰλη-

2317 2306 2474 2384 φότες
2539 2306 2872 2381 χαρίσματα,
2965 2305 3214 2362 δύνανται
3280 2309 3608 2384 ἐπαίρεσθαι
3672 2309 3801 2364 κατὰ
3856 2312 3942 2362 τῶν

2315 2395 2382 2450 τὰ
2448 2393 2710 2451 ἐλάττονα
2777 2396 3046 2474 ἐχόντων,
3113 2397 3187 2458 ὡς
3265 2398 3328 2452 οὐ
3402 2397 3714 2476 χρῄζοντες
3776 2397 3944 2451 αὐτῶν.

2317 2485 2469 2544 Ἐνὸς
2522 2484 2622 2558 γὰρ
2676 2481 2956 2555 ἀποϐολὴ,
3018 2486 3283 2560 χωλεύειν
3348 2493 3506 2543 ποιεῖ
3571 2489 3634 2542 τὸ
3699 2486 3944 2560 πλήρωμα

2320 2577 2420 2640 τῆς
2450 2571 2798 2641 Ἐκκλησίας,
2857 2574 2956 2628 οὐκ
3011 2575 3296 2650 αὐτάρκων
3360 2574 3538 2631 ὄντων
3598 2580 3706 2631 τῶν
3762 2577 3824 2628 τὰ
3852 2574 3943 2646 μεί-

2321 2666 2447 2731 ζονα
2481 2660 2720 2736 ἐχόντων
2781 2662 3096 2738 χαρίσματα
3164 2667 3372 2737 μόνων,
3437 2665 3752 2739 οἷκοδομεῖν
3782 2664 3937 2733 αὐτήν.

2321 2775 2348 2801 ‹‹
2380 2749 2566 2808 Ἀλλὰ
2619 2750 2816 2824 πολλῷ
2876 2751 3112 2825 μᾶλλον.
3147 2779 3174 2806 ››
3237 2757 3350 2812 Νῦν
3383 2755 3558 2826 δεῖξαι
3589 2754 3730 2820 θὲλει
3761 2755 3836 2808 δτι
3870 2754 3939 2806 καὶ

2320 2838 2737 2917 χρειωδὲστεροι
2793 2841 2937 2917 τάχα
2990 2842 3124 2898 εἰσὶν
3177 2845 3229 2898 οἱ
3285 2846 3352 2899 τὰ
3412 2843 3676 2900 δοκοῦντα
3714 2841 3938 2899 ἐλάττονα

2317 2933 2424 2984 τῶν
2479 2929 2835 3004 χαρισμάτων
2895 2931 3207 3009 εἰληφότες.
3276 2932 3486 2998 Καλῶς
3535 2933 3593 2989 δὲ
3641 2937 3772 3002 εἷπε,
3828 2931 3940 2986 «Ti

2322 3015 2604 3086 δοκοῦντα,
2667 3043 2695 3070 ››
2756 3017 2962 3082 δεικνὺς
3014 3019 3066 3075 ἐν
3129 3020 3352 3094 δοκήσει
3417 3025 3560 3098 μόνῃ
3613 3025 3709 3092 τὴν
3736 3021 3937 3077 ἐλάττω-

2322 3128 2402 3161 σιν
2435 3108 2590 3174 εἶναι,
2625 3108 2685 3162 οὐ
2722 3110 2829 3181 μὴν
2885 3108 2937 3164 ἐν
2996 3109 3248 3183 ἀληθείᾳ.
3309 3134 3336 3159 «
3398 3115 3479 3168 Τὰ
3539 3111 3792 3168 δοκοῦντα
3822 3107 3937 3182 μέλη

2319 3202 2416 3251 τοῦ
2481 3197 2735 3270 σώματος
2803 3199 3150 3274 ἀσθενέστερα
3217 3201 3513 3282 ὑπάρχειν.
3557 3225 3584 3256 ι
3637 3202 3769 3256 Φασί
3825 3217 3939 3256 τινες

2320 3287 2444 3361 περὶ
2519 3291 2629 3341 τῶν
2704 3287 3005 3364 ὀφθαλμῶν
3067 3289 3226 3344 αὐτὸν
3299 3296 3470 3346 τοῦτο
3547 3288 3827 3366 εἰρηκέναι,
3892 3287 3930 3338 οἳ

2320 3377 2559 3440 ἀσθενεῖς
2610 3378 2704 3448 μὲν
2765 3377 2897 3432 εἲσιν
2952 3379 3028 3442 ὡς
3081 3380 3218 3454 πρὸς
3273 3381 3340 3436 τὰ
3403 3380 3576 3437 λοιπᾶ
3635 3376 3932 3454 μὲλη,μὲγα

2318 3463 2375 3520 δὲ.
2402 3487 2453 3521 τι
2486 3467 2799 3522 συντελοῦσι
2859 3472 2940 3540 τῷ
2996 3469 3234 3540 σώματι,
3295 3469 3340 3525 εἰ
3397 3471 3491 3526 καὶ
3533 3469 3773 3526 δοκοῦσιν
3802 3467 3929 3522 ἀσθε-

2316 3560 2424 3616 νεῖς
2481 3557 2638 3611 εἶναι.
2697 3558 2855 3612 Ὥστε
2913 3556 2958 3612 εἰ
3015 3557 3248 3620 ἀσθενεῖς
3330 3559 3517 3624 οἴεσθε
3589 3557 3813 3621 ἑαυτοὺς,
3867 3555 3924 3625 μὴ

2316 3634 2592 3707 ἀθυμεῖτε.
2653 3637 2966 3712 Ἀναγκαῖοί
3034 3636 3168 3692 ἐστε.
3239 3640 3368 3696 Ὅτι
3439 3638 3499 3696 δὲ
3565 3636 3686 3694 οὐδὲ
3731 3636 3927 3692 ἀσθενεῖς

2320 3723 2500 3794 ὑμεῖς,
2559 3723 2682 3780 ἀλλ’
2744 3724 2942 3781 ἐκεῖνοι
3024 3725 3238 3798 μᾶλλον
3301 3730 3391 3792 οἷς
3450 3732 3486 3799 ἡ
3547 3727 3740 3799 οῖησις,
3789 3720 3926 3790 δῆλον

2316 3809 2575 3881 ἐντεῦθεν,
2631 3814 2814 3890 φησίν,
2876 3816 2945 3871 Ἀ
3003 3813 3268 3889 δοκοῦμεν
3327 3816 3631 3891 ἀτιμότερα
3684 3817 3806 3870 εἶναι
3847 3813 3924 3864 τοῦ

2315 3900 2587 3972 σώματος,
2648 3898 2813 3956 πλέον
2874 3901 3130 3976 ἀξιοῦμεν
3210 3909 3475 3977 προνοίας
3536 3905 3626 3962 καὶ
3682 3900 3921 3979 βοηθείας,

2311 3992 2398 4046 καὶ
2435 3990 2578 4060 ἑξῆς.
2616 4016 2636 4041 α
2675 3992 2772 4048 Καὶ
2830 3994 2864 4048 ἆ
2922 3990 3186 4068 δοκοῦμεν
3246 3996 3548 4074 ἀτιμότερα
3579 3999 3728 4053 εἶναι.
3760 4017 3785 4044 ιι
3814 3995 3921 4045 Παν-

2309 4083 2490 4154 ταχοῦ
2537 4080 2620 4147 τὸ,
2680 4105 2707 4132 ι(
2741 4085 3036 4155 Δοκοῦμεν,
3071 4107 3096 4137 n
3158 4084 3426 4161 ἐπιλέγει,
3487 4085 3692 4146 δεικνὺς
3746 4083 3921 4153 ἀνθρω·

2310 4171 2482 4224 πίνων
2521 4169 2721 4242 ταύτην
2783 4173 2877 4241 τήν
2937 4171 3143 4244 οἴησιν,
3202 4177 3278 4231 Τὸ
3338 4174 3417 4245 δὲ,
3480 4175 3778 4250 ἀτιμότερα,
3805 4165 3918 4222 τινές

2313 4279 2470 4338 φασιν
2507 4260 2668 4314 αὐτὸν
2724 4261 2848 4335 περὶ
2905 4267 3014 4316 τῶν
3068 4260 3254 4318 ποδῶν
3315 4265 3613 4341 εἰρηκέναι,
3645 4261 3697 4318 οῖ
3725 4261 3812 4329 τήν
3847 4255 3920 4327 μὶν

2311 4346 2458 4402 κάτω
2515 4349 2704 4424 χώραν
2759 4348 3040 4426 εἰλήφασι,
3101 4351 3402 4409 θάλπονται
3460 4353 3516 4410 δὲ
3562 4352 3647 4407 καὶ
3677 4347 3918 4426 προνοοῦν-

2309 4441 2553 4514 ταίπαΡ’
2609 4441 2796 4513 ἡμῶν.
2854 4436 3020 4497 πλέον
3073 4441 3270 4519 σχεδὸν
3326 4449 3436 4500 τῶν
3495 4444 3701 4500 λοιπῶν
3743 4435 3911 4514 μελῶν.

2313 4527 2432 4582 Ἐπ’
2522 4528 2699 4583 αὐτῶν
2773 4531 2878 4606 γὰρ
2954 4529 3271 4607 ἐστήρικται
3345 4532 3487 4590 ἂπαν
3543 4533 3603 4588 τὸ
3683 4523 3912 4600 adtingi

557 4624 900 4697 providetur
947 4640 1126 4694 quam
1186 4624 1417 4678 cmteris
1449 4625 1750 4680 membris.
1783 4627 1848 4680 In
1899 4627 1990 4680 his
2049 4627 2207 4682 enim

2318 4618 2442 4688 γοῦν
2499 4621 2664 4672 τοῦτο
2725 4613 2879 4687 λάϐε,
2941 4621 3061 4694 περὶ
3119 4626 3226 4676 τῶν
3276 4627 3600 4697 γεννητικῶν
3662 4610 3910 4692 μορίωννἃ

559 4715 831 4770 firmatur
861 4719 1049 4768 totum
1097 4729 1334 4784 corpus.
1398 4714 1513 4767 Aut
1550 4713 1661 4768 hoc
1718 4714 1789 4770 de
1847 4715 2204 4783 genitalibus

559 4804 845 4858 membris
877 4803 1152 4874 accipito,
1188 4819 1321 4872 quas
1347 4801 1622 4858 videntur
1653 4802 1894 4872 quidem
1924 4804 2206 4860 indecora

560 4906 690 4944 esse
722 4896 782 4945 et
810 4890 1127 4945 inhonesta
1151 4906 1164 4944 ς
1188 4891 1342 4946 543
1365 4895 1626 4946 attamen
1653 4891 1825 4946 malit
1849 4893 1983 4963 quis
2012 4899 2204 4950 totum

556 4995 770 5050 corpus
802 4980 1024 5034 nudum
1052 4980 1272 5035 habere
1303 4996 1483 5050 quam
1516 4981 1661 5036 hinc.
1687 4981 1822 5037 Ideo
1861 4983 2163 5057 subjungit
2189 5002 2202 5040 :

553 5070 654 5124 His
668 5070 957 5124 honorem
973 5069 1311 5124 uberiorem
1330 5071 1708 5141 opponimus,
1725 5077 1784 5127 et
1813 5074 2203 5144 copiosiorem

551 5157 828 5214 decorem
861 5156 1104 5212 habent.

621 5278 691 5288 —
717 5245 939 5302 Licebit
995 5251 1194 5300 autem
1251 5246 1310 5300 id
1344 5250 1622 5320 proprius
1654 5250 1766 5304 hoc
1798 5251 1975 5306 etiam
2025 5253 2202 5309 modo

556 5336 907 5407 intelligere.
933 5335 1059 5390 Non
1093 5336 1386 5407 contingit
1414 5338 1830 5410 vobis,inquit,
1865 5357 1933 5394 ex
1976 5343 2086 5397 hoc
2113 5343 2204 5397 in-

556 5425 804 5480 feriores
830 5439 960 5478 esse
991 5423 1148 5493 quod
1179 5423 1379 5479 minus
1411 5426 1630 5481 donum
1676 5429 1864 5483 sortiti
1899 5429 2027 5485 sitis
2060 5448 2200 5487 :ne-

541 5531 672 5585 que
691 5515 850 5570 enim
872 5512 1113 5568 omnino
1137 5512 1184 5567 si
1203 5513 1337 5581 quis
1366 5515 1561 5586 majus
1582 5518 1826 5572 sortitus
1862 5519 1938 5572 sit
1958 5519 2200 5592 donum,

553 5604 679 5675 jam
714 5604 893 5658 etiam
916 5602 1108 5674 major
1125 5603 1521 5672 est,quoniam
1555 5605 1724 5660 multi
1749 5623 1984 5677 quoque
1998 5625 2200 5664 eorum

565 5694 663 5764 qui
705 5696 1082 5764 acceperunt,
1117 5689 1426 5746 inferiores
1446 5693 1531 5765 iis
1585 5701 1721 5748 sunt
1753 5696 1852 5765 qui
1885 5697 2033 5751 nihil
2073 5715 2199 5753 om-

2316 4700 2466 4758 δοκεῖ
2499 4725 2592 4776 μεν
2623 4703 2855 4781 ἄσχημα
2884 4709 3023 4762 εἶναι
3055 4710 3143 4763 καὶ
3184 4707 3373 4783 ἄτιμα,
3405 4709 3553 4780 πλὴν
3585 4705 3742 4764 ἕλοιτ’
3767 4702 3818 4756 ἄν
3844 4716 3908 4754 τις

2317 4789 2446 4846 ὅλον
2475 4789 2621 4866 ἔχειν
2670 4793 2733 4848 τὸ
2793 4798 2953 4868 σῶμα
3009 4797 3240 4870 γυμνὸν,
3301 4798 3336 4868 ἢ
3393 4805 3582 4854 ταῦτα·
3616 4795 3701 4851 Διὸ
3737 4790 3909 4860 ξπάτείν

2317 4903 2344 4930 α
2375 4881 2596 4942 Τούτοις
2657 4884 2824 4955 τιμὴν
2878 4885 3260 4961 περισσοτέραν
3319 4890 3673 4964 περιτίθεμεν,
3727 4879 3803 4935 καὶ
3840 4872 3908 4928 εὖ·

2315 4969 2677 5044 σχημοσύνην
2708 4974 3088 5048 περισσοτέραν
3120 4969 3259 5053 ἔχει.

2385 5289 2454 5300 —-
2485 5259 2696 5330 [ΦΩΤ.]
2725 5258 2878 5312 Ἐστι
2911 5255 2969 5313 δὶ
2996 5264 3156 5315 τοῦτο
3190 5263 3514 5338 οἱκειότερον
3545 5261 3628 5315 καὶ
3657 5255 3810 5312 οὕτως

2314 5341 2520 5400 λαϐεῖν’
2552 5346 2631 5402 Οὐ
2676 5341 2954 5418 συμϐαίνει
3007 5348 3132 5420 ὑμῖν
3181 5349 3439 5410 ἐλάττους
3482 5353 3636 5415 εἶναι,
3666 5340 3826 5423 φησῖνν
3852 5331 3897 5386 ἐκ

2309 5455 2408 5489 του
2441 5431 2617 5488 δοκεῖν
2673 5432 2962 5497 ἐλάττονος
3023 5437 3363 5512 χαρίσματος
3393 5445 3594 5516 τυχεῖν.
3624 5434 3694 5492 Οὐ
3720 5427 3895 5516 πάντας

2311 5524 2412 5600 γὰρ
2445 5521 2492 5577 ε’ί
2520 5543 2603 5584 τις
2652 5520 2811 5598 ἔτυχε
2867 5509 3115 5596 μείζονος
3173 5509 3530 5603 χαρίσματᾷξ,
3567 5523 3666 5595 ἤδη
3696 5517 3774 5573 καὶ
3803 5509 3893 5603 pei-

2316 5617 2441 5682 ζων.
2474 5611 2620 5667 Ἐπεὶ
2654 5611 2740 5666 καὶ
2775 5609 2978 5668 πολλοὶ
3007 5619 3112 5668 τῶν
3145 5601 3472 5695 εἶ’ληφότων,
3505 5620 3601 5672 τῶν
3633 5605 3750 5684 μηδ’
3775 5601 3891 5656 δλως

2315 5701 2622 5779 εἰληφότων
2681 5699 2939 5763 ἐλάττους
2998 5701 3118 5760 εἰσί.
3183 5707 3283 5761 Καὶ
3343 5709 3396 5762 τί
3454 5707 3594 5779 λέγω
3638 5695 3893 5754 ἱλάττουςῖ
