4158 6194
392 371 509 434 825

1409 380 1818 441 COMMENT.
1866 379 1944 438 IN
1995 376 2230 438 EPIST.
2281 375 2305 436 Ι
2353 377 2458 436 AD
2501 373 2868 434 CORINTH.

3681 377 3801 439 826

392 506 660 562 ἀλλὰκαὶ
693 506 874 566 ἄθλιοι
923 507 1226 578 παντελῶς,
1283 510 1356 570 ὡς
1397 509 1593 566 ἐκεῖνοι
1654 513 1704 566 οὶ
1765 511 2032 586 λέγοντες1

2155 509 2298 564 nino
2358 515 2734 580 acceperunt.
2791 509 2859 564 Et
2887 509 3028 580 quid
3069 510 3199 565 dico
3261 510 3620 568 inferiores?
3676 514 3794 571 lmo

387 623 413 650 ‹‹
451 599 630 672 Κύριε,
667 597 729 652 οὐ
759 604 839 671 τῷ
870 603 950 671 σῷ
982 599 1208 672 ὀνόματι
1262 598 1389 655 τάδε
1447 601 1535 655 καὶ
1592 599 1718 656 τάδε
1777 601 2040 669 ἐποιήσα-

391 707 486 759 μεν
540 706 554 754 ;
618 710 646 739 »
709 688 808 747 Οἷς
867 687 1090 742 ἀπεῖπεν
1148 689 1175 742 6
1237 689 1533 757 Δεσπότης,
1624 691 1765 760 μήτε
1844 684 2038 742 εἰδέναι

388 775 583 836 αὐτοὺς
615 796 767 834 ποτε.
829 774 908 833 Οὐ
968 777 1073 850 γὰρ
1128 774 1311 840 καλῶς
1367 774 1676 851 ἐχρήσαντο
1729 781 1807 849 τῷ
1873 774 2039 850 χαρί-

391 863 758 936 σματι,ἀλλά
798 866 887 919 καὶ
946 865 1260 944 ἀποχωρεῖν
1331 865 1464 920 κατὰ
1521 864 1764 944 κεφαλήν
1821 864 2036 920 ἐπέτατ-

387 973 496 1025 τεν,
527 955 644 1014 οἷος
673 954 740 1022 ἦν
800 954 889 1008 καὶ
943 955 971 1008 6
1033 955 1108 1026 μή
1168 953 1484 1010 ἀκολουθῶν
1544 957 1892 1028 τῷΧριστῷ
1948 953 2038 1008 καὶ

390 1047 594 1114 σημεῖα
624 1042 820 1112 ποιῶν,
854 1041 967 1104 οἶος
1001 1043 1164 1106 αὐτὸς
1191 1043 1218 1096 6
1251 1040 1483 1105 Ἰούδας.
1542 1044 1724 1105 Αὐτὸς
1770 1041 1826 1097 δέ
1872 1046 2040 1096 ταῦτα

393 1131 486 1204 μὲν
521 1129 658 1191 τέως
691 1130 753 1184 οὐ
782 1130 1089 1207 καταλέγει,
1122 1131 1227 1186 ἀπὸ
1248 1153 1358 1187 των
1401 1136 1726 1205 σωματικῶς
1786 1128 1832 1185 δ’
1883 1131 2038 1206 εἰρη-

394 1220 567 1292 μένων
628 1219 797 1290 αὐτῷ,
854 1224 1235 1290 κατασκευάζει
1287 1222 1373 1276 καὶ
1434 1226 1620 1288 τοῦτο,
1681 1223 1764 1275 ὅτι
1831 1219 2034 1294 ἀνάγκη

393 1309 612 1382 μείζους
641 1309 887 1381 νομίζειν
939 1309 1065 1368 τοὺς
1125 1310 1520 1384 Λογιζομένους
1578 1315 1760 1382 μεῖζον
1815 1306 2040 1378 εἰληφέ-

385 1419 470 1452 ναι
502 1397 773 1472 χάρισμα,
831 1396 1142 1453 τούναντίον
1207 1395 1253 1452 δ’
1310 1393 1418 1453 ἔσθ’
1475 1399 1564 1454 ὅτε
1618 1399 1707 1452 καὶ
1757 1394 2036 1459 ἐλάττους.

387 1488 534 1556 Φησὶ
565 1488 670 1562 γὰρ
717 1487 800 1543 ὅτι
855 1493 971 1549 τοῖς
1028 1488 1342 1563 ἀσχήμοσιν
1397 1491 1556 1562 ἡμῶν
1613 1487 2036 1562 εὐσχημοσύνην

382 1578 770 1651 περισσοτέραν
857 1579 1258 1650 περιτιθέαμεν,
1316 1577 1405 1631 καὶ
1463 1582 1584 1638 τοῖς
1666 1576 2034 1651 ἀτιμοτέροις,

378 1667 551 1737 τιμὴν
595 1665 998 1741 περισσοτέραν.
1031 1667 1125 1734 Μή
1151 1667 1251 1738 ἄρα
1285 1663 1375 1720 διὰ
1402 1669 1563 1721 τοῦτο
1609 1665 1697 1720 καὶ
1735 1665 2040 1740 τιμιώτερα

380 1756 472 1809 καὶ
505 1755 988 1831 εὐσχημονέστερα
1017 1760 1124 1810 τῶν
1155 1757 1498 1830 τιμιωτέρων
1553 1755 1641 1808 καὶ
1695 1755 2036 1834 εὐσχημονε-

2150 598 2327 652 etiam
2359 597 2597 669 penitus
2620 598 2820 653 miseri
2850 615 2862 652 :
2891 599 3043 654 sicut
3065 599 3152 655 illi
3176 599 3275 670 qui
3295 599 3602 657 dicebant:
3629 625 3658 654 ιι
3677 608 3792 659 Do-

2148 687 2536 754 mine,nonne
2558 703 2892 758 pernomen
2918 694 3080 743 tuum
3095 689 3220 744 haec
3244 695 3300 743 et
3317 688 3421 743 illa
3433 689 3793 746 faciemus?»

2149 776 2363 846 quibus
2395 777 2705 847 respondit
2734 777 3018 832 Dominus
3050 777 3210 848 quod
3243 795 3317 832 ne
3349 780 3610 834 novisset
3669 781 3794 850 qui-

2147 864 2282 920 dem
2305 865 2440 920 illos
2463 882 2727 936 unquam
2751 865 2819 920 ‘2.
2845 868 3044 936 Neque
3069 868 3227 921 enim
3250 867 3402 921 bene
3427 869 3518 922 usi
3554 868 3792 924 fuerant

2147 955 2340 1022 dono;
2368 955 2498 1009 ideo
2529 955 2710 1010 etiam
2742 955 2949 1010 eodem
2982 957 3171 1027 capite
3204 956 3509 1011 discedere
3541 958 3702 1028 ipsos
3758 975 3790 1013 a

2147 1062 2207 1100 se
2233 1046 2430 1117 jussit.
2467 1045 2668 1110 Qualis
2699 1049 2757 1098 et
2784 1044 2884 1098 ille
2920 1050 3046 1098 erat
3076 1045 3177 1115 qui
3210 1045 3504 1099 Christum
3539 1062 3659 1100 non
3697 1065 3790 1102 se-

2147 1134 2440 1205 quebatur
2468 1141 2524 1188 et
2556 1135 2723 1206 signa
2741 1133 2952 1188 edebat
2973 1132 3039 1200 33,
3063 1134 3259 1204 qualis
3292 1139 3416 1188 erat
3446 1140 3503 1188 et
3533 1135 3658 1206 ipse
3687 1137 3787 1189 Ju-

2145 1223 2271 1279 das.
2307 1226 2434 1295 Ipse
2469 1230 2668 1278 tamen
2701 1223 2824 1278 haec
2857 1223 3099 1277 interim
3132 1240 3251 1278 non
3286 1224 3683 1294 recenset,sed
3718 1224 3789 1278 ab

2146 1313 2237 1368 his
2270 1330 2400 1384 quae
2433 1312 2829 1384 corporalium
2865 1329 3028 1366 more
3061 1312 3132 1367 ab
3166 1313 3294 1384 ipso
3323 1313 3481 1368 dicta
3510 1313 3790 1376 sunt,hoc

2145 1403 2320 1457 etiam
2350 1403 2686 1465 confirmat,
2723 1401 2878 1472 quod
2905 1419 3025 1456 non
3085 1408 3353 1473 oporteat
3385 1402 3517 1456 illos
3575 1403 3790 1458 ducere

2143 1492 2401 1563 majores
2425 1493 2525 1562 qui
2552 1491 2745 1563 majus
2775 1491 3074 1562 accepisse
3099 1491 3319 1546 donum
3335 1491 3784 1547 existimantur:

2143 1599 2252 1637 nec
2285 1581 2562 1636 similiter
2615 1597 2645 1634 e
2701 1579 2950 1646 diverso,
3014 1581 3298 1635 minores.
3332 1582 3428 1635 Ait
3459 1581 3637 1649 enim,
3694 1582 3787 1635 his

2143 1673 2242 1742 qui
2275 1671 2557 1726 indecora
2579 1677 2716 1724 sunt
2749 1671 2933 1724 nostri
2966 1670 3361 1741 copiosiorem
3385 1670 3660 1725 addimus
3689 1669 3788 1725 de-

2142 1765 2432 1825 corom,et
2461 1760 2553 1814 his
2585 1777 2716 1830 quae
2749 1759 2946 1813 minus
2978 1759 3229 1814 honesta
3261 1764 3416 1825 sunt,
3447 1759 3783 1814 uberiorem

377 1843 580 1919 στέρων
614 1843 745 1899 εἱσίν
778 1863 791 1911 ;
827 1845 1009 1914 Οὕτω,
1043 1843 1197 1921 φησὶ,
1252 1844 1341 1898 καὶ
1375 1846 1402 1898 6
1466 1845 1595 1905 Θεὸς
1655 1844 1823 1898 ἐνίοτε
1883 1845 2028 1898 ὑστε-

2142 1847 2739 1920 honorem.Nunquid
2771 1848 2843 1902 ob
2867 1848 2924 1902 id
2949 1849 3292 1903 honestiora
3313 1854 3451 1902 sunt
3482 1848 3785 1920 magisque

377 1938 559 2008 ροῦντι
593 1932 786 1988 πλεῖον
819 1929 1010 1988 διδωσι
1056 1933 1324 2008 χάρισμα,
1383 1937 1462 2004 τῷ
1512 1930 1569 1987 δὲ
1610 1931 1891 2003 αὐτάρκως
1946 1932 2034 1987 καὶ

381 2023 581 2082 ἱκανῶς
640 2019 826 2097 ἔχοντι
890 2021 1144 2095 ῥυθμίσαι
1206 2023 1413 2090 ἑαυτὸν,
1475 2015 1722 2078 ἔλαττον.
1798 2022 1887 2090 Μὴ
1942 2023 2031 2077 οὗν

385 2111 514 2183 ὑμῖν
572 2110 899 2184 ἀθυμηζέον,
961 2108 1185 2164 ἔλαττον
1245 2107 1494 2164 δοκοῦσιν
1552 2107 1699 2185 ἔχειν
1761 2111 2034 2184 χάρισμα,

382 2199 500 2254 ἐπεὶ
552 2199 640 2252 καὶ
707 2201 872 2271 ἡμεῖς
929 2199 1084 2253 αὐτοὶ
1143 2200 1210 2252 τὰ
1267 2198 1744 2273 εὐσχημονέστερα
1803 2202 1892 2254 καί
1948 2221 2034 2254 τι-

387 2290 631 2363 μιώτερα
661 2291 821 2361 ἡμῶν
855 2287 1022 2360 μέλη,
1082 2286 1172 2342 ἃτε
1217 2287 1281 2342 οὐ
1325 2285 1545 2357 πολλῆς
1592 2286 1794 2366 ἔχοντα
1844 2287 2032 2366 χρείαν

378 2377 819 2452 εὐσχημοσύνης,
851 2376 930 2446 ἐφ’
971 2376 1040 2444 ἧς
1099 2375 1202 2430 εἶσι
1259 2375 1628 2450 κοσμιότητος
1687 2377 1776 2431 καὶ
1838 2375 2034 2449 σεμνό-

381 2487 552 2537 τητος
586 2465 760 2540 μένειν
804 2466 1013 2536 ἐῶντες,
1050 2472 1166 2529 τοῖς
1224 2466 1573 2543 άτιμονέροις
1632 2469 1722 2522 καὶ
1774 2469 2032 2541 ἀσχημο-

381 2555 651 2630 νεστὲροις
728 2557 896 2630 τιμὴν
973 2555 1062 2610 καὶ
1148 2556 1570 2631 εὐσχημοσύνην
1629 2554 2031 2631 περιτιθέαμεν.

317 2671 328 2682 ·
391 2654 550 2700 Ὥστε
599 2646 657 2700 ἐκ
722 2652 818 2703 τοῦ
869 2641 1093 2702 ἔλαττον
1157 2643 1342 2701 λαϐεῖν
1407 2644 1620 2719 μᾶλλον
1675 2641 1818 2700 ἔστιν
1878 2647 2032 2708 εὐθυο

391 2742 512 2809 μεῖν
543 2735 633 2790 καὶ
666 2737 1029 2810 εὐχαριστεῖν,
1065 2738 1148 2791 ὅτι
1180 2735 1352 2797 οὕτως
1405 2737 1521 2790 κατ’
1572 2735 1749 2810 ἀρχὰς
1804 2730 2032 2789 ἔπλασεν

386 2827 414 2880 6
446 2825 616 2880 πάντα
647 2829 825 2900 σοφῶς
858 2826 946 2878 καὶ
991 2823 1390 2893 ἀκαταλήπτως
1450 2824 1580 2887 Θεὸς
1627 2827 1788 2894 ἡμῶν
1840 2828 2032 2889 ποιῶν,

391 2915 527 2969 ὥστε
568 2911 866 2968 ἐλαττόνων
901 2910 1103 2966 δεῖσθαι
1165 2911 1240 2973 εἷς
1294 2911 1612 2983 αὐτάργειαν
1668 2911 1756 2965 καὶ
1809 2911 2034 2965 τελείω-

391 3024 495 3060 σιν.
548 3006 723 3056 Ταῦτα
780 2998 838 3056 δέ
895 3023 1050 3077 φησι,
1109 2999 1237 3061 τούς
1292 3020 1350 3053 τε
1435 2993 1662 3053 ἔλαττον
1745 2995 2034 3058 δοκοῦντας

387 3088 535 3171 ἔχειν
591 3091 678 3146 ἐπὶ
729 3096 798 3164 τῇ
855 3090 1057 3164 ἀθυμίᾳ
1111 3087 1469 3163 παρακαλῶν,
1523 3087 1615 3142 καὶ
1674 3088 1800 3148 τοὺς
1865 3085 2031 3140 πλέον

382 3176 569 3236 λαϐεῖν
602 3178 910 3251 οἰομένους,
940 3187 1040 3248 τῆς
1100 3177 1330 3248 οἰήσεως
1379 3197 1688 3232 κατασπων.
1744 3175 1809 3232 Τί
1867 3179 2032 3250 φυσᾷς

381 3271 586 3341 ἑαυτὸν,
653 3267 820 3324 πλέον
907 3263 1053 3345 ἔχειν
1112 3265 1326 3334 δοκῶν;
1385 3265 1655 3327 ἀσθενείας
1715 3286 1810 3319 σου
1865 3267 2028 3318 τοῦτο

385 3359 682 3433 μαρτυριόν
715 3357 879 3426 ἐστιν,
938 3357 1022 3411 ὅτι
1080 3354 1351 3410 πλειόνων
1409 3351 1659 3424 ἐδεήθηςο
1719 3352 1776 3407 Τί
1809 3351 2029 3407 καταπί-

383 3467 559 3515 πτεις,
589 3444 813 3502 ἓλαττον
848 3442 996 3520 ἔχειν
1030 3443 1206 3500 δοκῶν
1243 3464 1256 3514 ;
1321 3443 1516 3522 ἰσχύος
1575 3463 1671 3498 σου
1729 3447 1893 3498 τοῦτο
1950 3462 2030 3496 τε·

380 3539 647 3610 κμήριον,
707 3534 790 3590 ὅτι
840 3533 1140 3590 ἐλαττόνων
1197 3555 1253 3588 σε
1313 3530 1572 3603 δεηθέντα
1651 3528 1957 3605 παρέδειξεν
2001 3531 2028 3584 6

378 3628 526 3691 Θεός.
565 3627 665 3683 Καὶ
699 3627 884 3681 σκόπει
929 3631 1046 3686 πῶς
1105 3623 1306 3700 ἤρξατο
1370 3625 1464 3696 μέν
1514 3616 1834 3696 καταϐραχὺ
1892 3621 2028 3697 πρὸς

375 3718 476 3786 τὴν
510 3716 702 3795 χρείαν
735 3715 966 3790 εἰσάγειν
996 3713 1218 3782 αὐτοὺς,
1267 3710 1362 3767 κᾶν
1421 3712 1614 3766 ἀνίσων
1667 3707 1888 3765 ἐδόκουν
1921 3711 2026 3764 τῶν

381 3807 742 3884 χαρισμάτων
795 3809 1005 3878 τυχεῖν.
1081 3804 1306 3860 Ἔπειτα
1377 3799 1435 3856 δὲ
1491 3799 1581 3856 καί
1641 3798 1806 3856 πλέον
1864 3799 2030 3874 ἐπῆρε

375 3894 506 3957 τοὺς
566 3893 919 3957 ἐλαττοῦσθαι
977 3889 1289 3954 δοκοῦντας.
1354 3888 1584 3948 Μᾶλλον
1641 3888 1740 3962 γὰρ
1802 3889 1854 3942 οἱ
1902 3888 2030 3954 ἀθυα

386 3987 615 4056 μοῦντες
673 3980 883 4037 δέονται
939 3986 1300 4056 παραψυχῆς,
1356 3982 1392 4052 ἢ
1452 3981 1503 4034 οἱ
1576 3977 2031 4053 ἀλαζονευόμενοι

380 4071 600 4153 φειδοῦς
658 4073 748 4127 καὶ
835 4071 1105 4134 ἐπιεικοῦς
1186 4070 1576 4145 ἐπιτιμήσεως.
1667 4071 1803 4124 Εἶτα
1865 4073 2032 4123 ταῦτα

383 4163 571 4236 εἲπὼν,
632 4158 959 4236 συμϐιϐάζει
1017 4161 1212 4222 αὐτοὺς
1297 4160 1371 4223 εἷς
1429 4163 1528 4231 τήν
1587 4160 1888 4233 ὁμοτιμίαν
1941 4159 2031 4212 καὶ

382 4253 660 4326 ὁμόνοιαν,
696 4277 723 4304 ‹‹
754 4255 868 4308 Ἵνα
903 4253 979 4325 μὴ
1012 4253 1069 4323 ᾗ,
1129 4250 1284 4326 φησὶ,
1334 4249 1545 4323 σχίσμα
1599 4249 1652 4302 ἐν
1683 4253 1764 4320 τῷ
1795 4248 2030 4317 σώματι,

381 4341 529 4398 ἀλλά
560 4343 620 4396 τὸ
642 4341 771 4396 αὐτὸ
806 4342 938 4416 ὑπερ
987 4339 1254 4410 ἀλλήλων
1314 4343 1618 4413 μεριμνῶσι
1673 4339 1741 4391 τὰ
1803 4336 1968 4409 μέλη,
2006 4361 2032 4385 ››

381 4432 470 4486 καὶ
503 4431 642 4500 ὲζᾶς.
693 4431 828 4488 .Τά
884 4427 941 4485 δὲ
972 4429 1292 4505 εὐσχήμονα
1349 4431 1586 4497 ἡμῶν.»
1645 4426 1754 4479 Ἳνα
1815 4425 1888 4495 μή
1948 4444 2032 4484 τις

379 4517 530 4595 sitq),
567 4520 663 4574 Καὶ
723 4525 880 4580 ποῖος
940 4519 1096 4581 οὗτος
1157 4515 1320 4590 λόγος
1377 4518 1627 4588 προνοῶν
1683 4515 1792 4566 τῶν
1854 4511 2034 4589 ἀσχη-

386 4609 570 4683 μόνων
599 4609 689 4664 κάὶ
723 4609 953 4681 ἀτίμων,
987 4610 1338 4684 καταφρονεῖν
1373 4601 1431 4658 δὲ
1460 4605 1567 4656 τῶν
1621 4599 1981 4676 εὐσχημόνων
2016 4620 2028 4668 ;

383 4699 463 4756 Οὐ
526 4701 970 4776 καταφρονοῦμεν
1003 4742 1016 4766 ,
1073 4695 1235 4776 φησὶν
1273 4736 1286 4759 ,
1345 4690 1472 4747 ἀλλ’
1539 4686 1758 4752 οὐδενὸς
1811 4695 1920 4745 τῶν
1979 4689 2029 4763 ἐξ

379 4789 544 4860 ἡμῶν
573 4773 806 4852 δέονται,
836 4786 911 4846 ὡς
954 4773 1108 4863 φύσει
1130 4785 1193 4837 τὸ
1242 4779 1522 4857 εὔσχημον
1571 4773 1792 4854 ἔχοντα,
1854 4800 2026 4853 παρα-

384 4876 723 4948 μυθούμενος
757 4873 921 4928 πάλιν
957 4869 1045 4926 διὰ
1071 4871 1288 4938 τούτου,
1314 4869 1442 4930 τοὺς
1489 4865 1718 4942 ἔχοντας
1757 4868 1821 4921 τὰ
1858 4868 2029 4940 μείζω

385 4964 720 5040 χαρίσματα.

2140 1939 2478 2008 decora,his
2510 1957 2640 2010 quae
2672 1955 2705 1994 a
2728 1944 2942 1994 natura
2972 1944 3112 1993 sunt
3141 1937 3483 1992 honestiora
3515 1942 3572 1990 et
3601 1937 3787 2008 magis

2138 2028 2401 2084 decora?
2430 2027 2762 2098 Ita,inquit,
2779 2033 2837 2081 et
2868 2028 3020 2081 Deus
3053 2025 3350 2080 interdum
3379 2026 3431 2080 ei
3474 2026 3573 2096 qui
3609 2041 3788 2097 egens

2138 2124 2228 2174 est
2259 2119 2452 2190 majus
2484 2117 3017 2181 tribuitdonum,ei
3052 2131 3187 2170 vero
3221 2116 3320 2186 qui
3347 2116 3457 2170 sibi
3483 2115 3786 2170 sufﬁciens

2140 2216 2246 2276 est,
2283 2215 2341 2264 et
2370 2207 2606 2263 abunde
2639 2207 2818 2262 habet
2847 2224 2965 2277 quo
2999 2206 3259 2276 seipsum
3293 2205 3525 2277 dirigat,
3559 2205 3781 2259 minus.

2140 2301 2263 2352 Non
2289 2314 2424 2370 ergo
2447 2297 2608 2351 vobis
2632 2313 2783 2368 aegre
2805 2295 3116 2350 fereddum
3139 2302 3228 2349 est
3257 2295 3304 2349 si
3330 2295 3526 2349 minus
3554 2293 3778 2348 donum

2138 2386 2354 2440 habere
2380 2385 2656 2440 videmini
2684 2401 2696 2439 :
2719 2384 3001 2454 quoniam
3029 2400 3137 2438 nos
3165 2383 3276 2452 ipsi
3301 2399 3534 2453 quoque
3559 2398 3626 2436 ea
3649 2398 3781 2452 quae

2138 2476 2323 2547 magis
2356 2475 2568 2529 decora
2599 2473 2786 2528 nostri
2828 2472 3097 2527 membra
3150 2471 3444 2537 videntur,
3499 2478 3783 2542 tanquam

2138 2580 2258 2618 non
2291 2563 2477 2618 multo
2537 2563 2750 2618 decore
2783 2562 3036 2634 egentia,
3099 2562 3160 2616 in
3201 2567 3413 2616 ornatu
3456 2566 3514 2614 et
3569 2561 3782 2615 decore

2139 2669 2314 2722 quem
2348 2652 2567 2707 habent
2592 2667 2833 2706 manere
2858 2651 3350 2715 sinentes,minus
3381 2650 3645 2703 honestis
3668 2649 3779 2703 mi-

2140 2759 2372 2813 nusque
2400 2742 2631 2796 decoris
2663 2740 2940 2796 addimus
2973 2740 3258 2793 honorem
3291 2756 3358 2793 ac
3377 2738 3782 2792 decorem.Ex-

2140 2849 2208 2886 eo
2258 2833 2455 2902 itaque
2497 2830 2654 2900 quod
2701 2829 2899 2883 minus
2951 2828 3178 2897 accepit
3226 2827 3541 2898 quispiam,
3597 2827 3784 2898 magis

2138 2921 2273 2974 forti
2307 2927 2501 2990 potest
2531 2936 2662 2972 esse
2697 2917 2898 2972 animo
2930 2933 2996 2970 ac
3018 2916 3236 2987 gratias
3267 2931 3460 2987 agere,
3486 2915 3642 2985 quod
3675 2916 3784 2968 hoc

2139 3009 2314 3063 modo
2347 3010 2499 3061 Deus
2527 3012 2729 3060 noster
2759 3006 2831 3060 ab
2864 3006 3034 3058 initio
3066 3021 3202 3058 eum
3235 3006 3451 3058 creavit
3481 3005 3602 3074 (qui
3636 3019 3780 3058 cun-

2139 3102 2232 3150 cta
2254 3095 2554 3165 sapienter
2575 3100 2632 3147 et
2652 3094 2875 3163 absque
2889 3093 3011 3147 ullo
3033 3093 3268 3148 defectu
3288 3093 3443 3162 facit)
3466 3093 3623 3163 quod
3646 3110 3787 3163 pau-

2140 3183 2401 3240 cioribus
2417 3181 2695 3254 egeretad
2710 3183 2800 3236 sui
2817 3181 3238 3237 sufficientiam
3255 3188 3313 3236 et
3335 3182 3782 3252 perfectionem.

2140 3275 2272 3328 Haec
2303 3278 2501 3326 autem
2555 3271 2718 3339 dicit,
2753 3277 2811 3326 et
2841 3289 2941 3326 eos
2990 3271 3090 3342 qui
3121 3272 3318 3325 minus
3365 3271 3580 3326 habere
3627 3272 3788 3327 vide-

2137 3362 2374 3431 bantur,
2416 3379 2448 3416 a
2479 3377 2730 3416 maerore
2761 3360 3142 3428 consolando,
3177 3366 3235 3414 et
3264 3377 3364 3415 eos
3397 3360 3496 3431 qui
3526 3360 3787 3432 amplius

2139 3451 2438 3522 accepisse
2481 3449 2850 3517 videbantur,
2878 3466 2910 3504 a
2946 3449 3100 3504 fastu
3132 3449 3506 3504 retrahendo.
3542 3451 3614 3504 Ut
3643 3449 3785 3519 quid

2139 3539 2394 3611 teipsum
2427 3539 2601 3594 inflas
2633 3539 2732 3609 qui
2757 3537 3018 3609 amplius
3044 3538 3344 3608 accepisse
3378 3536 3596 3592 videris
3619 3537 3645 3591 Ἰ
3666 3541 3785 3593 Im-

2137 3629 2479 3684 becillitatis
2513 3633 2627 3682 tuae
2657 3627 3309 3698 testimonium,nempe
3333 3627 3489 3696 quod
3513 3626 3787 3697 pluribus

2141 3719 2352 3792 egebas
2382 3719 2455 3773 Ut
2485 3717 2628 3788 quid
2660 3717 2862 3772 animo
2895 3717 3170 3788 dejiceris
3202 3717 3302 3785 qui
3339 3715 3535 3768 minus
3567 3714 3785 3768 habere

2137 3807 2402 3863 videris?
2432 3809 2586 3864 544
2610 3805 2773 3877 atqui
2807 3803 3171 3859 fortitudinis
3199 3809 3313 3856 tum
3344 3802 3454 3854 hoc
3473 3816 3785 3871 argumen-

2140 3902 2266 3952 tum
2298 3901 2407 3962 est,
2441 3911 2657 3965 nempe
2690 3892 2849 3965 quod
2879 3891 3256 3963 paucioribus
3291 3894 3346 3942 te
3379 3904 3548 3960 egere
3582 3894 3784 3943 osten-

2139 3984 2227 4040 dit
2257 3986 2430 4038 Deus.
2464 3987 2535 4037 Et
2565 3983 2878 4037 considera
2910 3977 3203 4049 quomodo
3235 3977 3459 4032 sensim
3487 3977 3665 4048 erepit
3687 3993 3788 4032 eos

2140 4074 2213 4128 ob
2247 4073 2665 4128 necessitatem
2698 4069 2958 4141 aequales
2989 4067 3672 4139 ostendere,quanquam
3705 4068 3791 4122 in-

2141 4163 2395 4234 aequalia
2416 4161 2768 4216 videbantur
2792 4159 3047 4213 assecuti
3070 4157 3478 4213 bona.Deinde
3502 4175 3638 4212 vero
3659 4157 3794 4211 illos

2140 4251 2332 4306 adhuc
2364 4251 2623 4321 amplius
2657 4248 2868 4304 extulit
2926 4249 3026 4319 qui
3069 4247 3418 4302 videbantur
3477 4246 3791 4300 inferiores

2140 4357 2289 4396 esse.
2323 4340 2575 4394 Afflictis
2608 4339 2766 4394 enim
2797 4356 2865 4394 ac
2889 4337 3275 4393 maerentibus
3309 4337 3499 4410 magis
3531 4351 3678 4406 opus
3703 4340 3793 4388 est

2140 4428 2759 4498 consolatione,quam
2775 4429 3189 4500 arrogantibus
3207 4426 3372 4480 tenui
3397 4443 3463 4481 ac
3484 4423 3793 4480 moderata

2141 4517 2570 4589 increpatione.
2605 4517 2828 4573 Deinde
2860 4518 2952 4571 his
2983 4516 3158 4571 dictis
3217 4531 3423 4568 rursus
3451 4531 3550 4568 eos
3582 4511 3792 4568 confir-

2145 4610 2265 4659 mat
2293 4605 2369 4660 ad
2403 4606 2645 4661 honoris
2675 4606 2996 4678 paritatem
3029 4611 3086 4658 et
3115 4601 3494 4658 concordiam
3521 4618 3533 4654 :
3567 4603 3647 4655 Ne
3694 4599 3792 4663 sit,

2143 4694 2356 4765 inquit,
2393 4695 2708 4772 dissidium
2736 4695 2798 4750 in
2829 4711 3095 4764 corpore,
3131 4692 3236 4748 sed
3272 4690 3544 4746 eamdem
3569 4688 3794 4744 sollici-

2141 4783 2410 4839 tudinem
2443 4802 2548 4855 pro
2572 4801 2633 4839 se
2658 4784 2907 4838 invicem
2932 4787 3141 4853 gerant
3163 4781 3568 4836 membra.etc.
3603 4801 3629 4827 ι(
3653 4779 3792 4843 Qua)

2139 4880 2338 4929 autem
2373 4873 2586 4928 decora
2644 4880 2780 4928 sunt
2841 4872 3050 4928 nostri.
3088 4894 3115 4920 ››
3150 4872 3227 4925 Ne
3270 4871 3404 4941 quis
3464 4869 3664 4923 dicat:
3727 4871 3795 4921 Et

2139 4962 2416 5031 quisnam
2451 4963 2543 5016 hic
2577 4978 2770 5016 sermo
2798 4967 2978 5029 est,ut
3009 4960 3142 5030 quis
3171 4975 3376 5014 curam
3398 4963 3563 5030 gerat
3583 4971 3790 5010 eorum

384 5073 517 5127 quae
547 5056 829 5111 indecora
860 5059 998 5109 sunt
1025 5053 1342 5121 minusque
1371 5049 1642 5117 honesta,
1677 5065 1746 5104 ea
1775 5065 1911 5104 vero
1960 5055 2304 5105 contemnat
2371 5067 2500 5120 quaa
2535 5050 2751 5105 decora
2804 5056 2943 5105 sunt
2970 5051 2997 5104 ‘?
3028 5051 3153 5104 Non
3209 5047 3671 5112 contemnimus,
3704 5044 3791 5098 in-

384 5145 532 5214 quit,
565 5144 669 5199 sed
699 5145 804 5198 illa
860 5158 980 5196 non
1013 5145 1184 5213 egent
1240 5138 1363 5194 ulla
1406 5154 1469 5192 re
1499 5143 1722 5208 nostra,
1755 5143 1958 5209 utpote
2019 5139 2353 5193 naturalem
2408 5138 2690 5193 habentia
2742 5139 3057 5194 decorem:
3123 5154 3224 5210 per
3254 5138 3364 5191 hoc
3421 5151 3656 5190 rursum
3689 5148 3791 5187 eos

380 5232 743 5288 consolando
776 5231 876 5302 qui
906 5230 1137 5285 minora
1166 5227 1470 5282 habebant
1493 5227 1668 5282 dona.

455 5319 611 5375 ’Λλλ’
673 5321 701 5373 6
787 5320 919 5379 Θεὸς
1003 5316 1318 5389 συνεκέρασε
1383 5315 1447 5369 τὸ
1499 5317 1678 5386 σῶμα,
1735 5317 1815 5384 τῷ
1873 5313 2028 5368 ὑστε-

379 5414 562 5484 ροῦντι
693 5407 1072 5484 περισσοτέραν
1178 5403 1304 5467 δοὺς
1406 5406 1594 5477 τιμὴν,
1673 5400 1763 5456 Ἵνα
1841 5403 1919 5475 μὴ

378 5499 591 5572 σχίσμα
630 5497 681 5552 ἐν
723 5501 801 5568 τῷ
862 5498 1096 5569 σώματι,
1156 5492 1303 5549 άλλά
1351 5493 1414 5547 τὸ
1465 5491 1598 5546 αὐτὸ
1656 5491 1789 5565 ὑπὲρ
1845 5487 2033 5562 ἀλλή-

454 5684 500 5716 ³²
528 5682 728 5737 Matth.
761 5698 854 5748 vn,
887 5683 973 5734 22.
1050 5677 1094 5712 ³⁸
1120 5677 1292 5732 Marc.
1328 5692 1405 5742 ix,
1439 5676 1524 5730 3‘1.

2210 5317 2528 5383 Xll,24«26.
2560 5339 2587 5365 «
2623 5317 2734 5371 Sed
2767 5319 2920 5371 Deus
2953 5318 3130 5372 simul
3163 5315 3512 5387 temperavit
3542 5324 3790 5382 corpus:

2145 5429 2165 5453 α
2205 5406 2256 5460 ei
2289 5407 2381 5460 cui
2415 5406 2620 5462 deerat
2648 5407 3042 5479 copiosiorem
3077 5407 3225 5462 dans
3258 5407 3546 5462 honorem
3574 5419 3586 5456 :
3611 5417 3685 5455 ne
3718 5399 3794 5452 sit

2149 5515 2170 5542 ι
2206 5493 2522 5549 dissidium
2547 5495 2607 5550 in
2632 5496 3011 5567 corpore,sed
3031 5495 3299 5551 eamdem
3324 5489 3789 5548 sollicitudinem
