4158 6194
457 370 571 429 εστ

1575 355 1981 424 (ΕΟΟΜΕΝΙΙ
2028 353 2340 418 ΤΒΙΕΩιΕ
2383 353 2739 420 EPISCOPI

3743 357 3851 420 828

463 529 484 554 ι
518 521 625 576 pro
659 519 719 558 se
749 500 998 557 invicem
1029 501 1238 568 gerant
1267 494 1572 561 membra;
1606 497 1665 549 et
1711 491 1828 550 sive
1884 489 2107 561 patitur

2221 481 2332 539 λῶν
2369 490 2676 576 μεριμνῶσι
2701 488 2769 544 τὰ
2801 485 2970 561 μέλη.
2996 488 3095 543 Καὶ
3130 484 3237 544 ε’ίτε
3294 488 3496 562 πάσχει
3548 481 3602 543 ἲν
3658 486 3850 564 μέλωςι

456 617 484 644 ‹‹
521 607 708 648 unum
739 587 1098 650 membrum,
1133 585 1312 643 simul
1344 584 1651 656 patiuntur
1685 579 1888 638 omnia
1919 595 2104 636 mem.

463 706 484 730 α
521 680 670 736 bra:
704 678 824 734 sive
853 676 1225 749 glorificatur
1281 689 1469 730 unum
1511 670 1869 734 membrum,
1928 667 2103 726 simul

463 791 488 818 «
520 767 780 841 gaudent
810 767 1012 821 omnia
1040 764 1330 820 membra.
1367 785 1393 812 ››

535 837 589 906 Si
623 849 804 905 simul
835 848 1208 919 temperavit,
1242 862 1378 918 ergo
1409 849 1468 898 et
1498 859 1683 902 unum
1713 842 1888 899 fecit:
1951 837 2108 910 quod

462 939 622 996 enim
653 943 1021 1010 temperatur
1045 953 1112 992 ac
1143 934 1585 1000 commiscetur,
1610 948 1796 988 unum
1828 929 2103 986 efﬁcitur.

463 1049 491 1076 ‹‹
525 1027 630 1082 Cui
663 1025 885 1082 deerat.
909 1047 932 1077 ι
975 1022 1114 1079 Vide
1144 1022 1306 1096 quod
1327 1023 1455 1093 jam
1485 1037 1607 1075 non
1632 1018 1883 1074 dixerit:
1917 1017 2106 1073 Minus

461 1117 736 1181 honesto,
771 1119 892 1174 aut.
954 1112 1260 1178 Indecoro,
1295 1111 1419 1180 sed,
1481 1132 1509 1160 ιι
1549 1110 1614 1164 Ei
1667 1108 1762 1163 cui
1823 1107 2043 1174 deerat,
2074 1124 2100 1157 ιι

461 1204 783 1263 ostendens
815 1201 976 1274 quod
1004 1219 1122 1258 non
1164 1207 1378 1258 natura
1415 1200 1535 1254 sint
1563 1199 1779 1254 decora
1809 1201 1910 1251 aut
1940 1194 2106 1252 inde-

461 1298 745 1365 cora,sive
805 1296 1056 1354 honesta
1105 1300 1207 1350 aut
1246 1293 1582 1349 inhonesta.
1633 1312 1661 1343 ι(
1704 1287 2107 1361 Copiosiorem

462 1387 610 1443 dans
650 1387 958 1442 honorem.
999 1406 1028 1436 »ι
1066 1384 1144 1442 De
1172 1397 1417 1454 corpore
1449 1380 1668 1453 poterit
1695 1379 1832 1450 quis
1872 1377 1984 1434 hoc
2015 1377 2107 1432 in-

464 1475 752 1546 telligere,
804 1479 865 1530 at
895 1473 969 1530 de
997 1471 1341 1529 hominibus
1373 1467 1669 1542 quomodo
1702 1469 1814 1524 hoc
1858 1463 2109 1522 inveniri

462 1563 772 1636 poterit,ut
798 1561 872 1618 de
894 1561 1093 1620 minus
1117 1559 1383 1616 honestis
1406 1575 1473 1615 ac
1495 1556 1893 1613 imbecillibus
1918 1555 2110 1625 major

462 1652 751 1709 habeatur
779 1666 924 1707 cura
979 1665 1046 1705 ac
1078 1647 1490 1720 providentia?
1529 1648 1598 1702 Et
1657 1645 1911 1704 dicimus
1952 1642 2110 1716 quod

462 1740 922 1798 imbecilliorum
939 1755 1141 1794 curam
1163 1737 1349 1810 magis
1367 1737 1669 1806 suscipere
1686 1734 1915 1790 videtur
1935 1734 2107 1790 Deus.

459 1831 645 1902 quue
671 1829 868 1885 videas
900 1829 959 1884 in
992 1827 1220 1884 latrone
1253 1827 1354 1898 qui
1386 1832 1524 1881 ante
1553 1824 1853 1896 apostolos
1876 1821 2108 1895 paradi-

463 1936 596 1976 sum
627 1919 932 1991 ingressus
957 1922 1048 1972 est
1075 1917 1139 1980 ³⁸,
1173 1921 1230 1972 et
1254 1933 1361 1972 ove
1380 1932 1449 1973 ex
1482 1930 1730 1971 numero
1764 1911 2108 1968 centenario

464 2007 718 2081 perdita,
749 2023 880 2078 qua:
913 2007 1092 2064 etiam
1125 2006 1366 2062 inventa
1395 2021 1573 2075 super
1603 2004 1883 2058 humeros
1913 2016 2110 2071 repor-

462 2103 587 2156 tata
616 2103 707 2154 est
726 2096 795 2164 ‘5,
829 2102 888 2154 et
913 2095 1217 2167 operarios
1249 2095 1348 2165 qui
1383 2095 1528 2152 hora
1579 2091 1895 2150 undecima
1922 2105 2106 2146 vene-

461 2193 617 2256 rant,
649 2186 946 2258 primique
1006 2184 1342 2241 mercedem
1404 2183 1671 2239 referunt
1699 2179 1747 2214 3‘5
1780 2198 1791 2234 :
1829 2196 1895 2236 eo
1951 2177 2109 2254 quod

467 2279 622 2336 Deus
653 2275 986 2334 imbecilles
1016 2274 1202 2346 magis
1231 2273 1384 2329 ferat
1412 2273 1615 2343 eisque
1649 2267 2106 2326 condescendat.

465 2365 603 2424 Ideo
636 2365 813 2422 etiam
845 2363 990 2420 dicit
1021 2380 1035 2419 :
1076 2383 1097 2412 ι
1131 2361 1533 2434 Copiosiorem
1565 2360 1714 2417 dans
1741 2359 2050 2425 honorem,
2076 2375 2101 2408 η

470 2454 924 2526 utperhocillos
943 2451 1396 2522 consoleturqui
1420 2450 1618 2506 minus
1636 2449 1846 2505 bacent
1862 2446 2108 2502 donum.

541 2566 568 2596 ι(
602 2546 682 2601 Ne
714 2544 791 2599 sit
821 2541 1135 2600 dissidium
1165 2541 1226 2594 in
1257 2555 1526 2612 corpore.
1560 2559 1590 2590 »
1627 2538 1774 2594 545
1806 2535 2111 2610 Siquidem

471 2652 591 2692 non
650 2634 939 2690 dissidere
1011 2637 1114 2688 aut
1186 2629 1367 2688 dividi
1425 2635 1516 2685 est
1571 2627 1812 2684 omnino
1897 2641 2110 2696 corpus

471 2740 623 2789 esse,
657 2723 815 2795 quod
855 2722 902 2778 si
964 2719 1281 2787 dividatur,
1334 2718 1461 2790 jam
1518 2722 1704 2773 totum
1761 2715 1958 2789 periit.
1991 2715 2110 2769 Hoc

469 2819 666 2873 autem
737 2811 880 2868 dicit
935 2815 1161 2865 terreas
1220 2823 1321 2864 eos
1375 2807 1475 2878 qui
1533 2821 1749 2877 magna
1811 2801 2113 2859 habebant

467 2902 644 2963 dona.
667 2905 726 2956 et
745 2899 820 2955 ad
840 2898 1194 2957 modestiam
1217 2913 1521 2963 revocans,
1543 2894 1700 2965 quod
1730 2893 2012 2949 discessio
2043 2908 2111 2948 ac

469 2990 760 3062 separatio
784 2989 855 3045 ab
878 2989 969 3046 his
992 2987 1093 3060 qui
1116 2986 1428 3048 inferiores
1460 2989 1630 3042 erant
1658 2984 1720 3040 in
1753 2983 1947 3049 donis,
1975 2981 2110 3038 illos

470 3097 707 3154 quoque
739 3078 1170 3150 perdat,sitque
1201 3075 1560 3148 periculum,
1595 3091 1668 3130 ne
1695 3074 1976 3146 deinceps
2008 3071 2111 3126 de-

467 3173 669 3227 sinant
708 3185 836 3224 esse
887 3185 1102 3238 corpus
1151 3166 1388 3223 Christi.
1429 3167 1634 3236 itaque
1683 3160 2111 3235 providendum

467 3265 574 3328 est,
604 3257 820 3327 inquit,
854 3255 1245 3324 babendaque
1307 3253 1644 3312 sollicitudo
1675 3252 1780 3308 uni
1840 3252 1911 3306 de
1943 3251 2057 3307 alio
2093 3267 2105 3306 :

464 3348 577 3403 Per
605 3346 888 3400 unionem
909 3345 1068 3399 enim
1101 3343 1389 3398 habemus
1421 3359 1570 3398 esse.
1601 3364 1628 3390 ιι
1654 3343 1720 3396 Et
1749 3341 1868 3396 sive
1891 3341 2112 3412 patitur

465 3449 652 3490 unum
686 3432 1042 3488 membrum.
1076 3454 1104 3481 »
1142 3431 1197 3488 Si
1229 3432 1388 3486 enim
1421 3430 1689 3486 membra
1711 3436 1912 3486 exacte
1944 3430 2113 3485 unita

467 3539 594 3580 esse
625 3527 1273 3594 oportet,mutuamque
1305 3520 1608 3591 suscipere
1638 3519 2110 3593 curam,perspi-

466 3630 643 3671 cuum
671 3616 762 3667 est
782 3609 938 3681 quod
961 3625 1031 3666 ea
1054 3625 1186 3680 quae
1202 3608 1555 3680 contingunt
1573 3607 1752 3664 etiam
1770 3608 2112 3666 communia

467 3721 596 3761 esse
620 3702 986 3772 debent,si-ve
1007 3699 1363 3756 afﬂictiones
1391 3699 1511 3755 sint
1533 3699 1652 3756 sive
1674 3697 1900 3754 laudes.
1921 3697 2112 3753 Abru—

465 3795 587 3868 ptio
620 3794 802 3863 enim,
831 3793 951 3848 sive
993 3789 1277 3848 detractio
1307 3790 1628 3852 minorum.
1661 3787 1766 3845 tibi
1799 3787 1978 3844 etiam
2009 3787 2111 3858 qui

464 3886 727 3954 majores
741 3881 1135 3954 perditionem
1147 3877 1838 3955 alfert.quemadmodum
1853 3876 2111 3938 etoculis

468 3978 809 4043 amputatus
829 3978 1064 4042 pes,aut
1093 3970 1338 4026 inferior
1359 3985 1495 4041 pars
1519 3969 1782 4040 corporis
1802 3984 1932 4039 qum
1956 3984 2108 4039 prae-

470 4063 724 4118 stantior
752 4061 998 4118 videtur.
1035 4083 1064 4111 ‹‹
1097 4061 1222 4116 Sive
1281 4060 1651 4132 glorificatur
1675 4074 1862 4119 unum
1919 4075 2110 4118 mem-

468 4151 662 4205 brum.
695 4166 722 4198 ι
753 4150 1080 4205 Coronatur
1134 4155 1332 4221 caput,
1365 4153 1422 4206 et
1476 4149 1766 4207 universis
1825 4147 2110 4206 membris

465 4238 653 4312 gloria
682 4244 741 4295 et
767 4238 1046 4310 gaudium
1077 4238 1324 4295 accedit.

537 4328 726 4396 XII,27
755 4330 877 4388 30.«
896 4329 1007 4384 Vos
1019 4332 1217 4385 autem
1235 4327 1377 4385 estis
1394 4343 1606 4398 corpus
1623 4326 1838 4383 Christi
1853 4332 2107 4384 etmem-

468 4439 497 4469 α
528 4418 634 4474 bra
663 4435 733 4474 ex
763 4417 1150 4489 parte.Ethos
1169 4415 1410 4486 quidem
1433 4417 1800 4488 posuitDeus
1821 4415 1882 4476 in
1908 4414 2110 4474 Eccle-

472 4529 494 4559 ι
530 4510 901 4582 sia,primum
934 4507 1524 4580 apostolos,secundo
1555 4507 1897 4577 prOphetas,
1935 4505 2106 4565 tertio

2220 575 2533 654 συμπάσχει
2565 576 2734 634 πάντα
2762 578 2827 634 τὰ
2864 577 3030 649 μέλη,
3078 573 3184 634 εἴτε
3253 573 3535 650 δοξάζεται
3595 572 3646 632 ἔν
3683 574 3850 648 μέλος,

2220 664 2506 740 συγχαίρει
2540 667 2709 720 πάντα
2739 666 2806 722 τὰ
2838 663 3002 741 μέλη.

2289 841 2741 919 Είσυνεκὶρασεν,
2797 846 2991 901 οὐκοῦν
3047 844 3136 903 καὶ
3197 838 3248 900 ἔν
3295 842 3574 916 ἔποίησεν.
3635 845 3710 902 Τὸ
3763 845 3852 922 γὰρ

2216 931 2561 1007 κιρνάμενον,
2628 932 2679 988 ἔν
2730 935 2956 1009 γίνεται,
3017 959 3044 988 ι(
3099 937 3193 1006 Τῷ
3257 934 3659 1010 ὑστεροῦντι.»
3707 936 3856 1008 Ὅρα,

2219 1020 2319 1076 οὐκ
2349 1018 2426 1076 ἔτι
2458 1023 2598 1093 εἶπε,
2632 1024 2727 1095 Τῷ
2757 1022 2960 1097 ἀτίμῳ,
2984 1025 3018 1093 ἢ
3052 1027 3131 1097 τῷ
3167 1024 3474 1098 ἀσχήμονι,
3527 1019 3692 1090 ἀλλά,
3723 1047 3750 1075 ιι
3778 1027 3858 1094 Τῷ

2219 1109 2615 1185 ὑστεροῦντιμ)
2676 1109 2886 1176 δεικνὺς
2941 1113 3045 1168 οὐκ
3128 1108 3258 1170 ὄντα
3343 1112 3503 1170 φύσει
3578 1111 3855 1188 ἀσχημαῆ

2219 1194 2509 1275 εῦσχημα,
2568 1199 2736 1277 ἤγουν
2798 1198 2990 1277 ἔντιμα
3047 1204 3081 1273 ἢ
3141 1201 3333 1274 ἄτιμα.
3396 1226 3422 1253 ‹‹
3486 1200 3857 1276 Ηερισσοτέραν

2220 1286 2350 1352 δοὺς
2402 1293 2588 1362 τιμήν.
2629 1315 2655 1342 ››
2731 1289 2857 1348 Ἐπῖ
2914 1292 3012 1363 μὶν
3069 1295 3165 1346 τοῦ
3224 1292 3484 1365 σώματος
3538 1293 3700 1346 τοῦτο
3752 1287 3857 1344 ἴδοι

2217 1399 2299 1443 τις
2329 1378 2410 1438 ἄν.
2473 1379 2596 1437 Ἐπὶ
2656 1377 2714 1436 δὲ
2766 1386 2874 1438 τῶν
2934 1381 3253 1456 ἀνθρώπων,
3321 1385 3441 1442 πῶς
3495 1376 3640 1436 ’ἐστιν
3695 1379 3852 1452 εὑρεῖν

2216 1470 2343 1533 τοὺς
2392 1468 2748 1545 ἀτιμοτέρους
2804 1470 2894 1526 καὶ
2953 1470 3188 1536 ἀσθενεῖς
3247 1469 3502 1530 πλείονος
3542 1464 3856 1541 κηδεμονίας

2217 1559 2594 1626 ἀπολαύοντας
2632 1580 2645 1630 ;
2680 1562 2782 1619 Καί
2816 1583 2988 1639 φαμεν
3038 1561 3121 1616 ὅτι
3153 1561 3181 1616 ὁ
3211 1562 3342 1624 Θεὸς
3396 1564 3508 1614 τῶν
3568 1559 3854 1623 ἀσθενεστέ-

2220 1670 2327 1724 ρων
2356 1648 2570 1722 μᾶλλον
2614 1656 2859 1726 προνοεῖ.
2890 1650 2994 1712 Καὶ
3050 1651 3150 1722 δρα
3203 1651 3295 1708 τὸν
3353 1649 3570 1726 λῃστὴν
3629 1648 3732 1723 πρὸ
3758 1651 3856 1703 τῶν

2219 1740 2539 1798 ἀποστόλων
2602 1742 2676 1805 εἷς
2733 1742 2824 1798 τὸν
2884 1739 3210 1818 παράδεισον
3271 1741 3614 1811 εῖσεΛθὸντα,
3670 1738 3757 1796 καί
3800 1738 3858 1795 τὸ

2220 1829 2513 1894 ἀπολωλὸς
2542 1829 2603 1886 ἐκ
2637 1838 2738 1901 τῆς
2796 1828 3150 1893 ὲκατοντᾶδος
3203 1823 3501 1907 πρόϐατον,
3535 1830 3565 1884 ὅ
3589 1828 3674 1885 καὶ
3723 1828 3859 1903 εὑρε-

2221 1920 2305 1984 θὶν
2338 1919 2425 1975 ἐπὶ
2473 1925 2580 1976 τῶν
2641 1917 2810 1994 ὤμων
2863 1915 3200 1995 ἐϐαστάχθη,
3251 1920 3341 1975 καὶ
3395 1920 3526 1982 τοὺς
3584 1925 3680 1988 τῆς
3727 1914 3858 1972 ὶνδε·

2221 2012 2392 2082 κάτης
2445 2009 2696 2086 ἐργάτας,
2751 2009 2805 2070 ο⁹ί
2861 2014 3070 2086 πρῶτοι
3130 2009 3221 2068 τὸν
3281 2009 3480 2084 μισθὸν
3533 2008 3855 2082 κομίζονται,

2228 2099 2584 2174 βαστάζοντος
2643 2099 2731 2156 καὶ
2785 2095 3304 2173 συγκαταϐαίνοντος
3381 2101 3481 2155 τοῦ
3568 2101 3700 2154 Θεοῦ
3751 2100 3856 2158 τοῖς

2221 2187 2456 2245 ἀσθενέσι
2491 2187 2724 2262 μᾶλλον.
2783 2188 2883 2246 Διὸ
2930 2188 3019 2244 καὶ
3076 2209 3232 2267 φησι,
3291 2187 3682 2262 περισσοτέραν
3739 2181 3856 2246 δοὺς

2224 2278 2411 2349 τιμὴν,
2447 2275 2529 2334 ἶνα
2559 2277 2620 2334 ἐκ
2647 2277 2846 2335 τούτου
2900 2279 3366 2352 παραμυθήσηται
3425 2277 3556 2340 τοὺς
3614 2275 3677 2330 τὸ
3707 2269 3848 2332 ἔλατ-

2221 2386 2312 2422 τον
2344 2364 2570 2442 ἔχοντας
2604 2365 2869 2441 χάρισμα·

2316 2567 2345 2595 ι(
2377 2546 2489 2604 ἰνα
2545 2545 2622 2622 μὴ
2681 2543 2717 2618 ᾖ
2773 2543 2982 2617 σχίσμα
3037 2542 3089 2600 ἐν
3150 2549 3230 2616 τῷ
3288 2544 3528 2619 σώματι.
3567 2566 3594 2592 ››
3651 2541 3720 2600 Τὸ
3765 2539 3852 2617 γὰρ

2225 2635 2364 2694 εἶναι
2437 2633 2583 2698 ὅλως
2671 2639 2852 2707 σῶμα,
2936 2641 3086 2691 ποιεῖ
3163 2636 3225 2690 τὸ
3309 2635 3386 2707 μὴ
3448 2631 3909 2708 ἀποσχίζεσθαι,.

2223 2724 2297 2785 ὡς
2328 2724 2376 2780 εἳ
2405 2744 2468 2799 γε
2509 2723 2898 2800 ἀποσχισθείη,
2955 2725 3016 2782 τὸ
3075 2729 3179 2779 πᾶν
3235 2721 3523 2784 ἀπόλωλε.
3580 2724 3749 2780 Τοῦτο
3803 2717 3852 2774 ’δὲ

2223 2835 2374 2893 φησι,
2407 2809 2593 2886 φοϐῶν
2624 2814 2751 2876 τοὺς
2782 2815 2846 2870 τά
2885 2812 3099 2889 μεγάλα
3155 2807 3382 2888 ἔχοντας
3435 2811 3746 2889 χαρίσματα
3770 2807 3850 2864 καὶ

2222 2901 2625 2959 καταστίλλων.
2657 2904 2744 2965 Ὠς
2774 2901 2872 2978 ἥγε
2913 2903 3018 2959 τῶν
3077 2901 3379 2960 ἐλαττόνων
3413 2899 3469 2959 ἒν
3534 2899 3849 2976 χαρίσμασιν

2223 2991 2584 3070 ἂποφοίτησις
2610 2992 2700 3049 καὶ
2765 2991 2969 3066 σχίσις,
3025 2991 3116 3047 καὶ
3176 2991 3369 3053 αὐτοὺς
3426 2989 3658 3054 ἐκείνους
3688 2987 3850 3060 λυμαι-

2221 3086 2386 3139 νεῖται
2444 3078 2850 3144 κινδυνεύοντας
2933 3081 3127 3154 μηκέτι
3189 3082 3329 3136 εἶναι
3394 3085 3559 3154 σῶμα
3610 3079 3846 3152 Χριστοῦ.

2223 3174 2400 3241 Ὥστε,
2433 3171 2586 3249 φησὶ,
2616 3172 2946 3246 προνοητέον
3002 3171 3092 3230 καὶ
3155 3171 3521 3245 μεριμνητέον
3575 3167 3847 3238 ἀλλήλων.

2222 3261 2310 3318 Ἐν
2357 3262 2458 3335 γὰρ
2516 3264 2586 3335 τῇ
2643 3261 2831 3319 δνώσει
2888 3261 2950 3320 τὸ
3012 3261 3141 3318 εἶναι
3197 3254 3446 3339 ἔχομεν..
3510 3284 3539 3315 ιι
3602 3258 3700 3315 Καὶ
3749 3254 3844 3311 εἴτε

2216 3349 2417 3426 πάσχει
2474 3347 2529 3408 ἰν
2593 3347 2781 3424 μὲλος.
2815 3373 2843 3402 ιι
2898 3349 2964 3408 Εἰ
3023 3350 3124 3427 γὰρ
3185 3338 3430 3420 ἡνῶσθαι
3489 3347 3572 3406 δεῖ
3625 3338 3844 3421 ἀκριϐῶς

2215 3439 2304 3495 καὶ
2338 3443 2590 3512 προνοεῖν
2633 3436 2902 3508 ἀλλήλων
2932 3440 2998 3492 τὰ
3032 3436 3198 3511 μὲλη,
3259 3433 3496 3506 εὔδηλον
3554 3437 3626 3500 ὡς
3680 3432 3763 3488 καὶ
3789 3431 3846 3486 τὰ

2219 3522 2578 3584 ἀποϐαίνοντα
2612 3571 2625 3597 ,
2687 3526 2794 3583 ε’ἷτε
2846 3528 3015 3598 πάθη,
3074 3526 3186 3584 ε’ἰτε
3249 3523 3639 3600 εὐδοκιμησεις
3685 3517 3844 3577 κοιναὶ

2220 3617 2357 3672 εἶναι
2383 3615 2718 3695 ὀφείλουσιν.
2745 3618 2803 3674 Ἡ
2844 3617 2949 3694 γὰρ
3017 3616 3308 3692 ἀπορῥαγὴ
3369 3621 3479 3672 τῶν
3535 3613 3842 3680 ἐλαττόνων,

2217 3706 2304 3761 καὶ
2349 3705 2453 3777 σοὶ,
2515 3705 2668 3782 φησὶ,
2725 3708 2806 3776 τῷ
2866 3705 3074 3777 μείζονι
3133 3703 3485 3778 λυμαίνεται,
3543 3702 3718 3776 ὥσπερ
3765 3696 3844 3756 καὶ

2215 3799 2332 3856 τοῖς
2357 3793 2667 3868 ὀφθαλμοῖς
2697 3794 2724 3850 ὁ
2755 3794 2890 3855 ποὺς
2921 3793 3241 3864 ἀποκοπεὶς,
3296 3792 3466 3870 ἤγουν
3520 3793 3582 3852 τὸ
3638 3789 3843 3852 ἔλαττον

2220 3884 2382 3958 μέρος
2409 3887 2505 3939 τοῦ
2536 3888 2790 3956 σῶματος
2817 3886 2916 3940 τοῦ
2948 3881 3238 3944 δοκοῦντος
3283 3883 3617 3956 κρείττονος.
3678 3905 3699 3931 α
3730 3875 3845 3935 Et“

2217 3971 2494 4044 δοξάζεται
2575 3970 2628 4027 's'v
2715 3971 2901 4044 μέλος.
2936 3995 2962 4022 ››
3029 3972 3255 4050 Κεφαλή
3315 3976 3714 4050 στεφανοῦνται,
3764 3965 3842 4021 καὶ

2216 4068 2342 4120 πᾶσι
2372 4066 2490 4122 τοῖς
2524 4058 2711 4132 μέλεσι
2744 4055 2870 4131 δόξα
2892 4059 2982 4114 καὶ
3008 4061 3154 4134 χαρὰ
3186 4060 3413 4136 γίνεται.

2285 4333 2464 4404 Ὑμεῖς
2548 4297 2621 4388 δὲ.
2688 4330 2804 4388 ἐστε
2890 4334 3051 4402 σῶμα
3133 4331 3370 4403 Χριστοῦ
3455 4328 3546 4385 καὶ
3620 4324 3752 4400 μέλη
3790 4317 3843 4376 ἐκ

2218 4423 2437 4497 μὲρους.
2475 4419 2572 4477 Καὶ
2614 4420 2708 4482 οὓς
2781 4419 2878 4492 μὲν
2937 4413 3088 4476 ἔθετο
3139 4419 3167 4474 ὁ
3219 4418 3350 4482 Θεὸς
3409 4416 3463 4473 ἐν
3507 4421 3574 4491 τῇ
3634 4407 3842 4478 Ἐκκλη-

2219 4515 2310 4586 σία
2343 4553 2358 4578 ,
2462 4514 2680 4584 πρῶτον
2785 4507 3128 4569 ἀποστάλους
3165 4550 3179 4577 ,
3297 4503 3541 4580 δεύτερον
3643 4499 3840 4574 προφῆ·

464 4621 496 4649 ‹‹
530 4571 1051 4662 doctores,deinde
1073 4602 1420 4669 potestates,
1446 4571 2108 4654 deindedonasanatio-

2220 4621 2338 4671 τας,
2383 4600 2572 4675 τρίτοσ
2656 4595 3034 4663 διδασκάλους,
3111 4592 3296 4654 ἔπειτα
3389 4592 3662 4668 δυνάμεις,
3740 4588 3839 4643 εἶτα

472 4712 497 4742 α
531 4689 1708 4762 num,subsidia,gubernationes,genera
1746 4687 2104 4758 linguarum.

467 4807 495 4834 ιι
530 4787 676 4839 Num
695 4800 902 4838 omnes
917 4782 1209 4855 apostoli?
1231 4784 1378 4836 Num
1393 4795 1603 4834 omnes
1624 4777 1934 4834 doctores?
1957 4780 2106 4834 Num

464 4896 493 4925 α
527 4889 734 4927 omnes
764 4878 1088 4944 potestates
1109 4873 1136 4926 '?
1166 4873 1314 4926 Num
1348 4885 1556 4925 omnes
1581 4867 1740 4924 dona
1767 4866 1986 4923 habent
2014 4883 2104 4924 sa-

472 4978 496 5008 ι
524 4959 832 5015 nationum
853 4962 881 5014 ‘l
912 4963 1060 5015 Num
1084 4976 1292 5016 omnes
1317 4959 1535 5032 linguis
1567 4957 1892 5028 loquuntur
1911 4957 1938 5011 ‘2
1958 4958 2107 5013 Num

467 5068 495 5098 «ι
529 5063 738 5103 omnes
764 5048 1280 5119 interpretantur?
1314 5071 1341 5098 »ι

541 5224 762 5280 Deinde
815 5241 891 5280 ne
939 5224 1172 5279 dicant:
1231 5225 1300 5280 Et
1364 5224 1509 5296 quid
1556 5225 1629 5280 ad
1685 5242 1795 5280 nos
1852 5223 2110 5295 pertinet

468 5315 804 5386 exemplum
821 5314 892 5370 de
906 5314 1443 5386 corpore,ostendit
1462 5315 1638 5371 etiam
1657 5315 1818 5386 ipsos
1839 5329 1970 5372 esse
1987 5329 2111 5370 cor-

469 5418 581 5476 pus
612 5403 848 5459 Christi.
867 5403 1033 5470 Quod
1064 5404 1112 5459 si
1141 5404 1469 5460 humanum
1503 5421 1717 5477 corpus
1737 5421 1858 5460 non
1879 5405 2110 5475 oportet

463 5493 661 5550 fovere
695 5493 1031 5562 dissidium,
1066 5510 1205 5550 nam
1238 5493 1549 5554 dissidium
1583 5495 1893 5551 solutionis
1932 5510 2111 5551 causa

2214 4689 2532 4768 χαρίσματα
2641 4686 2924 4759 ἴαμάτων,
3041 4683 3400 4759 ἀντιλήψεις,
3488 4677 3840 4768 κυϐερνήσεις-ρ

2215 4763 2344 4856 ξένη
2421 4780 2711 4853 γλωσσῶν.
2826 4779 2918 4846 Μὴ
3023 4777 3218 4841 πάντες
3317 4773 3663 4840 ἀπόστολοις
3757 4763 3836 4856 Μῇ

2215 4851 2445 4930 πάντες
2489 4874 2814 4944 προφῆται;
2901 4868 2990 4935 Μὴ
3075 4865 3269 4926 πάντες
3339 4861 3702 4928 διδάσκαλοις
3757 4851 3837 4918 Μὴ

2214 4959 2408 5020 πάντες
2493 4955 2791 5031 δυνάμειςς
2873 4956 2961 5024 Μὴ
3048 4955 3241 5015 πάντες
3325 4954 3638 5028 χαρίσματα
3691 4944 3838 5031 ἔχοντ

2217 5068 2298 5104 σιν
2344 5028 2638 5120 ἱαμάτωνξ
2710 5047 2800 5116 Μὴ
2860 5044 3053 5109 πάντες
3103 5040 3382 5119 γλώσσαις
3438 5039 3709 5101 λαλοῦσι;
3757 5028 3837 5097 Μὴ

2214 5136 2410 5198 πάντες
2443 5133 2891 5208 διερμηνεύουσιν
2923 5149 2938 5202 ;

2289 5225 2423 5282 Εἶτα
2497 5223 2676 5297 τίναμή
2773 5219 2996 5298 λέγωσι,
3053 5221 3158 5281 Καὶ
3216 5221 3352 5296 πρὸς
3409 5223 3557 5294 ἡμᾶς
3611 5235 3738 5286 ηχον
3783 5207 3838 5298 τὸ

2215 5317 2312 5369 ⁴θεοῦ
2383 5314 2639 5386 σώματος
2713 5309 3083 5387 παράδειγμα,
3172 5307 3406 5368 δείκνυσι
3486 5307 3574 5366 καὶ
3652 5296 3833 5360 αὐτοὺς

2220 5399 2376 5465 ὄντας
2407 5408 2567 5476 σῶμα
2623 5403 2891 5476 Χριστοῦ.
2951 5400 3020 5460 Εἴ
3079 5399 3136 5454 δὲ
3189 5400 3252 5459 τὸ
3310 5399 3644 5474 ἀνθρώπινον
3698 5393 3839 5459 σῶμα

2219 5491 2282 5548 οὗ
2337 5489 2418 5547 δεῖ
2475 5474 2775 5559 στασιάζειν
2827 5489 3053 5561 (λύσεως
3120 5489 3222 5563 γὰρ
3299 5491 3334 5558 ἡ
3422 5487 3600 5547 στάσις
3669 5474 3838 5544 αἰτία),

535 5706 584 5741 ³⁴
611 5705 941 5777 Luc._xxm,
976 5706 1063 5759 39.
1143 5701 1192 5736 ³⁵
1219 5702 1354 5756 Luc.
1388 5717 1479 5770 xv,
1515 5701 1548 5754 Α
1579 5716 1747 5770 seqq.
1823 5700 1868 5736 ³⁸
1907 5700 2109 5755 Matth.
2141 5717 2213 5754 xx
2263 5701 2316 5755 8.
