  <div class='ocr_page' id='page_1' title='image "/cluster/home/n/w/nwhite01/storage/ocr_20150623/118/hvd.32044073502247/420.png"; bbox 0 0 4158 6194; ppageno 0'>
   <div class='ocr_carea' id='block_1_1' title="bbox 343 423 459 485">
    <p class='ocr_par' dir='ltr' id='par_1_1' title="bbox 343 423 459 485">
     <span class='ocr_line' id='line_1_1' title="bbox 343 423 459 485; baseline 0.009 -1"><span class='ocrx_word' id='word_1_1' title='bbox 343 423 459 485; x_wconf 75' lang='grc'>829</span> 
     </span>
    </p>
   </div>
   <div class='ocr_carea' id='block_1_2' title="bbox 1328 423 2769 487">
    <p class='ocr_par' dir='ltr' id='par_1_2' title="bbox 1328 423 2769 487">
     <span class='ocr_line' id='line_1_2' title="bbox 1328 423 2769 487; baseline 0.001 -3"><span class='ocrx_word' id='word_1_2' title='bbox 1328 425 1741 487; x_wconf 77' lang='lat' dir='ltr'>COMMENT.</span> <span class='ocrx_word' id='word_1_3' title='bbox 1769 425 1866 486; x_wconf 77' lang='lat' dir='ltr'>‘IN</span> <span class='ocrx_word' id='word_1_4' title='bbox 1915 423 2166 486; x_wconf 78' lang='lat' dir='ltr'>EPIST.</span> <span class='ocrx_word' id='word_1_5' title='bbox 2198 425 2221 483; x_wconf 89' lang='grc' dir='ltr'><strong>Ι</strong></span> <span class='ocrx_word' id='word_1_6' title='bbox 2257 426 2359 487; x_wconf 87' lang='lat' dir='ltr'>AD</span> <span class='ocrx_word' id='word_1_7' title='bbox 2404 427 2769 487; x_wconf 72' lang='lat' dir='ltr'>COBINTH.</span> 
     </span>
    </p>
   </div>
   <div class='ocr_carea' id='block_1_3' title="bbox 3635 429 3756 492">
    <p class='ocr_par' dir='ltr' id='par_1_3' title="bbox 3635 429 3756 492">
     <span class='ocr_line' id='line_1_3' title="bbox 3635 429 3756 492; baseline -0.008 -1"><span class='ocrx_word' id='word_1_8' title='bbox 3635 429 3756 492; x_wconf 87' lang='lat'>830</span> 
     </span>
    </p>
   </div>
   <div class='ocr_carea' id='block_1_4' title="bbox 345 555 1994 634">
    <p class='ocr_par' dir='ltr' id='par_1_4' title="bbox 345 555 1992 634">
     <span class='ocr_line' id='line_1_4' title="bbox 345 555 1992 634; baseline -0.002 -20"><span class='ocrx_word' id='word_1_9' title='bbox 345 555 545 630; x_wconf 87' lang='grc' dir='ltr'>πολλῷ</span> <span class='ocrx_word' id='word_1_10' title='bbox 579 556 795 626; x_wconf 80' lang='grc' dir='ltr'>μᾶλλον</span> <span class='ocrx_word' id='word_1_11' title='bbox 814 560 878 614; x_wconf 83' lang='grc' dir='ltr'>τὸ</span> <span class='ocrx_word' id='word_1_12' title='bbox 908 563 1166 634; x_wconf 76' lang='grc' dir='ltr'>Χριστοῦ.</span> <span class='ocrx_word' id='word_1_13' title='bbox 1210 585 1238 614; x_wconf 87' lang='grc'>‹‹</span> <span class='ocrx_word' id='word_1_14' title='bbox 1273 560 1368 615; x_wconf 79' lang='grc' dir='ltr'>Καὶ</span> <span class='ocrx_word' id='word_1_15' title='bbox 1418 557 1559 632; x_wconf 69' lang='grc' dir='ltr'>μίλη</span> <span class='ocrx_word' id='word_1_16' title='bbox 1599 557 1658 614; x_wconf 67' lang='lat' dir='ltr'>in</span> <span class='ocrx_word' id='word_1_17' title='bbox 1716 555 1932 633; x_wconf 70' lang='grc' dir='ltr'>μέρους.</span> <span class='ocrx_word' id='word_1_18' title='bbox 1973 581 1992 607; x_wconf 73' lang='grc' dir='ltr'>υ</span> 
     </span>
    </p>
   </div>
   <div class='ocr_carea' id='block_1_5' title="bbox 2102 555 3751 634">
    <p class='ocr_par' dir='ltr' id='par_1_5' title="bbox 2114 559 3751 632">
     <span class='ocr_line' id='line_1_5' title="bbox 2114 559 3751 632; baseline 0.004 -17"><span class='ocrx_word' id='word_1_19' title='bbox 2114 564 2204 615; x_wconf 87' lang='lat' dir='ltr'>est</span> <span class='ocrx_word' id='word_1_20' title='bbox 2227 559 2618 616; x_wconf 80' lang='lat' dir='ltr'>multominus</span> <span class='ocrx_word' id='word_1_21' title='bbox 2649 560 2863 616; x_wconf 86' lang='lat' dir='ltr'>Christi</span> <span class='ocrx_word' id='word_1_22' title='bbox 2889 577 3124 632; x_wconf 88' lang='lat' dir='ltr'>corpus.</span> <span class='ocrx_word' id='word_1_23' title='bbox 3160 584 3185 611; x_wconf 77' lang='grc' dir='ltr'>α</span> <span class='ocrx_word' id='word_1_24' title='bbox 3234 563 3303 620; x_wconf 86' lang='lat' dir='ltr'>Et</span> <span class='ocrx_word' id='word_1_25' title='bbox 3358 564 3626 622; x_wconf 87' lang='lat' dir='ltr'>membra</span> <span class='ocrx_word' id='word_1_26' title='bbox 3681 583 3751 621; x_wconf 83' lang='lat' dir='ltr'><strong>ex</strong></span> 
     </span>
    </p>
   </div>
   <div class='ocr_carea' id='block_1_6' title="bbox 347 648 1992 730">
    <p class='ocr_par' dir='ltr' id='par_1_6' title="bbox 347 648 1992 730">
     <span class='ocr_line' id='line_1_6' title="bbox 347 648 1992 730; baseline -0.002 -24"><span class='ocrx_word' id='word_1_27' title='bbox 347 651 616 711; x_wconf 69' lang='grc' dir='ltr'>’Ἅπαντες</span> <span class='ocrx_word' id='word_1_28' title='bbox 669 649 764 722; x_wconf 72' lang='grc' dir='ltr'>μὶν</span> <span class='ocrx_word' id='word_1_29' title='bbox 849 651 903 705; x_wconf 75' lang='grc' dir='ltr'>οὶ</span> <span class='ocrx_word' id='word_1_30' title='bbox 961 651 1280 730; x_wconf 80' lang='grc' dir='ltr'>ἁπανταχοῦ</span> <span class='ocrx_word' id='word_1_31' title='bbox 1362 650 1569 720; x_wconf 75' lang='grc' dir='ltr'>πιστοὶ,</span> <span class='ocrx_word' id='word_1_32' title='bbox 1651 651 1812 724; x_wconf 82' lang='grc' dir='ltr'>σῶμά</span> <span class='ocrx_word' id='word_1_33' title='bbox 1889 648 1992 704; x_wconf 78' lang='grc' dir='ltr'>εἰσι</span> 
     </span>
    </p>
   </div>
   <div class='ocr_carea' id='block_1_7' title="bbox 347 735 1994 813">
    <p class='ocr_par' dir='ltr' id='par_1_7' title="bbox 347 735 1994 813">
     <span class='ocr_line' id='line_1_7' title="bbox 347 735 1994 813; baseline -0.001 -19"><span class='ocrx_word' id='word_1_34' title='bbox 347 739 607 812; x_wconf 70' lang='grc' dir='ltr'>Χριστοῦ.</span> <span class='ocrx_word' id='word_1_35' title='bbox 640 739 821 812; x_wconf 81' lang='grc' dir='ltr'>Ὑμεῖς</span> <span class='ocrx_word' id='word_1_36' title='bbox 881 736 936 795; x_wconf 78' lang='grc' dir='ltr'>δὶ</span> <span class='ocrx_word' id='word_1_37' title='bbox 997 740 1048 795; x_wconf 78' lang='grc' dir='ltr'>οἱ</span> <span class='ocrx_word' id='word_1_38' title='bbox 1091 741 1398 812; x_wconf 83' lang='grc' dir='ltr'>Κορίνθιοι,</span> <span class='ocrx_word' id='word_1_39' title='bbox 1461 738 1603 812; x_wconf 72' lang='grc' dir='ltr'>μέλη</span> <span class='ocrx_word' id='word_1_40' title='bbox 1659 739 1718 794; x_wconf 76' lang='grc' dir='ltr'>ἐκ</span> <span class='ocrx_word' id='word_1_41' title='bbox 1774 735 1994 813; x_wconf 74' lang='grc' dir='ltr'>μέρους.</span> 
     </span>
    </p>
   </div>
   <div class='ocr_carea' id='block_1_8' title="bbox 349 825 1996 902">
    <p class='ocr_par' dir='ltr' id='par_1_8' title="bbox 349 825 1996 902">
     <span class='ocr_line' id='line_1_8' title="bbox 349 825 1996 902; baseline -0.001 -18"><span class='ocrx_word' id='word_1_42' title='bbox 349 825 537 902; x_wconf 70' lang='grc' dir='ltr'>Οὐγάρ</span> <span class='ocrx_word' id='word_1_43' title='bbox 557 827 713 900; x_wconf 80' lang='grc' dir='ltr'>ὑμεῖς</span> <span class='ocrx_word' id='word_1_44' title='bbox 745 826 863 884; x_wconf 69' lang='grc' dir='ltr'>ἐστε</span> <span class='ocrx_word' id='word_1_45' title='bbox 897 827 1051 902; x_wconf 82' lang='grc' dir='ltr'><strong>μόνοι</strong></span> <span class='ocrx_word' id='word_1_46' title='bbox 1083 829 1147 883; x_wconf 84' lang='grc' dir='ltr'>τὸ</span> <span class='ocrx_word' id='word_1_47' title='bbox 1173 827 1303 884; x_wconf 81' lang='grc' dir='ltr'>δλον</span> <span class='ocrx_word' id='word_1_48' title='bbox 1334 826 1667 902; x_wconf 76' lang='grc' dir='ltr'>σῶμα,ἀλλά</span> <span class='ocrx_word' id='word_1_49' title='bbox 1701 826 1841 900; x_wconf 70' lang='grc' dir='ltr'>μὲλη</span> <span class='ocrx_word' id='word_1_50' title='bbox 1858 825 1996 895; x_wconf 75' lang='grc' dir='ltr'>ἐστὶ,</span> 
     </span>
    </p>
   </div>
   <div class='ocr_carea' id='block_1_9' title="bbox 346 913 2000 992">
    <p class='ocr_par' dir='ltr' id='par_1_9' title="bbox 346 913 2000 992">
     <span class='ocr_line' id='line_1_9' title="bbox 346 913 2000 992; baseline -0.001 -21"><span class='ocrx_word' id='word_1_51' title='bbox 346 917 434 971; x_wconf 81' lang='grc' dir='ltr'>καὶ</span> <span class='ocrx_word' id='word_1_52' title='bbox 467 913 595 971; x_wconf 65' lang='grc' dir='ltr'>οὐδὲ</span> <span class='ocrx_word' id='word_1_53' title='bbox 633 914 842 986; x_wconf 70' lang='grc' dir='ltr'>πολλὰ,</span> <span class='ocrx_word' id='word_1_54' title='bbox 905 915 1051 972; x_wconf 77' lang='grc' dir='ltr'>ἀλλὰ</span> <span class='ocrx_word' id='word_1_55' title='bbox 1109 915 1170 972; x_wconf 81' lang='grc' dir='ltr'>ἐκ</span> <span class='ocrx_word' id='word_1_56' title='bbox 1227 918 1445 992; x_wconf 67' lang='grc' dir='ltr'>μέρους.</span> <span class='ocrx_word' id='word_1_57' title='bbox 1505 915 1745 974; x_wconf 82' lang='grc' dir='ltr'>Δείκνυσι</span> <span class='ocrx_word' id='word_1_58' title='bbox 1805 913 1862 970; x_wconf 68' lang='grc' dir='ltr'>δὲ</span> <span class='ocrx_word' id='word_1_59' title='bbox 1909 913 2000 970; x_wconf 73' lang='grc' dir='ltr'>διὰ</span> 
     </span>
    </p>
   </div>
   <div class='ocr_carea' id='block_1_10' title="bbox 345 1000 1996 1080">
    <p class='ocr_par' dir='ltr' id='par_1_10' title="bbox 345 1000 1996 1080">
     <span class='ocr_line' id='line_1_10' title="bbox 345 1000 1996 1080; baseline -0.001 -21"><span class='ocrx_word' id='word_1_60' title='bbox 345 1005 542 1062; x_wconf 81' lang='grc' dir='ltr'>τούτου</span> <span class='ocrx_word' id='word_1_61' title='bbox 572 1002 681 1076; x_wconf 73' lang='grc' dir='ltr'>ἢδη</span> <span class='ocrx_word' id='word_1_62' title='bbox 713 1005 1152 1080; x_wconf 68' lang='grc' dir='ltr'>κατεσπαρμένον</span> <span class='ocrx_word' id='word_1_63' title='bbox 1206 1004 1260 1061; x_wconf 77' lang='grc' dir='ltr'>ἐν</span> <span class='ocrx_word' id='word_1_64' title='bbox 1313 1011 1392 1075; x_wconf 75' lang='grc' dir='ltr'>τῷ</span> <span class='ocrx_word' id='word_1_65' title='bbox 1449 1005 1667 1062; x_wconf 82' lang='grc' dir='ltr'>πλείονι</span> <span class='ocrx_word' id='word_1_66' title='bbox 1714 1000 1907 1077; x_wconf 83' lang='grc' dir='ltr'>κόσμῳ</span> <span class='ocrx_word' id='word_1_67' title='bbox 1934 1005 1996 1059; x_wconf 85' lang='grc' dir='ltr'>τὸ</span> 
     </span>
    </p>
   </div>
   <div class='ocr_carea' id='block_1_11' title="bbox 347 1091 1996 1170">
    <p class='ocr_par' dir='ltr' id='par_1_11' title="bbox 347 1091 1996 1170">
     <span class='ocr_line' id='line_1_11' title="bbox 347 1091 1996 1170; baseline -0.001 -19"><span class='ocrx_word' id='word_1_68' title='bbox 347 1093 679 1170; x_wconf 71' lang='grc' dir='ltr'>Εὗαγγίλιον</span> <span class='ocrx_word' id='word_1_69' title='bbox 716 1094 933 1164; x_wconf 75' lang='grc' dir='ltr'>καὶτήν</span> <span class='ocrx_word' id='word_1_70' title='bbox 966 1095 1172 1152; x_wconf 80' lang='grc' dir='ltr'>πίστιν.</span> <span class='ocrx_word' id='word_1_71' title='bbox 1209 1119 1236 1147; x_wconf 86' lang='lat'><strong>«</strong></span> <span class='ocrx_word' id='word_1_72' title='bbox 1297 1093 1399 1152; x_wconf 74' lang='grc' dir='ltr'>Καὶ</span> <span class='ocrx_word' id='word_1_73' title='bbox 1458 1095 1551 1158; x_wconf 81' lang='grc' dir='ltr'>οὕς</span> <span class='ocrx_word' id='word_1_74' title='bbox 1612 1097 1707 1169; x_wconf 78' lang='grc' dir='ltr'>μὶν</span> <span class='ocrx_word' id='word_1_75' title='bbox 1763 1091 1910 1150; x_wconf 71' lang='grc' dir='ltr'>ἔθετο</span> <span class='ocrx_word' id='word_1_76' title='bbox 1968 1096 1996 1149; x_wconf 99' lang='lat'>6</span> 
     </span>
    </p>
   </div>
   <div class='ocr_carea' id='block_1_12' title="bbox 347 1179 1998 1265">
    <p class='ocr_par' dir='ltr' id='par_1_12' title="bbox 347 1179 1998 1265">
     <span class='ocr_line' id='line_1_12' title="bbox 347 1179 1998 1265; baseline -0.001 -25"><span class='ocrx_word' id='word_1_77' title='bbox 347 1185 496 1247; x_wconf 83' lang='grc' dir='ltr'>Θεός.</span> <span class='ocrx_word' id='word_1_78' title='bbox 534 1208 561 1235; x_wconf 78' lang='grc' dir='ltr'>)ι</span> <span class='ocrx_word' id='word_1_79' title='bbox 595 1184 697 1242; x_wconf 80' lang='grc' dir='ltr'>Καὶ</span> <span class='ocrx_word' id='word_1_80' title='bbox 729 1185 822 1247; x_wconf 77' lang='grc' dir='ltr'>οὕς</span> <span class='ocrx_word' id='word_1_81' title='bbox 885 1186 981 1259; x_wconf 82' lang='grc' dir='ltr'>μὶν</span> <span class='ocrx_word' id='word_1_82' title='bbox 1038 1184 1399 1256; x_wconf 78' lang='grc' dir='ltr'>ἀποστόλους,</span> <span class='ocrx_word' id='word_1_83' title='bbox 1460 1185 1642 1265; x_wconf 58' lang='grc' dir='ltr'>οησὶν,</span> <span class='ocrx_word' id='word_1_84' title='bbox 1702 1179 1850 1240; x_wconf 78' lang='grc' dir='ltr'>ἔθετο</span> <span class='ocrx_word' id='word_1_85' title='bbox 1906 1186 1998 1239; x_wconf 80' lang='grc' dir='ltr'>καὶ</span> 
     </span>
    </p>
   </div>
   <div class='ocr_carea' id='block_1_13' title="bbox 345 1272 1995 1350">
    <p class='ocr_par' dir='ltr' id='par_1_13' title="bbox 345 1272 1995 1350">
     <span class='ocr_line' id='line_1_13' title="bbox 345 1272 1995 1350; baseline 0.001 -22"><span class='ocrx_word' id='word_1_86' title='bbox 345 1272 594 1344; x_wconf 75' lang='grc' dir='ltr'>ἐποίησεν</span> <span class='ocrx_word' id='word_1_87' title='bbox 647 1276 676 1330; x_wconf 82' lang='lat'>6</span> <span class='ocrx_word' id='word_1_88' title='bbox 735 1277 866 1337; x_wconf 78' lang='grc' dir='ltr'>Θεὸς</span> <span class='ocrx_word' id='word_1_89' title='bbox 919 1273 975 1330; x_wconf 67' lang='grc' dir='ltr'>ἂν</span> <span class='ocrx_word' id='word_1_90' title='bbox 1029 1279 1098 1350; x_wconf 74' lang='grc' dir='ltr'>τῇ</span> <span class='ocrx_word' id='word_1_91' title='bbox 1161 1276 1488 1346; x_wconf 77' lang='grc' dir='ltr'>Ἐκκλησία.</span> <span class='ocrx_word' id='word_1_92' title='bbox 1551 1276 1744 1336; x_wconf 80' lang='grc' dir='ltr'>Καλῶς</span> <span class='ocrx_word' id='word_1_93' title='bbox 1797 1272 1854 1329; x_wconf 78' lang='grc' dir='ltr'><strong>δὶ</strong></span> <span class='ocrx_word' id='word_1_94' title='bbox 1911 1275 1995 1338; x_wconf 83' lang='grc' dir='ltr'>τὸ,</span> 
     </span>
    </p>
   </div>
   <div class='ocr_carea' id='block_1_14' title="bbox 344 1363 1997 1440">
    <p class='ocr_par' dir='ltr' id='par_1_14' title="bbox 344 1363 1997 1440">
     <span class='ocr_line' id='line_1_14' title="bbox 344 1363 1997 1440; baseline 0.001 -23"><span class='ocrx_word' id='word_1_95' title='bbox 344 1367 581 1438; x_wconf 78' lang='grc' dir='ltr'>πρῶτον,</span> <span class='ocrx_word' id='word_1_96' title='bbox 607 1363 696 1419; x_wconf 80' lang='grc' dir='ltr'>ἐπὶ</span> <span class='ocrx_word' id='word_1_97' title='bbox 723 1367 829 1419; x_wconf 82' lang='grc' dir='ltr'>τῶν</span> <span class='ocrx_word' id='word_1_98' title='bbox 880 1366 1202 1421; x_wconf 73' lang='grc' dir='ltr'>ἀποστόλων</span> <span class='ocrx_word' id='word_1_99' title='bbox 1257 1364 1510 1422; x_wconf 71' lang='grc' dir='ltr'>τέθεικεν.</span> <span class='ocrx_word' id='word_1_100' title='bbox 1563 1365 1730 1422; x_wconf 81' lang='grc' dir='ltr'>Οὗτοι</span> <span class='ocrx_word' id='word_1_101' title='bbox 1789 1363 1893 1440; x_wconf 78' lang='grc' dir='ltr'>γὰρ</span> <span class='ocrx_word' id='word_1_102' title='bbox 1943 1366 1997 1419; x_wconf 74' lang='grc' dir='ltr'>οἱ</span> 
     </span>
    </p>
   </div>
   <div class='ocr_carea' id='block_1_15' title="bbox 341 1449 1993 1530">
    <p class='ocr_par' dir='ltr' id='par_1_15' title="bbox 341 1449 1993 1530">
     <span class='ocr_line' id='line_1_15' title="bbox 341 1449 1993 1530; baseline 0 -23"><span class='ocrx_word' id='word_1_103' title='bbox 341 1457 440 1521; x_wconf 83' lang='grc' dir='ltr'>τῆς</span> <span class='ocrx_word' id='word_1_104' title='bbox 471 1451 706 1514; x_wconf 82' lang='grc' dir='ltr'>πίστεως</span> <span class='ocrx_word' id='word_1_105' title='bbox 736 1453 1000 1530; x_wconf 81' lang='grc' dir='ltr'>ἀρχηγοί.</span> <span class='ocrx_word' id='word_1_106' title='bbox 1059 1453 1197 1516; x_wconf 82' lang='grc' dir='ltr'>Τοὺς</span> <span class='ocrx_word' id='word_1_107' title='bbox 1259 1451 1316 1509; x_wconf 72' lang='grc' dir='ltr'>δὶ</span> <span class='ocrx_word' id='word_1_108' title='bbox 1363 1455 1646 1530; x_wconf 69' lang='grc' dir='ltr'>προφήτας</span> <span class='ocrx_word' id='word_1_109' title='bbox 1712 1449 1993 1525; x_wconf 67' lang='grc' dir='ltr'>δευτέρους</span> 
     </span>
    </p>
   </div>
   <div class='ocr_carea' id='block_1_16' title="bbox 347 1541 1998 1621">
    <p class='ocr_par' dir='ltr' id='par_1_16' title="bbox 347 1541 1998 1621">
     <span class='ocr_line' id='line_1_16' title="bbox 347 1541 1998 1621; baseline 0.002 -24"><span class='ocrx_word' id='word_1_110' title='bbox 347 1541 517 1618; x_wconf 66' lang='grc' dir='ltr'>λέγει,</span> <span class='ocrx_word' id='word_1_111' title='bbox 551 1544 616 1599; x_wconf 80' lang='grc' dir='ltr'>οὐ</span> <span class='ocrx_word' id='word_1_112' title='bbox 642 1545 771 1608; x_wconf 83' lang='grc' dir='ltr'>τοὺς</span> <span class='ocrx_word' id='word_1_113' title='bbox 811 1543 1081 1608; x_wconf 81' lang='grc' dir='ltr'>παλαιοὺς</span> <span class='ocrx_word' id='word_1_114' title='bbox 1131 1545 1330 1621; x_wconf 65' lang='grc' dir='ltr'>λέγων,</span> <span class='ocrx_word' id='word_1_115' title='bbox 1391 1544 1537 1600; x_wconf 84' lang='grc' dir='ltr'>ἀλλά</span> <span class='ocrx_word' id='word_1_116' title='bbox 1584 1544 1711 1605; x_wconf 78' lang='grc' dir='ltr'>τοὺς</span> <span class='ocrx_word' id='word_1_117' title='bbox 1759 1543 1810 1599; x_wconf 73' lang='grc' dir='ltr'>ἰν</span> <span class='ocrx_word' id='word_1_118' title='bbox 1871 1543 1998 1600; x_wconf 66' lang='grc' dir='ltr'>ἱκά-</span> 
     </span>
    </p>
   </div>
   <div class='ocr_carea' id='block_1_17' title="bbox 349 1632 1994 1713">
    <p class='ocr_par' dir='ltr' id='par_1_17' title="bbox 349 1632 1994 1713">
     <span class='ocr_line' id='line_1_17' title="bbox 349 1632 1994 1713; baseline -0.004 -19"><span class='ocrx_word' id='word_1_119' title='bbox 349 1653 445 1706; x_wconf 76' lang='grc' dir='ltr'>στῃ</span> <span class='ocrx_word' id='word_1_120' title='bbox 503 1632 808 1705; x_wconf 73' lang='grc' dir='ltr'>Ἐκκλησία</span> <span class='ocrx_word' id='word_1_121' title='bbox 868 1637 988 1691; x_wconf 86' lang='grc' dir='ltr'>κατ’</span> <span class='ocrx_word' id='word_1_122' title='bbox 1047 1635 1224 1692; x_wconf 71' lang='grc' dir='ltr'>ἇκεῖνο</span> <span class='ocrx_word' id='word_1_123' title='bbox 1281 1639 1472 1710; x_wconf 76' lang='grc' dir='ltr'>καιροῦ</span> <span class='ocrx_word' id='word_1_124' title='bbox 1525 1634 1994 1713; x_wconf 71' lang='grc' dir='ltr'>προφητεύοντας,</span> 
     </span>
    </p>
   </div>
   <div class='ocr_carea' id='block_1_18' title="bbox 345 1719 1996 1800">
    <p class='ocr_par' dir='ltr' id='par_1_18' title="bbox 345 1719 1996 1800">
     <span class='ocr_line' id='line_1_18' title="bbox 345 1719 1996 1800; baseline 0.001 -24"><span class='ocrx_word' id='word_1_125' title='bbox 345 1723 460 1777; x_wconf 82' lang='grc' dir='ltr'>οἷον</span> <span class='ocrx_word' id='word_1_126' title='bbox 490 1723 518 1777; x_wconf 93' lang='lat'>6</span> <span class='ocrx_word' id='word_1_127' title='bbox 553 1719 789 1798; x_wconf 78' lang='grc' dir='ltr'>’Δγαϐὸς</span> <span class='ocrx_word' id='word_1_128' title='bbox 816 1725 907 1779; x_wconf 86' lang='grc' dir='ltr'>καὶ</span> <span class='ocrx_word' id='word_1_129' title='bbox 940 1722 1105 1780; x_wconf 81' lang='grc' dir='ltr'>ἄλλοι</span> <span class='ocrx_word' id='word_1_130' title='bbox 1138 1723 1368 1781; x_wconf 88' lang='grc' dir='ltr'>πολλοί.</span> <span class='ocrx_word' id='word_1_131' title='bbox 1427 1723 1486 1780; x_wconf 78' lang='lat' dir='ltr'>El</span> <span class='ocrx_word' id='word_1_132' title='bbox 1545 1723 1635 1778; x_wconf 78' lang='grc' dir='ltr'>οὖν</span> <span class='ocrx_word' id='word_1_133' title='bbox 1687 1724 1824 1793; x_wconf 77' lang='grc' dir='ltr'>ἦσαν</span> <span class='ocrx_word' id='word_1_134' title='bbox 1857 1744 1996 1800; x_wconf 90' lang='grc' dir='ltr'>προ-</span> 
     </span>
    </p>
   </div>
   <div class='ocr_carea' id='block_1_19' title="bbox 348 1813 1995 1892">
    <p class='ocr_par' dir='ltr' id='par_1_19' title="bbox 348 1813 1995 1892">
     <span class='ocr_line' id='line_1_19' title="bbox 348 1813 1995 1892; baseline 0.002 -27"><span class='ocrx_word' id='word_1_135' title='bbox 348 1817 537 1888; x_wconf 75' lang='grc' dir='ltr'>φῆται,</span> <span class='ocrx_word' id='word_1_136' title='bbox 588 1817 707 1875; x_wconf 80' lang='grc' dir='ltr'>πῶς</span> <span class='ocrx_word' id='word_1_137' title='bbox 767 1815 795 1868; x_wconf 89' lang='lat'>6</span> <span class='ocrx_word' id='word_1_138' title='bbox 861 1813 1056 1890; x_wconf 77' lang='grc' dir='ltr'>Κύριός</span> <span class='ocrx_word' id='word_1_139' title='bbox 1110 1835 1298 1892; x_wconf 75' lang='grc' dir='ltr'>φησιν,</span> <span class='ocrx_word' id='word_1_140' title='bbox 1364 1837 1391 1868; x_wconf 73' lang='grc' dir='ltr'><strong><em>ο</em></strong></span> <span class='ocrx_word' id='word_1_141' title='bbox 1448 1817 1508 1870; x_wconf 79' lang='grc' dir='ltr'><strong>Ὀ</strong></span> <span class='ocrx_word' id='word_1_142' title='bbox 1563 1814 1732 1885; x_wconf 87' lang='grc' dir='ltr'>νόμος</span> <span class='ocrx_word' id='word_1_143' title='bbox 1791 1815 1882 1868; x_wconf 82' lang='grc' dir='ltr'>καὶ</span> <span class='ocrx_word' id='word_1_144' title='bbox 1943 1815 1995 1869; x_wconf 77' lang='grc' dir='ltr'>οἱ</span> 
     </span>
    </p>
   </div>
   <div class='ocr_carea' id='block_1_20' title="bbox 347 1899 1996 1980">
    <p class='ocr_par' dir='ltr' id='par_1_20' title="bbox 347 1899 1996 1980">
     <span class='ocr_line' id='line_1_20' title="bbox 347 1899 1996 1980; baseline 0.001 -24"><span class='ocrx_word' id='word_1_145' title='bbox 347 1907 647 1979; x_wconf 77' lang='grc' dir='ltr'>προφῆται,</span> <span class='ocrx_word' id='word_1_146' title='bbox 700 1899 805 1965; x_wconf 75' lang='grc' dir='ltr'>ἓως</span> <span class='ocrx_word' id='word_1_147' title='bbox 863 1903 1161 1973; x_wconf 73' lang='grc' dir='ltr'>Ἰωάννους</span> <span class='ocrx_word' id='word_1_148' title='bbox 1227 1926 1256 1954; x_wconf 85' lang='grc'><strong>››</strong></span> <span class='ocrx_word' id='word_1_149' title='bbox 1317 1904 1418 1959; x_wconf 88' lang='grc' dir='ltr'>Καί</span> <span class='ocrx_word' id='word_1_150' title='bbox 1475 1923 1672 1980; x_wconf 76' lang='grc' dir='ltr'>φαμεν,</span> <span class='ocrx_word' id='word_1_151' title='bbox 1727 1904 1813 1958; x_wconf 72' lang='grc' dir='ltr'>ὅτι</span> <span class='ocrx_word' id='word_1_152' title='bbox 1868 1904 1996 1964; x_wconf 81' lang='grc' dir='ltr'>τοὺς</span> 
     </span>
    </p>
   </div>
   <div class='ocr_carea' id='block_1_21' title="bbox 342 1988 1996 2066">
    <p class='ocr_par' dir='ltr' id='par_1_21' title="bbox 342 1988 1996 2066">
     <span class='ocr_line' id='line_1_21' title="bbox 342 1988 1996 2066; baseline -0.001 -20"><span class='ocrx_word' id='word_1_153' title='bbox 342 1988 614 2053; x_wconf 66' lang='grc' dir='ltr'>παλαιούς</span> <span class='ocrx_word' id='word_1_154' title='bbox 656 2013 819 2066; x_wconf 76' lang='grc' dir='ltr'>φησιν</span> <span class='ocrx_word' id='word_1_155' title='bbox 854 1993 882 2047; x_wconf 88' lang='lat'>6</span> <span class='ocrx_word' id='word_1_156' title='bbox 919 1991 1140 2065; x_wconf 74' lang='grc' dir='ltr'>Κύριος,</span> <span class='ocrx_word' id='word_1_157' title='bbox 1171 1990 1300 2054; x_wconf 76' lang='grc' dir='ltr'>τοὺς</span> <span class='ocrx_word' id='word_1_158' title='bbox 1329 1993 1428 2060; x_wconf 80' lang='grc' dir='ltr'>τήν</span> <span class='ocrx_word' id='word_1_159' title='bbox 1485 1991 1782 2066; x_wconf 74' lang='grc' dir='ltr'>παρουσίαν</span> <span class='ocrx_word' id='word_1_160' title='bbox 1832 1992 1996 2047; x_wconf 78' lang='grc' dir='ltr'>αὐτοῦ</span> 
     </span>
    </p>
   </div>
   <div class='ocr_carea' id='block_1_22' title="bbox 341 2081 1997 2159">
    <p class='ocr_par' dir='ltr' id='par_1_22' title="bbox 341 2081 1997 2159">
     <span class='ocr_line' id='line_1_22' title="bbox 341 2081 1997 2159; baseline -0.001 -23"><span class='ocrx_word' id='word_1_161' title='bbox 341 2081 838 2155; x_wconf 74' lang='grc' dir='ltr'>προφητεύσαντας.</span> <span class='ocrx_word' id='word_1_162' title='bbox 875 2105 902 2132; x_wconf 85' lang='grc'>‹‹</span> <span class='ocrx_word' id='word_1_163' title='bbox 953 2081 1213 2154; x_wconf 79' lang='grc' dir='ltr'>Δεύτερον</span> <span class='ocrx_word' id='word_1_164' title='bbox 1271 2083 1576 2159; x_wconf 68' lang='grc' dir='ltr'>προφήτας.</span> <span class='ocrx_word' id='word_1_165' title='bbox 1640 2105 1666 2131; x_wconf 79' lang='lat' dir='ltr'>n</span> <span class='ocrx_word' id='word_1_166' title='bbox 1731 2113 1792 2128; x_wconf 80' lang='lat'>--</span> <span class='ocrx_word' id='word_1_167' title='bbox 1853 2084 1997 2155; x_wconf 80' lang='lat' dir='ltr'>llpo-</span> 
     </span>
    </p>
   </div>
   <div class='ocr_carea' id='block_1_23' title="bbox 346 2168 1996 2248">
    <p class='ocr_par' dir='ltr' id='par_1_23' title="bbox 346 2168 1996 2248">
     <span class='ocr_line' id='line_1_23' title="bbox 346 2168 1996 2248; baseline 0.001 -24"><span class='ocrx_word' id='word_1_168' title='bbox 346 2171 524 2248; x_wconf 69' lang='grc' dir='ltr'>φήτας</span> <span class='ocrx_word' id='word_1_169' title='bbox 553 2169 745 2244; x_wconf 68' lang='grc' dir='ltr'>λίγειὸ</span> <span class='ocrx_word' id='word_1_170' title='bbox 780 2170 949 2244; x_wconf 70' lang='grc' dir='ltr'>μέγας</span> <span class='ocrx_word' id='word_1_171' title='bbox 993 2168 1357 2236; x_wconf 84' lang='grc' dir='ltr'>Ἀπόστολος,</span> <span class='ocrx_word' id='word_1_172' title='bbox 1421 2171 1485 2224; x_wconf 83' lang='grc' dir='ltr'>οὐ</span> <span class='ocrx_word' id='word_1_173' title='bbox 1543 2168 1672 2231; x_wconf 77' lang='grc' dir='ltr'>τοὺς</span> <span class='ocrx_word' id='word_1_174' title='bbox 1731 2170 1838 2243; x_wconf 79' lang='grc' dir='ltr'>πρὸ</span> <span class='ocrx_word' id='word_1_175' title='bbox 1893 2177 1996 2240; x_wconf 67' lang='grc' dir='ltr'>τῆς</span> 
     </span>
    </p>
   </div>
   <div class='ocr_carea' id='block_1_24' title="bbox 344 2257 1996 2334">
    <p class='ocr_par' dir='ltr' id='par_1_24' title="bbox 344 2257 1996 2334">
     <span class='ocr_line' id='line_1_24' title="bbox 344 2257 1996 2334; baseline 0 -19"><span class='ocrx_word' id='word_1_176' title='bbox 344 2258 593 2332; x_wconf 76' lang='grc' dir='ltr'>χάριτος,</span> <span class='ocrx_word' id='word_1_177' title='bbox 662 2257 810 2315; x_wconf 65' lang='grc' dir='ltr'>ἀλλὰ</span> <span class='ocrx_word' id='word_1_178' title='bbox 864 2258 991 2321; x_wconf 78' lang='grc' dir='ltr'>τοὺς</span> <span class='ocrx_word' id='word_1_179' title='bbox 1052 2260 1185 2332; x_wconf 79' lang='grc' dir='ltr'>μετά</span> <span class='ocrx_word' id='word_1_180' title='bbox 1237 2259 1337 2327; x_wconf 73' lang='grc' dir='ltr'>τὴν</span> <span class='ocrx_word' id='word_1_181' title='bbox 1395 2259 1584 2334; x_wconf 82' lang='grc' dir='ltr'>χάριν,</span> <span class='ocrx_word' id='word_1_182' title='bbox 1642 2257 1692 2330; x_wconf 66' lang='grc' dir='ltr'>ἕξ</span> <span class='ocrx_word' id='word_1_183' title='bbox 1743 2258 1816 2313; x_wconf 84' lang='grc' dir='ltr'>ὦν</span> <span class='ocrx_word' id='word_1_184' title='bbox 1875 2261 1910 2330; x_wconf 76' lang='grc' dir='ltr'>ἦ</span> <span class='ocrx_word' id='word_1_185' title='bbox 1968 2262 1996 2315; x_wconf 91' lang='lat'>6</span> 
     </span>
    </p>
   </div>
   <div class='ocr_carea' id='block_1_25' title="bbox 342 2342 1996 2426">
    <p class='ocr_par' dir='ltr' id='par_1_25' title="bbox 342 2342 1996 2426">
     <span class='ocr_line' id='line_1_25' title="bbox 342 2342 1996 2426; baseline 0.008 -26"><span class='ocrx_word' id='word_1_186' title='bbox 342 2342 600 2423; x_wconf 76' lang='grc' dir='ltr'>Ἀγαϐὸς,</span> <span class='ocrx_word' id='word_1_187' title='bbox 665 2347 756 2402; x_wconf 83' lang='grc' dir='ltr'>καὶ</span> <span class='ocrx_word' id='word_1_188' title='bbox 842 2348 894 2402; x_wconf 75' lang='grc' dir='ltr'>οἱ</span> <span class='ocrx_word' id='word_1_189' title='bbox 973 2347 1024 2400; x_wconf 73' lang='grc' dir='ltr'>ἂν</span> <span class='ocrx_word' id='word_1_190' title='bbox 1107 2345 1425 2426; x_wconf 73' lang='grc' dir='ltr'>Ἀντιοχείᾳ</span> <span class='ocrx_word' id='word_1_191' title='bbox 1497 2347 1996 2421; x_wconf 71' lang='grc' dir='ltr'>προφητεύσαντες,</span> 
     </span>
    </p>
   </div>
   <div class='ocr_carea' id='block_1_26' title="bbox 339 2433 1996 2509">
    <p class='ocr_par' dir='ltr' id='par_1_26' title="bbox 339 2433 1996 2509">
     <span class='ocr_line' id='line_1_26' title="bbox 339 2433 1996 2509; baseline -0.002 -17"><span class='ocrx_word' id='word_1_192' title='bbox 339 2437 432 2492; x_wconf 81' lang='grc' dir='ltr'>καὶ</span> <span class='ocrx_word' id='word_1_193' title='bbox 466 2434 624 2496; x_wconf 79' lang='grc' dir='ltr'>αὐτὸς</span> <span class='ocrx_word' id='word_1_194' title='bbox 654 2436 681 2488; x_wconf 89' lang='grc' dir='ltr'>ό</span> <span class='ocrx_word' id='word_1_195' title='bbox 715 2440 860 2499; x_wconf 82' lang='grc' dir='ltr'>θεῖος</span> <span class='ocrx_word' id='word_1_196' title='bbox 892 2433 1249 2499; x_wconf 84' lang='grc' dir='ltr'>Ἀπόστολος.</span> <span class='ocrx_word' id='word_1_197' title='bbox 1288 2459 1315 2486; x_wconf 74' lang='grc' dir='ltr'><strong>ί(</strong></span> <span class='ocrx_word' id='word_1_198' title='bbox 1346 2437 1540 2509; x_wconf 86' lang='grc' dir='ltr'>Τρίτον</span> <span class='ocrx_word' id='word_1_199' title='bbox 1571 2433 1996 2499; x_wconf 61' lang='grc' dir='ltr'>διδασκάλους»</span> 
     </span>
    </p>
   </div>
   <div class='ocr_carea' id='block_1_27' title="bbox 344 2520 1996 2600">
    <p class='ocr_par' dir='ltr' id='par_1_27' title="bbox 344 2520 1996 2600">
     <span class='ocr_line' id='line_1_27' title="bbox 344 2520 1996 2600; baseline -0.001 -20"><span class='ocrx_word' id='word_1_200' title='bbox 344 2523 448 2580; x_wconf 81' lang='grc' dir='ltr'>Καὶ</span> <span class='ocrx_word' id='word_1_201' title='bbox 477 2523 579 2598; x_wconf 76' lang='grc' dir='ltr'>γὰρ</span> <span class='ocrx_word' id='word_1_202' title='bbox 609 2523 700 2578; x_wconf 85' lang='grc' dir='ltr'>καὶ</span> <span class='ocrx_word' id='word_1_203' title='bbox 741 2524 892 2578; x_wconf 78' lang='grc' dir='ltr'>οὗτοι</span> <span class='ocrx_word' id='word_1_204' title='bbox 929 2522 997 2577; x_wconf 81' lang='grc' dir='ltr'>τὰ</span> <span class='ocrx_word' id='word_1_205' title='bbox 1054 2524 1282 2600; x_wconf 72' lang='grc' dir='ltr'>μέγιστα</span> <span class='ocrx_word' id='word_1_206' title='bbox 1338 2521 1636 2600; x_wconf 79' lang='grc' dir='ltr'>ὢφελοῦσι,</span> <span class='ocrx_word' id='word_1_207' title='bbox 1693 2526 1784 2580; x_wconf 86' lang='grc' dir='ltr'>καὶ</span> <span class='ocrx_word' id='word_1_208' title='bbox 1845 2520 1996 2580; x_wconf 79' lang='grc' dir='ltr'>εἰκό-</span> 
     </span>
    </p>
   </div>
   <div class='ocr_carea' id='block_1_28' title="bbox 345 2611 1999 2691">
    <p class='ocr_par' dir='ltr' id='par_1_28' title="bbox 345 2611 1999 2691">
     <span class='ocr_line' id='line_1_28' title="bbox 345 2611 1999 2691; baseline 0.001 -24"><span class='ocrx_word' id='word_1_209' title='bbox 345 2633 456 2673; x_wconf 86' lang='grc' dir='ltr'>τως</span> <span class='ocrx_word' id='word_1_210' title='bbox 488 2611 617 2668; x_wconf 79' lang='grc' dir='ltr'>είσὶν</span> <span class='ocrx_word' id='word_1_211' title='bbox 646 2613 800 2675; x_wconf 78' lang='grc' dir='ltr'>εὐθὺς</span> <span class='ocrx_word' id='word_1_212' title='bbox 836 2612 970 2686; x_wconf 84' lang='grc' dir='ltr'>μετᾶ</span> <span class='ocrx_word' id='word_1_213' title='bbox 1005 2611 1134 2674; x_wconf 76' lang='grc' dir='ltr'>τοὺς</span> <span class='ocrx_word' id='word_1_214' title='bbox 1199 2615 1506 2691; x_wconf 71' lang='grc' dir='ltr'>προφήτας.</span> <span class='ocrx_word' id='word_1_215' title='bbox 1569 2637 1597 2667; x_wconf 76' lang='grc' dir='ltr'>ιι</span> <span class='ocrx_word' id='word_1_216' title='bbox 1656 2615 1790 2671; x_wconf 80' lang='grc' dir='ltr'>Εἶτα</span> <span class='ocrx_word' id='word_1_217' title='bbox 1847 2611 1999 2669; x_wconf 80' lang='grc' dir='ltr'>δυνά-</span> 
     </span>
    </p>
   </div>
   <div class='ocr_carea' id='block_1_29' title="bbox 351 2701 1995 2778">
    <p class='ocr_par' dir='ltr' id='par_1_29' title="bbox 351 2701 1995 2778">
     <span class='ocr_line' id='line_1_29' title="bbox 351 2701 1995 2778; baseline 0.002 -22"><span class='ocrx_word' id='word_1_218' title='bbox 351 2723 492 2776; x_wconf 91' lang='grc' dir='ltr'>μεις.</span> <span class='ocrx_word' id='word_1_219' title='bbox 529 2726 558 2755; x_wconf 86' lang='grc'><strong>››</strong></span> <span class='ocrx_word' id='word_1_220' title='bbox 586 2733 660 2748; x_wconf 88' lang='lat'><strong>--</strong></span> <span class='ocrx_word' id='word_1_221' title='bbox 687 2703 1148 2776; x_wconf 55' lang='lat' dir='ltr'>[PENNAMO‘Z]</span> <span class='ocrx_word' id='word_1_222' title='bbox 1195 2703 1277 2759; x_wconf 78' lang='grc' dir='ltr'>Τὰ</span> <span class='ocrx_word' id='word_1_223' title='bbox 1327 2701 1668 2778; x_wconf 67' lang='grc' dir='ltr'>ἐνεργήματα</span> <span class='ocrx_word' id='word_1_224' title='bbox 1734 2701 1995 2777; x_wconf 83' lang='grc' dir='ltr'>δηλονότι</span> 
     </span>
    </p>
   </div>
   <div class='ocr_carea' id='block_1_30' title="bbox 350 2789 1995 2866">
    <p class='ocr_par' dir='ltr' id='par_1_30' title="bbox 350 2789 1995 2866">
     <span class='ocr_line' id='line_1_30' title="bbox 350 2789 1995 2866; baseline 0.001 -20"><span class='ocrx_word' id='word_1_225' title='bbox 350 2796 456 2846; x_wconf 78' lang='grc' dir='ltr'>τῶν</span> <span class='ocrx_word' id='word_1_226' title='bbox 515 2789 828 2865; x_wconf 81' lang='grc' dir='ltr'>δυνάμεων.</span> <span class='ocrx_word' id='word_1_227' title='bbox 887 2793 956 2850; x_wconf 74' lang='grc' dir='ltr'>Αἱ</span> <span class='ocrx_word' id='word_1_228' title='bbox 1004 2792 1097 2866; x_wconf 77' lang='grc' dir='ltr'>μὲν</span> <span class='ocrx_word' id='word_1_229' title='bbox 1158 2789 1436 2866; x_wconf 82' lang='grc' dir='ltr'>δυνάμεις,</span> <span class='ocrx_word' id='word_1_230' title='bbox 1497 2794 1586 2848; x_wconf 76' lang='grc' dir='ltr'>καὶ</span> <span class='ocrx_word' id='word_1_231' title='bbox 1641 2793 1805 2850; x_wconf 84' lang='grc' dir='ltr'>ίῶντο</span> <span class='ocrx_word' id='word_1_232' title='bbox 1867 2794 1995 2855; x_wconf 80' lang='grc' dir='ltr'>τοὺς</span> 
     </span>
    </p>
   </div>
   <div class='ocr_carea' id='block_1_31' title="bbox 355 2879 1992 2959">
    <p class='ocr_par' dir='ltr' id='par_1_31' title="bbox 355 2879 1992 2959">
     <span class='ocr_line' id='line_1_31' title="bbox 355 2879 1992 2959; baseline 0.002 -25"><span class='ocrx_word' id='word_1_233' title='bbox 355 2879 613 2949; x_wconf 85' lang='grc' dir='ltr'>ἀσθενεῖς,</span> <span class='ocrx_word' id='word_1_234' title='bbox 644 2881 734 2936; x_wconf 83' lang='grc' dir='ltr'>καὶ</span> <span class='ocrx_word' id='word_1_235' title='bbox 764 2880 1024 2950; x_wconf 69' lang='grc' dir='ltr'>ἐκόλαζον</span> <span class='ocrx_word' id='word_1_236' title='bbox 1056 2880 1183 2943; x_wconf 80' lang='grc' dir='ltr'>τοὺς</span> <span class='ocrx_word' id='word_1_237' title='bbox 1213 2879 1619 2959; x_wconf 75' lang='grc' dir='ltr'>ἀντιλέγοντας,</span> <span class='ocrx_word' id='word_1_238' title='bbox 1665 2883 1741 2945; x_wconf 83' lang='grc' dir='ltr'>ὠς</span> <span class='ocrx_word' id='word_1_239' title='bbox 1775 2881 1992 2948; x_wconf 74' lang='grc' dir='ltr'>Παῦλος</span> 
     </span>
    </p>
   </div>
   <div class='ocr_carea' id='block_1_32' title="bbox 341 2967 1996 3045">
    <p class='ocr_par' dir='ltr' id='par_1_32' title="bbox 341 2967 1996 3045">
     <span class='ocr_line' id='line_1_32' title="bbox 341 2967 1996 3045; baseline 0.001 -21"><span class='ocrx_word' id='word_1_240' title='bbox 341 2970 436 3024; x_wconf 87' lang='grc' dir='ltr'>τὸν</span> <span class='ocrx_word' id='word_1_241' title='bbox 469 2968 742 3042; x_wconf 80' lang='grc' dir='ltr'>Ἐλόμαν,</span> <span class='ocrx_word' id='word_1_242' title='bbox 773 2970 862 3025; x_wconf 81' lang='grc' dir='ltr'>καὶ</span> <span class='ocrx_word' id='word_1_243' title='bbox 896 2971 925 3025; x_wconf 85' lang='lat'>6</span> <span class='ocrx_word' id='word_1_244' title='bbox 973 2967 1175 3045; x_wconf 72' lang='grc' dir='ltr'>Πέτρος</span> <span class='ocrx_word' id='word_1_245' title='bbox 1229 2971 1322 3026; x_wconf 86' lang='grc' dir='ltr'>τὸν</span> <span class='ocrx_word' id='word_1_246' title='bbox 1375 2971 1640 3028; x_wconf 76' lang='grc' dir='ltr'>Ἀνανίαν.</span> <span class='ocrx_word' id='word_1_247' title='bbox 1701 2973 1768 3029; x_wconf 82' lang='grc' dir='ltr'>Οἱ</span> <span class='ocrx_word' id='word_1_248' title='bbox 1822 2969 1880 3026; x_wconf 65' lang='grc' dir='ltr'>δὲ</span> <span class='ocrx_word' id='word_1_249' title='bbox 1929 2973 1996 3028; x_wconf 73' lang='grc' dir='ltr'>τὰ</span> 
     </span>
    </p>
   </div>
   <div class='ocr_carea' id='block_1_33' title="bbox 347 3059 1993 3134">
    <p class='ocr_par' dir='ltr' id='par_1_33' title="bbox 347 3059 1993 3134">
     <span class='ocr_line' id='line_1_33' title="bbox 347 3059 1993 3134; baseline 0.001 -21"><span class='ocrx_word' id='word_1_250' title='bbox 347 3059 668 3134; x_wconf 80' lang='grc' dir='ltr'>χαρίσματα</span> <span class='ocrx_word' id='word_1_251' title='bbox 687 3063 796 3114; x_wconf 82' lang='grc' dir='ltr'>τῶν</span> <span class='ocrx_word' id='word_1_252' title='bbox 847 3059 1090 3131; x_wconf 80' lang='grc' dir='ltr'>ἰαμάτων</span> <span class='ocrx_word' id='word_1_253' title='bbox 1146 3059 1389 3134; x_wconf 71' lang='grc' dir='ltr'>ἔχοντες,</span> <span class='ocrx_word' id='word_1_254' title='bbox 1443 3061 1605 3132; x_wconf 88' lang='grc' dir='ltr'>μόνον</span> <span class='ocrx_word' id='word_1_255' title='bbox 1662 3061 1841 3116; x_wconf 72' lang='grc' dir='ltr'>ἰῶντο.</span> <span class='ocrx_word' id='word_1_256' title='bbox 1897 3062 1993 3115; x_wconf 81' lang='grc' dir='ltr'>Διὰ</span> 
     </span>
    </p>
   </div>
   <div class='ocr_carea' id='block_1_34' title="bbox 347 3147 1992 3224">
    <p class='ocr_par' dir='ltr' id='par_1_34' title="bbox 347 3147 1992 3224">
     <span class='ocr_line' id='line_1_34' title="bbox 347 3147 1992 3224; baseline -0.002 -21"><span class='ocrx_word' id='word_1_257' title='bbox 347 3152 510 3204; x_wconf 78' lang='grc' dir='ltr'>τοῦτο</span> <span class='ocrx_word' id='word_1_258' title='bbox 567 3147 658 3202; x_wconf 82' lang='grc' dir='ltr'>καὶ</span> <span class='ocrx_word' id='word_1_259' title='bbox 715 3154 958 3222; x_wconf 85' lang='grc' dir='ltr'>προτιμᾷ</span> <span class='ocrx_word' id='word_1_260' title='bbox 1011 3150 1106 3210; x_wconf 85' lang='grc' dir='ltr'>τάς</span> <span class='ocrx_word' id='word_1_261' title='bbox 1159 3147 1437 3221; x_wconf 81' lang='grc' dir='ltr'>δυνάμεις.</span> <span class='ocrx_word' id='word_1_262' title='bbox 1470 3174 1496 3198; x_wconf 93' lang='grc'>‹‹</span> <span class='ocrx_word' id='word_1_263' title='bbox 1555 3148 1928 3224; x_wconf 54' lang='grc' dir='ltr'>’Λντιλήψειᾳ</span> <span class='ocrx_word' id='word_1_264' title='bbox 1965 3175 1992 3200; x_wconf 78' lang='grc' dir='ltr'><strong>υ</strong></span> 
     </span>
    </p>
   </div>
   <div class='ocr_carea' id='block_1_35' title="bbox 339 3234 1989 3312">
    <p class='ocr_par' dir='ltr' id='par_1_35' title="bbox 339 3234 1989 3312">
     <span class='ocr_line' id='line_1_35' title="bbox 339 3234 1989 3312; baseline 0 -18"><span class='ocrx_word' id='word_1_265' title='bbox 339 3237 416 3294; x_wconf 83' lang='grc' dir='ltr'>Τὸ</span> <span class='ocrx_word' id='word_1_266' title='bbox 500 3234 818 3312; x_wconf 66' lang='grc' dir='ltr'>ἀντέχεσθαι</span> <span class='ocrx_word' id='word_1_267' title='bbox 871 3241 979 3292; x_wconf 82' lang='grc' dir='ltr'>τῶν</span> <span class='ocrx_word' id='word_1_268' title='bbox 1061 3237 1447 3308; x_wconf 75' lang='grc' dir='ltr'>ἀσθενούντων,</span> <span class='ocrx_word' id='word_1_269' title='bbox 1523 3238 1610 3292; x_wconf 83' lang='grc' dir='ltr'>καὶ</span> <span class='ocrx_word' id='word_1_270' title='bbox 1671 3244 1989 3311; x_wconf 85' lang='grc' dir='ltr'>προστατεῖν</span> 
     </span>
    </p>
   </div>
   <div class='ocr_carea' id='block_1_36' title="bbox 341 3325 1992 3402">
    <p class='ocr_par' dir='ltr' id='par_1_36' title="bbox 341 3325 1992 3402">
     <span class='ocr_line' id='line_1_36' title="bbox 341 3325 1992 3402; baseline 0.001 -21"><span class='ocrx_word' id='word_1_271' title='bbox 341 3325 537 3393; x_wconf 77' lang='grc' dir='ltr'>αὐτῶν,</span> <span class='ocrx_word' id='word_1_272' title='bbox 570 3325 701 3399; x_wconf 76' lang='grc' dir='ltr'>ὅπερ</span> <span class='ocrx_word' id='word_1_273' title='bbox 727 3327 816 3381; x_wconf 85' lang='grc' dir='ltr'>καὶ</span> <span class='ocrx_word' id='word_1_274' title='bbox 851 3325 982 3381; x_wconf 83' lang='grc' dir='ltr'>αὐτὸ</span> <span class='ocrx_word' id='word_1_275' title='bbox 1023 3327 1269 3402; x_wconf 75' lang='grc' dir='ltr'>χάρισμα</span> <span class='ocrx_word' id='word_1_276' title='bbox 1328 3325 1494 3402; x_wconf 68' lang='grc' dir='ltr'>λέγει,</span> <span class='ocrx_word' id='word_1_277' title='bbox 1553 3325 1604 3380; x_wconf 83' lang='grc' dir='ltr'>εἷ’</span> <span class='ocrx_word' id='word_1_278' title='bbox 1655 3327 1744 3380; x_wconf 82' lang='grc' dir='ltr'>καὶ</span> <span class='ocrx_word' id='word_1_279' title='bbox 1794 3329 1992 3400; x_wconf 80' lang='grc' dir='ltr'>ἡμετὲ-</span> 
     </span>
    </p>
   </div>
   <div class='ocr_carea' id='block_1_37' title="bbox 342 3412 1998 3490">
    <p class='ocr_par' dir='ltr' id='par_1_37' title="bbox 342 3412 1998 3490">
     <span class='ocr_line' id='line_1_37' title="bbox 342 3412 1998 3490; baseline 0.001 -20"><span class='ocrx_word' id='word_1_280' title='bbox 342 3435 450 3490; x_wconf 89' lang='grc' dir='ltr'>ρων</span> <span class='ocrx_word' id='word_1_281' title='bbox 483 3412 652 3470; x_wconf 80' lang='grc' dir='ltr'>δεῖται</span> <span class='ocrx_word' id='word_1_282' title='bbox 684 3415 886 3474; x_wconf 90' lang='grc' dir='ltr'>πόνων.</span> <span class='ocrx_word' id='word_1_283' title='bbox 945 3416 1021 3471; x_wconf 87' lang='grc' dir='ltr'>Τὸ</span> <span class='ocrx_word' id='word_1_284' title='bbox 1063 3413 1120 3471; x_wconf 79' lang='grc' dir='ltr'>δὶ</span> <span class='ocrx_word' id='word_1_285' title='bbox 1170 3415 1300 3470; x_wconf 85' lang='grc' dir='ltr'>αὐτὸ</span> <span class='ocrx_word' id='word_1_286' title='bbox 1340 3418 1409 3488; x_wconf 78' lang='grc' dir='ltr'>τῇ</span> <span class='ocrx_word' id='word_1_287' title='bbox 1468 3413 1758 3488; x_wconf 72' lang='grc' dir='ltr'>ἀντιλήψει</span> <span class='ocrx_word' id='word_1_288' title='bbox 1809 3419 1844 3484; x_wconf 82' lang='grc' dir='ltr'>ἠ</span> <span class='ocrx_word' id='word_1_289' title='bbox 1908 3437 1998 3472; x_wconf 83' lang='grc' dir='ltr'>κυ-</span> 
     </span>
    </p>
   </div>
   <div class='ocr_carea' id='block_1_38' title="bbox 343 3499 1996 3581">
    <p class='ocr_par' dir='ltr' id='par_1_38' title="bbox 343 3499 1996 3581">
     <span class='ocr_line' id='line_1_38' title="bbox 343 3499 1996 3581; baseline 0.001 -22"><span class='ocrx_word' id='word_1_290' title='bbox 343 3499 617 3578; x_wconf 68' lang='grc' dir='ltr'>ϐέρνησις,</span> <span class='ocrx_word' id='word_1_291' title='bbox 647 3503 826 3580; x_wconf 68' lang='grc' dir='ltr'>ἤγουν</span> <span class='ocrx_word' id='word_1_292' title='bbox 859 3504 1069 3576; x_wconf 80' lang='grc' dir='ltr'>ὅμοιον.</span> <span class='ocrx_word' id='word_1_293' title='bbox 1109 3528 1135 3556; x_wconf 82' lang='grc'>‹‹</span> <span class='ocrx_word' id='word_1_294' title='bbox 1201 3501 1326 3574; x_wconf 71' lang='grc' dir='ltr'>Γένη</span> <span class='ocrx_word' id='word_1_295' title='bbox 1382 3503 1672 3581; x_wconf 69' lang='grc' dir='ltr'>γλιυσσᾶν.</span> <span class='ocrx_word' id='word_1_296' title='bbox 1712 3530 1733 3557; x_wconf 76' lang='grc' dir='ltr'>ι</span> <span class='ocrx_word' id='word_1_297' title='bbox 1790 3505 1996 3561; x_wconf 77' lang='grc' dir='ltr'>Τούτου</span> 
     </span>
    </p>
   </div>
   <div class='ocr_carea' id='block_1_39' title="bbox 342 3592 1995 3670">
    <p class='ocr_par' dir='ltr' id='par_1_39' title="bbox 342 3592 1995 3670">
     <span class='ocr_line' id='line_1_39' title="bbox 342 3592 1995 3670; baseline 0.002 -23"><span class='ocrx_word' id='word_1_298' title='bbox 342 3596 440 3648; x_wconf 80' lang='grc' dir='ltr'>τοῦ</span> <span class='ocrx_word' id='word_1_299' title='bbox 499 3594 840 3669; x_wconf 70' lang='grc' dir='ltr'>χαρίσματος</span> <span class='ocrx_word' id='word_1_300' title='bbox 898 3593 1035 3662; x_wconf 74' lang='grc' dir='ltr'>ἦσαν</span> <span class='ocrx_word' id='word_1_301' title='bbox 1094 3592 1390 3666; x_wconf 68' lang='grc' dir='ltr'>ἠξιωμένοι</span> <span class='ocrx_word' id='word_1_302' title='bbox 1449 3596 1500 3649; x_wconf 74' lang='grc' dir='ltr'>οἱ</span> <span class='ocrx_word' id='word_1_303' title='bbox 1563 3595 1864 3670; x_wconf 77' lang='grc' dir='ltr'>Κορίνθιοι,</span> <span class='ocrx_word' id='word_1_304' title='bbox 1905 3597 1995 3654; x_wconf 76' lang='grc' dir='ltr'>καὶ</span> 
     </span>
    </p>
   </div>
   <div class='ocr_carea' id='block_1_40' title="bbox 346 3681 1993 3761">
    <p class='ocr_par' dir='ltr' id='par_1_40' title="bbox 346 3681 1993 3761">
     <span class='ocr_line' id='line_1_40' title="bbox 346 3681 1993 3761; baseline 0.002 -25"><span class='ocrx_word' id='word_1_305' title='bbox 346 3681 482 3756; x_wconf 81' lang='grc' dir='ltr'>μέγα</span> <span class='ocrx_word' id='word_1_306' title='bbox 537 3683 621 3737; x_wconf 79' lang='grc' dir='ltr'>ἐπ’</span> <span class='ocrx_word' id='word_1_307' title='bbox 691 3681 840 3753; x_wconf 84' lang='grc' dir='ltr'>αὐτῴ</span> <span class='ocrx_word' id='word_1_308' title='bbox 923 3681 1200 3761; x_wconf 77' lang='grc' dir='ltr'>ἐφρόνουν.</span> <span class='ocrx_word' id='word_1_309' title='bbox 1290 3683 1384 3737; x_wconf 87' lang='grc' dir='ltr'>Διὸ</span> <span class='ocrx_word' id='word_1_310' title='bbox 1464 3685 1553 3739; x_wconf 74' lang='grc' dir='ltr'>καὶ</span> <span class='ocrx_word' id='word_1_311' title='bbox 1610 3683 1993 3740; x_wconf 76' lang='grc' dir='ltr'>καταστέλλων</span> 
     </span>
    </p>
   </div>
   <div class='ocr_carea' id='block_1_41' title="bbox 347 3767 1993 3845">
    <p class='ocr_par' dir='ltr' id='par_1_41' title="bbox 347 3767 1993 3845">
     <span class='ocr_line' id='line_1_41' title="bbox 347 3767 1993 3845; baseline 0.002 -20"><span class='ocrx_word' id='word_1_312' title='bbox 347 3770 522 3825; x_wconf 78' lang='grc' dir='ltr'>αὐτῶν</span> <span class='ocrx_word' id='word_1_313' title='bbox 580 3773 680 3840; x_wconf 80' lang='grc' dir='ltr'>τήν</span> <span class='ocrx_word' id='word_1_314' title='bbox 741 3769 945 3841; x_wconf 75' lang='grc' dir='ltr'>σ’ἰησιν,</span> <span class='ocrx_word' id='word_1_315' title='bbox 1003 3767 1238 3845; x_wconf 81' lang='grc' dir='ltr'>ἔσχατον</span> <span class='ocrx_word' id='word_1_316' title='bbox 1294 3771 1547 3826; x_wconf 70' lang='grc' dir='ltr'>τέθεικεν·</span> <span class='ocrx_word' id='word_1_317' title='bbox 1582 3798 1610 3824; x_wconf 86' lang='grc'>‹‹</span> <span class='ocrx_word' id='word_1_318' title='bbox 1652 3775 1743 3841; x_wconf 78' lang='grc' dir='ltr'>Μὴ</span> <span class='ocrx_word' id='word_1_319' title='bbox 1802 3775 1993 3837; x_wconf 81' lang='grc' dir='ltr'>πάντες</span> 
     </span>
    </p>
   </div>
   <div class='ocr_carea' id='block_1_42' title="bbox 346 3857 1996 3937">
    <p class='ocr_par' dir='ltr' id='par_1_42' title="bbox 346 3857 1996 3937">
     <span class='ocr_line' id='line_1_42' title="bbox 346 3857 1996 3937; baseline 0.003 -23"><span class='ocrx_word' id='word_1_320' title='bbox 346 3859 647 3917; x_wconf 80' lang='grc' dir='ltr'>ἀπόστολοι</span> <span class='ocrx_word' id='word_1_321' title='bbox 682 3879 696 3928; x_wconf 87' lang='lat'><strong>;</strong></span> <span class='ocrx_word' id='word_1_322' title='bbox 732 3883 757 3912; x_wconf 69' lang='grc' dir='ltr'>ιτ</span> <span class='ocrx_word' id='word_1_323' title='bbox 793 3861 924 3918; x_wconf 74' lang='grc' dir='ltr'>Εἶτα</span> <span class='ocrx_word' id='word_1_324' title='bbox 947 3857 1042 3914; x_wconf 69' lang='grc' dir='ltr'>ἵνα</span> <span class='ocrx_word' id='word_1_325' title='bbox 1075 3861 1150 3933; x_wconf 69' lang='grc' dir='ltr'>μὴ</span> <span class='ocrx_word' id='word_1_326' title='bbox 1199 3863 1269 3934; x_wconf 77' lang='grc' dir='ltr'>τῇ</span> <span class='ocrx_word' id='word_1_327' title='bbox 1326 3860 1472 3932; x_wconf 80' lang='grc' dir='ltr'>τάξει</span> <span class='ocrx_word' id='word_1_328' title='bbox 1538 3860 1731 3936; x_wconf 77' lang='grc' dir='ltr'>ταύτῃ,</span> <span class='ocrx_word' id='word_1_329' title='bbox 1772 3864 1862 3918; x_wconf 79' lang='grc' dir='ltr'>καὶ</span> <span class='ocrx_word' id='word_1_330' title='bbox 1915 3869 1996 3937; x_wconf 77' lang='grc' dir='ltr'>τῷ</span> 
     </span>
    </p>
   </div>
   <div class='ocr_carea' id='block_1_43' title="bbox 347 3947 1994 4028">
    <p class='ocr_par' dir='ltr' id='par_1_43' title="bbox 347 3947 1994 4028">
     <span class='ocr_line' id='line_1_43' title="bbox 347 3947 1994 4028; baseline 0.004 -26"><span class='ocrx_word' id='word_1_331' title='bbox 347 3953 659 4026; x_wconf 67' lang='grc' dir='ltr'>φανερῶσαι</span> <span class='ocrx_word' id='word_1_332' title='bbox 741 3947 807 4004; x_wconf 81' lang='grc' dir='ltr'>τὰ</span> <span class='ocrx_word' id='word_1_333' title='bbox 863 3948 1086 4022; x_wconf 83' lang='grc' dir='ltr'>μείζονα</span> <span class='ocrx_word' id='word_1_334' title='bbox 1165 3949 1257 4005; x_wconf 80' lang='grc' dir='ltr'>καὶ</span> <span class='ocrx_word' id='word_1_335' title='bbox 1330 3952 1396 4006; x_wconf 72' lang='grc' dir='ltr'>τὰ</span> <span class='ocrx_word' id='word_1_336' title='bbox 1474 3950 1767 4028; x_wconf 81' lang='grc' dir='ltr'>μικρότερα</span> <span class='ocrx_word' id='word_1_337' title='bbox 1830 3952 1994 4028; x_wconf 85' lang='grc' dir='ltr'>χαρί-</span> 
     </span>
    </p>
   </div>
   <div class='ocr_carea' id='block_1_44' title="bbox 347 4034 1995 4114">
    <p class='ocr_par' dir='ltr' id='par_1_44' title="bbox 347 4034 1995 4114">
     <span class='ocr_line' id='line_1_44' title="bbox 347 4034 1995 4114; baseline 0.004 -22"><span class='ocrx_word' id='word_1_338' title='bbox 347 4057 549 4110; x_wconf 86' lang='grc' dir='ltr'>σματα,</span> <span class='ocrx_word' id='word_1_339' title='bbox 634 4042 765 4095; x_wconf 76' lang='grc' dir='ltr'>πᾶσι</span> <span class='ocrx_word' id='word_1_340' title='bbox 863 4038 1041 4112; x_wconf 80' lang='grc' dir='ltr'>λύπην</span> <span class='ocrx_word' id='word_1_341' title='bbox 1119 4034 1336 4114; x_wconf 67' lang='grc' dir='ltr'>ἐμϐάλῃ</span> <span class='ocrx_word' id='word_1_342' title='bbox 1395 4045 1514 4103; x_wconf 85' lang='grc' dir='ltr'>τοῖς</span> <span class='ocrx_word' id='word_1_343' title='bbox 1582 4041 1648 4096; x_wconf 80' lang='grc' dir='ltr'>τὰ</span> <span class='ocrx_word' id='word_1_344' title='bbox 1731 4039 1995 4098; x_wconf 72' lang='grc' dir='ltr'>ἐλάττονα</span> 
     </span>
    </p>
   </div>
   <div class='ocr_carea' id='block_1_45' title="bbox 343 4123 1991 4205">
    <p class='ocr_par' dir='ltr' id='par_1_45' title="bbox 343 4123 1991 4205">
     <span class='ocr_line' id='line_1_45' title="bbox 343 4123 1991 4205; baseline 0.002 -23"><span class='ocrx_word' id='word_1_345' title='bbox 343 4123 594 4203; x_wconf 64' lang='grc' dir='ltr'>ἔχουσιν,</span> <span class='ocrx_word' id='word_1_346' title='bbox 656 4126 884 4183; x_wconf 85' lang='grc' dir='ltr'>ἃκουσον</span> <span class='ocrx_word' id='word_1_347' title='bbox 942 4129 995 4182; x_wconf 91' lang='grc' dir='ltr'>τί</span> <span class='ocrx_word' id='word_1_348' title='bbox 1056 4148 1210 4205; x_wconf 77' lang='grc' dir='ltr'>φησι·</span> <span class='ocrx_word' id='word_1_349' title='bbox 1274 4130 1358 4198; x_wconf 77' lang='grc' dir='ltr'>Μὴ</span> <span class='ocrx_word' id='word_1_350' title='bbox 1419 4129 1613 4191; x_wconf 83' lang='grc' dir='ltr'>πάντες</span> <span class='ocrx_word' id='word_1_351' title='bbox 1667 4130 1991 4202; x_wconf 80' lang='grc' dir='ltr'>ἀπόστολοι,</span> 
     </span>
    </p>
   </div>
   <div class='ocr_carea' id='block_1_46' title="bbox 347 4214 1995 4298">
    <p class='ocr_par' dir='ltr' id='par_1_46' title="bbox 347 4214 1995 4298">
     <span class='ocr_line' id='line_1_46' title="bbox 347 4214 1995 4298; baseline 0.003 -28"><span class='ocrx_word' id='word_1_352' title='bbox 347 4217 383 4286; x_wconf 74' lang='grc' dir='ltr'>ἢ</span> <span class='ocrx_word' id='word_1_353' title='bbox 415 4217 693 4293; x_wconf 73' lang='grc' dir='ltr'>προφῆται</span> <span class='ocrx_word' id='word_1_354' title='bbox 730 4243 744 4285; x_wconf 88' lang='lat'><strong>;</strong></span> <span class='ocrx_word' id='word_1_355' title='bbox 775 4216 843 4275; x_wconf 81' lang='grc' dir='ltr'>Εἰ</span> <span class='ocrx_word' id='word_1_356' title='bbox 865 4217 971 4294; x_wconf 81' lang='grc' dir='ltr'>γὰρ</span> <span class='ocrx_word' id='word_1_357' title='bbox 1000 4218 1199 4278; x_wconf 81' lang='grc' dir='ltr'>πάντες</span> <span class='ocrx_word' id='word_1_358' title='bbox 1226 4214 1282 4272; x_wconf 63' lang='grc' dir='ltr'>ἵν</span> <span class='ocrx_word' id='word_1_359' title='bbox 1315 4219 1433 4286; x_wconf 78' lang='grc' dir='ltr'>ἦτε,</span> <span class='ocrx_word' id='word_1_360' title='bbox 1491 4219 1594 4275; x_wconf 81' lang='grc' dir='ltr'>οὐκ</span> <span class='ocrx_word' id='word_1_361' title='bbox 1636 4218 1731 4286; x_wconf 73' lang='grc' dir='ltr'>ἦτε</span> <span class='ocrx_word' id='word_1_362' title='bbox 1762 4217 1995 4298; x_wconf 76' lang='grc' dir='ltr'>διάφορα</span> 
     </span>
    </p>
   </div>
   <div class='ocr_carea' id='block_1_47' title="bbox 351 4302 1994 4382">
    <p class='ocr_par' dir='ltr' id='par_1_47' title="bbox 351 4302 1994 4382">
     <span class='ocr_line' id='line_1_47' title="bbox 351 4302 1994 4382; baseline 0.002 -23"><span class='ocrx_word' id='word_1_363' title='bbox 351 4302 518 4377; x_wconf 77' lang='grc' dir='ltr'>μὲλη.</span> <span class='ocrx_word' id='word_1_364' title='bbox 562 4303 625 4360; x_wconf 80' lang='lat' dir='ltr'>Ei</span> <span class='ocrx_word' id='word_1_365' title='bbox 653 4305 876 4374; x_wconf 83' lang='grc' dir='ltr'>πάντες,</span> <span class='ocrx_word' id='word_1_366' title='bbox 911 4304 1097 4380; x_wconf 79' lang='grc' dir='ltr'>φησὶν,</span> <span class='ocrx_word' id='word_1_367' title='bbox 1128 4304 1225 4374; x_wconf 78' lang='grc' dir='ltr'>ἦτε</span> <span class='ocrx_word' id='word_1_368' title='bbox 1253 4312 1557 4382; x_wconf 71' lang='grc' dir='ltr'>προφῆται,</span> <span class='ocrx_word' id='word_1_369' title='bbox 1603 4311 1710 4361; x_wconf 81' lang='grc' dir='ltr'>ποῦ</span> <span class='ocrx_word' id='word_1_370' title='bbox 1775 4308 1828 4361; x_wconf 73' lang='grc' dir='ltr'>οἱ</span> <span class='ocrx_word' id='word_1_371' title='bbox 1859 4309 1994 4363; x_wconf 82' lang='grc' dir='ltr'>ἀπό-</span> 
     </span>
    </p>
   </div>
   <div class='ocr_carea' id='block_1_48' title="bbox 343 4393 1991 4469">
    <p class='ocr_par' dir='ltr' id='par_1_48' title="bbox 343 4393 1991 4469">
     <span class='ocr_line' id='line_1_48' title="bbox 343 4393 1991 4469; baseline 0.002 -19"><span class='ocrx_word' id='word_1_372' title='bbox 343 4393 535 4450; x_wconf 79' lang='grc' dir='ltr'>στολοι</span> <span class='ocrx_word' id='word_1_373' title='bbox 569 4415 584 4462; x_wconf 85' lang='lat'><strong>;</strong></span> <span class='ocrx_word' id='word_1_374' title='bbox 620 4396 665 4450; x_wconf 86' lang='grc' dir='ltr'>εἰ</span> <span class='ocrx_word' id='word_1_375' title='bbox 695 4394 888 4458; x_wconf 80' lang='grc' dir='ltr'>πάντες</span> <span class='ocrx_word' id='word_1_376' title='bbox 950 4393 1274 4464; x_wconf 75' lang='grc' dir='ltr'>ἀπόστολοι,</span> <span class='ocrx_word' id='word_1_377' title='bbox 1335 4399 1443 4451; x_wconf 77' lang='grc' dir='ltr'>ποῦ</span> <span class='ocrx_word' id='word_1_378' title='bbox 1501 4397 1553 4451; x_wconf 78' lang='grc' dir='ltr'>οἱ</span> <span class='ocrx_word' id='word_1_379' title='bbox 1628 4394 1991 4469; x_wconf 85' lang='grc' dir='ltr'>διδάσκαλοι;</span> 
     </span>
    </p>
   </div>
   <div class='ocr_carea' id='block_1_49' title="bbox 341 4483 1991 4564">
    <p class='ocr_par' dir='ltr' id='par_1_49' title="bbox 341 4483 1991 4564">
     <span class='ocr_line' id='line_1_49' title="bbox 341 4483 1991 4564; baseline 0.003 -26"><span class='ocrx_word' id='word_1_380' title='bbox 341 4483 482 4538; x_wconf 79' lang='grc' dir='ltr'>ὥστε</span> <span class='ocrx_word' id='word_1_381' title='bbox 510 4485 544 4553; x_wconf 80' lang='grc' dir='ltr'><strong>ἡ</strong></span> <span class='ocrx_word' id='word_1_382' title='bbox 571 4483 721 4553; x_wconf 78' lang='grc' dir='ltr'>τάξις</span> <span class='ocrx_word' id='word_1_383' title='bbox 751 4484 884 4556; x_wconf 69' lang='grc' dir='ltr'>αὕτη</span> <span class='ocrx_word' id='word_1_384' title='bbox 918 4483 1008 4541; x_wconf 78' lang='grc' dir='ltr'>καί</span> <span class='ocrx_word' id='word_1_385' title='bbox 1037 4485 1386 4559; x_wconf 65' lang='grc' dir='ltr'>συμφέρουσα</span> <span class='ocrx_word' id='word_1_386' title='bbox 1431 4486 1521 4541; x_wconf 78' lang='grc' dir='ltr'>καὶ</span> <span class='ocrx_word' id='word_1_387' title='bbox 1569 4484 1991 4564; x_wconf 72' lang='grc' dir='ltr'>ὠφελιμωτέρα,</span> 
     </span>
    </p>
   </div>
   <div class='ocr_carea' id='block_1_50' title="bbox 333 4569 1304 4646">
    <p class='ocr_par' dir='ltr' id='par_1_50' title="bbox 333 4569 1304 4646">
     <span class='ocr_line' id='line_1_50' title="bbox 333 4569 1304 4646; baseline 0 -18"><span class='ocrx_word' id='word_1_388' title='bbox 333 4570 424 4628; x_wconf 72' lang='grc' dir='ltr'>ἵνα</span> <span class='ocrx_word' id='word_1_389' title='bbox 453 4569 676 4636; x_wconf 71' lang='grc' dir='ltr'>ἕκαστος</span> <span class='ocrx_word' id='word_1_390' title='bbox 705 4577 802 4629; x_wconf 79' lang='grc' dir='ltr'>τοῦ</span> <span class='ocrx_word' id='word_1_391' title='bbox 827 4573 1064 4646; x_wconf 84' lang='grc' dir='ltr'>πλησίον</span> <span class='ocrx_word' id='word_1_392' title='bbox 1097 4570 1304 4644; x_wconf 72' lang='grc' dir='ltr'>δέηται.</span> 
     </span>
    </p>
   </div>
   <div class='ocr_carea' id='block_1_51' title="bbox 412 4645 2068 4742">
    <p class='ocr_par' dir='ltr' id='par_1_51' title="bbox 412 4645 2068 4742">
     <span class='ocr_line' id='line_1_51' title="bbox 412 4645 2068 4742; baseline 0.004 -25"><span class='ocrx_word' id='word_1_393' title='bbox 412 4662 656 4733; x_wconf 80' lang='grc' dir='ltr'>Ζηλοῦτε</span> <span class='ocrx_word' id='word_1_394' title='bbox 741 4659 798 4719; x_wconf 65' lang='grc' dir='ltr'>δὲ</span> <span class='ocrx_word' id='word_1_395' title='bbox 875 4663 942 4718; x_wconf 79' lang='grc' dir='ltr'>τά</span> <span class='ocrx_word' id='word_1_396' title='bbox 993 4664 1312 4738; x_wconf 82' lang='grc' dir='ltr'>χαρίσματα</span> <span class='ocrx_word' id='word_1_397' title='bbox 1394 4665 1458 4720; x_wconf 83' lang='grc' dir='ltr'>τὰ</span> <span class='ocrx_word' id='word_1_398' title='bbox 1541 4667 1844 4742; x_wconf 75' lang='grc' dir='ltr'>κρείττονα,</span> <span class='ocrx_word' id='word_1_399' title='bbox 1903 4645 2068 4725; x_wconf 72' lang='grc' dir='ltr'>καὶθ</span> 
     </span>
    </p>
   </div>
   <div class='ocr_carea' id='block_1_52' title="bbox 334 4748 1990 4830">
    <p class='ocr_par' dir='ltr' id='par_1_52' title="bbox 334 4748 1990 4830">
     <span class='ocr_line' id='line_1_52' title="bbox 334 4748 1990 4830; baseline 0.004 -23"><span class='ocrx_word' id='word_1_400' title='bbox 334 4751 568 4815; x_wconf 66' lang='grc' dir='ltr'>ἴτικαθ’</span> <span class='ocrx_word' id='word_1_401' title='bbox 627 4748 938 4827; x_wconf 71' lang='grc' dir='ltr'>ὑπερϐολὴν</span> <span class='ocrx_word' id='word_1_402' title='bbox 994 4750 1118 4808; x_wconf 74' lang='grc' dir='ltr'>ὁδὸν</span> <span class='ocrx_word' id='word_1_403' title='bbox 1181 4754 1307 4826; x_wconf 84' lang='grc' dir='ltr'>ὑμῖν</span> <span class='ocrx_word' id='word_1_404' title='bbox 1367 4751 1629 4830; x_wconf 83' lang='grc' dir='ltr'>δείκνυμι.</span> <span class='ocrx_word' id='word_1_405' title='bbox 1691 4758 1815 4814; x_wconf 82' lang='grc' dir='ltr'>Ἐάν</span> <span class='ocrx_word' id='word_1_406' title='bbox 1873 4764 1990 4821; x_wconf 84' lang='grc' dir='ltr'>ταῖς</span> 
     </span>
    </p>
   </div>
   <div class='ocr_carea' id='block_1_53' title="bbox 338 4841 1988 4922">
    <p class='ocr_par' dir='ltr' id='par_1_53' title="bbox 338 4841 1988 4922">
     <span class='ocr_line' id='line_1_53' title="bbox 338 4841 1988 4922; baseline 0.004 -24"><span class='ocrx_word' id='word_1_407' title='bbox 338 4841 616 4917; x_wconf 81' lang='grc' dir='ltr'>γλώσσαις</span> <span class='ocrx_word' id='word_1_408' title='bbox 675 4846 783 4898; x_wconf 84' lang='grc' dir='ltr'>τῶν</span> <span class='ocrx_word' id='word_1_409' title='bbox 843 4841 1146 4916; x_wconf 82' lang='grc' dir='ltr'>ἀνθρώπων</span> <span class='ocrx_word' id='word_1_410' title='bbox 1215 4841 1374 4898; x_wconf 79' lang='grc' dir='ltr'>λαλῶ</span> <span class='ocrx_word' id='word_1_411' title='bbox 1439 4846 1528 4898; x_wconf 78' lang='grc' dir='ltr'>καὶ</span> <span class='ocrx_word' id='word_1_412' title='bbox 1579 4849 1685 4901; x_wconf 85' lang='grc' dir='ltr'>τῶν</span> <span class='ocrx_word' id='word_1_413' title='bbox 1717 4846 1988 4922; x_wconf 76' lang='grc' dir='ltr'>ἀγγέλων,</span> 
     </span>
    </p>
   </div>
   <div class='ocr_carea' id='block_1_54' title="bbox 332 4928 1985 5016">
    <p class='ocr_par' dir='ltr' id='par_1_54' title="bbox 332 4928 1985 5016">
     <span class='ocr_line' id='line_1_54' title="bbox 332 4928 1985 5016; baseline 0.004 -30"><span class='ocrx_word' id='word_1_414' title='bbox 332 4931 555 5016; x_wconf 79' lang='grc' dir='ltr'>ἀγάπην</span> <span class='ocrx_word' id='word_1_415' title='bbox 627 4929 684 4987; x_wconf 70' lang='grc' dir='ltr'>δὲ</span> <span class='ocrx_word' id='word_1_416' title='bbox 752 4933 828 5003; x_wconf 82' lang='grc' dir='ltr'><strong>μή</strong></span> <span class='ocrx_word' id='word_1_417' title='bbox 914 4928 1052 5003; x_wconf 77' lang='grc' dir='ltr'>ἔχω,</span> <span class='ocrx_word' id='word_1_418' title='bbox 1112 4931 1314 5009; x_wconf 72' lang='grc' dir='ltr'>γέγονα</span> <span class='ocrx_word' id='word_1_419' title='bbox 1388 4935 1599 5008; x_wconf 83' lang='grc' dir='ltr'>χαλκὸς</span> <span class='ocrx_word' id='word_1_420' title='bbox 1683 4939 1865 5016; x_wconf 75' lang='grc' dir='ltr'>ἠχῶν,</span> <span class='ocrx_word' id='word_1_421' title='bbox 1950 4941 1985 5009; x_wconf 68' lang='grc' dir='ltr'>ἢ</span> 
     </span>
    </p>
   </div>
   <div class='ocr_carea' id='block_1_55' title="bbox 332 5014 1986 5102">
    <p class='ocr_par' dir='ltr' id='par_1_55' title="bbox 332 5014 1986 5102">
     <span class='ocr_line' id='line_1_55' title="bbox 332 5014 1986 5102; baseline 0.006 -28"><span class='ocrx_word' id='word_1_422' title='bbox 332 5014 622 5093; x_wconf 77' lang='grc' dir='ltr'>κύμϐαλον</span> <span class='ocrx_word' id='word_1_423' title='bbox 700 5017 999 5088; x_wconf 80' lang='grc' dir='ltr'>ἀλαλάζον.</span> <span class='ocrx_word' id='word_1_424' title='bbox 1103 5021 1202 5078; x_wconf 77' lang='grc' dir='ltr'>Καὶ</span> <span class='ocrx_word' id='word_1_425' title='bbox 1303 5022 1391 5076; x_wconf 66' lang='lat' dir='ltr'>tam</span> <span class='ocrx_word' id='word_1_426' title='bbox 1452 5020 1572 5102; x_wconf 74' lang='grc' dir='ltr'>ἓχω</span> <span class='ocrx_word' id='word_1_427' title='bbox 1636 5014 1986 5102; x_wconf 54' lang='grc' dir='ltr'>προφητείαν,</span> 
     </span>
    </p>
   </div>
   <div class='ocr_carea' id='block_1_56' title="bbox 329 5107 1988 5189">
    <p class='ocr_par' dir='ltr' id='par_1_56' title="bbox 329 5107 1988 5189">
     <span class='ocr_line' id='line_1_56' title="bbox 329 5107 1988 5189; baseline 0.004 -23"><span class='ocrx_word' id='word_1_428' title='bbox 329 5110 424 5166; x_wconf 78' lang='grc' dir='ltr'>καὶ</span> <span class='ocrx_word' id='word_1_429' title='bbox 451 5107 582 5168; x_wconf 79' lang='grc' dir='ltr'>εἷδῶ</span> <span class='ocrx_word' id='word_1_430' title='bbox 685 5110 752 5166; x_wconf 80' lang='grc' dir='ltr'>τὰ</span> <span class='ocrx_word' id='word_1_431' title='bbox 859 5112 1132 5186; x_wconf 80' lang='grc' dir='ltr'>μυστήρια</span> <span class='ocrx_word' id='word_1_432' title='bbox 1231 5113 1423 5183; x_wconf 87' lang='grc' dir='ltr'>πάντα,</span> <span class='ocrx_word' id='word_1_433' title='bbox 1466 5115 1558 5169; x_wconf 85' lang='grc' dir='ltr'>καὶ</span> <span class='ocrx_word' id='word_1_434' title='bbox 1650 5121 1822 5174; x_wconf 79' lang='grc' dir='ltr'>πᾶσαν</span> <span class='ocrx_word' id='word_1_435' title='bbox 1888 5121 1988 5189; x_wconf 80' lang='grc' dir='ltr'>τήν</span> 
     </span>
    </p>
   </div>
   <div class='ocr_carea' id='block_1_57' title="bbox 332 5197 1982 5284">
    <p class='ocr_par' dir='ltr' id='par_1_57' title="bbox 332 5197 1982 5284">
     <span class='ocr_line' id='line_1_57' title="bbox 332 5197 1982 5284; baseline 0.005 -30"><span class='ocrx_word' id='word_1_436' title='bbox 332 5204 557 5274; x_wconf 82' lang='grc' dir='ltr'>γνῶσιν,</span> <span class='ocrx_word' id='word_1_437' title='bbox 589 5200 680 5254; x_wconf 80' lang='grc' dir='ltr'>καὶ</span> <span class='ocrx_word' id='word_1_438' title='bbox 740 5199 828 5256; x_wconf 66' lang='grc' dir='ltr'>ἐάν</span> <span class='ocrx_word' id='word_1_439' title='bbox 891 5197 1008 5274; x_wconf 81' lang='grc' dir='ltr'>ἔχω</span> <span class='ocrx_word' id='word_1_440' title='bbox 1047 5204 1219 5256; x_wconf 80' lang='grc' dir='ltr'>πᾶσαν</span> <span class='ocrx_word' id='word_1_441' title='bbox 1271 5203 1372 5271; x_wconf 77' lang='grc' dir='ltr'>τήν</span> <span class='ocrx_word' id='word_1_442' title='bbox 1429 5204 1627 5272; x_wconf 84' lang='grc' dir='ltr'>πίστιν,</span> <span class='ocrx_word' id='word_1_443' title='bbox 1688 5205 1826 5265; x_wconf 81' lang='grc' dir='ltr'>ὥστε</span> <span class='ocrx_word' id='word_1_444' title='bbox 1883 5207 1982 5284; x_wconf 82' lang='grc' dir='ltr'>ὅρη</span> 
     </span>
    </p>
   </div>
   <div class='ocr_carea' id='block_1_58' title="bbox 342 5286 1983 5367">
    <p class='ocr_par' dir='ltr' id='par_1_58' title="bbox 342 5286 1983 5367">
     <span class='ocr_line' id='line_1_58' title="bbox 342 5286 1983 5367; baseline 0.005 -23"><span class='ocrx_word' id='word_1_445' title='bbox 342 5291 698 5361; x_wconf 85' lang='grc' dir='ltr'>μεθιστάνειν,</span> <span class='ocrx_word' id='word_1_446' title='bbox 733 5288 943 5364; x_wconf 77' lang='grc' dir='ltr'>ἀγάπην</span> <span class='ocrx_word' id='word_1_447' title='bbox 979 5286 1036 5344; x_wconf 68' lang='grc' dir='ltr'>δι</span> <span class='ocrx_word' id='word_1_448' title='bbox 1069 5291 1145 5362; x_wconf 74' lang='grc' dir='ltr'>μὴ</span> <span class='ocrx_word' id='word_1_449' title='bbox 1197 5288 1333 5366; x_wconf 72' lang='grc' dir='ltr'>ἔχω,</span> <span class='ocrx_word' id='word_1_450' title='bbox 1368 5291 1519 5352; x_wconf 65' lang='grc' dir='ltr'>οὐθέν</span> <span class='ocrx_word' id='word_1_451' title='bbox 1566 5295 1702 5367; x_wconf 84' lang='grc' dir='ltr'>εἶμι.</span> <span class='ocrx_word' id='word_1_452' title='bbox 1761 5295 1860 5353; x_wconf 79' lang='grc' dir='ltr'>Καὶ</span> <span class='ocrx_word' id='word_1_453' title='bbox 1894 5299 1983 5352; x_wconf 69' lang='grc' dir='ltr'>ἑὰν</span> 
     </span>
    </p>
   </div>
   <div class='ocr_carea' id='block_1_59' title="bbox 336 5377 1983 5458">
    <p class='ocr_par' dir='ltr' id='par_1_59' title="bbox 336 5377 1983 5458">
     <span class='ocr_line' id='line_1_59' title="bbox 336 5377 1983 5458; baseline 0.006 -26"><span class='ocrx_word' id='word_1_454' title='bbox 336 5377 576 5451; x_wconf 87' lang='grc' dir='ltr'>ψωμίσω</span> <span class='ocrx_word' id='word_1_455' title='bbox 611 5378 784 5434; x_wconf 86' lang='grc' dir='ltr'>πάντα</span> <span class='ocrx_word' id='word_1_456' title='bbox 820 5379 887 5434; x_wconf 76' lang='grc' dir='ltr'>τὰ</span> <span class='ocrx_word' id='word_1_457' title='bbox 920 5377 1234 5453; x_wconf 82' lang='grc' dir='ltr'>ὑπάρχοντά</span> <span class='ocrx_word' id='word_1_458' title='bbox 1266 5401 1392 5453; x_wconf 88' lang='grc' dir='ltr'>μου,</span> <span class='ocrx_word' id='word_1_459' title='bbox 1426 5383 1516 5436; x_wconf 78' lang='grc' dir='ltr'>καὶ</span> <span class='ocrx_word' id='word_1_460' title='bbox 1547 5383 1636 5439; x_wconf 64' lang='grc' dir='ltr'>εὰν</span> <span class='ocrx_word' id='word_1_461' title='bbox 1663 5383 1890 5458; x_wconf 83' lang='grc' dir='ltr'>παραδῶ</span> <span class='ocrx_word' id='word_1_462' title='bbox 1921 5388 1983 5443; x_wconf 90' lang='grc' dir='ltr'>τὸ</span> 
     </span>
    </p>
   </div>
   <div class='ocr_carea' id='block_1_60' title="bbox 325 5467 1980 5545">
    <p class='ocr_par' dir='ltr' id='par_1_60' title="bbox 325 5467 1980 5545">
     <span class='ocr_line' id='line_1_60' title="bbox 325 5467 1980 5545; baseline 0.005 -23"><span class='ocrx_word' id='word_1_463' title='bbox 325 5467 489 5540; x_wconf 80' lang='grc' dir='ltr'>σῶμά</span> <span class='ocrx_word' id='word_1_464' title='bbox 524 5489 629 5540; x_wconf 87' lang='grc' dir='ltr'>μου</span> <span class='ocrx_word' id='word_1_465' title='bbox 660 5468 750 5522; x_wconf 81' lang='grc' dir='ltr'>ἳνα</span> <span class='ocrx_word' id='word_1_466' title='bbox 774 5469 1164 5540; x_wconf 75' lang='grc' dir='ltr'>καυθήσωμαι,</span> <span class='ocrx_word' id='word_1_467' title='bbox 1195 5467 1406 5543; x_wconf 83' lang='grc' dir='ltr'>ἀγάπην</span> <span class='ocrx_word' id='word_1_468' title='bbox 1438 5468 1496 5527; x_wconf 69' lang='grc' dir='ltr'>δὲ</span> <span class='ocrx_word' id='word_1_469' title='bbox 1528 5474 1602 5545; x_wconf 81' lang='grc' dir='ltr'>μή</span> <span class='ocrx_word' id='word_1_470' title='bbox 1655 5469 1794 5544; x_wconf 69' lang='grc' dir='ltr'>ἔχω,</span> <span class='ocrx_word' id='word_1_471' title='bbox 1827 5473 1980 5532; x_wconf 72' lang='grc' dir='ltr'>οὐδὶν</span> 
     </span>
    </p>
   </div>
   <div class='ocr_carea' id='block_1_61' title="bbox 328 5554 677 5635">
    <p class='ocr_par' dir='ltr' id='par_1_61' title="bbox 328 5554 677 5635">
     <span class='ocr_line' id='line_1_61' title="bbox 328 5554 677 5635; baseline 0.006 -24"><span class='ocrx_word' id='word_1_472' title='bbox 328 5554 677 5635; x_wconf 77' lang='grc' dir='ltr'>ὠφελοῦμαι.</span> 
     </span>
    </p>
   </div>
   <div class='ocr_carea' id='block_1_62' title="bbox 2106 649 3754 721">
    <p class='ocr_par' dir='ltr' id='par_1_62' title="bbox 2106 649 3754 721">
     <span class='ocr_line' id='line_1_62' title="bbox 2106 649 3754 721; baseline 0.005 -17"><span class='ocrx_word' id='word_1_473' title='bbox 2106 654 2292 720; x_wconf 90' lang='lat' dir='ltr'>parte.</span> <span class='ocrx_word' id='word_1_474' title='bbox 2319 671 2338 698; x_wconf 80' lang='grc' dir='ltr'>ι</span> <span class='ocrx_word' id='word_1_475' title='bbox 2367 650 2585 706; x_wconf 88' lang='lat' dir='ltr'>Omnes</span> <span class='ocrx_word' id='word_1_476' title='bbox 2607 650 2845 721; x_wconf 85' lang='lat' dir='ltr'>quidem</span> <span class='ocrx_word' id='word_1_477' title='bbox 2868 649 3208 720; x_wconf 83' lang='lat' dir='ltr'>ubicunque</span> <span class='ocrx_word' id='word_1_478' title='bbox 3242 650 3509 710; x_wconf 88' lang='lat' dir='ltr'>locorum</span> <span class='ocrx_word' id='word_1_479' title='bbox 3532 653 3653 710; x_wconf 89' lang='lat' dir='ltr'>sint</span> <span class='ocrx_word' id='word_1_480' title='bbox 3682 656 3754 713; x_wconf 81' lang='lat' dir='ltr'>il-</span> 
     </span>
    </p>
   </div>
   <div class='ocr_carea' id='block_1_63' title="bbox 2107 737 3751 811">
    <p class='ocr_par' dir='ltr' id='par_1_63' title="bbox 2107 737 3751 811">
     <span class='ocr_line' id='line_1_63' title="bbox 2107 737 3751 811; baseline 0.003 -18"><span class='ocrx_word' id='word_1_481' title='bbox 2107 737 2291 805; x_wconf 86' lang='lat' dir='ltr'>deles,</span> <span class='ocrx_word' id='word_1_482' title='bbox 2326 744 2468 794; x_wconf 88' lang='lat' dir='ltr'>sunt</span> <span class='ocrx_word' id='word_1_483' title='bbox 2495 756 2708 811; x_wconf 90' lang='lat' dir='ltr'>corpus</span> <span class='ocrx_word' id='word_1_484' title='bbox 2752 739 2991 809; x_wconf 80' lang='lat' dir='ltr'>Christi,</span> <span class='ocrx_word' id='word_1_485' title='bbox 3051 757 3150 795; x_wconf 83' lang='lat' dir='ltr'>vos</span> <span class='ocrx_word' id='word_1_486' title='bbox 3208 747 3407 799; x_wconf 80' lang='lat' dir='ltr'>autem</span> <span class='ocrx_word' id='word_1_487' title='bbox 3464 742 3751 800; x_wconf 81' lang='lat' dir='ltr'>Corinthii</span> 
     </span>
    </p>
   </div>
   <div class='ocr_carea' id='block_1_64' title="bbox 2107 829 3747 902">
    <p class='ocr_par' dir='ltr' id='par_1_64' title="bbox 2107 829 3747 902">
     <span class='ocr_line' id='line_1_64' title="bbox 2107 829 3747 902; baseline 0.004 -18"><span class='ocrx_word' id='word_1_488' title='bbox 2107 829 2380 885; x_wconf 85' lang='lat' dir='ltr'>membra</span> <span class='ocrx_word' id='word_1_489' title='bbox 2408 846 2477 884; x_wconf 88' lang='lat' dir='ltr'><strong>ex</strong></span> <span class='ocrx_word' id='word_1_490' title='bbox 2504 836 2670 902; x_wconf 84' lang='lat' dir='ltr'>parte</span> <span class='ocrx_word' id='word_1_491' title='bbox 2703 848 2715 883; x_wconf 87' lang='lat'><strong>:</strong></span> <span class='ocrx_word' id='word_1_492' title='bbox 2749 847 2943 902; x_wconf 88' lang='lat' dir='ltr'>neque</span> <span class='ocrx_word' id='word_1_493' title='bbox 3001 831 3161 887; x_wconf 88' lang='lat' dir='ltr'>enim</span> <span class='ocrx_word' id='word_1_494' title='bbox 3221 832 3334 888; x_wconf 90' lang='lat' dir='ltr'>soli</span> <span class='ocrx_word' id='word_1_495' title='bbox 3387 833 3529 888; x_wconf 81' lang='lat' dir='ltr'>estis</span> <span class='ocrx_word' id='word_1_496' title='bbox 3558 839 3747 891; x_wconf 89' lang='lat' dir='ltr'>totum</span> 
     </span>
    </p>
   </div>
   <div class='ocr_carea' id='block_1_65' title="bbox 2107 918 3751 990">
    <p class='ocr_par' dir='ltr' id='par_1_65' title="bbox 2107 918 3751 990">
     <span class='ocr_line' id='line_1_65' title="bbox 2107 918 3751 990; baseline 0.003 -19"><span class='ocrx_word' id='word_1_497' title='bbox 2107 934 2344 989; x_wconf 89' lang='lat' dir='ltr'>corpus,</span> <span class='ocrx_word' id='word_1_498' title='bbox 2378 918 2483 974; x_wconf 89' lang='lat' dir='ltr'>sed</span> <span class='ocrx_word' id='word_1_499' title='bbox 2513 918 2783 977; x_wconf 84' lang='lat' dir='ltr'>membra</span> <span class='ocrx_word' id='word_1_500' title='bbox 2813 919 2956 974; x_wconf 88' lang='lat' dir='ltr'>estis</span> <span class='ocrx_word' id='word_1_501' title='bbox 2988 935 3001 978; x_wconf 89' lang='lat'><strong>:</strong></span> <span class='ocrx_word' id='word_1_502' title='bbox 3040 924 3098 975; x_wconf 87' lang='lat' dir='ltr'>et</span> <span class='ocrx_word' id='word_1_503' title='bbox 3122 937 3315 990; x_wconf 88' lang='lat' dir='ltr'>neque</span> <span class='ocrx_word' id='word_1_504' title='bbox 3374 922 3596 990; x_wconf 81' lang='lat' dir='ltr'>omnia,</span> <span class='ocrx_word' id='word_1_505' title='bbox 3647 921 3751 978; x_wconf 91' lang='lat' dir='ltr'>sed</span> 
     </span>
    </p>
   </div>
   <div class='ocr_carea' id='block_1_66' title="bbox 2107 1010 3750 1083">
    <p class='ocr_par' dir='ltr' id='par_1_66' title="bbox 2107 1010 3750 1083">
     <span class='ocr_line' id='line_1_66' title="bbox 2107 1010 3750 1083; baseline 0.004 -21"><span class='ocrx_word' id='word_1_506' title='bbox 2107 1024 2175 1062; x_wconf 82' lang='lat' dir='ltr'><strong>ex</strong></span> <span class='ocrx_word' id='word_1_507' title='bbox 2207 1014 2388 1079; x_wconf 85' lang='lat' dir='ltr'>parte.</span> <span class='ocrx_word' id='word_1_508' title='bbox 2425 1012 2537 1064; x_wconf 90' lang='lat' dir='ltr'>Per</span> <span class='ocrx_word' id='word_1_509' title='bbox 2568 1010 2679 1065; x_wconf 93' lang='lat' dir='ltr'>hoc</span> <span class='ocrx_word' id='word_1_510' title='bbox 2709 1016 2907 1066; x_wconf 88' lang='lat' dir='ltr'>autem</span> <span class='ocrx_word' id='word_1_511' title='bbox 2931 1011 3191 1067; x_wconf 83' lang='lat' dir='ltr'>ostendit</span> <span class='ocrx_word' id='word_1_512' title='bbox 3229 1012 3355 1082; x_wconf 87' lang='lat' dir='ltr'>jam</span> <span class='ocrx_word' id='word_1_513' title='bbox 3417 1011 3750 1083; x_wconf 87' lang='lat' dir='ltr'>dispersum</span> 
     </span>
    </p>
   </div>
   <div class='ocr_carea' id='block_1_67' title="bbox 2108 1100 3749 1174">
    <p class='ocr_par' dir='ltr' id='par_1_67' title="bbox 2108 1100 3749 1174">
     <span class='ocr_line' id='line_1_67' title="bbox 2108 1100 3749 1174; baseline 0.003 -21"><span class='ocrx_word' id='word_1_514' title='bbox 2108 1115 2236 1154; x_wconf 90' lang='lat' dir='ltr'>esse</span> <span class='ocrx_word' id='word_1_515' title='bbox 2263 1100 2325 1155; x_wconf 89' lang='lat' dir='ltr'>in</span> <span class='ocrx_word' id='word_1_516' title='bbox 2350 1101 2563 1172; x_wconf 78' lang='lat' dir='ltr'>majori</span> <span class='ocrx_word' id='word_1_517' title='bbox 2587 1107 2753 1171; x_wconf 86' lang='lat' dir='ltr'>parte</span> <span class='ocrx_word' id='word_1_518' title='bbox 2776 1103 3032 1157; x_wconf 84' lang='lat' dir='ltr'>universi</span> <span class='ocrx_word' id='word_1_519' title='bbox 3053 1102 3435 1174; x_wconf 81' lang='lat' dir='ltr'>Evangelium</span> <span class='ocrx_word' id='word_1_520' title='bbox 3455 1119 3521 1158; x_wconf 88' lang='lat' dir='ltr'>ac</span> <span class='ocrx_word' id='word_1_521' title='bbox 3548 1103 3749 1159; x_wconf 80' lang='lat' dir='ltr'>ﬁdem.</span> 
     </span>
    </p>
   </div>
   <div class='ocr_carea' id='block_1_68' title="bbox 2112 1189 3745 1262">
    <p class='ocr_par' dir='ltr' id='par_1_68' title="bbox 2112 1189 3745 1262">
     <span class='ocr_line' id='line_1_68' title="bbox 2112 1189 3745 1262; baseline 0.004 -21"><span class='ocrx_word' id='word_1_522' title='bbox 2112 1209 2136 1240; x_wconf 80' lang='grc' dir='ltr'>ε</span> <span class='ocrx_word' id='word_1_523' title='bbox 2171 1190 2243 1243; x_wconf 90' lang='lat' dir='ltr'>Et</span> <span class='ocrx_word' id='word_1_524' title='bbox 2270 1189 2379 1244; x_wconf 90' lang='lat' dir='ltr'>hos</span> <span class='ocrx_word' id='word_1_525' title='bbox 2411 1190 2650 1260; x_wconf 87' lang='lat' dir='ltr'>quidem</span> <span class='ocrx_word' id='word_1_526' title='bbox 2684 1191 2885 1261; x_wconf 79' lang='lat' dir='ltr'>posuit</span> <span class='ocrx_word' id='word_1_527' title='bbox 2913 1196 3090 1246; x_wconf 88' lang='lat' dir='ltr'>Deus.</span> <span class='ocrx_word' id='word_1_528' title='bbox 3127 1213 3153 1240; x_wconf 72' lang='grc' dir='ltr'>»ι</span> <span class='ocrx_word' id='word_1_529' title='bbox 3211 1193 3282 1246; x_wconf 88' lang='lat' dir='ltr'>Et</span> <span class='ocrx_word' id='word_1_530' title='bbox 3339 1192 3446 1245; x_wconf 89' lang='lat' dir='ltr'>hos</span> <span class='ocrx_word' id='word_1_531' title='bbox 3504 1191 3745 1262; x_wconf 85' lang='lat' dir='ltr'>quidem</span> 
     </span>
    </p>
   </div>
   <div class='ocr_carea' id='block_1_69' title="bbox 2108 1279 3746 1350">
    <p class='ocr_par' dir='ltr' id='par_1_69' title="bbox 2108 1279 3746 1350">
     <span class='ocr_line' id='line_1_69' title="bbox 2108 1279 3746 1350; baseline 0.004 -18"><span class='ocrx_word' id='word_1_532' title='bbox 2108 1279 2427 1348; x_wconf 89' lang='lat' dir='ltr'>apostolos,</span> <span class='ocrx_word' id='word_1_533' title='bbox 2450 1279 2664 1350; x_wconf 87' lang='lat' dir='ltr'>inquit.</span> <span class='ocrx_word' id='word_1_534' title='bbox 2686 1281 2884 1350; x_wconf 87' lang='lat' dir='ltr'>posuit</span> <span class='ocrx_word' id='word_1_535' title='bbox 2913 1280 3305 1338; x_wconf 83' lang='lat' dir='ltr'>etfecitDeus</span> <span class='ocrx_word' id='word_1_536' title='bbox 3360 1281 3420 1335; x_wconf 91' lang='lat' dir='ltr'>in</span> <span class='ocrx_word' id='word_1_537' title='bbox 3461 1281 3746 1339; x_wconf 78' lang='lat' dir='ltr'>Ecclesia.</span> 
     </span>
    </p>
   </div>
   <div class='ocr_carea' id='block_1_70' title="bbox 2108 1367 3749 1441">
    <p class='ocr_par' dir='ltr' id='par_1_70' title="bbox 2108 1367 3749 1441">
     <span class='ocr_line' id='line_1_70' title="bbox 2108 1367 3749 1441; baseline 0.002 -19"><span class='ocrx_word' id='word_1_538' title='bbox 2108 1367 2263 1422; x_wconf 86' lang='lat' dir='ltr'>Bene</span> <span class='ocrx_word' id='word_1_539' title='bbox 2295 1374 2493 1423; x_wconf 86' lang='lat' dir='ltr'>autem</span> <span class='ocrx_word' id='word_1_540' title='bbox 2546 1369 2698 1424; x_wconf 68' lang='grc' dir='ltr'>διο</span> <span class='ocrx_word' id='word_1_541' title='bbox 2754 1368 2918 1424; x_wconf 91' lang='lat' dir='ltr'>addit</span> <span class='ocrx_word' id='word_1_542' title='bbox 2974 1371 3231 1440; x_wconf 89' lang='lat' dir='ltr'>primum</span> <span class='ocrx_word' id='word_1_543' title='bbox 3290 1370 3362 1426; x_wconf 89' lang='lat' dir='ltr'>de</span> <span class='ocrx_word' id='word_1_544' title='bbox 3422 1371 3749 1441; x_wconf 72' lang='lat' dir='ltr'>apostolis;</span> 
     </span>
    </p>
   </div>
   <div class='ocr_carea' id='block_1_71' title="bbox 2106 1458 3752 1530">
    <p class='ocr_par' dir='ltr' id='par_1_71' title="bbox 2106 1458 3752 1530">
     <span class='ocr_line' id='line_1_71' title="bbox 2106 1458 3752 1530; baseline 0.002 -18"><span class='ocrx_word' id='word_1_545' title='bbox 2106 1474 2244 1513; x_wconf 90' lang='lat' dir='ltr'>nam</span> <span class='ocrx_word' id='word_1_546' title='bbox 2277 1459 2337 1512; x_wconf 91' lang='lat' dir='ltr'>hi</span> <span class='ocrx_word' id='word_1_547' title='bbox 2369 1458 2546 1529; x_wconf 81' lang='lat' dir='ltr'>primi</span> <span class='ocrx_word' id='word_1_548' title='bbox 2575 1475 2643 1514; x_wconf 90' lang='lat' dir='ltr'>ac</span> <span class='ocrx_word' id='word_1_549' title='bbox 2675 1458 2854 1514; x_wconf 89' lang='lat' dir='ltr'>duces</span> <span class='ocrx_word' id='word_1_550' title='bbox 2883 1465 3021 1513; x_wconf 90' lang='lat' dir='ltr'>sunt</span> <span class='ocrx_word' id='word_1_551' title='bbox 3053 1459 3211 1515; x_wconf 76' lang='lat' dir='ltr'>fidei.</span> <span class='ocrx_word' id='word_1_552' title='bbox 3241 1460 3566 1530; x_wconf 72' lang='lat' dir='ltr'>Prophetas</span> <span class='ocrx_word' id='word_1_553' title='bbox 3613 1477 3752 1516; x_wconf 81' lang='lat' dir='ltr'>vero</span> 
     </span>
    </p>
   </div>
   <div class='ocr_carea' id='block_1_72' title="bbox 2110 1547 3752 1619">
    <p class='ocr_par' dir='ltr' id='par_1_72' title="bbox 2110 1547 3752 1619">
     <span class='ocr_line' id='line_1_72' title="bbox 2110 1547 3752 1619; baseline 0.002 -18"><span class='ocrx_word' id='word_1_554' title='bbox 2110 1547 2370 1602; x_wconf 89' lang='lat' dir='ltr'>secundo</span> <span class='ocrx_word' id='word_1_555' title='bbox 2398 1547 2526 1602; x_wconf 88' lang='lat' dir='ltr'>loco</span> <span class='ocrx_word' id='word_1_556' title='bbox 2560 1548 2778 1619; x_wconf 87' lang='lat' dir='ltr'>posuit,</span> <span class='ocrx_word' id='word_1_557' title='bbox 2812 1563 2932 1603; x_wconf 91' lang='lat' dir='ltr'>non</span> <span class='ocrx_word' id='word_1_558' title='bbox 2966 1553 3190 1603; x_wconf 82' lang='lat' dir='ltr'>veteres</span> <span class='ocrx_word' id='word_1_559' title='bbox 3220 1548 3357 1603; x_wconf 92' lang='lat' dir='ltr'>illos</span> <span class='ocrx_word' id='word_1_560' title='bbox 3389 1549 3614 1618; x_wconf 90' lang='lat' dir='ltr'>dicens,</span> <span class='ocrx_word' id='word_1_561' title='bbox 3648 1549 3752 1607; x_wconf 87' lang='lat' dir='ltr'>sed</span> 
     </span>
    </p>
   </div>
   <div class='ocr_carea' id='block_1_73' title="bbox 2108 1637 3752 1711">
    <p class='ocr_par' dir='ltr' id='par_1_73' title="bbox 2108 1637 3752 1711">
     <span class='ocr_line' id='line_1_73' title="bbox 2108 1637 3752 1711; baseline 0.003 -20"><span class='ocrx_word' id='word_1_562' title='bbox 2108 1653 2210 1692; x_wconf 88' lang='lat' dir='ltr'>eos</span> <span class='ocrx_word' id='word_1_563' title='bbox 2232 1637 2334 1708; x_wconf 87' lang='lat' dir='ltr'>qui</span> <span class='ocrx_word' id='word_1_564' title='bbox 2358 1638 2416 1691; x_wconf 90' lang='lat' dir='ltr'>iu</span> <span class='ocrx_word' id='word_1_565' title='bbox 2441 1653 2797 1708; x_wconf 86' lang='lat' dir='ltr'>unaquaque</span> <span class='ocrx_word' id='word_1_566' title='bbox 2821 1637 3118 1694; x_wconf 88' lang='lat' dir='ltr'>Eccclesia</span> <span class='ocrx_word' id='word_1_567' title='bbox 3135 1655 3202 1693; x_wconf 87' lang='lat' dir='ltr'>eo</span> <span class='ocrx_word' id='word_1_568' title='bbox 3217 1643 3482 1710; x_wconf 90' lang='lat' dir='ltr'>tempore</span> <span class='ocrx_word' id='word_1_569' title='bbox 3496 1641 3752 1711; x_wconf 85' lang='lat' dir='ltr'>prophe-</span> 
     </span>
    </p>
   </div>
   <div class='ocr_carea' id='block_1_74' title="bbox 2107 1728 3750 1801">
    <p class='ocr_par' dir='ltr' id='par_1_74' title="bbox 2107 1728 3750 1801">
     <span class='ocr_line' id='line_1_74' title="bbox 2107 1728 3750 1801; baseline 0.003 -19"><span class='ocrx_word' id='word_1_570' title='bbox 2107 1728 2336 1795; x_wconf 88' lang='lat' dir='ltr'>tabant,</span> <span class='ocrx_word' id='word_1_571' title='bbox 2369 1728 2561 1798; x_wconf 84' lang='lat' dir='ltr'>qualis</span> <span class='ocrx_word' id='word_1_572' title='bbox 2592 1735 2720 1785; x_wconf 90' lang='lat' dir='ltr'>erat</span> <span class='ocrx_word' id='word_1_573' title='bbox 2735 1729 2967 1801; x_wconf 82' lang='lat' dir='ltr'>Agabus</span> <span class='ocrx_word' id='word_1_574' title='bbox 2983 1730 3205 1801; x_wconf 82' lang='lat' dir='ltr'>aliique</span> <span class='ocrx_word' id='word_1_575' title='bbox 3241 1731 3414 1786; x_wconf 90' lang='lat' dir='ltr'>multi</span> <span class='ocrx_word' id='word_1_576' title='bbox 3435 1733 3499 1790; x_wconf 83' lang='grc'>³⁷.</span> <span class='ocrx_word' id='word_1_577' title='bbox 3539 1733 3750 1789; x_wconf 89' lang='lat' dir='ltr'>Verum</span> 
     </span>
    </p>
   </div>
   <div class='ocr_carea' id='block_1_75' title="bbox 2108 1818 3753 1890">
    <p class='ocr_par' dir='ltr' id='par_1_75' title="bbox 2108 1818 3753 1890">
     <span class='ocr_line' id='line_1_75' title="bbox 2108 1818 3753 1890; baseline 0.002 -19"><span class='ocrx_word' id='word_1_578' title='bbox 2108 1818 2154 1872; x_wconf 91' lang='lat' dir='ltr'>si</span> <span class='ocrx_word' id='word_1_579' title='bbox 2181 1822 2349 1872; x_wconf 88' lang='lat' dir='ltr'>erant</span> <span class='ocrx_word' id='word_1_580' title='bbox 2370 1818 2997 1890; x_wconf 72' lang='lat' dir='ltr'>prophetm,quomodo</span> <span class='ocrx_word' id='word_1_581' title='bbox 3021 1820 3104 1874; x_wconf 88' lang='lat' dir='ltr'>ait</span> <span class='ocrx_word' id='word_1_582' title='bbox 3129 1821 3411 1875; x_wconf 87' lang='lat' dir='ltr'>Dominus</span> <span class='ocrx_word' id='word_1_583' title='bbox 3436 1837 3448 1876; x_wconf 88' lang='lat'><strong>:</strong></span> <span class='ocrx_word' id='word_1_584' title='bbox 3474 1842 3501 1871; x_wconf 86' lang='lat'>«</span> <span class='ocrx_word' id='word_1_585' title='bbox 3551 1823 3663 1877; x_wconf 86' lang='lat' dir='ltr'>Lex</span> <span class='ocrx_word' id='word_1_586' title='bbox 3693 1826 3753 1874; x_wconf 90' lang='lat' dir='ltr'>et</span> 
     </span>
    </p>
   </div>
   <div class='ocr_carea' id='block_1_76' title="bbox 2033 1907 3752 1998">
    <p class='ocr_par' dir='ltr' id='par_1_76' title="bbox 2033 1907 3752 1998">
     <span class='ocr_line' id='line_1_76' title="bbox 2033 1907 3752 1998; baseline 0.002 -38"><span class='ocrx_word' id='word_1_587' title='bbox 2033 1932 2076 1998; x_wconf 73' lang='grc' dir='ltr'><strong>Β</strong></span> <span class='ocrx_word' id='word_1_588' title='bbox 2105 1907 2410 1998; x_wconf 77' lang='lat' dir='ltr'>prophetas</span> <span class='ocrx_word' id='word_1_589' title='bbox 2467 1921 2654 1998; x_wconf 85' lang='lat' dir='ltr'>usque</span> <span class='ocrx_word' id='word_1_590' title='bbox 2712 1907 2804 1998; x_wconf 6' lang='lat' dir='ltr'>ad,</span> <span class='ocrx_word' id='word_1_591' title='bbox 2835 1908 3120 1998; x_wconf 82' lang='lat' dir='ltr'>Joannem</span> <span class='ocrx_word' id='word_1_592' title='bbox 3172 1907 3220 1944; x_wconf 82' lang='grc'>³⁸</span> <span class='ocrx_word' id='word_1_593' title='bbox 3247 1909 3275 1963; x_wconf 75' lang='grc'><strong>7</strong></span> <span class='ocrx_word' id='word_1_594' title='bbox 3330 1930 3358 1958; x_wconf 80' lang='grc'>››</span> <span class='ocrx_word' id='word_1_595' title='bbox 3402 1911 3472 1963; x_wconf 90' lang='lat' dir='ltr'>Et</span> <span class='ocrx_word' id='word_1_596' title='bbox 3501 1909 3752 1964; x_wconf 88' lang='lat' dir='ltr'>dicimus</span> 
     </span>
    </p>
   </div>
   <div class='ocr_carea' id='block_1_77' title="bbox 2107 1995 3750 2069">
    <p class='ocr_par' dir='ltr' id='par_1_77' title="bbox 2107 1995 3750 2069">
     <span class='ocr_line' id='line_1_77' title="bbox 2107 1995 3750 2069; baseline 0.002 -18"><span class='ocrx_word' id='word_1_597' title='bbox 2107 1995 2263 2067; x_wconf 89' lang='lat' dir='ltr'>quod</span> <span class='ocrx_word' id='word_1_598' title='bbox 2293 1996 2366 2050; x_wconf 89' lang='lat' dir='ltr'>de</span> <span class='ocrx_word' id='word_1_599' title='bbox 2397 1996 2690 2052; x_wconf 79' lang='lat' dir='ltr'>veteribus</span> <span class='ocrx_word' id='word_1_600' title='bbox 2721 1996 2843 2051; x_wconf 86' lang='lat' dir='ltr'>illis</span> <span class='ocrx_word' id='word_1_601' title='bbox 2875 1997 3138 2068; x_wconf 87' lang='lat' dir='ltr'>loquitur</span> <span class='ocrx_word' id='word_1_602' title='bbox 3168 1998 3476 2065; x_wconf 87' lang='lat' dir='ltr'>Dominus,</span> <span class='ocrx_word' id='word_1_603' title='bbox 3527 1999 3628 2069; x_wconf 92' lang='lat' dir='ltr'>qui</span> <span class='ocrx_word' id='word_1_604' title='bbox 3677 1998 3750 2054; x_wconf 90' lang='lat' dir='ltr'>de</span> 
     </span>
    </p>
   </div>
   <div class='ocr_carea' id='block_1_78' title="bbox 2105 2085 3752 2159">
    <p class='ocr_par' dir='ltr' id='par_1_78' title="bbox 2105 2085 3752 2159">
     <span class='ocr_line' id='line_1_78' title="bbox 2105 2085 3752 2159; baseline 0.002 -19"><span class='ocrx_word' id='word_1_605' title='bbox 2105 2087 2292 2157; x_wconf 87' lang='lat' dir='ltr'>ipsius</span> <span class='ocrx_word' id='word_1_606' title='bbox 2313 2085 2566 2141; x_wconf 82' lang='lat' dir='ltr'>adventu</span> <span class='ocrx_word' id='word_1_607' title='bbox 2592 2088 3108 2159; x_wconf 83' lang='lat' dir='ltr'>prophetaverant.</span> <span class='ocrx_word' id='word_1_608' title='bbox 3130 2110 3156 2138; x_wconf 79' lang='grc' dir='ltr'>α</span> <span class='ocrx_word' id='word_1_609' title='bbox 3182 2088 3448 2142; x_wconf 89' lang='lat' dir='ltr'>Secundo</span> <span class='ocrx_word' id='word_1_610' title='bbox 3491 2088 3752 2159; x_wconf 88' lang='lat' dir='ltr'>prophe-</span> 
     </span>
    </p>
   </div>
   <div class='ocr_carea' id='block_1_79' title="bbox 2107 2175 3749 2249">
    <p class='ocr_par' dir='ltr' id='par_1_79' title="bbox 2107 2175 3749 2249">
     <span class='ocr_line' id='line_1_79' title="bbox 2107 2175 3749 2249; baseline 0.003 -20"><span class='ocrx_word' id='word_1_611' title='bbox 2107 2181 2214 2231; x_wconf 88' lang='lat' dir='ltr'>tas.</span> <span class='ocrx_word' id='word_1_612' title='bbox 2252 2195 2279 2224; x_wconf 70' lang='grc' dir='ltr'>»δ</span> <span class='ocrx_word' id='word_1_613' title='bbox 2311 2205 2379 2218; x_wconf 82' lang='lat'>—-</span> <span class='ocrx_word' id='word_1_614' title='bbox 2409 2175 2734 2247; x_wconf 87' lang='lat' dir='ltr'>Prophetas</span> <span class='ocrx_word' id='word_1_615' title='bbox 2765 2176 2909 2234; x_wconf 84' lang='lat' dir='ltr'>dicit</span> <span class='ocrx_word' id='word_1_616' title='bbox 2959 2193 3212 2249; x_wconf 77' lang='lat' dir='ltr'>magnus</span> <span class='ocrx_word' id='word_1_617' title='bbox 3267 2176 3582 2247; x_wconf 79' lang='lat' dir='ltr'>Apostolus</span> <span class='ocrx_word' id='word_1_618' title='bbox 3629 2194 3749 2234; x_wconf 88' lang='lat' dir='ltr'>non</span> 
     </span>
    </p>
   </div>
   <div class='ocr_carea' id='block_1_80' title="bbox 2106 2267 3748 2340">
    <p class='ocr_par' dir='ltr' id='par_1_80' title="bbox 2106 2267 3748 2340">
     <span class='ocr_line' id='line_1_80' title="bbox 2106 2267 3748 2340; baseline 0.002 -20"><span class='ocrx_word' id='word_1_619' title='bbox 2106 2267 2206 2336; x_wconf 90' lang='lat' dir='ltr'>qui</span> <span class='ocrx_word' id='word_1_620' title='bbox 2237 2271 2372 2324; x_wconf 88' lang='lat' dir='ltr'>ante</span> <span class='ocrx_word' id='word_1_621' title='bbox 2398 2270 2633 2337; x_wconf 88' lang='lat' dir='ltr'>tempus</span> <span class='ocrx_word' id='word_1_622' title='bbox 2653 2267 2882 2338; x_wconf 79' lang='lat' dir='ltr'>gratim,</span> <span class='ocrx_word' id='word_1_623' title='bbox 2906 2267 3010 2321; x_wconf 89' lang='lat' dir='ltr'>sed</span> <span class='ocrx_word' id='word_1_624' title='bbox 3031 2268 3131 2338; x_wconf 91' lang='lat' dir='ltr'>qui</span> <span class='ocrx_word' id='word_1_625' title='bbox 3158 2272 3291 2338; x_wconf 88' lang='lat' dir='ltr'>post</span> <span class='ocrx_word' id='word_1_626' title='bbox 3336 2269 3588 2340; x_wconf 79' lang='lat' dir='ltr'>gratiam</span> <span class='ocrx_word' id='word_1_627' title='bbox 3618 2267 3748 2323; x_wconf 79' lang='lat' dir='ltr'>fue-</span> 
     </span>
    </p>
   </div>
   <div class='ocr_carea' id='block_1_81' title="bbox 2104 2353 3744 2428">
    <p class='ocr_par' dir='ltr' id='par_1_81' title="bbox 2104 2353 3744 2428">
     <span class='ocr_line' id='line_1_81' title="bbox 2104 2353 3744 2428; baseline 0.001 -19"><span class='ocrx_word' id='word_1_628' title='bbox 2104 2361 2264 2420; x_wconf 86' lang='lat' dir='ltr'>runt,</span> <span class='ocrx_word' id='word_1_629' title='bbox 2298 2353 2453 2409; x_wconf 88' lang='lat' dir='ltr'>inter</span> <span class='ocrx_word' id='word_1_630' title='bbox 2484 2371 2634 2426; x_wconf 88' lang='lat' dir='ltr'>quos</span> <span class='ocrx_word' id='word_1_631' title='bbox 2664 2360 2790 2410; x_wconf 87' lang='lat' dir='ltr'>erat</span> <span class='ocrx_word' id='word_1_632' title='bbox 2848 2355 3082 2428; x_wconf 80' lang='lat' dir='ltr'>Agabus</span> <span class='ocrx_word' id='word_1_633' title='bbox 3141 2361 3199 2410; x_wconf 89' lang='lat' dir='ltr'>et</span> <span class='ocrx_word' id='word_1_634' title='bbox 3253 2357 3353 2426; x_wconf 88' lang='lat' dir='ltr'>qui</span> <span class='ocrx_word' id='word_1_635' title='bbox 3415 2355 3744 2412; x_wconf 59' lang='lat' dir='ltr'>Antiochia!</span> 
     </span>
    </p>
   </div>
   <div class='ocr_carea' id='block_1_82' title="bbox 2103 2445 3750 2518">
    <p class='ocr_par' dir='ltr' id='par_1_82' title="bbox 2103 2445 3750 2518">
     <span class='ocr_line' id='line_1_82' title="bbox 2103 2445 3750 2518; baseline 0.002 -19"><span class='ocrx_word' id='word_1_636' title='bbox 2103 2446 2620 2517; x_wconf 84' lang='lat' dir='ltr'>prophetaverant,</span> <span class='ocrx_word' id='word_1_637' title='bbox 2656 2447 2899 2518; x_wconf 89' lang='lat' dir='ltr'>ipseque</span> <span class='ocrx_word' id='word_1_638' title='bbox 2925 2445 3156 2501; x_wconf 88' lang='lat' dir='ltr'>divinus</span> <span class='ocrx_word' id='word_1_639' title='bbox 3173 2447 3506 2518; x_wconf 81' lang='lat' dir='ltr'>Apostolus.</span> <span class='ocrx_word' id='word_1_640' title='bbox 3552 2469 3579 2496; x_wconf 89' lang='grc'>‹‹</span> <span class='ocrx_word' id='word_1_641' title='bbox 3611 2449 3750 2503; x_wconf 84' lang='lat' dir='ltr'>Ter-</span> 
     </span>
    </p>
   </div>
   <div class='ocr_carea' id='block_1_83' title="bbox 2104 2534 3750 2607">
    <p class='ocr_par' dir='ltr' id='par_1_83' title="bbox 2104 2534 3750 2607">
     <span class='ocr_line' id='line_1_83' title="bbox 2104 2534 3750 2607; baseline 0.002 -19"><span class='ocrx_word' id='word_1_642' title='bbox 2104 2535 2184 2588; x_wconf 90' lang='lat' dir='ltr'>tio</span> <span class='ocrx_word' id='word_1_643' title='bbox 2217 2534 2508 2590; x_wconf 88' lang='lat' dir='ltr'>doctores.</span> <span class='ocrx_word' id='word_1_644' title='bbox 2546 2557 2574 2584; x_wconf 79' lang='grc'>·›</span> <span class='ocrx_word' id='word_1_645' title='bbox 2606 2537 2747 2590; x_wconf 86' lang='lat' dir='ltr'>Nam</span> <span class='ocrx_word' id='word_1_646' title='bbox 2782 2541 2840 2590; x_wconf 88' lang='lat' dir='ltr'>et</span> <span class='ocrx_word' id='word_1_647' title='bbox 2869 2535 2930 2591; x_wconf 91' lang='lat' dir='ltr'>hi</span> <span class='ocrx_word' id='word_1_648' title='bbox 2983 2536 3307 2602; x_wconf 88' lang='lat' dir='ltr'>plurimum</span> <span class='ocrx_word' id='word_1_649' title='bbox 3363 2543 3632 2607; x_wconf 84' lang='lat' dir='ltr'>prosunt,</span> <span class='ocrx_word' id='word_1_650' title='bbox 3684 2553 3750 2593; x_wconf 89' lang='lat' dir='ltr'>ac</span> 
     </span>
    </p>
   </div>
   <div class='ocr_carea' id='block_1_84' title="bbox 2103 2623 3749 2696">
    <p class='ocr_par' dir='ltr' id='par_1_84' title="bbox 2103 2623 3749 2696">
     <span class='ocr_line' id='line_1_84' title="bbox 2103 2623 3749 2696; baseline 0 -18"><span class='ocrx_word' id='word_1_651' title='bbox 2103 2624 2316 2678; x_wconf 87' lang='lat' dir='ltr'>merito</span> <span class='ocrx_word' id='word_1_652' title='bbox 2348 2623 2547 2679; x_wconf 81' lang='lat' dir='ltr'>statim</span> <span class='ocrx_word' id='word_1_653' title='bbox 2579 2629 2714 2695; x_wconf 88' lang='lat' dir='ltr'>post</span> <span class='ocrx_word' id='word_1_654' title='bbox 2743 2625 3060 2695; x_wconf 85' lang='lat' dir='ltr'>prophetas</span> <span class='ocrx_word' id='word_1_655' title='bbox 3087 2631 3406 2696; x_wconf 86' lang='lat' dir='ltr'>ponuntur.</span> <span class='ocrx_word' id='word_1_656' title='bbox 3448 2649 3468 2673; x_wconf 78' lang='grc' dir='ltr'>ι</span> <span class='ocrx_word' id='word_1_657' title='bbox 3527 2625 3749 2680; x_wconf 84' lang='lat' dir='ltr'>Deinde</span> 
     </span>
    </p>
   </div>
   <div class='ocr_carea' id='block_1_85' title="bbox 2101 2714 3750 2786">
    <p class='ocr_par' dir='ltr' id='par_1_85' title="bbox 2101 2714 3750 2786">
     <span class='ocr_line' id='line_1_85' title="bbox 2101 2714 3750 2786; baseline 0.001 -18"><span class='ocrx_word' id='word_1_658' title='bbox 2101 2718 2444 2784; x_wconf 84' lang='lat' dir='ltr'>potestates.</span> <span class='ocrx_word' id='word_1_659' title='bbox 2474 2735 2502 2765; x_wconf 76' lang='grc' dir='ltr'>ι)</span> <span class='ocrx_word' id='word_1_660' title='bbox 2537 2745 2605 2756; x_wconf 87' lang='lat'><strong>--</strong></span> <span class='ocrx_word' id='word_1_661' title='bbox 2639 2715 2892 2768; x_wconf 69' lang='lat' dir='ltr'>Effectus</span> <span class='ocrx_word' id='word_1_662' title='bbox 2921 2714 3194 2770; x_wconf 88' lang='lat' dir='ltr'>videlicet</span> <span class='ocrx_word' id='word_1_663' title='bbox 3222 2730 3288 2768; x_wconf 89' lang='lat' dir='ltr'>ac</span> <span class='ocrx_word' id='word_1_664' title='bbox 3321 2714 3599 2769; x_wconf 65' lang='lat' dir='ltr'>efﬁcaciae</span> <span class='ocrx_word' id='word_1_665' title='bbox 3640 2731 3750 2786; x_wconf 91' lang='lat' dir='ltr'>po-</span> 
     </span>
    </p>
   </div>
   <div class='ocr_carea' id='block_1_86' title="bbox 2104 2802 3742 2872">
    <p class='ocr_par' dir='ltr' id='par_1_86' title="bbox 2104 2802 3742 2872">
     <span class='ocr_line' id='line_1_86' title="bbox 2104 2802 3742 2872; baseline 0.001 -16"><span class='ocrx_word' id='word_1_666' title='bbox 2104 2808 2408 2858; x_wconf 84' lang='lat' dir='ltr'>testatum.</span> <span class='ocrx_word' id='word_1_667' title='bbox 2435 2805 2762 2857; x_wconf 88' lang='lat' dir='ltr'>Potestates</span> <span class='ocrx_word' id='word_1_668' title='bbox 2783 2802 3023 2872; x_wconf 85' lang='lat' dir='ltr'>quidem</span> <span class='ocrx_word' id='word_1_669' title='bbox 3051 2810 3110 2857; x_wconf 91' lang='lat' dir='ltr'>et</span> <span class='ocrx_word' id='word_1_670' title='bbox 3141 2803 3409 2857; x_wconf 86' lang='lat' dir='ltr'>inflrmos</span> <span class='ocrx_word' id='word_1_671' title='bbox 3433 2803 3742 2872; x_wconf 87' lang='lat' dir='ltr'>sanabant,</span> 
     </span>
    </p>
   </div>
   <div class='ocr_carea' id='block_1_87' title="bbox 2103 2891 3750 2962">
    <p class='ocr_par' dir='ltr' id='par_1_87' title="bbox 2103 2891 3750 2962">
     <span class='ocr_line' id='line_1_87' title="bbox 2103 2891 3750 2962; baseline 0 -15"><span class='ocrx_word' id='word_1_672' title='bbox 2103 2891 2649 2947; x_wconf 86' lang='lat' dir='ltr'>etcontradicentes</span> <span class='ocrx_word' id='word_1_673' title='bbox 2667 2891 3177 2961; x_wconf 86' lang='lat' dir='ltr'>puniebant,sicut</span> <span class='ocrx_word' id='word_1_674' title='bbox 3199 2891 3416 2945; x_wconf 87' lang='lat' dir='ltr'>Paulus</span> <span class='ocrx_word' id='word_1_675' title='bbox 3432 2892 3750 2962; x_wconf 79' lang='lat' dir='ltr'>Elymam”</span> 
     </span>
    </p>
   </div>
   <div class='ocr_carea' id='block_1_88' title="bbox 2104 2979 3748 3050">
    <p class='ocr_par' dir='ltr' id='par_1_88' title="bbox 2104 2979 3748 3050">
     <span class='ocr_line' id='line_1_88' title="bbox 2104 2979 3748 3050; baseline 0.001 -14"><span class='ocrx_word' id='word_1_676' title='bbox 2104 2989 2162 3036; x_wconf 88' lang='lat' dir='ltr'>et</span> <span class='ocrx_word' id='word_1_677' title='bbox 2194 2984 2402 3037; x_wconf 89' lang='lat' dir='ltr'>Petrus</span> <span class='ocrx_word' id='word_1_678' title='bbox 2434 2981 2725 3036; x_wconf 80' lang='lat' dir='ltr'>Ananiam</span> <span class='ocrx_word' id='word_1_679' title='bbox 2759 2979 2806 3015; x_wconf 76' lang='grc'>⁴⁰</span> <span class='ocrx_word' id='word_1_680' title='bbox 2839 2997 2852 3034; x_wconf 87' lang='lat'><strong>:</strong></span> <span class='ocrx_word' id='word_1_681' title='bbox 2886 2981 2985 3050; x_wconf 89' lang='lat' dir='ltr'>qui</span> <span class='ocrx_word' id='word_1_682' title='bbox 3017 2997 3152 3034; x_wconf 83' lang='lat' dir='ltr'>vero</span> <span class='ocrx_word' id='word_1_683' title='bbox 3185 2981 3341 3036; x_wconf 88' lang='lat' dir='ltr'>dona</span> <span class='ocrx_word' id='word_1_684' title='bbox 3371 2981 3748 3037; x_wconf 87' lang='lat' dir='ltr'>sanationum</span> 
     </span>
    </p>
   </div>
   <div class='ocr_carea' id='block_1_89' title="bbox 2102 3068 3749 3144">
    <p class='ocr_par' dir='ltr' id='par_1_89' title="bbox 2102 3068 3749 3144">
     <span class='ocr_line' id='line_1_89' title="bbox 2102 3068 3749 3144; baseline 0.002 -21"><span class='ocrx_word' id='word_1_685' title='bbox 2102 3070 2419 3133; x_wconf 86' lang='lat' dir='ltr'>habebant,</span> <span class='ocrx_word' id='word_1_686' title='bbox 2473 3069 2666 3123; x_wconf 87' lang='lat' dir='ltr'>solum</span> <span class='ocrx_word' id='word_1_687' title='bbox 2729 3068 3063 3122; x_wconf 85' lang='lat' dir='ltr'>sanabant:</span> <span class='ocrx_word' id='word_1_688' title='bbox 3112 3075 3384 3140; x_wconf 87' lang='lat' dir='ltr'>proterea</span> <span class='ocrx_word' id='word_1_689' title='bbox 3444 3076 3599 3126; x_wconf 88' lang='lat' dir='ltr'>etam</span> <span class='ocrx_word' id='word_1_690' title='bbox 3643 3090 3749 3144; x_wconf 88' lang='lat' dir='ltr'>po-</span> 
     </span>
    </p>
   </div>
   <div class='ocr_carea' id='block_1_90' title="bbox 2102 3158 3746 3232">
    <p class='ocr_par' dir='ltr' id='par_1_90' title="bbox 2102 3158 3746 3232">
     <span class='ocr_line' id='line_1_90' title="bbox 2102 3158 3746 3232; baseline 0.004 -20"><span class='ocrx_word' id='word_1_691' title='bbox 2102 3163 2346 3213; x_wconf 87' lang='lat' dir='ltr'>testates</span> <span class='ocrx_word' id='word_1_692' title='bbox 2370 3159 2431 3212; x_wconf 89' lang='lat' dir='ltr'>in</span> <span class='ocrx_word' id='word_1_693' title='bbox 2467 3159 2692 3212; x_wconf 86' lang='lat' dir='ltr'>honore</span> <span class='ocrx_word' id='word_1_694' title='bbox 2725 3158 3036 3228; x_wconf 61' lang='lat' dir='ltr'>praeponit.</span> <span class='ocrx_word' id='word_1_695' title='bbox 3070 3179 3097 3207; x_wconf 90' lang='grc'><strong>‹‹</strong></span> <span class='ocrx_word' id='word_1_696' title='bbox 3134 3158 3427 3215; x_wconf 85' lang='lat' dir='ltr'>Subsidia.</span> <span class='ocrx_word' id='word_1_697' title='bbox 3479 3180 3506 3210; x_wconf 71' lang='grc' dir='ltr'>ι»</span> <span class='ocrx_word' id='word_1_698' title='bbox 3562 3162 3746 3232; x_wconf 87' lang='lat' dir='ltr'>Opem</span> 
     </span>
    </p>
   </div>
   <div class='ocr_carea' id='block_1_91' title="bbox 2049 3247 3748 3320">
    <p class='ocr_par' dir='ltr' id='par_1_91' title="bbox 2049 3247 3748 3320">
     <span class='ocr_line' id='line_1_91' title="bbox 2049 3247 3748 3320; baseline 0.004 -20"><span class='ocrx_word' id='word_1_699' title='bbox 2049 3287 2065 3312; x_wconf 90' lang='lat'>,</span> <span class='ocrx_word' id='word_1_700' title='bbox 2105 3247 2260 3301; x_wconf 81' lang='lat' dir='ltr'>ferre</span> <span class='ocrx_word' id='word_1_701' title='bbox 2292 3247 2548 3318; x_wconf 66' lang='lat' dir='ltr'>aegrotis,</span> <span class='ocrx_word' id='word_1_702' title='bbox 2583 3247 2823 3318; x_wconf 75' lang='lat' dir='ltr'>illisque</span> <span class='ocrx_word' id='word_1_703' title='bbox 2853 3263 3106 3318; x_wconf 72' lang='lat' dir='ltr'>praeesse</span> <span class='ocrx_word' id='word_1_704' title='bbox 3135 3249 3331 3318; x_wconf 88' lang='lat' dir='ltr'>:quod</span> <span class='ocrx_word' id='word_1_705' title='bbox 3355 3250 3547 3320; x_wconf 90' lang='lat' dir='ltr'>ipsum</span> <span class='ocrx_word' id='word_1_706' title='bbox 3571 3250 3748 3307; x_wconf 86' lang='lat' dir='ltr'>etiam</span> 
     </span>
    </p>
   </div>
   <div class='ocr_carea' id='block_1_92' title="bbox 2107 3335 3747 3408">
    <p class='ocr_par' dir='ltr' id='par_1_92' title="bbox 2107 3335 3747 3408">
     <span class='ocr_line' id='line_1_92' title="bbox 2107 3335 3747 3408; baseline 0.002 -17"><span class='ocrx_word' id='word_1_707' title='bbox 2107 3335 2332 3391; x_wconf 90' lang='lat' dir='ltr'>donum</span> <span class='ocrx_word' id='word_1_708' title='bbox 2365 3336 2532 3401; x_wconf 86' lang='lat' dir='ltr'>dicit,</span> <span class='ocrx_word' id='word_1_709' title='bbox 2565 3336 2704 3393; x_wconf 91' lang='lat' dir='ltr'>licet</span> <span class='ocrx_word' id='word_1_710' title='bbox 2732 3337 2952 3391; x_wconf 88' lang='lat' dir='ltr'>nostris</span> <span class='ocrx_word' id='word_1_711' title='bbox 2981 3353 3218 3407; x_wconf 90' lang='lat' dir='ltr'>quoque</span> <span class='ocrx_word' id='word_1_712' title='bbox 3251 3353 3398 3408; x_wconf 90' lang='lat' dir='ltr'>opus</span> <span class='ocrx_word' id='word_1_713' title='bbox 3430 3339 3503 3392; x_wconf 89' lang='lat' dir='ltr'>sit</span> <span class='ocrx_word' id='word_1_714' title='bbox 3532 3337 3747 3394; x_wconf 88' lang='lat' dir='ltr'>labori-</span> 
     </span>
    </p>
   </div>
   <div class='ocr_carea' id='block_1_93' title="bbox 2103 3425 3749 3497">
    <p class='ocr_par' dir='ltr' id='par_1_93' title="bbox 2103 3425 3749 3497">
     <span class='ocr_line' id='line_1_93' title="bbox 2103 3425 3749 3497; baseline 0.003 -19"><span class='ocrx_word' id='word_1_715' title='bbox 2103 3425 2233 3479; x_wconf 89' lang='lat' dir='ltr'>bus.</span> <span class='ocrx_word' id='word_1_716' title='bbox 2259 3425 2423 3490; x_wconf 85' lang='lat' dir='ltr'>Quod</span> <span class='ocrx_word' id='word_1_717' title='bbox 2449 3430 2646 3480; x_wconf 89' lang='lat' dir='ltr'>autem</span> <span class='ocrx_word' id='word_1_718' title='bbox 2669 3425 2940 3496; x_wconf 85' lang='lat' dir='ltr'>sequitur</span> <span class='ocrx_word' id='word_1_719' title='bbox 2958 3425 3436 3497; x_wconf 84' lang='lat' dir='ltr'>gubernationes,</span> <span class='ocrx_word' id='word_1_720' title='bbox 3467 3427 3624 3482; x_wconf 84' lang='lat' dir='ltr'>idem</span> <span class='ocrx_word' id='word_1_721' title='bbox 3658 3434 3749 3483; x_wconf 89' lang='lat' dir='ltr'>est</span> 
     </span>
    </p>
   </div>
   <div class='ocr_carea' id='block_1_94' title="bbox 2103 3512 3746 3586">
    <p class='ocr_par' dir='ltr' id='par_1_94' title="bbox 2103 3512 3746 3586">
     <span class='ocr_line' id='line_1_94' title="bbox 2103 3512 3746 3586; baseline 0.003 -19"><span class='ocrx_word' id='word_1_722' title='bbox 2103 3512 2261 3584; x_wconf 92' lang='lat' dir='ltr'>quod</span> <span class='ocrx_word' id='word_1_723' title='bbox 2293 3513 2556 3569; x_wconf 88' lang='lat' dir='ltr'>subsidia</span> <span class='ocrx_word' id='word_1_724' title='bbox 2585 3520 2687 3570; x_wconf 88' lang='lat' dir='ltr'>aut</span> <span class='ocrx_word' id='word_1_725' title='bbox 2707 3514 3012 3586; x_wconf 85' lang='lat' dir='ltr'>quidpiam</span> <span class='ocrx_word' id='word_1_726' title='bbox 3045 3515 3260 3570; x_wconf 81' lang='lat' dir='ltr'>simile.</span> <span class='ocrx_word' id='word_1_727' title='bbox 3296 3540 3322 3564; x_wconf 84' lang='lat'><strong><em>«</em></strong></span> <span class='ocrx_word' id='word_1_728' title='bbox 3356 3518 3583 3572; x_wconf 86' lang='lat' dir='ltr'>Genera</span> <span class='ocrx_word' id='word_1_729' title='bbox 3626 3517 3746 3572; x_wconf 89' lang='lat' dir='ltr'>lin-</span> 
     </span>
    </p>
   </div>
   <div class='ocr_carea' id='block_1_95' title="bbox 2102 3604 3746 3676">
    <p class='ocr_par' dir='ltr' id='par_1_95' title="bbox 2102 3604 3746 3676">
     <span class='ocr_line' id='line_1_95' title="bbox 2102 3604 3746 3676; baseline 0.002 -18"><span class='ocrx_word' id='word_1_730' title='bbox 2102 3619 2371 3676; x_wconf 82' lang='lat' dir='ltr'>gnarum.</span> <span class='ocrx_word' id='word_1_731' title='bbox 2404 3608 2522 3659; x_wconf 89' lang='lat' dir='ltr'>Hoc</span> <span class='ocrx_word' id='word_1_732' title='bbox 2551 3604 2773 3658; x_wconf 88' lang='lat' dir='ltr'>donum</span> <span class='ocrx_word' id='word_1_733' title='bbox 2806 3611 3159 3676; x_wconf 89' lang='lat' dir='ltr'>acceperant</span> <span class='ocrx_word' id='word_1_734' title='bbox 3188 3606 3497 3670; x_wconf 87' lang='lat' dir='ltr'>Corinthii,</span> <span class='ocrx_word' id='word_1_735' title='bbox 3559 3611 3617 3661; x_wconf 90' lang='lat' dir='ltr'>et</span> <span class='ocrx_word' id='word_1_736' title='bbox 3673 3607 3746 3662; x_wconf 90' lang='lat' dir='ltr'>ob</span> 
     </span>
    </p>
   </div>
   <div class='ocr_carea' id='block_1_96' title="bbox 2103 3693 3747 3766">
    <p class='ocr_par' dir='ltr' id='par_1_96' title="bbox 2103 3693 3747 3766">
     <span class='ocr_line' id='line_1_96' title="bbox 2103 3693 3747 3766; baseline 0.001 -18"><span class='ocrx_word' id='word_1_737' title='bbox 2103 3693 2214 3749; x_wconf 84' lang='lat' dir='ltr'>hoc</span> <span class='ocrx_word' id='word_1_738' title='bbox 2237 3693 2562 3764; x_wconf 90' lang='lat' dir='ltr'>plurimum</span> <span class='ocrx_word' id='word_1_739' title='bbox 2581 3693 3003 3751; x_wconf 69' lang='lat' dir='ltr'>eﬂerehantur:</span> <span class='ocrx_word' id='word_1_740' title='bbox 3030 3695 3281 3766; x_wconf 90' lang='lat' dir='ltr'>ideoque</span> <span class='ocrx_word' id='word_1_741' title='bbox 3303 3695 3376 3750; x_wconf 90' lang='lat' dir='ltr'>ad</span> <span class='ocrx_word' id='word_1_742' title='bbox 3394 3696 3747 3750; x_wconf 86' lang='lat' dir='ltr'>modestiam</span> 
     </span>
    </p>
   </div>
   <div class='ocr_carea' id='block_1_97' title="bbox 2103 3783 3742 3853">
    <p class='ocr_par' dir='ltr' id='par_1_97' title="bbox 2103 3783 3742 3853">
     <span class='ocr_line' id='line_1_97' title="bbox 2103 3783 3742 3853; baseline -0.001 -17"><span class='ocrx_word' id='word_1_743' title='bbox 2103 3798 2384 3837; x_wconf 87' lang='lat' dir='ltr'>revocans</span> <span class='ocrx_word' id='word_1_744' title='bbox 2414 3783 2631 3836; x_wconf 87' lang='lat' dir='ltr'>fastum</span> <span class='ocrx_word' id='word_1_745' title='bbox 2666 3783 2952 3853; x_wconf 89' lang='lat' dir='ltr'>ipsorum,</span> <span class='ocrx_word' id='word_1_746' title='bbox 2988 3789 3286 3853; x_wconf 89' lang='lat' dir='ltr'>postremo</span> <span class='ocrx_word' id='word_1_747' title='bbox 3335 3783 3465 3837; x_wconf 91' lang='lat' dir='ltr'>loco</span> <span class='ocrx_word' id='word_1_748' title='bbox 3525 3783 3742 3853; x_wconf 89' lang='lat' dir='ltr'>posuit.</span> 
     </span>
    </p>
   </div>
   <div class='ocr_carea' id='block_1_98' title="bbox 2106 3869 3746 3943">
    <p class='ocr_par' dir='ltr' id='par_1_98' title="bbox 2106 3869 3746 3943">
     <span class='ocr_line' id='line_1_98' title="bbox 2106 3869 3746 3943; baseline 0.002 -20"><span class='ocrx_word' id='word_1_749' title='bbox 2106 3893 2129 3922; x_wconf 77' lang='grc' dir='ltr'>ι</span> <span class='ocrx_word' id='word_1_750' title='bbox 2165 3873 2314 3926; x_wconf 86' lang='lat' dir='ltr'>Num</span> <span class='ocrx_word' id='word_1_751' title='bbox 2345 3887 2556 3926; x_wconf 89' lang='lat' dir='ltr'>omnes</span> <span class='ocrx_word' id='word_1_752' title='bbox 2586 3872 2886 3943; x_wconf 83' lang='lat' dir='ltr'>apostoli?</span> <span class='ocrx_word' id='word_1_753' title='bbox 2917 3891 2941 3921; x_wconf 70' lang='grc' dir='ltr'>ι</span> <span class='ocrx_word' id='word_1_754' title='bbox 2975 3871 3196 3926; x_wconf 90' lang='lat' dir='ltr'>Deinde</span> <span class='ocrx_word' id='word_1_755' title='bbox 3229 3887 3301 3926; x_wconf 88' lang='lat' dir='ltr'>ne</span> <span class='ocrx_word' id='word_1_756' title='bbox 3320 3871 3431 3925; x_wconf 89' lang='lat' dir='ltr'>hoc</span> <span class='ocrx_word' id='word_1_757' title='bbox 3452 3869 3661 3925; x_wconf 89' lang='lat' dir='ltr'>ordine</span> <span class='ocrx_word' id='word_1_758' title='bbox 3688 3876 3746 3926; x_wconf 89' lang='lat' dir='ltr'>et</span> 
     </span>
    </p>
   </div>
   <div class='ocr_carea' id='block_1_99' title="bbox 2103 3965 3746 4038">
    <p class='ocr_par' dir='ltr' id='par_1_99' title="bbox 2103 3965 3746 4038">
     <span class='ocr_line' id='line_1_99' title="bbox 2103 3965 3746 4038; baseline 0.001 -18"><span class='ocrx_word' id='word_1_759' title='bbox 2103 3983 2172 4020; x_wconf 83' lang='lat' dir='ltr'><strong>ex</strong></span> <span class='ocrx_word' id='word_1_760' title='bbox 2203 3982 2270 4020; x_wconf 92' lang='lat' dir='ltr'>eo</span> <span class='ocrx_word' id='word_1_761' title='bbox 2303 3965 2460 4037; x_wconf 89' lang='lat' dir='ltr'>quod</span> <span class='ocrx_word' id='word_1_762' title='bbox 2494 3967 2720 4038; x_wconf 86' lang='lat' dir='ltr'>majora</span> <span class='ocrx_word' id='word_1_763' title='bbox 2750 3981 2815 4020; x_wconf 88' lang='lat' dir='ltr'>ac</span> <span class='ocrx_word' id='word_1_764' title='bbox 2847 3965 3078 4019; x_wconf 89' lang='lat' dir='ltr'>minora</span> <span class='ocrx_word' id='word_1_765' title='bbox 3136 3965 3291 4020; x_wconf 86' lang='lat' dir='ltr'>dona</span> <span class='ocrx_word' id='word_1_766' title='bbox 3337 3965 3746 4021; x_wconf 82' lang='lat' dir='ltr'>manifestave-</span> 
     </span>
    </p>
   </div>
   <div class='ocr_carea' id='block_1_100' title="bbox 2099 4054 3740 4126">
    <p class='ocr_par' dir='ltr' id='par_1_100' title="bbox 2099 4054 3740 4126">
     <span class='ocr_line' id='line_1_100' title="bbox 2099 4054 3740 4126; baseline 0.002 -18"><span class='ocrx_word' id='word_1_767' title='bbox 2099 4056 2179 4108; x_wconf 87' lang='lat' dir='ltr'>rit</span> <span class='ocrx_word' id='word_1_768' title='bbox 2206 4055 2483 4112; x_wconf 89' lang='lat' dir='ltr'>omnibus</span> <span class='ocrx_word' id='word_1_769' title='bbox 2512 4071 2825 4110; x_wconf 76' lang='lat' dir='ltr'>mmrorem</span> <span class='ocrx_word' id='word_1_770' title='bbox 2851 4054 3084 4124; x_wconf 85' lang='lat' dir='ltr'>injiciat</span> <span class='ocrx_word' id='word_1_771' title='bbox 3114 4055 3214 4125; x_wconf 88' lang='lat' dir='ltr'>qui</span> <span class='ocrx_word' id='word_1_772' title='bbox 3246 4055 3478 4111; x_wconf 88' lang='lat' dir='ltr'>minora</span> <span class='ocrx_word' id='word_1_773' title='bbox 3499 4056 3740 4126; x_wconf 88' lang='lat' dir='ltr'>habent,</span> 
     </span>
    </p>
   </div>
   <div class='ocr_carea' id='block_1_101' title="bbox 2101 4143 3744 4217">
    <p class='ocr_par' dir='ltr' id='par_1_101' title="bbox 2101 4143 3744 4217">
     <span class='ocr_line' id='line_1_101' title="bbox 2101 4143 3744 4217; baseline 0.002 -19"><span class='ocrx_word' id='word_1_774' title='bbox 2101 4143 2237 4198; x_wconf 88' lang='lat' dir='ltr'>audi</span> <span class='ocrx_word' id='word_1_775' title='bbox 2261 4145 2400 4214; x_wconf 90' lang='lat' dir='ltr'>quid</span> <span class='ocrx_word' id='word_1_776' title='bbox 2424 4143 2752 4202; x_wconf 86' lang='lat' dir='ltr'>dicat.Num</span> <span class='ocrx_word' id='word_1_777' title='bbox 2773 4161 2979 4198; x_wconf 88' lang='lat' dir='ltr'>omnes</span> <span class='ocrx_word' id='word_1_778' title='bbox 3002 4145 3253 4216; x_wconf 88' lang='lat' dir='ltr'>apostoli</span> <span class='ocrx_word' id='word_1_779' title='bbox 3277 4151 3379 4201; x_wconf 88' lang='lat' dir='ltr'>aut</span> <span class='ocrx_word' id='word_1_780' title='bbox 3398 4147 3700 4217; x_wconf 84' lang='lat' dir='ltr'>prophetae</span> <span class='ocrx_word' id='word_1_781' title='bbox 3717 4149 3744 4201; x_wconf 86' lang='lat'><strong><em>?</em></strong></span> 
     </span>
    </p>
   </div>
   <div class='ocr_carea' id='block_1_102' title="bbox 2102 4232 3743 4304">
    <p class='ocr_par' dir='ltr' id='par_1_102' title="bbox 2102 4232 3743 4304">
     <span class='ocr_line' id='line_1_102' title="bbox 2102 4232 3743 4304; baseline 0.002 -19"><span class='ocrx_word' id='word_1_782' title='bbox 2102 4233 2244 4287; x_wconf 87' lang='lat' dir='ltr'>Nam</span> <span class='ocrx_word' id='word_1_783' title='bbox 2277 4232 2324 4286; x_wconf 89' lang='lat' dir='ltr'>si</span> <span class='ocrx_word' id='word_1_784' title='bbox 2358 4249 2565 4287; x_wconf 89' lang='lat' dir='ltr'>omnes</span> <span class='ocrx_word' id='word_1_785' title='bbox 2594 4249 2778 4287; x_wconf 90' lang='lat' dir='ltr'>unum</span> <span class='ocrx_word' id='word_1_786' title='bbox 2814 4239 3034 4296; x_wconf 87' lang='lat' dir='ltr'>essent,</span> <span class='ocrx_word' id='word_1_787' title='bbox 3082 4250 3459 4304; x_wconf 88' lang='lat' dir='ltr'>nequaquam</span> <span class='ocrx_word' id='word_1_788' title='bbox 3513 4234 3743 4288; x_wconf 88' lang='lat' dir='ltr'>diversa</span> 
     </span>
    </p>
   </div>
   <div class='ocr_carea' id='block_1_103' title="bbox 2103 4321 3740 4393">
    <p class='ocr_par' dir='ltr' id='par_1_103' title="bbox 2103 4321 3740 4393">
     <span class='ocr_line' id='line_1_103' title="bbox 2103 4321 3740 4393; baseline 0.001 -19"><span class='ocrx_word' id='word_1_789' title='bbox 2103 4325 2300 4375; x_wconf 88' lang='lat' dir='ltr'>essent</span> <span class='ocrx_word' id='word_1_790' title='bbox 2331 4321 2617 4376; x_wconf 84' lang='lat' dir='ltr'>membra.</span> <span class='ocrx_word' id='word_1_791' title='bbox 2644 4321 2698 4374; x_wconf 89' lang='lat' dir='ltr'>Si</span> <span class='ocrx_word' id='word_1_792' title='bbox 2716 4321 3165 4393; x_wconf 86' lang='lat' dir='ltr'>omnes,inquit,</span> <span class='ocrx_word' id='word_1_793' title='bbox 3190 4328 3391 4377; x_wconf 88' lang='lat' dir='ltr'>essent</span> <span class='ocrx_word' id='word_1_794' title='bbox 3413 4323 3740 4393; x_wconf 81' lang='lat' dir='ltr'>prophetae,</span> 
     </span>
    </p>
   </div>
   <div class='ocr_carea' id='block_1_104' title="bbox 2099 4409 3742 4484">
    <p class='ocr_par' dir='ltr' id='par_1_104' title="bbox 2099 4409 3742 4484">
     <span class='ocr_line' id='line_1_104' title="bbox 2099 4409 3742 4484; baseline 0.002 -21"><span class='ocrx_word' id='word_1_795' title='bbox 2099 4409 2202 4463; x_wconf 92' lang='lat' dir='ltr'>ubi</span> <span class='ocrx_word' id='word_1_796' title='bbox 2234 4409 2609 4480; x_wconf 83' lang='lat' dir='ltr'>apostoli?si</span> <span class='ocrx_word' id='word_1_797' title='bbox 2662 4427 2870 4466; x_wconf 90' lang='lat' dir='ltr'>omnes</span> <span class='ocrx_word' id='word_1_798' title='bbox 2927 4411 3202 4484; x_wconf 89' lang='lat' dir='ltr'>apostoli,</span> <span class='ocrx_word' id='word_1_799' title='bbox 3261 4411 3362 4466; x_wconf 90' lang='lat' dir='ltr'>ubi</span> <span class='ocrx_word' id='word_1_800' title='bbox 3413 4411 3742 4466; x_wconf 85' lang='lat' dir='ltr'>doctores?</span> 
     </span>
    </p>
   </div>
   <div class='ocr_carea' id='block_1_105' title="bbox 2101 4497 3744 4571">
    <p class='ocr_par' dir='ltr' id='par_1_105' title="bbox 2101 4497 3744 4571">
     <span class='ocr_line' id='line_1_105' title="bbox 2101 4497 3744 4571; baseline 0.002 -20"><span class='ocrx_word' id='word_1_801' title='bbox 2101 4497 2204 4552; x_wconf 83' lang='lat' dir='ltr'>llic</span> <span class='ocrx_word' id='word_1_802' title='bbox 2233 4499 2432 4569; x_wconf 89' lang='lat' dir='ltr'>itaque</span> <span class='ocrx_word' id='word_1_803' title='bbox 2463 4499 2608 4555; x_wconf 92' lang='lat' dir='ltr'>ordo</span> <span class='ocrx_word' id='word_1_804' title='bbox 2640 4501 2962 4571; x_wconf 91' lang='lat' dir='ltr'>plurimum</span> <span class='ocrx_word' id='word_1_805' title='bbox 2991 4500 3564 4569; x_wconf 85' lang='lat' dir='ltr'>confert,ostendens</span> <span class='ocrx_word' id='word_1_806' title='bbox 3587 4499 3744 4571; x_wconf 90' lang='lat' dir='ltr'>quod</span> 
     </span>
    </p>
   </div>
   <div class='ocr_carea' id='block_1_106' title="bbox 2101 4587 3096 4662">
    <p class='ocr_par' dir='ltr' id='par_1_106' title="bbox 2101 4587 3096 4662">
     <span class='ocr_line' id='line_1_106' title="bbox 2101 4587 3096 4662; baseline 0.006 -21"><span class='ocrx_word' id='word_1_807' title='bbox 2101 4587 2352 4658; x_wconf 87' lang='lat' dir='ltr'>quisque</span> <span class='ocrx_word' id='word_1_808' title='bbox 2385 4591 2652 4661; x_wconf 81' lang='lat' dir='ltr'>proximo</span> <span class='ocrx_word' id='word_1_809' title='bbox 2684 4607 2831 4662; x_wconf 83' lang='lat' dir='ltr'>Opus</span> <span class='ocrx_word' id='word_1_810' title='bbox 2863 4592 3096 4647; x_wconf 88' lang='lat' dir='ltr'>habeat.</span> 
     </span>
    </p>
   </div>
   <div class='ocr_carea' id='block_1_107' title="bbox 2174 4677 3745 4750">
    <p class='ocr_par' dir='ltr' id='par_1_107' title="bbox 2174 4677 3745 4750">
     <span class='ocr_line' id='line_1_107' title="bbox 2174 4677 3745 4750; baseline 0 -18"><span class='ocrx_word' id='word_1_811' title='bbox 2174 4677 2294 4748; x_wconf 86' lang='lat' dir='ltr'>XII,</span> <span class='ocrx_word' id='word_1_812' title='bbox 2327 4679 2388 4732; x_wconf 81' lang='grc'><strong>31</strong></span> <span class='ocrx_word' id='word_1_813' title='bbox 2413 4696 2426 4744; x_wconf 89' lang='lat'><strong>;</strong></span> <span class='ocrx_word' id='word_1_814' title='bbox 2456 4679 2601 4744; x_wconf 80' lang='lat' dir='ltr'><strong>XIII,</strong></span> <span class='ocrx_word' id='word_1_815' title='bbox 2635 4682 2742 4734; x_wconf 82' lang='grc'>1-3.</span> <span class='ocrx_word' id='word_1_816' title='bbox 2777 4683 3135 4736; x_wconf 70' lang='grc' dir='ltr'>ιΕηιιιιωηιήἱ</span> <span class='ocrx_word' id='word_1_817' title='bbox 3159 4687 3339 4736; x_wconf 84' lang='lat' dir='ltr'>autem</span> <span class='ocrx_word' id='word_1_818' title='bbox 3369 4682 3514 4735; x_wconf 86' lang='lat' dir='ltr'>dona</span> <span class='ocrx_word' id='word_1_819' title='bbox 3560 4681 3745 4750; x_wconf 79' lang='lat' dir='ltr'>potio-</span> 
     </span>
    </p>
   </div>
   <div class='ocr_carea' id='block_1_108' title="bbox 2099 4768 3741 4840">
    <p class='ocr_par' dir='ltr' id='par_1_108' title="bbox 2099 4768 3741 4840">
     <span class='ocr_line' id='line_1_108' title="bbox 2099 4768 3741 4840; baseline 0 -18"><span class='ocrx_word' id='word_1_820' title='bbox 2099 4783 2167 4822; x_wconf 79' lang='lat' dir='ltr'>ra</span> <span class='ocrx_word' id='word_1_821' title='bbox 2200 4785 2212 4821; x_wconf 88' lang='lat'><strong>:</strong></span> <span class='ocrx_word' id='word_1_822' title='bbox 2247 4775 2299 4823; x_wconf 87' lang='lat' dir='ltr'>et</span> <span class='ocrx_word' id='word_1_823' title='bbox 2318 4771 2441 4840; x_wconf 87' lang='lat' dir='ltr'>jam</span> <span class='ocrx_word' id='word_1_824' title='bbox 2472 4769 2801 4825; x_wconf 70' lang='lat' dir='ltr'>excellenter</span> <span class='ocrx_word' id='word_1_825' title='bbox 2827 4772 2973 4825; x_wconf 81' lang='lat' dir='ltr'>uiam</span> <span class='ocrx_word' id='word_1_826' title='bbox 2992 4771 3142 4826; x_wconf 78' lang='lat' dir='ltr'>vobis</span> <span class='ocrx_word' id='word_1_827' title='bbox 3174 4771 3413 4826; x_wconf 79' lang='lat' dir='ltr'>ostendo.</span> <span class='ocrx_word' id='word_1_828' title='bbox 3445 4769 3506 4826; x_wconf 87' lang='lat' dir='ltr'>Si</span> <span class='ocrx_word' id='word_1_829' title='bbox 3536 4768 3741 4838; x_wconf 79' lang='lat' dir='ltr'>linguis</span> 
     </span>
    </p>
   </div>
   <div class='ocr_carea' id='block_1_109' title="bbox 2099 4856 3743 4928">
    <p class='ocr_par' dir='ltr' id='par_1_109' title="bbox 2099 4856 3743 4928">
     <span class='ocr_line' id='line_1_109' title="bbox 2099 4856 3743 4928; baseline 0.001 -17"><span class='ocrx_word' id='word_1_830' title='bbox 2099 4856 2377 4912; x_wconf 79' lang='lat' dir='ltr'>hominum</span> <span class='ocrx_word' id='word_1_831' title='bbox 2405 4858 2603 4928; x_wconf 88' lang='lat' dir='ltr'>loquar</span> <span class='ocrx_word' id='word_1_832' title='bbox 2631 4865 2682 4913; x_wconf 89' lang='lat' dir='ltr'>et</span> <span class='ocrx_word' id='word_1_833' title='bbox 2710 4861 3051 4927; x_wconf 82' lang='lat' dir='ltr'>angelorum,</span> <span class='ocrx_word' id='word_1_834' title='bbox 3085 4860 3412 4914; x_wconf 85' lang='lat' dir='ltr'>charitatem</span> <span class='ocrx_word' id='word_1_835' title='bbox 3433 4865 3614 4914; x_wconf 84' lang='lat' dir='ltr'>autem</span> <span class='ocrx_word' id='word_1_836' title='bbox 3634 4874 3743 4912; x_wconf 87' lang='lat' dir='ltr'>non</span> 
     </span>
    </p>
   </div>
   <div class='ocr_carea' id='block_1_110' title="bbox 2099 4946 3739 5024">
    <p class='ocr_par' dir='ltr' id='par_1_110' title="bbox 2099 4946 3739 5024">
     <span class='ocr_line' id='line_1_110' title="bbox 2099 4946 3739 5024; baseline 0.001 -23"><span class='ocrx_word' id='word_1_837' title='bbox 2099 4946 2346 5015; x_wconf 85' lang='lat' dir='ltr'>habeam,</span> <span class='ocrx_word' id='word_1_838' title='bbox 2401 4950 2582 5017; x_wconf 83' lang='lat' dir='ltr'>factus</span> <span class='ocrx_word' id='word_1_839' title='bbox 2637 4964 2755 5003; x_wconf 86' lang='lat' dir='ltr'>sum</span> <span class='ocrx_word' id='word_1_840' title='bbox 2805 4965 2878 5003; x_wconf 72' lang='lat' dir='ltr'>aes</span> <span class='ocrx_word' id='word_1_841' title='bbox 2928 4965 3208 5018; x_wconf 81' lang='lat' dir='ltr'>resonans,</span> <span class='ocrx_word' id='word_1_842' title='bbox 3267 4956 3363 5004; x_wconf 91' lang='lat' dir='ltr'>aut</span> <span class='ocrx_word' id='word_1_843' title='bbox 3425 4948 3739 5024; x_wconf 81' lang='lat' dir='ltr'>cymbulum</span> 
     </span>
    </p>
   </div>
   <div class='ocr_carea' id='block_1_111' title="bbox 2099 5037 3738 5108">
    <p class='ocr_par' dir='ltr' id='par_1_111' title="bbox 2099 5037 3738 5108">
     <span class='ocr_line' id='line_1_111' title="bbox 2099 5037 3738 5108; baseline 0.004 -19"><span class='ocrx_word' id='word_1_844' title='bbox 2099 5037 2361 5091; x_wconf 76' lang='lat' dir='ltr'>tinniens.</span> <span class='ocrx_word' id='word_1_845' title='bbox 2409 5040 2475 5091; x_wconf 84' lang='lat' dir='ltr'>Et</span> <span class='ocrx_word' id='word_1_846' title='bbox 2503 5039 2552 5092; x_wconf 71' lang='lat' dir='ltr'>si</span> <span class='ocrx_word' id='word_1_847' title='bbox 2583 5037 2808 5091; x_wconf 81' lang='lat' dir='ltr'>habeam</span> <span class='ocrx_word' id='word_1_848' title='bbox 2832 5038 3192 5108; x_wconf 78' lang='lat' dir='ltr'>prophetiam</span> <span class='ocrx_word' id='word_1_849' title='bbox 3224 5046 3274 5094; x_wconf 84' lang='lat' dir='ltr'>et</span> <span class='ocrx_word' id='word_1_850' title='bbox 3319 5041 3565 5095; x_wconf 82' lang='lat' dir='ltr'>noverim</span> <span class='ocrx_word' id='word_1_851' title='bbox 3593 5055 3738 5108; x_wconf 87' lang='lat' dir='ltr'>mys-</span> 
     </span>
    </p>
   </div>
   <div class='ocr_carea' id='block_1_112' title="bbox 2099 5127 3741 5198">
    <p class='ocr_par' dir='ltr' id='par_1_112' title="bbox 2099 5127 3741 5198">
     <span class='ocr_line' id='line_1_112' title="bbox 2099 5127 3741 5198; baseline 0.003 -20"><span class='ocrx_word' id='word_1_852' title='bbox 2099 5127 2240 5179; x_wconf 84' lang='lat' dir='ltr'>teria</span> <span class='ocrx_word' id='word_1_853' title='bbox 2269 5128 2458 5182; x_wconf 82' lang='lat' dir='ltr'>omnia</span> <span class='ocrx_word' id='word_1_854' title='bbox 2487 5127 2634 5182; x_wconf 73' lang='lat'>541</span> <span class='ocrx_word' id='word_1_855' title='bbox 2683 5143 3002 5198; x_wconf 87' lang='lat' dir='ltr'>omnemque</span> <span class='ocrx_word' id='word_1_856' title='bbox 3056 5131 3390 5184; x_wconf 80' lang='lat' dir='ltr'>scientiam:</span> <span class='ocrx_word' id='word_1_857' title='bbox 3445 5136 3497 5183; x_wconf 86' lang='lat' dir='ltr'>et</span> <span class='ocrx_word' id='word_1_858' title='bbox 3553 5131 3600 5184; x_wconf 88' lang='lat' dir='ltr'>si</span> <span class='ocrx_word' id='word_1_859' title='bbox 3643 5128 3741 5183; x_wconf 88' lang='lat' dir='ltr'>ha-</span> 
     </span>
    </p>
   </div>
   <div class='ocr_carea' id='block_1_113' title="bbox 2098 5215 3742 5287">
    <p class='ocr_par' dir='ltr' id='par_1_113' title="bbox 2098 5215 3742 5287">
     <span class='ocr_line' id='line_1_113' title="bbox 2098 5215 3742 5287; baseline 0.003 -20"><span class='ocrx_word' id='word_1_860' title='bbox 2098 5215 2248 5268; x_wconf 87' lang='lat' dir='ltr'>beam</span> <span class='ocrx_word' id='word_1_861' title='bbox 2278 5229 2488 5270; x_wconf 87' lang='lat' dir='ltr'>omnem</span> <span class='ocrx_word' id='word_1_862' title='bbox 2518 5216 2700 5286; x_wconf 75' lang='lat' dir='ltr'>ﬁdem,</span> <span class='ocrx_word' id='word_1_863' title='bbox 2730 5217 2864 5272; x_wconf 85' lang='lat' dir='ltr'>adeo</span> <span class='ocrx_word' id='word_1_864' title='bbox 2894 5223 2953 5272; x_wconf 86' lang='lat' dir='ltr'>ut</span> <span class='ocrx_word' id='word_1_865' title='bbox 2983 5225 3190 5274; x_wconf 87' lang='lat' dir='ltr'>montes</span> <span class='ocrx_word' id='word_1_866' title='bbox 3212 5225 3586 5287; x_wconf 84' lang='lat' dir='ltr'>transmutem,</span> <span class='ocrx_word' id='word_1_867' title='bbox 3611 5216 3742 5272; x_wconf 86' lang='lat' dir='ltr'>cha-</span> 
     </span>
    </p>
   </div>
   <div class='ocr_carea' id='block_1_114' title="bbox 2092 5305 3739 5378">
    <p class='ocr_par' dir='ltr' id='par_1_114' title="bbox 2092 5305 3739 5378">
     <span class='ocr_line' id='line_1_114' title="bbox 2092 5305 3739 5378; baseline 0.002 -21"><span class='ocrx_word' id='word_1_868' title='bbox 2092 5305 2313 5358; x_wconf 83' lang='lat' dir='ltr'>ritatem</span> <span class='ocrx_word' id='word_1_869' title='bbox 2344 5310 2528 5358; x_wconf 86' lang='lat' dir='ltr'>autem</span> <span class='ocrx_word' id='word_1_870' title='bbox 2556 5321 2667 5358; x_wconf 88' lang='lat' dir='ltr'>non</span> <span class='ocrx_word' id='word_1_871' title='bbox 2698 5305 2948 5373; x_wconf 84' lang='lat' dir='ltr'>habeam,</span> <span class='ocrx_word' id='word_1_872' title='bbox 2974 5308 3120 5362; x_wconf 83' lang='lat' dir='ltr'>nihil</span> <span class='ocrx_word' id='word_1_873' title='bbox 3136 5324 3278 5364; x_wconf 91' lang='lat' dir='ltr'>sum.</span> <span class='ocrx_word' id='word_1_874' title='bbox 3311 5309 3378 5363; x_wconf 86' lang='lat' dir='ltr'>Et</span> <span class='ocrx_word' id='word_1_875' title='bbox 3404 5311 3452 5364; x_wconf 83' lang='lat' dir='ltr'>si</span> <span class='ocrx_word' id='word_1_876' title='bbox 3465 5322 3739 5378; x_wconf 80' lang='lat' dir='ltr'>pauperes</span> 
     </span>
    </p>
   </div>
   <div class='ocr_carea' id='block_1_115' title="bbox 2093 5392 3734 5466">
    <p class='ocr_par' dir='ltr' id='par_1_115' title="bbox 2093 5392 3734 5466">
     <span class='ocr_line' id='line_1_115' title="bbox 2093 5392 3734 5466; baseline 0.002 -21"><span class='ocrx_word' id='word_1_877' title='bbox 2093 5392 2291 5447; x_wconf 87' lang='lat' dir='ltr'>alendo</span> <span class='ocrx_word' id='word_1_878' title='bbox 2317 5395 2590 5448; x_wconf 87' lang='lat' dir='ltr'>insumam</span> <span class='ocrx_word' id='word_1_879' title='bbox 2621 5410 2802 5450; x_wconf 84' lang='lat' dir='ltr'>omnes</span> <span class='ocrx_word' id='word_1_880' title='bbox 2819 5397 3116 5466; x_wconf 82' lang='lat' dir='ltr'>facultates</span> <span class='ocrx_word' id='word_1_881' title='bbox 3144 5415 3289 5454; x_wconf 87' lang='lat' dir='ltr'>meas</span> <span class='ocrx_word' id='word_1_882' title='bbox 3319 5416 3338 5453; x_wconf 89' lang='lat'><strong><em>:</em></strong></span> <span class='ocrx_word' id='word_1_883' title='bbox 3363 5404 3414 5454; x_wconf 86' lang='lat' dir='ltr'>et</span> <span class='ocrx_word' id='word_1_884' title='bbox 3441 5400 3488 5453; x_wconf 89' lang='lat' dir='ltr'>si</span> <span class='ocrx_word' id='word_1_885' title='bbox 3519 5395 3734 5451; x_wconf 79' lang='lat' dir='ltr'>tradam</span> 
     </span>
    </p>
   </div>
   <div class='ocr_carea' id='block_1_116' title="bbox 2093 5486 3734 5556">
    <p class='ocr_par' dir='ltr' id='par_1_116' title="bbox 2093 5486 3734 5556">
     <span class='ocr_line' id='line_1_116' title="bbox 2093 5486 3734 5556; baseline 0.001 -20"><span class='ocrx_word' id='word_1_886' title='bbox 2093 5495 2288 5552; x_wconf 66' lang='lat' dir='ltr'>camus</span> <span class='ocrx_word' id='word_1_887' title='bbox 2311 5498 2506 5548; x_wconf 88' lang='lat' dir='ltr'>meum,</span> <span class='ocrx_word' id='word_1_888' title='bbox 2544 5489 2605 5538; x_wconf 84' lang='lat' dir='ltr'>ut</span> <span class='ocrx_word' id='word_1_889' title='bbox 2645 5486 2954 5556; x_wconf 85' lang='lat' dir='ltr'>comburar,</span> <span class='ocrx_word' id='word_1_890' title='bbox 3005 5487 3335 5544; x_wconf 82' lang='lat' dir='ltr'>charitatem</span> <span class='ocrx_word' id='word_1_891' title='bbox 3389 5494 3570 5541; x_wconf 81' lang='lat' dir='ltr'>autem</span> <span class='ocrx_word' id='word_1_892' title='bbox 3624 5499 3734 5538; x_wconf 86' lang='lat' dir='ltr'>non</span> 
     </span>
    </p>
   </div>
   <div class='ocr_carea' id='block_1_117' title="bbox 2093 5570 2929 5646">
    <p class='ocr_par' dir='ltr' id='par_1_117' title="bbox 2093 5570 2929 5646">
     <span class='ocr_line' id='line_1_117' title="bbox 2093 5570 2929 5646; baseline 0.008 -21"><span class='ocrx_word' id='word_1_893' title='bbox 2093 5570 2340 5643; x_wconf 83' lang='lat' dir='ltr'>habeam,</span> <span class='ocrx_word' id='word_1_894' title='bbox 2362 5573 2505 5629; x_wconf 78' lang='lat' dir='ltr'>nihil</span> <span class='ocrx_word' id='word_1_895' title='bbox 2531 5574 2669 5629; x_wconf 82' lang='lat' dir='ltr'>mihi</span> <span class='ocrx_word' id='word_1_896' title='bbox 2684 5578 2929 5646; x_wconf 81' lang='lat' dir='ltr'>prodest.</span> 
     </span>
    </p>
   </div>
   <div class='ocr_carea' id='block_1_118' title="bbox 398 5701 1994 5789">
    <p class='ocr_par' dir='ltr' id='par_1_118' title="bbox 398 5701 1992 5773">
     <span class='ocr_line' id='line_1_118' title="bbox 398 5701 1992 5773; baseline 0.006 -17"><span class='ocrx_word' id='word_1_897' title='bbox 398 5701 446 5736; x_wconf 81' lang='grc'>³⁷</span> <span class='ocrx_word' id='word_1_898' title='bbox 476 5706 601 5758; x_wconf 72' lang='lat' dir='ltr'>Act.</span> <span class='ocrx_word' id='word_1_899' title='bbox 636 5718 713 5772; x_wconf 76' lang='grc' dir='ltr'>ιι,</span> <span class='ocrx_word' id='word_1_900' title='bbox 745 5703 813 5755; x_wconf 74' lang='lat'>28</span> <span class='ocrx_word' id='word_1_901' title='bbox 846 5717 860 5768; x_wconf 93' lang='lat'><strong>;</strong></span> <span class='ocrx_word' id='word_1_902' title='bbox 894 5717 1008 5771; x_wconf 80' lang='lat' dir='ltr'><strong>xxi,</strong></span> <span class='ocrx_word' id='word_1_903' title='bbox 1051 5705 1133 5758; x_wconf 88' lang='grc'>10.</span> <span class='ocrx_word' id='word_1_904' title='bbox 1167 5701 1216 5736; x_wconf 79' lang='grc'>³⁸</span> <span class='ocrx_word' id='word_1_905' title='bbox 1246 5705 1380 5762; x_wconf 86' lang='lat' dir='ltr'>Luc.</span> <span class='ocrx_word' id='word_1_906' title='bbox 1413 5723 1529 5773; x_wconf 77' lang='lat' dir='ltr'><strong>xxi,</strong></span> <span class='ocrx_word' id='word_1_907' title='bbox 1566 5709 1651 5764; x_wconf 86' lang='grc'>16.</span> <span class='ocrx_word' id='word_1_908' title='bbox 1687 5709 1732 5744; x_wconf 73' lang='grc'>³⁸</span> <span class='ocrx_word' id='word_1_909' title='bbox 1757 5711 1881 5767; x_wconf 80' lang='lat' dir='ltr'>Act.</span> <span class='ocrx_word' id='word_1_910' title='bbox 1917 5728 1992 5766; x_wconf 83' lang='lat' dir='ltr'><strong>xu</strong></span> 
     </span>
    </p>
   </div>
   <div class='ocr_carea' id='block_1_119' title="bbox 2102 5701 2706 5789">
    <p class='ocr_par' dir='ltr' id='par_1_119' title="bbox 2111 5716 2706 5789">
     <span class='ocr_line' id='line_1_119' title="bbox 2111 5716 2706 5789; baseline 0.013 -19"><span class='ocrx_word' id='word_1_911' title='bbox 2111 5757 2123 5770; x_wconf 95' lang='lat'>.</span> <span class='ocrx_word' id='word_1_912' title='bbox 2157 5716 2202 5750; x_wconf 74' lang='grc'>⁴⁰</span> <span class='ocrx_word' id='word_1_913' title='bbox 2231 5718 2354 5774; x_wconf 85' lang='lat' dir='ltr'>Act.</span> <span class='ocrx_word' id='word_1_914' title='bbox 2387 5735 2442 5786; x_wconf 71' lang='grc' dir='ltr'>ν,</span> <span class='ocrx_word' id='word_1_915' title='bbox 2477 5722 2497 5772; x_wconf 82' lang='lat' dir='ltr'>t</span> <span class='ocrx_word' id='word_1_916' title='bbox 2535 5735 2706 5789; x_wconf 81' lang='lat' dir='ltr'>seqq.</span> 
     </span>
    </p>
   </div>
  </div>
