4158 6194
361 319 480 378 833

1363 314 1774 380 COMMENT.
1820 313 1899 372 IN
1946 312 2186 372 EPIST.
2230 312 2253 372 Ι
2301 313 2406 371 AD
2448 311 2816 372 CORINTH.

3660 315 3779 375 834

357 452 427 506 τὰ
480 447 690 524 ἄψυχα,
752 447 780 502 ὁ
840 445 1052 523 χαλκὸς
1109 447 1201 501 καὶ
1256 447 1319 501 τὸ
1371 444 1680 520 κύμϐαλον.
1730 471 1757 497 ‹‹
1792 445 1894 502 Καὶ
1927 447 2016 500 έάν

2148 445 2492 516 :ymbalum.
2531 468 2552 493 ι
2589 449 2656 499 Et
2688 445 2736 500 si
2769 445 3019 502 habeam
3050 446 3444 517 prophetiam.
3479 468 3508 496 »
3560 447 3778 504 Volens

362 538 482 615 ἔχω
512 537 870 616 προφητείαν.
933 560 960 590 ››
1019 535 1202 592 Θέλων
1263 533 1428 606 δεῖξαι
1491 535 1624 612 μέγα
1669 557 1719 590 τι
1753 537 1852 603 τὴν
1883 534 2019 611 ἀγά-

366 650 500 700 πην,
561 625 710 698 αὔξει
769 629 986 699 πρῶτον
1041 628 1108 680 τά
1164 624 1497 702 χαρίσματα,
1555 625 1644 680 καὶ
1706 623 1830 680 τότε
1861 623 2022 701 φησὶν

368 717 502 773 αὐτὰ
560 715 716 778 ἐκτὸς
781 717 995 792 ἀγάπης
1053 713 1208 771 οὐδὶν
1268 716 1426 770 εἶναι.
1483 721 1635 769 ’Ἂνω
1692 715 1797 788 γὰρ
1829 713 2020 780 εἰπὼν,

375 830 396 857 ι
435 809 557 862 Ἐἀν
607 811 725 864 ταῖς
782 805 1060 880 γλώσσαις
1115 809 1224 860 τῶν
1277 803 1574 870 ἀνθρώπων
1605 802 1829 857 καὶτῶν
1861 799 2024 877 ἀγγέ-

367 895 482 952 λὼν
545 894 727 961 λαλῶ,
796 925 820 949 ι»
881 895 1012 969 ὅπερ
1071 896 1136 962 ἦν
1193 894 1320 968 παρ’
1377 891 1564 954 αὐτοῖς
1627 892 1900 965 μέγιστον,
1931 895 2022 944 νῦν

367 983 533 1039 πάλιν
564 983 649 1038 ἐπὶ
700 989 801 1051 τῆς
854 982 1190 1060 προφητείας
1218 982 1279 1036 τὸ
1308 981 1438 1035 αὐτὸ
1475 985 1643 1036 ποιεῖ.
1681 977 2023 1055 Προφητείαν

369 1073 471 1148 γὰρ
531 1071 618 1126 έάν
665 1068 804 1145 ἔχω,
863 1069 924 1124 οὐ
982 1071 1082 1138 τὴν
1140 1073 1436 1144 τυχοῦσαν,
1492 1067 1679 1146 φησὶν,
1738 1064 1882 1120 ἀλλά
1923 1067 2022 1134 τήν

367 1159 700 1236 ἀκροτάτην,
763 1161 859 1227 τήν
915 1158 1002 1213 καὶ
1059 1160 1126 1212 τὰ
1187 1159 1460 1232 μυστήρια
1523 1156 1614 1210 καὶ
1674 1157 1774 1224 τήν
1825 1159 2024 1229 γνῶσιν

367 1247 626 1320 ἔχουσαν,
669 1248 790 1304 ἄνευ
849 1249 1083 1323 ἀγάπης,
1144 1245 1296 1302 οὐδὲν
1353 1245 1489 1319 εἰμι.
1545 1248 1722 1302 Τοῦτο
1750 1244 1853 1319 γὰρ
1881 1243 2026 1298 κάτω

371 1335 697 1393 ἀποδίδωσι.
765 1361 789 1392 ι
827 1341 1001 1393 ΙΙᾶσαν
1043 1340 1142 1405 τήν
1199 1335 1402 1391 πίστιν.
1462 1359 1491 1388 ››
1553 1335 1737 1389 Ηίστιν
1794 1337 1906 1399 νῦν,
1966 1331 2026 1386 οὐ

367 1430 469 1495 τήν
527 1432 636 1483 τῶν
697 1431 903 1482 πιστῶν
964 1429 1066 1496 τήν
1125 1428 1320 1494 κοινήν
1377 1425 1466 1479 καὶ
1519 1421 1819 1491 καθολικὴν
1854 1422 2026 1498 λέγει,

367 1517 513 1573 ἀλλά
543 1517 605 1572 τὸ
639 1516 887 1595 χάρισμα
943 1516 1006 1569 τὸ
1062 1521 1162 1584 τῆς
1223 1513 1479 1576 πίστεως.
1543 1515 1637 1567 Ἦν
1689 1512 1791 1586 γάρ
1835 1533 1886 1566 τι
1919 1531 2028 1586 χαι-

372 1609 635 1683 ρίσματος
696 1604 859 1674 εἶδος,
919 1603 1233 1677 ὁμωνύμως
1288 1605 1434 1658 οὕτω
1491 1603 1558 1672 τῇ
1589 1603 1767 1657 πίστει
1800 1601 2032 1674 Αεγὸμε-

371 1718 486 1756 νον.
555 1698 714 1753 ’Ὀθεν
782 1693 870 1749 ἐπὶ
928 1694 1227 1769 φανερώσει
1305 1693 1677 1765 πνευματικῆς
1746 1689 2031 1763 μετουσίας

372 1785 699 1862 ἐλορηγεῖτο
755 1782 994 1844 πολλοῖς
1050 1787 1158 1837 τῶν
1216 1777 1449 1837 εὐσεϐῶν
1481 1779 1636 1851 ἐντῷ
1683 1781 1806 1834 τότε
1835 1781 2034 1850 καιρῷ.

375 1876 499 1950 Περὶ
561 1873 759 1928 τούτου
838 1873 933 1928 καὶ
1009 1873 1036 1926 ὁ
1115 1871 1311 1943 Κύριος
1387 1874 1483 1925 τοῦ
1549 1862 1913 1944 χαρίσματος,
1980 1865 2032 1920 έν

367 1963 731 2038 Εὐαγγελίοις
793 1963 981 2034 φησὶν,
1045 1986 1069 2010 ι
1102 1961 1226 2016 Ἑάν
1282 1956 1452 2036 ἔχητε
1510 1959 1692 2014 πίστιν
1728 1958 1801 2017 ὼς
1831 1957 2032 2011 κόκκον

368 2053 656 2118 σινάπεως,
686 2050 856 2124 ἐρεῖτε
907 2055 986 2124 τῷ
1041 2049 1153 2125 ὄρει
1214 2049 1416 2121 τούτῳ·
1478 2049 1710 2122 ’Ἄρθητι
1764 2047 1853 2100 καὶ
1889 2043 2035 2122 βλήο

378 2151 502 2207 θητι
559 2137 634 2200 εἰς
691 2139 790 2206 τήν
875 2135 1174 2204 θάλασσαν,
1235 2137 1326 2190 καὶ
1385 2138 1668 2212 γενήσεται
1744 2133 1939 2195 οὕτως.
2003 2155 2030 2186 ι

375 2227 452 2284 Οὐ
486 2224 667 2297 δήπου
697 2227 803 2302 γάρ
854 2227 928 2289 ὡς
979 2227 1117 2298 πρὸς
1145 2225 1408 2286 ἀπίστους
1460 2227 1558 2295 τὴν
1608 2225 1796 2293 κοινήν
1828 2224 2031 2290 πίστιν,

370 2321 543 2372 ταῦτα
573 2316 709 2392 πρὸς
750 2315 943 2377 αὐτοὺς
999 2312 1280 2386 διελέγετο
1331 2316 1359 2368 ὁ
1417 2314 1646 2389 Κύριος,
1704 2311 1851 2368 ἀλλά
1899 2311 2034 2389 πρὸς

373 2405 500 2467 τοὺς
557 2405 792 2466 οἰκείους
854 2404 1121 2477 μαθητάς·
1194 2405 1505 2472 τουτέστιν,
1560 2403 1685 2458 Ἱεάν
1743 2400 1915 2478 ἔχητε
1973 2401 2035 2455 τὸ

375 2499 474 2560 τῆς
505 2494 740 2555 πίστεως
782 2495 1053 2570 χάρισμα.
1132 2495 1201 2551 "0
1277 2491 1335 2548 δὲ
1412 2493 1559 2547 εἶπεν
1630 2493 1658 2546 ὁ
1725 2493 1928 2566 Κύριος
1982 2488 2034 2557 έν

377 2583 748 2660 Εὐαγγελίοις
813 2585 1062 2660 μέγιστον
1123 2585 1288 2648 εἶναι,
1345 2583 1408 2638 τὸ
1469 2579 1561 2636 διὰ
1640 2581 1874 2644 πίστεως
1930 2580 2030 2656 ὅρη

377 2675 654 2746 μεθιστᾷν,
707 2674 878 2729 τοῦτό
935 2694 1067 2750 φησι
1141 2670 1310 2745 μηδὲν
1369 2673 1504 2726 εἶναι
1563 2669 1781 2746 ἀγάπης
1837 2670 2032 2744 χωρίς.

387 2764 614 2822 «Οὐθὲν
682 2765 816 2838 εἶμι.
873 2785 897 2816 ι
965 2764 1082 2820 Οὐκ
1147 2765 1283 2830 εἶπε,
1351 2763 1695 2834 Μικρότατός
1762 2761 1878 2833 εἷ’μι
1941 2765 2030 2819 καὶ

382 2850 575 2921 εότελή
588 2873 632 2920 ς,
664 2850 814 2922 ἀλλ’,
837 2875 864 2902 ‹‹
901 2850 1068 2906 Οὐθὲν
1101 2849 1237 2924 εἰμι.
1265 2875 1292 2901 ››
1325 2848 1518 2905 Καλῶς
1544 2851 1628 2918 τὸ,
1652 2874 1680 2901 ‹‹
1706 2849 1981 2921 Ψωμίσω,
2003 2869 2030 2900 ο

385 2940 524 3012 μετὰ
577 2947 680 3009 τῆς
739 2937 939 2999 δόσεως
997 2940 1089 2993 καὶ
1154 2940 1256 3009 τὴν
1314 2938 1514 2993 οἰκείαν
1571 2937 1856 3010 σημαίνων
1919 2934 2035 2990 δια-

379 3030 585 3084 κονίαν.
622 3029 760 3103 Ὀρα
791 3027 851 3084 δὶ
880 3028 975 3083 καὶ
1032 3027 1114 3097 τὸ,
1170 3052 1197 3080 α
1231 3028 1414 3085 Πάντα
1441 3029 1507 3082 τὰ
1539 3029 1878 3101 ὑπάρχοντα,
1913 3051 1941 3077 ››
1972 3025 2034 3080 οὐ

383 3119 550 3192 μέρος
611 3119 807 3175 αὐτῶν.
861 3143 890 3171 ‹‹
937 3121 1051 3174 Ἵνα
1107 3120 1488 3190 καυθήσωμαι.
1525 3142 1550 3168 n
1611 3118 1712 3173 Τὸν
1773 3114 2036 3191 χαλεπώ-

384 3230 544 3264 τατον
605 3208 749 3285 λέγει
809 3209 1059 3276 θάνατον,
1104 3207 1196 3261 τὸν
1262 3208 1394 3280 ὑπὲρ
1426 3210 1559 3262 Θεοῦ
1599 3203 1856 3276 δηλονότι
1886 3205 2035 3278 γινὸ-

385 3319 542 3370 μενον
555 3342 567 3354 .

471 3390 533 3445 Ἠ
600 3387 783 3464 ἀγάπη
860 3393 1222 3462 μακροθυμεῖ,
1284 3385 1664 3460 χρηστεύεται.
1735 3386 1792 3442 Ἢ
1854 3386 2036 3461 ἀγάπη

395 3478 460 3532 οὐ
515 3476 700 3548 ζηλοῖ,
759 3480 794 3546 ἡ
853 3477 1038 3552 ἀγάπη
1095 3476 1157 3531 οὐ
1233 3474 1637 3549 περπερεύεται,
1694 3475 1756 3529 οὐ
1815 3479 2041 3553 φυσιοῦ-

386 3587 497 3633 ται,
557 3565 657 3620 οὐκ
708 3565 1042 3644 ἀσχημονεῖ,
1100 3563 1160 3619 οὐ
1220 3569 1373 3633 ζητεῖ
1431 3563 1497 3618 τά
1552 3564 1768 3630 ἑαυτῆς,
1803 3562 1864 3617 οὐ
1896 3583 2036 3636 παρ-

388 3655 650 3724 οξύνεται,
706 3653 768 3710 οὐ
828 3653 1101 3728 λογίζεται
1191 3654 1254 3708 τὸ
1334 3653 1517 3718 κακὸν,
1573 3652 1634 3707 οὐ
1702 3652 1884 3727 χαίρει
1950 3650 2037 3706 έπὲ

389 3747 459 3817 τῇ
560 3742 765 3814 ἀδικία,
844 3742 1131 3820 σύγχαίρει
1207 3739 1265 3796 δὲ
1359 3745 1427 3815 τῇ
1504 3739 1752 3812 ἀληθείᾳ.
1861 3739 2036 3795 Πάντα

387 3833 581 3908 στέγει,
612 3834 782 3904 μάντα
812 3832 1072 3901 πιστεύει,
1105 3832 1274 3885 πάντα
1294 3829 1527 3900 έλπιζει,
1550 3830 1725 3885 πάντα
1756 3829 2034 3903 ὑπομένει.

379 3922 443 3978 Ἠ
475 3921 660 3995 ἀγάπη
695 3918 957 3975 οὐδέποτε
987 3919 1258 3978 ἐκπίπτει,

459 4011 592 4066 Εἶτα
649 4008 844 4064 λοιπὸν
898 4006 1230 4086 διεξέρχεται
1284 4015 1386 4077 τῆς
1444 4007 1656 4084 ἀγάπης
1713 4009 1778 4063 τὰ
1827 4009 2038 4085 γνωρί-

390 4120 589 4171 σματα,
623 4096 828 4160 δεικνὺς
885 4099 969 4152 ὃτι
1027 4096 1088 4152 οὔ
1149 4097 1312 4170 μόνον
1373 4095 1754 4171 βλαστησαντα
1785 4101 1850 4152 τὰ
1888 4099 2035 4167 πάθη

387 4187 616 4263 ἰκριζοῖ,
649 4187 781 4243 ἀλλ’
837 4185 968 4242 οὐδὲ
1025 4191 1184 4261 φῦναι
1241 4191 1542 4263 συγχωρεῖ.
1604 4187 1742 4260 Ὅρα
1772 4183 2041 4255 δὶ,εὐθῦς

387 4279 486 4345 τήν
525 4277 902 4350 μακροθυμίαν
941 4277 1165 4341 τέθεικε,
1226 4275 1324 4342 τήν
1377 4274 1526 4348 ῥίζαν
1584 4275 1760 4344 πάσης
1810 4275 2040 4348 φιλοσο-

390 4367 531 4444 φίας.
574 4389 600 4421 α
628 4367 1013 4439 Χρηστεύεται.
1068 4388 1097 4416 »
1155 4361 1376 4433 Ἐπειδή
1409 4364 1548 4425 τινές
1581 4363 1712 4418 εἰσιν
1747 4362 1800 4417 ο⁹ί
1827 4368 1896 4436 τῇ
1932 4387 2038 4434 μα-

384 4455 660 4528 κροθυμίᾳ
688 4455 788 4510 οὐκ
843 4455 918 4517 εἰς
987 4451 1315 4532 φιλοσοφίαν
1371 4451 1694 4529 κέχρηνται,
1729 4451 1874 4508 ἀλλά
1902 4454 2036 4527 πρὸς

2132 536 2445 590 ostendere
2473 553 2754 609 magnum
2778 537 3060 608 quiddam
3082 554 3211 592 esse
3233 538 3303 592 ch
3316 539 3778 608 aritatem,dona

2132 622 2390 693 primum
2417 628 2745 695 exaggerat,
2772 629 2830 678 et
2861 629 3000 678 tunc
3026 624 3108 679 ait
3137 624 3240 679 illa
3270 624 3420 678 nihil
3453 641 3582 680 esse
3641 626 3780 680 abs-

2133 725 2247 780 que
2279 709 2590 766 charitate.
2629 713 2773 766 Nam
2804 727 2938 766 cum
2971 711 3248 783 superius
3306 711 3594 768 dixisset:
3653 735 3680 761 «
3726 713 3785 767 Si

2134 797 2352 869 linguis
2377 799 2685 853 hominum
2712 807 2772 854 et
2791 800 3136 872 angelorum
3158 800 3368 871 loquar
3391 823 3417 849 ››
3445 801 3602 872 quod
3625 801 3783 872 apud

2134 888 2294 959 ipsos
2325 893 2453 943 erat
2476 890 2801 945 maximum
2839 908 2850 945 :
2884 908 3120 946 rursum
3154 908 3313 947 nunc
3343 891 3500 946 idem
3529 893 3590 947 in
3647 910 3786 963 pro-

2135 979 2337 1049 phetia
2358 979 2516 1035 facit.
2545 983 2687 1036 Nam
2731 983 2779 1036 si
2826 982 3086 1037 habuero
3135 983 3534 1054 prophetiam,
3568 984 3784 1054 inquit,

2139 1083 2258 1122 non
2282 1068 2780 1140 qualemcunque,
2804 1071 2906 1124 sed
2931 1072 3188 1126 maxime
3211 1070 3530 1125 sublimem
3554 1089 3685 1142 quas
3722 1077 3780 1126 et

2141 1157 2421 1228 mysteria
2438 1163 2496 1211 et
2517 1159 2828 1213 scientiam
2854 1159 3072 1214 habeat
3090 1158 3313 1230 absque
3327 1159 3614 1214 Charitate
3634 1159 3785 1213 nihil

2138 1263 2272 1300 sum
2300 1263 2312 1300 :
2343 1248 2451 1302 hoc
2475 1248 2632 1302 enim
2658 1247 2906 1302 inferius
2929 1248 3202 1318 explicat.
3223 1272 3247 1296 α
3274 1249 3522 1303 Omnem
3547 1248 3784 1303 fidem.»

2140 1337 2265 1390 Non
2300 1353 2429 1391 eam
2457 1337 2602 1391 dicit
2633 1354 2794 1392 nunc
2825 1337 3195 1392 credentium
3232 1337 3410 1392 ﬁdem
3443 1354 3573 1408 quas
3615 1355 3788 1393 com-

2141 1426 2340 1479 munis
2365 1431 2453 1479 est
2476 1432 2534 1478 et
2553 1425 2868 1497 generalis,
2896 1425 2998 1480 sed
3021 1426 3241 1480 donum
3293 1426 3450 1481 fidei.
3487 1429 3630 1482 Nam
3664 1433 3794 1482 erat

2141 1513 2440 1584 quoddam
2473 1514 2765 1569 donorum
2799 1531 2983 1587 genus
3010 1515 3165 1584 quod
3199 1514 3404 1570 eadem
3457 1533 3594 1571 voce
3653 1534 3790 1572 cum

2144 1601 2260 1656 ﬁde
2277 1601 2771 1673 dicebatur,quod
2793 1602 2866 1658 ad
2890 1603 3432 1659 manifestationem
3456 1607 3788 1676 prmsentiaa

2145 1690 2387 1760 spiritus
2419 1690 2624 1745 multis
2652 1708 2718 1746 eo
2775 1697 3038 1762 tempore
3096 1692 3486 1749 tribuebatur.
3550 1696 3629 1749 De
3677 1695 3791 1750 hoc

2147 1781 2323 1835 etiam
2355 1780 2509 1836 dono
2543 1782 2626 1836 ait
2665 1783 2950 1837 Dominus
2981 1783 3041 1836 in
3076 1784 3402 1856 Evangeliis
3437 1801 3449 1837 :
3493 1806 3517 1831 ‹‹
3574 1785 3630 1838 Si
3679 1786 3787 1840 ha-

2143 1870 2393 1926 bueritis
2428 1872 2605 1928 [idem
2637 1873 2789 1927 sicut
2819 1889 3067 1944 granum
3093 1873 3338 1944 sinapis,
3367 1872 3576 1928 dicetis
3597 1877 3787 1928 monti

2143 1959 2282 2015 huic
2317 1977 2329 2014 :
2365 1984 2391 2009 ‹‹
2426 1961 2726 2016 Auferaris
2758 1967 2814 2016 et
2847 1961 3182 2032 projiciaris
3215 1961 3275 2015 in
3329 1977 3515 2026 mare,
3572 1969 3631 2016 et
3687 1965 3790 2018 ﬁet

2147 2049 2309 2104 vobis
2342 2050 2408 2105 ⁸³.
2442 2072 2470 2100 ››
2506 2052 2706 2122 Neque
2739 2051 2897 2104 enim
2928 2050 3054 2105 haec
3081 2049 3152 2104 de
3183 2051 3483 2105 communi
3541 2051 3655 2105 ﬁde
3703 2051 3794 2105 Io-

2148 2139 2441 2209 quebatur
2475 2141 2760 2195 Dominus
2791 2140 2864 2195 ad
2895 2157 2995 2195 eos
3028 2146 3312 2211 tanquam
3333 2139 3406 2196 ad
3429 2140 3790 2209 incredulos,

2145 2229 2248 2284 sed
2280 2230 2349 2284 ad
2387 2247 2525 2284 suos
2556 2229 2882 2301 discipulos
2937 2246 3130 2284 sermo
3191 2234 3361 2284 erat:
3423 2229 3533 2285 hoc
3583 2235 3690 2297 est,
3742 2232 3792 2286 si

2143 2318 2470 2373 habueritis
2486 2319 2622 2374 ﬁdei
2652 2320 2898 2374 donum.
2922 2320 3074 2375 549
3099 2319 3263 2384 Quod
3284 2325 3482 2375 autem
3507 2321 3792 2376 Dominus

2145 2405 2206 2460 in
2236 2406 2568 2478 Evangeliis
2596 2407 2921 2462 maximum
2953 2423 3081 2462 esse
3113 2407 3280 2473 dixit,
3308 2424 3524 2479 nempe
3555 2414 3788 2464 montes

2145 2501 2543 2550 transmutare
2574 2497 2683 2551 hoc
2705 2497 2786 2552 ait
2808 2497 2937 2552 sine
2959 2498 3256 2552 Charitate
3283 2499 3436 2552 nihil
3455 2516 3604 2554 esse.
3641 2521 3668 2549 α
3701 2499 3794 2554 Ni-

2145 2583 2228 2638 hil
2259 2601 2411 2639 sum.
2445 2607 2473 2635 »
2510 2585 2638 2640 Non
2669 2586 2818 2640 dixit
2851 2587 3128 2641 Minimus
3177 2603 3306 2641 sum
3341 2593 3404 2642 et
3458 2588 3612 2655 vilis,
3659 2587 3787 2653 sed,

2147 2695 2172 2723 ιι
2207 2674 2363 2728 Nihil
2395 2693 2543 2730 sum.
2583 2699 2611 2725 ››
2644 2707 2710 2716 -
2742 2698 2770 2725 ‹‹
2803 2678 2872 2730 Et
2902 2677 2951 2730 si
2981 2676 3195 2731 alendo
3228 2677 3549 2732 insumam.
3583 2696 3608 2727 ο
3638 2678 3791 2730 Bene

2145 2761 2294 2816 dixit
2327 2785 2354 2813 ‹‹
2387 2764 2614 2820 Alendo
2645 2767 2964 2830 insumam,
3001 2788 3028 2813 ››
3087 2765 3430 2835 significans
3487 2781 3607 2819 una
3656 2781 3792 2818 cum

2145 2851 2301 2908 dono
2332 2854 2636 2924 proprium
2697 2871 2932 2924 quoque
2988 2855 3407 2909 ministerium.
3469 2851 3794 2908 Considera

2145 2957 2280 2996 vero
2307 2941 2464 3013 quod
2496 2943 2673 2997 etiam
2705 2943 2883 2997 dicit:
2920 2966 2946 2991 ‹‹
2982 2945 3200 2997 Omnes
3221 2943 3534 2997 facultates
3557 2958 3788 3007 meas,»

2144 3045 2264 3083 non
2287 3038 2514 3101 partem
2547 3031 2828 3101 ipsarum.
2867 3053 2894 3078 ‹‹
2930 3032 2998 3084 Ut
3057 3031 3390 3098 comburar,
3454 3053 3482 3079 »
3535 3031 3791 3086 Miserri-

2149 3138 2311 3176 mum
2339 3120 2482 3175 dicit
2507 3119 2712 3174 mortis
2741 3136 2928 3192 genus
2984 3137 3116 3190 quas
3174 3119 3449 3175 videlicet
3507 3137 3612 3191 pro
3672 3120 3790 3174 Deo

2152 3211 2458 3265 toleratur.

2221 3388 2368 3452 XIII,
2402 3389 2520 3441 4-8.
2554 3409 2582 3435 ‹‹
2633 3387 2900 3441 Charitas
2959 3387 3318 3459 longaminis
3377 3393 3486 3453 est,
3540 3388 3798 3461 benigna

2150 3499 2178 3525 «
2212 3482 2321 3541 est,
2343 3476 2600 3530 charitas
2631 3492 2751 3530 non
2779 3475 3113 3542 aemulatur,
3137 3476 3395 3531 charitas
3415 3493 3534 3531 non
3557 3482 3646 3532 est
3667 3493 3798 3548 pro-

2149 3586 2178 3612 «
2212 3582 2337 3630 cax,
2372 3581 2492 3619 non
2526 3563 2788 3629 inﬂatur,
2823 3580 2943 3618 non
2976 3564 3226 3635 pudeﬂt,
3256 3581 3379 3619 non
3407 3566 3620 3636 quaarit
3657 3582 3789 3636 qua:

2149 3677 2174 3702 ‹‹
2210 3670 2316 3707 sua
2347 3659 2502 3716 sunt,
2538 3670 2656 3707 non
2690 3653 2976 3719 irritatur,
3011 3669 3131 3708 non
3159 3654 3374 3726 cogitat
3402 3654 3647 3721 malum,
3671 3671 3792 3709 non

2152 3764 2173 3793 ι
2209 3742 2422 3814 gaudet
2454 3743 2514 3796 in
2548 3742 2862 3813 injustitia,
2896 3741 2998 3796 sed
3031 3742 3364 3810 congaudet
3391 3742 3643 3796 veritati.
3671 3743 3803 3796 Om-

2146 3854 2173 3880 ‹‹
2209 3830 2310 3886 nia
2335 3831 2562 3896 suII‘ert,
2598 3830 2800 3884 omnia
2832 3829 3042 3895 credit,
3076 3829 3277 3883 omnia
3309 3833 3528 3898 sperat,
3591 3830 3798 3883 omnia

2151 3941 2176 3968 ‹‹
2211 3919 2482 3973 sustinet.
2516 3917 2783 3972 Charitas
2811 3933 3124 3986 nunquam
3155 3915 3391 3970 excidit.
3427 3934 3454 3966 ι

2223 4006 2444 4062 Deinde
2472 4011 2909 4076 consequenter
2940 4011 3180 4060 enarrat
3208 4005 3518 4061 charitatis
3577 4006 3794 4080 insigni

2151 4096 2368 4167 quibus
2391 4094 2657 4166 dignosci
2682 4093 2892 4159 valeat,
2926 4092 3248 4148 ostendens
3281 4094 3441 4164 quod
3464 4111 3583 4150 non
3611 4094 3802 4150 solum

2150 4202 2248 4239 eas
2272 4201 2404 4254 qum
2424 4183 2836 4254 germinarunt
2857 4182 3202 4237 affectiones
3223 4183 3530 4254 exstirpat,
3571 4184 3674 4239 sed
3706 4201 3804 4238 ne-

2150 4289 2264 4341 que
2294 4270 2536 4342 produci
2569 4270 2875 4342 permittit.
2945 4269 3082 4326 Vide
3141 4277 3339 4326 autem
3390 4271 3550 4342 quod
3598 4273 3794 4326 statim

2147 4358 2499 4430 patientiam
2535 4359 2652 4413 sive
2681 4357 3193 4430 longanimitatem
3238 4359 3525 4430 posuerit,
3584 4374 3796 4428 nempe

2151 4449 2328 4505 totius
2351 4447 2743 4518 philosophia:
2766 4448 3116 4503 Christiana:
3140 4447 3420 4502 radicem.
3457 4471 3484 4496 «
3539 4449 3800 4519 Benigna

382 4546 447 4599 τὸ
505 4541 790 4617 διαρρῆξαι
847 4543 974 4606 τοὺς
1041 4539 1431 4616 ἐνοχλοῦντας,
1490 4540 1580 4594 καὶ
1640 4545 1887 4613 πειρᾶσαι
1949 4541 2033 4596 ἐπὶ

2149 4544 2256 4594 est.
2295 4561 2314 4586 ι
2352 4538 2644 4603 Quoniam
2703 4538 2978 4594 nonnulli
3041 4538 3493 4611 longanimitate
3553 4555 3674 4593 non
3721 4537 3795 4592 ad

385 4632 582 4700 πλέον,
613 4632 948 4704 ἠθικώτερον
976 4631 1164 4692 αὐτοῖς
1198 4626 1609 4705 διαλεγόμενος,
1643 4627 1796 4704 φησὶ,
1832 4654 1858 4680 ‹‹
1896 4631 2038 4705 Χρη-

389 4721 649 4788 στεύεταί,
695 4745 720 4772 ››
751 4722 1055 4788 τουτέστιν,
1115 4717 1213 4772 οὐκ
1271 4717 1358 4772 ἐπὶ
1414 4718 1492 4788 τῷ
1549 4718 1743 4791 ἀνάψαι
1801 4720 1900 4787 τήν
1939 4717 2037 4792 ὀρ-

389 4810 490 4887 γήν
520 4815 628 4865 τῶν
662 4807 1066 4888 ἐνοχλούντων,
1100 4805 1227 4862 ἀλλ’
1285 4805 1371 4861 ἐπὶ
1422 4811 1502 4876 τῷ
1548 4811 1936 4880 καταπραῧναι,
1969 4811 2036 4881 τῇ

395 4900 746 4973 μακροθυμίᾳ
802 4897 1092 4972 κέχρηται,
1150 4897 1240 4950 καὶ
1299 4895 1601 4970 ἡμερότητι
1645 4903 1867 4970 χρῆται.
1904 4923 1930 4948 ‹‹
1965 4897 2037 4952 Οὐ

394 4985 576 5057 ζηλοῖ.
614 5010 636 5040 ι
674 4981 838 5041 Βαϐαὶ
869 4986 993 5040 οἶόν
1049 4985 1158 5040 ἐστι
1217 4985 1279 5039 τὸ
1341 4985 1417 5055 μὴ
1452 4982 1676 5054 ζηλοῦν,
1706 4983 1870 5061 ἤγουν
1905 4989 2036 5063 φθο-

343 5077 351 5084 ’
390 5082 498 5131 νεῖν
530 5078 658 5139 τοὺς
691 5076 748 5131 εὖ
778 5074 1134 5151 πρὲίττοντας.
1195 5099 1222 5125 ‹‹
1282 5072 1354 5127 Οὐ
1414 5073 1817 5147 περπερεύεται.
1855 5099 1876 5125 ο
1934 5074 2043 5130 Οὐκ

393 5164 795 5235 ἀλαζονεύεται,
854 5166 919 5219 οὑ
991 5168 1272 5240 φυσιοῦται
1348 5162 1437 5216 καὶ
1515 5167 1700 5240 φρονεῖ
1761 5169 1900 5239 μέγα
1954 5161 2038 5218 ἐπὶ

395 5253 619 5317 οῗκείοις
685 5254 1123 5328 κατορθώμασιν.
1191 5253 1258 5306 Ἦ
1324 5247 1478 5305 οὐδὲν
1544 5252 1808 5323 προπετὲς
1873 5257 2042 5310 ποιεῖ.

397 5345 672 5421 Πέρπερος
727 5344 854 5418 γὰρ,
906 5342 1205 5418 προπετὴς,
1262 5366 1290 5390 ‹‹
1353 5339 1464 5394 Οὐκ
1520 5339 1848 5415 ἀσχημονεῖ.
1884 5363 1910 5393 ιι
1965 5342 2043 5398 Οὐ

400 5437 586 5508 μόνον,
619 5433 808 5512 φησὶν,
842 5434 907 5488 οὐ
947 5437 1134 5510 φρονεῖ
1184 5429 1344 5506 μέγα,
1397 5427 1543 5485 ἀλλά
1573 5430 1661 5484 καὶ
1691 5430 1758 5484 τὰ
1786 5428 2047 5504 α’ίσχιστα

473 5639 520 5676 ⁸³
551 5640 752 5696 Matth.
784 5655 914 5706 xvu,
953 5641 1052 5702 19;
1086 5637 1220 5693 Luc.
1253 5652 1388 5699 xvn,
1419 5637 1475 5688 6.

2149 4627 2593 4700 philosophiam
2640 4644 2846 4684 sanam
2893 4633 3162 4694 utuntur,
3220 4627 3324 4682 sed
3375 4626 3447 4682 ad
3471 4627 3800 4697 confrigen-

2149 4716 2290 4772 dum
2317 4734 2420 4773 eos
2451 4716 2551 4788 qui
2585 4716 2819 4772 molesti
2851 4722 3008 4783 sunt,
3043 4722 3100 4769 et
3125 4716 3383 4788 amplius
3426 4715 3797 4782 tentandum,

2151 4808 2436 4864 moralius
2459 4823 2593 4863 cum
2613 4807 2700 4861 eis
2724 4806 3044 4871 disserens,
3081 4806 3161 4859 ait
3189 4823 3200 4859 :
3257 4829 3284 4857 «
3334 4807 3596 4879 Benigna
3625 4812 3736 4872 est,
3771 4827 3798 4854 ››

2152 4896 2264 4951 hoc
2286 4903 2396 4963 est,
2424 4913 2543 4950 non
2575 4893 2648 4949 ad
2672 4910 2876 4949 eorum
2903 4892 3342 4948 accendendam
3367 4895 3516 4949 iram
3539 4895 3640 4965 qui
3672 4910 3801 4948 mo-

2153 4985 2286 5040 lesti
2320 4991 2478 5050 sunt,
2514 4983 2616 5038 sed
2651 4984 2725 5037 ad
2758 4981 3118 5053 placandum
3167 4982 3352 5037 utitur
3410 4983 3698 5055 patientia
3744 4991 3805 5039 et

2153 5074 2341 5128 utitur
2352 5072 2734 5144 benignitate.
2748 5094 2774 5122 «
2790 5073 2913 5126 Non
2928 5071 3285 5125 aemultatur.
3300 5095 3325 5120 ››
3340 5073 3511 5144 Papa;
3525 5073 3806 5144 quidnam

2157 5161 3044 5232 estnonaemularihiempehis
3062 5175 3180 5215 non
3224 5161 3486 5217 invidere
3528 5163 3630 5234 qui
3654 5163 3804 5218 bene

2159 5258 2499 5324 operantur.
2522 5253 2645 5306 Non
2663 5259 2750 5306 est
2775 5268 3013 5324 procax,
3046 5250 3105 5305 id
3149 5257 3258 5318 est,
3283 5269 3586 5326 arrogans.
3619 5275 3647 5303 «
3679 5255 3804 5307 Non

2160 5344 2418 5399 inﬂatur.
2445 5367 2470 5391 »ι
2496 5345 2618 5397 Non
2639 5342 2941 5400 insolescit
2962 5342 3036 5400 ob
3061 5343 3298 5416 propria
3316 5343 3492 5400 bona.
3515 5346 3632 5400 Aut
3652 5342 3806 5399 nihil

2161 5438 2381 5490 temere
2412 5450 2514 5488 seu
2546 5431 2884 5504 petulanter
2940 5433 3098 5489 facit.
3161 5435 3304 5488 Nam
3361 5433 3649 5506 περπερος,
3710 5436 3803 5486 est
