4156 6200
422 303 540 365 835

1540 298 1954 360 CECUMENII
2003 294 2309 360 TRICCIE
2351 300 2707 362 EPISCOPI

3665 295 3847 364 .836

423 439 779 496 temerarius
808 441 909 492 aut
935 440 1261 506 protervus.
1297 454 1324 481 «
1385 433 1509 488 Non
1567 432 1813 503 pudelit.
1866 452 1894 482 »ι
1942 434 2055 488 Non

2181 435 2490 506 πάσχουσα,
2525 433 2626 487 οὐκ
2680 433 2851 488 οἳεται
2908 431 3313 511 ἀσχημοσύνην
3370 432 3434 488 τὸ
3491 438 3716 508 πρᾶγμα
3747 431 3844 490 διὰ

428 530 640 595 solum,
673 526 887 596 inquit,
938 539 1058 578 non
1106 521 1446 578 insolescit:
1480 539 1682 578 verum
1716 523 1895 578 etiam
1927 522 2064 577 licet

426 615 835 688 indignissima
865 613 1142 684 patiatur,
1177 628 1296 667 non
1323 613 1601 684 opinatur
1631 628 1761 668 eam
1803 628 1928 668 rem
1961 610 2066 666 de-

423 703 603 760 decus
630 704 808 758 etiam
841 718 970 757 esse
1002 707 1243 773 pr0pter
1285 715 1417 757 eum
1477 717 1653 772 quem
1707 701 1918 774 diligit.
1952 705 2066 757 Aut

425 795 524 849 hoc
551 793 709 848 modo
741 808 759 847 :
788 789 888 844 οὐκ
914 789 1246 864 ἀσχημονεῖ,
1271 790 1329 844 id
1352 796 1460 859 est,
1483 806 1603 846 non
1635 791 1845 846 acerbe
1894 805 2063 845 reum

421 883 540 956 agit
572 882 742 937 illum
775 883 875 953 qui
908 881 1021 936 sibi
1053 880 1310 952 injurias
1367 886 1473 935 est.
1537 883 1652 934 Aut
1702 879 1861 950 quod
1911 878 2064 934 nihil

417 973 798 1046 quantumvis
811 971 1179 1043 abjectarum
1201 973 1302 1025 aut
1326 969 1643 1024 humilium
1667 983 1865 1024 rerum
1887 984 2063 1026 causa

418 1063 694 1118 utilitatis
716 1063 965 1117 fratrum
985 1061 1181 1116 facere
1197 1059 1506 1124 detractat,
1530 1059 1697 1130 quasi
1720 1059 2062 1114 indecoram

423 1151 536 1208 sibi
559 1153 856 1208 actionem
887 1152 1137 1207 fortasse
1169 1150 1590 1221 suspicaretur.
1615 1171 1642 1198 «
1673 1150 1800 1204 Non
1849 1149 2063 1220 quierit

425 1257 556 1314 quas
589 1257 696 1298 sua
724 1246 881 1297 sunt.
916 1263 944 1290 ››
978 1239 1211 1295 Modum
1245 1239 1387 1294 dicit
1417 1237 1707 1310 quomodo
1735 1253 1855 1293 non
1874 1238 2065 1310 pude-

425 1335 527 1388 flat
559 1347 571 1389 :
608 1333 745 1404 quia
774 1345 893 1386 non
946 1330 1157 1402 quierit
1214 1328 1516 1400 propriam
1569 1325 1910 1395 utilitatem,
1958 1325 2061 1383 sed

420 1422 673 1493 proximi
701 1427 788 1476 :et
813 1422 922 1476 hoc
962 1419 1123 1475 ducit
1164 1435 1291 1473 esse
1335 1417 1610 1482 dedecus,
1643 1418 1691 1473 si
1723 1418 2060 1489 proximum

422 1511 899 1582 quipudefltnon
923 1508 1282 1564 liberaverit.
1329 1507 1482 1564 550
1517 1531 1536 1558 ι
1565 1508 1994 1565 Nonirritatur.
2030 1530 2059 1560 ››

415 1601 559 1657 Cum
589 1601 789 1655 omnia
819 1600 1097 1671 patiatur,
1137 1613 1260 1653 non
1319 1604 1701 1669 exasperatur
1757 1598 1830 1654 ad
1888 1595 2057 1654 iram.

415 1693 533 1747 Nec
563 1689 758 1746 solum
789 1703 907 1744 non
938 1695 1220 1760 cperatur
1252 1689 1499 1756 malum,
1558 1687 1660 1744 sed
1714 1703 1786 1745 ne
1846 1691 2060 1753 cogitat

419 1777 680 1853 quidem.
715 1803 741 1830 ‹‹
776 1781 900 1835 Non
930 1779 1144 1875 gaudet
1175 1779 1246 1834 de
1274 1779 1585 1848 iniustitia.
1622 1801 1646 1827 ι·
1699 1781 1823 1834 Non
1868 1778 2056 1834 insula
2088 1810 2135 1875 Β

415 1873 500 1925 tat
530 1869 650 1924 sive
679 1883 800 1924 non
830 1867 1043 1940 gaudet
1075 1866 1145 1921 de
1178 1867 1270 1922 his
1301 1868 1400 1938 qui
1433 1866 1787 1922 afflictiones
1816 1867 2056 1938 patiun-

418 1964 535 2026 tur,
569 1959 673 2014 sed
699 1959 792 2012 his
822 1958 1018 2028 potius
1049 1957 1378 2029 congaudet
1408 1957 1509 2027 qui
1567 1957 1945 2012 celebrantur
1998 1957 2058 2011 et

416 2048 478 2102 in
510 2046 698 2119 pretio
733 2051 887 2102 sunt.
926 2067 952 2096 ι(
975 2047 1186 2101 Omnia
1214 2047 1440 2101 suffert.
1474 2067 1502 2094 »
1535 2049 1657 2100 Hoc
1688 2046 1844 2100 enim
1878 2045 1929 2100 ei
1952 2044 2054 2101 do-

411 2142 516 2193 nat
545 2136 984 2209 longanimitas,
1017 2152 1231 2207 nempe
1261 2143 1324 2190 ut
1354 2136 1616 2202 sufferat,
1649 2135 1721 2189 de
1754 2148 1870 2206 qua
1925 2134 2058 2190 lon-

411 2225 757 2300 ganimitate
787 2226 950 2297 prius
975 2225 1168 2280 dixit:
1225 2247 1252 2273 «
1307 2226 1518 2280 Omnia
1575 2225 1781 2280 credit.
1826 2246 1852 2273 ‹‹
1894 2225 2056 2290 Quaa-

411 2329 644 2386 cunque
675 2315 890 2369 dixerit
923 2314 1008 2369 eis
1039 2313 1138 2385 qui
1167 2321 1400 2369 amatur
1432 2329 1445 2368 :
1478 2320 1534 2368 et
1574 2313 1724 2368 nihil
1783 2312 2056 2368 dolosum

413 2411 514 2461 aut
570 2406 698 2476 ipse
752 2404 1016 2476 loquitur
1073 2409 1175 2460 aut
1229 2404 1481 2460 alterum
1542 2404 1702 2476 loqui
1779 2404 2059 2475 opinatur

414 2513 442 2545 «
478 2495 689 2551 Omnia
719 2500 936 2566 sperat.
975 2517 1002 2543 »
1034 2496 1159 2549 Non
1218 2494 1510 2565 desperat,
1567 2495 1779 2564 inquit,
1831 2493 1903 2548 de
1952 2492 2056 2546 illo

411 2598 590 2654 quem
622 2589 800 2648 amat,
835 2583 936 2637 sed
969 2587 1185 2654 sperat,
1219 2583 1377 2654 quod
1419 2583 1588 2637 illum
1648 2581 1720 2636 ad
1780 2581 1838 2636 id
1897 2577 2056 2652 quod

411 2670 629 2728 melius
659 2678 748 2728 est
777 2672 1077 2744 provehet.
1111 2672 1277 2738 Quod
1308 2671 1353 2726 si
1387 2672 1486 2726 ubi
1528 2671 1819 2743 seperavit
1877 2671 2054 2725 etiam

417 2762 868 2834 spefrustretur,
902 2761 1006 2816 illo
1026 2761 1084 2816 in
1103 2762 1237 2816 vitio
1250 2765 1658 2833 permanente,
1689 2759 1826 2815 forti
1857 2759 2055 2814 animo

414 2851 529 2906 fert
555 2851 718 2907 illius
748 2851 1033 2906 defectus.
1071 2853 1218 2906 Nam
1241 2851 1462 2917 omnia,
1515 2849 1727 2921 inquit,
1782 2849 2052 2905 sustinet.

412 2962 438 2989 «
474 2942 784 3012 Nunquam
817 2939 1051 2996 excidit.
1089 2961 1116 2989 ››
1148 2940 1273 2994 Non
1304 2938 1664 3005 dissolvitur,
1721 2953 1913 3009 neque
1964 2939 2054 2992 in~

408 3031 964 3102 terrumpitur.Sive
991 3044 1298 3100 nunquam
1325 3028 1564 3094 excidit,
1597 3043 1792 3099 neque
1813 3027 2058 3082 celebri-

407 3122 526 3172 tate
548 3118 863 3173 frustratur
889 3132 901 3170 :
927 3116 1031 3172 sed
1053 3132 1289 3188 semper
1305 3116 1493 3171 bonas
1533 3131 1599 3170 ac
1648 3115 1924 3169 honestas
1954 3114 2056 3169 in-

2175 520 2264 575 τὸν
2295 520 2684 596 ἀγαπώμενον.
2722 523 2794 580 Ἦ
2823 521 2913 576 καὶ
2974 521 3170 584 οὕτως’
3227 521 3328 590 Τὸ,
3360 523 3475 580 Οὐκ
3501 522 3829 598 ἀσχημονεῖ,

2174 610 2340 686 ἤγουν
2396 611 2496 667 οὐκ
2553 611 2900 691 ἐπεξέρχεται
2957 619 3076 675 τοῖς
3133 610 3378 669 ἀδικοῦσι
3439 611 3709 691 σφοδρῶς.
3751 619 3822 671 Ἤ

2173 700 2257 754 ὅτι
2317 698 2470 755 οὐδὲν
2525 706 2634 756 τῶν
2697 701 2934 757 εὐτελῶν
2989 721 3050 759 τε
3093 702 3182 758 καὶ
3241 709 3508 759 ταπεινῶν
3560 710 3660 773 τῆς
3714 708 3826 764 τῶν

2174 786 2424 867 ἀδελφῶν
2485 789 2751 868 ὡφελείας
2823 791 3000 847 ’ἑνεκεν
3059 797 3399 867 παραιτεῖται
3479 789 3692 867 δρᾶσαι,
3750 793 3828 854 ὡς

2171 877 2316 952 τάχα
2373 877 2630 958 ἄσχημον
2708 881 2846 934 εἶναι
2903 881 3004 950 τὴν
3088 884 3280 956 πρᾶξιν
3338 875 3827 953 ὑπολαμϐάνουσα.

2177 991 2198 1018 ιι
2232 967 2310 1024 Οὐ
2345 972 2498 1038 ζητεῖ
2549 969 2617 1024 τὰ
2667 971 2884 1038 εαυτῆς.
2920 992 2947 1021 υ
3008 969 3166 1045 Λέγει
3223 971 3312 1026 τὸν
3342 973 3542 1046 τρόπον
3575 976 3694 1033 πῶς
3721 971 3828 1026 οὐκ

2170 1056 2501 1132 ἀσχημονεῖ,
2555 1058 2640 1112 ὅτι
2689 1056 2750 1113 οὗ
2792 1063 2947 1127 ζητεῖ
2991 1059 3052 1113 τὸ
3107 1057 3310 1113 οἰκεῖον
3344 1056 3638 1135 συμφᾶρον,
3672 1058 3824 1115 ἀλλὰ

2169 1147 2232 1200 τὸ
2288 1151 2386 1201 τοῦ
2437 1147 2699 1219 πλησίον,
2756 1147 2847 1202 καὶ
2899 1147 3297 1222 ἀσχημοσύνην
3353 1152 3514 1204 τοῦτο
3580 1151 3824 1224 ἡγεῖται,

2172 1235 2296 1288 ὅταν
2328 1233 2750 1309 ἀσχημονοῦντα
2803 1235 2896 1290 τὸν
2951 1234 3186 1306 πλησίον
3231 1237 3306 1308 μή
3338 1234 3650 1311 ἀπαλλάξῃ.
3684 1261 3713 1288 α
3742 1237 3824 1294 Οὑ

2169 1322 2542 1396 παροξύνεται.
2579 1347 2608 1376 ››
2666 1325 2846 1380 Πάντα
2901 1323 3209 1401 πάσχουσα,
3244 1325 3311 1380 οὸ
3362 1327 3715 1400 παροξύνεται
3745 1325 3827 1387 εἰς

2173 1411 2362 1489 ὀργήν.
2401 1413 2503 1470 Καὶ
2561 1414 2626 1469 οὐ
2684 1413 2844 1486 μόνον
2903 1414 3002 1470 οὐκ
3056 1412 3337 1490 ἐργάζεται
3366 1417 3430 1470 τὸ
3477 1417 3660 1484 κακὸν,
3693 1415 3823 1471 ἀλλ’

2173 1499 2296 1557 οὑδὲ
2354 1501 2632 1578 λογίζεται
2716 1504 2794 1562 Οὑ
2852 1503 3034 1582 χαίρει
3103 1504 3188 1560 ἐπὶ
3243 1509 3312 1579 τῇ
3370 1503 3575 1578 ἀδικίᾳ.
3623 1527 3649 1560 ε
3709 1507 3827 1562 Οὗκ

2170 1589 2426 1664 ἐφήδεται
2485 1593 2673 1667 ἣγουν,
2731 1593 2798 1648 οὑ
2857 1593 3043 1670 χαίρει
3113 1600 3232 1656 τοῖς
3289 1599 3470 1657 κακῶς
3520 1597 3824 1671 πάσχουσι,

2170 1680 2326 1758 φησὶ,
2359 1681 2657 1760 συμχαίρει
2695 1679 2754 1737 δι
2807 1687 2926 1745 τοῖς
2983 1681 3359 1759 εὐδοκιμοῦσι.
3395 1705 3422 1736 ιι
3482 1683 3660 1740 Πάντα
3699 1686 3824 1740 στε-

2167 1788 2270 1846 γει.
2330 1793 2359 1823 n
2419 1776 2588 1826 Τοῦτο
2636 1771 2738 1846 γὰρ
2808 1774 2946 1846 αὑτῇ
3004 1775 3038 1842 ἡ
3102 1774 3450 1849 μακροθυμία
3509 1773 3819 1849 χαρίζεται,

2163 1859 2332 1936 ἤγουν
2406 1861 2470 1914 τὸ
2545 1860 2772 1934 στέγειν,
2850 1861 2975 1934 περὶ
3050 1861 3118 1931 ἧς
3198 1863 3573 1937 μακροθυμίας
3676 1864 3816 1918 εἶπε·

2164 1972 2191 2000 ι.
2226 1949 2408 2006 Πάντα
2439 1950 2697 2007 πιστεύει.
2734 1971 2762 2003 ››
2822 1953 2898 2008 ”Α
2941 1952 3002 2006 ’ἀν
3035 1947 3162 2026 εἴπῃ
3222 1953 3251 2007 ὁ
3304 1953 3690 2029 ἀγαπώμενος,
3721 1952 3816 2008 καὶ

2164 2035 2315 2093 οὗδὶν
2345 2035 2586 2094 ὕπουλον
2621 2037 2745 2093 οὕτε
2799 2041 2966 2104 αὐτος
3022 2038 3202 2110 λαλεῖ,
3261 2039 3379 2096 εὕτε
3401 2042 3493 2096 τοι
3539 2039 3818 2098 λαλοῦντα

2165 2126 2354 2183 οἲεται.
2411 2150 2441 2179 ιι
2505 2128 2686 2184 Ηάντα
2743 2126 2976 2198 ἰλπίζει.
3012 2154 3035 2184 ι
3075 2129 3191 2186 Οὑκ
3235 2127 3623 2204 ἀπογινώσκει,
3654 2130 3814 2214 φησὶ,

2163 2221 2260 2271 τοῦ
2290 2213 2678 2292 ἀγαπωμένου,
2739 2217 2867 2272 ἀλλ’
2914 2215 3125 2289 ιλπίζει
3181 2219 3342 2274 αὑτὸν
3394 2221 3471 2281 είς
3499 2222 3562 2274 τὸ
3595 2219 3817 2295 βέλτιον

2163 2303 2462 2362 δπιδοῦναι.
2499 2306 2558 2363 Εἰ
2610 2303 2666 2362 δὶ
2697 2306 2785 2361 καὶ
2846 2305 3094 2370 ιλπίσας.
3153 2308 3340 2387 φησὶν,
3373 2307 3644 2388 ἀποτύχῃ,
3674 2309 3820 2366 ὲκεί-

2161 2413 2257 2450 νου
2287 2398 2357 2468 τῇ
2387 2395 2553 2466 κακίᾳ
2608 2393 3084 2470 ἐναπομείναντος,
3142 2396 3290 2471 φάρει
3343 2399 3606 2473 γενναίως
3646 2399 3816 2454 αὑτοῦ

2160 2485 2229 2538 τὰ
2281 2481 2663 2556 ἐλαττώματα.
2719 2509 2748 2536 κ
2784 2485 2958 2539 ιιάηα
2988 2486 3114 2560 γὰρ,
3150 2486 3336 2559 φησὶν,
3373 2486 3650 2556 ὑπομένει.
3686 2513 3712 2539 ››
3743 2517 3818 2531 -

2163 2595 2190 2623 ‹‹
2225 2569 2493 2627 Οὐδέποτε
2517 2571 2784 2630 ἐκπίπτει.
2815 2596 2842 2624 η
2864 2607 2933 2618 -
2957 2575 3170 2647 [ΦΩΤ.]
3195 2575 3273 2628 υυ
3303 2572 3814 2652 διαλύεται,φησίν,

2163 2660 2288 2718 οὒτε
2345 2660 2713 2734 διακόπτεται,
2795 2662 2965 2740 ἤγουν
3024 2661 3290 2720 οὐδέποτε
3365 2662 3632 2731 ἐκπίπτει,
3685 2663 3817 2720 οὐδὲ

2163 2752 2533 2831 ἀποτυγχάνει
2589 2760 2692 2822 τῆς
2747 2751 3182 2824 εΰόοκιμήσεως,
3213 2753 3340 2810 ἀλλ’
3398 2753 3480 2809 ἀεὶ
3515 2754 3816 2829 προφάσεις

2162 2841 2369 2918 ἀγαθὰς
2419 2841 2510 2896 καὶ
2566 2840 2737 2904 καλὰς
2791 2841 2955 2916 ιαυτῇ
3011 2842 3265 2918 εὑρίσκει,
3325 2840 3397 2898 δι’
3439 2845 3513 2899 ὧν
3544 2851 3645 2914 τῆς
3672 2845 3812 2919 πρὸς

2161 2929 2288 2992 τοὺς
2343 2928 2582 3001 πλησίον
2641 2929 2878 3006 στοργῆς
2935 2931 3024 2986 καὶ
3083 2931 3368 3008 συναφείας
3424 2931 3643 3011 κατέχει
3681 2933 3811 2994 τοὺς

2163 3015 2486 3096 χρωμένους
2514 3017 2673 3093 αὐτῇ,
2725 3019 3074 3095 παραμίνειν,
3105 3021 3194 3075 καὶ
3257 3022 3332 3095 μή
3367 3018 3808 3098 διαῤῥήγνυσθαι,

2162 3107 2257 3165 κᾶν
2320 3106 2517 3164 ἑκεῖνοι
2574 3109 2864 3185 ἀφηνιῶσι,
2924 3111 3015 3165 καὶ
3072 3109 3402 3185 ἀποσκιρτᾷν
3457 3110 3630 3173 αἰτίας
3676 3131 3814 3182 παρ·

414 3165 854 3173 ---ν--..-.-..-..-
889 3165 1278 3188 ---εηητη
1305 3165 1490 3171 --ηπ
1535 3165 1595 3170 _-

404 3207 563 3261 venit
620 3207 731 3260 sibi
780 3207 1141 3270 occasiones,
1202 3222 1307 3276 per
1364 3221 1509 3276 quas
1567 3205 1700 3259 illos
1767 3205 1868 3274 qui
1926 3205 2055 3274 ipsa

2623 3165 2632 3185 .
2673 3165 2683 3180 .
2854 3165 2863 3177 ι
3275 3165 3285 3185 ι
3355 3165 3364 3182 .
3531 3165 3535 3166 κ
3615 3165 3628 3173 ν

2166 3195 2357 3272 ἐχωσι.
2393 3195 2604 3270 Στέγειν
2639 3197 2744 3271 γαρ
2774 3201 2922 3252 ποιεῖ
2975 3196 3064 3251 καὶ
3125 3195 3370 3267 ἐλπίζειν
3401 3198 3491 3254 καὶ
3527 3197 3814 3273 ὑπομένειν

408 3301 656 3350 utuntur
682 3295 935 3350 retineat
955 3295 1017 3348 in
1041 3310 1242 3348 amore
1261 3310 1328 3348 ac
1351 3294 1720 3349 connexione
1742 3293 1817 3347 ad
1855 3293 2050 3364 proxi-

2162 3289 2251 3343 τὸν
2286 3287 2662 3362 ἁμαρτάνοντα
2693 3287 2766 3349 είς
2798 3287 2979 3344 αὐτὸν.

406 3398 555 3452 mos,
587 3388 652 3437 ut
678 3389 1024 3454 permaneat
1053 3388 1113 3436 et
1142 3397 1261 3436 non
1294 3383 1766 3454 interrumpatur
1797 3398 1808 3437 :
1847 3383 2026 3437 etiam
2059 3382 2106 3436 si
2141 3380 2226 3435 illi
2257 3377 2585 3434 dissideant
2616 3394 2684 3434 ac
2715 3379 3022 3436 resiliendi
3057 3397 3270 3438 causas
3302 3382 3622 3453 praebeant.
3654 3382 3814 3438 Facit

406 3471 565 3526 enim
599 3471 754 3525 ferre
784 3476 840 3526 et
872 3486 1149 3542 separare
1180 3485 1248 3527 ac
1282 3473 1576 3528 sustinere
1611 3487 1745 3527 eum
1777 3471 1880 3542 qui
1911 3471 1971 3526 in
2005 3486 2197 3542 ipsum
2229 3467 2511 3540 peccavit.

473 3559 623 3623 XIII,
657 3560 799 3616 840.
833 3581 860 3608 ‹‹
893 3560 1020 3616 Sive
1081 3562 1408 3633 prophetiae
1467 3559 1887 3623 abolebuntur,
1932 3560 2051 3613 sive

407 3670 433 3699 ‹‹
465 3649 683 3722 linguae
713 3650 1047 3718 cessabunt,
1083 3653 1202 3706 sive
1263 3653 1508 3709 scientia
1561 3649 1918 3706 abolebitur.
1971 3651 2051 3702 Ex

405 3760 433 3790 (ι
456 3745 622 3813 parte
654 3741 817 3796 enim
849 3743 1278 3815 cognoscimus,
1315 3759 1384 3798 ex
1414 3747 1580 3813 parte
1599 3739 2050 3811 prophetamus:

403 3853 431 3880 «
467 3831 706 3902 quando
739 3838 935 3888 autem
968 3834 1193 3889 venerit
1223 3833 1381 3904 quod
1413 3831 1737 3902 perfectum
1771 3832 1880 3893 est,
1913 3832 2054 3880 tunc

410 3942 434 3971 α
469 3921 806 3976 abolebitur
834 3919 892 3977 id
925 3924 1079 3994 quod
1114 3940 1182 3978 ex
1214 3926 1379 3993 parte
1413 3924 1520 3975 est.
1550 3939 1577 3968 η

477 4010 581 4066 Ubi
613 4012 918 4068 charitatis
949 4014 1215 4085 germina
1272 4009 1591 4076 recensuit,
1653 4021 1890 4061 rursum
1935 4005 2052 4060 alio

406 4116 645 4172 quoque
671 4102 846 4157 modo
871 4102 1059 4173 ipsam
1087 4100 1336 4163 extollit,
1361 4099 1565 4153 dicens
1588 4102 1644 4152 et
1680 4095 2054 4167 prophetiam

410 4196 466 4245 et
487 4190 719 4264 linguas
744 4197 802 4246 et
822 4192 1132 4246 scientiam
1153 4190 1329 4244 finem
1354 4187 1683 4248 habituras,
1704 4185 2053 4241 charitatem

405 4295 538 4335 vero
572 4297 698 4336 esse
732 4284 1203 4352 permanentem,
1237 4274 1510 4332 stabilem
1557 4292 1623 4332 ac
1682 4279 2050 4348 perpetuam.

405 4369 464 4424 Si
497 4370 653 4424 enim
687 4373 743 4423 et
776 4365 1102 4438 prOphetiw
1134 4371 1190 4422 et
1221 4365 1436 4439 linguae
1468 4371 1604 4422 sunt
1633 4372 1876 4439 propter
1914 4365 2053 4421 fidei

403 4458 822 4530 cognitionem,
857 4454 1149 4526 eXplicata
1179 4454 1400 4528 ubique
1435 4455 1570 4521 fide,
1613 4461 1896 4526 tanquam
1954 4470 2054 4510 su-

403 4547 633 4617 perﬂua
653 4544 992 4613 cessabunt,
1017 4543 1128 4601 hoc
1153 4550 1348 4601 autem
1374 4550 1432 4600 et
1460 4545 1572 4600 hoc
1619 4547 1885 4616 tempore
1920 4544 2052 4610 erit,

2237 3553 2362 3609 Εἴτε
2465 3551 2521 3609 δὲ
2619 3565 2982 3635 προφητεῖαι
3083 3561 3622 3634 καταργηθήσονται,
3707 3556 3815 3613 εἷ’τε

2164 3640 2410 3718 γλῶσσαι
2493 3643 2811 3713 παύσονται,
2921 3643 3026 3700 εἴτε
3110 3651 3310 3722 γνῶσις
3402 3648 3815 3724 καταργηθήσε·

2160 3750 2272 3787 ται.
2343 3733 2438 3787 Ἐκ
2506 3733 2702 3808 μερους
2771 3731 2829 3789 δὲ
2895 3736 3260 3810 γινώσκομεν,
3327 3739 3415 3792 καὶ
3489 3735 3548 3792 lit
3615 3737 3816 3810 μέρους

2161 3822 2602 3900 προφητεύομεν.
2633 3827 2797 3880 ’Όταν
2858 3821 2915 3879 δὶ
2973 3823 3105 3899 ἔλθῃ
3150 3824 3213 3882 τὸ
3242 3825 3477 3898 τὲλειον,
3509 3826 3634 3883 τότε
3662 3827 3726 3882 τὸ
3755 3825 3816 3882 ἐκ

2168 3912 2366 3984 μέρους
2393 3914 2889 3986 καταργηθήσεται.

2236 3995 2540 4069 Καταλὲξας
2569 4002 2670 4068 τῆς
2701 4000 2920 4074 ἀγάπης
2973 4004 3038 4058 τὰ
3093 4002 3484 4078 βλαστήματα,
3517 4003 3686 4060 πάλιν
3716 4006 3819 4060 αὐ-

2161 4089 2263 4158 τὴν
2292 4087 2384 4142 καὶ
2442 4087 2608 4162 ἑτάρῳ
2660 4089 2852 4164 τρόπῳ
2910 4093 3058 4166 ὑψοῑ,
3120 4092 3174 4148 ἐν
3230 4096 3310 4167 τῷ
3370 4093 3570 4170 λεγειν,
3600 4096 3690 4150 καί
3720 4096 3819 4163 τὴν

2161 4177 2519 4254 προφητείαν,
2573 4179 2662 4232 καὶ
2711 4180 2809 4242 τὰς
2867 4178 3146 4256 γλώσσας,
3178 4183 3269 4239 καὶ
3300 4186 3401 4254 τὴν
3434 4189 3634 4261 γνῶσιν
3664 4183 3822 4246 τὲλος

2160 4265 2316 4337 ἕξειν,
2375 4270 2472 4338 τήν
2534 4265 2592 4324 δὲ
2643 4268 2862 4346 ἀγάπην
2923 4271 3155 4346 μόνιμον
3215 4276 3370 4342 εἶναι,
3418 4275 3701 4346 στάσιμον,
3731 4275 3822 4329 καὶ

2163 4356 2541 4427 ἀτελεύτητον.
2613 4357 2676 4414 Εἰ
2743 4360 2850 4434 γὰρ
2925 4359 3015 4414 καὶ
3093 4365 3147 4416 αἱ
3215 4367 3545 4439 προφητεῖαι
3609 4361 3700 4417 καὶ
3767 4363 3824 4417 αἱ

2161 4443 2407 4520 γλῶσσαι
2449 4443 2540 4500 διὰ
2592 4449 2691 4517 τὴν
2746 4454 2846 4517 τῆς
2906 4449 3140 4511 πίστεως
3201 4456 3405 4526 γνῶσιν
3441 4452 3569 4520 εἶσι,
3598 4459 3700 4520 τῆς
3729 4450 3823 4506 πί-

2165 4554 2332 4600 στεως
2384 4541 2670 4615 πανταχοῦ
2725 4535 3100 4610 ἁπλωθείσης,
3161 4540 3386 4604 εἰκότως
3443 4539 3519 4602 ὡς
3569 4541 3821 4616 περιτταὶ

405 4639 463 4690 et
487 4633 676 4690 multo
702 4636 888 4707 magis
911 4634 970 4691 in
993 4636 1212 4694 futuro.
1246 4655 1274 4686 ‹‹
1321 4634 1446 4690 Sive
1497 4635 1822 4690 scientia.»
1855 4633 2049 4688 Scien-

2166 4625 2474 4702 ὶργήσουσι.
2501 4632 2678 4682 Τοῦτο
2711 4624 2768 4684 δὶ
2817 4628 2908 4684 καὶ
2969 4635 3058 4684 νῦν
3116 4628 3287 4702 ἔσται,
3322 4633 3410 4687 καί
3437 4625 3639 4704 πολλῷ
3669 4629 3813 4704 μᾶλ-

401 4724 545 4779 tiam
577 4722 723 4780 dicit
752 4724 1020 4782 fortassis
1053 4742 1182 4783 eam
1215 4741 1346 4798 qum
1400 4722 1784 4781 accommoda
1835 4726 1924 4778 est
1972 4721 2047 4777 ad

400 4812 758 4871 docendum.
797 4816 1044 4873 Dilatato
1077 4817 1234 4872 enim
1267 4815 1463 4871 divino
1495 4813 1658 4870 cultu
1690 4829 1758 4868 ac
1806 4811 2044 4884 pietate,

401 4902 589 4959 otiosa
619 4905 731 4960 erit
760 4905 1050 4963 doctrina.
1112 4928 1140 4956 «
1199 4903 1565 4962 Abolebitur.
1632 4926 1659 4953 ››
1717 4900 1868 4968 Quid
1908 4917 2045 4974 ergo

397 4995 538 5047 tunc
561 4993 719 5049 erit?
744 4997 887 5050 Nam
910 4995 982 5051 de
1003 4995 1201 5052 futuro
1225 4993 1371 5050 dixit
1395 4999 1659 5065 tempore
1692 4989 2044 5047 abolendam

396 5099 524 5139 esse
558 5085 890 5141 scientiam.
916 5089 1002 5141 An
1019 5085 1197 5159 igitur
1214 5089 1349 5141 tunc
1382 5086 1440 5140 in
1491 5081 1825 5158 ignorantia
1869 5081 2044 5156 dege-

399 5187 532 5228 mus
553 5174 580 5229 ?
610 5174 770 5231 Absit
799 5176 810 5230 !
845 5173 946 5231 sed
969 5177 1041 5231 de
1061 5173 1711 5248 przesenticognitione,
1733 5173 1880 5231 551
1911 5189 2042 5244 quas

399 5277 468 5317 ex
500 5270 666 5335 parte
697 5270 785 5319 est
813 5263 959 5320 dixit
991 5263 1146 5336 quod
1179 5263 1530 5321 abolebitur.
1555 5263 1696 5320 Cum
1723 5262 1878 5318 enim
1900 5279 2041 5334 prin.

398 5367 536 5407 sens
567 5354 822 5426 cognitio
855 5371 922 5410 ex
954 5360 1120 5426 parte
1178 5353 1272 5420 sit,
1329 5353 1427 5408 ubi
1488 5352 1748 5425 perfecta
1796 5352 2043 5407 scientia

399 5441 723 5511 advenerit,
756 5444 881 5499 hare
914 5459 1046 5514 quae
1079 5459 1148 5497 ex
1181 5447 1344 5514 parte
1405 5449 1491 5497 est
1553 5443 1733 5497 finem
1779 5441 2039 5510 habebit,

395 5547 503 5602 per
533 5533 931 5605 cognitionem
962 5533 1283 5605 perfectam
1312 5530 1550 5585 abolita.
1575 5532 1720 5585 item
1751 5535 1952 5585 autem
1985 5537 2040 5585 et

395 5621 466 5675 de
494 5623 806 5694 prophetia
836 5622 980 5678 mihi
1013 5621 1295 5692 intelligo.
1359 5651 1424 5660 ——
1484 5625 1556 5673 lix
1618 5625 1780 5689 parte
1841 5627 2036 5676 autem

2158 4714 2257 4770 λον
2315 4714 2404 4771 ἐπὶ
2462 4721 2559 4771 τοῦ
2620 4716 2947 4790 μέλλοντος.
3009 4745 3038 4771 ιι
3074 4719 3198 4778 Ε’ίτε
3256 4727 3476 4798 γνῶσις.
3525 4745 3558 4774 ››
3613 4723 3816 4776 Γνῶσιν

2153 4801 2290 4866 ἵσως
2345 4805 2444 4873 τὴν
2503 4809 2601 4860 τοῦ
2657 4802 2932 4862 διδάσκειν
2997 4809 3151 4888 φησί.
3221 4809 3645 4884 ἰΙλατυνομὲνηε
3709 4811 3813 4883 γὰρ

2157 4901 2256 4965 τῆς
2314 4889 2581 4956 εὐσεϐείας
2637 4895 2728 4950 καὶ
2780 4903 2880 4966 τῆς
2941 4899 3176 4963 πίστεως
3236 4901 3462 4976 ἀργήσει
3494 4903 3529 4969 ἡ
3561 4897 3817 4956 διδασκα-

2156 4985 2267 5042 λία.
2327 5009 2355 5037 «ι
2390 4986 2900 5060 Καταργηθήσεται.
2957 5012 2985 5040 »
3043 4989 3112 5047 Τί
3169 4989 3265 5046 οὖν
3319 4989 3480 5058 τότε;
3539 4987 3662 5062 περὶ
3715 4989 3816 5044 τοῦ

2158 5073 2456 5149 μέλλοντος
2515 5074 2620 5150 γὰρ
2682 5074 2798 5131 εἷπε
2855 5076 3064 5148 χρόνου
3120 5081 3497 5156 καταργεῖσθαι
3543 5079 3645 5147 τὴν
3673 5083 3817 5151 γνῶ-

2155 5185 2258 5222 σιν.
2287 5165 2422 5222 Τότε
2450 5163 2630 5219 τοίνυν
2690 5163 2741 5220 ἐν
2800 5167 3044 5242 ἀγνωσία
3086 5167 3369 5244 μέλλομεν
3426 5167 3670 5244 διάγειν;
3704 5167 3796 5234 Μὴ

2150 5254 2359 5329 γένοιτο
2391 5256 2403 5310 l
2433 5252 2608 5311 Ἀλλὰ
2639 5255 2764 5329 περὶ
2823 5263 2924 5325 τῆς
2953 5260 3046 5311 νῦν
3086 5259 3362 5334 γνώσεως,
3392 5267 3495 5328 τῆς
3527 5257 3587 5314 ἐκ
3614 5253 3812 5332 πέρους

2153 5343 2364 5419 εἴρηται
2421 5340 2590 5415 αὐτῷ,
2667 5343 2750 5397 ὃτι
2829 5349 3325 5421 καταργηθήσεται.
3387 5349 3505 5416 Τῆς
3562 5346 3664 5422 γὰρ
3719 5349 3808 5398 νῦν

2151 5435 2407 5509 γνώσεως
2439 5429 2497 5485 ὲκ
2531 5430 2730 5504 μέρους
2762 5429 2933 5502 οὔσης
2965 5432 3094 5488 ἐπὰν
3122 5430 3254 5505 ἔλθη
3297 5437 3333 5504 ἡ
3375 5432 3562 5490 τελεία
3587 5438 3809 5507 γνῶσις,

2152 5525 2288 5593 αὕτη
2323 5524 2357 5592 ἡ
2393 5520 2450 5576 ὲκ
2483 5518 2682 5594 μέρους
2715 5515 2876 5581 τέλος
2933 5520 3059 5592 ἔξει,
3117 5526 3185 5596 τῇ
3244 5521 3424 5594 τελείᾳ
3459 5523 3652 5598 γνώσει
3684 5542 3808 5576 κατι

2151 5609 2482 5686 αργουμὲνη.
2543 5608 2623 5666 Τὸ
2685 5607 2817 5663 αὐτὸ
2876 5606 2935 5668 δά
2993 5631 3086 5683 μοι
3147 5610 3240 5666 καὶ
3296 5612 3418 5687 περὶ
3473 5611 3806 5687 προφητείας

3801 6115 3818 6120 “
3867 6103 3958 6165 "fit
