4158 6194
359 341 472 406 837

360 478 494 532 νόει,
530 498 558 527 ‹‹
589 477 683 531 Ἐκ
717 475 914 550 μὲρους
947 468 1004 528 δὲ
1049 473 1410 548 γινώσκομεν.
1442 483 1470 524 γ)

357 570 480 634 τοῦ,
511 567 607 624 Ἐκ
637 566 834 637 μέρους
866 563 992 637 γὰρ.
1025 557 1181 619 Altis
1210 563 1315 637 γὰρ
1347 561 1460 617 ἐστι
1515 568 1612 617 τοῦ
1667 561 1811 617 ὃιατί
1875 561 2008 635 μὲλ-

363 655 522 712 λουσι
552 660 954 729 κπαργηθῆναι
986 653 1074 707 καὶ
1107 652 1427 708 παύσασθκι.

430 747 560 800 ’Ὅτε
618 741 755 816 ἥμιν
822 744 1040 812 νήπιος,
1099 741 1174 803 ὡς
1232 743 1428 812 νήπιος
1479 739 1733 808 ἐλάλουν,
1786 741 1859 802 ὡς
1911 741 2010 810 νή-

365 853 493 897 πιος
533 832 815 912 ἐφρόνουν,
846 832 922 894 ὡς
962 833 1164 902 νήπιος
1221 830 1580 906 ἐλογιζόμην.
1640 833 1769 887 Ὅτε
1832 827 1890 884 δὲ
1919 831 2011 904 γὲ-

355 944 492 1000 γονα
553 922 711 996 ἀνὴρ,
771 923 1094 996 κατήργηκα
1174 921 1242 976 τὰ
1296 925 1392 974 τοῦ
1449 921 1672 991 νηπίου.
1724 919 2009 992 Βλέπομεν

355 1013 463 1088 γὰρ
497 1010 615 1085 ἄρτι
659 1008 732 1064 δι’
762 1007 1027 1082 ἐσόπτρου
1085 1007 1137 1062 ἐν
1187 1008 1492 1083 αἰνίγματι,
1551 1007 1673 1063 τότε
1733 1005 1790 1062 δὲ
1851 1026 2015 1081 προσ-

362 1117 513 1157 ωπον
572 1099 708 1175 πρὸς
763 1099 1082 1171 πρόσωπον.
1143 1101 1304 1172 ’Ἄρτι
1356 1101 1613 1172 γινώσκω
1671 1096 1730 1152 ἐκ
1790 1095 2010 1170 μὲρους,

356 1190 482 1246 τότε
512 1187 569 1244 δὲ
599 1189 998 1264 ἐπιγνώσομαι,
1029 1187 1207 1248 καθὼς
1231 1186 1322 1240 καὶ
1353 1184 1723 1262 ἐπεγνώσθην.

433 1277 654 1348 Ἐπειδή
688 1277 807 1332 εἶπε
839 1280 939 1342 τῆς
967 1274 1180 1338 τελείας
1239 1276 1496 1351 γνώσεως
1542 1274 1852 1352 ἐρχομένης
1909 1276 2008 1345 τήν

361 1371 589 1445 μερικὴν
643 1366 805 1431 τέλος
853 1362 1029 1437 ἕξειν,
1091 1367 1179 1421 καὶ
1240 1362 1643 1442 παραδείγματι
1701 1370 1861 1440 κυροῖ
1916 1365 2007 1419 τὸν

363 1456 551 1536 λόγον.
584 1460 729 1528 Ὅτε,
753 1457 938 1535 φησὶν,
971 1457 1127 1529 ἤμην
1165 1457 1364 1526 νήπιος
1421 1462 1552 1519 παῖς
1607 1457 1709 1525 τὴν
1765 1454 2010 1526 ἠλικίαν,

367 1549 545 1605 πάντα
571 1548 738 1617 νήπια
763 1547 936 1621 ετχον,
989 1545 1079 1600 καὶ
1138 1546 1200 1601 τὸ
1257 1545 1469 1615 λαλεῖν,
1517 1540 1606 1599 καὶ
1654 1545 1717 1602 τὸ
1774 1551 2008 1625 φρονεῖν,

358 1632 544 1691 καὶτὸ
578 1633 912 1710 λογίζεσθαι.
968 1633 1097 1690 Ὅτε
1154 1630 1212 1687 δὶ
1267 1625 1402 1706 ἀνὴρ
1459 1631 1679 1709 γέγονα,
1739 1627 2009 1708 ἆπὲῥριψα

359 1722 427 1780 τὰ
455 1730 556 1793 τῆς
605 1721 958 1793 νηπιότητος.
1011 1719 1200 1783 Οὕτως
1256 1721 1347 1777 καὶ
1405 1719 1491 1777 ini
1547 1725 1657 1776 τῶν
1713 1738 2010 1795 πνευματι-

1321 338 1728 402 GOMMENT.
1781 343 1853 402 IN
1903 337 2154 402 EPIST.
2205 344 2230 402 Ι
2275 343 2381 404 AD
2427 343 2790 406 CORINTH.

3646 347 3768 410 838

1519 503 1585 517 -—-
1618 475 1801 550 [ΦΩΤ]
1863 471 2008 529 Ἀντὶ

2126 478 2534 546 cognoscimus
2565 474 2622 532 δὲ
2653 493 2758 551 pro
2791 478 2894 555 γὰρ
2951 482 3224 548 sumitur,
3275 488 3341 536 ut
3397 484 3470 538 sit
3529 497 3758 541 sensus.

2121 562 2309 620 Causa
2340 568 2497 622 enim
2525 585 2631 624 cur
2659 569 2968 625 abolendae
2997 571 3116 624 sint
3172 575 3228 624 et
3286 578 3603 628 cessaturae
3650 580 3756 640 est,

2122 651 2263 721 quia
2295 655 2370 709 im
2380 657 2657 728 perfecta)
2689 663 2846 714 sunt.

2195 743 2340 802 Xlll.
2374 748 2456 811 11,
2493 749 2578 801 12.
2609 745 2741 802 Cum
2774 749 2962 817 infans
2994 758 3174 811 essem,
3220 754 3280 802 ut
3336 747 3524 816 infans
3576 752 3764 823 loque-

2124 831 2242 900 bar,
2284 839 2346 887 ut
2373 835 2564 902 infans
2593 835 2916 901 sentiebam,
2947 843 3009 891 ut
3064 839 3251 906 infans
3307 839 3661 908 cogitabam:
3704 847 3763 895 at

2122 922 2217 975 ubi
2266 925 2448 991 factus
2500 941 2618 980 sum
2675 928 2779 991 vir,
2835 927 3046 982 abolevi
3110 927 3421 996 infantilia.
3481 929 3761 987 Cernimus

2123 1013 2268 1066 enim
2295 1025 2442 1067 nunc
2465 1029 2568 1083 per
2589 1015 2869 1084 speculum
2927 1016 2983 1070 in
3037 1019 3351 1086 aenigmate,
3412 1023 3540 1072 tunc
3579 1024 3762 1074 autem

2120 1101 2267 1168 facit
2295 1101 2369 1154 ad
2393 1103 2611 1169 faciem.
2645 1103 2799 1158 Nunc
2828 1117 3088 1173 cognosco
3119 1120 3188 1158 ea:
3208 1110 3395 1174 parte,
3431 1111 3558 1160 tunc
3579 1112 3764 1160 autem

2122 1202 2422 1258 cognoscan
2452 1192 2590 1245 sicut
2619 1199 2670 1246 et
2703 1195 2955 1261 cognitus
2983 1207 3122 1247 sum.

2192 1278 2478 1342 Quoniam
2512 1279 2657 1334 dixit
2680 1282 3132 1352 superveniente
3147 1281 3411 1354 perfecta
3431 1283 3764 1353 c0gnitione

2123 1368 2299 1422 finem
2332 1368 2666 1425 habituram
2701 1385 2829 1426 eam
2863 1385 2994 1443 quas
3022 1378 3112 1427 est
3141 1387 3211 1428 ex
3242 1379 3428 1443 parte,
3489 1376 3761 1445 exemplo

2121 1471 2360 1529 quoque
2389 1471 2726 1516 sermonem
2757 1462 3088 1516 confirmat.
3120 1464 3265 1519 Cum
3297 1479 3511 1531 essem,
3546 1465 3765 1535 inquit,

2119 1546 2315 1602 infans
2346 1555 2446 1604 aut
2475 1564 2624 1620 puer
2651 1553 2841 1616 a-tate,
2875 1550 3077 1606 omnia
3106 1551 3394 1607 habebam
3446 1553 3765 1622 infantilis,

2120 1641 2180 1691 et
2209 1637 2508 1708 loquelam
2539 1642 2596 1693 et
2625 1653 2862 1695 sensum
2895 1644 2954 1694 et
2983 1640 3399 1712 cogitationem
3429 1659 3442 1698 :
3467 1648 3525 1697 at
3543 1642 3644 1697 ubi
3679 1643 3766 1698 fa-

2120 1729 2248 1781 ctus
2270 1727 3065 1798 sumvir,abjeciinfantilia.
3108 1731 3193 1785 Ita
3241 1736 3300 1785 et
3340 1731 3402 1786 in
3448 1732 3768 1802 spirituali-

351 1817 484 1880 κῶν,
508 1810 662 1889 φησί.
698 1812 810 1870 Νῦν
851 1811 1017 1882 νηπία
1050 1812 1193 1865 ἔστιν
1240 1813 1376 1882 ἡμῖν
1405 1812 1440 1880 ἢ
1469 1811 1694 1887 γνῶσις,
1755 1810 1869 1866 ἐπεὶ
1919 1811 2006 1866 καὶ

2126 1813 2251 1882 bus,
2285 1813 2481 1886 inquit
2513 1828 2527 1870 :
2559 1829 2717 1871 nunc
2771 1813 3062 1872 infantilis
3119 1823 3209 1872 est
3263 1818 3436 1873 nobis
3485 1817 3765 1891 cognitio,

348 1900 506 1976 ἠγεῖς
533 1899 725 1970 νήπιοι
772 1897 956 1972 ἐσμεν.
1007 1900 1171 1957 Ὃταν
1213 1897 1398 1954 τοίνυν
1451 1897 1656 1955 τέλειοι
1709 1900 2006 1974 γινώμεθα,

357 1990 388 2045 8
417 1989 559 2046 ἐστιν
591 1988 644 2044 ἐν
689 1995 767 2062 τῷ
802 1987 1062 2062 μέλλοντι
1121 1988 1330 2068 χρόνῳ,
1396 1989 1570 2045 πάντα
1629 1990 1696 2045 τὰ
1752 1986 2004 2060 νηπίώδη

357 2077 758 2155 ἀπορρίψομεν.
850 2079 1159 2149 Νηπιότητι
1238 2081 1342 2154 γὰρ
1426 2077 1602 2136 ἔοικεν
1669 2082 1702 2149 ἡ
1765 2084 2008 2154 παροῦσα

372 2173 571 2242 γνῶσις
601 2169 689 2223 καὶ
720 2167 1022 2246 προφητεία
1052 2168 1142 2223 καὶ
1194 2167 1468 2237 πολιτεία,
1527 2170 1664 2244 πρὸς
1712 2171 1812 2238 τήν
1875 2167 2007 2243 μὲλ-

369 2257 591 2313 λουσαν.
626 2283 652 2310 ‹‹
678 2257 766 2319 Ὠς
794 2255 994 2328 νήπιος
1051 2255 1305 2314 ἐλάλουν.
1339 2282 1367 2309 ››
1399 2259 1487 2320 Ὠς
1515 2259 1650 2332 πρὸς
1704 2259 1802 2323 τὰς
1829 2256 2008 2332 γλώσ-

352 2364 448 2409 σας
477 2347 561 2413 τὸ,
597 2365 627 2401 κ
687 2343 944 2417 Ἐλάλου,
978 2370 1006 2398 ››
1069 2347 1143 2410 ὡς
1197 2348 1335 2421 πρὸς
1401 2349 1497 2411 τὰς
1539 2347 1870 2428 προφητείας
1921 2347 2006 2416 τὸ,

356 2459 383 2490 ο
423 2436 738 2513 ’Βφρόνουν,
771 2459 798 2485 ››
831 2435 907 2497 ὡς
935 2437 1072 2511 πρὸς
1105 2436 1203 2504 τήν
1259 2440 1460 2512 γνῶσιν
1508 2438 1595 2506 τὸ,
1649 2456 1676 2492 α
1707 2435 2006 2511 Ἐλογιζό-

354 2545 482 2597 μην.
519 2549 540 2575 ι
577 2557 644 2566 —
681 2549 700 2575 ι
733 2522 1017 2597 Βλέπομεν
1053 2526 1158 2599 γὰρ
1190 2525 1312 2599 ἄρτι
1345 2523 1413 2579 δι’
1438 2524 1724 2598 ἐσόπτρου.
1766 2550 1785 2576 ι
1825 2532 2006 2603 Σαφηο

351 2613 484 2682 νίζει
515 2614 578 2669 τὸ
599 2611 894 2688 εἰρημένον
926 2612 1049 2689 περὶ
1079 2617 1178 2668 τοῦ
1218 2615 1435 2684 νηπίου,
1493 2615 1585 2670 καὶ
1638 2614 1781 2671 θέλει
1840 2613 2007 2684 δεῖξαι

357 2701 439 2759 ὅτι
470 2701 686 2778 ἀμυδρά
715 2703 801 2767 τίς
847 2701 992 2758 iactv
1048 2704 1184 2772 ἡμῖν
1244 2701 1365 2776 ἄρτι
1423 2705 1457 2772 ἡ
1517 2706 1741 2781 γνῶσις,
1797 2705 1924 2760 τότε
1950 2701 2008 2760 δὲ

355 2795 646 2868 τρανοτέρα
668 2787 836 2848 ἔσται.
870 2815 898 2843 ‹‹
932 2789 1219 2865 Βλᾶπομεν
1252 2793 1356 2867 γὰρ
1387 2793 1533 2868 ἄρτι,
1565 2795 1720 2871 φησὶ,
1771 2790 1842 2848 δι’
1887 2792 2006 2848 ἰσόι-

354 2901 550 2958 πτρου.
586 2907 608 2937 ι
670 2881 804 2938 Εἶτα
883 2877 1070 2951 ἐπειδή
1161 2881 1223 2936 τὸ
1303 2877 1564 2957 ἔσοπτρον
1637 2881 2004 2958 ἂκτυπῶτερον

359 2967 598 3027 δείκνυσι
663 2973 763 3026 τοῦ
827 2968 1233 3047 ἰμνραινομᾶνου
1289 2971 1392 3040 τὴν
1455 2971 1715 3044 μίμησιν,
1775 2971 2004 3046 προστέι

357 3072 500 3125 eam:
557 3061 642 3127 τὸ,
703 3082 731 3113 ιι
789 3061 879 3117 Ἐν
938 3058 1243 3135 αἰνίγματι,
1279 3083 1307 3111 ι)
1369 3058 1576 3122 δεικνὺς
1632 3057 2004 3135 ἆμυδροτὲραν

357 3153 496 3206 εἶναι
525 3151 623 3218 τὴν
651 3153 746 3205 νῦν
784 3146 1047 3205 δοκοῦσαν
1107 3149 1459 3218 τελειοτάτην
1507 3153 1703 3224 γνῶσιν
1761 3148 1853 3204 καὶ
1909 3150 2006 3203 τοῦ

360 3237 412 3293 ἐν
447 3237 699 3312 ἰσόπτρῳ
740 3239 1185 3316 προφαινομὲνου
1232 3238 1577 3314 πράγματος.
1640 3261 1668 3288 ‹‹
1703 3237 2006 3312 ῐιρόσωπον

360 3326 499 3402 πρὸς
531 3326 847 3402 πρόσωπον.
882 3351 911 3379 ιι
943 3327 1071 3405 Οὐχ
1106 3326 1180 3391 ὡς
1231 3326 1544 3400 σωματικόν
1601 3348 1653 3382 τι
1685 3325 1720 3395 ἢ
1752 3326 2008 3396 αἰσθητὸν

359 3415 654 3493 πρόσωπον
684 3419 783 3472 τοῦ
829 3420 963 3471 Θεοῦ
1015 3414 1266 3494 ἔχοντος,
1325 3413 1472 3470 ἀλλὰ
1527 3415 1626 3484 τῆν
1685 3418 2012 3490 τρανοτέραν

360 3506 447 3560 καὶ
485 3505 809 3583 σαφεστὶραν
840 3509 1064 3580 γνῶσιν,
1094 3508 1164 3578 τῇ
1220 3501 1362 3574 λέξει
1415 3509 1512 3560 τοῦ
1542 3505 1842 3578 προσώπου
1871 3524 2012 3577 παρ-ε

367 3596 874 3669 ίστησιτροπικῶς.
929 3599 1002 3650 ’Ἡ
1035 3597 1194 3648 τοῦτο
1225 3593 1338 3648 νόει
1400 3615 1494 3668 μοι
1548 3593 1670 3666 περὶ
1728 3599 1826 3649 τοῦ
1884 3595 2012 3650 Υἱοῦ

359 3689 456 3740 τοῦ
513 3685 718 3760 Κυρίου
779 3685 941 3756 ἡμῶν
1030 3685 1208 3754 Ἰησοῦ
1293 3683 1530 3758 Χριστοῦ
1581 3683 1747 3738 αὐτὸν
1813 3682 2010 3759 λέγειν,

361 3776 553 3830 «Τότε
610 3771 668 3829 δὶ
725 3771 1123 3849 ἇπιγνώσομαι.
1168 3797 1195 3825 ››
1255 3774 1385 3842 Νῦν,
1451 3772 1632 3850 φησὶν,
1696 3773 1756 3829 in
1815 3774 2011 3848 μέρους

362 3864 520 3920 αὐτὸν
556 3863 836 3941 γινώσκω,
885 3857 1009 3918 τότε
1066 3860 1124 3918 Si
1180 3863 1358 3925 οὕτως
1415 3861 1576 3918 αὐτὸν
1639 3861 2012 3939 ἐπιγνώσομαι

362 3953 455 4010 καὶ
487 3955 745 4032 aerariam,
776 3950 957 4027 ὥσπερ
993 3957 1084 4007 νῦν
1132 3951 1291 4014 αὐτός
1355 3973 1420 4026 με
1479 3951 1707 4027 ἐπέγνω.
1764 3957 1874 4010 Νῦν
1907 3955 2012 4028 γὰρ

366 4047 530 4116 ἡμεῖς
592 4043 690 4115 μὲν
773 4039 932 4097 αὐτὸν
993 4042 1091 4097 οὐκ
1143 4039 1533 4118 ἆγινώσκομεν,
1592 4041 1755 4105 αὐτὸς
1800 4041 1858 4098 δὲ
1921 4044 2011 4098 καὶ

363 4131 600 4207 ἐπέγνω,
631 4132 722 4186 καὶ
752 4132 888 4207 πρὸς
950 4131 1138 4186 ὶαυτὸν
1193 4129 1432 4186 εἵλκυσε.
1492 4133 1632 4189 Τότε
1687 4131 1789 4207 γὰρ
1847 4134 2010 4205 ἡμεῖς

365 4221 527 4276 αὐτὸν
555 4222 648 4275 καὶ
692 4220 1129 4296 ἐπιγνωσόμεθα,
1183 4219 1273 4274 καὶ
1333 4217 1782 4294 ἆπιδραμούμεθα
1841 4221 2008 4294 αὐτῷ,

355 4317 460 4380 τῆς
519 4309 866 4386 γλυκύτητος
923 4308 1088 4364 αὐτοῦ
1153 4309 1472 4382 τρανοτέραν
1535 4313 1726 4384 πεῖραν
1787 4304 2012 4381 λαμϐά-

355 4420 553 4462 νοντες.
588 4402 762 4456 Τοῦτο
790 4397 847 4454 δὲ
903 4398 1082 4475 ιίρὼν,
1141 4400 1387 4472 καθαιρεῖ
1444 4397 1618 4454 αὐτῶν
1675 4399 1737 4453 τὸ
1794 4397 1877 4454 ἐπὶ
1939 4401 2006 4473 τῇ

362 4487 560 4567 γνώσει
590 4489 871 4564 φρόνημα,
899 4486 1114 4550 δεοκκὺς
1138 4489 1229 4542 καὶ
1282 4488 1510 4562 μερικὴν
1563 4487 1699 4542 εἶναι
1757 4489 1855 4556 τήν
1914 4491 2005 4542 νῦν

2119 1904 2402 1974 quoniam
2434 1910 2494 1959 et
2523 1921 2632 1961 nos
2663 1905 2918 1961 infantes
2951 1917 3172 1961 sumus.
3233 1907 3307 1961 At
3363 1907 3465 1961 ubi
3519 1907 3766 1978 perfecti

2117 1993 2424 2060 fuerimus,
2450 1994 2606 2065 quad
2629 1995 2743 2050 erit
2765 1995 2824 2050 in
2846 1993 3046 2050 futuro
3072 1996 3310 2063 saeculo,
3329 1996 3531 2050 omnia
3569 1996 3767 2051 infan-

2118 2082 2246 2138 tilia
2275 2083 2646 2155 abjiciemus.
2681 2086 2823 2140 Nam
2856 2084 3122 2140 infantia;
3154 2084 3372 2140 similis
3409 2091 3467 2140 et
3501 2097 3764 2157 praesens

2118 2173 2378 2244 cognitio
2409 2179 2466 2228 et
2496 2173 2810 2246 prophetia
2837 2185 2896 2228 et
2922 2172 3313 2242 conversatio,
3345 2175 3392 2230 si
3425 2177 3770 2231 conferatur

2119 2260 2194 2315 ad
2225 2259 2504 2319 futuram.
2543 2285 2564 2312 α
2602 2264 2673 2319 Ut
2701 2263 2897 2319 infans
2924 2263 3230 2334 loquebar.
3266 2284 3295 2313 ν
3330 2263 3400 2319 Ut
3431 2265 3503 2320 ad
3537 2265 3766 2338 linguas

2118 2353 2412 2410 referatur
2440 2377 2468 2404 ‹‹
2503 2353 2830 2426 Loquebar,
2865 2375 2893 2404 »
2929 2354 3002 2409 ad
3032 2355 3378 2426 prophetias
3437 2377 3466 2406 ‹‹
3527 2357 3766 2412 Sentie-

2118 2441 2255 2498 bam
2286 2466 2314 2494 »
2348 2457 2415 2499 ac
2445 2444 2753 2500 scientiam
2791 2463 2813 2492 α
2847 2443 3184 2516 Cogitabam
3205 2489 3218 2509 ,
3253 2465 3281 2493 ν
3327 2445 3444 2499 sive
3501 2468 3527 2495 ‹‹
3561 2446 3766 2502 Consi-

2118 2535 2417 2590 derabam.
2454 2557 2481 2585 »
2513 2565 2582 2576 -—
2612 2556 2640 2585 «
2675 2535 2984 2590 Cernimus
3015 2535 3173 2590 enim
3206 2551 3363 2590 nunc
3393 2551 3500 2607 per
3555 2553 3767 2608 specu-

2115 2621 2263 2680 lum.
2298 2646 2326 2674 »
2358 2624 2646 2696 Explanat
2676 2624 2832 2694 quod
2865 2623 2935 2678 de
2967 2624 3193 2679 infante
3223 2623 3446 2679 dictum
3479 2631 3584 2692 est,
3618 2627 3768 2680 vult-

2119 2725 2233 2784 que
2267 2712 2576 2768 ostendere
2609 2711 2768 2782 quod
2825 2727 2981 2766 nunc
3040 2711 3292 2766 obscura
3344 2712 3616 2782 quaedam
3657 2729 3764 2768 no-

2117 2801 2207 2856 bis
2240 2805 2327 2856 est
2357 2800 2634 2872 cognitio,
2668 2804 2805 2852 tunc
2832 2803 3030 2853 autem
3061 2799 3248 2869 magis
3281 2799 3592 2868 perspicua
3631 2800 3762 2856 erit.

2119 2911 2146 2941 ‹‹
2171 2889 2478 2944 Cernimus
2501 2887 2658 2943 enim
2682 2899 2862 2952 nunc,
2885 2887 3101 2956 ait,per
3120 2888 3447 2957 speculum.
3475 2909 3503 2936 »
3537 2889 3757 2944 Deinde

2119 2977 2258 3049 quia
2287 2977 2595 3049 speculum
2621 2975 2772 3029 bene
2794 2975 3118 3047 afﬂgiatam
3177 2975 3439 3030 ostendit
3496 2975 3580 3031 rei
3630 2993 3760 3048 quas

2117 3069 2362 3137 apparet
2390 3064 2802 3126 imitationem,
2828 3063 3020 3118 addit:
3059 3085 3087 3112 ‹‹
3134 3063 3198 3119 In
3249 3064 3582 3136 aenigmate,
3615 3087 3643 3115 »
3676 3067 3764 3122 in-

2120 3153 2366 3210 sinuans
2399 3153 2586 3225 magis
2615 3156 2858 3206 tenuem
2889 3166 2955 3207 ac
2986 3151 3389 3208 obscuriorem
3423 3168 3550 3210 esse
3608 3170 3760 3227 eam,

2122 3259 2252 3315 quae
2273 3255 2431 3298 nunc
2449 3238 2878 3312 perfectissima
2895 3239 3124 3294 videtur
3135 3241 3555 3312 cognitionem,
3582 3244 3762 3300 etiam

2121 3331 2226 3387 illa
2247 3348 2309 3386 re
2331 3346 2464 3402 qum
2487 3336 2731 3401 apparet
2752 3329 2814 3383 in
2832 3327 3092 3400 speculo.
3111 3351 3138 3378 κ
3177 3329 3346 3383 Facie
3378 3329 3452 3384 ad
3474 3329 3708 3388 faciam.
3733 3353 3760 3383 »

2120 3423 2245 3476 Non
2269 3419 2428 3492 quod
2450 3420 2602 3474 Deus
2623 3418 2991 3490 corporalem
3015 3417 3276 3488 aliquam
3299 3425 3399 3473 aut
3421 3420 3763 3476 sensibilem

2121 3511 2336 3566 habeat
2356 3510 2554 3574 fidem,
2578 3508 2681 3564 sed
2704 3508 3016 3564 clariorem
3049 3523 3116 3562 ac
3164 3509 3638 3565 manifestiorem
3669 3527 3769 3566 co-

2121 3599 2445 3673 gnitionem
2479 3611 2585 3668 per
2614 3595 2934 3652 dictionem
2969 3593 3170 3650 Facies
3200 3596 3504 3668 ﬂgurative
3527 3597 3772 3653 demon-

2123 3691 2288 3749 strat.
2323 3689 2437 3741 Aut
2468 3686 2579 3740 hoc
2609 3685 2756 3740 mihi
2788 3684 3052 3757 intellige
3083 3685 3155 3739 de
3185 3683 3331 3738 Filio
3363 3684 3612 3740 Domino
3662 3703 3772 3741 no-

2123 3783 2244 3833 stro
2291 3779 2428 3832 Jesu
2484 3777 2714 3832 Christo
2774 3775 2967 3846 ipsum
3025 3775 3210 3845 loqui.
3272 3797 3300 3823 κ
3362 3777 3519 3829 Tunc
3573 3781 3770 3829 autem

2123 3879 2496 3939 cognoscam.
2533 3886 2561 3914 ι)
2593 3868 2783 3927 Nunc,
2817 3863 3032 3933 inquit,
3091 3877 3159 3915 ex
3207 3868 3373 3932 parte
3433 3862 3629 3933 ipsum
3677 3879 3774 3918 co-

2121 3969 2362 4027 gnosco,
2398 3959 2538 4008 tunc
2571 3969 2707 4008 vero
2767 3951 2848 4006 ita
2896 3965 3033 4005 eum
3092 3949 3246 4005 552
3305 3963 3658 4020 cognoscam
3705 3966 3773 4007 ac

2123 4043 2566 4114 concupiscam,
2588 4038 3093 4112 quemadmodum
3113 4039 3239 4109 ipse
3263 4055 3421 4096 nunc
3442 4055 3537 4096 me
3560 4055 3779 4112 cogno-

2124 4134 2252 4188 scit.
2287 4134 2452 4187 Nunc
2488 4131 2646 4185 enim
2676 4146 2783 4184 nos
2814 4144 2948 4184 eum
2983 4144 3103 4183 non
3134 4131 3661 4200 cognoscebamus,
3720 4137 3780 4187 at

2122 4229 2246 4294 ipse
2273 4220 2678 4293 cognovitnos
2703 4224 2761 4272 et
2807 4218 2881 4273 ad
2935 4234 2998 4273 se
3048 4219 3290 4273 attrahit
3339 4225 3477 4274 tunc
3506 4233 3642 4274 vero
3672 4235 3781 4274 nos

2123 4327 2258 4367 eum
2291 4323 2724 4380 cognoscemus
2747 4312 2804 4363 et
2825 4321 3208 4363 accurremus
3231 4307 3304 4362 ad
3339 4320 3499 4374 eum,
3551 4323 3785 4362 sumen-

2121 4414 2211 4464 tes
2241 4397 2562 4453 clariorum
2595 4396 2933 4451 dulcedinis
2963 4397 3150 4468 ipsius
3179 4395 3625 4468 experientiam.
3661 4397 3780 4451 Hoc

2123 4493 2323 4546 autem
2356 4487 2559 4541 dicens
2582 4485 2741 4541 tollit
2764 4487 2982 4541 fastum
3007 4501 3211 4542 eorum
3239 4503 3415 4557 quem
3439 4483 3511 4541 de
3535 4486 3787 4542 scientia

360 4582 590 4654 γνῶσιν,
639 4575 728 4634 καὶ
787 4578 989 4648 ταύτην
1047 4578 1215 4646 αὐτὴν
1273 4577 1376 4632 οὐκ
1433 4575 1482 4646 ἐξ
1549 4579 1731 4651 ἡμῶν,
1788 4575 1917 4632 ἀλλ’
1963 4577 2010 4634 ἐν

2130 4575 2452 4637 habebant,
2485 4574 2811 4629 ostendens
2843 4579 2901 4629 et
2930 4589 3000 4629 ex
3058 4579 3227 4646 parte
3285 4588 3412 4628 esse
3469 4573 3780 4628 scientiam

363 4672 499 4723 Θεοῦ
526 4669 666 4740 ἡμῖν
689 4665 1188 4742 γενὲσθαιδωρεᾶιν,
1247 4665 1336 4721 καὶ
1395 4662 1528 4742 δίχα
1582 4666 1763 4721 πόνων
1821 4667 2021 4742 ἡμετὲ-

369 4776 496 4832 ρων·
532 4755 708 4818 Αὐτὸς
736 4755 865 4832 γὰρ,
899 4756 1085 4834 φησὶν,
1137 4758 1285 4829 ἡμᾶς
1341 4755 1431 4811 καί
1499 4755 1732 4832 ἰπὲγνω,
1762 4756 1851 4811 καὶ
1883 4758 2019 4834 πρὸς

366 4847 556 4901 ἑαυτὸν
597 4845 838 4902 ε’ίλκυσε.
899 4868 928 4898 ιι
973 4844 1165 4909 Καθὼς
1231 4846 1320 4901 καὶ
1381 4844 1743 4921 ιπεγνώσθην.
1776 4865 1804 4900 η
1873 4848 2020 4905 Ἀντὶ

367 4939 462 4992 τοῦ
493 4931 736 5010 ἀκριϐῶς
761 4937 850 4991 καὶ
891 4931 1136 4996 τελείως.
1189 4933 1314 4991 Ἐπὶ
1373 4933 1551 5007 τούτῳ
1581 4935 1708 5011 γὰρ,
1741 4936 1898 5014 φησὶ,
1929 4936 2019 4992 καὶ

365 5025 470 5093 τὴν
497 5023 679 5104 ἀρχὴν
703 5025 814 5099 ἐγὼ
845 5024 1216 5098 επεγνώσοτμ,
1247 5024 1336 5078 ’ἱνα
1363 5024 1452 5080 καὶ
1485 5024 1647 5086 αὐτὸς
1696 5027 2017 5100 γνώσωμαι,

367 5113 552 5178 καθὼς
581 5113 688 5168 ἐσιν
721 5112 994 5186 ἀνθρώπῳ
1053 5110 1297 5185 δυνατὸν,
1346 5111 1573 5175 τελείως
1628 5114 1718 5168 καὶ
1775 5110 2018 5188 ἀκριϐῶς

362 5205 456 5258 τὸν
489 5202 785 5280 ἐπιγνόντα
816 5223 883 5276 με
916 5203 1213 5273 Δεσπότην.

439 5382 570 5438 Νυνὶ
627 5379 684 5437 δὲ
754 5379 920 5457 μὲνει,
981 5383 1162 5444 πίστις
1201 5422 1215 5450 ,
1272 5381 1428 5443 ἐλπὶς
1490 5383 1698 5458 ἀγάπη,
1775 5382 1841 5439 τὰ
1896 5381 2019 5458 τρία

361 5474 552 5528 ταῦτα.
617 5470 835 5541 Μείζὼν
891 5468 948 5525 δὲ
1000 5473 1211 5526 τούτων
1271 5474 1304 5541 ἡ
1366 5471 1574 5546 ἀγάπη.
1636 5472 1868 5526 Διώκετε
1920 5473 2020 5539 τὴν

365 5558 609 5637 ἀγάπην,
695 5559 930 5632 ζηλοῦτε
1016 5558 1072 5616 δὶ
1141 5563 1206 5617 τὰ
1263 5561 1623 5633 πνευματικὰ,
1687 5559 1902 5634 μᾶλλον
1963 5558 2019 5616 δὲ

357 5646 453 5702 ’ίνα
481 5650 885 5724 προφητεύητε.
940 5651 1002 5709 Ὀ
1060 5652 1164 5726 γὰρ
1227 5649 1412 5705 λαλῶν
1460 5649 1704 5726 γλώσσῃ,
1765 5651 1866 5705 οὐκ
1922 5649 2018 5704 ἀν-

2133 4681 2314 4738 quam
2331 4679 2490 4718 nunc
2506 4663 2816 4729 habemus,
2844 4669 2901 4717 et
2940 4663 3099 4732 quod
3145 4664 3298 4718 hanc
3341 4663 3526 4733 ipsam
3561 4677 3681 4717 non
3715 4677 3785 4716 ex

2130 4756 2302 4812 nobis
2325 4755 2672 4820 habeamus,
2700 4752 2804 4808 sed
2827 4769 2860 4808 a
2891 4754 3009 4808 Deo
3053 4753 3236 4825 gratis
3259 4751 3561 4822 contingat
3591 4749 3783 4822 nobis,

2133 4863 2200 4903 ac
2231 4847 2358 4903 sine
2388 4844 2607 4900 nostris
2638 4843 2960 4899 laboribus.
3017 4843 3169 4896 Nam
3221 4841 3348 4913 ipse
3408 4846 3467 4896 et
3514 4841 3784 4914 cognovit

2130 4951 2239 4992 nos
2271 4941 2334 4992 et
2378 4935 2452 4990 ad
2501 4951 2563 4989 se
2605 4933 2860 4988 attraxit.
2917 4953 2944 4983 α
2976 4933 3136 4987 Sicut
3166 4937 3225 4988 et
3254 4933 3524 5005 cognitus
3563 4947 3716 4988 sum.
3753 4953 3780 4981 »

2131 5028 2251 5082 Hoc
2281 5029 2388 5091 est,
2423 5028 2627 5078 exacte
2658 5035 2724 5076 ac
2757 5021 3034 5093 perfecte.
3068 5020 3157 5075 Ad
3188 5022 3299 5077 hoc
3329 5022 3491 5077 enim
3551 5036 3656 5094 ego
3705 5020 3778 5076 ab

2130 5117 2300 5172 initio
2331 5113 2601 5186 cognitus
2634 5128 2786 5178 sum,
2820 5116 2885 5166 ut
2917 5115 2974 5166 et
3005 5111 3132 5182 ipse
3162 5125 3603 5183 cognoscerem,
3629 5111 3780 5167 sicut

2127 5205 2352 5263 homini
2386 5200 2667 5275 possibile
2700 5206 2791 5255 est
2818 5200 3075 5273 perfecte
3106 5206 3165 5255 et
3195 5205 3397 5256 exacte
3456 5199 3771 5256 Dominum

2130 5297 2232 5368 qui
2262 5309 2355 5350 me
2396 5289 2687 5363 cognovit,
2719 5289 2890 5346 sicuti
2923 5289 3148 5345 homini
3180 5289 3493 5361 posssibile
3526 5294 3632 5345 est.

2200 5384 2342 5448 Xlll,
2379 5381 2481 5445 l3;
2541 5379 2684 5444 XIV,
2746 5381 2863 5433 1-4.
2923 5383 3077 5435 Nune
3143 5384 3330 5434 autem
3394 5384 3574 5433 manet
3619 5378 3776 5448 ﬁdes,

2127 5484 2266 5544 spes,
2299 5470 2563 5535 charitos,
2594 5469 2707 5522 tria
2735 5468 2866 5538 hac,
2901 5472 2994 5524 sed
3021 5471 3265 5522 maxima
3299 5469 3358 5521 in
3386 5466 3472 5522 his
3501 5473 3579 5521 est
3643 5467 3776 5521 cha-

2127 5564 2283 5617 ritas.
2317 5558 2614 5613 Sectemini
2643 5557 2993 5628 charitatem,
3034 5554 3379 5611 wmulamini
3427 5562 3610 5608 autem
3657 5554 3775 5623 spi-

2127 5649 2378 5715 ritualia,
2407 5646 2583 5717 magis
2629 5653 2806 5702 tamen
2848 5654 2908 5702 ut
2951 5643 3317 5716 prophetetis.
3352 5645 3487 5698 Nam
3536 5643 3634 5712 qui.
3692 5641 3776 5695 lo-
