4158 6194
300 299 416 358 841

1265 298 1674 359 COMMENT.
1722 293 1794 353 ΙΝ
1844 293 2088 353 EPIST.
2143 291 2158 349 l
2208 293 2308 349 AD
2355 291 2719 353 CORINTH.

3594 305 3714 363 84?.

302 431 453 501 ἡμᾶς
489 428 660 494 αύτήν
692 428 785 482 καὶ
825 422 904 482 ἔτι
945 427 1184 504 φεύγειν,
1237 428 1328 482 καὶ
1385 427 1603 484 πολλοῦ
1656 424 1765 480 δεῖν
1820 426 1960 496 ἡμῖν

2082 429 2272 487 nos,et
2295 423 2489 478 adhuc
2516 423 2742 496 fugere,
2769 426 3077 498 multoque
3111 445 3260 499 oqus
3293 446 3421 486 esse
3453 449 3630 490 cursu
3662 439 3731 492 ut

308 516 516 594 δρόμου
548 517 630 571 ἵνα
661 519 972 594 φθάσωμεν,
1002 522 1260 574 τοσοῦτον
1292 519 1679 598 ἀφεστηκυῖαν.
1711 514 1961 587 Ζηλοῦτι

308 605 363 661 δὲ
393 607 459 661 τὰ
491 607 849 679 πνευματικά.
882 608 1002 664 Ἵνα
1049 611 1124 681 μὴ
1175 609 1446 681 νομίσωσι
1507 604 1596 661 διὰ
1648 603 1810 661 τούτο
1868 602 1963 658 αύ-

310 698 400 751 τὸν
461 697 594 758 τοὺς
647 696 772 771 περὶ
827 695 1044 770 άγάπης
1104 695 1302 771 λόγους
1363 696 1637 772 είρηκέναι
1715 695 1790 757 ὡς
1864 687 1965 762 ἔξω

320 783 597 860 βάλλοντα
622 785 689 838 τὰ
735 784 1072 860 χαρίσματα,
1132 785 1343 861 ἐπάγει·
1407 809 1434 836 (ι
1493 783 1738 853 Ζηλοῦτε
1793 779 1850 836 δὲ
1899 781 1968 836 τὰ

302 872 659 946 πνευματικὰ,
712 898 730 923 ι
794 873 1066 946 τουτέστι,
1151 876 1219 929 τὰ
1277 873 1595 948 χαρίσματα
1650 872 1783 945 μετὰ
1869 876 1967 939 τῆς

305 964 541 1038 ἀγάπης.
563 995 630 1004 -——
660 964 878 1035 [ΦΩΤ.]
911 962 1066 1020 Ἀντί
1089 967 1210 1030 τοῦ,
1247 961 1406 1034 Μηδὶ
1435 961 1653 1017 ἐκείνων
1685 957 1964 1034 ἀμελεῖτι.

309 1052 531 1121 Μείζων
568 1051 662 1121 μὲν
695 1051 796 1124 γὰρ
829 1051 862 1119 ἡ
893 1050 1101 1127 ἀγάπη,
1133 1053 1222 1106 καὶ
1282 1052 1484 1121 ταύτην
1546 1050 1659 1125 χρὴ
1721 1046 1964 1103 διώκειν.

310 1141 388 1198 Ού
420 1139 503 1195 δεῖ
542 1138 620 1209 δὲ,
665 1137 793 1194 οὐδὲ
829 1144 935 1194 τῶν
967 1139 1155 1196 ἃλλων
1185 1138 1410 1214 ἀμελεῖν
1455 1139 1836 1215 χαρισμάτων,
1875 1137 1966 1192 καὶ

315 1229 552 1302 μάλιστα
619 1234 716 1283 τοῦ
782 1229 905 1304 περὶ
986 1231 1084 1298 τήν
1162 1229 1497 1305 προφητείαν
1605 1228 1965 1302 χαρίσματος.

317 1344 344 1370 (ι
375 1317 606 1375 Μᾶλλον
638 1317 695 1372 δὲ
742 1317 831 1372 ’ἰνα
868 1319 1270 1398 προφητεύητε.
1312 1341 1335 1370 ιι
1396 1317 1688 1394 Σύγκρισιν
1731 1321 1966 1371 ποιεῖται

311 1407 506 1464 λοιπὸν
540 1406 874 1485 προφητείας
904 1408 990 1462 καὶ
1029 1405 1320 1483 γλωσσῶν,
1353 1407 1443 1462 καὶ
1502 1404 1765 1462 δείκνυσιν
1826 1404 1965 1481 ὠφε-

312 1496 628 1569 λιμωτέραν
683 1498 782 1564 τήν
842 1498 1180 1573 προφητείαν
1218 1491 1586 1552 καταϐάλλων
1645 1495 1741 1555 τὰς
1781 1493 1967 1568 γλώσο

313 1606 430 1644 σας.
464 1586 566 1642 Καὶ
598 1587 699 1662 γὰρ
732 1583 937 1664 σφόδρα
992 1588 1126 1655 ἦσαν
1173 1585 1473 1660 ἐπηρμένοι
1508 1583 1578 1639 δι’
1627 1583 1807 1652 αὐτὰς,
1880 1580 1966 1636 διὰ

308 1675 394 1743 τὸ,
429 1679 650 1750 πρώτου
687 1675 853 1731 αὐτοῦ
919 1676 1262 1750 χαρίσματος
1321 1676 1587 1744 ἠξιῶσθαι
1643 1674 1772 1735 τοὺς
1829 1673 1966 1727 ἀποσ

315 1762 571 1833 στόλους,
648 1789 675 1815 ‹‹
728 1765 810 1854 ,Ὁ
865 1764 966 1854 γάρ
1036 1763 1223 1820 λαλῶν
1290 1764 1536 1854 γλώσσῃ.
1584 1787 1611 1814 ››
1663 1761 1967 1854 ’βνῌτούτῳ
1999 1788 2048 1854 Β

309 1851 568 1921 δείκνυσι,
602 1855 678 1925 μὴ
708 1849 764 1906 όν
802 1851 1009 1930 σφόδρα
1059 1853 1121 1908 τὸ
1173 1857 1280 1908 τῶν
1341 1853 1609 1929 γλωσσῶν
1661 1849 1962 1928 ὠφέλιμον.

312 1939 518 2000 Ούδένα
572 1941 700 2015 γὰρ,
761 1941 916 2015 φησί,
967 1947 1074 1996 τῶν
1133 1940 1438 1996 ἀκουόντων
1499 1937 1806 2013 οἰκοδομεῖ.
1875 1942 1966 2012 Τῷ

311 2029 414 2104 γὰρ
447 2032 562 2100 Θεῴ
595 2025 779 2098 λαλεῖ,
811 2027 910 2082 ούκ
939 2027 1274 2101 ἀνθρώποις·
1335 2026 1448 2082 ἐπεὶ
1510 2026 1704 2101 μηδεὶς
1760 2030 1875 2082 νοεῖ
1900 2026 1967 2080 τὰ

311 2115 604 2190 λεγόμενα,
636 2121 794 2171 τοῦτο
828 2113 998 2191 λέγει,
1036 2142 1056 2167 ι
1095 2113 1286 2178 Οὐδεὶς
1339 2117 1443 2192 γὰρ
1483 2115 1690 2172 ἀκούει.
1752 2139 1780 2166 ››
1834 2115 1969 2170 Εἶτα

302 2203 402 2259 ’ἕνα
435 2207 511 2278 μή
546 2203 826 2265 παντελῶς
887 2206 1202 2279 ἀχρήστους
1272 2203 1468 2267 αὐτοὺς
1530 2203 1700 2278 δείξῃ,
1760 2203 1964 2280 ἐπάγει·

306 2318 337 2346 ‹‹
371 2293 643 2368 Πνεύματι
685 2291 742 2348 δὲ
773 2292 936 2348 λαλεῖ
971 2296 1298 2368 μυστήρια.»
1329 2291 1642 2363 Τουτέστιν,
1684 2295 1718 2362 ἢ
1751 2291 1968 2367 τῷἰδίῳ

311 2381 610 2454 Πνεύματι,
643 2384 760 2437 οἷον
793 2387 860 2455 τῇ
895 2379 1005 2453 ἰδίᾳ
1037 2386 1192 2458 ψυχῇ
1252 2379 1728 2457 προσδιαλέγεται⁹
1788 2380 1825 2452 ἤ
1884 2383 1968 2436 ὅτι

313 2469 366 2525 ἐν
397 2471 670 2544 Πνεύματι
703 2471 864 2546 ἁγίῳ,
896 2473 1013 2526 οἷον
1048 2468 1136 2525 διὰ
1188 2472 1498 2544 Πνεύματος
1557 2471 1719 2547 ἀγίου
1785 2469 1966 2544 λαλεῖ.

309 2560 552 2616 Ἀλλέξ
580 2559 752 2616 καὶέν
823 2559 1098 2633 Πνεύματι
1156 2558 1339 2629 λαλεῖ,
1399 2557 1626 2616 ἔλαττόν
1688 2559 1798 2615 ἐστι
1866 2566 1968 2630 τῆς

313 2649 672 2729 προφητείας,
731 2651 842 2722 ὅσῳ
906 2651 996 2704 καὶ
1056 2651 1090 2718 ἡ
1153 2648 1392 2726 ὠφέλεια
1476 2651 1738 2718 ἤττων.‹‹
1799 2651 1860 2708 Ὀ
1913 2646 1972 2704 δὶ

317 2738 701 2818 προφητεύων.
743 2763 768 2788 »ι
801 2739 935 2796 Ἀπὸ
965 2744 1061 2792 τοῦ
1089 2742 1246 2812 κοινῇ
1307 2741 1677 2817 συμφέροντος
1735 2737 1968 2794 δείκνυσι

309 2829 415 2896 τήν
505 2828 840 2905 προφητείαν
897 2827 1197 2903 κρείττονα.
1257 2829 1399 2891 Τοὺς
1469 2828 1571 2904 γὰρ
1624 2829 1968 2903 ἀνθρώπους,

305 2917 501 2996 φησὶν,
533 2914 838 2990 οἰκοδομεῖ,
893 2917 983 2971 καὶ
1031 2917 1338 2992 παρακαλεῖ
1377 2916 1462 2972 ἐπὶ
1502 2921 1602 2988 τήν
1646 2918 1849 2985 πίστιν,
1879 2917 1970 2972 καὶ

311 3011 712 3080 παραμυθεῖται
776 3005 863 3060 ἐπὶ
922 3011 1040 3066 τοῖς
1101 3006 1379 3080 ἐσομένοις
1441 3013 1784 3082 πειρασμοῖς.
1829 3031 1857 3058 ‹‹
1910 3007 1971 3062 Ὁ

319 3091 511 3150 λαλῶν
533 3094 758 3169 γλώσσῃ
791 3095 978 3150 ἑαυτὸν
1010 3092 1317 3169 οἰκοδομεῖ,
1350 3119 1377 3146 ››
1411 3096 1541 3170 Περὶ
1605 3101 1714 3151 τῶν
1747 3091 1971 3149 εἰδότων

2075 513 2594 584 apprehendamus
2626 530 2756 568 eam
2796 532 2927 587 quae
2960 517 3108 572 adeo
3155 519 3356 574 distat.
3393 543 3420 564 ι(
3469 525 3726 580 Ᾱίιῃιιιίι-

2076 602 2226 658 mini
2255 607 2454 657 autem
2489 602 2846 674 spiritualia.
2882 627 2906 652 η
2942 608 3020 660 Ne
3046 609 3390 664 existiment
3421 627 3552 666 eum
3586 629 3728 682 pro-

2077 696 2282 762 pterea
2312 690 2384 744 de
2443 691 2731 746 charitate
2764 693 2975 748 fecisse
3037 713 3395 763 sermonem,
3456 705 3521 752 ut
3571 699 3730 757 dona

2074 779 2232 834 foras
2265 779 2604 851 projiceret,
2640 780 2945 854 subjungit
2978 800 2990 838 :
3027 806 3054 832 ‹‹
3087 785 3464 842 Ᾰεῖῐηιιιθωὶοἱ
3527 795 3727 844 autem

2077 869 2429 940 spiritualia,
2465 891 2493 918 ››
2526 871 2636 926 hoc
2667 876 2775 938 est,
2809 871 2966 928 dona
2995 889 3131 929 cum
3164 876 3292 946 ipsa
3317 876 3623 932 charitate.
3654 908 3725 921 --

2077 959 2198 1013 Hoc
2229 963 2338 1025 est,
2374 974 2568 1029 neque
2603 959 2704 1014 illa
2734 960 3032 1033 negligite.
3069 963 3372 1034 Siquidem
3405 967 3594 1038 major
3637 972 3729 1022 est

2079 1047 2361 1112 Charitas,
2395 1053 2453 1102 et
2482 1049 2634 1104 hanc
2680 1055 2912 1119 oportet
2940 1053 3187 1107 omnino
3221 1055 3454 1116 sectari.
3489 1072 3608 1111 non
3644 1062 3726 1112 ta-

2079 1153 2218 1191 men
2249 1138 2342 1190 vel
2393 1137 2510 1192 alia
2540 1137 2696 1192 dona
2727 1139 3024 1211 negligere
3082 1148 3330 1212 oportet,
3368 1148 3425 1198 et
3471 1147 3728 1202 maxime

2081 1225 2406 1297 prophetia)
2467 1224 2710 1282 donum.
2745 1229 2902 1284 554
2934 1251 2960 1278 «
3022 1231 3200 1302 Magis
3255 1236 3453 1288 tamen
3500 1238 3565 1287 ut
3595 1251 3728 1306 pro-

2076 1315 2387 1386 phetetis.»
2420 1315 2809 1370 Collationem
2833 1317 3114 1388 deinceps
3143 1318 3285 1374 facit
3314 1321 3639 1393 prOphetiaa
3673 1329 3732 1378 et

2077 1404 2435 1476 linguarum,
2464 1412 2521 1460 et
2550 1404 2808 1460 ostendit
2835 1406 3137 1463 utiliorem
3170 1424 3297 1464 esse
3328 1410 3726 1481 prophetiam,

2080 1491 2422 1565 deprimens
2453 1493 2705 1565 linguas,
2739 1510 2876 1549 nam
2914 1502 3154 1567 propter
3183 1497 3316 1553 illas
3347 1499 3729 1556 vehementer

2079 1582 2216 1637 elati
2251 1589 2516 1652 erant,eo
2549 1582 2706 1654 quod
2736 1585 2995 1655 primum
3029 1585 3175 1640 illud
3209 1586 3431 1644 donum
3465 1590 3729 1662 accepis-

2080 1679 2210 1727 sent
2243 1672 2516 1744 apostoli.
2550 1696 2577 1722 «
2638 1675 2781 1727 Nam
2814 1675 2914 1744 qui
2976 1674 3241 1746 loquitur
3289 1676 3510 1750 lingua.
3545 1700 3573 1728 »
3621 1680 3732 1734 Per

2080 1762 2190 1817 hoc
2215 1761 2475 1816 ostendit
2505 1762 2662 1832 quod
2693 1779 2814 1817 non
2847 1764 2922 1817 sit
2951 1779 3162 1836 magna
3193 1764 3530 1837 linguarum
3561 1767 3728 1821 utili-

2084 1857 2170 1906 tas
2204 1868 2216 1906 :
2251 1851 2544 1921 siquidem
2577 1851 2808 1907 nullum
2842 1853 3214 1910 audientium
3247 1855 3502 1910 mdificat
3536 1872 3548 1910 :
3611 1857 3728 1912 Deo

2079 1941 2238 1995 enim
2273 1940 2534 2011 loquitur
2585 1958 2706 1996 non
2769 1942 3112 1998 hominibus
3148 1961 3160 1996 :
3194 1945 3477 2014 quoniam
3531 1945 3728 2000 nullas

2078 2029 2355 2099 intelligit
2385 2047 2516 2100 qua!
2562 2029 2862 2096 dicuntur,
2924 2038 2982 2086 et
3011 2033 3123 2087 hoc
3151 2038 3240 2088 est
3273 2032 3428 2104 quod
3489 2033 3723 2089 subdit:

2077 2139 2104 2167 ‹‹
2135 2117 2345 2172 Nullus
2375 2117 2536 2172 enim
2569 2117 2754 2172 audit.
2786 2142 2812 2168 ››
2849 2119 3070 2174 Deinde
3103 2137 3176 2175 ne
3209 2122 3451 2176 omnino
3481 2121 3725 2177 inutiles

2077 2223 2179 2261 eos
2209 2206 2503 2273 ostendat,
2566 2206 2908 2279 subjungit;
2973 2231 2993 2255 ι
3031 2208 3251 2279 Spiritu
3274 2227 3409 2265 vero
3463 2210 3727 2281 loquitur

2078 2296 2379 2366 mysteria.
2416 2318 2442 2345 »
2477 2296 2595 2351 Hoc
2626 2296 2834 2362 est,vel
2866 2314 2972 2352 suo
3007 2298 3216 2368 spiritu
3249 2304 3534 2370 tanquam
3566 2300 3723 2371 apud

2077 2385 2384 2456 proprium
2417 2385 2684 2441 animum
2718 2387 3172 2452 sermocinatur,
3206 2388 3297 2443 vel
3339 2389 3559 2460 Spiritu
3593 2406 3728 2445 san-

2079 2478 2192 2545 cto,
2225 2474 2337 2529 hoc
2368 2480 2478 2538 est,
2509 2489 2618 2545 per
2646 2475 2930 2546 Spiritum
2963 2482 3233 2531 sanctum
3269 2477 3550 2549 loquitur.
3612 2479 3725 2535 Sed

2080 2578 2422 2633 quanquam
2445 2579 2551 2634 per
2583 2563 2864 2635 Spiritum
2891 2564 3360 2636 loquatur,tanto
3387 2569 3585 2622 minus
3617 2568 3722 2622 do-

2079 2668 2220 2706 num
2255 2657 2343 2706 est
2369 2668 2546 2722 quam
2578 2653 2912 2724 prophetia,
2945 2661 3164 2725 quanto
3199 2656 3394 2710 minor
3427 2661 3516 2711 est
3560 2657 3726 2710 utili-

2081 2745 2189 2796 tas.
2226 2763 2252 2790 (ι
2286 2740 2392 2806 Qui
2423 2746 2622 2796 autem
2654 2742 2986 2812 prophetat.
3026 2765 3046 2792 ι
3084 2746 3154 2798 At
3198 2744 3500 2798 communi
3559 2743 3724 2798 utili-

2081 2834 2196 2884 tate
2254 2829 2514 2884 ostendit
2571 2829 2881 2884 meliorem
2942 2847 3071 2885 esse
3131 2833 3526 2903 prophetiam.
3578 2834 3721 2888 Nam

2079 2917 2945 2988 homines,inquit,a)diﬁcat,et
2973 2918 3046 2974 ad
3080 2919 3258 2974 fidem
3291 2921 3726 2988 adhortatur,et

2080 3012 2321 3078 propter
2336 3006 2567 3060 futuras
2588 3005 2943 3061 afﬂictiones
2966 3009 3368 3064 consolatur.«
3403 3009 3510 3076 Qui
3530 3011 3724 3082 loqui-

2081 3101 2178 3150 tur
2197 3095 2398 3166 lingua
2410 3094 2671 3165 seipsum
2693 3094 2998 3150 aedificat.»
3017 3097 3097 3151 De
3112 3097 3203 3151 his
3217 3091 3482 3169 loquitur
3501 3100 3602 3171 qui
3616 3117 3723 3156 no-

547 3153 558 3169 .
734 3153 758 3169 .-
1208 3153 1219 3169 .
1491 3153 1500 3170 .

322 3184 418 3254 μὲν
450 3183 624 3238 αὐτῶν
666 3183 700 3239 ἄ
757 3181 1042 3255 λαλοῦσιν,
1104 3185 1206 3239 οὐκ
1263 3181 1459 3238 εἷδότω
1516 3181 1573 3238 δὲ
1630 3183 1835 3258 ἑτέροις
1892 3181 1968 3254 ἑρ-

2082 3190 2291 3238 verunt
2305 3182 2545 3253 quidem
2571 3199 2639 3237 ea
2661 3200 2792 3254 qua:
2815 3184 3273 3255 loquuntur,sed
3287 3187 3420 3242 aliis
3442 3188 3730 3261 interpre-

320 3277 584 3344 μηνεῦσαι
645 3269 974 3346 διαλέγεται.
1039 3297 1066 3326 ι(
1111 3273 1171 3330 Ὀ
1223 3269 1281 3326 δὲ
1339 3272 1720 3351 προφητεύων,
1781 3271 1968 3347 φησὶν,

315 3359 631 3431 Εκκλησίαν
664 3359 974 3434 οἰκοδομεῖ.
1013 3387 1034 3413 ι
1067 3364 1234 3419 ’Όσον
1289 3361 1380 3416 οὖν
1437 3362 1502 3416 τὸ
1537 3360 1699 3434 μέσον
1751 3365 1847 3415 τοῦ
1876 3357 1969 3415 ἕνα

311 3449 666 3531 ὠφελεῖσθαι,
697 3450 786 3504 καὶ
825 3455 944 3522 τοῦ,
983 3450 1331 3521 Ἐκκλησίαν,
1363 3455 1623 3505 τοσοῦτον
1683 3450 1744 3504 τὸ
1806 3447 1965 3522 μέσον

308 3537 574 3614 γλωσσῶν
602 3540 694 3594 καὶ
723 3539 1080 3618 προφητείας.

386 3628 539 3684 Θέλω
606 3626 664 3683 δὲ
720 3629 925 3691 πάντας
985 3629 1126 3701 ὑμᾶς
1208 3626 1396 3684 λαλεῖν
1479 3627 1780 3702 γλώσσαις,
1834 3625 1970 3698 μᾶλ-

325 3719 425 3774 λον
485 3716 541 3773 δὲ
592 3715 680 3772 ’ίνα
738 3718 1141 3794 προφητεύητε.
1225 3716 1434 3787 Μείζων
1517 3717 1622 3791 γὰρ
1667 3717 1694 3771 ὁ
1750 3735 1970 3789 προφη-

311 3809 482 3864 τεύων
542 3809 577 3879 ἢ
639 3810 666 3862 ὁ
727 3807 913 3863 λαλῶν
975 3807 1277 3884 γλώσσαις,
1337 3807 1491 3869 ἐκτὸς
1551 3806 1598 3861 εἷ
1689 3808 1764 3878 μὴ
1822 3802 1968 3878 διερ-

313 3896 546 3972 μηνεύῃ,
600 3895 690 3951 ’ίνα
749 3900 784 3966 ἡ
846 3895 1152 3967 Ἐκκλησία
1210 3893 1512 3968 οἰκοδομὴν
1600 3890 1765 3970 λάϐῃ.
1831 3893 1962 3951 Νυνὶ

315 3984 394 4053 δὲ,
452 3985 701 4063 ἀδελφοὶ,
757 3986 845 4040 ἐὰν
911 3983 1056 4040 ἔλθω
1114 3986 1248 4056 πρὸς
1309 3985 1448 4058 ὑμᾶς
1533 3983 1809 4060 γλώσσαις
1876 3983 1969 4039 λα-

318 4073 454 4143 λῶν,
487 4072 540 4128 τί
583 4073 719 4145 ὑμᾶς
780 4070 1076 4150 ὠφελήσω,
1133 4072 1218 4126 ὲᾶν
1283 4073 1358 4144 μὴ
1421 4072 1546 4145 ὑμῖν
1617 4070 1870 4143 λαλήσω,
1930 4072 1965 4140 ἢ

316 4165 370 4218 ἐν
432 4163 796 4232 ἀποκαλύψει,
854 4163 890 4232 ἢ
949 4161 1001 4216 ἐν
1054 4163 1268 4236 γνώσει,
1329 4162 1364 4230 ἢ
1442 4161 1494 4216 ἐν
1553 4162 1876 4238 προφητείᾳ,
1930 4159 1965 4230 ἢ

315 4250 368 4305 ἐν
405 4248 611 4330 διδαχῇ
660 4270 673 4320 ;
726 4252 877 4324 ὅμως
948 4251 1014 4306 τὰ
1072 4247 1259 4325 ἄψυχα
1315 4251 1501 4326 φωνην
1554 4246 1793 4316 διδόντα,
1861 4249 1968 4303 εἶ’τε

314 4339 503 4408 αὐλὸς,
563 4337 669 4394 εἷ’τε
738 4340 957 4414 κιθάρα,
1042 4339 1129 4393 ἑὰν
1181 4332 1512 4405 ¹διαστολὴν
1598 4342 1716 4400 τοῖς
1798 4337 1966 4414 φθόγ-

312 4447 432 4502 γοις
466 4428 542 4500 μή
576 4425 654 4501 δῷ
680 4427 816 4489 πῶς’
852 4428 1223 4502 γνωσθήσεται
1279 4425 1342 4480 τὸ
1397 4422 1758 4496 αὐλούμενον,
1813 4423 1847 4492 ἢ
1904 4425 1968 4478 τὸ

313 4517 735 4591 κιθαριζόμενον
780 4537 795 4586 ;

391 4607 528 4661 Εἶτα
558 4603 744 4673 ἐπειδὴ
805 4601 1010 4659 πολλοῖ
1077 4609 1201 4678 παρ’
1259 4603 1442 4664 αὐτοῖς
1499 4601 1777 4678 γλώσσαις
1846 4600 1975 4657 ἑλά-

321 4692 482 4761 λουν,
538 4691 630 4748 ἳνα
702 4694 777 4766 μὴ
827 4694 1064 4767 νομισθῇ
1119 4693 1256 4747 κατὰ
1310 4692 1500 4770 φθόνον
1559 4690 1979 4766 ἀποσμικρύνειν

317 4783 416 4845 τὰς
447 4784 724 4856 γλώσσας,
759 4783 915 4857 φησί·
954 4806 981 4834 ‹‹
1017 4780 1172 4837 Θὲλω
1202 4779 1258 4836 δὲ
1311 4780 1511 4843 πάντας
1539 4780 1814 4856 γλώσσαις
1877 4780 1978 4837 λα-

322 4871 463 4933 λεῖν,
497 4895 526 4923 ››
563 4873 675 4945 οὐχ
704 4869 794 4926 ἕνα
823 4868 860 4940 ἤ
895 4868 1013 4940 δύο,
1049 4895 1075 4919 ‹‹
1111 4869 1266 4938 Πλὴν
1306 4868 1519 4942 μᾶλλον
1565 4870 1703 4942 ὑμᾶς
1761 4891 1976 4950 προφη-

321 4961 497 5015 τεύειν
543 4961 842 5034 βούλομαι.
908 4986 929 5014 ι
995 4956 1218 5027 Ἐπειδή
1282 4960 1536 5031 μείξιονὸ
1591 4958 1974 5034 προφητεύων,

321 5045 416 5102 διὸ.
439 5048 502 5102 τὸ
531 5047 658 5110 τοὺς
693 5047 949 5108 πλείονας
990 5045 1240 5125 ὠφελεῖν.
1277 5068 1304 5096 (ι
1339 5045 1529 5109 Ἐκτὸς
1559 5044 1606 5100 εἷ’
1643 5046 1718 5119 μὴ
1751 5043 1978 5121 διερμη-

318 5135 475 5210 νεύῃ.
511 5160 540 5187 n
587 5133 807 5205 Ἐπειδὴ
880 5137 1190 5212 ἀπεφήνατο
1249 5133 1467 5208 μείζονα
1523 5134 1612 5188 τὸν
1662 5137 1976 5211 προφήτην,

319 5226 530 5300 ἐπάγει·
571 5249 597 5279 ιι
631 5226 820 5288 Ἐκτὸς
853 5225 897 5280 εἰ
934 5227 1008 5297 μὴ
1039 5222 1394 5298 διερμηνεύῃ.
1429 5247 1456 5276 ››
1489 5224 1974 5296 Τουτὲστι,μείζων

321 5316 351 5369 ὁ
385 5316 698 5391 προφήτης,
742 5314 895 5377 ἐκτὸς
925 5312 1128 5368 ἐκείνου
1158 5318 1258 5367 τοῦ
1289 5313 1379 5366 καὶ
1425 5311 1703 5386 γλώσσαις
1730 5311 1974 5368 λαλοῦν-

318 5425 415 5465 τος
448 5404 538 5458 καὶ
573 5401 1028 5479 διερμηνεύοντος
1097 5402 1131 5456 ἄ
1189 5402 1352 5478 λέγει.
1415 5402 1476 5459 Ὀ
1538 5401 1639 5477 γὰρ
1704 5407 1976 5471 τοιοῦτος,

316 5493 440 5555 ἳσος
473 5490 587 5549 ἐστὶ
617 5498 695 5567 τῷ
743 5494 1023 5570 προφήτῄ.
1080 5490 1321 5564 Ὁμοίως
1373 5490 1478 5565 γὰρ
1524 5491 1584 5545 τὸ
1641 5493 1818 5546 κοινὸν
1876 5499 1976 5562 τῆς

313 5580 653 5651 Ἐκκλησίας
681 5581 905 5660 ὠφελεῖ.
940 5605 968 5634 ‹‹
1022 5579 1156 5638 Νυνὶ
1224 5577 1302 5646 δὶ,
1361 5577 1612 5656 ἀδελφοὶ,
1682 5581 1770 5634 εὰν
1831 5579 1976 5644 ἔλθω

595 5705 860 5765 Parnm.
906 5707 1018 5764 Gn.
1067 5701 1327 5764 CXVlll.

2081 3273 2188 3328 tari
2207 3289 2326 3327 non
2341 3278 2615 3326 norunt.«
2632 3273 2738 3337 Qui
2753 3289 2888 3327 vero
2903 3275 3568 3344 prophetat,Ecclesiam
3589 3277 3725 3333 aedi-

2079 3362 2577 3426 ficat.»Quantum
2593 3377 2729 3433 ergo
2744 3361 3065 3417 discrimen
3095 3369 3184 3418 est
3202 3364 3330 3436 ejus
3345 3365 3502 3435 quod
3519 3371 3605 3420 est
3621 3367 3727 3422 uni

2077 3451 2286 3506 afferre
2303 3449 2726 3517 utilitatem,ab
2759 3467 2826 3504 eo
2851 3449 3010 3520 quod
3035 3456 3124 3506 est
3145 3452 3422 3508 Ecclesiae
3447 3453 3611 3510 illam
3636 3455 3721 3510 af-

2076 3540 2497 3606 ferre,tantum
2521 3539 2842 3594 discrimen
2863 3539 3304 3613 estlinguarum
3327 3559 3360 3598 a
3380 3544 3717 3614 prophetia.

2147 3630 2294 3692 XIV,
2335 3632 2444 3683 5-7.
2476 3650 2502 3677 ιι
2540 3627 2681 3682 Volo
2705 3633 2905 3684 autem
2930 3645 3137 3685 omnes
3169 3647 3268 3685 vos
3290 3631 3452 3702 loqui
3482 3631 3724 3704 linguis,

2077 3741 2105 3767 ‹‹
2140 3717 2324 3790 magis
2357 3722 2554 3772 tamen
2583 3721 2650 3771 ut
2679 3718 3063 3789 prophetetis.
3102 3720 3245 3773 Nam
3272 3719 3466 3790 major
3497 3725 3586 3773 est
3616 3720 3718 3790 qui

2077 3827 2106 3856 α
2140 3807 2453 3877 prophetat
2484 3821 2662 3876 quam
2695 3804 2794 3876 qui
2826 3805 3091 3875 loquitur
3120 3804 3363 3877 linguis,
3397 3805 3512 3859 nisi
3543 3806 3721 3860 inter-

2079 3918 2105 3943 «
2140 3900 2498 3967 pretetur,ut
2519 3894 2780 3950 Ecclesia
2800 3895 3257 3949 uadiflcationem
3282 3894 3727 3966 accipiat.Nunc

2079 4007 2105 4032 ‹‹
2143 3985 2606 4050 autem,fratres,
2640 3984 2688 4037 si
2720 3999 2933 4038 venero
2965 3984 3038 4038 ad
3064 4000 3163 4037 vos
3191 3982 3410 4056 linguis
3443 3983 3718 4056 loquens,

2077 4096 2103 4123 ‹‹
2139 4073 2282 4144 quid
2309 4074 2470 4129 vobis
2488 4071 2740 4144 prodero
2767 4088 2779 4125 :
2813 4072 2928 4126 nisi
2959 4071 3120 4126 vobis
3144 4072 3354 4143 loquar
3383 4079 3486 4128 aut
3506 4091 3612 4145 per
3633 4092 3725 4128 re-

2077 4185 2104 4212 «
2138 4162 2618 4229 velationem,aut
2633 4177 2737 4231 per
2750 4159 3194 4227 scientiam,aut
3211 4179 3315 4232 per
3328 4163 3726 4233 prophetiam,

2076 4273 2105 4301 «
2139 4257 2238 4306 aut
2259 4268 2364 4322 per
2383 4249 2758 4304 doctrinam?
2783 4250 2936 4314 Quin
2960 4255 3018 4304 et
3039 4251 3304 4306 inanima
3338 4268 3551 4306 sonum
3585 4251 3722 4305 red—

2078 4360 2106 4387 ‹‹
2139 4338 2485 4405 dentia,sive
2516 4337 2680 4404 tibia,
2715 4338 2834 4393 sive
2865 4339 3240 4405 cithara,nisi
3277 4339 3724 4394 distinctionem

2083 4447 2110 4480 ι
2136 4427 2297 4481 sonis
2337 4425 2628 4491 dederint,
2654 4427 2951 4497 quomodo
2982 4433 3369 4499 cognoscetur
3387 4427 3548 4498 quod
3581 4427 3726 4482 tibia

2003 4507 2048 4571 1)
2076 4536 2104 4564 ‹‹
2143 4515 2376 4570 canitur
2406 4520 2506 4570 aut
2536 4515 2809 4570 cithara?
2848 4539 2868 4564 ι

2161 4604 2383 4660 Deinde
2414 4605 2554 4675 quia
2585 4604 2755 4663 multi
2779 4605 2935 4676 apud
2969 4607 3131 4677 ipsos
3157 4607 3376 4678 linguis
3408 4605 3734 4676 loqueban-

2088 4698 2204 4762 tur,
2239 4711 2310 4748 ne
2370 4694 2744 4749 existimetur
2773 4693 2993 4749 invidia
3051 4695 3414 4766 parvifacere
3472 4695 3730 4767 linguas,

2087 4783 2170 4838 ait
2204 4799 2215 4836 :
2250 4806 2277 4832 «
2314 4783 2452 4837 Volo
2521 4790 2720 4839 autem
2753 4800 2959 4838 omnes
3016 4784 3176 4855 loqui
3233 4784 3451 4858 linguis
3473 4826 3488 4852 ,
3523 4806 3551 4833 »
3610 4801 3732 4840 non

2086 4887 2274 4926 unum
2306 4876 2408 4926 aut
2437 4871 2646 4938 duos,«
2678 4872 2783 4927 sed
2815 4873 3000 4946 magis
3027 4890 3125 4927 vos
3149 4873 3506 4944 prophetare
3540 4873 3736 4941 volo,«

2087 4961 2238 5016 555
2273 4961 2555 5030 quoniam
2591 4961 2787 5031 major
2818 4967 2909 5015 est
2938 4963 2988 5016 is
3020 4963 3120 5032 qui
3147 4964 3562 5034 prophetat,eo
3582 4961 3742 5034 quod

2086 5049 2295 5102 afferat
2331 5047 2650 5103 utilitatem
2709 5049 2934 5104 multis.
2968 5072 2995 5100 «
3050 5051 3172 5105 Nisi
3230 5052 3673 5123 interpretetur.
3710 5073 3739 5100 ››

2086 5139 2375 5203 Quoniam
2409 5138 2668 5192 ostendit
2699 5139 2988 5210 majorem
3020 5158 3148 5196 esse
3181 5143 3557 5214 prophetam,
3588 5141 3735 5196 sub-

2078 5227 2279 5299 jungit
2311 5243 2323 5279 :
2360 5249 2386 5275 ‹‹
2421 5227 2537 5281 Nisi
2577 5227 3000 5299 interpretetur
3029 5247 3041 5297 ;
3079 5255 3106 5280 ››
3138 5232 3250 5286 hoc
3284 5237 3393 5298 est,
3425 5232 3618 5302 major
3646 5234 3738 5286 est

2086 5314 2514 5386 propheta,nisi
2551 5315 2651 5369 ille
2682 5322 2741 5370 et
2763 5316 2982 5388 linguis
3005 5318 3282 5390 loquatur
3303 5321 3732 5391 etinterprete-

2087 5409 2183 5457 tur
2213 5420 2343 5474 quaa
2376 5403 2520 5458 dicit
2554 5421 2565 5457 :
2597 5421 2736 5458 nam
2782 5405 2912 5460 talis
2967 5409 3210 5479 aequalis
3260 5415 3350 5464 est
3403 5409 3731 5481 prophetae.

2090 5495 2376 5551 Similiter
2406 5495 2567 5551 enim
2601 5513 2978 5553 communem
3011 5501 3183 5555 affert
3209 5501 3486 5558 Ecclesia)
3508 5500 3753 5556 utilita-.

2088 5590 2227 5641 tem.
2263 5604 2290 5638 ι
2319 5587 2486 5641 Nunc
2538 5590 2760 5653 autem,
2801 5587 3036 5654 fratres,
3094 5589 3142 5644 si
3175 5605 3388 5645 venero
3417 5589 3491 5646 ad
3547 5604 3667 5644 vos.
3705 5607 3734 5634 »

3371 5709 3449 5768 27
