4156 6200
220 394 337 457 845

1166 393 1581 461 GOMMENT.
1628 398 1704 458 ΙΝ
1750 396 2003 458 ΕΡῙΒῬέ
2036 395 2074 455 ·Ι
2118 396 2224 457 ΑΙ)
2263 393 2633 456 CORINTH.

220 502 428 579 ἰπάγειθ
462 497 655 566 Οίίτως
697 501 789 557 καὶ
826 500 1002 575 ὑμεῖς,
1035 502 1083 559 εί
1118 505 1194 577 μή
1247 508 1391 583 σοιφῆ
1429 505 1517 560 καὶ
1573 501 1873 575 νοούμενον

2002 500 2717 571 ntellectumloquamini
2751 515 3110 560 sermonem.
3170 500 3358 571 eritis,
3409 500 3630 574 inquit,

222 592 414 662 ε’πητε
470 590 664 669 λόγον,
717 587 920 661 ἵσεσθε,
978 593 1167 672 φησὶν,
1224 594 1301 659 εἰς
1361 593 1493 669 ἀὲρα
1552 591 1870 659 λαλοῦντες,

219 685 526 749 τουτέστιν,
572 680 696 750 εἰκῆ
761 682 852 737 καί
914 681 1090 754 μάτην
1144 684 1236 738 καὶ
1289 682 1605 759 ἀνωφελῶς.
1670 680 1768 737 Καὶ
1825 680 1874 734 εἱ

224 768 499 847 ἀνωφελὲς
532 768 644 825 ἆστι
693 770 758 825 τὸ
786 774 896 826 τῶν
929 768 1198 846 γλωσσῶν
1230 770 1373 827 διατι
1408 770 1460 826 ἐν
1519 768 1653 826 εἶ’δει
1709 789 1873 845 χαριο

225 880 431 934 σματος
459 859 657 924 ταύτας
701 855 1017 933 ἐλάμϐανον
1050 879 1065 929 ς
1096 863 1215 918 Ἵνα
1252 862 1281 915 ὁ
1311 854 1457 936 ἔχων
1515 860 1604 915 καὶ
1660 858 1877 925 λαλῶν,

225 948 510 1028 ὠφελῆται
544 947 730 1021 μόνος.
765 948 827 1006 El
859 946 917 1003 at
949 947 1147 1024 μὲλλοι
1176 949 1265 1004 καὶ
1300 949 1504 1024 ἕτεροις
1547 947 1685 1019 εἶναι
1732 948 1876 1021 χρή-

226 1059 411 1111 σιμος,
443 1036 733 1114 ἑρμηνείας
783 1041 964 1116 χρεία.
1024 1038 1090 1109 ἣν
1150 1032 1462 1111 ἐλάμϐανον
1530 1037 1583 1091 οἱ
1659 1035 1874 1110 μᾶλλον

224 1126 642 1202 κεκαθαρμένο..
675 1127 826 1184 Κατά
849 1129 950 1196 τὴν
991 1126 1287 1204 ἀναλογίαν
1344 1126 1444 1201 γὰρ
1498 1133 1602 1196 τῆς
1646 1124 1880 1187 πίστεως

225 1217 320 1273 καὶ
373 1219 472 1285 τῆς
524 1216 836 1291 καθάρσεως
870 1259 886 1285 ,
938 1214 1184 1273 ἐδίδοντο
1239 1216 1330 1272 καὶ
1388 1215 1455 1271 τὰ
1539 1214 1876 1291 χαρίσματα.

232 1331 254 1357 α
290 1309 558 1375 Τοσαῦτα,
579 1305 627 1360 εἰ
653 1305 841 1379 τύχοι,
862 1305 988 1380 γὲνη
1011 1311 1228 1385 φωνῶν.
1257 1331 1280 1361 ε
1307 1308 1576 1370 Τοσαῦτα,
1606 1302 1879 1371 τουτέστι,

224 1394 435 1465 πολλὰ,
466 1394 625 1472 φησὶ,
653 1395 832 1456 καθὼς
862 1388 1052 1470 ἔτυχεν
1120 1391 1248 1450 ὄντα
1303 1392 1433 1469 γὲνη
1491 1396 1682 1472 φωνῶν
1734 1384 1878 1446 ἔστιν

226 1483 498 1560 ἰμψῦχων
553 1504 613 1540 τε
677 1484 768 1540 καὶ
829 1483 1088 1559 attalum,
1146 1486 1286 1554 οἷον,
1338 1483 1664 1558 ἀνθγώπων,
1723 1482 1881 1551 ζώων

226 1579 469 1645 πτηνῶν.
516 1572 620 1630 Καὶ
668 1570 902 1647 ἀψύχων
962 1572 1227 1650 ὀργάνων,
1286 1572 1404 1627 οἷον
1462 1568 1632 1646 λύρας
1691 1588 1883 1643 μουσι-

228 1669 358 1733 κῆς,
390 1660 623 1732 ναῦλης,
651 1661 744 1716 καὶ
787 1659 1003 1737 ἑτέρων.
1061 1659 1221 1720 Ἀλλ’
1241 1658 1367 1717 οῦδὶ
1394 1660 1448 1731 ἐξ
1477 1660 1593 1721 δνὸς
1646 1658 1883 1732 τούτων,

231 1753 394 1831 φησὶν
436 1750 753 1831 ὠφεληθείη
783 1771 890 1819 τις,
939 1751 988 1806 εἰ
1048 1751 1124 1825 μὴ
1186 1746 1354 1821 εἳόείη
1386 1750 1486 1818 τήν
1516 1745 1747 1821 δύναμιν
1783 1752 1885 1816 τῆς

233 1848 442 1921 φωνῆς.
475 1843 785 1916 Τοιγαροῦν
836 1838 963 1896 οὐδε
993 1838 1053 1895 ὲκ
1123 1844 1230 1894 τῶν
1293 1838 1564 1912 ὑμετέρων
1618 1834 1885 1912 γλωσσῶν

232 1929 478 2008 ὦφᾶλειά
502 1950 587 1990 τις
618 1929 694 1991 είς
732 1927 941 1991 ἄλλους
973 1924 1313 2000 διαϐήσεται,
1343 1927 1390 1982 εί
1425 1928 1501 1999 μὴ
1554 1923 1723 1996 εἰδείη
1780 1926 1882 1993 τήν

235 2017 467 2092 δύναμιν
497 2023 593 2075 τοῦ
628 2016 999 2091 λαλουμένου.
1027 2019 1217 2075 Ἔσται
1272 2014 1331 2072 δὶ
1357 2016 1545 2085 τοῦτο,
1597 2013 1686 2070 ἰὰν
1742 2011 1883 2088 διερ-

239 2110 484 2183 μηνιῦῃς
515 2107 699 2165 λαλῶν
729 2106 1031 2180 γλώσσαις.
1084 2106 1459 2183 Διερμηνεύσῃ
1493 2102 1573 2174 δὶ,
1604 2104 1650 2160 εἰ
1688 2102 1879 2159 πλεῖον

235 2195 488 2268 ἄληπτον
526 2195 647 2272 βίον
673 2196 763 2251 καὶ
794 2195 975 2251 πίστιν
1001 2196 1209 2270 θερμὴν
1240 2192 1640 2268 πεπυρωμένην
1676 2195 1878 2268 κτήσῃ.

234 2287 550 2361 ...[ψΩΤ,]
576 2287 674 2355 Τὸ,
720 2310 748 2338 α
799 2290 1045 2340 Τοσαῦτα
1082 2284 1214 2361 γένη
1246 2289 1464 2365 φωνῶν,
1509 2308 1537 2335 ››
1590 2283 1680 2339 καὶ
1736 2284 1882 2356 ἑξῆς,

236 2373 417 2452 δῖχῶς
445 2372 585 2438 εστι,
619 2373 718 2432 Καὶ
744 2373 954 2430 τούτῶν
980 2379 1089 2429 τῶν
1134 2378 1304 2449 γενῶν
1356 2370 1508 2429 οὐδέν
1536 2372 1680 2429 ἑστιν

233 2486 356 2533 νον,
437 2458 707 2521 ἄκλαϐεῖν·
804 2462 840 2534 ἢ
922 2462 1009 2519 ὅτι
1087 2461 1275 2521 πολλά
1330 2462 1443 2519 ἐστι
1487 2462 1613 2539 γένη
1672 2465 1885 2541 φωνῶν,

235 2554 367 2613 ἀλλ’
398 2551 625 2628 οὐδεμία
653 2558 769 2615 τοῖς
802 2551 1125 2629 ὁμογενέσιν
1156 2552 1333 2608 αὐτῶν
1363 2552 1508 2609 ἑστιν
1534 2550 1748 2625 ἄσημος
1795 2551 1885 2605 καὶ

238 2642 658 2721 ἆνεπίγνωστος.

310 2922 390 2979 Τό
421 2920 524 2996 γὰρ
555 2918 789 3001 ἄφωνον,
818 2921 888 2976 τὰ
916 2918 1012 2975 δύο
1054 2918 1168 2977 ἔστι
1224 2927 1496 2995 σημαῖνον
1552 2910 1745 2997 εὑρεῖν,
1797 2919 1889 2975 καὶ

239 3014 305 3068 τὸ
335 3008 617 3075 παντελῶς
646 3010 884 3088 ἄφωνον,
914 3011 1003 3066 καὶ
1041 3012 1104 3067 τὸ
1149 3011 1364 3087 ἄσημον
1400 3010 1566 3086 μόνον
1593 3012 1683 3067 καὶ
1739 3007 1892 3065 ἀδιά-

239 3121 504 3179 γνωστον.
538 3100 603 3157 Εἰ
654 3100 747 3175 μὲν
807 3100 924 3169 οὖν,
983 3101 1059 3163 ὡς
1106 3102 1453 3176 προείρηται,
1511 3097 1887 3175 ἐκληψόμεθα,

241 3190 331 3259 εἴη
363 3190 424 3245 ἆν
454 3192 704 3251 τοιοῦτος
734 3190 764 3244 ό
794 3188 1160 3252 ἀποστολικὸς
1184 3196 1334 3253 νοῦς’
1368 3188 1564 3246 Πολλά
1602 3187 1712 3244 ἔστι
1754 3187 1886 3266 γὲνη

241 3284 460 3357 φωνῶν,
491 3278 581 3335 καὶ
622 3279 833 3334 τούτων
875 3285 983 3334 τῶν
1023 3284 1213 3356 γενῶν,
1246 3277 1401 3335 οὐδέν
1438 3272 1598 3335 ’ἐστιν
1655 3276 1886 3357 ἄφωνον.
1919 3256 1965 3324 c

240 3367 425 3426 Ἀλλᾶ
451 3368 503 3425 τί
534 3366 888 3444 κερδαίνομεν
916 3371 1081 3443 ἡμεῖς
1122 3369 1180 3425 ἐκ
1230 3375 1337 3426 τῶν
1396 3374 1590 3447 φωνῶν
1647 3368 1891 3438 ἐκείνων,

249 3456 419 3531 μήδὶν
447 3458 625 3514 αὐτῶν
676 3457 943 3521 συνιέντες
976 3478 990 3528 ;
1047 3459 1178 3516 Ἐὰν
1205 3461 1309 3535 γὰρ
1344 3460 1421 3534 μὴ
1452 3456 1583 3514 εἰδῶ
1610 3457 1663 3514 τί
1687 3458 1897 3530 σημαία-

243 3567 322 3603 νει
354 3550 389 3617 ἡ
431 3548 609 3625 φωνὴ,
670 3544 864 3621 ἔσομαι
898 3546 1005 3625 ὶγὼ
1034 3568 1094 3604 τε
1122 3547 1335 3622 ἰκείνῳ,
1382 3549 1471 3604 καὶ
1530 3549 1732 3611 ἒκεῖνος
1770 3546 1895 3620 ἐμοὶ

248 3632 547 3714 βάρϐαρος.
581 3633 758 3707 Εὶδὶ,
814 3637 890 3699 ὼς
945 3636 1169 3714 ὕστερον
1225 3638 1456 3713 ἐρρήθη,
1516 3636 1895 3712 ἰκληψόμεθα,

246 3725 338 3782 καὶ
371 3727 399 3781 ὁ
421 3729 545 3788 νοῦς
572 3729 846 3788 τοιοῦτος’
882 3724 1077 3782 ῐίολλὰ
1099 3724 1231 3803 γένη
1265 3727 1375 3783 ἐστὶ
1407 3720 1601 3805 φωνῶν
1629 3724 1682 3783 ἰν
1704 3727 1897 3800 κόσμῳ

247 3815 340 3872 καὶ
369 3812 524 3870 οὐδὲν
577 3812 786 3870 τούτων
838 3814 949 3870 ἐστὶ
1002 3821 1118 3878 τοῖς
1174 3817 1493 3891 ὁμογενέσιν
1546 3812 1760 3889 ἄσημον
1806 3814 1896 3870 καὶ

246 3904 670 3980 ἀνεπίγνωστον.
714 3909 838 3968 Ηῶς
892 3901 984 3959 οὖν
1046 3905 1202 3978 ὑμεῖς
1262 3904 1339 3968 εἷς
1393 3904 1520 3981 ἀέρα
1575 3902 1896 3974 λαλοῦντες,

252 3994 343 4048 καὶ
374 3994 564 4067 ἄσημα
593 3999 711 4056 τοῖς
762 3989 1048 4068 ὁμογενέσι
1108 3993 1487 4071 φθεγγόμενοι,
1548 3996 1623 4059 ῶς
1680 3994 1815 4069 μὲγα
1844 4014 1899 4049 τι

252 4084 677 4161 κατωρθωκότες
763 4085 1095 4157 ἂπαιρεσθες
1174 4084 1305 4144 ἀλλ’
1364 4086 1501 4162 οὐχὶ
1571 4083 1900 4156 σπουδάζετε

257 4174 471 4251 μᾶλλον
497 4177 588 4231 καί
617 4174 988 4250 ἐπιμελεῖσθε,
1018 4173 1113 4231 ’ίνα
1161 4177 1253 4232 καὶ
1308 4178 1371 4233 τὸ
1402 4173 1773 4254 διερμήνεῦειν
1802 4178 1900 4239 τὰς

250 4266 508 4341 γλώσσας
556 4260 985 4338 προσλαϐόντες,
1019 4264 1096 4328 είς
1140 4269 1333 4336 κοινὴν
1392 4266 1658 4344 ὠφέλειαν
1686 4268 1902 4342 χρήση-

256 4357 349 4411 σθε
376 4360 458 4428 τῷ
485 4348 843 4431 ’χαρίσματίς
894 4356 956 4414 Ὀ
1013 4355 1122 4431 γὰρ
1163 4352 1231 4424 δὴ
1285 4353 1449 4429 μόνον
1492 4354 1769 4433 γλώσσαις
1800 4352 1905 4409 λα-

256 4444 392 4513 λῶν,
440 4444 662 4518 ἀσήμου
717 4445 809 4499 καὶ
867 4445 1446 4520 ἆνεπιγνώστουθῆς
1495 4451 1682 4521 φωνῆς
1735 4446 1902 4517 ὕπαρ-

258 4533 470 4609 χονᾶσης
526 4537 606 4605 τῷ
662 4533 929 4606 ἀκροατῆ,
969 4531 1086 4588 ἀντὶ
1114 4537 1214 4588 τοῦ
1252 4530 1505 4610 ὠφελεῖν,
1554 4527 1703 4588 ἔσται
1757 4532 1905 4605 αὐτῷ

1985 592 2046 648 in
2103 607 2243 651 aera
2296 590 2643 661 loquentes.
2698 589 2839 654 hoc,
2881 594 2997 657 est,
3069 589 3290 657 [rustra
3359 597 3419 646 et
3487 609 3633 651 vane

1980 695 2050 738 ac
2106 678 2570 739 sine.utilitate.
2628 678 2831 750 Atqui,
2868 680 2917 741 si
2973 680 3151 741 nulla.
3207 686 3333 737 erat
3400 681 3635 752 lingua-

1981 786 2115 828 rum
2142 770 2395 836 utilitas,
2416 785 2601 839 quare
2635 768 2743 832 has
2765 769 2827 833 in
2852 768 3048 834 forma
3067 769 3211 831 doni,
3240 770 3638 843 accipiebant.

1982 861 2054 915 Ut
2082 859 2185 930 qui
2215 874 2315 916 eas
2336 857 2594 917 habebat
2620 858 2812 929 iisque
2832 858 3211 931 loquebatur,
3236 860 3398 917 solus
3421 861 3642 918 utilita-

1984 954 2103 1003 tem
2134 948 2451 1019 acciperet.
2483 947 2647 1013 Quod
2682 948 2731 1005 si
2764 954 2824 1009 et
2851 948 2986 1009 aliis
3034 948 3268 1009 futurus
3299 955 3427 1009 erat
3450 949 3637 1014 utilis.

1983 1053 2133 1109 opus
2162 1040 2291 1092 erat
2347 1035 2837 1107 interpretatione
2889 1053 3066 1108 quam
3116 1036 3487 1109 accipiebant
3535 1037 3637 1109 qui

1984 1126 2173 1198 magis
2202 1124 2499 1196 puriﬁcati
2524 1126 2867 1195 eraptNam
2889 1126 3063 1195 juxta
3093 1125 3229 1181 tidei
3260 1141 3330 1181 ac
3361 1127 3638 1198 purifica-

1988 1214 2170 1269 tio'nis
2191 1214 2659 1285 preportionem,
2686 1212 2984 1270 dabantur
3001 1218 3063 1269 et
3080 1213 3403 1270 dona/fam
3429 1214 3639 1283 multa,

1988 1303 2037 1357 si
2066 1318 2163 1358 res
2181 1303 2358 1373 ferat,
2387 1318 2609 1375 genera
2638 1318 2933 1361 sonorum
2955 1306 3214 1372 τοσαῦτα,
3245 1304 3306 1359 id
3340 1311 3452 1368 est,
3506 1304 3639 1377 plu-

1986 1392 2161 1455 rima,
2196 1392 2351 1447 sicut
2377 1392 2617 1458 accidit,
2659 1398 2802 1447 sunt
2826 1408 3046 1465 genera
3077 1410 3382 1461 sonorum,
3406 1395 3641 1450 anima-

1990 1487 2183 1536 torum
2215 1487 2275 1536 et
2304 1481 2771 1538 inanimatorum
2807 1500 2820 1537 :
2856 1489 2998 1554 puta
3026 1483 3361 1552 hominum,
3412 1483 3641 1540 bellua-

1987 1586 2142 1640 rum,
2174 1570 2479 1625 volucrum
2508 1586 2521 1625 :
2556 1576 2616 1626 et
2640 1571 3043 1627 inanimorum
3076 1573 3637 1641 instrumentorum,

1987 1674 2203 1731 nempe
2235 1660 2379 1731 lyrae
2406 1660 2731 1726 musicalie,
2762 1662 2958 1718 naulas
2984 1676 3053 1717 ac
3083 1662 3573 1720 caeterorumﬁed
3607 1681 3642 1719 a

1989 1748 2179 1806 nullo.
2212 1749 2430 1820 inquit,
2479 1750 2694 1807 horum
2728 1750 2909 1816 refert
2937 1752 3235 1824 quispiam
3294 1753 3639 1819 utilitatem,

1991 1839 2108 1894 nisi
2139 1838 2256 1894 vim
2304 1838 2437 1894 soni
2486 1845 2823 1909 cognoscat.
2848 1841 3053 1911 Itaque
3098 1857 3293 1913 neque
3321 1858 3389 1897 ex
3423 1840 3645 1914 linguis

1988 1928 2205 1983 vestris
2245 1926 2372 1983 ulla
2424 1928 2705 1989 transibit
2760 1929 2835 1985 ad
2884 1930 3034 1985 alios
3091 1931 3343 1991 utilitas.
3376 1931 3492 1985 nisi
3524 1929 3641 1986 vim

1991 2023 2310 2090 cognoscat
2365 2018 2495 2090 ejus
2553 2017 2712 2089 quod
2763 2018 3002 2075 dicitur.
3037 2020 3161 2074 Erit
3205 2026 3405 2075 autem
3450 2019 3561 2074 hoc
3592 2018 3643 2074 si

1991 2106 2442 2178 interpreteris:
2502 2107 2991 2179 interpretaberis
3042 2116 3238 2165 autem
3289 2110 3339 2165 si
3381 2109 3641 2181 amplius

1992 2196 2359 2252 nanciscaris
2379 2196 2559 2252 vitam
2581 2197 2960 2269 inculpatum,
2986 2198 3286 2271 fidemque
3318 2199 3640 2255 ferventem

1994 2289 2054 2342 et
2082 2285 2351 2357 ignitam.
2383 2316 2456 2328 —-
2476 2285 2645 2352 Quod
2672 2288 2759 2342 ait
2788 2304 2802 2343 :
2828 2311 2857 2337 ››
2890 2289 3030 2347 Tam
3063 2288 3250 2345 multa
3294 2304 3514 2362 genera
3542 2305 3642 2345 vo-

1993 2390 2183 2431 cum»
2223 2374 2344 2430 sive
2393 2397 2423 2426 κ
2475 2391 2840 2442 sonorum,»
2899 2382 3035 2441 etc..
3086 2377 3408 2450 dupliciter
3452 2378 3641 2452 accipi

1994 2468 2210 2537 potest.
2271 2466 2388 2519 Aut
2441 2465 2600 2536 quod
2656 2466 2847 2522 multa
2899 2473 3039 2523 sunt
3078 2482 3295 2540 genera
3322 2483 3553 2524 vocum.
3583 2473 3645 2525 et

1994 2552 2231 2608 nullum
2261 2552 2473 2608 horum
2504 2567 2790 2627 generum
2850 2562 2941 2611 est
2996 2556 3299 2629 aphonum
3355 2562 3459 2614 aut
3514 2558 3643 2614 sine

1995 2658 2137 2699 voce
2170 2658 2184 2709 ;
2217 2642 2306 2698 vel
2337 2643 2494 2714 quod
2525 2645 2715 2701 multa
2740 2647 2890 2703 ΜΠ
2927 2653 3070 2702 sunt
3094 2663 3313 2720 genera
3342 2651 3646 2713 vocum,et

1996 2732 2167 2788 nulla
2195 2731 2406 2788 horum
2432 2732 2684 2789 obscura
2714 2740 2805 2790 est
2844 2739 2946 2791 aut
2996 2736 3197 2808 ignota
3228 2736 3321 2792 his
3351 2737 3454 2807 qui
3485 2736 3647 2808 ejus-

1998 2821 2134 2878 dem
2166 2822 2326 2878 inter
2355 2839 2417 2879 se
2448 2829 2589 2879 sunt
2614 2824 2869 2897 generis.

2071 2920 2214 2973 Nam
2244 2916 2461 2995 ἄφωνον
2509 2919 2628 2975 duo
2674 2920 2800 2975 haec
2849 2921 3182 2993 signiﬁcare
3224 2921 3543 2987 invenitur,
3589 2926 3649 2977 et

1999 3006 2159 3078 quod
2206 3006 2527 3063 obscurum
2561 3013 2791 3064 tantum
2823 3015 2916 3064 est
2938 3015 2996 3064 et
3028 3009 3412 3083 incognitum.
3442 3011 3646 3082 Itaque

2000 3097 2049 3152 si
2075 3102 2141 3151 ut
2170 3097 2334 3167 prius
2374 3098 2596 3153 dictum
2626 3104 2738 3162 est.
2778 3098 3272 3169 intellexerimus,
3324 3100 3458 3156 talis
3516 3116 3648 3156 esse

1998 3185 2217 3258 poterit
2264 3202 2477 3267 sensus
2526 3187 2833 3259 Apostoli:
2886 3188 3073 3245 multa
3123 3196 3261 3245 sunt
3303 3204 3521 3262 genera
3546 3206 3647 3245 vo-

2001 3290 2159 3346 cum,
2184 3282 2247 3332 et
2275 3276 2505 3333 nullum
2530 3277 2743 3334 horum
2764 3295 3045 3353 generum
3072 3280 3375 3353 aphonum
3402 3286 3492 3335 est
3514 3280 3648 3336 :sed

2004 3367 2304 3438 quodnam
2334 3366 2507 3445 nobis
2534 3369 2768 3426 lucrum
2800 3387 2834 3426 a
2871 3370 3112 3427 vocibus
3161 3370 3278 3426 illis
3321 3373 3650 3443 proveniet,

2006 3459 2053 3513 si
2083 3457 2232 3514 nihil
2273 3458 2489 3516 horum
2518 3459 2924 3534 intelligamus
2955 3460 2984 3517 ?
3006 3462 3153 3518 Nam
3186 3462 3233 3517 si
3267 3477 3389 3517 non
3432 3478 3650 3533 cogno-

2005 3565 2144 3606 vero
2175 3549 2316 3622 quid
2347 3567 2452 3605 vox
2483 3551 2794 3625 signiticet,
2821 3569 2921 3608 ero
2955 3558 3015 3609 et
3045 3569 3148 3627 ego
3183 3553 3269 3609 illi
3304 3558 3361 3610 et
3382 3552 3479 3609 ille
3505 3551 3652 3608 mihi

2006 3639 2311 3696 barbarus.
2346 3639 2405 3696 Si
2429 3657 2566 3697 vero
2595 3646 2663 3698 ut
2694 3644 2997 3715 posterius
3020 3642 3243 3699 dictum
3276 3648 3385 3705 est,
3418 3658 3655 3713 accepe-

2008 3729 2216 3796 rimus,
2264 3729 2401 3786 talis
2448 3731 2627 3787 etiam
2662 3732 2774 3788 erit
2820 3732 3178 3788 intellectus.
3213 3732 3394 3787 Multa
3434 3746 3655 3803 genera

2007 3837 2214 3877 vocum
2238 3825 2378 3875 sunt
2405 3820 2467 3876 in
2494 3820 2740 3881 mundo.
2767 3827 2825 3877 et
2846 3821 3078 3877 nullum
3100 3821 3315 3875 horum
3336 3818 3654 3874 obscurum

2009 3916 2098 3966 est
2127 3915 2229 3965 aut
2258 3908 2623 3982 incognitum
2654 3910 2747 3965 his
2780 3910 2879 3981 qui
2912 3909 3181 3979 ejusdem
3216 3909 3372 3963 inter
3403 3924 3463 3963 se
3519 3912 3658 3963 sunt

2009 4001 2263 4072 generis,
2292 3998 2590 4069 quomodo
2642 4015 2778 4071 ergo
2822 4015 2921 4052 vos
2953 3997 3015 4052 in
3050 4012 3188 4053 aera
3230 3997 3564 4068 loquentes,
3600 4001 3658 4052 et

2012 4091 2208 4163 ignota
2238 4088 2331 4143 his
2363 4088 2462 4158 qui
2494 4087 2674 4142 vestri
2706 4092 2847 4143 sunt
2874 4086 3107 4159 generis
3137 4088 3658 4157 sonantes,cristas

2012 4178 2257 4250 erigitis,
2292 4194 2359 4233 ac
2390 4177 2440 4231 si
2462 4192 2739 4249 magnum
2772 4175 2994 4245 aliquid
3015 4177 3393 4250 peregissetis
3411 4176 3440 4231 Ἰ
3462 4183 3518 4233 et
3539 4193 3660 4232 non

2012 4268 2200 4339 magis
2231 4265 2482 4337 studetis
2514 4270 2616 4320 aut
2653 4258 2895 4333 curatis,
2928 4270 3014 4331 ut,
3046 4270 3289 4338 accepta
3323 4266 3661 4338 linguarum

2014 4352 2528 4426 interpretatione,
2578 4352 2651 4409 ad
2702 4359 3078 4410 communem
3126 4355 3451 4410 utilitatem
3506 4350 3662 4408 dono

2014 4442 2320 4499 utamini"?
2353 4444 2492 4497 Nam
2528 4443 2629 4514 qui
2660 4448 2894 4499 tantum
2920 4436 3144 4512 linguis
3171 4430 3461 4516 loquitur,
3490 4443 3539 4498 si
3560 4441 3661 4497 ob-

2016 4532 2188 4589 scura
2214 4534 2273 4587 et
2303 4532 2604 4604 incognita
2624 4530 2702 4588 sit
2728 4548 2841 4589 vox
2874 4533 3153 4603 auditori,
3186 4550 3321 4589 cum
3380 4531 3667 4605 prodesse

262 4617 535 4699 βάρϐαρος
565 4622 656 4677 καὶ
688 4623 718 4678 ό
755 4622 1031 4697 ἀκροατὴς
1098 4621 1308 4696 ὁμοίως
1335 4627 1415 4695 τῷ
1482 4619 1737 4678 λαλοῦντι
1774 4621 1892 4698 Bip-

2019 4623 2281 4687 deberet,
2315 4622 2427 4678 erit
2457 4621 2509 4677 ei
2554 4621 2863 4693 barbarus,
2898 4628 2954 4695 et
3003 4623 3239 4678 auditor
3286 4620 3564 4677 similiter
3611 4618 3666 4674 ei

259 4707 426 4787 ὄαρος
484 4710 879 4788 λογισθήσεται
912 4755 928 4769 .
985 4718 1083 4766 Και
1162 4710 1215 4765 τὶ
1265 4710 1328 4766 τὸ
1384 4710 1616 4767 ἐντεῦθεν
1669 4708 1909 4787 κὲρδοςς

259 4825 287 4853 ιι
327 4801 451 4858 Ἐὰν
485 4801 576 4855 οὗν
610 4802 686 4873 μή
720 4797 850 4856 είδῶ
873 4801 973 4870 τὴν
997 4797 1227 4872 δύναμιν
1277 4806 1380 4870 τῆς
1430 4808 1635 4879 φωνῆς,
1675 4824 1703 4853 υ
1760 4794 1909 4858 Εἰσὶν

261 4890 355 4945 οὗν
391 4889 581 4964 μυρίαι
615 4891 787 4963 φωναί
836 4887 890 4945 ἐν
950 4894 1032 4962 τῷ
1072 4890 1281 4963 κόσμῳ.
1330 4890 1452 4947 Ἐὰν
1497 4890 1596 4946 οὗν
1658 4893 1733 4963 μὴ
1794 4888 1913 4946 οἶδα

259 4980 360 5048 τὴν
391 4977 621 5051 δύναμιν
652 4986 755 5049 τῆς
785 4981 967 5059 φωνῆς
998 4981 1292 5050 τουτὲστιν,
1326 4978 1414 5034 ἐὰν
1448 4980 1525 5053 μὴ
1584 4977 1707 5036 οἶδα
1734 4965 1786 5035 τί
1820 4978 1914 5035 λα-

263 5066 374 5137 λεῖ,
419 5066 655 5141 ἐσόμεθα
683 5066 959 5136 ἀλλήλοις
1018 5063 1310 5144 Βάρϐαροι,
1361 5068 1425 5123 οὐ
1461 5069 1608 5143 παρᾶ
1658 5070 1762 5139 τῆν
1814 5075 1917 5139 τῆς

265 5161 451 5233 φωνῆς
472 5157 686 5227 κακίαν,
715 5155 865 5213 ἀλλὰ
895 5159 1042 5232 παρα
1072 5159 1171 5227 τήν
1200 5150 1633 5232 ἡμῶνῖγνοιαν.
1680 5183 1700 5208 α
1726 5150 1916 5219 Οὕτως

264 5246 357 5301 καὶ
390 5245 568 5318 ὑμεῖς.
605 5262 633 5298 δ)
663 5244 886 5314 Οὕτως,
918 5251 1036 5308 πῶς
1072 5264 1085 5316 ;
1134 5248 1339 5320 Ὥσπερ
1396 5246 1450 5301 οἱ
1502 5243 1799 5308 λαλοῦντες
1826 5247 1916 5301 καὶ

271 5336 348 5409 μή
382 5335 693 5407 νοοιόμενοι,
733 5336 823 5391 καὶ
869 5332 958 5390 διὰ
1000 5338 1162 5391 τοῦτο
1193 5331 1342 5397 ὄντες
1376 5335 1586 5399 ἑαυτοῖς
1624 5330 1919 5409 Βάρϐαροι,

2022 4712 2122 4785 qui
2152 4713 2417 4785 loquitur
2438 4708 2817 4791 reputabitur
2856 4711 3145 4767 barbarus
3176 4729 3191 4766 :
3226 4714 3284 4765 et
3320 4708 3481 4791 quod
3526 4707 3669 4777 inde

2020 4803 2252 4858 lucrum
2284 4803 2394 4857 erit
2413 4800 2441 4856 ‘P
2460 4796 2498 4851 ’‹‹
2527 4796 2582 4856 Si
2614 4786 2793 4871 igitur
2814 4786 3085 4856 nesciero
3108 4802 3225 4856 vim
3246 4801 3425 4856 vocis.
3459 4786 3487 4850 ἦ
3522 4798 3672 4854 Sunt

2026 4888 2162 4964 ergo
2218 4886 2549 4945 innumeras
2597 4878 2770 4945 voces
2826 4890 2887 4944 in
2947 4889 3194 4945 mundo.
3236 4890 3437 4961 Itaque
3469 4888 3516 4944 si
3548 4904 3670 4943 non

2027 4980 2210 5035 sciam
2242 4979 2358 5033 vim
2388 4978 2566 5044 vocis,
2600 4975 2713 5033 hoc
2745 4982 2854 5043 est,
2887 4978 2936 5032 si
2968 4977 3230 5033 nesciam
3291 4977 3432 5050 quid
3483 4978 3672 5050 loqui-

2028 5077 2144 5137 tur,
2203 5070 2425 5124 erimus
2475 5067 2648 5123 nobis
2696 5074 2903 5122 mutuo
2944 5056 3179 5137 barbari
3214 5086 3227 5135 ;
3260 5084 3379 5124 non
3410 5066 3483 5123 ob
3514 5066 3672 5123 vocis

2029 5161 2257 5225 vitium,
2291 5156 2498 5213 sedo’b
2529 5142 2924 5228 ignorantiam
2950 5145 3237 5212 nostram.
3261 5180 3288 5207 ‹‹
3312 5158 3400 5213 Ita
3427 5161 3488 5211 et
3514 5172 3672 5211 vos.»

2032 5251 2135 5305 Ita.
2169 5236 2644 5313 Quonam'modo
2664 5244 2870 5301 ?Sicut
2901 5245 3001 5317 qui
3020 5246 3350 5318 loquuntur
3377 5261 3485 5301 nec
3504 5243 3679 5300 intel-

2033 5338 2316 5408 liguntur,
2347 5339 2403 5389 et
2456 5330 2587 5388 ideo
2639 5332 2751 5388 sibi
2793 5339 3000 5389 mutuo
3032 5340 3169 5403 sunt
3199 5332 3473 5401 barbari;
3509 5333 3591 5388 ita
3621 5336 3680 5387 et

3514 396 3645 457 848A
3710 432 3715 441 -

269 5424 447 5487 οὕτως
474 5425 569 5479 καί
604 5426 784 5498 ὑμεῖς·
817 5425 932 5481 ἀντὶ
970 5430 1089 5492 τοῦ,
1133 5426 1230 5480 Διὰ
1278 5422 1442 5480 τοῦτο
1470 5424 1559 5480 καὶ
1597 5424 1777 5498 ὑμεῖς.
1828 5434 1887 5479 At

2036 5445 2155 5492 vos,
2191 5425 2250 5481 id
2291 5430 2398 5489 est,
2447 5426 2763 5495 propterea
2802 5430 2861 5479 et
2905 5441 3026 5500 vos.
3080 5427 3326 5500 Propter
3355 5424 3496 5497 quid
3523 5423 3551 5478 ?
3604 5438 3679 5478 ne

269 5519 431 5569 ποῖον
466 5532 481 5583 ;
513 5511 605 5568 ἵνα
639 5516 714 5588 μή
748 5513 847 5583 ἦτε
874 5511 1158 5583 ἀλλήλοις
1188 5508 1477 5589 βάρϐαροι.
1507 5514 1603 5569 Διὰ
1641 5514 1803 5569 τοῦτο
1834 5504 1892 5567 οὗ

2038 5516 2201 5591 scitis
2230 5512 2396 5569 vobis
2430 5502 2683 5591 invicem
2713 5498 3339 5588 Barbari,'Propterea
3391 5513 3569 5587 igitur
3624 5518 3684 5567 et

268 5604 362 5658 καὶ
384 5604 568 5675 ὐμεῖς,
631 5603 749 5660 ἕπει
798 5602 1089 5677 ἰπιθυμίαν
1142 5588 1296 5679 ἔχετε
1352 5604 1731 5685 χαρισμάτων,
1760 5602 1892 5685 ν’ὲκεί

2038 5588 2141 5661 Vos
2172 5600 2194 5659 τ’
2241 5598 2522 5676 quoniam
2560 5588 2765 5681 dona"
2792 5593 3234 5678 concupiscitis,
3286 5600 3385 5659 illa
3436 5599 3682 5685 “assequi

270 5714 376 5748 νων
406 5698 598 5768 τυχεῖν
642 5692 981 5770 ἀγωνίσασθε
1033 5688 1109 5747 δι’
1162 5692 1259 5746 ὧν·
1284 5690 1422 5765 ’ὑμῖν
1453 5682 1791 5769 {assim-
1832 5698 1892 5759 τῆ

2042 5692 2380 5750 contendite
2408 5682 2518 5764 per
2548 5708 2677 5765 quae
2708 5692 2984 5750 Ecclesiae
3006 5694 3236 5749 utilitas
3251 5698 3307 5749 et
3326 5682 3684 5746 srdillcatioa
