4158 6194
577 344 692 401 817

1690 333 2115 397 (ECUMENII
2161 329 2462 391 TItICCzE
2508 328 2876 390 EPISCOPI.

3817 337 3911 397 848

571 473 730 528 vobis
761 472 1102 542 attingatur.
1155 471 1285 540 Ipse
1318 485 1451 524 vero
1511 469 1628 523 ait:
1663 491 1690 516 ‹‹
1725 470 1794 523 Ut
1825 465 2148 522 excellatis.
2185 486 2212 513 ››

2329 459 2658 530 Ἐκκλησίας
2687 461 2776 514 καὶ
2829 463 2863 528 ἡ
2926 458 3200 534 οἰκοδομή
3245 463 3720 532 κατορθωθήσεται.
3770 465 3917 529 Αὐτὸς

571 562 690 614 Hoc
723 565 830 622 est,
862 565 930 612 ut
959 558 1092 628 plus
1124 575 1302 628 quam
1335 574 1495 614 nunc
1524 557 1830 614 habeatis:
1857 556 2072 628 linguis
2094 561 2216 609 tan-

569 655 694 701 tum
727 663 885 701 nunc
916 646 1229 716 loquentes
1261 652 1320 702 et
1344 663 1465 702 non
1488 647 1968 718 interpretantes.
1994 675 2061 684 —
2103 643 2217 696 Vel.

569 736 642 790 Ut
672 735 975 792 excellatis
1007 736 1195 807 magis
1253 752 1430 806 quam
1479 735 1693 807 linguis
1724 733 2040 804 loquendo.
2075 734 2217 786 Nam

568 823 687 878 alia
715 823 873 879 dona
926 825 1143 896 linguis
1168 826 1171 827 ⁷
1193 825 1613 879 excellentiora
1644 830 1801 888 sunt,
1840 827 2042 893 utpote
2073 820 2214 874 ube-

568 912 788 967 riorem
819 913 1133 968 afl'erentia
1161 913 1504 968 utilitatem.

640 1081 793 1139 558
825 1080 974 1149 XIV,
1015 1085 1200 1137 12-14.
1235 1105 1262 1131 ‹‹
1321 1081 1813 1152 Quandoquidem
1846 1081 2220 1134 aemulatores

571 1171 758 1226 «estis
775 1171 1090 1242 spirituum
1108 1171 1179 1226 ad
1199 1171 1652 1226 mdiﬁcationem
1668 1169 2155 1239 Ecclesize,quaeri
2167 1173 2218 1222 te

577 1281 602 1311 ιι
633 1267 702 1315 ut
727 1260 1430 1332 excellatis.Quapropter
1451 1261 1551 1331 qui
1576 1259 1840 1330 loquitur
1871 1259 2226 1330 lingua,oret

571 1371 598 1398 «
617 1354 684 1403 ut
698 1348 1294 1420 interpretetur.Nam
1315 1350 1361 1402 si
1378 1366 1541 1403 orem
1557 1349 1779 1416 lingua,
1798 1347 2042 1418 spiritus
2056 1362 2224 1400 meus

571 1460 599 1487 «
635 1443 785 1499 orat.
812 1443 875 1493 at
906 1453 1075 1490 mens
1116 1452 1248 1490 mea
1279 1437 1404 1491 sine
1439 1437 1634 1492 fructu
1666 1443 1775 1494 est.
1815 1459 1836 1484 ο

646 1616 752 1672 Ubi
784 1615 1036 1671 cessavit
1067 1615 1140 1670 ab
1176 1615 1545 1670 adducendis
1601 1615 1908 1686 exemplis,
1963 1613 2223 1686 apertius

569 1724 670 1762 eos
717 1704 1087 1760 adhortatur.
1139 1704 1633 1774 Quandoquidem
1683 1705 1926 1759 omnino
1978 1703 2224 1758 aemula-

2325 547 2403 620 δὲ,
2446 574 2472 600 ‹‹
2506 551 2619 604 Ἶνα
2654 549 3030 620 περισσεύητε,
3068 574 3096 600 ››
3129 549 3283 627 φησί,
3319 551 3580 606 τουτέστιν
3609 549 3693 606 ἵνα
3718 551 3912 624 πλέονῆ

2324 643 2414 692 νῦν
2448 633 2636 712 ἔχητε,
2692 637 2969 713 γλώσσαις
2997 644 3086 692 νῦν
3145 641 3307 710 μόνον
3371 639 3668 709 λαλοῦντες,
3719 643 3798 696 καὶ
3833 643 3916 718 οὐχ

2326 727 2735 800 ἑρμηνεύοντες.
2795 762 2864 770 -
3015 731 3126 783 Ἵνα
3182 729 3533 804 περισσεύητε
3576 728 3795 802 μᾶλλον,
3822 732 3918 787 ἀντὶ

2325 821 2441 882 τοῦ,
2484 816 2761 893 γλώσσαις
2785 817 2991 873 λαλεῖν.
3018 819 3098 874 Τά
3131 820 3236 892 γὰρ
3265 817 3409 873 ἃλλα
3438 819 3735 897 χαρίσματα
3764 840 3916 892 περισ-

2327 905 2463 959 σεύει
2496 910 2605 959 τῶν
2643 904 2936 980 γλωσσῶν,
2978 907 3056 967 ὼς
3085 906 3309 962 πλείονα
3367 905 3663 985 ὡφὲλειαιρν
3713 909 3914 987 παρεχό-

2330 1014 2486 1066 μενα,

2402 1081 2551 1135 Ἐπεὶ
2613 1079 2858 1149 ζηλωταί
2945 1081 3062 1136 ἐστε
3127 1085 3450 1156 πνευμάτῶν
3532 1084 3660 1154 πρὸς
3729 1086 3813 1153 τὴν
3873 1084 3918 1137 οἱ

2327 1166 2577 1241 κοδομὴν
2625 1177 2724 1238 τῆς
2793 1169 3144 1241 Ἐκκλησίας,
3234 1177 3449 1243 ζητεῖτε
3491 1170 3580 1226 ’ίνα
3647 1173 3920 1246 περισσεύη-

2326 1278 2384 1312 τε
2419 1301 2431 1313 .
2508 1257 2704 1332 Διόπερ
2763 1260 2790 1313 6
2859 1258 3044 1314 λαλῶν
3120 1259 3372 1335 γλώσσῃ,
3429 1262 3794 1335 προσευχέσθω
3847 1259 3920 1312 ἳνα

2331 1344 2689 1422 διερμηνεύῃ.
2769 1350 2892 1406 Ἐὰν
2943 1350 3043 1423 γὰρ
3128 1351 3526 1425 προσεύχωμαι
3601 1349 3825 1424 γλώσσῃ.
3874 1350 3920 1402 τὸ

2331 1438 2541 1509 πνεῦμά
2603 1458 2706 1510 μου
2773 1439 3158 1514 προσεύχεται,
3193 1439 3221 1493 6
3253 1437 3309 1494 δὲ
3365 1443 3488 1500 νοῦς
3561 1459 3660 1511 μου
3721 1436 3919 1510 ἄκαρπός

2329 1523 2494 1578 ἐστιν.

2403 1614 2756 1686 Παυσάμενος
2793 1620 2901 1670 τῶν
2949 1613 3435 1691 παραδειγμάτων,
3491 1615 3799 1689 γυμνότερον
3848 1613 3920 1667 αὖ·

2327 1708 2442 1764 τοῖς
2476 1709 2749 1776 παραινεῖ.
2807 1701 3028 1774 Ἐπειδή
3090 1704 3238 1767 ὅλως
3279 1703 3514 1775 ζηλοῦτε
3543 1704 3629 1759 καὶ
3659 1709 3850 1767 ποθεῖτε
3871 1703 3922 1756 τὰ

569 1794 721 1847 mini
779 1798 838 1847 et
891 1793 1180 1864 exoptatis
1230 1793 1387 1848 dona
1445 1793 1573 1864 (illa
1629 1793 1789 1847 enim
1839 1792 2119 1847 dicuntur
2161 1792 2212 1845 in

2331 1791 2666 1870 χαρίσματα,
2708 1794 3052 1870 φησὶ-(τοῦτο
3083 1795 3186 1869 γὰρ
3241 1795 3307 1848 τά
3364 1794 3683 1867 πνεύματα),
3736 1795 3922 1846 τοιαῦτα

571 1882 846 1953 Spiritus)
876 1881 1278 1953 concupiscite
1297 1888 1354 1936 et
1385 1899 1453 1937 ea
1476 1899 1606 1951 qum
1639 1883 1871 1954 possint
1899 1880 2220 1935 Ecclesiam

573 1970 867 2026 mdiﬁcare
901 1976 958 2024 et
1003 1971 1054 2025 ei
1109 1971 1414 2041 prodesse,
1448 1994 1474 2020 «
1534 1971 1788 2036 Qumrite
1847 1977 1910 2023 ut
1969 1969 2223 2024 excella-

575 2059 672 2113 tis.
710 2081 737 2108 ››
771 2060 893 2114 Non
931 2058 1105 2114 dixit:
1141 2061 1210 2114 Ut
1239 2059 1560 2130 acquiratis
1592 2059 1766 2124 dona,
1802 2058 1926 2128 sed,
1962 2081 1988 2108 »
2020 2060 2091 2114 Ut
2121 2074 2223 2112 ex-

577 2147 829 2213 cellatis,
866 2170 892 2195 ››
925 2148 1036 2203 hoc
1069 2153 1178 2214 est,
1211 2153 1276 2202 ut
1306 2165 1440 2203 cum
1475 2165 1686 2220 magna
1711 2148 2096 2202 exuberantia
2125 2148 2225 2202 ha-

575 2236 783 2292 beatis.
821 2259 849 2286 ‹‹
882 2237 1250 2308 Quapropter
1279 2237 1379 2307 qui
1410 2236 1674 2305 loquitur
1693 2237 1911 2308 lingua.
1940 2259 1969 2285 »
2000 2236 2224 2292 Deinde

578 2333 638 2381 et
668 2324 911 2381 modum
943 2326 1131 2396 ponit,
1188 2341 1304 2396 quo
1336 2331 1508 2396 pacto
1558 2325 1789 2396 possint
1818 2325 2036 2380 habere
2066 2325 2224 2380 dona

576 2432 707 2486 qua)
739 2415 1017 2470 Ecclesia:
1050 2415 1296 2486 prosint.
1331 2415 1427 2469 Ait
1455 2415 1615 2470 enim
1651 2431 1663 2468 :
1698 2437 1724 2464 «
1773 2416 1911 2479 Qum
1959 2415 2225 2484 loquitur

572 2504 811 2575 linguis,
845 2510 973 2558 oret
1013 2509 1078 2558 ut
1122 2509 1182 2558 et
1236 2520 1408 2574 posse
1449 2504 1827 2575 interpretari
1885 2504 2156 2575 accipiat.
2192 2526 2220 2551 »

565 2595 769 2663 Itaque
793 2592 902 2663 ipsi
921 2593 980 2646 in
1003 2609 1181 2648 causa
1212 2598 1352 2647 sunt
1367 2593 1526 2663 quod
1544 2593 1737 2664 majus
1764 2609 1885 2648 non
1902 2593 2218 2664 accipiant,

567 2688 634 2737 ut
663 2683 762 2752 qui
795 2698 915 2736 non
946 2688 1158 2752 petunt
1188 2683 1346 2752 quod
1379 2681 1572 2752 majus
1595 2687 1702 2737 est.
1739 2703 1766 2732 ι(
1801 2683 1944 2736 Nam
1977 2682 2025 2736 si
2057 2698 2220 2736 orem

565 2773 795 2844 lingua.
834 2796 854 2824 ι
912 2773 1057 2827 Nam
1117 2772 1164 2826 si
1232 2772 1462 2844 loquar,
1518 2773 1733 2844 inquit,
1784 2773 1986 2844 lingua
2016 2779 2071 2827 et
2103 2789 2221 2827 non

567 2861 745 2916 etiam
789 2859 1181 2932 interpreter:
1246 2862 1498 2933 Spiritus
1527 2861 1769 2932 quidem
1798 2879 1987 2926 meus,
2020 2862 2078 2916 id
2109 2866 2218 2925 est,

567 2952 803 3007 animus
835 2951 961 3023 ipse
993 2953 1188 3022 quoad
1204 2953 1467 3024 seipsum
1499 2953 1826 3008 utilitatem
1859 2952 2131 3024 percipit,
2163 2957 2224 3006 at

572 3057 746 3096 mens
772 3057 904 3095 mea
935 3041 1060 3096 sine
1093 3041 1290 3096 fructu
1321 3041 1752 3107 invenietur,ex
1776 3041 1884 3096 hoc
1907 3041 2063 3112 quod
2089 3039 2223 3096 aliis

568 3146 688 3184 non
720 3130 890 3182 affert
916 3129 1228 3184 utilitatem
1264 3146 1275 3182 :
1310 3131 1530 3184 mentis
1561 3131 1720 3185 enim
1751 3129 1974 3185 fructus
1997 3135 2084 3184 est
2117 3147 2222 3200 per

567 3217 758 3270 varias
789 3234 854 3270 ac
878 3219 1225 3289 omnigenas
1258 3219 1643 3289 cogitationes
1671 3219 1988 3273 utilitatem
2021 3219 2217 3290 proxi-

568 3305 682 3359 mis
714 3305 1064 3374 excogitare.
1128 3329 1154 3355 α
1191 3306 1444 3376 Spiritus
1477 3325 1644 3362 meus
1685 3314 1838 3374 orat,
1870 3331 1899 3358 ››
1942 3310 2052 3363 hoc
2111 3313 2220 3374 est,

567 3392 790 3446 donum
823 3393 1152 3462 spirituale,
1195 3410 1408 3464 nempe
1461 3396 1658 3466 ipsum
1691 3397 1851 3466 loqui
1885 3396 2119 3468 linguis.
2152 3428 2219 3436 —

571 3478 757 3533 Verba
788 3495 936 3534 orem
968 3486 1026 3535 et
1051 3487 1173 3535 orat
1204 3481 1433 3552 accepit
1462 3499 1568 3553 pro
1598 3499 1664 3537 eo
1692 3483 1852 3554 quod
1886 3491 1974 3539 est
2001 3485 2219 3556 linguis

562 3570 723 3638 loqui
758 3570 982 3641 aliquid
1013 3572 1172 3642 quod
1202 3571 1518 3627 honestum
1535 3574 1682 3628 sitet
1712 3574 2216 3630 studiosum.Nam

562 3663 621 3713 et
653 3659 914 3729 precatio
947 3675 1132 3731 genus
1165 3658 1464 3730 quoddam
1485 3665 1574 3714 est
1595 3662 1912 3716 sermonis.
1931 3662 2025 3716 Ait
2047 3679 2211 3735 ergo:

560 3748 620 3802 Si
655 3749 799 3819 quid
827 3748 1039 3819 loquar
1065 3764 1270 3804 eorum
1303 3765 1433 3819 qua)
1475 3750 1812 3805 necessaria
1839 3756 1981 3808 sunt
2032 3757 2088 3806 et
2118 3752 2218 3806 ho-

557 3843 751 3904 nesta,
785 3837 889 3892 sed
923 3837 981 3892 id
1009 3854 1129 3892 non
1171 3838 1531 3909 intirpreter
1583 3840 1762 3894 etiam
1821 3840 2212 3909 auditoribus,

557 3926 854 3997 meipsum
908 3927 1149 3996 quidem
1201 3927 1344 3998 juvo
1380 3944 1393 3983 :
1452 3944 1590 3983 nam
1624 3929 1732 3983 hoc
1777 3935 1866 3984 est
1895 3930 2048 3999 quod
2080 3931 2164 3986 ait
2197 3947 2210 3984 :

562 4035 589 4066 ι
621 4014 872 4085 Spiritus
903 4031 1071 4070 meus
1130 4023 1278 4082 orat,
1319 4039 1345 4066 »
1379 4016 1437 4072 id
1487 4024 1596 4082 est,
1622 4034 1728 4090 ego
1765 4019 1922 4074 solus
1953 4019 2118 4074 fruor
2149 4038 2210 4075 re

558 4104 662 4160 illa
683 4105 1023 4160 necessaria
1053 4112 1111 4160 et
1140 4106 1408 4162 honesta.
1467 4106 1580 4162 Sed
1611 4107 1763 4162 alius
1821 4125 1938 4164 non
1999 4110 2212 4182 accipit

554 4193 897 4256 utilitatem.
959 4201 1022 4248 ut
1079 4211 1246 4250 mens
1278 4213 1412 4252 mea
1471 4197 1650 4252 etiam
1687 4197 1822 4253 inde
1880 4199 2210 4254 lucrifaciat

549 4285 810 4340 fructum
847 4283 1118 4339 utilitatis
1149 4285 1421 4341 istorum.
1455 4286 1658 4357 Itaque
1687 4288 1787 4341 tali
1819 4287 2013 4343 fructu
2047 4305 2208 4343 men~

550 4380 668 4430 tem
723 4373 937 4445 privari
991 4390 1350 4445 rursumque
1408 4375 1525 4429 frui
1559 4377 1860 4447 supponit,
1922 4395 1989 4431 eo
2048 4377 2206 4449 quod

547 4464 650 4519 illa
681 4463 840 4518 inter
860 4467 1093 4516 nostras
1126 4465 1421 4534 potentias
1451 4465 1706 4519 maxime
1755 4472 1913 4520 amet
1951 4469 2203 4537 proximi

2335 1879 2646 1952 ἐπιθυμεῖτε
2675 1881 2763 1935 καὶ
2795 1887 3008 1952 ζητεῖτε
3051 1883 3118 1937 τὰ
3184 1880 3452 1955 δυνάμενα
3505 1885 3600 1951 τήν
3642 1879 3920 1949 Ἐκκλησίαν

2337 1968 2729 2042 οἰκοδομῆσαι,
2751 1971 2842 2024 καὶ
2874 1970 3176 2048 ὠφελῆσαι.
3215 1995 3243 2024 ιι
3274 1975 3496 2043 Ζητεῖτε
3531 1973 3619 2025 ἳνα
3647 1968 3924 2045 περισσεύη-

2335 2080 2410 2116 τε.
2450 2083 2477 2110 ιι
2509 2058 2623 2117 Οόκ
2655 2059 2824 2129 εἶπεν,
2865 2061 2977 2116 Ἳνα
3005 2063 3278 2131 κτήσησθε
3307 2061 3372 2115 τὰ
3434 2077 3754 2136 χαρισματα,
3803 2055 3923 2126 ἀλλ’,

2337 2173 2364 2200 α
2395 2150 2508 2202 Ἵνα
2523 2148 2812 2222 περισσεύη
2824 2169 2902 2205 τε.
2934 2148 3258 2219 ››Τουτέστι,
3277 2151 3428 2206 Μετὰ
3452 2148 3666 2218 πολλῆς
3687 2144 3924 2220 δαψιλείας

2336 2234 2524 2314 ἵχητε.
2560 2262 2588 2289 (ί
2620 2240 2697 2294 Δι’
2730 2238 2862 2316 ὅπερ
2895 2241 2925 2294 6
2965 2239 3150 2295 λαλῶν
3189 2239 3436 2317 γλώσσῃ.
3467 2266 3493 2292 ››
3551 2243 3680 2298 Εἶτα
3704 2235 3926 2312 λέγεικαὶ

2332 2327 2552 2403 τρόπον,
2586 2333 2703 2392 πῶς
2735 2328 2794 2383 ἃν
2829 2328 3094 2408 σχοίησαν
3150 2331 3466 2405 χαρίσματα
3524 2331 3590 2384 τὰ
3640 2330 3734 2396 τήν
3759 2327 3926 2394 ἐκκλη-

2335 2419 2452 2472 σίαν
2491 2417 2830 2497 ᾡφελοῦντα.
2887 2444 2914 2470 σι
2948 2421 3009 2477 Ὀ
3061 2420 3159 2494 γὰρ
3214 2419 3422 2488 λαλῶν,
3483 2419 3635 2499 φησὶ,
3689 2416 3922 2492 γλώσσαις

2332 2506 2743 2582 προσευχέσθω,
2775 2509 2864 2563 ἶνα
2892 2509 2981 2563 καὶ
3010 2509 3074 2564 τὸ
3127 2506 3502 2584 διερμηνεύειν
3557 2503 3714 2583 λάϐῃ.
3745 2533 3768 2557 »
3812 2507 3924 2577 Ἀρα

2333 2595 2428 2650 οῦν
2459 2595 2612 2650 αὐτοὶ
2653 2595 2821 2652 αἴτιοι
2850 2600 2946 2651 τοῦ
2981 2598 3056 2670 μή
3086 2598 3149 2653 τὸ
3183 2603 3368 2672 μεῖζον
3400 2593 3612 2670 λαϐεῖν,
3643 2597 3713 2656 ὡς
3748 2594 3832 2649 οὐκ
3859 2593 3926 2646 αἱ·

2329 2689 2549 2746 τοῦντες
2573 2686 2635 2739 τὸ
2671 2691 2876 2758 μεῖζον.
2910 2710 2934 2734 α
2967 2687 3092 2742 Ἐὰν
3121 2688 3223 2762 γὰρ
3256 2688 3650 2762 προσεύχωμαι
3679 2683 3874 2758 γλώσσῃ
3898 2699 3918 2730 ι

2331 2773 2457 2830 Ἐὰν
2487 2773 2609 2849 γὰρ,
2670 2775 2824 2853 φησὶ,
2885 2772 3043 2831 λαλῶ
3098 2774 3324 2850 γλώσσῃ
3381 2777 3446 2831 οὐ
3510 2777 3615 2847 μὴν
3667 2773 3749 2828 καὶ
3799 2768 3921 2842 διερ-

2335 2863 2577 2936 μηνεύω.
2611 2864 2670 2918 τὸ
2705 2864 2798 2937 μὶν
2844 2864 3060 2938 πνεῦμά
3114 2886 3242 2938 μου,
3274 2866 3388 2919 οἷον
3424 2867 3460 2936 ἡ
3503 2869 3653 2940 ψυχὴ
3683 2863 3804 2930 αὐτὴ
3831 2859 3924 2920 καθ’

2331 2955 2527 3026 ἑαυτὴν
2559 2955 2874 3034 ὠφελεῖται,
2924 2956 3164 3033 ἄκαρπος
3199 2957 3254 3012 δι
3314 2979 3420 3031 μου
3453 2960 3482 3013 6
3509 2962 3628 3018 νοῦς
3684 2955 3925 3029 εύρεθήσιυ

2328 3065 2438 3112 ται,
2470 3049 2550 3117 τῷ
2584 3047 2659 3118 μὴ
2691 3044 2780 3100 καὶ
2802 3045 3010 3109 ἄλλους
3052 3045 3310 3125 ὠφελεῖν.
3345 3051 3459 3102 Νοῦ
3492 3047 3594 3125 γὰρ
3651 3043 3853 3119 καρπὸς,
3879 3040 3927 3094 τὸ

2332 3134 2422 3192 διὰ
2460 3137 2731 3194 ποικίλων
2787 3140 2878 3194 καὶ
2936 3138 3295 3196 παντοδαπων
3351 3142 3647 3214 νοημάτων
3704 3134 3926 3215 ὠοέ).ειαν

2330 3232 2449 3290 τοῖς
2476 3225 2712 3298 πλησίον
2772 3227 3020 3286 ἐπινοεῖν,
3077 3254 3105 3280 ‹‹
3137 3231 3207 3282 Τὸ
3238 3233 3456 3303 πνεῦμά
3517 3251 3619 3303 μου
3674 3222 3929 3302 προσεύχε·

2325 3335 2434 3372 ται.
2479 3340 2502 3369 ι
2539 3318 2688 3372 Ἀντι
2713 3321 2833 3386 τοῦ,
2863 3319 2942 3374 Τὸ
2996 3319 3246 3393 χάρεσμά
3309 3340 3418 3390 μου
3477 3320 3539 3373 τὸ
3594 3312 3928 3387 πνευματικὸν.

2327 3404 2460 3458 αὐτὸ
2500 3406 2562 3460 τὸ
2595 3403 2784 3460 λαλεῖν
2835 3407 3134 3484 γλώσσαις.
3169 3440 3232 3450 -
3266 3409 3480 3482 [ΦΩΤ.]
3537 3408 3606 3462 Τὸ
3665 3401 3926 3477 Προσεύχο·

2333 3514 2430 3567 μαι
2460 3495 2549 3550 καὶ
2583 3495 2976 3570 Προσεύξομαι,
3006 3497 3121 3553 ἀντὶ
3155 3501 3250 3553 τοῦ
3281 3496 3474 3553 λαλεῖν
3531 3519 3582 3551 τι
3637 3499 3747 3557 ταῖς
3773 3489 3925 3568 γλώσ·

2325 3604 2442 3647 σαις
2499 3584 2666 3640 καλὸν
2729 3584 2820 3640 καὶ
2874 3584 3167 3641 σπουδαῖον
3219 3585 3431 3666 εἴληφε.
3497 3586 3598 3644 Καὶ
3649 3585 3747 3662 γὰρ
3796 3577 3921 3644 καὶῆ

2322 3675 2632 3752 προσευχὴ,
2660 3671 2808 3737 εἶδός
2836 3673 2888 3729 τί
2926 3673 3035 3728 ἐστι
3089 3679 3185 3730 τοῦ
3216 3673 3408 3752 λόγου.
3476 3675 3649 3745 Φησέν
3703 3673 3804 3737 οῦν,
3855 3668 3920 3720 δτι

2324 3762 2444 3817 Ἐὰν
2477 3784 2528 3817 τι
2562 3760 2718 3817 λαλῶ
2749 3769 2856 3818 τῶν
2897 3763 3197 3840 ἀναγκαίων
3251 3765 3338 3818 καὶ
3373 3763 3580 3828 καλῶν,
3615 3765 3688 3836 μή
3719 3759 3920 3833 διερμη-

2319 3851 2458 3904 νεύω
2481 3848 2537 3905 δὲ
2570 3851 2700 3905 αὐτὸ
2730 3854 2818 3906 καὶ
2850 3857 2966 3915 τοῖς
3025 3854 3335 3924 ἀκροαταῖς,
3395 3852 3631 3927 ἐμαυτὸν
3691 3853 3778 3925 μὶν
3809 3849 3920 3925 ὡσι-

2320 3938 2402 3994 λῶ
2461 3942 2643 4012 (τοῦτο
2701 3941 2804 4016 γὰρ
2863 3939 2999 4008 ἐστι,
3065 3964 3086 3992 ι
3154 3944 3232 3999 Τὸ
3302 3945 3517 4016 πνεῦμα
3579 3963 3679 4015 μου
3731 3935 3922 4013 προσεύ-

2318 4033 2499 4106 χεταῖ,
2535 4053 2562 4080 υ
2593 4030 2894 4096 τουτέστιν,
2923 4031 3063 4106 Ἐγὼ
3099 4031 3263 4100 μόνος
3321 4031 3588 4087 ἀπολαύω
3643 4033 3740 4085 τοῦ
3789 4026 3922 4096 ἀναγ-

2313 4117 2472 4172 καίου
2504 4117 2702 4172 ἐκείνου
2734 4119 2823 4172 καὶ
2851 4123 2948 4174 τοῦ
2977 4119 3192 4193 καλοῦ),
3220 4119 3391 4182 ἄλλος
3453 4119 3512 4176 δὲ
3571 4119 3666 4174 οὐκ
3725 4114 3922 4193 ὠφελεῖ-

2314 4227 2426 4277 ται,
2455 4205 2546 4261 ’ίνα
2586 4205 2842 4277 ἐκέρδησέ
2901 4229 3005 4280 μου
3038 4208 3275 4274 ἐντεῦθεν
3308 4210 3335 4263 ὁ
3365 4214 3494 4272 νοῦς
3541 4209 3632 4264 καὶ
3683 4209 3768 4262 τὸν
3812 4222 3920 4275 iup-

2312 4298 2412 4352 πόν
2444 4305 2545 4366 τῆς
2569 4299 2790 4354 ἐκείνων
2840 4300 3128 4380 ὠφελείας.
3185 4303 3292 4358 Τὸν
3345 4306 3467 4356 νοῦν
3527 4300 3583 4358 δὲ
3639 4297 3920 4372 ἐστερῆσθαι

2311 4391 2407 4441 τοῦ
2435 4388 2689 4443 τοιούτου
2718 4409 2932 4464 καρπου
2979 4389 3068 4446 καὶ
3111 4391 3279 4446 πάλιν
3339 4391 3638 4447 ἀπολαύειν
3701 4385 3920 4446 ιῖνιτοτίθε⁸

2309 4497 2420 4544 ται,
2453 4478 2536 4531 ὅτι
2563 4475 2764 4540 ἐκεῖνος
2795 4478 3012 4552 μᾶλλον
3041 4485 3148 4534 τῶν
3177 4479 3226 4534 ἐν
3253 4483 3386 4553 ἡμῖν
3409 4478 3691 4553 δυνάμεωι
3725 4473 3918 4550 ἐραστής

545 4553 892 4619 utilitatem,
924 4551 1221 4622 quomodo
1253 4569 1447 4622 neque
1477 4553 1567 4607 vis
1625 4553 1939 4608 irascibilis
1999 4571 2197 4609 move-

2321 4561 2422 4618 ἐστι
2451 4571 2550 4634 τῆς
2579 4570 2676 4620 τοῦ
2707 4565 2942 4638 πλησίον
2972 4566 3258 4646 ὡφελείας,
3297 4564 3389 4623 ἅτε
3437 4570 3580 4641 μήτε
3636 4567 3708 4628 ὼς
3760 4562 3816 4618 τὸ
3842 4571 3919 4622 θυ·

545 4648 644 4696 tur
695 4658 891 4712 neque
953 4643 1479 4714 concupiscibilis:
1541 4662 1672 4716 qua)
1721 4644 1891 4700 facile
1951 4648 2199 4702 allectus

546 4730 780 4795 excitat,
815 4737 916 4785 aut
947 4747 981 4786 a
1031 4733 1273 4803 propria
1325 4732 1698 4803 naturalique
1757 4734 1968 4788 virtute
2027 4736 2197 4791 facile

549 4821 924 4872 transmutat.
958 4820 1025 4873 Et
1059 4820 1184 4875 hanc
1218 4822 1402 4892 magis
1461 4821 1654 4875 fructu
1714 4829 1898 4890 vacat,
1959 4825 2196 4894 quando

545 4921 666 4958 una
697 4908 989 4961 consentit
1022 4925 1034 4962 :
1069 4925 1425 4980 rursumque
1457 4909 1555 4964 ubi
1589 4909 1842 4965 fructum
1876 4918 2046 4968 nacta
2079 4915 2198 4968 fue-

547 4993 645 5057 rit,
680 4995 832 5050 559
852 4995 1088 5050 abunde
1120 4998 1376 5055 lmtatur.

618 5082 842 5137 Deinde
873 5084 956 5138 ait
990 5101 1002 5138 :
1040 5107 1066 5134 ‹‹
1100 5086 1248 5150 Quid
1282 5104 1418 5160 ergo
1456 5095 1546 5144 est
1574 5090 1600 5144 ἲ)
1631 5113 1657 5139 ιι
1711 5091 1820 5145 hoc
1880 5100 1988 5158 est,
2049 5093 2193 5163 quid

543 5177 774 5241 oportet
815 5173 942 5227 fieri
975 5173 1001 5228 ?
1029 5175 1332 5240 Quomodo
1395 5177 1565 5233 nobis
1605 5180 1907 5253 continget
1938 5197 2009 5236 ne
2063 5183 2191 5238 sine

533 5259 730 5316 fructu
789 5261 1022 5319 simus?
1081 5266 1378 5335 quomodo
1410 5267 1436 5321 ?
1468 5268 1515 5322 si
1576 5283 1682 5338 per
1712 5270 1984 5325 virtutem
2019 5273 2190 5328 nobis

536 5365 694 5404 cura;
726 5351 800 5405 sit
831 5357 896 5407 ut
936 5353 1032 5424 qui
1067 5354 1285 5425 linguis
1333 5355 1617 5426 loquitur,
1648 5364 1706 5412 et
1736 5360 1950 5430 spiritu
1979 5360 2186 5432 loqua-

533 5444 629 5493 tur
654 5446 712 5495 et
742 5446 940 5497 mente
971 5458 982 5497 :
1017 5442 1126 5498 hoc
1160 5449 1268 5508 est,
1303 5450 1362 5497 et
1391 5460 1569 5500 causa
1621 5448 1874 5518 propriae
1915 5450 2188 5507 utilitatis

538 5527 837 5598 loquatur,
870 5536 927 5585 et
955 5537 1022 5586 ut
1049 5548 1220 5586 mens
1269 5536 1477 5587 mutuo
1526 5533 1720 5589 fructu
1769 5536 2043 5594 fruatur:
2090 5539 2186 5596 hic

537 5622 737 5674 autem
770 5619 1178 5691 proximorum
1209 5624 1299 5675 est
1328 5613 1574 5674 utilitas.
1606 5622 1670 5676 Id
1717 5628 1914 5679 autem
1966 5626 2079 5680 erit
2135 5630 2181 5684 si

2314 4655 2492 4727 μικὸν,
2527 4657 2665 4726 μήτε
2694 4655 2768 4716 ὡς
2798 4657 2859 4711 τὸ
2898 4656 3320 4728 ἐπιθυμητικὸν,
3381 4655 3588 4730 ῥᾳδίως
3645 4655 3805 4712 οῧτως
3835 4667 3918 4702 774'

2308 4742 2646 4816 θαινόμενος,
2705 4746 2794 4798 καί
2851 4751 2950 4814 τῆς
3017 4743 3155 4807 ἰδίας
3209 4745 3299 4801 καὶ
3356 4747 3493 4801 κατὰ
3556 4745 3708 4824 φύσιν
3758 4743 3919 4814 ἀρετῆς

2309 4832 2550 4908 εὐχερῶς
2614 4833 3027 4906 μεθιστάμενος.
3102 4834 3197 4888 Καὶ
3251 4833 3452 4897 ἐκεῖνός
3509 4834 3623 4892 ἐστι
3681 4824 3917 4904 μᾶλλονὸ

2303 4920 2393 4975 καὶ
2447 4919 2706 4994 ἄκαρπος,
2761 4921 2849 4977 ὅτε
2901 4922 3010 4978 ἐστὶ
3072 4924 3588 4997 συναισθανόμενος,
3647 4921 3733 4978 καὶ
3778 4915 3915 4973 πάλιν

2303 5007 2488 5078 ἐπειδὴ
2523 5009 2584 5063 ἂν
2615 5009 2851 5090 ἐπιτύχῃ
2877 5017 2975 5067 τοῦ
3004 5017 3237 5086 καρποῦ,
3269 5013 3765 5091 ἐνευφραινόμενος.

2373 5101 2506 5156 Εἶτά
2545 5119 2699 5180 φησι·
2725 5128 2751 5153 ‹‹
2786 5103 2848 5158 Τί
2880 5101 2976 5157 οῦν
3005 5102 3147 5159 ἐστιν
3178 5126 3192 5174 ;
3232 5129 3260 5156 »
3303 5106 3418 5160 οἷον
3464 5106 3517 5159 τί
3549 5102 3631 5159 δεῖ
3656 5099 3874 5179 γενέσθαι
3904 5111 3914 5157 ἱ

2300 5193 2417 5250 πῶς
2439 5184 2587 5246 ἔσται
2619 5193 2780 5263 ἡμῖν,
2815 5193 2892 5264 μή
2923 5193 3190 5267 ἀκάρποις
3224 5195 3352 5248 εἶναι
3390 5213 3404 5263 ;
3446 5199 3571 5255 Πῶς
3604 5211 3618 5262 ;
3682 5185 3918 5261 ἐπιμελη-

2301 5280 2436 5334 θεῖσι
2478 5277 2548 5333 δι’
2590 5279 2808 5353 ἀρετῆς,
2859 5280 2995 5337 ὥσνε
3051 5281 3329 5358 γλώσσαις
3371 5283 3671 5348 λαλοῦντα,
3723 5279 3806 5333 καὶ
3851 5275 3916 5340 τῷ

2298 5369 2561 5440 πνεόματι
2597 5366 2784 5424 λαλεῖν
2817 5371 2904 5425 καὶ
2934 5376 3015 5444 τῷ
3043 5374 3145 5427 νοῒ·
3177 5373 3445 5444 τουτέστι,
3487 5373 3575 5427 καὶ
3636 5368 3784 5426 ἓνεκα
3833 5370 3915 5427 τῆς

2299 5455 2436 5518 ἰδίας
2471 5456 2735 5536 ὠφελείας
2770 5459 2978 5531 λαλεῖν,
3012 5462 3103 5516 καὶ
3158 5459 3314 5517 ’ἑνεκα
3368 5466 3466 5518 τοῦ
3523 5457 3785 5515 ἀπολαύει
3839 5451 3914 5506 τὸν

2294 5550 2419 5601 νοῦν
2446 5551 2544 5601 τοῦ
2593 5545 2952 5619 καταλλήλου
2982 5556 3213 5626 καρποῦ.
3273 5556 3446 5609 Τοῦτο
3477 5547 3536 5605 δέ
3564 5549 3727 5618 ἐστιν,
3765 5547 3797 5614 ἦ
3827 5545 3917 5596 τῶν

2293 5633 2547 5705 πλησίων
2599 5635 2854 5714 ὠφέλεια.
2886 5642 3070 5696 Ἔσται
3140 5641 3195 5699 δὲ
3225 5649 3408 5715 τοῦτο,
3439 5645 3528 5700 ὶᾶν
3586 5649 3704 5705 ταῖς
3753 5638 3914 5719 γλῶσ’

4044 5301 4050 5542 δ
