4158 6194
330 333 448 394 849

1284 314 1713 393 comam.
1761 331 1847 391 1N
1894 331 2148 392 EPIST.
2203 336 2221 394 ι
2270 337 2368 396 AD
2413 338 2784 400 comma.

3627 346 3749 407 850

327 485 445 526 σαις
499 462 820 533 λαλοῦντες,
878 457 1138 538 λάϐωμεν
1197 464 1447 540 χάρισμα
1504 462 1595 518 καὶ
1637 460 1727 517 ’ίνα
1756 460 1954 538 διερμη

2102 465 2320 540 linguis
2377 470 2711 542 loquentes,
2769 473 2991 531 donum
3040 474 3423 546 accipiamus,
3464 483 3530 532 ut
3561 478 3743 535 etiam

329 554 595 625 νεύωμεν.
626 550 851 623 Ἐπειδὴ
886 550 944 609 δὶ
973 552 1063 609 ἐπὶ
1112 557 1209 608 τοῦ
1235 550 1425 609 λαλεῖν
1453 573 1507 608 τι
1536 556 1643 607 τῶν
1683 551 1868 609 καλῶν
1896 575 1962 609 κα

2096 556 2576 630 interpretemur.
2619 562 2909 626 Quoniam
2965 568 3165 619 autem
3210 564 3509 635 loquendo
3557 565 3631 621 de
3678 585 3741 623 re

330 640 642 699 σπουδαίων
671 644 735 699 τὸ
761 649 867 713 τῆς
897 648 1217 721 προσευχῆς
1250 639 1424 715 ὄνομα
1479 638 1688 713 λαϐὼν,
1739 642 1958 716 ἐπέμειν

2094 648 2372 719 quapiam
2426 650 2675 707 honesta
2731 657 2792 706 et
2846 653 3130 720 studiosa,
3182 659 3417 724 sumpto
3456 655 3741 711 orationis

329 734 621 808 Χρώμενος
652 732 820 805 αὐτῷ,
884 731 972 787 ἳνα
1032 733 1109 805 μὴ
1168 731 1400 807 νομίσῃς
1443 731 1527 787 ὅτι
1556 734 1986 809 προηγουμένως

328 822 454 898 περὶ
483 828 800 897 προσευχῆς
832 819 976 876 ἐστιν
1004 822 1033 876 ὁ
1066 819 1251 897 λόγος,
1308 818 1436 875 ἀλλ’
1474 820 1607 896 οὐχῖ
1639 822 1758 896 περὶ
1788 820 1986 884 παντὸς

328 913 619 987 ἀναγκαίου
658 911 748 965 καὶ
800 898 1119 981 ἰπιτηδείου
1176 907 1344 986 λόγου
1393 907 1675 984 γλώσσαις
1704 907 1984 984 λαλουμε-

321 1023 439 1071 νου,
503 1000 789 1074 μετέπεσεν
849 999 925 1061 εἷς
980 998 1046 1055 τὸ
1104 995 1359 1073 ψάλλειν.
1418 998 1628 1053 Ὠσανεὶ
1658 997 1863 1074 λέγων,
1894 999 1981 1055 ’ὀτι

324 1089 451 1147 Εἳτε
480 1088 571 1144 ἐπὶ
630 1094 973 1165 προσευχῆς,
1031 1087 1140 1144 εἲτε
1197 1087 1286 1142 ἐπὶ
1343 1084 1698 1162 ψαλμῳδίας,
1730 1085 1839 1143 εἴτε
1891 1086 1979 1144 ἐπὶ

320 1178 499 1237 ἄλλου
557 1179 700 1241 τινὸς
762 1178 932 1255 λόγου
991 1181 1099 1233 τῶν
1156 1176 1458 1254 ἀναγκαίων
1516 1176 1607 1232 καὶ
1649 1176 1857 1249 καλῶν,
1888 1176 1977 1234 ἐπὶ

320 1272 537 1326 πάντων
574 1267 785 1344 ὁμοίως
815 1266 897 1325 δεῖ
954 1269 1044 1324 καὶ
1103 1268 1291 1325 ἑαυτὸν
1323 1267 1555 1347 ὠφελεῖν
1585 1268 1677 1323 καὶ
1704 1268 1795 1324 τὸν
1826 1267 1974 1339 πλη-

322 1359 461 1416 σίον.
498 1360 634 1415 Εἶτα
686 1356 832 1433 φέρει
889 1358 981 1413 καὶ
1036 1354 1406 1433 παράδειγμα,
1464 1354 1672 1420 δεικνὺς
1717 1358 1803 1414 ὅτι
1840 1358 1976 1413 κατὰ

318 1448 507 1504 πολλᾶ
537 1445 786 1503 ἐλλείπει
834 1447 922 1502 καὶ
983 1446 1196 1522 ὑστερεῖ
1248 1447 1310 1502 τὸ
1366 1444 1643 1523 γλώσσαις
1671 1446 1838 1522 μόνον
1873 1446 1972 1503 λα-

320 1536 458 1606 λεῖν,
491 1533 615 1592 ἄνευ
670 1557 730 1611 γε
781 1538 877 1591 τοῦ
932 1531 1327 1609 διερμηνεύειν.
1378 1533 1500 1590 Ἐὰν
1542 1535 1670 1611 γὰρ,
1702 1534 1859 1612 φησὶ,
1888 1539 1969 1608 τῷ

316 1626 582 1698 πνεύματι
643 1623 969 1700 εὐλογήσῃς,
1023 1625 1267 1681 τουτέστι
1322 1623 1385 1679 σὺ
1429 1625 1598 1698 μόνος
1645 1624 1845 1684 συνιεὶς
1872 1623 1966 1678 καὶ

318 1717 511 1771 σαυτὸν
545 1717 633 1780 οἷς
657 1714 907 1790 εὐλογεῖς
938 1712 1191 1792 ὠφελῶν,
1243 1715 1272 1769 ὁ
1319 1711 1378 1768 δὶ
1420 1713 1692 1786 ἀκροατὴς
1741 1712 1803 1768 οὐ
1834 1733 1962 1767 συν-

2094 737 2334 793 nomine
2382 740 2712 810 permansit
2763 747 2942 797 utens
2972 742 3121 796 illo:
3181 758 3260 797 ne
3304 743 3366 797 in
3424 758 3741 815 progressu

2092 825 2396 882 existimes
2426 844 2765 885 sermonem
2796 846 2927 886 esse
2971 830 3042 884 de
3083 830 3368 897 oratione,
3403 835 3462 886 et
3490 848 3611 887 non
3666 833 3738 888 de

2090 916 2250 971 omni
2274 918 2612 973 necessario
2645 925 2703 974 et
2741 920 3121 975 convenienti
3167 935 3439 975 sermone
3470 922 3571 992 qui
3619 921 3739 976 lin-

2086 1006 2215 1078 guis
2246 1007 2619 1078 exprimitur,
2653 1008 2924 1064 transivit
2955 1010 3030 1065 ad
3059 1010 3255 1081 ipsum
3287 1009 3560 1081 psallere,
3594 1028 3661 1067 ac
3684 1013 3732 1067 si

2085 1094 2310 1151 diceret
2343 1113 2354 1151 :
2390 1095 2518 1150 Sive
2557 1096 2619 1152 in
2678 1097 3045 1169 precatione,
3080 1097 3200 1152 sive
3256 1098 3318 1152 in
3379 1098 3729 1170 psalmodia,

2084 1185 2202 1240 sive
2232 1185 2296 1240 in
2327 1185 2446 1241 alio
2470 1186 2674 1257 quovis
2694 1188 3032 1243 necessario
3051 1202 3329 1242 sermone
3359 1188 3449 1242 vel
3476 1188 3728 1251 decenti;

2081 1274 2142 1328 in
2173 1275 2445 1330 omninus
2476 1281 2709 1347 oportet
2738 1277 2867 1348 pari
2908 1276 3084 1331 modo
3126 1282 3183 1332 et
3233 1277 3495 1349 seipsum
3519 1277 3727 1348 juvare

2079 1368 2140 1418 et
2166 1366 2518 1436 proximum.
2554 1366 2773 1421 Deinde
2807 1367 2979 1421 affert
3017 1373 3074 1422 et
3132 1367 3490 1439 exemplum,
3523 1372 3726 1422 osten-

2078 1453 2225 1510 dens
2256 1454 2413 1525 quod
2445 1455 2649 1510 multis
2682 1460 2851 1528 egeat
2906 1472 2976 1511 ac
3029 1457 3316 1528 privetur,
3371 1456 3472 1527 qui
3532 1456 3726 1511 solum

2074 1541 2296 1615 linguis
2324 1543 2587 1615 loquitur
2615 1544 2841 1616 absque
2884 1545 3396 1617 interpretatione.
3430 1545 3725 1610 Quoniam

2075 1632 2124 1688 si
2154 1632 2550 1698 benedixeris,
2583 1634 2798 1704 inquit,
2835 1634 3131 1705 spiritum,
3164 1634 3276 1690 hoc
3307 1641 3417 1703 est,
3450 1640 3515 1690 tu
3560 1634 3722 1690 solus

2072 1720 2431 1793 intelligens,
2484 1727 2542 1777 et
2589 1721 2697 1776 tibi
2746 1722 2859 1793 ipsi
2918 1721 3114 1777 verbis
3172 1723 3387 1793 quibus
3418 1722 3721 1778 benedicis

315 1804 461 1875 ίησιν
492 1803 524 1860 ἃ
553 1802 751 1879 λὲγεις,
808 1804 861 1860 τί
918 1802 1343 1878 ἀποκριθήσεται
1388 1802 1526 1878 πρὸς
1577 1801 1672 1871 ei;
1703 1806 1823 1865 πῶς
1852 1800 1962 1875 ἐρεῖ

2071 1809 2384 1865 utilitatem
2415 1811 2701 1866 atTerens:
2736 1811 2973 1866 auditor
3000 1817 3199 1867 autem
3232 1828 3349 1867 non
3380 1811 3718 1883 intelligens

308 1895 395 1966 τὸ,
435 1896 699 1968 ιἈμήν,
760 1891 822 1948 ἃν
880 1896 1042 1948 τοῦτο
1190 1892 1355 1970 χρεία
1409 1891 1578 1966 τυχὸν
1638 1889 1800 1946 αὐτὸν
1824 1890 1960 1945 ἀπο-

307 1983 617 2059 κρίνασθαι,
652 1979 821 2057 μηδὲν
879 1979 1026 2044 ’ὸλως
1081 1977 1242 2043 εἰδὼς
1298 1981 1373 2034 ὧν
1415 1977 1591 2054 λὲγεις
1622 1980 1721 2048 σύς
1755 1978 1832 2035 Σὺ
1866 1978 1962 2051 μὶν

309 2073 417 2148 γὰρ
472 2071 656 2134 καλῶς
711 2069 801 2126 καί
860 2069 947 2125 ἰπὶ
1008 2072 1203 2124 σαυτοῦ
1260 2066 1590 2146 συμφέροντι
1642 2065 1887 2143 εὐλογεῖς
1926 2069 1961 2138 ἢ

309 2162 679 2241 εὐχαριστεῖς,
713 2159 758 2215 εί
790 2161 977 2234 τύχοι,
1008 2159 1044 2228 ἤ
1079 2156 1223 2214 ἄλλο
1250 2177 1302 2211 τι
1331 2160 1439 2213 τῶν
1490 2153 1724 2212 δεόντων
1761 2161 1960 2218 ποιεῖς.

308 2249 563 2307 Καθόλου
620 2249 726 2324 γὰρ
775 2248 868 2304 τὸν
926 2247 1090 2323 λόγον
1151 2244 1407 2322 βούλεται
1463 2244 1830 2315 ἐξακούεσθαι,
1871 2245 1962 2299 καὶ

307 2340 412 2394 οὐκ
440 2339 527 2394 ἐπὶ
581 2359 731 2400 τινος
790 2335 967 2399 εἷ’δους
1029 2335 1352 2411 ὡρισμένου.
1411 2335 1502 2390 Διὸ
1557 2334 1691 2389 ποτὶ
1749 2334 1846 2406 μὶν
1874 2333 1961 2405 τὸ,

312 2454 334 2479 ιι
372 2428 644 2494 Ψάλλειν,
670 2451 697 2477 ››
724 2425 927 2482 ἄλλοτε
948 2422 1005 2480 δὶ
1023 2425 1106 2493 τὸ,
1141 2448 1161 2474 ε
1190 2422 1475 2497 Εὐλογεῖν,
1497 2445 1525 2477 ι
1558 2422 1652 2477 καὶ
1687 2422 1804 2495 μετ’
1830 2421 1960 2477 αὐτὸ

302 2517 396 2574 καὶ
430 2518 541 2572 ἀντ’
572 2516 738 2572 αὐτοῦ
786 2516 973 2585 τίθησι
1023 2513 1110 2583 τὸ,
1168 2536 1198 2564 ‹‹
1241 2512 1629 2587 Εὐχαριστεῖν,
1665 2533 1690 2565 υ
1751 2507 1962 2576 δεικνὺς

302 2606 388 2663 δτι
445 2602 682 2662 καθόλου
744 2604 868 2680 περὶ
925 2604 1126 2667 παντὸς
1182 2600 1477 2679 ἀναγκαίου
1525 2600 1616 2656 καὶ
1649 2597 1958 2671 ἐπιτηδείου

298 2693 580 2771 γλώσσαις
608 2693 957 2768 λαλουμένου
1014 2690 1156 2747 ἔστιν
1218 2690 1368 2763 αὐτῷ
1397 2692 1433 2760 ἠ
1464 2689 1773 2765 παραίνεσις
1802 2688 1890 2743 καὶ
1918 2691 1952 2757 ἡ

298 2781 535 2855 σπουδή.
573 2782 753 2841 Ἀλλ’.
800 2781 933 2857 ὅπερ
993 2779 1208 2857 ἔλεγον,
1266 2777 1330 2835 σὺ
1392 2779 1511 2852 μὲν,
1542 2778 1727 2857 φησὶν,
1758 2776 1845 2833 ἐπὶ
1874 2781 1956 2849 τῷ

297 2877 526 2929 σεαυτοῦ
580 2872 911 2951 συμφέροντι
979 2868 1260 2945 γλώσσαις
1326 2865 1536 2934 λαλῶν,
1604 2865 1850 2941 εὐλογεῖς
1916 2861 1954 2934 ἥ

295 2962 663 3041 εὐχαριστεῖς,
697 2958 734 3030 ἤ
767 2959 910 3016 ἄλλο
939 2979 994 3014 τι
1025 2956 1236 3024 λαλεῖς,
1297 2957 1325 3011 ὁ
1383 2954 1441 3011 δὶ
1494 2957 1766 3031 ἀκροατής
1797 2951 1952 3008 οὐδὲν

292 3048 592 3125 κερδαίνει,
625 3045 780 3105 οὐδὶν
812 3047 1106 3125 ὠφελεῖται
1145 3045 1252 3101 ἀπὸ
1312 3049 1430 3100 σοῦ.
1470 3045 1532 3102 Ὀ
1589 3041 1648 3099 δὲ
1689 3047 1813 3104 νοῦς
1847 3062 1952 3113 μου

293 3139 536 3215 ἄκαρπός
593 3139 728 3194 ἐστι’
759 3163 789 3191 ››
844 3136 1144 3203 τουτέστιν,
1205 3135 1306 3190 οὐκ
1357 3131 1487 3208 ἔσχε
1543 3132 1634 3187 τὸν
1691 3131 1796 3187 ἀπὸ
1841 3132 1950 3185 τῶν

296 3230 578 3305 ἀκροατῶν
637 3227 996 3304 συναγόμενον
1077 3223 1225 3295 αὖτῷ
1278 3223 1369 3278 καὶ
1424 3222 1767 3297 τρυγώμενον
1822 3239 1950 3293 καρ-

297 3321 426 3382 πὸν,
457 3319 485 3373 ὁ
513 3322 613 3373 τοῦ
644 3315 944 3378 λαλοῦντος
976 3319 1101 3376 νοῦς
1162 3313 1265 3368 οὐκ
1322 3307 1610 3386 ικὲρδησεν
1644 3308 1830 3377 αὐτὸν,
1864 3307 1964 3363 οὐκ

304 3407 592 3479 ἀπήλαυσε
641 3407 739 3462 τοῦ
790 3404 1045 3462 τοιούτου
1104 3404 1340 3477 καρποῦ,
1398 3397 1610 3477 ἔρημος
1658 3395 1813 3477 ὢφθη
1864 3401 1962 3452 τοῦ

301 3500 538 3571 καρποῦ,
570 3494 812 3570 ἄκαρπός
847 3492 1007 3548 ἔστιν.

376 3762 442 3819 Τί
512 3762 606 3817 οὗν
667 3759 824 3829 ἔστη
895 3756 1270 3834 Προσεύξομαι
1329 3759 1408 3828 τῷ
1457 3752 1748 3826 πνεύματί,
1793 3772 1961 3827 προσ.

303 3853 530 3924 ιύξομαι
561 3847 618 3906 δὲ
669 3850 760 3905 καὶ
815 3853 898 3921 τῷ
958 3845 1066 3906 νοΐ.
1124 3844 1298 3902 Ψαλῶ
1351 3850 1432 3919 τῷ
1478 3842 1770 3917 πνεύματι,
1801 3839 1963 3916 ψαλῶ

303 3938 360 3995 δὲ
388 3942 481 3996 καὶ
535 3944 618 4012 τῷ
670 3941 779 3996 vo’t‘.
840 3937 992 3996 Ἐπεὶ
1055 3938 1143 3992 εὰν
1196 3935 1511 4010 εὖλογήσῃς
1563 3938 1644 4005 τῷ
1670 3932 1961 4006 πνεύματι,

302 4032 332 4085 ὁ
399 4029 733 4102 ἀναπληρῶν
801 4028 897 4085 τὸν
961 4027 1128 4082 τόπον
1198 4029 1296 4080 τοῦ
1355 4021 1604 4090 ἰδιώτου,
1671 4027 1787 4085 πῶς
1852 4020 1965 4096 ἰρεῖ

299 4119 366 4175 τὸ
426 4120 603 4191 Ἀμὴν
660 4116 746 4173 ἐπὶ
804 4120 873 4190 τῇ
936 4113 1005 4190 σῇ
1055 4112 1418 4189 εὐχαριστίας
1477 4108 1665 4181 ἐπειδὴ
1695 4109 1962 4186 τίλέγεις

303 4211 408 4265 οὐκ
466 4206 600 4268 οἶδε.
664 4208 740 4264 Σὺ
795 4208 891 4280 μὲν
947 4204 1049 4280 γὰρ
1106 4204 1291 4264 καλῶς
1351 4202 1718 4275 εὐχαριστεῖς,
1769 4198 1896 4255 ἀλλ’
1933 4200 1961 4253 ὁ

300 4297 486 4374 ἵτερος
547 4296 646 4353 οὐκ
704 4292 1100 4367 οἷκοδομεῖται.
1162 4290 1490 4367 Εὖχαριστῶ
1543 4293 1625 4360 τῷ
1677 4296 1796 4360 Θεῳ
1855 4309 1961 4361 μου

304 4389 521 4444 πάντων
588 4387 741 4459 ὑμῶν
803 4380 1024 4458 μᾶλλον
1092 4380 1368 4458 γλώσσαις
1435 4376 1649 4448 λαλῶν,
1709 4374 1837 4432 ἀλλ’
1912 4376 1964 4431 ἓν

300 4476 606 4548 Ἐκκλησία
668 4473 815 4531 θελω
879 4470 1038 4528 πιντε
1103 4469 1304 4546 λόγους
1367 4464 1457 4523 διὰ
1517 4470 1614 4522 τοῦ
1674 4465 1798 4528 νοός
1858 4487 1960 4537 μου

1981 3189 2025 3256 C

2069 1914 2201 1968 quae
2232 1897 2402 1962 dicis.
2435 1899 2732 1970 quomodo
2767 1899 2871 1955 tibi
2923 1899 3357 1972 respondebit?
3413 1898 3712 1971 quomodo

2067 1986 2225 2043 dicet
2255 2002 2269 2042 :
2302 2009 2331 2037 ιι
2364 1989 2572 2056 Amen,
2609 2010 2636 2036 »ι
2669 1988 2717 2043 si
2747 1988 3016 2043 fortassis
3046 1988 3157 2043 hoc
3183 2004 3318 2043 eum
3349 1987 3710 2059 respondere

2066 2083 2355 2147 oporteat,
2370 2092 2504 2131 cum
2528 2077 2677 2132 nihil
2702 2077 2947 2132 omnino
2972 2075 3267 2148 intelligat
3298 2093 3431 2147 qum
3456 2082 3522 2132 tu
3539 2077 3706 2132 dicis!

2067 2165 2366 2237 Siquidem
2381 2173 2447 2221 tu
2474 2166 2624 2222 bene
2640 2172 2698 2222 et
2726 2166 2801 2222 ad
2818 2166 2902 2220 tui
2931 2166 3116 2237 ipsius
3146 2164 3602 2230 commodum,si
3617 2183 3713 2221 res

2065 2253 2544 2321 ferat,benedicis
2576 2261 2636 2311 et
2662 2255 2810 2327 agis,
2843 2260 2945 2310 aut
2973 2253 3137 2310 aliud
3168 2255 3474 2326 quippiam
3507 2271 3713 2311 eorum

2065 2359 2197 2413 quae
2228 2342 2354 2399 fieri
2385 2349 2617 2415 oportet
2665 2343 2789 2415 agis
2827 2342 3072 2413 (ubique
3104 2343 3265 2397 enim
3297 2342 3410 2398 hoc
3466 2343 3714 2399 verbum

2064 2432 2186 2487 vult
2215 2432 2543 2504 subaudiri,
2563 2438 2622 2488 et
2650 2449 2770 2487 non
2796 2433 2857 2487 in
2888 2432 3087 2503 aliquo
3117 2448 3333 2505 genere
3365 2432 3609 2488 deﬁnito
3631 2434 3717 2489 in-

2065 2521 2272 2576 sistere
2310 2538 2323 2577 :
2356 2520 2490 2577 ideo
2523 2538 2685 2577 nunc
2715 2521 2957 2592 quidem
2987 2520 3151 2589 dicit,
3167 2547 3195 2572 ιι
3217 2523 3499 2590 Psallere,
3526 2544 3552 2571 υ
3568 2520 3711 2577 alibi

2064 2624 2199 2664 vero
2219 2635 2238 2657 ι
2263 2610 2638 2675 Benedicere,
2660 2629 2686 2661 ι
2704 2615 2763 2665 et
2783 2610 3127 2682 postipsum
3160 2610 3339 2665 etiam
3368 2627 3475 2681 pro
3500 2610 3710 2666 eodem

2062 2698 2249 2768 ponit,
2283 2721 2309 2748 «
2341 2699 2570 2754 Gratias
2618 2715 2791 2770 agere
2826 2716 2840 2765 ;
2885 2718 2915 2747 »ι
2948 2697 3270 2752 ostendens
3298 2697 3457 2768 quod
3486 2697 3708 2768 ubique

2062 2787 2138 2842 sit
2166 2787 2297 2858 ejus
2310 2786 2644 2842 adhortatio
2668 2802 2736 2841 ac
2749 2786 3010 2841 studium
3024 2785 3097 2841 de
3110 2786 3276 2841 omni
3295 2802 3360 2840 re
3371 2786 3708 2841 necessaria

2060 2892 2130 2932 ac
2160 2876 2700 2946 convenienti,quaa
2714 2874 2933 2946 linguis
2963 2875 3352 2946 exprimitur).
3387 2874 3610 2945 Itaque,
3640 2880 3707 2929 ut

2062 2965 2277 3030 dixi,tu
2306 2964 2547 3035 quidem
2561 2963 2781 3034 linguis
2810 2963 3177 3032 loquens,ad
3209 2964 3292 3017 tui
3323 2963 3512 3034 ipsius
3540 2980 3704 3031 com:

2062 3052 2303 3107 modum
2334 3050 2638 3106 benedicis
2667 3050 2757 3106 vel
2787 3050 3004 3123 gratias
3036 3052 3183 3123 agis,
3211 3057 3313 3107 aut
3342 3051 3504 3107 aliud
3534 3052 3704 3123 quip-

2063 3140 2221 3212 piam
2276 3140 2541 3211 loqueris
2565 3157 2580 3208 ;
2628 3140 2865 3195 auditor
2893 3156 3029 3195 vero
3059 3140 3294 3195 nullum
3323 3147 3587 3212 reportat
3612 3141 3708 3196 lu-

2064 3245 2254 3295 crum,
2313 3229 2463 3285 nihil
2518 3246 2553 3284 a
2597 3235 2655 3285 te
2678 3230 2939 3301 juvatur.
2975 3251 3003 3279 ιι
3035 3232 3109 3285 At
3163 3246 3335 3286 mens
3391 3246 3525 3285 mea
3581 3231 3707 3285 sine

2064 3317 2261 3374 fructu
2285 3322 2397 3384 est,
2426 3336 2453 3369 ι
2482 3319 2593 3373 hoc
2622 3324 2733 3384 est,
2765 3334 2886 3373 non
2915 3318 3145 3389 accepit
3170 3318 3431 3374 fructum
3451 3318 3525 3373 ab
3546 3319 3712 3375 aud.-

2064 3407 2294 3472 toribus
2310 3407 2737 3473 collectum,vel
2747 3413 3034 3478 tanquam
3055 3424 3127 3462 ex
3148 3407 3445 3461 vindemia
3474 3423 3714 3478 congre-

2065 3502 2269 3561 gatum
2294 3514 2308 3550 :
2338 3497 2498 3552 hunc
2531 3512 2652 3550 non
2681 3495 2794 3551 sibi
2824 3494 3122 3551 lucrifecit
3152 3511 3320 3550 mens
3346 3495 3476 3566 ejus
3505 3494 3607 3566 qui
3623 3494 3710 3551 lo-

2065 3586 2288 3656 quitur,
2321 3601 2443 3641 non
2494 3585 2675 3641 fruita
2704 3590 2794 3639 est
2818 3583 2922 3639 tali
2953 3584 3170 3652 fructu,
3222 3583 3486 3639 desolata
3523 3600 3712 3656 appa-

2066 3675 2187 3730 ruit
2215 3674 2431 3743 fructu,
2465 3674 2594 3730 sine
2625 3674 2821 3729 fructu
2851 3680 2959 3729 est.

2137 3765 2293 3823 580
2313 3766 2454 3831 XIV,
2482 3766 2660 3819 15-19.
2686 3786 2713 3813 ιι
2747 3762 2897 3829 Quid
2927 3779 3063 3834 ergo
3100 3762 3226 3817 est?
3244 3761 3432 3816 Orabo
3471 3760 3708 3830 spiritu,

2067 3878 2094 3906 ιι
2116 3853 2220 3910 sed
2240 3853 2420 3910 orabo
2437 3859 2497 3909 et
2507 3857 2735 3908 mente:
2758 3852 3006 3923 psaliam
3028 3848 3372 3920 spiritu,sed
3382 3847 3634 3919 psallam
3652 3853 3711 3901 et

2068 3964 2095 3994 ιι
2110 3946 2329 3997 mente.
2340 3940 2571 4011 Alioqui
2590 3939 2639 3994 si
2653 3936 3027 3993 benedixeris
3039 3935 3327 4006 spiritu,is
3339 3934 3440 4005 qui
3452 3934 3711 4005 complet

2067 4055 2094 4082 ιι
2108 4031 2304 4086 locum
2321 4025 2848 4099 idiotm,quomodo
2861 4025 3128 4080 dicturus
3140 4029 3228 4079 est
3242 4027 3427 4079 Amen
3440 4022 3516 4080 ad
3544 4030 3707 4079 tuam

2066 4143 2094 4171 ιι
2110 4118 2587 4174 benedictionem
2603 4116 2630 4170 ‘1
2647 4113 2884 4185 quando
2898 4113 3138 4184 quidem
3154 4112 3297 4183 quid
3315 4112 3477 4168 dicas
3497 4113 3705 4168 nescit.

2068 4229 2093 4259 ι
2111 4209 2255 4262 Nam
2271 4212 2335 4260 tu
2349 4205 2589 4276 quidem
2607 4204 2761 4258 bene
2795 4202 3015 4274 gratias
3032 4202 3176 4275 agis,
3202 4218 3407 4257 verum
3423 4201 3576 4257 alius
3588 4217 3707 4255 non

2067 4316 2093 4343 ιι
2109 4294 2455 4350 aediﬁcatur.
2492 4292 2720 4348 Gratias
2741 4291 2981 4363 agoDeo
3002 4307 3156 4357 meo,
3190 4290 3490 4362 quimagis
3530 4304 3708 4360 quam

2066 4398 2317 4438 «omnes
2345 4399 2446 4437 vos
2474 4380 2689 4454 linguis
2722 4380 2955 4450 loquor.
2990 4378 3101 4434 Sed
3144 4380 3206 4434 in
3237 4378 3497 4434 Ecclesia
3548 4376 3707 4432 malo

2065 4497 2092 4523 ιι
2118 4473 2382 4544 quinque
2414 4471 2800 4527 verbamente
2833 4486 2969 4526 mea
2999 4468 3254 4540 loqui,ut
3285 4474 3343 4523 et
3372 4468 3519 4523 alios
3538 4467 3705 4522 insti-

304 4547 569 4637 λαλῆσαι,
622 4562 713 4619 ’ίνα
784 4565 873 4618 καὶ
945 4560 1152 4622 ἄλλους
1225 4558 1552 4632 κατηχήσω,
1621 4557 1656 4625 ἤ
1726 4555 1955 4629 μυρίους

2071 4584 2094 4617 ε
2127 4569 2312 4631 tuam,
2346 4579 2524 4633 quam
2557 4562 2763 4617 decem
2796 4559 2986 4615 millia
3014 4558 3327 4614 verborum
3358 4558 3577 4629 lingua.
3615 4578 3643 4605 »

305 4654 508 4733 λόγους
539 4654 592 4711 ἦν
628 4650 874 4729 γλώσσῃ.

377 4746 436 4799 Γί
471 4744 565 4799 οὗν
598 4742 738 4797 ἐστιν
772 4741 801 4796 8
832 4740 974 4815 χρὴ,
1007 4736 1190 4815 φησὶν,
1216 4735 1386 4791 αἰτεῖν
1414 4734 1507 4790 τὸν
1545 4734 1673 4789 Θεὸν
1702 4754 1716 4804 ;
1756 4734 1823 4791 Τί
1848 4754 1862 4803 ;
1891 4734 1954 4790 τὸ

304 4834 706 4909 προσεύχεσθαι
734 4834 817 4902 τῷ
860 4826 1153 4900 πνεύματι,
1211 4826 1330 4879 οἷον
1380 4828 1450 4899 τῇ
1507 4826 1686 4898 ψυχῇ,
1716 4824 1848 4896 ὅπερ
1878 4824 1955 4886 είς

301 4926 402 4994 τήν
466 4922 634 4977 αὐτοῦ
687 4918 857 4993 μόνου
916 4916 1174 4971 συντείνει
1227 4912 1519 4989 ὠφέλειαν,
1557 4913 1957 4987 προσεύχεσθαι

306 5011 364 5068 δὲ
391 5012 483 5066 καὶ
510 5015 592 5082 τῷ
622 5011 729 5076 νοῒ,
763 5008 899 5081 ὅπερ
953 5006 1044 5060 καὶ
1104 5002 1183 5065 εἰς
1237 5004 1337 5072 τήν
1367 5007 1476 5057 τῶν
1504 4999 1742 5071 πλησίον
1770 5002 1957 5080 φθάνει

306 5097 634 5173 οἰκοδομὴν,
693 5096 832 5153 κατά
889 5097 990 5160 τὴν
1048 5091 1229 5148 ἐπάνω
1284 5091 1661 5167 παραγραφὴν,
1694 5091 1783 5146 καὶ
1814 5088 1959 5163 ψαλ-

304 5190 417 5245 λειν
448 5185 505 5243 δὲ
535 5185 766 5260 ὁμοίως.
801 5208 829 5236 ιι
864 5185 1041 5239 Ψαλῶ
1064 5184 1144 5252 τῷ
1169 5178 1454 5251 πνεύματι.
1478 5202 1507 5231 ››
1531 5210 1600 5221 -
1624 5179 1955 5252 [ΘΕΟΔΩΡ.]

306 5284 546 5352 Πνεῦμα,
570 5275 635 5332 τὸ
664 5274 1025 5349 πνευματικὸν
1060 5271 1310 5346 χάρισμα
1364 5266 1544 5340 καλεῖ,
1588 5273 1714 5323 νοῦν
1751 5265 1829 5332 δὲ,
1858 5272 1957 5335 τήν

304 5374 595 5451 σαιρήνειαν
655 5369 741 5422 καὶ
805 5364 1098 5441 ἑρμηνείαν
1154 5366 1262 5451 τών
1316 5360 1649 5451 λεγομενων.
1709 5357 1959 5451 Λέγειᾼδὶ

303 5446 397 5516 ὅτι
438 5459 707 5534 προσήκει
766 5456 858 5512 τὸν
911 5453 1063 5527 ἑτέρᾳ
1123 5449 1348 5526 γλώσσῃ
1408 5447 1816 5525 διαλεγόμενον,
1854 5446 1960 5504 ε’ίτε

306 5548 397 5605 ἰπὶ
427 5544 784 5623 ψαλμῳδὶας,
842 5540 951 5598 ε’ίτε
1007 5540 1097 5596 ἐπὶ
1153 5542 1489 5614 προσευχῆς,
1544 5536 1651 5594 ε’ίτε
1690 5538 1776 5593 ἒπὶ
1809 5535 1960 5593 διδα-

309 5633 560 5707 σκαλιας,
589 5631 628 5704 ἤ
658 5632 821 5689 αὐτὸν
881 5627 1202 5707 δρμηνεῦειν
1258 5627 1350 5683 καὶ
1408 5632 1548 5683 νοεῖν
1601 5626 1654 5683 τί
1713 5624 1857 5702 Λέγει
1886 5624 1963 5690 εἴς

2140 4743 2292 4809 Quid
2321 4743 2500 4815 igitur
2528 4741 2869 4811 est,inquit,
2895 4739 3054 4810 quod
3086 4755 3122 4794 a
3152 4739 3269 4793 Deo
3301 4741 3500 4809 petere
3533 4752 3711 4807 apor-

2062 4836 2149 4885 tet
2176 4830 2203 4884 ?
2225 4829 2367 4900 quid
2394 4828 2603 4884 ?orare
2627 4827 2841 4899 spiritu
2873 4825 2990 4880 sive
3003 4823 3387 4894 anima,quod
3419 4822 3495 4879 ad
3525 4823 3710 4895 ipsius

2065 4925 2297 4975 tantum
2334 4918 2653 4975 utilitatem
2685 4914 3097 4988 protenditur:
3126 4914 3229 4970 sed
3261 4930 3434 4969 orare
3456 4919 3515 4970 et
3543 4929 3715 4969 men-

2065 5008 2308 5079 te,quod
2339 5009 2516 5064 etiam
2549 5006 2624 5061 ad
2646 5005 3053 5076 proximorum
3088 5004 3372 5077 pertingit
3399 5004 3714 5060 utilitatem

2058 5099 2229 5170 juxta
2259 5096 2631 5168 superiorem
2663 5093 3490 5165 prmscriptionem.Similiter
3514 5099 3717 5148 autem

2066 5193 2124 5242 et
2176 5185 2450 5257 psallere.
2511 5206 2538 5232 ιι
2574 5183 2833 5239 Psallam
2892 5183 3185 5253 spiritu.»
3235 5183 3517 5256 Spiritum
3549 5187 3717 5239 vocat

2066 5273 2372 5347 spirituale
2391 5274 2633 5336 donum,
2650 5278 2906 5327 mentem
2924 5288 3060 5327 vero
3092 5272 3633 5329 manifestationem
3646 5288 3715 5331 ac

2066 5363 2620 5435 interpretationem
2652 5377 2858 5417 eorum
2876 5377 3007 5432 qua)
3025 5360 3485 5419 dicuntur.Dieit
3512 5371 3712 5420 autem

2067 5451 2228 5523 quod
2258 5450 2534 5522 expediat
2562 5466 2697 5506 eum
2718 5450 2819 5522 qui
2841 5449 2960 5505 alia
2980 5449 3474 5522 lingualoquitur,
3500 5453 3618 5507 sive
3649 5454 3711 5508 in

2068 5540 2422 5612 psalmodia,
2452 5538 2573 5595 sive
2613 5539 2675 5594 in
2718 5539 3006 5608 oratione,
3041 5539 3158 5594 sive
3190 5539 3253 5593 in
3286 5538 3575 5601 doctrina.
3607 5546 3711 5596 aut

2070 5631 2265 5702 ipsum
2292 5628 2669 5701 interpretari
2691 5634 2750 5683 et
2770 5626 3096 5699 intelligere
3119 5627 3262 5696 quid
3278 5626 3434 5681 dicat
3453 5626 3526 5681 ad
3547 5626 3709 5681 utili-
