4158 6194
543 326 659 386 851
1626 324 2043 386 (ΕΩΠΜΕΝΙΙ
2089 327 2191 385 TR

2302 326 2390 385 ἓιΕ
2436 326 2804 389 EPISCOPI.
3798 332 3898 392 852

546 459 729 514 tatem
789 456 1146 520 auditorum,
1179 461 1280 510 aut
1330 454 1512 511 alium
1549 457 1658 510 hoc
1687 457 1881 512 facere
1914 457 2186 511 convenit

2302 454 2569 528 ὠφέλειαν
2613 463 2734 512 ’τῶν
2793 457 3121 528 ἀκουόντων,
3180 459 3214 529 ἢ
3275 456 3454 531 ἕτερον
3511 462 3668 514 τοῦτο
3728 467 3901 530 ποιεῖν,

549 547 647 618 qui
704 546 891 617 possit
947 547 1429 617 cooperationem
1505 547 1792 604 doctrinm
1865 550 2189 620 suscipere.

550 657 577 685 «
611 635 846 704 Alioqui
877 636 925 690 si
947 636 1320 692 benedixeris
1351 638 1583 709 Spiritu.
1622 662 1648 688 »
1675 641 1817 694 Nam
1852 640 1899 693 si
1926 646 1984 694 tu
2011 639 2194 703 solus,

549 721 761 790 inquit,
799 723 913 777 scis
948 724 1089 793 quid
1124 725 1449 786 benedicis.
1484 732 1588 780 aut
1635 726 1778 796 quid
1825 727 2110 797 precaris.
2140 733 2199 784 et

547 809 746 863 anima
779 815 878 864 tua
907 811 1017 866 hoc
1049 810 1189 866 dicit
1221 813 1457 882 spiritu,
1492 813 1708 884 reliqui
1732 831 1866 868 vero
1902 815 2192 886 ignorant,

547 913 617 950 eo
649 898 806 968 quod
840 905 901 956 tu
933 917 1050 955 non
1082 902 1317 957 noveris
1348 902 1750 974 interpretari,
1784 904 1902 958 sive
1936 921 2056 958 non
2087 921 2196 958 no-

544 986 697 1040 veris
729 987 844 1043 vim
899 1006 1103 1046 eorum
1151 1008 1282 1062 quas
1310 991 1591 1047 dicuntur
1619 1010 1631 1048 :
1668 994 1769 1064 qui
1802 994 1920 1065 agit
1952 993 2192 1049 idiotam

543 1090 664 1130 non
698 1079 916 1148 poterit
948 1079 1142 1134 dicere
1169 1083 1358 1136 Amen
1389 1081 1460 1136 ad
1481 1088 1641 1136 tuam
1674 1082 2008 1136 orationem
2038 1099 2050 1137 ε
2076 1099 2194 1136 non

545 1165 705 1220 enim
737 1167 898 1224 novit
927 1170 1071 1239 quid
1113 1169 1273 1224 dicas
1308 1186 1320 1224 :
1356 1187 1547 1242 neque
1597 1171 1708 1225 scit
1750 1171 1988 1241 quando
2021 1189 2194 1243 opor-

547 1259 666 1310 teat
714 1262 768 1311 te
799 1257 1003 1314 audire
1049 1262 1257 1314 Amen.
1291 1283 1317 1310 ‹‹
1356 1260 1567 1314 Locum
1601 1260 1818 1314 idiotas.
1857 1282 1880 1310 ι)
1945 1261 2192 1316 ldiotam

546 1343 690 1398 dicit
721 1363 854 1402 eum
889 1348 989 1418 qui
1022 1349 1083 1402 in
1115 1349 1324 1403 ordine
1355 1349 1526 1416 laico,
1567 1350 1687 1404 sive
1733 1350 1942 1420 plebeo
1973 1351 2194 1405 consti—

544 1439 707 1490 tutus
739 1443 862 1492 est:
900 1454 1037 1493 nam
1073 1455 1171 1493 eos
1203 1456 1439 1510 quoque
1475 1440 1554 1494 ita
1584 1456 1790 1496 vocare
1819 1440 2042 1511 :solent
2094 1441 2194 1512 qui

546 1533 686 1580 sunt
706 1532 870 1582 extra
897 1527 1320 1590 militiamﬂoc
1351 1535 1550 1584 autem
1582 1535 1672 1584 est
1703 1529 1859 1600 quod
1890 1529 2032 1586 dicit
2065 1547 2076 1585 :
2113 1533 2194 1586 Tu

546 1614 646 1684 qui
677 1615 904 1686 psallis,
939 1623 1042 1670 aut
1091 1633 1244 1684 oras,
1278 1618 1668 1689 interpretare
1719 1635 1787 1673 ea
1828 1636 1958 1689 quae
1983 1619 2192 1675 dicun—

547 1709 663 1772 tur,
695 1710 754 1759 et
785 1705 889 1759 tibi
941 1705 1050 1776 ipsi
1084 1712 1142 1760 et
1174 1707 1448 1762 similiter
1480 1707 1572 1761 bis
1602 1709 1702 1777 qui
1739 1714 1792 1762 te
1826 1709 2096 1776 audiunt,
2129 1716 2195 1764 ut

547 1793 751 1849 dicant
804 1817 827 1846 ι
863 1796 1023 1862 Fiat;
1060 1821 1081 1848 ι
1121 1799 1401 1866 quoniam
1435 1798 1656 1868 alioqui
1709 1798 1850 1869 quid
1893 1799 2056 1855 dicas
2087 1816 2187 1855 ne-
2224 1818 2270 1882 Β

519 1883 763 1954 sciunt.
800 1886 916 1939 Hoc
948 1884 1133 1942 dicit:
1174 1907 1195 1935 ι
1243 1887 1497 1942 Psallam
1551 1887 1782 1959 spiritu,
1828 1890 2076 1959 psallam
2135 1895 2194 1944 et

544 1981 766 2040 mente,
803 1998 828 2024 »
845 1976 955 2031 hoc
977 1982 1085 2042 est,
1118 1976 1451 2049 intelligam
1482 1979 1992 2050 etinterpretabor
2013 1980 2190 2035 etiam

547 2063 978 2121 audientibus:
1008 2069 1152 2122 Nam
1186 2072 1248 2122 tu
1279 2067 1520 2136 quidem
1553 2067 1704 2123 bene
1734 2070 1952 2140 gratias
1983 2071 2126 2142 agis.
2166 2093 2186 2119 ο

620 2159 762 2215 SOI
795 2159 1018 2214 Deinde
1045 2159 1224 2215 etiam
1245 2159 1482 2232 dignam
1515 2161 1752 2216 laudem
1775 2179 2014 2218 servans
2037 2163 2190 2218 dono

543 2247 904 2319 linguarum.
937 2248 1052 2303 ait:
1087 2249 1232 2304 Nam
1264 2255 1327 2304 tu
1359 2249 1599 2319 quidem
1629 2249 1784 2305 bene
1805 2252 2022 2323 gratias
2045 2253 2190 2322 agis,

545 2337 650 2392 sed
706 2339 1014 2410 proximus
1045 2338 1272 2394 nullam
1301 2340 1482 2394 refert
1522 2340 1865 2397 utilitatem.
1929 2365 1956 2391 ‹‹
2015 2342 2192 2413 Magis

547 2443 726 2502 quam
758 2443 965 2482 omnes
995 2445 1094 2483 vos
1132 2429 1348 2499 linguis
1379 2427 1606 2498 loquor.
1640 2449 1667 2481 ι
1703 2431 2084 2486 Postmodum
2118 2449 2191 2486 ne

547 2516 621 2573 ob
657 2517 717 2571 id
747 2517 1014 2572 videatur
1043 2517 1405 2588 vilipendere
1437 2534 1504 2574 ac
1535 2519 1814 2589 dejicere,
1847 2519 1966 2575 sive
1995 2522 2192 2576 minus

547 2606 796 2662 reddere
829 2605 1050 2661 donum
1101 2605 1461 2678 linguarum,
1494 2608 1653 2678 quod
1685 2609 1809 2680 ipse
1870 2609 2018 2664 illud
2075 2627 2192 2665 non

550 2695 874 2768 possideat,
907 2697 989 2751 ait
1019 2713 1032 2750 :
1069 2717 1096 2744 ‹‹
1127 2696 1305 2767 Magis
1347 2712 1524 2766 quam
1557 2714 1766 2752 omnes
1823 2715 1924 2753 vos
1983 2699 2193 2770 linguis

546 2786 795 2858 loquor;
822 2808 851 2835 ››
883 2786 993 2840 hoc
1023 2791 1222 2840 tamen
1246 2785 1510 2840 dicturus
1543 2787 1800 2857 primum
1831 2789 2050 2859 gratias
2078 2789 2193 2861 egit

545 2876 685 2941 Deo,
745 2874 1086 2943 significans
1145 2873 1303 2945 quod
1358 2874 1430 2930 ab
1491 2875 1618 2947 ipso
1678 2877 1900 2932 donum
1957 2877 2191 2935 habeat.

549 2987 574 3020 ιι
609 2967 880 3036 Quinque
913 2964 1090 3021 verba
1119 2971 1317 3022 mente
1360 2983 1496 3022 mea
1536 2967 1719 3038 loqui.
1759 2991 1778 3016 ι
1816 2971 1934 3025 Hoc
1959 2973 2074 3036 est,
2101 2970 2194 3024 in-

548 3055 818 3127 telligere
847 3061 914 3110 ut
943 3055 1069 3127 ipse
1099 3056 1477 3128 interpreter,
1513 3062 1571 3112 et
1602 3056 1973 3114 auditoribus
1999 3060 2194 3129 expla-

550 3161 689 3202 nem
718 3152 784 3201 ut
814 3147 1050 3217 capiant
1095 3148 1436 3204 utilitatem.
1474 3170 1501 3198 «
1533 3149 1718 3213 Quam
1747 3149 1952 3205 decem
2008 3150 2198 3205 millia

550 3235 866 3293 verborum
898 3235 1118 3309 lingna.
1158 3261 1178 3285 -
1217 3239 1340 3292 Non
1371 3243 1582 3307 potens
1638 3239 1743 3293 illa
1792 3239 2192 3311 interpretari.

553 3326 697 3382 Nam
729 3325 842 3381 hoc
870 3326 1048 3381 modo
1079 3325 1142 3379 in
1173 3342 1268 3380 me
1299 3325 1424 3379 solo
1455 3327 1830 3396 permanebit
1859 3329 2106 3383 utilitas.
2130 3359 2198 3369 —

554 3409 643 3467 διὰ
669 3417 768 3467 τοῦ
796 3413 919 3475 νοός
955 3432 1080 3485 μου,
1114 3413 1173 3467 id
1204 3419 1316 3478 est,
1375 3419 1572 3468 mente
1625 3431 1760 3470 mea
1813 3415 1902 3470 vel
1958 3423 2200 3488 propter

551 3509 816 3560 mentem
848 3520 1066 3568 meam,
1100 3503 1212 3556 hoc
1242 3507 1350 3567 est,
1387 3517 1566 3557 causa
1596 3504 1814 3557 mentis
1845 3520 2098 3569 memme
2121 3505 2198 3559 sit

553 3595 698 3666 ipsis
728 3594 854 3648 sine
885 3591 1083 3646 fructu
1108 3603 1337 3659 eorum,
1364 3589 1468 3645 sed
1518 3591 1750 3646 fruatur
1796 3592 1989 3648 fructu
2042 3593 2199 3648 utili-

555 3682 691 3736 tatis
724 3681 1010 3752 ipsorum.

623 3771 763 3839 XIV,
793 3771 986 3825 20-22.
1019 3788 1042 3820 α
1063 3769 1397 3837 Fratres,ne
1417 3769 1546 3823 sitis
1567 3770 1732 3840 pueri
1757 3769 2030 3827 sensibus
2056 3790 2068 3826 :
2095 3772 2198 3828 sed

557 3885 577 3912 ι
597 3859 824 3916 malitia
841 3856 1513 3928 pueriestote,sensibus
1535 3873 1670 3913 vero
1694 3859 1938 3930 perfecti
1958 3862 2108 3915 sitis.
2129 3864 2196 3916 In

549 3972 577 3998 ‹‹
599 3946 728 4017 lege
745 3943 1029 4014 scriptum
1051 3947 1139 3999 est
1164 3961 1176 4000 :
1199 3944 1384 4000 Variis
1410 3943 1631 4018 linguis
1649 3953 1706 4002 et
1727 3945 1898 4002 labiis
1921 3951 2095 4004 Variis
2119 3951 2200 4006 lo-

553 4045 745 4103 cquar
764 4033 984 4102 populo
1008 4033 1165 4099 huic,
1190 4040 1335 4089 etne
1357 4035 1442 4089 sic
1457 4036 1696 4106 quidam
1721 4035 1964 4092 audient
1987 4038 2162 4106 me,di
2178 4074 2193 4082 -

547 4145 575 4172 (ι
611 4122 692 4175 cit
724 4121 1026 4177 Dominus.
1052 4124 1254 4195 Itaque
1279 4125 1494 4198 lingua;
1516 4125 1577 4180 in
1619 4127 1851 4199 signum
1886 4135 2042 4195 sunt,
2075 4147 2195 4186 non

551 4235 578 4263 «
601 4211 1105 4282 credentibus,sed
1129 4215 1490 4272 incredulis:
1513 4224 1720 4273 contra
1740 4219 2195 4291 prophetia,non

545 4325 574 4353 ιι
604 4299 949 4372 incredulis,
983 4303 1089 4360 sed
1119 4303 1518 4360 credentibus.
1544 4327 1572 4356 ››
1809 4323 1814 4326 ’

618 4485 939 4554 Postquam
971 4479 1233 4538 ostendit
1273 4483 1564 4554 majorem
1623 4497 1752 4540 esse
1797 4488 2189 4558 prophetiam,

2302 539 2596 616 δυνάμενον
2658 548 3072 622 συνεργὸντῆς
3145 541 3496 608 διδασκαλίας
3576 545 3906 622 παραλαμϐά-

2295 636 2502 689 νεσθαι.
2571 657 2590 682 ι
2627 635 2778 692 Ἐπεὶ
2834 637 2920 690 ἑὰν
2983 637 3294 711 εύλογήσῃς
3322 641 3402 707 τῷ
3442 637 3774 707 πνεύματι.»
3805 641 3902 694 Ἐὰν

2295 723 2395 799 γὰρ
2431 724 2595 795 μόνον
2632 725 2694 778 σὺ
2742 726 3046 794 ἐπίστασαι,
3079 727 3238 804 φησί,
3286 726 3340 781 τί
3390 724 3659 800 εὐλογεῖς,
3689 726 3836 799 ἤγουν
3864 729 3906 782 τί

2297 810 2541 886 εὕχεσαι,
2599 813 2688 868 καὶ
2747 816 2781 883 ἡ
2839 815 2906 883 σή
2965 816 3121 892 ψυχή
3178 819 3342 870 τοῦτο
3377 813 3626 888 λέγειτῷ
3655 820 3906 888 πνεύματι,

2297 901 2348 954 οἱ
2380 897 2437 956 δὲ
2467 901 2655 957 λοιποὶ
2695 900 2944 976 ἀγνοοῦσι
2976 907 3056 976 τῷ
3089 904 3145 958 σὲ
3208 904 3283 976 μή
3345 901 3545 958 εἰδέναι
3598 903 3907 977 ἑρμηνεῦσαι,

2297 989 2465 1064 ἤγουν
2498 992 2574 1063 μὴ
2607 988 2788 1046 εἰδότα
2840 993 2942 1060 τήν
3000 990 3224 1064 δύναμιν
3285 996 3390 1046 τῶν
3440 991 3768 1068 λεγομὲνων,
3798 994 3822 1046 ὁ
3849 993 3909 1054 εἷς

2297 1075 2527 1149 ἴδιώτην
2581 1079 2778 1149 τελῶν,
2839 1080 2939 1136 οὐκ
2985 1076 3046 1134 ἀν
3107 1079 3231 1156 ε’ίπῃ
3288 1081 3373 1150 τὸ,
3428 1080 3908 1155 Ἀμῆηέπὶτῇσῇ

2298 1168 2458 1242 εύχῇ’
2493 1169 2588 1238 Μὴ
2620 1167 2777 1232 dea;
2809 1170 2912 1244 γὰρ
2962 1170 3014 1226 τί
3071 1169 3280 1238 λαλεῖς,
3341 1167 3470 1226 οὐδὲ
3528 1170 3772 1246 γινώσκει
3802 1172 3908 1224 πότε

2299 1255 2379 1311 δεῖ
2411 1278 2495 1311 σοι
2526 1259 2610 1325 τὸ,
2645 1260 2844 1332 Ἀμήν,
2879 1261 3197 1318 ὑπακούσαι.
3256 1283 3284 1311 ‹‹
3339 1261 3441 1314 Τὸν
3474 1259 3636 1314 τόπον
3667 1264 3756 1314 τοῦ
3788 1257 3909 1314 ἰδιώ-

2296 1366 2413 1404 του.
2453 1371 2478 1396 ››
2538 1345 2786 1419 ἰδιώτην
2839 1347 3008 1425 λέγει,
3055 1350 3147 1404 τὸν
3199 1349 3248 1405 ἐν
3279 1353 3361 1422 τῷ
3392 1347 3569 1420 λαϊκῷ
3601 1350 3815 1422 τάγματι
3840 1369 3908 1403 τε·

2295 1434 2586 1510 ταγμὲνον,
2622 1438 2706 1492 ὅτι
2737 1438 2826 1492 καὶ
2882 1439 3008 1499 τοὺς
3063 1433 3165 1508 ἔξω
3194 1444 3294 1508 τῆς
3338 1436 3615 1512 στρατείας
3648 1434 3807 1492 οὕτως
3833 1458 3914 1492 κα-

2299 1522 2412 1579 λεῖν
2446 1525 2687 1584 εἰώθασι.
2720 1529 2895 1584 Τοῦτο
2926 1525 2983 1582 δὲ
3013 1525 3181 1602 λέγει,
3233 1528 3316 1582 δτι
3367 1525 3613 1582 ΨάλΛων
3656 1526 3739 1581 καὶ
3769 1548 3910 1601 προσ-

2297 1614 2594 1688 ευχόμενος
2641 1615 2908 1689 ὲρμήνευε
2961 1616 3052 1670 καὶ
3112 1617 3330 1672 σεαυτὸν
3382 1617 3451 1670 τὰ
3509 1614 3787 1690 λεγόμενα,
3837 1615 3910 1669 καὶ

2297 1704 2426 1766 τοὺς
2459 1703 2752 1767 ἀκούοντάς
2798 1725 2894 1760 σου
2952 1705 3186 1778 ὁμοίως,
3214 1705 3308 1760 ’ίνα
3363 1705 3556 1760 εἳπωσι
3589 1706 3671 1772 τὸ,
3707 1727 3726 1753 ι
3759 1705 3912 1758 Γένοι-

2298 1815 2381 1850 το.
2421 1818 2448 1844 ››
2480 1795 2630 1851 Ἑπεί
2662 1796 2765 1850 ούκ
2796 1793 2970 1850 οἴδασι
3004 1797 3054 1849 τί
3082 1793 3284 1868 λὲγεις.
3317 1795 3498 1852 Τοῦτο
3531 1794 3690 1869 λέγει.
3719 1818 3744 1846 ιι
3765 1791 3912 1847 Irata

2301 1885 2369 1957 τῇ
2419 1887 2596 1957 ψυχῇ.
2652 1883 2812 1958 ψαλῶ
2868 1885 2956 1939 καὶ
3009 1889 3087 1955 τῷ
3117 1889 3222 1953 νοῖ,
3254 1908 3282 1936 υ
3316 1885 3432 1938 ἀντὶ
3463 1887 3582 1950 τοῦ,
3614 1884 3816 1953 Norico),
3839 1882 3912 1936 καὶ

2304 1971 2623 2046 ἑρμηνεύσω
2679 1972 2768 2027 καὶ
2825 1978 2941 2034 τοῖς
3001 1963 3278 2029 ἀκούουσι.
3341 1997 3368 2022 κ
3406 1974 3480 2030 Σὺ
3516 1973 3607 2045 μὲν
3637 1971 3732 2047 γὰρ
3755 1970 3911 2030 καλῶς

2304 2060 2662 2136 εὐχαριστεῖς.
2704 2087 2730 2112 υ

2375 2149 2508 2207 Εἶτα
2563 2152 2654 2205 καὶ
2703 2152 2766 2206 τὸ
2821 2150 3120 2220 ἀξιέπαινον
3181 2151 3468 2228 φυλάττων
3528 2156 3607 2223 τῷ
3652 2149 3914 2225 χαρίσματι

2301 2243 2408 2294 τῶν
2436 2238 2721 2314 γλωσσῶν,
2777 2238 2930 2316 φησί’
2980 2239 3054 2294 Σὺ
3090 2241 3184 2312 μὲν
3240 2242 3344 2315 γὰρ
3373 2239 3561 2301 καλῶς
3594 2240 3915 2314 εὐχαριστεῖς,

2305 2325 2430 2381 ἀλλ’
2465 2328 2492 2382 ὁ
2520 2327 2752 2397 πλησίον
2785 2327 2888 2383 οὐκ
2937 2327 3252 2406 ὠφελεῖται.
3307 2354 3334 2380 ί(
3367 2329 3589 2383 Πάντων
3624 2328 3768 2398 ὑμῶν
3799 2323 3916 2398 μᾶλ-

2306 2413 2402 2471 λον
2451 2416 2727 2491 γλώσσαις
2789 2415 2967 2472 λαλῶ.
3008 2443 3028 2468 ι
3084 2419 3224 2476 Εἶτα
3262 2420 3354 2472 ἳνα
3406 2420 3484 2491 μή
3519 2415 3646 2491 δόξῃ
3677 2413 3760 2470 διὰ
3784 2418 3915 2468 τοῦτο

2305 2504 2604 2574 εὐτελίζειν
2665 2507 2753 2561 καὶ
2814 2506 3141 2578 ὑποτιθεναι,
3196 2508 3365 2583 ἣγουν
3431 2506 3749 2580 μικρότερον
3773 2507 3913 2558 ποιῶν

2303 2594 2364 2648 τὸ
2390 2598 2499 2648 τῶι
2527 2593 2792 2669 γλωσσῶν
2844 2595 3114 2670 χάρισμα,
3166 2595 3240 2658 ὡς
3290 2595 3450 2656 αὐτὸς
3489 2594 3618 2650 αὐτὸ
3651 2594 3723 2667 μή
3752 2611 3914 2659 κεκτη-

2310 2683 2492 2754 μένος,
2524 2683 2680 2762 φησὶ,
2711 2685 2934 2739 Πάντων
2983 2685 3135 2757 ὑμῶν
3196 2682 3362 2740 πλέον
3394 2682 3669 2760 γλώσσαις
3699 2679 3860 2737 λαλῶ.
3891 2702 3911 2728 ι)

2308 2770 2459 2841 Ηλὴν
2514 2777 2675 2827 τοῦτο
2729 2773 2916 2842 εἰπὼν,
2975 2778 3192 2848 πρῶτον
3252 2772 3627 2849 ηὐχαρίστησε
3679 2775 3753 2842 τῷ
3801 2772 3912 2837 Θεῷ.

2307 2858 2494 2930 δηλῶν
2525 2862 2598 2923 ὡς
2646 2861 2705 2916 ἐκ
2759 2861 2954 2918 τούτου
3008 2861 3126 2936 ἔχει
3182 2866 3244 2916 τὸ
3298 2864 3568 2938 χάρισμα.
3603 2888 3628 2912 (ι
3659 2858 3806 2916 Πέντε
3832 2855 3914 2910 λό-

2307 2966 2440 3025 γους
2474 2947 2562 3005 διά
2609 2955 2706 3006 τοῦ
2755 2952 2876 3012 νοός
2930 2971 3034 3024 μου
3086 2950 3346 3021 λαλῆσαι.
3383 2975 3409 3003 ››
3443 2950 3719 3015 Τουτέστι,
3754 2952 3912 3014 νοῆσαι

2305 3039 2466 3102 αὐτὸς
2501 3039 2835 3114 ἑρμηνεύειν,
2877 3042 2967 3096 καὶ
3007 3046 3125 3105 τοῖς
3174 3040 3430 3097 ἀκούουσι
3468 3040 3764 3118 σαφηνίζειν
3793 3035 3913 3092 ὅπως

2307 3127 2650 3206 ὠφελῶνται,
2715 3155 2735 3181 ι
2771 3132 2838 3186 Ἥ
2903 3130 3125 3204 μυρίους
3180 3129 3382 3204 λόγους
3442 3131 3496 3186 ὲν
3528 3129 3768 3204 γλώσσῇ,
3802 3154 3819 3178 ι
3853 3125 3912 3198 μή

2303 3215 2515 3291 ’ἰσχύων
2544 3217 2740 3281 αὐτοὺς
2799 3220 3146 3294 ἑρμηνεῦσαι.
3206 3219 3345 3276 Τότε
3395 3219 3500 3294 γὰρ
3551 3219 3623 3281 εἷς
3656 3218 3746 3291 ἐμὲ
3775 3216 3910 3286 μόνον

2308 3308 2344 3375 ἡ
2405 3305 2644 3382 ὠφέλεια
2697 3311 3098 3383 περιστήσεται.
3161 3341 3230 3352 —-
3279 3311 3495 3382 [ΦΩΤ.]
3553 3309 3646 3364 Διὰ
3696 3310 3784 3362 τοῦ
3812 3302 3912 3362 νοός

2313 3417 2442 3468 μου,
2498 3396 2771 3453 τουτέστιν
2828 3399 3024 3454 Ἕνεκα
3075 3402 3171 3453 τοῦ
3221 3399 3342 3460 νοός
3403 3420 3534 3472 μου,
3583 3401 3675 3452 τοῦ
3707 3396 3776 3469 μή
3806 3393 3913 3448 εἶναι

2309 3486 2547 3561 ἄκαρπον
2583 3489 2793 3556 αὐτοῖς,
2825 3487 2970 3544 ἀλλᾶ
2999 3487 3293 3543 ἀπολαύειν
3323 3494 3537 3564 καρποῦ
3565 3491 3660 3558 τῆς
3689 3483 3912 3562 ὠφελείας

2307 3575 2504 3632 αὑτῶν.

2380 3772 2640 3854 Ἀδελφοὶ
2702 3779 2778 3848 μή
2834 3773 3024 3831 παιδία
3089 3775 3293 3852 γίνεσθε
3346 3783 3467 3838 ταῖς
3535 3774 3735 3852 φρεσὶν,
3795 3769 3911 3827 ἀλλὰ

2303 3866 2373 3936 τῇ
2419 3862 2579 3932 κακίᾳ
2635 3865 2942 3934 νηπιάζετε,
3000 3869 3118 3926 ταῖς
3172 3861 3228 3919 δὲ
3287 3864 3442 3940 φρεσὶ
3494 3861 3908 3936 τὲλειοιγίνεσοι.

2305 3951 2390 4007 Ἐν
2463 3955 2542 4022 τῷ
2602 3951 2759 4024 νόμῳ
2819 3951 3138 4027 γέγραπται,
3218 3952 3300 4008 ὅτι
3377 3951 3428 4006 ἐν
3501 3949 3909 4028 ἑτερογλώσσοις,

2304 4039 2393 4094 καὶ
2461 4039 2513 4095 ἐν
2582 4039 2826 4115 χείλεσιν
2895 4042 3099 4115 ἑτέροις
3166 4041 3397 4112 λαλήσω
3461 4047 3540 4114 τῷ
3605 4041 3717 4113 λαῷ
3744 4035 3910 4105 τούτῳ.

2304 4130 2392 4185 καὶ
2450 4121 2793 4194 οὔδ”οῧτως
2857 4127 3262 4185 εἰσακούσονταί
3324 4151 3451 4203 μου,
3521 4129 3662 4206 λέγει
3727 4126 3908 4201 Κύριος,

2305 4217 2441 4274 ὣστε
2497 4218 2554 4273 αἱ
2606 4217 2852 4294 γλῶσσαι
2912 4218 2989 4280 είς
3054 4217 3284 4292 σημεῖόν
3337 4218 3494 4287 εἰσιν,
3554 4220 3614 4273 ού
3673 4221 3778 4277 τοῖς
3833 4231 3909 4265 πι-

2305 4308 2606 4377 στεύουσιν,
2689 4305 2837 4362 ἀλλὰ
2935 4312 3051 4369 τοῖς
3143 4307 3410 4369 ἀπίστοις.
3481 4309 3543 4365 Ἡ
3611 4305 3667 4362 δὲ
3727 4321 3909 4378 προφη-

2301 4395 2416 4452 τεία
2442 4397 2508 4452 ού
2535 4401 2653 4458 τοῖς
2684 4394 2952 4463 ἀπίστοις,
2981 4393 3131 4450 ἀλλὰ
3158 4401 3274 4459 τοῖς
3305 4397 3662 4452 πιστεύουσιν.

2373 4486 2519 4541 Μετὰ
2571 4486 2636 4540 τὸ
2693 4483 2860 4554 δεῖξαι
2923 4485 3143 4558 μείζονα
3200 4487 3298 4555 τήν
3355 4485 3708 4562 προφητείαν,
3744 4476 3906 4537 λοιπὸν

546 4574 826 4645 deinceps
868 4573 1166 4645 pungitivo
1197 4574 1386 4628 utitur
1416 4587 1712 4630 sermone.
1774 4588 1806 4629 ιι
1863 4579 1942 4632 Ne
1999 4577 2190 4647 pueri,

2302 4573 2736 4647 πληκτικωτέρῳ
2769 4580 2975 4648 χρῆται
3008 4573 3184 4649 λόγῳ.
3221 4597 3250 4625 ‹‹
3283 4576 3377 4643 Μή
3420 4573 3611 4630 παιδία
3657 4573 3856 4648 γίνεσθε,
3885 4588 3906 4614 ι)

545 4663 917 4734 inquit,sitis.
954 4684 981 4711 ››
1017 4664 1340 4718 Puerorum
1366 4664 1525 4717 enim
1550 4670 1638 4718 est
1668 4681 1845 4734 parva
1875 4665 2181 4730 admirari,

545 4751 726 4806 veluti
756 4756 895 4806 sunt
926 4751 1164 4823 linguae,
1215 4765 1429 4822 magna
1457 4765 1596 4806 vero
1633 4753 1964 4824 despicere,
1998 4755 2192 4824 qualis

547 4844 636 4894 est
667 4841 998 4910 prophetia.
1061 4862 1090 4889 α
1123 4840 1234 4895 Sed
1267 4841 1496 4897 malitia
1548 4843 1744 4912 pueri
1773 4848 1981 4898 estote.
2026 4865 2054 4891 »
2089 4844 2191 4898 Ubi

543 4928 840 4998 injustitia
898 4929 1099 4999 aliqua
1128 4930 1480 5001 proponitur
1501 4937 1604 4986 aut
1657 4937 1988 5002 peccatum,
2051 4937 2190 4987 tunc

545 5018 719 5088 pueri
743 5018 890 5072 sitis.
926 5020 1025 5073 Est
1045 5026 1242 5074 autem
1275 5032 1524 5092 puerum
1548 5037 1678 5077 esse
1735 5024 1966 5078 nescire
2005 5024 2188 5080 male-

545 5110 739 5164 facere
770 5107 859 5161 vel
920 5123 1182 5178 peccare.
1239 5109 1530 5164 Sensuum
1576 5125 1708 5166 vero
1766 5113 2070 5184 perfectio,
2134 5117 2192 5168 et

542 5197 751 5252 vitium
781 5196 930 5268 fugit
951 5202 1009 5251 et
1029 5197 1309 5254 virtutem
1331 5201 1713 5271 prosequitur
1740 5219 1752 5256 :
1787 5207 1846 5256 et
1875 5203 2101 5272 majora
2120 5217 2188 5258 ac

545 5286 754 5342 viliora
775 5283 930 5340 dona
951 5284 1277 5355 dijudicare
1311 5289 1490 5343 novit.
1532 5309 1558 5340 α
1616 5291 1681 5344 ln
1721 5289 1850 5362 lege
1904 5292 2187 5362 scriptum

546 5382 692 5433 est.»
725 5373 899 5443 Atqui
932 5375 1112 5430 Isaias
1130 5375 1241 5430 hoc
1270 5375 1543 5440 dicit,sed
1561 5377 1731 5432 divus
1765 5379 1980 5435 Paulus
2011 5397 2188 5436 omne

543 5471 710 5520 vetus
771 5465 1235 5521 instrumentum
1278 5471 1444 5520 vocat
1501 5466 1712 5538 legem.
1763 5469 2189 5525 Testimonium

545 5568 682 5610 vero
709 5549 1228 5616 adducit,lateuter
1252 5554 1566 5609 ostendens
1580 5573 1695 5610 non
1728 5572 1857 5611 esse
1869 5558 2190 5615 admodum

547 5641 692 5698 utile
721 5641 944 5698 denum
987 5641 1344 5714 linguarum,
1379 5657 1447 5696 eo
1467 5643 1624 5711 quod
1655 5645 1836 5700 etiam
1869 5645 2190 5704 incredulis

2302 4663 2453 4743 φησί.
2508 4663 2735 4734 Νηπίων
2783 4664 2885 4738 γάρ
2947 4664 3080 4732 ἔστι,
3140 4663 3202 4718 τὸ
3264 4664 3331 4717 τὰ
3411 4664 3578 4738 μικρὰ
3634 4657 3905 4732 θαυμάζειν,

2301 4755 2419 4808 οἷον
2446 4753 2541 4814 τὰς
2608 4751 2887 4828 γλώσσας,
2953 4747 3060 4806 τῶν
3126 4749 3184 4808 δὶ
3250 4752 3509 4828 μεγάλων
3571 4749 3903 4826 καταφρονεῖν,

2301 4843 2543 4899 τουτέστι
2599 4849 2700 4910 τῆς
2754 4843 3111 4919 προφητείας.
3173 4866 3200 4892 ‹‹
3232 4841 3410 4900 Ἀλλᾶ
3457 4847 3527 4916 τῇ
3570 4841 3722 4911 κακίᾳ
3748 4833 3906 4906 νηπιά.

2306 4937 2437 5001 ζετε.
2485 4934 2706 4986 »Ὅταν
2764 4931 3048 5004 πρόκειται
3106 4926 3287 4985 ἀδικία
3338 4932 3502 5001 τις,ἢ
3539 4934 3780 5004 ἁμαρτια,
3808 4923 3907 4978 τότε

2299 5017 2942 5090 νηπιάζετε.Νηπιάζειν
3005 5018 3062 5074 δὲ
3120 5019 3252 5091 ἑστι,
3312 5020 3374 5075 τὸ
3435 5023 3512 5094 μή
3565 5017 3905 5076 εἰδὲναικακο-

2301 5116 2499 5177 ποιεῖν,
2528 5108 2563 5178 ἤ
2596 5110 2944 5184 ἁμαρτάνειν.
3004 5109 3066 5165 Ἦ
3128 5107 3185 5163 δὲ
3235 5115 3344 5165 τῶν
3405 5115 3608 5189 φρενῶν
3641 5103 3906 5167 τελειότης.

2301 5199 2390 5254 καὶ
2420 5219 2610 5254 κακιαν
2668 5199 2870 5276 φεύγει,
2929 5198 3017 5253 καὶ
3073 5199 3269 5275 ἀρετήν
3329 5197 3536 5270 διώκει,
3566 5196 3740 5254 καὶτὰ
3767 5191 3908 5276 μείζω

2320 5289 2408 5343 καὶ
2441 5274 2843 5365 ὠφελιμώτερα
2897 5292 3006 5342 τῶν
3065 5274 3424 5364 χαρισμάτων
3479 5286 3758 5361 διακρίνειν
3787 5274 3908 5365 οἶδεν

2303 5402 2328 5426 ‹‹
2365 5379 2451 5434 Ἐν
2504 5362 2578 5432 ⁷τά
2637 5376 2793 5448 νὸμφ
2843 5362 3164 5453 γέγραπται.
3200 5402 3228 5429 ››
3287 5379 3479 5434 Καίτοι
3537 5373 3747 5434 Ἡσαΐας
3770 5362 3905 5423 τοῦτό

2302 5489 2484 5545 φησιν,
2517 5465 2646 5522 ἀλλ’
2685 5467 2713 5520 ὁ
2759 5468 2948 5542 Ἀγιος
2977 5470 3146 5522 πᾶσαν
3201 5469 3301 5538 τήν
3358 5467 3623 5533 Παλαιὰν,
3652 5461 3806 5534 νόμον
3831 5473 3905 5545 xq-

2302 5541 2406 5614 λεῖ.
2453 5556 2565 5624 Τήν
2627 5552 2683 5609 δὶ
2740 5541 3033 5630 μαρτυρίαν
3093 5556 3351 5632 πάράγιι,
3409 5558 3590 5632 ἠρέμα
3619 5546 3810 5608 δεικνὺς
3839 5541 3900 5632 μή

2304 5643 2510 5723 σφόδρα
2558 5628 2835 5718 χρήσιμον
2893 5644 2956 5698 τὸ
3009 5648 3118 5698 τῶν
3172 5628 3719 5718 γλωσσῶνσημεῖον,
3750 5628 3900 5689 διὰτὸ
