4156 6200
325 379 443 440 883

1313 382 1724 444 ΟΟἋΜΕΝΤ..
1767 383 1844 443 ΙΝ
1881 381 2140 444 ΕΡΙΒΤ..
2189 387 2216 443 Ι
2259 386 2375 444 ADL'
2410 385 2780 447 CORINTH.

3613 385 3732 445 854

320 514 573 576 ἀπίστοις
631 516 894 590 γίνεσται·
955 540 983 568 ‹‹
1037 518 1139 574 Καὶ
1197 514 1309 572 οὔδ’
1367 517 1542 578 οὕτως
1597 515 1958 572 εἴσακούσεταί

2081 519 2462 591 contingat.-«
2489 521 2560 575 Et
2581 537 2662 577 ne
2689 522 2773 576 sic
2799 522 3050 592 quidem
3075 520 3321 578 audient
3355 533 3506 576 me.»
3538 521 3734 586 Quare

328 623 453 676 μου.
485 629 512 655 ››
543 605 610 662 Τί
643 603 734 659 οὖν
769 603 980 672 ἑλάλει,
1039 606 1083 660 εἰ
1137 602 1259 681 ᾔδει
1321 607 1398 680 μὴ
1457 606 1979 679 ἀκουσθησόμενος;

322 695 435 750 Ἰνα
463 695 532 748 τά
555 696 728 750 αὐτοῦ
775 695 986 770 ποιήσῃ
1040 697 1068 750 ὁ
1128 697 1279 761 Θεὸς,
1335 695 1426 749 καὶ
1460 693 1551 750 διὰ
1580 697 1794 751 πάντων
1831 693 1973 770 δείξῃ

324 785 422 851 τὴν
456 784 579 856 περί
613 786 762 856 ἡμᾶς
792 783 1074 856 πρόνοίαν,
1132 784 1222 839 καὶ
1281 783 1480 860 νίκήσῃ
1513 784 1564 839 ἐν
1591 789 1672 856 τῷ
1702 785 1975 859 κρίνεσθαι

325 872 508 931 αὑτὸν.
540 873 631 927 καὶ
663 872 951 947 ἀπαλλάξῃ
1008 875 1185 944 πάσης
1243 873 1576 948 ἀπολογίας.
1614 907 1674 915 -
1710 874 1976 946 [ΟΙΚΟΥ-

323 965 631 1036 ΜΕΝΙΟΥ.]
691 963 760 1019 Ἦ
817 963 906 1017 καὶ
961 963 1043 1032 τὸ,
1100 988 1126 1014 α
1161 961 1292 1021 Οὐδ’
1350 962 1527 1024 οὕτως
1573 962 1974 1018 είσακούσονταί

326 1072 454 1124 μου,
489 1076 517 1102 ››
551 1051 624 1113 ὡς
657 1051 792 1126 πρὸς
821 1049 884 1105 τὸ
936 1051 1120 1106 κοινὸν
1180 1048 1418 1123 εἴρηται,
1449 1050 1538 1105 καὶ
1568 1051 1630 1105 τὸ
1664 1051 1738 1123 μή
1771 1051 1973 1113 πάντας

322 1139 654 1211 εἰσακοῦσαι,
713 1139 829 1195 ἐπεὶ
886 1133 958 1194 ἔνι
1025 1136 1165 1212 μηδὲ
1221 1136 1314 1195 ἕνα
1368 1138 1699 1195 εἰσακοῦσαι.
1753 1164 1781 1191 α
1815 1141 1974 1195 ’Ὥστε

319 1229 373 1285 αἱ
404 1227 650 1304 γλῶσσαι
715 1228 790 1291 είς
848 1227 1077 1300 σημεῖόν
1138 1228 1290 1284 είσιν.
1338 1251 1366 1279 ››
1423 1227 1583 1302 Ὁρᾷς
1638 1232 1755 1291 πῶς
1783 1226 1970 1284 ὑποτί-

322 1329 446 1385 θησι
478 1321 545 1390 τῇ
586 1316 894 1395 προφητείᾳ
945 1317 1040 1378 τὰς
1095 1316 1391 1391 γλώσσαςς
1425 1340 1452 1367 ‹‹
1487 1315 1579 1378 Εἷς
1609 1322 1840 1389 σημεῖον
1869 1316 1970 1394 γὰρ

319 1406 445 1476 είσι,
480 1431 506 1457 ››
549 1405 702 1476 φησί.
736 1406 813 1463 Τὸ
843 1402 899 1460 δὲ
931 1410 1184 1477 σημεῖον,
1235 1405 1297 1460 οὐ
1358 1407 1570 1468 πάντως
1604 1403 1840 1462 διδάσκει
1879 1408 1970 1462 καὶ

319 1498 542 1575 ὠφελεῖ,
588 1497 753 1552 ὁπότε
782 1498 869 1552 καὶ
901 1495 1135 1572 βλάπτει
1188 1495 1484 1565 πολλάκις,
1517 1497 1593 1562 ὡς
1622 1499 1833 1572 προϊών
1861 1520 1972 1576 φη-

318 1609 423 1653 σιν,
456 1582 578 1642 ἔνθα
613 1587 782 1662 λέγει,
815 1612 842 1638 ‹‹
876 1587 990 1644 Οὐκ
1018 1586 1228 1660 ἐροῦσιν
1259 1586 1341 1641 ὅτι
1372 1587 1660 1661 μαίνεσθες
1691 1611 1720 1639 ››
1741 1611 1862 1641 -ιι
1887 1587 1968 1646 Οὐ

312 1680 430 1738 τοῖς
460 1677 824 1733 πιστεύουσιν.
861 1700 886 1726 »
917 1677 985 1734 Οἱ
1013 1676 1116 1752 γάρ
1145 1677 1325 1731 πιστοὶ
1359 1677 1424 1731 οὐ
1457 1674 1666 1732 δέονται
1697 1676 1966 1749 σημείων,

317 1767 497 1822 πιστοὶ
532 1764 700 1831 ὅντες.
736 1792 764 1819 ι(
797 1769 860 1824 Ἡ
894 1765 951 1822 δὲ
1009 1767 1315 1845 προφητεία
1374 1767 1436 1823 οὐ
1485 1773 1602 1829 τοῖς
1629 1767 1900 1831 ἀπίστοις,
1937 1791 1966 1819 ››

2093 625 2230 680 ergo
2258 609 2613 680 loquebatur
2643 611 2692 664 si
2722 609 2944 666 sciebat
2975 611 3134 682 quod
3165 626 3287 667 non
3321 616 3478 666 esset
3496 610 3739 667 audien-

2091 697 2202 754 dus
2225 698 2253 754 ‘I
2285 699 2357 754 Ut
2383 698 2608 755 faceret
2635 699 2787 754 Deus
2813 699 3066 770 quod-in
3099 715 3162 754 se
3190 704 3338 762 erat.
3370 705 3563 770 et-per
3609 715 3736 753 om-

2092 786 2191 840 nia
2221 786 2562 841 ostenderet
2599 803 2776 858 quam
2831 787 2904 842 de
2937 787 3107 842 nobis
3135 787 3390 842 habebat
3418 785 3736 858 providen~

2091 874 2281 928 tiam:
2317 878 2497 944 utque
2548 874 2811 929 vinceret
2860 874 3000 931 dum
3025 875 3348 947 judicatur,
3405 874 3556 930 582
3614 889 3736 930 om-

2089 979 2346 1034 nemque
2373 963 2608 1019 tolleret
2640 965 3230 1022 excusationem.Aut
3255 964 3456 1029 etiam,
3477 969 3543 1018 ut
3572 963 3732 1034 quod

2088 1054 2172 1108 ait
2205 1068 2218 1109 :
2253 1075 2279 1102 «
2313 1053 2394 1108 Ne
2451 1053 2536 1108 sic
2565 1052 2808 1124 quidem
2835 1054 3116 1111 audient
3145 1069 3261 1115 me.
3291 1079 3318 1104 ι.
3351 1051 3426 1108 ad
3482 1051 3544 1106 id
3569 1051 3730 1124 quod

2087 1157 2401 1198 commune
2433 1148 2523 1198 cst
2551 1142 2776 1199 dictum
2817 1144 2914 1210 sit,
2958 1148 3016 1199 et
3044 1142 3203 1214 quod
3233 1159 3356 1200 non
3386 1157 3594 1201 omnes
3626 1158 3729 1198 au.

2086 1231 2814 1303 dierint,quandoquidem
2832 1233 3122 1306 contingit
3147 1238 3212 1288 ut
3226 1248 3300 1288 ne
3314 1247 3469 1287 unus
3489 1230 3730 1303 quidem

2085 1319 2305 1376 audiat.
2339 1343 2366 1371 «
2399 1323 2604 1392 Itaque
2649 1320 2866 1394 lingua
2896 1322 2959 1378 in
2991 1321 3228 1393 signum
3260 1326 3424 1376 sunt.
3466 1342 3495 1370 »
3556 1318 3730 1374 Vides

2084 1409 2242 1482 quod
2272 1411 2505 1482 linguas
2535 1410 2848 1466 inferiores
2880 1411 3195 1482 prophetia
3249 1409 3410 1466 dicat
3436 1408 3463 1464 ?
3490 1411 3636 1466 Nam
3665 1409 3729 1464 in

2084 1501 2316 1572 signum
2347 1505 2508 1565 sunt,
2565 1499 2805 1570 inquit:
2841 1499 3102 1572 .signum
3142 1505 3341 1554 autem
3401 1514 3522 1554 non
3579 1513 3729 1553 sem-

2082 1606 2188 1660 per
2216 1589 2391 1645 docet
2429 1595 2530 1645 aut
2583 1589 2729 1644 utile
2761 1595 2894 1645 est:
2941 1589 3062 1645 imo
3121 1588 3440 1654 interdum,
3497 1593 3553 1643 et
3607 1587 3728 1642 fre-

2080 1685 2334 1750 quenter
2361 1679 2541 1734 etiam
2593 1685 2796 1742 nocet.
2829 1685 2895 1736 ut
2945 1679 3007 1734 in
3039 1694 3352 1751 progressu
3406 1677 3570 1744 dicit,
3624 1677 3724 1732 ubi

2079 1769 2204 1823 ait:
2236 1769 2444 1823 Nonne
2497 1767 2700 1824 dicent
2728 1785 2833 1823 vos
2877 1767 3193 1826 insanire?
3220 1788 3252 1818 »
3297 1768 3427 1822 Non
3474 1764 3721 1824 creden-

313 1859 376 1913 Ἡ
410 1854 467 1912 δὲ
497 1856 823 1934 προφητεία,
882 1857 1068 1934 φησὶν,
1125 1855 1330 1935 ὠφελεῖ
1383 1856 1512 1919 τοὺς
1541 1855 1786 1919 πιστοὺς.
1824 1859 1958 1914 Κατ-

2078 1857 2256 1913 tibus.
2340 1880 2369 1907 »ι
2437 1857 2758 1913 Credentes
2835 1858 3030 1914 enim.
3067 1873 3191 1913 non
3269 1861 3443 1928 egent
3516 1855 3721 1926 signis,

313 1952 448 2025 ηχεῖ
477 1949 581 2020 γάρ
612 1945 826 2014 αὐτοὺς,
868 1945 966 2000 οὐκ
1024 1943 1100 2000 ἔτι
1161 1943 1217 2000 δὲ
1246 1945 1336 2000 καὶ
1369 1947 1498 2008 τοὺς
1529 1944 1812 2013 ἀπίστους,
1843 1947 1965 2002 οἷον

313 2037 440 2098 τοὺς
473 2033 659 2090 ἀνίατα
685 2039 999 2101 νοσοῦντας,
1057 2033 1102 2089 εί
1165 2035 1240 2107 μὴ
1301 2033 1382 2090 δτι
1435 2035 1647 2110 προϊὼν
1682 2032 1849 2108 λέγει,
1880 2036 1965 2090 ὅτι

310 2124 401 2180 καί
428 2125 624 2188 αὑτοὺς
654 2123 876 2201 ὠφελεῖ.
913 2123 1314 2199 Ἐλεγχόμενος
1359 2124 1487 2199 γὰρ,
1521 2124 1676 2204 φησί,
1709 2125 1798 2178 καὶ
1829 2124 1960 2179 ἀνα-

308 2213 632 2289 κρινόμενος
689 2214 792 2268 ὑπὸ
859 2234 1092 2279 παντων,
1155 2214 1267 2286 ipsi
1321 2213 1405 2268 ὅτι
1465 2212 1697 2276 ὅντωςὸ
1730 2213 1858 2276 Θεὸς
1909 2213 1959 2269 ἐν

310 2304 437 2376 ὑμῖν
470 2302 635 2360 ἐστιν.
666 2305 799 2374 Ὃρα
854 2301 997 2373 πόση
1059 2299 1293 2379 διαφορά
1342 2305 1441 2372 τῆς
1496 2302 1854 2382 προφητείας.
1887 2303 1957 2360 Al

311 2393 407 2465 μὲν
466 2393 570 2469 γὰρ
629 2390 898 2466 γλῶσσαι,
955 2391 1119 2466 γελᾷν
1177 2392 1307 2456 τοὺς
1371 2392 1632 2456 ἀπίστους
1684 2396 1956 2448 ποιοῦσιν.

304 2482 525 2556 Ἐροῦσι
559 2482 685 2558 γάρ,
718 2481 906 2558 φησὶν,
962 2482 1046 2536 δτι
1101 2481 1365 2553 μαίνεσθε.
1399 2485 1463 2537 Ἢ
1526 2479 1583 2536 δὲ
1625 2487 1955 2557 προφητεία,

304 2571 431 2631 τοὺς
461 2570 686 2632 πιστοὺς
729 2572 846 2643 μὲν,
879 2574 1009 2625 πᾶσι
1063 2572 1290 2645 τρόποις
1349 2568 1572 2649 ὠφελεῖ.
1602 2571 1754 2625 Ἔστι
1786 2568 1832 2626 δ’
1864 2571 1956 2626 ’ὀτε

303 2661 392 2714 καῖ
429 2661 549 2721 ’.φὺς
596 2659 853 2720 ἀπίστους
911 2657 1134 2728 ὠφελεῖ,
1193 2664 1272 2730 τῷ
1328 2657 1581 2734 ἑλεγχειν
1618 2659 1832 2728 αὑτοὺς,
1863 2659 1953 2715 καὶ

303 2750 728 2823 παρασκευάζειν
783 2747 870 2802 ἐπὶ
927 2748 1222 2821 πρόσωπον
1273 2747 1512 2818 πίπτειν,
1565 2749 1654 2803 καὶ
1714 2767 1956 2822 προσκυ-

303 2845 409 2894 νεῖν
442 2843 521 2910 τῷ
579 2843 713 2908 Θεῷ.
773 2840 950 2894 Τοῦτο
1007 2838 1111 2912 γάρ
1170 2837 1380 2912 προϊὼν
1432 2836 1596 2912 λέγει·
1633 2836 1811 2893 Ἀλλά
1839 2842 1956 2904 τοῖς

300 2927 667 2996 πιστεύουσιν,
701 2925 779 2986 είς
809 2923 1100 3004 ὠφέλειαν,
1134 2927 1163 2980 ὅ
1194 2926 1308 2980 ἔστι
1341 2922 1612 3000 διδαχήν.’

2079 1963 2214 2004 cum
2236 1947 2365 2018 jam
2398 1946 2606 2002 ﬁdeles
2636 1947 2776 2002 sint.
2817 1969 2844 2000 ι
2873 1948 3091 2002 Contra
3121 1945 3433 2017 prophetia
3462 1960 3583 1998 non
3637 1943 3724 1999 in-

2076 2036 2356 2093 credulis.
2440 2058 2468 2088 »
2549 2037 2870 2108 Prophetia
2934 2053 3068 2092 vero
3143 2034 3442 2102 ﬁdelibus,
3500 2033 3718 2104 inquit,

2069 2125 2234 2182 utilis
2293 2132 2384 2181 est
2432 2143 2444 2179 :
2519 2142 2659 2182 nam
2735 2125 2980 2187 instruit
3035 2126 3267 2196 i.p:95-;
3307 2128 3717 2191 nouantem

2070 2217 2248 2272 etiam
2279 2215 2622 2271 incredulos
2652 2221 2858 2286 utpote
2888 2214 3410 2272 immedicabiliter
3435 2219 3719 2285 aegrotan-

2070 2310 2158 2360 tes
2183 2321 2195 2358 :
2231 2305 2346 2360 nisi
2377 2303 2538 2374 quod
2567 2305 2630 2358 in
2659 2319 2973 2375 progressu
2995 2303 3141 2359 dicit
3161 2302 3320 2374 quod
3352 2302 3531 2359 etiam
3554 2302 3716 2372 ipsos

2060 2395 2598 2467 juvet,Coargutus,
2626 2395 2844 2465 inquit,
2865 2399 2924 2449 et
2948 2393 3306 2466 dijudicatus
3327 2392 3399 2450 ab
3431 2391 3712 2448 omnibus

2069 2483 2225 2539 dicet
2257 2484 2415 2554 quod
2437 2501 2570 2539 vere
2592 2485 2748 2538 Deus
2789 2483 2851 2537 in
2882 2482 3044 2538 vobis
3076 2483 3172 2539 sit.
3207 2481 3349 2536 Vide
3381 2488 3603 2553 quanta
3635 2481 3715 2540 sit

2065 2573 2393 2645 prOphetia
2422 2571 3105 2643 excellentia.Siquidem
3126 2570 3342 2644 lingua
3371 2570 3712 2628 incredulos

2066 2661 2292 2717 faciunt
2323 2662 2610 2717 irridere:
2645 2678 2783 2717 nam
2813 2661 3362 2730 dicent,inquit,vos
3393 2659 3714 2716 insaniret

2066 2749 2380 2820 prophetia
2401 2759 2536 2806 vero
2549 2750 2756 2806 ﬁdeles
2770 2749 3012 2820 quidem
3025 2748 3306 2803 omnibus
3325 2747 3518 2802 modis
3522 2748 3546 2819 j
3556 2752 3712 2806 uvat.

2065 2839 2362 2911 Contingit
2392 2847 2588 2894 autem
2647 2838 3004 2910 quandoque
3041 2843 3108 2892 ut
3164 2842 3224 2891 et
3253 2835 3578 2892 incredulis
3639 2836 3716 2890 sit

2067 2929 2252 2996 utilis,
2289 2929 2662 3000 coarguendo
2696 2929 2853 2993 illos,
2887 2934 2946 2982 et
2971 2925 3283 2982 efﬁciendo
3315 2932 3379 2982 ut
3407 2927 3470 2980 in
3499 2925 3713 2984 faciem

300 3018 513 3073 cadant
545 3019 848 3086 Deumque
879 3015 1129 3071 adorent
1163 3032 1176 3069 :
1219 3016 1331 3071 hoc
1366 3016 1526 3070 enim
1558 3015 1620 3070 in
1653 3015 2042 3086 sequentibus
2074 3015 2218 3072 dicit
2250 3034 2263 3071 :
2298 3017 2401 3072 sed
2449 3015 2828 3072 credentibus
2877 3014 2950 3070 ad
2971 3014 3299 3070 utilitatem
3329 3019 3440 3082 est,
3471 3028 3712 3084 nempe

300 3106 656 3162 doctrinam.

371 3259 490 3313 Ἐάν
551 3255 644 3310 οὗν
698 3253 925 3328 συνέλθῃ
1005 3260 1040 3324 ὴ
1117 3253 1414 3324 Ἐκκλησία
1473 3255 1580 3321 ὃλη
1637 3254 1948 3317 ἒπιτοαυτὸ,

2135 3256 2286 3321 XIV,
2316 3259 2484 3312 24-25
2535 3280 2560 3306 ο
2592 3257 2650 3312 Si
2683 3273 2816 3329 ergo
2851 3257 3196 3312 convenerit
3224 3258 3498 3311 universa
3529 3254 3710 3311 simul

1545 3339 1828 3396 εἶσὲλθωσι
1897 3338 1954 3396 δὶ

1661 3430 1911 3504 μαίνεσθε
1933 3451 1948 3500 ;

297 3347 384 3400 καὶ
493 3345 688 3406 πάντες
791 3342 1070 3418 γλώσσαις
1176 3340 1443 3408 λαλῶσιν,

299 3433 510 3489 ἰδιῶται
587 3434 620 3502 ἧ
700 3433 943 3499 ἄπιστοι,
1021 3431 1120 3486 οὐκ
1193 3430 1402 3507 ἐροῦσιν
1481 3430 1564 3486 ὅτι

296 3524 422 3580 Ἐάν
497 3522 555 3579 δὲ
629 3523 824 3581 πάντες
928 3520 1370 3596 προφητεύωσιν,
1447 3519 1662 3594 εἰσέλθῃ
1741 3517 1798 3574 δέ
1869 3539 1952 3580 τις

298 3611 523 3674 ἄπιστος
599 3613 633 3680 ἢ
715 3608 963 3680 ἰδιώτης,
1041 3608 1329 3686 ἐλέγχεται
1407 3609 1509 3664 ὑπὸ
1567 3608 1804 3677 πάντων,
1861 3607 1950 3663 καὶ

299 3703 474 3764 οὕτως
549 3703 614 3756 τὰ
689 3700 900 3775 κρυπτά
974 3706 1072 3768 τῆς
1148 3695 1371 3774 καρδίας
1455 3699 1645 3766 αὐτοῦ,
1751 3697 1950 3776 φανερὰ

295 3790 524 3868 γίνεται,
591 3791 679 3845 καὶ
759 3788 930 3850 οὕτως
1000 3788 1178 3843 πεσὼν
1245 3787 1332 3843 ἐπὶ
1411 3787 1702 3862 πρόσωπον
1780 3807 1948 3862 προσ-

293 3883 623 3952 κυνήσειτῷ
675 3883 814 3950 Θεῷ,
873 3875 1235 3952 ἀπαγγέλλων
1297 3875 1381 3932 ὅτι
1442 3879 1470 3932 ὁ
1531 3877 1660 3938 Θεὸς
1694 3872 1864 3939 ὅντως
1897 3875 1948 3932 ἂν

298 3971 423 4043 ὑμῖν
459 3969 618 4025 ἐστιν.

368 4087 574 4164 Ἠρέμα
606 4086 773 4158 δεῖξαι
833 4085 979 4142 Οὲλει
1037 4087 1121 4141 ὅτι
1177 4087 1267 4140 καὶ
1330 4087 1556 4164 ἀφορμή
1596 4080 1810 4160 βλάϐης
1838 4085 1950 4140 ἆστὶ

296 4180 358 4233 τὸ
385 4177 572 4233 λαλεῖν
599 4176 894 4250 γλώσσαις.
930 4176 1064 4231 Εἶτα
1119 4173 1209 4229 ’ίνα
1275 4175 1350 4248 μή
1383 4172 1512 4251 δόξῃ
1544 4178 1640 4230 τοῦ
1673 4174 1949 4250 χαρίσμα-

299 4290 390 4332 τος
419 4273 770 4343 κατηγορεῖν,
816 4266 1024 4340 ἒπάγει·
1059 4264 1184 4319 Ἐὰν
1234 4263 1514 4334 είσὲλθητε
1543 4265 1737 4325 πάντες
1767 4264 1952 4339 γλώσ-

303 4381 417 4420 σαις
448 4357 768 4425 λαλοῦντες,
809 4355 1092 4410 είσελθωσι
1148 4351 1206 4408 δὲ
1249 4353 1338 4408 καὶ
1390 4351 1602 4408 ἰδιῶται
1634 4354 1667 4422 ἢ
1710 4351 1950 4419 ἄπιστοι,

301 4450 377 4510 ὡς
433 4449 564 4502 εἷναί
629 4453 731 4515 τῆς
801 4445 1018 4500 ἐκείνων
1083 4441 1361 4504 ἱδιωτείας
1417 4443 1506 4496 καί
1575 4441 1822 4503 ἀπιστίας
1888 4439 1951 4496 τὸ

300 4535 578 4612 ἔγκλημα,
613 4535 675 4590 οὐ
714 4542 815 4603 τῆς
874 4535 1127 4612 χάριτος,
1186 4531 1340 4605 ὅμως
1398 4531 1624 4610 ἀφορμή
1657 4531 1746 4585 καὶ
1779 4531 1950 4591 οὕτως

301 4621 518 4702 βλάϐης
552 4625 691 4680 ἐστὶν
739 4621 985 4684 ἰδιώταις
1031 4621 1121 4677 καὶ
1180 4621 1452 4690 ἀπίστοις,
1484 4620 1614 4693 ὅπερ
1647 4621 1758 4698 οὑχ
1789 4620 1954 4692 εὑρή-
1989 4652 2032 4716 D

301 4737 411 4777 σεις
443 4715 530 4770 ἐπὶ
582 4722 682 4783 τῆς
742 4713 1104 4790 προφητείας,
1161 4735 1188 4762 ‹‹
1231 4710 1346 4768 Οὗκ
1401 4709 1612 4786 ἐροῦσιν
1651 4709 1732 4764 ὅτι
1771 4709 1951 4782 μαίνε-

300 4821 431 4874 una;
468 4833 492 4857 ››
539 4803 762 4874 Ἐπειδὴ
823 4805 961 4877 μὲγα
1012 4801 1272 4878 ἐφρόνουν
1321 4799 1599 4879 γλώσσαις
1633 4798 1951 4869 λαλοῦντες,

302 4895 564 4952 δείκνυσιν
625 4893 819 4954 αὐτοὺς
879 4889 954 4953 είς
1014 4891 1182 4959 αὑτὴν
1241 4892 1338 4958 τήν
1404 4891 1681 4963 ὑπόληψιν
1731 4887 1791 4943 ἐκ
1841 4893 1949 4943 τῶν

303 4984 570 5060 γλωσσῶν
608 4980 1047 5057 βλαπτομένους.
1099 4977 1432 5054 Ὑποληψεις
1476 4981 1597 5054 γὰρ,
1631 4977 1785 5057 φησὶ,
1821 4997 1948 5049 μαιε

301 5077 546 5147 νομένων
604 5067 931 5143 λαμϐάνετε,
964 5068 994 5124 ὅ
1025 5068 1137 5124 ἐστι
1194 5076 1292 5138 τῆς
1345 5065 1586 5137 σπουδῆς
1615 5068 1768 5139 ὑμῶν
1795 5067 1950 5121 ἔναν-

298 5170 412 5220 τίον
445 5164 665 5231 καὶτῆς
705 5161 1001 5228 ποιήσεως.
1065 5157 1192 5216 Ἐπί
1253 5155 1310 5212 δὲ
1362 5164 1465 5226 τῆς
1522 5154 1857 5235 προφητείας
1889 5155 1950 5209 τὸ

300 5253 531 5310 ἐναντίον
562 5251 715 5328 φησί.
769 5249 869 5304 Καὶ
927 5247 1028 5321 γάρ
1085 5247 1176 5303 καὶ
1231 5252 1360 5308 τοὺς
1419 5245 1814 5320 ἀναισχύντους
1841 5249 1951 5298 τῶν

298 5342 560 5412 ἀπίστων,
621 5337 902 5415 ἐφέλκεται
975 5341 1056 5407 τῷ
1130 5332 1374 5412 ἐλέγχειν
1431 5334 1625 5394 αὐτοὺς
1683 5335 1771 5388 καὶ
1829 5333 1954 5387 ἀνα-

298 5433 517 5507 κρίνειν,
576 5428 664 5483 καὶ
727 5425 795 5481 τά
848 5426 1063 5498 κρυπτά
1118 5432 1218 5495 τῆς
1275 5422 1500 5499 καρδίας
1558 5423 1735 5478 αὐτῶν
1795 5441 1956 5499 φανε-

305 5527 451 5599 ροῦν.
489 5545 516 5571 ‹‹
552 5519 653 5574 Καὶ
687 5516 859 5576 οὕτως
889 5515 955 5570 τά
986 5517 1216 5588 κρυπτά.
1253 5539 1280 5565 ››
1326 5515 1636 5580 Τουτέστιν,
1663 5513 1695 5566 ’ἀ
1735 5511 1821 5565 ἐπὶ
1853 5515 1956 5583 ψυ-

304 5614 413 5688 χὴν
475 5609 615 5684 ἔχει,
671 5605 760 5660 καὶ
819 5605 937 5659 κατ’
992 5604 1124 5658 αὖτᾶ
1183 5603 1538 5678 ἐναχϐήσεται
1573 5600 1622 5656 ἐν
1653 5600 1817 5673 μὲσῳ,
1866 5601 1955 5654 καὶ

310 5698 768 5780 φανερωθήσεται,
828 5694 915 5748 καί
1006 5691 1170 5753 εῧτως
1258 5689 1345 5746 διὰ
1430 5696 1526 5746 τοῦ
1583 5688 1954 5763 ἀνακρίνεσθαι

2063 3369 2091 3397 ‹‹
2129 3347 2475 3408 Ecclesia.et
2492 3365 2700 3404 omnes
2715 3348 2934 3420 linguis
2950 3346 3709 3418 loquantur,ingrediantur

2066 3458 2093 3487 α
2126 3443 2324 3492 autem
2343 3437 2539 3493 idiota
2560 3443 2660 3494 aut
2675 3436 3200 3499 increduli,nonne
3216 3435 3416 3490 dicent
3435 3452 3538 3490 vos
3552 3436 3709 3491 insa-

2063 3547 2090 3574 «
2125 3526 2285 3582 nire?
2297 3526 2458 3592 Quod
2474 3527 2524 3585 si
2536 3543 2744 3584 omnes
2758 3527 3133 3603 prophetent:
3147 3525 3515 3598 ingrediatur
3526 3528 3718 3581 autem

2063 3638 2089 3694 τ
2109 3616 2470 3694 incredulus
2497 3623 2597 3672 aut
2618 3617 2822 3682 idiota,
2859 3617 3199 3691 coarguitur
3223 3614 3295 3670 ab
3318 3613 3621 3681 omnibus,
3653 3617 3713 3668 et

2066 3728 2088 3756 α
2128 3707 2213 3760 sic
2247 3705 2480 3780 occulta
2511 3705 2707 3777 cordis
2739 3706 2869 3778 ejus
2887 3705 3202 3782 manifesta
3226 3704 3394 3784 (lunt,
3419 3708 3596 3776 atque
3627 3703 3712 3756 ita

2063 3818 2089 3842 ‹‹
2111 3794 2442 3865 .procidens
2464 3795 2524 3850 in
2548 3795 2760 3854 faciem
2787 3811 2954 3852 suam
2977 3791 3247 3849 adorabit
3276 3791 3711 3864 Deum’,renun-

2067 3886 2470 3958 «.tiansquod
2502 3887 2890 3960 reveraDeus
2917 3885 2981 3958 in
3011 3883 3173 3956 vobis
3199 3882 3302 3958 sit.
3326 3903 3372 3952 .”.
3408 3947 3412 3953 .

2135 4079 2363 4138 Sensim
2397 4077 2522 4132 vult
2549 4071 3052 4144 ostendere-quod
3091 4071 3310 4136 damni
3343 4070 3574 4129 occasio
3633 4071 3711 4132 sit

2062 4166 2228 4236 loqui
2261 4165 2501 4237 linguis.
2533 4162 2758 4222 Deinde
2790 4178 2866 4220 ne
2896 4161 3123 4225 donum
3150 4159 3598 4232 reprehendere,
3620 4159 3708 4212 vi-

2061 4253 2632 4325 deatur,.subjungit
2661 4268 2674 4307 :
2707 4252 2766 4306 Si
2803 4251 3169 4311 conveniatis
3227 4265 3432 4314 omnes
3490 4248 3708 4319 linguis

2062 4344 2426 4415 loquentes:
2481 4342 2896 4414 ingrediantur
2925 4347 3123 4402 autem
3164 4338 3361 4396 idiota
3409 4355 3477 4394 ac
3498 4337 3706 4399 inore.

2062 4432 2186 4490 duli
2218 4450 2236 4486 .:
2281 4448 2652 4502 quanquam
2682 4429 3068 4502 reprehensio
3115 4430 3196 4486 sit
3243 4426 3590 4500 ignorantia
3639 4440 3706 4484 ac

2065 4523 2500 4580 incredulitatis
2530 4523 2772 4581 illorum
2812 4525 2868 4577 et
2906 4538 3046 4580 non.
3081 4519 3538 4592 gratia,.tamen
3597 4515 3707 4571 hoc

2063 4615 2240 4670 etiam
2268 4613 2448 4669 modo
2469 4613 2700 4669 occasio
2723 4611 2926 4669 damni
2952 4616 3042 4668 est
3063 4609 3264 4666 idiotis
3286 4613 3344 4666 et
3361 4605 3707 4669 incredulis,

2067 4703 2224 4774 quod
2258 4703 2316 4758 in
2351 4701 2662 4774 prophetia
2691 4717 2828 4758 .non
2870 4698 3152 4758 invenies.
3188 4720 3215 4746 «
3250 4698 3454 4752 Nonne
3512 4693 3710 4754 dicent

2063 4810 2164 4847 vos
2179 4791 2482 4847 insanire?
2499 4814 2518 4840 ι
2539 4791 2826 4856 Quoniam
2841 4792 3185 4859 arrogantes
3199 4785 3442 4844 eruntin
3461 4799 3530 4844 eo
3549 4782 3708 4853 quod

2063 4883 2282 4955 linguis
2313 4882 2730 4952 loquerentur...
2746 4877 3186 4948 ostenditipsos
3217 4892 3288 4930 ex
3319 4873 3536 4945 linguis
3557 4871 3706 4928 inci-

2061 4973 2200 5028 dere
2233 4972 2294 5027 in
2315 4971 2598 5026 damnum
2624 4966 3167 5038 suspicionis“):
3196 4960 3702 5032 lnciditis,inquit,

2063 5060 2125 5115 in
2147 5060 2546 5130 suspicionem
2566 5057 2814 5112 insania
2835 5072 2848 5110 :
2863 5054 3020 5126 quod
3035 5052 3227 5109 studio
3252 5058 3442 5114 vestro
3457 5056 3512 5106 et
3525 5049 3702 5106 actio-

2064 5151 2127 5204 ni
2158 5149 2522 5204 contrarium
2556 5147 2737 5202 est.ln
2769 5144 3082 5217 prOphetia
3123 5159 3258 5198 vero
3285 5159 3314 5197 e
3350 5141 3579 5196 diverso
3607 5155 3700 5194 ac-

2063 5239 2226 5296 cidit.
2261 5236 2564 5306 Siquidem
2591 5235 2751 5306 ipsos
2809 5248 3042 5305 quoque
3077 5231 3453 5303 impudentes
3511 5229 3700 5289 incre-

2065 5327 2237 5382 dulos
2268 5326 2532 5395 attrahit,
2587 5323 2924 5396 corguendo
2956 5339 3058 5378 eos
3114 5338 3181 5378 ac
3209 5319 3616 5392 dijudicando,
3651 5323 3707 5372 et

2065 5417 2296 5473 occulta
2335 5416 2531 5472 cordis
2589 5417 2856 5487 ipsorum
2917 5411 3374 5469 manifestando.
3427 5432 3455 5460 ‹‹
3507 5411 3575 5464 Et
3623 5409 3707 5462 sic

2067 5510 2354 5564 ορςιιιιιι.»
2390 5510 2508 5562 Hoc
2539 5513 2628 5562 est
2657 5523 2787 5578 qua
2819 5507 2880 5560 in
2912 5506 3112 5561 animo
3143 5503 3606 5572 habet,quaque
3638 5515 3708 5553 ex

2067 5599 2159 5653 his
2194 5596 2928 5669 sequuntur,proferentur
2957 5596 3019 5650 in
3053 5587 3707 5661 mediumvet'propala-

2069 5688 2309 5754 buntur,
2345 5703 2412 5742 ac
2446 5688 2671 5758 ita,pnr
2697 5687 2805 5742 hoc
2839 5685 3111 5740 videlicet
3139 5681 3296 5753 quod
3325 5678 3706 5750 diiudicatur,
