4156 6200
499 375 618 435 855

1594 368 2010 431 (ECUMENH
2056 367 2362 428 ΤΒιῦοΕ
2405 367 2784 431 EPISCOPI.

3847 363 3937 420 856

504 512 733 568 occulta
765 509 948 580 ipsius
981 505 1459 572 manifestantur,
1494 509 1551 559 et
1582 503 1899 576 procidens
1941 501 2149 558 adorat

2276 497 2558 572 δηλονότι,
2589 501 2655 557 τὰ
2710 504 2922 579 κρυπτᾶ
2962 503 3126 558 αὐτοῦ
3199 503 3631 578 φανεροῦνται.
3671 495 3772 550 Καὶ
3802 496 3942 548 πεσὼν

506 603 708 655 Deum.
753 621 779 647 «ι
816 596 1136 652 Procidens
1169 595 1232 650 in
1296 593 1532 650 faciem.
1581 618 1603 646 ι
1669 595 1780 649 Res
1810 595 1971 650 enim
2030 612 2162 666 quaa

503 687 844 754 accidit,eos
867 685 1046 740 etiam
1073 685 1174 755 qui
1200 685 1591 740 vehementer
1626 682 2004 754 impudentes
2027 691 2166 740 sunt

501 775 856 847 pudefaciet.

572 959 920 1026 XlV,26-28.
940 981 966 1007 ‹‹
997 955 1147 1022 Quid
1170 956 1348 1028 igitur
1369 960 1478 1022 est,
1509 955 1766 1010 fratres?
1783 956 1927 1011 Cum
1953 971 2163 1011 conve-

504 1069 531 1095 «
565 1047 1055 1117 neritis,quisque
1069 1051 1330 1100 vestrum
1343 1044 1625 1115 psalmum
1639 1044 2162 1111 habet,doctrinam

505 1159 532 1185 ‹‹
566 1135 1038 1208 habet,linguam
1070 1135 1269 1200 habet,
1299 1133 1723 1189 revelationem
1757 1133 1954 1200 habet,
1977 1135 2158 1188 inter-

508 1250 528 1274 c
570 1227 964 1297 pretationem
978 1224 1184 1280 habet:
1203 1225 1404 1279 omnia
1426 1223 1500 1278 ad
1517 1222 1974 1279 aedificationem
1992 1223 2157 1278 ﬁant-

503 1338 529 1363 ‹‹
570 1316 697 1370 Sive
729 1315 933 1387 lingua
964 1315 1100 1386 quis
1131 1314 1419 1384 loquitur,
1453 1314 1558 1367 fiat
1588 1328 1694 1383 per
1723 1311 1918 1380 binos,
1951 1319 2053 1367 aut
2083 1312 2157 1366 ad

506 1427 529 1453 ει
562 1421 861 1459 summum
885 1403 1297 1473 ternos,idque
1315 1402 1663 1469 vicissim,et
1685 1419 1840 1456 unus
1864 1403 2159 1473 interpre-

501 1515 528 1541 «
565 1499 722 1548 tetur
756 1509 768 1545 :
803 1492 959 1563 quid
993 1493 1039 1546 si
1090 1508 1211 1546 non
1253 1492 1328 1544 sit
1360 1491 1674 1562 interpres,
1720 1496 1912 1546 taceat
1936 1491 1996 1545 in
2040 1492 2153 1545 Ec-

507 1604 528 1631 σι
561 1585 742 1640 clesia
774 1603 786 1640 :
821 1591 1100 1639 caeterum
1131 1583 1244 1638 sibi
1278 1583 1390 1654 ipsi
1422 1583 1702 1654 loquatur
1732 1589 1790 1638 et
1821 1585 1958 1638 Deo.
1996 1605 2024 1631 »

574 1673 722 1739 Quid
757 1674 957 1746 igitur,
989 1672 1206 1743 inquit.
1240 1671 1580 1728 faciendum
1617 1678 1708 1727 est
1763 1671 1924 1726 vobis
1946 1672 1973 1726 ‘?
2013 1671 2158 1726 Ecce

506 1765 664 1818 enim
689 1763 938 1818 audistis
965 1763 1265 1818 donorum
1287 1761 1674 1816 differentias.
1692 1763 1761 1815 Et
1785 1776 2158 1831 consequen-

2269 595 2670 664 προσκυνεῖτῷ
2701 596 2840 663 Θεῷ.
2876 618 2902 644 ‹‹
2935 592 3114 646 Πεσὼν
3175 588 3280 644 ἐπὶ
3315 586 3666 662 πρόσωπον.
3703 606 3730 632 ››
3758 583 3824 638 Τὸ
3850 584 3941 655 γὰρ,

2269 682 2580 754 γινόμενον,
2640 680 2729 734 καὶ
2788 679 2916 742 τοὺς
2975 676 3189 759 σφόδρα
3261 675 3698 753 ἀναισχύντους
3735 670 3945 726 καταιδέ-

2269 786 2370 824 σει.

2338 961 2402 1018 Τί
2469 963 2563 1016 οὖν
2626 961 2789 1032 ἐστιν,
2847 959 3120 1029 ἀδελφοί;
3186 961 3336 1016 ὅταν

2268 1071 2394 1113 στος
2464 1052 2619 1123 ὑμῶν
2703 1049 2927 1126 ψαλμὸν
2996 1050 3135 1126 ἔχει,

2266 1249 2334 1282 τα
2412 1229 2549 1303 πρὸς
2636 1225 2937 1300 οἰκοδομὴν
3023 1226 3295 1304 γινέσθω.
3368 1222 3513 1281 Εἴτε

2263 1587 2342 1654 τῷ
2371 1587 2509 1655 Θεῷ.

2336 1671 2402 1729 Τί
2433 1671 2546 1739 οὗν,
2580 1671 2736 1749 φησὶ,
2769 1670 3031 1740 ποιητέον
3089 1671 3260 1743 ὑμῖν;
3331 1665 3493 1726 Ἰδοὺ
3555 1667 3665 1741 γὰρ
3707 1664 3940 1733 ἀκηκόατε

2267 1760 2360 1822 τὰς
2417 1765 2527 1814 τῶν
2588 1759 2946 1834 χαρισμάτων
3004 1757 3299 1838 διαφοράς.
3371 1755 3489 1813 Καὶ
3547 1754 3748 1810 λοιπὸν
3797 1751 3937 1826 λέγει,

506 1855 597 1905 ter
631 1852 775 1906 dicit
811 1869 824 1905 :
859 1852 1118 1921 Quisque
1151 1856 1411 1905 vestrum
1445 1851 1563 1904 sive
1596 1850 1893 1932 psalmum
1943 1849 2158 1904 habeat

2276 1851 2527 1911 Ἐκαστος
2563 1849 2713 1922 ὑμῶν
2744 1848 2852 1904 εἳτε
2897 1846 3118 1922 ψαλμὸν
3174 1845 3298 1922 ἔχει
3370 1845 3512 1918 (ἀπὸ
3547 1844 3657 1919 γὰρ
3693 1841 3938 1917 χαρίσμα-

508 1945 665 2011 (nam
702 1960 769 1997 ex
802 1942 954 1997 dono
985 1941 1242 2012 quodam
1273 1941 1452 1996 etiam
1485 1941 1747 2011 psalmos
1779 1957 1883 1995 seu
1923 1939 2153 1994 cantica

499 2031 915 2096 conficiebant,
951 2031 1072 2085 sive
1105 2031 1434 2085 doctrinam
1468 2030 1706 2096 habeat,
1741 2029 1852 2085 hoc
1880 2034 1991 2096 est,
2029 2029 2150 2083 sive

501 2121 688 2192 possit
721 2120 932 2175 docere
965 2125 1024 2174 et
1070 2119 1387 2174 utilitatem
1421 2119 1632 2174 afferre
1668 2136 1679 2172 :
1720 2120 1840 2173 sive
1895 2118 2149 2190 prophe-

507 2213 650 2266 tiam
675 2213 831 2278 (nam
864 2211 975 2264 hoc
1008 2210 1302 2281 signiﬁcat
1326 2207 1696 2280 ἀποκάλυψις,
1733 2209 1790 2263 id
1847 2215 1954 2274 est,
1988 2224 2148 2262 reve-

506 2299 664 2367 latio)
700 2299 819 2351 sive
850 2297 1114 2370 linguam
1145 2296 1361 2350 habeat
1381 2295 1551 2364 (bene
1583 2301 1782 2351 autem
1817 2297 2155 2370 linguarum

499 2404 736 2458 quoque
770 2387 1213 2442 meminit.Nam
1243 2385 1384 2456 quia
1415 2385 1476 2439 in
1509 2385 1992 2455 praecedentibus
2018 2389 2155 2444 illas

501 2477 886 2530 vehementer
906 2474 1387 2545 depressit,nunc
1419 2474 1596 2527 etiam
1618 2489 1823 2528 earum
1844 2477 2149 2530 meminit:

505 2564 788 2636 quoniam
821 2565 979 2618 visus
1007 2567 1097 2618 est
1127 2561 1350 2617 sentire
1381 2577 1575 2632 neque
1609 2561 1748 2616 doni
1781 2580 1967 2632 genus
2026 2581 2156 2620 esse

512 2655 759 2726 gratiam
793 2653 1153 2724 linguarum)
1186 2651 1304 2706 sive
1335 2651 1887 2722 interpretationem
1920 2653 2154 2720 habeat,

511 2749 568 2799 et
591 2743 778 2815 possit
798 2742 1029 2815 linguas
1044 2739 1422 2811 interpretari
1441 2756 1454 2794 :
1471 2740 1743 2795 eumdem
1763 2741 1942 2795 tinem
1957 2743 2160 2798 omnia

506 2833 850 2903 respiciant,
879 2846 1094 2901 nempe
1125 2834 1190 2884 ut
1220 2828 1476 2884 aadiﬁcet
1505 2828 1848 2898 Ecclesiam,
1872 2835 2157 2901 tanquam

504 2922 728 2977 diceret
761 2938 773 2975 :
805 2923 1184 2990 Quaecunque
1217 2918 1336 2973 dixi
1371 2917 1698 2989 dona,puta
1728 2919 2016 2990 psalmus.
2054 2921 2156 2974 do-

507 3009 1012 3076 ctrina,revelatio
1045 3007 1163 3062 sive
1196 3007 1529 3078 prophetia,
1561 3006 2156 3078 lingua,interpreta-

515 3101 620 3164 tio,
670 3097 743 3152 ad
794 3097 1111 3152 utilitatem
1145 3096 1265 3150 sint
1324 3095 1524 3166 populi
1559 3099 1618 3149 et
1675 3093 2155 3152 aediﬁcationem.

513 3212 541 3238 «
577 3188 702 3243 Fiat
733 3203 838 3257 per
895 3187 1068 3240 binos
1099 3191 1201 3240 aut
1231 3184 1306 3240 ad
1364 3201 1664 3240 summum
1696 3189 1917 3240 ternos.
1946 3208 1974 3234 »
2033 3188 2155 3240 Non

514 3275 686 3331 multi
721 3274 1051 3344 loquamini
1083 3273 1285 3344 lingua
1311 3289 1504 3342 neque
1536 3273 1801 3338 confuse,
1838 3291 1910 3328 ne
1944 3274 2156 3330 seditio

512 3366 652 3418 ﬂat:
686 3363 788 3417 sed
821 3361 1067 3428 duo,aut
1087 3368 1152 3415 ut
1182 3361 1508 3432 plurimum
1544 3368 1679 3416 tres.
1717 3362 1898 3433 quue
1933 3360 2028 3416 ἆνᾶ
2060 3365 2156 3435 μέ-

513 3469 629 3519 ρος,
664 3449 721 3503 id
755 3455 863 3515 est,
896 3466 1001 3520 per
1029 3454 1227 3519 partes
1260 3449 1375 3502 sive
1409 3449 1689 3513 vicissim,
1721 3451 1832 3505 hoc
1866 3458 1954 3506 est
2002 3469 2159 3508 unus

516 3543 649 3609 post
678 3537 862 3592 alium
887 3538 1248 3608 loquatur,et
1271 3537 1425 3592 alius
1457 3538 1937 3609 interpretetur.«
1972 3542 2158 3596 Caete-

513 3643 646 3682 rum
673 3626 786 3681 sibi
817 3627 929 3698 ipsi
961 3627 1240 3697 loquatur
1270 3631 1328 3681 et
1360 3627 1496 3682 Deo.
1532 3649 1559 3677 »
1595 3629 1759 3693 Quod
1791 3629 1874 3684 ait
1909 3646 1921 3683 :
1958 3653 1983 3679 ‹‹
2039 3631 2161 3685 Sibi

519 3716 634 3787 ipsi
676 3715 976 3786 loquatur,
1040 3737 1068 3763 ››
1102 3731 1294 3786 neque
1358 3717 1753 3787 permittentis
1804 3724 1914 3786 est,
1970 3735 2164 3790 neque

518 3805 909 3879 prohibentis,
937 3805 1093 3861 56.1
1132 3822 1198 3859 ac
1231 3805 1277 3860 si
1313 3805 1536 3861 diceret
1568 3824 1580 3862 :
1625 3807 1681 3862 Si
1715 3823 1832 3862 non
1866 3807 2043 3863 habet
2073 3809 2165 3863 in-

521 3896 1261 3966 terpretationem,taceat;
1288 3896 1448 3966 quod
1475 3897 1521 3951 si
1543 3914 1661 3952 non
1682 3897 1836 3968 potis
1860 3903 1948 3952 est
1972 3903 2164 3951 tacere

2189 3234 2232 3300 C

2262 1957 2356 2000 τος
2385 1939 2475 1992 καὶ
2507 1936 2766 2011 ψαλμοὺς
2795 1937 3061 2010 ἐποίουν),
3095 1937 3202 1992 ε’ἶτε
3263 1933 3529 2010 διδαχὴν
3564 1929 3710 2009 ἔχει’
3743 1933 3871 1991 οἷον.
3903 1929 3935 1982 εἶ

2265 2022 2484 2080 δύναται
2545 2023 2756 2096 διδάξαι
2814 2026 2904 2080 καὶ
2973 2025 3288 2094 ὠφελῆσαι,
3389 2020 3511 2078 εἴτε
3604 2016 3935 2095 προφητείαν.

2265 2099 2458 2171 (Τοῦτο
2533 2115 2636 2190 γὰρ
2713 2117 2748 2185 ἡ
2827 2111 3218 2188 ἀποκάλυψις),
3305 2111 3433 2168 ε’ίτε
3512 2109 3772 2187 γλῶσσαν
3843 2105 3932 2182 ἔχει

2263 2202 2474 2278 (καλῶς
2507 2201 2566 2258 δὲ
2595 2205 2682 2259 καὶ
2742 2209 2848 2259 τῶν
2907 2203 3170 2279 γλωσσῶν
3233 2203 3530 2275 ἐμνήσθη.
3593 2194 3817 2264 Ἐπειδὴ
3855 2196 3935 2268 γὰρ

2264 2293 2428 2356 αύτᾶις
2489 2293 2541 2349 ὲν
2596 2301 2713 2356 τοῖς
2775 2289 3123 2368 προλαϐοῦσι
3183 2290 3412 2368 σφόδρα
3474 2287 3724 2356 καθεῖλε,
3755 2290 3836 2340 νῦν
3865 2283 3928 2338 καῖ

2263 2385 2442 2440 αὐτῶν
2472 2384 2742 2458 ἐμνήσθη,
2778 2383 2893 2439 ἐπεὶ
2925 2379 3101 2453 ἔδοξεν
3151 2383 3212 2438 ἃν
3273 2379 3432 2457 μηδὲ
3487 2376 3644 2441 εἶδος
3692 2379 3824 2432 εἶναι
3851 2394 3931 2448 χα-

2269 2474 2531 2549 ρίσματος
2561 2473 2626 2528 τὸ
2657 2479 2764 2528 τῶν
2809 2471 3119 2548 γλωσσῶν),
3180 2469 3290 2527 εἶτε
3354 2469 3665 2545 ἑρμηνείαν
3696 2465 3825 2540 ἔχει,
3853 2462 3926 2515 καῖ

2265 2560 2482 2618 δύναται
2513 2564 2608 2624 τὰς
2639 2561 2894 2638 γλώσσας
2928 2560 3276 2636 ἑρμηνεύειν,
3311 2566 3461 2634 πρὸς
3513 2556 3569 2613 ἓν
3625 2554 3784 2616 τέλος
3818 2554 3924 2606 πάν-

2264 2673 2332 2707 τα
2367 2650 2569 2725 ὁράτω,
2627 2652 2691 2706 τὸ
2743 2649 3061 2723 οἰκοδομεῖν
3123 2653 3223 2720 τήν
3285 2647 3656 2718 Ἐκκλησίαν.
3692 2646 3773 2704 Ὠς
3813 2641 3861 2694 ἂν
3888 2639 3920 2692 εἶ

2265 2736 2440 2816 ἔλεγε’
2478 2742 2655 2794 Πάντα
2698 2741 2796 2794 ὅσα
2827 2741 2888 2794 ’ἀν
2925 2739 3096 2794 εἶπον
3126 2739 3485 2817 χαρίσματα,
3521 2733 3766 2808 ψαλμὸν,
3797 2725 3922 2784 διδα-

2266 2829 2398 2904 χὴν,
2453 2824 2626 2901 ἤγουν
2688 2828 3056 2901 ἀποκάλυψιν,
3123 2815 3416 2902 γλῶσσαν,
3489 2822 3797 2899 ἑρμηνείαν,
3859 2815 3919 2874 εἷς

2266 2917 2533 2996 ὠφέλειαν
2568 2914 2802 2974 ἔστωσαν
2835 2923 2932 2971 τοῦ
2989 2917 3149 2985 λαοῦ,
3201 2917 3296 2971 καὶ
3363 2913 3700 2986 οἰκοδομήν.
3734 2936 3758 2961 ‹‹
3801 2906 3922 2964 Κατά

2269 3005 2390 3075 δύο,
2424 3005 2460 3076 ἤ
2487 3005 2548 3060 τὸ
2579 3003 2840 3062 πλεῖστον
2871 3012 3040 3081 τρεῖς.
3077 3031 3105 3057 ››
3141 3007 3235 3074 Μή
3263 3003 3489 3061 πολλοὶ
3524 3000 3744 3058 λαλεῖτε
3770 2996 3922 3072 γλώσο

2269 3119 2334 3170 σῃ
2378 3093 2520 3169 μηδὲ
2580 3095 3028 3174 συγκεχυμένως,
3083 3093 3175 3149 ’ἱνα
3239 3096 3315 3168 μὴ
3389 3088 3752 3149 ἀκαταστασία
3781 3086 3919 3161 γίνη-

2266 3206 2378 3253 ται,
2410 3182 2558 3240 ἀλλὰ
2619 3182 2714 3239 δύο
2852 3190 2997 3259 τρεῖς
3055 3185 3117 3239 τὸ
3177 3183 3473 3249 πλεῖστον,
3509 3181 3599 3236 καὶ
3638 3179 3725 3233 ἀνα
3759 3173 3912 3247 μέρος,

2265 3275 2538 3329 τουτέστιν
2590 3276 2670 3335 εἷς
2731 3273 2821 3351 ἀφ’
2878 3274 2996 3335 ἑνὸς
3057 3271 3320 3339 λαλείτω,
3391 3272 3480 3326 καὶ
3547 3261 3912 3342 διερμηνευέτω

2265 3361 2470 3438 ἕτερος.
2541 3350 2811 3434 «Ἑαυτῷ
2870 3359 2926 3417 δὲ
2978 3363 3216 3418 λαλείτω
3279 3363 3378 3416 καὶ
3441 3365 3524 3432 τῷ
3581 3361 3714 3428 Θεῷ.
3751 3379 3774 3402 »³
3834 3350 3907 3438 τὸν

2272 3478 2298 3505 ‹‹
2329 3457 2534 3523 Ἑαυτῷ
2570 3450 2870 3515 λαλείτω,››
2903 3452 3007 3506 οὐκ
3038 3449 3176 3506 ἔστιν
3211 3450 3634 3524 ἐπιτρέποντος,
3664 3441 3778 3499 ἀλλ’
3804 3435 3905 3493 οὐδὲ

2270 3541 2604 3603 κωλύοντος.
2643 3542 2783 3596 Ὡσεὶ
2815 3535 3027 3616 ἔλεγεν·
3081 3540 3146 3598 Εἰ
3204 3542 3280 3614 μὴ
3331 3539 3461 3616 ἔχει
3509 3536 3807 3613 ἒρμηνεῐαν,
3839 3527 3901 3580 σέο

2272 3632 2442 3706 γάτω.
2496 3629 2558 3687 Ei
2618 3627 2676 3685 δὲ
2735 3631 2810 3703 μή
2872 3635 3123 3703 καρτερεῖ
3178 3634 3328 3703 σιγᾷν
3398 3633 3586 3700 (τοῦτο
3618 3621 3673 3678 δέ
3702 3636 3898 3706 κατηγοῖ

2276 3720 2393 3794 ρίας
2423 3719 2610 3792 ἐστὶν),
2669 3721 2844 3790 ἑαυτῷ
2900 3717 3164 3788 λαλείτω,
3223 3721 3533 3786 τουτέστιν,
3585 3702 3901 3786 ἀψοφητὶκαῖ

2273 3807 2584 3881 ἠρέμα,ὡς
2613 3810 2742 3863 Θεὸν
2806 3808 2967 3881 μόνον
3023 3807 3260 3875 ἀκούειν,
3321 3809 3391 3864 οὐ
3457 3809 3566 3881 μην
3601 3798 3896 3874 ἀνθρώπους·

2283 3898 2422 3970 Ὀρα
2453 3901 2569 3957 πῶς
2600 3895 2650 3950 ἐν
2683 3901 2764 3969 τῷ
2797 3895 2972 3951 δοκεῖν
3007 3895 3334 3969 ἐπιτρέπειν,
3369 3893 3689 3969 ἀποτρέπει.

520 3986 656 4054 (hoc
685 3990 882 4039 autem
914 3985 1036 4038 vitii
1071 3985 1179 4056 est)
1212 3985 1322 4040 sibi
1357 3985 1468 4056 ipsi
1495 3985 1795 4056 loquatur,
1829 3985 1943 4038 hoc
1974 3991 2081 4050 est,
2117 3984 2274 4054 apud
2321 4003 2383 4040 se
2415 3985 2630 4039 leniter
2660 3992 2718 4040 et
2751 3987 2879 4040 sine
2939 3986 3211 4057 strepitu,
3246 3992 3310 4040 ut
3339 3986 3508 4041 solus
3543 3985 3686 4038 Deus
3735 3970 3898 4030 audii!t

525 4077 586 4128 et
618 4089 738 4126 non
769 4073 1066 4128 homines.
1101 4073 1424 4129 Considera
1454 4089 1588 4127 vero
1622 4071 1920 4142 quomodo
1953 4071 2091 4124 dum
2121 4073 2464 4143 permittere
2496 4073 2747 4138 videtur,
2781 4075 3114 4146 prohibeat.

597 4159 980 4229 XIV,29-33.«
1017 4163 1327 4233 Prophetaa
1357 4177 1492 4215 vero
1517 4161 1632 4214 duo
1665 4164 1767 4212 aut
1787 4164 1905 4212 tres
1933 4158 2178 4229 loquan-

524 4274 552 4301 «
589 4255 768 4318 tur,et
798 4251 993 4306 caeteri
1027 4247 1552 4321 dijudicent.Quod
1584 4247 1631 4301 si
1654 4247 1825 4301 alteri
1850 4246 2172 4304 revelatum

527 4365 552 4390 ιι
586 4340 766 4396 fuerit
797 4339 1274 4407 assidenti.prior
1298 4336 1764 4391 taceat.Potestis
1789 4337 1945 4392 enim
1972 4338 2170 4410 singu-

538 4451 557 4480 .‹
587 4429 752 4483 latim
787 4443 994 4483 omnes
1044 4425 1432 4494 prophetare:
1480 4429 1546 4477 ut
1574 4441 1782 4481 omnes
1833 4425 2083 4494 discant,
2119 4433 2177 4482 et

528 4542 552 4566 υ
592 4535 798 4572 omnes
825 4513 1295 4570 consolationem
1327 4513 1622 4585 accipiant
1650 4531 1662 4567 :
1697 4521 1755 4570 et
1776 4515 2020 4587 spiritus
2051 4534 2165 4587 pro-

2287 4513 2375 4569 καὶ
2453 4514 2648 4577 πάντες
2720 4511 3165 4588 παρακαλῶνται.
3246 4514 3344 4569 Καὶ
3431 4511 3705 4584 πνεύματα

2412 4607 2435 4614 _
2721 4605 2732 4614 .
2971 4604 2984 4614 .
3121 4605 3133 4614 .
3427 4603 3489 4614 -.
3640 4597 3651 4614 ς

529 4626 556 4654 ‹‹
590 4607 906 4675 phetarum
941 4599 1248 4672 prophetis
1282 4600 1836 4673 subjiciuntur.Non
1870 4606 2031 4660 enim
2066 4612 2184 4660 tur-

532 4713 559 4744 ιι
589 4692 847 4748 bationis
879 4695 1085 4745 auctor
1111 4694 1200 4743 est
1234 4691 1408 4757 Deus,
1443 4691 1546 4747 sed
1579 4692 1762 4761 pacis,
1797 4698 1861 4746 ut
1895 4693 1955 4746 in
1987 4695 2179 4747 omni-

531 4804 555 4832 α
592 4782 703 4835 bus
735 4779 1014 4835 Ecclesiis
1041 4785 1403 4836 sanctorum.
1443 4804 1469 4829 ››

605 4871 784 4922 Erant
814 4869 969 4924 inter
999 4871 1315 4942 prophetas
1347 4871 1527 4925 etiam
1562 4875 1720 4925 vates
1748 4887 1852 4926 seu
1875 4870 2057 4925 divini
2082 4871 2182 4942 qui

534 4957 818 5026 latebant,
852 4959 985 5015 ideo
1017 4961 1142 5014 ait:
1184 4984 1210 5009 α
1248 4962 1369 5015 Puo
1423 4967 1526 5016 aut
1576 4965 1694 5015 tres
1750 4960 2094 5031 loquantur,
2127 4966 2186 5015 et

539 5049 737 5104 centeri
771 5049 1119 5121 dijudicent.
1156 5073 1182 5098 »
1212 5050 1331 5105 Hoc
1361 5055 1471 5117 est,
1519 5049 1888 5122 dijudicent;
1930 5065 2004 5104 ne
2039 5066 2181 5120 quo-

542 5136 715 5192 modo
748 5145 904 5194 vates
941 5138 1236 5210 quispiam
1269 5156 1398 5194 esse
1442 5139 1732 5211 propheta
1790 5138 2182 5193 existimetur.

541 5222 675 5280 Ideo
710 5241 846 5296 ergo
879 5223 996 5278 duo
1027 5229 1129 5278 aut
1185 5231 1408 5289 tres,ne
1440 5230 1684 5296 propter
1741 5224 2186 5280 multitudinem

539 5313 765 5367 lateant
790 5312 923 5366 falsi
954 5318 1133 5366 vates.
1168 5335 1195 5361 «
1228 5312 1393 5377 Quod
1425 5313 1473 5367 si
1505 5313 1676 5368 alteri
1710 5311 2034 5369 revelatum
2061 5311 2189 5366 fue-

544 5401 620 5456 rit
648 5401 955 5456 assidenti.
993 5423 1020 5449 ››
1052 5401 1109 5455 Si
1142 5407 1217 5467 te,
1253 5402 1470 5472 inquit,
1505 5402 1902 5473 prophetaute
1934 5400 2189 5456 alterum

544 5493 790 5548 moverit
845 5491 1096 5562 Spiritus
1155 5498 1414 5558 sanctus,
1476 5498 1540 5547 tu
1615 5499 1765 5556 tace,
1827 5508 1902 5546 ne
1961 5490 2191 5546 duobus

550 5582 729 5639 simul
761 5581 1258 5654 prophetantibus
1291 5580 1389 5634 ﬁat
1420 5581 1710 5649 confusio,
1745 5597 1882 5635 nam
1915 5579 1989 5634 ob
2023 5579 2194 5646 id,in-

547 5673 695 5743 quit,
731 5679 785 5728 te
817 5671 1207 5743 prophetante
1240 5669 1408 5724 alteri
1465 5669 1819 5740 inspiratum
1882 5673 1990 5737 est,
2035 5668 2192 5739 quod

2362 4167 2644 4237 Προφῆται
2725 4143 2797 4216 δὲ-
2861 4159 2957 4217 δύο
3012 4161 3047 4231 ἢ
3106 4167 3251 4236 τρεῖς
3331 4159 3690 4222 λαλείτωσαν,
3739 4143 3893 4237 pip-1

2289 4245 2451 4302 ἄλλοι
2515 4243 2957 4321 διακρινέτωσαν.
3018 4249 3141 4304 Ἐὰν
3225 4246 3281 4303 δὲ
3357 4247 3522 4320 ἄλλῳ
3577 4232 3895 4321 ἀποκαλυξθῇ

2283 4337 2599 4408 καθημένῳ,
2677 4337 2705 4390 ὁ
2780 4342 3000 4411 πρῶτος
3078 4339 3305 4414 σιγάτω.
3386 4337 3618 4396 Δύνασθε
3665 4329 3755 4405 γὰρ
3801 4329 3878 4378 καθ

2285 4423 2373 4479 ἕνα
2447 4425 2636 4486 πάντες
2713 4426 3105 4503 προφητεύειν,
3177 4425 3266 4480 ἳνα
3343 4427 3539 4485 πάντες
3616 4415 3891 4492 μανθάνωσι,

3784 4511 3890 4566 πεσ-

3785 4587 3892 4641 ἐστιν

2293 4607 2476 4680 φητῶν
2551 4605 2859 4679 προφήταις
2965 4604 3338 4660 ὑποτάσσεται.
3418 4603 3496 4662 Ού
3596 4597 3694 4674 γὰρ

2289 4692 2686 4755 ἀκαταστασίας
2748 4696 2776 4749 ὁ
2845 4695 2996 4764 Θεὸς,
3064 4693 3192 4750 ἀλλ’
3261 4693 3609 4769 εἰρήνης,ὡς
3652 4687 3698 4741 ἐν
3736 4679 3889 4736 miror:

2292 4788 2411 4845 ταῖς
2442 4783 2791 4854 Ἐκκλησίαις
2823 4788 2934 4839 τῶν
2965 4784 3159 4859 ἁγίων.

2363 4873 2534 4926 Ἦσαν
2594 4871 2648 4926 ἐν
2705 4878 2823 4935 τοῖς
2882 4875 3192 4948 προφήταις
3247 4873 3335 4927 καὶ
3399 4875 3592 4945 μάν-τες
3647 4863 3881 4948 λενοΤςνς

2291 4980 2395 5020 ἐἰς’
2459 4960 2550 5017 Διό
2611 4983 2769 5038 Ῠτισίι
2829 4987 2854 5013 “
2891 4962 2995 5016 Δύο
3146 4966 3291 5036 τρεῖς
3351 4960 3693 5022 λαλείτωσαν,
3745 4934 3880 5042 Mi"?-

2293 5045 2460 5102 ἄλλοι
2493 5046 2932 5122 διακρινέτωσαν,
2986 5074 3014 5100 ››
3077 5050 3346 5117 τουτέστι,
3413 5043 3791 5124 διακρινέτωσαν
3821 5049 3876 5123 μη

2297 5137 2403 5192 πού
2469 5159 2551 5200 τις
2615 5139 2806 5209 μάντις
2860 5139 3155 5216 προφήτης
3214 5139 3355 5194 εἶναι
3418 5134 3761 5208 ὑποκρίνηται.
3810 5125 3880 5170 Δία

2295 5231 2457 5281 τοῦτο
2491 5223 2547 5279 δὲ
2579 5224 2675 5281 δύο
2707 5227 2741 5297 ἢ
2773 5233 2944 5301 τρεῖς,
2983 5227 3073 5281 ἳνα
3107 5229 3182 5299 μὴ
3241 5225 3330 5282 διὰ
3361 5229 3422 5283 τὸ
3453 5225 3656 5294 πλῆθος
3689 5213 3876 5301 hiemari

2299 5315 2348 5368 οἱ
2381 5314 2616 5386 μάντεις.
2656 5340 2681 5364 (ί
2711 5299 2833 5371 Ἐὰν
2868 5313 2923 5370 δὲ
2973 5313 3130 5388 ἄλλῳ
3177 5315 3538 5394 ἀποκαλυφθῇ
3567 5299 3875 5394 καοηιξέῖωο]

2302 5403 2360 5457 bi
2393 5405 2509 5471 σοῦ,
2543 5403 2698 5480 φησὶ,
2738 5404 3201 5482 προφητεύοντος,
3249 5404 3420 5460 ἄλλον
3453 5404 3647 5470 ἐκίνησε
3671 5389 3724 5448 τδ
3753 5390 3880 5440 Μεθ’

2447 5491 2460 5506 ‘
2512 5491 2554 5526 ν’.
2776 5491 2786 5504 ·
2895 5491 2905 5510 ’
3025 5493 3046 5509 σε
3233 5496 3246 5510 ε
3327 5500 3350 5509 ~
3458 5492 3510 5512 κ’
3587 5489 3609 5506 "
3706 5487 3874 5527 ~eow'

2304 5512 2377 5564 μα
2408 5512 2470 5546 το
2504 5511 2680 5564 αίιον,
2742 5512 2804 5545 συ
2855 5512 2996 5566 σιγα,
3034 5513 3118 5546 ινα
3178 5516 3254 5565 μη
3286 5514 3393 5549 των
3454 5513 3544 5548 ovo
3580 5504 3678 5559 σιμ]
3709 5515 3748 5548 δι.
3803 5525 3810 5541 ι
3841 5511 3854 5566 ξ

2299 5580 2588 5646 τευόντων,
2651 5580 2910 5658 σύγχυσις
2969 5580 3212 5656 γένηται.
3272 5585 3369 5638 Δια
3424 5586 3575 5638 τοῦτο
3620 5572 3873 5658 γὰρνφῇσίν

2305 5675 2400 5724 σοῦ
2465 5669 2928 5747 προφητεύοντος,
2979 5667 3151 5732 ἄλλος
3219 5668 3553 5741 ἐνεπνεύσθη,
3599 5645 3873 5737 βουλομένω

3437 955 3794 1032 συνέρχησθε
3851 955 3945 1008 Exa-

3238 1046 3512 1125 διδαχὴν
3588 1044 3731 1122 ἔχει,
3799 1043 3948 1116 γλῶσ-

2267 1159 2360 1192 σαν
2419 1137 2560 1214 ἔχει,
2618 1137 2968 1213 ἀποκάλυψιν
3023 1133 3162 1213 ἔχει,
3229 1136 3569 1213 ἑρμηνείαν
3644 1127 3779 1207 ἔχει.
3835 1134 3942 1188 Ηάνο

3605 1219 3828 1298 γλώσσῃ
3880 1241 3942 1280 τις

2266 1313 2429 1372 λαλεῖ
2477 1317 2613 1372 κατὰ
2681 1314 2776 1371 δύο
2835 1317 2868 1386 ἦ
2929 1317 2990 1371 τὸ
3049 1322 3330 1370 πλεῖστον
3388 1318 3578 1387 τρεῖς,
3628 1309 3842 1364 καὶάνὰ
3870 1309 3944 1380 μέ-

2267 1426 2384 1480 ρος,
2436 1406 2526 1460 καὶ
2583 1409 2660 1466 εἷς
2723 1403 3141 1480 διερμηνευέτω.
3204 1405 3348 1461 Ἐὰν
3409 1399 3475 1456 δὲ
3523 1403 3606 1472 μή
3751 1395 3943 1471 διερμη·

2264 1495 2478 1563 νευτής,
2511 1493 2722 1570 σεγάτω
2772 1494 2822 1548 ἐν
2877 1493 3199 1564 Ἐκκλησία,
3237 1492 3442 1564 ἑαυτῷ
3503 1487 3566 1545 δὲ
3620 1486 3851 1542 λαλείτω
3876 1487 3942 1539 καῖ

4027 5671 4037 5714 ὶ.
