  <div class='ocr_page' id='page_1' title='image "/cluster/home/n/w/nwhite01/storage/ocr_20150623/118/hvd.32044073502247/435.png"; bbox 0 0 4158 6194; ppageno 0'>
   <div class='ocr_carea' id='block_1_1' title="bbox 477 363 597 422">
    <p class='ocr_par' dir='ltr' id='par_1_1' title="bbox 477 363 597 422">
     <span class='ocr_line' id='line_1_1' title="bbox 477 363 597 422; baseline 0 0"><span class='ocrx_word' id='word_1_1' title='bbox 477 363 597 422; x_wconf 78' lang='grc'>859</span> 
     </span>
    </p>
   </div>
   <div class='ocr_carea' id='block_1_2' title="bbox 1579 359 2765 426">
    <p class='ocr_par' dir='ltr' id='par_1_2' title="bbox 1579 359 2765 426">
     <span class='ocr_line' id='line_1_2' title="bbox 1579 359 2765 426; baseline -0.003 -2"><span class='ocrx_word' id='word_1_2' title='bbox 1579 362 1996 426; x_wconf 79' lang='lat' dir='ltr'>CECUMENII</span> <span class='ocrx_word' id='word_1_3' title='bbox 2037 360 2345 422; x_wconf 65' lang='lat' dir='ltr'>TBICCAS</span> <span class='ocrx_word' id='word_1_4' title='bbox 2387 359 2765 421; x_wconf 84' lang='lat' dir='ltr'>EPlSCOPI.</span> 
     </span>
    </p>
   </div>
   <div class='ocr_carea' id='block_1_3' title="bbox 3751 370 3858 431">
    <p class='ocr_par' dir='ltr' id='par_1_3' title="bbox 3751 370 3858 431">
     <span class='ocr_line' id='line_1_3' title="bbox 3751 370 3858 431; baseline 0 0"><span class='ocrx_word' id='word_1_5' title='bbox 3751 370 3858 431; x_wconf 77' lang='lat'>860</span> 
     </span>
    </p>
   </div>
   <div class='ocr_carea' id='block_1_4' title="bbox 472 489 2130 573">
    <p class='ocr_par' dir='ltr' id='par_1_4' title="bbox 472 493 2114 568">
     <span class='ocr_line' id='line_1_4' title="bbox 472 493 2114 568; baseline -0.003 -15"><span class='ocrx_word' id='word_1_6' title='bbox 472 497 545 552; x_wconf 88' lang='lat' dir='ltr'>ab</span> <span class='ocrx_word' id='word_1_7' title='bbox 577 497 858 552; x_wconf 79' lang='lat' dir='ltr'>uxoribus</span> <span class='ocrx_word' id='word_1_8' title='bbox 890 495 1414 567; x_wconf 83' lang='lat' dir='ltr'>interrogabuntur</span> <span class='ocrx_word' id='word_1_9' title='bbox 1447 497 1518 552; x_wconf 90' lang='lat' dir='ltr'>de</span> <span class='ocrx_word' id='word_1_10' title='bbox 1563 495 1881 568; x_wconf 90' lang='lat' dir='ltr'>Scripturis</span> <span class='ocrx_word' id='word_1_11' title='bbox 1900 499 1957 549; x_wconf 89' lang='lat' dir='ltr'>et</span> <span class='ocrx_word' id='word_1_12' title='bbox 1978 493 2114 564; x_wconf 85' lang='lat' dir='ltr'>dog-</span> 
     </span>
    </p>
   </div>
   <div class='ocr_carea' id='block_1_5' title="bbox 2241 489 3854 573">
    <p class='ocr_par' dir='ltr' id='par_1_5' title="bbox 2241 489 3854 573">
     <span class='ocr_line' id='line_1_5' title="bbox 2241 489 3854 573; baseline 0.007 -29"><span class='ocrx_word' id='word_1_13' title='bbox 2241 489 2434 562; x_wconf 69' lang='grc' dir='ltr'><strong>ιλησίᾳ</strong></span> <span class='ocrx_word' id='word_1_14' title='bbox 2463 495 2688 570; x_wconf 75' lang='grc' dir='ltr'><strong>γραφῶν</strong></span> <span class='ocrx_word' id='word_1_15' title='bbox 2718 491 2808 547; x_wconf 87' lang='grc' dir='ltr'>καὶ</span> <span class='ocrx_word' id='word_1_16' title='bbox 2839 489 3146 567; x_wconf 79' lang='grc' dir='ltr'><strong>δογμάτων,</strong></span> <span class='ocrx_word' id='word_1_17' title='bbox 3194 517 3221 546; x_wconf 78' lang='grc' dir='ltr'><strong>κ</strong></span> <span class='ocrx_word' id='word_1_18' title='bbox 3286 493 3528 569; x_wconf 76' lang='grc' dir='ltr'><strong>Αίσχρὸν</strong></span> <span class='ocrx_word' id='word_1_19' title='bbox 3595 498 3694 573; x_wconf 72' lang='grc' dir='ltr'>γάρ</span> <span class='ocrx_word' id='word_1_20' title='bbox 3753 498 3854 556; x_wconf 69' lang='grc' dir='ltr'><strong>ἕστι</strong></span> 
     </span>
    </p>
   </div>
   <div class='ocr_carea' id='block_1_6' title="bbox 477 586 2130 655">
    <p class='ocr_par' dir='ltr' id='par_1_6' title="bbox 477 586 2130 655">
     <span class='ocr_line' id='line_1_6' title="bbox 477 586 2130 655; baseline -0.003 -13"><span class='ocrx_word' id='word_1_21' title='bbox 477 587 654 642; x_wconf 83' lang='lat' dir='ltr'>matis</span> <span class='ocrx_word' id='word_1_22' title='bbox 687 602 815 654; x_wconf 65' lang='lat' dir='ltr'>qua:</span> <span class='ocrx_word' id='word_1_23' title='bbox 850 589 1180 639; x_wconf 77' lang='lat' dir='ltr'>tractantur</span> <span class='ocrx_word' id='word_1_24' title='bbox 1211 586 1272 640; x_wconf 88' lang='lat' dir='ltr'>in</span> <span class='ocrx_word' id='word_1_25' title='bbox 1307 588 1578 642; x_wconf 79' lang='lat' dir='ltr'>ecclesia.</span> <span class='ocrx_word' id='word_1_26' title='bbox 1614 609 1640 636; x_wconf 83' lang='lat'><strong>«</strong></span> <span class='ocrx_word' id='word_1_27' title='bbox 1676 593 1821 648; x_wconf 77' lang='lat' dir='ltr'>Nam</span> <span class='ocrx_word' id='word_1_28' title='bbox 1846 591 2013 655; x_wconf 90' lang='lat' dir='ltr'>turpe</span> <span class='ocrx_word' id='word_1_29' title='bbox 2041 588 2130 638; x_wconf 90' lang='lat' dir='ltr'>est</span> 
     </span>
    </p>
   </div>
   <div class='ocr_carea' id='block_1_7' title="bbox 475 673 2132 745">
    <p class='ocr_par' dir='ltr' id='par_1_7' title="bbox 475 673 2132 745">
     <span class='ocr_line' id='line_1_7' title="bbox 475 673 2132 745; baseline -0.001 -17"><span class='ocrx_word' id='word_1_30' title='bbox 475 673 827 728; x_wconf 80' lang='lat' dir='ltr'>mulieribus</span> <span class='ocrx_word' id='word_1_31' title='bbox 862 673 920 727; x_wconf 91' lang='lat' dir='ltr'>in</span> <span class='ocrx_word' id='word_1_32' title='bbox 945 673 1198 728; x_wconf 75' lang='lat' dir='ltr'>ecclesia</span> <span class='ocrx_word' id='word_1_33' title='bbox 1223 674 1405 745; x_wconf 87' lang='lat' dir='ltr'>loqui.</span> <span class='ocrx_word' id='word_1_34' title='bbox 1447 698 1473 724; x_wconf 83' lang='lat'><strong>»</strong></span> <span class='ocrx_word' id='word_1_35' title='bbox 1504 675 1723 731; x_wconf 82' lang='lat' dir='ltr'>Deinde</span> <span class='ocrx_word' id='word_1_36' title='bbox 1755 673 2132 745; x_wconf 88' lang='lat' dir='ltr'>quoniam,ut</span> 
     </span>
    </p>
   </div>
   <div class='ocr_carea' id='block_1_8' title="bbox 472 761 2131 840">
    <p class='ocr_par' dir='ltr' id='par_1_8' title="bbox 472 761 2131 840">
     <span class='ocr_line' id='line_1_8' title="bbox 472 761 2131 840; baseline 0.001 -26"><span class='ocrx_word' id='word_1_37' title='bbox 472 761 798 816; x_wconf 71' lang='lat' dir='ltr'>verisimile</span> <span class='ocrx_word' id='word_1_38' title='bbox 832 767 1300 836; x_wconf 86' lang='lat' dir='ltr'>est,arrogantes</span> <span class='ocrx_word' id='word_1_39' title='bbox 1335 770 1523 829; x_wconf 89' lang='lat' dir='ltr'>erant,</span> <span class='ocrx_word' id='word_1_40' title='bbox 1560 764 1790 840; x_wconf 75' lang='lat' dir='ltr'>sibique</span> <span class='ocrx_word' id='word_1_41' title='bbox 1813 761 2131 838; x_wconf 78' lang='lat' dir='ltr'>placebant</span> 
     </span>
    </p>
   </div>
   <div class='ocr_carea' id='block_1_9' title="bbox 472 839 2129 926">
    <p class='ocr_par' dir='ltr' id='par_1_9' title="bbox 472 839 2129 926">
     <span class='ocr_line' id='line_1_9' title="bbox 472 839 2129 926; baseline 0 -22"><span class='ocrx_word' id='word_1_42' title='bbox 472 850 755 904; x_wconf 82' lang='lat' dir='ltr'>mulieres</span> <span class='ocrx_word' id='word_1_43' title='bbox 789 851 862 904; x_wconf 92' lang='lat' dir='ltr'>ob</span> <span class='ocrx_word' id='word_1_44' title='bbox 896 851 1235 920; x_wconf 87' lang='lat' dir='ltr'>spiritualia</span> <span class='ocrx_word' id='word_1_45' title='bbox 1266 851 1438 923; x_wconf 91' lang='lat' dir='ltr'>quasi</span> <span class='ocrx_word' id='word_1_46' title='bbox 1472 839 1912 926; x_wconf 87' lang='lat' dir='ltr'>colloquia,per</span> <span class='ocrx_word' id='word_1_47' title='bbox 1933 867 2129 907; x_wconf 83' lang='lat' dir='ltr'>asser-</span> 
     </span>
    </p>
   </div>
   <div class='ocr_carea' id='block_1_10' title="bbox 474 925 2129 1012">
    <p class='ocr_par' dir='ltr' id='par_1_10' title="bbox 474 925 2129 1012">
     <span class='ocr_line' id='line_1_10' title="bbox 474 925 2129 1012; baseline -0.001 -18"><span class='ocrx_word' id='word_1_48' title='bbox 474 939 698 994; x_wconf 86' lang='lat' dir='ltr'>tionem</span> <span class='ocrx_word' id='word_1_49' title='bbox 734 939 844 994; x_wconf 86' lang='lat' dir='ltr'>hoc</span> <span class='ocrx_word' id='word_1_50' title='bbox 879 939 1302 1007; x_wconf 88' lang='lat' dir='ltr'>tollit,dicens:</span> <span class='ocrx_word' id='word_1_51' title='bbox 1339 963 1366 989; x_wconf 82' lang='lat'><strong><em>&lt;&lt;</em></strong></span> <span class='ocrx_word' id='word_1_52' title='bbox 1404 943 1545 996; x_wconf 75' lang='lat' dir='ltr'>Nam</span> <span class='ocrx_word' id='word_1_53' title='bbox 1572 925 1743 1012; x_wconf 83' lang='lat' dir='ltr'>turpe</span> <span class='ocrx_word' id='word_1_54' title='bbox 1777 941 2129 995; x_wconf 77' lang='lat' dir='ltr'>est.»——«An</span> 
     </span>
    </p>
   </div>
   <div class='ocr_carea' id='block_1_11' title="bbox 472 1028 2127 1100">
    <p class='ocr_par' dir='ltr' id='par_1_11' title="bbox 472 1028 2127 1100">
     <span class='ocr_line' id='line_1_11' title="bbox 472 1028 2127 1100; baseline 0 -16"><span class='ocrx_word' id='word_1_55' title='bbox 472 1046 506 1084; x_wconf 90' lang='lat' dir='ltr'>a</span> <span class='ocrx_word' id='word_1_56' title='bbox 532 1028 701 1082; x_wconf 84' lang='lat' dir='ltr'>vobis</span> <span class='ocrx_word' id='word_1_57' title='bbox 725 1045 919 1082; x_wconf 86' lang='lat' dir='ltr'>sermo</span> <span class='ocrx_word' id='word_1_58' title='bbox 955 1029 1055 1083; x_wconf 89' lang='lat' dir='ltr'>Dei</span> <span class='ocrx_word' id='word_1_59' title='bbox 1081 1028 1107 1083; x_wconf 75' lang='lat' dir='ltr'>‘I</span> <span class='ocrx_word' id='word_1_60' title='bbox 1139 1052 1164 1078; x_wconf 89' lang='grc'><strong>››</strong></span> <span class='ocrx_word' id='word_1_61' title='bbox 1193 1030 1348 1085; x_wconf 77' lang='lat'><strong>566</strong></span> <span class='ocrx_word' id='word_1_62' title='bbox 1379 1031 1683 1100; x_wconf 89' lang='lat' dir='ltr'>Tanquam</span> <span class='ocrx_word' id='word_1_63' title='bbox 1713 1029 1785 1085; x_wconf 91' lang='lat' dir='ltr'>ad</span> <span class='ocrx_word' id='word_1_64' title='bbox 1838 1028 2127 1100; x_wconf 86' lang='lat' dir='ltr'>quosdam</span> 
     </span>
    </p>
   </div>
   <div class='ocr_carea' id='block_1_12' title="bbox 475 1117 2128 1189">
    <p class='ocr_par' dir='ltr' id='par_1_12' title="bbox 475 1117 2128 1189">
     <span class='ocr_line' id='line_1_12' title="bbox 475 1117 2128 1189; baseline -0.001 -15"><span class='ocrx_word' id='word_1_65' title='bbox 475 1117 584 1174; x_wconf 88' lang='lat' dir='ltr'>sibi</span> <span class='ocrx_word' id='word_1_66' title='bbox 619 1117 1098 1172; x_wconf 84' lang='lat' dir='ltr'>contradicentes</span> <span class='ocrx_word' id='word_1_67' title='bbox 1134 1135 1328 1172; x_wconf 86' lang='lat' dir='ltr'>sermo</span> <span class='ocrx_word' id='word_1_68' title='bbox 1362 1119 1472 1189; x_wconf 91' lang='lat' dir='ltr'>ipsi</span> <span class='ocrx_word' id='word_1_69' title='bbox 1507 1118 1793 1174; x_wconf 89' lang='lat' dir='ltr'>formatus</span> <span class='ocrx_word' id='word_1_70' title='bbox 1825 1125 1930 1173; x_wconf 89' lang='lat' dir='ltr'>est.</span> <span class='ocrx_word' id='word_1_71' title='bbox 1992 1118 2128 1183; x_wconf 87' lang='lat' dir='ltr'>Cur,</span> 
     </span>
    </p>
   </div>
   <div class='ocr_carea' id='block_1_13' title="bbox 475 1210 2134 1281">
    <p class='ocr_par' dir='ltr' id='par_1_13' title="bbox 475 1210 2134 1281">
     <span class='ocr_line' id='line_1_13' title="bbox 475 1210 2134 1281; baseline 0 -18"><span class='ocrx_word' id='word_1_72' title='bbox 475 1211 690 1281; x_wconf 85' lang='lat' dir='ltr'>inquit,</span> <span class='ocrx_word' id='word_1_73' title='bbox 723 1211 1133 1266; x_wconf 86' lang='lat' dir='ltr'>contradicitis</span> <span class='ocrx_word' id='word_1_74' title='bbox 1163 1211 1188 1266; x_wconf 70' lang='grc' dir='ltr'>’ἰ</span> <span class='ocrx_word' id='word_1_75' title='bbox 1223 1227 1332 1266; x_wconf 90' lang='lat' dir='ltr'>nec</span> <span class='ocrx_word' id='word_1_76' title='bbox 1362 1211 1584 1265; x_wconf 89' lang='lat' dir='ltr'>bonum</span> <span class='ocrx_word' id='word_1_77' title='bbox 1646 1227 1773 1266; x_wconf 90' lang='lat' dir='ltr'>esse</span> <span class='ocrx_word' id='word_1_78' title='bbox 1822 1210 2037 1266; x_wconf 88' lang='lat' dir='ltr'>ducitis</span> <span class='ocrx_word' id='word_1_79' title='bbox 2068 1213 2134 1264; x_wconf 87' lang='lat' dir='ltr'>ut</span> 
     </span>
    </p>
   </div>
   <div class='ocr_carea' id='block_1_14' title="bbox 473 1287 2131 1373">
    <p class='ocr_par' dir='ltr' id='par_1_14' title="bbox 473 1287 2131 1373">
     <span class='ocr_line' id='line_1_14' title="bbox 473 1287 2131 1373; baseline -0.002 -18"><span class='ocrx_word' id='word_1_80' title='bbox 473 1301 756 1355; x_wconf 89' lang='lat' dir='ltr'>mulieres</span> <span class='ocrx_word' id='word_1_81' title='bbox 794 1307 1026 1355; x_wconf 88' lang='lat' dir='ltr'>taceant</span> <span class='ocrx_word' id='word_1_82' title='bbox 1059 1302 1119 1355; x_wconf 94' lang='lat' dir='ltr'>in</span> <span class='ocrx_word' id='word_1_83' title='bbox 1170 1287 1626 1373; x_wconf 69' lang='lat' dir='ltr'>congregationis</span> <span class='ocrx_word' id='word_1_84' title='bbox 1657 1301 1683 1354; x_wconf 79' lang='lat'><strong>?</strong></span> <span class='ocrx_word' id='word_1_85' title='bbox 1716 1304 1803 1355; x_wconf 81' lang='lat' dir='ltr'>An</span> <span class='ocrx_word' id='word_1_86' title='bbox 1837 1300 1946 1354; x_wconf 91' lang='lat' dir='ltr'>soli</span> <span class='ocrx_word' id='word_1_87' title='bbox 1990 1299 2131 1354; x_wconf 86' lang='lat' dir='ltr'>estis</span> 
     </span>
    </p>
   </div>
   <div class='ocr_carea' id='block_1_15' title="bbox 473 1389 2126 1460">
    <p class='ocr_par' dir='ltr' id='par_1_15' title="bbox 473 1389 2126 1460">
     <span class='ocr_line' id='line_1_15' title="bbox 473 1389 2126 1460; baseline 0 -16"><span class='ocrx_word' id='word_1_88' title='bbox 473 1389 786 1444; x_wconf 87' lang='lat' dir='ltr'>credentes</span> <span class='ocrx_word' id='word_1_89' title='bbox 819 1391 879 1443; x_wconf 92' lang='lat' dir='ltr'>in</span> <span class='ocrx_word' id='word_1_90' title='bbox 911 1389 1136 1444; x_wconf 91' lang='lat' dir='ltr'>mundo</span> <span class='ocrx_word' id='word_1_91' title='bbox 1158 1391 1184 1444; x_wconf 69' lang='grc' dir='ltr'>’ἲ</span> <span class='ocrx_word' id='word_1_92' title='bbox 1214 1393 1410 1460; x_wconf 84' lang='lat' dir='ltr'>Neque</span> <span class='ocrx_word' id='word_1_93' title='bbox 1445 1390 1552 1444; x_wconf 90' lang='lat' dir='ltr'>soli</span> <span class='ocrx_word' id='word_1_94' title='bbox 1605 1391 1748 1460; x_wconf 86' lang='lat' dir='ltr'>estis</span> <span class='ocrx_word' id='word_1_95' title='bbox 1796 1389 2126 1459; x_wconf 89' lang='lat' dir='ltr'>credentes,</span> 
     </span>
    </p>
   </div>
   <div class='ocr_carea' id='block_1_16' title="bbox 471 1477 2127 1551">
    <p class='ocr_par' dir='ltr' id='par_1_16' title="bbox 471 1477 2127 1551">
     <span class='ocr_line' id='line_1_16' title="bbox 471 1477 2127 1551; baseline -0.001 -19"><span class='ocrx_word' id='word_1_96' title='bbox 471 1494 666 1549; x_wconf 90' lang='lat' dir='ltr'>neque</span> <span class='ocrx_word' id='word_1_97' title='bbox 694 1479 891 1548; x_wconf 88' lang='lat' dir='ltr'>primi.</span> <span class='ocrx_word' id='word_1_98' title='bbox 927 1479 1047 1533; x_wconf 84' lang='lat' dir='ltr'>Hoc</span> <span class='ocrx_word' id='word_1_99' title='bbox 1078 1496 1214 1551; x_wconf 83' lang='lat' dir='ltr'>ergo</span> <span class='ocrx_word' id='word_1_100' title='bbox 1265 1479 1426 1534; x_wconf 86' lang='lat' dir='ltr'>dicit.</span> <span class='ocrx_word' id='word_1_101' title='bbox 1485 1481 1621 1544; x_wconf 87' lang='lat' dir='ltr'>Aut,</span> <span class='ocrx_word' id='word_1_102' title='bbox 1681 1479 1821 1549; x_wconf 91' lang='lat' dir='ltr'>quia</span> <span class='ocrx_word' id='word_1_103' title='bbox 1877 1495 1911 1533; x_wconf 89' lang='lat' dir='ltr'>a</span> <span class='ocrx_word' id='word_1_104' title='bbox 1967 1477 2127 1532; x_wconf 84' lang='lat' dir='ltr'>vobis</span> 
     </span>
    </p>
   </div>
   <div class='ocr_carea' id='block_1_17' title="bbox 473 1565 2124 1640">
    <p class='ocr_par' dir='ltr' id='par_1_17' title="bbox 473 1565 2124 1640">
     <span class='ocr_line' id='line_1_17' title="bbox 473 1565 2124 1640; baseline 0 -20"><span class='ocrx_word' id='word_1_105' title='bbox 473 1583 668 1620; x_wconf 89' lang='lat' dir='ltr'>sermo</span> <span class='ocrx_word' id='word_1_106' title='bbox 701 1568 798 1621; x_wconf 90' lang='lat' dir='ltr'>Dei</span> <span class='ocrx_word' id='word_1_107' title='bbox 827 1568 1136 1638; x_wconf 85' lang='lat' dir='ltr'>processit,</span> <span class='ocrx_word' id='word_1_108' title='bbox 1166 1568 1344 1640; x_wconf 79' lang='lat' dir='ltr'>igitur</span> <span class='ocrx_word' id='word_1_109' title='bbox 1375 1585 1508 1638; x_wconf 69' lang='lat' dir='ltr'>quas</span> <span class='ocrx_word' id='word_1_110' title='bbox 1543 1573 1697 1623; x_wconf 81' lang='lat' dir='ltr'>totus</span> <span class='ocrx_word' id='word_1_111' title='bbox 1730 1567 1910 1622; x_wconf 83' lang='lat' dir='ltr'>habet</span> <span class='ocrx_word' id='word_1_112' title='bbox 1939 1565 2124 1636; x_wconf 88' lang='lat' dir='ltr'>orbis,</span> 
     </span>
    </p>
   </div>
   <div class='ocr_carea' id='block_1_18' title="bbox 470 1655 1506 1727">
    <p class='ocr_par' dir='ltr' id='par_1_18' title="bbox 470 1655 1506 1727">
     <span class='ocr_line' id='line_1_18' title="bbox 470 1655 1506 1727; baseline 0.001 -17"><span class='ocrx_word' id='word_1_113' title='bbox 470 1662 703 1727; x_wconf 88' lang='lat' dir='ltr'>oportet</span> <span class='ocrx_word' id='word_1_114' title='bbox 735 1657 912 1710; x_wconf 87' lang='lat' dir='ltr'>etiam</span> <span class='ocrx_word' id='word_1_115' title='bbox 945 1655 1102 1727; x_wconf 86' lang='lat' dir='ltr'>apud</span> <span class='ocrx_word' id='word_1_116' title='bbox 1130 1673 1230 1712; x_wconf 85' lang='lat' dir='ltr'>vos</span> <span class='ocrx_word' id='word_1_117' title='bbox 1265 1657 1506 1712; x_wconf 90' lang='lat' dir='ltr'>servari.</span> 
     </span>
    </p>
   </div>
   <div class='ocr_carea' id='block_1_19' title="bbox 561 1745 2131 1817">
    <p class='ocr_par' dir='ltr' id='par_1_19' title="bbox 561 1745 2131 1817">
     <span class='ocr_line' id='line_1_19' title="bbox 561 1745 2131 1817; baseline -0.001 -19"><span class='ocrx_word' id='word_1_118' title='bbox 561 1746 702 1809; x_wconf 82' lang='lat' dir='ltr'>XIV,</span> <span class='ocrx_word' id='word_1_119' title='bbox 737 1747 917 1799; x_wconf 69' lang='lat'><strong>37-40.</strong></span> <span class='ocrx_word' id='word_1_120' title='bbox 951 1766 978 1793; x_wconf 83' lang='lat'><strong>«</strong></span> <span class='ocrx_word' id='word_1_121' title='bbox 1013 1745 1070 1798; x_wconf 92' lang='lat' dir='ltr'>Si</span> <span class='ocrx_word' id='word_1_122' title='bbox 1102 1745 1234 1816; x_wconf 91' lang='lat' dir='ltr'>quis</span> <span class='ocrx_word' id='word_1_123' title='bbox 1267 1745 1496 1801; x_wconf 88' lang='lat' dir='ltr'>videtur</span> <span class='ocrx_word' id='word_1_124' title='bbox 1526 1745 1815 1817; x_wconf 86' lang='lat' dir='ltr'>propheta</span> <span class='ocrx_word' id='word_1_125' title='bbox 1869 1761 1996 1800; x_wconf 89' lang='lat' dir='ltr'>esse</span> <span class='ocrx_word' id='word_1_126' title='bbox 2030 1748 2131 1799; x_wconf 89' lang='lat' dir='ltr'>aut</span> 
     </span>
    </p>
   </div>
   <div class='ocr_carea' id='block_1_20' title="bbox 479 1829 2125 1904">
    <p class='ocr_par' dir='ltr' id='par_1_20' title="bbox 479 1829 2125 1904">
     <span class='ocr_line' id='line_1_20' title="bbox 479 1829 2125 1904; baseline 0.002 -23"><span class='ocrx_word' id='word_1_127' title='bbox 479 1854 507 1882; x_wconf 86' lang='grc'><em>‹‹</em></span> <span class='ocrx_word' id='word_1_128' title='bbox 543 1831 890 1902; x_wconf 87' lang='lat' dir='ltr'>spiritualis,</span> <span class='ocrx_word' id='word_1_129' title='bbox 911 1838 1227 1904; x_wconf 80' lang='lat' dir='ltr'>cognoscat</span> <span class='ocrx_word' id='word_1_130' title='bbox 1264 1832 1421 1904; x_wconf 90' lang='lat' dir='ltr'>quod</span> <span class='ocrx_word' id='word_1_131' title='bbox 1454 1849 1521 1887; x_wconf 87' lang='lat' dir='ltr'>ea</span> <span class='ocrx_word' id='word_1_132' title='bbox 1552 1849 1682 1903; x_wconf 63' lang='lat' dir='ltr'>quas</span> <span class='ocrx_word' id='word_1_133' title='bbox 1715 1832 1908 1888; x_wconf 88' lang='lat' dir='ltr'>scribo</span> <span class='ocrx_word' id='word_1_134' title='bbox 1939 1829 2125 1898; x_wconf 81' lang='lat' dir='ltr'>vobis,</span> 
     </span>
    </p>
   </div>
   <div class='ocr_carea' id='block_1_21' title="bbox 476 1921 2123 1994">
    <p class='ocr_par' dir='ltr' id='par_1_21' title="bbox 476 1921 2123 1994">
     <span class='ocr_line' id='line_1_21' title="bbox 476 1921 2123 1994; baseline -0.001 -18"><span class='ocrx_word' id='word_1_135' title='bbox 476 1943 504 1971; x_wconf 86' lang='lat'><strong><em>«</em></strong></span> <span class='ocrx_word' id='word_1_136' title='bbox 531 1921 767 1976; x_wconf 91' lang='lat' dir='ltr'>Domini</span> <span class='ocrx_word' id='word_1_137' title='bbox 802 1922 922 1976; x_wconf 88' lang='lat' dir='ltr'>sint</span> <span class='ocrx_word' id='word_1_138' title='bbox 949 1929 1266 1993; x_wconf 60' lang='lat' dir='ltr'>praecepta,</span> <span class='ocrx_word' id='word_1_139' title='bbox 1299 1930 1577 1977; x_wconf 64' lang='lat' dir='ltr'>caeterum</span> <span class='ocrx_word' id='word_1_140' title='bbox 1612 1923 1660 1977; x_wconf 91' lang='lat' dir='ltr'>si</span> <span class='ocrx_word' id='word_1_141' title='bbox 1707 1923 1838 1994; x_wconf 87' lang='lat' dir='ltr'>quis</span> <span class='ocrx_word' id='word_1_142' title='bbox 1870 1923 2123 1993; x_wconf 75' lang='lat' dir='ltr'>ignorat,</span> 
     </span>
    </p>
   </div>
   <div class='ocr_carea' id='block_1_22' title="bbox 480 2011 2126 2085">
    <p class='ocr_par' dir='ltr' id='par_1_22' title="bbox 480 2011 2126 2085">
     <span class='ocr_line' id='line_1_22' title="bbox 480 2011 2126 2085; baseline 0.002 -23"><span class='ocrx_word' id='word_1_143' title='bbox 480 2014 789 2085; x_wconf 83' lang='lat' dir='ltr'>«ignoret.</span> <span class='ocrx_word' id='word_1_144' title='bbox 833 2011 1109 2078; x_wconf 89' lang='lat' dir='ltr'>Proinde,</span> <span class='ocrx_word' id='word_1_145' title='bbox 1142 2013 1376 2079; x_wconf 83' lang='lat' dir='ltr'>fratres,</span> <span class='ocrx_word' id='word_1_146' title='bbox 1431 2013 1737 2069; x_wconf 88' lang='lat' dir='ltr'>enitamini</span> <span class='ocrx_word' id='word_1_147' title='bbox 1793 2012 1866 2068; x_wconf 91' lang='lat' dir='ltr'>ad</span> <span class='ocrx_word' id='word_1_148' title='bbox 1907 2013 2016 2066; x_wconf 89' lang='lat' dir='ltr'>hoc</span> <span class='ocrx_word' id='word_1_149' title='bbox 2061 2017 2126 2065; x_wconf 90' lang='lat' dir='ltr'>ut</span> 
     </span>
    </p>
   </div>
   <div class='ocr_carea' id='block_1_23' title="bbox 481 2101 2122 2174">
    <p class='ocr_par' dir='ltr' id='par_1_23' title="bbox 481 2101 2122 2174">
     <span class='ocr_line' id='line_1_23' title="bbox 481 2101 2122 2174; baseline 0.002 -23"><span class='ocrx_word' id='word_1_150' title='bbox 481 2101 865 2173; x_wconf 79' lang='lat' dir='ltr'>«prophetis,</span> <span class='ocrx_word' id='word_1_151' title='bbox 927 2107 987 2155; x_wconf 90' lang='lat' dir='ltr'>et</span> <span class='ocrx_word' id='word_1_152' title='bbox 1034 2101 1194 2172; x_wconf 90' lang='lat' dir='ltr'>loqui</span> <span class='ocrx_word' id='word_1_153' title='bbox 1239 2101 1455 2174; x_wconf 76' lang='lat' dir='ltr'>linguis</span> <span class='ocrx_word' id='word_1_154' title='bbox 1527 2119 1601 2156; x_wconf 91' lang='lat' dir='ltr'>ne</span> <span class='ocrx_word' id='word_1_155' title='bbox 1679 2101 2122 2173; x_wconf 76' lang='lat' dir='ltr'>proliibueritis.</span> 
     </span>
    </p>
   </div>
   <div class='ocr_carea' id='block_1_24' title="bbox 478 2189 2123 2246">
    <p class='ocr_par' dir='ltr' id='par_1_24' title="bbox 478 2189 2123 2246">
     <span class='ocr_line' id='line_1_24' title="bbox 478 2189 2123 2246; baseline -0.001 0"><span class='ocrx_word' id='word_1_156' title='bbox 478 2191 743 2246; x_wconf 80' lang='lat' dir='ltr'>«Omnia</span> <span class='ocrx_word' id='word_1_157' title='bbox 773 2189 1053 2245; x_wconf 90' lang='lat' dir='ltr'>decenter</span> <span class='ocrx_word' id='word_1_158' title='bbox 1084 2196 1142 2246; x_wconf 90' lang='lat' dir='ltr'>et</span> <span class='ocrx_word' id='word_1_159' title='bbox 1179 2191 1506 2246; x_wconf 88' lang='lat' dir='ltr'>secundum</span> <span class='ocrx_word' id='word_1_160' title='bbox 1565 2192 1836 2246; x_wconf 89' lang='lat' dir='ltr'>ordinem</span> <span class='ocrx_word' id='word_1_161' title='bbox 1895 2191 2060 2246; x_wconf 82' lang='lat' dir='ltr'>fiant.</span> <span class='ocrx_word' id='word_1_162' title='bbox 2096 2213 2123 2238; x_wconf 91' lang='grc'>››</span> 
     </span>
    </p>
   </div>
   <div class='ocr_carea' id='block_1_25' title="bbox 549 2280 2125 2352">
    <p class='ocr_par' dir='ltr' id='par_1_25' title="bbox 549 2280 2125 2352">
     <span class='ocr_line' id='line_1_25' title="bbox 549 2280 2125 2352; baseline 0 -18"><span class='ocrx_word' id='word_1_163' title='bbox 549 2280 654 2335; x_wconf 90' lang='lat' dir='ltr'>Ubi</span> <span class='ocrx_word' id='word_1_164' title='bbox 688 2280 1030 2350; x_wconf 87' lang='lat' dir='ltr'>frequenter</span> <span class='ocrx_word' id='word_1_165' title='bbox 1056 2280 1257 2335; x_wconf 92' lang='lat' dir='ltr'>docuit</span> <span class='ocrx_word' id='word_1_166' title='bbox 1289 2288 1562 2352; x_wconf 90' lang='lat' dir='ltr'>oportere</span> <span class='ocrx_word' id='word_1_167' title='bbox 1597 2281 1876 2336; x_wconf 76' lang='lat' dir='ltr'>mulieres</span> <span class='ocrx_word' id='word_1_168' title='bbox 1908 2287 2125 2349; x_wconf 81' lang='lat' dir='ltr'>tacere,</span> 
     </span>
    </p>
   </div>
   <div class='ocr_carea' id='block_1_26' title="bbox 472 2370 2126 2441">
    <p class='ocr_par' dir='ltr' id='par_1_26' title="bbox 472 2370 2126 2441">
     <span class='ocr_line' id='line_1_26' title="bbox 472 2370 2126 2441; baseline -0.001 -16"><span class='ocrx_word' id='word_1_169' title='bbox 472 2371 584 2425; x_wconf 89' lang='lat' dir='ltr'>hoc</span> <span class='ocrx_word' id='word_1_170' title='bbox 617 2370 796 2424; x_wconf 89' lang='lat' dir='ltr'>etiam</span> <span class='ocrx_word' id='word_1_171' title='bbox 829 2386 990 2423; x_wconf 91' lang='lat' dir='ltr'>nunc</span> <span class='ocrx_word' id='word_1_172' title='bbox 1021 2370 1207 2436; x_wconf 92' lang='lat' dir='ltr'>addit,</span> <span class='ocrx_word' id='word_1_173' title='bbox 1241 2370 1401 2441; x_wconf 92' lang='lat' dir='ltr'>quod</span> <span class='ocrx_word' id='word_1_174' title='bbox 1432 2371 1489 2425; x_wconf 93' lang='lat' dir='ltr'>id</span> <span class='ocrx_word' id='word_1_175' title='bbox 1532 2387 1767 2441; x_wconf 90' lang='lat' dir='ltr'>quoque</span> <span class='ocrx_word' id='word_1_176' title='bbox 1802 2377 1860 2426; x_wconf 89' lang='lat' dir='ltr'>et</span> <span class='ocrx_word' id='word_1_177' title='bbox 1891 2370 2008 2426; x_wconf 92' lang='lat' dir='ltr'>Deo</span> <span class='ocrx_word' id='word_1_178' title='bbox 2039 2370 2126 2424; x_wconf 84' lang='lat' dir='ltr'>vi-</span> 
     </span>
    </p>
   </div>
   <div class='ocr_carea' id='block_1_27' title="bbox 473 2458 2129 2530">
    <p class='ocr_par' dir='ltr' id='par_1_27' title="bbox 473 2458 2129 2530">
     <span class='ocr_line' id='line_1_27' title="bbox 473 2458 2129 2530; baseline -0.001 -17"><span class='ocrx_word' id='word_1_179' title='bbox 473 2459 700 2514; x_wconf 89' lang='lat' dir='ltr'>deatur.</span> <span class='ocrx_word' id='word_1_180' title='bbox 732 2458 828 2513; x_wconf 83' lang='lat' dir='ltr'>Ait</span> <span class='ocrx_word' id='word_1_181' title='bbox 859 2459 1018 2513; x_wconf 91' lang='lat' dir='ltr'>enim</span> <span class='ocrx_word' id='word_1_182' title='bbox 1056 2459 1149 2513; x_wconf 91' lang='lat' dir='ltr'>:Si</span> <span class='ocrx_word' id='word_1_183' title='bbox 1181 2459 1315 2530; x_wconf 90' lang='lat' dir='ltr'>quis</span> <span class='ocrx_word' id='word_1_184' title='bbox 1365 2465 1467 2513; x_wconf 85' lang='lat' dir='ltr'>aut</span> <span class='ocrx_word' id='word_1_185' title='bbox 1527 2462 1817 2530; x_wconf 84' lang='lat' dir='ltr'>propheta</span> <span class='ocrx_word' id='word_1_186' title='bbox 1875 2465 1984 2525; x_wconf 89' lang='lat' dir='ltr'>est,</span> <span class='ocrx_word' id='word_1_187' title='bbox 2024 2464 2129 2514; x_wconf 90' lang='lat' dir='ltr'>aut</span> 
     </span>
    </p>
   </div>
   <div class='ocr_carea' id='block_1_28' title="bbox 476 2546 2127 2620">
    <p class='ocr_par' dir='ltr' id='par_1_28' title="bbox 476 2546 2127 2620">
     <span class='ocr_line' id='line_1_28' title="bbox 476 2546 2127 2620; baseline 0 -17"><span class='ocrx_word' id='word_1_188' title='bbox 476 2548 590 2604; x_wconf 87' lang='lat' dir='ltr'>alio</span> <span class='ocrx_word' id='word_1_189' title='bbox 616 2546 790 2602; x_wconf 92' lang='lat' dir='ltr'>modo</span> <span class='ocrx_word' id='word_1_190' title='bbox 816 2547 994 2602; x_wconf 89' lang='lat' dir='ltr'>habet</span> <span class='ocrx_word' id='word_1_191' title='bbox 1019 2547 1326 2618; x_wconf 82' lang='lat' dir='ltr'>spirituale</span> <span class='ocrx_word' id='word_1_192' title='bbox 1355 2547 1977 2620; x_wconf 88' lang='lat' dir='ltr'>donum,utintelligat</span> <span class='ocrx_word' id='word_1_193' title='bbox 1997 2564 2127 2617; x_wconf 68' lang='lat' dir='ltr'>quas</span> 
     </span>
    </p>
   </div>
   <div class='ocr_carea' id='block_1_29' title="bbox 476 2637 2127 2707">
    <p class='ocr_par' dir='ltr' id='par_1_29' title="bbox 476 2637 2127 2707">
     <span class='ocr_line' id='line_1_29' title="bbox 476 2637 2127 2707; baseline -0.002 -14"><span class='ocrx_word' id='word_1_194' title='bbox 476 2654 635 2693; x_wconf 88' lang='lat' dir='ltr'>ame</span> <span class='ocrx_word' id='word_1_195' title='bbox 683 2637 1046 2702; x_wconf 88' lang='lat' dir='ltr'>scribuntur,</span> <span class='ocrx_word' id='word_1_196' title='bbox 1105 2637 1253 2691; x_wconf 90' lang='lat' dir='ltr'>sciat</span> <span class='ocrx_word' id='word_1_197' title='bbox 1304 2637 1405 2690; x_wconf 93' lang='lat' dir='ltr'>Dei</span> <span class='ocrx_word' id='word_1_198' title='bbox 1461 2653 1588 2692; x_wconf 89' lang='lat' dir='ltr'>esse</span> <span class='ocrx_word' id='word_1_199' title='bbox 1645 2641 1940 2707; x_wconf 67' lang='lat' dir='ltr'>praecepta</span> <span class='ocrx_word' id='word_1_200' title='bbox 1997 2652 2127 2706; x_wconf 64' lang='lat' dir='ltr'>quas</span> 
     </span>
    </p>
   </div>
   <div class='ocr_carea' id='block_1_30' title="bbox 478 2724 2125 2796">
    <p class='ocr_par' dir='ltr' id='par_1_30' title="bbox 478 2724 2125 2796">
     <span class='ocr_line' id='line_1_30' title="bbox 478 2724 2125 2796; baseline -0.002 -15"><span class='ocrx_word' id='word_1_201' title='bbox 478 2726 809 2792; x_wconf 86' lang='lat' dir='ltr'>scribo,nec</span> <span class='ocrx_word' id='word_1_202' title='bbox 843 2742 876 2780; x_wconf 88' lang='lat' dir='ltr'>a</span> <span class='ocrx_word' id='word_1_203' title='bbox 904 2725 1128 2796; x_wconf 89' lang='lat' dir='ltr'>meipso</span> <span class='ocrx_word' id='word_1_204' title='bbox 1153 2725 1228 2780; x_wconf 90' lang='lat' dir='ltr'>ad</span> <span class='ocrx_word' id='word_1_205' title='bbox 1260 2726 1384 2780; x_wconf 69' lang='lat' dir='ltr'>hmo</span> <span class='ocrx_word' id='word_1_206' title='bbox 1409 2725 1724 2780; x_wconf 85' lang='lat' dir='ltr'>scribenda</span> <span class='ocrx_word' id='word_1_207' title='bbox 1755 2743 1848 2780; x_wconf 90' lang='lat' dir='ltr'>me</span> <span class='ocrx_word' id='word_1_208' title='bbox 1881 2724 2125 2781; x_wconf 83' lang='lat' dir='ltr'>moveri.</span> 
     </span>
    </p>
   </div>
   <div class='ocr_carea' id='block_1_31' title="bbox 479 2815 2126 2886">
    <p class='ocr_par' dir='ltr' id='par_1_31' title="bbox 479 2815 2126 2886">
     <span class='ocr_line' id='line_1_31' title="bbox 479 2815 2126 2886; baseline -0.002 -16"><span class='ocrx_word' id='word_1_209' title='bbox 479 2815 532 2870; x_wconf 92' lang='lat' dir='ltr'>Si</span> <span class='ocrx_word' id='word_1_210' title='bbox 561 2815 695 2886; x_wconf 86' lang='lat' dir='ltr'>quis</span> <span class='ocrx_word' id='word_1_211' title='bbox 727 2821 924 2868; x_wconf 88' lang='lat' dir='ltr'>autem</span> <span class='ocrx_word' id='word_1_212' title='bbox 958 2815 1190 2885; x_wconf 80' lang='lat' dir='ltr'>ignorat</span> <span class='ocrx_word' id='word_1_213' title='bbox 1220 2830 1348 2869; x_wconf 87' lang='lat' dir='ltr'>esse</span> <span class='ocrx_word' id='word_1_214' title='bbox 1381 2815 1482 2870; x_wconf 89' lang='lat' dir='ltr'>Dei</span> <span class='ocrx_word' id='word_1_215' title='bbox 1515 2821 1830 2886; x_wconf 72' lang='lat' dir='ltr'>prmcepta,</span> <span class='ocrx_word' id='word_1_216' title='bbox 1851 2816 2082 2886; x_wconf 80' lang='lat' dir='ltr'>ignoret</span> <span class='ocrx_word' id='word_1_217' title='bbox 2114 2829 2126 2867; x_wconf 92' lang='lat'>:</span> 
     </span>
    </p>
   </div>
   <div class='ocr_carea' id='block_1_32' title="bbox 473 2903 2128 2976">
    <p class='ocr_par' dir='ltr' id='par_1_32' title="bbox 473 2903 2128 2976">
     <span class='ocr_line' id='line_1_32' title="bbox 473 2903 2128 2976; baseline -0.002 -16"><span class='ocrx_word' id='word_1_218' title='bbox 473 2904 583 2960; x_wconf 91' lang='lat' dir='ltr'>hoc</span> <span class='ocrx_word' id='word_1_219' title='bbox 626 2910 732 2971; x_wconf 88' lang='lat' dir='ltr'>est,</span> <span class='ocrx_word' id='word_1_220' title='bbox 768 2921 872 2976; x_wconf 88' lang='lat' dir='ltr'>ego</span> <span class='ocrx_word' id='word_1_221' title='bbox 934 2903 1052 2959; x_wconf 88' lang='lat' dir='ltr'>dixi</span> <span class='ocrx_word' id='word_1_222' title='bbox 1114 2903 1273 2975; x_wconf 93' lang='lat' dir='ltr'>quod</span> <span class='ocrx_word' id='word_1_223' title='bbox 1329 2903 1586 2975; x_wconf 83' lang='lat' dir='ltr'>expedit.</span> <span class='ocrx_word' id='word_1_224' title='bbox 1649 2905 1758 2969; x_wconf 88' lang='lat' dir='ltr'>Qui</span> <span class='ocrx_word' id='word_1_225' title='bbox 1819 2921 1953 2976; x_wconf 91' lang='lat' dir='ltr'>ergo</span> <span class='ocrx_word' id='word_1_226' title='bbox 1984 2903 2128 2970; x_wconf 89' lang='lat' dir='ltr'>vult,</span> 
     </span>
    </p>
   </div>
   <div class='ocr_carea' id='block_1_33' title="bbox 480 2994 2129 3067">
    <p class='ocr_par' dir='ltr' id='par_1_33' title="bbox 480 2994 2129 3067">
     <span class='ocr_line' id='line_1_33' title="bbox 480 2994 2129 3067; baseline 0 -17"><span class='ocrx_word' id='word_1_227' title='bbox 480 2995 882 3066; x_wconf 87' lang='lat' dir='ltr'>obtemperet:</span> <span class='ocrx_word' id='word_1_228' title='bbox 921 2996 1020 3066; x_wconf 88' lang='lat' dir='ltr'>qui</span> <span class='ocrx_word' id='word_1_229' title='bbox 1054 3000 1251 3050; x_wconf 91' lang='lat' dir='ltr'>autem</span> <span class='ocrx_word' id='word_1_230' title='bbox 1286 3012 1407 3050; x_wconf 91' lang='lat' dir='ltr'>non</span> <span class='ocrx_word' id='word_1_231' title='bbox 1439 2994 1583 3060; x_wconf 90' lang='lat' dir='ltr'>vult,</span> <span class='ocrx_word' id='word_1_232' title='bbox 1616 3001 1748 3067; x_wconf 82' lang='lat' dir='ltr'>agat</span> <span class='ocrx_word' id='word_1_233' title='bbox 1779 2995 1938 3065; x_wconf 89' lang='lat' dir='ltr'>quod</span> <span class='ocrx_word' id='word_1_234' title='bbox 1965 2994 2129 3050; x_wconf 90' lang='lat' dir='ltr'>libet.</span> 
     </span>
    </p>
   </div>
   <div class='ocr_carea' id='block_1_34' title="bbox 480 3085 2132 3156">
    <p class='ocr_par' dir='ltr' id='par_1_34' title="bbox 480 3085 2132 3156">
     <span class='ocr_line' id='line_1_34' title="bbox 480 3085 2132 3156; baseline -0.001 -16"><span class='ocrx_word' id='word_1_235' title='bbox 480 3087 613 3140; x_wconf 71' lang='grc' dir='ltr'>Ηωο</span> <span class='ocrx_word' id='word_1_236' title='bbox 645 3092 842 3142; x_wconf 89' lang='lat' dir='ltr'>autem</span> <span class='ocrx_word' id='word_1_237' title='bbox 875 3086 1095 3150; x_wconf 87' lang='lat' dir='ltr'>dicere,</span> <span class='ocrx_word' id='word_1_238' title='bbox 1129 3086 1234 3140; x_wconf 89' lang='lat' dir='ltr'>viri</span> <span class='ocrx_word' id='word_1_239' title='bbox 1269 3092 1358 3140; x_wconf 91' lang='lat' dir='ltr'>est</span> <span class='ocrx_word' id='word_1_240' title='bbox 1398 3086 1497 3156; x_wconf 92' lang='lat' dir='ltr'>qui</span> <span class='ocrx_word' id='word_1_241' title='bbox 1549 3101 1655 3141; x_wconf 84' lang='lat' dir='ltr'>sua</span> <span class='ocrx_word' id='word_1_242' title='bbox 1706 3101 1826 3142; x_wconf 91' lang='lat' dir='ltr'>non</span> <span class='ocrx_word' id='word_1_243' title='bbox 1855 3085 2132 3142; x_wconf 88' lang='lat' dir='ltr'>omnibus</span> 
     </span>
    </p>
   </div>
   <div class='ocr_carea' id='block_1_35' title="bbox 478 3174 2132 3246">
    <p class='ocr_par' dir='ltr' id='par_1_35' title="bbox 478 3174 2132 3246">
     <span class='ocr_line' id='line_1_35' title="bbox 478 3174 2132 3246; baseline 0 -16"><span class='ocrx_word' id='word_1_244' title='bbox 478 3175 671 3230; x_wconf 86' lang='lat' dir='ltr'>modis</span> <span class='ocrx_word' id='word_1_245' title='bbox 703 3176 904 3246; x_wconf 89' lang='lat' dir='ltr'>cupiat</span> <span class='ocrx_word' id='word_1_246' title='bbox 944 3176 1114 3230; x_wconf 78' lang='lat' dir='ltr'>firma</span> <span class='ocrx_word' id='word_1_247' title='bbox 1142 3175 1369 3240; x_wconf 87' lang='lat' dir='ltr'>haberi,</span> <span class='ocrx_word' id='word_1_248' title='bbox 1403 3174 1505 3230; x_wconf 84' lang='lat' dir='ltr'>sed</span> <span class='ocrx_word' id='word_1_249' title='bbox 1533 3175 1604 3230; x_wconf 91' lang='lat' dir='ltr'>ad</span> <span class='ocrx_word' id='word_1_250' title='bbox 1635 3192 1951 3232; x_wconf 81' lang='lat' dir='ltr'>commune</span> <span class='ocrx_word' id='word_1_251' title='bbox 1971 3191 2132 3230; x_wconf 88' lang='lat' dir='ltr'>com-</span> 
     </span>
    </p>
   </div>
   <div class='ocr_carea' id='block_1_36' title="bbox 2233 578 3856 657">
    <p class='ocr_par' dir='ltr' id='par_1_36' title="bbox 2233 578 3856 657">
     <span class='ocr_line' id='line_1_36' title="bbox 2233 578 3856 657; baseline 0.006 -24"><span class='ocrx_word' id='word_1_252' title='bbox 2233 580 2471 656; x_wconf 78' lang='grc' dir='ltr'>γυναιξὶν</span> <span class='ocrx_word' id='word_1_253' title='bbox 2500 579 2550 634; x_wconf 74' lang='grc' dir='ltr'><strong>ἐν</strong></span> <span class='ocrx_word' id='word_1_254' title='bbox 2582 578 2848 654; x_wconf 77' lang='grc' dir='ltr'>ἐκκλησίᾳ</span> <span class='ocrx_word' id='word_1_255' title='bbox 2887 580 3096 640; x_wconf 82' lang='grc' dir='ltr'><strong>λαλεῖν.</strong></span> <span class='ocrx_word' id='word_1_256' title='bbox 3133 607 3159 632; x_wconf 76' lang='grc' dir='ltr'><strong>ι»</strong></span> <span class='ocrx_word' id='word_1_257' title='bbox 3191 583 3326 640; x_wconf 82' lang='grc' dir='ltr'><strong>Εἶτα</strong></span> <span class='ocrx_word' id='word_1_258' title='bbox 3365 581 3577 656; x_wconf 70' lang='grc' dir='ltr'><strong>ἐπειδὴ,</strong></span> <span class='ocrx_word' id='word_1_259' title='bbox 3601 585 3674 648; x_wconf 83' lang='grc' dir='ltr'>ὠς</span> <span class='ocrx_word' id='word_1_260' title='bbox 3705 588 3856 657; x_wconf 72' lang='grc' dir='ltr'><strong>ε’κὸς,</strong></span> 
     </span>
    </p>
   </div>
   <div class='ocr_carea' id='block_1_37' title="bbox 2231 669 3855 747">
    <p class='ocr_par' dir='ltr' id='par_1_37' title="bbox 2231 669 3855 747">
     <span class='ocr_line' id='line_1_37' title="bbox 2231 669 3855 747; baseline 0.004 -22"><span class='ocrx_word' id='word_1_261' title='bbox 2231 669 2320 726; x_wconf 90' lang='grc' dir='ltr'>καὶ</span> <span class='ocrx_word' id='word_1_262' title='bbox 2381 669 2884 742; x_wconf 74' lang='grc' dir='ltr'><strong>ἐνεκαλλωπίζοντο</strong></span> <span class='ocrx_word' id='word_1_263' title='bbox 2949 673 3006 727; x_wconf 70' lang='grc' dir='ltr'><strong>αἱ</strong></span> <span class='ocrx_word' id='word_1_264' title='bbox 3063 679 3311 747; x_wconf 79' lang='grc' dir='ltr'><strong>γυναῖκες</strong></span> <span class='ocrx_word' id='word_1_265' title='bbox 3365 672 3452 730; x_wconf 67' lang='grc' dir='ltr'>ἰπὶ</span> <span class='ocrx_word' id='word_1_266' title='bbox 3536 682 3654 742; x_wconf 81' lang='grc' dir='ltr'><strong>ταῖς</strong></span> <span class='ocrx_word' id='word_1_267' title='bbox 3710 675 3855 747; x_wconf 77' lang='grc' dir='ltr'><strong>δῆθεν</strong></span> 
     </span>
    </p>
   </div>
   <div class='ocr_carea' id='block_1_38' title="bbox 2230 757 3858 841">
    <p class='ocr_par' dir='ltr' id='par_1_38' title="bbox 2230 757 3858 841">
     <span class='ocr_line' id='line_1_38' title="bbox 2230 757 3858 841; baseline 0.006 -27"><span class='ocrx_word' id='word_1_268' title='bbox 2230 779 2620 830; x_wconf 77' lang='grc' dir='ltr'><strong>πνευματικαις</strong></span> <span class='ocrx_word' id='word_1_269' title='bbox 2664 759 2939 834; x_wconf 80' lang='grc' dir='ltr'><strong>ὁμιλίαις,</strong></span> <span class='ocrx_word' id='word_1_270' title='bbox 2998 758 3068 816; x_wconf 80' lang='grc' dir='ltr'>δι’</span> <span class='ocrx_word' id='word_1_271' title='bbox 3127 757 3476 841; x_wconf 71' lang='grc' dir='ltr'><strong>ἀποφάνσεως</strong></span> <span class='ocrx_word' id='word_1_272' title='bbox 3535 765 3668 821; x_wconf 80' lang='grc' dir='ltr'><strong>αὐτὸ</strong></span> <span class='ocrx_word' id='word_1_273' title='bbox 3723 767 3858 824; x_wconf 79' lang='grc' dir='ltr'><strong>ἀναι-</strong></span> 
     </span>
    </p>
   </div>
   <div class='ocr_carea' id='block_1_39' title="bbox 2233 844 3858 931">
    <p class='ocr_par' dir='ltr' id='par_1_39' title="bbox 2233 844 3858 931">
     <span class='ocr_line' id='line_1_39' title="bbox 2233 844 3858 931; baseline 0.006 -29"><span class='ocrx_word' id='word_1_274' title='bbox 2233 853 2333 922; x_wconf 80' lang='grc' dir='ltr'>ρεῖ,</span> <span class='ocrx_word' id='word_1_275' title='bbox 2368 844 2560 922; x_wconf 80' lang='grc' dir='ltr'><strong>λέγων’</strong></span> <span class='ocrx_word' id='word_1_276' title='bbox 2597 873 2624 900; x_wconf 88' lang='grc'>‹‹</span> <span class='ocrx_word' id='word_1_277' title='bbox 2660 849 2903 928; x_wconf 79' lang='grc' dir='ltr'>Αίσχρὸν</span> <span class='ocrx_word' id='word_1_278' title='bbox 2935 848 3035 926; x_wconf 70' lang='grc' dir='ltr'>γᾶρ</span> <span class='ocrx_word' id='word_1_279' title='bbox 3069 850 3232 909; x_wconf 72' lang='grc' dir='ltr'><strong>ἐστιν.</strong></span> <span class='ocrx_word' id='word_1_280' title='bbox 3265 885 3330 896; x_wconf 92' lang='lat'>-—</span> <span class='ocrx_word' id='word_1_281' title='bbox 3370 874 3391 903; x_wconf 76' lang='grc' dir='ltr'>ι</span> <span class='ocrx_word' id='word_1_282' title='bbox 3425 853 3493 911; x_wconf 84' lang='grc' dir='ltr'><strong>Ἤ</strong></span> <span class='ocrx_word' id='word_1_283' title='bbox 3546 854 3634 931; x_wconf 74' lang='grc' dir='ltr'>ἀφ’</span> <span class='ocrx_word' id='word_1_284' title='bbox 3668 855 3807 928; x_wconf 80' lang='grc' dir='ltr'><strong>ὑμῶν</strong></span> <span class='ocrx_word' id='word_1_285' title='bbox 3835 859 3858 912; x_wconf 99' lang='lat'>6</span> 
     </span>
    </p>
   </div>
   <div class='ocr_carea' id='block_1_40' title="bbox 2232 935 3863 1020">
    <p class='ocr_par' dir='ltr' id='par_1_40' title="bbox 2232 935 3863 1020">
     <span class='ocr_line' id='line_1_40' title="bbox 2232 935 3863 1020; baseline 0.006 -28"><span class='ocrx_word' id='word_1_286' title='bbox 2232 935 2399 1013; x_wconf 81' lang='grc' dir='ltr'>λόγος</span> <span class='ocrx_word' id='word_1_287' title='bbox 2429 941 2526 992; x_wconf 88' lang='grc' dir='ltr'>τοῦ</span> <span class='ocrx_word' id='word_1_288' title='bbox 2559 942 2692 992; x_wconf 79' lang='grc' dir='ltr'>Θεοῦ</span> <span class='ocrx_word' id='word_1_289' title='bbox 2727 960 2740 1008; x_wconf 77' lang='grc' dir='ltr'>ς</span> <span class='ocrx_word' id='word_1_290' title='bbox 2777 961 2805 990; x_wconf 81' lang='grc'><strong>››</strong></span> <span class='ocrx_word' id='word_1_291' title='bbox 2835 939 2926 1001; x_wconf 79' lang='grc' dir='ltr'><strong>Ὠς</strong></span> <span class='ocrx_word' id='word_1_292' title='bbox 2956 940 3094 1014; x_wconf 88' lang='grc' dir='ltr'>πρός</span> <span class='ocrx_word' id='word_1_293' title='bbox 3125 961 3274 1002; x_wconf 87' lang='grc' dir='ltr'><strong>τινας</strong></span> <span class='ocrx_word' id='word_1_294' title='bbox 3307 941 3691 1020; x_wconf 76' lang='grc' dir='ltr'>ἀντιλέγοντας</span> <span class='ocrx_word' id='word_1_295' title='bbox 3716 945 3743 999; x_wconf 90' lang='lat'>6</span> <span class='ocrx_word' id='word_1_296' title='bbox 3773 943 3863 1001; x_wconf 84' lang='grc' dir='ltr'>λό-</span> 
     </span>
    </p>
   </div>
   <div class='ocr_carea' id='block_1_41' title="bbox 2231 1025 3856 1110">
    <p class='ocr_par' dir='ltr' id='par_1_41' title="bbox 2231 1025 3856 1110">
     <span class='ocr_line' id='line_1_41' title="bbox 2231 1025 3856 1110; baseline 0.006 -30"><span class='ocrx_word' id='word_1_297' title='bbox 2231 1047 2327 1102; x_wconf 90' lang='grc' dir='ltr'>γος</span> <span class='ocrx_word' id='word_1_298' title='bbox 2415 1025 2562 1098; x_wconf 83' lang='grc' dir='ltr'>αὐτῷ</span> <span class='ocrx_word' id='word_1_299' title='bbox 2639 1025 3063 1107; x_wconf 66' lang='grc' dir='ltr'><strong>ἐσχημάτισται.</strong></span> <span class='ocrx_word' id='word_1_300' title='bbox 3122 1030 3210 1098; x_wconf 84' lang='grc' dir='ltr'><strong>Τί,</strong></span> <span class='ocrx_word' id='word_1_301' title='bbox 3265 1031 3450 1110; x_wconf 73' lang='grc' dir='ltr'><strong>φησὶν,</strong></span> <span class='ocrx_word' id='word_1_302' title='bbox 3520 1031 3856 1102; x_wconf 81' lang='grc' dir='ltr'><strong>ἐναντιοῦσθε,</strong></span> 
     </span>
    </p>
   </div>
   <div class='ocr_carea' id='block_1_42' title="bbox 2229 1114 3862 1196">
    <p class='ocr_par' dir='ltr' id='par_1_42' title="bbox 2229 1114 3862 1196">
     <span class='ocr_line' id='line_1_42' title="bbox 2229 1114 3862 1196; baseline 0.006 -28"><span class='ocrx_word' id='word_1_303' title='bbox 2229 1114 2318 1168; x_wconf 92' lang='grc' dir='ltr'>καὶ</span> <span class='ocrx_word' id='word_1_304' title='bbox 2360 1115 2474 1189; x_wconf 81' lang='grc' dir='ltr'>οὐχ</span> <span class='ocrx_word' id='word_1_305' title='bbox 2504 1117 2719 1188; x_wconf 76' lang='grc' dir='ltr'><strong>ἡγεῖσθε</strong></span> <span class='ocrx_word' id='word_1_306' title='bbox 2743 1114 2927 1178; x_wconf 85' lang='grc' dir='ltr'><strong>καλῶς</strong></span> <span class='ocrx_word' id='word_1_307' title='bbox 2981 1115 3127 1193; x_wconf 82' lang='grc' dir='ltr'>ἔχειν</span> <span class='ocrx_word' id='word_1_308' title='bbox 3183 1119 3246 1174; x_wconf 88' lang='grc' dir='ltr'><strong>τὸ</strong></span> <span class='ocrx_word' id='word_1_309' title='bbox 3295 1125 3445 1196; x_wconf 79' lang='grc' dir='ltr'>σιγᾷν</span> <span class='ocrx_word' id='word_1_310' title='bbox 3502 1119 3554 1176; x_wconf 74' lang='grc' dir='ltr'>ἐν</span> <span class='ocrx_word' id='word_1_311' title='bbox 3617 1119 3862 1194; x_wconf 72' lang='grc' dir='ltr'>ἐκκλησίᾳ</span> 
     </span>
    </p>
   </div>
   <div class='ocr_carea' id='block_1_43' title="bbox 2228 1203 3864 1284">
    <p class='ocr_par' dir='ltr' id='par_1_43' title="bbox 2228 1203 3864 1284">
     <span class='ocr_line' id='line_1_43' title="bbox 2228 1203 3864 1284; baseline 0.006 -27"><span class='ocrx_word' id='word_1_312' title='bbox 2228 1203 2321 1264; x_wconf 74' lang='grc' dir='ltr'><strong>τὰς</strong></span> <span class='ocrx_word' id='word_1_313' title='bbox 2361 1211 2615 1280; x_wconf 88' lang='grc' dir='ltr'><strong>γυναῖκας</strong></span> <span class='ocrx_word' id='word_1_314' title='bbox 2646 1227 2661 1276; x_wconf 72' lang='grc' dir='ltr'>ς</span> <span class='ocrx_word' id='word_1_315' title='bbox 2696 1207 2861 1262; x_wconf 88' lang='grc' dir='ltr'>Μόνοι</span> <span class='ocrx_word' id='word_1_316' title='bbox 2921 1206 3039 1263; x_wconf 72' lang='grc' dir='ltr'><strong>ἐστὶ</strong></span> <span class='ocrx_word' id='word_1_317' title='bbox 3086 1209 3270 1264; x_wconf 84' lang='grc' dir='ltr'><strong>πιστοὶ</strong></span> <span class='ocrx_word' id='word_1_318' title='bbox 3328 1209 3379 1265; x_wconf 63' lang='grc' dir='ltr'>ἐν</span> <span class='ocrx_word' id='word_1_319' title='bbox 3441 1211 3685 1284; x_wconf 83' lang='grc' dir='ltr'>κόσμῳ;</span> <span class='ocrx_word' id='word_1_320' title='bbox 3742 1209 3864 1271; x_wconf 75' lang='grc' dir='ltr'><strong>Οὕτε</strong></span> 
     </span>
    </p>
   </div>
   <div class='ocr_carea' id='block_1_44' title="bbox 2233 1292 3860 1375">
    <p class='ocr_par' dir='ltr' id='par_1_44' title="bbox 2233 1292 3860 1375">
     <span class='ocr_line' id='line_1_44' title="bbox 2233 1292 3860 1375; baseline 0.008 -29"><span class='ocrx_word' id='word_1_321' title='bbox 2233 1294 2391 1366; x_wconf 88' lang='grc' dir='ltr'>μόνοι</span> <span class='ocrx_word' id='word_1_322' title='bbox 2424 1292 2562 1364; x_wconf 81' lang='grc' dir='ltr'><strong>ἐστὶ,</strong></span> <span class='ocrx_word' id='word_1_323' title='bbox 2595 1296 2749 1370; x_wconf 81' lang='grc' dir='ltr'><strong>φησὶ,</strong></span> <span class='ocrx_word' id='word_1_324' title='bbox 2773 1295 2978 1367; x_wconf 85' lang='grc' dir='ltr'><strong>πιστοὶ,</strong></span> <span class='ocrx_word' id='word_1_325' title='bbox 3013 1295 3136 1354; x_wconf 74' lang='grc' dir='ltr'>οὔτε</span> <span class='ocrx_word' id='word_1_326' title='bbox 3174 1303 3405 1373; x_wconf 81' lang='grc' dir='ltr'><strong>πρῶτοι.</strong></span> <span class='ocrx_word' id='word_1_327' title='bbox 3474 1303 3649 1358; x_wconf 82' lang='grc' dir='ltr'>Τοῦτο</span> <span class='ocrx_word' id='word_1_328' title='bbox 3706 1300 3860 1375; x_wconf 79' lang='grc' dir='ltr'>Λέγει.</span> 
     </span>
    </p>
   </div>
   <div class='ocr_carea' id='block_1_45' title="bbox 2231 1382 3860 1459">
    <p class='ocr_par' dir='ltr' id='par_1_45' title="bbox 2231 1382 3860 1459">
     <span class='ocr_line' id='line_1_45' title="bbox 2231 1382 3860 1459; baseline 0.004 -23"><span class='ocrx_word' id='word_1_329' title='bbox 2231 1384 2265 1453; x_wconf 75' lang='grc' dir='ltr'><strong>ἢ</strong></span> <span class='ocrx_word' id='word_1_330' title='bbox 2299 1383 2380 1436; x_wconf 78' lang='grc' dir='ltr'><strong>ὅτι</strong></span> <span class='ocrx_word' id='word_1_331' title='bbox 2416 1383 2531 1457; x_wconf 77' lang='grc' dir='ltr'>Ἀφ’</span> <span class='ocrx_word' id='word_1_332' title='bbox 2567 1383 2720 1456; x_wconf 83' lang='grc' dir='ltr'>ὑμῶν</span> <span class='ocrx_word' id='word_1_333' title='bbox 2754 1385 2782 1439; x_wconf 93' lang='lat'>6</span> <span class='ocrx_word' id='word_1_334' title='bbox 2815 1382 2982 1459; x_wconf 82' lang='grc' dir='ltr'>λόγος</span> <span class='ocrx_word' id='word_1_335' title='bbox 3020 1390 3117 1440; x_wconf 85' lang='grc' dir='ltr'>τοῦ</span> <span class='ocrx_word' id='word_1_336' title='bbox 3174 1393 3307 1442; x_wconf 86' lang='grc' dir='ltr'>Θεοῦ</span> <span class='ocrx_word' id='word_1_337' title='bbox 3363 1385 3580 1458; x_wconf 71' lang='grc' dir='ltr'>ιξῆλθε.</span> <span class='ocrx_word' id='word_1_338' title='bbox 3640 1394 3726 1444; x_wconf 82' lang='grc' dir='ltr'>Δεῖ</span> <span class='ocrx_word' id='word_1_339' title='bbox 3778 1390 3860 1445; x_wconf 79' lang='grc' dir='ltr'>οὗν</span> 
     </span>
    </p>
   </div>
   <div class='ocr_carea' id='block_1_46' title="bbox 2227 1470 3866 1552">
    <p class='ocr_par' dir='ltr' id='par_1_46' title="bbox 2227 1470 3866 1552">
     <span class='ocr_line' id='line_1_46' title="bbox 2227 1470 3866 1552; baseline 0.005 -26"><span class='ocrx_word' id='word_1_340' title='bbox 2227 1471 2295 1526; x_wconf 77' lang='grc' dir='ltr'><strong>τὰ</strong></span> <span class='ocrx_word' id='word_1_341' title='bbox 2349 1473 2417 1543; x_wconf 81' lang='grc' dir='ltr'><strong>τῇ</strong></span> <span class='ocrx_word' id='word_1_342' title='bbox 2474 1472 2767 1547; x_wconf 73' lang='grc' dir='ltr'>οἰκουμένῃ</span> <span class='ocrx_word' id='word_1_343' title='bbox 2823 1470 3105 1545; x_wconf 84' lang='grc' dir='ltr'><strong>δοκοῦντα,</strong></span> <span class='ocrx_word' id='word_1_344' title='bbox 3182 1476 3272 1532; x_wconf 84' lang='grc' dir='ltr'>καὶ</span> <span class='ocrx_word' id='word_1_345' title='bbox 3354 1477 3480 1551; x_wconf 88' lang='grc' dir='ltr'><strong>παρ’</strong></span> <span class='ocrx_word' id='word_1_346' title='bbox 3568 1478 3694 1550; x_wconf 83' lang='grc' dir='ltr'>ὑμῖν</span> <span class='ocrx_word' id='word_1_347' title='bbox 3747 1498 3866 1552; x_wconf 85' lang='grc' dir='ltr'><strong>κρα-</strong></span> 
     </span>
    </p>
   </div>
   <div class='ocr_carea' id='block_1_47' title="bbox 2228 1582 2361 1616">
    <p class='ocr_par' dir='ltr' id='par_1_47' title="bbox 2228 1582 2361 1616">
     <span class='ocr_line' id='line_1_47' title="bbox 2228 1582 2361 1616; baseline -0.008 0"><span class='ocrx_word' id='word_1_348' title='bbox 2228 1582 2361 1616; x_wconf 86' lang='grc' dir='ltr'><strong>τειν.</strong></span> 
     </span>
    </p>
   </div>
   <div class='ocr_carea' id='block_1_48' title="bbox 2301 1646 3860 1730">
    <p class='ocr_par' dir='ltr' id='par_1_48' title="bbox 2301 1646 3860 1730">
     <span class='ocr_line' id='line_1_48' title="bbox 2301 1646 3860 1730; baseline 0.004 -25"><span class='ocrx_word' id='word_1_349' title='bbox 2301 1647 2372 1705; x_wconf 66' lang='grc' dir='ltr'>Εἴ</span> <span class='ocrx_word' id='word_1_350' title='bbox 2421 1670 2506 1710; x_wconf 82' lang='grc' dir='ltr'><strong>τις</strong></span> <span class='ocrx_word' id='word_1_351' title='bbox 2565 1646 2715 1705; x_wconf 86' lang='grc' dir='ltr'>δοκεῖ</span> <span class='ocrx_word' id='word_1_352' title='bbox 2793 1655 3083 1730; x_wconf 77' lang='grc' dir='ltr'>προφήτης</span> <span class='ocrx_word' id='word_1_353' title='bbox 3161 1656 3302 1710; x_wconf 76' lang='grc' dir='ltr'><strong>εἶναι</strong></span> <span class='ocrx_word' id='word_1_354' title='bbox 3376 1653 3412 1724; x_wconf 73' lang='grc' dir='ltr'><em>ἥ</em></span> <span class='ocrx_word' id='word_1_355' title='bbox 3489 1656 3860 1729; x_wconf 79' lang='grc' dir='ltr'><strong>πνευματικὸς,</strong></span> 
     </span>
    </p>
   </div>
   <div class='ocr_carea' id='block_1_49' title="bbox 2229 1735 3861 1822">
    <p class='ocr_par' dir='ltr' id='par_1_49' title="bbox 2229 1735 3861 1822">
     <span class='ocr_line' id='line_1_49' title="bbox 2229 1735 3861 1822; baseline 0.004 -31"><span class='ocrx_word' id='word_1_356' title='bbox 2229 1735 2637 1815; x_wconf 70' lang='grc' dir='ltr'>ἐπιγινωσκέτω</span> <span class='ocrx_word' id='word_1_357' title='bbox 2739 1737 2773 1794; x_wconf 74' lang='grc' dir='ltr'>ἐξ</span> <span class='ocrx_word' id='word_1_358' title='bbox 2869 1741 3060 1822; x_wconf 71' lang='grc' dir='ltr'>γράφω</span> <span class='ocrx_word' id='word_1_359' title='bbox 3137 1742 3288 1816; x_wconf 81' lang='grc' dir='ltr'>ὑμῖν,</span> <span class='ocrx_word' id='word_1_360' title='bbox 3321 1741 3408 1800; x_wconf 76' lang='grc' dir='ltr'><strong>ὅτι</strong></span> <span class='ocrx_word' id='word_1_361' title='bbox 3465 1739 3668 1821; x_wconf 73' lang='grc' dir='ltr'>Κυρίου</span> <span class='ocrx_word' id='word_1_362' title='bbox 3740 1744 3861 1800; x_wconf 70' lang='grc' dir='ltr'><strong>εΐσὶν</strong></span> 
     </span>
    </p>
   </div>
   <div class='ocr_carea' id='block_1_50' title="bbox 2231 1825 3862 1909">
    <p class='ocr_par' dir='ltr' id='par_1_50' title="bbox 2231 1825 3862 1909">
     <span class='ocr_line' id='line_1_50' title="bbox 2231 1825 3862 1909; baseline 0.004 -27"><span class='ocrx_word' id='word_1_363' title='bbox 2231 1825 2470 1886; x_wconf 72' lang='grc' dir='ltr'><strong>ἰντολαί.</strong></span> <span class='ocrx_word' id='word_1_364' title='bbox 2577 1827 2640 1885; x_wconf 80' lang='grc' dir='ltr'>Εἰ</span> <span class='ocrx_word' id='word_1_365' title='bbox 2734 1827 2791 1884; x_wconf 78' lang='grc' dir='ltr'>δέ</span> <span class='ocrx_word' id='word_1_366' title='bbox 2873 1851 2956 1892; x_wconf 93' lang='grc' dir='ltr'>τις</span> <span class='ocrx_word' id='word_1_367' title='bbox 3059 1831 3265 1907; x_wconf 81' lang='grc' dir='ltr'><strong>ἀγνοεῖ,</strong></span> <span class='ocrx_word' id='word_1_368' title='bbox 3337 1833 3626 1909; x_wconf 80' lang='grc' dir='ltr'><strong>ἀγνοείτω.</strong></span> <span class='ocrx_word' id='word_1_369' title='bbox 3697 1835 3862 1902; x_wconf 81' lang='grc' dir='ltr'><strong>Ὥστε,</strong></span> 
     </span>
    </p>
   </div>
   <div class='ocr_carea' id='block_1_51' title="bbox 2161 1876 3866 1998">
    <p class='ocr_par' dir='ltr' id='par_1_51' title="bbox 2161 1876 3866 1998">
     <span class='ocr_line' id='line_1_51' title="bbox 2233 1876 3862 1909; baseline 0.004 -24"><span class='ocrx_word' id='word_1_370' title='bbox 2233 1876 2470 1886; x_wconf 49' lang='grc' dir='ltr'>νημπ-.</span> <span class='ocrx_word' id='word_1_371' title='bbox 2577 1876 2639 1885; x_wconf 83' lang='grc'>..-</span> <span class='ocrx_word' id='word_1_372' title='bbox 2737 1876 2791 1884; x_wconf 71' lang='grc'>--</span> <span class='ocrx_word' id='word_1_373' title='bbox 2883 1876 2954 1892; x_wconf 59' lang='grc' dir='ltr'>..η</span> <span class='ocrx_word' id='word_1_374' title='bbox 3060 1876 3265 1907; x_wconf 60' lang='grc' dir='ltr'>..ιη-η</span> <span class='ocrx_word' id='word_1_375' title='bbox 3337 1876 3626 1909; x_wconf 61' lang='grc' dir='ltr'>..νυν-υ...</span> <span class='ocrx_word' id='word_1_376' title='bbox 3721 1876 3862 1902; x_wconf 71' lang='grc' dir='ltr'>--νη</span> 
     </span>
     <span class='ocr_line' id='line_1_52' title="bbox 2161 1876 3866 1998; baseline 0.004 -29"><span class='ocrx_word' id='word_1_377' title='bbox 2161 1876 2481 1992; x_wconf 73' lang='grc' dir='ltr'><strong>Βάδελφοὶ,</strong></span> <span class='ocrx_word' id='word_1_378' title='bbox 2544 1915 2781 1987; x_wconf 78' lang='grc' dir='ltr'>ζηλοῦτε</span> <span class='ocrx_word' id='word_1_379' title='bbox 2837 1920 2900 1975; x_wconf 81' lang='grc' dir='ltr'><strong>τὸ</strong></span> <span class='ocrx_word' id='word_1_380' title='bbox 2956 1927 3341 1998; x_wconf 77' lang='grc' dir='ltr'>προφητεύειν,</span> <span class='ocrx_word' id='word_1_381' title='bbox 3397 1922 3487 1978; x_wconf 86' lang='grc' dir='ltr'>καὶ</span> <span class='ocrx_word' id='word_1_382' title='bbox 3543 1921 3606 1978; x_wconf 82' lang='grc' dir='ltr'>τὸ</span> <span class='ocrx_word' id='word_1_383' title='bbox 3691 1921 3866 1978; x_wconf 81' lang='grc' dir='ltr'><strong>Λαλεῖν</strong></span> 
     </span>
    </p>
   </div>
   <div class='ocr_carea' id='block_1_52' title="bbox 2228 2002 3861 2086">
    <p class='ocr_par' dir='ltr' id='par_1_52' title="bbox 2228 2002 3861 2086">
     <span class='ocr_line' id='line_1_53' title="bbox 2228 2002 3861 2086; baseline 0.004 -28"><span class='ocrx_word' id='word_1_384' title='bbox 2228 2002 2501 2080; x_wconf 75' lang='grc' dir='ltr'>γλώσσαις</span> <span class='ocrx_word' id='word_1_385' title='bbox 2534 2007 2611 2080; x_wconf 79' lang='grc' dir='ltr'>μὴ</span> <span class='ocrx_word' id='word_1_386' title='bbox 2646 2005 2908 2064; x_wconf 79' lang='grc' dir='ltr'><strong>κωλύετε.</strong></span> <span class='ocrx_word' id='word_1_387' title='bbox 2943 2010 3120 2065; x_wconf 74' lang='grc' dir='ltr'><strong>Πάντα</strong></span> <span class='ocrx_word' id='word_1_388' title='bbox 3149 2011 3521 2086; x_wconf 82' lang='grc' dir='ltr'>εὐσχημόνως</span> <span class='ocrx_word' id='word_1_389' title='bbox 3554 2013 3686 2068; x_wconf 76' lang='grc' dir='ltr'><strong>κατὰ</strong></span> <span class='ocrx_word' id='word_1_390' title='bbox 3732 2012 3861 2081; x_wconf 80' lang='grc' dir='ltr'><strong>τάξιν</strong></span> 
     </span>
    </p>
   </div>
   <div class='ocr_carea' id='block_1_53' title="bbox 2230 2095 2478 2171">
    <p class='ocr_par' dir='ltr' id='par_1_53' title="bbox 2230 2095 2478 2171">
     <span class='ocr_line' id='line_1_54' title="bbox 2230 2095 2478 2171; baseline 0.008 -21"><span class='ocrx_word' id='word_1_391' title='bbox 2230 2117 2262 2171; x_wconf 84' lang='grc' dir='ltr'>γ</span> <span class='ocrx_word' id='word_1_392' title='bbox 2273 2095 2478 2152; x_wconf 78' lang='grc' dir='ltr'><strong>ινὲσθω.</strong></span> 
     </span>
    </p>
   </div>
   <div class='ocr_carea' id='block_1_54' title="bbox 2309 2181 3863 2265">
    <p class='ocr_par' dir='ltr' id='par_1_54' title="bbox 2309 2181 3863 2265">
     <span class='ocr_line' id='line_1_55' title="bbox 2309 2181 3863 2265; baseline -0.001 -25"><span class='ocrx_word' id='word_1_393' title='bbox 2309 2181 2620 2259; x_wconf 75' lang='grc' dir='ltr'><strong>ΗΟλλαχῶς</strong></span> <span class='ocrx_word' id='word_1_394' title='bbox 2653 2183 2870 2256; x_wconf 71' lang='grc' dir='ltr'>διδάξας</span> <span class='ocrx_word' id='word_1_395' title='bbox 2924 2189 3008 2256; x_wconf 86' lang='grc' dir='ltr'><strong>τὸ,</strong></span> <span class='ocrx_word' id='word_1_396' title='bbox 3068 2185 3179 2243; x_wconf 84' lang='grc' dir='ltr'><strong>δεῖν</strong></span> <span class='ocrx_word' id='word_1_397' title='bbox 3237 2190 3331 2251; x_wconf 78' lang='grc' dir='ltr'>τὰς</span> <span class='ocrx_word' id='word_1_398' title='bbox 3390 2194 3654 2265; x_wconf 80' lang='grc' dir='ltr'>γυναῖκας</span> <span class='ocrx_word' id='word_1_399' title='bbox 3707 2191 3863 2263; x_wconf 78' lang='grc' dir='ltr'><strong>σιγᾷν,</strong></span> 
     </span>
    </p>
   </div>
   <div class='ocr_carea' id='block_1_55' title="bbox 2233 2272 3865 2352">
    <p class='ocr_par' dir='ltr' id='par_1_55' title="bbox 2233 2272 3865 2352">
     <span class='ocr_line' id='line_1_56' title="bbox 2233 2272 3865 2352; baseline 0.004 -26"><span class='ocrx_word' id='word_1_400' title='bbox 2233 2276 2320 2326; x_wconf 90' lang='grc' dir='ltr'>νῦν</span> <span class='ocrx_word' id='word_1_401' title='bbox 2351 2272 2442 2327; x_wconf 89' lang='grc' dir='ltr'>καὶ</span> <span class='ocrx_word' id='word_1_402' title='bbox 2480 2277 2641 2328; x_wconf 85' lang='grc' dir='ltr'>τοῦτο</span> <span class='ocrx_word' id='word_1_403' title='bbox 2664 2275 3044 2349; x_wconf 79' lang='grc' dir='ltr'><strong>προστίθησιν,</strong></span> <span class='ocrx_word' id='word_1_404' title='bbox 3091 2277 3200 2342; x_wconf 78' lang='grc' dir='ltr'><strong>ὃτι,</strong></span> <span class='ocrx_word' id='word_1_405' title='bbox 3259 2277 3416 2352; x_wconf 80' lang='grc' dir='ltr'><strong>φησὶ,</strong></span> <span class='ocrx_word' id='word_1_406' title='bbox 3476 2277 3569 2333; x_wconf 82' lang='grc' dir='ltr'>καὶ</span> <span class='ocrx_word' id='word_1_407' title='bbox 3627 2278 3705 2349; x_wconf 78' lang='grc' dir='ltr'><strong>τῷ</strong></span> <span class='ocrx_word' id='word_1_408' title='bbox 3758 2280 3865 2348; x_wconf 83' lang='grc' dir='ltr'>Θεῷ</span> 
     </span>
    </p>
   </div>
   <div class='ocr_carea' id='block_1_56' title="bbox 2232 2360 3868 2445">
    <p class='ocr_par' dir='ltr' id='par_1_56' title="bbox 2232 2360 3868 2445">
     <span class='ocr_line' id='line_1_57' title="bbox 2232 2360 3868 2445; baseline 0.001 -28"><span class='ocrx_word' id='word_1_409' title='bbox 2232 2367 2392 2417; x_wconf 86' lang='grc' dir='ltr'><strong>τοῦτο</strong></span> <span class='ocrx_word' id='word_1_410' title='bbox 2425 2360 2592 2420; x_wconf 83' lang='grc' dir='ltr'>δοκεῖ.</span> <span class='ocrx_word' id='word_1_411' title='bbox 2628 2363 2698 2421; x_wconf 75' lang='grc' dir='ltr'>Εἴ</span> <span class='ocrx_word' id='word_1_412' title='bbox 2735 2386 2817 2428; x_wconf 83' lang='grc' dir='ltr'>τις</span> <span class='ocrx_word' id='word_1_413' title='bbox 2869 2365 2992 2441; x_wconf 71' lang='grc' dir='ltr'><strong>γὰρ,</strong></span> <span class='ocrx_word' id='word_1_414' title='bbox 3053 2367 3236 2445; x_wconf 75' lang='grc' dir='ltr'><strong>φησὶν,</strong></span> <span class='ocrx_word' id='word_1_415' title='bbox 3293 2365 3328 2436; x_wconf 77' lang='grc' dir='ltr'>ἤ</span> <span class='ocrx_word' id='word_1_416' title='bbox 3390 2369 3687 2442; x_wconf 71' lang='grc' dir='ltr'>προφήτης</span> <span class='ocrx_word' id='word_1_417' title='bbox 3716 2366 3868 2434; x_wconf 82' lang='grc' dir='ltr'><strong>ἐστὶν,</strong></span> 
     </span>
    </p>
   </div>
   <div class='ocr_carea' id='block_1_57' title="bbox 2234 2451 3875 2534">
    <p class='ocr_par' dir='ltr' id='par_1_57' title="bbox 2234 2451 3875 2534">
     <span class='ocr_line' id='line_1_58' title="bbox 2234 2451 3875 2534; baseline 0.002 -29"><span class='ocrx_word' id='word_1_418' title='bbox 2234 2452 2268 2520; x_wconf 69' lang='grc' dir='ltr'>ἢ</span> <span class='ocrx_word' id='word_1_419' title='bbox 2297 2451 2484 2514; x_wconf 84' lang='grc' dir='ltr'><strong>ἄλλως</strong></span> <span class='ocrx_word' id='word_1_420' title='bbox 2516 2454 2877 2526; x_wconf 89' lang='grc' dir='ltr'><strong>πνευματικὸν</strong></span> <span class='ocrx_word' id='word_1_421' title='bbox 2920 2451 3034 2530; x_wconf 80' lang='grc' dir='ltr'><strong>ἔχει</strong></span> <span class='ocrx_word' id='word_1_422' title='bbox 3068 2456 3320 2534; x_wconf 79' lang='grc' dir='ltr'>χάρισμα</span> <span class='ocrx_word' id='word_1_423' title='bbox 3362 2455 3438 2518; x_wconf 86' lang='grc' dir='ltr'><strong>εὶς</strong></span> <span class='ocrx_word' id='word_1_424' title='bbox 3506 2458 3571 2512; x_wconf 83' lang='grc' dir='ltr'><strong>τὸ</strong></span> <span class='ocrx_word' id='word_1_425' title='bbox 3604 2453 3792 2513; x_wconf 73' lang='grc' dir='ltr'>εἶδέναι</span> <span class='ocrx_word' id='word_1_426' title='bbox 3818 2455 3875 2514; x_wconf 76' lang='grc' dir='ltr'><strong>τὰ</strong></span> 
     </span>
    </p>
   </div>
   <div class='ocr_carea' id='block_1_58' title="bbox 2233 2541 3872 2618">
    <p class='ocr_par' dir='ltr' id='par_1_58' title="bbox 2233 2541 3872 2618">
     <span class='ocr_line' id='line_1_59' title="bbox 2233 2541 3872 2618; baseline -0.001 -20"><span class='ocrx_word' id='word_1_427' title='bbox 2233 2541 2549 2618; x_wconf 71' lang='grc' dir='ltr'>γραφόμενα</span> <span class='ocrx_word' id='word_1_428' title='bbox 2575 2543 2700 2617; x_wconf 84' lang='grc' dir='ltr'><strong>παρ’</strong></span> <span class='ocrx_word' id='word_1_429' title='bbox 2751 2541 2909 2615; x_wconf 78' lang='grc' dir='ltr'><strong>ἐμοῦ,</strong></span> <span class='ocrx_word' id='word_1_430' title='bbox 2956 2542 3086 2600; x_wconf 69' lang='grc' dir='ltr'><strong>ἴστω</strong></span> <span class='ocrx_word' id='word_1_431' title='bbox 3144 2547 3228 2601; x_wconf 85' lang='grc' dir='ltr'><strong>δτι</strong></span> <span class='ocrx_word' id='word_1_432' title='bbox 3291 2550 3424 2600; x_wconf 81' lang='grc' dir='ltr'>Θεοῦ</span> <span class='ocrx_word' id='word_1_433' title='bbox 3481 2547 3624 2610; x_wconf 74' lang='grc' dir='ltr'>¹εἰσιν</span> <span class='ocrx_word' id='word_1_434' title='bbox 3679 2542 3872 2600; x_wconf 72' lang='grc' dir='ltr'><strong>ἐντολαὶ</strong></span> 
     </span>
    </p>
   </div>
   <div class='ocr_carea' id='block_1_59' title="bbox 2235 2630 3870 2711">
    <p class='ocr_par' dir='ltr' id='par_1_59' title="bbox 2235 2630 3870 2711">
     <span class='ocr_line' id='line_1_60' title="bbox 2235 2630 3870 2711; baseline 0.002 -24"><span class='ocrx_word' id='word_1_435' title='bbox 2235 2630 2508 2711; x_wconf 66' lang='grc' dir='ltr'><strong>ἅγράφω,</strong></span> <span class='ocrx_word' id='word_1_436' title='bbox 2540 2634 2631 2688; x_wconf 90' lang='grc' dir='ltr'>καὶ</span> <span class='ocrx_word' id='word_1_437' title='bbox 2661 2633 2759 2688; x_wconf 81' lang='grc' dir='ltr'>οὐκ</span> <span class='ocrx_word' id='word_1_438' title='bbox 2788 2634 2878 2710; x_wconf 79' lang='grc' dir='ltr'>ἀφ’</span> <span class='ocrx_word' id='word_1_439' title='bbox 2939 2635 3132 2690; x_wconf 77' lang='grc' dir='ltr'>ἑαυτοῦ</span> <span class='ocrx_word' id='word_1_440' title='bbox 3188 2637 3326 2711; x_wconf 82' lang='grc' dir='ltr'><strong>πρὸς</strong></span> <span class='ocrx_word' id='word_1_441' title='bbox 3380 2641 3553 2692; x_wconf 82' lang='grc' dir='ltr'><strong>ταῦτα</strong></span> <span class='ocrx_word' id='word_1_442' title='bbox 3608 2640 3870 2708; x_wconf 81' lang='grc' dir='ltr'><strong>κινοῦμαι.</strong></span> 
     </span>
    </p>
   </div>
   <div class='ocr_carea' id='block_1_60' title="bbox 2235 2719 3867 2802">
    <p class='ocr_par' dir='ltr' id='par_1_60' title="bbox 2235 2719 3867 2802">
     <span class='ocr_line' id='line_1_61' title="bbox 2235 2719 3867 2802; baseline 0.004 -28"><span class='ocrx_word' id='word_1_443' title='bbox 2235 2721 2301 2778; x_wconf 82' lang='grc' dir='ltr'>Εἰ</span> <span class='ocrx_word' id='word_1_444' title='bbox 2335 2719 2391 2775; x_wconf 81' lang='grc' dir='ltr'><strong>δέ</strong></span> <span class='ocrx_word' id='word_1_445' title='bbox 2420 2742 2501 2783; x_wconf 90' lang='grc' dir='ltr'><strong>τις</strong></span> <span class='ocrx_word' id='word_1_446' title='bbox 2534 2721 2721 2796; x_wconf 82' lang='grc' dir='ltr'>ἀγνοεῖ</span> <span class='ocrx_word' id='word_1_447' title='bbox 2767 2720 2850 2778; x_wconf 80' lang='grc' dir='ltr'><strong>ὅτι</strong></span> <span class='ocrx_word' id='word_1_448' title='bbox 2911 2729 3044 2778; x_wconf 82' lang='grc' dir='ltr'>Θεοῦ</span> <span class='ocrx_word' id='word_1_449' title='bbox 3103 2723 3234 2779; x_wconf 76' lang='grc' dir='ltr'><strong>εἰσιν</strong></span> <span class='ocrx_word' id='word_1_450' title='bbox 3294 2724 3536 2795; x_wconf 76' lang='grc' dir='ltr'><strong>ἐντολαὶ,</strong></span> <span class='ocrx_word' id='word_1_451' title='bbox 3598 2725 3867 2802; x_wconf 79' lang='grc' dir='ltr'><strong>ἀγνοείτω.</strong></span> 
     </span>
    </p>
   </div>
   <div class='ocr_carea' id='block_1_61' title="bbox 2236 2810 3877 2886">
    <p class='ocr_par' dir='ltr' id='par_1_61' title="bbox 2236 2810 3877 2886">
     <span class='ocr_line' id='line_1_62' title="bbox 2236 2810 3877 2886; baseline 0.001 -20"><span class='ocrx_word' id='word_1_452' title='bbox 2236 2811 2550 2880; x_wconf 75' lang='grc' dir='ltr'><strong>Τουτὲστιν,</strong></span> <span class='ocrx_word' id='word_1_453' title='bbox 2580 2812 2721 2886; x_wconf 85' lang='grc' dir='ltr'>Ἐγὼ</span> <span class='ocrx_word' id='word_1_454' title='bbox 2753 2812 2930 2882; x_wconf 76' lang='grc' dir='ltr'><strong>εἶπον,</strong></span> <span class='ocrx_word' id='word_1_455' title='bbox 2963 2813 3052 2866; x_wconf 92' lang='grc' dir='ltr'>καὶ</span> <span class='ocrx_word' id='word_1_456' title='bbox 3085 2815 3114 2869; x_wconf 91' lang='lat'>6</span> <span class='ocrx_word' id='word_1_457' title='bbox 3174 2813 3370 2883; x_wconf 79' lang='grc' dir='ltr'><strong>θέλων,</strong></span> <span class='ocrx_word' id='word_1_458' title='bbox 3431 2815 3722 2884; x_wconf 67' lang='grc' dir='ltr'><strong>πειθέσθω,</strong></span> <span class='ocrx_word' id='word_1_459' title='bbox 3769 2815 3794 2868; x_wconf 91' lang='lat'>6</span> <span class='ocrx_word' id='word_1_460' title='bbox 3825 2810 3877 2870; x_wconf 71' lang='grc' dir='ltr'><strong>δι</strong></span> 
     </span>
    </p>
   </div>
   <div class='ocr_carea' id='block_1_62' title="bbox 2242 2897 3872 2979">
    <p class='ocr_par' dir='ltr' id='par_1_62' title="bbox 2242 2897 3872 2979">
     <span class='ocr_line' id='line_1_63' title="bbox 2242 2897 3872 2979; baseline 0.004 -27"><span class='ocrx_word' id='word_1_461' title='bbox 2242 2900 2316 2972; x_wconf 76' lang='grc' dir='ltr'>μὴ</span> <span class='ocrx_word' id='word_1_462' title='bbox 2352 2897 2546 2967; x_wconf 78' lang='grc' dir='ltr'><strong>Θὲλων,</strong></span> <span class='ocrx_word' id='word_1_463' title='bbox 2579 2901 2608 2955; x_wconf 97' lang='lat'>6&#39;</span> <span class='ocrx_word' id='word_1_464' title='bbox 2635 2900 2781 2964; x_wconf 72' lang='grc' dir='ltr'><strong>θέλει</strong></span> <span class='ocrx_word' id='word_1_465' title='bbox 2822 2901 3068 2957; x_wconf 83' lang='grc' dir='ltr'>ποιείτω.</span> <span class='ocrx_word' id='word_1_466' title='bbox 3104 2903 3184 2960; x_wconf 84' lang='grc' dir='ltr'>Τὸ</span> <span class='ocrx_word' id='word_1_467' title='bbox 3241 2901 3300 2958; x_wconf 75' lang='grc' dir='ltr'><strong>ὃὶ</strong></span> <span class='ocrx_word' id='word_1_468' title='bbox 3329 2907 3494 2959; x_wconf 86' lang='grc' dir='ltr'><strong>ταῦτα</strong></span> <span class='ocrx_word' id='word_1_469' title='bbox 3547 2903 3746 2979; x_wconf 64' lang='grc' dir='ltr'><strong>λεγειν,</strong></span> <span class='ocrx_word' id='word_1_470' title='bbox 3775 2923 3872 2973; x_wconf 84' lang='grc' dir='ltr'>ση-</span> 
     </span>
    </p>
   </div>
   <div class='ocr_carea' id='block_1_63' title="bbox 2242 2985 3875 3068">
    <p class='ocr_par' dir='ltr' id='par_1_63' title="bbox 2242 2985 3875 3068">
     <span class='ocr_line' id='line_1_64' title="bbox 2242 2985 3875 3068; baseline 0.002 -26"><span class='ocrx_word' id='word_1_471' title='bbox 2242 2989 2394 3062; x_wconf 84' lang='grc' dir='ltr'>μεῖόν</span> <span class='ocrx_word' id='word_1_472' title='bbox 2423 2986 2563 3043; x_wconf 76' lang='grc' dir='ltr'><strong>ἐστιν</strong></span> <span class='ocrx_word' id='word_1_473' title='bbox 2599 2985 2796 3063; x_wconf 77' lang='grc' dir='ltr'>ἀνδρὸς</span> <span class='ocrx_word' id='word_1_474' title='bbox 2837 2989 2898 3044; x_wconf 80' lang='grc' dir='ltr'>οὗ</span> <span class='ocrx_word' id='word_1_475' title='bbox 2957 2991 3021 3045; x_wconf 82' lang='grc' dir='ltr'><strong>τὰ</strong></span> <span class='ocrx_word' id='word_1_476' title='bbox 3081 2992 3275 3046; x_wconf 71' lang='grc' dir='ltr'><strong>ἑαυτοῦ</strong></span> <span class='ocrx_word' id='word_1_477' title='bbox 3337 2991 3548 3054; x_wconf 85' lang='grc' dir='ltr'><strong>πάντως</strong></span> <span class='ocrx_word' id='word_1_478' title='bbox 3613 2989 3875 3068; x_wconf 76' lang='grc' dir='ltr'>βουλομέ-</span> 
     </span>
    </p>
   </div>
   <div class='ocr_carea' id='block_1_64' title="bbox 2237 3076 3873 3160">
    <p class='ocr_par' dir='ltr' id='par_1_64' title="bbox 2237 3076 3873 3160">
     <span class='ocr_line' id='line_1_65' title="bbox 2237 3076 3873 3160; baseline 0.002 -30"><span class='ocrx_word' id='word_1_479' title='bbox 2237 3097 2328 3133; x_wconf 90' lang='grc' dir='ltr'>νου</span> <span class='ocrx_word' id='word_1_480' title='bbox 2361 3084 2576 3147; x_wconf 77' lang='grc' dir='ltr'><strong>στῆσαι,</strong></span> <span class='ocrx_word' id='word_1_481' title='bbox 2609 3077 2756 3134; x_wconf 80' lang='grc' dir='ltr'>ἀλλᾶ</span> <span class='ocrx_word' id='word_1_482' title='bbox 2783 3080 2845 3135; x_wconf 87' lang='grc' dir='ltr'><strong>τὸ</strong></span> <span class='ocrx_word' id='word_1_483' title='bbox 2873 3083 3032 3152; x_wconf 85' lang='grc' dir='ltr'>κοινῇ</span> <span class='ocrx_word' id='word_1_484' title='bbox 3091 3076 3364 3160; x_wconf 73' lang='grc' dir='ltr'>συμφέρον</span> <span class='ocrx_word' id='word_1_485' title='bbox 3425 3087 3778 3145; x_wconf 84' lang='grc' dir='ltr'>σκοποῦντος.</span> <span class='ocrx_word' id='word_1_486' title='bbox 3806 3080 3873 3136; x_wconf 85' lang='grc' dir='ltr'>Τὸ</span> 
     </span>
    </p>
   </div>
   <div class='ocr_carea' id='block_1_65' title="bbox 2242 3163 3874 3245">
    <p class='ocr_par' dir='ltr' id='par_1_65' title="bbox 2242 3163 3874 3245">
     <span class='ocr_line' id='line_1_66' title="bbox 2242 3163 3874 3245; baseline 0.002 -24"><span class='ocrx_word' id='word_1_487' title='bbox 2242 3163 2299 3221; x_wconf 81' lang='grc' dir='ltr'><strong>δὶ</strong></span> <span class='ocrx_word' id='word_1_488' title='bbox 2327 3171 2576 3223; x_wconf 88' lang='grc' dir='ltr'>τοιοῦτον</span> <span class='ocrx_word' id='word_1_489' title='bbox 2612 3175 2808 3242; x_wconf 75' lang='grc' dir='ltr'>σχῆμα</span> <span class='ocrx_word' id='word_1_490' title='bbox 2836 3173 2934 3223; x_wconf 85' lang='grc' dir='ltr'>τοῦ</span> <span class='ocrx_word' id='word_1_491' title='bbox 2966 3166 3133 3245; x_wconf 82' lang='grc' dir='ltr'>λόγου</span> <span class='ocrx_word' id='word_1_492' title='bbox 3171 3175 3348 3226; x_wconf 84' lang='grc' dir='ltr'>ποιεῖν</span> <span class='ocrx_word' id='word_1_493' title='bbox 3405 3170 3618 3239; x_wconf 76' lang='grc' dir='ltr'><strong>ε’ὶωθεν,</strong></span> <span class='ocrx_word' id='word_1_494' title='bbox 3651 3169 3768 3235; x_wconf 73' lang='grc' dir='ltr'><strong>ἔνθα</strong></span> <span class='ocrx_word' id='word_1_495' title='bbox 3818 3170 3874 3224; x_wconf 81' lang='grc' dir='ltr'>οὗ</span> 
     </span>
    </p>
   </div>
   <div class='ocr_carea' id='block_1_66' title="bbox 478 3239 2130 3336">
    <p class='ocr_par' dir='ltr' id='par_1_66' title="bbox 478 3263 2130 3333">
     <span class='ocr_line' id='line_1_67' title="bbox 478 3263 2130 3333; baseline 0.001 -15"><span class='ocrx_word' id='word_1_496' title='bbox 478 3264 720 3318; x_wconf 85' lang='lat' dir='ltr'>modum</span> <span class='ocrx_word' id='word_1_497' title='bbox 752 3270 996 3333; x_wconf 58' lang='lat' dir='ltr'>spectat,</span> <span class='ocrx_word' id='word_1_498' title='bbox 1055 3263 1406 3332; x_wconf 84' lang='lat' dir='ltr'>Hujusmodi</span> <span class='ocrx_word' id='word_1_499' title='bbox 1457 3270 1656 3318; x_wconf 90' lang='lat' dir='ltr'>autem</span> <span class='ocrx_word' id='word_1_500' title='bbox 1689 3266 1982 3320; x_wconf 88' lang='lat' dir='ltr'>sermonis</span> <span class='ocrx_word' id='word_1_501' title='bbox 2013 3265 2130 3320; x_wconf 87' lang='lat' dir='ltr'>for-</span> 
     </span>
    </p>
   </div>
   <div class='ocr_carea' id='block_1_67' title="bbox 2241 3239 3879 3336">
    <p class='ocr_par' dir='ltr' id='par_1_67' title="bbox 2249 3239 3879 3336">
     <span class='ocr_line' id='line_1_68' title="bbox 2249 3239 3879 3336; baseline 0.002 -26"><span class='ocrx_word' id='word_1_502' title='bbox 2249 3257 2387 3330; x_wconf 77' lang='grc' dir='ltr'><strong>μὲγα</strong></span> <span class='ocrx_word' id='word_1_503' title='bbox 2415 3255 2524 3311; x_wconf 81' lang='grc' dir='ltr'><strong>ἐστὶ</strong></span> <span class='ocrx_word' id='word_1_504' title='bbox 2564 3239 2955 3333; x_wconf 36' lang='grc' dir='ltr'>τὸ-γινόμενον</span> <span class='ocrx_word' id='word_1_505' title='bbox 3005 3239 3423 3332; x_wconf 67' lang='grc' dir='ltr'>πλημμέλημα.</span> <span class='ocrx_word' id='word_1_506' title='bbox 3483 3261 3548 3316; x_wconf 89' lang='grc' dir='ltr'>Τί</span> <span class='ocrx_word' id='word_1_507' title='bbox 3597 3260 3698 3336; x_wconf 76' lang='grc' dir='ltr'>γὰρ</span> <span class='ocrx_word' id='word_1_508' title='bbox 3757 3255 3879 3334; x_wconf 70' lang='grc' dir='ltr'>μέγα</span> 
     </span>
    </p>
   </div>
   <div class='ocr_carea' id='block_1_68' title="bbox 481 3347 2137 3421">
    <p class='ocr_par' dir='ltr' id='par_1_68' title="bbox 481 3347 2137 3421">
     <span class='ocr_line' id='line_1_69' title="bbox 481 3347 2137 3421; baseline 0.001 -17"><span class='ocrx_word' id='word_1_509' title='bbox 481 3367 640 3404; x_wconf 90' lang='lat' dir='ltr'>mam</span> <span class='ocrx_word' id='word_1_510' title='bbox 679 3351 894 3404; x_wconf 89' lang='lat' dir='ltr'>habere</span> <span class='ocrx_word' id='word_1_511' title='bbox 920 3351 1089 3412; x_wconf 91' lang='lat' dir='ltr'>solet,</span> <span class='ocrx_word' id='word_1_512' title='bbox 1125 3351 1224 3404; x_wconf 90' lang='lat' dir='ltr'>ubi</span> <span class='ocrx_word' id='word_1_513' title='bbox 1257 3367 1375 3405; x_wconf 91' lang='lat' dir='ltr'>non</span> <span class='ocrx_word' id='word_1_514' title='bbox 1433 3351 1654 3421; x_wconf 80' lang='lat' dir='ltr'>grande</span> <span class='ocrx_word' id='word_1_515' title='bbox 1714 3347 1997 3408; x_wconf 75' lang='lat' dir='ltr'>delictum</span> <span class='ocrx_word' id='word_1_516' title='bbox 2048 3358 2137 3407; x_wconf 91' lang='lat' dir='ltr'>est</span> 
     </span>
    </p>
   </div>
   <div class='ocr_carea' id='block_1_69' title="bbox 490 3440 2140 3515">
    <p class='ocr_par' dir='ltr' id='par_1_69' title="bbox 490 3440 2140 3515">
     <span class='ocr_line' id='line_1_70' title="bbox 490 3440 2140 3515; baseline 0.004 -24"><span class='ocrx_word' id='word_1_517' title='bbox 490 3440 647 3508; x_wconf 90' lang='lat' dir='ltr'>quod</span> <span class='ocrx_word' id='word_1_518' title='bbox 681 3440 914 3494; x_wconf 91' lang='lat' dir='ltr'>accidit.</span> <span class='ocrx_word' id='word_1_519' title='bbox 951 3441 1101 3503; x_wconf 84' lang='lat' dir='ltr'>Quid</span> <span class='ocrx_word' id='word_1_520' title='bbox 1133 3440 1290 3493; x_wconf 89' lang='lat' dir='ltr'>enim</span> <span class='ocrx_word' id='word_1_521' title='bbox 1324 3457 1605 3511; x_wconf 90' lang='lat' dir='ltr'>magnum</span> <span class='ocrx_word' id='word_1_522' title='bbox 1659 3448 1749 3497; x_wconf 86' lang='lat' dir='ltr'>est</span> <span class='ocrx_word' id='word_1_523' title='bbox 1787 3443 1833 3498; x_wconf 91' lang='lat' dir='ltr'>si</span> <span class='ocrx_word' id='word_1_524' title='bbox 1867 3445 2140 3515; x_wconf 83' lang='lat' dir='ltr'>ignorent</span> 
     </span>
    </p>
   </div>
   <div class='ocr_carea' id='block_1_70' title="bbox 481 3526 2138 3596">
    <p class='ocr_par' dir='ltr' id='par_1_70' title="bbox 481 3526 2138 3596">
     <span class='ocr_line' id='line_1_71' title="bbox 481 3526 2138 3596; baseline 0.005 -17"><span class='ocrx_word' id='word_1_525' title='bbox 481 3526 583 3579; x_wconf 91' lang='lat' dir='ltr'>Dei</span> <span class='ocrx_word' id='word_1_526' title='bbox 617 3542 748 3580; x_wconf 90' lang='lat' dir='ltr'>esse</span> <span class='ocrx_word' id='word_1_527' title='bbox 799 3532 1091 3596; x_wconf 81' lang='lat' dir='ltr'>praecepta</span> <span class='ocrx_word' id='word_1_528' title='bbox 1113 3533 1178 3580; x_wconf 87' lang='lat' dir='ltr'>ut</span> <span class='ocrx_word' id='word_1_529' title='bbox 1208 3527 1492 3582; x_wconf 86' lang='lat' dir='ltr'>mulieres</span> <span class='ocrx_word' id='word_1_530' title='bbox 1548 3532 1784 3584; x_wconf 83' lang='lat' dir='ltr'>taceant</span> <span class='ocrx_word' id='word_1_531' title='bbox 1815 3531 1842 3583; x_wconf 69' lang='lat'>‘2</span> <span class='ocrx_word' id='word_1_532' title='bbox 1876 3552 1904 3579; x_wconf 75' lang='grc' dir='ltr'>(ι</span> <span class='ocrx_word' id='word_1_533' title='bbox 1937 3533 2138 3586; x_wconf 86' lang='lat' dir='ltr'>Enita-</span> 
     </span>
    </p>
   </div>
   <div class='ocr_carea' id='block_1_71' title="bbox 482 3614 2135 3688">
    <p class='ocr_par' dir='ltr' id='par_1_71' title="bbox 482 3614 2135 3688">
     <span class='ocr_line' id='line_1_72' title="bbox 482 3614 2135 3688; baseline 0.003 -20"><span class='ocrx_word' id='word_1_534' title='bbox 482 3614 630 3668; x_wconf 89' lang='lat' dir='ltr'>mini</span> <span class='ocrx_word' id='word_1_535' title='bbox 663 3614 736 3668; x_wconf 90' lang='lat' dir='ltr'>ad</span> <span class='ocrx_word' id='word_1_536' title='bbox 763 3615 873 3668; x_wconf 87' lang='lat' dir='ltr'>hoc</span> <span class='ocrx_word' id='word_1_537' title='bbox 907 3621 971 3668; x_wconf 89' lang='lat' dir='ltr'>ut</span> <span class='ocrx_word' id='word_1_538' title='bbox 1000 3615 1687 3685; x_wconf 82' lang='lat' dir='ltr'>prophetetis.»Rursum</span> <span class='ocrx_word' id='word_1_539' title='bbox 1711 3617 1867 3672; x_wconf 90' lang='lat' dir='ltr'>unde</span> <span class='ocrx_word' id='word_1_540' title='bbox 1881 3619 2135 3688; x_wconf 84' lang='lat' dir='ltr'>disgres-</span> 
     </span>
    </p>
   </div>
   <div class='ocr_carea' id='block_1_72' title="bbox 482 3704 2138 3778">
    <p class='ocr_par' dir='ltr' id='par_1_72' title="bbox 482 3704 2138 3778">
     <span class='ocr_line' id='line_1_73' title="bbox 482 3704 2138 3778; baseline 0.002 -20"><span class='ocrx_word' id='word_1_541' title='bbox 482 3720 582 3759; x_wconf 90' lang='lat' dir='ltr'>sus</span> <span class='ocrx_word' id='word_1_542' title='bbox 618 3710 708 3758; x_wconf 91' lang='lat' dir='ltr'>est</span> <span class='ocrx_word' id='word_1_543' title='bbox 740 3704 936 3769; x_wconf 88' lang='lat' dir='ltr'>rediit,</span> <span class='ocrx_word' id='word_1_544' title='bbox 960 3709 1017 3758; x_wconf 86' lang='lat' dir='ltr'>et</span> <span class='ocrx_word' id='word_1_545' title='bbox 1050 3705 1340 3774; x_wconf 82' lang='lat' dir='ltr'>majorem</span> <span class='ocrx_word' id='word_1_546' title='bbox 1375 3704 1635 3760; x_wconf 90' lang='lat' dir='ltr'>ostendit</span> <span class='ocrx_word' id='word_1_547' title='bbox 1666 3708 2035 3778; x_wconf 88' lang='lat' dir='ltr'>prophetiam</span> <span class='ocrx_word' id='word_1_548' title='bbox 2067 3725 2138 3762; x_wconf 82' lang='lat' dir='ltr'>ex</span> 
     </span>
    </p>
   </div>
   <div class='ocr_carea' id='block_1_73' title="bbox 483 3793 2137 3867">
    <p class='ocr_par' dir='ltr' id='par_1_73' title="bbox 483 3793 2137 3867">
     <span class='ocr_line' id='line_1_74' title="bbox 483 3793 2137 3867; baseline 0.001 -18"><span class='ocrx_word' id='word_1_549' title='bbox 483 3809 554 3849; x_wconf 82' lang='lat' dir='ltr'>eo</span> <span class='ocrx_word' id='word_1_550' title='bbox 588 3794 743 3864; x_wconf 90' lang='lat' dir='ltr'>quod</span> <span class='ocrx_word' id='word_1_551' title='bbox 777 3795 879 3849; x_wconf 88' lang='lat' dir='ltr'>ait.</span> <span class='ocrx_word' id='word_1_552' title='bbox 916 3793 1238 3849; x_wconf 87' lang='lat' dir='ltr'>Enitamini</span> <span class='ocrx_word' id='word_1_553' title='bbox 1265 3793 1338 3848; x_wconf 90' lang='lat' dir='ltr'>ad</span> <span class='ocrx_word' id='word_1_554' title='bbox 1372 3794 1481 3849; x_wconf 94' lang='lat' dir='ltr'>hoc</span> <span class='ocrx_word' id='word_1_555' title='bbox 1513 3800 1579 3849; x_wconf 91' lang='lat' dir='ltr'>ut</span> <span class='ocrx_word' id='word_1_556' title='bbox 1606 3797 1994 3867; x_wconf 77' lang='lat' dir='ltr'>proplietetis,</span> <span class='ocrx_word' id='word_1_557' title='bbox 2026 3798 2137 3852; x_wconf 83' lang='lat' dir='ltr'>mi-</span> 
     </span>
    </p>
   </div>
   <div class='ocr_carea' id='block_1_74' title="bbox 488 3884 2137 3959">
    <p class='ocr_par' dir='ltr' id='par_1_74' title="bbox 488 3884 2137 3959">
     <span class='ocr_line' id='line_1_75' title="bbox 488 3884 2137 3959; baseline 0.003 -20"><span class='ocrx_word' id='word_1_558' title='bbox 488 3901 696 3939; x_wconf 90' lang='lat' dir='ltr'>norem</span> <span class='ocrx_word' id='word_1_559' title='bbox 731 3891 929 3940; x_wconf 84' lang='lat' dir='ltr'>autem</span> <span class='ocrx_word' id='word_1_560' title='bbox 965 3884 1306 3956; x_wconf 81' lang='lat' dir='ltr'>linguarum</span> <span class='ocrx_word' id='word_1_561' title='bbox 1335 3884 1611 3956; x_wconf 84' lang='lat' dir='ltr'>gratiam:</span> <span class='ocrx_word' id='word_1_562' title='bbox 1646 3887 1924 3951; x_wconf 88' lang='lat' dir='ltr'>aitenim,</span> <span class='ocrx_word' id='word_1_563' title='bbox 1954 3888 2137 3959; x_wconf 89' lang='lat' dir='ltr'>Loqui</span> 
     </span>
    </p>
   </div>
   <div class='ocr_carea' id='block_1_75' title="bbox 488 3972 2135 4044">
    <p class='ocr_par' dir='ltr' id='par_1_75' title="bbox 488 3972 2135 4044">
     <span class='ocr_line' id='line_1_76' title="bbox 488 3972 2135 4044; baseline 0.004 -17"><span class='ocrx_word' id='word_1_564' title='bbox 488 3972 715 4038; x_wconf 81' lang='lat' dir='ltr'>linguis</span> <span class='ocrx_word' id='word_1_565' title='bbox 737 3989 810 4026; x_wconf 94' lang='lat' dir='ltr'>ne</span> <span class='ocrx_word' id='word_1_566' title='bbox 844 3973 1287 4042; x_wconf 88' lang='lat' dir='ltr'>probibueritis.</span> <span class='ocrx_word' id='word_1_567' title='bbox 1315 3973 1536 4028; x_wconf 91' lang='lat' dir='ltr'>Deinde</span> <span class='ocrx_word' id='word_1_568' title='bbox 1560 3976 1822 4044; x_wconf 90' lang='lat' dir='ltr'>primain</span> <span class='ocrx_word' id='word_1_569' title='bbox 1841 3992 2135 4034; x_wconf 85' lang='lat' dir='ltr'>summam</span> 
     </span>
    </p>
   </div>
   <div class='ocr_carea' id='block_1_76' title="bbox 487 4058 2136 4130">
    <p class='ocr_par' dir='ltr' id='par_1_76' title="bbox 487 4058 2136 4130">
     <span class='ocr_line' id='line_1_77' title="bbox 487 4058 2136 4130; baseline 0.005 -17"><span class='ocrx_word' id='word_1_570' title='bbox 487 4058 716 4130; x_wconf 88' lang='lat' dir='ltr'>colligit</span> <span class='ocrx_word' id='word_1_571' title='bbox 749 4075 762 4112; x_wconf 95' lang='lat'>:</span> <span class='ocrx_word' id='word_1_572' title='bbox 797 4080 825 4108; x_wconf 88' lang='grc'><strong>‹‹</strong></span> <span class='ocrx_word' id='word_1_573' title='bbox 853 4059 1086 4127; x_wconf 86' lang='lat' dir='ltr'>Omnia,</span> <span class='ocrx_word' id='word_1_574' title='bbox 1117 4061 1332 4130; x_wconf 87' lang='lat' dir='ltr'>inquit,</span> <span class='ocrx_word' id='word_1_575' title='bbox 1368 4060 1647 4122; x_wconf 85' lang='lat' dir='ltr'>decenter</span> <span class='ocrx_word' id='word_1_576' title='bbox 1701 4071 1756 4122; x_wconf 86' lang='lat' dir='ltr'>et</span> <span class='ocrx_word' id='word_1_577' title='bbox 1809 4067 2136 4128; x_wconf 81' lang='lat' dir='ltr'>secundum</span> 
     </span>
    </p>
   </div>
   <div class='ocr_carea' id='block_1_77' title="bbox 481 4147 2138 4226">
    <p class='ocr_par' dir='ltr' id='par_1_77' title="bbox 481 4147 2138 4226">
     <span class='ocr_line' id='line_1_78' title="bbox 481 4147 2138 4226; baseline 0.005 -24"><span class='ocrx_word' id='word_1_578' title='bbox 481 4147 754 4203; x_wconf 88' lang='lat' dir='ltr'>ordinem</span> <span class='ocrx_word' id='word_1_579' title='bbox 791 4148 954 4202; x_wconf 76' lang='lat' dir='ltr'>flant.</span> <span class='ocrx_word' id='word_1_580' title='bbox 974 4171 1001 4197; x_wconf 83' lang='lat'>»</span> <span class='ocrx_word' id='word_1_581' title='bbox 1030 4149 1362 4205; x_wconf 84' lang='lat' dir='ltr'>Eritautem</span> <span class='ocrx_word' id='word_1_582' title='bbox 1379 4150 1426 4204; x_wconf 89' lang='lat' dir='ltr'>si</span> <span class='ocrx_word' id='word_1_583' title='bbox 1449 4151 1488 4204; x_wconf 93' lang='lat' dir='ltr'>ii</span> <span class='ocrx_word' id='word_1_584' title='bbox 1519 4152 1620 4221; x_wconf 91' lang='lat' dir='ltr'>qui</span> <span class='ocrx_word' id='word_1_585' title='bbox 1651 4152 2138 4226; x_wconf 79' lang='lat' dir='ltr'>linguisloquun-</span> 
     </span>
    </p>
   </div>
   <div class='ocr_carea' id='block_1_78' title="bbox 481 4237 2138 4316">
    <p class='ocr_par' dir='ltr' id='par_1_78' title="bbox 481 4237 2138 4316">
     <span class='ocr_line' id='line_1_79' title="bbox 481 4237 2138 4316; baseline 0.005 -23"><span class='ocrx_word' id='word_1_586' title='bbox 481 4241 581 4293; x_wconf 81' lang='lat' dir='ltr'>tur</span> <span class='ocrx_word' id='word_1_587' title='bbox 613 4237 738 4291; x_wconf 89' lang='lat' dir='ltr'>bini</span> <span class='ocrx_word' id='word_1_588' title='bbox 771 4243 873 4292; x_wconf 86' lang='lat' dir='ltr'>aut</span> <span class='ocrx_word' id='word_1_589' title='bbox 903 4238 1054 4293; x_wconf 90' lang='lat' dir='ltr'>terni</span> <span class='ocrx_word' id='word_1_590' title='bbox 1089 4237 1410 4309; x_wconf 90' lang='lat' dir='ltr'>loquantur</span> <span class='ocrx_word' id='word_1_591' title='bbox 1467 4247 1526 4295; x_wconf 90' lang='lat' dir='ltr'>et</span> <span class='ocrx_word' id='word_1_592' title='bbox 1557 4242 1852 4300; x_wconf 89' lang='lat' dir='ltr'>vicissim:</span> <span class='ocrx_word' id='word_1_593' title='bbox 1886 4251 1946 4300; x_wconf 87' lang='lat' dir='ltr'>et</span> <span class='ocrx_word' id='word_1_594' title='bbox 2001 4263 2138 4316; x_wconf 88' lang='lat' dir='ltr'>pro-</span> 
     </span>
    </p>
   </div>
   <div class='ocr_carea' id='block_1_79' title="bbox 484 4325 2137 4399">
    <p class='ocr_par' dir='ltr' id='par_1_79' title="bbox 484 4325 2137 4399">
     <span class='ocr_line' id='line_1_80' title="bbox 484 4325 2137 4399; baseline 0.005 -19"><span class='ocrx_word' id='word_1_595' title='bbox 484 4325 680 4399; x_wconf 79' lang='lat' dir='ltr'>phetas</span> <span class='ocrx_word' id='word_1_596' title='bbox 714 4327 825 4382; x_wconf 86' lang='lat' dir='ltr'>sibi</span> <span class='ocrx_word' id='word_1_597' title='bbox 859 4333 1064 4382; x_wconf 91' lang='lat' dir='ltr'>mutuo</span> <span class='ocrx_word' id='word_1_598' title='bbox 1096 4328 1329 4395; x_wconf 87' lang='lat' dir='ltr'>cedant,</span> <span class='ocrx_word' id='word_1_599' title='bbox 1362 4345 1430 4384; x_wconf 86' lang='lat' dir='ltr'>ac</span> <span class='ocrx_word' id='word_1_600' title='bbox 1459 4330 1740 4386; x_wconf 85' lang='lat' dir='ltr'>mulieres</span> <span class='ocrx_word' id='word_1_601' title='bbox 1772 4333 1832 4388; x_wconf 90' lang='lat' dir='ltr'>in</span> <span class='ocrx_word' id='word_1_602' title='bbox 1861 4333 2137 4390; x_wconf 86' lang='lat' dir='ltr'>Ecclesiis</span> 
     </span>
    </p>
   </div>
   <div class='ocr_carea' id='block_1_80' title="bbox 482 4414 2040 4472">
    <p class='ocr_par' dir='ltr' id='par_1_80' title="bbox 482 4414 2040 4472">
     <span class='ocr_line' id='line_1_81' title="bbox 482 4414 2040 4472; baseline 0.013 -3"><span class='ocrx_word' id='word_1_603' title='bbox 482 4420 741 4472; x_wconf 80' lang='lat' dir='ltr'>taceant.</span> <span class='ocrx_word' id='word_1_604' title='bbox 2036 4414 2040 4415; x_wconf 16' lang='grc' dir='ltr'><em>ν</em></span> 
     </span>
    </p>
   </div>
   <div class='ocr_carea' id='block_1_81' title="bbox 1018 4504 1600 4562">
    <p class='ocr_par' dir='ltr' id='par_1_81' title="bbox 1018 4504 1600 4562">
     <span class='ocr_line' id='line_1_82' title="bbox 1018 4504 1600 4562; baseline 0 -2"><span class='ocrx_word' id='word_1_605' title='bbox 1018 4504 1166 4560; x_wconf 76' lang='grc'>567</span> <span class='ocrx_word' id='word_1_606' title='bbox 1229 4504 1462 4560; x_wconf 81' lang='lat' dir='ltr'>CAPUT</span> <span class='ocrx_word' id='word_1_607' title='bbox 1510 4507 1600 4562; x_wconf 80' lang='lat' dir='ltr'>IX.</span> 
     </span>
    </p>
   </div>
   <div class='ocr_carea' id='block_1_82' title="bbox 694 4596 1915 4664">
    <p class='ocr_par' dir='ltr' id='par_1_82' title="bbox 694 4596 1915 4664">
     <span class='ocr_line' id='line_1_83' title="bbox 694 4596 1915 4664; baseline 0.003 -16"><span class='ocrx_word' id='word_1_608' title='bbox 694 4597 770 4651; x_wconf 85' lang='lat' dir='ltr'>De</span> <span class='ocrx_word' id='word_1_609' title='bbox 800 4596 1102 4650; x_wconf 79' lang='lat' dir='ltr'>universali</span> <span class='ocrx_word' id='word_1_610' title='bbox 1155 4611 1445 4664; x_wconf 81' lang='lat' dir='ltr'>corporum</span> <span class='ocrx_word' id='word_1_611' title='bbox 1502 4601 1915 4654; x_wconf 76' lang='lat' dir='ltr'>resurrectione.</span> 
     </span>
    </p>
   </div>
   <div class='ocr_carea' id='block_1_83' title="bbox 555 4685 2130 4762">
    <p class='ocr_par' dir='ltr' id='par_1_83' title="bbox 555 4685 2130 4762">
     <span class='ocr_line' id='line_1_84' title="bbox 555 4685 2130 4762; baseline 0.003 -22"><span class='ocrx_word' id='word_1_612' title='bbox 555 4687 660 4751; x_wconf 79' lang='lat' dir='ltr'>XV,</span> <span class='ocrx_word' id='word_1_613' title='bbox 695 4690 744 4750; x_wconf 74' lang='lat'>4,</span> <span class='ocrx_word' id='word_1_614' title='bbox 773 4688 826 4739; x_wconf 83' lang='lat'>2.</span> <span class='ocrx_word' id='word_1_615' title='bbox 863 4709 889 4734; x_wconf 82' lang='lat'><strong>«</strong></span> <span class='ocrx_word' id='word_1_616' title='bbox 929 4687 1139 4739; x_wconf 87' lang='lat' dir='ltr'>Notum</span> <span class='ocrx_word' id='word_1_617' title='bbox 1175 4692 1374 4739; x_wconf 87' lang='lat' dir='ltr'>autem</span> <span class='ocrx_word' id='word_1_618' title='bbox 1435 4685 1597 4740; x_wconf 82' lang='lat' dir='ltr'>vobis</span> <span class='ocrx_word' id='word_1_619' title='bbox 1656 4686 1832 4753; x_wconf 84' lang='lat' dir='ltr'>facio,</span> <span class='ocrx_word' id='word_1_620' title='bbox 1896 4687 2130 4762; x_wconf 81' lang='lat' dir='ltr'>fratres,</span> 
     </span>
    </p>
   </div>
   <div class='ocr_carea' id='block_1_84' title="bbox 480 4774 2134 4847">
    <p class='ocr_par' dir='ltr' id='par_1_84' title="bbox 480 4774 2134 4847">
     <span class='ocr_line' id='line_1_85' title="bbox 480 4774 2134 4847; baseline 0.008 -23"><span class='ocrx_word' id='word_1_621' title='bbox 480 4797 508 4825; x_wconf 78' lang='grc' dir='ltr'>(ι</span> <span class='ocrx_word' id='word_1_622' title='bbox 541 4775 943 4846; x_wconf 83' lang='lat' dir='ltr'>Evangelium,</span> <span class='ocrx_word' id='word_1_623' title='bbox 970 4775 1128 4845; x_wconf 91' lang='lat' dir='ltr'>quod</span> <span class='ocrx_word' id='word_1_624' title='bbox 1145 4775 1494 4830; x_wconf 76' lang='lat' dir='ltr'>annuntiavi</span> <span class='ocrx_word' id='word_1_625' title='bbox 1519 4774 1866 4847; x_wconf 87' lang='lat' dir='ltr'>vobis.quod</span> <span class='ocrx_word' id='word_1_626' title='bbox 1886 4784 1943 4832; x_wconf 90' lang='lat' dir='ltr'>et</span> <span class='ocrx_word' id='word_1_627' title='bbox 1963 4794 2134 4836; x_wconf 87' lang='lat' dir='ltr'>acce-</span> 
     </span>
    </p>
   </div>
   <div class='ocr_carea' id='block_1_85' title="bbox 483 4864 2131 4934">
    <p class='ocr_par' dir='ltr' id='par_1_85' title="bbox 483 4864 2131 4934">
     <span class='ocr_line' id='line_1_86' title="bbox 483 4864 2131 4934; baseline 0.007 -21"><span class='ocrx_word' id='word_1_628' title='bbox 483 4887 512 4912; x_wconf 79' lang='grc'><em>‹‹</em></span> <span class='ocrx_word' id='word_1_629' title='bbox 533 4864 724 4934; x_wconf 85' lang='lat' dir='ltr'>pistis,</span> <span class='ocrx_word' id='word_1_630' title='bbox 761 4864 818 4916; x_wconf 87' lang='lat' dir='ltr'>in</span> <span class='ocrx_word' id='word_1_631' title='bbox 843 4880 959 4932; x_wconf 88' lang='lat' dir='ltr'>quo</span> <span class='ocrx_word' id='word_1_632' title='bbox 982 4870 1040 4918; x_wconf 89' lang='lat' dir='ltr'>et</span> <span class='ocrx_word' id='word_1_633' title='bbox 1057 4865 1244 4930; x_wconf 89' lang='lat' dir='ltr'>statis,</span> <span class='ocrx_word' id='word_1_634' title='bbox 1281 4879 1384 4934; x_wconf 90' lang='lat' dir='ltr'>per</span> <span class='ocrx_word' id='word_1_635' title='bbox 1404 4864 1558 4933; x_wconf 88' lang='lat' dir='ltr'>quod</span> <span class='ocrx_word' id='word_1_636' title='bbox 1583 4869 1639 4918; x_wconf 92' lang='lat' dir='ltr'>et</span> <span class='ocrx_word' id='word_1_637' title='bbox 1655 4865 1908 4922; x_wconf 89' lang='lat' dir='ltr'>salutem</span> <span class='ocrx_word' id='word_1_638' title='bbox 1925 4884 2131 4924; x_wconf 84' lang='lat' dir='ltr'>conse-</span> 
     </span>
    </p>
   </div>
   <div class='ocr_carea' id='block_1_86' title="bbox 485 4953 2128 5024">
    <p class='ocr_par' dir='ltr' id='par_1_86' title="bbox 485 4953 2128 5024">
     <span class='ocr_line' id='line_1_87' title="bbox 485 4953 2128 5024; baseline 0.008 -21"><span class='ocrx_word' id='word_1_639' title='bbox 485 4976 513 5003; x_wconf 89' lang='grc'>‹‹</span> <span class='ocrx_word' id='word_1_640' title='bbox 536 4953 811 5023; x_wconf 88' lang='lat' dir='ltr'>quimini,</span> <span class='ocrx_word' id='word_1_641' title='bbox 839 4969 952 5023; x_wconf 91' lang='lat' dir='ltr'>quo</span> <span class='ocrx_word' id='word_1_642' title='bbox 977 4970 1250 5009; x_wconf 89' lang='lat' dir='ltr'>sermone</span> <span class='ocrx_word' id='word_1_643' title='bbox 1277 4955 1683 5010; x_wconf 87' lang='lat' dir='ltr'>annuntiarim</span> <span class='ocrx_word' id='word_1_644' title='bbox 1706 4955 1945 5024; x_wconf 85' lang='lat' dir='ltr'>vobis,si</span> <span class='ocrx_word' id='word_1_645' title='bbox 1967 4965 2128 5016; x_wconf 79' lang='lat' dir='ltr'>teno-</span> 
     </span>
    </p>
   </div>
   <div class='ocr_carea' id='block_1_87' title="bbox 486 5041 1491 5108">
    <p class='ocr_par' dir='ltr' id='par_1_87' title="bbox 486 5041 1491 5108">
     <span class='ocr_line' id='line_1_88' title="bbox 486 5041 1491 5108; baseline 0.001 -17"><span class='ocrx_word' id='word_1_646' title='bbox 486 5067 512 5092; x_wconf 84' lang='grc'><em>‹‹</em></span> <span class='ocrx_word' id='word_1_647' title='bbox 547 5043 644 5108; x_wconf 87' lang='lat' dir='ltr'>tis,</span> <span class='ocrx_word' id='word_1_648' title='bbox 679 5041 792 5094; x_wconf 90' lang='lat' dir='ltr'>nisi</span> <span class='ocrx_word' id='word_1_649' title='bbox 824 5042 1042 5096; x_wconf 87' lang='lat' dir='ltr'>frustra</span> <span class='ocrx_word' id='word_1_650' title='bbox 1071 5042 1426 5098; x_wconf 88' lang='lat' dir='ltr'>credidistis.</span> <span class='ocrx_word' id='word_1_651' title='bbox 1464 5065 1491 5093; x_wconf 83' lang='lat'><strong>»</strong></span> 
     </span>
    </p>
   </div>
   <div class='ocr_carea' id='block_1_88' title="bbox 561 5131 2134 5194">
    <p class='ocr_par' dir='ltr' id='par_1_88' title="bbox 561 5131 2134 5194">
     <span class='ocr_line' id='line_1_89' title="bbox 561 5131 2134 5194; baseline 0.006 -9"><span class='ocrx_word' id='word_1_652' title='bbox 561 5131 644 5185; x_wconf 86' lang='lat' dir='ltr'>Ad</span> <span class='ocrx_word' id='word_1_653' title='bbox 679 5146 1014 5184; x_wconf 88' lang='lat' dir='ltr'>sermonem</span> <span class='ocrx_word' id='word_1_654' title='bbox 1049 5131 1120 5185; x_wconf 84' lang='lat' dir='ltr'>de</span> <span class='ocrx_word' id='word_1_655' title='bbox 1145 5134 1582 5189; x_wconf 87' lang='lat' dir='ltr'>resurrectione</span> <span class='ocrx_word' id='word_1_656' title='bbox 1615 5135 1862 5191; x_wconf 85' lang='lat' dir='ltr'>accedit.</span> <span class='ocrx_word' id='word_1_657' title='bbox 1894 5138 1991 5192; x_wconf 81' lang='lat' dir='ltr'>Ait</span> <span class='ocrx_word' id='word_1_658' title='bbox 2038 5155 2134 5194; x_wconf 91' lang='lat' dir='ltr'>au-</span> 
     </span>
    </p>
   </div>
   <div class='ocr_carea' id='block_1_89' title="bbox 486 5218 2131 5299">
    <p class='ocr_par' dir='ltr' id='par_1_89' title="bbox 486 5218 2131 5299">
     <span class='ocr_line' id='line_1_90' title="bbox 486 5218 2131 5299; baseline 0.007 -27"><span class='ocrx_word' id='word_1_659' title='bbox 486 5226 645 5275; x_wconf 89' lang='lat' dir='ltr'>tem:</span> <span class='ocrx_word' id='word_1_660' title='bbox 676 5218 835 5273; x_wconf 88' lang='lat' dir='ltr'>Nihil</span> <span class='ocrx_word' id='word_1_661' title='bbox 884 5235 1102 5274; x_wconf 87' lang='lat' dir='ltr'>novum</span> <span class='ocrx_word' id='word_1_662' title='bbox 1158 5221 1321 5275; x_wconf 87' lang='lat' dir='ltr'>vobis</span> <span class='ocrx_word' id='word_1_663' title='bbox 1372 5221 1587 5288; x_wconf 91' lang='lat' dir='ltr'>dicam,</span> <span class='ocrx_word' id='word_1_664' title='bbox 1643 5223 1748 5279; x_wconf 89' lang='lat' dir='ltr'>sed</span> <span class='ocrx_word' id='word_1_665' title='bbox 1805 5227 1960 5296; x_wconf 91' lang='lat' dir='ltr'>quod</span> <span class='ocrx_word' id='word_1_666' title='bbox 2004 5228 2131 5299; x_wconf 87' lang='lat' dir='ltr'>jam</span> 
     </span>
    </p>
   </div>
   <div class='ocr_carea' id='block_1_90' title="bbox 484 5309 2132 5376">
    <p class='ocr_par' dir='ltr' id='par_1_90' title="bbox 484 5309 2132 5376">
     <span class='ocr_line' id='line_1_91' title="bbox 484 5309 2132 5376; baseline 0.004 -12"><span class='ocrx_word' id='word_1_667' title='bbox 484 5316 689 5364; x_wconf 88' lang='lat' dir='ltr'>notum</span> <span class='ocrx_word' id='word_1_668' title='bbox 721 5309 884 5363; x_wconf 90' lang='lat' dir='ltr'>vobis</span> <span class='ocrx_word' id='word_1_669' title='bbox 917 5309 1136 5365; x_wconf 88' lang='lat' dir='ltr'>factum</span> <span class='ocrx_word' id='word_1_670' title='bbox 1163 5316 1476 5376; x_wconf 89' lang='lat' dir='ltr'>est,verum</span> <span class='ocrx_word' id='word_1_671' title='bbox 1499 5313 1560 5367; x_wconf 90' lang='lat' dir='ltr'>in</span> <span class='ocrx_word' id='word_1_672' title='bbox 1585 5314 2132 5372; x_wconf 83' lang='lat' dir='ltr'>oblivionemvenit.</span> 
     </span>
    </p>
   </div>
   <div class='ocr_carea' id='block_1_91' title="bbox 487 5398 2130 5465">
    <p class='ocr_par' dir='ltr' id='par_1_91' title="bbox 487 5398 2130 5465">
     <span class='ocr_line' id='line_1_92' title="bbox 487 5398 2130 5465; baseline 0.004 -11"><span class='ocrx_word' id='word_1_673' title='bbox 487 5401 630 5454; x_wconf 89' lang='lat' dir='ltr'>Nam</span> <span class='ocrx_word' id='word_1_674' title='bbox 663 5405 868 5453; x_wconf 92' lang='lat' dir='ltr'>notum</span> <span class='ocrx_word' id='word_1_675' title='bbox 902 5398 1071 5462; x_wconf 88' lang='lat' dir='ltr'>facio,</span> <span class='ocrx_word' id='word_1_676' title='bbox 1113 5399 1170 5454; x_wconf 88' lang='lat' dir='ltr'>id</span> <span class='ocrx_word' id='word_1_677' title='bbox 1203 5405 1310 5465; x_wconf 88' lang='lat' dir='ltr'>est,</span> <span class='ocrx_word' id='word_1_678' title='bbox 1345 5401 1418 5455; x_wconf 83' lang='lat' dir='ltr'>ad</span> <span class='ocrx_word' id='word_1_679' title='bbox 1478 5405 1830 5458; x_wconf 90' lang='lat' dir='ltr'>memoriam</span> <span class='ocrx_word' id='word_1_680' title='bbox 1890 5406 2130 5460; x_wconf 91' lang='lat' dir='ltr'>reduco.</span> 
     </span>
    </p>
   </div>
   <div class='ocr_carea' id='block_1_92' title="bbox 489 5487 2137 5563">
    <p class='ocr_par' dir='ltr' id='par_1_92' title="bbox 489 5487 2137 5563">
     <span class='ocr_line' id='line_1_93' title="bbox 489 5487 2137 5563; baseline 0.005 -21"><span class='ocrx_word' id='word_1_681' title='bbox 489 5491 716 5542; x_wconf 86' lang='lat' dir='ltr'>Vocans</span> <span class='ocrx_word' id='word_1_682' title='bbox 749 5493 947 5542; x_wconf 88' lang='lat' dir='ltr'>autem</span> <span class='ocrx_word' id='word_1_683' title='bbox 977 5487 1209 5555; x_wconf 87' lang='lat' dir='ltr'>fratres,</span> <span class='ocrx_word' id='word_1_684' title='bbox 1256 5489 1434 5544; x_wconf 90' lang='lat' dir='ltr'>simul</span> <span class='ocrx_word' id='word_1_685' title='bbox 1493 5491 1733 5559; x_wconf 91' lang='lat' dir='ltr'>quidem</span> <span class='ocrx_word' id='word_1_686' title='bbox 1786 5494 1944 5563; x_wconf 89' lang='lat' dir='ltr'>ipsos</span> <span class='ocrx_word' id='word_1_687' title='bbox 1976 5495 2137 5549; x_wconf 87' lang='lat' dir='ltr'>miti-</span> 
     </span>
    </p>
   </div>
   <div class='ocr_carea' id='block_1_93' title="bbox 487 5575 2135 5649">
    <p class='ocr_par' dir='ltr' id='par_1_93' title="bbox 487 5575 2135 5649">
     <span class='ocr_line' id='line_1_94' title="bbox 487 5575 2135 5649; baseline 0.005 -18"><span class='ocrx_word' id='word_1_688' title='bbox 487 5584 605 5649; x_wconf 84' lang='lat' dir='ltr'>gat,</span> <span class='ocrx_word' id='word_1_689' title='bbox 640 5575 818 5631; x_wconf 90' lang='lat' dir='ltr'>simul</span> <span class='ocrx_word' id='word_1_690' title='bbox 849 5577 1028 5631; x_wconf 89' lang='lat' dir='ltr'>etiam</span> <span class='ocrx_word' id='word_1_691' title='bbox 1058 5577 1278 5632; x_wconf 87' lang='lat' dir='ltr'>Christi</span> <span class='ocrx_word' id='word_1_692' title='bbox 1311 5579 1604 5632; x_wconf 90' lang='lat' dir='ltr'>donorum</span> <span class='ocrx_word' id='word_1_693' title='bbox 1663 5584 1950 5638; x_wconf 88' lang='lat' dir='ltr'>meminit.</span> <span class='ocrx_word' id='word_1_694' title='bbox 1991 5587 2135 5639; x_wconf 81' lang='lat' dir='ltr'>Nam</span> 
     </span>
    </p>
   </div>
   <div class='ocr_carea' id='block_1_94' title="bbox 489 5665 2134 5736">
    <p class='ocr_par' dir='ltr' id='par_1_94' title="bbox 489 5665 2134 5736">
     <span class='ocr_line' id='line_1_95' title="bbox 489 5665 2134 5736; baseline 0.005 -16"><span class='ocrx_word' id='word_1_695' title='bbox 489 5683 595 5736; x_wconf 87' lang='lat' dir='ltr'>per</span> <span class='ocrx_word' id='word_1_696' title='bbox 617 5666 805 5736; x_wconf 88' lang='lat' dir='ltr'>ipsius</span> <span class='ocrx_word' id='word_1_697' title='bbox 835 5665 1149 5720; x_wconf 87' lang='lat' dir='ltr'>adventum</span> <span class='ocrx_word' id='word_1_698' title='bbox 1181 5667 1242 5720; x_wconf 93' lang='lat' dir='ltr'>in</span> <span class='ocrx_word' id='word_1_699' title='bbox 1296 5667 1706 5722; x_wconf 88' lang='lat' dir='ltr'>incarnatione</span> <span class='ocrx_word' id='word_1_700' title='bbox 1752 5686 1960 5726; x_wconf 88' lang='lat' dir='ltr'>omnes</span> <span class='ocrx_word' id='word_1_701' title='bbox 1998 5674 2134 5728; x_wconf 88' lang='lat' dir='ltr'>facti</span> 
     </span>
    </p>
   </div>
   <div class='ocr_carea' id='block_1_95' title="bbox 2163 4595 2210 4662">
    <p class='ocr_par' dir='ltr' id='par_1_95' title="bbox 2163 4595 2210 4662">
     <span class='ocr_line' id='line_1_96' title="bbox 2163 4595 2210 4662; baseline -0.085 0"><span class='ocrx_word' id='word_1_702' title='bbox 2163 4595 2210 4662; x_wconf 70' lang='lat' dir='ltr'>li</span> 
     </span>
    </p>
   </div>
   <div class='ocr_carea' id='block_1_96' title="bbox 2244 3346 3881 3422">
    <p class='ocr_par' dir='ltr' id='par_1_96' title="bbox 2244 3346 3881 3422">
     <span class='ocr_line' id='line_1_97' title="bbox 2244 3346 3881 3422; baseline -0.001 -22"><span class='ocrx_word' id='word_1_703' title='bbox 2244 3347 2307 3400; x_wconf 83' lang='grc' dir='ltr'><strong>τὸ</strong></span> <span class='ocrx_word' id='word_1_704' title='bbox 2347 3347 2560 3421; x_wconf 77' lang='grc' dir='ltr'><strong>ἀγνοεῖν</strong></span> <span class='ocrx_word' id='word_1_705' title='bbox 2595 3346 2811 3413; x_wconf 74' lang='grc' dir='ltr'><strong>αὐτοὺς,</strong></span> <span class='ocrx_word' id='word_1_706' title='bbox 2845 3348 2927 3403; x_wconf 80' lang='grc' dir='ltr'><strong>ὅτι</strong></span> <span class='ocrx_word' id='word_1_707' title='bbox 2969 3352 3104 3404; x_wconf 83' lang='grc' dir='ltr'>Θεοῦ</span> <span class='ocrx_word' id='word_1_708' title='bbox 3163 3347 3296 3403; x_wconf 75' lang='grc' dir='ltr'>εἶσιν</span> <span class='ocrx_word' id='word_1_709' title='bbox 3353 3349 3570 3404; x_wconf 70' lang='grc' dir='ltr'><strong>ἐντολαὶ</strong></span> <span class='ocrx_word' id='word_1_710' title='bbox 3631 3351 3694 3404; x_wconf 84' lang='grc' dir='ltr'><strong>τὸ</strong></span> <span class='ocrx_word' id='word_1_711' title='bbox 3746 3352 3881 3422; x_wconf 85' lang='grc' dir='ltr'><strong>σιγᾷν</strong></span> 
     </span>
    </p>
   </div>
   <div class='ocr_carea' id='block_1_97' title="bbox 2243 3435 3878 3512">
    <p class='ocr_par' dir='ltr' id='par_1_97' title="bbox 2243 3435 3878 3512">
     <span class='ocr_line' id='line_1_98' title="bbox 2243 3435 3878 3512; baseline -0.001 -22"><span class='ocrx_word' id='word_1_712' title='bbox 2243 3435 2339 3495; x_wconf 75' lang='grc' dir='ltr'>τὰς</span> <span class='ocrx_word' id='word_1_713' title='bbox 2369 3442 2626 3510; x_wconf 78' lang='grc' dir='ltr'><strong>γυναῖκας</strong></span> <span class='ocrx_word' id='word_1_714' title='bbox 2662 3455 2675 3503; x_wconf 89' lang='grc'><strong>;</strong></span> <span class='ocrx_word' id='word_1_715' title='bbox 2709 3462 2735 3488; x_wconf 78' lang='grc' dir='ltr'><strong>(ι</strong></span> <span class='ocrx_word' id='word_1_716' title='bbox 2796 3436 3037 3506; x_wconf 90' lang='grc' dir='ltr'>Ζηλοῦτε</span> <span class='ocrx_word' id='word_1_717' title='bbox 3092 3437 3164 3491; x_wconf 35' lang='grc' dir='ltr'><strong>τὸ.</strong></span> <span class='ocrx_word' id='word_1_718' title='bbox 3211 3438 3590 3512; x_wconf 70' lang='grc' dir='ltr'>προφητεύειν.</span> <span class='ocrx_word' id='word_1_719' title='bbox 3630 3463 3657 3490; x_wconf 69' lang='grc' dir='ltr'>ιι</span> <span class='ocrx_word' id='word_1_720' title='bbox 3723 3435 3878 3494; x_wconf 79' lang='grc' dir='ltr'><strong>Πάλιν</strong></span> 
     </span>
    </p>
   </div>
   <div class='ocr_carea' id='block_1_98' title="bbox 2246 3521 3882 3597">
    <p class='ocr_par' dir='ltr' id='par_1_98' title="bbox 2246 3521 3882 3597">
     <span class='ocr_line' id='line_1_99' title="bbox 2246 3521 3882 3597; baseline 0.002 -21"><span class='ocrx_word' id='word_1_721' title='bbox 2246 3521 2545 3593; x_wconf 76' lang='grc' dir='ltr'><strong>ἐπανῆλθεν</strong></span> <span class='ocrx_word' id='word_1_722' title='bbox 2603 3525 2718 3580; x_wconf 79' lang='grc' dir='ltr'><strong>ὅθεν</strong></span> <span class='ocrx_word' id='word_1_723' title='bbox 2777 3523 2993 3594; x_wconf 72' lang='grc' dir='ltr'><strong>ἐξῆλθε,</strong></span> <span class='ocrx_word' id='word_1_724' title='bbox 3052 3525 3143 3580; x_wconf 84' lang='grc' dir='ltr'>καὶ</span> <span class='ocrx_word' id='word_1_725' title='bbox 3233 3527 3453 3597; x_wconf 82' lang='grc' dir='ltr'><strong>μείζονα</strong></span> <span class='ocrx_word' id='word_1_726' title='bbox 3515 3524 3751 3584; x_wconf 79' lang='grc' dir='ltr'><strong>δείκνυσι</strong></span> <span class='ocrx_word' id='word_1_727' title='bbox 3795 3527 3882 3592; x_wconf 73' lang='grc' dir='ltr'><strong>τήν</strong></span> 
     </span>
    </p>
   </div>
   <div class='ocr_carea' id='block_1_99' title="bbox 2244 3611 3877 3691">
    <p class='ocr_par' dir='ltr' id='par_1_99' title="bbox 2244 3611 3877 3691">
     <span class='ocr_line' id='line_1_100' title="bbox 2244 3611 3877 3691; baseline 0.001 -24"><span class='ocrx_word' id='word_1_728' title='bbox 2244 3614 2579 3691; x_wconf 75' lang='grc' dir='ltr'>προφητείαν</span> <span class='ocrx_word' id='word_1_729' title='bbox 2613 3613 2665 3668; x_wconf 74' lang='grc' dir='ltr'>ὲν</span> <span class='ocrx_word' id='word_1_730' title='bbox 2696 3611 2776 3687; x_wconf 74' lang='grc' dir='ltr'><strong>τῷ</strong></span> <span class='ocrx_word' id='word_1_731' title='bbox 2807 3614 2999 3683; x_wconf 83' lang='grc' dir='ltr'><strong>εἰπεῖν,</strong></span> <span class='ocrx_word' id='word_1_732' title='bbox 3041 3642 3066 3668; x_wconf 67' lang='grc' dir='ltr'>υ</span> <span class='ocrx_word' id='word_1_733' title='bbox 3107 3613 3372 3685; x_wconf 79' lang='grc' dir='ltr'>Ζηλοῦτε,</span> <span class='ocrx_word' id='word_1_734' title='bbox 3411 3640 3438 3666; x_wconf 74' lang='grc' dir='ltr'><strong>ι)</strong></span> <span class='ocrx_word' id='word_1_735' title='bbox 3465 3617 3672 3686; x_wconf 75' lang='grc' dir='ltr'><strong>ἢττονα</strong></span> <span class='ocrx_word' id='word_1_736' title='bbox 3701 3613 3756 3670; x_wconf 62' lang='grc' dir='ltr'>δὲ</span> <span class='ocrx_word' id='word_1_737' title='bbox 3791 3613 3877 3681; x_wconf 63' lang='grc' dir='ltr'><strong>τὴν</strong></span> 
     </span>
    </p>
   </div>
   <div class='ocr_carea' id='block_1_100' title="bbox 2243 3699 3876 3781">
    <p class='ocr_par' dir='ltr' id='par_1_100' title="bbox 2243 3699 3876 3781">
     <span class='ocr_line' id='line_1_101' title="bbox 2243 3699 3876 3781; baseline 0 -25"><span class='ocrx_word' id='word_1_738' title='bbox 2243 3705 2349 3756; x_wconf 80' lang='grc' dir='ltr'><strong>τῶν</strong></span> <span class='ocrx_word' id='word_1_739' title='bbox 2372 3699 2637 3776; x_wconf 77' lang='grc' dir='ltr'><strong>γλωσσῶν</strong></span> <span class='ocrx_word' id='word_1_740' title='bbox 2667 3703 2849 3778; x_wconf 71' lang='grc' dir='ltr'>χάριν.</span> <span class='ocrx_word' id='word_1_741' title='bbox 2878 3725 2902 3756; x_wconf 78' lang='grc' dir='ltr'>α</span> <span class='ocrx_word' id='word_1_742' title='bbox 2922 3704 2997 3760; x_wconf 90' lang='grc' dir='ltr'>Τὸ</span> <span class='ocrx_word' id='word_1_743' title='bbox 3029 3704 3133 3781; x_wconf 74' lang='grc' dir='ltr'>γὰρ</span> <span class='ocrx_word' id='word_1_744' title='bbox 3163 3702 3547 3780; x_wconf 76' lang='grc' dir='ltr'><strong>λαλεῖν,φησὶ,</strong></span> <span class='ocrx_word' id='word_1_745' title='bbox 3584 3706 3664 3778; x_wconf 72' lang='grc' dir='ltr'>μὴ</span> <span class='ocrx_word' id='word_1_746' title='bbox 3685 3702 3876 3759; x_wconf 69' lang='grc' dir='ltr'><strong>κωλύει</strong></span> 
     </span>
    </p>
   </div>
   <div class='ocr_carea' id='block_1_101' title="bbox 2244 3791 3875 3871">
    <p class='ocr_par' dir='ltr' id='par_1_101' title="bbox 2244 3791 3875 3871">
     <span class='ocr_line' id='line_1_102' title="bbox 2244 3791 3875 3871; baseline -0.001 -24"><span class='ocrx_word' id='word_1_747' title='bbox 2244 3813 2322 3848; x_wconf 90' lang='grc' dir='ltr'>τε.</span> <span class='ocrx_word' id='word_1_748' title='bbox 2357 3813 2387 3846; x_wconf 88' lang='lat'><strong>»</strong></span> <span class='ocrx_word' id='word_1_749' title='bbox 2419 3793 2553 3849; x_wconf 81' lang='grc' dir='ltr'><strong>Εἶτα</strong></span> <span class='ocrx_word' id='word_1_750' title='bbox 2594 3791 3157 3871; x_wconf 72' lang='grc' dir='ltr'><strong>ἐπανακεφαλαιοῦται</strong></span> <span class='ocrx_word' id='word_1_751' title='bbox 3211 3794 3278 3848; x_wconf 81' lang='grc' dir='ltr'><strong>τὰ</strong></span> <span class='ocrx_word' id='word_1_752' title='bbox 3329 3799 3536 3869; x_wconf 77' lang='grc' dir='ltr'><strong>πρῶτα.</strong></span> <span class='ocrx_word' id='word_1_753' title='bbox 3603 3820 3632 3846; x_wconf 77' lang='grc' dir='ltr'>α</span> <span class='ocrx_word' id='word_1_754' title='bbox 3695 3794 3875 3858; x_wconf 70' lang='grc' dir='ltr'><strong>Πάντα,</strong></span> 
     </span>
    </p>
   </div>
   <div class='ocr_carea' id='block_1_102' title="bbox 2247 3880 3876 3958">
    <p class='ocr_par' dir='ltr' id='par_1_102' title="bbox 2247 3880 3876 3958">
     <span class='ocr_line' id='line_1_103' title="bbox 2247 3880 3876 3958; baseline 0.001 -24"><span class='ocrx_word' id='word_1_755' title='bbox 2247 3880 2435 3957; x_wconf 75' lang='grc' dir='ltr'><strong>φησὶν,</strong></span> <span class='ocrx_word' id='word_1_756' title='bbox 2510 3880 2876 3955; x_wconf 79' lang='grc' dir='ltr'>εὐσχημόνως</span> <span class='ocrx_word' id='word_1_757' title='bbox 2978 3883 3068 3937; x_wconf 88' lang='grc' dir='ltr'>καὶ</span> <span class='ocrx_word' id='word_1_758' title='bbox 3143 3883 3279 3938; x_wconf 81' lang='grc' dir='ltr'><strong>κατὰ</strong></span> <span class='ocrx_word' id='word_1_759' title='bbox 3357 3884 3504 3955; x_wconf 75' lang='grc' dir='ltr'><strong>τάξιν</strong></span> <span class='ocrx_word' id='word_1_760' title='bbox 3602 3884 3876 3958; x_wconf 70' lang='grc' dir='ltr'><strong>γινᾶσῦω.»</strong></span> 
     </span>
    </p>
   </div>
   <div class='ocr_carea' id='block_1_103' title="bbox 2245 3966 3874 4047">
    <p class='ocr_par' dir='ltr' id='par_1_103' title="bbox 2245 3966 3874 4047">
     <span class='ocr_line' id='line_1_104' title="bbox 2245 3966 3874 4047; baseline 0.001 -23"><span class='ocrx_word' id='word_1_761' title='bbox 2245 3971 2433 4024; x_wconf 78' lang='grc' dir='ltr'><strong>Ἔσται</strong></span> <span class='ocrx_word' id='word_1_762' title='bbox 2469 3966 2524 4023; x_wconf 79' lang='grc' dir='ltr'>δὲ</span> <span class='ocrx_word' id='word_1_763' title='bbox 2551 3974 2734 4038; x_wconf 80' lang='grc' dir='ltr'><strong>τοῦτο,</strong></span> <span class='ocrx_word' id='word_1_764' title='bbox 2770 3969 2856 4024; x_wconf 74' lang='grc' dir='ltr'><strong>ἐὰν</strong></span> <span class='ocrx_word' id='word_1_765' title='bbox 2913 3971 2968 4025; x_wconf 77' lang='grc' dir='ltr'><strong>οὶ</strong></span> <span class='ocrx_word' id='word_1_766' title='bbox 3019 3969 3294 4047; x_wconf 84' lang='grc' dir='ltr'><strong>γλώσσαις</strong></span> <span class='ocrx_word' id='word_1_767' title='bbox 3352 3970 3647 4034; x_wconf 84' lang='grc' dir='ltr'><strong>λαλοῦντες</strong></span> <span class='ocrx_word' id='word_1_768' title='bbox 3703 3969 3794 4026; x_wconf 69' lang='grc' dir='ltr'>δύο</span> <span class='ocrx_word' id='word_1_769' title='bbox 3844 3969 3874 4036; x_wconf 71' lang='grc' dir='ltr'><strong>ἢ</strong></span> 
     </span>
    </p>
   </div>
   <div class='ocr_carea' id='block_1_104' title="bbox 2247 4058 3876 4141">
    <p class='ocr_par' dir='ltr' id='par_1_104' title="bbox 2247 4058 3876 4141">
     <span class='ocr_line' id='line_1_105' title="bbox 2247 4058 3876 4141; baseline 0.001 -28"><span class='ocrx_word' id='word_1_770' title='bbox 2247 4064 2392 4132; x_wconf 81' lang='grc' dir='ltr'><strong>τρεῖς</strong></span> <span class='ocrx_word' id='word_1_771' title='bbox 2427 4058 2642 4113; x_wconf 74' lang='grc' dir='ltr'><strong>λαλῶσι</strong></span> <span class='ocrx_word' id='word_1_772' title='bbox 2673 4059 2763 4114; x_wconf 83' lang='grc' dir='ltr'>καὶ</span> <span class='ocrx_word' id='word_1_773' title='bbox 2795 4059 2891 4114; x_wconf 78' lang='grc' dir='ltr'>ἀνὰ</span> <span class='ocrx_word' id='word_1_774' title='bbox 2928 4059 3110 4135; x_wconf 68' lang='grc' dir='ltr'>μέρος,</span> <span class='ocrx_word' id='word_1_775' title='bbox 3142 4061 3231 4116; x_wconf 86' lang='grc' dir='ltr'>καὶ</span> <span class='ocrx_word' id='word_1_776' title='bbox 3289 4063 3341 4116; x_wconf 78' lang='grc' dir='ltr'><strong>οὶ</strong></span> <span class='ocrx_word' id='word_1_777' title='bbox 3397 4068 3673 4141; x_wconf 73' lang='grc' dir='ltr'><strong>προφῆται</strong></span> <span class='ocrx_word' id='word_1_778' title='bbox 3711 4059 3876 4128; x_wconf 78' lang='grc' dir='ltr'>ἀλλή-</span> 
     </span>
    </p>
   </div>
   <div class='ocr_carea' id='block_1_105' title="bbox 2248 4147 3880 4224">
    <p class='ocr_par' dir='ltr' id='par_1_105' title="bbox 2248 4147 3880 4224">
     <span class='ocr_line' id='line_1_106' title="bbox 2248 4147 3880 4224; baseline -0.002 -20"><span class='ocrx_word' id='word_1_779' title='bbox 2248 4147 2369 4210; x_wconf 89' lang='grc' dir='ltr'><strong>λοις</strong></span> <span class='ocrx_word' id='word_1_780' title='bbox 2426 4152 2829 4223; x_wconf 81' lang='grc' dir='ltr'><strong>παραχωρῶσι,</strong></span> <span class='ocrx_word' id='word_1_781' title='bbox 2912 4149 3001 4204; x_wconf 86' lang='grc' dir='ltr'>καὶ</span> <span class='ocrx_word' id='word_1_782' title='bbox 3078 4151 3134 4204; x_wconf 84' lang='grc' dir='ltr'><strong>αἱ</strong></span> <span class='ocrx_word' id='word_1_783' title='bbox 3187 4155 3430 4224; x_wconf 82' lang='grc' dir='ltr'>γυναῖκες</span> <span class='ocrx_word' id='word_1_784' title='bbox 3514 4149 3564 4205; x_wconf 70' lang='grc' dir='ltr'>ἒν</span> <span class='ocrx_word' id='word_1_785' title='bbox 3633 4148 3880 4218; x_wconf 74' lang='grc' dir='ltr'><strong>ἰκκλησίᾳ</strong></span> 
     </span>
    </p>
   </div>
   <div class='ocr_carea' id='block_1_106' title="bbox 2248 4255 2542 4292">
    <p class='ocr_par' dir='ltr' id='par_1_106' title="bbox 2248 4255 2542 4292">
     <span class='ocr_line' id='line_1_107' title="bbox 2248 4255 2542 4292; baseline 0.003 -1"><span class='ocrx_word' id='word_1_786' title='bbox 2248 4255 2542 4292; x_wconf 86' lang='grc' dir='ltr'><strong>σιωπωσιν.</strong></span> 
     </span>
    </p>
   </div>
   <div class='ocr_carea' id='block_1_107' title="bbox 2885 4518 3253 4574">
    <p class='ocr_par' dir='ltr' id='par_1_107' title="bbox 2885 4518 3253 4574">
     <span class='ocr_line' id='line_1_108' title="bbox 2885 4518 3253 4574; baseline 0.005 -2"><span class='ocrx_word' id='word_1_787' title='bbox 2885 4518 3146 4574; x_wconf 74' lang='grc' dir='ltr'>ΚΕΦΔΛ.</span> <span class='ocrx_word' id='word_1_788' title='bbox 3181 4519 3253 4574; x_wconf 81' lang='lat'>6&#39;.</span> 
     </span>
    </p>
   </div>
   <div class='ocr_carea' id='block_1_108' title="bbox 2494 4605 3638 4680">
    <p class='ocr_par' dir='ltr' id='par_1_108' title="bbox 2494 4605 3638 4680">
     <span class='ocr_line' id='line_1_109' title="bbox 2494 4605 3638 4680; baseline 0.005 -20"><span class='ocrx_word' id='word_1_789' title='bbox 2494 4605 2619 4680; x_wconf 85' lang='grc' dir='ltr'><strong>Περὶ</strong></span> <span class='ocrx_word' id='word_1_790' title='bbox 2651 4605 2990 4668; x_wconf 78' lang='grc' dir='ltr'><strong>ἀναστάσεως</strong></span> <span class='ocrx_word' id='word_1_791' title='bbox 3019 4606 3290 4678; x_wconf 74' lang='grc' dir='ltr'><strong>σωμάτιον</strong></span> <span class='ocrx_word' id='word_1_792' title='bbox 3317 4608 3638 4676; x_wconf 77' lang='grc' dir='ltr'><strong>καθολικῆς.</strong></span> 
     </span>
    </p>
   </div>
   <div class='ocr_carea' id='block_1_109' title="bbox 2314 4692 3875 4775">
    <p class='ocr_par' dir='ltr' id='par_1_109' title="bbox 2314 4692 3875 4775">
     <span class='ocr_line' id='line_1_110' title="bbox 2314 4692 3875 4775; baseline -0.001 -25"><span class='ocrx_word' id='word_1_793' title='bbox 2314 4697 2570 4769; x_wconf 78' lang='grc' dir='ltr'><strong>Γνωρίζω</strong></span> <span class='ocrx_word' id='word_1_794' title='bbox 2631 4692 2687 4749; x_wconf 75' lang='grc' dir='ltr'>δὶ</span> <span class='ocrx_word' id='word_1_795' title='bbox 2769 4696 2920 4768; x_wconf 80' lang='grc' dir='ltr'>ὑμῖν,</span> <span class='ocrx_word' id='word_1_796' title='bbox 2988 4692 3239 4775; x_wconf 79' lang='grc' dir='ltr'><strong>ἀδελφοὶ,</strong></span> <span class='ocrx_word' id='word_1_797' title='bbox 3306 4697 3368 4751; x_wconf 83' lang='grc' dir='ltr'><strong>τὸ</strong></span> <span class='ocrx_word' id='word_1_798' title='bbox 3455 4697 3802 4775; x_wconf 76' lang='grc' dir='ltr'><strong>Εὐαγγέλιον,</strong></span> <span class='ocrx_word' id='word_1_799' title='bbox 3849 4695 3875 4748; x_wconf 81' lang='lat'>6&#39;</span> 
     </span>
    </p>
   </div>
   <div class='ocr_carea' id='block_1_110' title="bbox 2243 4781 3873 4861">
    <p class='ocr_par' dir='ltr' id='par_1_110' title="bbox 2243 4781 3873 4861">
     <span class='ocr_line' id='line_1_111' title="bbox 2243 4781 3873 4861; baseline 0 -21"><span class='ocrx_word' id='word_1_800' title='bbox 2243 4783 2691 4860; x_wconf 74' lang='grc' dir='ltr'>εὐηγγελισάμην</span> <span class='ocrx_word' id='word_1_801' title='bbox 2781 4785 2932 4856; x_wconf 82' lang='grc' dir='ltr'>ὑμῖν,</span> <span class='ocrx_word' id='word_1_802' title='bbox 3009 4783 3040 4838; x_wconf 88' lang='lat'>6&#39;</span> <span class='ocrx_word' id='word_1_803' title='bbox 3095 4785 3186 4839; x_wconf 87' lang='grc' dir='ltr'>καὶ</span> <span class='ocrx_word' id='word_1_804' title='bbox 3270 4781 3625 4861; x_wconf 74' lang='grc' dir='ltr'><strong>παρελάϐετε,</strong></span> <span class='ocrx_word' id='word_1_805' title='bbox 3707 4799 3755 4841; x_wconf 80' lang='grc' dir='ltr'>εν</span> <span class='ocrx_word' id='word_1_806' title='bbox 3834 4785 3873 4855; x_wconf 82' lang='grc' dir='ltr'>ᾧ</span> 
     </span>
    </p>
   </div>
   <div class='ocr_carea' id='block_1_111' title="bbox 2241 4871 3874 4948">
    <p class='ocr_par' dir='ltr' id='par_1_111' title="bbox 2241 4871 3874 4948">
     <span class='ocr_line' id='line_1_112' title="bbox 2241 4871 3874 4948; baseline 0.001 -20"><span class='ocrx_word' id='word_1_807' title='bbox 2241 4876 2330 4928; x_wconf 90' lang='grc' dir='ltr'>καὶ</span> <span class='ocrx_word' id='word_1_808' title='bbox 2412 4875 2691 4944; x_wconf 69' lang='grc' dir='ltr'><strong>ἑστήκατε,</strong></span> <span class='ocrx_word' id='word_1_809' title='bbox 2778 4871 2848 4928; x_wconf 82' lang='grc' dir='ltr'>δι’</span> <span class='ocrx_word' id='word_1_810' title='bbox 2927 4873 2990 4928; x_wconf 79' lang='grc' dir='ltr'>οὗ</span> <span class='ocrx_word' id='word_1_811' title='bbox 3074 4874 3163 4929; x_wconf 86' lang='grc' dir='ltr'>καὶ</span> <span class='ocrx_word' id='word_1_812' title='bbox 3252 4875 3506 4944; x_wconf 81' lang='grc' dir='ltr'>σώζεσθε,</span> <span class='ocrx_word' id='word_1_813' title='bbox 3565 4878 3672 4932; x_wconf 92' lang='grc' dir='ltr'><strong>τίνι</strong></span> <span class='ocrx_word' id='word_1_814' title='bbox 3733 4873 3874 4948; x_wconf 86' lang='grc' dir='ltr'>λόγῳ</span> 
     </span>
    </p>
   </div>
   <div class='ocr_carea' id='block_1_112' title="bbox 2243 4961 3874 5038">
    <p class='ocr_par' dir='ltr' id='par_1_112' title="bbox 2243 4961 3874 5038">
     <span class='ocr_line' id='line_1_113' title="bbox 2243 4961 3874 5038; baseline 0.001 -22"><span class='ocrx_word' id='word_1_815' title='bbox 2243 4961 2686 5038; x_wconf 78' lang='grc' dir='ltr'>εὐηγγελισάμην</span> <span class='ocrx_word' id='word_1_816' title='bbox 2721 4964 2870 5036; x_wconf 81' lang='grc' dir='ltr'>ὑμῖν,</span> <span class='ocrx_word' id='word_1_817' title='bbox 2922 4961 2966 5017; x_wconf 80' lang='grc' dir='ltr'><strong>εί</strong></span> <span class='ocrx_word' id='word_1_818' title='bbox 3007 4962 3288 5038; x_wconf 72' lang='grc' dir='ltr'><strong>κατέχετε,</strong></span> <span class='ocrx_word' id='word_1_819' title='bbox 3347 4963 3501 5027; x_wconf 84' lang='grc' dir='ltr'><strong>ἐκτὸς</strong></span> <span class='ocrx_word' id='word_1_820' title='bbox 3561 4963 3606 5020; x_wconf 78' lang='grc' dir='ltr'><strong>εὶ</strong></span> <span class='ocrx_word' id='word_1_821' title='bbox 3665 4966 3740 5038; x_wconf 81' lang='grc' dir='ltr'>μή</span> <span class='ocrx_word' id='word_1_822' title='bbox 3767 4961 3874 5030; x_wconf 77' lang='grc' dir='ltr'><strong>εἰκῆ</strong></span> 
     </span>
    </p>
   </div>
   <div class='ocr_carea' id='block_1_113' title="bbox 2243 5051 2612 5108">
    <p class='ocr_par' dir='ltr' id='par_1_113' title="bbox 2243 5051 2612 5108">
     <span class='ocr_line' id='line_1_114' title="bbox 2243 5051 2612 5108; baseline 0 -1"><span class='ocrx_word' id='word_1_823' title='bbox 2243 5051 2612 5108; x_wconf 71' lang='grc' dir='ltr'><strong>ἐπιστεύσατε.</strong></span> 
     </span>
    </p>
   </div>
   <div class='ocr_carea' id='block_1_114' title="bbox 2314 5137 3880 5220">
    <p class='ocr_par' dir='ltr' id='par_1_114' title="bbox 2314 5137 3880 5220">
     <span class='ocr_line' id='line_1_115' title="bbox 2314 5137 3880 5220; baseline -0.001 -23"><span class='ocrx_word' id='word_1_824' title='bbox 2314 5141 2409 5203; x_wconf 81' lang='grc' dir='ltr'>Εἰς</span> <span class='ocrx_word' id='word_1_825' title='bbox 2445 5141 2534 5196; x_wconf 86' lang='grc' dir='ltr'>τὸν</span> <span class='ocrx_word' id='word_1_826' title='bbox 2570 5142 2690 5216; x_wconf 90' lang='grc' dir='ltr'><strong>περὶ</strong></span> <span class='ocrx_word' id='word_1_827' title='bbox 2722 5141 3060 5204; x_wconf 78' lang='grc' dir='ltr'><strong>ἀναστάσεως</strong></span> <span class='ocrx_word' id='word_1_828' title='bbox 3097 5137 3320 5216; x_wconf 76' lang='grc' dir='ltr'><strong>ἔρχεται</strong></span> <span class='ocrx_word' id='word_1_829' title='bbox 3379 5143 3562 5219; x_wconf 91' lang='grc' dir='ltr'>λόγον.</span> <span class='ocrx_word' id='word_1_830' title='bbox 3623 5144 3775 5220; x_wconf 69' lang='grc' dir='ltr'>Λὲγει</span> <span class='ocrx_word' id='word_1_831' title='bbox 3830 5139 3880 5196; x_wconf 71' lang='grc' dir='ltr'>δὲ</span> 
     </span>
    </p>
   </div>
   <div class='ocr_carea' id='block_1_115' title="bbox 2245 5228 3878 5310">
    <p class='ocr_par' dir='ltr' id='par_1_115' title="bbox 2245 5228 3878 5310">
     <span class='ocr_line' id='line_1_116' title="bbox 2245 5228 3878 5310; baseline -0.001 -22"><span class='ocrx_word' id='word_1_832' title='bbox 2245 5232 2327 5288; x_wconf 77' lang='grc' dir='ltr'><strong>ὅτι</strong></span> <span class='ocrx_word' id='word_1_833' title='bbox 2361 5229 2536 5289; x_wconf 68' lang='grc' dir='ltr'>Οὐδὲν</span> <span class='ocrx_word' id='word_1_834' title='bbox 2567 5230 2709 5299; x_wconf 67' lang='grc' dir='ltr'>ξένον</span> <span class='ocrx_word' id='word_1_835' title='bbox 2749 5231 2874 5302; x_wconf 78' lang='grc' dir='ltr'>ὑμῖν</span> <span class='ocrx_word' id='word_1_836' title='bbox 2919 5229 3050 5303; x_wconf 73' lang='grc' dir='ltr'><strong>ἐρῶ,</strong></span> <span class='ocrx_word' id='word_1_837' title='bbox 3108 5228 3257 5285; x_wconf 71' lang='grc' dir='ltr'><strong>ἀλλὰ</strong></span> <span class='ocrx_word' id='word_1_838' title='bbox 3314 5233 3374 5285; x_wconf 82' lang='grc' dir='ltr'><strong>τὸ</strong></span> <span class='ocrx_word' id='word_1_839' title='bbox 3431 5229 3539 5303; x_wconf 77' lang='grc' dir='ltr'>ἤδη</span> <span class='ocrx_word' id='word_1_840' title='bbox 3602 5233 3878 5310; x_wconf 74' lang='grc' dir='ltr'><strong>γνωρισθὶν</strong></span> 
     </span>
    </p>
   </div>
   <div class='ocr_carea' id='block_1_116' title="bbox 2247 5317 3876 5396">
    <p class='ocr_par' dir='ltr' id='par_1_116' title="bbox 2247 5317 3876 5396">
     <span class='ocr_line' id='line_1_117' title="bbox 2247 5317 3876 5396; baseline -0.002 -20"><span class='ocrx_word' id='word_1_841' title='bbox 2247 5322 2398 5394; x_wconf 77' lang='grc' dir='ltr'>ὑμῖν,</span> <span class='ocrx_word' id='word_1_842' title='bbox 2443 5320 2520 5383; x_wconf 75' lang='grc' dir='ltr'>εἷς</span> <span class='ocrx_word' id='word_1_843' title='bbox 2555 5317 2732 5388; x_wconf 66' lang='grc' dir='ltr'><strong>λήθην</strong></span> <span class='ocrx_word' id='word_1_844' title='bbox 2769 5317 2825 5373; x_wconf 70' lang='grc' dir='ltr'>δὲ</span> <span class='ocrx_word' id='word_1_845' title='bbox 2859 5317 3039 5382; x_wconf 82' lang='grc' dir='ltr'><strong>ἐλθόν.</strong></span> <span class='ocrx_word' id='word_1_846' title='bbox 3103 5321 3182 5376; x_wconf 87' lang='grc' dir='ltr'>Τὸ</span> <span class='ocrx_word' id='word_1_847' title='bbox 3240 5321 3368 5395; x_wconf 77' lang='grc' dir='ltr'>γὰρ,</span> <span class='ocrx_word' id='word_1_848' title='bbox 3402 5345 3429 5372; x_wconf 75' lang='grc' dir='ltr'><strong>(ι</strong></span> <span class='ocrx_word' id='word_1_849' title='bbox 3464 5322 3736 5396; x_wconf 80' lang='grc' dir='ltr'><strong>Γνωρίζω,</strong></span> <span class='ocrx_word' id='word_1_850' title='bbox 3769 5323 3876 5377; x_wconf 79' lang='grc' dir='ltr'>οἷον</span> 
     </span>
    </p>
   </div>
   <div class='ocr_carea' id='block_1_117' title="bbox 2249 5405 3878 5486">
    <p class='ocr_par' dir='ltr' id='par_1_117' title="bbox 2249 5405 3878 5486">
     <span class='ocr_line' id='line_1_118' title="bbox 2249 5405 3878 5486; baseline -0.001 -22"><span class='ocrx_word' id='word_1_851' title='bbox 2249 5410 2678 5482; x_wconf 72' lang='grc' dir='ltr'><strong>ὑπομιμνήσκω,</strong></span> <span class='ocrx_word' id='word_1_852' title='bbox 2713 5406 2893 5484; x_wconf 79' lang='grc' dir='ltr'>φησίν.</span> <span class='ocrx_word' id='word_1_853' title='bbox 2928 5405 3231 5486; x_wconf 69' lang='grc' dir='ltr'>Ἀδελφοῦ(</span> <span class='ocrx_word' id='word_1_854' title='bbox 3277 5406 3535 5479; x_wconf 71' lang='grc' dir='ltr'><strong>καλέσας,</strong></span> <span class='ocrx_word' id='word_1_855' title='bbox 3596 5411 3735 5484; x_wconf 82' lang='grc' dir='ltr'>όμοῦ</span> <span class='ocrx_word' id='word_1_856' title='bbox 3791 5411 3878 5482; x_wconf 85' lang='grc' dir='ltr'><strong>μὶν</strong></span> 
     </span>
    </p>
   </div>
   <div class='ocr_carea' id='block_1_118' title="bbox 2247 5494 3876 5573">
    <p class='ocr_par' dir='ltr' id='par_1_118' title="bbox 2247 5494 3876 5573">
     <span class='ocr_line' id='line_1_119' title="bbox 2247 5494 3876 5573; baseline -0.002 -20"><span class='ocrx_word' id='word_1_857' title='bbox 2247 5497 2444 5559; x_wconf 69' lang='grc' dir='ltr'><strong>αὐτοὺς</strong></span> <span class='ocrx_word' id='word_1_858' title='bbox 2491 5496 2874 5568; x_wconf 74' lang='grc' dir='ltr'><strong>καταπραύνει,</strong></span> <span class='ocrx_word' id='word_1_859' title='bbox 2931 5497 3074 5568; x_wconf 79' lang='grc' dir='ltr'>ὁμοῦ</span> <span class='ocrx_word' id='word_1_860' title='bbox 3137 5494 3193 5551; x_wconf 72' lang='grc' dir='ltr'>δὲ</span> <span class='ocrx_word' id='word_1_861' title='bbox 3248 5500 3353 5550; x_wconf 80' lang='grc' dir='ltr'>τῶν</span> <span class='ocrx_word' id='word_1_862' title='bbox 3415 5495 3632 5573; x_wconf 79' lang='grc' dir='ltr'><strong>δωρεῶν</strong></span> <span class='ocrx_word' id='word_1_863' title='bbox 3691 5501 3876 5572; x_wconf 76' lang='grc' dir='ltr'><strong>ἀναμι-</strong></span> 
     </span>
    </p>
   </div>
   <div class='ocr_carea' id='block_1_119' title="bbox 2247 5586 3876 5662">
    <p class='ocr_par' dir='ltr' id='par_1_119' title="bbox 2247 5586 3876 5662">
     <span class='ocr_line' id='line_1_120' title="bbox 2247 5586 3876 5662; baseline -0.002 -21"><span class='ocrx_word' id='word_1_864' title='bbox 2247 5589 2474 5661; x_wconf 68' lang='grc' dir='ltr'>μνησκει</span> <span class='ocrx_word' id='word_1_865' title='bbox 2505 5590 2600 5640; x_wconf 83' lang='grc' dir='ltr'>τοῦ</span> <span class='ocrx_word' id='word_1_866' title='bbox 2631 5586 2888 5659; x_wconf 85' lang='grc' dir='ltr'><strong>Χριστοῦ.</strong></span> <span class='ocrx_word' id='word_1_867' title='bbox 2941 5586 3037 5642; x_wconf 78' lang='grc' dir='ltr'>Διὰ</span> <span class='ocrx_word' id='word_1_868' title='bbox 3097 5586 3197 5662; x_wconf 79' lang='grc' dir='ltr'>γὰρ</span> <span class='ocrx_word' id='word_1_869' title='bbox 3255 5586 3355 5653; x_wconf 82' lang='grc' dir='ltr'><strong>τὴν</strong></span> <span class='ocrx_word' id='word_1_870' title='bbox 3415 5587 3582 5642; x_wconf 79' lang='grc' dir='ltr'>αὐτοῦ</span> <span class='ocrx_word' id='word_1_871' title='bbox 3639 5586 3876 5661; x_wconf 78' lang='grc' dir='ltr'><strong>ἔνσαρκον</strong></span> 
     </span>
    </p>
   </div>
   <div class='ocr_carea' id='block_1_120' title="bbox 2245 5671 3874 5752">
    <p class='ocr_par' dir='ltr' id='par_1_120' title="bbox 2245 5671 3874 5752">
     <span class='ocr_line' id='line_1_121' title="bbox 2245 5671 3874 5752; baseline -0.002 -22"><span class='ocrx_word' id='word_1_872' title='bbox 2245 5675 2566 5750; x_wconf 83' lang='grc' dir='ltr'><strong>παρουσίαν,</strong></span> <span class='ocrx_word' id='word_1_873' title='bbox 2626 5673 2816 5735; x_wconf 74' lang='grc' dir='ltr'><strong>πάντες</strong></span> <span class='ocrx_word' id='word_1_874' title='bbox 2902 5671 3128 5752; x_wconf 75' lang='grc' dir='ltr'>ἀδελφοὶ</span> <span class='ocrx_word' id='word_1_875' title='bbox 3212 5674 3530 5750; x_wconf 85' lang='grc' dir='ltr'>γεγόναμεν,</span> <span class='ocrx_word' id='word_1_876' title='bbox 3601 5699 3630 5733; x_wconf 75' lang='grc' dir='ltr'>α</span> <span class='ocrx_word' id='word_1_877' title='bbox 3678 5676 3744 5733; x_wconf 83' lang='grc' dir='ltr'>Ὀ</span> <span class='ocrx_word' id='word_1_878' title='bbox 3793 5678 3874 5732; x_wconf 83' lang='grc' dir='ltr'>καὶ</span> 
     </span>
    </p>
   </div>
  </div>
