  <div class='ocr_page' id='page_1' title='image "/cluster/home/n/w/nwhite01/storage/ocr_20150623/118/hvd.32044073502247/437.png"; bbox 0 0 4156 6200; ppageno 0'>
   <div class='ocr_carea' id='block_1_1' title="bbox 489 356 603 414">
    <p class='ocr_par' dir='ltr' id='par_1_1' title="bbox 489 356 603 414">
     <span class='ocr_line' id='line_1_1' title="bbox 489 356 603 414; baseline 0.018 -2"><span class='ocrx_word' id='word_1_1' title='bbox 489 356 603 414; x_wconf 83' lang='grc'>863</span> 
     </span>
    </p>
   </div>
   <div class='ocr_carea' id='block_1_2' title="bbox 1595 354 2786 422">
    <p class='ocr_par' dir='ltr' id='par_1_2' title="bbox 1595 354 2786 422">
     <span class='ocr_line' id='line_1_2' title="bbox 1595 354 2786 422; baseline 0.005 -6"><span class='ocrx_word' id='word_1_2' title='bbox 1595 354 2012 416; x_wconf 62' lang='grc' dir='ltr'>ἘΟΟΜΕΝΙΙ</span> <span class='ocrx_word' id='word_1_3' title='bbox 2060 355 2365 418; x_wconf 71' lang='lat' dir='ltr'>TRICC/E</span> <span class='ocrx_word' id='word_1_4' title='bbox 2407 360 2786 422; x_wconf 78' lang='lat' dir='ltr'>EPISCOPI.</span> 
     </span>
    </p>
   </div>
   <div class='ocr_carea' id='block_1_3' title="bbox 3799 365 3898 424">
    <p class='ocr_par' dir='ltr' id='par_1_3' title="bbox 3799 365 3898 424">
     <span class='ocr_line' id='line_1_3' title="bbox 3799 365 3898 424; baseline 0 0"><span class='ocrx_word' id='word_1_5' title='bbox 3799 365 3898 424; x_wconf 61' lang='grc'>864</span> 
     </span>
    </p>
   </div>
   <div class='ocr_carea' id='block_1_4' title="bbox 494 485 2125 571">
    <p class='ocr_par' dir='ltr' id='par_1_4' title="bbox 494 485 2125 559">
     <span class='ocr_line' id='line_1_4' title="bbox 494 485 2125 559; baseline 0.001 -18"><span class='ocrx_word' id='word_1_6' title='bbox 494 487 725 557; x_wconf 62' lang='lat' dir='ltr'>Cephea.</span> <span class='ocrx_word' id='word_1_7' title='bbox 764 509 788 533; x_wconf 77' lang='grc' dir='ltr'><strong>υ</strong></span> <span class='ocrx_word' id='word_1_8' title='bbox 823 485 988 555; x_wconf 76' lang='lat' dir='ltr'>Atqui</span> <span class='ocrx_word' id='word_1_9' title='bbox 1022 485 1400 557; x_wconf 86' lang='lat' dir='ltr'>Evangelium</span> <span class='ocrx_word' id='word_1_10' title='bbox 1433 487 1579 542; x_wconf 97' lang='lat' dir='ltr'>dicit</span> <span class='ocrx_word' id='word_1_11' title='bbox 1629 487 1674 522; x_wconf 81' lang='grc'>⁴⁸</span> <span class='ocrx_word' id='word_1_12' title='bbox 1731 488 1887 559; x_wconf 92' lang='lat' dir='ltr'>quod</span> <span class='ocrx_word' id='word_1_13' title='bbox 1937 487 2125 543; x_wconf 69' lang='lat' dir='ltr'>Maria</span> 
     </span>
    </p>
   </div>
   <div class='ocr_carea' id='block_1_5' title="bbox 2236 485 3901 571">
    <p class='ocr_par' dir='ltr' id='par_1_5' title="bbox 2253 488 3901 571">
     <span class='ocr_line' id='line_1_5' title="bbox 2253 488 3901 571; baseline 0.003 -26"><span class='ocrx_word' id='word_1_14' title='bbox 2253 488 2583 566; x_wconf 80' lang='grc' dir='ltr'>Εὗαγγέλιόν</span> <span class='ocrx_word' id='word_1_15' title='bbox 2613 513 2768 569; x_wconf 88' lang='grc' dir='ltr'>φησι,</span> <span class='ocrx_word' id='word_1_16' title='bbox 2829 493 3019 567; x_wconf 78' lang='grc' dir='ltr'>πρώτῃ</span> <span class='ocrx_word' id='word_1_17' title='bbox 3063 493 3224 547; x_wconf 78' lang='grc' dir='ltr'>αὐτὸν</span> <span class='ocrx_word' id='word_1_18' title='bbox 3290 493 3391 547; x_wconf 83' lang='grc' dir='ltr'>τὸν</span> <span class='ocrx_word' id='word_1_19' title='bbox 3454 492 3698 566; x_wconf 80' lang='grc' dir='ltr'>Χριστὸν</span> <span class='ocrx_word' id='word_1_20' title='bbox 3751 494 3901 571; x_wconf 62' lang='grc' dir='ltr'>ὦφθαι</span> 
     </span>
    </p>
   </div>
   <div class='ocr_carea' id='block_1_6' title="bbox 486 574 2134 647">
    <p class='ocr_par' dir='ltr' id='par_1_6' title="bbox 486 574 2134 647">
     <span class='ocr_line' id='line_1_6' title="bbox 486 574 2134 647; baseline 0.001 -18"><span class='ocrx_word' id='word_1_21' title='bbox 486 577 744 645; x_wconf 89' lang='lat' dir='ltr'>primum</span> <span class='ocrx_word' id='word_1_22' title='bbox 777 574 1122 643; x_wconf 83' lang='lat' dir='ltr'>apparuerit</span> <span class='ocrx_word' id='word_1_23' title='bbox 1149 574 1420 630; x_wconf 76' lang='lat' dir='ltr'>Christus</span> <span class='ocrx_word' id='word_1_24' title='bbox 1451 595 1465 632; x_wconf 86' lang='lat'><strong>:</strong></span> <span class='ocrx_word' id='word_1_25' title='bbox 1495 576 1598 630; x_wconf 89' lang='lat' dir='ltr'>sed</span> <span class='ocrx_word' id='word_1_26' title='bbox 1630 575 1786 631; x_wconf 90' lang='lat' dir='ltr'>inter</span> <span class='ocrx_word' id='word_1_27' title='bbox 1829 576 1981 631; x_wconf 86' lang='lat' dir='ltr'>viros</span> <span class='ocrx_word' id='word_1_28' title='bbox 2012 576 2134 647; x_wconf 85' lang='lat' dir='ltr'>pri-</span> 
     </span>
    </p>
   </div>
   <div class='ocr_carea' id='block_1_7' title="bbox 488 662 2132 736">
    <p class='ocr_par' dir='ltr' id='par_1_7' title="bbox 488 662 2132 736">
     <span class='ocr_line' id='line_1_7' title="bbox 488 662 2132 736; baseline 0.002 -18"><span class='ocrx_word' id='word_1_29' title='bbox 488 679 650 718; x_wconf 90' lang='lat' dir='ltr'>mum</span> <span class='ocrx_word' id='word_1_30' title='bbox 682 662 957 735; x_wconf 80' lang='lat' dir='ltr'>apparuit</span> <span class='ocrx_word' id='word_1_31' title='bbox 991 663 1180 729; x_wconf 87' lang='lat' dir='ltr'>Petro,</span> <span class='ocrx_word' id='word_1_32' title='bbox 1218 670 1502 735; x_wconf 85' lang='lat' dir='ltr'>tanquam</span> <span class='ocrx_word' id='word_1_33' title='bbox 1533 665 1816 736; x_wconf 90' lang='lat' dir='ltr'>primario</span> <span class='ocrx_word' id='word_1_34' title='bbox 1849 665 1981 720; x_wconf 91' lang='lat' dir='ltr'>duci</span> <span class='ocrx_word' id='word_1_35' title='bbox 2038 683 2132 721; x_wconf 84' lang='lat' dir='ltr'>ve-</span> 
     </span>
    </p>
   </div>
   <div class='ocr_carea' id='block_1_8' title="bbox 488 752 2130 824">
    <p class='ocr_par' dir='ltr' id='par_1_8' title="bbox 488 752 2130 824">
     <span class='ocr_line' id='line_1_8' title="bbox 488 752 2130 824; baseline 0.004 -19"><span class='ocrx_word' id='word_1_36' title='bbox 488 752 736 806; x_wconf 90' lang='lat' dir='ltr'>nerandi</span> <span class='ocrx_word' id='word_1_37' title='bbox 766 752 1197 824; x_wconf 89' lang='lat' dir='ltr'>discipulorum</span> <span class='ocrx_word' id='word_1_38' title='bbox 1230 754 1416 808; x_wconf 92' lang='lat' dir='ltr'>chori.</span> <span class='ocrx_word' id='word_1_39' title='bbox 1458 775 1479 805; x_wconf 72' lang='grc' dir='ltr'>ε</span> <span class='ocrx_word' id='word_1_40' title='bbox 1532 755 1754 810; x_wconf 88' lang='lat' dir='ltr'>Deinde</span> <span class='ocrx_word' id='word_1_41' title='bbox 1809 755 1927 809; x_wconf 87' lang='lat' dir='ltr'>illis</span> <span class='ocrx_word' id='word_1_42' title='bbox 1985 755 2130 811; x_wconf 91' lang='lat' dir='ltr'>duo-</span> 
     </span>
    </p>
   </div>
   <div class='ocr_carea' id='block_1_9' title="bbox 485 839 2133 914">
    <p class='ocr_par' dir='ltr' id='par_1_9' title="bbox 485 839 2133 914">
     <span class='ocr_line' id='line_1_9' title="bbox 485 839 2133 914; baseline 0.002 -20"><span class='ocrx_word' id='word_1_43' title='bbox 485 839 736 895; x_wconf 86' lang='lat' dir='ltr'>decim.»</span> <span class='ocrx_word' id='word_1_44' title='bbox 763 841 939 912; x_wconf 84' lang='lat' dir='ltr'>Atqui</span> <span class='ocrx_word' id='word_1_45' title='bbox 964 842 1236 896; x_wconf 86' lang='lat' dir='ltr'>Matthias</span> <span class='ocrx_word' id='word_1_46' title='bbox 1259 847 1389 912; x_wconf 89' lang='lat' dir='ltr'>post</span> <span class='ocrx_word' id='word_1_47' title='bbox 1412 844 1882 914; x_wconf 88' lang='lat' dir='ltr'>assumptionem</span> <span class='ocrx_word' id='word_1_48' title='bbox 1897 844 2133 898; x_wconf 87' lang='lat' dir='ltr'>Domini</span> 
     </span>
    </p>
   </div>
   <div class='ocr_carea' id='block_1_10' title="bbox 484 931 2130 1005">
    <p class='ocr_par' dir='ltr' id='par_1_10' title="bbox 484 931 2130 1005">
     <span class='ocr_line' id='line_1_10' title="bbox 484 931 2130 1005; baseline 0.003 -22"><span class='ocrx_word' id='word_1_49' title='bbox 484 946 589 1000; x_wconf 92' lang='lat' dir='ltr'>pro</span> <span class='ocrx_word' id='word_1_50' title='bbox 620 931 767 985; x_wconf 88' lang='lat' dir='ltr'>Juda</span> <span class='ocrx_word' id='word_1_51' title='bbox 797 931 1172 987; x_wconf 86' lang='lat' dir='ltr'>introductus</span> <span class='ocrx_word' id='word_1_52' title='bbox 1223 937 1329 995; x_wconf 88' lang='lat' dir='ltr'>est,</span> <span class='ocrx_word' id='word_1_53' title='bbox 1388 932 1685 1002; x_wconf 90' lang='lat' dir='ltr'>quomodo</span> <span class='ocrx_word' id='word_1_54' title='bbox 1745 949 1882 1005; x_wconf 88' lang='lat' dir='ltr'>ergo</span> <span class='ocrx_word' id='word_1_55' title='bbox 1943 934 2130 988; x_wconf 85' lang='lat' dir='ltr'>dicit:</span> 
     </span>
    </p>
   </div>
   <div class='ocr_carea' id='block_1_11' title="bbox 485 1018 2134 1092">
    <p class='ocr_par' dir='ltr' id='par_1_11' title="bbox 485 1018 2134 1092">
     <span class='ocr_line' id='line_1_11' title="bbox 485 1018 2134 1092; baseline 0.005 -25"><span class='ocrx_word' id='word_1_56' title='bbox 485 1040 513 1068; x_wconf 83' lang='lat'><strong>«</strong></span> <span class='ocrx_word' id='word_1_57' title='bbox 552 1019 773 1074; x_wconf 89' lang='lat' dir='ltr'>Deinde</span> <span class='ocrx_word' id='word_1_58' title='bbox 805 1019 925 1074; x_wconf 86' lang='lat' dir='ltr'>illis</span> <span class='ocrx_word' id='word_1_59' title='bbox 956 1018 1290 1077; x_wconf 88' lang='lat' dir='ltr'>duodecim.</span> <span class='ocrx_word' id='word_1_60' title='bbox 1324 1042 1352 1069; x_wconf 89' lang='grc'>››</span> <span class='ocrx_word' id='word_1_61' title='bbox 1387 1021 1666 1089; x_wconf 86' lang='lat' dir='ltr'>Dicimus,</span> <span class='ocrx_word' id='word_1_62' title='bbox 1697 1021 1787 1075; x_wconf 91' lang='lat' dir='ltr'>vel</span> <span class='ocrx_word' id='word_1_63' title='bbox 1829 1022 2134 1092; x_wconf 85' lang='lat' dir='ltr'>scriptoris</span> 
     </span>
    </p>
   </div>
   <div class='ocr_carea' id='block_1_12' title="bbox 482 1105 2132 1180">
    <p class='ocr_par' dir='ltr' id='par_1_12' title="bbox 482 1105 2132 1180">
     <span class='ocr_line' id='line_1_12' title="bbox 482 1105 2132 1180; baseline 0.003 -20"><span class='ocrx_word' id='word_1_64' title='bbox 482 1105 668 1162; x_wconf 89' lang='lat' dir='ltr'>fuisse</span> <span class='ocrx_word' id='word_1_65' title='bbox 700 1107 933 1179; x_wconf 89' lang='lat' dir='ltr'>lapsum</span> <span class='ocrx_word' id='word_1_66' title='bbox 968 1125 981 1164; x_wconf 89' lang='lat'><strong>:</strong></span> <span class='ocrx_word' id='word_1_67' title='bbox 1019 1109 1117 1163; x_wconf 89' lang='lat' dir='ltr'>Vel</span> <span class='ocrx_word' id='word_1_68' title='bbox 1150 1107 1310 1179; x_wconf 91' lang='lat' dir='ltr'>quod</span> <span class='ocrx_word' id='word_1_69' title='bbox 1339 1110 1730 1180; x_wconf 67' lang='lat' dir='ltr'>praescientiaz</span> <span class='ocrx_word' id='word_1_70' title='bbox 1749 1109 1919 1166; x_wconf 94' lang='lat' dir='ltr'>oculo</span> <span class='ocrx_word' id='word_1_71' title='bbox 1939 1111 2132 1165; x_wconf 90' lang='lat' dir='ltr'>sciens</span> 
     </span>
    </p>
   </div>
   <div class='ocr_carea' id='block_1_13' title="bbox 483 1196 2132 1268">
    <p class='ocr_par' dir='ltr' id='par_1_13' title="bbox 483 1196 2132 1268">
     <span class='ocr_line' id='line_1_13' title="bbox 483 1196 2132 1268; baseline 0.002 -17"><span class='ocrx_word' id='word_1_72' title='bbox 483 1196 789 1265; x_wconf 88' lang='lat' dir='ltr'>Dominus,</span> <span class='ocrx_word' id='word_1_73' title='bbox 817 1197 975 1268; x_wconf 85' lang='lat' dir='ltr'>quod</span> <span class='ocrx_word' id='word_1_74' title='bbox 995 1198 1264 1253; x_wconf 88' lang='lat' dir='ltr'>Matthias</span> <span class='ocrx_word' id='word_1_75' title='bbox 1285 1199 1799 1254; x_wconf 88' lang='lat' dir='ltr'>connumerandus</span> <span class='ocrx_word' id='word_1_76' title='bbox 1819 1206 1977 1254; x_wconf 89' lang='lat' dir='ltr'>esset</span> <span class='ocrx_word' id='word_1_77' title='bbox 1996 1216 2132 1254; x_wconf 89' lang='lat' dir='ltr'>cum</span> 
     </span>
    </p>
   </div>
   <div class='ocr_carea' id='block_1_14' title="bbox 485 1287 2133 1359">
    <p class='ocr_par' dir='ltr' id='par_1_14' title="bbox 485 1287 2133 1359">
     <span class='ocr_line' id='line_1_14' title="bbox 485 1287 2133 1359; baseline 0.002 -18"><span class='ocrx_word' id='word_1_78' title='bbox 485 1287 789 1351; x_wconf 90' lang='lat' dir='ltr'>undecim,</span> <span class='ocrx_word' id='word_1_79' title='bbox 826 1287 976 1343; x_wconf 74' lang='lat'>569</span> <span class='ocrx_word' id='word_1_80' title='bbox 1010 1289 1286 1359; x_wconf 86' lang='lat' dir='ltr'>apparuit</span> <span class='ocrx_word' id='word_1_81' title='bbox 1316 1293 1373 1342; x_wconf 91' lang='lat' dir='ltr'>et</span> <span class='ocrx_word' id='word_1_82' title='bbox 1404 1287 1539 1359; x_wconf 87' lang='lat' dir='ltr'>ipsi,</span> <span class='ocrx_word' id='word_1_83' title='bbox 1571 1294 1637 1343; x_wconf 90' lang='lat' dir='ltr'>ut</span> <span class='ocrx_word' id='word_1_84' title='bbox 1665 1305 1859 1359; x_wconf 91' lang='lat' dir='ltr'>neque</span> <span class='ocrx_word' id='word_1_85' title='bbox 1907 1289 1969 1344; x_wconf 92' lang='lat' dir='ltr'>in</span> <span class='ocrx_word' id='word_1_86' title='bbox 2022 1289 2133 1344; x_wconf 88' lang='lat' dir='ltr'>hoc</span> 
     </span>
    </p>
   </div>
   <div class='ocr_carea' id='block_1_15' title="bbox 485 1376 1509 1447">
    <p class='ocr_par' dir='ltr' id='par_1_15' title="bbox 485 1376 1509 1447">
     <span class='ocr_line' id='line_1_15' title="bbox 485 1376 1509 1447; baseline 0.002 -17"><span class='ocrx_word' id='word_1_87' title='bbox 485 1376 715 1430; x_wconf 73' lang='lat' dir='ltr'>caateris</span> <span class='ocrx_word' id='word_1_88' title='bbox 745 1376 1029 1447; x_wconf 84' lang='lat' dir='ltr'>apostolis</span> <span class='ocrx_word' id='word_1_89' title='bbox 1063 1382 1219 1430; x_wconf 89' lang='lat' dir='ltr'>esset</span> <span class='ocrx_word' id='word_1_90' title='bbox 1247 1376 1509 1432; x_wconf 85' lang='lat' dir='ltr'>inferior.</span> 
     </span>
    </p>
   </div>
   <div class='ocr_carea' id='block_1_16' title="bbox 557 1465 2129 1536">
    <p class='ocr_par' dir='ltr' id='par_1_16' title="bbox 557 1465 2129 1536">
     <span class='ocr_line' id='line_1_16' title="bbox 557 1465 2129 1536; baseline 0.002 -17"><span class='ocrx_word' id='word_1_91' title='bbox 557 1465 693 1520; x_wconf 85' lang='lat' dir='ltr'>Tale</span> <span class='ocrx_word' id='word_1_92' title='bbox 725 1465 1030 1536; x_wconf 88' lang='lat' dir='ltr'>quippiam</span> <span class='ocrx_word' id='word_1_93' title='bbox 1066 1465 1402 1521; x_wconf 90' lang='lat' dir='ltr'>subindicat</span> <span class='ocrx_word' id='word_1_94' title='bbox 1441 1471 1500 1520; x_wconf 92' lang='lat' dir='ltr'>et</span> <span class='ocrx_word' id='word_1_95' title='bbox 1550 1468 1806 1522; x_wconf 85' lang='lat' dir='ltr'>Joannes</span> <span class='ocrx_word' id='word_1_96' title='bbox 1863 1467 1926 1534; x_wconf 83' lang='grc'>⁴⁸,</span> <span class='ocrx_word' id='word_1_97' title='bbox 1978 1485 2129 1524; x_wconf 93' lang='lat' dir='ltr'>nus-</span> 
     </span>
    </p>
   </div>
   <div class='ocr_carea' id='block_1_17' title="bbox 487 1554 2132 1626">
    <p class='ocr_par' dir='ltr' id='par_1_17' title="bbox 487 1554 2132 1626">
     <span class='ocr_line' id='line_1_17' title="bbox 487 1554 2132 1626; baseline 0.002 -16"><span class='ocrx_word' id='word_1_98' title='bbox 487 1571 665 1625; x_wconf 86' lang='lat' dir='ltr'>quam</span> <span class='ocrx_word' id='word_1_99' title='bbox 699 1554 904 1609; x_wconf 88' lang='lat' dir='ltr'>dicens</span> <span class='ocrx_word' id='word_1_100' title='bbox 939 1555 1096 1625; x_wconf 92' lang='lat' dir='ltr'>quod</span> <span class='ocrx_word' id='word_1_101' title='bbox 1129 1556 1403 1626; x_wconf 84' lang='lat' dir='ltr'>apparuit</span> <span class='ocrx_word' id='word_1_102' title='bbox 1457 1556 1754 1622; x_wconf 88' lang='lat' dir='ltr'>undecim,</span> <span class='ocrx_word' id='word_1_103' title='bbox 1806 1557 1908 1613; x_wconf 88' lang='lat' dir='ltr'>sed</span> <span class='ocrx_word' id='word_1_104' title='bbox 1962 1564 2018 1613; x_wconf 90' lang='lat' dir='ltr'>et</span> <span class='ocrx_word' id='word_1_105' title='bbox 2057 1559 2132 1613; x_wconf 88' lang='lat' dir='ltr'>de</span> 
     </span>
    </p>
   </div>
   <div class='ocr_carea' id='block_1_18' title="bbox 484 1643 2133 1714">
    <p class='ocr_par' dir='ltr' id='par_1_18' title="bbox 484 1643 2133 1714">
     <span class='ocr_line' id='line_1_18' title="bbox 484 1643 2133 1714; baseline 0.003 -18"><span class='ocrx_word' id='word_1_106' title='bbox 484 1643 707 1698; x_wconf 89' lang='lat' dir='ltr'>Thoma</span> <span class='ocrx_word' id='word_1_107' title='bbox 730 1643 1005 1714; x_wconf 89' lang='lat' dir='ltr'>loquens,</span> <span class='ocrx_word' id='word_1_108' title='bbox 1030 1644 1144 1698; x_wconf 90' lang='lat' dir='ltr'>ait:</span> <span class='ocrx_word' id='word_1_109' title='bbox 1173 1645 1427 1698; x_wconf 88' lang='lat' dir='ltr'>Thomas</span> <span class='ocrx_word' id='word_1_110' title='bbox 1448 1650 1647 1699; x_wconf 89' lang='lat' dir='ltr'>autem</span> <span class='ocrx_word' id='word_1_111' title='bbox 1681 1662 1838 1700; x_wconf 93' lang='lat' dir='ltr'>unus</span> <span class='ocrx_word' id='word_1_112' title='bbox 1887 1663 1955 1700; x_wconf 84' lang='lat' dir='ltr'>ex</span> <span class='ocrx_word' id='word_1_113' title='bbox 1986 1647 2133 1701; x_wconf 92' lang='lat' dir='ltr'>duo-</span> 
     </span>
    </p>
   </div>
   <div class='ocr_carea' id='block_1_19' title="bbox 477 1733 2129 1808">
    <p class='ocr_par' dir='ltr' id='par_1_19' title="bbox 477 1733 2129 1808">
     <span class='ocr_line' id='line_1_19' title="bbox 477 1733 2129 1808; baseline 0.001 -20"><span class='ocrx_word' id='word_1_114' title='bbox 477 1733 670 1788; x_wconf 86' lang='lat' dir='ltr'>decim</span> <span class='ocrx_word' id='word_1_115' title='bbox 705 1750 717 1788; x_wconf 91' lang='lat'><strong>:</strong></span> <span class='ocrx_word' id='word_1_116' title='bbox 754 1735 931 1806; x_wconf 80' lang='lat' dir='ltr'>Magis</span> <span class='ocrx_word' id='word_1_117' title='bbox 963 1735 1123 1789; x_wconf 89' lang='lat' dir='ltr'>enim</span> <span class='ocrx_word' id='word_1_118' title='bbox 1157 1735 1354 1790; x_wconf 87' lang='lat' dir='ltr'>dicere</span> <span class='ocrx_word' id='word_1_119' title='bbox 1388 1751 1703 1805; x_wconf 84' lang='lat' dir='ltr'>possumus</span> <span class='ocrx_word' id='word_1_120' title='bbox 1735 1736 1891 1807; x_wconf 92' lang='lat' dir='ltr'>quod</span> <span class='ocrx_word' id='word_1_121' title='bbox 1940 1736 2129 1808; x_wconf 86' lang='lat' dir='ltr'>gratia</span> 
     </span>
    </p>
   </div>
   <div class='ocr_carea' id='block_1_20' title="bbox 480 1823 2132 1896">
    <p class='ocr_par' dir='ltr' id='par_1_20' title="bbox 480 1823 2132 1896">
     <span class='ocr_line' id='line_1_20' title="bbox 480 1823 2132 1896; baseline 0.002 -20"><span class='ocrx_word' id='word_1_122' title='bbox 480 1823 790 1877; x_wconf 82' lang='lat' dir='ltr'>Matthiam</span> <span class='ocrx_word' id='word_1_123' title='bbox 823 1823 1054 1878; x_wconf 61' lang='lat' dir='ltr'>caeteris</span> <span class='ocrx_word' id='word_1_124' title='bbox 1085 1825 1603 1880; x_wconf 84' lang='lat' dir='ltr'>connumeraverit</span> <span class='ocrx_word' id='word_1_125' title='bbox 1633 1825 1956 1880; x_wconf 90' lang='lat' dir='ltr'>secundum</span> <span class='ocrx_word' id='word_1_126' title='bbox 1980 1842 2132 1896; x_wconf 72' lang='lat' dir='ltr'>prse-</span> 
     </span>
    </p>
   </div>
   <div class='ocr_carea' id='block_1_21' title="bbox 483 1910 2130 1984">
    <p class='ocr_par' dir='ltr' id='par_1_21' title="bbox 483 1910 2130 1984">
     <span class='ocr_line' id='line_1_21' title="bbox 483 1910 2130 1984; baseline 0.002 -20"><span class='ocrx_word' id='word_1_127' title='bbox 483 1910 816 1965; x_wconf 89' lang='lat' dir='ltr'>scientiam.</span> <span class='ocrx_word' id='word_1_128' title='bbox 841 1915 957 1965; x_wconf 85' lang='lat' dir='ltr'>Aut</span> <span class='ocrx_word' id='word_1_129' title='bbox 975 1913 1185 1966; x_wconf 79' lang='lat' dir='ltr'>ludam</span> <span class='ocrx_word' id='word_1_130' title='bbox 1218 1913 1410 1968; x_wconf 90' lang='lat' dir='ltr'>adhuc</span> <span class='ocrx_word' id='word_1_131' title='bbox 1455 1919 1589 1984; x_wconf 90' lang='lat' dir='ltr'>post</span> <span class='ocrx_word' id='word_1_132' title='bbox 1637 1913 2033 1984; x_wconf 86' lang='lat' dir='ltr'>proditionem</span> <span class='ocrx_word' id='word_1_133' title='bbox 2065 1930 2130 1968; x_wconf 89' lang='lat' dir='ltr'>ac</span> 
     </span>
    </p>
   </div>
   <div class='ocr_carea' id='block_1_22' title="bbox 483 2001 2136 2076">
    <p class='ocr_par' dir='ltr' id='par_1_22' title="bbox 483 2001 2136 2076">
     <span class='ocr_line' id='line_1_22' title="bbox 483 2001 2136 2076; baseline 0.001 -20"><span class='ocrx_word' id='word_1_134' title='bbox 483 2001 871 2072; x_wconf 90' lang='lat' dir='ltr'>suspendium</span> <span class='ocrx_word' id='word_1_135' title='bbox 899 2004 1412 2066; x_wconf 47' lang='lat' dir='ltr'>connumeravita</span> <span class='ocrx_word' id='word_1_136' title='bbox 1429 2004 1569 2058; x_wconf 86' lang='lat' dir='ltr'>Plus</span> <span class='ocrx_word' id='word_1_137' title='bbox 1591 2021 1770 2074; x_wconf 90' lang='lat' dir='ltr'>quam</span> <span class='ocrx_word' id='word_1_138' title='bbox 1794 2003 2136 2076; x_wconf 78' lang='lat' dir='ltr'>quingentis</span> 
     </span>
    </p>
   </div>
   <div class='ocr_carea' id='block_1_23' title="bbox 478 2088 2135 2162">
    <p class='ocr_par' dir='ltr' id='par_1_23' title="bbox 478 2088 2135 2162">
     <span class='ocr_line' id='line_1_23' title="bbox 478 2088 2135 2162; baseline 0.001 -17"><span class='ocrx_word' id='word_1_139' title='bbox 478 2089 787 2145; x_wconf 83' lang='lat' dir='ltr'>fratribus.</span> <span class='ocrx_word' id='word_1_140' title='bbox 817 2112 846 2139; x_wconf 88' lang='lat'><strong>»</strong></span> <span class='ocrx_word' id='word_1_141' title='bbox 881 2091 1237 2145; x_wconf 88' lang='lat' dir='ltr'>Adverbium</span> <span class='ocrx_word' id='word_1_142' title='bbox 1270 2088 1450 2145; x_wconf 74' lang='grc' dir='ltr'>ἐπάνω</span> <span class='ocrx_word' id='word_1_143' title='bbox 1484 2092 1664 2162; x_wconf 88' lang='lat' dir='ltr'>(quod</span> <span class='ocrx_word' id='word_1_144' title='bbox 1712 2109 1844 2146; x_wconf 88' lang='lat' dir='ltr'>cum</span> <span class='ocrx_word' id='word_1_145' title='bbox 1905 2093 2135 2146; x_wconf 76' lang='lat' dir='ltr'>cwteris</span> 
     </span>
    </p>
   </div>
   <div class='ocr_carea' id='block_1_24' title="bbox 487 2179 2134 2251">
    <p class='ocr_par' dir='ltr' id='par_1_24' title="bbox 487 2179 2134 2251">
     <span class='ocr_line' id='line_1_24' title="bbox 487 2179 2134 2251; baseline 0.001 -19"><span class='ocrx_word' id='word_1_146' title='bbox 487 2179 911 2250; x_wconf 86' lang='lat' dir='ltr'>interpretibus</span> <span class='ocrx_word' id='word_1_147' title='bbox 943 2197 1047 2250; x_wconf 89' lang='lat' dir='ltr'>per</span> <span class='ocrx_word' id='word_1_148' title='bbox 1075 2181 1203 2234; x_wconf 87' lang='lat' dir='ltr'>Plus</span> <span class='ocrx_word' id='word_1_149' title='bbox 1234 2196 1397 2248; x_wconf 85' lang='lat' dir='ltr'>quam</span> <span class='ocrx_word' id='word_1_150' title='bbox 1429 2179 1841 2251; x_wconf 87' lang='lat' dir='ltr'>reddidimus),</span> <span class='ocrx_word' id='word_1_151' title='bbox 1892 2180 2134 2251; x_wconf 88' lang='lat' dir='ltr'>quidam</span> 
     </span>
    </p>
   </div>
   <div class='ocr_carea' id='block_1_25' title="bbox 487 2267 2133 2340">
    <p class='ocr_par' dir='ltr' id='par_1_25' title="bbox 487 2267 2133 2340">
     <span class='ocr_line' id='line_1_25' title="bbox 487 2267 2133 2340; baseline -0.001 -17"><span class='ocrx_word' id='word_1_152' title='bbox 487 2270 656 2324; x_wconf 87' lang='lat' dir='ltr'>aiunt</span> <span class='ocrx_word' id='word_1_153' title='bbox 688 2267 910 2322; x_wconf 88' lang='lat' dir='ltr'>dictum</span> <span class='ocrx_word' id='word_1_154' title='bbox 943 2284 1073 2322; x_wconf 88' lang='lat' dir='ltr'>esse</span> <span class='ocrx_word' id='word_1_155' title='bbox 1106 2286 1210 2340; x_wconf 92' lang='lat' dir='ltr'>pro</span> <span class='ocrx_word' id='word_1_156' title='bbox 1242 2270 1471 2334; x_wconf 56' lang='lat' dir='ltr'>calitus,</span> <span class='ocrx_word' id='word_1_157' title='bbox 1505 2275 1569 2323; x_wconf 92' lang='lat' dir='ltr'>ut</span> <span class='ocrx_word' id='word_1_158' title='bbox 1601 2269 1746 2339; x_wconf 86' lang='lat' dir='ltr'>ipsis</span> <span class='ocrx_word' id='word_1_159' title='bbox 1779 2286 1944 2324; x_wconf 90' lang='lat' dir='ltr'>suam</span> <span class='ocrx_word' id='word_1_160' title='bbox 1984 2285 2133 2339; x_wconf 91' lang='lat' dir='ltr'>quo-</span> 
     </span>
    </p>
   </div>
   <div class='ocr_carea' id='block_1_26' title="bbox 486 2357 2130 2429">
    <p class='ocr_par' dir='ltr' id='par_1_26' title="bbox 486 2357 2130 2429">
     <span class='ocr_line' id='line_1_26' title="bbox 486 2357 2130 2429; baseline -0.001 -17"><span class='ocrx_word' id='word_1_161' title='bbox 486 2374 598 2429; x_wconf 89' lang='lat' dir='ltr'>que</span> <span class='ocrx_word' id='word_1_162' title='bbox 631 2357 1102 2427; x_wconf 88' lang='lat' dir='ltr'>assumptionem</span> <span class='ocrx_word' id='word_1_163' title='bbox 1155 2357 1516 2412; x_wconf 87' lang='lat' dir='ltr'>ostenderet.</span> <span class='ocrx_word' id='word_1_164' title='bbox 1565 2358 1679 2412; x_wconf 82' lang='lat' dir='ltr'>Alii</span> <span class='ocrx_word' id='word_1_165' title='bbox 1704 2375 1835 2413; x_wconf 88' lang='lat' dir='ltr'>vero</span> <span class='ocrx_word' id='word_1_166' title='bbox 1869 2375 1972 2428; x_wconf 91' lang='lat' dir='ltr'>pro</span> <span class='ocrx_word' id='word_1_167' title='bbox 1998 2359 2130 2427; x_wconf 88' lang='lat' dir='ltr'>plu-</span> 
     </span>
    </p>
   </div>
   <div class='ocr_carea' id='block_1_27' title="bbox 482 2446 2131 2517">
    <p class='ocr_par' dir='ltr' id='par_1_27' title="bbox 482 2446 2131 2517">
     <span class='ocr_line' id='line_1_27' title="bbox 482 2446 2131 2517; baseline 0 -17"><span class='ocrx_word' id='word_1_168' title='bbox 482 2447 632 2501; x_wconf 80' lang='lat' dir='ltr'>ribus</span> <span class='ocrx_word' id='word_1_169' title='bbox 665 2446 1035 2516; x_wconf 85' lang='lat' dir='ltr'>interpretati</span> <span class='ocrx_word' id='word_1_170' title='bbox 1069 2451 1225 2513; x_wconf 90' lang='lat' dir='ltr'>sunt,</span> <span class='ocrx_word' id='word_1_171' title='bbox 1261 2446 1370 2500; x_wconf 92' lang='lat' dir='ltr'>hoc</span> <span class='ocrx_word' id='word_1_172' title='bbox 1402 2451 1509 2511; x_wconf 86' lang='lat' dir='ltr'>est,</span> <span class='ocrx_word' id='word_1_173' title='bbox 1545 2468 1572 2495; x_wconf 84' lang='lat'>«</span> <span class='ocrx_word' id='word_1_174' title='bbox 1624 2446 1893 2517; x_wconf 88' lang='lat' dir='ltr'>pluribus</span> <span class='ocrx_word' id='word_1_175' title='bbox 1950 2463 2131 2516; x_wconf 89' lang='lat' dir='ltr'>quam</span> 
     </span>
    </p>
   </div>
   <div class='ocr_carea' id='block_1_28' title="bbox 483 2535 2132 2607">
    <p class='ocr_par' dir='ltr' id='par_1_28' title="bbox 483 2535 2132 2607">
     <span class='ocr_line' id='line_1_28' title="bbox 483 2535 2132 2607; baseline 0.002 -19"><span class='ocrx_word' id='word_1_176' title='bbox 483 2535 838 2607; x_wconf 80' lang='lat' dir='ltr'>quingentis.</span> <span class='ocrx_word' id='word_1_177' title='bbox 868 2557 894 2582; x_wconf 85' lang='grc'><strong>››</strong></span> <span class='ocrx_word' id='word_1_178' title='bbox 921 2566 982 2574; x_wconf 89' lang='grc'><strong><em>-</em></strong></span> <span class='ocrx_word' id='word_1_179' title='bbox 1009 2535 1318 2599; x_wconf 85' lang='lat' dir='ltr'>«Quorum</span> <span class='ocrx_word' id='word_1_180' title='bbox 1339 2535 1540 2605; x_wconf 89' lang='lat' dir='ltr'>plures</span> <span class='ocrx_word' id='word_1_181' title='bbox 1565 2542 1805 2589; x_wconf 89' lang='lat' dir='ltr'>manent</span> <span class='ocrx_word' id='word_1_182' title='bbox 1853 2536 1925 2590; x_wconf 91' lang='lat' dir='ltr'>ad</span> <span class='ocrx_word' id='word_1_183' title='bbox 1974 2537 2132 2591; x_wconf 90' lang='lat' dir='ltr'>hunc</span> 
     </span>
    </p>
   </div>
   <div class='ocr_carea' id='block_1_29' title="bbox 480 2623 2128 2694">
    <p class='ocr_par' dir='ltr' id='par_1_29' title="bbox 480 2623 2128 2694">
     <span class='ocr_line' id='line_1_29' title="bbox 480 2623 2128 2694; baseline 0.001 -16"><span class='ocrx_word' id='word_1_184' title='bbox 480 2640 669 2694; x_wconf 89' lang='lat' dir='ltr'>usque</span> <span class='ocrx_word' id='word_1_185' title='bbox 697 2623 872 2678; x_wconf 88' lang='lat' dir='ltr'>diem.</span> <span class='ocrx_word' id='word_1_186' title='bbox 914 2644 938 2673; x_wconf 70' lang='grc' dir='ltr'><strong>υ</strong></span> <span class='ocrx_word' id='word_1_187' title='bbox 971 2623 1187 2690; x_wconf 87' lang='lat' dir='ltr'>Habeo,</span> <span class='ocrx_word' id='word_1_188' title='bbox 1222 2625 1436 2694; x_wconf 87' lang='lat' dir='ltr'>inquit,</span> <span class='ocrx_word' id='word_1_189' title='bbox 1468 2624 1623 2678; x_wconf 84' lang='lat' dir='ltr'>vivos</span> <span class='ocrx_word' id='word_1_190' title='bbox 1676 2623 1870 2679; x_wconf 90' lang='lat' dir='ltr'>adhuc</span> <span class='ocrx_word' id='word_1_191' title='bbox 1928 2630 2128 2680; x_wconf 89' lang='lat' dir='ltr'>testes.</span> 
     </span>
    </p>
   </div>
   <div class='ocr_carea' id='block_1_30' title="bbox 482 2712 2126 2777">
    <p class='ocr_par' dir='ltr' id='par_1_30' title="bbox 482 2712 2126 2777">
     <span class='ocr_line' id='line_1_30' title="bbox 482 2712 2126 2777; baseline 0.004 -16"><span class='ocrx_word' id='word_1_192' title='bbox 482 2737 508 2762; x_wconf 88' lang='grc'>‹‹</span> <span class='ocrx_word' id='word_1_193' title='bbox 538 2712 786 2777; x_wconf 87' lang='lat' dir='ltr'>Quidam</span> <span class='ocrx_word' id='word_1_194' title='bbox 813 2729 948 2766; x_wconf 83' lang='lat' dir='ltr'>vero</span> <span class='ocrx_word' id='word_1_195' title='bbox 973 2713 1152 2768; x_wconf 89' lang='lat' dir='ltr'>etiam</span> <span class='ocrx_word' id='word_1_196' title='bbox 1176 2713 1568 2768; x_wconf 85' lang='lat' dir='ltr'>dormierunt.</span> <span class='ocrx_word' id='word_1_197' title='bbox 1595 2736 1620 2760; x_wconf 75' lang='grc' dir='ltr'>η</span> <span class='ocrx_word' id='word_1_198' title='bbox 1664 2716 1774 2768; x_wconf 88' lang='lat' dir='ltr'>Per</span> <span class='ocrx_word' id='word_1_199' title='bbox 1809 2713 2126 2768; x_wconf 88' lang='lat' dir='ltr'>dictionem</span> 
     </span>
    </p>
   </div>
   <div class='ocr_carea' id='block_1_31' title="bbox 482 2802 2128 2873">
    <p class='ocr_par' dir='ltr' id='par_1_31' title="bbox 482 2802 2128 2873">
     <span class='ocr_line' id='line_1_31' title="bbox 482 2802 2128 2873; baseline 0.003 -21"><span class='ocrx_word' id='word_1_200' title='bbox 482 2823 510 2852; x_wconf 83' lang='grc' dir='ltr'><strong>ι(</strong></span> <span class='ocrx_word' id='word_1_201' title='bbox 534 2802 925 2866; x_wconf 90' lang='lat' dir='ltr'>dormierunt,</span> <span class='ocrx_word' id='word_1_202' title='bbox 964 2824 990 2850; x_wconf 87' lang='grc'><strong>››</strong></span> <span class='ocrx_word' id='word_1_203' title='bbox 1014 2803 1270 2873; x_wconf 90' lang='lat' dir='ltr'>primum</span> <span class='ocrx_word' id='word_1_204' title='bbox 1287 2802 1740 2857; x_wconf 88' lang='lat' dir='ltr'>resurrectionis</span> <span class='ocrx_word' id='word_1_205' title='bbox 1770 2802 2128 2857; x_wconf 84' lang='lat' dir='ltr'>fundamen-</span> 
     </span>
    </p>
   </div>
   <div class='ocr_carea' id='block_1_32' title="bbox 480 2891 2128 2963">
    <p class='ocr_par' dir='ltr' id='par_1_32' title="bbox 480 2891 2128 2963">
     <span class='ocr_line' id='line_1_32' title="bbox 480 2891 2128 2963; baseline 0.002 -19"><span class='ocrx_word' id='word_1_206' title='bbox 480 2895 603 2944; x_wconf 88' lang='lat' dir='ltr'>tum</span> <span class='ocrx_word' id='word_1_207' title='bbox 629 2891 795 2961; x_wconf 85' lang='lat' dir='ltr'>jecit.</span> <span class='ocrx_word' id='word_1_208' title='bbox 832 2892 975 2946; x_wconf 79' lang='lat' dir='ltr'>Nam</span> <span class='ocrx_word' id='word_1_209' title='bbox 1007 2891 1106 2961; x_wconf 92' lang='lat' dir='ltr'>qui</span> <span class='ocrx_word' id='word_1_210' title='bbox 1140 2891 1379 2957; x_wconf 91' lang='lat' dir='ltr'>dormit,</span> <span class='ocrx_word' id='word_1_211' title='bbox 1407 2892 1582 2946; x_wconf 87' lang='lat' dir='ltr'>etiam</span> <span class='ocrx_word' id='word_1_212' title='bbox 1604 2892 1876 2963; x_wconf 80' lang='lat' dir='ltr'>resurgit.</span> <span class='ocrx_word' id='word_1_213' title='bbox 1908 2911 1929 2938; x_wconf 79' lang='grc' dir='ltr'>ι</span> <span class='ocrx_word' id='word_1_214' title='bbox 1959 2893 2128 2948; x_wconf 85' lang='lat' dir='ltr'>Visus</span> 
     </span>
    </p>
   </div>
   <div class='ocr_carea' id='block_1_33' title="bbox 478 2979 2128 3052">
    <p class='ocr_par' dir='ltr' id='par_1_33' title="bbox 478 2979 2128 3052">
     <span class='ocr_line' id='line_1_33' title="bbox 478 2979 2128 3052; baseline 0.002 -19"><span class='ocrx_word' id='word_1_215' title='bbox 478 2986 567 3033; x_wconf 86' lang='lat' dir='ltr'>est</span> <span class='ocrx_word' id='word_1_216' title='bbox 597 2979 830 3034; x_wconf 86' lang='lat' dir='ltr'>Jacobo.</span> <span class='ocrx_word' id='word_1_217' title='bbox 871 3002 891 3028; x_wconf 70' lang='grc' dir='ltr'><strong>ο</strong></span> <span class='ocrx_word' id='word_1_218' title='bbox 926 2979 1214 3051; x_wconf 87' lang='lat' dir='ltr'>Episcopo</span> <span class='ocrx_word' id='word_1_219' title='bbox 1247 2979 1808 3050; x_wconf 83' lang='lat' dir='ltr'>Hierosolymitano,</span> <span class='ocrx_word' id='word_1_220' title='bbox 1872 2983 1971 3052; x_wconf 93' lang='lat' dir='ltr'>qui</span> <span class='ocrx_word' id='word_1_221' title='bbox 2028 2998 2128 3036; x_wconf 92' lang='lat' dir='ltr'>co-</span> 
     </span>
    </p>
   </div>
   <div class='ocr_carea' id='block_1_34' title="bbox 475 3069 2124 3142">
    <p class='ocr_par' dir='ltr' id='par_1_34' title="bbox 475 3069 2124 3142">
     <span class='ocr_line' id='line_1_34' title="bbox 475 3069 2124 3142; baseline 0.002 -19"><span class='ocrx_word' id='word_1_222' title='bbox 475 3069 940 3142; x_wconf 86' lang='lat' dir='ltr'>gnominabatur</span> <span class='ocrx_word' id='word_1_223' title='bbox 968 3069 1154 3124; x_wconf 82' lang='lat' dir='ltr'>frater</span> <span class='ocrx_word' id='word_1_224' title='bbox 1181 3069 1437 3124; x_wconf 90' lang='lat' dir='ltr'>Domini.</span> <span class='ocrx_word' id='word_1_225' title='bbox 1472 3071 1630 3135; x_wconf 89' lang='lat' dir='ltr'>Post,</span> <span class='ocrx_word' id='word_1_226' title='bbox 1665 3070 1952 3141; x_wconf 84' lang='lat' dir='ltr'>apostolis</span> <span class='ocrx_word' id='word_1_227' title='bbox 1997 3087 2124 3126; x_wconf 89' lang='lat' dir='ltr'>om-</span> 
     </span>
    </p>
   </div>
   <div class='ocr_carea' id='block_1_35' title="bbox 476 3157 2126 3230">
    <p class='ocr_par' dir='ltr' id='par_1_35' title="bbox 476 3157 2126 3230">
     <span class='ocr_line' id='line_1_35' title="bbox 476 3157 2126 3230; baseline 0.002 -18"><span class='ocrx_word' id='word_1_228' title='bbox 476 3158 670 3212; x_wconf 85' lang='lat' dir='ltr'>nibus.</span> <span class='ocrx_word' id='word_1_229' title='bbox 703 3160 883 3212; x_wconf 88' lang='lat' dir='ltr'>Erant</span> <span class='ocrx_word' id='word_1_230' title='bbox 913 3158 1074 3212; x_wconf 89' lang='lat' dir='ltr'>enim</span> <span class='ocrx_word' id='word_1_231' title='bbox 1106 3165 1162 3212; x_wconf 90' lang='lat' dir='ltr'>et</span> <span class='ocrx_word' id='word_1_232' title='bbox 1208 3157 1308 3213; x_wconf 89' lang='lat' dir='ltr'>alii</span> <span class='ocrx_word' id='word_1_233' title='bbox 1343 3175 1414 3212; x_wconf 83' lang='lat' dir='ltr'>ex</span> <span class='ocrx_word' id='word_1_234' title='bbox 1444 3157 1751 3230; x_wconf 90' lang='lat' dir='ltr'>discipulis</span> <span class='ocrx_word' id='word_1_235' title='bbox 1777 3160 2030 3230; x_wconf 88' lang='lat' dir='ltr'>apostoli</span> <span class='ocrx_word' id='word_1_236' title='bbox 2052 3161 2126 3216; x_wconf 87' lang='lat' dir='ltr'>ad</span> 
     </span>
    </p>
   </div>
   <div class='ocr_carea' id='block_1_36' title="bbox 2237 576 3902 657">
    <p class='ocr_par' dir='ltr' id='par_1_36' title="bbox 2237 576 3902 657">
     <span class='ocr_line' id='line_1_36' title="bbox 2237 576 3902 657; baseline -0.002 -26"><span class='ocrx_word' id='word_1_237' title='bbox 2237 580 2306 649; x_wconf 80' lang='grc' dir='ltr'>τῇ</span> <span class='ocrx_word' id='word_1_238' title='bbox 2343 577 2540 652; x_wconf 77' lang='grc' dir='ltr'>Μαρίᾳ.</span> <span class='ocrx_word' id='word_1_239' title='bbox 2579 577 2734 634; x_wconf 85' lang='grc' dir='ltr'>Ἀλλ’</span> <span class='ocrx_word' id='word_1_240' title='bbox 2765 578 2817 633; x_wconf 79' lang='grc' dir='ltr'>ἐν</span> <span class='ocrx_word' id='word_1_241' title='bbox 2868 576 3110 654; x_wconf 81' lang='grc' dir='ltr'>ἀνδράτι,</span> <span class='ocrx_word' id='word_1_242' title='bbox 3169 580 3391 654; x_wconf 85' lang='grc' dir='ltr'>πρώτῳ</span> <span class='ocrx_word' id='word_1_243' title='bbox 3463 577 3628 657; x_wconf 78' lang='grc' dir='ltr'>ὤφθη</span> <span class='ocrx_word' id='word_1_244' title='bbox 3690 585 3765 653; x_wconf 80' lang='grc' dir='ltr'>τῷ</span> <span class='ocrx_word' id='word_1_245' title='bbox 3817 582 3902 637; x_wconf 62' lang='lat' dir='ltr'>na-</span> 
     </span>
    </p>
   </div>
   <div class='ocr_carea' id='block_1_37' title="bbox 2237 665 3905 745">
    <p class='ocr_par' dir='ltr' id='par_1_37' title="bbox 2237 665 3905 745">
     <span class='ocr_line' id='line_1_37' title="bbox 2237 665 3905 745; baseline 0.004 -25"><span class='ocrx_word' id='word_1_246' title='bbox 2237 687 2371 742; x_wconf 85' lang='grc' dir='ltr'>τρῳ,</span> <span class='ocrx_word' id='word_1_247' title='bbox 2405 671 2496 722; x_wconf 80' lang='grc' dir='ltr'>ἅτε</span> <span class='ocrx_word' id='word_1_248' title='bbox 2553 665 2858 745; x_wconf 67' lang='grc' dir='ltr'>προῦχοντι</span> <span class='ocrx_word' id='word_1_249' title='bbox 2914 673 3012 724; x_wconf 89' lang='grc' dir='ltr'>τοῦ</span> <span class='ocrx_word' id='word_1_250' title='bbox 3067 668 3362 725; x_wconf 79' lang='grc' dir='ltr'>θεσπεσίου</span> <span class='ocrx_word' id='word_1_251' title='bbox 3408 674 3597 745; x_wconf 88' lang='grc' dir='ltr'>χοροῦ</span> <span class='ocrx_word' id='word_1_252' title='bbox 3654 675 3762 724; x_wconf 84' lang='grc' dir='ltr'>τῶν</span> <span class='ocrx_word' id='word_1_253' title='bbox 3813 694 3905 742; x_wconf 75' lang='grc' dir='ltr'>μα-</span> 
     </span>
    </p>
   </div>
   <div class='ocr_carea' id='block_1_38' title="bbox 2241 754 3900 827">
    <p class='ocr_par' dir='ltr' id='par_1_38' title="bbox 2241 754 3900 827">
     <span class='ocr_line' id='line_1_38' title="bbox 2241 754 3900 827; baseline 0.003 -18"><span class='ocrx_word' id='word_1_254' title='bbox 2241 761 2435 825; x_wconf 81' lang='grc' dir='ltr'>θητῶν.</span> <span class='ocrx_word' id='word_1_255' title='bbox 2497 784 2522 808; x_wconf 87' lang='grc'><em>‹‹</em></span> <span class='ocrx_word' id='word_1_256' title='bbox 2585 759 2726 815; x_wconf 79' lang='grc' dir='ltr'>Εἶτα</span> <span class='ocrx_word' id='word_1_257' title='bbox 2783 763 2900 819; x_wconf 87' lang='grc' dir='ltr'>τοῖς</span> <span class='ocrx_word' id='word_1_258' title='bbox 2955 754 3246 815; x_wconf 70' lang='grc' dir='ltr'>δώδεκα.»</span> <span class='ocrx_word' id='word_1_259' title='bbox 3299 758 3515 815; x_wconf 81' lang='grc' dir='ltr'><strong>Καίτοι</strong></span> <span class='ocrx_word' id='word_1_260' title='bbox 3556 758 3587 812; x_wconf 98' lang='lat'>6</span> <span class='ocrx_word' id='word_1_261' title='bbox 3652 759 3900 827; x_wconf 75' lang='grc' dir='ltr'>Ματθίας,</span> 
     </span>
    </p>
   </div>
   <div class='ocr_carea' id='block_1_39' title="bbox 2243 844 3902 923">
    <p class='ocr_par' dir='ltr' id='par_1_39' title="bbox 2243 844 3902 923">
     <span class='ocr_line' id='line_1_39' title="bbox 2243 844 3902 923; baseline 0.004 -26"><span class='ocrx_word' id='word_1_262' title='bbox 2243 844 2376 916; x_wconf 85' lang='grc' dir='ltr'>μετὰ</span> <span class='ocrx_word' id='word_1_263' title='bbox 2406 848 2505 915; x_wconf 79' lang='grc' dir='ltr'>τήν</span> <span class='ocrx_word' id='word_1_264' title='bbox 2533 844 2809 921; x_wconf 81' lang='grc' dir='ltr'>ἀνάληψιν</span> <span class='ocrx_word' id='word_1_265' title='bbox 2848 850 2947 901; x_wconf 86' lang='grc' dir='ltr'>τοῦ</span> <span class='ocrx_word' id='word_1_266' title='bbox 2998 846 3199 922; x_wconf 81' lang='grc' dir='ltr'>Κυρίου</span> <span class='ocrx_word' id='word_1_267' title='bbox 3242 847 3608 923; x_wconf 73' lang='grc' dir='ltr'>ἀντεισήχθη</span> <span class='ocrx_word' id='word_1_268' title='bbox 3661 846 3775 902; x_wconf 82' lang='grc' dir='ltr'>ἀντὶ</span> <span class='ocrx_word' id='word_1_269' title='bbox 3821 855 3902 904; x_wconf 82' lang='grc' dir='ltr'>τοῦ</span> 
     </span>
    </p>
   </div>
   <div class='ocr_carea' id='block_1_40' title="bbox 2240 930 3902 1012">
    <p class='ocr_par' dir='ltr' id='par_1_40' title="bbox 2240 930 3902 1012">
     <span class='ocr_line' id='line_1_40' title="bbox 2240 930 3902 1012; baseline 0.003 -24"><span class='ocrx_word' id='word_1_270' title='bbox 2240 930 2434 990; x_wconf 81' lang='grc' dir='ltr'>Ἰούδα.</span> <span class='ocrx_word' id='word_1_271' title='bbox 2471 938 2593 996; x_wconf 81' lang='grc' dir='ltr'>Πῶς</span> <span class='ocrx_word' id='word_1_272' title='bbox 2625 932 2719 989; x_wconf 82' lang='grc' dir='ltr'>οῦν</span> <span class='ocrx_word' id='word_1_273' title='bbox 2753 933 2920 1010; x_wconf 72' lang='grc' dir='ltr'>λέγει,</span> <span class='ocrx_word' id='word_1_274' title='bbox 2954 961 2982 988; x_wconf 91' lang='grc'><em>‹‹</em></span> <span class='ocrx_word' id='word_1_275' title='bbox 3015 938 3151 991; x_wconf 83' lang='grc' dir='ltr'>Εἶτα</span> <span class='ocrx_word' id='word_1_276' title='bbox 3189 942 3314 997; x_wconf 84' lang='grc' dir='ltr'>τοῖς</span> <span class='ocrx_word' id='word_1_277' title='bbox 3372 932 3636 1003; x_wconf 87' lang='grc' dir='ltr'>δώδεκα;</span> <span class='ocrx_word' id='word_1_278' title='bbox 3670 961 3700 987; x_wconf 73' lang='grc' dir='ltr'>ιι</span> <span class='ocrx_word' id='word_1_279' title='bbox 3748 936 3902 1012; x_wconf 82' lang='grc' dir='ltr'>Λέγο-</span> 
     </span>
    </p>
   </div>
   <div class='ocr_carea' id='block_1_41' title="bbox 2242 1018 3906 1101">
    <p class='ocr_par' dir='ltr' id='par_1_41' title="bbox 2242 1018 3906 1101">
     <span class='ocr_line' id='line_1_41' title="bbox 2242 1018 3906 1101; baseline 0.004 -27"><span class='ocrx_word' id='word_1_280' title='bbox 2242 1041 2358 1093; x_wconf 88' lang='grc' dir='ltr'>μεν,</span> <span class='ocrx_word' id='word_1_281' title='bbox 2391 1018 2427 1090; x_wconf 75' lang='grc' dir='ltr'><strong>ἤ</strong></span> <span class='ocrx_word' id='word_1_282' title='bbox 2459 1042 2722 1101; x_wconf 85' lang='grc' dir='ltr'>γραφικον</span> <span class='ocrx_word' id='word_1_283' title='bbox 2790 1023 2903 1078; x_wconf 82' lang='grc' dir='ltr'>ἐστι</span> <span class='ocrx_word' id='word_1_284' title='bbox 2955 1022 3201 1100; x_wconf 84' lang='grc' dir='ltr'>σφάλμα,</span> <span class='ocrx_word' id='word_1_285' title='bbox 3235 1024 3274 1093; x_wconf 70' lang='grc' dir='ltr'><strong>ἢ</strong></span> <span class='ocrx_word' id='word_1_286' title='bbox 3306 1023 3398 1080; x_wconf 76' lang='grc' dir='ltr'>ὅτι</span> <span class='ocrx_word' id='word_1_287' title='bbox 3451 1028 3536 1096; x_wconf 84' lang='grc' dir='ltr'>τῷ</span> <span class='ocrx_word' id='word_1_288' title='bbox 3581 1044 3906 1100; x_wconf 79' lang='grc' dir='ltr'>προγνωστι-</span> 
     </span>
    </p>
   </div>
   <div class='ocr_carea' id='block_1_42' title="bbox 2236 1109 3904 1188">
    <p class='ocr_par' dir='ltr' id='par_1_42' title="bbox 2236 1109 3904 1188">
     <span class='ocr_line' id='line_1_42' title="bbox 2236 1109 3904 1188; baseline 0.004 -24"><span class='ocrx_word' id='word_1_289' title='bbox 2236 1109 2318 1181; x_wconf 86' lang='grc' dir='ltr'>κῷ</span> <span class='ocrx_word' id='word_1_290' title='bbox 2353 1110 2626 1184; x_wconf 75' lang='grc' dir='ltr'>ὀφθαλμῷ</span> <span class='ocrx_word' id='word_1_291' title='bbox 2675 1113 2702 1168; x_wconf 88' lang='grc' dir='ltr'><strong>ὁ</strong></span> <span class='ocrx_word' id='word_1_292' title='bbox 2765 1113 2961 1188; x_wconf 80' lang='grc' dir='ltr'>Κύριος</span> <span class='ocrx_word' id='word_1_293' title='bbox 3000 1111 3162 1176; x_wconf 82' lang='grc' dir='ltr'>εἰδὼς</span> <span class='ocrx_word' id='word_1_294' title='bbox 3220 1115 3310 1169; x_wconf 81' lang='grc' dir='ltr'>ὅτι</span> <span class='ocrx_word' id='word_1_295' title='bbox 3373 1116 3904 1188; x_wconf 78' lang='grc' dir='ltr'>συναριθμηθήσεται</span> 
     </span>
    </p>
   </div>
   <div class='ocr_carea' id='block_1_43' title="bbox 2235 1197 3905 1281">
    <p class='ocr_par' dir='ltr' id='par_1_43' title="bbox 2235 1197 3905 1281">
     <span class='ocr_line' id='line_1_43' title="bbox 2235 1197 3905 1281; baseline 0.005 -29"><span class='ocrx_word' id='word_1_296' title='bbox 2235 1204 2354 1261; x_wconf 89' lang='grc' dir='ltr'>τοῖς</span> <span class='ocrx_word' id='word_1_297' title='bbox 2398 1197 2603 1271; x_wconf 80' lang='grc' dir='ltr'>ἕνδεκα,</span> <span class='ocrx_word' id='word_1_298' title='bbox 2664 1199 2819 1281; x_wconf 76' lang='grc' dir='ltr'>ὤφθη</span> <span class='ocrx_word' id='word_1_299' title='bbox 2891 1204 2980 1258; x_wconf 83' lang='grc' dir='ltr'>καὶ</span> <span class='ocrx_word' id='word_1_300' title='bbox 3038 1202 3210 1274; x_wconf 79' lang='grc' dir='ltr'>αὐτῷ,</span> <span class='ocrx_word' id='word_1_301' title='bbox 3263 1201 3368 1258; x_wconf 79' lang='grc' dir='ltr'>’ἵνα</span> <span class='ocrx_word' id='word_1_302' title='bbox 3436 1200 3589 1276; x_wconf 78' lang='grc' dir='ltr'>μηδὲ</span> <span class='ocrx_word' id='word_1_303' title='bbox 3648 1201 3700 1259; x_wconf 77' lang='grc' dir='ltr'>ἐν</span> <span class='ocrx_word' id='word_1_304' title='bbox 3747 1206 3905 1278; x_wconf 77' lang='grc' dir='ltr'>τούτῳ</span> 
     </span>
    </p>
   </div>
   <div class='ocr_carea' id='block_1_44' title="bbox 2237 1285 3376 1364">
    <p class='ocr_par' dir='ltr' id='par_1_44' title="bbox 2237 1285 3376 1364">
     <span class='ocr_line' id='line_1_44' title="bbox 2237 1285 3376 1364; baseline 0.006 -22"><span class='ocrx_word' id='word_1_305' title='bbox 2237 1285 2460 1345; x_wconf 72' lang='grc' dir='ltr'>ἔλαττον</span> <span class='ocrx_word' id='word_1_306' title='bbox 2489 1285 2594 1364; x_wconf 69' lang='grc' dir='ltr'>ἔχῃ</span> <span class='ocrx_word' id='word_1_307' title='bbox 2633 1295 2742 1346; x_wconf 83' lang='grc' dir='ltr'>τῶν</span> <span class='ocrx_word' id='word_1_308' title='bbox 2777 1291 2988 1348; x_wconf 82' lang='grc' dir='ltr'><strong>λοιπῶν</strong></span> <span class='ocrx_word' id='word_1_309' title='bbox 3018 1291 3376 1349; x_wconf 86' lang='grc' dir='ltr'>ἀποστόλων.</span> 
     </span>
    </p>
   </div>
   <div class='ocr_carea' id='block_1_45' title="bbox 2307 1468 3900 1545">
    <p class='ocr_par' dir='ltr' id='par_1_45' title="bbox 2307 1468 3900 1545">
     <span class='ocr_line' id='line_1_45' title="bbox 2307 1468 3900 1545; baseline 0.002 -22"><span class='ocrx_word' id='word_1_310' title='bbox 2307 1468 2562 1523; x_wconf 84' lang='grc' dir='ltr'>Τοιοῦτόν</span> <span class='ocrx_word' id='word_1_311' title='bbox 2619 1490 2672 1524; x_wconf 91' lang='grc' dir='ltr'>τι</span> <span class='ocrx_word' id='word_1_312' title='bbox 2728 1468 3052 1545; x_wconf 75' lang='grc' dir='ltr'>παραδηλοῖ</span> <span class='ocrx_word' id='word_1_313' title='bbox 3104 1473 3252 1527; x_wconf 79' lang='grc' dir='ltr'>καὶὸ</span> <span class='ocrx_word' id='word_1_314' title='bbox 3289 1473 3598 1541; x_wconf 76' lang='grc' dir='ltr'>Ἰωάννης,</span> <span class='ocrx_word' id='word_1_315' title='bbox 3655 1471 3900 1545; x_wconf 80' lang='grc' dir='ltr'>μηδαμοῦ</span> 
     </span>
    </p>
   </div>
   <div class='ocr_carea' id='block_1_46' title="bbox 2241 1553 3902 1635">
    <p class='ocr_par' dir='ltr' id='par_1_46' title="bbox 2241 1553 3902 1635">
     <span class='ocr_line' id='line_1_46' title="bbox 2241 1553 3902 1635; baseline 0.004 -26"><span class='ocrx_word' id='word_1_316' title='bbox 2241 1555 2334 1627; x_wconf 78' lang='grc' dir='ltr'>μὶν</span> <span class='ocrx_word' id='word_1_317' title='bbox 2364 1553 2540 1634; x_wconf 79' lang='grc' dir='ltr'>λέγων</span> <span class='ocrx_word' id='word_1_318' title='bbox 2589 1558 2673 1613; x_wconf 80' lang='grc' dir='ltr'>ὅτι</span> <span class='ocrx_word' id='word_1_319' title='bbox 2727 1553 2880 1634; x_wconf 70' lang='grc' dir='ltr'>ὤφθη</span> <span class='ocrx_word' id='word_1_320' title='bbox 2942 1565 3058 1622; x_wconf 88' lang='grc' dir='ltr'>τοῖς</span> <span class='ocrx_word' id='word_1_321' title='bbox 3118 1556 3328 1616; x_wconf 76' lang='grc' dir='ltr'>ἕνδεκα.</span> <span class='ocrx_word' id='word_1_322' title='bbox 3409 1559 3602 1619; x_wconf 81' lang='grc' dir='ltr'>Ἀλλὰ</span> <span class='ocrx_word' id='word_1_323' title='bbox 3645 1562 3736 1616; x_wconf 81' lang='grc' dir='ltr'>καὶ</span> <span class='ocrx_word' id='word_1_324' title='bbox 3791 1562 3902 1635; x_wconf 80' lang='grc' dir='ltr'>περὶ</span> 
     </span>
    </p>
   </div>
   <div class='ocr_carea' id='block_1_47' title="bbox 2235 1645 3897 1724">
    <p class='ocr_par' dir='ltr' id='par_1_47' title="bbox 2235 1645 3897 1724">
     <span class='ocr_line' id='line_1_47' title="bbox 2235 1645 3897 1724; baseline 0.002 -26"><span class='ocrx_word' id='word_1_325' title='bbox 2235 1647 2332 1698; x_wconf 93' lang='grc' dir='ltr'>τοῦ</span> <span class='ocrx_word' id='word_1_326' title='bbox 2363 1650 2532 1717; x_wconf 80' lang='grc' dir='ltr'>Θωμᾶ</span> <span class='ocrx_word' id='word_1_327' title='bbox 2563 1645 2970 1724; x_wconf 82' lang='grc' dir='ltr'>διαλεγόμενος,</span> <span class='ocrx_word' id='word_1_328' title='bbox 3001 1650 3144 1704; x_wconf 73' lang='grc' dir='ltr'>εἷπε⁸</span> <span class='ocrx_word' id='word_1_329' title='bbox 3207 1674 3235 1701; x_wconf 75' lang='grc' dir='ltr'>«ι</span> <span class='ocrx_word' id='word_1_330' title='bbox 3270 1655 3488 1722; x_wconf 79' lang='grc' dir='ltr'>Θωμᾶς</span> <span class='ocrx_word' id='word_1_331' title='bbox 3516 1648 3578 1705; x_wconf 69' lang='grc' dir='ltr'>δὶ</span> <span class='ocrx_word' id='word_1_332' title='bbox 3613 1652 3691 1710; x_wconf 79' lang='grc' dir='ltr'>εἷς</span> <span class='ocrx_word' id='word_1_333' title='bbox 3722 1649 3780 1705; x_wconf 85' lang='grc' dir='ltr'>ἐκ</span> <span class='ocrx_word' id='word_1_334' title='bbox 3804 1655 3897 1704; x_wconf 78' lang='grc' dir='ltr'>τῶν</span> 
     </span>
    </p>
   </div>
   <div class='ocr_carea' id='block_1_48' title="bbox 2237 1729 3898 1813">
    <p class='ocr_par' dir='ltr' id='par_1_48' title="bbox 2237 1729 3898 1813">
     <span class='ocr_line' id='line_1_48' title="bbox 2237 1729 3898 1813; baseline 0.004 -27"><span class='ocrx_word' id='word_1_335' title='bbox 2237 1729 2468 1790; x_wconf 80' lang='grc' dir='ltr'>δώδεκα.</span> <span class='ocrx_word' id='word_1_336' title='bbox 2504 1759 2532 1786; x_wconf 82' lang='grc'><strong>››</strong></span> <span class='ocrx_word' id='word_1_337' title='bbox 2564 1734 2794 1794; x_wconf 78' lang='grc' dir='ltr'>Μᾶλλον</span> <span class='ocrx_word' id='word_1_338' title='bbox 2830 1738 2936 1813; x_wconf 71' lang='grc' dir='ltr'>γὰρ</span> <span class='ocrx_word' id='word_1_339' title='bbox 2967 1737 3212 1811; x_wconf 70' lang='grc' dir='ltr'>εἴποιμεν</span> <span class='ocrx_word' id='word_1_340' title='bbox 3255 1736 3317 1793; x_wconf 81' lang='grc' dir='ltr'>ἂν</span> <span class='ocrx_word' id='word_1_341' title='bbox 3381 1740 3476 1794; x_wconf 76' lang='grc' dir='ltr'>ὅτι</span> <span class='ocrx_word' id='word_1_342' title='bbox 3523 1741 3620 1795; x_wconf 84' lang='grc' dir='ltr'>τὸν</span> <span class='ocrx_word' id='word_1_343' title='bbox 3674 1740 3898 1796; x_wconf 78' lang='grc' dir='ltr'>Ματθίαν</span> 
     </span>
    </p>
   </div>
   <div class='ocr_carea' id='block_1_49' title="bbox 2237 1819 3898 1902">
    <p class='ocr_par' dir='ltr' id='par_1_49' title="bbox 2237 1819 3898 1902">
     <span class='ocr_line' id='line_1_49' title="bbox 2237 1819 3898 1902; baseline 0.009 -28"><span class='ocrx_word' id='word_1_344' title='bbox 2237 1819 2511 1892; x_wconf 67' lang='grc' dir='ltr'>συνέταξεν</span> <span class='ocrx_word' id='word_1_345' title='bbox 2582 1826 2616 1892; x_wconf 85' lang='grc' dir='ltr'>ἡ</span> <span class='ocrx_word' id='word_1_346' title='bbox 2680 1826 2842 1900; x_wconf 88' lang='grc' dir='ltr'>χάρις</span> <span class='ocrx_word' id='word_1_347' title='bbox 2899 1825 3035 1881; x_wconf 86' lang='grc' dir='ltr'>κατᾶ</span> <span class='ocrx_word' id='word_1_348' title='bbox 3102 1827 3422 1902; x_wconf 79' lang='grc' dir='ltr'><strong>πρόγνωσιν</strong></span> <span class='ocrx_word' id='word_1_349' title='bbox 3487 1832 3612 1888; x_wconf 85' lang='grc' dir='ltr'>τοῖς</span> <span class='ocrx_word' id='word_1_350' title='bbox 3675 1825 3898 1888; x_wconf 80' lang='grc' dir='ltr'>λοιποῖς.</span> 
     </span>
    </p>
   </div>
   <div class='ocr_carea' id='block_1_50' title="bbox 2237 1910 3894 1991">
    <p class='ocr_par' dir='ltr' id='par_1_50' title="bbox 2237 1910 3894 1991">
     <span class='ocr_line' id='line_1_50' title="bbox 2237 1910 3894 1991; baseline 0.002 -25"><span class='ocrx_word' id='word_1_351' title='bbox 2237 1911 2306 1966; x_wconf 85' lang='grc' dir='ltr'><em>’Ἦ</em></span> <span class='ocrx_word' id='word_1_352' title='bbox 2336 1911 2427 1965; x_wconf 87' lang='grc' dir='ltr'>τὸν</span> <span class='ocrx_word' id='word_1_353' title='bbox 2466 1910 2669 1968; x_wconf 79' lang='grc' dir='ltr'>Ἰούδαν</span> <span class='ocrx_word' id='word_1_354' title='bbox 2735 1912 2900 1969; x_wconf 87' lang='grc' dir='ltr'>πάλιν</span> <span class='ocrx_word' id='word_1_355' title='bbox 2962 1914 3207 1989; x_wconf 77' lang='grc' dir='ltr'>συνέταξε</span> <span class='ocrx_word' id='word_1_356' title='bbox 3249 1917 3392 1989; x_wconf 85' lang='grc' dir='ltr'>μετά</span> <span class='ocrx_word' id='word_1_357' title='bbox 3452 1919 3559 1986; x_wconf 77' lang='grc' dir='ltr'><strong>τήν</strong></span> <span class='ocrx_word' id='word_1_358' title='bbox 3619 1913 3894 1991; x_wconf 76' lang='grc' dir='ltr'>προδοσίαν</span> 
     </span>
    </p>
   </div>
   <div class='ocr_carea' id='block_1_51' title="bbox 2238 1998 3894 2082">
    <p class='ocr_par' dir='ltr' id='par_1_51' title="bbox 2238 1998 3894 2082">
     <span class='ocr_line' id='line_1_51' title="bbox 2238 1998 3894 2082; baseline 0.008 -30"><span class='ocrx_word' id='word_1_359' title='bbox 2238 1998 2329 2053; x_wconf 82' lang='grc' dir='ltr'>καὶ</span> <span class='ocrx_word' id='word_1_360' title='bbox 2368 2001 2468 2070; x_wconf 71' lang='grc' dir='ltr'>τὴν</span> <span class='ocrx_word' id='word_1_361' title='bbox 2499 2001 2767 2079; x_wconf 81' lang='grc' dir='ltr'>ἀγχόνην.</span> <span class='ocrx_word' id='word_1_362' title='bbox 2811 2026 2832 2055; x_wconf 74' lang='grc' dir='ltr'><strong>ι</strong></span> <span class='ocrx_word' id='word_1_363' title='bbox 2869 2004 3086 2060; x_wconf 74' lang='grc' dir='ltr'>Ἐπάνω</span> <span class='ocrx_word' id='word_1_364' title='bbox 3117 2004 3516 2061; x_wconf 74' lang='grc' dir='ltr'>πεντακοσίοις</span> <span class='ocrx_word' id='word_1_365' title='bbox 3551 2001 3836 2082; x_wconf 73' lang='grc' dir='ltr'>ἀδελφοῖς.</span> <span class='ocrx_word' id='word_1_366' title='bbox 3877 2030 3894 2054; x_wconf 74' lang='grc' dir='ltr'><strong>ο</strong></span> 
     </span>
    </p>
   </div>
   <div class='ocr_carea' id='block_1_52' title="bbox 2238 2087 3897 2168">
    <p class='ocr_par' dir='ltr' id='par_1_52' title="bbox 2238 2087 3897 2168">
     <span class='ocr_line' id='line_1_52' title="bbox 2238 2087 3897 2168; baseline 0.002 -26"><span class='ocrx_word' id='word_1_367' title='bbox 2238 2087 2336 2157; x_wconf 88' lang='grc' dir='ltr'>Τὸ,</span> <span class='ocrx_word' id='word_1_368' title='bbox 2369 2087 2566 2156; x_wconf 81' lang='grc' dir='ltr'>ἐπάνω,</span> <span class='ocrx_word' id='word_1_369' title='bbox 2601 2089 2780 2162; x_wconf 75' lang='grc' dir='ltr'>οἱμὲν</span> <span class='ocrx_word' id='word_1_370' title='bbox 2820 2112 2976 2168; x_wconf 89' lang='grc' dir='ltr'>φασιν</span> <span class='ocrx_word' id='word_1_371' title='bbox 3033 2091 3306 2166; x_wconf 75' lang='grc' dir='ltr'>εἰρηκέναι</span> <span class='ocrx_word' id='word_1_372' title='bbox 3366 2092 3459 2163; x_wconf 82' lang='grc' dir='ltr'>τό,</span> <span class='ocrx_word' id='word_1_373' title='bbox 3525 2093 3645 2147; x_wconf 75' lang='grc' dir='ltr'><strong>οἷον</strong></span> <span class='ocrx_word' id='word_1_374' title='bbox 3704 2091 3762 2148; x_wconf 80' lang='grc' dir='ltr'>ἐκ</span> <span class='ocrx_word' id='word_1_375' title='bbox 3812 2097 3897 2148; x_wconf 82' lang='grc' dir='ltr'>τοῦ</span> 
     </span>
    </p>
   </div>
   <div class='ocr_carea' id='block_1_53' title="bbox 2239 2177 3895 2257">
    <p class='ocr_par' dir='ltr' id='par_1_53' title="bbox 2239 2177 3895 2257">
     <span class='ocr_line' id='line_1_53' title="bbox 2239 2177 3895 2257; baseline 0.005 -25"><span class='ocrx_word' id='word_1_376' title='bbox 2239 2179 2496 2253; x_wconf 80' lang='grc' dir='ltr'>οὐρανοῦ,</span> <span class='ocrx_word' id='word_1_377' title='bbox 2524 2177 2612 2234; x_wconf 58' lang='grc' dir='ltr'>τίνα</span> <span class='ocrx_word' id='word_1_378' title='bbox 2640 2180 2828 2236; x_wconf 76' lang='grc' dir='ltr'>αὐτοῖς</span> <span class='ocrx_word' id='word_1_379' title='bbox 2871 2181 2962 2236; x_wconf 80' lang='grc' dir='ltr'>καὶ</span> <span class='ocrx_word' id='word_1_380' title='bbox 3018 2184 3116 2252; x_wconf 79' lang='grc' dir='ltr'>τήν</span> <span class='ocrx_word' id='word_1_381' title='bbox 3171 2182 3458 2257; x_wconf 79' lang='grc' dir='ltr'>ἀνάληψιν</span> <span class='ocrx_word' id='word_1_382' title='bbox 3515 2182 3686 2238; x_wconf 75' lang='grc' dir='ltr'>αὐτοῦ</span> <span class='ocrx_word' id='word_1_383' title='bbox 3741 2180 3895 2256; x_wconf 77' lang='grc' dir='ltr'>δείξῃ.</span> 
     </span>
    </p>
   </div>
   <div class='ocr_carea' id='block_1_54' title="bbox 2237 2265 3890 2346">
    <p class='ocr_par' dir='ltr' id='par_1_54' title="bbox 2237 2265 3890 2346">
     <span class='ocr_line' id='line_1_54' title="bbox 2237 2265 3890 2346; baseline 0.001 -25"><span class='ocrx_word' id='word_1_384' title='bbox 2237 2265 2439 2323; x_wconf 73' lang='grc' dir='ltr'>’Ἄλλοι</span> <span class='ocrx_word' id='word_1_385' title='bbox 2501 2265 2577 2332; x_wconf 75' lang='grc' dir='ltr'>δὲ,</span> <span class='ocrx_word' id='word_1_386' title='bbox 2637 2269 2719 2338; x_wconf 88' lang='grc' dir='ltr'>τὸ,</span> <span class='ocrx_word' id='word_1_387' title='bbox 2806 2269 3071 2340; x_wconf 84' lang='grc' dir='ltr'>πλείοσιν,</span> <span class='ocrx_word' id='word_1_388' title='bbox 3163 2273 3552 2346; x_wconf 71' lang='grc' dir='ltr'>ἡρμήνευσαν,</span> <span class='ocrx_word' id='word_1_389' title='bbox 3641 2271 3890 2336; x_wconf 77' lang='grc' dir='ltr'>τουτέστι,</span> 
     </span>
    </p>
   </div>
   <div class='ocr_carea' id='block_1_55' title="bbox 2239 2355 3893 2431">
    <p class='ocr_par' dir='ltr' id='par_1_55' title="bbox 2239 2355 3893 2431">
     <span class='ocr_line' id='line_1_55' title="bbox 2239 2355 3893 2431; baseline 0.002 -21"><span class='ocrx_word' id='word_1_390' title='bbox 2239 2380 2265 2406; x_wconf 90' lang='grc'><em>‹‹</em></span> <span class='ocrx_word' id='word_1_391' title='bbox 2299 2355 2520 2411; x_wconf 85' lang='grc' dir='ltr'>Πλείοσι</span> <span class='ocrx_word' id='word_1_392' title='bbox 2561 2362 2669 2412; x_wconf 82' lang='grc' dir='ltr'>τῶν</span> <span class='ocrx_word' id='word_1_393' title='bbox 2701 2360 3088 2415; x_wconf 78' lang='grc' dir='ltr'>πεντακοσίων.</span> <span class='ocrx_word' id='word_1_394' title='bbox 3125 2383 3153 2412; x_wconf 87' lang='grc'><strong>››</strong></span> <span class='ocrx_word' id='word_1_395' title='bbox 3184 2393 3253 2403; x_wconf 92' lang='lat'>--</span> <span class='ocrx_word' id='word_1_396' title='bbox 3284 2385 3314 2413; x_wconf 85' lang='grc'>‹‹</span> <span class='ocrx_word' id='word_1_397' title='bbox 3351 2361 3445 2431; x_wconf 80' lang='grc' dir='ltr'>Ἐξ</span> <span class='ocrx_word' id='word_1_398' title='bbox 3477 2362 3556 2415; x_wconf 84' lang='grc' dir='ltr'>ὧν</span> <span class='ocrx_word' id='word_1_399' title='bbox 3600 2361 3653 2415; x_wconf 73' lang='grc' dir='ltr'>οἱ</span> <span class='ocrx_word' id='word_1_400' title='bbox 3684 2358 3893 2421; x_wconf 89' lang='grc' dir='ltr'>πλείους</span> 
     </span>
    </p>
   </div>
   <div class='ocr_carea' id='block_1_56' title="bbox 2241 2443 3889 2525">
    <p class='ocr_par' dir='ltr' id='par_1_56' title="bbox 2241 2443 3889 2525">
     <span class='ocr_line' id='line_1_56' title="bbox 2241 2443 3889 2525; baseline 0.001 -26"><span class='ocrx_word' id='word_1_401' title='bbox 2241 2443 2489 2517; x_wconf 71' lang='grc' dir='ltr'>μένουσιν</span> <span class='ocrx_word' id='word_1_402' title='bbox 2515 2443 2620 2506; x_wconf 70' lang='grc' dir='ltr'>ἕως</span> <span class='ocrx_word' id='word_1_403' title='bbox 2651 2445 2791 2522; x_wconf 80' lang='grc' dir='ltr'>ἆίρτι.</span> <span class='ocrx_word' id='word_1_404' title='bbox 2832 2471 2858 2498; x_wconf 86' lang='grc'>››</span> <span class='ocrx_word' id='word_1_405' title='bbox 2891 2449 3069 2522; x_wconf 84' lang='grc' dir='ltr'>Ἕχω,</span> <span class='ocrx_word' id='word_1_406' title='bbox 3111 2448 3296 2525; x_wconf 82' lang='grc' dir='ltr'>φησὶν,</span> <span class='ocrx_word' id='word_1_407' title='bbox 3349 2444 3437 2505; x_wconf 70' lang='grc' dir='ltr'>ἔτι</span> <span class='ocrx_word' id='word_1_408' title='bbox 3502 2455 3712 2518; x_wconf 83' lang='grc' dir='ltr'>ζῶντας</span> <span class='ocrx_word' id='word_1_409' title='bbox 3766 2450 3889 2522; x_wconf 79' lang='grc' dir='ltr'>μαρ-</span> 
     </span>
    </p>
   </div>
   <div class='ocr_carea' id='block_1_57' title="bbox 2236 2533 3886 2610">
    <p class='ocr_par' dir='ltr' id='par_1_57' title="bbox 2236 2533 3886 2610">
     <span class='ocr_line' id='line_1_57' title="bbox 2236 2533 3886 2610; baseline 0.001 -22"><span class='ocrx_word' id='word_1_410' title='bbox 2236 2554 2420 2608; x_wconf 85' lang='grc' dir='ltr'>τυρας.</span> <span class='ocrx_word' id='word_1_411' title='bbox 2458 2559 2484 2586; x_wconf 89' lang='grc'>‹‹</span> <span class='ocrx_word' id='word_1_412' title='bbox 2517 2536 2671 2598; x_wconf 78' lang='grc' dir='ltr'>Τινὶς</span> <span class='ocrx_word' id='word_1_413' title='bbox 2705 2533 2762 2591; x_wconf 76' lang='grc' dir='ltr'>δὲ</span> <span class='ocrx_word' id='word_1_414' title='bbox 2823 2537 2912 2591; x_wconf 84' lang='grc' dir='ltr'>καὶ</span> <span class='ocrx_word' id='word_1_415' title='bbox 2972 2536 3370 2610; x_wconf 73' lang='grc' dir='ltr'>ἐκοιμήθησαν.</span> <span class='ocrx_word' id='word_1_416' title='bbox 3413 2561 3440 2592; x_wconf 72' lang='grc' dir='ltr'>υ</span> <span class='ocrx_word' id='word_1_417' title='bbox 3492 2538 3596 2593; x_wconf 88' lang='grc' dir='ltr'>Διὰ</span> <span class='ocrx_word' id='word_1_418' title='bbox 3639 2543 3738 2606; x_wconf 79' lang='grc' dir='ltr'>τῆς</span> <span class='ocrx_word' id='word_1_419' title='bbox 3781 2540 3886 2604; x_wconf 77' lang='grc' dir='ltr'>τοῦ,</span> 
     </span>
    </p>
   </div>
   <div class='ocr_carea' id='block_1_58' title="bbox 2238 2621 3888 2701">
    <p class='ocr_par' dir='ltr' id='par_1_58' title="bbox 2238 2621 3888 2701">
     <span class='ocr_line' id='line_1_58' title="bbox 2238 2621 3888 2701; baseline 0.002 -28"><span class='ocrx_word' id='word_1_420' title='bbox 2238 2646 2265 2672; x_wconf 91' lang='grc'><em>‹‹</em></span> <span class='ocrx_word' id='word_1_421' title='bbox 2301 2621 2696 2695; x_wconf 77' lang='grc' dir='ltr'>ἐκοιμήθησαν.</span> <span class='ocrx_word' id='word_1_422' title='bbox 2733 2647 2761 2674; x_wconf 74' lang='grc' dir='ltr'><strong>υ</strong></span> <span class='ocrx_word' id='word_1_423' title='bbox 2792 2623 3008 2694; x_wconf 76' lang='grc' dir='ltr'>λέξεως,</span> <span class='ocrx_word' id='word_1_424' title='bbox 3040 2625 3220 2701; x_wconf 71' lang='grc' dir='ltr'>ἀρχήν</span> <span class='ocrx_word' id='word_1_425' title='bbox 3251 2628 3353 2695; x_wconf 75' lang='grc' dir='ltr'>τῆς</span> <span class='ocrx_word' id='word_1_426' title='bbox 3387 2626 3736 2685; x_wconf 79' lang='grc' dir='ltr'>ἀναστάσεως</span> <span class='ocrx_word' id='word_1_427' title='bbox 3765 2643 3888 2698; x_wconf 79' lang='grc' dir='ltr'>προ·</span> 
     </span>
    </p>
   </div>
   <div class='ocr_carea' id='block_1_59' title="bbox 2233 2707 3883 2789">
    <p class='ocr_par' dir='ltr' id='par_1_59' title="bbox 2233 2707 3883 2789">
     <span class='ocr_line' id='line_1_59' title="bbox 2233 2707 3883 2789; baseline 0.004 -26"><span class='ocrx_word' id='word_1_428' title='bbox 2233 2707 2583 2766; x_wconf 80' lang='grc' dir='ltr'>κατεϐάλετο.</span> <span class='ocrx_word' id='word_1_429' title='bbox 2661 2714 2718 2769; x_wconf 78' lang='grc' dir='ltr'><strong>Ὀ</strong></span> <span class='ocrx_word' id='word_1_430' title='bbox 2795 2713 2900 2789; x_wconf 74' lang='grc' dir='ltr'>γὰρ</span> <span class='ocrx_word' id='word_1_431' title='bbox 2977 2714 3349 2787; x_wconf 80' lang='grc' dir='ltr'>κοιμώμενος,</span> <span class='ocrx_word' id='word_1_432' title='bbox 3431 2714 3526 2770; x_wconf 77' lang='grc' dir='ltr'>καὶ</span> <span class='ocrx_word' id='word_1_433' title='bbox 3599 2713 3883 2769; x_wconf 81' lang='grc' dir='ltr'>ἀνίσταται.</span> 
     </span>
    </p>
   </div>
   <div class='ocr_carea' id='block_1_60' title="bbox 2236 2795 3880 2879">
    <p class='ocr_par' dir='ltr' id='par_1_60' title="bbox 2236 2795 3880 2879">
     <span class='ocr_line' id='line_1_60' title="bbox 2236 2795 3880 2879; baseline 0.001 -27"><span class='ocrx_word' id='word_1_434' title='bbox 2236 2824 2264 2853; x_wconf 83' lang='grc'>‹‹</span> <span class='ocrx_word' id='word_1_435' title='bbox 2297 2802 2474 2879; x_wconf 76' lang='grc' dir='ltr'>’Ώφθη</span> <span class='ocrx_word' id='word_1_436' title='bbox 2508 2795 2779 2872; x_wconf 75' lang='grc' dir='ltr'>Ἰακώϐῳ.</span> <span class='ocrx_word' id='word_1_437' title='bbox 2817 2826 2838 2851; x_wconf 73' lang='grc' dir='ltr'><strong>ι</strong></span> <span class='ocrx_word' id='word_1_438' title='bbox 2872 2805 2957 2872; x_wconf 81' lang='grc' dir='ltr'>Τῷ</span> <span class='ocrx_word' id='word_1_439' title='bbox 3005 2801 3287 2874; x_wconf 77' lang='grc' dir='ltr'>ἐπισκόπῳ</span> <span class='ocrx_word' id='word_1_440' title='bbox 3347 2811 3453 2873; x_wconf 82' lang='grc' dir='ltr'>τῆς</span> <span class='ocrx_word' id='word_1_441' title='bbox 3508 2802 3880 2878; x_wconf 71' lang='grc' dir='ltr'>Ἰερουσαλὴμ,</span> 
     </span>
    </p>
   </div>
   <div class='ocr_carea' id='block_1_61' title="bbox 2231 2887 3881 2967">
    <p class='ocr_par' dir='ltr' id='par_1_61' title="bbox 2231 2887 3881 2967">
     <span class='ocr_line' id='line_1_61' title="bbox 2231 2887 3881 2967; baseline 0.004 -25"><span class='ocrx_word' id='word_1_442' title='bbox 2231 2893 2312 2961; x_wconf 76' lang='grc' dir='ltr'>τῷ</span> <span class='ocrx_word' id='word_1_443' title='bbox 2354 2888 2760 2963; x_wconf 88' lang='grc' dir='ltr'>χρηματίσαντι</span> <span class='ocrx_word' id='word_1_444' title='bbox 2801 2887 3022 2967; x_wconf 77' lang='grc' dir='ltr'>ἀδελφῷ</span> <span class='ocrx_word' id='word_1_445' title='bbox 3077 2889 3175 2945; x_wconf 76' lang='grc' dir='ltr'>τοῦ</span> <span class='ocrx_word' id='word_1_446' title='bbox 3232 2893 3467 2966; x_wconf 85' lang='grc' dir='ltr'>Κυρίου.</span> <span class='ocrx_word' id='word_1_447' title='bbox 3537 2917 3557 2942; x_wconf 84' lang='grc' dir='ltr'>ι</span> <span class='ocrx_word' id='word_1_448' title='bbox 3597 2892 3729 2948; x_wconf 77' lang='grc' dir='ltr'>Εἶτα</span> <span class='ocrx_word' id='word_1_449' title='bbox 3781 2894 3881 2948; x_wconf 77' lang='grc' dir='ltr'>τοῖς</span> 
     </span>
    </p>
   </div>
   <div class='ocr_carea' id='block_1_62' title="bbox 2233 2976 3883 3054">
    <p class='ocr_par' dir='ltr' id='par_1_62' title="bbox 2233 2976 3883 3054">
     <span class='ocr_line' id='line_1_62' title="bbox 2233 2976 3883 3054; baseline -0.004 -16"><span class='ocrx_word' id='word_1_450' title='bbox 2233 2976 2564 3038; x_wconf 80' lang='grc' dir='ltr'>ἀποστόλοις</span> <span class='ocrx_word' id='word_1_451' title='bbox 2616 2984 2800 3035; x_wconf 79' lang='grc' dir='ltr'>πᾶσιν,</span> <span class='ocrx_word' id='word_1_452' title='bbox 2865 3003 2892 3030; x_wconf 91' lang='grc'><strong>››</strong></span> <span class='ocrx_word' id='word_1_453' title='bbox 2950 2981 3115 3035; x_wconf 82' lang='grc' dir='ltr'>Ἦσαν</span> <span class='ocrx_word' id='word_1_454' title='bbox 3173 2981 3276 3054; x_wconf 76' lang='grc' dir='ltr'>γὰρ</span> <span class='ocrx_word' id='word_1_455' title='bbox 3365 2980 3463 3036; x_wconf 81' lang='grc' dir='ltr'>καὶ</span> <span class='ocrx_word' id='word_1_456' title='bbox 3525 2978 3691 3035; x_wconf 65' lang='grc' dir='ltr'>ἄλλοι</span> <span class='ocrx_word' id='word_1_457' title='bbox 3759 2979 3883 3032; x_wconf 78' lang='grc' dir='ltr'>ἀπό-</span> 
     </span>
    </p>
   </div>
   <div class='ocr_carea' id='block_1_63' title="bbox 2233 3064 3881 3144">
    <p class='ocr_par' dir='ltr' id='par_1_63' title="bbox 2233 3064 3881 3144">
     <span class='ocr_line' id='line_1_63' title="bbox 2233 3064 3881 3144; baseline -0.001 -23"><span class='ocrx_word' id='word_1_458' title='bbox 2233 3065 2424 3122; x_wconf 92' lang='grc' dir='ltr'>στολοι</span> <span class='ocrx_word' id='word_1_459' title='bbox 2481 3065 2541 3122; x_wconf 78' lang='grc' dir='ltr'>ἐκ</span> <span class='ocrx_word' id='word_1_460' title='bbox 2595 3071 2702 3122; x_wconf 80' lang='grc' dir='ltr'><strong>τῶν</strong></span> <span class='ocrx_word' id='word_1_461' title='bbox 2766 3070 3024 3140; x_wconf 82' lang='grc' dir='ltr'>μαθητῶν</span> <span class='ocrx_word' id='word_1_462' title='bbox 3081 3070 3217 3124; x_wconf 85' lang='grc' dir='ltr'>κατά</span> <span class='ocrx_word' id='word_1_463' title='bbox 3311 3071 3562 3144; x_wconf 83' lang='grc' dir='ltr'>μίμησιν</span> <span class='ocrx_word' id='word_1_464' title='bbox 3621 3074 3726 3123; x_wconf 83' lang='grc' dir='ltr'>τῶν</span> <span class='ocrx_word' id='word_1_465' title='bbox 3783 3064 3881 3121; x_wconf 83' lang='grc' dir='ltr'>δώ·-</span> 
     </span>
    </p>
   </div>
   <div class='ocr_carea' id='block_1_64' title="bbox 2234 3152 3876 3234">
    <p class='ocr_par' dir='ltr' id='par_1_64' title="bbox 2234 3152 3876 3234">
     <span class='ocr_line' id='line_1_64' title="bbox 2234 3152 3876 3234; baseline -0.002 -23"><span class='ocrx_word' id='word_1_466' title='bbox 2234 3153 2381 3224; x_wconf 83' lang='grc' dir='ltr'>δεκα,</span> <span class='ocrx_word' id='word_1_467' title='bbox 2442 3155 2556 3219; x_wconf 80' lang='grc' dir='ltr'><strong>οἶος</strong></span> <span class='ocrx_word' id='word_1_468' title='bbox 2611 3157 2678 3225; x_wconf 80' lang='grc' dir='ltr'>ἦν</span> <span class='ocrx_word' id='word_1_469' title='bbox 2747 3157 2775 3211; x_wconf 82' lang='grc' dir='ltr'>ὁ</span> <span class='ocrx_word' id='word_1_470' title='bbox 2837 3155 3055 3219; x_wconf 82' lang='grc' dir='ltr'>Παῦλος</span> <span class='ocrx_word' id='word_1_471' title='bbox 3112 3157 3200 3212; x_wconf 80' lang='grc' dir='ltr'>καὶ</span> <span class='ocrx_word' id='word_1_472' title='bbox 3261 3153 3554 3234; x_wconf 76' lang='grc' dir='ltr'>Βαρνάϐας</span> <span class='ocrx_word' id='word_1_473' title='bbox 3612 3158 3700 3213; x_wconf 82' lang='grc' dir='ltr'>καὶ</span> <span class='ocrx_word' id='word_1_474' title='bbox 3759 3152 3876 3211; x_wconf 85' lang='grc' dir='ltr'>Θαδ-</span> 
     </span>
    </p>
   </div>
   <div class='ocr_carea' id='block_1_65' title="bbox 480 3229 2404 3317">
    <p class='ocr_par' dir='ltr' id='par_1_65' title="bbox 480 3229 2404 3317">
     <span class='ocr_line' id='line_1_65' title="bbox 480 3229 2404 3317; baseline -0.001 -16"><span class='ocrx_word' id='word_1_475' title='bbox 480 3247 875 3301; x_wconf 87' lang='lat' dir='ltr'>imitationem</span> <span class='ocrx_word' id='word_1_476' title='bbox 909 3246 1149 3301; x_wconf 90' lang='lat' dir='ltr'>illorum</span> <span class='ocrx_word' id='word_1_477' title='bbox 1177 3246 1509 3310; x_wconf 90' lang='lat' dir='ltr'>duodecim,</span> <span class='ocrx_word' id='word_1_478' title='bbox 1537 3229 1731 3317; x_wconf 86' lang='lat' dir='ltr'>qualis</span> <span class='ocrx_word' id='word_1_479' title='bbox 1757 3229 1881 3303; x_wconf 76' lang='lat' dir='ltr'>erat</span> <span class='ocrx_word' id='word_1_480' title='bbox 1909 3250 2126 3305; x_wconf 89' lang='lat' dir='ltr'>Paulus</span> <span class='ocrx_word' id='word_1_481' title='bbox 2157 3229 2199 3295; x_wconf 62' lang='grc' dir='ltr'><strong>(ἶ</strong></span> <span class='ocrx_word' id='word_1_482' title='bbox 2231 3243 2404 3308; x_wconf 80' lang='grc' dir='ltr'>δαῖος.</span> 
     </span>
    </p>
   </div>
   <div class='ocr_carea' id='block_1_66' title="bbox 482 3333 1337 3389">
    <p class='ocr_par' dir='ltr' id='par_1_66' title="bbox 482 3333 1337 3389">
     <span class='ocr_line' id='line_1_66' title="bbox 482 3333 1337 3389; baseline -0.002 -1"><span class='ocrx_word' id='word_1_483' title='bbox 482 3340 540 3388; x_wconf 92' lang='lat' dir='ltr'>et</span> <span class='ocrx_word' id='word_1_484' title='bbox 570 3334 868 3388; x_wconf 86' lang='lat' dir='ltr'>Barnadas</span> <span class='ocrx_word' id='word_1_485' title='bbox 900 3351 967 3388; x_wconf 87' lang='lat' dir='ltr'>ac</span> <span class='ocrx_word' id='word_1_486' title='bbox 992 3333 1337 3389; x_wconf 68' lang='lat' dir='ltr'>Thaddmus.</span> 
     </span>
    </p>
   </div>
   <div class='ocr_carea' id='block_1_67' title="bbox 551 3424 2124 3491">
    <p class='ocr_par' dir='ltr' id='par_1_67' title="bbox 551 3424 2124 3491">
     <span class='ocr_line' id='line_1_67' title="bbox 551 3424 2124 3491; baseline 0.004 -14"><span class='ocrx_word' id='word_1_487' title='bbox 551 3424 672 3488; x_wconf 82' lang='lat' dir='ltr'>XV,</span> <span class='ocrx_word' id='word_1_488' title='bbox 708 3424 760 3491; x_wconf 89' lang='lat'>8,</span> <span class='ocrx_word' id='word_1_489' title='bbox 793 3427 875 3477; x_wconf 81' lang='lat' dir='ltr'>ll.</span> <span class='ocrx_word' id='word_1_490' title='bbox 910 3425 1188 3478; x_wconf 85' lang='lat' dir='ltr'>Postremo</span> <span class='ocrx_word' id='word_1_491' title='bbox 1218 3441 1342 3478; x_wconf 81' lang='lat' dir='ltr'>vero</span> <span class='ocrx_word' id='word_1_492' title='bbox 1369 3428 1614 3480; x_wconf 83' lang='lat' dir='ltr'>omnium</span> <span class='ocrx_word' id='word_1_493' title='bbox 1669 3427 1818 3481; x_wconf 82' lang='lat' dir='ltr'>velut</span> <span class='ocrx_word' id='word_1_494' title='bbox 1876 3429 2124 3483; x_wconf 80' lang='lat' dir='ltr'>abortivo</span> 
     </span>
    </p>
   </div>
   <div class='ocr_carea' id='block_1_68' title="bbox 477 3511 2122 3587">
    <p class='ocr_par' dir='ltr' id='par_1_68' title="bbox 477 3511 2122 3587">
     <span class='ocr_line' id='line_1_68' title="bbox 477 3511 2122 3587; baseline 0.004 -23"><span class='ocrx_word' id='word_1_495' title='bbox 477 3512 623 3565; x_wconf 83' lang='lat' dir='ltr'>visus</span> <span class='ocrx_word' id='word_1_496' title='bbox 652 3517 730 3565; x_wconf 79' lang='lat' dir='ltr'>est</span> <span class='ocrx_word' id='word_1_497' title='bbox 760 3517 810 3564; x_wconf 86' lang='lat' dir='ltr'>et</span> <span class='ocrx_word' id='word_1_498' title='bbox 840 3511 992 3564; x_wconf 88' lang='lat' dir='ltr'>mihi.</span> <span class='ocrx_word' id='word_1_499' title='bbox 1028 3513 1142 3580; x_wconf 88' lang='lat' dir='ltr'>Ego</span> <span class='ocrx_word' id='word_1_500' title='bbox 1172 3514 1314 3566; x_wconf 87' lang='lat' dir='ltr'>enim</span> <span class='ocrx_word' id='word_1_501' title='bbox 1372 3529 1489 3568; x_wconf 85' lang='lat' dir='ltr'>sum</span> <span class='ocrx_word' id='word_1_502' title='bbox 1546 3514 1804 3571; x_wconf 83' lang='lat' dir='ltr'>mini-mus</span> <span class='ocrx_word' id='word_1_503' title='bbox 1846 3517 2122 3587; x_wconf 80' lang='lat' dir='ltr'>apostolo-</span> 
     </span>
    </p>
   </div>
   <div class='ocr_carea' id='block_1_69' title="bbox 475 3602 2124 3676">
    <p class='ocr_par' dir='ltr' id='par_1_69' title="bbox 475 3602 2124 3676">
     <span class='ocr_line' id='line_1_69' title="bbox 475 3602 2124 3676; baseline 0.003 -20"><span class='ocrx_word' id='word_1_504' title='bbox 475 3618 619 3668; x_wconf 83' lang='lat' dir='ltr'>rum,</span> <span class='ocrx_word' id='word_1_505' title='bbox 653 3603 750 3668; x_wconf 89' lang='lat' dir='ltr'>qui</span> <span class='ocrx_word' id='word_1_506' title='bbox 779 3617 888 3655; x_wconf 85' lang='lat' dir='ltr'>non</span> <span class='ocrx_word' id='word_1_507' title='bbox 918 3617 1036 3656; x_wconf 88' lang='lat' dir='ltr'>sum</span> <span class='ocrx_word' id='word_1_508' title='bbox 1063 3602 1289 3657; x_wconf 86' lang='lat' dir='ltr'>idoneus</span> <span class='ocrx_word' id='word_1_509' title='bbox 1317 3610 1380 3658; x_wconf 82' lang='lat' dir='ltr'>ut</span> <span class='ocrx_word' id='word_1_510' title='bbox 1426 3606 1582 3659; x_wconf 84' lang='lat' dir='ltr'>dicar</span> <span class='ocrx_word' id='word_1_511' title='bbox 1637 3607 1933 3676; x_wconf 82' lang='lat' dir='ltr'>apostolus,</span> <span class='ocrx_word' id='word_1_512' title='bbox 1985 3623 2124 3676; x_wconf 81' lang='lat' dir='ltr'>pro-</span> 
     </span>
    </p>
   </div>
   <div class='ocr_carea' id='block_1_70' title="bbox 469 3688 2123 3761">
    <p class='ocr_par' dir='ltr' id='par_1_70' title="bbox 469 3688 2123 3761">
     <span class='ocr_line' id='line_1_70' title="bbox 469 3688 2123 3761; baseline 0.001 -17"><span class='ocrx_word' id='word_1_513' title='bbox 469 3696 666 3761; x_wconf 84' lang='lat' dir='ltr'>pterea</span> <span class='ocrx_word' id='word_1_514' title='bbox 695 3688 844 3759; x_wconf 84' lang='lat' dir='ltr'>quod</span> <span class='ocrx_word' id='word_1_515' title='bbox 864 3696 1179 3760; x_wconf 78' lang='lat' dir='ltr'>persecutus</span> <span class='ocrx_word' id='word_1_516' title='bbox 1203 3692 1305 3746; x_wconf 88' lang='lat' dir='ltr'>sim</span> <span class='ocrx_word' id='word_1_517' title='bbox 1335 3693 1628 3748; x_wconf 74' lang='lat' dir='ltr'>Ecclesium</span> <span class='ocrx_word' id='word_1_518' title='bbox 1664 3696 1792 3749; x_wconf 89' lang='lat' dir='ltr'>Dei:</span> <span class='ocrx_word' id='word_1_519' title='bbox 1824 3694 1918 3748; x_wconf 83' lang='lat' dir='ltr'>sed</span> <span class='ocrx_word' id='word_1_520' title='bbox 1936 3696 2123 3761; x_wconf 79' lang='lat' dir='ltr'>gratia</span> 
     </span>
    </p>
   </div>
   <div class='ocr_carea' id='block_1_71' title="bbox 481 3779 2122 3854">
    <p class='ocr_par' dir='ltr' id='par_1_71' title="bbox 481 3779 2122 3854">
     <span class='ocr_line' id='line_1_71' title="bbox 481 3779 2122 3854; baseline 0.001 -20"><span class='ocrx_word' id='word_1_521' title='bbox 481 3780 578 3836; x_wconf 84' lang='lat' dir='ltr'>Dei</span> <span class='ocrx_word' id='word_1_522' title='bbox 602 3797 719 3834; x_wconf 83' lang='lat' dir='ltr'>sum</span> <span class='ocrx_word' id='word_1_523' title='bbox 751 3779 811 3834; x_wconf 87' lang='lat' dir='ltr'>id</span> <span class='ocrx_word' id='word_1_524' title='bbox 839 3781 987 3850; x_wconf 86' lang='lat' dir='ltr'>quod</span> <span class='ocrx_word' id='word_1_525' title='bbox 1023 3797 1160 3846; x_wconf 89' lang='lat' dir='ltr'>sum,</span> <span class='ocrx_word' id='word_1_526' title='bbox 1193 3789 1246 3836; x_wconf 88' lang='lat' dir='ltr'>et</span> <span class='ocrx_word' id='word_1_527' title='bbox 1270 3783 1457 3853; x_wconf 84' lang='lat' dir='ltr'>gratia</span> <span class='ocrx_word' id='word_1_528' title='bbox 1487 3786 1604 3854; x_wconf 81' lang='lat' dir='ltr'>ejus</span> <span class='ocrx_word' id='word_1_529' title='bbox 1636 3799 1764 3853; x_wconf 65' lang='lat' dir='ltr'>quw</span> <span class='ocrx_word' id='word_1_530' title='bbox 1793 3785 1866 3836; x_wconf 81' lang='lat' dir='ltr'>ad</span> <span class='ocrx_word' id='word_1_531' title='bbox 1894 3799 1976 3836; x_wconf 85' lang='lat' dir='ltr'>me</span> <span class='ocrx_word' id='word_1_532' title='bbox 2030 3800 2122 3836; x_wconf 81' lang='lat' dir='ltr'>ve-</span> 
     </span>
    </p>
   </div>
   <div class='ocr_carea' id='block_1_72' title="bbox 476 3869 2116 3943">
    <p class='ocr_par' dir='ltr' id='par_1_72' title="bbox 476 3869 2116 3943">
     <span class='ocr_line' id='line_1_72' title="bbox 476 3869 2116 3943; baseline 0 -18"><span class='ocrx_word' id='word_1_533' title='bbox 476 3869 585 3938; x_wconf 83' lang='lat' dir='ltr'>nit,</span> <span class='ocrx_word' id='word_1_534' title='bbox 619 3886 725 3924; x_wconf 87' lang='lat' dir='ltr'>non</span> <span class='ocrx_word' id='word_1_535' title='bbox 756 3873 868 3938; x_wconf 85' lang='lat' dir='ltr'>fuit</span> <span class='ocrx_word' id='word_1_536' title='bbox 910 3870 1111 3938; x_wconf 79' lang='lat' dir='ltr'>inanis,</span> <span class='ocrx_word' id='word_1_537' title='bbox 1143 3872 1236 3927; x_wconf 83' lang='lat' dir='ltr'>sed</span> <span class='ocrx_word' id='word_1_538' title='bbox 1266 3873 1536 3943; x_wconf 83' lang='lat' dir='ltr'>capiosius</span> <span class='ocrx_word' id='word_1_539' title='bbox 1565 3873 1678 3926; x_wconf 82' lang='lat' dir='ltr'>illis</span> <span class='ocrx_word' id='word_1_540' title='bbox 1707 3871 1953 3926; x_wconf 84' lang='lat' dir='ltr'>omnibus</span> <span class='ocrx_word' id='word_1_541' title='bbox 1967 3871 2116 3925; x_wconf 83' lang='lat' dir='ltr'>labo-</span> 
     </span>
    </p>
   </div>
   <div class='ocr_carea' id='block_1_73' title="bbox 476 3961 2117 4031">
    <p class='ocr_par' dir='ltr' id='par_1_73' title="bbox 476 3961 2117 4031">
     <span class='ocr_line' id='line_1_73' title="bbox 476 3961 2117 4031; baseline 0.002 -18"><span class='ocrx_word' id='word_1_542' title='bbox 476 3961 630 4013; x_wconf 74' lang='lat' dir='ltr'>ravi:</span> <span class='ocrx_word' id='word_1_543' title='bbox 664 3975 772 4012; x_wconf 88' lang='lat' dir='ltr'>non</span> <span class='ocrx_word' id='word_1_544' title='bbox 796 3966 976 4014; x_wconf 81' lang='lat' dir='ltr'>autem</span> <span class='ocrx_word' id='word_1_545' title='bbox 1005 3977 1125 4030; x_wconf 86' lang='lat' dir='ltr'>ego,</span> <span class='ocrx_word' id='word_1_546' title='bbox 1157 3962 1250 4016; x_wconf 85' lang='lat' dir='ltr'>sed</span> <span class='ocrx_word' id='word_1_547' title='bbox 1278 3965 1462 4031; x_wconf 79' lang='lat' dir='ltr'>gratia</span> <span class='ocrx_word' id='word_1_548' title='bbox 1493 3962 1599 4019; x_wconf 86' lang='lat' dir='ltr'>Dei,</span> <span class='ocrx_word' id='word_1_549' title='bbox 1631 3976 1751 4029; x_wconf 55' lang='lat' dir='ltr'>qua</span> <span class='ocrx_word' id='word_1_550' title='bbox 1773 3975 1983 4013; x_wconf 85' lang='lat' dir='ltr'>mecum</span> <span class='ocrx_word' id='word_1_551' title='bbox 2021 3966 2117 4016; x_wconf 82' lang='lat' dir='ltr'>est.</span> 
     </span>
    </p>
   </div>
   <div class='ocr_carea' id='block_1_74' title="bbox 475 4048 2122 4120">
    <p class='ocr_par' dir='ltr' id='par_1_74' title="bbox 475 4048 2122 4120">
     <span class='ocr_line' id='line_1_74' title="bbox 475 4048 2122 4120; baseline -0.001 -16"><span class='ocrx_word' id='word_1_552' title='bbox 475 4048 600 4104; x_wconf 84' lang='lat' dir='ltr'>Sive</span> <span class='ocrx_word' id='word_1_553' title='bbox 629 4049 801 4117; x_wconf 84' lang='lat' dir='ltr'>igitur</span> <span class='ocrx_word' id='word_1_554' title='bbox 830 4065 946 4119; x_wconf 87' lang='lat' dir='ltr'>ego,</span> <span class='ocrx_word' id='word_1_555' title='bbox 970 4053 1080 4105; x_wconf 74' lang='lat' dir='ltr'>sive</span> <span class='ocrx_word' id='word_1_556' title='bbox 1105 4052 1214 4118; x_wconf 80' lang='lat' dir='ltr'>illi,</span> <span class='ocrx_word' id='word_1_557' title='bbox 1243 4052 1319 4104; x_wconf 84' lang='lat' dir='ltr'>sic</span> <span class='ocrx_word' id='word_1_558' title='bbox 1342 4049 1732 4120; x_wconf 73' lang='lat' dir='ltr'>praedicamus,</span> <span class='ocrx_word' id='word_1_559' title='bbox 1790 4055 1840 4101; x_wconf 82' lang='lat' dir='ltr'>et</span> <span class='ocrx_word' id='word_1_560' title='bbox 1889 4049 1964 4102; x_wconf 88' lang='lat' dir='ltr'>sic</span> <span class='ocrx_word' id='word_1_561' title='bbox 2013 4065 2122 4102; x_wconf 83' lang='lat' dir='ltr'>ere-</span> 
     </span>
    </p>
   </div>
   <div class='ocr_carea' id='block_1_75' title="bbox 479 4137 715 4193">
    <p class='ocr_par' dir='ltr' id='par_1_75' title="bbox 479 4137 715 4193">
     <span class='ocr_line' id='line_1_75' title="bbox 479 4137 715 4193; baseline 0.004 -2"><span class='ocrx_word' id='word_1_562' title='bbox 479 4137 715 4193; x_wconf 81' lang='lat' dir='ltr'>didistis.</span> 
     </span>
    </p>
   </div>
   <div class='ocr_carea' id='block_1_76' title="bbox 545 4312 2116 4389">
    <p class='ocr_par' dir='ltr' id='par_1_76' title="bbox 545 4312 2116 4389">
     <span class='ocr_line' id='line_1_76' title="bbox 545 4312 2116 4389; baseline 0.003 -22"><span class='ocrx_word' id='word_1_563' title='bbox 545 4312 983 4368; x_wconf 88' lang='lat' dir='ltr'>Modestianimi</span> <span class='ocrx_word' id='word_1_564' title='bbox 1013 4312 1273 4366; x_wconf 89' lang='lat' dir='ltr'>verbum.</span> <span class='ocrx_word' id='word_1_565' title='bbox 1301 4312 1414 4366; x_wconf 87' lang='lat' dir='ltr'>Nec</span> <span class='ocrx_word' id='word_1_566' title='bbox 1436 4317 1635 4368; x_wconf 87' lang='lat' dir='ltr'>tamen</span> <span class='ocrx_word' id='word_1_567' title='bbox 1685 4316 1756 4372; x_wconf 93' lang='lat' dir='ltr'>ob</span> <span class='ocrx_word' id='word_1_568' title='bbox 1810 4318 1868 4374; x_wconf 91' lang='lat' dir='ltr'>id</span> <span class='ocrx_word' id='word_1_569' title='bbox 1916 4318 2116 4389; x_wconf 88' lang='lat' dir='ltr'>aliquo</span> 
     </span>
    </p>
   </div>
   <div class='ocr_carea' id='block_1_77' title="bbox 473 4399 2113 4473">
    <p class='ocr_par' dir='ltr' id='par_1_77' title="bbox 473 4399 2113 4473">
     <span class='ocr_line' id='line_1_77' title="bbox 473 4399 2113 4473; baseline 0.002 -17"><span class='ocrx_word' id='word_1_570' title='bbox 473 4403 718 4457; x_wconf 82' lang='lat' dir='ltr'>inferior</span> <span class='ocrx_word' id='word_1_571' title='bbox 750 4408 838 4457; x_wconf 90' lang='lat' dir='ltr'>est</span> <span class='ocrx_word' id='word_1_572' title='bbox 869 4401 1106 4464; x_wconf 90' lang='lat' dir='ltr'>Paulus,</span> <span class='ocrx_word' id='word_1_573' title='bbox 1136 4399 1292 4468; x_wconf 91' lang='lat' dir='ltr'>quod</span> <span class='ocrx_word' id='word_1_574' title='bbox 1339 4400 1451 4472; x_wconf 92' lang='lat' dir='ltr'>ipsi</span> <span class='ocrx_word' id='word_1_575' title='bbox 1502 4411 1802 4473; x_wconf 91' lang='lat' dir='ltr'>postremo</span> <span class='ocrx_word' id='word_1_576' title='bbox 1828 4408 1988 4463; x_wconf 84' lang='lat' dir='ltr'>visus</span> <span class='ocrx_word' id='word_1_577' title='bbox 2019 4408 2113 4462; x_wconf 84' lang='lat' dir='ltr'>sit.</span> 
     </span>
    </p>
   </div>
   <div class='ocr_carea' id='block_1_78' title="bbox 476 4488 2114 4564">
    <p class='ocr_par' dir='ltr' id='par_1_78' title="bbox 476 4488 2114 4564">
     <span class='ocr_line' id='line_1_78' title="bbox 476 4488 2114 4564; baseline 0.003 -17"><span class='ocrx_word' id='word_1_578' title='bbox 476 4494 673 4564; x_wconf 82' lang='lat' dir='ltr'>Neque</span> <span class='ocrx_word' id='word_1_579' title='bbox 694 4493 852 4546; x_wconf 89' lang='lat' dir='ltr'>enim</span> <span class='ocrx_word' id='word_1_580' title='bbox 875 4488 1126 4544; x_wconf 76' lang='lat' dir='ltr'>Iacobus</span> <span class='ocrx_word' id='word_1_581' title='bbox 1148 4489 1488 4562; x_wconf 75' lang='lat' dir='ltr'>quingentis</span> <span class='ocrx_word' id='word_1_582' title='bbox 1528 4493 1648 4549; x_wconf 89' lang='lat' dir='ltr'>illis</span> <span class='ocrx_word' id='word_1_583' title='bbox 1694 4496 1940 4552; x_wconf 87' lang='lat' dir='ltr'>inferior</span> <span class='ocrx_word' id='word_1_584' title='bbox 1970 4503 2114 4560; x_wconf 87' lang='lat' dir='ltr'>erat,</span> 
     </span>
    </p>
   </div>
   <div class='ocr_carea' id='block_1_79' title="bbox 2302 3429 3869 3508">
    <p class='ocr_par' dir='ltr' id='par_1_79' title="bbox 2302 3429 3869 3508">
     <span class='ocr_line' id='line_1_79' title="bbox 2302 3429 3869 3508; baseline -0.002 -21"><span class='ocrx_word' id='word_1_585' title='bbox 2302 3435 2574 3507; x_wconf 87' lang='grc' dir='ltr'>’Έσχατον</span> <span class='ocrx_word' id='word_1_586' title='bbox 2647 3429 2703 3487; x_wconf 78' lang='grc' dir='ltr'>δὲ</span> <span class='ocrx_word' id='word_1_587' title='bbox 2785 3432 3001 3488; x_wconf 88' lang='grc' dir='ltr'>πάντων</span> <span class='ocrx_word' id='word_1_588' title='bbox 3080 3434 3310 3508; x_wconf 81' lang='grc' dir='ltr'>ὠσπερεῖ</span> <span class='ocrx_word' id='word_1_589' title='bbox 3408 3441 3492 3508; x_wconf 84' lang='grc' dir='ltr'>τῷ</span> <span class='ocrx_word' id='word_1_590' title='bbox 3581 3433 3869 3508; x_wconf 74' lang='grc' dir='ltr'>ἐκτρώματι</span> 
     </span>
    </p>
   </div>
   <div class='ocr_carea' id='block_1_80' title="bbox 2231 3519 3866 3600">
    <p class='ocr_par' dir='ltr' id='par_1_80' title="bbox 2231 3519 3866 3600">
     <span class='ocr_line' id='line_1_80' title="bbox 2231 3519 3866 3600; baseline -0.001 -25"><span class='ocrx_word' id='word_1_591' title='bbox 2231 3519 2384 3597; x_wconf 76' lang='grc' dir='ltr'>ὤφθη</span> <span class='ocrx_word' id='word_1_592' title='bbox 2438 3520 2627 3594; x_wconf 76' lang='grc' dir='ltr'>κάμοί.</span> <span class='ocrx_word' id='word_1_593' title='bbox 2711 3523 2854 3597; x_wconf 62' lang='grc' dir='ltr'>’.ἐγὼ</span> <span class='ocrx_word' id='word_1_594' title='bbox 2937 3522 3038 3597; x_wconf 81' lang='grc' dir='ltr'>γὰρ</span> <span class='ocrx_word' id='word_1_595' title='bbox 3125 3522 3238 3596; x_wconf 80' lang='grc' dir='ltr'>εἰμι</span> <span class='ocrx_word' id='word_1_596' title='bbox 3297 3525 3325 3578; x_wconf 86' lang='grc' dir='ltr'>ὁ</span> <span class='ocrx_word' id='word_1_597' title='bbox 3395 3524 3697 3600; x_wconf 77' lang='grc' dir='ltr'>ἐλάχιστος</span> <span class='ocrx_word' id='word_1_598' title='bbox 3772 3523 3866 3574; x_wconf 80' lang='grc' dir='ltr'>τῶν</span> 
     </span>
    </p>
   </div>
   <div class='ocr_carea' id='block_1_81' title="bbox 2228 3605 3865 3683">
    <p class='ocr_par' dir='ltr' id='par_1_81' title="bbox 2228 3605 3865 3683">
     <span class='ocr_line' id='line_1_81' title="bbox 2228 3605 3865 3683; baseline 0.001 -22"><span class='ocrx_word' id='word_1_599' title='bbox 2228 3607 2569 3678; x_wconf 75' lang='grc' dir='ltr'>ἀποστόλων,</span> <span class='ocrx_word' id='word_1_600' title='bbox 2629 3609 2688 3670; x_wconf 77' lang='grc' dir='ltr'>ὅς</span> <span class='ocrx_word' id='word_1_601' title='bbox 2747 3609 2846 3664; x_wconf 79' lang='grc' dir='ltr'>οὒκ</span> <span class='ocrx_word' id='word_1_602' title='bbox 2927 3611 3041 3683; x_wconf 80' lang='grc' dir='ltr'>εὶμὶ</span> <span class='ocrx_word' id='word_1_603' title='bbox 3119 3611 3301 3674; x_wconf 83' lang='grc' dir='ltr'>ἱκανὸς</span> <span class='ocrx_word' id='word_1_604' title='bbox 3383 3611 3675 3676; x_wconf 82' lang='grc' dir='ltr'>καλεῖσθαι</span> <span class='ocrx_word' id='word_1_605' title='bbox 3747 3605 3865 3663; x_wconf 81' lang='grc' dir='ltr'>ἀπόο</span> 
     </span>
    </p>
   </div>
   <div class='ocr_carea' id='block_1_82' title="bbox 2231 3695 3864 3773">
    <p class='ocr_par' dir='ltr' id='par_1_82' title="bbox 2231 3695 3864 3773">
     <span class='ocr_line' id='line_1_82' title="bbox 2231 3695 3864 3773; baseline 0.001 -22"><span class='ocrx_word' id='word_1_606' title='bbox 2231 3695 2450 3766; x_wconf 88' lang='grc' dir='ltr'>στολος,</span> <span class='ocrx_word' id='word_1_607' title='bbox 2510 3695 2651 3752; x_wconf 88' lang='grc' dir='ltr'>διότι</span> <span class='ocrx_word' id='word_1_608' title='bbox 2710 3695 2903 3769; x_wconf 79' lang='grc' dir='ltr'>ἐδίωξα</span> <span class='ocrx_word' id='word_1_609' title='bbox 2955 3702 3054 3770; x_wconf 73' lang='grc' dir='ltr'>τήν</span> <span class='ocrx_word' id='word_1_610' title='bbox 3140 3700 3478 3773; x_wconf 81' lang='grc' dir='ltr'>Ἐκκλησίαν</span> <span class='ocrx_word' id='word_1_611' title='bbox 3555 3707 3652 3757; x_wconf 87' lang='grc' dir='ltr'>τοῦ</span> <span class='ocrx_word' id='word_1_612' title='bbox 3725 3701 3864 3754; x_wconf 85' lang='grc' dir='ltr'>Θεοῦ.</span> 
     </span>
    </p>
   </div>
   <div class='ocr_carea' id='block_1_83' title="bbox 2229 3782 3861 3868">
    <p class='ocr_par' dir='ltr' id='par_1_83' title="bbox 2229 3782 3861 3868">
     <span class='ocr_line' id='line_1_83' title="bbox 2229 3782 3861 3868; baseline 0.001 -28"><span class='ocrx_word' id='word_1_613' title='bbox 2229 3782 2512 3860; x_wconf 75' lang='grc' dir='ltr'>Χάριτιδὲ</span> <span class='ocrx_word' id='word_1_614' title='bbox 2551 3792 2685 3841; x_wconf 89' lang='grc' dir='ltr'>Θεοῦ</span> <span class='ocrx_word' id='word_1_615' title='bbox 2741 3787 2854 3861; x_wconf 81' lang='grc' dir='ltr'>εἰμὶ</span> <span class='ocrx_word' id='word_1_616' title='bbox 2896 3789 2925 3844; x_wconf 80' lang='grc' dir='ltr'>’ὀ</span> <span class='ocrx_word' id='word_1_617' title='bbox 2982 3789 3115 3862; x_wconf 82' lang='grc' dir='ltr'>εἰμὶ.</span> <span class='ocrx_word' id='word_1_618' title='bbox 3177 3790 3271 3844; x_wconf 83' lang='grc' dir='ltr'>Καί</span> <span class='ocrx_word' id='word_1_619' title='bbox 3333 3793 3366 3860; x_wconf 77' lang='grc' dir='ltr'>ἡ</span> <span class='ocrx_word' id='word_1_620' title='bbox 3432 3793 3600 3868; x_wconf 84' lang='grc' dir='ltr'>χάρις</span> <span class='ocrx_word' id='word_1_621' title='bbox 3653 3787 3861 3852; x_wconf 76' lang='grc' dir='ltr'>αὐτοῦή</span> 
     </span>
    </p>
   </div>
   <div class='ocr_carea' id='block_1_84' title="bbox 2229 3872 3860 3955">
    <p class='ocr_par' dir='ltr' id='par_1_84' title="bbox 2229 3872 3860 3955">
     <span class='ocr_line' id='line_1_84' title="bbox 2229 3872 3860 3955; baseline 0.001 -29"><span class='ocrx_word' id='word_1_622' title='bbox 2229 3872 2304 3934; x_wconf 80' lang='grc' dir='ltr'>εἰς</span> <span class='ocrx_word' id='word_1_623' title='bbox 2372 3873 2491 3945; x_wconf 86' lang='grc' dir='ltr'>ἐμε,</span> <span class='ocrx_word' id='word_1_624' title='bbox 2559 3874 2620 3928; x_wconf 78' lang='grc' dir='ltr'>οὖ</span> <span class='ocrx_word' id='word_1_625' title='bbox 2689 3876 2816 3943; x_wconf 84' lang='grc' dir='ltr'>κενὴ</span> <span class='ocrx_word' id='word_1_626' title='bbox 2898 3875 3149 3953; x_wconf 73' lang='grc' dir='ltr'>ἐγενήθη,</span> <span class='ocrx_word' id='word_1_627' title='bbox 3245 3878 3391 3935; x_wconf 76' lang='grc' dir='ltr'>ἀλλὰ</span> <span class='ocrx_word' id='word_1_628' title='bbox 3495 3877 3860 3955; x_wconf 85' lang='grc' dir='ltr'>περισσότερον</span> 
     </span>
    </p>
   </div>
   <div class='ocr_carea' id='block_1_85' title="bbox 2228 3960 3857 4046">
    <p class='ocr_par' dir='ltr' id='par_1_85' title="bbox 2228 3960 3857 4046">
     <span class='ocr_line' id='line_1_85' title="bbox 2228 3960 3857 4046; baseline 0.005 -31"><span class='ocrx_word' id='word_1_629' title='bbox 2228 3960 2401 4016; x_wconf 75' lang='grc' dir='ltr'>αὐτῶν</span> <span class='ocrx_word' id='word_1_630' title='bbox 2457 3961 2669 4017; x_wconf 78' lang='grc' dir='ltr'>πάντων</span> <span class='ocrx_word' id='word_1_631' title='bbox 2758 3962 3042 4024; x_wconf 81' lang='grc' dir='ltr'>ἐκοπίασα.</span> <span class='ocrx_word' id='word_1_632' title='bbox 3127 3967 3241 4024; x_wconf 78' lang='grc' dir='ltr'>Οὐκ</span> <span class='ocrx_word' id='word_1_633' title='bbox 3326 3967 3439 4046; x_wconf 77' lang='grc' dir='ltr'>ἐγὼ</span> <span class='ocrx_word' id='word_1_634' title='bbox 3523 3967 3601 4037; x_wconf 76' lang='grc' dir='ltr'>δὲ,</span> <span class='ocrx_word' id='word_1_635' title='bbox 3660 3963 3857 4029; x_wconf 74' lang='grc' dir='ltr'>ἆλλ’ἧ</span> 
     </span>
    </p>
   </div>
   <div class='ocr_carea' id='block_1_86' title="bbox 2226 4049 3859 4130">
    <p class='ocr_par' dir='ltr' id='par_1_86' title="bbox 2226 4049 3859 4130">
     <span class='ocr_line' id='line_1_86' title="bbox 2226 4049 3859 4130; baseline 0.002 -26"><span class='ocrx_word' id='word_1_636' title='bbox 2226 4050 2388 4124; x_wconf 88' lang='grc' dir='ltr'>χάρις</span> <span class='ocrx_word' id='word_1_637' title='bbox 2427 4053 2524 4104; x_wconf 88' lang='grc' dir='ltr'>τοῦ</span> <span class='ocrx_word' id='word_1_638' title='bbox 2583 4053 2809 4121; x_wconf 73' lang='grc' dir='ltr'>Θεοῦ,ἡ</span> <span class='ocrx_word' id='word_1_639' title='bbox 2873 4051 2963 4106; x_wconf 82' lang='grc' dir='ltr'>σὺν</span> <span class='ocrx_word' id='word_1_640' title='bbox 3028 4053 3176 4127; x_wconf 85' lang='grc' dir='ltr'>ἐμοὶ,</span> <span class='ocrx_word' id='word_1_641' title='bbox 3238 4055 3363 4112; x_wconf 63' lang='grc' dir='ltr'>Εἴτε</span> <span class='ocrx_word' id='word_1_642' title='bbox 3430 4058 3524 4113; x_wconf 82' lang='grc' dir='ltr'>οὗν</span> <span class='ocrx_word' id='word_1_643' title='bbox 3587 4055 3711 4130; x_wconf 72' lang='grc' dir='ltr'>ἐγὼ,</span> <span class='ocrx_word' id='word_1_644' title='bbox 3766 4049 3859 4104; x_wconf 78' lang='grc' dir='ltr'>εἴτε</span> 
     </span>
    </p>
   </div>
   <div class='ocr_carea' id='block_1_87' title="bbox 2226 4136 3856 4216">
    <p class='ocr_par' dir='ltr' id='par_1_87' title="bbox 2226 4136 3856 4216">
     <span class='ocr_line' id='line_1_87' title="bbox 2226 4136 3856 4216; baseline -0.001 -22"><span class='ocrx_word' id='word_1_645' title='bbox 2226 4138 2443 4206; x_wconf 82' lang='grc' dir='ltr'>ἐκεῖνοι,</span> <span class='ocrx_word' id='word_1_646' title='bbox 2515 4139 2688 4202; x_wconf 77' lang='grc' dir='ltr'>οὓτως</span> <span class='ocrx_word' id='word_1_647' title='bbox 2768 4140 3139 4216; x_wconf 71' lang='grc' dir='ltr'>κηρύσσομεν,</span> <span class='ocrx_word' id='word_1_648' title='bbox 3217 4146 3308 4199; x_wconf 79' lang='grc' dir='ltr'>καὶ</span> <span class='ocrx_word' id='word_1_649' title='bbox 3389 4147 3569 4208; x_wconf 80' lang='grc' dir='ltr'>οὕτως</span> <span class='ocrx_word' id='word_1_650' title='bbox 3633 4136 3856 4197; x_wconf 67' lang='grc' dir='ltr'>ἐιιτιστειί⁸</span> 
     </span>
    </p>
   </div>
   <div class='ocr_carea' id='block_1_88' title="bbox 2225 4248 2372 4283">
    <p class='ocr_par' dir='ltr' id='par_1_88' title="bbox 2225 4248 2372 4283">
     <span class='ocr_line' id='line_1_88' title="bbox 2225 4248 2372 4283; baseline -0.007 0"><span class='ocrx_word' id='word_1_651' title='bbox 2225 4248 2350 4283; x_wconf 89' lang='grc' dir='ltr'>σατε</span> <span class='ocrx_word' id='word_1_652' title='bbox 2361 4271 2372 4282; x_wconf 88' lang='grc'>.</span> 
     </span>
    </p>
   </div>
   <div class='ocr_carea' id='block_1_89' title="bbox 2297 4320 3856 4398">
    <p class='ocr_par' dir='ltr' id='par_1_89' title="bbox 2297 4320 3856 4398">
     <span class='ocr_line' id='line_1_89' title="bbox 2297 4320 3856 4398; baseline -0.004 -24"><span class='ocrx_word' id='word_1_653' title='bbox 2297 4320 2810 4397; x_wconf 77' lang='grc' dir='ltr'>Ταπεινοφροσύνης</span> <span class='ocrx_word' id='word_1_654' title='bbox 2846 4323 2940 4394; x_wconf 73' lang='grc' dir='ltr'>μὲν</span> <span class='ocrx_word' id='word_1_655' title='bbox 2973 4324 3036 4378; x_wconf 85' lang='grc' dir='ltr'>τὸ</span> <span class='ocrx_word' id='word_1_656' title='bbox 3067 4323 3239 4398; x_wconf 78' lang='grc' dir='ltr'>ῥῆμα,</span> <span class='ocrx_word' id='word_1_657' title='bbox 3273 4323 3423 4396; x_wconf 74' lang='grc' dir='ltr'>πλὴν</span> <span class='ocrx_word' id='word_1_658' title='bbox 3467 4325 3529 4380; x_wconf 76' lang='grc' dir='ltr'>οὐ</span> <span class='ocrx_word' id='word_1_659' title='bbox 3584 4321 3670 4379; x_wconf 86' lang='grc' dir='ltr'>διὰ</span> <span class='ocrx_word' id='word_1_660' title='bbox 3715 4322 3856 4375; x_wconf 80' lang='grc' dir='ltr'>τοῦτο</span> 
     </span>
    </p>
   </div>
   <div class='ocr_carea' id='block_1_90' title="bbox 2223 4406 3852 4488">
    <p class='ocr_par' dir='ltr' id='par_1_90' title="bbox 2223 4406 3852 4488">
     <span class='ocr_line' id='line_1_90' title="bbox 2223 4406 3852 4488; baseline 0.001 -26"><span class='ocrx_word' id='word_1_661' title='bbox 2223 4406 2464 4464; x_wconf 86' lang='grc' dir='ltr'>ἐλάττων</span> <span class='ocrx_word' id='word_1_662' title='bbox 2510 4410 2659 4471; x_wconf 84' lang='grc' dir='ltr'>τινὸς</span> <span class='ocrx_word' id='word_1_663' title='bbox 2718 4411 2746 4465; x_wconf 87' lang='grc' dir='ltr'>ὁ</span> <span class='ocrx_word' id='word_1_664' title='bbox 2807 4409 3048 4482; x_wconf 79' lang='grc' dir='ltr'>Παῦλος,</span> <span class='ocrx_word' id='word_1_665' title='bbox 3105 4412 3188 4467; x_wconf 73' lang='grc' dir='ltr'>ὅτι</span> <span class='ocrx_word' id='word_1_666' title='bbox 3231 4412 3448 4488; x_wconf 78' lang='grc' dir='ltr'>ἐσχάτῳ</span> <span class='ocrx_word' id='word_1_667' title='bbox 3509 4414 3656 4484; x_wconf 80' lang='grc' dir='ltr'>αὐτῷ</span> <span class='ocrx_word' id='word_1_668' title='bbox 3690 4406 3852 4480; x_wconf 79' lang='grc' dir='ltr'>ὤφθη.</span> 
     </span>
    </p>
   </div>
   <div class='ocr_carea' id='block_1_91' title="bbox 2221 4493 3850 4573">
    <p class='ocr_par' dir='ltr' id='par_1_91' title="bbox 2221 4493 3850 4573">
     <span class='ocr_line' id='line_1_91' title="bbox 2221 4493 3850 4573; baseline -0.004 -19"><span class='ocrx_word' id='word_1_669' title='bbox 2221 4498 2360 4554; x_wconf 75' lang='grc' dir='ltr'>Οὒτε</span> <span class='ocrx_word' id='word_1_670' title='bbox 2415 4499 2516 4573; x_wconf 74' lang='grc' dir='ltr'>γὰρ</span> <span class='ocrx_word' id='word_1_671' title='bbox 2570 4493 2826 4560; x_wconf 77' lang='grc' dir='ltr'>Ἰάκωϐος</span> <span class='ocrx_word' id='word_1_672' title='bbox 2884 4498 3122 4556; x_wconf 86' lang='grc' dir='ltr'>ἐλάττων</span> <span class='ocrx_word' id='word_1_673' title='bbox 3180 4501 3248 4571; x_wconf 81' lang='grc' dir='ltr'>ἦν</span> <span class='ocrx_word' id='word_1_674' title='bbox 3311 4507 3420 4558; x_wconf 82' lang='grc' dir='ltr'>τῶν</span> <span class='ocrx_word' id='word_1_675' title='bbox 3484 4496 3850 4560; x_wconf 86' lang='grc' dir='ltr'>πεντακοσίων,</span> 
     </span>
    </p>
   </div>
   <div class='ocr_carea' id='block_1_92' title="bbox 475 4577 2125 4666">
    <p class='ocr_par' dir='ltr' id='par_1_92' title="bbox 475 4577 2112 4655">
     <span class='ocr_line' id='line_1_92' title="bbox 475 4577 2112 4655; baseline 0.004 -19"><span class='ocrx_word' id='word_1_676' title='bbox 475 4582 632 4655; x_wconf 86' lang='lat' dir='ltr'>quod</span> <span class='ocrx_word' id='word_1_677' title='bbox 664 4587 798 4652; x_wconf 92' lang='lat' dir='ltr'>post</span> <span class='ocrx_word' id='word_1_678' title='bbox 826 4579 962 4634; x_wconf 89' lang='lat' dir='ltr'>illos</span> <span class='ocrx_word' id='word_1_679' title='bbox 993 4577 1107 4649; x_wconf 88' lang='lat' dir='ltr'>ipsi</span> <span class='ocrx_word' id='word_1_680' title='bbox 1139 4578 1300 4635; x_wconf 89' lang='lat' dir='ltr'>visus</span> <span class='ocrx_word' id='word_1_681' title='bbox 1343 4580 1540 4637; x_wconf 81' lang='lat' dir='ltr'>fuerit.</span> <span class='ocrx_word' id='word_1_682' title='bbox 1603 4585 1864 4648; x_wconf 89' lang='lat' dir='ltr'>Quadam</span> <span class='ocrx_word' id='word_1_683' title='bbox 1914 4593 2112 4641; x_wconf 83' lang='lat' dir='ltr'>tamen</span> 
     </span>
    </p>
   </div>
   <div class='ocr_carea' id='block_1_93' title="bbox 2236 4577 3854 4666">
    <p class='ocr_par' dir='ltr' id='par_1_93' title="bbox 2236 4583 3854 4666">
     <span class='ocr_line' id='line_1_93' title="bbox 2236 4583 3854 4666; baseline 0.002 -27"><span class='ocrx_word' id='word_1_684' title='bbox 2236 4583 2408 4654; x_wconf 64' lang='lat' dir='ltr'>instar,-</span> <span class='ocrx_word' id='word_1_685' title='bbox 2443 4587 2662 4662; x_wconf 76' lang='grc' dir='ltr'>ὓστερον</span> <span class='ocrx_word' id='word_1_686' title='bbox 2691 4587 2912 4642; x_wconf 89' lang='grc' dir='ltr'>ἐκείνων</span> <span class='ocrx_word' id='word_1_687' title='bbox 2940 4587 3096 4666; x_wconf 79' lang='grc' dir='ltr'>ὤφθη</span> <span class='ocrx_word' id='word_1_688' title='bbox 3156 4591 3328 4662; x_wconf 79' lang='grc' dir='ltr'>αὐτῷ.</span> <span class='ocrx_word' id='word_1_689' title='bbox 3373 4590 3530 4662; x_wconf 77' lang='grc' dir='ltr'>Ηλήν</span> <span class='ocrx_word' id='word_1_690' title='bbox 3587 4588 3673 4645; x_wconf 84' lang='grc' dir='ltr'>καί</span> <span class='ocrx_word' id='word_1_691' title='bbox 3728 4584 3854 4638; x_wconf 77' lang='grc' dir='ltr'>οἶκο·</span> 
     </span>
    </p>
   </div>
   <div class='ocr_carea' id='block_1_94' title="bbox 475 4667 2117 4743">
    <p class='ocr_par' dir='ltr' id='par_1_94' title="bbox 475 4667 2117 4743">
     <span class='ocr_line' id='line_1_94' title="bbox 475 4667 2117 4743; baseline 0.002 -17"><span class='ocrx_word' id='word_1_692' title='bbox 475 4673 652 4726; x_wconf 87' lang='lat' dir='ltr'>etiam</span> <span class='ocrx_word' id='word_1_693' title='bbox 681 4667 1125 4739; x_wconf 85' lang='lat' dir='ltr'>dispensatione</span> <span class='ocrx_word' id='word_1_694' title='bbox 1149 4669 1410 4741; x_wconf 89' lang='lat' dir='ltr'>seipsum</span> <span class='ocrx_word' id='word_1_695' title='bbox 1434 4670 1657 4743; x_wconf 82' lang='lat' dir='ltr'>dejicit.</span> <span class='ocrx_word' id='word_1_696' title='bbox 1686 4680 1753 4728; x_wconf 89' lang='lat' dir='ltr'>ut</span> <span class='ocrx_word' id='word_1_697' title='bbox 1789 4691 1923 4729; x_wconf 91' lang='lat' dir='ltr'>cum</span> <span class='ocrx_word' id='word_1_698' title='bbox 1951 4675 2117 4729; x_wconf 87' lang='lat' dir='ltr'>dixe—</span> 
     </span>
    </p>
   </div>
   <div class='ocr_carea' id='block_1_95' title="bbox 467 4756 2117 4832">
    <p class='ocr_par' dir='ltr' id='par_1_95' title="bbox 467 4756 2117 4832">
     <span class='ocr_line' id='line_1_95' title="bbox 467 4756 2117 4832; baseline 0.002 -18"><span class='ocrx_word' id='word_1_699' title='bbox 467 4763 546 4815; x_wconf 90' lang='lat' dir='ltr'>rit</span> <span class='ocrx_word' id='word_1_700' title='bbox 567 4773 845 4829; x_wconf 84' lang='lat' dir='ltr'>magnum</span> <span class='ocrx_word' id='word_1_701' title='bbox 878 4756 1025 4812; x_wconf 91' lang='lat' dir='ltr'>illud</span> <span class='ocrx_word' id='word_1_702' title='bbox 1056 4758 1678 4832; x_wconf 82' lang='lat' dir='ltr'>verbum.«Copiosius</span> <span class='ocrx_word' id='word_1_703' title='bbox 1698 4761 1818 4816; x_wconf 90' lang='lat' dir='ltr'>illis</span> <span class='ocrx_word' id='word_1_704' title='bbox 1837 4763 2117 4818; x_wconf 87' lang='lat' dir='ltr'>omnibus</span> 
     </span>
    </p>
   </div>
   <div class='ocr_carea' id='block_1_96' title="bbox 471 4846 2114 4920">
    <p class='ocr_par' dir='ltr' id='par_1_96' title="bbox 471 4846 2114 4920">
     <span class='ocr_line' id='line_1_96' title="bbox 471 4846 2114 4920; baseline 0.002 -17"><span class='ocrx_word' id='word_1_705' title='bbox 471 4847 750 4912; x_wconf 85' lang='lat' dir='ltr'>laboravi,</span> <span class='ocrx_word' id='word_1_706' title='bbox 789 4870 816 4896; x_wconf 86' lang='grc'>››</span> <span class='ocrx_word' id='word_1_707' title='bbox 847 4846 992 4902; x_wconf 83' lang='lat' dir='ltr'>ﬁdes</span> <span class='ocrx_word' id='word_1_708' title='bbox 1023 4848 1134 4920; x_wconf 87' lang='lat' dir='ltr'>ipsi</span> <span class='ocrx_word' id='word_1_709' title='bbox 1186 4849 1492 4905; x_wconf 88' lang='lat' dir='ltr'>habeatur.</span> <span class='ocrx_word' id='word_1_710' title='bbox 1556 4849 1870 4906; x_wconf 84' lang='lat' dir='ltr'>Abortivus</span> <span class='ocrx_word' id='word_1_711' title='bbox 1917 4859 2114 4908; x_wconf 87' lang='lat' dir='ltr'>autem</span> 
     </span>
    </p>
   </div>
   <div class='ocr_carea' id='block_1_97' title="bbox 469 4930 2112 5012">
    <p class='ocr_par' dir='ltr' id='par_1_97' title="bbox 469 4930 2112 5012">
     <span class='ocr_line' id='line_1_97' title="bbox 469 4930 2112 5012; baseline 0.003 -20"><span class='ocrx_word' id='word_1_712' title='bbox 469 4937 686 4992; x_wconf 81' lang='lat' dir='ltr'>dicitur</span> <span class='ocrx_word' id='word_1_713' title='bbox 716 4937 834 4992; x_wconf 87' lang='lat' dir='ltr'>sive</span> <span class='ocrx_word' id='word_1_714' title='bbox 867 4930 1208 5009; x_wconf 73' lang='grc' dir='ltr'>ἐξάμϐλωμα</span> <span class='ocrx_word' id='word_1_715' title='bbox 1265 4956 1331 4994; x_wconf 92' lang='lat' dir='ltr'>ac</span> <span class='ocrx_word' id='word_1_716' title='bbox 1386 4932 1805 5012; x_wconf 74' lang='grc' dir='ltr'>ἐμϐρωθρίδιον,</span> <span class='ocrx_word' id='word_1_717' title='bbox 1859 4942 1977 4996; x_wconf 86' lang='lat' dir='ltr'>sive</span> <span class='ocrx_word' id='word_1_718' title='bbox 2005 4943 2112 4997; x_wconf 90' lang='lat' dir='ltr'>im-</span> 
     </span>
    </p>
   </div>
   <div class='ocr_carea' id='block_1_98' title="bbox 468 5027 2121 5102">
    <p class='ocr_par' dir='ltr' id='par_1_98' title="bbox 468 5027 2121 5102">
     <span class='ocr_line' id='line_1_98' title="bbox 468 5027 2121 5102; baseline 0.002 -19"><span class='ocrx_word' id='word_1_719' title='bbox 468 5029 767 5102; x_wconf 82' lang='lat' dir='ltr'>perfectus</span> <span class='ocrx_word' id='word_1_720' title='bbox 797 5028 1041 5099; x_wconf 89' lang='lat' dir='ltr'>embryo</span> <span class='ocrx_word' id='word_1_721' title='bbox 1072 5045 1140 5084; x_wconf 88' lang='lat' dir='ltr'>ac</span> <span class='ocrx_word' id='word_1_722' title='bbox 1171 5027 1323 5085; x_wconf 81' lang='lat' dir='ltr'>fetus</span> <span class='ocrx_word' id='word_1_723' title='bbox 1354 5030 1417 5083; x_wconf 93' lang='lat' dir='ltr'>in</span> <span class='ocrx_word' id='word_1_724' title='bbox 1462 5035 1629 5085; x_wconf 89' lang='lat' dir='ltr'>utero</span> <span class='ocrx_word' id='word_1_725' title='bbox 1686 5031 1954 5086; x_wconf 92' lang='lat' dir='ltr'>nondum</span> <span class='ocrx_word' id='word_1_726' title='bbox 2003 5033 2121 5086; x_wconf 76' lang='lat' dir='ltr'>foro</span> 
     </span>
    </p>
   </div>
   <div class='ocr_carea' id='block_1_99' title="bbox 469 5118 2112 5190">
    <p class='ocr_par' dir='ltr' id='par_1_99' title="bbox 469 5118 2112 5190">
     <span class='ocr_line' id='line_1_99' title="bbox 469 5118 2112 5190; baseline 0.001 -16"><span class='ocrx_word' id='word_1_727' title='bbox 469 5125 684 5175; x_wconf 87' lang='lat' dir='ltr'>matus.</span> <span class='ocrx_word' id='word_1_728' title='bbox 717 5118 819 5174; x_wconf 85' lang='lat' dir='ltr'>Hic</span> <span class='ocrx_word' id='word_1_729' title='bbox 852 5119 1027 5173; x_wconf 88' lang='lat' dir='ltr'>etiam</span> <span class='ocrx_word' id='word_1_730' title='bbox 1083 5118 1379 5190; x_wconf 83' lang='lat' dir='ltr'>perfectus</span> <span class='ocrx_word' id='word_1_731' title='bbox 1435 5119 1496 5174; x_wconf 91' lang='lat' dir='ltr'>in</span> <span class='ocrx_word' id='word_1_732' title='bbox 1553 5120 1832 5176; x_wconf 89' lang='lat' dir='ltr'>omnibus</span> <span class='ocrx_word' id='word_1_733' title='bbox 1875 5122 2112 5190; x_wconf 88' lang='lat' dir='ltr'>Paulus,</span> 
     </span>
    </p>
   </div>
   <div class='ocr_carea' id='block_1_100' title="bbox 471 5206 2112 5278">
    <p class='ocr_par' dir='ltr' id='par_1_100' title="bbox 471 5206 2112 5278">
     <span class='ocr_line' id='line_1_100' title="bbox 471 5206 2112 5278; baseline 0.001 -13"><span class='ocrx_word' id='word_1_734' title='bbox 471 5225 603 5265; x_wconf 90' lang='lat' dir='ltr'>cum</span> <span class='ocrx_word' id='word_1_735' title='bbox 637 5215 840 5264; x_wconf 88' lang='lat' dir='ltr'>tantus</span> <span class='ocrx_word' id='word_1_736' title='bbox 871 5225 937 5262; x_wconf 91' lang='lat' dir='ltr'>ac</span> <span class='ocrx_word' id='word_1_737' title='bbox 974 5206 1108 5262; x_wconf 88' lang='lat' dir='ltr'>talis</span> <span class='ocrx_word' id='word_1_738' title='bbox 1141 5212 1318 5276; x_wconf 87' lang='lat' dir='ltr'>esset,</span> <span class='ocrx_word' id='word_1_739' title='bbox 1349 5224 1418 5262; x_wconf 89' lang='lat' dir='ltr'>eo</span> <span class='ocrx_word' id='word_1_740' title='bbox 1451 5207 1608 5278; x_wconf 89' lang='lat' dir='ltr'>quod</span> <span class='ocrx_word' id='word_1_741' title='bbox 1637 5208 1709 5263; x_wconf 92' lang='lat' dir='ltr'>ab</span> <span class='ocrx_word' id='word_1_742' title='bbox 1765 5211 1935 5265; x_wconf 89' lang='lat' dir='ltr'>initio</span> <span class='ocrx_word' id='word_1_743' title='bbox 1997 5228 2112 5266; x_wconf 93' lang='lat' dir='ltr'>non</span> 
     </span>
    </p>
   </div>
   <div class='ocr_carea' id='block_1_101' title="bbox 467 5295 2116 5370">
    <p class='ocr_par' dir='ltr' id='par_1_101' title="bbox 467 5295 2116 5370">
     <span class='ocr_line' id='line_1_101' title="bbox 467 5295 2116 5370; baseline 0.002 -18"><span class='ocrx_word' id='word_1_744' title='bbox 467 5299 648 5353; x_wconf 90' lang='lat' dir='ltr'>fuerit</span> <span class='ocrx_word' id='word_1_745' title='bbox 671 5299 731 5353; x_wconf 91' lang='lat' dir='ltr'>in</span> <span class='ocrx_word' id='word_1_746' title='bbox 755 5297 971 5352; x_wconf 89' lang='lat' dir='ltr'>Christi</span> <span class='ocrx_word' id='word_1_747' title='bbox 997 5295 1112 5350; x_wconf 82' lang='lat' dir='ltr'>fide</span> <span class='ocrx_word' id='word_1_748' title='bbox 1133 5295 1441 5354; x_wconf 87' lang='lat' dir='ltr'>formatus.</span> <span class='ocrx_word' id='word_1_749' title='bbox 1472 5297 1627 5352; x_wconf 76' lang='lat'>570</span> <span class='ocrx_word' id='word_1_750' title='bbox 1676 5299 1938 5370; x_wconf 87' lang='lat' dir='ltr'>seipsum</span> <span class='ocrx_word' id='word_1_751' title='bbox 1971 5299 2116 5355; x_wconf 93' lang='lat' dir='ltr'>dicit</span> 
     </span>
    </p>
   </div>
   <div class='ocr_carea' id='block_1_102' title="bbox 468 5382 2109 5458">
    <p class='ocr_par' dir='ltr' id='par_1_102' title="bbox 468 5382 2109 5458">
     <span class='ocr_line' id='line_1_102' title="bbox 468 5382 2109 5458; baseline 0 -17"><span class='ocrx_word' id='word_1_752' title='bbox 468 5387 818 5454; x_wconf 82' lang='lat' dir='ltr'>abortivum,</span> <span class='ocrx_word' id='word_1_753' title='bbox 845 5390 1086 5458; x_wconf 88' lang='lat' dir='ltr'>propter</span> <span class='ocrx_word' id='word_1_754' title='bbox 1103 5382 1492 5437; x_wconf 84' lang='lat' dir='ltr'>excellentem</span> <span class='ocrx_word' id='word_1_755' title='bbox 1515 5385 1698 5440; x_wconf 90' lang='lat' dir='ltr'>animi</span> <span class='ocrx_word' id='word_1_756' title='bbox 1738 5386 2109 5443; x_wconf 89' lang='lat' dir='ltr'>modestiam.</span> 
     </span>
    </p>
   </div>
   <div class='ocr_carea' id='block_1_103' title="bbox 469 5472 2116 5548">
    <p class='ocr_par' dir='ltr' id='par_1_103' title="bbox 469 5472 2116 5548">
     <span class='ocr_line' id='line_1_103' title="bbox 469 5472 2116 5548; baseline -0.007 -16"><span class='ocrx_word' id='word_1_757' title='bbox 469 5499 496 5524; x_wconf 89' lang='grc'>‹‹</span> <span class='ocrx_word' id='word_1_758' title='bbox 527 5479 644 5548; x_wconf 83' lang='lat' dir='ltr'>Ego</span> <span class='ocrx_word' id='word_1_759' title='bbox 678 5476 838 5531; x_wconf 89' lang='lat' dir='ltr'>enim</span> <span class='ocrx_word' id='word_1_760' title='bbox 868 5490 999 5530; x_wconf 88' lang='lat' dir='ltr'>sum</span> <span class='ocrx_word' id='word_1_761' title='bbox 1030 5473 1316 5527; x_wconf 90' lang='lat' dir='ltr'>minimus</span> <span class='ocrx_word' id='word_1_762' title='bbox 1347 5472 1771 5542; x_wconf 85' lang='lat' dir='ltr'>apostolorum.</span> <span class='ocrx_word' id='word_1_763' title='bbox 1836 5499 1862 5524; x_wconf 87' lang='grc'>››</span> <span class='ocrx_word' id='word_1_764' title='bbox 1905 5478 2116 5532; x_wconf 88' lang='lat' dir='ltr'>Conse-</span> 
     </span>
    </p>
   </div>
   <div class='ocr_carea' id='block_1_104' title="bbox 535 5615 1722 5689">
    <p class='ocr_par' dir='ltr' id='par_1_104' title="bbox 535 5615 1722 5689">
     <span class='ocr_line' id='line_1_104' title="bbox 535 5615 1722 5689; baseline -0.003 -10"><span class='ocrx_word' id='word_1_765' title='bbox 535 5623 583 5658; x_wconf 80' lang='grc'>⁴⁵</span> <span class='ocrx_word' id='word_1_766' title='bbox 617 5625 790 5679; x_wconf 80' lang='lat' dir='ltr'>Marc.</span> <span class='ocrx_word' id='word_1_767' title='bbox 825 5638 933 5686; x_wconf 74' lang='lat' dir='ltr'>xw,</span> <span class='ocrx_word' id='word_1_768' title='bbox 975 5624 996 5674; x_wconf 81' lang='grc'><strong>1</strong></span> <span class='ocrx_word' id='word_1_769' title='bbox 1035 5633 1200 5689; x_wconf 88' lang='lat' dir='ltr'>seqq.</span> <span class='ocrx_word' id='word_1_770' title='bbox 1232 5615 1280 5649; x_wconf 83' lang='grc'>⁴⁶</span> <span class='ocrx_word' id='word_1_771' title='bbox 1307 5617 1471 5672; x_wconf 82' lang='lat' dir='ltr'>Joan.</span> <span class='ocrx_word' id='word_1_772' title='bbox 1505 5635 1598 5684; x_wconf 82' lang='lat' dir='ltr'>xx,</span> <span class='ocrx_word' id='word_1_773' title='bbox 1633 5621 1722 5675; x_wconf 85' lang='lat'>26.</span> 
     </span>
    </p>
   </div>
   <div class='ocr_carea' id='block_1_105' title="bbox 2225 4669 3850 4755">
    <p class='ocr_par' dir='ltr' id='par_1_105' title="bbox 2225 4669 3850 4755">
     <span class='ocr_line' id='line_1_105' title="bbox 2225 4669 3850 4755; baseline 0.002 -27"><span class='ocrx_word' id='word_1_774' title='bbox 2225 4680 2468 4746; x_wconf 61' lang='grc' dir='ltr'>νομικῶς</span> <span class='ocrx_word' id='word_1_775' title='bbox 2502 4677 2688 4731; x_wconf 72' lang='grc' dir='ltr'>ἑαυτὸν</span> <span class='ocrx_word' id='word_1_776' title='bbox 2749 4676 3090 4748; x_wconf 81' lang='grc' dir='ltr'>ἐξευτελίζει,</span> <span class='ocrx_word' id='word_1_777' title='bbox 3137 4677 3230 4733; x_wconf 78' lang='grc' dir='ltr'>’ίνα</span> <span class='ocrx_word' id='word_1_778' title='bbox 3275 4679 3400 4734; x_wconf 78' lang='grc' dir='ltr'>ὅταν</span> <span class='ocrx_word' id='word_1_779' title='bbox 3451 4679 3576 4755; x_wconf 76' lang='grc' dir='ltr'>εἷ’πῃ</span> <span class='ocrx_word' id='word_1_780' title='bbox 3623 4678 3684 4734; x_wconf 80' lang='grc' dir='ltr'>τὸ</span> <span class='ocrx_word' id='word_1_781' title='bbox 3731 4669 3850 4746; x_wconf 77' lang='grc' dir='ltr'>μέγα</span> 
     </span>
    </p>
   </div>
   <div class='ocr_carea' id='block_1_106' title="bbox 2227 4760 3843 4842">
    <p class='ocr_par' dir='ltr' id='par_1_106' title="bbox 2227 4760 3843 4842">
     <span class='ocr_line' id='line_1_106' title="bbox 2227 4760 3843 4842; baseline -0.001 -25"><span class='ocrx_word' id='word_1_782' title='bbox 2227 4762 2380 4836; x_wconf 76' lang='grc' dir='ltr'>ῥῆμα</span> <span class='ocrx_word' id='word_1_783' title='bbox 2419 4761 2616 4832; x_wconf 82' lang='grc' dir='ltr'>ἐκεῖνο,</span> <span class='ocrx_word' id='word_1_784' title='bbox 2644 4765 2729 4834; x_wconf 88' lang='grc' dir='ltr'>τὸ,</span> <span class='ocrx_word' id='word_1_785' title='bbox 2763 4790 2791 4817; x_wconf 86' lang='grc'>‹‹</span> <span class='ocrx_word' id='word_1_786' title='bbox 2823 4767 3208 4842; x_wconf 80' lang='grc' dir='ltr'>Περισσότερον</span> <span class='ocrx_word' id='word_1_787' title='bbox 3252 4767 3426 4824; x_wconf 76' lang='grc' dir='ltr'>αὐτῶν</span> <span class='ocrx_word' id='word_1_788' title='bbox 3487 4769 3693 4825; x_wconf 80' lang='grc' dir='ltr'>πάντων</span> <span class='ocrx_word' id='word_1_789' title='bbox 3736 4760 3843 4816; x_wconf 77' lang='grc' dir='ltr'>ἐκο-</span> 
     </span>
    </p>
   </div>
   <div class='ocr_carea' id='block_1_107' title="bbox 2224 4851 3839 4931">
    <p class='ocr_par' dir='ltr' id='par_1_107' title="bbox 2224 4851 3839 4931">
     <span class='ocr_line' id='line_1_107' title="bbox 2224 4851 3839 4931; baseline 0.002 -25"><span class='ocrx_word' id='word_1_790' title='bbox 2224 4851 2410 4919; x_wconf 82' lang='grc' dir='ltr'>πίασα,</span> <span class='ocrx_word' id='word_1_791' title='bbox 2446 4875 2474 4904; x_wconf 81' lang='grc'><strong>››</strong></span> <span class='ocrx_word' id='word_1_792' title='bbox 2541 4854 2616 4925; x_wconf 78' lang='grc' dir='ltr'>μή</span> <span class='ocrx_word' id='word_1_793' title='bbox 2676 4854 2972 4927; x_wconf 81' lang='grc' dir='ltr'>ἀπιστηθῇ.</span> <span class='ocrx_word' id='word_1_794' title='bbox 3029 4858 3181 4912; x_wconf 78' lang='grc' dir='ltr'><strong>Ἐστι</strong></span> <span class='ocrx_word' id='word_1_795' title='bbox 3237 4854 3293 4911; x_wconf 75' lang='grc' dir='ltr'>δὲ</span> <span class='ocrx_word' id='word_1_796' title='bbox 3371 4851 3643 4931; x_wconf 75' lang='grc' dir='ltr'>ἕκτρωμα,</span> <span class='ocrx_word' id='word_1_797' title='bbox 3694 4851 3839 4926; x_wconf 73' lang='grc' dir='ltr'>ἤγουν</span> 
     </span>
    </p>
   </div>
   <div class='ocr_carea' id='block_1_108' title="bbox 2225 4935 3840 5023">
    <p class='ocr_par' dir='ltr' id='par_1_108' title="bbox 2225 4935 3840 5023">
     <span class='ocr_line' id='line_1_108' title="bbox 2225 4935 3840 5023; baseline -0.001 -26"><span class='ocrx_word' id='word_1_798' title='bbox 2225 4935 2566 5014; x_wconf 76' lang='grc' dir='ltr'>ἐξάμϐλωμα</span> <span class='ocrx_word' id='word_1_799' title='bbox 2649 4943 2736 4996; x_wconf 77' lang='grc' dir='ltr'>καὶ</span> <span class='ocrx_word' id='word_1_800' title='bbox 2834 4939 3259 5019; x_wconf 77' lang='grc' dir='ltr'>ἐμόρωθρίδιον,</span> <span class='ocrx_word' id='word_1_801' title='bbox 3319 4945 3492 5023; x_wconf 67' lang='grc' dir='ltr'>ἤγουν</span> <span class='ocrx_word' id='word_1_802' title='bbox 3549 4946 3609 4999; x_wconf 87' lang='grc' dir='ltr'>τὸ</span> <span class='ocrx_word' id='word_1_803' title='bbox 3675 4936 3840 4996; x_wconf 65' lang='grc' dir='ltr'>ἀτελὲς</span> 
     </span>
    </p>
   </div>
   <div class='ocr_carea' id='block_1_109' title="bbox 2224 5024 3846 5105">
    <p class='ocr_par' dir='ltr' id='par_1_109' title="bbox 2224 5024 3846 5105">
     <span class='ocr_line' id='line_1_109' title="bbox 2224 5024 3846 5105; baseline -0.002 -19"><span class='ocrx_word' id='word_1_804' title='bbox 2224 5024 2486 5105; x_wconf 75' lang='grc' dir='ltr'>ἔμϐρυον,</span> <span class='ocrx_word' id='word_1_805' title='bbox 2515 5031 2578 5085; x_wconf 88' lang='grc' dir='ltr'>τὸ</span> <span class='ocrx_word' id='word_1_806' title='bbox 2606 5031 2878 5105; x_wconf 78' lang='grc' dir='ltr'>ἅμυρφον,</span> <span class='ocrx_word' id='word_1_807' title='bbox 2910 5031 3131 5096; x_wconf 83' lang='grc' dir='ltr'>ἐνταῦθα</span> <span class='ocrx_word' id='word_1_808' title='bbox 3172 5034 3262 5088; x_wconf 82' lang='grc' dir='ltr'>καὶ</span> <span class='ocrx_word' id='word_1_809' title='bbox 3313 5035 3340 5089; x_wconf 90' lang='lat'>6</span> <span class='ocrx_word' id='word_1_810' title='bbox 3393 5033 3445 5089; x_wconf 82' lang='grc' dir='ltr'>ἐν</span> <span class='ocrx_word' id='word_1_811' title='bbox 3495 5039 3623 5090; x_wconf 80' lang='grc' dir='ltr'>πᾶσι</span> <span class='ocrx_word' id='word_1_812' title='bbox 3661 5027 3846 5086; x_wconf 69' lang='grc' dir='ltr'>τέλειος</span> 
     </span>
    </p>
   </div>
   <div class='ocr_carea' id='block_1_110' title="bbox 2225 5119 3840 5200">
    <p class='ocr_par' dir='ltr' id='par_1_110' title="bbox 2225 5119 3840 5200">
     <span class='ocr_line' id='line_1_110' title="bbox 2225 5119 3840 5200; baseline -0.001 -25"><span class='ocrx_word' id='word_1_813' title='bbox 2225 5119 2462 5188; x_wconf 77' lang='grc' dir='ltr'>Παῦλος,</span> <span class='ocrx_word' id='word_1_814' title='bbox 2495 5121 2522 5175; x_wconf 90' lang='grc' dir='ltr'>ὁ</span> <span class='ocrx_word' id='word_1_815' title='bbox 2552 5125 2812 5184; x_wconf 89' lang='grc' dir='ltr'>τοσοῦτος</span> <span class='ocrx_word' id='word_1_816' title='bbox 2843 5121 2931 5177; x_wconf 77' lang='grc' dir='ltr'>καὶ</span> <span class='ocrx_word' id='word_1_817' title='bbox 2979 5121 3330 5194; x_wconf 88' lang='grc' dir='ltr'>τηλικοῦτος⁹</span> <span class='ocrx_word' id='word_1_818' title='bbox 3393 5126 3469 5188; x_wconf 84' lang='grc' dir='ltr'>ὡς</span> <span class='ocrx_word' id='word_1_819' title='bbox 3516 5125 3590 5200; x_wconf 81' lang='grc' dir='ltr'>μή</span> <span class='ocrx_word' id='word_1_820' title='bbox 3646 5135 3840 5194; x_wconf 74' lang='grc' dir='ltr'>μορφω-</span> 
     </span>
    </p>
   </div>
   <div class='ocr_carea' id='block_1_111' title="bbox 2223 5200 3843 5287">
    <p class='ocr_par' dir='ltr' id='par_1_111' title="bbox 2223 5200 3843 5287">
     <span class='ocr_line' id='line_1_111' title="bbox 2223 5200 3843 5287; baseline -0.002 -25"><span class='ocrx_word' id='word_1_821' title='bbox 2223 5211 2334 5270; x_wconf 73' lang='grc' dir='ltr'>θεὲς</span> <span class='ocrx_word' id='word_1_822' title='bbox 2397 5209 2447 5278; x_wconf 80' lang='grc' dir='ltr'>ἐξ</span> <span class='ocrx_word' id='word_1_823' title='bbox 2503 5210 2685 5285; x_wconf 77' lang='grc' dir='ltr'>ἀρχῆς</span> <span class='ocrx_word' id='word_1_824' title='bbox 2741 5215 2812 5285; x_wconf 80' lang='grc' dir='ltr'>τῇ</span> <span class='ocrx_word' id='word_1_825' title='bbox 2872 5212 3010 5266; x_wconf 82' lang='grc' dir='ltr'>κατά</span> <span class='ocrx_word' id='word_1_826' title='bbox 3067 5214 3303 5287; x_wconf 83' lang='grc' dir='ltr'>Χριστὸν</span> <span class='ocrx_word' id='word_1_827' title='bbox 3364 5217 3562 5278; x_wconf 84' lang='grc' dir='ltr'>πίστει,</span> <span class='ocrx_word' id='word_1_828' title='bbox 3616 5200 3843 5283; x_wconf 76' lang='grc' dir='ltr'>ἕκτρωμά</span> 
     </span>
    </p>
   </div>
   <div class='ocr_carea' id='block_1_112' title="bbox 2224 5291 3836 5380">
    <p class='ocr_par' dir='ltr' id='par_1_112' title="bbox 2224 5291 3836 5380">
     <span class='ocr_line' id='line_1_112' title="bbox 2224 5291 3836 5380; baseline -0.001 -29"><span class='ocrx_word' id='word_1_829' title='bbox 2224 5319 2384 5376; x_wconf 83' lang='grc' dir='ltr'>φησιν</span> <span class='ocrx_word' id='word_1_830' title='bbox 2487 5299 2670 5354; x_wconf 71' lang='grc' dir='ltr'>ἑαυτὸν</span> <span class='ocrx_word' id='word_1_831' title='bbox 2750 5298 2840 5354; x_wconf 72' lang='grc' dir='ltr'>διὰ</span> <span class='ocrx_word' id='word_1_832' title='bbox 2938 5303 3439 5380; x_wconf 74' lang='grc' dir='ltr'>ταπεινοφροσύνης</span> <span class='ocrx_word' id='word_1_833' title='bbox 3536 5291 3836 5374; x_wconf 68' lang='grc' dir='ltr'>ὑπερϐολήν.</span> 
     </span>
    </p>
   </div>
   <div class='ocr_carea' id='block_1_113' title="bbox 2227 5386 3837 5464">
    <p class='ocr_par' dir='ltr' id='par_1_113' title="bbox 2227 5386 3837 5464">
     <span class='ocr_line' id='line_1_113' title="bbox 2227 5386 3837 5464; baseline -0.005 -24"><span class='ocrx_word' id='word_1_834' title='bbox 2227 5411 2254 5440; x_wconf 81' lang='grc' dir='ltr'>ιι</span> <span class='ocrx_word' id='word_1_835' title='bbox 2284 5387 2430 5461; x_wconf 84' lang='grc' dir='ltr'>Ἐγὼ</span> <span class='ocrx_word' id='word_1_836' title='bbox 2459 5386 2558 5462; x_wconf 83' lang='grc' dir='ltr'>γάρ</span> <span class='ocrx_word' id='word_1_837' title='bbox 2592 5386 2706 5460; x_wconf 74' lang='grc' dir='ltr'>εἲμι</span> <span class='ocrx_word' id='word_1_838' title='bbox 2738 5389 2765 5442; x_wconf 93' lang='lat'>6</span> <span class='ocrx_word' id='word_1_839' title='bbox 2794 5387 3083 5464; x_wconf 78' lang='grc' dir='ltr'>ἐλάχιστος</span> <span class='ocrx_word' id='word_1_840' title='bbox 3115 5394 3222 5446; x_wconf 80' lang='grc' dir='ltr'>τῶν</span> <span class='ocrx_word' id='word_1_841' title='bbox 3274 5391 3617 5448; x_wconf 82' lang='grc' dir='ltr'>ἀποστόλων.</span> <span class='ocrx_word' id='word_1_842' title='bbox 3652 5412 3676 5438; x_wconf 79' lang='grc' dir='ltr'><strong><em>υ</em></strong></span> <span class='ocrx_word' id='word_1_843' title='bbox 3725 5391 3837 5437; x_wconf 74' lang='grc' dir='ltr'>Λοι-</span> 
     </span>
    </p>
   </div>
   <div class='ocr_carea' id='block_1_114' title="bbox 2223 5468 3836 5554">
    <p class='ocr_par' dir='ltr' id='par_1_114' title="bbox 2223 5468 3836 5554">
     <span class='ocr_line' id='line_1_114' title="bbox 2223 5468 3836 5554; baseline -0.004 -24"><span class='ocrx_word' id='word_1_844' title='bbox 2223 5475 2323 5530; x_wconf 85' lang='grc' dir='ltr'>πὸν</span> <span class='ocrx_word' id='word_1_845' title='bbox 2355 5475 2830 5552; x_wconf 83' lang='grc' dir='ltr'>ἀποφαίνεταικαὶ</span> <span class='ocrx_word' id='word_1_846' title='bbox 2884 5479 3007 5552; x_wconf 84' lang='grc' dir='ltr'>περί</span> <span class='ocrx_word' id='word_1_847' title='bbox 3059 5479 3271 5534; x_wconf 70' lang='grc' dir='ltr'>ἑαυτοῦ.</span> <span class='ocrx_word' id='word_1_848' title='bbox 3320 5482 3458 5554; x_wconf 88' lang='grc' dir='ltr'>Ὅρα</span> <span class='ocrx_word' id='word_1_849' title='bbox 3508 5477 3564 5534; x_wconf 56' lang='lat' dir='ltr'>Si</span> <span class='ocrx_word' id='word_1_850' title='bbox 3610 5475 3700 5531; x_wconf 73' lang='grc' dir='ltr'>οὐκ</span> <span class='ocrx_word' id='word_1_851' title='bbox 3742 5468 3836 5524; x_wconf 75' lang='grc' dir='ltr'>εἶπε</span> 
     </span>
    </p>
   </div>
  </div>
