  <div class='ocr_page' id='page_1' title='image "/cluster/home/n/w/nwhite01/storage/ocr_20150623/118/hvd.32044073502247/438.png"; bbox 0 0 4158 6194; ppageno 0'>
   <div class='ocr_carea' id='block_1_1' title="bbox 384 327 499 386">
    <p class='ocr_par' dir='ltr' id='par_1_1' title="bbox 384 327 499 386">
     <span class='ocr_line' id='line_1_1' title="bbox 384 327 499 386; baseline -0.009 0"><span class='ocrx_word' id='word_1_1' title='bbox 384 327 499 386; x_wconf 82' lang='grc'>865</span> 
     </span>
    </p>
   </div>
   <div class='ocr_carea' id='block_1_2' title="bbox 1373 326 2822 390">
    <p class='ocr_par' dir='ltr' id='par_1_2' title="bbox 1373 326 2822 390">
     <span class='ocr_line' id='line_1_2' title="bbox 1373 326 2822 390; baseline 0.001 -3"><span class='ocrx_word' id='word_1_2' title='bbox 1373 327 1774 390; x_wconf 77' lang='lat' dir='ltr'>COMMENT.</span> <span class='ocrx_word' id='word_1_3' title='bbox 1824 328 1902 389; x_wconf 86' lang='lat' dir='ltr'>IN</span> <span class='ocrx_word' id='word_1_4' title='bbox 1946 328 2194 389; x_wconf 84' lang='lat' dir='ltr'>EPIST.</span> <span class='ocrx_word' id='word_1_5' title='bbox 2240 326 2266 388; x_wconf 86' lang='grc' dir='ltr'><strong>Ῐ</strong></span> <span class='ocrx_word' id='word_1_6' title='bbox 2310 328 2413 390; x_wconf 84' lang='lat' dir='ltr'>AD</span> <span class='ocrx_word' id='word_1_7' title='bbox 2457 327 2822 390; x_wconf 81' lang='lat' dir='ltr'>CORINTH.</span> 
     </span>
    </p>
   </div>
   <div class='ocr_carea' id='block_1_3' title="bbox 3683 333 3802 393">
    <p class='ocr_par' dir='ltr' id='par_1_3' title="bbox 3683 333 3802 393">
     <span class='ocr_line' id='line_1_3' title="bbox 3683 333 3802 393; baseline -0.008 0"><span class='ocrx_word' id='word_1_8' title='bbox 3683 333 3802 393; x_wconf 79' lang='lat'>866</span> 
     </span>
    </p>
   </div>
   <div class='ocr_carea' id='block_1_4' title="bbox 389 444 2052 534">
    <p class='ocr_par' dir='ltr' id='par_1_4' title="bbox 389 452 2041 527">
     <span class='ocr_line' id='line_1_4' title="bbox 389 452 2041 527; baseline 0.004 -18"><span class='ocrx_word' id='word_1_9' title='bbox 389 456 577 527; x_wconf 80' lang='grc' dir='ltr'>μόνον,</span> <span class='ocrx_word' id='word_1_10' title='bbox 612 458 719 510; x_wconf 87' lang='grc' dir='ltr'>τῶν</span> <span class='ocrx_word' id='word_1_11' title='bbox 750 452 963 512; x_wconf 81' lang='grc' dir='ltr'>δώδεκα</span> <span class='ocrx_word' id='word_1_12' title='bbox 1021 454 1191 527; x_wconf 70' lang='grc' dir='ltr'>ἀλλὰ,</span> <span class='ocrx_word' id='word_1_13' title='bbox 1256 455 1470 514; x_wconf 86' lang='grc' dir='ltr'>πάντων</span> <span class='ocrx_word' id='word_1_14' title='bbox 1530 464 1640 514; x_wconf 86' lang='grc' dir='ltr'>τῶν</span> <span class='ocrx_word' id='word_1_15' title='bbox 1696 457 2041 516; x_wconf 86' lang='grc' dir='ltr'>ἀποστόλων.</span> 
     </span>
    </p>
   </div>
   <div class='ocr_carea' id='block_1_5' title="bbox 2162 444 3801 534">
    <p class='ocr_par' dir='ltr' id='par_1_5' title="bbox 2162 444 3801 534">
     <span class='ocr_line' id='line_1_5' title="bbox 2162 444 3801 534; baseline 0.004 -20"><span class='ocrx_word' id='word_1_16' title='bbox 2162 464 2412 531; x_wconf 78' lang='lat' dir='ltr'>quenter</span> <span class='ocrx_word' id='word_1_17' title='bbox 2441 459 2602 515; x_wconf 89' lang='lat' dir='ltr'>enim</span> <span class='ocrx_word' id='word_1_18' title='bbox 2635 477 2741 516; x_wconf 90' lang='lat' dir='ltr'>sua</span> <span class='ocrx_word' id='word_1_19' title='bbox 2772 462 3132 528; x_wconf 78' lang='lat' dir='ltr'>manifestat,</span> <span class='ocrx_word' id='word_1_20' title='bbox 3179 467 3237 517; x_wconf 88' lang='lat' dir='ltr'>et</span> <span class='ocrx_word' id='word_1_21' title='bbox 3292 462 3423 518; x_wconf 86' lang='lat' dir='ltr'>vide</span> <span class='ocrx_word' id='word_1_22' title='bbox 3473 464 3633 534; x_wconf 90' lang='lat' dir='ltr'>quod</span> <span class='ocrx_word' id='word_1_23' title='bbox 3681 444 3801 522; x_wconf 82' lang='lat' dir='ltr'>non</span> 
     </span>
    </p>
   </div>
   <div class='ocr_carea' id='block_1_6' title="bbox 384 542 2040 626">
    <p class='ocr_par' dir='ltr' id='par_1_6' title="bbox 384 542 2040 626">
     <span class='ocr_line' id='line_1_6' title="bbox 384 542 2040 626; baseline 0 -25"><span class='ocrx_word' id='word_1_24' title='bbox 384 544 520 601; x_wconf 72' lang='grc' dir='ltr'>Εἶτα</span> <span class='ocrx_word' id='word_1_25' title='bbox 563 542 717 621; x_wconf 77' lang='grc' dir='ltr'>λέγει</span> <span class='ocrx_word' id='word_1_26' title='bbox 771 544 862 600; x_wconf 84' lang='grc' dir='ltr'>καὶ</span> <span class='ocrx_word' id='word_1_27' title='bbox 917 544 1018 614; x_wconf 79' lang='grc' dir='ltr'>τήν</span> <span class='ocrx_word' id='word_1_28' title='bbox 1059 544 1257 602; x_wconf 74' lang='grc' dir='ltr'>αἰτίαν.</span> <span class='ocrx_word' id='word_1_29' title='bbox 1306 570 1334 597; x_wconf 87' lang='grc'>‹‹</span> <span class='ocrx_word' id='word_1_30' title='bbox 1370 547 1541 616; x_wconf 84' lang='grc' dir='ltr'>Διότι,</span> <span class='ocrx_word' id='word_1_31' title='bbox 1597 548 1782 626; x_wconf 76' lang='grc' dir='ltr'>φησὶν,</span> <span class='ocrx_word' id='word_1_32' title='bbox 1845 545 2040 621; x_wconf 75' lang='grc' dir='ltr'>ἐδίωξα</span> 
     </span>
    </p>
   </div>
   <div class='ocr_carea' id='block_1_7' title="bbox 386 632 2042 710">
    <p class='ocr_par' dir='ltr' id='par_1_7' title="bbox 386 632 2042 710">
     <span class='ocr_line' id='line_1_7' title="bbox 386 632 2042 710; baseline 0.002 -22"><span class='ocrx_word' id='word_1_33' title='bbox 386 635 484 702; x_wconf 78' lang='grc' dir='ltr'>τὴν</span> <span class='ocrx_word' id='word_1_34' title='bbox 517 632 849 705; x_wconf 79' lang='grc' dir='ltr'>Ἐκκλησίαν</span> <span class='ocrx_word' id='word_1_35' title='bbox 880 638 978 691; x_wconf 87' lang='grc' dir='ltr'>τοῦ</span> <span class='ocrx_word' id='word_1_36' title='bbox 1009 639 1163 692; x_wconf 86' lang='grc' dir='ltr'>Θεοῦ.</span> <span class='ocrx_word' id='word_1_37' title='bbox 1203 658 1225 688; x_wconf 72' lang='grc' dir='ltr'>ι</span> <span class='ocrx_word' id='word_1_38' title='bbox 1255 670 1327 679; x_wconf 90' lang='grc'>--</span> <span class='ocrx_word' id='word_1_39' title='bbox 1372 660 1400 688; x_wconf 90' lang='grc'>‹‹</span> <span class='ocrx_word' id='word_1_40' title='bbox 1429 638 1622 709; x_wconf 83' lang='grc' dir='ltr'>Χάριτι</span> <span class='ocrx_word' id='word_1_41' title='bbox 1681 635 1738 692; x_wconf 66' lang='grc' dir='ltr'>δὲ</span> <span class='ocrx_word' id='word_1_42' title='bbox 1767 641 1902 693; x_wconf 85' lang='grc' dir='ltr'>Θεοῦ</span> <span class='ocrx_word' id='word_1_43' title='bbox 1927 639 2042 710; x_wconf 76' lang='grc' dir='ltr'>εἰμι</span> 
     </span>
    </p>
   </div>
   <div class='ocr_carea' id='block_1_8' title="bbox 389 719 2042 802">
    <p class='ocr_par' dir='ltr' id='par_1_8' title="bbox 389 719 2042 802">
     <span class='ocr_line' id='line_1_8' title="bbox 389 719 2042 802; baseline 0.002 -24"><span class='ocrx_word' id='word_1_44' title='bbox 389 719 418 778; x_wconf 79' lang='grc' dir='ltr'>ὅ</span> <span class='ocrx_word' id='word_1_45' title='bbox 449 724 588 797; x_wconf 78' lang='grc' dir='ltr'>εἶμι.</span> <span class='ocrx_word' id='word_1_46' title='bbox 622 748 649 774; x_wconf 72' lang='grc' dir='ltr'>ιι</span> <span class='ocrx_word' id='word_1_47' title='bbox 681 727 823 799; x_wconf 84' lang='grc' dir='ltr'>’Όρα</span> <span class='ocrx_word' id='word_1_48' title='bbox 872 723 1318 802; x_wconf 61' lang='grc' dir='ltr'>εὐγνωμοσύνην</span> <span class='ocrx_word' id='word_1_49' title='bbox 1372 726 1438 781; x_wconf 80' lang='grc' dir='ltr'>τὰ</span> <span class='ocrx_word' id='word_1_50' title='bbox 1497 727 1592 798; x_wconf 80' lang='grc' dir='ltr'>μὶν</span> <span class='ocrx_word' id='word_1_51' title='bbox 1651 727 2042 800; x_wconf 75' lang='grc' dir='ltr'>ἁμαρτήματα,</span> 
     </span>
    </p>
   </div>
   <div class='ocr_carea' id='block_1_9' title="bbox 389 810 2044 890">
    <p class='ocr_par' dir='ltr' id='par_1_9' title="bbox 389 810 2044 890">
     <span class='ocr_line' id='line_1_9' title="bbox 389 810 2044 890; baseline 0.002 -24"><span class='ocrx_word' id='word_1_52' title='bbox 389 813 565 886; x_wconf 72' lang='grc' dir='ltr'>ἑαυτῷ</span> <span class='ocrx_word' id='word_1_53' title='bbox 592 811 1032 890; x_wconf 75' lang='grc' dir='ltr'>καταλογίζεται,</span> <span class='ocrx_word' id='word_1_54' title='bbox 1080 815 1148 869; x_wconf 69' lang='grc' dir='ltr'>τὰ</span> <span class='ocrx_word' id='word_1_55' title='bbox 1205 810 1262 869; x_wconf 74' lang='grc' dir='ltr'>δὲ</span> <span class='ocrx_word' id='word_1_56' title='bbox 1318 817 1740 889; x_wconf 76' lang='grc' dir='ltr'>κατορθώματα,</span> <span class='ocrx_word' id='word_1_57' title='bbox 1798 819 1868 889; x_wconf 78' lang='grc' dir='ltr'>τῇ</span> <span class='ocrx_word' id='word_1_58' title='bbox 1935 815 2044 890; x_wconf 85' lang='grc' dir='ltr'>χά-</span> 
     </span>
    </p>
   </div>
   <div class='ocr_carea' id='block_1_10' title="bbox 393 903 2045 980">
    <p class='ocr_par' dir='ltr' id='par_1_10' title="bbox 393 903 2045 980">
     <span class='ocr_line' id='line_1_10' title="bbox 393 903 2045 980; baseline 0.002 -25"><span class='ocrx_word' id='word_1_59' title='bbox 393 921 500 976; x_wconf 74' lang='grc' dir='ltr'>ριτι</span> <span class='ocrx_word' id='word_1_60' title='bbox 529 905 628 957; x_wconf 88' lang='grc' dir='ltr'>τοῦ</span> <span class='ocrx_word' id='word_1_61' title='bbox 665 905 798 957; x_wconf 87' lang='grc' dir='ltr'>Θεοῦ</span> <span class='ocrx_word' id='word_1_62' title='bbox 848 906 1151 973; x_wconf 84' lang='grc' dir='ltr'>ανατιθησι.</span> <span class='ocrx_word' id='word_1_63' title='bbox 1188 926 1217 955; x_wconf 76' lang='grc' dir='ltr'>ιι</span> <span class='ocrx_word' id='word_1_64' title='bbox 1258 904 1356 959; x_wconf 80' lang='grc' dir='ltr'>Καὶ</span> <span class='ocrx_word' id='word_1_65' title='bbox 1386 906 1421 975; x_wconf 76' lang='grc' dir='ltr'>ἡ</span> <span class='ocrx_word' id='word_1_66' title='bbox 1482 904 1645 980; x_wconf 83' lang='grc' dir='ltr'>χάρις</span> <span class='ocrx_word' id='word_1_67' title='bbox 1704 905 1870 959; x_wconf 82' lang='grc' dir='ltr'>αὐτοῦ</span> <span class='ocrx_word' id='word_1_68' title='bbox 1899 907 1935 973; x_wconf 76' lang='grc' dir='ltr'>ἡ</span> <span class='ocrx_word' id='word_1_69' title='bbox 1969 903 2045 967; x_wconf 77' lang='grc' dir='ltr'>εἰς</span> 
     </span>
    </p>
   </div>
   <div class='ocr_carea' id='block_1_11' title="bbox 389 989 2049 1067">
    <p class='ocr_par' dir='ltr' id='par_1_11' title="bbox 389 989 2049 1067">
     <span class='ocr_line' id='line_1_11' title="bbox 389 989 2049 1067; baseline 0.003 -23"><span class='ocrx_word' id='word_1_70' title='bbox 389 989 507 1063; x_wconf 76' lang='grc' dir='ltr'>ἐμὲ,</span> <span class='ocrx_word' id='word_1_71' title='bbox 563 990 625 1045; x_wconf 80' lang='grc' dir='ltr'>οὗ</span> <span class='ocrx_word' id='word_1_72' title='bbox 689 991 818 1059; x_wconf 84' lang='grc' dir='ltr'>κενὴ</span> <span class='ocrx_word' id='word_1_73' title='bbox 878 989 1127 1067; x_wconf 73' lang='grc' dir='ltr'>ἐγενήθη.</span> <span class='ocrx_word' id='word_1_74' title='bbox 1188 994 1289 1049; x_wconf 82' lang='grc' dir='ltr'>Καὶ</span> <span class='ocrx_word' id='word_1_75' title='bbox 1335 997 1497 1049; x_wconf 88' lang='grc' dir='ltr'>τοῦτο</span> <span class='ocrx_word' id='word_1_76' title='bbox 1566 995 1681 1066; x_wconf 80' lang='grc' dir='ltr'>μεθ’</span> <span class='ocrx_word' id='word_1_77' title='bbox 1734 991 2049 1063; x_wconf 69' lang='grc' dir='ltr'>ὑποπολής</span> 
     </span>
    </p>
   </div>
   <div class='ocr_carea' id='block_1_12' title="bbox 388 1078 2043 1158">
    <p class='ocr_par' dir='ltr' id='par_1_12' title="bbox 388 1078 2043 1158">
     <span class='ocr_line' id='line_1_12' title="bbox 388 1078 2043 1158; baseline 0.001 -23"><span class='ocrx_word' id='word_1_78' title='bbox 388 1082 558 1135; x_wconf 82' lang='grc' dir='ltr'>εἶπεν.</span> <span class='ocrx_word' id='word_1_79' title='bbox 619 1078 697 1137; x_wconf 58' lang='lat' dir='ltr'>Oti</span> <span class='ocrx_word' id='word_1_80' title='bbox 754 1080 856 1155; x_wconf 73' lang='grc' dir='ltr'>γὰρ</span> <span class='ocrx_word' id='word_1_81' title='bbox 915 1081 1081 1136; x_wconf 70' lang='grc' dir='ltr'>εἶπεν·</span> <span class='ocrx_word' id='word_1_82' title='bbox 1140 1082 1304 1151; x_wconf 58' lang='lat' dir='ltr'>&quot;Asia</span> <span class='ocrx_word' id='word_1_83' title='bbox 1368 1089 1472 1153; x_wconf 81' lang='grc' dir='ltr'>τῆς</span> <span class='ocrx_word' id='word_1_84' title='bbox 1539 1102 1770 1158; x_wconf 87' lang='grc' dir='ltr'>χαριτος</span> <span class='ocrx_word' id='word_1_85' title='bbox 1822 1080 2043 1156; x_wconf 77' lang='grc' dir='ltr'>ἔπραξα,</span> 
     </span>
    </p>
   </div>
   <div class='ocr_carea' id='block_1_13' title="bbox 390 1166 2046 1247">
    <p class='ocr_par' dir='ltr' id='par_1_13' title="bbox 390 1166 2046 1247">
     <span class='ocr_line' id='line_1_13' title="bbox 390 1166 2046 1247; baseline 0.001 -24"><span class='ocrx_word' id='word_1_86' title='bbox 390 1166 535 1226; x_wconf 86' lang='grc' dir='ltr'>ἀλλ’.</span> <span class='ocrx_word' id='word_1_87' title='bbox 593 1166 671 1226; x_wconf 85' lang='grc' dir='ltr'>Ού</span> <span class='ocrx_word' id='word_1_88' title='bbox 727 1176 949 1241; x_wconf 70' lang='grc' dir='ltr'>ματαία,</span> <span class='ocrx_word' id='word_1_89' title='bbox 1011 1170 1199 1243; x_wconf 81' lang='grc' dir='ltr'>φησὶν,</span> <span class='ocrx_word' id='word_1_90' title='bbox 1233 1172 1267 1239; x_wconf 79' lang='grc' dir='ltr'>ἡ</span> <span class='ocrx_word' id='word_1_91' title='bbox 1315 1171 1484 1246; x_wconf 75' lang='grc' dir='ltr'>’Χάρις</span> <span class='ocrx_word' id='word_1_92' title='bbox 1531 1170 1720 1247; x_wconf 74' lang='grc' dir='ltr'>εὑρέθη</span> <span class='ocrx_word' id='word_1_93' title='bbox 1786 1170 1836 1225; x_wconf 69' lang='grc' dir='ltr'>ἐν</span> <span class='ocrx_word' id='word_1_94' title='bbox 1896 1168 2046 1244; x_wconf 70' lang='grc' dir='ltr'>ἂμοί.</span> 
     </span>
    </p>
   </div>
   <div class='ocr_carea' id='block_1_14' title="bbox 392 1257 2053 1335">
    <p class='ocr_par' dir='ltr' id='par_1_14' title="bbox 392 1257 2053 1335">
     <span class='ocr_line' id='line_1_14' title="bbox 392 1257 2053 1335; baseline 0.001 -23"><span class='ocrx_word' id='word_1_95' title='bbox 392 1261 515 1318; x_wconf 85' lang='grc' dir='ltr'>Πῶς</span> <span class='ocrx_word' id='word_1_96' title='bbox 550 1258 714 1325; x_wconf 86' lang='grc' dir='ltr'>;“Ὀτι</span> <span class='ocrx_word' id='word_1_97' title='bbox 757 1257 998 1325; x_wconf 87' lang='grc' dir='ltr'>πάντων,</span> <span class='ocrx_word' id='word_1_98' title='bbox 1052 1258 1206 1335; x_wconf 75' lang='grc' dir='ltr'>φησί,</span> <span class='ocrx_word' id='word_1_99' title='bbox 1262 1264 1371 1314; x_wconf 90' lang='grc' dir='ltr'>τῶν</span> <span class='ocrx_word' id='word_1_100' title='bbox 1422 1258 1745 1315; x_wconf 78' lang='grc' dir='ltr'>ἀποστόλων</span> <span class='ocrx_word' id='word_1_101' title='bbox 1802 1257 2053 1335; x_wconf 84' lang='grc' dir='ltr'>περισσό-</span> 
     </span>
    </p>
   </div>
   <div class='ocr_carea' id='block_1_15' title="bbox 390 1344 2046 1425">
    <p class='ocr_par' dir='ltr' id='par_1_15' title="bbox 390 1344 2046 1425">
     <span class='ocr_line' id='line_1_15' title="bbox 390 1344 2046 1425; baseline 0.002 -26"><span class='ocrx_word' id='word_1_102' title='bbox 390 1366 547 1422; x_wconf 84' lang='grc' dir='ltr'>τερον</span> <span class='ocrx_word' id='word_1_103' title='bbox 600 1344 880 1403; x_wconf 73' lang='grc' dir='ltr'>ἐκοπίασα.</span> <span class='ocrx_word' id='word_1_104' title='bbox 939 1349 1080 1422; x_wconf 71' lang='lat' dir='ltr'>&quot;Ope:</span> <span class='ocrx_word' id='word_1_105' title='bbox 1141 1345 1198 1403; x_wconf 70' lang='grc' dir='ltr'>δὲ</span> <span class='ocrx_word' id='word_1_106' title='bbox 1255 1349 1347 1403; x_wconf 85' lang='grc' dir='ltr'>καὶ</span> <span class='ocrx_word' id='word_1_107' title='bbox 1413 1345 1521 1404; x_wconf 83' lang='grc' dir='ltr'>ὦδε</span> <span class='ocrx_word' id='word_1_108' title='bbox 1572 1354 1691 1411; x_wconf 91' lang='grc' dir='ltr'>πῶς</span> <span class='ocrx_word' id='word_1_109' title='bbox 1743 1347 2046 1425; x_wconf 68' lang='grc' dir='ltr'>ύιρειμὲνως</span> 
     </span>
    </p>
   </div>
   <div class='ocr_carea' id='block_1_16' title="bbox 391 1434 2052 1515">
    <p class='ocr_par' dir='ltr' id='par_1_16' title="bbox 391 1434 2052 1515">
     <span class='ocr_line' id='line_1_16' title="bbox 391 1434 2052 1515; baseline 0.001 -25"><span class='ocrx_word' id='word_1_110' title='bbox 391 1436 523 1491; x_wconf 80' lang='grc' dir='ltr'>αὑτὸ</span> <span class='ocrx_word' id='word_1_111' title='bbox 558 1434 808 1492; x_wconf 73' lang='grc' dir='ltr'>τέθεικεν.</span> <span class='ocrx_word' id='word_1_112' title='bbox 868 1436 943 1492; x_wconf 79' lang='grc' dir='ltr'>Ού</span> <span class='ocrx_word' id='word_1_113' title='bbox 1000 1436 1105 1511; x_wconf 75' lang='grc' dir='ltr'>γάρ</span> <span class='ocrx_word' id='word_1_114' title='bbox 1137 1439 1308 1507; x_wconf 80' lang='grc' dir='ltr'>εἶπεν,</span> <span class='ocrx_word' id='word_1_115' title='bbox 1348 1437 1762 1515; x_wconf 78' lang='grc' dir='ltr'>ἹΙγωνισάμην,</span> <span class='ocrx_word' id='word_1_116' title='bbox 1800 1436 1860 1507; x_wconf 72' lang='grc' dir='ltr'>ἢ,</span> <span class='ocrx_word' id='word_1_117' title='bbox 1894 1438 2052 1507; x_wconf 77' lang='grc' dir='ltr'>Ἑκή-</span> 
     </span>
    </p>
   </div>
   <div class='ocr_carea' id='block_1_17' title="bbox 394 1522 2046 1601">
    <p class='ocr_par' dir='ltr' id='par_1_17' title="bbox 394 1522 2046 1601">
     <span class='ocr_line' id='line_1_17' title="bbox 394 1522 2046 1601; baseline 0.001 -23"><span class='ocrx_word' id='word_1_118' title='bbox 394 1525 543 1601; x_wconf 81' lang='grc' dir='ltr'>ρυξα,</span> <span class='ocrx_word' id='word_1_119' title='bbox 601 1524 661 1594; x_wconf 73' lang='grc' dir='ltr'>ἢ,</span> <span class='ocrx_word' id='word_1_120' title='bbox 722 1522 1122 1595; x_wconf 82' lang='grc' dir='ltr'>Ἐκινδύνευσα,</span> <span class='ocrx_word' id='word_1_121' title='bbox 1170 1523 1319 1595; x_wconf 84' lang='grc' dir='ltr'>ἀλλ’,</span> <span class='ocrx_word' id='word_1_122' title='bbox 1382 1549 1410 1579; x_wconf 76' lang='grc' dir='ltr'>ι(</span> <span class='ocrx_word' id='word_1_123' title='bbox 1441 1524 1758 1597; x_wconf 76' lang='grc' dir='ltr'>Ἐκοπίασα,</span> <span class='ocrx_word' id='word_1_124' title='bbox 1793 1549 1821 1577; x_wconf 83' lang='grc'><strong>››</strong></span> <span class='ocrx_word' id='word_1_125' title='bbox 1876 1525 2046 1600; x_wconf 73' lang='grc' dir='ltr'>ταύτῃ</span> 
     </span>
    </p>
   </div>
   <div class='ocr_carea' id='block_1_18' title="bbox 392 1613 2050 1690">
    <p class='ocr_par' dir='ltr' id='par_1_18' title="bbox 392 1613 2050 1690">
     <span class='ocr_line' id='line_1_18' title="bbox 392 1613 2050 1690; baseline 0 -20"><span class='ocrx_word' id='word_1_126' title='bbox 392 1619 454 1670; x_wconf 81' lang='grc' dir='ltr'>τὸ</span> <span class='ocrx_word' id='word_1_127' title='bbox 540 1614 666 1689; x_wconf 83' lang='grc' dir='ltr'>περὶ</span> <span class='ocrx_word' id='word_1_128' title='bbox 739 1614 931 1669; x_wconf 71' lang='grc' dir='ltr'>ἑαυτοῦ</span> <span class='ocrx_word' id='word_1_129' title='bbox 998 1613 1278 1690; x_wconf 83' lang='grc' dir='ltr'>ἐγκώμιον</span> <span class='ocrx_word' id='word_1_130' title='bbox 1336 1614 1796 1689; x_wconf 80' lang='grc' dir='ltr'>ὑποτεμνόμενος.</span> <span class='ocrx_word' id='word_1_131' title='bbox 1854 1616 2050 1687; x_wconf 81' lang='grc' dir='ltr'>Ὅμως</span> 
     </span>
    </p>
   </div>
   <div class='ocr_carea' id='block_1_19' title="bbox 393 1700 2048 1780">
    <p class='ocr_par' dir='ltr' id='par_1_19' title="bbox 393 1700 2048 1780">
     <span class='ocr_line' id='line_1_19' title="bbox 393 1700 2048 1780; baseline -0.001 -22"><span class='ocrx_word' id='word_1_132' title='bbox 393 1700 477 1758; x_wconf 68' lang='grc' dir='ltr'>ἰπὶ</span> <span class='ocrx_word' id='word_1_133' title='bbox 513 1706 680 1757; x_wconf 75' lang='grc' dir='ltr'>ταῦτα</span> <span class='ocrx_word' id='word_1_134' title='bbox 709 1702 776 1758; x_wconf 75' lang='grc' dir='ltr'>τὰ</span> <span class='ocrx_word' id='word_1_135' title='bbox 816 1701 1040 1778; x_wconf 74' lang='grc' dir='ltr'>ῥήματα</span> <span class='ocrx_word' id='word_1_136' title='bbox 1070 1702 1118 1773; x_wconf 76' lang='grc' dir='ltr'>ἐξ</span> <span class='ocrx_word' id='word_1_137' title='bbox 1151 1703 1393 1778; x_wconf 82' lang='grc' dir='ltr'>ἀνάγκης</span> <span class='ocrx_word' id='word_1_138' title='bbox 1449 1701 1607 1772; x_wconf 79' lang='grc' dir='ltr'>ἦλθε.</span> <span class='ocrx_word' id='word_1_139' title='bbox 1676 1708 1768 1759; x_wconf 82' lang='grc' dir='ltr'>Δεῖ</span> <span class='ocrx_word' id='word_1_140' title='bbox 1822 1702 1923 1780; x_wconf 78' lang='grc' dir='ltr'>γὰρ</span> <span class='ocrx_word' id='word_1_141' title='bbox 1954 1704 2048 1759; x_wconf 87' lang='grc' dir='ltr'>τὸν</span> 
     </span>
    </p>
   </div>
   <div class='ocr_carea' id='block_1_20' title="bbox 397 1789 2126 1885">
    <p class='ocr_par' dir='ltr' id='par_1_20' title="bbox 397 1789 2126 1885">
     <span class='ocr_line' id='line_1_20' title="bbox 397 1789 2126 1885; baseline 0.001 -38"><span class='ocrx_word' id='word_1_142' title='bbox 397 1789 722 1885; x_wconf 56' lang='grc' dir='ltr'>διδάσκαλον</span> <span class='ocrx_word' id='word_1_143' title='bbox 755 1791 1101 1885; x_wconf 37' lang='grc' dir='ltr'>ἀξιόπιστον-</span> <span class='ocrx_word' id='word_1_144' title='bbox 1137 1792 1295 1885; x_wconf 77' lang='grc' dir='ltr'>εἶναι.</span> <span class='ocrx_word' id='word_1_145' title='bbox 1364 1791 1480 1885; x_wconf 64' lang='grc' dir='ltr'>ρύκ</span> <span class='ocrx_word' id='word_1_146' title='bbox 1527 1792 1644 1885; x_wconf 55' lang='grc' dir='ltr'>⁸ἀγιῖυ</span> <span class='ocrx_word' id='word_1_147' title='bbox 1704 1791 1793 1885; x_wconf 65' lang='grc' dir='ltr'>δὲ,</span> <span class='ocrx_word' id='word_1_148' title='bbox 1844 1791 1972 1885; x_wconf 80' lang='grc' dir='ltr'>ἀλλ’</span> <span class='ocrx_word' id='word_1_149' title='bbox 2011 1795 2047 1862; x_wconf 81' lang='grc' dir='ltr'>ἠ</span> <span class='ocrx_word' id='word_1_150' title='bbox 2080 1820 2126 1885; x_wconf 78' lang='grc' dir='ltr'>Β</span> 
     </span>
    </p>
   </div>
   <div class='ocr_carea' id='block_1_21' title="bbox 396 1879 2046 1957">
    <p class='ocr_par' dir='ltr' id='par_1_21' title="bbox 396 1879 2046 1957">
     <span class='ocr_line' id='line_1_21' title="bbox 396 1879 2046 1957; baseline 0.002 -23"><span class='ocrx_word' id='word_1_151' title='bbox 396 1879 558 1955; x_wconf 84' lang='grc' dir='ltr'>χάρις</span> <span class='ocrx_word' id='word_1_152' title='bbox 584 1884 681 1934; x_wconf 89' lang='grc' dir='ltr'>τοῦ</span> <span class='ocrx_word' id='word_1_153' title='bbox 730 1884 861 1936; x_wconf 85' lang='grc' dir='ltr'>Θεοῦ</span> <span class='ocrx_word' id='word_1_154' title='bbox 892 1883 926 1950; x_wconf 82' lang='grc' dir='ltr'><strong>ἠ</strong></span> <span class='ocrx_word' id='word_1_155' title='bbox 963 1879 1056 1936; x_wconf 81' lang='grc' dir='ltr'>σὺν</span> <span class='ocrx_word' id='word_1_156' title='bbox 1085 1880 1232 1954; x_wconf 75' lang='grc' dir='ltr'>ἐμοί.</span> <span class='ocrx_word' id='word_1_157' title='bbox 1268 1902 1292 1934; x_wconf 71' lang='grc' dir='ltr'><strong><em>ι</em></strong></span> <span class='ocrx_word' id='word_1_158' title='bbox 1328 1880 1458 1936; x_wconf 76' lang='grc' dir='ltr'>Εἶτα</span> <span class='ocrx_word' id='word_1_159' title='bbox 1514 1880 1715 1957; x_wconf 80' lang='grc' dir='ltr'>ὥσπερ⁶</span> <span class='ocrx_word' id='word_1_160' title='bbox 1771 1880 2046 1944; x_wconf 81' lang='grc' dir='ltr'>δειλιάσας</span> 
     </span>
    </p>
   </div>
   <div class='ocr_carea' id='block_1_22' title="bbox 401 1969 2049 2047">
    <p class='ocr_par' dir='ltr' id='par_1_22' title="bbox 401 1969 2049 2047">
     <span class='ocr_line' id='line_1_22' title="bbox 401 1969 2049 2047; baseline 0.001 -21"><span class='ocrx_word' id='word_1_161' title='bbox 401 1972 478 2044; x_wconf 83' lang='grc' dir='ltr'>μὴ</span> <span class='ocrx_word' id='word_1_162' title='bbox 512 1969 658 2042; x_wconf 78' lang='grc' dir='ltr'>αὐτῷ</span> <span class='ocrx_word' id='word_1_163' title='bbox 704 1972 766 2027; x_wconf 89' lang='grc' dir='ltr'>τὸ</span> <span class='ocrx_word' id='word_1_164' title='bbox 818 1972 1152 2047; x_wconf 83' lang='grc' dir='ltr'>κατόρθωμα</span> <span class='ocrx_word' id='word_1_165' title='bbox 1181 1971 1438 2046; x_wconf 80' lang='grc' dir='ltr'>λογισθῇ,</span> <span class='ocrx_word' id='word_1_166' title='bbox 1471 1971 1559 2028; x_wconf 77' lang='grc' dir='ltr'>ἐπὶ</span> <span class='ocrx_word' id='word_1_167' title='bbox 1613 1974 1714 2042; x_wconf 85' lang='grc' dir='ltr'>τὴν</span> <span class='ocrx_word' id='word_1_168' title='bbox 1770 1971 1868 2029; x_wconf 82' lang='grc' dir='ltr'>τοῦ</span> <span class='ocrx_word' id='word_1_169' title='bbox 1910 1977 2049 2029; x_wconf 86' lang='grc' dir='ltr'>Θεοῦ</span> 
     </span>
    </p>
   </div>
   <div class='ocr_carea' id='block_1_23' title="bbox 401 2057 2048 2139">
    <p class='ocr_par' dir='ltr' id='par_1_23' title="bbox 401 2057 2048 2139">
     <span class='ocr_line' id='line_1_23' title="bbox 401 2057 2048 2139; baseline 0.002 -27"><span class='ocrx_word' id='word_1_170' title='bbox 401 2059 562 2139; x_wconf 82' lang='grc' dir='ltr'>χάριν</span> <span class='ocrx_word' id='word_1_171' title='bbox 597 2057 728 2114; x_wconf 80' lang='grc' dir='ltr'>αὐτὸ</span> <span class='ocrx_word' id='word_1_172' title='bbox 779 2059 1117 2132; x_wconf 83' lang='grc' dir='ltr'>ἀνατίθησιν.</span> <span class='ocrx_word' id='word_1_173' title='bbox 1153 2084 1181 2112; x_wconf 79' lang='grc' dir='ltr'>ι(</span> <span class='ocrx_word' id='word_1_174' title='bbox 1214 2059 1343 2116; x_wconf 73' lang='grc' dir='ltr'><strong>Εἴτε</strong></span> <span class='ocrx_word' id='word_1_175' title='bbox 1391 2062 1489 2116; x_wconf 83' lang='grc' dir='ltr'>οὗν</span> <span class='ocrx_word' id='word_1_176' title='bbox 1548 2059 1682 2136; x_wconf 80' lang='grc' dir='ltr'>ἐγὼ,</span> <span class='ocrx_word' id='word_1_177' title='bbox 1741 2060 1850 2118; x_wconf 68' lang='grc' dir='ltr'>εἴτε</span> <span class='ocrx_word' id='word_1_178' title='bbox 1911 2061 2048 2118; x_wconf 78' lang='grc' dir='ltr'>ἐκεῖ·</span> 
     </span>
    </p>
   </div>
   <div class='ocr_carea' id='block_1_24' title="bbox 396 2147 2051 2226">
    <p class='ocr_par' dir='ltr' id='par_1_24' title="bbox 396 2147 2051 2226">
     <span class='ocr_line' id='line_1_24' title="bbox 396 2147 2051 2226; baseline 0.004 -27"><span class='ocrx_word' id='word_1_179' title='bbox 396 2167 502 2202; x_wconf 87' lang='grc' dir='ltr'>νοι.</span> <span class='ocrx_word' id='word_1_180' title='bbox 540 2171 568 2197; x_wconf 91' lang='grc'><strong>››</strong></span> <span class='ocrx_word' id='word_1_181' title='bbox 622 2148 1068 2222; x_wconf 71' lang='grc' dir='ltr'>Ὀμοφωνοῦμεν,</span> <span class='ocrx_word' id='word_1_182' title='bbox 1128 2147 1314 2226; x_wconf 75' lang='grc' dir='ltr'>φησὶν,</span> <span class='ocrx_word' id='word_1_183' title='bbox 1384 2148 1616 2211; x_wconf 78' lang='grc' dir='ltr'>ἅπαντες</span> <span class='ocrx_word' id='word_1_184' title='bbox 1672 2149 1797 2226; x_wconf 87' lang='grc' dir='ltr'>περὶ</span> <span class='ocrx_word' id='word_1_185' title='bbox 1854 2151 1918 2205; x_wconf 85' lang='grc' dir='ltr'>τὸ</span> <span class='ocrx_word' id='word_1_186' title='bbox 1955 2152 2051 2222; x_wconf 71' lang='grc' dir='ltr'>κη·-</span> 
     </span>
    </p>
   </div>
   <div class='ocr_carea' id='block_1_25' title="bbox 399 2235 2050 2313">
    <p class='ocr_par' dir='ltr' id='par_1_25' title="bbox 399 2235 2050 2313">
     <span class='ocr_line' id='line_1_25' title="bbox 399 2235 2050 2313; baseline 0.002 -23"><span class='ocrx_word' id='word_1_187' title='bbox 399 2256 601 2313; x_wconf 75' lang='grc' dir='ltr'>ρυγμα.</span> <span class='ocrx_word' id='word_1_188' title='bbox 638 2237 737 2291; x_wconf 79' lang='grc' dir='ltr'>Καὶ</span> <span class='ocrx_word' id='word_1_189' title='bbox 769 2237 869 2292; x_wconf 81' lang='grc' dir='ltr'>οὐκ</span> <span class='ocrx_word' id='word_1_190' title='bbox 921 2237 1086 2293; x_wconf 73' lang='grc' dir='ltr'>εἶπεν*</span> <span class='ocrx_word' id='word_1_191' title='bbox 1122 2237 1187 2294; x_wconf 80' lang='grc' dir='ltr'><strong>Εἰ</strong></span> <span class='ocrx_word' id='word_1_192' title='bbox 1222 2237 1299 2311; x_wconf 77' lang='grc' dir='ltr'>μὴ</span> <span class='ocrx_word' id='word_1_193' title='bbox 1355 2235 1481 2312; x_wconf 76' lang='grc' dir='ltr'>ἐμοὶ</span> <span class='ocrx_word' id='word_1_194' title='bbox 1540 2238 1850 2311; x_wconf 86' lang='grc' dir='ltr'>πιστεύητε,</span> <span class='ocrx_word' id='word_1_195' title='bbox 1911 2237 2050 2295; x_wconf 76' lang='grc' dir='ltr'>ἐκεί⁸</span> 
     </span>
    </p>
   </div>
   <div class='ocr_carea' id='block_1_26' title="bbox 398 2324 2053 2403">
    <p class='ocr_par' dir='ltr' id='par_1_26' title="bbox 398 2324 2053 2403">
     <span class='ocr_line' id='line_1_26' title="bbox 398 2324 2053 2403; baseline 0.002 -24"><span class='ocrx_word' id='word_1_196' title='bbox 398 2346 517 2386; x_wconf 90' lang='grc' dir='ltr'>νοις</span> <span class='ocrx_word' id='word_1_197' title='bbox 602 2325 880 2398; x_wconf 81' lang='grc' dir='ltr'>πείσθητε.</span> <span class='ocrx_word' id='word_1_198' title='bbox 967 2324 1296 2397; x_wconf 78' lang='grc' dir='ltr'>Ἐξευτὲλιζε</span> <span class='ocrx_word' id='word_1_199' title='bbox 1373 2327 1476 2403; x_wconf 71' lang='grc' dir='ltr'>γὰρ</span> <span class='ocrx_word' id='word_1_200' title='bbox 1545 2327 1754 2399; x_wconf 66' lang='grc' dir='ltr'>ἑαυτὸν,</span> <span class='ocrx_word' id='word_1_201' title='bbox 1807 2329 1895 2383; x_wconf 85' lang='grc' dir='ltr'>καὶ</span> <span class='ocrx_word' id='word_1_202' title='bbox 1955 2327 2053 2383; x_wconf 82' lang='grc' dir='ltr'>οὐκ</span> 
     </span>
    </p>
   </div>
   <div class='ocr_carea' id='block_1_27' title="bbox 399 2412 2052 2496">
    <p class='ocr_par' dir='ltr' id='par_1_27' title="bbox 399 2412 2052 2496">
     <span class='ocr_line' id='line_1_27' title="bbox 399 2412 2052 2496; baseline 0.002 -28"><span class='ocrx_word' id='word_1_203' title='bbox 399 2414 706 2484; x_wconf 80' lang='grc' dir='ltr'>ἀξιόπιστον</span> <span class='ocrx_word' id='word_1_204' title='bbox 767 2415 1015 2492; x_wconf 76' lang='grc' dir='ltr'>μάρτυρα</span> <span class='ocrx_word' id='word_1_205' title='bbox 1102 2420 1201 2485; x_wconf 84' lang='grc' dir='ltr'>τῆς</span> <span class='ocrx_word' id='word_1_206' title='bbox 1275 2412 1537 2485; x_wconf 78' lang='grc' dir='ltr'>ἀληθείας</span> <span class='ocrx_word' id='word_1_207' title='bbox 1588 2416 1778 2472; x_wconf 70' lang='grc' dir='ltr'>ἑαυτὸν</span> <span class='ocrx_word' id='word_1_208' title='bbox 1828 2415 2052 2496; x_wconf 72' lang='grc' dir='ltr'>ἀπέφαι-</span> 
     </span>
    </p>
   </div>
   <div class='ocr_carea' id='block_1_28' title="bbox 396 2502 2050 2579">
    <p class='ocr_par' dir='ltr' id='par_1_28' title="bbox 396 2502 2050 2579">
     <span class='ocr_line' id='line_1_28' title="bbox 396 2502 2050 2579; baseline 0.002 -22"><span class='ocrx_word' id='word_1_209' title='bbox 396 2524 506 2560; x_wconf 90' lang='grc' dir='ltr'>νεν.</span> <span class='ocrx_word' id='word_1_210' title='bbox 550 2502 728 2561; x_wconf 80' lang='grc' dir='ltr'>Ἀλλὰ</span> <span class='ocrx_word' id='word_1_211' title='bbox 784 2504 838 2559; x_wconf 86' lang='grc' dir='ltr'>τί</span> <span class='ocrx_word' id='word_1_212' title='bbox 906 2502 1100 2578; x_wconf 72' lang='grc' dir='ltr'>λὲγεις</span> <span class='ocrx_word' id='word_1_213' title='bbox 1159 2507 1585 2579; x_wconf 74' lang='grc' dir='ltr'>Σμμφωνοῦμεν</span> <span class='ocrx_word' id='word_1_214' title='bbox 1641 2506 1888 2568; x_wconf 81' lang='grc' dir='ltr'>ἅπαντες.</span> <span class='ocrx_word' id='word_1_215' title='bbox 1952 2505 2050 2561; x_wconf 81' lang='grc' dir='ltr'>Καὶ</span> 
     </span>
    </p>
   </div>
   <div class='ocr_carea' id='block_1_29' title="bbox 396 2591 2049 2671">
    <p class='ocr_par' dir='ltr' id='par_1_29' title="bbox 396 2591 2049 2671">
     <span class='ocr_line' id='line_1_29' title="bbox 396 2591 2049 2671; baseline 0.002 -25"><span class='ocrx_word' id='word_1_216' title='bbox 396 2596 475 2664; x_wconf 83' lang='grc' dir='ltr'>τῷ</span> <span class='ocrx_word' id='word_1_217' title='bbox 505 2592 693 2652; x_wconf 77' lang='grc' dir='ltr'>εἶπεῖν,</span> <span class='ocrx_word' id='word_1_218' title='bbox 756 2615 785 2643; x_wconf 75' lang='grc' dir='ltr'>ιι</span> <span class='ocrx_word' id='word_1_219' title='bbox 818 2591 1197 2671; x_wconf 81' lang='grc' dir='ltr'>Κηρύσσομεν,</span> <span class='ocrx_word' id='word_1_220' title='bbox 1242 2616 1271 2644; x_wconf 82' lang='grc'><strong>››</strong></span> <span class='ocrx_word' id='word_1_221' title='bbox 1299 2593 1363 2647; x_wconf 88' lang='grc' dir='ltr'>τὸ</span> <span class='ocrx_word' id='word_1_222' title='bbox 1394 2591 1598 2665; x_wconf 78' lang='grc' dir='ltr'>ἀληθὶς</span> <span class='ocrx_word' id='word_1_223' title='bbox 1636 2598 1745 2649; x_wconf 88' lang='grc' dir='ltr'>τῶν</span> <span class='ocrx_word' id='word_1_224' title='bbox 1803 2592 2049 2671; x_wconf 71' lang='grc' dir='ltr'>λεγομε-</span> 
     </span>
    </p>
   </div>
   <div class='ocr_carea' id='block_1_30' title="bbox 394 2670 2049 2760">
    <p class='ocr_par' dir='ltr' id='par_1_30' title="bbox 394 2670 2049 2760">
     <span class='ocr_line' id='line_1_30' title="bbox 394 2670 2049 2760; baseline 0.001 -23"><span class='ocrx_word' id='word_1_225' title='bbox 394 2704 500 2737; x_wconf 90' lang='grc' dir='ltr'>νων</span> <span class='ocrx_word' id='word_1_226' title='bbox 554 2683 903 2758; x_wconf 83' lang='grc' dir='ltr'>παρίστησιν.</span> <span class='ocrx_word' id='word_1_227' title='bbox 967 2670 1045 2739; x_wconf 67' lang='lat' dir='ltr'>Oti</span> <span class='ocrx_word' id='word_1_228' title='bbox 1100 2683 1205 2759; x_wconf 80' lang='grc' dir='ltr'>γὰρ</span> <span class='ocrx_word' id='word_1_229' title='bbox 1243 2679 1296 2739; x_wconf 78' lang='grc' dir='ltr'>ἔν</span> <span class='ocrx_word' id='word_1_230' title='bbox 1340 2679 1670 2760; x_wconf 76' lang='grc' dir='ltr'>παραϐύστῳ</span> <span class='ocrx_word' id='word_1_231' title='bbox 1698 2683 1787 2739; x_wconf 82' lang='grc' dir='ltr'>καὶ</span> <span class='ocrx_word' id='word_1_232' title='bbox 1842 2670 1893 2739; x_wconf 77' lang='grc' dir='ltr'>ἐν</span> <span class='ocrx_word' id='word_1_233' title='bbox 1940 2707 2049 2759; x_wconf 84' lang='grc' dir='ltr'>γω-</span> 
     </span>
    </p>
   </div>
   <div class='ocr_carea' id='block_1_31' title="bbox 398 2768 2048 2850">
    <p class='ocr_par' dir='ltr' id='par_1_31' title="bbox 398 2768 2048 2850">
     <span class='ocr_line' id='line_1_31' title="bbox 398 2768 2048 2850; baseline 0.004 -26"><span class='ocrx_word' id='word_1_234' title='bbox 398 2771 483 2842; x_wconf 79' lang='grc' dir='ltr'>νίᾳ</span> <span class='ocrx_word' id='word_1_235' title='bbox 511 2768 788 2846; x_wconf 73' lang='grc' dir='ltr'>λαλοῦμεν</span> <span class='ocrx_word' id='word_1_236' title='bbox 820 2771 1201 2847; x_wconf 73' lang='grc' dir='ltr'>περὶτούτων,</span> <span class='ocrx_word' id='word_1_237' title='bbox 1236 2770 1383 2828; x_wconf 81' lang='grc' dir='ltr'>ἀλλά</span> <span class='ocrx_word' id='word_1_238' title='bbox 1437 2776 1681 2850; x_wconf 77' lang='grc' dir='ltr'>φανερῶς</span> <span class='ocrx_word' id='word_1_239' title='bbox 1738 2771 1844 2835; x_wconf 64' lang='grc' dir='ltr'>ἕως</span> <span class='ocrx_word' id='word_1_240' title='bbox 1903 2773 2048 2847; x_wconf 73' lang='grc' dir='ltr'>ἄρτι.</span> 
     </span>
    </p>
   </div>
   <div class='ocr_carea' id='block_1_32' title="bbox 398 2858 2049 2938">
    <p class='ocr_par' dir='ltr' id='par_1_32' title="bbox 398 2858 2049 2938">
     <span class='ocr_line' id='line_1_32' title="bbox 398 2858 2049 2938; baseline 0.001 -21"><span class='ocrx_word' id='word_1_241' title='bbox 398 2862 578 2917; x_wconf 87' lang='grc' dir='ltr'>Τοῦτο</span> <span class='ocrx_word' id='word_1_242' title='bbox 635 2860 742 2936; x_wconf 80' lang='grc' dir='ltr'>γὰρ</span> <span class='ocrx_word' id='word_1_243' title='bbox 802 2861 864 2915; x_wconf 87' lang='grc' dir='ltr'>τὸ</span> <span class='ocrx_word' id='word_1_244' title='bbox 941 2861 1364 2936; x_wconf 82' lang='grc' dir='ltr'>κηρυσσόμενον.</span> <span class='ocrx_word' id='word_1_245' title='bbox 1447 2862 1548 2919; x_wconf 83' lang='grc' dir='ltr'>Καὶ</span> <span class='ocrx_word' id='word_1_246' title='bbox 1611 2858 1806 2932; x_wconf 74' lang='grc' dir='ltr'>οὕτως,</span> <span class='ocrx_word' id='word_1_247' title='bbox 1866 2864 2049 2938; x_wconf 74' lang='grc' dir='ltr'>φησῖν,</span> 
     </span>
    </p>
   </div>
   <div class='ocr_carea' id='block_1_33' title="bbox 399 2947 2049 3022">
    <p class='ocr_par' dir='ltr' id='par_1_33' title="bbox 399 2947 2049 3022">
     <span class='ocr_line' id='line_1_33' title="bbox 399 2947 2049 3022; baseline 0.002 -19"><span class='ocrx_word' id='word_1_248' title='bbox 399 2947 749 3005; x_wconf 74' lang='grc' dir='ltr'>ἐπιστεύσατε</span> <span class='ocrx_word' id='word_1_249' title='bbox 782 2949 920 3022; x_wconf 84' lang='grc' dir='ltr'>μετᾶ</span> <span class='ocrx_word' id='word_1_250' title='bbox 945 2954 1053 3005; x_wconf 87' lang='grc' dir='ltr'>τῶν</span> <span class='ocrx_word' id='word_1_251' title='bbox 1087 2948 1297 3019; x_wconf 76' lang='grc' dir='ltr'>ἄλλων,</span> <span class='ocrx_word' id='word_1_252' title='bbox 1326 2950 1418 3006; x_wconf 79' lang='grc' dir='ltr'>καὶ</span> <span class='ocrx_word' id='word_1_253' title='bbox 1451 2950 1618 3022; x_wconf 73' lang='grc' dir='ltr'>αὐτὴν</span> <span class='ocrx_word' id='word_1_254' title='bbox 1669 2952 1769 3021; x_wconf 76' lang='grc' dir='ltr'>τὴν</span> <span class='ocrx_word' id='word_1_255' title='bbox 1832 2951 2049 3009; x_wconf 79' lang='grc' dir='ltr'>ἐκείνων</span> 
     </span>
    </p>
   </div>
   <div class='ocr_carea' id='block_1_34' title="bbox 400 3038 2051 3118">
    <p class='ocr_par' dir='ltr' id='par_1_34' title="bbox 400 3038 2051 3118">
     <span class='ocr_line' id='line_1_34' title="bbox 400 3038 2051 3118; baseline 0.003 -25"><span class='ocrx_word' id='word_1_256' title='bbox 400 3039 583 3096; x_wconf 87' lang='grc' dir='ltr'>πίστιν</span> <span class='ocrx_word' id='word_1_257' title='bbox 636 3038 796 3095; x_wconf 83' lang='grc' dir='ltr'>καλεῖ</span> <span class='ocrx_word' id='word_1_258' title='bbox 873 3040 1117 3116; x_wconf 84' lang='grc' dir='ltr'>μάρτυρα</span> <span class='ocrx_word' id='word_1_259' title='bbox 1170 3047 1273 3110; x_wconf 80' lang='grc' dir='ltr'>τῆς</span> <span class='ocrx_word' id='word_1_260' title='bbox 1326 3039 1607 3111; x_wconf 86' lang='grc' dir='ltr'>ἀληθείας.</span> <span class='ocrx_word' id='word_1_261' title='bbox 1669 3043 1749 3100; x_wconf 83' lang='grc' dir='ltr'>Οὐ</span> <span class='ocrx_word' id='word_1_262' title='bbox 1805 3044 1906 3118; x_wconf 81' lang='grc' dir='ltr'>γὰρ</span> <span class='ocrx_word' id='word_1_263' title='bbox 1968 3042 2051 3114; x_wconf 80' lang='grc' dir='ltr'>ἅν,</span> 
     </span>
    </p>
   </div>
   <div class='ocr_carea' id='block_1_35' title="bbox 402 3127 2125 3235">
    <p class='ocr_par' dir='ltr' id='par_1_35' title="bbox 402 3127 2125 3235">
     <span class='ocr_line' id='line_1_35' title="bbox 402 3127 2125 3235; baseline 0.001 -52"><span class='ocrx_word' id='word_1_264' title='bbox 402 3128 566 3204; x_wconf 66' lang='grc' dir='ltr'>ῳησὶν</span> <span class='ocrx_word' id='word_1_265' title='bbox 619 3128 811 3191; x_wconf 81' lang='grc' dir='ltr'>ἁπλῶς</span> <span class='ocrx_word' id='word_1_266' title='bbox 893 3128 1241 3185; x_wconf 69' lang='grc' dir='ltr'>ἐπιστεύσατε</span> <span class='ocrx_word' id='word_1_267' title='bbox 1307 3127 1501 3204; x_wconf 87' lang='grc' dir='ltr'>λόγοις</span> <span class='ocrx_word' id='word_1_268' title='bbox 1555 3128 1905 3204; x_wconf 75' lang='grc' dir='ltr'>ἐψευσμένοις</span> <span class='ocrx_word' id='word_1_269' title='bbox 1960 3129 2050 3185; x_wconf 83' lang='grc' dir='ltr'>καὶ</span> <span class='ocrx_word' id='word_1_270' title='bbox 2079 3170 2125 3235; x_wconf 77' lang='lat' dir='ltr'>c</span> 
     </span>
     <span class='ocr_line' id='line_1_36' title="bbox 412 3215 1786 3235; baseline 0 0"><span class='ocrx_word' id='word_1_271' title='bbox 412 3216 428 3235; x_wconf 78' lang='grc'>,</span> <span class='ocrx_word' id='word_1_272' title='bbox 589 3217 609 3235; x_wconf 54' lang='grc' dir='ltr'><strong>κ</strong></span> <span class='ocrx_word' id='word_1_273' title='bbox 658 3223 682 3235; x_wconf 80' lang='grc'>,.</span> <span class='ocrx_word' id='word_1_274' title='bbox 794 3217 808 3235; x_wconf 86' lang='grc'>.</span> <span class='ocrx_word' id='word_1_275' title='bbox 905 3220 918 3235; x_wconf 91' lang='lat'>.</span> <span class='ocrx_word' id='word_1_276' title='bbox 961 3218 976 3235; x_wconf 74' lang='grc' dir='ltr'>ι</span> <span class='ocrx_word' id='word_1_277' title='bbox 1067 3218 1079 3235; x_wconf 90' lang='grc'><strong><em>,</em></strong></span> <span class='ocrx_word' id='word_1_278' title='bbox 1122 3228 1140 3235; x_wconf 84' lang='lat'>-</span> <span class='ocrx_word' id='word_1_279' title='bbox 1315 3215 1361 3235; x_wconf 58' lang='grc' dir='ltr'>,κ</span> <span class='ocrx_word' id='word_1_280' title='bbox 1425 3224 1487 3235; x_wconf 75' lang='lat'>--</span> <span class='ocrx_word' id='word_1_281' title='bbox 1564 3219 1593 3235; x_wconf 66' lang='grc' dir='ltr'><strong>ν</strong></span> <span class='ocrx_word' id='word_1_282' title='bbox 1774 3219 1786 3235; x_wconf 82' lang='grc'>.</span> 
     </span>
    </p>
   </div>
   <div class='ocr_carea' id='block_1_36' title="bbox 402 3215 2053 3292">
    <p class='ocr_par' dir='ltr' id='par_1_36' title="bbox 402 3215 2053 3292">
     <span class='ocr_line' id='line_1_37' title="bbox 402 3215 2053 3292; baseline 0.001 -20"><span class='ocrx_word' id='word_1_283' title='bbox 402 3216 734 3289; x_wconf 80' lang='grc' dir='ltr'>ἀπατηλοῖς,</span> <span class='ocrx_word' id='word_1_284' title='bbox 767 3217 811 3272; x_wconf 80' lang='grc' dir='ltr'>εί</span> <span class='ocrx_word' id='word_1_285' title='bbox 852 3220 928 3291; x_wconf 78' lang='grc' dir='ltr'>μὴ</span> <span class='ocrx_word' id='word_1_286' title='bbox 961 3218 1248 3288; x_wconf 66' lang='grc' dir='ltr'>ἐπείσθητε</span> <span class='ocrx_word' id='word_1_287' title='bbox 1305 3215 1488 3287; x_wconf 82' lang='grc' dir='ltr'>ἀληθῆ</span> <span class='ocrx_word' id='word_1_288' title='bbox 1540 3219 1676 3272; x_wconf 76' lang='grc' dir='ltr'>εἶναι</span> <span class='ocrx_word' id='word_1_289' title='bbox 1730 3219 1796 3273; x_wconf 79' lang='grc' dir='ltr'>τά</span> <span class='ocrx_word' id='word_1_290' title='bbox 1853 3240 2053 3292; x_wconf 83' lang='grc' dir='ltr'>κηρυσ-</span> 
     </span>
    </p>
   </div>
   <div class='ocr_carea' id='block_1_37' title="bbox 404 3305 620 3379">
    <p class='ocr_par' dir='ltr' id='par_1_37' title="bbox 404 3305 620 3379">
     <span class='ocr_line' id='line_1_38' title="bbox 404 3305 620 3379; baseline 0.005 -18"><span class='ocrx_word' id='word_1_291' title='bbox 404 3305 464 3361; x_wconf 92' lang='grc' dir='ltr'>σό</span> <span class='ocrx_word' id='word_1_292' title='bbox 473 3327 600 3379; x_wconf 86' lang='grc' dir='ltr'>μενα</span> <span class='ocrx_word' id='word_1_293' title='bbox 608 3350 620 3362; x_wconf 89' lang='grc'>.</span> 
     </span>
    </p>
   </div>
   <div class='ocr_carea' id='block_1_38' title="bbox 473 3393 2051 3472">
    <p class='ocr_par' dir='ltr' id='par_1_38' title="bbox 473 3393 2051 3472">
     <span class='ocr_line' id='line_1_39' title="bbox 473 3393 2051 3472; baseline -0.003 -18"><span class='ocrx_word' id='word_1_294' title='bbox 473 3420 501 3447; x_wconf 72' lang='grc' dir='ltr'>«ι</span> <span class='ocrx_word' id='word_1_295' title='bbox 535 3396 600 3453; x_wconf 78' lang='lat' dir='ltr'>El</span> <span class='ocrx_word' id='word_1_296' title='bbox 632 3393 688 3451; x_wconf 74' lang='grc' dir='ltr'>δὲ</span> <span class='ocrx_word' id='word_1_297' title='bbox 739 3396 972 3472; x_wconf 85' lang='grc' dir='ltr'>Χριστὸς</span> <span class='ocrx_word' id='word_1_298' title='bbox 1015 3393 1345 3469; x_wconf 84' lang='grc' dir='ltr'>κηρύσσεται</span> <span class='ocrx_word' id='word_1_299' title='bbox 1413 3394 1498 3449; x_wconf 83' lang='grc' dir='ltr'>ὅτι</span> <span class='ocrx_word' id='word_1_300' title='bbox 1546 3395 1607 3451; x_wconf 66' lang='grc' dir='ltr'>ἔκ</span> <span class='ocrx_word' id='word_1_301' title='bbox 1663 3401 1865 3472; x_wconf 80' lang='grc' dir='ltr'>νεκρῶν</span> <span class='ocrx_word' id='word_1_302' title='bbox 1917 3396 2051 3471; x_wconf 66' lang='grc' dir='ltr'>ἐγή-</span> 
     </span>
    </p>
   </div>
   <div class='ocr_carea' id='block_1_39' title="bbox 407 3482 2053 3560">
    <p class='ocr_par' dir='ltr' id='par_1_39' title="bbox 407 3482 2053 3560">
     <span class='ocr_line' id='line_1_40' title="bbox 407 3482 2053 3560; baseline -0.001 -19"><span class='ocrx_word' id='word_1_303' title='bbox 407 3504 594 3560; x_wconf 82' lang='grc' dir='ltr'>γερται</span> <span class='ocrx_word' id='word_1_304' title='bbox 629 3527 645 3555; x_wconf 87' lang='grc'>,</span> <span class='ocrx_word' id='word_1_305' title='bbox 710 3489 829 3547; x_wconf 90' lang='grc' dir='ltr'>πῶς</span> <span class='ocrx_word' id='word_1_306' title='bbox 897 3483 1118 3558; x_wconf 70' lang='grc' dir='ltr'>λέγουσί</span> <span class='ocrx_word' id='word_1_307' title='bbox 1178 3504 1320 3549; x_wconf 85' lang='grc' dir='ltr'>τινες</span> <span class='ocrx_word' id='word_1_308' title='bbox 1369 3483 1422 3538; x_wconf 75' lang='grc' dir='ltr'>ἐν</span> <span class='ocrx_word' id='word_1_309' title='bbox 1481 3484 1627 3557; x_wconf 82' lang='grc' dir='ltr'>ὑμῖν,</span> <span class='ocrx_word' id='word_1_310' title='bbox 1686 3482 1770 3540; x_wconf 72' lang='grc' dir='ltr'>ὅτι</span> <span class='ocrx_word' id='word_1_311' title='bbox 1822 3484 2053 3540; x_wconf 79' lang='grc' dir='ltr'>ἀνάσταο</span> 
     </span>
    </p>
   </div>
   <div class='ocr_carea' id='block_1_40' title="bbox 404 3570 2051 3651">
    <p class='ocr_par' dir='ltr' id='par_1_40' title="bbox 404 3570 2051 3651">
     <span class='ocr_line' id='line_1_41' title="bbox 404 3570 2051 3651; baseline 0 -22"><span class='ocrx_word' id='word_1_312' title='bbox 404 3594 488 3635; x_wconf 89' lang='grc' dir='ltr'>σις</span> <span class='ocrx_word' id='word_1_313' title='bbox 543 3579 750 3649; x_wconf 80' lang='grc' dir='ltr'>νεκρῶν</span> <span class='ocrx_word' id='word_1_314' title='bbox 807 3573 905 3629; x_wconf 78' lang='grc' dir='ltr'>οὐκ</span> <span class='ocrx_word' id='word_1_315' title='bbox 956 3572 1149 3641; x_wconf 72' lang='grc' dir='ltr'>ἔστινς</span> <span class='ocrx_word' id='word_1_316' title='bbox 1209 3573 1256 3629; x_wconf 81' lang='grc' dir='ltr'>εἷ</span> <span class='ocrx_word' id='word_1_317' title='bbox 1342 3570 1399 3629; x_wconf 70' lang='grc' dir='ltr'>δὲ</span> <span class='ocrx_word' id='word_1_318' title='bbox 1489 3573 1776 3636; x_wconf 80' lang='grc' dir='ltr'>ἀνάστασις</span> <span class='ocrx_word' id='word_1_319' title='bbox 1851 3578 2051 3651; x_wconf 83' lang='grc' dir='ltr'>νεκρῶν</span> 
     </span>
    </p>
   </div>
   <div class='ocr_carea' id='block_1_41' title="bbox 404 3658 2055 3739">
    <p class='ocr_par' dir='ltr' id='par_1_41' title="bbox 404 3658 2055 3739">
     <span class='ocr_line' id='line_1_42' title="bbox 404 3658 2055 3739; baseline -0.001 -20"><span class='ocrx_word' id='word_1_320' title='bbox 404 3663 506 3719; x_wconf 76' lang='grc' dir='ltr'>οὐκ</span> <span class='ocrx_word' id='word_1_321' title='bbox 568 3658 713 3719; x_wconf 72' lang='grc' dir='ltr'>ἔστιν</span> <span class='ocrx_word' id='word_1_322' title='bbox 747 3705 762 3730; x_wconf 91' lang='grc'>,</span> <span class='ocrx_word' id='word_1_323' title='bbox 825 3659 949 3718; x_wconf 70' lang='grc' dir='ltr'>οὐδὲ</span> <span class='ocrx_word' id='word_1_324' title='bbox 1000 3662 1235 3737; x_wconf 87' lang='grc' dir='ltr'>Χριστὸς</span> <span class='ocrx_word' id='word_1_325' title='bbox 1288 3659 1607 3739; x_wconf 75' lang='grc' dir='ltr'>ἔγήγερται.</span> <span class='ocrx_word' id='word_1_326' title='bbox 1671 3663 1738 3720; x_wconf 81' lang='grc' dir='ltr'>Εἰ</span> <span class='ocrx_word' id='word_1_327' title='bbox 1798 3660 1853 3718; x_wconf 77' lang='grc' dir='ltr'>δὲ</span> <span class='ocrx_word' id='word_1_328' title='bbox 1919 3664 2055 3739; x_wconf 86' lang='grc' dir='ltr'>Χρι-</span> 
     </span>
    </p>
   </div>
   <div class='ocr_carea' id='block_1_42' title="bbox 406 3748 2055 3828">
    <p class='ocr_par' dir='ltr' id='par_1_42' title="bbox 406 3748 2055 3828">
     <span class='ocr_line' id='line_1_43' title="bbox 406 3748 2055 3828; baseline 0 -21"><span class='ocrx_word' id='word_1_329' title='bbox 406 3751 528 3813; x_wconf 86' lang='grc' dir='ltr'>στὸς</span> <span class='ocrx_word' id='word_1_330' title='bbox 580 3750 684 3806; x_wconf 78' lang='grc' dir='ltr'>οὐκ</span> <span class='ocrx_word' id='word_1_331' title='bbox 765 3748 1081 3828; x_wconf 72' lang='grc' dir='ltr'>ὶγήγερται,</span> <span class='ocrx_word' id='word_1_332' title='bbox 1158 3751 1311 3807; x_wconf 84' lang='grc' dir='ltr'>κενὸν</span> <span class='ocrx_word' id='word_1_333' title='bbox 1379 3750 1481 3827; x_wconf 76' lang='grc' dir='ltr'>ἄρα</span> <span class='ocrx_word' id='word_1_334' title='bbox 1538 3752 1625 3806; x_wconf 85' lang='grc' dir='ltr'>καὶ</span> <span class='ocrx_word' id='word_1_335' title='bbox 1686 3752 1749 3808; x_wconf 85' lang='grc' dir='ltr'>τὸ</span> <span class='ocrx_word' id='word_1_336' title='bbox 1792 3753 2055 3828; x_wconf 76' lang='grc' dir='ltr'>κήρυγμα</span> 
     </span>
    </p>
   </div>
   <div class='ocr_carea' id='block_1_43' title="bbox 407 3836 2058 3916">
    <p class='ocr_par' dir='ltr' id='par_1_43' title="bbox 407 3836 2058 3916">
     <span class='ocr_line' id='line_1_44' title="bbox 407 3836 2058 3916; baseline 0.001 -22"><span class='ocrx_word' id='word_1_337' title='bbox 407 3841 592 3914; x_wconf 79' lang='grc' dir='ltr'>ἡμῶν,</span> <span class='ocrx_word' id='word_1_338' title='bbox 651 3842 774 3910; x_wconf 73' lang='grc' dir='ltr'>κενή</span> <span class='ocrx_word' id='word_1_339' title='bbox 833 3836 892 3896; x_wconf 70' lang='grc' dir='ltr'>δὲ</span> <span class='ocrx_word' id='word_1_340' title='bbox 936 3841 1025 3896; x_wconf 84' lang='grc' dir='ltr'>καὶ</span> <span class='ocrx_word' id='word_1_341' title='bbox 1084 3843 1118 3911; x_wconf 79' lang='grc' dir='ltr'>ἡ</span> <span class='ocrx_word' id='word_1_342' title='bbox 1168 3842 1353 3902; x_wconf 89' lang='grc' dir='ltr'>πίστις</span> <span class='ocrx_word' id='word_1_343' title='bbox 1421 3842 1607 3912; x_wconf 75' lang='grc' dir='ltr'>ἡμῶν.</span> <span class='ocrx_word' id='word_1_344' title='bbox 1677 3839 2058 3916; x_wconf 81' lang='grc' dir='ltr'>Εύρισκόμεθα</span> 
     </span>
    </p>
   </div>
   <div class='ocr_carea' id='block_1_44' title="bbox 406 3924 2061 4006">
    <p class='ocr_par' dir='ltr' id='par_1_44' title="bbox 406 3924 2061 4006">
     <span class='ocr_line' id='line_1_45' title="bbox 406 3924 2061 4006; baseline 0.002 -24"><span class='ocrx_word' id='word_1_345' title='bbox 406 3924 463 3983; x_wconf 60' lang='grc' dir='ltr'>δὲ</span> <span class='ocrx_word' id='word_1_346' title='bbox 534 3928 624 3983; x_wconf 82' lang='grc' dir='ltr'>καὶ</span> <span class='ocrx_word' id='word_1_347' title='bbox 703 3925 1145 4005; x_wconf 80' lang='grc' dir='ltr'>ψευδομάρτυρες</span> <span class='ocrx_word' id='word_1_348' title='bbox 1222 3934 1322 3985; x_wconf 79' lang='grc' dir='ltr'>τοῦ</span> <span class='ocrx_word' id='word_1_349' title='bbox 1403 3932 1537 3985; x_wconf 82' lang='grc' dir='ltr'>Θεοῦ</span> <span class='ocrx_word' id='word_1_350' title='bbox 1580 3973 1595 4000; x_wconf 92' lang='grc'>,</span> <span class='ocrx_word' id='word_1_351' title='bbox 1673 3928 1757 3985; x_wconf 79' lang='grc' dir='ltr'>ὅτι</span> <span class='ocrx_word' id='word_1_352' title='bbox 1831 3928 2061 4006; x_wconf 68' lang='grc' dir='ltr'>ἐμαρτυ-</span> 
     </span>
    </p>
   </div>
   <div class='ocr_carea' id='block_1_45' title="bbox 406 4019 2060 4097">
    <p class='ocr_par' dir='ltr' id='par_1_45' title="bbox 406 4019 2060 4097">
     <span class='ocr_line' id='line_1_46' title="bbox 406 4019 2060 4097; baseline 0.003 -25"><span class='ocrx_word' id='word_1_353' title='bbox 406 4019 649 4092; x_wconf 71' lang='grc' dir='ltr'>ρήσαμεν</span> <span class='ocrx_word' id='word_1_354' title='bbox 722 4020 857 4075; x_wconf 85' lang='grc' dir='ltr'>κατὰ</span> <span class='ocrx_word' id='word_1_355' title='bbox 929 4024 1028 4076; x_wconf 88' lang='grc' dir='ltr'>τοῦ</span> <span class='ocrx_word' id='word_1_356' title='bbox 1103 4024 1259 4087; x_wconf 75' lang='grc' dir='ltr'>Θεοῦ,</span> <span class='ocrx_word' id='word_1_357' title='bbox 1335 4021 1418 4075; x_wconf 75' lang='grc' dir='ltr'>ὅτι</span> <span class='ocrx_word' id='word_1_358' title='bbox 1495 4020 1686 4097; x_wconf 74' lang='grc' dir='ltr'>ἤγειρε</span> <span class='ocrx_word' id='word_1_359' title='bbox 1758 4022 1852 4075; x_wconf 87' lang='grc' dir='ltr'>τὸν</span> <span class='ocrx_word' id='word_1_360' title='bbox 1926 4027 2060 4097; x_wconf 81' lang='grc' dir='ltr'>Χρι-</span> 
     </span>
    </p>
   </div>
   <div class='ocr_carea' id='block_1_46' title="bbox 408 4105 2060 4186">
    <p class='ocr_par' dir='ltr' id='par_1_46' title="bbox 408 4105 2060 4186">
     <span class='ocr_line' id='line_1_47' title="bbox 408 4105 2060 4186; baseline 0.002 -26"><span class='ocrx_word' id='word_1_361' title='bbox 408 4107 531 4161; x_wconf 81' lang='grc' dir='ltr'>στὸν</span> <span class='ocrx_word' id='word_1_362' title='bbox 590 4107 650 4161; x_wconf 86' lang='grc' dir='ltr'>’ὸν</span> <span class='ocrx_word' id='word_1_363' title='bbox 709 4106 809 4162; x_wconf 79' lang='grc' dir='ltr'>οὐκ</span> <span class='ocrx_word' id='word_1_364' title='bbox 862 4105 1103 4184; x_wconf 75' lang='grc' dir='ltr'>ἤγειρεν,</span> <span class='ocrx_word' id='word_1_365' title='bbox 1160 4107 1312 4181; x_wconf 70' lang='grc' dir='ltr'>εἴπερ</span> <span class='ocrx_word' id='word_1_366' title='bbox 1371 4106 1474 4183; x_wconf 78' lang='grc' dir='ltr'>ἄρα</span> <span class='ocrx_word' id='word_1_367' title='bbox 1529 4108 1711 4184; x_wconf 86' lang='grc' dir='ltr'>νεκροὶ</span> <span class='ocrx_word' id='word_1_368' title='bbox 1770 4107 1871 4164; x_wconf 81' lang='grc' dir='ltr'>οὐκ</span> <span class='ocrx_word' id='word_1_369' title='bbox 1928 4107 2060 4186; x_wconf 76' lang='grc' dir='ltr'>ἒγεί-</span> 
     </span>
    </p>
   </div>
   <div class='ocr_carea' id='block_1_47' title="bbox 409 4213 671 4270">
    <p class='ocr_par' dir='ltr' id='par_1_47' title="bbox 409 4213 671 4270">
     <span class='ocr_line' id='line_1_48' title="bbox 409 4213 671 4270; baseline 0 -20"><span class='ocrx_word' id='word_1_370' title='bbox 409 4213 614 4270; x_wconf 85' lang='grc' dir='ltr'>ρονται.</span> <span class='ocrx_word' id='word_1_371' title='bbox 643 4218 671 4245; x_wconf 73' lang='grc'>))</span> 
     </span>
    </p>
   </div>
   <div class='ocr_carea' id='block_1_48' title="bbox 478 4281 2060 4363">
    <p class='ocr_par' dir='ltr' id='par_1_48' title="bbox 478 4281 2060 4363">
     <span class='ocr_line' id='line_1_49' title="bbox 478 4281 2060 4363; baseline 0.001 -23"><span class='ocrx_word' id='word_1_372' title='bbox 478 4283 710 4359; x_wconf 78' lang='grc' dir='ltr'>Ἀριστα</span> <span class='ocrx_word' id='word_1_373' title='bbox 738 4282 1125 4360; x_wconf 81' lang='grc' dir='ltr'>συλλογίζεται</span> <span class='ocrx_word' id='word_1_374' title='bbox 1153 4281 1365 4346; x_wconf 70' lang='grc' dir='ltr'>αὐτοὺς.</span> <span class='ocrx_word' id='word_1_375' title='bbox 1415 4281 1732 4355; x_wconf 78' lang='grc' dir='ltr'>Ἀποδείξας</span> <span class='ocrx_word' id='word_1_376' title='bbox 1794 4286 1895 4363; x_wconf 79' lang='grc' dir='ltr'>γὰρ</span> <span class='ocrx_word' id='word_1_377' title='bbox 1925 4285 2060 4361; x_wconf 85' lang='grc' dir='ltr'>πρό-</span> 
     </span>
    </p>
   </div>
   <div class='ocr_carea' id='block_1_49' title="bbox 404 4370 2060 4450">
    <p class='ocr_par' dir='ltr' id='par_1_49' title="bbox 404 4370 2060 4450">
     <span class='ocr_line' id='line_1_50' title="bbox 404 4370 2060 4450; baseline 0.001 -25"><span class='ocrx_word' id='word_1_378' title='bbox 404 4392 560 4448; x_wconf 82' lang='grc' dir='ltr'>τερον</span> <span class='ocrx_word' id='word_1_379' title='bbox 593 4371 676 4426; x_wconf 83' lang='grc' dir='ltr'>ὁτι</span> <span class='ocrx_word' id='word_1_380' title='bbox 704 4372 936 4446; x_wconf 81' lang='grc' dir='ltr'>Χριστὸς</span> <span class='ocrx_word' id='word_1_381' title='bbox 965 4370 1270 4447; x_wconf 74' lang='grc' dir='ltr'>ἐγήγερται,</span> <span class='ocrx_word' id='word_1_382' title='bbox 1320 4370 1381 4426; x_wconf 73' lang='grc' dir='ltr'>ἐκ</span> <span class='ocrx_word' id='word_1_383' title='bbox 1434 4379 1535 4442; x_wconf 79' lang='grc' dir='ltr'>τῆς</span> <span class='ocrx_word' id='word_1_384' title='bbox 1585 4373 1753 4428; x_wconf 80' lang='grc' dir='ltr'>αὐτοῦ</span> <span class='ocrx_word' id='word_1_385' title='bbox 1801 4371 2060 4450; x_wconf 78' lang='grc' dir='ltr'>ἒγὲρσεως</span> 
     </span>
    </p>
   </div>
   <div class='ocr_carea' id='block_1_50' title="bbox 403 4459 2063 4531">
    <p class='ocr_par' dir='ltr' id='par_1_50' title="bbox 403 4459 2063 4531">
     <span class='ocr_line' id='line_1_51' title="bbox 403 4459 2063 4531; baseline 0.002 -18"><span class='ocrx_word' id='word_1_386' title='bbox 403 4462 494 4514; x_wconf 85' lang='grc' dir='ltr'>καί</span> <span class='ocrx_word' id='word_1_387' title='bbox 548 4461 647 4530; x_wconf 77' lang='grc' dir='ltr'>τήν</span> <span class='ocrx_word' id='word_1_388' title='bbox 733 4462 922 4528; x_wconf 70' lang='grc' dir='ltr'>κοινὴν</span> <span class='ocrx_word' id='word_1_389' title='bbox 994 4460 1285 4516; x_wconf 77' lang='grc' dir='ltr'>ἀνάστασιν</span> <span class='ocrx_word' id='word_1_390' title='bbox 1344 4459 1750 4531; x_wconf 82' lang='grc' dir='ltr'>κατασκευάζει,</span> <span class='ocrx_word' id='word_1_391' title='bbox 1805 4462 1880 4523; x_wconf 86' lang='grc' dir='ltr'>ὡς</span> <span class='ocrx_word' id='word_1_392' title='bbox 1938 4459 2063 4517; x_wconf 81' lang='grc' dir='ltr'>ἒπο-</span> 
     </span>
    </p>
   </div>
   <div class='ocr_carea' id='block_1_51' title="bbox 2149 547 3804 625">
    <p class='ocr_par' dir='ltr' id='par_1_51' title="bbox 2149 547 3804 625">
     <span class='ocr_line' id='line_1_52' title="bbox 2149 547 3804 625; baseline 0.004 -23"><span class='ocrx_word' id='word_1_393' title='bbox 2149 547 2367 603; x_wconf 84' lang='lat' dir='ltr'>dixerit</span> <span class='ocrx_word' id='word_1_394' title='bbox 2396 547 2710 604; x_wconf 88' lang='lat' dir='ltr'>duodecim</span> <span class='ocrx_word' id='word_1_395' title='bbox 2740 554 2994 617; x_wconf 89' lang='lat' dir='ltr'>tantum,</span> <span class='ocrx_word' id='word_1_396' title='bbox 3028 550 3131 607; x_wconf 90' lang='lat' dir='ltr'>sed</span> <span class='ocrx_word' id='word_1_397' title='bbox 3162 556 3222 605; x_wconf 90' lang='lat' dir='ltr'>et</span> <span class='ocrx_word' id='word_1_398' title='bbox 3250 552 3520 607; x_wconf 89' lang='lat' dir='ltr'>omnium</span> <span class='ocrx_word' id='word_1_399' title='bbox 3561 561 3804 625; x_wconf 86' lang='lat' dir='ltr'>aposto-</span> 
     </span>
    </p>
   </div>
   <div class='ocr_carea' id='block_1_52' title="bbox 2150 635 3801 713">
    <p class='ocr_par' dir='ltr' id='par_1_52' title="bbox 2150 635 3801 713">
     <span class='ocr_line' id='line_1_53' title="bbox 2150 635 3801 713; baseline 0.004 -23"><span class='ocrx_word' id='word_1_400' title='bbox 2150 635 2365 691; x_wconf 86' lang='lat' dir='ltr'>lorum.</span> <span class='ocrx_word' id='word_1_401' title='bbox 2383 636 2601 693; x_wconf 85' lang='lat' dir='ltr'>Deinde</span> <span class='ocrx_word' id='word_1_402' title='bbox 2622 637 2840 693; x_wconf 89' lang='lat' dir='ltr'>dicitet</span> <span class='ocrx_word' id='word_1_403' title='bbox 2855 656 3126 695; x_wconf 82' lang='lat' dir='ltr'>causam:</span> <span class='ocrx_word' id='word_1_404' title='bbox 3156 663 3183 691; x_wconf 84' lang='lat'><strong>«</strong></span> <span class='ocrx_word' id='word_1_405' title='bbox 3212 642 3551 711; x_wconf 77' lang='lat' dir='ltr'>Propterea,</span> <span class='ocrx_word' id='word_1_406' title='bbox 3584 642 3801 713; x_wconf 81' lang='lat' dir='ltr'>inquit,</span> 
     </span>
    </p>
   </div>
   <div class='ocr_carea' id='block_1_53' title="bbox 2151 726 3803 798">
    <p class='ocr_par' dir='ltr' id='par_1_53' title="bbox 2151 726 3803 798">
     <span class='ocr_line' id='line_1_54' title="bbox 2151 726 3803 798; baseline 0.004 -17"><span class='ocrx_word' id='word_1_407' title='bbox 2151 726 2310 798; x_wconf 91' lang='lat' dir='ltr'>quod</span> <span class='ocrx_word' id='word_1_408' title='bbox 2339 733 2688 798; x_wconf 83' lang='lat' dir='ltr'>persecutus</span> <span class='ocrx_word' id='word_1_409' title='bbox 2722 728 2833 783; x_wconf 90' lang='lat' dir='ltr'>sim</span> <span class='ocrx_word' id='word_1_410' title='bbox 2863 729 3185 785; x_wconf 88' lang='lat' dir='ltr'>Ecclesiam</span> <span class='ocrx_word' id='word_1_411' title='bbox 3250 731 3366 785; x_wconf 86' lang='lat' dir='ltr'>Dei.</span> <span class='ocrx_word' id='word_1_412' title='bbox 3437 753 3465 781; x_wconf 87' lang='grc'><strong>››</strong></span> <span class='ocrx_word' id='word_1_413' title='bbox 3524 762 3593 771; x_wconf 89' lang='grc'><strong>-</strong></span> <span class='ocrx_word' id='word_1_414' title='bbox 3637 752 3661 783; x_wconf 71' lang='grc' dir='ltr'>ε</span> <span class='ocrx_word' id='word_1_415' title='bbox 3693 732 3803 787; x_wconf 89' lang='lat' dir='ltr'>Sed</span> 
     </span>
    </p>
   </div>
   <div class='ocr_carea' id='block_1_54' title="bbox 2150 815 3802 888">
    <p class='ocr_par' dir='ltr' id='par_1_54' title="bbox 2150 815 3802 888">
     <span class='ocr_line' id='line_1_55' title="bbox 2150 815 3802 888; baseline 0.003 -19"><span class='ocrx_word' id='word_1_416' title='bbox 2150 815 2340 888; x_wconf 88' lang='lat' dir='ltr'>gratia</span> <span class='ocrx_word' id='word_1_417' title='bbox 2368 816 2470 871; x_wconf 90' lang='lat' dir='ltr'>Dei</span> <span class='ocrx_word' id='word_1_418' title='bbox 2504 832 2639 871; x_wconf 90' lang='lat' dir='ltr'>sum</span> <span class='ocrx_word' id='word_1_419' title='bbox 2670 815 2732 871; x_wconf 90' lang='lat' dir='ltr'>id</span> <span class='ocrx_word' id='word_1_420' title='bbox 2762 817 2921 888; x_wconf 92' lang='lat' dir='ltr'>quod</span> <span class='ocrx_word' id='word_1_421' title='bbox 2955 834 3106 873; x_wconf 90' lang='lat' dir='ltr'>sum.</span> <span class='ocrx_word' id='word_1_422' title='bbox 3159 841 3187 867; x_wconf 88' lang='lat'>»</span> <span class='ocrx_word' id='word_1_423' title='bbox 3244 820 3567 875; x_wconf 83' lang='lat' dir='ltr'>Considera</span> <span class='ocrx_word' id='word_1_424' title='bbox 3617 820 3802 875; x_wconf 88' lang='lat' dir='ltr'>animi</span> 
     </span>
    </p>
   </div>
   <div class='ocr_carea' id='block_1_55' title="bbox 2153 901 3803 977">
    <p class='ocr_par' dir='ltr' id='par_1_55' title="bbox 2153 901 3803 977">
     <span class='ocr_line' id='line_1_56' title="bbox 2153 901 3803 977; baseline 0.004 -20"><span class='ocrx_word' id='word_1_425' title='bbox 2153 901 2619 976; x_wconf 89' lang='lat' dir='ltr'>gratitudinem:</span> <span class='ocrx_word' id='word_1_426' title='bbox 2651 910 2892 975; x_wconf 89' lang='lat' dir='ltr'>peccata</span> <span class='ocrx_word' id='word_1_427' title='bbox 2922 907 3162 977; x_wconf 87' lang='lat' dir='ltr'>quidem</span> <span class='ocrx_word' id='word_1_428' title='bbox 3218 907 3374 963; x_wconf 89' lang='lat' dir='ltr'>inter</span> <span class='ocrx_word' id='word_1_429' title='bbox 3432 925 3538 964; x_wconf 86' lang='lat' dir='ltr'>sua</span> <span class='ocrx_word' id='word_1_430' title='bbox 3573 925 3803 964; x_wconf 84' lang='lat' dir='ltr'>connu-</span> 
     </span>
    </p>
   </div>
   <div class='ocr_carea' id='block_1_56' title="bbox 2153 991 3803 1068">
    <p class='ocr_par' dir='ltr' id='par_1_56' title="bbox 2153 991 3803 1068">
     <span class='ocr_line' id='line_1_57' title="bbox 2153 991 3803 1068; baseline 0.004 -23"><span class='ocrx_word' id='word_1_431' title='bbox 2153 996 2368 1059; x_wconf 89' lang='lat' dir='ltr'>merat,</span> <span class='ocrx_word' id='word_1_432' title='bbox 2400 991 2637 1064; x_wconf 80' lang='lat' dir='ltr'>egregia</span> <span class='ocrx_word' id='word_1_433' title='bbox 2664 1010 2800 1048; x_wconf 90' lang='lat' dir='ltr'>vero</span> <span class='ocrx_word' id='word_1_434' title='bbox 2827 994 3092 1050; x_wconf 80' lang='lat' dir='ltr'>facinora</span> <span class='ocrx_word' id='word_1_435' title='bbox 3117 997 3317 1068; x_wconf 76' lang='lat' dir='ltr'>gratim</span> <span class='ocrx_word' id='word_1_436' title='bbox 3356 996 3456 1051; x_wconf 86' lang='lat' dir='ltr'>Dei</span> <span class='ocrx_word' id='word_1_437' title='bbox 3513 997 3803 1060; x_wconf 81' lang='lat' dir='ltr'>attribuit,</span> 
     </span>
    </p>
   </div>
   <div class='ocr_carea' id='block_1_57' title="bbox 2155 1082 3801 1156">
    <p class='ocr_par' dir='ltr' id='par_1_57' title="bbox 2155 1082 3801 1156">
     <span class='ocr_line' id='line_1_58' title="bbox 2155 1082 3801 1156; baseline 0.004 -21"><span class='ocrx_word' id='word_1_438' title='bbox 2155 1102 2183 1130; x_wconf 91' lang='grc'>‹‹</span> <span class='ocrx_word' id='word_1_439' title='bbox 2207 1083 2277 1136; x_wconf 86' lang='lat' dir='ltr'>Et</span> <span class='ocrx_word' id='word_1_440' title='bbox 2295 1082 2485 1155; x_wconf 88' lang='lat' dir='ltr'>gratia</span> <span class='ocrx_word' id='word_1_441' title='bbox 2507 1084 2636 1156; x_wconf 81' lang='lat' dir='ltr'>ejus</span> <span class='ocrx_word' id='word_1_442' title='bbox 2658 1100 2789 1155; x_wconf 62' lang='lat' dir='ltr'>quae</span> <span class='ocrx_word' id='word_1_443' title='bbox 2810 1084 2886 1139; x_wconf 90' lang='lat' dir='ltr'>ad</span> <span class='ocrx_word' id='word_1_444' title='bbox 2908 1101 3001 1139; x_wconf 89' lang='lat' dir='ltr'>me</span> <span class='ocrx_word' id='word_1_445' title='bbox 3024 1085 3184 1139; x_wconf 81' lang='lat' dir='ltr'>venit</span> <span class='ocrx_word' id='word_1_446' title='bbox 3204 1102 3322 1140; x_wconf 90' lang='lat' dir='ltr'>non</span> <span class='ocrx_word' id='word_1_447' title='bbox 3356 1086 3469 1140; x_wconf 88' lang='lat' dir='ltr'>fuit</span> <span class='ocrx_word' id='word_1_448' title='bbox 3522 1086 3739 1142; x_wconf 90' lang='lat' dir='ltr'>inanis.</span> <span class='ocrx_word' id='word_1_449' title='bbox 3774 1107 3801 1135; x_wconf 74' lang='grc' dir='ltr'><strong>η</strong></span> 
     </span>
    </p>
   </div>
   <div class='ocr_carea' id='block_1_58' title="bbox 2154 1170 3800 1240">
    <p class='ocr_par' dir='ltr' id='par_1_58' title="bbox 2154 1170 3800 1240">
     <span class='ocr_line' id='line_1_59' title="bbox 2154 1170 3800 1240; baseline 0.003 -16"><span class='ocrx_word' id='word_1_450' title='bbox 2154 1170 2225 1224; x_wconf 88' lang='lat' dir='ltr'>Et</span> <span class='ocrx_word' id='word_1_451' title='bbox 2246 1170 2357 1226; x_wconf 91' lang='lat' dir='ltr'>hoc</span> <span class='ocrx_word' id='word_1_452' title='bbox 2378 1187 2514 1227; x_wconf 90' lang='lat' dir='ltr'>cum</span> <span class='ocrx_word' id='word_1_453' title='bbox 2537 1171 2935 1228; x_wconf 89' lang='lat' dir='ltr'>submissione</span> <span class='ocrx_word' id='word_1_454' title='bbox 2958 1173 3124 1229; x_wconf 83' lang='lat' dir='ltr'>dixit.</span> <span class='ocrx_word' id='word_1_455' title='bbox 3142 1173 3266 1229; x_wconf 83' lang='lat' dir='ltr'>Non</span> <span class='ocrx_word' id='word_1_456' title='bbox 3309 1174 3468 1229; x_wconf 91' lang='lat' dir='ltr'>enim</span> <span class='ocrx_word' id='word_1_457' title='bbox 3510 1174 3630 1229; x_wconf 87' lang='lat' dir='ltr'>ait:</span> <span class='ocrx_word' id='word_1_458' title='bbox 3663 1175 3800 1240; x_wconf 77' lang='lat' dir='ltr'>Quae</span> 
     </span>
    </p>
   </div>
   <div class='ocr_carea' id='block_1_59' title="bbox 2154 1260 3805 1333">
    <p class='ocr_par' dir='ltr' id='par_1_59' title="bbox 2154 1260 3805 1333">
     <span class='ocr_line' id='line_1_60' title="bbox 2154 1260 3805 1333; baseline 0.003 -19"><span class='ocrx_word' id='word_1_459' title='bbox 2154 1260 2343 1332; x_wconf 84' lang='lat' dir='ltr'>gratia</span> <span class='ocrx_word' id='word_1_460' title='bbox 2363 1261 2461 1315; x_wconf 91' lang='lat' dir='ltr'>Dei</span> <span class='ocrx_word' id='word_1_461' title='bbox 2481 1260 2657 1333; x_wconf 77' lang='lat' dir='ltr'>digna</span> <span class='ocrx_word' id='word_1_462' title='bbox 2673 1261 2934 1317; x_wconf 84' lang='lat' dir='ltr'>suntfeci</span> <span class='ocrx_word' id='word_1_463' title='bbox 2959 1262 3094 1328; x_wconf 91' lang='lat' dir='ltr'>;sed</span> <span class='ocrx_word' id='word_1_464' title='bbox 3134 1263 3330 1319; x_wconf 81' lang='lat' dir='ltr'>Gratia</span> <span class='ocrx_word' id='word_1_465' title='bbox 3374 1265 3474 1319; x_wconf 89' lang='lat' dir='ltr'>Dei</span> <span class='ocrx_word' id='word_1_466' title='bbox 3506 1280 3626 1319; x_wconf 91' lang='lat' dir='ltr'>non</span> <span class='ocrx_word' id='word_1_467' title='bbox 3655 1281 3805 1319; x_wconf 86' lang='lat' dir='ltr'>vana</span> 
     </span>
    </p>
   </div>
   <div class='ocr_carea' id='block_1_60' title="bbox 2157 1348 3804 1425">
    <p class='ocr_par' dir='ltr' id='par_1_60' title="bbox 2157 1348 3804 1425">
     <span class='ocr_line' id='line_1_61' title="bbox 2157 1348 3804 1425; baseline 0.002 -22"><span class='ocrx_word' id='word_1_468' title='bbox 2157 1348 2220 1403; x_wconf 91' lang='lat' dir='ltr'>in</span> <span class='ocrx_word' id='word_1_469' title='bbox 2244 1365 2337 1404; x_wconf 92' lang='lat' dir='ltr'>me</span> <span class='ocrx_word' id='word_1_470' title='bbox 2361 1350 2601 1405; x_wconf 90' lang='lat' dir='ltr'>inventa</span> <span class='ocrx_word' id='word_1_471' title='bbox 2623 1356 2729 1405; x_wconf 89' lang='lat' dir='ltr'>est.</span> <span class='ocrx_word' id='word_1_472' title='bbox 2764 1351 3115 1416; x_wconf 82' lang='lat' dir='ltr'>Quomodo?</span> <span class='ocrx_word' id='word_1_473' title='bbox 3162 1353 3307 1417; x_wconf 89' lang='lat' dir='ltr'>Quia</span> <span class='ocrx_word' id='word_1_474' title='bbox 3357 1353 3638 1408; x_wconf 86' lang='lat' dir='ltr'>omnibus</span> <span class='ocrx_word' id='word_1_475' title='bbox 3668 1370 3804 1425; x_wconf 86' lang='lat' dir='ltr'>apo-</span> 
     </span>
    </p>
   </div>
   <div class='ocr_carea' id='block_1_61' title="bbox 2157 1438 3800 1514">
    <p class='ocr_par' dir='ltr' id='par_1_61' title="bbox 2157 1438 3800 1514">
     <span class='ocr_line' id='line_1_62' title="bbox 2157 1438 3800 1514; baseline 0.003 -21"><span class='ocrx_word' id='word_1_476' title='bbox 2157 1438 2326 1495; x_wconf 84' lang='lat' dir='ltr'>stolis</span> <span class='ocrx_word' id='word_1_477' title='bbox 2352 1440 2651 1511; x_wconf 88' lang='lat' dir='ltr'>copiosius</span> <span class='ocrx_word' id='word_1_478' title='bbox 2674 1439 2952 1496; x_wconf 82' lang='lat' dir='ltr'>laboravi.</span> <span class='ocrx_word' id='word_1_479' title='bbox 2980 1441 3122 1496; x_wconf 89' lang='lat' dir='ltr'>Vide</span> <span class='ocrx_word' id='word_1_480' title='bbox 3145 1448 3346 1497; x_wconf 86' lang='lat' dir='ltr'>autem</span> <span class='ocrx_word' id='word_1_481' title='bbox 3364 1442 3660 1514; x_wconf 90' lang='lat' dir='ltr'>quomodo</span> <span class='ocrx_word' id='word_1_482' title='bbox 3687 1443 3800 1498; x_wconf 89' lang='lat' dir='ltr'>hoc</span> 
     </span>
    </p>
   </div>
   <div class='ocr_carea' id='block_1_62' title="bbox 2158 1527 3801 1602">
    <p class='ocr_par' dir='ltr' id='par_1_62' title="bbox 2158 1527 3801 1602">
     <span class='ocr_line' id='line_1_63' title="bbox 2158 1527 3801 1602; baseline 0.002 -19"><span class='ocrx_word' id='word_1_483' title='bbox 2158 1527 2336 1583; x_wconf 91' lang='lat' dir='ltr'>etiam</span> <span class='ocrx_word' id='word_1_484' title='bbox 2360 1527 2490 1583; x_wconf 91' lang='lat' dir='ltr'>loco</span> <span class='ocrx_word' id='word_1_485' title='bbox 2513 1545 2687 1600; x_wconf 88' lang='lat' dir='ltr'>parce</span> <span class='ocrx_word' id='word_1_486' title='bbox 2709 1528 2769 1583; x_wconf 90' lang='lat' dir='ltr'>id</span> <span class='ocrx_word' id='word_1_487' title='bbox 2791 1530 3076 1601; x_wconf 86' lang='lat' dir='ltr'>posuerit.</span> <span class='ocrx_word' id='word_1_488' title='bbox 3111 1532 3310 1602; x_wconf 83' lang='lat' dir='ltr'>Neque</span> <span class='ocrx_word' id='word_1_489' title='bbox 3328 1532 3487 1587; x_wconf 90' lang='lat' dir='ltr'>enim</span> <span class='ocrx_word' id='word_1_490' title='bbox 3512 1533 3630 1587; x_wconf 85' lang='lat' dir='ltr'>ait:</span> <span class='ocrx_word' id='word_1_491' title='bbox 3666 1533 3801 1587; x_wconf 84' lang='lat' dir='ltr'>Cer-</span> 
     </span>
    </p>
   </div>
   <div class='ocr_carea' id='block_1_63' title="bbox 2157 1616 3802 1688">
    <p class='ocr_par' dir='ltr' id='par_1_63' title="bbox 2157 1616 3802 1688">
     <span class='ocr_line' id='line_1_64' title="bbox 2157 1616 3802 1688; baseline 0.003 -18"><span class='ocrx_word' id='word_1_492' title='bbox 2157 1616 2317 1682; x_wconf 82' lang='lat' dir='ltr'>tavi;</span> <span class='ocrx_word' id='word_1_493' title='bbox 2350 1622 2472 1685; x_wconf 90' lang='lat' dir='ltr'>aut,</span> <span class='ocrx_word' id='word_1_494' title='bbox 2504 1617 2854 1686; x_wconf 72' lang='lat' dir='ltr'>Praedicavi;</span> <span class='ocrx_word' id='word_1_495' title='bbox 2887 1636 3012 1688; x_wconf 88' lang='lat' dir='ltr'>seu,</span> <span class='ocrx_word' id='word_1_496' title='bbox 3046 1620 3419 1676; x_wconf 89' lang='lat' dir='ltr'>Periclitatus</span> <span class='ocrx_word' id='word_1_497' title='bbox 3462 1638 3593 1677; x_wconf 91' lang='lat' dir='ltr'>sum</span> <span class='ocrx_word' id='word_1_498' title='bbox 3628 1636 3640 1687; x_wconf 91' lang='lat'>;</span> <span class='ocrx_word' id='word_1_499' title='bbox 3676 1620 3802 1685; x_wconf 93' lang='lat' dir='ltr'>sed,</span> 
     </span>
    </p>
   </div>
   <div class='ocr_carea' id='block_1_64' title="bbox 2157 1704 3804 1780">
    <p class='ocr_par' dir='ltr' id='par_1_64' title="bbox 2157 1704 3804 1780">
     <span class='ocr_line' id='line_1_65' title="bbox 2157 1704 3804 1780; baseline 0.003 -20"><span class='ocrx_word' id='word_1_500' title='bbox 2157 1727 2186 1754; x_wconf 87' lang='grc'><em>‹‹</em></span> <span class='ocrx_word' id='word_1_501' title='bbox 2216 1704 2531 1762; x_wconf 87' lang='lat' dir='ltr'>Laboravi:</span> <span class='ocrx_word' id='word_1_502' title='bbox 2558 1728 2586 1757; x_wconf 82' lang='lat'><strong>»</strong></span> <span class='ocrx_word' id='word_1_503' title='bbox 2614 1707 2725 1763; x_wconf 91' lang='lat' dir='ltr'>hac</span> <span class='ocrx_word' id='word_1_504' title='bbox 2742 1706 3000 1763; x_wconf 89' lang='lat' dir='ltr'>dictione</span> <span class='ocrx_word' id='word_1_505' title='bbox 3023 1709 3326 1780; x_wconf 90' lang='lat' dir='ltr'>proprium</span> <span class='ocrx_word' id='word_1_506' title='bbox 3357 1710 3670 1765; x_wconf 88' lang='lat' dir='ltr'>succidens</span> <span class='ocrx_word' id='word_1_507' title='bbox 3701 1726 3804 1765; x_wconf 88' lang='lat' dir='ltr'>en-</span> 
     </span>
    </p>
   </div>
   <div class='ocr_carea' id='block_1_65' title="bbox 2158 1794 3806 1853">
    <p class='ocr_par' dir='ltr' id='par_1_65' title="bbox 2158 1794 3806 1853">
     <span class='ocr_line' id='line_1_66' title="bbox 2158 1794 3806 1853; baseline 0.002 -4"><span class='ocrx_word' id='word_1_508' title='bbox 2158 1794 2439 1850; x_wconf 90' lang='lat' dir='ltr'>comium.</span> <span class='ocrx_word' id='word_1_509' title='bbox 2466 1795 2549 1850; x_wconf 89' lang='lat' dir='ltr'>Ad</span> <span class='ocrx_word' id='word_1_510' title='bbox 2574 1796 2699 1852; x_wconf 69' lang='lat' dir='ltr'>haec</span> <span class='ocrx_word' id='word_1_511' title='bbox 2726 1801 2923 1852; x_wconf 86' lang='lat' dir='ltr'>tamen</span> <span class='ocrx_word' id='word_1_512' title='bbox 2950 1797 3129 1853; x_wconf 89' lang='lat' dir='ltr'>verba</span> <span class='ocrx_word' id='word_1_513' title='bbox 3149 1815 3214 1853; x_wconf 83' lang='lat' dir='ltr'>ex</span> <span class='ocrx_word' id='word_1_514' title='bbox 3238 1799 3593 1853; x_wconf 84' lang='lat' dir='ltr'>necessitate</span> <span class='ocrx_word' id='word_1_515' title='bbox 3622 1798 3806 1852; x_wconf 81' lang='lat' dir='ltr'>venit.</span> 
     </span>
    </p>
   </div>
   <div class='ocr_carea' id='block_1_66' title="bbox 2159 1884 3803 1957">
    <p class='ocr_par' dir='ltr' id='par_1_66' title="bbox 2159 1884 3803 1957">
     <span class='ocr_line' id='line_1_67' title="bbox 2159 1884 3803 1957; baseline 0.002 -20"><span class='ocrx_word' id='word_1_516' title='bbox 2159 1884 2303 1938; x_wconf 84' lang='lat' dir='ltr'>Nam</span> <span class='ocrx_word' id='word_1_517' title='bbox 2325 1889 2559 1954; x_wconf 87' lang='lat' dir='ltr'>oportet</span> <span class='ocrx_word' id='word_1_518' title='bbox 2580 1891 3006 1957; x_wconf 72' lang='lat' dir='ltr'>praeceptorem</span> <span class='ocrx_word' id='word_1_519' title='bbox 3032 1885 3147 1941; x_wconf 81' lang='lat' dir='ltr'>fide</span> <span class='ocrx_word' id='word_1_520' title='bbox 3170 1885 3414 1957; x_wconf 89' lang='lat' dir='ltr'>dignum</span> <span class='ocrx_word' id='word_1_521' title='bbox 3435 1901 3584 1940; x_wconf 91' lang='lat' dir='ltr'>esse.</span> <span class='ocrx_word' id='word_1_522' title='bbox 3605 1908 3633 1934; x_wconf 85' lang='lat'><strong>«</strong></span> <span class='ocrx_word' id='word_1_523' title='bbox 3677 1887 3803 1940; x_wconf 84' lang='lat' dir='ltr'>Non</span> 
     </span>
    </p>
   </div>
   <div class='ocr_carea' id='block_1_67' title="bbox 2157 1972 3804 2047">
    <p class='ocr_par' dir='ltr' id='par_1_67' title="bbox 2157 1972 3804 2047">
     <span class='ocr_line' id='line_1_68' title="bbox 2157 1972 3804 2047; baseline 0.002 -22"><span class='ocrx_word' id='word_1_524' title='bbox 2157 1976 2355 2026; x_wconf 88' lang='lat' dir='ltr'>autem</span> <span class='ocrx_word' id='word_1_525' title='bbox 2374 1987 2498 2045; x_wconf 89' lang='lat' dir='ltr'>ego,</span> <span class='ocrx_word' id='word_1_526' title='bbox 2525 1972 2627 2028; x_wconf 90' lang='lat' dir='ltr'>sed</span> <span class='ocrx_word' id='word_1_527' title='bbox 2648 1973 2837 2047; x_wconf 87' lang='lat' dir='ltr'>gratia</span> <span class='ocrx_word' id='word_1_528' title='bbox 2859 1973 2959 2028; x_wconf 91' lang='lat' dir='ltr'>Dei</span> <span class='ocrx_word' id='word_1_529' title='bbox 2989 1990 3120 2044; x_wconf 72' lang='lat' dir='ltr'>quaa</span> <span class='ocrx_word' id='word_1_530' title='bbox 3138 1990 3373 2029; x_wconf 91' lang='lat' dir='ltr'>mecum</span> <span class='ocrx_word' id='word_1_531' title='bbox 3401 1979 3510 2030; x_wconf 92' lang='lat' dir='ltr'>est.</span> <span class='ocrx_word' id='word_1_532' title='bbox 3538 1996 3565 2023; x_wconf 90' lang='grc'><strong>››</strong></span> <span class='ocrx_word' id='word_1_533' title='bbox 3579 1973 3804 2029; x_wconf 88' lang='lat' dir='ltr'>Deinde</span> 
     </span>
    </p>
   </div>
   <div class='ocr_carea' id='block_1_68' title="bbox 2156 2060 3804 2135">
    <p class='ocr_par' dir='ltr' id='par_1_68' title="bbox 2156 2060 3804 2135">
     <span class='ocr_line' id='line_1_69' title="bbox 2156 2060 3804 2135; baseline 0.002 -21"><span class='ocrx_word' id='word_1_534' title='bbox 2156 2060 2378 2115; x_wconf 89' lang='lat' dir='ltr'>veritus</span> <span class='ocrx_word' id='word_1_535' title='bbox 2406 2077 2482 2117; x_wconf 91' lang='lat' dir='ltr'>ne</span> <span class='ocrx_word' id='word_1_536' title='bbox 2512 2068 2741 2117; x_wconf 90' lang='lat' dir='ltr'>rectum</span> <span class='ocrx_word' id='word_1_537' title='bbox 2771 2079 2920 2135; x_wconf 88' lang='lat' dir='ltr'>opus</span> <span class='ocrx_word' id='word_1_538' title='bbox 2951 2062 3060 2118; x_wconf 89' lang='lat' dir='ltr'>sibi</span> <span class='ocrx_word' id='word_1_539' title='bbox 3099 2062 3543 2128; x_wconf 89' lang='lat' dir='ltr'>attribueretur,</span> <span class='ocrx_word' id='word_1_540' title='bbox 3601 2063 3804 2135; x_wconf 79' lang='lat' dir='ltr'>gratiae</span> 
     </span>
    </p>
   </div>
   <div class='ocr_carea' id='block_1_69' title="bbox 2162 2149 3829 2223">
    <p class='ocr_par' dir='ltr' id='par_1_69' title="bbox 2162 2149 3829 2223">
     <span class='ocr_line' id='line_1_70' title="bbox 2162 2149 3829 2223; baseline 0.002 -19"><span class='ocrx_word' id='word_1_541' title='bbox 2162 2150 2260 2205; x_wconf 92' lang='lat' dir='ltr'>Dei</span> <span class='ocrx_word' id='word_1_542' title='bbox 2289 2150 2486 2222; x_wconf 90' lang='lat' dir='ltr'>ipsum</span> <span class='ocrx_word' id='word_1_543' title='bbox 2517 2149 2631 2206; x_wconf 86' lang='lat' dir='ltr'>fert</span> <span class='ocrx_word' id='word_1_544' title='bbox 2658 2156 2988 2223; x_wconf 87' lang='lat' dir='ltr'>acceptum.</span> <span class='ocrx_word' id='word_1_545' title='bbox 3023 2174 3051 2202; x_wconf 87' lang='lat'><strong>«</strong></span> <span class='ocrx_word' id='word_1_546' title='bbox 3109 2151 3239 2206; x_wconf 89' lang='lat' dir='ltr'>Sive</span> <span class='ocrx_word' id='word_1_547' title='bbox 3294 2150 3476 2223; x_wconf 80' lang='lat' dir='ltr'>igitur</span> <span class='ocrx_word' id='word_1_548' title='bbox 3533 2168 3637 2223; x_wconf 84' lang='lat' dir='ltr'>ego</span> <span class='ocrx_word' id='word_1_549' title='bbox 3686 2152 3829 2207; x_wconf 33' lang='lat' dir='ltr'>sive,</span> 
     </span>
    </p>
   </div>
   <div class='ocr_carea' id='block_1_70' title="bbox 2157 2238 3807 2313">
    <p class='ocr_par' dir='ltr' id='par_1_70' title="bbox 2157 2238 3807 2313">
     <span class='ocr_line' id='line_1_71' title="bbox 2157 2238 3807 2313; baseline 0.002 -19"><span class='ocrx_word' id='word_1_550' title='bbox 2157 2238 2267 2294; x_wconf 89' lang='lat' dir='ltr'>illi.</span> <span class='ocrx_word' id='word_1_551' title='bbox 2294 2261 2323 2289; x_wconf 85' lang='grc'>››</span> <span class='ocrx_word' id='word_1_552' title='bbox 2353 2240 2790 2307; x_wconf 89' lang='lat' dir='ltr'>Consentimus,</span> <span class='ocrx_word' id='word_1_553' title='bbox 2826 2239 3042 2311; x_wconf 86' lang='lat' dir='ltr'>inquit,</span> <span class='ocrx_word' id='word_1_554' title='bbox 3077 2256 3285 2295; x_wconf 90' lang='lat' dir='ltr'>omnes</span> <span class='ocrx_word' id='word_1_555' title='bbox 3315 2240 3473 2296; x_wconf 91' lang='lat' dir='ltr'>circa</span> <span class='ocrx_word' id='word_1_556' title='bbox 3521 2240 3807 2313; x_wconf 65' lang='lat' dir='ltr'>praedica-</span> 
     </span>
    </p>
   </div>
   <div class='ocr_carea' id='block_1_71' title="bbox 2158 2325 3812 2397">
    <p class='ocr_par' dir='ltr' id='par_1_71' title="bbox 2158 2325 3812 2397">
     <span class='ocr_line' id='line_1_72' title="bbox 2158 2325 3812 2397; baseline 0.002 -16"><span class='ocrx_word' id='word_1_557' title='bbox 2158 2325 2405 2382; x_wconf 86' lang='lat' dir='ltr'>tionem.</span> <span class='ocrx_word' id='word_1_558' title='bbox 2441 2329 2555 2382; x_wconf 88' lang='lat' dir='ltr'>Nec</span> <span class='ocrx_word' id='word_1_559' title='bbox 2585 2326 2733 2383; x_wconf 82' lang='lat' dir='ltr'>dixit</span> <span class='ocrx_word' id='word_1_560' title='bbox 2766 2344 2780 2381; x_wconf 94' lang='lat'>:</span> <span class='ocrx_word' id='word_1_561' title='bbox 2810 2327 2866 2381; x_wconf 89' lang='lat' dir='ltr'>Si</span> <span class='ocrx_word' id='word_1_562' title='bbox 2898 2327 3048 2381; x_wconf 91' lang='lat' dir='ltr'>mihi</span> <span class='ocrx_word' id='word_1_563' title='bbox 3078 2344 3200 2383; x_wconf 90' lang='lat' dir='ltr'>non</span> <span class='ocrx_word' id='word_1_564' title='bbox 3231 2328 3497 2397; x_wconf 83' lang='lat' dir='ltr'>creditis,</span> <span class='ocrx_word' id='word_1_565' title='bbox 3539 2328 3630 2383; x_wconf 87' lang='lat' dir='ltr'>vel</span> <span class='ocrx_word' id='word_1_566' title='bbox 3689 2328 3812 2384; x_wconf 86' lang='lat' dir='ltr'>illis</span> 
     </span>
    </p>
   </div>
   <div class='ocr_carea' id='block_1_72' title="bbox 2156 2414 3812 2488">
    <p class='ocr_par' dir='ltr' id='par_1_72' title="bbox 2156 2414 3812 2488">
     <span class='ocr_line' id='line_1_73' title="bbox 2156 2414 3812 2488; baseline 0.002 -18"><span class='ocrx_word' id='word_1_567' title='bbox 2156 2414 2382 2470; x_wconf 89' lang='lat' dir='ltr'>credite</span> <span class='ocrx_word' id='word_1_568' title='bbox 2416 2432 2427 2469; x_wconf 93' lang='lat'>:</span> <span class='ocrx_word' id='word_1_569' title='bbox 2463 2432 2602 2470; x_wconf 87' lang='lat' dir='ltr'>nam</span> <span class='ocrx_word' id='word_1_570' title='bbox 2635 2417 2899 2488; x_wconf 89' lang='lat' dir='ltr'>seipsum</span> <span class='ocrx_word' id='word_1_571' title='bbox 2928 2415 3106 2470; x_wconf 88' lang='lat' dir='ltr'>vilem</span> <span class='ocrx_word' id='word_1_572' title='bbox 3137 2415 3519 2485; x_wconf 89' lang='lat' dir='ltr'>reddidisset,</span> <span class='ocrx_word' id='word_1_573' title='bbox 3552 2434 3663 2472; x_wconf 90' lang='lat' dir='ltr'>nec</span> <span class='ocrx_word' id='word_1_574' title='bbox 3695 2416 3812 2473; x_wconf 81' lang='lat' dir='ltr'>ﬁde</span> 
     </span>
    </p>
   </div>
   <div class='ocr_carea' id='block_1_73' title="bbox 2156 2505 3813 2578">
    <p class='ocr_par' dir='ltr' id='par_1_73' title="bbox 2156 2505 3813 2578">
     <span class='ocr_line' id='line_1_74' title="bbox 2156 2505 3813 2578; baseline 0.001 -18"><span class='ocrx_word' id='word_1_575' title='bbox 2156 2505 2404 2578; x_wconf 83' lang='lat' dir='ltr'>dignum</span> <span class='ocrx_word' id='word_1_576' title='bbox 2426 2506 2687 2563; x_wconf 87' lang='lat' dir='ltr'>veritatis</span> <span class='ocrx_word' id='word_1_577' title='bbox 2709 2512 2920 2563; x_wconf 89' lang='lat' dir='ltr'>testem</span> <span class='ocrx_word' id='word_1_578' title='bbox 2954 2524 3082 2562; x_wconf 89' lang='lat' dir='ltr'>sese</span> <span class='ocrx_word' id='word_1_579' title='bbox 3104 2506 3484 2562; x_wconf 86' lang='lat' dir='ltr'>ostendisset.</span> <span class='ocrx_word' id='word_1_580' title='bbox 3514 2507 3625 2562; x_wconf 91' lang='lat' dir='ltr'>Sed</span> <span class='ocrx_word' id='word_1_581' title='bbox 3665 2507 3813 2578; x_wconf 91' lang='lat' dir='ltr'>quid</span> 
     </span>
    </p>
   </div>
   <div class='ocr_carea' id='block_1_74' title="bbox 2156 2594 3809 2666">
    <p class='ocr_par' dir='ltr' id='par_1_74' title="bbox 2156 2594 3809 2666">
     <span class='ocr_line' id='line_1_75' title="bbox 2156 2594 3809 2666; baseline 0.001 -17"><span class='ocrx_word' id='word_1_582' title='bbox 2156 2594 2284 2649; x_wconf 79' lang='lat' dir='ltr'>ait?</span> <span class='ocrx_word' id='word_1_583' title='bbox 2313 2594 2570 2650; x_wconf 90' lang='lat' dir='ltr'>Consoni</span> <span class='ocrx_word' id='word_1_584' title='bbox 2598 2611 2804 2650; x_wconf 90' lang='lat' dir='ltr'>sumus</span> <span class='ocrx_word' id='word_1_585' title='bbox 2832 2611 3060 2651; x_wconf 90' lang='lat' dir='ltr'>omnes.</span> <span class='ocrx_word' id='word_1_586' title='bbox 3095 2596 3166 2649; x_wconf 89' lang='lat' dir='ltr'>Et</span> <span class='ocrx_word' id='word_1_587' title='bbox 3223 2611 3293 2650; x_wconf 80' lang='lat' dir='ltr'>ex</span> <span class='ocrx_word' id='word_1_588' title='bbox 3352 2612 3420 2650; x_wconf 93' lang='lat' dir='ltr'>eo</span> <span class='ocrx_word' id='word_1_589' title='bbox 3475 2595 3635 2666; x_wconf 93' lang='lat' dir='ltr'>quod</span> <span class='ocrx_word' id='word_1_590' title='bbox 3677 2595 3762 2651; x_wconf 90' lang='lat' dir='ltr'>ait</span> <span class='ocrx_word' id='word_1_591' title='bbox 3795 2611 3809 2650; x_wconf 94' lang='lat'>:</span> 
     </span>
    </p>
   </div>
   <div class='ocr_carea' id='block_1_75' title="bbox 2159 2683 3808 2750">
    <p class='ocr_par' dir='ltr' id='par_1_75' title="bbox 2159 2683 3808 2750">
     <span class='ocr_line' id='line_1_76' title="bbox 2159 2683 3808 2750; baseline 0.001 -13"><span class='ocrx_word' id='word_1_592' title='bbox 2159 2706 2186 2733; x_wconf 94' lang='grc'>‹‹</span> <span class='ocrx_word' id='word_1_593' title='bbox 2220 2683 2640 2750; x_wconf 71' lang='lat' dir='ltr'>Prsedicamus,</span> <span class='ocrx_word' id='word_1_594' title='bbox 2676 2707 2697 2734; x_wconf 75' lang='grc' dir='ltr'>ι</span> <span class='ocrx_word' id='word_1_595' title='bbox 2763 2684 3057 2741; x_wconf 88' lang='lat' dir='ltr'>dictorum</span> <span class='ocrx_word' id='word_1_596' title='bbox 3113 2684 3424 2739; x_wconf 88' lang='lat' dir='ltr'>veritatem</span> <span class='ocrx_word' id='word_1_597' title='bbox 3468 2684 3808 2739; x_wconf 86' lang='lat' dir='ltr'>confirmat.</span> 
     </span>
    </p>
   </div>
   <div class='ocr_carea' id='block_1_76' title="bbox 2157 2770 3811 2845">
    <p class='ocr_par' dir='ltr' id='par_1_76' title="bbox 2157 2770 3811 2845">
     <span class='ocr_line' id='line_1_77' title="bbox 2157 2770 3811 2845; baseline -0.002 -18"><span class='ocrx_word' id='word_1_598' title='bbox 2157 2774 2284 2829; x_wconf 90' lang='lat' dir='ltr'>Non</span> <span class='ocrx_word' id='word_1_599' title='bbox 2306 2773 2466 2828; x_wconf 86' lang='lat' dir='ltr'>enim</span> <span class='ocrx_word' id='word_1_600' title='bbox 2487 2772 2549 2828; x_wconf 86' lang='lat' dir='ltr'>in</span> <span class='ocrx_word' id='word_1_601' title='bbox 2571 2773 2801 2829; x_wconf 90' lang='lat' dir='ltr'>occulto</span> <span class='ocrx_word' id='word_1_602' title='bbox 2822 2778 2924 2830; x_wconf 89' lang='lat' dir='ltr'>aut</span> <span class='ocrx_word' id='word_1_603' title='bbox 2945 2773 3006 2828; x_wconf 93' lang='lat' dir='ltr'>in</span> <span class='ocrx_word' id='word_1_604' title='bbox 3028 2772 3243 2845; x_wconf 87' lang='lat' dir='ltr'>angulo</span> <span class='ocrx_word' id='word_1_605' title='bbox 3260 2772 3333 2827; x_wconf 91' lang='lat' dir='ltr'>de</span> <span class='ocrx_word' id='word_1_606' title='bbox 3366 2771 3460 2825; x_wconf 90' lang='lat' dir='ltr'>his</span> <span class='ocrx_word' id='word_1_607' title='bbox 3511 2771 3689 2825; x_wconf 86' lang='lat' dir='ltr'>rebus</span> <span class='ocrx_word' id='word_1_608' title='bbox 3720 2770 3811 2825; x_wconf 91' lang='lat' dir='ltr'>lo-</span> 
     </span>
    </p>
   </div>
   <div class='ocr_carea' id='block_1_77' title="bbox 2158 2860 3811 2934">
    <p class='ocr_par' dir='ltr' id='par_1_77' title="bbox 2158 2860 3811 2934">
     <span class='ocr_line' id='line_1_78' title="bbox 2158 2860 3811 2934; baseline -0.001 -18"><span class='ocrx_word' id='word_1_609' title='bbox 2158 2861 2421 2934; x_wconf 89' lang='lat' dir='ltr'>quimur,</span> <span class='ocrx_word' id='word_1_610' title='bbox 2446 2862 2551 2919; x_wconf 91' lang='lat' dir='ltr'>sed</span> <span class='ocrx_word' id='word_1_611' title='bbox 2573 2863 2887 2919; x_wconf 85' lang='lat' dir='ltr'>manifeste</span> <span class='ocrx_word' id='word_1_612' title='bbox 2906 2860 2981 2917; x_wconf 90' lang='lat' dir='ltr'>ad</span> <span class='ocrx_word' id='word_1_613' title='bbox 3002 2862 3115 2916; x_wconf 89' lang='lat' dir='ltr'>hoc</span> <span class='ocrx_word' id='word_1_614' title='bbox 3143 2877 3334 2932; x_wconf 90' lang='lat' dir='ltr'>usque</span> <span class='ocrx_word' id='word_1_615' title='bbox 3372 2865 3630 2932; x_wconf 87' lang='lat' dir='ltr'>tempus.</span> <span class='ocrx_word' id='word_1_616' title='bbox 3664 2861 3811 2914; x_wconf 86' lang='lat' dir='ltr'>Nam</span> 
     </span>
    </p>
   </div>
   <div class='ocr_carea' id='block_1_78' title="bbox 2157 2951 3813 3025">
    <p class='ocr_par' dir='ltr' id='par_1_78' title="bbox 2157 2951 3813 3025">
     <span class='ocr_line' id='line_1_79' title="bbox 2157 2951 3813 3025; baseline -0.001 -18"><span class='ocrx_word' id='word_1_617' title='bbox 2157 2953 2268 3010; x_wconf 91' lang='lat' dir='ltr'>hoc</span> <span class='ocrx_word' id='word_1_618' title='bbox 2299 2960 2389 3010; x_wconf 90' lang='lat' dir='ltr'>est</span> <span class='ocrx_word' id='word_1_619' title='bbox 2419 2953 2579 3025; x_wconf 90' lang='lat' dir='ltr'>quod</span> <span class='ocrx_word' id='word_1_620' title='bbox 2609 2952 2989 3025; x_wconf 65' lang='lat' dir='ltr'>praedicatur,</span> <span class='ocrx_word' id='word_1_621' title='bbox 3021 2957 3081 3007; x_wconf 91' lang='lat' dir='ltr'>et</span> <span class='ocrx_word' id='word_1_622' title='bbox 3111 2951 3211 3016; x_wconf 88' lang='lat' dir='ltr'>ita,</span> <span class='ocrx_word' id='word_1_623' title='bbox 3247 2951 3471 3022; x_wconf 83' lang='lat' dir='ltr'>inquit,</span> <span class='ocrx_word' id='word_1_624' title='bbox 3528 2967 3630 3005; x_wconf 86' lang='lat' dir='ltr'>vos</span> <span class='ocrx_word' id='word_1_625' title='bbox 3675 2967 3813 3007; x_wconf 91' lang='lat' dir='ltr'>cum</span> 
     </span>
    </p>
   </div>
   <div class='ocr_carea' id='block_1_79' title="bbox 2158 3038 3811 3098">
    <p class='ocr_par' dir='ltr' id='par_1_79' title="bbox 2158 3038 3811 3098">
     <span class='ocr_line' id='line_1_80' title="bbox 2158 3038 3811 3098; baseline -0.002 -1"><span class='ocrx_word' id='word_1_626' title='bbox 2158 3042 2292 3097; x_wconf 91' lang='lat' dir='ltr'>aliis</span> <span class='ocrx_word' id='word_1_627' title='bbox 2323 3040 2661 3098; x_wconf 88' lang='lat' dir='ltr'>credidistis</span> <span class='ocrx_word' id='word_1_628' title='bbox 2694 3057 2708 3094; x_wconf 91' lang='lat'>:</span> <span class='ocrx_word' id='word_1_629' title='bbox 2741 3045 2801 3095; x_wconf 88' lang='lat' dir='ltr'>et</span> <span class='ocrx_word' id='word_1_630' title='bbox 2828 3040 2981 3095; x_wconf 90' lang='lat' dir='ltr'>hanc</span> <span class='ocrx_word' id='word_1_631' title='bbox 3010 3039 3251 3095; x_wconf 88' lang='lat' dir='ltr'>illorum</span> <span class='ocrx_word' id='word_1_632' title='bbox 3286 3038 3466 3095; x_wconf 81' lang='lat' dir='ltr'>fidem</span> <span class='ocrx_word' id='word_1_633' title='bbox 3519 3045 3692 3095; x_wconf 91' lang='lat' dir='ltr'>vocat</span> <span class='ocrx_word' id='word_1_634' title='bbox 3749 3040 3811 3094; x_wconf 89' lang='lat' dir='ltr'>in</span> 
     </span>
    </p>
   </div>
   <div class='ocr_carea' id='block_1_80' title="bbox 2158 3128 3811 3199">
    <p class='ocr_par' dir='ltr' id='par_1_80' title="bbox 2158 3128 3811 3199">
     <span class='ocr_line' id='line_1_81' title="bbox 2158 3128 3811 3199; baseline 0 -16"><span class='ocrx_word' id='word_1_635' title='bbox 2158 3134 2371 3185; x_wconf 87' lang='lat' dir='ltr'>testem</span> <span class='ocrx_word' id='word_1_636' title='bbox 2402 3128 2684 3184; x_wconf 90' lang='lat' dir='ltr'>veritatis.</span> <span class='ocrx_word' id='word_1_637' title='bbox 2716 3129 3105 3199; x_wconf 83' lang='lat' dir='ltr'>Nequaquam</span> <span class='ocrx_word' id='word_1_638' title='bbox 3137 3128 3297 3183; x_wconf 90' lang='lat' dir='ltr'>enim</span> <span class='ocrx_word' id='word_1_639' title='bbox 3333 3133 3557 3185; x_wconf 90' lang='lat' dir='ltr'>temere</span> <span class='ocrx_word' id='word_1_640' title='bbox 3614 3128 3811 3185; x_wconf 89' lang='lat' dir='ltr'>credi-</span> 
     </span>
    </p>
   </div>
   <div class='ocr_carea' id='block_1_81' title="bbox 2157 3215 3808 3289">
    <p class='ocr_par' dir='ltr' id='par_1_81' title="bbox 2157 3215 3808 3289">
     <span class='ocr_line' id='line_1_82' title="bbox 2157 3215 3808 3289; baseline -0.001 -14"><span class='ocrx_word' id='word_1_641' title='bbox 2157 3218 2397 3275; x_wconf 90' lang='lat' dir='ltr'>dissetis</span> <span class='ocrx_word' id='word_1_642' title='bbox 2427 3215 2803 3272; x_wconf 89' lang='lat' dir='ltr'>sermonibus</span> <span class='ocrx_word' id='word_1_643' title='bbox 2832 3215 2999 3271; x_wconf 84' lang='lat' dir='ltr'>falsis</span> <span class='ocrx_word' id='word_1_644' title='bbox 3029 3233 3098 3272; x_wconf 89' lang='lat' dir='ltr'>ac</span> <span class='ocrx_word' id='word_1_645' title='bbox 3129 3215 3506 3288; x_wconf 86' lang='lat' dir='ltr'>deceptoriis,</span> <span class='ocrx_word' id='word_1_646' title='bbox 3527 3217 3646 3273; x_wconf 90' lang='lat' dir='ltr'>nisi</span> <span class='ocrx_word' id='word_1_647' title='bbox 3672 3233 3808 3289; x_wconf 90' lang='lat' dir='ltr'>per-</span> 
     </span>
    </p>
   </div>
   <div class='ocr_carea' id='block_1_82' title="bbox 2159 3304 3634 3377">
    <p class='ocr_par' dir='ltr' id='par_1_82' title="bbox 2159 3304 3634 3377">
     <span class='ocr_line' id='line_1_83' title="bbox 2159 3304 3634 3377; baseline -0.001 -15"><span class='ocrx_word' id='word_1_648' title='bbox 2159 3307 2317 3362; x_wconf 90' lang='lat' dir='ltr'>suasi</span> <span class='ocrx_word' id='word_1_649' title='bbox 2346 3304 2611 3361; x_wconf 84' lang='lat' dir='ltr'>fuissetis</span> <span class='ocrx_word' id='word_1_650' title='bbox 2640 3322 2777 3360; x_wconf 88' lang='lat' dir='ltr'>vera</span> <span class='ocrx_word' id='word_1_651' title='bbox 2809 3321 2938 3360; x_wconf 87' lang='lat' dir='ltr'>esse</span> <span class='ocrx_word' id='word_1_652' title='bbox 2970 3319 3102 3376; x_wconf 67' lang='lat' dir='ltr'>quas</span> <span class='ocrx_word' id='word_1_653' title='bbox 3131 3304 3634 3377; x_wconf 70' lang='lat' dir='ltr'>praadicabautur.</span> 
     </span>
    </p>
   </div>
   <div class='ocr_carea' id='block_1_83' title="bbox 2228 3392 3813 3464">
    <p class='ocr_par' dir='ltr' id='par_1_83' title="bbox 2228 3392 3813 3464">
     <span class='ocr_line' id='line_1_84' title="bbox 2228 3392 3813 3464; baseline -0.001 -13"><span class='ocrx_word' id='word_1_654' title='bbox 2228 3396 2342 3462; x_wconf 82' lang='lat' dir='ltr'>XV,</span> <span class='ocrx_word' id='word_1_655' title='bbox 2378 3397 2564 3450; x_wconf 81' lang='grc'>12-15.</span> <span class='ocrx_word' id='word_1_656' title='bbox 2601 3416 2629 3444; x_wconf 88' lang='grc'>‹‹</span> <span class='ocrx_word' id='word_1_657' title='bbox 2660 3394 2827 3460; x_wconf 87' lang='lat' dir='ltr'>Quod</span> <span class='ocrx_word' id='word_1_658' title='bbox 2856 3394 2904 3448; x_wconf 88' lang='lat' dir='ltr'>si</span> <span class='ocrx_word' id='word_1_659' title='bbox 2927 3394 3194 3450; x_wconf 89' lang='lat' dir='ltr'>Christus</span> <span class='ocrx_word' id='word_1_660' title='bbox 3218 3392 3581 3464; x_wconf 64' lang='lat' dir='ltr'>praedicatur</span> <span class='ocrx_word' id='word_1_661' title='bbox 3603 3412 3639 3450; x_wconf 91' lang='lat' dir='ltr'>a</span> <span class='ocrx_word' id='word_1_662' title='bbox 3660 3412 3813 3450; x_wconf 91' lang='lat' dir='ltr'>mor-</span> 
     </span>
    </p>
   </div>
   <div class='ocr_carea' id='block_1_84' title="bbox 2161 3481 3822 3555">
    <p class='ocr_par' dir='ltr' id='par_1_84' title="bbox 2161 3481 3822 3555">
     <span class='ocr_line' id='line_1_85' title="bbox 2161 3481 3822 3555; baseline 0.002 -20"><span class='ocrx_word' id='word_1_663' title='bbox 2161 3508 2188 3536; x_wconf 81' lang='grc'>‹‹</span> <span class='ocrx_word' id='word_1_664' title='bbox 2224 3484 2342 3540; x_wconf 89' lang='lat' dir='ltr'>tuis</span> <span class='ocrx_word' id='word_1_665' title='bbox 2372 3483 2766 3539; x_wconf 85' lang='lat' dir='ltr'>resurrexisse</span> <span class='ocrx_word' id='word_1_666' title='bbox 2788 3500 2802 3540; x_wconf 91' lang='lat'>:</span> <span class='ocrx_word' id='word_1_667' title='bbox 2828 3481 3126 3555; x_wconf 90' lang='lat' dir='ltr'>quomodo</span> <span class='ocrx_word' id='word_1_668' title='bbox 3158 3481 3370 3538; x_wconf 91' lang='lat' dir='ltr'>dicunt</span> <span class='ocrx_word' id='word_1_669' title='bbox 3397 3482 3641 3554; x_wconf 90' lang='lat' dir='ltr'>quidam</span> <span class='ocrx_word' id='word_1_670' title='bbox 3662 3481 3822 3538; x_wconf 90' lang='lat' dir='ltr'>inter</span> 
     </span>
    </p>
   </div>
   <div class='ocr_carea' id='block_1_85' title="bbox 2160 3571 3816 3631">
    <p class='ocr_par' dir='ltr' id='par_1_85' title="bbox 2160 3571 3816 3631">
     <span class='ocr_line' id='line_1_86' title="bbox 2160 3571 3816 3631; baseline 0.002 -6"><span class='ocrx_word' id='word_1_671' title='bbox 2160 3598 2187 3626; x_wconf 81' lang='grc' dir='ltr'>(ι</span> <span class='ocrx_word' id='word_1_672' title='bbox 2220 3592 2319 3631; x_wconf 89' lang='lat' dir='ltr'>vos</span> <span class='ocrx_word' id='word_1_673' title='bbox 2349 3591 2470 3631; x_wconf 91' lang='lat' dir='ltr'>non</span> <span class='ocrx_word' id='word_1_674' title='bbox 2501 3591 2630 3631; x_wconf 91' lang='lat' dir='ltr'>esse</span> <span class='ocrx_word' id='word_1_675' title='bbox 2662 3573 3162 3630; x_wconf 89' lang='lat' dir='ltr'>resurrectionem</span> <span class='ocrx_word' id='word_1_676' title='bbox 3192 3578 3563 3629; x_wconf 89' lang='lat' dir='ltr'>mortuorum</span> <span class='ocrx_word' id='word_1_677' title='bbox 3585 3571 3613 3628; x_wconf 81' lang='lat'><strong>?</strong></span> <span class='ocrx_word' id='word_1_678' title='bbox 3671 3575 3816 3630; x_wconf 77' lang='lat' dir='ltr'>Nam</span> 
     </span>
    </p>
   </div>
   <div class='ocr_carea' id='block_1_86' title="bbox 2162 3662 3822 3733">
    <p class='ocr_par' dir='ltr' id='par_1_86' title="bbox 2162 3662 3822 3733">
     <span class='ocr_line' id='line_1_87' title="bbox 2162 3662 3822 3733; baseline -0.003 -12"><span class='ocrx_word' id='word_1_679' title='bbox 2162 3686 2191 3714; x_wconf 86' lang='grc'>‹‹</span> <span class='ocrx_word' id='word_1_680' title='bbox 2225 3664 2274 3721; x_wconf 89' lang='lat' dir='ltr'>si</span> <span class='ocrx_word' id='word_1_681' title='bbox 2306 3664 2661 3720; x_wconf 80' lang='lat' dir='ltr'>resurrectio</span> <span class='ocrx_word' id='word_1_682' title='bbox 2694 3668 3064 3719; x_wconf 89' lang='lat' dir='ltr'>mortuorum</span> <span class='ocrx_word' id='word_1_683' title='bbox 3095 3679 3215 3717; x_wconf 90' lang='lat' dir='ltr'>non</span> <span class='ocrx_word' id='word_1_684' title='bbox 3248 3667 3358 3729; x_wconf 89' lang='lat' dir='ltr'>est,</span> <span class='ocrx_word' id='word_1_685' title='bbox 3392 3679 3588 3733; x_wconf 91' lang='lat' dir='ltr'>neque</span> <span class='ocrx_word' id='word_1_686' title='bbox 3620 3662 3822 3717; x_wconf 85' lang='lat' dir='ltr'>Chris-</span> 
     </span>
    </p>
   </div>
   <div class='ocr_carea' id='block_1_87' title="bbox 2168 3750 3818 3817">
    <p class='ocr_par' dir='ltr' id='par_1_87' title="bbox 2168 3750 3818 3817">
     <span class='ocr_line' id='line_1_88' title="bbox 2168 3750 3818 3817; baseline -0.002 -12"><span class='ocrx_word' id='word_1_687' title='bbox 2168 3774 2195 3805; x_wconf 77' lang='grc' dir='ltr'>α</span> <span class='ocrx_word' id='word_1_688' title='bbox 2229 3759 2322 3808; x_wconf 89' lang='lat' dir='ltr'>tus</span> <span class='ocrx_word' id='word_1_689' title='bbox 2352 3751 2697 3808; x_wconf 84' lang='lat' dir='ltr'>resurrexit.</span> <span class='ocrx_word' id='word_1_690' title='bbox 2731 3751 2898 3817; x_wconf 90' lang='lat' dir='ltr'>Quod</span> <span class='ocrx_word' id='word_1_691' title='bbox 2924 3752 2973 3807; x_wconf 91' lang='lat' dir='ltr'>si</span> <span class='ocrx_word' id='word_1_692' title='bbox 3004 3750 3272 3805; x_wconf 87' lang='lat' dir='ltr'>Christus</span> <span class='ocrx_word' id='word_1_693' title='bbox 3304 3765 3426 3803; x_wconf 89' lang='lat' dir='ltr'>non</span> <span class='ocrx_word' id='word_1_694' title='bbox 3469 3750 3818 3813; x_wconf 80' lang='lat' dir='ltr'>resurrexit,</span> 
     </span>
    </p>
   </div>
   <div class='ocr_carea' id='block_1_88' title="bbox 2167 3837 3815 3914">
    <p class='ocr_par' dir='ltr' id='par_1_88' title="bbox 2167 3837 3815 3914">
     <span class='ocr_line' id='line_1_89' title="bbox 2167 3837 3815 3914; baseline -0.004 -16"><span class='ocrx_word' id='word_1_695' title='bbox 2167 3865 2194 3895; x_wconf 76' lang='grc' dir='ltr'>ιι</span> <span class='ocrx_word' id='word_1_696' title='bbox 2226 3844 2422 3900; x_wconf 87' lang='lat' dir='ltr'>inanis</span> <span class='ocrx_word' id='word_1_697' title='bbox 2455 3860 2595 3899; x_wconf 87' lang='lat' dir='ltr'>sane</span> <span class='ocrx_word' id='word_1_698' title='bbox 2625 3848 2716 3898; x_wconf 87' lang='lat' dir='ltr'>est</span> <span class='ocrx_word' id='word_1_699' title='bbox 2745 3841 3088 3914; x_wconf 72' lang='lat' dir='ltr'>praedicatio</span> <span class='ocrx_word' id='word_1_700' title='bbox 3119 3844 3344 3903; x_wconf 90' lang='lat' dir='ltr'>nostra,</span> <span class='ocrx_word' id='word_1_701' title='bbox 3378 3837 3578 3893; x_wconf 88' lang='lat' dir='ltr'>inanis</span> <span class='ocrx_word' id='word_1_702' title='bbox 3617 3842 3815 3893; x_wconf 90' lang='lat' dir='ltr'>autem</span> 
     </span>
    </p>
   </div>
   <div class='ocr_carea' id='block_1_89' title="bbox 2170 3927 3821 3999">
    <p class='ocr_par' dir='ltr' id='par_1_89' title="bbox 2170 3927 3821 3999">
     <span class='ocr_line' id='line_1_90' title="bbox 2170 3927 3821 3999; baseline -0.005 -11"><span class='ocrx_word' id='word_1_703' title='bbox 2170 3950 2194 3981; x_wconf 72' lang='grc' dir='ltr'><strong><em>ο</em></strong></span> <span class='ocrx_word' id='word_1_704' title='bbox 2228 3938 2319 3988; x_wconf 90' lang='lat' dir='ltr'>est</span> <span class='ocrx_word' id='word_1_705' title='bbox 2353 3937 2413 3988; x_wconf 89' lang='lat' dir='ltr'>et</span> <span class='ocrx_word' id='word_1_706' title='bbox 2442 3932 2589 3988; x_wconf 77' lang='lat' dir='ltr'>fides</span> <span class='ocrx_word' id='word_1_707' title='bbox 2620 3936 2843 3986; x_wconf 90' lang='lat' dir='ltr'>nostra.</span> <span class='ocrx_word' id='word_1_708' title='bbox 2876 3928 3230 3999; x_wconf 83' lang='lat' dir='ltr'>Reperimur</span> <span class='ocrx_word' id='word_1_709' title='bbox 3285 3927 3433 3983; x_wconf 75' lang='lat'><strong>571</strong></span> <span class='ocrx_word' id='word_1_710' title='bbox 3499 3930 3700 3982; x_wconf 86' lang='lat' dir='ltr'>autem</span> <span class='ocrx_word' id='word_1_711' title='bbox 3761 3931 3821 3981; x_wconf 90' lang='lat' dir='ltr'>et</span> 
     </span>
    </p>
   </div>
   <div class='ocr_carea' id='block_1_90' title="bbox 2166 4016 3816 4089">
    <p class='ocr_par' dir='ltr' id='par_1_90' title="bbox 2166 4016 3816 4089">
     <span class='ocr_line' id='line_1_91' title="bbox 2166 4016 3816 4089; baseline -0.001 -16"><span class='ocrx_word' id='word_1_712' title='bbox 2166 4045 2197 4073; x_wconf 74' lang='grc' dir='ltr'>ει</span> <span class='ocrx_word' id='word_1_713' title='bbox 2226 4022 2361 4077; x_wconf 84' lang='lat' dir='ltr'>falsi</span> <span class='ocrx_word' id='word_1_714' title='bbox 2395 4027 2576 4078; x_wconf 90' lang='lat' dir='ltr'>testes</span> <span class='ocrx_word' id='word_1_715' title='bbox 2598 4021 2701 4075; x_wconf 90' lang='lat' dir='ltr'>Dei</span> <span class='ocrx_word' id='word_1_716' title='bbox 2737 4036 2750 4073; x_wconf 95' lang='lat'>:</span> <span class='ocrx_word' id='word_1_717' title='bbox 2785 4018 3070 4089; x_wconf 89' lang='lat' dir='ltr'>quoniam</span> <span class='ocrx_word' id='word_1_718' title='bbox 3129 4016 3429 4071; x_wconf 80' lang='lat' dir='ltr'>testiﬁcati</span> <span class='ocrx_word' id='word_1_719' title='bbox 3486 4032 3692 4071; x_wconf 89' lang='lat' dir='ltr'>sumus</span> <span class='ocrx_word' id='word_1_720' title='bbox 3744 4016 3816 4073; x_wconf 87' lang='lat' dir='ltr'>de</span> 
     </span>
    </p>
   </div>
   <div class='ocr_carea' id='block_1_91' title="bbox 2166 4104 3821 4182">
    <p class='ocr_par' dir='ltr' id='par_1_91' title="bbox 2166 4104 3821 4182">
     <span class='ocr_line' id='line_1_92' title="bbox 2166 4104 3821 4182; baseline -0.005 -15"><span class='ocrx_word' id='word_1_721' title='bbox 2166 4133 2195 4161; x_wconf 86' lang='lat'>«</span> <span class='ocrx_word' id='word_1_722' title='bbox 2230 4113 2367 4178; x_wconf 91' lang='lat' dir='ltr'>Deo,</span> <span class='ocrx_word' id='word_1_723' title='bbox 2402 4109 2561 4182; x_wconf 92' lang='lat' dir='ltr'>quod</span> <span class='ocrx_word' id='word_1_724' title='bbox 2592 4106 2933 4165; x_wconf 82' lang='lat' dir='ltr'>excitaverit</span> <span class='ocrx_word' id='word_1_725' title='bbox 2960 4104 3281 4167; x_wconf 87' lang='lat' dir='ltr'>Christum,</span> <span class='ocrx_word' id='word_1_726' title='bbox 3317 4122 3495 4176; x_wconf 89' lang='lat' dir='ltr'>quem</span> <span class='ocrx_word' id='word_1_727' title='bbox 3517 4121 3637 4159; x_wconf 90' lang='lat' dir='ltr'>non</span> <span class='ocrx_word' id='word_1_728' title='bbox 3665 4104 3821 4159; x_wconf 80' lang='lat' dir='ltr'>exci-</span> 
     </span>
    </p>
   </div>
   <div class='ocr_carea' id='block_1_92' title="bbox 2167 4195 3504 4268">
    <p class='ocr_par' dir='ltr' id='par_1_92' title="bbox 2167 4195 3504 4268">
     <span class='ocr_line' id='line_1_93' title="bbox 2167 4195 3504 4268; baseline -0.004 -19"><span class='ocrx_word' id='word_1_729' title='bbox 2167 4222 2194 4249; x_wconf 86' lang='grc'><strong>‹‹</strong></span> <span class='ocrx_word' id='word_1_730' title='bbox 2230 4199 2392 4266; x_wconf 87' lang='lat' dir='ltr'>tavit,</span> <span class='ocrx_word' id='word_1_731' title='bbox 2424 4198 2472 4253; x_wconf 90' lang='lat' dir='ltr'>si</span> <span class='ocrx_word' id='word_1_732' title='bbox 2505 4201 2664 4253; x_wconf 91' lang='lat' dir='ltr'>certe</span> <span class='ocrx_word' id='word_1_733' title='bbox 2692 4195 2914 4251; x_wconf 89' lang='lat' dir='ltr'>mortui</span> <span class='ocrx_word' id='word_1_734' title='bbox 2946 4211 3065 4250; x_wconf 88' lang='lat' dir='ltr'>non</span> <span class='ocrx_word' id='word_1_735' title='bbox 3097 4200 3438 4268; x_wconf 87' lang='lat' dir='ltr'>resurgunt.</span> <span class='ocrx_word' id='word_1_736' title='bbox 3477 4216 3504 4244; x_wconf 84' lang='lat'><strong>»</strong></span> 
     </span>
    </p>
   </div>
   <div class='ocr_carea' id='block_1_93' title="bbox 2239 4282 3817 4359">
    <p class='ocr_par' dir='ltr' id='par_1_93' title="bbox 2239 4282 3817 4359">
     <span class='ocr_line' id='line_1_94' title="bbox 2239 4282 3817 4359; baseline -0.006 -15"><span class='ocrx_word' id='word_1_737' title='bbox 2239 4288 2470 4359; x_wconf 90' lang='lat' dir='ltr'>Optime</span> <span class='ocrx_word' id='word_1_738' title='bbox 2525 4286 2805 4342; x_wconf 91' lang='lat' dir='ltr'>adversus</span> <span class='ocrx_word' id='word_1_739' title='bbox 2891 4285 3023 4340; x_wconf 91' lang='lat' dir='ltr'>illos</span> <span class='ocrx_word' id='word_1_740' title='bbox 3080 4284 3484 4340; x_wconf 89' lang='lat' dir='ltr'>ratiocinatur.</span> <span class='ocrx_word' id='word_1_741' title='bbox 3558 4282 3817 4336; x_wconf 88' lang='lat' dir='ltr'>Primum</span> 
     </span>
    </p>
   </div>
   <div class='ocr_carea' id='block_1_94' title="bbox 2169 4370 3822 4446">
    <p class='ocr_par' dir='ltr' id='par_1_94' title="bbox 2169 4370 3822 4446">
     <span class='ocr_line' id='line_1_95' title="bbox 2169 4370 3822 4446; baseline -0.005 -15"><span class='ocrx_word' id='word_1_742' title='bbox 2169 4376 2329 4432; x_wconf 90' lang='lat' dir='ltr'>enim</span> <span class='ocrx_word' id='word_1_743' title='bbox 2362 4375 2685 4432; x_wconf 88' lang='lat' dir='ltr'>ostendens</span> <span class='ocrx_word' id='word_1_744' title='bbox 2737 4374 2896 4446; x_wconf 90' lang='lat' dir='ltr'>quod</span> <span class='ocrx_word' id='word_1_745' title='bbox 2952 4373 3222 4429; x_wconf 88' lang='lat' dir='ltr'>Christus</span> <span class='ocrx_word' id='word_1_746' title='bbox 3279 4370 3690 4435; x_wconf 85' lang='lat' dir='ltr'>resurrexerit,</span> <span class='ocrx_word' id='word_1_747' title='bbox 3751 4385 3822 4423; x_wconf 87' lang='lat' dir='ltr'>ex</span> 
     </span>
    </p>
   </div>
   <div class='ocr_carea' id='block_1_95' title="bbox 2172 4458 3819 4537">
    <p class='ocr_par' dir='ltr' id='par_1_95' title="bbox 2172 4458 3819 4537">
     <span class='ocr_line' id='line_1_96' title="bbox 2172 4458 3819 4537; baseline -0.005 -17"><span class='ocrx_word' id='word_1_748' title='bbox 2172 4464 2301 4537; x_wconf 87' lang='lat' dir='ltr'>ejus</span> <span class='ocrx_word' id='word_1_749' title='bbox 2323 4464 2793 4520; x_wconf 88' lang='lat' dir='ltr'>ressurrectione</span> <span class='ocrx_word' id='word_1_750' title='bbox 2824 4478 3204 4519; x_wconf 89' lang='lat' dir='ltr'>communem</span> <span class='ocrx_word' id='word_1_751' title='bbox 3237 4460 3415 4517; x_wconf 89' lang='lat' dir='ltr'>etiam</span> <span class='ocrx_word' id='word_1_752' title='bbox 3434 4458 3819 4513; x_wconf 87' lang='lat' dir='ltr'>resurrectio-</span> 
     </span>
    </p>
   </div>
   <div class='ocr_carea' id='block_1_96' title="bbox 411 4535 2052 4625">
    <p class='ocr_par' dir='ltr' id='par_1_96' title="bbox 411 4546 2052 4624">
     <span class='ocr_line' id='line_1_97' title="bbox 411 4546 2052 4624; baseline 0.002 -21"><span class='ocrx_word' id='word_1_753' title='bbox 411 4547 571 4620; x_wconf 63' lang='grc' dir='ltr'>μένου</span> <span class='ocrx_word' id='word_1_754' title='bbox 601 4550 833 4604; x_wconf 83' lang='grc' dir='ltr'>πάντοτε</span> <span class='ocrx_word' id='word_1_755' title='bbox 863 4550 954 4604; x_wconf 77' lang='grc' dir='ltr'>καὶ</span> <span class='ocrx_word' id='word_1_756' title='bbox 984 4551 1201 4609; x_wconf 86' lang='grc' dir='ltr'>πάντως</span> <span class='ocrx_word' id='word_1_757' title='bbox 1247 4552 1348 4604; x_wconf 88' lang='grc' dir='ltr'>τοῦ</span> <span class='ocrx_word' id='word_1_758' title='bbox 1400 4546 1535 4603; x_wconf 74' lang='grc' dir='ltr'>ὅλου</span> <span class='ocrx_word' id='word_1_759' title='bbox 1592 4554 1672 4622; x_wconf 81' lang='grc' dir='ltr'>τῷ</span> <span class='ocrx_word' id='word_1_760' title='bbox 1732 4548 1905 4624; x_wconf 80' lang='grc' dir='ltr'>μέρει,</span> <span class='ocrx_word' id='word_1_761' title='bbox 1965 4550 2052 4606; x_wconf 78' lang='grc' dir='ltr'>καὶ</span> 
     </span>
    </p>
   </div>
   <div class='ocr_carea' id='block_1_97' title="bbox 2162 4535 3824 4625">
    <p class='ocr_par' dir='ltr' id='par_1_97' title="bbox 2173 4535 3824 4625">
     <span class='ocr_line' id='line_1_98' title="bbox 2173 4535 3824 4625; baseline -0.006 -15"><span class='ocrx_word' id='word_1_762' title='bbox 2173 4535 2311 4610; x_wconf 79' lang='lat' dir='ltr'>nem</span> <span class='ocrx_word' id='word_1_763' title='bbox 2337 4554 2671 4620; x_wconf 81' lang='lat' dir='ltr'>confirmat,</span> <span class='ocrx_word' id='word_1_764' title='bbox 2692 4558 2975 4625; x_wconf 88' lang='lat' dir='ltr'>tanquam</span> <span class='ocrx_word' id='word_1_765' title='bbox 2994 4552 3213 4622; x_wconf 87' lang='lat' dir='ltr'>ubique</span> <span class='ocrx_word' id='word_1_766' title='bbox 3229 4555 3286 4606; x_wconf 92' lang='lat' dir='ltr'>et</span> <span class='ocrx_word' id='word_1_767' title='bbox 3313 4548 3374 4603; x_wconf 92' lang='lat' dir='ltr'>in</span> <span class='ocrx_word' id='word_1_768' title='bbox 3424 4547 3706 4603; x_wconf 87' lang='lat' dir='ltr'>omntbus</span> <span class='ocrx_word' id='word_1_769' title='bbox 3738 4552 3824 4602; x_wconf 89' lang='lat' dir='ltr'>to-</span> 
     </span>
    </p>
   </div>
   <div class='ocr_carea' id='block_1_98' title="bbox 404 4636 2056 4716">
    <p class='ocr_par' dir='ltr' id='par_1_98' title="bbox 404 4636 2056 4716">
     <span class='ocr_line' id='line_1_99' title="bbox 404 4636 2056 4716; baseline 0.002 -25"><span class='ocrx_word' id='word_1_770' title='bbox 404 4640 475 4710; x_wconf 77' lang='grc' dir='ltr'>τῇ</span> <span class='ocrx_word' id='word_1_771' title='bbox 529 4636 740 4716; x_wconf 72' lang='grc' dir='ltr'>κεφαλῇ</span> <span class='ocrx_word' id='word_1_772' title='bbox 796 4642 894 4693; x_wconf 85' lang='grc' dir='ltr'>τοῦ</span> <span class='ocrx_word' id='word_1_773' title='bbox 979 4636 1184 4693; x_wconf 89' lang='grc' dir='ltr'>λοιποῦ</span> <span class='ocrx_word' id='word_1_774' title='bbox 1224 4638 1499 4710; x_wconf 82' lang='grc' dir='ltr'>σώματος.</span> <span class='ocrx_word' id='word_1_775' title='bbox 1569 4662 1597 4690; x_wconf 90' lang='grc'>‹‹</span> <span class='ocrx_word' id='word_1_776' title='bbox 1657 4642 1779 4701; x_wconf 85' lang='grc' dir='ltr'>Πῶς</span> <span class='ocrx_word' id='word_1_777' title='bbox 1834 4637 2056 4716; x_wconf 74' lang='grc' dir='ltr'>λέγουσί</span> 
     </span>
    </p>
   </div>
   <div class='ocr_carea' id='block_1_99' title="bbox 406 4724 2060 4806">
    <p class='ocr_par' dir='ltr' id='par_1_99' title="bbox 406 4724 2060 4806">
     <span class='ocr_line' id='line_1_100' title="bbox 406 4724 2060 4806; baseline 0.004 -25"><span class='ocrx_word' id='word_1_778' title='bbox 406 4748 546 4791; x_wconf 89' lang='grc' dir='ltr'>τινες</span> <span class='ocrx_word' id='word_1_779' title='bbox 582 4724 634 4783; x_wconf 74' lang='grc' dir='ltr'>ἔν</span> <span class='ocrx_word' id='word_1_780' title='bbox 668 4729 814 4803; x_wconf 81' lang='grc' dir='ltr'>ύμῖν.</span> <span class='ocrx_word' id='word_1_781' title='bbox 848 4754 875 4781; x_wconf 87' lang='grc'>››</span> <span class='ocrx_word' id='word_1_782' title='bbox 933 4730 1075 4806; x_wconf 69' lang='lat' dir='ltr'>&quot;Op:</span> <span class='ocrx_word' id='word_1_783' title='bbox 1128 4734 1245 4791; x_wconf 86' lang='grc' dir='ltr'>πῶς</span> <span class='ocrx_word' id='word_1_784' title='bbox 1302 4729 1364 4783; x_wconf 86' lang='grc' dir='ltr'>ού</span> <span class='ocrx_word' id='word_1_785' title='bbox 1414 4730 1550 4784; x_wconf 80' lang='grc' dir='ltr'>κατὰ</span> <span class='ocrx_word' id='word_1_786' title='bbox 1605 4730 1820 4786; x_wconf 87' lang='grc' dir='ltr'>πάντων</span> <span class='ocrx_word' id='word_1_787' title='bbox 1875 4738 2060 4788; x_wconf 86' lang='grc' dir='ltr'>ποιεῖ-</span> 
     </span>
    </p>
   </div>
   <div class='ocr_carea' id='block_1_100' title="bbox 407 4817 2056 4897">
    <p class='ocr_par' dir='ltr' id='par_1_100' title="bbox 407 4817 2056 4897">
     <span class='ocr_line' id='line_1_101' title="bbox 407 4817 2056 4897; baseline 0.015 -43"><span class='ocrx_word' id='word_1_788' title='bbox 407 4820 627 4888; x_wconf 65' lang='grc' dir='ltr'>ταιτὴν</span> <span class='ocrx_word' id='word_1_789' title='bbox 662 4820 1014 4891; x_wconf 64' lang='grc' dir='ltr'>κατηγορίαν,</span> <span class='ocrx_word' id='word_1_790' title='bbox 1069 4819 1161 4873; x_wconf 74' lang='grc' dir='ltr'>ἳνα</span> <span class='ocrx_word' id='word_1_791' title='bbox 1214 4819 1288 4890; x_wconf 82' lang='grc' dir='ltr'>μή</span> <span class='ocrx_word' id='word_1_792' title='bbox 1349 4817 1835 4897; x_wconf 76' lang='grc' dir='ltr'>ἀναιχυντοτὲρους</span> <span class='ocrx_word' id='word_1_793' title='bbox 1893 4823 2056 4897; x_wconf 67' lang='grc' dir='ltr'>εργά-</span> 
     </span>
    </p>
   </div>
   <div class='ocr_carea' id='block_1_101' title="bbox 411 4903 2057 4977">
    <p class='ocr_par' dir='ltr' id='par_1_101' title="bbox 411 4903 2057 4977">
     <span class='ocr_line' id='line_1_102' title="bbox 411 4903 2057 4977; baseline 0.002 -16"><span class='ocrx_word' id='word_1_794' title='bbox 411 4926 589 4977; x_wconf 86' lang='grc' dir='ltr'>σηται.</span> <span class='ocrx_word' id='word_1_795' title='bbox 652 4931 680 4959; x_wconf 84' lang='lat'><strong><em>«</em></strong></span> <span class='ocrx_word' id='word_1_796' title='bbox 717 4906 785 4963; x_wconf 65' lang='grc' dir='ltr'>Εἴ</span> <span class='ocrx_word' id='word_1_797' title='bbox 840 4906 896 4962; x_wconf 75' lang='grc' dir='ltr'>δὲ</span> <span class='ocrx_word' id='word_1_798' title='bbox 953 4907 1233 4968; x_wconf 87' lang='grc' dir='ltr'>ἀνάστασις</span> <span class='ocrx_word' id='word_1_799' title='bbox 1290 4911 1490 4975; x_wconf 72' lang='grc' dir='ltr'>νεκρῶν</span> <span class='ocrx_word' id='word_1_800' title='bbox 1547 4908 1649 4963; x_wconf 80' lang='grc' dir='ltr'>οὐκ</span> <span class='ocrx_word' id='word_1_801' title='bbox 1687 4903 1850 4965; x_wconf 78' lang='grc' dir='ltr'>ἔστιν.</span> <span class='ocrx_word' id='word_1_802' title='bbox 1887 4913 2057 4970; x_wconf 83' lang='grc' dir='ltr'>«Ἵνα</span> 
     </span>
    </p>
   </div>
   <div class='ocr_carea' id='block_1_102' title="bbox 413 4994 2053 5073">
    <p class='ocr_par' dir='ltr' id='par_1_102' title="bbox 413 4994 2053 5073">
     <span class='ocr_line' id='line_1_103' title="bbox 413 4994 2053 5073; baseline 0.005 -23"><span class='ocrx_word' id='word_1_803' title='bbox 413 4997 487 5069; x_wconf 76' lang='grc' dir='ltr'>μὴ</span> <span class='ocrx_word' id='word_1_804' title='bbox 523 4995 750 5073; x_wconf 74' lang='grc' dir='ltr'>λέγωσιν</span> <span class='ocrx_word' id='word_1_805' title='bbox 782 4994 867 5050; x_wconf 73' lang='grc' dir='ltr'>ὅτι</span> <span class='ocrx_word' id='word_1_806' title='bbox 898 4997 926 5051; x_wconf 81' lang='grc' dir='ltr'>ὁ</span> <span class='ocrx_word' id='word_1_807' title='bbox 962 4996 1054 5069; x_wconf 77' lang='grc' dir='ltr'>μὶν</span> <span class='ocrx_word' id='word_1_808' title='bbox 1080 4996 1311 5071; x_wconf 77' lang='grc' dir='ltr'>Χριστὸς</span> <span class='ocrx_word' id='word_1_809' title='bbox 1341 4997 1742 5071; x_wconf 40' lang='lat' dir='ltr'>syri-{2.011506</span> <span class='ocrx_word' id='word_1_810' title='bbox 1764 4999 1873 5072; x_wconf 70' lang='grc' dir='ltr'>μὴν</span> <span class='ocrx_word' id='word_1_811' title='bbox 1904 4994 2053 5057; x_wconf 71' lang='grc' dir='ltr'>ἔσται</span> 
     </span>
    </p>
   </div>
   <div class='ocr_carea' id='block_1_103' title="bbox 406 5082 2056 5153">
    <p class='ocr_par' dir='ltr' id='par_1_103' title="bbox 406 5082 2056 5153">
     <span class='ocr_line' id='line_1_104' title="bbox 406 5082 2056 5153; baseline 0.004 -16"><span class='ocrx_word' id='word_1_812' title='bbox 406 5083 496 5138; x_wconf 77' lang='grc' dir='ltr'>καὶ</span> <span class='ocrx_word' id='word_1_813' title='bbox 554 5083 824 5153; x_wconf 82' lang='grc' dir='ltr'>κατολική</span> <span class='ocrx_word' id='word_1_814' title='bbox 909 5082 1215 5153; x_wconf 82' lang='grc' dir='ltr'>ἀνάστασις,</span> <span class='ocrx_word' id='word_1_815' title='bbox 1297 5084 1361 5139; x_wconf 73' lang='grc' dir='ltr'>ἓκ</span> <span class='ocrx_word' id='word_1_816' title='bbox 1442 5088 1540 5138; x_wconf 82' lang='grc' dir='ltr'>τοῦ</span> <span class='ocrx_word' id='word_1_817' title='bbox 1598 5085 1841 5141; x_wconf 87' lang='grc' dir='ltr'>ἐναντίου</span> <span class='ocrx_word' id='word_1_818' title='bbox 1898 5108 2056 5145; x_wconf 81' lang='grc' dir='ltr'>κατα-</span> 
     </span>
    </p>
   </div>
   <div class='ocr_carea' id='block_1_104' title="bbox 409 5171 2034 5252">
    <p class='ocr_par' dir='ltr' id='par_1_104' title="bbox 409 5171 2034 5252">
     <span class='ocr_line' id='line_1_105' title="bbox 409 5171 2034 5252; baseline 0.003 -25"><span class='ocrx_word' id='word_1_819' title='bbox 409 5173 649 5242; x_wconf 77' lang='grc' dir='ltr'>σκευάζει</span> <span class='ocrx_word' id='word_1_820' title='bbox 708 5172 860 5228; x_wconf 76' lang='grc' dir='ltr'>αὐτό.</span> <span class='ocrx_word' id='word_1_821' title='bbox 938 5172 1003 5230; x_wconf 73' lang='grc' dir='ltr'>ΕΞ</span> <span class='ocrx_word' id='word_1_822' title='bbox 1088 5171 1395 5241; x_wconf 73' lang='grc' dir='ltr'>ἀνάστασις,</span> <span class='ocrx_word' id='word_1_823' title='bbox 1482 5174 1668 5252; x_wconf 68' lang='grc' dir='ltr'>φησὶν,</span> <span class='ocrx_word' id='word_1_824' title='bbox 1739 5174 1840 5231; x_wconf 83' lang='grc' dir='ltr'>οὐκ</span> <span class='ocrx_word' id='word_1_825' title='bbox 1895 5175 2034 5232; x_wconf 84' lang='grc' dir='ltr'>ἔστιν</span> 
     </span>
    </p>
   </div>
   <div class='ocr_carea' id='block_1_105' title="bbox 407 5258 2057 5344">
    <p class='ocr_par' dir='ltr' id='par_1_105' title="bbox 407 5258 2057 5344">
     <span class='ocr_line' id='line_1_106' title="bbox 407 5258 2057 5344; baseline 0.003 -29"><span class='ocrx_word' id='word_1_826' title='bbox 407 5258 534 5316; x_wconf 72' lang='grc' dir='ltr'>οὐδὲ</span> <span class='ocrx_word' id='word_1_827' title='bbox 576 5263 814 5334; x_wconf 78' lang='grc' dir='ltr'>Χριστὸς</span> <span class='ocrx_word' id='word_1_828' title='bbox 860 5263 1172 5339; x_wconf 68' lang='grc' dir='ltr'>ἒγήγερται.</span> <span class='ocrx_word' id='word_1_829' title='bbox 1230 5263 1495 5317; x_wconf 86' lang='grc' dir='ltr'>Ἔκαστον</span> <span class='ocrx_word' id='word_1_830' title='bbox 1548 5264 1673 5339; x_wconf 72' lang='grc' dir='ltr'>γάρ,</span> <span class='ocrx_word' id='word_1_831' title='bbox 1742 5267 1897 5344; x_wconf 69' lang='grc' dir='ltr'>φησί,</span> <span class='ocrx_word' id='word_1_832' title='bbox 1960 5271 2057 5322; x_wconf 89' lang='grc' dir='ltr'>τοῦ</span> 
     </span>
    </p>
   </div>
   <div class='ocr_carea' id='block_1_106' title="bbox 407 5348 2053 5432">
    <p class='ocr_par' dir='ltr' id='par_1_106' title="bbox 407 5348 2053 5432">
     <span class='ocr_line' id='line_1_107' title="bbox 407 5348 2053 5432; baseline 0.004 -27"><span class='ocrx_word' id='word_1_833' title='bbox 407 5350 593 5424; x_wconf 68' lang='grc' dir='ltr'>ἑτερου</span> <span class='ocrx_word' id='word_1_834' title='bbox 649 5351 1136 5406; x_wconf 84' lang='grc' dir='ltr'>κατασκευαστικὸν</span> <span class='ocrx_word' id='word_1_835' title='bbox 1203 5351 1292 5406; x_wconf 83' lang='grc' dir='ltr'>καὶ</span> <span class='ocrx_word' id='word_1_836' title='bbox 1340 5348 1721 5408; x_wconf 84' lang='grc' dir='ltr'>ἀποδεικτικὸν</span> <span class='ocrx_word' id='word_1_837' title='bbox 1770 5356 2053 5432; x_wconf 84' lang='grc' dir='ltr'>τυγχάνει.</span> 
     </span>
    </p>
   </div>
   <div class='ocr_carea' id='block_1_107' title="bbox 408 5435 2058 5513">
    <p class='ocr_par' dir='ltr' id='par_1_107' title="bbox 408 5435 2058 5513">
     <span class='ocr_line' id='line_1_108' title="bbox 408 5435 2058 5513; baseline 0.007 -25"><span class='ocrx_word' id='word_1_838' title='bbox 408 5462 435 5489; x_wconf 86' lang='grc'>‹‹</span> <span class='ocrx_word' id='word_1_839' title='bbox 470 5437 536 5495; x_wconf 68' lang='grc' dir='ltr'>Εἴ</span> <span class='ocrx_word' id='word_1_840' title='bbox 584 5435 642 5493; x_wconf 73' lang='grc' dir='ltr'>δὲ</span> <span class='ocrx_word' id='word_1_841' title='bbox 680 5439 915 5513; x_wconf 84' lang='grc' dir='ltr'>Χριστὸς</span> <span class='ocrx_word' id='word_1_842' title='bbox 947 5437 1049 5494; x_wconf 78' lang='grc' dir='ltr'>οὐκ</span> <span class='ocrx_word' id='word_1_843' title='bbox 1101 5440 1413 5513; x_wconf 72' lang='grc' dir='ltr'>ἒγήγερται.</span> <span class='ocrx_word' id='word_1_844' title='bbox 1462 5460 1489 5493; x_wconf 70' lang='grc' dir='ltr'><strong>ι</strong></span> <span class='ocrx_word' id='word_1_845' title='bbox 1545 5440 1661 5498; x_wconf 78' lang='grc' dir='ltr'>Οὐκ</span> <span class='ocrx_word' id='word_1_846' title='bbox 1715 5442 1881 5509; x_wconf 82' lang='grc' dir='ltr'>εἶπεν,</span> <span class='ocrx_word' id='word_1_847' title='bbox 1942 5444 2058 5503; x_wconf 81' lang='grc' dir='ltr'>Οὐκ</span> 
     </span>
    </p>
   </div>
   <div class='ocr_carea' id='block_1_108' title="bbox 403 5524 2056 5603">
    <p class='ocr_par' dir='ltr' id='par_1_108' title="bbox 403 5524 2056 5603">
     <span class='ocr_line' id='line_1_109' title="bbox 403 5524 2056 5603; baseline 0.007 -28"><span class='ocrx_word' id='word_1_848' title='bbox 403 5526 716 5599; x_wconf 56' lang='grc' dir='ltr'>ἓσαρκώθη,</span> <span class='ocrx_word' id='word_1_849' title='bbox 746 5525 899 5597; x_wconf 82' lang='grc' dir='ltr'>ἀλλ’,</span> <span class='ocrx_word' id='word_1_850' title='bbox 933 5553 958 5579; x_wconf 78' lang='grc' dir='ltr'>α</span> <span class='ocrx_word' id='word_1_851' title='bbox 994 5525 1108 5584; x_wconf 80' lang='grc' dir='ltr'>Οὐκ</span> <span class='ocrx_word' id='word_1_852' title='bbox 1135 5528 1450 5603; x_wconf 66' lang='grc' dir='ltr'>ἐγήγερταιθ</span> <span class='ocrx_word' id='word_1_853' title='bbox 1483 5549 1511 5578; x_wconf 81' lang='grc'>››</span> <span class='ocrx_word' id='word_1_854' title='bbox 1568 5524 1778 5591; x_wconf 73' lang='grc' dir='ltr'>δεικνὺς</span> <span class='ocrx_word' id='word_1_855' title='bbox 1816 5532 1902 5586; x_wconf 80' lang='grc' dir='ltr'>καὶ</span> <span class='ocrx_word' id='word_1_856' title='bbox 1956 5533 2056 5601; x_wconf 78' lang='grc' dir='ltr'>τὴν</span> 
     </span>
    </p>
   </div>
   <div class='ocr_carea' id='block_1_109' title="bbox 411 5614 2055 5696">
    <p class='ocr_par' dir='ltr' id='par_1_109' title="bbox 411 5614 2055 5696">
     <span class='ocr_line' id='line_1_110' title="bbox 411 5614 2055 5696; baseline 0.004 -26"><span class='ocrx_word' id='word_1_857' title='bbox 411 5614 676 5690; x_wconf 84' lang='grc' dir='ltr'>σάρκωσιν</span> <span class='ocrx_word' id='word_1_858' title='bbox 717 5619 785 5689; x_wconf 77' lang='grc' dir='ltr'>τῇ</span> <span class='ocrx_word' id='word_1_859' title='bbox 845 5616 1129 5672; x_wconf 79' lang='grc' dir='ltr'>ἀναστάσει</span> <span class='ocrx_word' id='word_1_860' title='bbox 1189 5623 1476 5696; x_wconf 72' lang='grc' dir='ltr'>συνῆφθαι,</span> <span class='ocrx_word' id='word_1_861' title='bbox 1508 5617 1598 5672; x_wconf 87' lang='grc' dir='ltr'>καὶ</span> <span class='ocrx_word' id='word_1_862' title='bbox 1629 5615 1718 5672; x_wconf 81' lang='grc' dir='ltr'>διὰ</span> <span class='ocrx_word' id='word_1_863' title='bbox 1773 5623 1935 5676; x_wconf 86' lang='grc' dir='ltr'>τοῦτο</span> <span class='ocrx_word' id='word_1_864' title='bbox 1965 5641 2055 5676; x_wconf 71' lang='grc' dir='ltr'>σεο</span> 
     </span>
    </p>
   </div>
   <div class='ocr_carea' id='block_1_110' title="bbox 2169 4640 3818 4716">
    <p class='ocr_par' dir='ltr' id='par_1_110' title="bbox 2169 4640 3818 4716">
     <span class='ocr_line' id='line_1_111' title="bbox 2169 4640 3818 4716; baseline -0.007 -17"><span class='ocrx_word' id='word_1_865' title='bbox 2169 4650 2292 4699; x_wconf 90' lang='lat' dir='ltr'>tum</span> <span class='ocrx_word' id='word_1_866' title='bbox 2314 4648 2599 4715; x_wconf 87' lang='lat' dir='ltr'>sequatur</span> <span class='ocrx_word' id='word_1_867' title='bbox 2620 4649 2872 4716; x_wconf 88' lang='lat' dir='ltr'>partem,</span> <span class='ocrx_word' id='word_1_868' title='bbox 2896 4648 2952 4698; x_wconf 90' lang='lat' dir='ltr'>et</span> <span class='ocrx_word' id='word_1_869' title='bbox 2990 4640 3291 4712; x_wconf 88' lang='lat' dir='ltr'>reliquum</span> <span class='ocrx_word' id='word_1_870' title='bbox 3344 4652 3560 4708; x_wconf 87' lang='lat' dir='ltr'>corpus</span> <span class='ocrx_word' id='word_1_871' title='bbox 3593 4652 3818 4706; x_wconf 87' lang='lat' dir='ltr'>sequa-</span> 
     </span>
    </p>
   </div>
   <div class='ocr_carea' id='block_1_111' title="bbox 2169 4725 3823 4805">
    <p class='ocr_par' dir='ltr' id='par_1_111' title="bbox 2169 4725 3823 4805">
     <span class='ocr_line' id='line_1_112' title="bbox 2169 4725 3823 4805; baseline -0.008 -18"><span class='ocrx_word' id='word_1_872' title='bbox 2169 4738 2264 4788; x_wconf 90' lang='lat' dir='ltr'>tur</span> <span class='ocrx_word' id='word_1_873' title='bbox 2293 4738 2490 4805; x_wconf 86' lang='lat' dir='ltr'>caput.</span> <span class='ocrx_word' id='word_1_874' title='bbox 2524 4756 2552 4784; x_wconf 83' lang='lat'>«</span> <span class='ocrx_word' id='word_1_875' title='bbox 2586 4732 2888 4799; x_wconf 91' lang='lat' dir='ltr'>Quomodo</span> <span class='ocrx_word' id='word_1_876' title='bbox 2920 4731 3125 4786; x_wconf 86' lang='lat' dir='ltr'>dicunt</span> <span class='ocrx_word' id='word_1_877' title='bbox 3152 4728 3393 4799; x_wconf 89' lang='lat' dir='ltr'>quidam</span> <span class='ocrx_word' id='word_1_878' title='bbox 3428 4725 3585 4780; x_wconf 89' lang='lat' dir='ltr'>inter</span> <span class='ocrx_word' id='word_1_879' title='bbox 3638 4741 3757 4779; x_wconf 82' lang='lat' dir='ltr'>vos.</span> <span class='ocrx_word' id='word_1_880' title='bbox 3795 4747 3823 4774; x_wconf 73' lang='grc' dir='ltr'>ι»</span> 
     </span>
    </p>
   </div>
   <div class='ocr_carea' id='block_1_112' title="bbox 2167 4814 3827 4893">
    <p class='ocr_par' dir='ltr' id='par_1_112' title="bbox 2167 4814 3827 4893">
     <span class='ocr_line' id='line_1_113' title="bbox 2167 4814 3827 4893; baseline -0.007 -15"><span class='ocrx_word' id='word_1_881' title='bbox 2167 4822 2492 4879; x_wconf 87' lang='lat' dir='ltr'>Considera</span> <span class='ocrx_word' id='word_1_882' title='bbox 2521 4822 2679 4893; x_wconf 90' lang='lat' dir='ltr'>quod</span> <span class='ocrx_word' id='word_1_883' title='bbox 2711 4838 2831 4876; x_wconf 90' lang='lat' dir='ltr'>non</span> <span class='ocrx_word' id='word_1_884' title='bbox 2854 4820 3136 4875; x_wconf 85' lang='lat' dir='ltr'>adversus</span> <span class='ocrx_word' id='word_1_885' title='bbox 3166 4833 3378 4872; x_wconf 88' lang='lat' dir='ltr'>omnes</span> <span class='ocrx_word' id='word_1_886' title='bbox 3402 4814 3623 4870; x_wconf 85' lang='lat' dir='ltr'>formet</span> <span class='ocrx_word' id='word_1_887' title='bbox 3650 4829 3827 4868; x_wconf 55' lang='lat' dir='ltr'>aceti.</span> 
     </span>
    </p>
   </div>
   <div class='ocr_carea' id='block_1_113' title="bbox 2167 4903 3825 4979">
    <p class='ocr_par' dir='ltr' id='par_1_113' title="bbox 2167 4903 3825 4979">
     <span class='ocr_line' id='line_1_114' title="bbox 2167 4903 3825 4979; baseline -0.007 -11"><span class='ocrx_word' id='word_1_888' title='bbox 2167 4912 2482 4979; x_wconf 88' lang='lat' dir='ltr'>sationem,</span> <span class='ocrx_word' id='word_1_889' title='bbox 2516 4928 2590 4966; x_wconf 90' lang='lat' dir='ltr'>ne</span> <span class='ocrx_word' id='word_1_890' title='bbox 2621 4911 2873 4965; x_wconf 89' lang='lat' dir='ltr'>nimium</span> <span class='ocrx_word' id='word_1_891' title='bbox 2903 4926 3004 4964; x_wconf 89' lang='lat' dir='ltr'>eos</span> <span class='ocrx_word' id='word_1_892' title='bbox 3036 4906 3392 4979; x_wconf 86' lang='lat' dir='ltr'>pudefaciat.</span> <span class='ocrx_word' id='word_1_893' title='bbox 3430 4928 3457 4955; x_wconf 84' lang='grc'>‹‹</span> <span class='ocrx_word' id='word_1_894' title='bbox 3489 4904 3633 4958; x_wconf 83' lang='lat' dir='ltr'>Nam</span> <span class='ocrx_word' id='word_1_895' title='bbox 3668 4903 3715 4957; x_wconf 90' lang='lat' dir='ltr'>si</span> <span class='ocrx_word' id='word_1_896' title='bbox 3734 4919 3825 4957; x_wconf 90' lang='lat' dir='ltr'>re-</span> 
     </span>
    </p>
   </div>
   <div class='ocr_carea' id='block_1_114' title="bbox 2167 4991 3824 5058">
    <p class='ocr_par' dir='ltr' id='par_1_114' title="bbox 2167 4991 3824 5058">
     <span class='ocr_line' id='line_1_115' title="bbox 2167 4991 3824 5058; baseline -0.007 -2"><span class='ocrx_word' id='word_1_897' title='bbox 2167 5001 2455 5056; x_wconf 88' lang='lat' dir='ltr'>surrectio</span> <span class='ocrx_word' id='word_1_898' title='bbox 2486 5003 2856 5054; x_wconf 86' lang='lat' dir='ltr'>mortuorum</span> <span class='ocrx_word' id='word_1_899' title='bbox 2890 5015 3008 5054; x_wconf 90' lang='lat' dir='ltr'>non</span> <span class='ocrx_word' id='word_1_900' title='bbox 3043 5003 3152 5052; x_wconf 89' lang='lat' dir='ltr'>est.</span> <span class='ocrx_word' id='word_1_901' title='bbox 3190 5020 3218 5045; x_wconf 89' lang='grc'>››</span> <span class='ocrx_word' id='word_1_902' title='bbox 3247 5000 3327 5050; x_wconf 73' lang='lat' dir='ltr'>Ne</span> <span class='ocrx_word' id='word_1_903' title='bbox 3375 4993 3599 5058; x_wconf 89' lang='lat' dir='ltr'>dicant,</span> <span class='ocrx_word' id='word_1_904' title='bbox 3649 4991 3824 5046; x_wconf 89' lang='lat' dir='ltr'>Chri-</span> 
     </span>
    </p>
   </div>
   <div class='ocr_carea' id='block_1_115' title="bbox 2166 5080 3821 5160">
    <p class='ocr_par' dir='ltr' id='par_1_115' title="bbox 2166 5080 3821 5160">
     <span class='ocr_line' id='line_1_116' title="bbox 2166 5080 3821 5160; baseline -0.006 -16"><span class='ocrx_word' id='word_1_905' title='bbox 2166 5096 2292 5144; x_wconf 87' lang='lat' dir='ltr'>stus</span> <span class='ocrx_word' id='word_1_906' title='bbox 2316 5089 2555 5160; x_wconf 89' lang='lat' dir='ltr'>quidem</span> <span class='ocrx_word' id='word_1_907' title='bbox 2576 5088 2920 5157; x_wconf 85' lang='lat' dir='ltr'>resurrexit,</span> <span class='ocrx_word' id='word_1_908' title='bbox 2940 5086 3105 5158; x_wconf 88' lang='lat' dir='ltr'>atqui</span> <span class='ocrx_word' id='word_1_909' title='bbox 3131 5102 3255 5141; x_wconf 90' lang='lat' dir='ltr'>non</span> <span class='ocrx_word' id='word_1_910' title='bbox 3301 5084 3415 5140; x_wconf 90' lang='lat' dir='ltr'>erit</span> <span class='ocrx_word' id='word_1_911' title='bbox 3461 5080 3821 5138; x_wconf 89' lang='lat' dir='ltr'>universalis</span> 
     </span>
    </p>
   </div>
   <div class='ocr_carea' id='block_1_116' title="bbox 2165 5168 3817 5248">
    <p class='ocr_par' dir='ltr' id='par_1_116' title="bbox 2165 5168 3817 5248">
     <span class='ocr_line' id='line_1_117' title="bbox 2165 5168 3817 5248; baseline -0.005 -15"><span class='ocrx_word' id='word_1_912' title='bbox 2165 5177 2433 5233; x_wconf 88' lang='lat' dir='ltr'>omnium</span> <span class='ocrx_word' id='word_1_913' title='bbox 2456 5177 2812 5233; x_wconf 88' lang='lat' dir='ltr'>resurrectio</span> <span class='ocrx_word' id='word_1_914' title='bbox 2839 5193 2928 5232; x_wconf 86' lang='lat' dir='ltr'>:ex</span> <span class='ocrx_word' id='word_1_915' title='bbox 2954 5176 3226 5248; x_wconf 86' lang='lat' dir='ltr'>opposito</span> <span class='ocrx_word' id='word_1_916' title='bbox 3250 5173 3396 5229; x_wconf 88' lang='lat' dir='ltr'>illud</span> <span class='ocrx_word' id='word_1_917' title='bbox 3415 5168 3817 5229; x_wconf 79' lang='lat' dir='ltr'>confirmat.Si</span> 
     </span>
    </p>
   </div>
   <div class='ocr_carea' id='block_1_117' title="bbox 2164 5264 3822 5338">
    <p class='ocr_par' dir='ltr' id='par_1_117' title="bbox 2164 5264 3822 5338">
     <span class='ocr_line' id='line_1_118' title="bbox 2164 5264 3822 5338; baseline -0.005 -16"><span class='ocrx_word' id='word_1_918' title='bbox 2164 5266 2906 5338; x_wconf 88' lang='lat' dir='ltr'>resurrectio,inquit,non</span> <span class='ocrx_word' id='word_1_919' title='bbox 2954 5272 3265 5338; x_wconf 89' lang='lat' dir='ltr'>est,neque</span> <span class='ocrx_word' id='word_1_920' title='bbox 3314 5264 3580 5319; x_wconf 82' lang='lat' dir='ltr'>Christus</span> <span class='ocrx_word' id='word_1_921' title='bbox 3624 5277 3822 5316; x_wconf 86' lang='lat' dir='ltr'>resur-</span> 
     </span>
    </p>
   </div>
   <div class='ocr_carea' id='block_1_118' title="bbox 2164 5354 3819 5412">
    <p class='ocr_par' dir='ltr' id='par_1_118' title="bbox 2164 5354 3819 5412">
     <span class='ocr_line' id='line_1_119' title="bbox 2164 5354 3819 5412; baseline -0.004 -1"><span class='ocrx_word' id='word_1_922' title='bbox 2164 5356 2349 5412; x_wconf 83' lang='lat' dir='ltr'>rexit:</span> <span class='ocrx_word' id='word_1_923' title='bbox 2374 5358 2812 5412; x_wconf 81' lang='lat' dir='ltr'>namutrumvis</span> <span class='ocrx_word' id='word_1_924' title='bbox 2828 5355 3077 5412; x_wconf 88' lang='lat' dir='ltr'>alterius</span> <span class='ocrx_word' id='word_1_925' title='bbox 3108 5354 3583 5411; x_wconf 84' lang='lat' dir='ltr'>confirmativum</span> <span class='ocrx_word' id='word_1_926' title='bbox 3630 5357 3721 5406; x_wconf 89' lang='lat' dir='ltr'>est</span> <span class='ocrx_word' id='word_1_927' title='bbox 3751 5366 3819 5405; x_wconf 89' lang='lat' dir='ltr'>ac</span> 
     </span>
    </p>
   </div>
   <div class='ocr_carea' id='block_1_119' title="bbox 2164 5439 3817 5512">
    <p class='ocr_par' dir='ltr' id='par_1_119' title="bbox 2164 5439 3817 5512">
     <span class='ocr_line' id='line_1_120' title="bbox 2164 5439 3817 5512; baseline -0.006 -11"><span class='ocrx_word' id='word_1_928' title='bbox 2164 5445 2752 5502; x_wconf 81' lang='lat' dir='ltr'>demonstrativum.«</span> <span class='ocrx_word' id='word_1_929' title='bbox 2770 5445 2936 5512; x_wconf 89' lang='lat' dir='ltr'>Quod</span> <span class='ocrx_word' id='word_1_930' title='bbox 2951 5446 2998 5501; x_wconf 89' lang='lat' dir='ltr'>si</span> <span class='ocrx_word' id='word_1_931' title='bbox 3014 5445 3282 5500; x_wconf 87' lang='lat' dir='ltr'>Christus</span> <span class='ocrx_word' id='word_1_932' title='bbox 3298 5461 3416 5500; x_wconf 90' lang='lat' dir='ltr'>non</span> <span class='ocrx_word' id='word_1_933' title='bbox 3435 5439 3817 5497; x_wconf 85' lang='lat' dir='ltr'>resurrexit.»</span> 
     </span>
    </p>
   </div>
   <div class='ocr_carea' id='block_1_120' title="bbox 2162 5532 3816 5602">
    <p class='ocr_par' dir='ltr' id='par_1_120' title="bbox 2162 5532 3816 5602">
     <span class='ocr_line' id='line_1_121' title="bbox 2162 5532 3816 5602; baseline -0.007 -11"><span class='ocrx_word' id='word_1_934' title='bbox 2162 5533 2289 5591; x_wconf 88' lang='lat' dir='ltr'>Non</span> <span class='ocrx_word' id='word_1_935' title='bbox 2303 5532 2481 5589; x_wconf 84' lang='lat' dir='ltr'>dixit:</span> <span class='ocrx_word' id='word_1_936' title='bbox 2502 5535 2627 5591; x_wconf 79' lang='lat' dir='ltr'>Non</span> <span class='ocrx_word' id='word_1_937' title='bbox 2651 5535 3132 5602; x_wconf 85' lang='lat' dir='ltr'>estincarnatus;</span> <span class='ocrx_word' id='word_1_938' title='bbox 3157 5533 3281 5599; x_wconf 91' lang='lat' dir='ltr'>sed,</span> <span class='ocrx_word' id='word_1_939' title='bbox 3317 5555 3344 5582; x_wconf 82' lang='lat'><strong>«</strong></span> <span class='ocrx_word' id='word_1_940' title='bbox 3376 5532 3502 5586; x_wconf 85' lang='lat' dir='ltr'>Non</span> <span class='ocrx_word' id='word_1_941' title='bbox 3538 5542 3816 5600; x_wconf 58' lang='lat' dir='ltr'>resurrer-</span> 
     </span>
    </p>
   </div>
   <div class='ocr_carea' id='block_1_121' title="bbox 2162 5608 3818 5691">
    <p class='ocr_par' dir='ltr' id='par_1_121' title="bbox 2162 5608 3818 5691">
     <span class='ocr_line' id='line_1_122' title="bbox 2162 5608 3818 5691; baseline -0.009 -11"><span class='ocrx_word' id='word_1_942' title='bbox 2162 5623 2268 5691; x_wconf 89' lang='lat' dir='ltr'>xit,</span> <span class='ocrx_word' id='word_1_943' title='bbox 2303 5645 2332 5673; x_wconf 83' lang='lat'><strong>»</strong></span> <span class='ocrx_word' id='word_1_944' title='bbox 2348 5622 2672 5681; x_wconf 89' lang='lat' dir='ltr'>ostendens</span> <span class='ocrx_word' id='word_1_945' title='bbox 2694 5625 2872 5681; x_wconf 90' lang='lat' dir='ltr'>etiam</span> <span class='ocrx_word' id='word_1_946' title='bbox 2901 5623 3373 5681; x_wconf 82' lang='lat' dir='ltr'>incarnationem</span> <span class='ocrx_word' id='word_1_947' title='bbox 3391 5608 3818 5674; x_wconf 76' lang='lat' dir='ltr'>resurrectiohi</span> 
     </span>
    </p>
   </div>
  </div>
