4158 6194
376 351 492 415 867

1493 343 1912 406 (ECUMENII
1959 339 2263 404 TliiCCxE
2303 343 2679 405 'EPISCOPI.

3659 345 3778 408 868

374 485 751 557 conjunctam
787 495 935 542 esse,
970 482 1028 533 et
1056 475 1128 532 ob
1151 475 1211 531 id
1239 476 1438 547 ipsum
1477 476 1851 530 incarnatum
1885 487 2010 528 esse

2127 474 2444 552 σαρχῶσθαι
2501 473 2662 530 αὑτὸν
2695 517 2710 542 ,
2779 474 2868 530 ἵνα
2923 476 3020 543 τὴν
3079 475 3365 532 ἀνάστασιν
3423 479 3766 552 κατορθώσῃ.

369 581 437 630 ut
468 570 960 630 resurrectionem
993 565 1392 622 conﬁrmaret.
1429 587 1454 612 ‹‹
1486 563 1688 619 Inanis
1709 569 1906 618 autem
1929 567 2020 616 est

370 669 427 720 et
461 663 608 716 tldes
637 663 858 714 nostra.
893 679 921 706 »ι
957 661 1028 712 Ac
1061 655 1108 710 si
1141 655 1388 710 dixisset
1416 671 1430 708 :
1463 653 1675 709 Omnia
1711 652 2018 722 perierunt

371 759 428 808 et
457 767 604 806 vana
635 749 788 806 facta
820 753 978 812 sunt,
1009 753 1130 803 tam
1161 745 1500 819 prmdicatio
1563 749 1786 810 nostra,
1837 759 2014 813 quam

372 842 519 897 fides
551 846 773 896 nostra.
813 863 834 888 ι
871 837 1023 894 Falsi
1055 843 1236 893 testes
1269 837 1390 892 Dei.
1427 856 1450 886 ιι
1501 835 1616 892 Nec
1673 831 1868 890 solum
1923 849 2015 888 va-

371 947 538 998 num,
573 928 676 984 sed
709 935 996 1001 praeterea
1023 925 1202 983 etiam
1235 925 1484 998 impium
1517 930 1626 990 est,
1666 921 1882 995 inquit,
1905 939 2014 977 nos

369 1021 550 1074 Deum
606 1017 956 1074 calumniari
1019 1013 1268 1072 dicendo
1329 1013 1558 1085 aliquid
1613 1027 1746 1068 eum
1803 1011 2013 1068 fecisse

367 1109 528 1180 quod
559 1125 678 1162 non
711 1107 867 1162 fecit.

434 1198 549 1268 XV,
587 1201 770 1252 16-19.
807 1221 834 1248 «
869 1197 1106 1250 Etenim
1139 1195 1188 1250 si
1230 1193 1446 1250 mortui
1499 1209 1620 1248 non
1673 1197 2011 1261 resurgunt,

365 1314 392 1339 ‹‹
429 1306 621 1360 neque
653 1289 920 1344 Christus
945 1288 1286 1342 resurrexit.
1322 1283 1486 1351 Quod
1519 1285 1563 1338 si
1597 1284 1860 1337 Christus
1891 1298 2010 1336 non

369 1403 390 1428 ι
429 1379 776 1444 resurrexit,
810 1393 1245 1450 supervacanea
1275 1381 1362 1429 est
1395 1373 1540 1428 fides
1573 1379 1762 1426 vestra
1789 1371 2011 1426 :adhuc

368 1491 396 1517 ‹‹
430 1467 572 1523 estis
603 1465 664 1521 in
699 1467 952 1538 peccatis
983 1465 1210 1520 vestris.
1245 1459 2012 1536 Igituretquidormierunt

367 1579 394 1606 ‹‹
427 1557 488 1612 in
517 1555 769 1616 Christo,
801 1553 1125 1624 perierunt.
1159 1553 1215 1608 Si
1247 1553 1308 1607 in
1329 1553 1438 1608 hac
1463 1557 1690 1606 tantum
1707 1551 1823 1605 vita
1844 1565 2010 1621 spem

365 1665 392 1696 α
427 1643 485 1700 in
517 1644 748 1699 Christo
783 1643 958 1698 fixam
993 1643 1304 1708 habemus,
1330 1641 1586 1696 maxime
1637 1639 2008 1695 miserabiles

360 1757 388 1786 α
423 1733 688 1790 omnium
723 1733 1035 1788 hominum
1069 1749 1292 1788 sumus.
1329 1755 1356 1780 ››

429 1821 633 1877 Fidem
667 1820 944 1874 innititur
973 1819 1211 1874 rationi.
1265 1821 1602 1890 Propterea,
1649 1817 1862 1888 inquit,
1915 1833 2010 1871 re-
2043 1848 2088 1912 Β

367 1929 432 1968 su
444 1909 1126 1974 rrexit,utuniversalem
1150 1913 1438 1963 statueret
1473 1906 2008 1962 resurrectionem:

367 1997 526 2070 quod
559 1998 605 2052 si
635 1998 991 2054 resurrectio
1025 2015 1144 2052 non
1177 2003 1286 2060 est.
1321 2003 1480 2052 certe
1511 2013 1706 2066 neque
1739 1995 1863 2066 ipse
1911 2011 2006 2050 re-

364 2087 640 2142 surrexit.
671 2111 695 2136 α
733 2085 822 2142 Ad
853 2103 927 2142 ne
960 2087 1102 2141 estis
1129 2086 1186 2140 in
1219 2087 1476 2158 peccatis
1507 2086 1732 2141 vestris.
1785 2107 1810 2133 ››
1865 2086 2006 2140 Nam

361 2175 408 2231 si
444 2175 570 2248 ipse
601 2191 838 2248 quoque
871 2175 1146 2230 detentus
1207 2180 1297 2229 est
1353 2191 1386 2230 a
1439 2181 1650 2238 morte,
1711 2173 2008 2246 quomodo

359 2270 606 2320 caeteros
622 2265 1118 2320 omnesliberavit
1139 2281 1170 2319 ο
1191 2271 1402 2328 morte,
1432 2281 1563 2338 quae
1601 2270 1844 2336 propter
1873 2279 2006 2336 pec-

359 2361 558 2412 catum
592 2357 744 2412 facta
775 2355 906 2411 est?
927 2355 1374 2426 Consequenter
1404 2373 1539 2428 ergo
1571 2371 1765 2426 neque
1807 2369 2012 2426 pecca-

357 2449 486 2500 tum
515 2447 728 2500 Christi
763 2451 954 2500 morte
986 2445 1250 2501 deletum
1283 2451 1372 2501 est
1406 2463 1419 2498 :
1451 2463 1590 2500 nam
1651 2445 1696 2498 si
1745 2443 2006 2499 deletum

361 2539 538 2601 esset,
571 2536 776 2606 utique
810 2551 970 2590 mors
1005 2535 1156 2591 572
1221 2535 1398 2590 etiam
1457 2551 1588 2606 quae
1641 2550 1747 2606 per
1813 2533 2007 2604 ipsum

364 2629 489 2680 erat
516 2625 774 2680 extincta
832 2631 1024 2681 esset:
1083 2624 1240 2696 quod
1299 2623 1348 2680 si
1403 2625 1512 2680 hoc
1559 2623 1780 2679 factum
1830 2627 2006 2688 esset,

362 2713 720 2784 oportuisset
751 2713 994 2770 omnino
1029 2731 1163 2769 eum
1197 2714 1298 2784 qui
1330 2713 1479 2768 alios
1511 2731 1545 2768 a
1571 2719 1760 2768 morte
1793 2711 2010 2766 libera-

357 2807 468 2870 ret,
505 2803 762 2874 primum
794 2801 1212 2870 resurrexisse,
1247 2809 1306 2857 et
1335 2801 1468 2858 aliis
1499 2801 1711 2858 ducem
1749 2801 1874 2856 ﬁeri
1935 2800 2008 2855 ad

356 2893 875 2947 resurrectionem.
938 2913 966 2942 «
1031 2892 1212 2962 igitur
1270 2895 1326 2946 et
1382 2891 1482 2964 qui
1536 2891 1906 2946 dormierunt
1947 2891 2008 2946 in

355 2981 606 3044 Christo,
641 2981 968 3054 perierunt.
1002 3001 1028 3032 ι
1065 2982 1176 3036 Per
1205 2997 1426 3036 nomen
1485 2979 1862 3035 dormitionis
1911 2997 2006 3034 re-

357 3071 792 3127 surrectionem
825 3070 1110 3126 insinuat.
1143 3070 1252 3136 Qui
1287 3077 1528 3146 propter
1557 3069 1879 3132 Christum,
1913 3069 2008 3122 in-

359 3161 502 3232 quit,
531 3162 748 3216 mortui
772 3166 930 3224 sunt,
956 3163 1054 3234 qui
1085 3159 1302 3216 multos
1353 3161 1801 3218 exantlaverunt
1841 3159 2006 3214 labo-

357 3266 472 3308 res.
499 3257 556 3304 et
581 3251 894 3306 innumera
916 3241 1327 3304 sustinuerunt
1349 3250 1634 3322 pericula,
1660 3251 2002 3321 perierunt:

358 3341 514 3410 quod
547 3340 870 3394 absurdum
902 3345 1080 3406 esset,
1133 3355 1346 3408 nempe
1405 3337 1652 3409 periisse
1710 3335 1844 3392 illos
1905 3337 2005 3410 qui

353 3429 808 3502 propteripsum
833 3427 1048 3481 mortui
1076 3432 1232 3481 sunt.
1262 3425 1486 3497 Ubique
1513 3427 1670 3482 enim
1715 3429 2007 3481 rationem

355 3519 428 3573 ad
461 3519 519 3572 id
545 3517 702 3588 quod
720 3516 1046 3570 absurdum
1071 3515 1436 3570 estdeducit.
1468 3538 1494 3566 ‹‹
1520 3517 1576 3570 Si
1627 3517 1686 3571 in
1733 3517 1842 3570 hac
1875 3521 2010 3570 tan-

359 3613 485 3660 tum
517 3606 657 3659 vita.
695 3627 722 3654 ››
756 3604 810 3658 Si
843 3604 989 3672 haec,
1025 3603 1238 3674 inquit,
1273 3603 1388 3657 vita
1446 3603 1732 3660 duntaxat
1789 3603 2008 3659 durant

357 3701 580 3760 nostra,
611 3699 667 3748 et
691 3694 750 3747 in
771 3693 926 3746 hanc
950 3691 1138 3747 solam
1161 3691 1444 3748 conclusa
1495 3697 1631 3748 sunt
1671 3693 1842 3748 nobis
1874 3711 2005 3764 qum

363 3801 696 3858 speramus,
721 3782 924 3836 miseri
951 3799 1176 3838 sumus.
1213 3781 1515 3852 Siquidem
1537 3787 1724 3836 totum
1747 3781 2006 3854 perdidi-

364 3891 517 3938 mus,
538 3873 678 3926 dum
703 3871 901 3928 futura
923 3871 1302 3942 perdidimus.
1331 3873 1398 3926 Et
1425 3871 1568 3944 quid
1604 3872 1756 3940 dico,
1791 3873 2005 3944 inquit,

363 3961 520 4032 quod
549 3961 610 4014 in
641 3959 750 4016 hac
781 3963 898 4016 vita
925 3977 1160 4033 sperare
1195 3961 1566 4016 miserandos
1623 3961 1766 4017 facit
1793 3959 1820 4017 ?
1865 3965 2008 4018 Nam

364 4053 410 4108 si
445 4053 624 4108 etiam
657 4053 716 4106 in
747 4051 1045 4108 Christum
1077 4069 1385 4126 speramus
1417 4054 1476 4108 in
1507 4054 1616 4108 hac
1667 4057 1895 4110 tantum
1926 4056 2008 4109 vi-

363 4147 441 4210 ta,
475 4143 584 4198 hoc
614 4160 848 4218 quoque
885 4143 1059 4198 modo
1085 4143 1284 4198 miseri
1314 4161 1541 4198 sumus.
1578 4144 1632 4199 Si
1667 4145 1824 4202 enim
1879 4151 2010 4218 post

359 4239 555 4290 tantos
587 4233 910 4318 labores
943 4233 1228 4306 pericula,
1267 4233 1450 4305 hujus
1483 4235 1873 4318 tantum"vitaa
1903 4235 2009 4292 ha-

357 4323 632 4380 bebimus
663 4303 1046 4396 bonafetiam
1075 4319 1204 4378 haec
1236 4329 1415 4380 erunt
1443 4303 1714 4412 laborum
1755 4325 2012 4381 retribu-

363 4414 576 4468 tiones.

427 4501 541 4568 XV,
578 4503 768 4556 20-24.
811 4521 830 4550 ι
863 4501 1030 4556 Nunc
1063 4507 1260 4556 autem
1307 4501 1576 4557 Christus
1638 4503 1894 4558 surrexit
1942 4519 2010 4558 ex

2129 587 2154 610 ι(
2189 563 2324 632 Κενῆ
2355 564 2412 618 δὲ
2445 565 2545 620 Καὶ
2573 567 2609 633 ἡ
2641 563 2819 628 πίστις
2859 567 3044 637 ἡμῶν.
3073 588 3102 618 »
3157 565 3299 620 Ὠσεί
3331 567 3496 630 εἶπεν,
3529 572 3775 624 "Ann-ca

2126 649 2386 706 ἀπόλωλε
2415 653 2502 706 καὶ
2542 655 2941 726 μεματαίωται,
2989 655 3052 708 τὸ
3107 655 3366 732 κηρυγμα
3419 657 3554 728 ἡμῖν
3613 659 3704 710 καὶ
3735 659 3768 726 ἡ

2125 739 2308 802 πίστις
2350 743 2528 812 ἡμῶν.
2592 767 2618 793 ‹‹
2653 741 3116 816 Ψευδομάρτυρες
3169 749 3268 799 τοῦ
3327 747 3478 804 Θεοῦ,
3515 769 3543 796 ››
3577 745 3680 802 Καὶ
3711 745 3772 801 οὗ

2129 827 2291 901 μόνον
2345 829 2589 902 μάταιον,
2646 829 2791 887 ἀλλά
2847 833 2936 887 καὶ
2983 831 3174 894 ἃλλως
3231 833 3467 902 ἀνόσιον,
3518 834 3672 912 φησι,
3707 835 3768 890 τὸ

2127 927 2474 996 συκοφαντεῖν
2509 925 2656 995 ἡμᾶς
2687 924 2778 980 τὸν
2827 923 2978 998 Θεὸν,
3011 925 3092 979 ὃτι
3123 923 3346 995 ἐποίησέ
3399 947 3451 980 τι
3483 927 3615 1000 ὅπερ
3667 927 3762 982 οὐκ

2123 1007 2224 1064 ἐπο
2235 1009 2286 1079 ίη
2297 1031 2378 1064 σεν
2387 1055 2398 1066 .

2197 1213 2220 1244 ιι
2266 1189 2332 1249 Εἴ
2367 1193 2472 1267 γὰρ
2531 1193 2712 1264 νεκροὶ
2778 1194 2880 1250 οὐκ
2945 1195 3270 1270 ἐγείρονται,
3341 1193 3466 1250 οΰδὶ
3531 1197 3758 1270 Χριστὸς

2123 1278 2460 1355 ἐγήγερται.
2522 1279 2583 1336 Εἰ
2645 1277 2700 1336 δέ
2755 1281 2986 1356 Χριστὸς
3041 1281 3139 1336 οὐκ
3193 1280 3503 1357 ἐγήγερται,
3567 1283 3764 1355 ματαία

2119 1369 2153 1437 ἡ
2187 1368 2368 1428 πίστις
2413 1368 2589 1442 ὑμῶν·
2651 1365 2726 1426 ἔτι
2788 1369 2906 1426 ἐστὶ
2965 1369 3016 1426 ἐν
3070 1375 3188 1432 ταῖς
3251 1371 3544 1444 ἁμαρτίαις
3590 1372 3758 1445 ὑμῶν.

2117 1461 2252 1534 ’Ἄρα
2335 1459 2424 1512 καὶ
2483 1459 2538 1514 οἱ
2619 1459 2976 1536 κοιμηθέντες
3061 1459 3112 1514 ἐν
3195 1466 3412 1535 Χριστῷ
3471 1459 3760 1516 ἀπώλοντο

2117 1543 2182 1602 Et
2241 1543 2292 1600 ἐν
2356 1550 2425 1620 τῇ
2496 1551 2609 1624 ζωῇ
2675 1549 2844 1624 ταύτῃ
2911 1547 3212 1619 ἠλπικότες
3271 1549 3452 1623 ἐσμὲν,
3523 1550 3574 1604 ἐν
3631 1553 3762 1624 Χρι-

2119 1637 2229 1706 στῷ
2332 1635 2496 1708 μόνον
2532 1678 2546 1702 ,
2651 1635 3004 1708 ἐλεεινότεροι
3125 1639 3338 1692 πάντων
3467 1638 3764 1712 ἀνθρώπων

2119 1720 2299 1794 ἐσμέν.
2339 1749 2366 1776 υ

2194 1812 2362 1868 Πάλιν
2418 1819 2499 1886 τῷ
2561 1813 2706 1887 αὖτῷ
2768 1811 3159 1892 ἐπαγωνίζεται
3217 1814 3396 1894 λόγῳ
3457 1817 3555 1872 Διά
3605 1821 3763 1873 τοῦτο

2117 1901 2222 1976 γὰρ
2278 1901 2462 1980 φησίν,
2496 1902 2714 1972 ἀνέστη,
2741 1901 2836 1958 ’ίνα
2866 1901 3170 1973 καθολικήν
3221 1906 3500 1961 ἀνάστασιν
3533 1909 3762 1982 ποιήσῃ.

2115 1990 2178 2048 Εἴ
2209 1989 2264 2045 δὲ
2297 1991 2583 2052 ἀνάστασις
2636 1991 2734 2047 οὐκ
2783 1987 2946 2064 ἔστιν,
3014 1991 3118 2068 ἄρα
3168 1991 3294 2050 οὐδὲ
3350 1995 3514 2059 αὐτὸς
3570 1994 3760 2066 ἀνέστη

2117 2081 2288 2136 «Ἔτι
2320 2075 2436 2136 ἐστὶ
2479 2080 2532 2136 ἐν
2589 2087 2706 2143 ταῖς
2765 2082 3033 2155 ἁμαρτίας
3086 2081 3262 2155 ὑμῶν.
3302 2107 3322 2133 ι
3386 2085 3448 2142 Ei
3506 2084 3612 2160 γὰρ
3667 2084 3756 2138 καὶ

2112 2169 2273 2232 αὐτὸς
2301 2169 2604 2246 κατεσχέθη
2640 2169 2742 2226 ὑπὸ
2781 2176 2878 2226 τοῦ
2917 2171 3166 2242 Θανέτου,
3209 2177 3327 2236 πῶς
3371 2171 3502 2236 τοὺς
3555 2171 3760 2236 ἄλλους

2113 2257 2348 2324 ἅπαντας
2395 2258 2664 2336 ἀπέλλαξε
2721 2263 2974 2330 θανάτου,
3031 2267 3128 2318 τοῦ
3187 2259 3276 2320 δια
3326 2265 3425 2332 τήν
3495 2263 3762 2340 ἁμαρτίαν

2111 2354 2410 2430 γεγονότος
2441 2372 2454 2422 ;
2491 2351 2844 2416 Ἀκολοῦθως
2899 2357 3216 2430 τοιγαροῦν,
3268 2351 3396 2409 οὐδὲ
3453 2356 3488 2424 ἡ
3523 2353 3766 2429 ἁμαρτία

2109 2449 2188 2516 τῷ
2239 2443 2453 2518 σταύρῷ
2503 2447 2600 2498 τοῦ
2634 2447 2872 2518 Χριστοῦ
2939 2443 3231 2516 ἀνῄρηται.
3269 2445 3332 2498 Et
3361 2443 3462 2516 γὰρ
3495 2443 3759 2519 ἀνῄρητο,

2111 2533 2356 2606 ἀνῄρητο
2391 2529 2450 2586 ἃν
2482 2531 2572 2587 καί
2600 2533 2626 2586 ὁ
2663 2529 2734 2586 δι’
2763 2532 2930 2598 αὐτῆς
2959 2532 3207 2596 θάνατος.
3245 2533 3302 2590 Εἰ
3337 2529 3394 2588 δὲ
3425 2537 3585 2588 τοῦτο
3645 2535 3760 2610 ἐγε-

2111 2623 2278 2697 γόνει,
2313 2617 2417 2676 ἔδει
2444 2622 2659 2682 πάντως
2689 2621 2780 2677 τὸν
2811 2624 2902 2676 καὶ
2933 2621 3060 2684 τοὺς
3087 2619 3292 2686 ἄλλους
3321 2623 3551 2678 Θανάτου
3582 2621 3766 2679 ἀπαλ-

2112 2711 2362 2780 λάξαντα,
2396 2709 2555 2766 αὐτὸν
2598 2716 2820 2785 πρῶτον
2881 2711 3193 2781 ἀναστῆναι,
3253 2711 3343 2766 καὶ
3393 2707 3596 2786 ὁδηγὸν
3645 2715 3762 2774 τοῖς

2110 2797 2308 2860 ἄλλοις
2337 2800 2576 2874 γενέσθαι
2608 2799 2744 2873 πρὸς
2805 2801 2904 2867 τὴν
2965 2799 3272 2856 ἀνάστασιν.
3339 2825 3361 2851 ι
3395 2803 3532 2875 Ἀρα
3587 2801 3675 2854 καὶ
3707 2801 3758 2856 οι

2109 2887 2464 2961 κοιμηθέντες
2499 2887 2550 2943 ἐν
2581 2889 2798 2963 Χριστῷ
2841 2885 3153 2947 ἀπῶλοντο.
3193 2913 3220 2940 ››
3277 2891 3370 2960 Τῷ
3401 2888 3627 2964 ὀνόματι
3659 2897 3762 2958 τῆς

2111 2981 2426 3053 κοιμήσεως
2486 2980 2586 3048 την
2641 2979 2928 3034 ἀνάστασιν
2983 2984 3364 3054 προσηγεῖται.
3421 2979 3487 3037 Oi
3549 2977 3639 3036 διὰ
3665 2979 3758 3035 τὸν

2113 3069 2358 3142 Χριστὸν,
2394 3069 2576 3146 φησὶν,
2609 3067 2968 3130 ἀποθανόντες
3005 3113 3018 3138 ,
3053 3069 3105 3124 οἲ
3133 3067 3260 3131 τοὺς
3291 3067 3542 3134 πολλοὺς
3573 3067 3756 3125 διανῦο

2117 3179 2298 3220 σαντες
2330 3155 2627 3231 καμάτους,
2657 3157 2746 3212 καί
2801 3157 2930 3219 τοὺς
2991 3157 3217 3232 μυρίους
3277 3159 3758 3232 ὕπομεμενηκότες

2116 3245 2418 3314 κινδύνους,
2473 3245 2786 3314 ἀπώλοντο,
2837 3243 2967 3320 ὅπερ
3027 3243 3232 3301 ἄτοπον
3297 3247 3363 3316 ἧν
3395 3292 3408 3314 ,
3461 3247 3755 3312 ἀπολέσθαι

2113 3336 2240 3398 τοὺς
2271 3334 2342 3390 δι’
2372 3335 2531 3391 αὐτὸν
2569 3335 2955 3396 ἀποθανόντας.
3010 3339 3296 3416 Πανταχοῦ
3347 3339 3451 3413 γὰρ
3509 3335 3600 3393 ἐπί
3659 3340 3759 3408 τήν

2115 3425 2191 3486 εἷς
2241 3424 2441 3479 ἄτοπον
2498 3425 2794 3500 ἀπαγωγήν
2879 3419 3144 3498 πρόεισιν.
3201 3449 3228 3477 ‹‹
3265 3423 3326 3482 Εἰ
3387 3425 3438 3480 ἐν
3505 3431 3573 3500 τῇ
3645 3430 3757 3498 ζωῇ

2113 3513 2281 3587 ταύτῃ
2323 3513 2643 3582 ἠλπικότες.
2681 3537 2708 3564 ››
2754 3513 2818 3569 Εἰ
2863 3511 3017 3588 ἄχρι,
3073 3513 3229 3593 φησὶ,
3287 3522 3387 3584 τῆς
3445 3513 3554 3570 ὧδε
3613 3520 3758 3584 ζωῆς

2116 3601 2226 3656 ἐστι
2285 3603 2350 3658 τὰ
2435 3598 2698 3676 ἡμέτερα,
2765 3603 2856 3656 καὶ
2917 3601 2992 3664 είς
3051 3601 3252 3674 ταὸτην
3323 3605 3494 3676 μόνην
3548 3603 3763 3679 περικέ-

2114 3687 2359 3746 κλεισται
2416 3693 2552 3764 ἡμῖν
2609 3691 2676 3746 τὲι
2731 3695 2840 3745 τῶν
2907 3687 3165 3758 ἐλπίδων,
3227 3691 3410 3748 ἄθλιοί
3459 3691 3638 3766 ἐσμεν.
3697 3693 3768 3748 Τὸ

2117 3781 2216 3858 γὰρ
2277 3787 2378 3834 πᾶν
2439 3777 2822 3852 ἀπωλέσαμεν,
2877 3780 2944 3834 τὰ
3002 3779 3278 3852 μέλλοντα
3355 3779 3762 3844 ἀπωλέσαντες.

2117 3871 2216 3925 Καὶ
2262 3870 2316 3924 τί
2389 3867 2561 3944 λέγω,
2623 3869 2786 3944 φησὶν
2851 3871 2936 3926 δτι
2995 3870 3060 3924 τὸ
3117 3867 3356 3940 ἐλπίζειν
3413 3869 3464 3925 ἐν
3515 3876 3585 3946 τῇ
3645 3875 3760 3947 ζωῇ

2113 3957 2281 4032 ταύτῃ
2315 3955 2586 4019 ἐλεεινοὺς
2628 3962 2823 4026 ποιεῖς
2885 3955 2945 4013 Ei
2999 3958 3104 4034 γὰρ
3164 3959 3255 4014 καὶ
3313 3959 3365 4015 ἐν
3400 3961 3616 4035 Χριστῷ
3671 3960 3759 4018 ὲλ-

2117 4047 2345 4120 πῖζομεν
2377 4043 2430 4101 ἐν
2461 4047 2629 4121 ταυτῃ
2693 4047 2831 4121 μόνῃ
2861 4050 2927 4120 τῇ
2981 4049 3118 4120 ζωῇ,
3185 4051 3276 4105 καὶ
3345 4045 3517 4113 οὕτως
3577 4047 3760 4114 ἄθλιοί

2117 4136 2295 4212 ἐσμεν.
2349 4135 2411 4194 Ei
2451 4137 2554 4212 γάρ
2617 4137 2750 4208 μετά
2807 4137 3086 4208 καμάτους
3149 4137 3442 4201 τοσούτους
3499 4139 3590 4194 καὶ
3645 4161 3764 4194 κιν-

2118 4225 2330 4294 δύνους,
2363 4226 2494 4300 ἄχρι
2533 4225 2735 4296 ταύτης
2771 4232 2872 4294 τῆς
2899 4229 3044 4295 ζωῆς
3101 4228 3242 4300 ἡμῖν
3295 4223 3444 4283 ἔσται
3499 4233 3566 4284 τὰ
3596 4229 3762 4306 ἀγαθά

2115 4315 2206 4371 καὶ
2234 4315 2290 4370 αἱ
2321 4319 2426 4370 τῶν
2459 4314 2716 4388 καμάτων
2751 4311 3073 4378 ἀντιδόσεις.

2196 4533 2216 4561 ι
2271 4509 2400 4565 Νυνὶ
2433 4506 2488 4563 δὲ
2517 4509 2748 4580 Χριστὸς
2803 4505 3086 4584 ἐγήγερται
3154 4507 3214 4565 ἐκ
3271 4515 3473 4588 νεκρῶν
3535 4513 3756 4588 ἀπαρχὴ

365 4613 382 4638 α
423 4591 712 4646 mortuis:
751 4589 1028 4662 primitim
1061 4607 1266 4644 eorum
1298 4589 1397 4662 qui
1431 4589 1802 4645 dormierunt
1823 4591 2010 4646 factus

2123 4603 2224 4653 τῶν
2280 4575 2700 4670 κεκοιμημένων
2789 4575 3025 4672 ἐγένετο.
3091 4596 3317 4670 Ἐπειδή
3365 4575 3481 4675 ’γὰρ
3539 4601 3611 4655 δι’

357 4701 384 4727 ‹‹
422 4687 528 4734 est.
568 4680 858 4746 Quoniam
893 4679 1050 4734 enim
1079 4696 1184 4750 per
1227 4679 1530 4734 hominem
1590 4698 1770 4746 mors,
1830 4682 2008 4736 etiam

363 4789 385 4818 ‹‹
421 4785 526 4840 per
551 4769 857 4824 hominem
889 4769 1244 4824 resurrectio
1275 4775 1666 4824 mortuorum.
1719 4769 2008 4834 Quemad-

360 4879 386 4902 α
421 4857 662 4912 modum
699 4858 856 4912 enim
891 4875 996 4930 per
1019 4857 1206 4914 Adam
1241 4875 1450 4913 omnes
1479 4859 1931 4924 moriuntur,ita
1953 4867 2010 4915 et

359 4969 386 4994 ι(
423 4961 530 5016 per
559 4945 856 5000 Christum
891 4964 1100 5002 omnes
1119 4947 1573 5002 vivificabuntur
1599 4965 1611 5002 :
1641 4949 2010 5022 unusquispe

357 5058 384 5082 ‹‹
417 5039 615 5090 autem
677 5034 738 5088 in
799 5036 1040 5106 praprio
1089 5035 1302 5092 ordine
1362 5035 1639 5108 primitiae
1719 5037 2006 5108 Christus,

359 5147 386 5172 ιι
421 5123 637 5180 deinde
670 5123 708 5178 ii
741 5125 840 5197 qui
873 5125 1087 5182 Christi
1120 5129 1342 5184 fuerint
1367 5131 1428 5186 in
1460 5132 1714 5188 adventu
1773 5129 1957 5206 ipsius
1993 5151 2006 5188 :

355 5235 380 5260 ει
419 5231 554 5268 mox
585 5213 742 5282 finis,
778 5231 911 5268 cum
946 5217 1260 5274 tradiderit
1289 5237 1535 5294 regnum
1566 5223 1684 5278 Deo
1717 5229 1774 5278 et
1801 5221 1956 5278 Patri
1992 5240 2005 5278 :

359 5321 389 5354 (ι
421 5318 554 5356 cum
588 5299 914 5357 aboleverit
943 5320 1180 5360 omnem
1215 5309 1614 5382 principatum
1661 5317 1719 5366 et
1770 5327 2008 5366 omnem

357 5413 386 5438 ‹‹
419 5397 777 5462 potestatem
807 5409 872 5446 ac
905 5393 1200 5450 virtutem.
1235 5419 1263 5448 ››

429 5479 750 5550 Postquam
775 5479 980 5538 multis
1005 5485 1196 5539 modis
1221 5489 1718 5544 resurrectionem
1733 5489 2007 5556 asseruit,

355 5575 794 5642 consequenter
825 5571 1194 5629 enuntiative
1225 5571 1517 5648 loquitur:
1543 5597 1566 5624 α
1593 5577 1876 5632 Primitias
1909 5594 2010 5634 eo-

356 5675 486 5716 rum
511 5659 612 5732 qui
636 5658 1008 5716 dormierunt
1037 5663 1224 5718 factus
1246 5669 1336 5718 est
1381 5687 1404 5712 ι»
1442 5663 1604 5728 Quod
1655 5665 1700 5720 si
1735 5667 2010 5736 primitias

2122 4686 2342 4761 θρώπου
2402 4687 2429 4741 ὁ
2515 4687 2760 4752 θάνατος,
2845 4683 2934 4740 καὶ
3005 4682 3076 4740 δι’
3133 4689 3422 4763 ανθρώπου
3479 4689 3760 4752 ἀνάστασις

2119 4777 2339 4851 νεκρῶν.
2379 4782 2579 4850 Ὥσπερ
2631 4773 2734 4850 γὰρ
2785 4773 2836 4828 ἐν
2895 4778 2974 4846 τῷ
3031 4773 3208 4852 Ἀδὰμ
3262 4779 3454 4844 πάντες
3513 4781 3762 4850 ἀποθνή-

2121 4887 2359 4934 σκουσιν,
2395 4863 2568 4926 οὕτως
2597 4863 2688 4918 καὶ
2717 4861 2770 4918 ἐν
2827 4869 2906 4936 τῷ
2963 4866 3181 4939 Χριστῷ
3231 4869 3423 4930 πάντες
3484 4875 3760 4940 ζωοποιη-

2121 4957 2396 5026 θήσονται·
2437 4955 2708 5038 ’ᾙκαστος
2743 4949 2800 5006 δὲ
2843 4949 2894 5006 ἐν
2949 4957 3030 5026 τῷ
3088 4951 3211 5028 ἰδίῳ
3239 4957 3500 5031 τάγματι,
3533 4957 3757 5038 ἀπαρχὴ

2117 5045 2402 5118 Χριστὸς,
2459 5035 2646 5096 ἔπειτα
2703 5041 2754 5095 οἳ
2812 5046 2907 5096 τοῦ
2960 5043 3195 5118 Χριστοῦ
3249 5043 3302 5099 ἐν
3365 5050 3433 5121 τῇ
3493 5035 3764 5122 παρουσίᾳ

2119 5131 2301 5190 αὐτοῦ.
2367 5131 2502 5188 Εἶτα
2554 5130 2616 5186 τὸ
2686 5128 2866 5192 τέλος.
2945 5131 3112 5190 Ὅταν
3171 5132 3398 5210 παραδῷ
3451 5138 3548 5206 τήν
3611 5139 3764 5212 βασι-

2119 5222 2268 5280 λείαν
2323 5225 2403 5290 τῷ
2463 5223 2578 5292 Θεῷ
2659 5219 2749 5273 καὶ
2810 5219 2981 5294 Πατρί
3017 5263 3031 5290 ,
3111 5223 3236 5278 ὅταν
3287 5227 3606 5302 καταργήσῃ
3663 5231 3763 5280 πᾶ-

2119 5335 2212 5367 σαν
2237 5311 2420 5386 ἀρχὴν
2455 5307 2543 5364 καὶ
2576 5313 2747 5362 πᾶσαν
2783 5307 3022 5378 ἐξουσίαν
3051 5311 3142 5366 καὶ
3166 5309 3415 5386 δύναμιν.
3445 5339 3471 5366 η

2191 5483 2341 5544 Μετά
2369 5482 2432 5538 τὸ
2463 5477 2772 5558 πολλαχῶς
2837 5481 3116 5555 ἀποδεῖξαι
3173 5488 3272 5556 τὴν
3325 5485 3618 5544 ἀνάστασιν
3645 5488 3760 5545 λοι·

2120 5575 2218 5631 πὸν
2282 5573 2660 5648 ἀποφαντικῶς
2729 5568 2896 5646 λέγει’
2958 5574 3274 5654 «Ἀπαρχή
3335 5579 3441 5632 τῶν
3501 5597 3762 5652 κεκοιμη.

2113 5653 2300 5738 ’μὲνων
2355 5659 2586 5736 ἐγένετο.
2635 5684 2659 5708 ιι
2745 5659 2810 5716 Ei.
2866 5657 2920 5716 δέ
2980 5653 3235 5736 ἀπαρχήν
3295 5665 3576 5739 γεγένηται
3636 5667 3770 5740 Χρι-
