4156 6200
515 278 626 335 871

1580 274 1828 335 CECUM
1843 272 1999 332 ENll
2047 268 2348 330 TlllGC/E
2389 269 2762 330 EPlSCOPl.

3467 39 3514 80 π
3559 43 3588 80 δι
3597 38 3974 80 πιπτει-ἰι
3983 38 3998 58 ⁸

3773 135 3778 138 .
3841 121 3864 152 '7
3887 121 3904 140 I‘

3763 273 3866 334 '81!

517 409 1041 474 abstulitaPatre,
1105 409 1184 462 ita
1242 423 1434 478 neque
1494 423 1654 462 nunc
1709 406 1971 471 tradens,
2025 405 2143 474 ipsu

2269 397 2396 464 δοὺς
2451 398 2565 455 οὐδ’
2621 399 2781 463 αὐτὸς
2835 401 3254 480 ἀφαιρεθήσεται
3311 401 3508 473 αὐτῆς.
3549 399 3870 474 Παραδίδωσι,

517 499 858 569 privabitur.
892 495 1090 550 Tradit
1119 501 1343 562 autem,
1373 502 1578 569 posset
1623 495 1919 567 quispiam
1965 493 2162 548 dicere

514 604 622 640 nec
652 587 933 640 aberrans
966 601 1000 640 a
1031 601 1230 656 scopo,
1262 603 1381 640 non
1413 585 1572 657 quod
1602 602 1724 640 non
1763 583 1998 648 habeat,
2058 579 2162 636 sed

513 673 802 744 quodjam
821 672 1140 728 circaillud
1163 691 1284 730 non
1328 675 1712 746 defatigetur:
1745 672 2024 744 quodque
2057 685 2160 724 ne-

515 779 630 832 que
661 768 868 818 contra
899 761 1050 818 illud
1079 769 1303 836 pugnet
1331 781 1524 834 neque
1555 764 1750 835 ipsum
1789 763 2003 827 vincat,
2063 763 2164 814 aut

511 850 743 921 quidvis
766 851 1021 907 aliorum
1069 851 1267 918 faciat,
1299 869 1554 924 quorum
1584 853 1711 906 haec
1749 851 1992 921 quidem
2023 852 2160 903 ante

509 940 848 1009 passionem
879 945 1071 1008 erant,
1102 940 1220 996 alia
1249 957 1382 996 vero
1416 945 1550 1011 post
1578 939 2110 994 ressurrectionem
2144 951 2158 989 :

508 1028 686 1082 veluti
711 1028 893 1084 Filius
915 1029 1016 1084 Dei
1045 1029 1223 1084 homo
1253 1029 1444 1085 factus
1461 1030 1620 1084 circa
1655 1046 1764 1083 nos
1794 1027 2160 1082 demonstra-

513 1120 613 1174 vit.
649 1119 849 1174 Tradit
879 1135 1014 1188 ergo
1047 1136 1168 1174 non
1201 1119 1360 1191 quod
1387 1137 1508 1174 non
1549 1119 1784 1182 habeat,
1843 1117 1946 1172 sed
2003 1115 2158 1186 quod

503 1209 632 1280 jam
663 1209 814 1263 nihil
841 1225 1047 1264 eorum
1079 1227 1209 1280 quae
1241 1210 1398 1265 dicta
1429 1214 1569 1264 sunt
1619 1209 1776 1264 circa
1835 1206 1983 1261 illud
2033 1222 2154 1260 am-

511 1299 669 1369 plius
697 1299 996 1370 perﬁciat:
1033 1298 1174 1369 quia
1203 1300 1380 1354 etiam
1412 1297 1657 1368 accepit,
1697 1313 1816 1351 non
1849 1293 2007 1366 quod
2037 1309 2156 1348 non

510 1387 790 1454 haberet;
812 1387 1068 1442 habebat
1083 1403 1342 1458 namque
1364 1387 1517 1442 sicut
1538 1391 1594 1439 et
1615 1388 1820 1440 Pater:
1864 1384 1968 1438 sed
1999 1382 2157 1453 quod

509 1475 764 1546 propriis
797 1475 1120 1544 laboribus,
1156 1476 1447 1530 seditione
1479 1492 1546 1530 ac
1605 1472 1920 1545 tyrannide
1959 1473 2155 1543 ipsum

504 1563 865 1618 liberaturus
925 1570 1098 1619 esset.
1164 1585 1192 1613 «
1253 1565 1396 1620 Cum
1454 1564 1768 1618 tradiderit
1823 1577 2090 1635 regnum.
2127 1581 2154 1608 ››

511 1654 754 1718 Quando
780 1654 929 1720 haac,
963 1671 994 1708 ο
1029 1654 1254 1710 Paule?
1285 1677 1312 1705 ‹‹
1346 1655 1490 1710 Cum
1551 1653 1878 1720 tradiderit,
1936 1653 2154 1722 inquit,

2271 486 2328 543 δὲ
2379 489 2526 544 ε’ἰποι
2581 511 2664 553 τις
2723 489 2808 561 ἂν,
2869 491 2967 547 οὐκ
3023 490 3126 565 ἔξω
3185 497 3418 560 σκοποῦ,
3469 494 3560 547 καὶ
3609 492 3701 546 οὐκ
3749 493 3872 568 ἐφίἶ»

2274 579 2348 651 μὴ
2409 573 2577 654 ἔχειν,
2639 577 2765 634 ἀλλ’
2824 579 2906 660 ἐφ’
2936 582 2981 654 ᾧ
3016 582 3092 653 μή
3144 579 3613 656 ταλαιπωρεῖσθαι
3652 579 3762 656 περί
3797 582 3870 636 αὖ.

2270 669 2387 736 τήν,
2438 669 2526 722 καὶ
2581 667 2660 745 ἐφ’
2717 671 2762 741 ᾧ
2820 672 2960 742 μήτε
3017 676 3356 749 συμμαχεῖν,
3393 673 3534 744 μήτε
3559 673 3872 744 τροποῦσθαι,

2271 759 2410 828 μήτε
2466 755 2606 810 ἄλλο
2663 777 2716 810 τι
2774 763 2970 831 ποιεῖν,
3021 760 3094 813 ὧν
3152 759 3219 814 τὰ
3279 759 3376 832 μὲν
3429 760 3535 833 πρὸ
3565 757 3656 812 τοό
3683 759 3872 830 πάθους,

2264 845 2331 900 τὰ
2385 843 2443 900 δὲ
2504 849 2637 920 μετὰ
2691 847 2792 915 τὴν
2848 846 3130 903 ἀνάστασιν
3189 848 3262 908 ὡς
3343 848 3468 909 Υἱὸς
3521 853 3649 903 Θεοῦ
3701 847 3870 922 ἄνθρω-

2265 952 2370 996 πος
2423 935 2683 1010 γεγονὼς,
2768 934 2844 997 εἰς
2919 938 3070 1008 ἡμᾶς
3129 934 3462 1009 ἐπεδείξατο.
3523 934 3872 1010 Παραδίδωσιν,

2266 1023 2377 1092 οὖν,
2411 1025 2482 1084 ὡς
2512 1017 2741 1098 ἔφημεν,
2774 1024 2876 1078 οὐκ
2933 1023 3013 1102 ἐφ’
3043 1025 3088 1097 ᾧ
3121 1027 3198 1098 μὴ
3251 1024 3424 1100 ἔχειν,
3457 1023 3583 1080 ἀλλ’
3609 1027 3689 1102 ἓφ⁷
3717 1025 3758 1096 ᾧ
3787 1048 3874 1098 μη-

2262 1112 2375 1168 κέτι
2449 1117 2555 1168 τῶν
2647 1115 2949 1190 εἰρημὲνων
3025 1135 3076 1169 τι
3150 1115 3274 1189 περὶ
3375 1115 3550 1184 αὐτὴν
3623 1114 3873 1171 ἐπιτελεῖν.

2264 1203 2410 1257 Ἐπεὶ
2471 1204 2560 1257 καὶ
2617 1201 2974 1278 παρείληφεν,
3031 1203 3128 1258 οὐκ
3181 1203 3260 1282 ἐφ’
3321 1202 3367 1274 ᾧ
3433 1204 3510 1276 μὴ
3570 1199 3708 1278 ἔχειν
3735 1206 3875 1279 (εἶχεν

2263 1291 2388 1366 γὰρ,
2421 1289 2603 1366 ὥσπερ
2636 1293 2664 1346 6
2697 1292 2931 1366 Πατὴρ),
2964 1289 3091 1346 ἀλλ’
3121 1289 3202 1360 ἐφ’
3251 1292 3297 1364 ᾧ
3346 1293 3540 1352 πόνοις
3573 1289 3746 1360 ἰδίοις,
3774 1293 3876 1346 στά-

2265 1399 2399 1439 σεως
2453 1377 2618 1450 αὐτὴν
2672 1379 2761 1434 καὶ
2811 1377 3130 1455 τυραννίδος
3189 1378 3522 1450 ἀπαλλάξει.
3556 1405 3583 1432 ‹‹
3617 1381 3767 1438 Ὅταν
3793 1381 3876 1434 πά-

2262 1465 2412 1542 ραδῷ
2464 1469 2563 1538 τὴν
2623 1467 2920 1544 βασιλείαν.
2983 1495 3010 1522 ››
3073 1471 3212 1526 Πότε
3266 1474 3462 1540 ταῦτα,
3524 1471 3568 1524 ὦ
3625 1469 3872 1539 Παῦλεμτ

2262 1581 2290 1608 ιι
2322 1558 2512 1630 ”¹Οταν,
2571 1558 2704 1636 φησί
2759 1555 2988 1632 παραδῷ
3044 1559 3144 1628 τήν
3205 1557 3491 1634 βασιλείαν
3545 1563 3624 1632 τῷ
3667 1563 3772 1630 Θεῷ
3804 1559 3874 1614 καὶ

2261 1650 2449 1726 Πατρί.
2530 1675 2557 1702 ››
2655 1649 2908 1726 Παραδῷ,
2981 1651 3250 1718 τουτέστι,
3325 1653 3752 1726 κατορθωθεῖσαν
3817 1652 3874 1712 εἰς

513 1759 760 1814 regnum
792 1743 908 1797 Deo
944 1749 1004 1798 et
1031 1744 1208 1799 Patri.
1239 1765 1268 1792 ››
1299 1743 1651 1810 Tradiderit,
1687 1743 1797 1797 hoc
1841 1747 1948 1808 est,
2002 1745 2143 1796 stre-

2265 1737 2424 1810 μέσον
2465 1738 2663 1816 ἀγάγῃ.
2725 1741 2914 1796 Ἔσται
2975 1737 3033 1796 δὲ
3089 1745 3274 1807 τοῦτο,
3331 1739 3462 1796 ὅταν
3521 1743 3806 1810 ἡττηθῶσιν
3832 1740 3872 1794 οἱ

2265 1825 2289 1844 δ
2337 1827 2349 1844 1
2667 1828 2681 1844 \
2831 1829 2844 1844 I
3157 1833 3180 1844 υ
3286 1829 3301 1844 \
3337 1827 3395 1844 κῇ
3496 1828 3510 1844 9
3669 1835 3689 1844 ο
3763 1828 3824 1844 IIII

509 1848 626 1886 nue
645 1831 978 1886 confectum
1000 1832 1061 1886 in
1085 1832 1346 1886 medium
1371 1831 1702 1902 protulerit.
1725 1831 1790 1886 Id
1810 1836 2008 1886 autem
2041 1831 2152 1884 erit

512 1937 646 1976 cum
677 1921 888 1976 devicti
938 1922 1160 1974 fuerint
1208 1921 1527 1986 daemones,
1587 1938 1654 1976 ac
1709 1920 2000 1976 desierint
2053 1935 2155 1976 sua

503 2027 684 2082 opera
707 2009 923 2066 facere.
947 2013 1107 2064 Tunc
1131 2011 1293 2064 enim
1316 2011 1581 2064 Christus
1631 2009 1888 2082 perfecte
1927 2009 1988 2063 in
2043 2025 2150 2063 nos

502 2099 790 2172 regnabit,
819 2099 1078 2168 nonjam
1097 2100 1313 2154 divisos
1357 2100 1474 2154 Deo
1525 2105 1581 2154 et
1631 2098 1846 2154 rectori
1891 2097 2146 2154 mundi:

502 2195 567 2243 ut
588 2188 650 2242 in
671 2189 764 2243 his
789 2189 1028 2259 quidem
1052 2190 1188 2254 Deo,
1218 2190 1277 2242 in
1305 2189 1426 2242 illis
1462 2195 1660 2244 autem
1705 2187 2014 2243 all'ectibus
2045 2203 2152 2258 pa-

501 2295 759 2334 reamus.
796 2280 942 2344 Quid
976 2283 1154 2351 ergo?
1175 2297 1422 2351 regnum
1445 2281 1562 2335 Deo
1605 2285 1662 2334 et
1705 2280 1862 2335 Patri
1894 2279 2086 2334 tradet
2123 2278 2149 2333 ?

507 2371 738 2441 Utique.
771 2369 908 2424 Vult
937 2370 1096 2424 enim
1151 2370 1462 2425 ostendere
1517 2386 1700 2424 unam
1758 2374 2148 2424 sacrosancta;

501 2459 802 2514 Trinitatis
825 2477 954 2514 esse
977 2465 1258 2514 mentem.
1287 2459 1589 2530 Siquidem
1616 2460 1904 2526 Christus,
1929 2459 2146 2529 inquit,

504 2549 604 2620 qui
637 2548 861 2602 bellum
895 2549 1196 2620 transegit,
1227 2566 1348 2603 non
1377 2548 1538 2603 solus
1572 2549 1697 2619 ipse
1729 2553 1794 2602 ut
1850 2547 2146 2620 quispiam

503 2643 793 2710 tyrannus
825 2654 1072 2710 regnum
1095 2638 1506 2705 retinebit,sed
1533 2643 1590 2692 et
1613 2637 1770 2691 Patri
1794 2642 1852 2690 et
1880 2637 2144 2708 Spiritui,

502 2727 562 2782 id
590 2726 748 2799 quod
781 2727 1037 2782 efﬁcitur
1066 2734 1362 2798 operatur.
1401 2750 1427 2776 ‹‹
1489 2729 1606 2782 Deo
1664 2731 1723 2781 et
1773 2726 1949 2782 Patri.
2003 2748 2031 2776 ››
2065 2726 2144 2781 Eo

503 2817 661 2887 quod
681 2815 809 2887 ejus
827 2815 1402 2887 sitprincipium,ita
1441 2815 1604 2870 dixit.
1646 2815 1820 2870 Divus
1869 2814 2144 2886 Cyrillus,

501 2911 710 2976 quarto
733 2905 999 2959 Adversus
1019 2907 1304 2959 Julianum
1329 2905 1501 2971 libro,
1535 2905 1692 2960 circa
1729 2906 1926 2977 ipsum
1963 2905 2142 2959 ﬁnem

501 2995 582 3050 ita
606 2993 888 3048 ait:(:um
911 2993 1219 3048 tradiderit
1270 3011 1538 3065 regnum,
1590 2994 1702 3048 hoc
1740 2999 1848 3060 est,
1888 2992 2142 3048 liberum

500 3090 784 3155 tanquam
812 3099 846 3138 a
865 3089 1118 3154 tyranno
1141 3083 1464 3138 discertum
1517 3083 1820 3153 eripuerit,
1871 3088 1930 3138 et
1954 3082 2142 3138 addu-

2262 1825 2534 1900 δαίμονες,
2593 1828 2682 1882 καὶ
2739 1829 3034 1885 παύσονται
3087 1833 3184 1884 τοῦ
3240 1829 3310 1885 τὰ
3337 1827 3456 1884 ἳδια
3491 1828 3732 1905 ἐνεργεῖν.
3763 1828 3874 1885 Τότε

2258 1918 2363 1992 γὰρ
2418 1917 2642 1980 τελείως
2716 1919 2877 1991 ἡμῶν
2932 1919 2960 1972 6
3017 1919 3244 1994 Χριστὸς
3323 1916 3656 1995 βασιλεύσει,
3709 1918 3870 1990 μηκέτι

2260 2005 2631 2080 μεριζομένων
2685 2011 2800 2078 Θεῷ
2855 2008 2944 2063 καὶ
3001 2009 3434 2083 κοσμοκράτορι.
3497 2005 3651 2078 Μηδέ
3694 2008 3752 2061 τὰ
3799 2007 3872 2078 μὶν

2256 2100 2393 2167 Θεῷ,
2443 2096 2507 2150 τὰ
2568 2093 2624 2150 δὲ
2677 2101 2796 2160 τοῖς
2849 2097 3041 2152 πάθεσι
3101 2095 3471 2170 πειθομένων.
3529 2096 3589 2150 Τί
3643 2096 3870 2164 οὗνςτὴν

2257 2183 2536 2259 βασιλείαν
2581 2189 2660 2258 τῷ
2693 2189 2809 2258 Θεῷ
2863 2185 2954 2240 καὶ
3011 2186 3180 2260 Πατρὶ
3235 2183 3590 2258 παραδώσεις
3633 2184 3743 2242 Ναί.
3775 2189 3874 2238 Δεῖ-

2253 2274 2338 2343 ξαι
2369 2274 2472 2348 γὰρ
2501 2272 2644 2329 θέλει
2681 2274 2804 2347 μίαν
2856 2275 3082 2351 γνώμην
3135 2281 3237 2344 τῆς
3293 2275 3457 2350 ἁγίας
3485 2271 3728 2350 Τριάδος.
3758 2273 3872 2332 Οὖτι

2253 2363 2378 2438 γὰρ,
2411 2363 2596 2441 φησὶν,
2627 2363 2654 2418 6
2686 2364 2917 2437 Χριστὸς
2947 2365 3295 2438 κατορθώσας
3343 2365 3446 2434 τὴν
3509 2363 3708 2438 μάχην,
3737 2361 3870 2420 αὐτὸς

2257 2453 2420 2528 μόνος
2479 2451 2660 2528 ὥσπερ
2717 2476 2801 2517 τις
2856 2455 3114 2528 τύραννος
3173 2451 3384 2524 καθέξει
3443 2455 3544 2523 τὴν
3601 2451 3868 2528 βασιλείαν,

2251 2541 2398 2598 ἀλλᾶ
2434 2543 2523 2597 καὶ
2579 2547 2660 2615 τῷ
2717 2544 2888 2618 Πατρὶ
2943 2545 3036 2598 καὶ
3091 2549 3169 2616 τῷ
3227 2543 3508 2616 Πνεύματι
3535 2543 3596 2598 τὸ
3625 2543 3868 2618 γινόμενον

2251 2633 2560 2706 πράττεται.
2597 2655 2623 2682 α
2653 2637 2745 2704 Τῷ
2777 2637 2892 2704 Θεῷ
2941 2633 3031 2687 καὶ
3063 2633 3254 2708 Πατρί.
3291 2657 3318 2684 ››
3355 2631 3866 2706 [ΟΙΚΟΓΜΕΝΙΟΥ.]

2253 2720 2349 2774 Διὰ
2403 2721 2465 2774 τὸ
2525 2719 2698 2774 α’ἰτιον
2761 2721 2934 2785 οὕτως
2965 2723 3134 2778 εἶπεν.
3194 2723 3255 2779 Ὀ
3310 2719 3366 2776 ἐν
3425 2721 3599 2796 ἁγίοις
3629 2717 3868 2794 Κύριλλος

2253 2807 2303 2862 ἐν
2335 2801 2542 2883 βιϐλίῳ
2590 2809 2832 2882 τετάρτῳ
2887 2815 2995 2865 τῶν
3054 2811 3190 2866 κατὰ
3247 2808 3579 2876 Ἰουλιανοῦ,
3609 2809 3734 2883 πρὸς
3761 2803 3866 2861 αὐτὸ

2248 2897 2311 2952 τὸ
2373 2895 2539 2970 πέρας
2595 2897 2739 2952 οὕτω
2797 2901 2980 2976 φησίν·
3043 2901 3268 2957 ‹‹¹Ὀταν
3327 2895 3562 2976 παραδῷ
3613 2899 3706 2965 τήν
3737 2897 3868 2969 βασι-

2250 2983 2419 3052 λείαν,
2450 3009 2478 3036 ››
2507 2987 2800 3053 τουτέστιν,
2835 2986 3120 3064 ἒλευθέραν
3185 2990 3258 3051 ὡς
3315 2989 3425 3044 ὑπὸ
3463 2986 3708 3062 τυράννου
3737 2981 3867 3057 διηρ-

2247 3074 2550 3147 πασμένην,
2607 3074 2804 3144 ἐξελὼν
2859 3077 2947 3131 καὶ
3005 3077 3372 3154 προσαγαγὼν
3413 3081 3493 3150 τῷ
3551 3072 3668 3148 ἰδίῳ
3703 3073 3866 3152 γεννήε

499 3154 654 3229 xerit
685 3171 923 3244 proprio
953 3173 1227 3243 genitori.
1261 3193 1290 3220 »
1330 3176 1476 3228 Cum
1527 3171 1850 3228 aboleverit
1907 3188 2143 3228 omnem

2252 3187 2387 3241 τορι.
2426 3190 2455 3218 ι(
2483 3168 2646 3224 ’Ὁταν
2675 3171 2996 3243 καταργήσῃ
3048 3173 3218 3224 πᾶσαν
3261 3169 3470 3248 ἀρχήν.
3505 3191 3532 3220 ιι
3557 3165 3865 3240 Καταργήσῃ,

498 3262 916 3334 principatum.
948 3281 976 3310 »
1000 3260 1352 3329 Aboleverit,
1377 3262 1488 3316 hoc
1511 3269 1620 3330 est,
1645 3262 1947 3332 devicerit,
1972 3262 2137 3318 cohi-

499 3349 696 3404 buerit
723 3347 790 3402 ‘7.
823 3347 1057 3402 Etenim
1089 3366 1247 3404 nunc
1280 3357 1602 3421 operantur
1630 3368 1698 3406 ac
1745 3353 1862 3406 vim
1921 3352 2142 3408 habent

499 3455 689 3512 pravaa
722 3455 789 3493 ac
819 3439 1158 3510 apostaticaa
1185 3443 1512 3512 potestatis,
1547 3447 1688 3496 tunc
1735 3459 1872 3497 vero
1923 3459 2141 3513 nequa-

500 3544 679 3600 quam
710 3529 825 3584 vim
857 3535 1150 3600 exserent,
1183 3530 1242 3586 in
1276 3531 1566 3586 ultionem
1625 3531 1875 3584 traditae.
1937 3531 2138 3586 Simile

501 3622 590 3672 est
619 3617 776 3688 quod
807 3618 886 3674 ait
917 3618 1099 3674 David
1127 3635 1140 3674 :
1173 3642 1200 3669 α
1245 3619 1311 3674 In
1353 3619 1562 3674 umbra
1615 3617 1844 3673 alarum
1902 3621 2137 3672 tuarum

499 3705 748 3778 sperabo
782 3724 1089 3778 quousque
1143 3712 1404 3762 transeat
1459 3705 1740 3776 iniquitas
1796 3705 1857 3758 ⁸³.
1915 3727 1944 3754 ››
1975 3705 2138 3762 Tunc

492 3795 652 3850 enim
685 3798 980 3865 transibit,
1017 3797 1253 3866 quando
1285 3795 1652 3866 principatus
1693 3811 1759 3849 ac
1814 3799 2134 3865 potestates

489 3885 723 3940 abolitae
748 3885 992 3953 fuerint,
1023 3891 1082 3938 et
1111 3885 1240 3938 sine
1276 3883 1540 3937 efﬁcacia
1573 3883 1919 3937 manserint.

569 3975 719 4031 575
755 3974 928 4028 Pater
958 3989 1194 4042 semper
1233 3988 1482 4042 regnum
1541 3971 1748 4026 habuit
1803 3973 2131 4036 hominum,

487 4065 604 4119 imo
637 4062 818 4117 etiam
848 4060 1216 4132 angelorum,
1249 4061 1352 4114 sed
1384 4060 1729 4133 angelorum
1748 4061 1986 4132 quidem
2007 4063 2131 4119 sine

487 4151 800 4212 seditione,
830 4148 1143 4203 hominum
1174 4165 1308 4203 vero
1339 4149 1582 4220 plenum
1628 4150 2042 4220 seditionibus,
2075 4159 2132 4208 et

487 4240 558 4296 ab
585 4235 1001 4293 affectionibus
1024 4237 1412 4307 captivum,ac
1430 4238 1768 4296 daemonum
1793 4242 2131 4296 tentationi-

485 4327 595 4381 bus
627 4323 935 4396 tyrannice
965 4341 1335 4396 oppressum.
1369 4334 1442 4384 At
1471 4329 1653 4386 Filius
1703 4331 1942 4401 propria
1997 4348 2128 4402 pas-

487 4415 654 4468 sione
687 4427 866 4483 quam
897 4413 1060 4468 carni
1091 4415 1292 4470 unitus
1325 4418 1850 4488 suscepit,omnem
1883 4435 2127 4475 enerva-

2245 3257 2510 3324 τουτέστι,
2541 3259 2765 3332 νικήσῃ,
2797 3258 2996 3333 παύσῃ.
3059 3261 3163 3312 Νῦν
3220 3259 3314 3331 μὶν
3363 3257 3467 3334 γὰρ
3515 3253 3796 3330 ἐνεργοῦσιν
3821 3249 3864 3303 αἱ

2245 3346 2484 3420 πονηραὶ
2542 3347 2632 3401 καὶ
2689 3345 3048 3402 ἀποστατικαὶ
3108 3343 3393 3420 δυνάμεις,
3421 3345 3546 3401 τότε
3595 3340 3649 3398 δὲ
3693 3341 3780 3396 οὐκ
3813 3335 3860 3392 ἂν

2246 3432 2630 3509 ἐνεργησωσιν,
2665 3434 2740 3496 εἷς
2787 3435 3014 3490 κόλασιν
3043 3431 3500 3509 παραδιδόμεναι.
3531 3431 3743 3506 Ὀμοιόν
3770 3449 3859 3505 φη-

2246 3543 2328 3575 σιν
2379 3524 2406 3578 6
2466 3520 2650 3594 Δαυίδ,
2683 3549 2710 3574 ‹‹
2751 3525 2836 3578 Ἐν
2875 3530 2942 3593 τῆ
2999 3527 3122 3594 σκιᾷ
3149 3527 3254 3577 τῶν
3285 3523 3570 3598 πτερύγων
3598 3541 3690 3575 σου
3719 3515 3864 3572 ἔλπιῶ

2242 3607 2343 3672 ἕως
2375 3609 2436 3664 οὗ
2495 3609 2739 3686 παρέλθῃ
2773 3613 2808 3681 ἡ
2842 3611 3063 3684 ἀνομία.
3099 3635 3127 3664 »
3186 3612 3324 3670 Τότε
3380 3613 3484 3688 γὰρ
3541 3607 3856 3684 παρέρχεταιο

2245 3697 2367 3753 ὅταν
2429 3701 2481 3754 αἱ
2539 3701 2706 3779 ἀρχαὶ
2764 3701 2852 3756 καὶ
2913 3699 3146 3772 ἐξουσίαι
3202 3703 3606 3778 καταργηθῶσι,
3661 3695 3742 3751 καὶ
3779 3692 3855 3745 ἂν·

2244 3787 2520 3862 ενὲργητοι
2556 3790 2834 3860 μείνωσιν.

2313 3985 2476 4058 Εἶχεν
2525 3987 2603 4039 ἀεὶ
2636 3987 2662 4040 6
2695 3987 2885 4062 Πατὴρ
2938 3990 3038 4056 τὴν
3101 3992 3207 4042 τῶν
3253 3987 3556 4061 ἀνθρώπων
3591 3975 3854 4059 βασιλείαν,

2238 4073 2328 4128 καὶ
2359 4076 2466 4146 μὴν
2497 4074 2585 4130 καὶ
2633 4079 2742 4130 τῶν
2802 4075 3067 4152 ἀγγέλων.
3130 4076 3308 4132 Ἀλλὰ
3363 4078 3466 4146 τήν
3529 4074 3620 4148 μὲν
3649 4073 3744 4125 τῶν
3779 4065 3856 4138 ἀγ·

2239 4162 2440 4238 γέλων,
2503 4163 2875 4232 ἀστασίαστον,
2931 4167 3030 4235 τήν
3091 4163 3147 4220 δὲ
3218 4170 3327 4221 τῶν
3383 4164 3701 4239 ἀνθρώπων,
3749 4171 3854 4209 στα·

2240 4253 2549 4322 σιάζουσαν,
2598 4253 2688 4308 καὶ
2739 4255 2962 4318 πάθεσιν
3014 4252 3605 4330 αἰχμαλωτιζομένην,
3652 4242 3858 4303 καῖδαι-

2241 4341 2416 4414 μόνων
2473 4341 2752 4417 ἐπηρείαις
2804 4327 3263 4418 τυραννουμένην.
3327 4327 3482 4400 Ἀλλ’
3540 4341 3568 4396 6
3633 4337 3742 4395 Υἱὸς
3783 4327 3856 4384 διά

2233 4436 2330 4486 τοῦ
2361 4431 2570 4487 οἰκείου
2624 4433 2854 4501 πάθους,
2914 4431 2943 4486 ὅ
3003 4432 3057 4486 ἐν
3117 4433 3272 4507 σαρκὶ
3327 4433 3562 4509 γεγονὼς
3591 4423 3854 4509 ἀνεδέξατρν

485 4504 565 4556 vit
585 4501 987 4576 tyrannidem,
1007 4520 1074 4558 ac
1092 4505 1348 4560 maxime
1381 4505 1650 4560 reddidit
1691 4507 2140 4575 imbecillem,et

2252 4527 2414 4575 πᾶσαν
2473 4519 2746 4597 ἐσάθρωσε
2801 4519 3088 4596 τυραννίδα
3144 4521 3233 4576 καὶ
3291 4519 3670 4586 ἀσθενεστάτην
3696 4508 3852 4585 εἰργά-

483 4592 879 4666 captivantem
911 4593 1246 4648 humiliavit
1277 4610 1344 4649 ac
1375 4595 1672 4666 captivum
1731 4596 1903 4666 cepit.
1967 4601 2129 4652 Atta-

483 4699 620 4739 men
679 4683 1025 4738 hominibus
1081 4683 1145 4738 in
1203 4683 1320 4738 vita
1379 4683 1771 4755 torpentibus,
1849 4691 2128 4757 tanquam

483 4773 756 4828 scintillae
789 4771 1060 4843 quaedam
1093 4772 1368 4828 vitiorum
1401 4777 1606 4828 nostra
1626 4773 1986 4846 negligentia
2005 4776 2132 4831 red-

481 4860 890 4916 accenduntur
921 4879 988 4917 ac
1033 4863 1502 4918 inflammantur.
1564 4863 1701 4918 Post
1758 4863 1936 4919 ﬁnem
1995 4883 2128 4922 vero

485 4951 704 5007 sedatis
729 4951 969 5022 quidem
994 4954 1427 5022 all'ectionibus,
1447 4953 1816 5010 daemonibus
1837 4972 1972 5012 vero
1991 4975 2126 5030 sup-

479 5041 661 5113 plicio
697 5040 949 5107 traditis,
985 5043 1245 5114 etjustis
1284 5044 1344 5097 in
1401 5043 1674 5115 paradiso
1726 5043 1948 5116 absque
2004 5047 2128 5104 ulla

479 5130 820 5186 turbatione
853 5129 1225 5202 degentibus,
1261 5132 1440 5186 tradit
1461 5133 1643 5187 Filius
1665 5134 1824 5188 Patri
1857 5152 2123 5208 regnum,

477 5225 544 5276 ut
575 5219 734 5290 quod
765 5218 1078 5289 tyrannide
1112 5219 1391 5292 omnique
1421 5221 1708 5277 seditione
1747 5239 1964 5294 purum
1991 5227 2123 5281 red-

477 5307 645 5364 didit.

546 5395 664 5462 XV,
697 5397 896 5452 25-28.
932 5418 960 5444 «
993 5399 1140 5450 Nam
1172 5402 1406 5468 oportet
1443 5413 1579 5454 eum
1632 5415 1880 5472 regnare
1935 5403 2123 5462 donec

549 5543 592 5581 ⁸⁷
623 5544 865 5615 Gregor.
903 5547 1048 5598 orat.
1087 5559 1142 5612 ιι,
1179 5542 1256 5598 De
1289 5541 1458 5598 Filio.
1493 5541 1540 5576 ‘3
1569 5544 1724 5599 Psal.
1755 5561 1864 5614 Lvi,
1898 5552 1948 5605 2.

2244 4631 2392 4679 σατο,
2452 4610 2542 4666 καὶ
2598 4611 2660 4666 τὸ
2727 4609 3144 4686 αἰχμαλωτίζον
3201 4611 3526 4667 ἐταπείνωσε
3581 4607 3666 4661 καὶ
3718 4601 3851 4676 ᾐχμο

2242 4697 2530 4756 αλώτισεν.
2561 4703 2752 4773 Ὅμως
2799 4705 2908 4756 τῶν
2961 4699 3013 4756 ἐν
3080 4700 3184 4776 βίῳ
3242 4695 3750 4777 καταρᾳθυμούντων
3779 4688 3852 4777 dvr-

2241 4787 2496 4862 θρώπιυν,
2572 4787 2752 4865 ὣσπερ
2841 4789 3127 4866 σπινθῆρες
3208 4811 3344 4852 τινες
3400 4796 3502 4858 τῆς
3557 4783 3729 4841 κακίας
3779 4771 3851 4828 διὰ

2237 4883 2335 4945 τῆς
2394 4879 2554 4947 ἡμῶν
2614 4876 2900 4949 ἀμελείας,
2960 4878 3260 4934 ἀνάπτουσι
3321 4880 3411 4934 καὶ
3470 4869 3848 4948 ἀναφλέγονταε-

2239 4967 2387 5022 Μετὰ
2419 4964 2477 5020 δὲ
2505 4967 2568 5020 τὸ
2599 4965 2780 5035 τέλος,
2831 4971 2938 5022 τῶν
3003 4969 3097 5042 μὶν
3157 4973 3340 5032 παθῶν
3372 4961 3734 5038 πεπαυμένων,
3759 4953 3848 5006 τῶν

2239 5051 2295 5108 δὲ
2355 5051 2629 5126 δαιμόνων
2689 5053 3102 5129 κολαζομένων,
3156 5057 3246 5112 καὶ
3297 5061 3404 5110 τῶν
3467 5051 3676 5110 δικαίων
3725 5043 3846 5129 bin

2237 5140 2497 5216 οχλήτων
2541 5141 2592 5197 ἐν
2640 5141 2950 5218 παραδείσῳ
3011 5142 3404 5217 διαιτωμένων,
3459 5121 3846 5218 παραδίδωσινδ

2235 5232 2358 5293 Υἱὸς
2430 5236 2508 5304 τῷ
2585 5233 2755 5306 lla-cpi
2831 5235 2932 5304 τὴν
3013 5233 3290 5307 βασιλείαν
3369 5235 3442 5296 ὡς
3515 5224 3844 5300 κατορθώσας,

2232 5321 2466 5394 καθαρὰν
2493 5319 2804 5396 τυραννίδος
2829 5323 2916 5377 καὶ
2949 5323 3390 5380 ἆναστασίαστον.

2305 5435 2332 5461 ‹‹
2363 5413 2453 5464 Δεῖ
2481 5409 2585 5484 γὰρ
2637 5408 2798 5465 αὐτὸν
2861 5409 3192 5486 βασιλεύειν,
3233 5411 3398 5486 ἄχρις
3458 5409 3520 5466 οὗ
3561 5405 3619 5462 ἂν
3647 5403 3710 5476 θῇ
3735 5391 3846 5452 πᾶν*
