4158 6194
286 322 404 383 873

1249 323 1644 387 OOMMEN'I‘.
1692 325 1780 387 IN
1829 323 2077 386 EPIST.
2126 327 2148 387 Ῑ
2195 328 2298 389 ΑΙ)
2343 326 2713 389 CORINTH.

3577 328 3694 391 814

289 476 385 518 τας
414 454 544 520 τοὺς
570 453 804 533 ἐχθροὺς
858 455 961 514 ὑπὸ
1019 457 1149 521 τοὺς
1200 455 1369 520 πόδας
1424 458 1606 516 αὐτοῦ.
1667 460 1932 538 Ἒσχατος

2055 484 2085 513 ‹‹
2116 464 2380 534 posuerit
2403 480 2614 520 omnes
2634 461 2907 519 inimicos
2937 460 3044 518 sub
3065 459 3247 535 pedes
3278 477 3437 519 suos.
3476 464 3706 522 Postre-

296 544 495 624 ἐχθρὸς
545 552 892 623 καταργεῖται
954 549 981 603 6
1041 548 1285 613 θάνατος.
1346 550 1523 603 Πάντα
1582 549 1684 625 γὰρ
1748 547 1938 604 ὑπετα-

290 637 372 707 ξεν
405 638 507 693 ὑπὸ
538 638 663 701 τοὺς
688 637 859 702 πόδας
890 640 1076 696 αὐτοῦ.
1119 640 1279 695 Ὀταν
1337 636 1394 696 δὲ
1451 637 1575 715 εἶ’πῃ
1632 641 1714 695 ὅτι
1770 640 1941 695 πάντα

288 726 665 797 ὑποτέτακται,
772 726 1033 799 δηλονότι
1135 728 1288 791 ειτὸς
1391 733 1487 785 10-3
1585 728 1941 800 ὑποτάξαντος

282 815 430 889 αὐτῷ
458 819 523 872 τά
555 817 743 876 πάντα..
778 820 941 876 Ὅταν
1002 818 1059 875 δὲ
1117 818 1362 895 ὑποταγῇ
1422 818 1570 891 αύτῷ
1620 819 1686 875 τά
1743 820 1936 888 πάντα,

284 907 408 962 τότε
437 907 526 961 καὶ
557 906 721 969 αὐτὸς
752 908 781 964 6
816 908 939 971 Υἱὸς
1002 909 1402 983 ὑποταγήσεται
1468 913 1547 981 τῷ
1606 908 1937 980 ὑπῡτάξαντι

284 995 434 1068 αύτῷ
457 995 525 1053 τὰ
555 996 747 1067 πάντα,
776 995 869 1053 ’ίνα
898 996 934 1073 ᾖ
965 997 992 1053 6
1025 998 1155 1059 Θεὸς
1185 997 1361 1053 πάντα
1391 995 1444 1052 ἐν
1474 1002 1653 1055 πᾶσιν.

355 1086 432 1143 Τὸ
467 1084 774 1163 βασιλεύειν
805 1085 1048 1157 ἐνταῦθα,
1081 1086 1190 1166 οὐχ
1219 1084 1435 1155 ἁπλῶς,
1468 1085 1595 1143 ἀλλ’
1653 1087 1789 1155 οἷον,
1846 1092 1938 1143 Δεῖ

284 1174 445 1230 αύτὸν
503 1174 568 1231 τά
614 1179 711 1231 τοῦ
771 1176 1162 1251 βασιλεύοντος
1204 1180 1404 1246 ποιεῖν,
1454 1176 1722 1241 τουτὲστι,
1754 1174 1934 1232 πολε-

286 1269 405 1338 μεῖν
431 1266 558 1327 τοὺς
592 1265 848 1345 ἐχθροὺς,
881 1271 1195 1343 συμμαχεῖν
1253 1271 1372 1329 τοῖς
1430 1263 1617 1337 ἰδίοις,
1673 1267 1800 1331 τοὺς
1835 1268 1930 1341 μὲν

278 1358 636 1431 τροποῦσοαι,
666 1356 793 1420 τοὺς
826 1354 883 1413 δὲ
942 1357 1181 1435 ῥύεσθαι.
1244 1382 1272 1410 (ι
1303 1359 1503 1434 Ἀχρις
1536 1356 1600 1413 οὗ
1652 1357 1713 1413 ἂν
1778 1362 1870 1432 θῇ,
1903 1384 1932 1413 ››

283 1446 377 1501 καὶ
406 1446 549 1517 ἑξῆς.
590 1448 737 1503 Δίετᾶ
775 1448 879 1524 γάρ
927 1452 1117 1519 ταῦτα,
1185 1445 1404 1510 οὐδενὸς
1463 1452 1571 1502 τῶν
1631 1447 1931 1524 εἰρημένων

285 1534 464 1611 χρεία.
500 1536 881 1600 ’Λστασιαατὸς
906 1537 1006 1614 γὰρ
1058 1536 1250 1592 λοιπὸν
1279 1538 1314 1608 ἡ
1347 1533 1619 1613 βασιλεία.
1667 1561 1695 1589 ‹‹
1728 1538 1933 1617 νΑχρις

284 1624 347 1680 οὗ
386 1623 447 1679 ἂν
483 1628 573 1699 θῇ.
611 1650 638 1678 ››
679 1626 757 1684 Ού
792 1625 951 1687 τέλος
984 1625 1238 1688 ἐπιτιθεῖς
1295 1629 1364 1701 τῇ
1400 1624 1673 1701 βασιλείᾳ,
1706 1626 1820 1682 εἶπε
1848 1628 1931 1698 τὸ,

286 1738 314 1767 ιι
343 1719 540 1789 Ἀχρις
570 1714 634 1769 οὗ
667 1714 729 1770 ἂν
758 1718 848 1790 Θῇ,
870 1739 898 1767 ›)
922 1712 1050 1771 ἀλλ’
1072 1715 1384 1786 ἀξιόπιστον
1409 1720 1580 1772 ποιῶν
1611 1717 1673 1771 τό
1704 1714 1932 1792 εἶ’ρημέ-

281 1824 400 1869 νον,
432 1803 521 1858 καὶ
564 1803 779 1879 θαρῥεῖν
826 1805 1269 1879 παρασκευάζων,
1332 1804 1525 1860 ὡσανεὶ
1584 1802 1759 1879 ἔλεγε·
1814 1806 1931 1874 Μὴ,

281 1889 470 1963 ἱπειδὴ
502 1892 763 1963 ἤκουσας,
796 1893 870 1955 ὥς
912 1893 1089 1963 οὗτος,
1124 1893 1208 1950 ὅτι
1248 1895 1575 1970 καταργήσει
1632 1900 1803 1950 πᾶσαν
1833 1893 1927 1970 ἆρα

275 1982 379 2050 κήν
405 1980 496 2037 καὶ
544 1979 810 2053 ἐξουσίαν,
868 1982 960 2037 καὶ
1017 1982 1177 2038 αὐτὸν
1229 1982 1322 2039 τὸν
1382 1986 1629 2053 θάνατον,
1682 1978 1930 2059 φοϐηθῇς

285 2070 361 2133 ὡς
405 2070 720 2134 ἀτονοῦντος
778 2070 964 2130 αὐτοῦ.
1032 2074 1179 2136 Ἕως
1234 2072 1338 2150 γὰρ
1383 2072 1643 2130 ἃνπάντα
1700 2079 1928 2144 ποιῆσαι

285 2157 590 2233 βασιλεύει,
631 2160 693 2216 06
725 2164 890 2218 τοῦτο
929 2159 1133 2240 λέγων,
1165 2162 1249 2219 ’ὁτι
1284 2162 1420 2237 μετᾶ
1461 2163 1523 2218 τὸ
1580 2168 1808 2232 ποιῆσαι
1866 2161 1928 2218 06

283 2248 617 2323 βασιλεύσει,
651 2248 778 2306 ἀλλ’
828 2250 998 2307 ἰκεῖνο
1054 2250 1265 2316 δεικνὺς
1318 2252 1401 2308 ὅτι
1448 2251 1545 2308 κᾶν
1605 2253 1681 2327 μὴ
1713 2255 1804 2307 νῦν
1840 2249 1930 2327 γέ-

274 2358 461 2410 νηται,
494 2340 713 2403 πάντως
774 2337 945 2401 ἔσθαι.
1003 2345 1207 2419 Κρατεῖ
1261 2341 1365 2419 γὰρ
1421 2342 1611 2411 αὐτοῦ,
1670 2341 1858 2421 φησὶν,
1891 2343 1926 2413 ἠ

263 2427 526 2504 βασιλεία
563 2429 654 2486 καὶ
686 2431 787 2487 οὐκ
818 2432 1020 2500 ἀτονεῖ,
1050 2430 1213 2507 ἄχρις
1252 2429 1316 2487 06
1348 2432 1516 2487 πάντα
1568 2431 1925 2507 κατορθώσει,

260 2520 328 2575 Ἦ
359 2517 418 2576 δὶ
449 2525 729 2598 κρατοῦσα
773 2521 937 2598 ἄχρις
996 2521 1058 2578 οὗ
1116 2522 1284 2579 πάντα
1344 2524 1689 2598 κατορθωηῇ,
1730 2520 1927 2597 πολλῷ

280 2607 494 2684 μᾶλλον
527 2614 663 2686 μετὰ
691 2613 754 2669 τὸ
783 2616 1197 2687 κατορθωθῆναι
1245 2616 1522 2692 κρατήσει.
1580 2638 1608 2666 ‹‹
1643 2613 1740 2669 Καὶ
1769 2613 1927 2689 βασι-

276 2698 429 2764 λείας
464 2700 649 2769 αὖτοῦ,
682 2702 869 2780 ιρησέν,
915 2704 1015 2759 οὐκ
1070 2701 1216 2759 ἔσται
1270 2704 1451 2767 τέλος.
1489 2728 1516 2755 ι)
1568 2699 1647 2762 Τό
1707 2701 1764 2759 δὶ
1795 2701 1925 2779 ἄχρι

272 2789 459 2845 καὶτὸ
496 2790 625 2856 ἕως,
675 2792 737 2847 06
789 2797 962 2848 κεῖται
1022 2794 1225 2868 χρόνον
1282 2791 1707 2863 συντελεστικόν,
1775 2789 1925 2863 ἀλλ’,

271 2877 583 2935 ’Δεί.()ἷον
624 2880 709 2950 16,
773 2903 797 2934 ι
832 2880 978 2954 Ἐγὼ
1037 2883 1155 2953 μεθ’
1211 2880 1363 2955 ὑμῶν
1425 2881 1539 2955 εἶμι
1598 2882 1772 2943 πάσας
1830 2882 1925 2944 τάς

273 2966 488 3042 ἡμέρας
517 2965 623 3032 ’ἕως
662 2975 762 3039 τῆς
806 2966 1136 3032 συντελείας.
1165 2994 1195 3022 ››
1264 2971 1368 3026 Καὶ
1428 2971 1513 3038 τὸ,
1573 2995 1600 3023 ‹‹
1635 2970 1815 3027 Κάθου
1868 2968 1929 3025 ἐκ

278 3053 467 3126 δεξιῶν
505 3079 609 3131 μου
650 3055 779 3126 ἓως,
813 3080 844 3114 ι)
901 3059 989 3114 καὶ
1021 3059 1105 3129 τὸ,
1166 3085 1191 3112 ιι
1226 3055 1509 3135 Παρέλαόε
1566 3060 1663 3128 τήν
1697 3065 1927 3137 γυναῖκα

270 3143 442 3202 αὐτοῦ
490 3148 579 3202 καὶ
642 3147 742 3204 οὖκ
794 3148 1081 3225 ὶγῖνωσκεν
1138 3149 1306 3219 αὐτὴν
1360 3144 1487 3211 ἕως,
1524 3172 1552 3199 ››
1613 3152 1704 3203 Δεῖ
1763 3146 1926 3202 αὐτὸν

278 3233 589 3310 βασιλεύειν
620 3236 703 3292 ἀεὶ
760 3237 850 3293 καὶ
889 3238 995 3313 πρὸ
1041 3242 1139 3293 τοῦ
1188 3236 1448 3308 ὑποτάξαι
1506 3236 1633 3299 τοὺς
1693 3235 1926 3313 ἐχθροὺς

278 3327 388 3383 ὑπὸ
415 3329 543 3390 τοὺς
574 3326 769 3399 πόδας,
823 3340 912 3385 και
974 3331 1109 3404 μετᾶ
1163 3330 1227 3385 τὸ
1286 3330 1567 3401 ὑποτάξαι.
1624 3328 1836 3391 Πάντας
1871 3326 1928 3385 δὶ

275 3412 408 3477 τοὺς
467 3412 664 3493 ἐχθρός
749 3435 883 3493 φησι
917 3460 932 3487 ,
989 3416 1258 3486 τουτέστι,
1324 3415 1451 3477 τοὺς
1496 3412 1775 3486 δαίμονας,
1832 3415 1927 3470 τὸν

281 3496 564 3573 διάϐολον,
595 3506 687 3560 τὸν
717 3506 963 3576 θάνατον,
993 3506 1120 3566 τοὺς
1174 3503 1454 3568 ἀπίστους.
1488 3504 1549 3559 Ἠ
1579 3499 1635 3559 δὲ
1665 3504 1803 3573 ἧττα
1832 3506 1929 3559 106

282 3592 533 3662 θανάτου,
564 3593 627 3650 τὸ
655 3592 1012 3674 άφαιρεθηναι
1043 3593 1209 3649 16103
1250 3594 1377 3656 τοὺς
1434 3592 1654 3668 νεκροὺς
1713 3595 1783 3667 τῇ
1814 3591 1932 3647 άνα-

280 3700 485 3738 στασει.
547 3707 574 3735 .‹
637 3690 727 3739 Δεῖ
792 3684 896 3762 γάρ
954 3684 1114 3740 αὐτὸν
1175 3681 1487 3759 βασιλεύειν
1535 3682 1637 3740 ἀεί.
1672 3708 1701 3736 ››
1756 3687 1929 3740 Τοῦτο

278 3767 430 3846 λέγει
458 3774 540 3840 16,
598 3798 625 3825 ιι
658 3774 884 3853 Ἀχρις.
920 3796 947 3825 n
982 3776 1145 3845 Θήσει
1201 3774 1305 3851 γὰρ
1355 3773 1482 3836 τοὺς
1540 3771 1773 3850 ἐχθροὺς
1829 3774 1930 3829 ὑπὸ

279 3860 416 3925 τοὺς
444 3859 610 3916 αὖτοῦ
658 3859 853 3925 πόδας.
889 3862 950 3919 Εἰ
999 3882 1103 3940 γαρ
1157 3864 1262 3938 πρὸ
1315 3867 1412 3918 τοῦ
1466 3870 1687 3933 τεθῆναι
1748 3858 1932 3918 ἐϐασί-

287 3948 432 4019 λὲυε,
466 3949 667 4023 πολλῷ
719 3950 935 4026 μᾶλλον
1003 3952 1138 4024 μετᾶ
1194 3953 1255 4007 τὸ
1315 3959 1495 4023 θῆναι.
1558 3978 1585 4005 «
1620 3954 1800 4009 Πάντα
1829 3948 1931 4030 γάρ

293 4042 543 4114 ὑπέταξεν
598 4044 701 4099 ὑπὸ
756 4049 887 4107 τοὺς
944 4041 1115 4106 πόδας
1170 4046 1357 4102 αὐτοῦ.
1392 4069 1420 4099 ››
1479 4043 1703 4118 Ἐπειδή
1762 4049 1934 4102 πάντα

286 4133 435 4204 παρᾶ
461 4133 554 4188 τοῦ
597 4133 724 4188 Υἱοῦ
754 4131 854 4213 ἔφη
916 4132 1179 4208 γίνεσθαι,
1235 4136 1334 4203 τήν
1398 4133 1675 4210 βασιλείαν
1734 4157 1935 4212 κατορ-

292 4224 513 4285 θοῦσθαι
552 4264 568 4291 ,
624 4222 721 4283 τὰς
771 4219 1014 4291 ἔξουσίας
1081 4227 1465 4299 καταργεῖσθαι
1504 4266 1518 4294 ,
1574 4224 1777 4285 πάντας
1831 4224 1935 4279 ὑπὸ

281 4309 411 4372 τούς
474 4309 646 4373 πόδας
719 4315 952 4381 κεῖσθαι,
1006 4304 1252 4388 ἐφοϐήθη
1313 4311 1388 4385 μὴ
1450 4311 1645 4385 μείζων
1700 4314 1935 4386 νομισθῇ

285 4402 315 4457 6
347 4401 472 4463 Υἱός
499 4406 595 4457 τοῦ
618 4402 856 4479 Πατρὸς,
879 4404 966 4457 καὶ
1004 4400 1201 4457 λοιπὸν
1226 4400 1313 4456 ἐπὶ
1338 4403 1431 4457 16v
1484 4402 1693 4478 Πάτέρα
1750 4403 1938 4477 ἀνάγει

287 4489 355 4543 τὰ
384 4490 579 4558 πάντα,
612 4516 639 4543 ‹‹
669 4491 867 4560 Πάντα,
909 4488 1109 4566 λὲγων,
1169 4489 1421 4558 ὑπέταξεν
1452 4490 1555 4545 ὑπὸ
1582 4492 1710 4555 τοὺς
1766 4488 1936 4555 πόδας

1391 733 1487 785 τοῦ

2048 571 2076 601 ‹‹
2114 567 2245 607 mus
2278 552 2464 608 hostis
2495 551 2829 608 abolebitur
2860 568 3039 607 mors.
3069 553 3213 608 Nam
3258 551 3461 608 omnia
3509 551 3703 625 subje-

2046 663 2074 690 ‹‹
2111 640 2319 697 citsub
2352 643 2533 715 pedes
2555 643 2736 698 illius.
2773 642 2948 714 Atqui
2980 659 3114 699 cum
3137 642 3295 699 dicat
3324 642 3481 713 quod
3504 644 3705 700 omnia

2046 752 2074 779 ‹‹
2102 731 2370 802 subjecta
2391 733 2529 800 sint,
2553 733 2749 805 palam
2774 738 2862 788 est
2884 732 3297 804 excipiendum
3321 749 3455 788 eum
3480 731 3577 802 qui
3601 748 3702 787 su-

2048 841 2079 871 «
2099 821 2250 892 jecit
2270 822 2382 894 ipsi
2405 823 2622 878 omnia.
2648 823 2791 877 Cum
2818 828 3017 878 autem
3040 822 3307 892 subjecta
3338 820 3558 876 fuerint
3586 820 3706 893 ipsi

2044 933 2072 961 «
2107 911 2329 977 omnia,
2365 918 2503 969 tunc
2534 918 2591 967 et
2619 911 2744 983 ipse
2766 910 2947 967 Filius
2971 909 3320 983 subjicietur
3340 909 3392 965 ei
3424 909 3525 982 qui
3559 909 3704 965 sub-

2050 1018 2072 1047 ι
2099 999 2249 1072 jecit
2270 1000 2383 1073 ipsi
2407 1000 2627 1065 omnia,
2659 1005 2726 1056 ut
2747 1000 2823 1055 sit
2848 1001 3000 1056 Deus
3031 1000 3232 1056 omnia
3255 1000 3315 1054 in
3339 998 3636 1055 omnibus.
3661 1020 3692 1050 ››

2114 1091 2379 1164 Regnare
2413 1091 2522 1147 hoc
2554 1091 2683 1147 loco
2716 1107 2838 1146 non
2859 1089 3083 1163 vulgari
3115 1088 3291 1146 modo
3314 1089 3566 1161 capitur,
3591 1085 3695 1144 sed

2040 1184 2109 1236 ut
2138 1179 2214 1235 sit
2243 1181 2547 1254 regnantis
2579 1197 2758 1253 Opera
2790 1196 3084 1244 exercere,
3116 1186 3259 1252 puta
3288 1177 3561 1233 inimicos
3594 1176 3699 1233 de-

2040 1266 2284 1332 bellare.
2322 1270 2446 1326 suis
2463 1270 2758 1338 auxiliari,
2784 1270 2919 1325 illos
2973 1268 3216 1341 quidem
3253 1274 3538 1334 evertere,
3587 1266 3697 1339 bos

2040 1374 2178 1413 vero
2216 1358 2489 1416 liberare.
2525 1382 2553 1411 «
2590 1360 2785 1415 Donec
2838 1357 3104 1431 posuerit
3152 1373 3358 1413 omnes
3420 1355 3696 1411 inimicos

2043 1446 2151 1502 sub
2178 1447 2361 1520 pedes
2383 1465 2540 1504 suos.
2577 1470 2606 1499 »
2640 1451 2780 1503 Post
2800 1448 2926 1503 hmc
2954 1447 3112 1503 enim
3145 1447 3310 1502 nullo
3344 1462 3547 1502 eorum
3566 1460 3697 1516 qum

2041 1534 2200 1593 dicta
2228 1544 2363 1593 sunt
2405 1555 2552 1610 opus
2610 1538 2741 1593 erit.
2805 1536 2952 1593 Nam
2998 1536 3390 1593 seditionibus
3446 1549 3696 1608 regnum

2039 1627 2321 1700 deinceps
2350 1627 2591 1683 carebit.
2626 1627 2820 1683 Donec
2849 1627 3135 1698 posuerit,
3166 1642 3284 1682 non
3319 1626 3497 1683 finem
3530 1622 3696 1697 regni

2040 1717 2204 1786 dicit,
2236 1715 2340 1772 sed
2374 1722 2440 1771 ut
2491 1715 2775 1772 credibile
2814 1715 2994 1772 faciat
3023 1715 3182 1787 quod
3241 1715 3463 1772 dictum
3496 1718 3605 1777 est,
3637 1717 3697 1769 et

2040 1805 2261 1862 bonum
2293 1805 2472 1862 addat
2510 1806 2791 1872 aaimum,
2829 1823 2897 1862 ac
2930 1806 2979 1860 si
3009 1804 3298 1862 dixisset:
3345 1804 3696 1875 Quanquam

2042 1896 2281 1965 audisti,
2312 1913 2345 1952 ο
2379 1902 2444 1952 tu
2474 1894 2744 1968 quisquis
2784 1912 2869 1963 es,
2930 1894 3088 1968 quod
3142 1894 3406 1952 abolebit
3458 1907 3697 1949 omnem

2037 1985 2438 2059 principatum
2485 1991 2544 2041 et
2598 2002 2838 2042 omnem
2904 1989 3259 2057 potestatem
3316 2000 3384 2041 ac
3443 1989 3696 2039 mortem

2037 2076 2250 2148 ipsam,
2285 2092 2359 2131 ne
2392 2076 2604 2131 timeas
2634 2074 2802 2147 quasi
2834 2073 3098 2131 futurum
3130 2079 3288 2131 esset
3338 2078 3404 2129 ut
3442 2072 3569 2145 ipse
3608 2072 3695 2127 la—

2036 2169 2179 2226 bore
2204 2169 2503 2225 deficeret.
2526 2170 2723 2225 Donec
2736 2167 2896 2225 enim
2919 2167 3120 2224 omnia
3137 2167 3364 2234 fecerit,
3385 2164 3655 2237 regnabit
3678 2179 3695 2222 :

2036 2276 2156 2315 non
2179 2260 2290 2317 hoc
2311 2260 2512 2317 dicens
2548 2260 2705 2331 quod
2728 2266 3044 2333 postquam
3081 2258 3288 2315 fecerit
3316 2274 3435 2314 non
3483 2272 3692 2329 regna-

2034 2347 2161 2406 bit:
2194 2348 2298 2406 sed
2318 2349 2468 2405 illud
2491 2349 2811 2405 ostendens
2834 2349 3013 2420 quod,
3044 2348 3186 2405 licet
3214 2346 3391 2404 modo
3423 2347 3548 2403 haec
3569 2361 3691 2402 non

2038 2439 2205 2505 ﬁant,
2228 2439 2469 2496 omnino
2512 2446 2710 2495 tamen
2743 2443 2935 2496 erunt.
2989 2438 3178 2495 Vincit
3234 2438 3392 2494 enim
3440 2452 3689 2510 regnum

2037 2530 2187 2601 ejus,
2220 2545 2328 2585 nec
2360 2529 2596 2585 deficiet
2625 2544 2935 2600 quousque
2966 2527 3166 2584 omnia
3207 2526 3515 2599 perﬁciat:
3564 2526 3693 2582 viu-

2038 2635 2179 2675 cens
2211 2623 2409 2675 autem
2442 2635 2751 2692 quousque
2783 2618 2987 2675 omnia
3016 2617 3303 2691 perficiat,
3336 2616 3521 2674 multo
3566 2631 3691 2672 ma-

2036 2709 2123 2783 gis
2151 2710 2347 2765 vincet
2400 2715 2715 2781 postquam
2771 2708 3033 2782 perfecta
3089 2707 3329 2763 fuerint.
3369 2707 3524 2765 566
3556 2729 3583 2756 «ι
3618 2706 3690 2761 Ει

2036 2799 2205 2872 regni
2240 2800 2391 2871 ejus,
2435 2798 2651 2869 inquit,
2695 2814 2815 2853 non
2874 2797 2983 2852 erit
3042 2795 3175 2851 finis
3207 2794 3271 2852 ιθ.
3308 2817 3335 2845 ››
3394 2794 3692 2850 Dictiones

2036 2890 2214 2963 igitur
2243 2888 2376 2967 ἄχει
2417 2896 2475 2946 et
2491 2887 2596 2951 ’ἐῶς
2626 2890 2799 2945 donec
2821 2896 2881 2944 et
2908 2904 3212 2959 quousque,
3245 2904 3367 2943 non
3407 2885 3691 2958 temporis

2036 2983 2349 3056 designant
2379 2982 2724 3049 terminum,
2770 2981 2870 3038 sed
2926 2980 3086 3037 idem
3147 2980 3485 3056 significant
3532 2977 3692 3052 quod

2035 3076 2295 3148 Semper.
2362 3075 2551 3130 Veluti
2636 3091 2774 3130 cum
2839 3073 3047 3130 dicit:
3129 3070 3158 3126 2:
3212 3074 3329 3147 Ego
3388 3072 3694 3129 vobiscum

2038 3180 2169 3219 sum
2229 3163 2504 3220 omnibus
2562 3163 2771 3219 diebus
2825 3179 3013 3234 usque
3097 3162 3174 3219 ad
3236 3162 3698 3219 consummatio-

2038 3268 2177 3308 nem
2197 3251 2264 3309 ⁵ο.
2308 3274 2337 3302 ››
2378 3258 2456 3309 et.
2519 3252 2693 3309 «Sed
2739 3269 2773 3309 a
2828 3251 3049 3309 dextris
3106 3252 3276 3320 meis,
3337 3251 3527 3308 donec
3583 3268 3695 3325 po-

2036 3357 2212 3413 ,uero
2257 3340 2534 3397 inimicos
2585 3346 2716 3397 tuos
2746 3342 2813 3396 “.
2849 3364 2877 3391 ››
2936 3347 3032 3397 et:
3095 3363 3123 3393 ‹‹
3152 3340 3394 3412 Accepit
3447 3356 3695 3396 uxorem

2037 3447 2227 3496 suam,
2261 3435 2321 3486 et
2367 3447 2486 3486 non
2543 3431 2819 3505 cognovit
2868 3446 2999 3487 eam
3058 3429 3245 3486 donec
3302 3428 3534 3503 peperit
3558 3428 3627 3485 5'.
3659 3449 3691 3480 κ

2036 3521 2281 3592 Oportet
2299 3521 2460 3576 enim
2492 3537 2627 3577 eum
2659 3537 2897 3593 semper
2924 3536 3197 3594 regnare,
3237 3524 3298 3576 et
3342 3518 3693 3591 priusquam

2036 3610 2315 3683 subjiciat
2334 3609 2607 3666 inimicos
2637 3610 2745 3666 sub
2766 3610 2968 3684 pedes,
3001 3616 3060 3666 et
3079 3615 3391 3683 postquam
3426 3608 3697 3681 subjece-

2036 3700 2135 3756 rit.
2169 3701 2389 3756 Omnes
2418 3706 2616 3756 autem
2675 3700 2949 3757 inimicos
2980 3700 3124 3755 dicit
3157 3716 3169 3755 :
3203 3700 3314 3755 hoc
3342 3703 3449 3757 est.
3481 3697 3699 3753 daemo-

2038 3807 2168 3855 nes,
2202 3790 2531 3857 diabolum,
2571 3797 2847 3848 mortem.
2880 3806 2949 3845 ac
2982 3788 3338 3845 incredulos.
3380 3784 3699 3841 Conflictus

2040 3884 2236 3934 autem
2263 3895 2380 3951 quo
2411 3895 2572 3935 mors
2604 3878 2937 3934 devincitur
2958 3882 3049 3931 est
3077 3873 3295 3930 ablatio
3328 3879 3699 3928 mortuorum

2041 3967 2115 4023 ab
2138 3968 2266 4040 ipsa
2288 3986 2395 4041 per
2427 3966 2944 4024 resurrectionem.
2979 3986 3007 4013 ‹‹
3039 3965 3282 4034 Oportet
3301 3962 3457 4018 enim
3500 3962 3695 4034 ipsum

2042 4073 2279 4129 semper
2311 4073 2575 4131 regnare.
2611 4078 2640 4107 »
2692 4061 2752 4111 et
2808 4055 2917 4109 hoc
2969 4052 3279 4120 signiﬁcat,
3341 4075 3369 4103 ‹‹
3409 4054 3620 4107 Donec.
3663 4072 3694 4105 »

2042 4148 2188 4202 Nam
2261 4152 2445 4217 ponet
2500 4144 2775 4199 inimicos
2822 4141 2930 4199 sub
3006 4141 3188 4214 pedes
3236 4158 3393 4197 suos.
3444 4140 3499 4195 Si
3552 4156 3689 4213 ergo

2042 4236 2393 4308 priusquam
2405 4232 2969 4307 poneretregnabat,
2984 4232 3170 4288 multo
3182 4232 3368 4305 magis
3382 4236 3697 4302 postquam

2044 4314 2328 4386 posuerit.
2366 4337 2392 4363 «
2428 4316 2571 4370 Nam
2594 4314 2795 4369 omnia
2816 4312 3071 4386 subjecit
3099 4311 3207 4367 sub
3238 4310 3421 4383 pedes
3447 4309 3629 4364 illius.
3666 4330 3693 4359 »

2045 4402 2336 4468 Quoniam
2368 4402 2516 4458 dixit
2542 4402 2741 4458 omnia
2774 4402 2901 4457 fieri
2923 4401 3145 4471 aFilio,
3175 4406 3235 4457 et
3252 4415 3498 4472 regnum
3525 4396 3700 4470 dirigi

2046 4509 2113 4548 ac
2139 4497 2465 4564 potestates
2509 4491 2755 4556 aboleri,
2791 4497 2850 4547 et
2878 4491 3079 4547 omnia
3137 4489 3246 4546 sub
3305 4487 3485 4561 pedes
3536 4487 3701 4560 poni,

288 4575 475 4645 αὐτοῦ,
512 4604 543 4630 ››
571 4576 784 4644 δεικνὺς
815 4577 1016 4635 ἔκεῐθεν
1088 4579 1220 4635 εἶναι
1250 4584 1330 4652 τῷ
1362 4579 1473 4652 1⁸ἱῷ
1535 4579 1598 4635 τὸ
1665 4576 1932 4645 δύνασθαι,

2055 4581 2261 4637 timuit
2309 4598 2383 4637 ne
2463 4582 2645 4638 Filius
2699 4582 2870 4638 Patre
2925 4581 3119 4652 major
3163 4583 3572 4651 repularetur:
3624 4576 3707 4632 ita

288 4665 350 4721 ἐκ
376 4674 477 4737 τῆς
507 4666 748 4747 άχρόνου
795 4668 992 4730 αἰτίας.
1057 4693 1085 4721 ‹‹
1116 4671 1282 4727 ’Ὁταν
1342 4666 1398 4724 δὶ
1447 4667 1590 4743 εἷ’πῃ,
1624 4693 1653 4721 ››
1712 4670 1740 4725 ὁ
1773 4666 1937 4725 Δαυίδ

289 4776 445 4826 φησι.
475 4757 632 4834 Λέγει
678 4757 783 4833 γὰρ
816 4755 1040 4828 ἐκεῖνος,
1102 4781 1125 4811 ιι
1161 4760 1335 4813 Πάντα
1396 4758 1648 4831 ὑπέταξεν
1681 4759 1708 4814 6
1752 4760 1936 4837 Πατὴρ

287 4845 392 4900 ὑπὸ
421 4844 549 4907 τοὺς
581 4844 750 4909 πόδας
783 4847 970 4912 αὐτοῦ,
1003 4842 1249 4923 πρόϐατα
1292 4847 1382 4902 καὶ
1444 4848 1573 4924 βόας
1638 4848 1871 4919 ἁπάσας,
1904 4872 1934 4902 ››

294 4933 346 5003 ἐξ
381 4934 444 4989 οὗ
474 4934 565 4989 καὶ
593 4936 693 5002 τὴν
766 4936 1063 5010 μαρτυρίαν
1123 4935 1291 5010 λέγει.
1333 4938 1470 5011 Ὀρα
1500 4934 1555 4991 δὲ
1586 4943 1702 5001 πῶς
1763 4936 1935 5008 δῆλός

293 5023 436 5078 ἐστιν
458 5021 658 5079 ἔκεῖνον
692 5020 953 5104 φοϐηθεὶς
1006 5026 1097 5079 τὸν
1132 5021 1323 5101 φόϐον,
1385 5028 1447 5080 τὸ
1503 5028 1579 5098 μή
1612 5035 1943 5101 νομισθῆναι

304 5113 523 5186 μείζονα
552 5114 641 5168 τὸν
704 5114 845 5183 Υἱὸν,
888 5113 972 5169 ὅτι
1029 5112 1194 5170 πάλιν
1256 5112 1599 5190 ’ἦσ-ραλίσατο
1657 5118 1806 5173 αὑτό.
1847 5118 1943 5173 Καὶ

296 5200 510 5268 δίκαιος
541 5205 569 5258 ὁ
599 5198 793 5281 φόϐος.
831 5227 858 5255 α
892 5204 1037 5277 Πρὸς
1096 5203 1200 5280 γὰρ
1264 5200 1456 5278 ἄνδρας
1506 5205 1613 5261 ἀπὸ
1663 5204 1944 5278 Ἑλλήνων

297 5313 678 5355 πιτσευσαντας
719 5290 972 5371 ἔγραψεν,
1030 5291 1084 5348 οἳ
1116 5290 1400 5365 δοξάζουσι
1460 5294 1551 5349 τὸν
1604 5294 1700 5350 Δία
1747 5294 1946 5352 ἐπαναο

302 5383 500 5439 στάντα
530 5389 610 5457 τῷ
641 5383 826 5458 οἰκείῳ
859 5384 1048 5459 Πατρὶ,
1083 5382 1273 5453 ἐξῶσαι
1305 5384 1467 5440 αὑτὸν
1499 5392 1599 5454 τῆς
1646 5384 1946 5462 βασιλείας.

302 5470 431 5536 Δίος
462 5475 552 5529 οὗν
580 5474 674 5544 ἦν,
709 5476 783 5549 μή
817 5495 870 5531 τι
900 5477 1149 5529 τοιοῦτον
1177 5474 1303 5551 παρ’
1356 5475 1493 5547 ἡμῖν
1546 5475 1947 5535 ὖποπτεύσωσι.

369 5618 417 5657 ⁶⁰
445 5621 584 5679 Luc.
613 5636 655 5690 ι,
693 5621 784 5678 33.
863 5619 908 5658 ‘°
938 5620 1140 5678 Matth.
1170 5636 1363 5691 xxvm,
1394 5624 1484 5677 20.

537 5745 802 5806 PATROL.
851 5742 963 5804 Gn.
1009 5738 1280 5805 CXVIII.

1559 5621 1605 5660 ⁸¹
1637 5622 1790 5681 Psal.
1822 5640 1931 5681 cxx.
1966 5626 2021 5679 2.

2049 4671 2331 4745 deinceps
2361 4673 2564 4729 omnia
2585 4672 2660 4729 ad
2694 4676 2921 4728 Patrem
2953 4669 3202 4737 reducit,
3236 4667 3477 4723 dicens:
3513 4688 3542 4718 «
3574 4666 3706 4722 0m-

2050 4763 2151 4819 nia
2178 4763 2433 4837 subjecit
2462 4763 2570 4820 sub
2600 4762 2781 4835 pedes
2811 4761 2994 4829 illius,
3028 4781 3056 4810 »
3084 4758 3403 4815 ostendens
3434 4756 3570 4813 inde
3595 4773 3704 4830 po-

2050 4854 2295 4909 tentiam
2326 4853 2533 4909 adesse
2567 4852 2733 4920 Filio,
2766 4867 2982 4923 nempe
3008 4867 3044 4905 a
3070 4849 3431 4921 sempiterno
3479 4845 3697 4919 princi-

2053 4943 2172 5014 pio,
2206 4964 2233 4991 «
2270 4943 2443 5014 Atqui
2477 4958 2611 4997 cum
2656 4941 2834 5009 dicat,
2869 4964 2896 4991 »
2957 4945 3099 5013 pula
3158 4938 3352 4994 liavid.
3388 4939 3531 4993 Nam
3562 4937 3709 4992 dicit

2055 5032 2157 5087 ille
2191 5032 2348 5103 quod
2380 5032 2582 5087 omnia
2621 5031 2874 5102 subjecit
2906 5032 3077 5085 Pater
3135 5028 3242 5084 sub
3265 5028 3443 5099 pedes
3496 5027 3709 5099 ipsius,

2057 5138 2191 5175 oves
2232 5128 2291 5176 et
2316 5120 2492 5177 boves
2524 5121 2864 5176 universas:
2898 5135 2930 5175 a
2961 5136 3077 5191 quo
3109 5118 3285 5174 etiam
3319 5117 3499 5174 sumit
3544 5117 3707 5173 testi-

2058 5210 2347 5265 monium.
2419 5209 2743 5266 Considera
2795 5226 2930 5265 vero
2976 5207 3270 5281 quomodo
3326 5207 3708 5263 manifestum

2058 5301 2136 5355 sit
2166 5300 2358 5371 ipsum
2391 5298 2451 5354 id
2483 5299 2760 5356 habuisse
2794 5299 3045 5366 timoris,
3078 5316 3153 5354 ne
3185 5298 3366 5354 Filius
3392 5299 3559 5353 Patre
3593 5312 3713 5353 ma-

2050 5390 2152 5462 jor
2174 5395 2502 5461 putaretur,
2534 5390 2816 5461 quoniam
2842 5406 3077 5446 rursum
3103 5388 3259 5445 idem
3297 5386 3593 5444 stabilivit.
3646 5387 3713 5441 Et

2051 5480 2253 5553 justus
2284 5496 2423 5536 sane
2458 5480 2636 5537 timor
2662 5487 2810 5539 erat.
2860 5478 3166 5554 Siquidem
3221 5478 3361 5537 viris
3415 5476 3714 5536 scribebat

2094 5623 2146 5660 ⁶²
2175 5623 2373 5682 Matth.
2406 5641 2446 5694 ι,
2479 5628 2567 5681 25.
