4156 6200
566 271 684 346 375
1681 253 2089 318 montanum
2133 250 2438 318 Talem
2477 257 2832 325 EPISCOPJ
3844 274 3932 334 375

566 403 665 475 qui
704 419 772 456 ex
791 398 1003 457 Grmcis
1034 392 1434 449 crediderant:
1495 389 1595 465 qui
1644 389 1840 446 Jovem
1898 389 2209 461 opinantur

2333 413 2358 440 α
2387 394 2524 453 Τότε
2561 395 2652 451 καὶ
2712 393 2872 459 αὑτὸς
2926 399 2953 452 6
2985 397 3106 461 Υἱὸς
3160 396 3595 473 ’ὑποταγήσεται
3649 401 3724 471 τῷ
3777 401 3938 459 ὑποτά-

565 490 624 550 in
659 490 961 564 proprium
995 491 1221 556 patrem
1265 483 1684 549 resurrexisse,
1719 497 1971 552 eumque
2028 498 2209 554 regno

565 580 877 651 expulisse.
915 578 1162 630 Necesse
1193 590 1329 646 ergo
1368 573 1482 627 fuit
1538 589 1612 626 ne
1668 571 1810 642 quid
1867 570 2208 643 hujusmodi

559 673 778 726 factum
809 666 965 738 apud
1023 683 1133 721 nos
1193 665 1653 735 suspicarentur.
1713 665 1933 718 «Tunc
1981 670 2038 718 et
2084 663 2210 733 ipse

557 760 741 815 Filius
770 757 1120 828 subjicietur
1155 756 1206 809 ei
1231 755 1328 825 qui
1355 754 1740 827 subjecitipsi
1771 754 1992 810 omnia.
2031 775 2058 802 »
2094 753 2210 807 Hoc

538 835 666 916 gest,
703 854 844 903 tunc
877 863 1009 902 vere
1041 863 1109 901 ac
1139 844 1336 900 divino
1369 844 1542 900 modo
1601 844 1904 916 subjectus
1954 839 2212 898 ostendi-

560 944 677 1006 tur,
713 938 854 1008 quia
879 944 1184 1009 paternam
1205 935 1521 1006 complevit
1541 934 1902 989 voluntatem
1927 932 2211 988 exhibens

554 1045 804 1102 regnum
838 1028 908 1083 ab
943 1026 1107 1082 omni
1163 1026 1452 1081 seditione
1516 1042 1583 1080 ac
1643 1023 1956 1096 tyrannide
2006 1023 2214 1078 libera-

558 1128 704 1176 tum.
740 1151 807 1160 —
838 1119 971 1173 Alio
1028 1118 1210 1172 modo.
1275 1115 1494 1171 Deinde
1527 1132 1601 1169 ne
1634 1115 1766 1186 quis
1819 1114 1976 1169 dicat
2031 1113 2210 1185 quod,

557 1211 699 1266 licet
729 1211 1031 1279 subjectus
1083 1225 1202 1262 non
1245 1208 1321 1261 sit
1369 1209 1561 1262 Pater.
1595 1205 1746 1260 nihil
1799 1211 1955 1261 vetat
1997 1205 2210 1260 Filium

559 1317 688 1356 esse
721 1301 1031 1371 majorem.
1065 1297 1228 1352 addit
1272 1298 1416 1356 hanc.
1449 1294 1906 1350 unanimitatem
1957 1311 2022 1349 ac
2079 1310 2214 1348 con-

561 1390 822 1446 cordiain
855 1388 1197 1451 ostendens,
1232 1391 1289 1440 et
1314 1385 1469 1456 quod
1503 1387 1676 1438 Pater
1702 1383 1863 1455 origo
1907 1390 1965 1439 et
1994 1383 2209 1455 princi-

556 1481 721 1552 pium
744 1478 820 1533 sit
840 1478 1152 1540 bonorum,
1174 1476 1273 1546 qui
1296 1475 1506 1529 Filium
1532 1481 1648 1528 tam
1677 1480 1978 1546 potentem
1999 1489 2212 1545 genue-

555 1571 654 1630 rit.
675 1568 936 1624 Audiens
961 1573 1155 1621 autem
1181 1565 1632 1636 subjectionem,
1657 1564 1854 1619 divino
1877 1564 2052 1620 modo
2065 1564 2209 1620 acci-

2320 1568 2586 1638 τιμῶντα,
2618 1563 2823 1635 ἔπειτα,
2852 1565 2943 1620 ’ἶνα
2991 1569 3059 1640 τῇ
3117 1566 3415 1638 περιουσίᾳ
3447 1571 3552 1634 τῆς
3586 1563 3795 1633 λέξεως,
3831 1565 3940 1633 οἷον,

555 1657 822 1730 pitquod
846 1657 1070 1712 dictum
1103 1661 1211 1722 est,
1262 1671 1382 1709 non
1428 1654 1767 1709 servitutem
1819 1654 2080 1724 aliquam
2112 1658 2209 1708 aut

2329 1678 2348 1705 ι
2385 1658 2493 1723 Τῆς
2529 1655 2826 1730 ὑποταγῆς,
2864 1679 2892 1707 ››
2923 1657 2988 1710 τὰ
3017 1651 3184 1724 ἀσεϐῆ
3220 1653 3484 1731 δογματα
3525 1652 3701 1708 ἐκεῖνα
3757 1648 3941 1726 ἐκλάϐῃ,

558 1729 989 1818 subjectionem
1020 1743 1656 1811 involuntariam,561
1695 1743 1988 1811 sed,sicut
2027 1743 2209 1815 decet,

2322 1743 2388 1798 τὰ
2418 1745 2507 1799 τὸν
2543 1745 2664 1800 Υἱὸν
2697 1747 2920 1818 μείζονα
2959 1747 3387 1820 παρατιθέμενα.

553 1837 769 1892 Filium
805 1837 988 1891 Deum
1012 1834 1170 1889 Patri
1191 1835 1308 1888 Deo
1341 1833 1674 1905 subjectum
1708 1849 1859 1901 esse,
1896 1838 2176 1904 tanquam
2208 1833 2601 1892 honorantem
2632 1838 2990 1910 principium
3025 1855 3038 1891 :
3074 1837 3286 1893 deinde
3317 1843 3387 1893 ut
3418 1853 3673 1893 accessu
3704 1836 3942 1891 dictionis

555 1950 584 1977 «
610 1926 929 1996 Subjectio,
971 1947 996 1973 ››
1031 1923 1438 1995 intelligantur
1469 1922 1653 1994 impia
1682 1938 1810 1978 esse
1844 1922 2119 1994 dogmata
2148 1939 2277 1994 quae
2312 1924 2522 1980 Filium
2554 1926 2844 1998 majorem
2877 1943 3005 1982 esse
3035 1932 3404 1999 proponunt.

630 2047 658 2076 «
693 2025 764 2081 Ut
795 2025 872 2079 sit
924 2025 1077 2078 Deus
1128 2023 1329 2076 omnia
1389 2022 1450 2076 in
1505 2020 1866 2076 omnibus.»
1926 2020 2211 2076 Malorum

554 2113 1010 2170 exstinctionem
1042 2128 1148 2182 per
1177 2111 1303 2165 haec
1334 2109 1624 2182 designat.
1673 2111 1817 2165 Nam
1871 2110 1971 2164 ubi
2005 2127 2211 2181 pecca-

555 2189 683 2260 tum
714 2203 977 2258 deletum
1018 2201 1218 2263 fuerit,
1268 2199 1514 2271 planum
1549 2205 1636 2254 est
1694 2199 1851 2270 quod
1905 2205 2045 2255 tunc
2102 2199 2215 2254 erit

551 2294 707 2350 Deus
737 2293 939 2349 omnia
966 2292 1026 2346 in
1051 2291 1350 2357 omnibus,
1385 2307 1518 2344 cum
1551 2307 1670 2345 non
1701 2291 1957 2361 amplius
1988 2291 2212 2346 divide—

559 2400 717 2450 mur,
749 2389 978 2452 partem
1023 2381 1139 2435 Deo
1198 2379 1550 2443 tribuentes,
1597 2385 1827 2450 partem
1879 2381 2207 2436 affectibus.

553 2472 672 2529 Alii
696 2489 828 2527 vero
861 2472 943 2526 ita
963 2469 1335 2541 interpretati
1360 2474 1516 2523 sunt.
1551 2470 1834 2524 Futurum
1861 2476 1966 2536 est,
1995 2470 2208 2542 inquit,

555 2568 621 2619 ut
653 2563 852 2619 omnia
881 2562 955 2617 ad
986 2563 1219 2616 Patrem
1251 2560 1614 2614 reducantur
1643 2565 1927 2631 tanquam
1948 2559 2021 2615 ad
2053 2560 2211 2633 prin-

557 2654 796 2726 cipium,
831 2669 904 2708 ne
937 2652 1085 2706 duos
1115 2651 1481 2722 principatus
1530 2649 1687 2704 inter
1731 2666 1792 2704 se
1851 2651 2208 2706 dissidentes

557 2743 877 2814 suspiceris
921 2743 1067 2797 Nam
1101 2739 1335 2810 quando
1370 2739 1592 2794 inimici
1627 2739 1734 2793 sub
1791 2739 2044 2810 pedibus
2078 2739 2206 2795 Filii

553 2832 1077 2902 substratijacent.
1109 2829 1292 2884 Filius
1340 2844 1472 2883 vero
1506 2844 1622 2882 non
1656 2828 1903 2884 dissidet
1931 2828 2207 2884 adversus

553 2923 812 2985 Patrem,
847 2918 949 2973 sed
984 2921 1137 2972 sicut
1168 2916 1384 2971 decens
1409 2921 1500 2970 est
1553 2915 1697 2970 Filio
1732 2917 1846 2970 Deo
1906 2917 2207 2988 subjectus

2318 2920 2448 2992 κείῳ
2488 2921 2682 2994 Πατρὶ,
2711 2921 2738 2975 6
2774 2923 2959 2996 Πατήρ
2989 2920 3098 2976 ἐστι
3147 2921 3214 2976 τὰ
3270 2942 3449 2976 παντα
3493 2917 3546 2975 ἐν
3602 2922 3772 2974 πᾶσιν.
3825 2914 3926 2987 [Ul-

556 3016 647 3066 est
676 3008 915 3081 proprio
947 3007 1122 3079 patri,
1146 3007 1349 3077 utique
1379 3007 1551 3060 Pater
1571 3012 1662 3060 est
1691 3006 1892 3062 omnia
1922 3007 1982 3060 in
2015 3007 2206 3062 omni-

2319 3011 2758 3083 KOI‘MENIOI‘.]
2804 3042 2871 3052 ——
2927 3009 3364 3066 Οἷκειοποιεῖται
3431 3009 3540 3086 γὰρ
3587 3007 3654 3062 τὰ
3688 3007 3779 3060 τοῦ
3807 3003 3924 3066 rimi,

558 3101 690 3156 bus.
714 3132 782 3141 —
805 3098 1049 3170 Propria
1065 3098 1221 3154 enim
1247 3097 1412 3153 ducit
1435 3113 1567 3168 qum
1598 3097 1731 3152 Filii
1763 3105 1900 3153 sunt
1930 3104 2209 3170 tanquam

2323 3098 2397 3161 ὡς
2456 3096 2664 3171 Πατήρ.
2715 3097 2820 3154 Καὶ
2852 3103 2954 3154 πᾶν
2987 3099 3118 3172 ὅπερ
3152 3095 3369 3154 δύναται
3435 3099 3463 3153 6
3491 3097 3640 3162 Υἱὸς,
3700 3097 3841 3148 τοῦτο
3867 3088 3924 3148 εἷς

2319 492 2465 562 ξαντι
2517 487 2663 557 αὐτῷ
2708 487 2775 542 τὰ
2855 489 3049 546 πάντα,
3087 512 3108 539 ι
3185 486 3481 552 Τουτέστι,
3539 487 3663 544 τότε
3718 487 3937 550 δείκνυται

2320 583 2545 651 ἀληθῶς
2572 577 2662 634 καὶ
2693 579 3012 651 θεοπρεπῶς
3044 578 3526 652 ὑποτεταγμένος,
3569 577 3655 633 δτι
3701 578 3939 651 ἐπλήεωπε

2317 671 2380 726 τὸ
2435 670 2697 745 πατρικὸν
2760 667 3065 744 βούλημα,
3124 671 3496 744 παραστήσας
3546 671 3645 738 τήν
3705 671 3938 745 βασιλείαν

2319 761 2498 828 πάσης
2585 758 2821 817 στάσεως
2907 760 2997 813 καὶ
3085 756 3410 832 τυραννίδος
3501 759 3938 834 ἠλευθερωμένην,

2320 847 2654 911 -“Αλλιυς.
2690 850 2846 922 [ΦΩΤ
2875 850 2893 922 ]
2929 850 3063 905 Εἶτα
3090 847 3182 904 ’ίνα
3215 850 3296 922 μή
3330 870 3424 911 τις
3458 846 3624 924 λέγῃ.
3682 849 3761 904 ὅτι
3812 851 3940 907 εἶκαὶ

2323 941 2398 1013 μή
2444 938 2802 994 ὑποτέτακται
2833 939 2862 992 6
2905 940 3114 1014 Πατὴρ,
3146 937 3307 995 οὐδὲν
3343 935 3561 993 κωλύει
3596 939 3735 993 εἶναι
3767 940 3942 1011 μείζονα

2317 1028 2412 1082 τὸν
2463 1029 2610 1097 Υἱὸν,
2669 1029 2989 1101 προστίθησι
3046 1032 3233 1094 ταῦτα,
3297 1027 3580 1102 ὁμίνοιαν
3637 1025 3851 1094 δεικνὺς,
3875 1034 3940 1086 καὶ

2322 1116 2404 1171 ὅτι
2437 1118 2465 1171 6
2511 1119 2696 1192 Πατῆρ
2749 1117 2897 1194 ἀρχὴ
2951 1116 3041 1172 καί
3099 1117 3240 1172 οἶτία
3297 1123 3418 1172 τῶν
3485 1117 3723 1193 ἀγαθῶν,
3775 1118 3828 1180 ὃς
3875 1121 3941 1174 τὸν

2318 1206 2554 1262 τοσαῦτα
2611 1204 2904 1280 δυνάμενον
2963 1207 3084 1262 Υίὸν
3137 1205 3494 1283 γεγέννηκεν.
3567 1209 3860 1283 ’Υποταγήν
3901 1207 3942 1263 δὲ

2320 1296 2553 1361 dion-36w,
2610 1299 2923 1372 θεοπρεπῶς
2973 1291 3171 1352 ἔκλαϐε
3225 1298 3288 1352 τὸ
3354 1297 3678 1372 εἰρημένον,
3735 1299 3805 1368 μὴ
3844 1295 3942 1352 δου-

2322 1385 2469 1441 λείαν
2495 1387 2618 1442 τινὰ
2646 1387 2734 1442 καὶ
2796 1387 3075 1462 ὗποταγὴν
3109 1386 3394 1452 ἀκούσιον,
3461 1382 3618 1453 ἀλλ’,
3679 1385 3750 1450 ὡς
3807 1407 3942 1459 προτ-

2319 1482 2473 1545 ἦκον,
2507 1477 2633 1530 Υίὸο
2676 1477 2802 1532 Θεὸν
2839 1476 3007 1552 Πατρί
3067 1481 3182 1550 Θεῷ
3241 1475 3628 1550 ὑποτετάχθαι
3679 1474 3752 1534 ὡς
3804 1475 3941 1530 αἰτίαν

2396 2046 2422 2073 ‹(
2457 2021 2628 2098 Ἴναῇ
2658 2024 2685 2078 ὁ
2734 2023 2862 2086 Θεὸς
2892 2023 2958 2078 τὰ
3012 2023 3186 2079 πάντα
3223 2023 3279 2078 ἐν
3340 2028 3534 2079 πᾶσιν.
3576 2047 3597 2073 ι
3656 2024 3760 2092 Τῆς
3789 2022 3942 2084 κακίας

2323 2107 2490 2182 δηλοῖ
2519 2108 2606 2166 διὰ
2635 2113 2840 2167 τούτων
2867 2113 2966 2181 τὴν
2999 2112 3287 2188 ἀναίρεσιν.
3348 2115 3521 2169 ’Όταν
3591 2111 3692 2188 γὰρ
3743 2112 3774 2180 ἡ
3799 2112 3937 2183 ἁμαρ·

2318 2200 2406 2255 τία
2435 2199 2713 2277 ἀναιρεθῇ,
2747 2199 2978 2273 εὔδηλον
3012 2202 3099 2257 Sit
3132 2203 3159 2257 6
3191 2197 3321 2264 Θεός
3391 2196 3547 2256 ἔσται
3599 2202 3664 2255 τὰ
3724 2200 3876 2255 πάντα
3899 2199 3936 2253 ἐν

2319 2296 2472 2360 πᾶσι,
2509 2292 2704 2363 μηκέτι
2752 2294 2914 2365 ἡμῶν
2973 2290 3445 2367 ἐπμεριςομένων
3507 2290 3626 2364 Θεῷ
3679 2289 3764 2345 καὶ
3803 2291 3932 2352 παθε-

2320 2401 2421 2438 σιν.
2477 2378 2680 2438 Ἀλλοι
2711 2380 2768 2437 δὶ
2797 2381 2970 2445 οὕτως
3001 2385 3378 2458 ἡρμήνευσαν.
3435 2381 3670 2446 Μέλλει,
3726 2380 3861 2458 φησῖ,
3886 2379 3937 2431 τὶ

2319 2473 2494 2528 πάντα
2548 2471 2624 2535 είς
2656 2472 2749 2528 τόν
2805 2470 3012 2548 Πατέρα
3066 2474 3364 2548 ἠρτῆσθαι,
3429 2473 3509 2535 ὡς
3569 2471 3742 2527 αἰτίαν
3800 2473 3930 2524 τοῦτο

2319 2558 2376 2616 δέ
2407 2583 2590 2636 φησιν,
2618 2562 2707 2618 ἳνα
2741 2564 2817 2636 μὴ
2851 2560 2946 2618 δύο
2973 2564 3146 2638 ἀρχᾶς
3180 2560 3596 2640 ἂπεσχισμένας
3647 2562 3928 2631 ὑπονοήσῃς.

2317 2653 2484 2708 "Utan
2517 2653 2621 2729 γὰρ
2673 2654 2724 2707 οἱ
2782 2653 2874 2724 μὲν
2934 2650 3128 2731 ἐχθροὶ
3190 2652 3292 2708 ὑπὸ
3351 2651 3488 2716 τοὺς
3547 2648 3714 2711 πόδας
3766 2652 3925 2702 κεῖνται

2314 2745 2412 2795 τοῦ
2445 2741 2594 2807 Υἱοῦ,
2628 2740 2655 2794 6
2690 2738 2746 2796 δὲ
2777 2741 2899 2805 Υἱὸς
2943 2743 3018 2815 μὴ
3077 2741 3336 2816 στασιάζῃ
3400 2741 3532 2813 τρὸς
3590 2741 3678 2794 τὸν
3737 2738 3925 2809 Πατέρα,

2318 2829 2463 2885 ἀλλὰ
2500 2831 2678 2891 καθὼς
2730 2829 2934 2902 πρέπον
2967 2833 3078 2904 Υἱῷ
3135 2836 3268 2903 Θεῷ,
3335 2833 3700 2887 ὑποτέτακται
3755 2831 3824 2898 τῷ
3866 2823 3928 2878 οἲ·

563 3193 758 3257 Pater,
789 3195 846 3244 et
874 3188 1164 3260 quidquid
1190 3193 1386 3259 potest
1415 3188 1619 3256 Filius,
1652 3189 1724 3242 ad
1747 3189 1983 3244 Patrem
2013 3189 2214 3244 refert.

561 3281 708 3336 Nam
731 3279 824 3334 hic
855 3279 967 3350 ipsi
991 3277 1351 3349 principium
1375 3282 1463 3330 est
1490 3283 1554 3331 ut
1582 3277 1771 3348 possit
1796 3278 1895 3348 qui
1920 3295 2053 3334 eum
2088 3280 2214 3335 sine

567 3379 834 3444 tempore
863 3368 1179 3443 generavit.
1206 3397 1271 3407 —
1294 3366 1349 3421 Si
1382 3366 1577 3421 divino
1612 3367 1784 3423 modo
1824 3369 2006 3424 Filius
2060 3370 2217 3426 Patri

568 3459 936 3533 Subjicietur,
969 3458 1043 3514 ab
1065 3457 1236 3512 initio
1266 3454 1568 3525 subjectus
1593 3461 1700 3518 est,
1738 3473 1807 3511 ex
1838 3473 1906 3512 eo
1950 3464 2216 3531 tempore

566 3569 683 3623 quo
719 3557 775 3607 et
807 3551 959 3605 Deus
991 3553 1150 3602 erat:
1187 3544 1343 3617 quod
1371 3543 1419 3598 si
1451 3560 1574 3598 non
1607 3544 1908 3615 subjectus
1935 3555 2042 3616 est,
2077 3550 2213 3605 sub-

2325 3187 2415 3242 τὸν
2446 3186 2654 3260 Πατέρα
2711 3186 2984 3262 ἀνάγεται.
3046 3185 3214 3250 Αὐτὸς
3281 3186 3388 3263 γὰρ
3451 3182 3598 3257 αὐτῷ
3648 3183 3806 3240 αἳτιος
3854 3179 3925 3231 τοῦ

2329 3272 2604 3344 δύνασθαι,
2655 3275 2684 3330 6
2741 3277 3003 3350 γεννήσας
3067 3275 3227 3331 αὐτὸν
3283 3275 3560 3350 ἀχρὸνως.
3593 3266 3923 3344 -ῘΒΑΣΙΑᾸ

2327 3364 2396 3423 Εἴ
2441 3370 2634 3430 θεῖκῶς
2696 3366 2724 3420 6
2762 3365 2888 3422 Υἱὸς
2944 3369 3024 3439 τῷ
3071 3366 3240 3441 Πατρὶ
3311 3365 3733 3441 ὑποταγήσεται,
3780 3357 3924 3430 ἀρχῆς

2327 3453 2745 3525 ὑπετέτακτο,ὲξ
2777 3454 2839 3509 οὗ
2898 3454 2988 3511 καὶ
3045 3454 3173 3518 Θεὸς
3240 3455 3331 3526 ἦν.
3387 3455 3454 3514 Εἰ
3514 3452 3572 3509 δὲ
3621 3450 3723 3525 οὐχ
3773 3441 3921 3501 inrati-

2324 3567 2505 3616 τακτο,
2539 3543 2667 3601 ἀλλ’
2687 3542 2906 3621 ὕστερον
2965 3545 3395 3622 ὑποταγήσεται,
3456 3540 3791 3618 ἀνθρωπίνως
3820 3534 3922 3605 ὑπὲρ

556 3641 819 3716 jicietur,
844 3640 1106 3694 humano
1137 3635 1314 3690 modo
1345 3631 1403 3687 id
1436 3633 1538 3687 fiet
1565 3649 1671 3706 pro
1711 3633 1902 3701 nobis,
1931 3637 2125 3706 nobis,
2159 3644 2219 3695 et

561 3748 682 3788 non
715 3731 914 3787 divino
945 3727 1120 3784 modo
1153 3740 1258 3797 pro
1288 3723 1483 3793 seipso

632 3825 750 3893 XV,
772 3823 959 3878 29—33.
986 3841 1014 3870 «
1038 3815 1274 3887 Alioqui
1303 3813 1443 3885 quid
1474 3813 1694 3868 facient
1714 3813 1772 3867 hi
1797 3816 1896 3885 qui
1922 3816 2214 3890 baptizan-

564 3937 591 3967 «
622 3921 717 3970 tur
747 3930 852 3984 pro
900 3908 1173 3968 mortuis,
1206 3905 1254 3960 si
1296 3903 1538 3958 omnino
1586 3903 1806 3957 mortui
1839 3921 1960 3962 non
2011 3924 2212 3964 resur-

564 4029 590 4056 ‹‹
623 4003 814 4076 gunt‘?
841 4003 955 4055 Cur
984 3999 1162 4053 etiam
1196 3992 1564 4064 baptizantur
1585 4009 1690 4063 pro
1723 3996 1972 4051 mortuis
1993 3996 2021 4052 ?
2064 3999 2212 4063 Quid

565 4115 591 4144 ‹‹
626 4073 684 4146 et
707 4107 816 4144 nos
846 4087 1256 4159 periclitamur
1287 4082 1446 4136 omni
1480 4081 1674 4137 liora?
1706 4084 1767 4137 ln
1800 4083 1925 4140 dies
1953 4089 2209 4145 morior:

2319 4088 2700 4163 κινδυνεύομεν
2748 4093 2920 4144 πᾶσαν
2997 4089 3192 4164 ὥραν;
3265 4091 3390 4144 Καθ’
3449 4085 3654 4162 ἡμέραν
3712 4073 3908 4164 ἀποθνή-

561 4205 590 4233 ‹‹
622 4196 730 4252 per
760 4182 1014 4233 vestram
1037 4171 1452 4246 gloriationem
1475 4187 1652 4242 quam
1677 4172 1864 4229 habeo
1899 4175 1957 4230 in
1981 4176 2209 4235 Christo

2321 4201 2452 4237 σκω.
2531 4180 2611 4248 Νὴ
2715 4180 2812 4248 τὴν
2914 4178 3174 4252 ὑμετέραν
3275 4179 3547 4255 καύχησιν
3604 4174 3666 4243 ἢν
3724 4168 3822 4243 ἔχω
3867 4159 3904 4214 έν

563 4294 592 4322 ‹‹
623 4269 760 4325 Jesu
791 4265 1039 4322 Domino
1070 4267 1291 4318 nostro.
1318 4260 1373 4314 Si
1395 4261 1720 4317 secundum
1740 4263 2046 4323 hominem
2073 4285 2207 4324 cum

2318 4273 2534 4347 Χριστῷ
2588 4272 2772 4339 Ἰησοῦ
2827 4273 2907 4342 τῷ
2965 4269 3150 4344 Κυρίῳ
3206 4271 3390 4343 ἡμῶν.
3444 4267 3506 4326 Ei
3558 4263 3687 4320 κατὰ
3732 4257 3907 4347 ,ἄνθρω-

560 4359 763 4414 «feris
798 4352 1122 4427 depugnavi
1181 4350 1420 4422 Ephesi,
1475 4368 1606 4422 qua)
1664 4353 1810 4410 mihi
1868 4357 2118 4424 utilitas,
2162 4361 2208 4416 si

2318 4341 2416 4416 πον
2478 4341 2901 4436 ἐθηριομάχησα
2947 4356 2998 4413 ἐν
3050 4341 3289 4439 Ἔφέσῴ,
3346 4359 3400 4414 τί
3473 4377 3565 4432 μοι
3620 4352 3677 4407 τὸ
3725 4341 3902 4439 ὄξελος,

558 4473 587 4502 α
609 4447 829 4504 mortui
860 4461 980 4501 non
1011 4440 1371 4515 resurgunt?
1389 4439 1644 4497 Edamus
1668 4448 1724 4497 et
1746 4443 2041 4515 bibamus,
2075 4467 2206 4509 eras

2318 4453 2366 4507 εἲ
2421 4451 2596 4525 νεκροὶ
2650 4450 2752 4505 οὐκ
2807 4447 3106 4526 ἐγείρονται
3133 4436 3156 4518 ’ς
3240 4448 3515 4524 ψάγωμεν
3575 4441 3659 4498 καὶ
3709 4436 3900 4527 πίωμεῗ.

555 4562 586 4593 α
619 4538 777 4594 enim
833 4533 1142 4592 morimur.
1204 4532 1283 4586 Ne
1350 4529 1768 4587 sedur-amini:
1827 4551 2215 4613 corrumpunt

556 4655 584 4686 «
619 4645 815 4686 mores
846 4627 1033 4682 bonos
1063 4620 1364 4678 consortia
1397 4619 1570 4675 mala.
1608 4642 1636 4670 ››

623 4720 711 4778 Ad
743 4729 1078 4774 sermonem
1111 4712 1183 4767 de
1237 4709 1670 4765 resurrectione
1701 4712 1874 4780 redit,
1908 4722 1965 4770 et
1985 4720 2068 4774 ait
2099 4738 2112 4775 :
2149 4723 2203 4778 Si

551 4811 909 4872 resurrectio
941 4825 1058 4863 nun
1093 4810 1200 4870 est,
1235 4803 1334 4874 qui
1371 4801 1741 4873 baptizantur
1793 4821 1898 4876 pro
1952 4814 2203 4868 mortuis

552 4903 693 4977 quid
728 4898 986 4955 facient?
1019 4898 1135 4950 Hoc
1167 4901 1256 4949 est
1306 4899 1582 4962 tanquam
1633 4907 1738 4962 pro
1798 4896 1888 4950 liis
1934 4900 2030 4969 qui
2086 4918 2203 4958 non

551 4995 886 5061 resurgunt.
923 4985 1293 5040 Manifestum
1327 4981 1483 5035 enim
1520 4987 1608 5034 est
1638 4982 1795 5052 quod
1828 4984 1887 5038 in
1947 5005 2205 5047 resurre-

548 5083 774 5137 tionem
835 5082 1202 5131 mortuorum
1253 5070 1561 5125 credentes
1595 5069 1976 5142 baptizamur.
2029 5095 2095 5134 ac
2155 5081 2203 5135 si

550 5163 976 5229 diceretzQuid
1011 5162 1226 5216 facient
1257 5159 1354 5229 qui
1382 5176 1485 5230 pro
1521 5161 1768 5215 mortuis
1794 5164 2034 5234 quidem
2070 5174 2198 5225 tan.

549 5275 726 5334 quam
761 5250 1206 5325 resurgentibns
1256 5256 1312 5304 et
1371 5247 1750 5305 crediderunt
1811 5263 1868 5306 et
1925 5254 2199 5328 baptizati

545 5355 704 5412 sunt,
738 5343 870 5401 falsi
902 5347 1098 5397 autem
1134 5355 1235 5409 spe
1263 5335 1425 5392 aliud
1475 5337 1779 5408 quidpiam
1840 5342 2201 5403 invenerunt

538 5406 756 5514 praeter
786 5453 855 5491 ea
891 5449 1020 5504 quae
1053 5406 1528 5500 exspectabant?
1563 5406 1714 5486 ὅδε
1754 5433 2071 5504 Quantum,
2106 5438 2198 5494 in-

2318 5435 2462 5500 Dévta
2497 5453 2510 5490 :
2549 5431 2714 5504 Πόσα,
2755 5429 2939 5511 φησὶν,
2970 5426 3382 5503 ἀδημονησουσι
3440 5427 3527 5484 καὶ
3576 5406 3886 5514 ἀπσικλξιῦσξΨ

537 5486 1014 5605 ξιιῖιῗθοίεὺίιιιι
1044 5537 1112 5577 ac
1143 5486 1557 5592 deplorabunt,
1592 5486 2203 5594 ﬁdemque

2318 5486 2714 5504 """“"”1
2767 5486 2828 5511 ιι
2927 5486 2938 5500 1
3063 5486 3096 5503 η
3213 5486 3224 5501 ,

2318 5545 2416 5597 ται,
2455 5520 2546 5579 καὶ
2577 5523 2677 5591 την
2716 5521 2894 5577 πίστιν
2926 5520 3027 5588 τήν
3059 5518 3136 5583 εἷς
3186 5518 3418 5591 Χριστὸν
3448 5517 3520 5578 ὡς
3549 5503 3699 5588 ψευδῆ
3731 5486 3879 5605 λιοιδο-

536 5585 693 5682 stum
750 5623 1034 5692 tanquam
1092 5610 1441 5668 mendacem
1501 5611 1783 5670 conviciis
1843 5612 2204 5674 lacessent?

2318 5614 2536 5689 ρήσουσι
2563 5630 2577 5683 ;
2607 5615 2778 5668 Τοῦτο
2811 5608 2983 5690 λέγει,
3019 5634 3040 5661 ι
3075 5608 3146 5668 Tt
3176 5612 3468 5684 ποιήσουσι
3501 5626 3515 5681 ;
3548 5625 3570 5658 ι
3625 5585 3878 5654 Τουτὲστίνι

2324 3635 2505 3708 ἡμῶν,
2537 3634 2625 3689 καὶ
2660 3634 2720 3689 o6
2753 3635 2948 3695 θεῖκῶς
2980 3633 3110 3704 ὑπὲρ
3144 3635 3357 3690 ἑαυτοῦ.

2395 3823 2544 3878 Ἐπεὶ
2672 3823 2723 3878 τί
2827 3822 3151 3892 ποιήσουσιν
3228 3821 3279 3876 οἱ
3357 3817 3737 3896 βαπτιζόμενοι
3805 3807 3908 3896 ὑπὲρ

2320 3915 2427 3966 τῶν
2484 3914 2726 3986 νεκρῶν,
2787 3911 2831 3965 εἰ
2891 3910 3038 3974 ὅλως
3093 3910 3273 3987 νεκροὶ
3347 3911 3450 3967 οὐκ
3509 3907 3825 3983 ἐγείρονταιῖ
3862 3893 3913 3952 Τί

2319 4001 2406 4055 καὶ
2444 4000 2796 4074 βαπτίζονται
2867 4000 2996 4072 ὑπὲρ
3052 4005 3159 4055 τῶν
3213 4004 3467 4075 νεκρῶν-ς
3529 3996 3593 4054 Τί
3645 3994 3727 4049 καὶ
3777 3988 3906 4060 ἡμεῖς

2324 4513 2522 4616 αὔριον.
2577 4540 2682 4615 γὰρ
2766 4513 3198 4610 ὀπὺθνήσκομεν.
3285 4513 3373 4607 Mi}
3421 4513 3738 4592 ’πλανᾶσθε
3786 4513 3902 4599 φθεί-

2314 4651 2496 4707 ροντιν
2529 4629 2638 4700 ἤθη
2672 4627 2889 4703 χρησιᾶ
2920 4625 3138 4698 ὁμιλίαι
3160 4625 3343 4681 κακαί.
3626 4707 3629 4708 ν
3674 4706 3680 4708 Α
3890 4688 3900 4708 ,

2388 4718 2555 4774 Πάλιν
2609 4717 2685 4780 εἷς
2740 4718 2833 4772 τὸν
2888 4723 2988 4786 τῆς
3037 4715 3370 4778 ἆναστασεως
3428 4713 3564 4786 ἦλθε
3619 4706 3784 4781 λόγονι
3831 4706 3897 4749 κ²ί

2310 4827 2492 4889 φησιν’
2565 4806 2628 4861 Εἰ
2693 4806 2980 4868 ἀνάστασις
3049 4804 3147 4860 οὒκ
3213 4803 3376 4876 ἔστιν,
3444 4804 3494 4859 οἳ
3563 4790 3894 4888 βαπτιζόμενεοι

2314 4898 2447 4972 ὑπὲρ
2507 4901 2612 4951 τῶν
2691 4899 2912 4971 νεκρῶν.
3000 4893 3054 4949 τί
3134 4897 3471 4964 ποιήσουσις
3552 4885 3794 4944 τουτέστιν
3837 4885 3894 4928 ως

2317 4989 2392 5060 μὴ
2449 4983 2834 5057 ἀνισταμένων.
2902 4980 3151 5054 Εὔδηλον
3201 4983 3306 5059 γὰρ
3393 4983 3477 5036 ὅτι
3532 4977 3604 5040 εἷς
3653 4969 3891 5062 aviaria:

2308 5080 2508 5150 νεκρῶν
2560 5074 2959 5139 πιστεῦσαντεςν
3023 5073 3417 5147 βαπτιζόμεθα,
3475 5066 3595 5124 ὡσεὶ
3648 5056 3795 5132 ἔλεγε·
3842 5051 3887 5146 Τξ

2309 5166 2633 5233 ποιήσουσιν
2671 5163 2720 5217 οἱ
2757 5163 2890 5236 ὑπὲρ
2919 5164 3121 5235 νεκρῶν
3155 5160 3250 5233 μὲν
3308 5160 3382 5216 ὡς
3439 5160 3771 5222 ἀνισταμένων
3819 5153 3884 5239 XL“

2307 5253 2691 5316 πιστεῦσαντες
2747 5251 2837 5307 καὶ
2898 5252 3320 5326 βαπτισθέντες,
3375 5246 3669 5324 ψευσθὲντες
3722 5231 3774 5326 δξ
3809 5239 3885 5290 της

2307 5343 2554 5408 ἐλπίδος.
2583 5343 2672 5397 καὶ
2705 5340 2848 5398 ἄλλο
2894 5362 2946 5396 τι
2979 5339 3269 5415 εὑρηκότες
3324 5339 3470 5416 παρὰ
3517 5336 3580 5392 τὶ
3625 5317 3884 5416 προσδρκη·
