4158 6194
239 316 354 377 επ
1219 309 1611 377 COMMENT.
1661 311 1741 373 IN
1785 304 2038 372 EPIST.
2085 309 2110 370 Ι
2154 309 2256 370 AD
2301 309 2677 373 CORINTH.
3535 316 3654 379 873

213 450 378 507 Διιιὺτιὶ
407 451 732 521 ποιήσουσιν
785 449 920 528 ἅπερ
959 467 1132 508 ειπον.
1185 451 1348 525 Ὁρᾷς
1396 449 1502 503 ποῦ
1551 446 1790 522 ἀνήγαγε
1827 463 1855 498 τ

2012 444 2115 500 hoc
2147 443 2473 518 significat:
2536 446 2687 511 Quid
2743 445 2981 512 facient,
3016 461 3230 519 nempe
3261 446 3386 506 haec
3433 450 3654 511 facient

233 547 604 618 11;iyp.1;—
653 543 862 616 [¢.~..’.T.]
926 541 1075 598 ἰ-,πεὶ
1132 540 1184 594 τί
1241 540 1556 609 ποιήσουσι,
1615 534 1802 610 φησὶν,
1843 537 1875 587 ο

2013 549 2133 604 quae
2165 535 2490 590 dixi.Vides
2523 552 2638 606 quo
2665 552 2785 590 rem
2819 535 3147 592 deduxerit.
3175 537 3480 610 —Alioqui
3513 541 3655 611 quid

239 633 658 706 βαπτιζόμενοι,
690 631 827 688 ὥστε
870 633 946 706 μὴ
1007 631 1144 686 εἶναι
1207 626 1494 692 ἰιαπαντὸς
1549 626 1752 700 νεκροὶ,
1806 644 1873 680 κα

2019 623 2230 678 facient
2259 625 2359 694 qui
2412 624 2804 695 baptizantur.
2839 641 2913 680 ne
2947 643 3182 698 semper
3211 629 3429 684 mortui
3463 630 3582 684 sint
3603 636 3661 687 et

235 718 295 776 ἰν
328 723 406 790 τῷ
438 716 539 796 ᾄδῃ
576 718 898 793 κατέχεσθαι
927 739 940 788 ;
974 719 1110 785 οἷον,
1166 719 1282 782 Τῆς
1331 716 1690 777 ἀναστάσεως.
1741 711 1874 790 φησὶ

2015 713 2165 783 apud
2197 714 2419 770 inferos
2451 715 2880 770 detineantur?
2913 717 3027 771 Hoc
3052 722 3161 783 est,
3195 717 3240 771 si
3276 734 3395 773 non
3443 719 3517 773 sit
3565 736 3657 775 re-

248 810 326 882 μὴ
389 807 578 878 οὔσης,
635 810 687 862 ol.
737 809 826 863 ἐπὶ
875 808 1152 870 τοιαύταις
1207 805 1392 862 ἐλπίσι
1478 803 1890 880 βαπτιζόμενοι,

2021 803 2296 858 surrectio
2327 803 2468 874 quid
2485 805 2705 860 facient
2721 805 2756 858 ii
2777 805 2964 876 quiob
2987 807 3326 875 huiusmodi
3345 824 3509 879 spem
3525 809 3663 881 bap-

239 896 381 952 ὣστε
429 898 564 952 κατά
620 897 842 953 θάνατον
889 898 1205 967 ἀναστῆναι,
1259 894 1308 950 τί
1371 896 1704 964 ποιήσουσι;
1771 915 1798 943 ι(
1831 899 1874 947 Ε

2018 893 2414 966 tizanturquo
2439 901 2572 968 post
2591 902 2842 951 mortem
2867 897 3353 954 resuscitentur.«
3379 899 3431 954 Si
3467 899 3660 957 omni-

242 984 394 1049 ὅλως
426 987 608 1062 νεκροὶ
644 986 744 1042 οὐκ
779 985 1100 1063 ἐγείρονται.
1137 1010 1164 1036 ι»
1223 986 1291 1042 Εί
1348 981 1496 1044 ὅλως
1560 979 1740 1054 νεκροὶ
1802 979 1884 1033 οὐ)

2014 998 2086 1036 no
2137 985 2355 1040 mortui
2415 1002 2535 1040 non
2596 991 2996 1058 resurgunt.»
3057 987 3112 1042 Si
3170 989 3387 1044 mortui
3420 992 3656 1045 omnino

240 1073 574 1152 ἐγείρονται,
603 1075 654 1130 τί
700 1076 791 1130 καὶ
851 1075 1203 1150 βαπτίζονται
1260 1071 1355 1127 ’ίνα
1412 1071 1755 1137 ἀναστῶσιν;
1809 1065 1882 1122 αύ-

2013 1087 2128 1127 non
2159 1074 2510 1135 excitantur.
2549 1090 2732 1145 quare
2767 1075 2941 1129 etiam
2969 1074 3340 1146 baptizantur
3368 1084 3428 1132 ut
3485 1093 3655 1134 resu-

229 1167 336 1228 ’τὸς
394 1163 450 1220 δὲ
509 1162 1079 1236 ἒπιπληκνικώτιρον,
1138 1187 1166 1215 ‹‹
1222 1161 1380 1236 Ὑπὲρ
1439 1164 1548 1216 τῶν
1598 1161 1871 1232 νεκρῶν,ι

2009 1162 2300 1217 scitentur
2317 1162 2346 1218 ‘?
2373 1165 2498 1234 Ipse
2525 1169 2724 1219 tamen
2749 1164 2959 1234 majori
2987 1181 3120 1220 cum
3140 1166 3650 1237 increpationcdi-

230 1255 428 1332 φησὶν,
461 1253 603 1323 οἷον,
636 1251 743 1317 Οὕς
779 1254 935 1328 ὑμεῖς
967 1250 1056 1307 8ιά
1085 1259 1184 1321 τῆς
1246 1249 1386 1314 ἰδίας
1448 1248 1632 1320 δόξης,
1689 1244 1868 1301 ἀϊδίου

2013 1251 2172 1306 cit:«
2207 1253 2315 1306 Pro
2358 1253 2630 1318 mortuis,
2665 1274 2693 1301 »
2738 1253 2848 1307 hoc
2882 1259 2990 1321 est,
3053 1270 3200 1325 quos
3258 1271 3356 1309 vos
3415 1256 3655 1326 propria

237 1343 462 1418 νεκροὺς
495 1344 824 1420 ἀπεφήνατε,
854 1343 1076 1417 νεκροὺς
1108 1339 1188 1411 δὲ,
1219 1340 1310 1396 καὶ
1364 1338 1494 1404 τοὺς
1542 1337 1754 1401 ἄλλους
1807 1357 1874 1391 κα

2011 1340 2288 1412 opinione
2320 1348 2605 1414 perpetuo
2634 1349 2900 1398 mortuos
2930 1343 3195 1399 asseritis
3221 1361 3234 1400 :
3261 1353 3526 1401 mortuos
3555 1361 3653 1400 ve-

235 1432 478 1499 ἑαυτοὺς,
537 1432 627 1486 καὶ
672 1432 894 1506 νεκροὺς
980 1430 1232 1493 αἶ’ωνίους
1317 1429 1756 1506 ἀποφηνάμενοι,
1844 1446 1874 1479 τ

2012 1446 2072 1483 ro
2104 1436 2163 1485 et
2192 1430 2340 1485 alios
2367 1438 2426 1486 et
2466 1431 2728 1503 vosipsos
2759 1433 3164 1500 enuntiantes,
3196 1440 3482 1505 perpetuo
3525 1450 3654 1490 esse

235 1521 553 1596 βαπτίζεσοε
587 1521 720 1593 ὑπὲρ
764 1520 938 1594 ὑμῶν,
993 1524 1100 1575 τῶν
1156 1521 1353 1594 μήκετι
1401 1519 1520 1574 καθ’
1574 1518 1715 1589 ὑμᾶς
1772 1515 1877 1570 ἀναε

2013 1525 2293 1576 mortuos.
2345 1521 2459 1576 Cur
2499 1538 2603 1594 pro
2652 1520 2814 1577 vobis
2853 1521 3256 1594 baptizamini,
3308 1539 3443 1579 cum
3484 1525 3655 1595 juxta

235 1613 612 1684 στησομένων,
644 1609 773 1666 ἀλλ’
804 1612 886 1666 ἀεὶ
919 1615 1120 1686 νεκρῶν
1160 1608 1431 1682 ἐσομένων
1465 1628 1479 1680 ;
1532 1609 1655 1665 Ἐπὶ
1707 1605 1877 1663 ἄλλω·

2009 1615 2257 1665 vestram
2304 1611 2661 1666 sententiam
2709 1627 3015 1683 nunquam
3064 1613 3192 1668 sitis
3240 1613 3651 1680 resurrecturi,

237 1698 295 1756 δὲ
325 1701 634 1776 προσώπων
667 1702 897 1777 προάγει
928 1701 1021 1756 τὸν
1053 1700 1239 1775 λόγον,
1267 1700 1357 1755 καὶ
1417 1697 1546 1775 ούχὶ
1593 1697 1678 1752 ἐπ’
1721 1698 1879 1753 αὐτῶι

2013 1698 2107 1754 sed
2141 1701 2355 1754 mortui
2389 1717 2624 1772 semper
2652 1701 2886 1756 futuri?
2915 1702 3031 1756 Sub
3071 1703 3205 1757 aliis
3225 1707 3422 1758 autem
3455 1719 3655 1774 perso-

237 1787 474 1859 ἐκείνων,
504 1790 596 1844 ἳνα
633 1792 708 1860 μὴ
743 1789 907 1845 πλέον
936 1789 1340 1864 καθαψάμενος,
1396 1789 1470 1850 εἰς
1521 1788 1779 1843 ἀπόνοιαν
1811 1786 1879 1842 ἐκ·

2007 1789 2097 1844 nis
2130 1789 2368 1845 deducit
2399 1807 2759 1858 sermonem,
2794 1796 2851 1845 et
2907 1807 3027 1846 non
3058 1791 3166 1847 sub
3220 1792 3338 1847 illis
3384 1793 3550 1864 ipsis,
3575 1807 3649 1847 ne

236 1876 563 1950 καλέσηται.
595 1903 621 1929 ιι
657 1877 717 1932 Τί
749 1879 837 1933 καὶ
869 1881 1034 1951 ἡμεῖς
1061 1877 1481 1953 κινδυνεύομεν;
1518 1901 1544 1929 ››
1597 1877 1660 1932 Et
1718 1875 1878 1946 ὅλως,

2008 1877 2182 1934 nimis
2204 1879 2420 1934 acriter
2449 1896 2549 1935 eos
2597 1879 2920 1952 objurgans
2959 1887 3236 1952 provocet
3281 1896 3381 1936 eos
3439 1881 3513 1936 ad
3552 1880 3650 1935 de-

238 1969 431 2046 φησῗν,
461 1969 751 2030 ἀνάστασις
784 1969 882 2023 οὐκ
911 1967 1047 2038 ἔστι,
1080 1965 1224 2024 διατί
1269 1971 1432 2042 ἡμεῖς
1483 1968 1535 2024 οἱ
1595 1966 1872 2023 ἀπόστολο

2008 1971 2424 2041 sperationem.
2459 1969 2652 2034 «Quid
2680 1977 2739 2025 et
2766 1987 2874 2026 nos
2904 1971 3312 2042 periclitamur
3341 1971 3504 2026 omni
3540 1971 3650 2026 ho-

226 2057 323 2112 Ῐὰεὶ
357 2057 409 2113 ἰν
436 2055 706 2123 κινδύνοις
731 2057 888 2133 ἐσμέν
917 2078 929 2127 ;
957 2062 1122 2113 τοῦτο
1153 2055 1325 2134 λέγει,
1373 2059 1492 2122 καθ’
1553 2057 1782 2133 ἡμέραν,
1831 2077 1868 2111 τι

2007 2058 2155 2113 ra?»
2179 2059 2237 2113 Si
2269 2059 2623 2116 resurrectio
2654 2060 2899 2116 omnino
2939 2077 3060 2117 non
3091 2061 3224 2126 erit,
3276 2059 3490 2132 inquit,
3545 2075 3649 2116 cur

237 2143 347 2200 ἀεί.
384 2145 623 2222 Μεγίστη
672 2142 730 2200 δὲ
782 2149 882 2210 τῆς
940 2145 1276 2207 ἀναστάσεως
1337 2143 1630 2216 ἀπόδειξις,
1683 2144 1745 2199 τὸ
1803 2143 1879 2198 κα

2005 2165 2109 2203 nos
2141 2148 2394 2220 apostoli
2426 2165 2661 2221 semper
2689 2151 2750 2204 in
2782 2149 3064 2221 periculis
3103 2149 3457 2205 versamur?
3501 2151 3647 2204 Nam

236 2233 377 2295 τοὺς
406 2232 746 2297 ἀποστόλους
778 2235 1025 2310 ὁρᾶσθαι,
1063 2234 1228 2314 μέχρι
1284 2235 1510 2300 θανάτου
1558 2233 1878 2289 κινδυνεύον-

2008 2241 2118 2299 καθ’
2149 2236 2358 2311 ἡμεραν
2389 2238 2685 2310 significat
2731 2235 2833 2308 ἀεὶ,
2867 2238 2978 2294 hoc
3036 2244 3145 2305 est,
3203 2255 3430 2309 semper.
3481 2238 3650 2294 Μακί-

229 2341 353 2385 τας.
417 2346 440 2375 ι
503 2324 633 2380 Καθ’
692 2325 900 2398 ἡμέραν
959 2324 1309 2395 ἀποθνήσκω.
1373 2349 1402 2377 ››
1459 2327 1544 2398 Τῇ
1590 2322 1869 2400 προθυμίᾳ

2005 2343 2097 2381 ma
2126 2343 2262 2383 vero
2311 2329 2768 2383 resurrectionis
2817 2336 2942 2383 erat
2987 2329 3259 2398 assertio,
3303 2327 3647 2399 conspicere

227 2415 325 2472 καὶ
357 2419 438 2487 τῷ
466 2417 604 2491 πρὸς
637 2415 800 2472 αὐτὸν
834 2415 1069 2488 ετοίμως
1100 2411 1264 2492 ἔχειν.
1310 2416 1378 2473 Ἢ
1435 2415 1562 2470 ὅσον
1609 2418 1729 2476 ταῖς
1780 2411 1867 2467 ἐπι

2001 2416 2296 2490 apostolos
2327 2416 2400 2472 ad
2432 2423 2685 2473 mortem
2708 2433 2896 2489 usque
2917 2418 2976 2472 in
3009 2417 3290 2490 periculis
3321 2421 3643 2490 versantes.

237 2525 440 2584 φοραις
469 2510 577 2560 τῶν
608 2503 848 2579 θλίψεων
874 2504 966 2560 καὶ
998 2509 1340 2581 πειρασμῶν,
1390 2505 1479 2559 καὶ
1526 2506 1596 2578 τῇ
1646 2513 1879 2574 καθημε-

2001 2531 2025 2558 ι(
2051 2509 2115 2563 In
2146 2507 2274 2563 dies
2305 2507 2547 2573 morior,
2589 2530 2616 2556 »
2675 2507 3146 2580 promptitudine
3199 2513 3256 2562 et
3308 2512 3512 2579 parato
3569 2507 3643 2562 ad

229 2597 364 2670 ρινῇ
398 2591 582 2649 ἐλπίδι
609 2598 706 2648 του
741 2594 994 2650 θανάτου.
1030 2619 1056 2646 ιι
1093 2596 1173 2664 Νη
1206 2595 1306 2663 τήν
1354 2593 1615 2668 ὑμετέραν
1672 2592 1871 2666 καύχηι

1997 2603 2248 2654 mortem
2279 2597 2478 2652 animo
2513 2597 2632 2663 ;vel
2658 2604 2947 2668 quantum
2965 2597 3038 2652 ad
3061 2595 3252 2652 illatas
3287 2595 3639 2652 afﬂictiones

225 2705 344 2741 σιν.
382 2707 410 2734 η
440 2715 508 2726 -
539 2684 752 2757 [ΦΩΤ.]
783 2689 855 2740 "l1
889 2683 1083 2757 ὃμνυσι
1126 2682 1326 2758 λέγων,
1358 2683 1447 2740 Μὰ
1475 2683 1575 2748 τήν
1628 2678 1867 2756 ὑμετέρα

1996 2693 2054 2742 et
2085 2686 2459 2752 tentationes,
2493 2703 2559 2741 ac
2608 2686 2952 2757 quotidiana
2991 2687 3200 2740 mortis
3249 2684 3638 2755 exspectatio-

228 2773 540 2848 καύχησιν,
573 2772 631 2842 ἢ,
688 2773 784 2828 Διά
812 2773 913 2842 τήν
945 2773 1204 2848 ὑμετέραν
1231 2773 1505 2848 καύχησιν
1536 2771 1866 2841 ἀποθνήσκω

1994 2794 2124 2833 ne.“
2151 2777 2260 2831 Per
2282 2782 2529 2831 vestram
2553 2776 2968 2848 gloriationem
2995 2797 3024 2824 »
3048 2806 3116 2816 —
3137 2773 3450 2844 Autjurat,
3467 2773 3634 2844 quasi

227 2861 391 2938 λέγει
425 2859 483 2916 δὲ
511 2863 612 2931 τήν
642 2862 816 2918 αὐτῶν
850 2864 1158 2937 προκοπήν*
1217 2863 1490 2938 καύχησις
1529 2863 1630 2937 γὰρ
1679 2865 1759 2932 τῷ
1807 2857 1869 2914 δι·

2005 2867 2240 2934 diceret,
2277 2866 2372 2938 μα,
2405 2866 2567 2921 idest
2601 2882 2704 2936 per
2741 2871 2996 2920 vestram
3039 2863 3492 2936 gloriationem:
3527 2867 3647 2930 aut,

228 2948 497 3025 ὃασκάλῳ
527 2955 562 3022 ἡ
593 2957 700 3008 τῶν
737 2956 994 3026 μαθητῶν
1024 2951 1285 3014 ἐπίδοσις.
1321 2977 1347 3003 ‹‹
1381 2954 1478 3007 Ἢν
1521 2949 1635 3027 ἔχω
1665 2948 1716 3005 ἐν
1752 2951 1870 3024 Χρι·

2007 2963 2236 3028 propter
2272 2961 2527 3010 vestram
2568 2954 2982 3024 gloriationem
3017 2953 3134 3008 sive
3163 2968 3342 3024 quam
3372 2951 3444 3006 de
3485 2951 3649 3006 vobis

224 3044 354 3112 στῷ
408 3041 611 3112 Ἰησού,
675 3065 702 3092 ››
762 3039 982 3111 Ἐπειδή
1068 3048 1207 3116 μέγα
1290 3041 1426 3111 εἷπε,
1511 3044 1590 3113 τῷ
1673 3043 1866 3112 Χριστᾷ

2002 3045 2206 3110 habeo,
2236 3044 2478 3099 morior.
2502 3043 2651 3097 Dicit
2681 3048 2878 3098 autem
2907 3043 3170 3113 ipsorum
3202 3041 3548 3096 felicitatem
3577 3056 3644 3096 ac

221 3127 388 3201 αὖτῷ
420 3129 723 3200 ἀνατίθησι.
758 3131 854 3184 Διά
880 3131 980 3200 τήν
1012 3131 1298 3204 προκοπήν
1362 3130 1538 3200 ὑμῶν,
1584 3127 1772 3205 φησὶν,

2009 3135 2465 3207 promotionem:
2492 3133 2762 3204 gloriatio
2796 3132 2955 3187 enim
2979 3138 3070 3188 est
3089 3131 3438 3204 praeceptori
3469 3130 3651 3186 disci-

219 3180 475 3293 ἔχωτδιά
501 3180 685 3288 Ἰησὸὗ
717 3180 980 3293 Χριστού.
1019 3182 1065 3270 ‹‹⁸
1093 3219 1156 3275 Εἰ
1181 3180 1316 3272 κατὰ
1343 3180 1624 3291 ἄνθρωπον
1646 3180 1858 3286 ’ἐθηνριό

2011 3180 2432 3207 L""'""""""'“
2454 3180 2465 3187 '
2492 3180 2758 3204 D"""""
2800 3180 2955 3187 '““"
2984 3180 3068 3188 ""
3089 3180 3438 3204 l"""l'""
3473 3180 3618 3186 *η’*-

2011 3223 2274 3296 pulorum
2299 3224 2754 3279 incrementum.
2781 3244 2807 3272 «
2842 3222 3027 3287 Quam
3073 3221 3262 3276 habeo
3311 3221 3374 3274 in
3424 3220 3653 3274 Christo

223 3304 492 3381 μάχησα.
521 3330 549 3359 ››
573 3308 735 3365 Ὅσον
767 3307 886 3376 ἧκε,
923 3306 1110 3384 φησὶν,
1145 3305 1220 3368 εἰς
1254 3304 1594 3379 ἀνθρώπους,
1625 3303 1736 3380 ἐγὼ
1765 3303 1865 3372 ἐθη·

2006 3315 2155 3370 lesu.
2191 3335 2218 3362 »
2251 3312 2533 3378 Quoniam
2564 3325 2691 3366 rem
2725 3326 2997 3383 magnam
3037 3309 3205 3377 dixit,
3256 3307 3368 3379 ipsi
3416 3308 3648 3363 Christo

220 3396 585 3473 ριομάχησα,
613 3396 728 3450 ἀντὶ
757 3401 876 3467 τοῦ,
905 3397 1068 3453 Ὅσον
1100 3395 1168 3464 ἦν
1207 3416 1298 3468 μοι
1334 3391 1582 3451 δυνατὸν.
1635 3391 1811 3448 Ἀλλά
1837 3413 1862 3447 τ

2007 3420 2131 3459 eam
2162 3402 2450 3468 attribuit,
2483 3407 2726 3473 propter
2752 3400 3180 3470 vestri,inquit,
3210 3398 3649 3471 promotionem

211 3485 432 3541 τούτου
465 3507 558 3558 μοι
588 3480 812 3564 ὄφελος,
844 3484 1178 3545 ἀναστάσεως
1214 3485 1290 3557 μή
1322 3479 1491 3554 οὔσης
1518 3503 1534 3554 ;
1564 3485 1636 3540 "Il
1695 3479 1853 3550 οὕτως

2003 3510 2180 3564 quam
2208 3491 2397 3548 habeo
2425 3508 2532 3563 per
2556 3493 2752 3547 Jesum
2788 3490 3108 3546 Christum.
3145 3511 3173 3539 «
3207 3489 3265 3543 Si
3315 3487 3645 3544 secundum

215 3574 300 3649 Εἰ
331 3575 408 3646 μὴ
443 3571 534 3629 διά
559 3575 658 3643 τήν
692 3571 950 3647 ἐσομένην
985 3569 1186 3628 ἐλπίδα
1223 3573 1313 3628 καὶ
1346 3571 1612 3628 ἀντίδοσιν
1673 3571 1857 3646 ἐθηριο

2009 3582 2308 3638 hominem
2341 3597 2474 3636 cum
2504 3580 2646 3636 feris
2676 3579 3024 3652 depugnavi.
3058 3602 3086 3630 »
3135 3577 3300 3644 Quod
3330 3577 3406 3632 ad
3461 3576 3651 3632 homi-

223 3663 492 3740 μάχησα,
524 3661 671 3719 ἀλλά
701 3659 790 3718 διὰ
817 3660 973 3733 δόξαν
1015 3662 1383 3737 ἀνθρωπίνην,
1437 3662 1490 3716 τί
1547 3660 1844 3740 ὠγέλημαι

2011 3687 2131 3732 nes.
2164 3671 2378 3742 inquit,
2413 3670 2643 3731 attinet.
2695 3685 2799 3742 ego
2848 3685 2983 3724 cum
3040 3668 3182 3723 feris
3215 3665 3562 3736 depugnavi.
3593 3662 3653 3718 id

224 3759 674 3827 Θηριομαχῆσαι
714 3749 770 3806 δὲ
823 3751 1004 3819 καλεῖ,
1060 3754 1122 3807 τὸ
1179 3752 1315 3827 πρὸς
1373 3749 1665 3814 Ἰουδαίους
1719 3746 1866 3830 ἔχειν

2008 3768 2113 3829 est,
2146 3769 2436 3834 quantum
2478 3761 2622 3816 mihi
2681 3766 2808 3816 erat
2838 3759 3144 3830 possibile.
3177 3756 3280 3812 sed
3316 3771 3446 3826 quas
3503 3752 3650 3808 mihi

231 3843 344 3898 καὶ
376 3843 510 3916 πρὸς
541 3844 856 3916 Δημήτριον
883 3843 974 3896 τὸν
1010 3841 1416 3918 ἀργυροκόπον.
1471 3843 1536 3899 Τί
1591 3843 1694 3917 γαρ
1745 3839 1870 3895 οὖτο

2010 3851 2145 3907 inde
2177 3852 2423 3916 utilitas,
2459 3850 2507 3905 si
2540 3865 2660 3904 non
2693 3849 2770 3902 sit
2797 3846 3149 3903 resurrectio
3179 3844 3206 3899 ?
3236 3847 3350 3899 Aut
3380 3843 3491 3898 hoc
3523 3858 3652 3898 mo-

225 3931 455 4006 θγ,ρίυ›ν
494 3926 779 4009 διέφερονς
843 3955 863 3982 ι
899 3931 960 3987 Et
1016 3931 1194 4005 νεκροὶ
1253 3931 1354 3986 οὐκ
1398 3929 1710 4006 ἐγείρονται.
1745 3954 1774 3981 ››
1834 3934 1867 3985 Ε

2007 3941 2080 3996 (10
2107 3940 2196 3997 :Si
2230 3957 2351 3995 non
2369 3945 2612 4010 propter
2636 3937 2893 3992 futuram
2919 3951 3084 4006 spem
3110 3938 3166 3987 et
3197 3931 3649 3988 retributionem

226 4019 429 4094 νεκροὶ
463 4018 561 4073 οὐκ
614 4019 932 4094 ἐγείρονται,
989 4017 1113 4074 οὐδὲ
1161 4017 1431 4082 ἀντίδοσις
1484 4021 1623 4074 ἐστιν
1683 4018 1868 4096 ἀγαθῶ

2015 4047 2140 4086 cum
2190 4030 2334 4084 feris
2365 4027 2712 4099 depugnavi,
2747 4025 2850 4080 sed
2890 4025 2962 4080 ob
2994 4025 3315 4078 humanam
3381 4022 3657 4095 gloriam,

225 4110 331 4166 καί
364 4113 568 4164 κακῶν.
597 4108 802 4164 Τούτου
835 4107 892 4163 δὲ
927 4109 1002 4181 μὴ
1036 4109 1210 4176 ὃντος,
1244 4114 1432 4187 φαγεῖν
1491 4106 1574 4162 δεῖ
1621 4107 1711 4162 καὶ
1759 4112 1867 4162 πιεῖ

2012 4119 2150 4191 quid
2184 4118 2329 4174 mihi
2379 4115 2635 4188 profuit?
2667 4116 2845 4169 Vocat
2867 4119 3064 4170 autem
3101 4129 3235 4168 cum
3263 4111 3402 4168 feris
3433 4128 3654 4183 pugna-

223 4199 350 4274 πρὸ
409 4201 506 4251 τοῦ
557 4197 867 4267 ἀποθανεῖν,
927 4198 999 4260 ὡς
1056 4198 1261 4252 τούτων
1322 4197 1497 4270 μόνων
1555 4198 1680 4272 παρ’
1740 4197 1865 4269 ἣμῶ

2016 4225 2095 4275 re,
2139 4206 2603 4262 controversiam
2655 4221 2834 4276 quam
2894 4202 3101 4259 habuit
3147 4219 3282 4258 cum
3325 4199 3541 4256 Judaeis
3600 4203 3658 4254 et

220 4285 698 4364 κερδαινόμένων.
747 4292 924 4346 Τοῦτο
987 4287 1044 4344 ὁὶ
1102 4289 1255 4363 ῥῆμα
1340 4285 1740 4361 κωμῳδοῦντος
1799 4287 1862 4356 τή

2015 4313 2148 4354 eum
2179 4295 2475 4351 Demetrio
2505 4293 2669 4349 fabro
2701 4294 3056 4366 argentario.
3091 4293 3385 4357 Quantum
3414 4287 3573 4344 enim
3596 4287 3657 4342 hi

221 4377 456 4447 ἄνοιαν,
487 4383 594 4432 τῶν
627 4381 704 4451 μὴ
739 4380 1010 4456 λεγόντων
1042 4381 1142 4448 τήν
1193 4379 1499 4433 ἀνάστασιν.
1553 4400 1579 4428 ‹‹
1615 4378 1708 4445 Μὴ
1758 4375 1863 4430 πλα

2015 4404 2046 4442 a
2070 4387 2212 4442 feris
2243 4383 2682 4440 differebant".
2706 4383 2860 4440 509
2885 4409 2911 4433 ‹‹
2935 4383 2991 4438 Si
3016 4381 3236 4437 mortui
3285 4395 3407 4435 non
3453 4393 3657 4433 resur-

223 4473 430 4531 νᾶσθε.
491 4491 519 4520 »
580 4500 648 4511 -
707 4470 915 4544 [ΦΩΤ.]
975 4468 1340 4544 Ἀπαλλαγεὶς
1398 4471 1506 4521 τῶν
1566 4465 1643 4528 εἷς
1701 4463 1865 4520 ἄτοπο

2015 4481 2172 4550 gunt.
2211 4495 2238 4525 »
2271 4475 2327 4528 Si
2359 4473 2573 4529 mortui
2605 4490 2725 4528 non
2760 4473 3144 4532 suscitantur.
3196 4487 3270 4525 ne
3323 4468 3436 4523 erit
3483 4466 3657 4521 retri-

227 4555 579 4632 ἁπαγωγῶν,
639 4558 714 4622 εἰς
773 4558 1083 4633 παραίνεσιν
1165 4543 1358 4628 ἦλθεν,
1443 4556 1626 4631 ἠρέμα
1684 4555 1773 4610 καὶ
1828 4555 1869 4610 ὡ

2020 4543 2173 4622 butio
2205 4565 2497 4620 bonorum
2521 4570 2580 4620 et
2609 4563 2937 4620 malorum:
2973 4567 3208 4634 oportet
3236 4558 3411 4615 edere
3472 4562 3531 4611 et
3579 4553 3662 4609 bi-

228 4647 495 4716 ἀνοήτων
554 4653 899 4724 κατηγορῶν.
959 4651 1132 4704 Τούτο
1189 4647 1288 4722 γὰρ
1373 4647 1456 4717 τὸ,
1516 4671 1543 4698 ‹‹
1603 4646 1696 4714 Μὴ
1756 4645 1867 4700 πλα

2018 4659 2146 4712 bere
2186 4654 2533 4727 priusquam
2585 4669 2744 4708 mors
2786 4656 3181 4724 praeoccupet,
3239 4645 3474 4718 quando
3535 4645 3660 4699 hmo

222 4736 424 4800 νᾶσθε,
463 4759 490 4786 ››
543 4733 730 4806 δηλοῖ.
793 4764 812 4789 ι
864 4738 1183 4814 Φθείρουσιν
1237 4736 1346 4807 ἤθη
1407 4735 1624 4811 χρηστά
1677 4733 1864 4809 ὁμιλία

2020 4745 2138 4801 sola
2192 4743 2618 4800 lucrifacimus.
2671 4743 2789 4797 Hoc
2843 4740 3085 4796 verbum
3136 4743 3226 4794 est
3256 4733 3662 4808 insipientiam

222 4825 431 4883 κακαί.
469 4848 494 4880 ι
529 4830 814 4898 Λακωνιγὴ
848 4830 938 4884 καὶ
998 4829 1202 4904 ἀρχαία
1260 4828 1552 4905 παροιμία.
1610 4826 1864 4900 Μέμνητο

2017 4836 2380 4908 objurgantis
2430 4851 2632 4889 eorum
2686 4831 2786 4902 qui
2819 4831 3028 4886 dicunt
3065 4846 3184 4886 non
3228 4844 3356 4884 esse
3397 4839 3659 4881 resurre-

220 4915 448 4986 ταύτης
480 4917 570 4970 καὶ
595 4918 838 4981 Ἠσαίας.
899 4919 1044 4985 Φησὶ
1103 4917 1180 4975 δέ.
1241 4919 1356 4972 Ὅτι
1413 4917 1504 4971 καὶ
1559 4917 1626 4971 τὰ
1682 4937 1862 4996 χρηστ

2017 4927 2291 4982 ctionem.
2327 4947 2354 4974 (ι
2381 4925 2458 4978 Ne
2501 4921 2891 4977 seducamini.
2921 4941 2950 4970 »
3000 4917 3300 4974 Absolutis
3332 4913 3659 4972 rationibus

219 5008 377 5079 ἢθη,
410 5005 466 5059 αἱ
516 5014 764 5086 συνεχεῖς
823 5013 932 5063 τῶν
989 5012 1169 5064 κακῶν
1228 5003 1447 5079 ὁμιλίαι
1504 5003 1856 5081 διαφθείρουσ

2024 5032 2143 5086 quae
2182 5014 2255 5069 ad
2285 5011 2609 5068 absurdum
2643 5009 3039 5076 deducebant,
3081 5008 3242 5064 venit
3287 5006 3360 5062 ad
3392 5003 3666 5061 admoni-

221 5097 348 5156 Καὶ
397 5096 502 5172 γὰρ
559 5097 704 5174 ρανὲς
764 5097 1148 5174 ἐνδελιεχοῦσα,
1208 5097 1474 5154 κοιλαίνει
1534 5098 1755 5170 πέτραν.
1805 5104 1863 5153 Kc

2022 5105 2275 5159 tionem:
2305 5101 2458 5157 clam
2499 5101 2678 5155 etiam
2729 5105 3012 5170 tanquam
3063 5097 3416 5169 insipientes
3463 5093 3664 5150 redar-

221 5183 342 5240 διά
395 5186 591 5241 τούτου
657 5185 714 5243 δὲ
772 5193 1025 5261 παραινεῖ
1081 5188 1288 5258 αὐτοῖς,
1376 5185 1720 5254 ἐκτρέπεσθαι
1801 5194 1863 5256 τῆ

2028 5209 2238 5258 mens;
2286 5207 2425 5246 nam
2483 5190 2594 5245 hoc
2645 5188 2914 5255 indicat;
2970 5211 2996 5238 ‹‹
3037 5191 3436 5257 Corrumpunt
3474 5197 3670 5239 mores

227 5272 482 5347 ὁμιλίας
510 5281 616 5331 τῶν
649 5284 972 5354 μοχθηρῶν,
1030 5280 1121 5334 καὶ
1186 5281 1260 5352 μή
1321 5277 1646 5355 θαῤῥοῦντας
1693 5279 1869 5334 έαυτοῑ

2024 5282 2202 5337 bonos
2279 5278 2578 5335 consortia
2649 5279 2824 5334 mala.
2888 5298 2916 5328 »
2983 5276 3332 5332 Laconicum
3384 5279 3666 5341 vetusque

226 5364 433 5429 ὅτιού
479 5361 850 5438 βλαϐήσονται
913 5367 1062 5424 αὐτοὶ
1124 5369 1356 5444 χρηστοὶ
1419 5363 1590 5437 ὄντες,
1647 5373 1726 5440 τῷ
1771 5369 1868 5442 πρε

2024 5370 2392 5442 proverbium
2427 5373 2534 5423 est.
2579 5368 2764 5440 Hujus
2812 5365 3087 5423 meminit
3131 5370 3189 5421 et
3231 5364 3411 5420 Isaias
3439 5362 3508 5418 ⁵⁸.
3567 5357 3666 5414 Ait

226 5452 452 5517 αὐτοὺς
486 5452 787 5532 ἐνδελεχῶς
819 5455 1062 5532 ὁμιλεῖν,
1095 5459 1192 5526 της
1245 5460 1446 5521 ἐκεῖθεν
1499 5453 1684 5530 λύμης
1728 5455 1868 5533 ἠρέμ

2023 5460 2179 5516 enim
2210 5465 2268 5516 et
2288 5459 2416 5531 ipse
2439 5457 2596 5531 quod
2612 5458 2801 5515 bonos
2820 5473 3018 5515 mores
3044 5455 3326 5512 continua
3351 5461 3665 5526 pravorum

287 5650 298 5660 κ
337 5625 384 5664 ⁸³
413 5628 540 5687 Act.
574 5645 728 5703 xxiv,
754 5631 823 5686 24
856 5645 1022 5706 seqq.
1122 5628 1168 5666 “
1198 5629 1312 5687 Isa.
1347 5645 1482 5701 χιιι,
1521 5630 1604 5711 13,
