4158 6194
533 316 610 375 8Ἷ
615 315 651 373 9

1650 308 2068 372 (ΕΟΙΙΜΕΝῙΙ
2112 310 2420 372 Τῐὶιῧῦιίὲ
2461 311 2816 377 EPISCOPI

3826 315 3955 378 889

537 448 851 507 consortia.
887 448 1314 514 corrumpunt;
1351 443 1643 516 siquidem
1677 445 1960 500 continua
2015 449 2178 518 gutta

2291 443 2383 498 καὶ
2416 445 2556 500 κατά
2610 447 2804 522 μικρὸν
2865 445 3342 520 ὑποπίμπλασθαι.
3400 447 3466 502 Ἥ
3519 448 3740 521 χρηστὰ
3790 445 3959 525 εὐεργε-

537 535 1096 607 cavatlapidem.Et
1128 541 1442 607 propterea
1499 535 1848 592 adhortatur
1905 536 2066 607 ipsos
2121 540 2186 591 ut

537 628 796 682 devitent
819 644 1127 698 pravorum
1153 627 1469 694 consortia,
1503 645 1612 682 nec
1645 627 1755 682 sibi
1791 626 1977 682 ﬁdant
2024 625 2181 698 quod

2300 557 2417 608 μως
2457 534 2636 605 καλεῖ,
2671 537 2737 592 τὰ
2767 536 3158 609 εὐεξαπάτητα,
3191 533 3376 608 δηλῶν
3410 537 3494 591 δτι
3530 534 3695 590 ἄλλοι
3749 535 3951 599 αὐτοὺς

2295 623 2372 686 εἷς
2403 628 2571 680 ταῦτα
2604 625 2985 699 ὑποσύρουσιν.

531 735 664 773 cum
697 717 834 770 boni
869 718 1008 784 sint,
1042 717 1192 771 nihil
1227 723 1477 787 possunt
1533 733 1832 773 accersere
1866 717 2092 774 damni.
2127 715 2410 772 continue
2469 717 2630 788 apud
2687 719 2824 774 illos
2876 717 3302 782 conversando.
3357 735 3490 774 cum
3549 716 3686 772 inde
3717 716 3946 772 sensim

531 823 600 862 ac
646 806 930 878 paulatim
989 807 1250 878 pernicie
1305 807 1685 877 impleantur.
1747 812 1860 860 Aut
1917 803 2133 878 χρηστὰ
2199 805 2332 874 ἢθη,
2385 805 2445 861 id
2503 814 2614 874 est,
2669 808 2932 880 placidos
2991 826 3186 865 mores
3232 807 3626 864 collaudando
3659 806 3950 878 appellat,

531 897 632 969 qui
667 897 837 951 facile
870 895 1072 951 seduci
1105 902 1374 968 possunt,
1410 897 1752 970 signiﬁcans
1780 895 1938 967 quod
1961 895 2061 951 alii
2098 896 2256 967 ipsos
2288 895 2360 950 ad
2391 896 2516 950 hinc
2547 898 2879 953 retrahunt.

601 986 700 1054 Xl,
727 987 909 1040 34-38.
945 1009 970 1037 ‹‹
1026 986 1216 1041 Sobrii
1249 993 1456 1053 estote,
1483 992 1540 1041 et
1597 1003 1671 1041 ne
1709 987 1964 1058 peccetis
2000 1003 2012 1040 :
2047 1002 2185 1040 nam

532 1098 560 1125 «
594 1075 1028 1147 ignorationem
1054 1076 1155 1131 Dei
1201 1076 1475 1132 nonnulli
1506 1075 1758 1131 habent:
1783 1075 1856 1130 ad
1897 1074 2184 1146 pudorem

532 1187 560 1215 ‹‹
593 1164 757 1220 vobis
781 1165 1010 1236 loquor.
1037 1169 1108 1220 At
1129 1166 1518 1236 dicetaliquis
1540 1183 1552 1220 :
1575 1164 1876 1231 Quomodo
1901 1165 2186 1220 suscitan-

535 1263 681 1308 «tur
703 1255 919 1309 mortui
939 1254 1082 1309 ?Cui
1107 1261 1305 1309 autem
1334 1256 1565 1326 corpori
1590 1255 1832 1310 veniunt
1855 1253 2077 1308 7Slulte
2103 1261 2184 1319 tu,

532 1369 558 1396 «
585 1345 742 1416 quod
765 1346 1026 1401 seminas
1041 1363 1157 1401 non
1184 1347 1650 1413 vis‘ificatur,nisi
1668 1352 1962 1400 mortuum
1987 1346 2182 1401 fuerit.

537 1454 558 1482 ι
584 1437 653 1488 Ει
673 1436 784 1489 hoc
806 1435 964 1505 quod
986 1436 1268 1502 seminas,
1303 1453 1423 1491 non
1449 1453 1662 1508 corpus
1713 1436 1867 1506 quod
1910 1442 2187 1490 nascetur

530 1547 555 1573 ιι
583 1523 974 1592 seminas,sed
1002 1524 1223 1580 nudum
1249 1524 1858 1597 granumpulatritici
1885 1523 2182 1580 autalicu-

531 1615 682 1685 «jus
703 1631 733 1670 e
757 1614 987 1669 caeteris
1015 1630 1026 1667 :
1064 1615 1165 1669 sed
1188 1615 1342 1670 Deus
1360 1615 1459 1670 dat
1483 1614 1570 1668 illi
1593 1631 1805 1685 corpus
1828 1620 1892 1670 ut
1916 1613 2186 1676 voluit,et

531 1723 558 1752 ‹‹
591 1703 914 1774 unicuique
949 1704 1253 1758 seminum
1277 1721 1448 1759 suum
1473 1721 1710 1775 corpus.
1748 1726 1774 1751 ››

603 1814 630 1840 ‹‹
665 1792 853 1847 Sobrii
887 1798 1096 1851 estote.
1133 1815 1159 1841 »ι
1210 1795 1514 1864 Tanquam
1575 1793 1648 1849 ad
1691 1792 1904 1848 ‘ebrios
1943 1791 2182 1848 dicitur.

532 1903 558 1930 ‹‹
592 1882 776 1947 Juste,
812 1903 840 1931 »
873 1899 1033 1950 vero,
1069 1883 1128 1938 id
1190 1889 1280 1938 est
1310 1884 1558 1940 utiliter.
1617 1883 1914 1956 Contingit
1946 1883 2103 1938 enim
2133 1888 2188 1940 et

539 1990 559 2018 ι
594 1971 815 2042 injuste
849 1972 1113 2028 sobrium
1141 1979 1442 2045 esse,puta
1462 1973 1536 2029 ad
1555 1972 1838 2030 malum.“
1862 1974 1932 2028 Et
1957 1990 2031 2029 ne
2049 1988 2187 2044 pec-

535 2061 700 2116 cetis.
734 2081 760 2113 ιι
812 2065 955 2118 Nam
1017 2064 1156 2120 hinc
1201 2063 1377 2119 etiam
1406 2065 1680 2136 provenit
1711 2070 1776 2120 ut
1806 2064 2189 2120 resurrectio-

539 2166 675 2206 nem
718 2168 836 2206 non
881 2153 1156 2208 credatis.
1221 2153 1520 2224 Siquidem
1573 2154 1674 2224 qui
1729 2153 2022 2208 malorum
2074 2152 2188 2208 sibi

538 2241 758 2296 conscii
793 2248 952 2304 sunt.
1003 2259 1121 2297 non
1176 2242 1427 2297 credunt
1484 2260 1614 2298 esse
1667 2242 2186 2308 resurrectionem,

533 2333 692 2402 quod
717 2333 862 2388 tales
895 2333 1028 2387 illos
1057 2333 1223 2403 sequi
1248 2339 1516 2405 oporteat
1544 2333 1968 2389 retributiones
1991 2333 2190 2404 qualia

534 2443 559 2471 ‹‹
588 2429 810 2477 suntea
825 2422 884 2476 in
901 2421 1116 2492 quibus
1136 2421 2188 2494 deliquerunt.Propterea,inquit,ne

526 2510 806 2581 peccetis,
829 2517 895 2565 ut
925 2510 1422 2566 resurrectionem
1448 2511 1723 2567 credatis.
1759 2511 2187 2583 Ignorantiam,

536 2601 638 2667 ait,
659 2601 758 2656 Dei
779 2601 1002 2656 habent
1027 2602 1064 2655 ii
1091 2601 1190 2673 qui
1215 2619 1336 2657 non
1358 2601 1608 2658 credunt
1643 2602 2145 2658 resurrectionem
2172 2617 2186 2656 :

540 2707 662 2747 non
708 2692 867 2746 enim
917 2699 1284 2764 cognoscunt
1340 2693 1441 2748 Dei
1496 2692 1846 2764 potentiam.
1881 2692 2008 2748 Non
2042 2691 2192 2747 dixit

547 2787 768 2845 autem,
824 2781 1083 2850 Habetis,
1117 2782 1293 2847 sed,o
1359 2782 1642 2837 Nonnulli
1692 2782 1935 2844 habent.
1992 2804 2021 2831 »
2079 2782 2190 2836 hac

539 2870 1020 2926 dictionetollens
1042 2871 1504 2928 accusationem.
1531 2895 1556 2921 «
1587 2872 1665 2927 Ad
1688 2871 1974 2943 pudorem
2001 2870 2190 2925 vobis-

545 2959 776 3031 loquor.
811 2985 839 3010 ››
865 2961 1154 3026 Quoniam
1188 2961 1248 3016 in
1294 2962 1498 3016 multis
1531 2961 1683 3017 570
1715 2977 1815 3016 eos
1845 2960 2186 3032 objurgave~

533 3057 644 3116 rat,
678 3051 1022 3107 consolatur
1056 3052 1236 3123 ipsos.
1284 3051 1371 3107 Ad
1415 3051 1968 3124 pudorem,inquit,
2027 3048 2188 3104 vobis

537 3143 784 3214 loquor:
811 3161 927 3199 non
963 3145 1122 3216 quod
1153 3162 1253 3200 vos
1279 3145 1626 3216 despiciam.
1662 3145 1765 3201 sed
1796 3143 1956 3216 quod
2000 3143 2179 3214 pude-

535 3231 672 3286 facti
709 3233 1186 3288 incredulitatem
1247 3235 1319 3289 de
1377 3234 1812 3289 resurrectione
1865 3233 2177 3303 abjiciatss.

535 3341 562 3369 «
594 3323 666 3373 At
695 3320 853 3374 dicet
885 3321 1123 3391 aliquis.
1161 3345 1188 3370 »
1241 3324 1364 3377 Non
1398 3323 1481 3377 ait
1514 3338 1528 3376 :
1580 3343 1609 3372 ‹‹
1645 3324 1754 3376 Vos
1787 3321 2006 3385 dicitis,
2040 3341 2068 3370 »
2116 3325 2184 3376 ut

531 3424 725 3462 sermo
749 3408 971 3464 invidia
1001 3414 1220 3476 careat,
1254 3415 1538 3480 tanquam
1563 3410 1664 3465 alii
1697 3415 1900 3465 essent
1935 3409 2033 3480 qui
2058 3425 2179 3465 non

530 3496 862 3551 crederent.
898 3497 1120 3554 Deinde
1148 3515 1279 3568 quas
1313 3499 1362 3554 is
1406 3498 1584 3554 dubia
1605 3498 1976 3569 videbantur,
2010 3499 2177 3570 quasi

530 3585 684 3641 facta
735 3585 1069 3659 objectione
1102 3587 1295 3642 solvit.
1335 3587 1696 3644 Dubitabant
1727 3588 1886 3644 enim
1917 3605 2177 3660 quonam

529 3676 704 3739 modo
729 3677 1116 3732 suscitaretur
1143 3694 1380 3749 corpus,
1413 3677 1572 3748 quod
1605 3677 1789 3732 semel
1821 3677 2178 3734 dissolutum

529 3773 691 3822 erat:
736 3773 795 3821 et
851 3766 1012 3838 quali
1067 3783 1314 3837 corpore
1352 3766 1760 3834 suscitaretur,
1820 3773 2018 3823 utrum
2067 3769 2178 3825 hoc

529 3857 760 3915 eodem.
793 3873 869 3912 an
903 3857 1018 3912 alio
1038 3856 1318 3927 quodam.
1354 3857 1486 3912 Haec
1521 3857 1718 3928 itaque
1777 3856 1892 3913 duo
1919 3857 2004 3913 eis
2055 3858 2180 3914 dis-

529 3944 703 3999 solvit
729 3962 832 4016 per
864 3963 946 4000 ex.
974 3947 1198 4017 mplum
1231 3947 1395 4019 grani
1424 3963 1435 4001 :
1471 3969 1498 3996 «
1533 3947 1717 4002 Stulte
1747 3969 1775 3996 »
1795 3951 1839 4002 A
1865 3949 2176 4004 manifesto

531 4035 800 4104 exemplo
831 4035 1046 4090 format
1076 4037 1434 4091 solutionem
1472 4053 1485 4090 :
1520 4036 1650 4091 ideo
1675 4053 1909 4107 quoque
1965 4037 2176 4092 stultos

526 4132 784 4193 vocat,ut
813 4128 912 4197 qui
946 4129 1090 4183 adeo
1139 4130 1454 4185 manifesta
1503 4129 1792 4201 ignorent.
1827 4131 1928 4196 Tu,
1960 4130 2172 4200 inquit,

527 4217 684 4288 quod
716 4217 996 4285 seminas,
1030 4219 1129 4290 qui
1161 4219 1564 4291 corruptibilis
1596 4236 1816 4287 es,non
1849 4219 2176 4274 vivificatur

523 4307 638 4362 nisi
665 4313 964 4364 mortuum
997 4309 1174 4364 fuerit
1203 4325 1216 4376 ;
1251 4309 1393 4380 quid
1421 4325 1556 4381 ergo
1589 4307 1660 4364 de
1716 4310 1832 4363 Deo
1891 4307 2174 4363 haesitas?

523 4397 647 4451 Non
675 4397 1025 4464 vivificatur,
1062 4399 1162 4453 ait.
1211 4397 1349 4453 Vide
1371 4404 1569 4453 autem
1602 4397 1780 4468 quod,
1812 4397 2173 4452 dictionibus

2367 985 2670 1058 Ἐκντςψατε
2728 984 2950 1050 δικαίως
3006 985 3096 1041 καὶ
3159 987 3235 1059 μὴ
3322 984 3674 1059 ἁμαρτάνετε.
3735 985 3953 1059 Ἀγνω-

2297 1074 2414 1128 σίαν
2455 1073 2558 1150 γὰρ
2614 1079 2747 1131 Θεοῦ
2802 1096 2942 1140 τινες
2996 1074 3206 1152 ἔχουσι.
3267 1075 3411 1148 ΙΙρὸς
3479 1073 3748 1150 ἐντροπὴν
3811 1073 3950 1146 ὑμῖν

2297 1161 2467 1238 λέγω.
2527 1162 2686 1221 Ἀλλ’
2743 1165 2856 1242 ἐρεῖ
2905 1188 3011 1234 τις,
3075 1171 3196 1222 Πῶς
3257 1163 3554 1240 ἐγείρονται
3612 1164 3662 1219 oi
3719 1183 3949 1238 νεκροις

2293 1254 2438 1326 ποίῳ
2479 1251 2537 1309 δὲ
2590 1255 2806 1327 σώματι
2861 1253 3153 1330 ἔρχονταις
3213 1257 3442 1328 ’Λφρον,
3503 1255 3564 1308 σὺ
3624 1255 3653 1309 ’ὸ
3704 1254 3950 1328 σπείρεις

2295 1343 2358 1398 οὐ
2421 1349 2794 1415 ζωοποιεῖται,
2835 1344 2924 1400 ἐὰν
2969 1346 3044 1419 μή
3101 1344 3368 1419 ἀποθάνῃ.
3429 1344 3530 1400 Καὶ
3592 1339 3620 1397 ὅ
3681 1343 3952 1417 σπείρεις,

2295 1433 2357 1488 οὐ
2443 1435 2506 1489 τὸ
2599 1439 2757 1508 σῶμα
2841 1436 2903 1491 τὸ
2977 1435 3342 1511 γενησόμενον
3449 1433 3708 1505 σπείρεις,
3796 1431 3951 1488 ἀλλά

2295 1523 2501 1600 γυμνὸν
2532 1523 2753 1588 κόκκον,
2783 1522 2836 1578 εἷ’
2885 1525 3072 1600 τύχοι,
3134 1525 3305 1591 σίτου,
3364 1523 3398 1594 ἢ
3459 1544 3604 1584 τινος
3656 1527 3765 1577 τῶν
3821 1520 3949 1576 λοι-

2294 1617 2432 1671 πῶν.
2466 1615 2528 1671 Ὁ
2565 1611 2621 1669 δὲ
2678 1615 2806 1676 Θεὸς
2839 1611 3030 1670 δίδωσι
3093 1619 3249 1687 σῶμα
3305 1614 3484 1678 καθὼς
3538 1610 3799 1682 ἠθέλησε,
3849 1609 3950 1666 καὶ

2293 1703 2501 1775 ἑκάστῳ
2530 1707 2636 1759 τῶν
2667 1705 2992 1778 σπερμάτων
3025 1704 3084 1758 τὸ
3113 1701 3259 1758 ’ίδιον
3292 1708 3474 1775 σῶμα.

2363 1794 2439 1850 Τὸ
2486 1791 2734 1868 ἐκνῆψαι,
2788 1793 2862 1857 ὡς
2931 1792 3018 1848 ἐπὶ
3090 1794 3417 1867 μεθυόντων.
3486 1793 3557 1848 Τὸ
3616 1791 3694 1859 δὲ,
3753 1819 3781 1843 ‹‹
3847 1803 3946 1846 Δι-

2294 1881 2487 1949 καίως,
2523 1907 2551 1934 ››
2584 1882 2746 1937 οἱονεὶ
2779 1883 3185 1962 συμφερόντως.
3236 1883 3354 1940 "Evt
3416 1881 3518 1956 γὰρ
3585 1881 3674 1936 καὶ
3740 1877 3952 1942 ἀδίκως

2291 1973 2502 2050 νήφειν,
2537 1974 2652 2028 οἷον
2684 1971 2772 2028 ἐπὶ
2799 1977 2971 2045 κακῷ.
3035 1997 3063 2024 ‹‹
3098 1971 3199 2030 Καὶ
3260 1973 3336 2045 μὴ
3385 1972 3738 2045 ἁμαρτάνετν.
3777 1995 3804 2023 ››
3848 1971 3953 2026 Ἐκ

2291 2062 2488 2118 τούτου
2519 2062 2643 2140 γὰρ,
2687 2063 2840 2142 φησὶ,
2902 2063 2992 2117 καὶ
3048 2067 3115 2135 τῇ
3174 2061 3454 2117 ἀναστάσει
3523 2062 3812 2116 ἀπιστεῖτε.
3878 2059 3949 2116 Οἱ

2291 2153 2393 2228 γὰρ
2447 2153 2662 2216 ἑαυτοῖς
2719 2153 2858 2208 κακά
2914 2150 3233 2220 συνειδότες,
3317 2152 3378 2207 οὐ
3463 2152 3740 2206 πείθονται
3800 2151 3946 2204 εἶναι

2293 2240 2603 2308 ἀνάστασιν,
2652 2245 2730 2313 τῷ
2763 2239 2870 2297 δέει
2927 2247 3035 2296 τῶν
3094 2236 3364 2314 ἀμοιϐὦν,
3426 2241 3499 2302 ὡς
3553 2241 3642 2295 οἷα
3695 2238 3951 2314 ἁμαρτά-

2293 2331 2627 2393 νοντες.Διά
2691 2335 2875 2400 τοῦτο,
2937 2331 3093 2410 φησὶ,
3156 2333 3232 2404 μή
3292 2331 3647 2405 ἁμαρτάνετε,
3699 2328 3792 2382 *ἱνα
3846 2350 3950 2384 πι-

2296 2420 2520 2490 στεύητε
2557 2421 2656 2488 τὴν
2687 2420 2994 2476 ἀνάστασιν.
3043 2421 3349 2496 Ἀγνωσίαν
3397 2441 3497 2495 γαρ
3549 2424 3708 2483 Θεοῦ,
3759 2420 3953 2497 ιρησὶν,

2295 2506 2518 2585 ἔχουσιν
2559 2509 2708 2584 οίτῇ
2766 2510 3046 2566 ἀναστάσει
3103 2509 3471 2574 ἀπιστοῦντες,
3529 2509 3605 2566 Οὐ
3659 2509 3758 2584 γὰρ
3793 2505 3950 2562 ’ίσασι

2293 2605 2389 2656 τοῦ
2420 2604 2553 2656 Θεοῦ
2581 2601 2681 2668 τήν
2715 2597 2962 2674 δύναμιν.
3016 2601 3131 2658 Οὐκ
3187 2601 3310 2656 εἷπε
3368 2597 3446 2664 δὲ,
3496 2601 3712 2672 Ἔχετε,
3776 2596 3948 2665 ἀλλὰ,

2297 2714 2326 2745 ι(
2358 2691 2517 2752 Τινὲς
2548 2689 2761 2766 ἔχουσι,
2796 2715 2823 2743 ››
2851 2690 3021 2766 ταύτῃ
3053 2694 3122 2764 τῇ
3155 2688 3294 2760 λὲξει
3322 2690 3384 2744 τὸ
3441 2682 3692 2761 ἔγκλημα
3741 2689 3946 2742 ὑποτε-

2299 2780 2588 2854 μνόμενος.
2643 2801 2665 2830 ι
2711 2781 2853 2854 Πρὸς
2919 2778 3180 2854 ἐντροπὴν
3235 2779 3361 2852 ὑμῖν
3419 2777 3586 2854 λέγω.
3625 2802 3651 2828 n
3712 2774 3944 2848 Ἐπειδή

2294 2867 2482 2924 πολλά
2512 2869 2686 2924 αὐτῶν
2718 2871 3020 2943 καθήψατο,
3081 2874 3480 2942 παραμυθεῖται
3533 2866 3746 2928 αὐτούς.
3801 2868 3948 2939 Πρὸς

2294 2958 2562 3034 ἐντροπὴν
2623 2961 2752 3034 ὑμῖν
2809 2958 2974 3034 λέγω,
3033 2959 3216 3038 φησὶν,
3296 2959 3407 3036 οὐχ
3487 2955 3626 3012 ὥστε
3685 2957 3953 3029 ἀτιμάσαι

2301 3050 2465 3123 ὑμᾶς,
2496 3049 2626 3105 ἀλλ’
2655 3049 2794 3104 ὥστε
2824 3049 3211 3125 αἰσχυνθέντας
3253 3049 3552 3124 ἀπορρίψω
3609 3048 3669 3103 τὸ
3701 3047 3953 3102 ἀπιστεῖν

2299 3139 2364 3215 τῇ
2395 3141 2698 3198 ἀναστάσει.
2734 3164 2760 3191 ‹‹
2795 3137 2949 3196 Ἀλλ’
2981 3139 3094 3213 ἐρεῖ
3137 3161 3243 3202 τις.
3279 3162 3306 3189 ι)
3365 3139 3480 3197 Οὐκ
3537 3139 3703 3204 εἶπεν,
3765 3139 3954 3209 Ὑμεῖς

2293 3227 2500 3307 λέγετε,
2527 3228 2619 3284 ’ἱνα
2658 3231 2839 3293 οὕτως
2886 3229 3200 3304 ἀνεπαχθὴς
3237 3230 3265 3283 ὁ
3307 3227 3482 3306 λόγος
3524 3230 3580 3299 ᾗ,
3632 3229 3709 3288 ὡς
3751 3225 3946 3282 ἄλλων

2293 3321 2682 3378 ἀπιστούντων.
2717 3321 2846 3376 Εἶτα
2877 3317 2972 3374 δύο
3018 3319 3194 3394 ἄπορα
3240 3319 3426 3382 αὐτοῖς
3475 3323 3603 3374 ε’ναι
3652 3315 3946 3388 δοκοῦντα,

2291 3411 2364 3473 ὡς
2391 3411 2440 3485 ἐξ
2470 3407 2788 3472 ἀντιθέσεως
2846 3408 2986 3466 λύει.
3036 3403 3426 3487 Ἀμφὲὄαλλον
3471 3409 3570 3485 γὰρ
3621 3412 3740 3470 πῶς
3801 3407 3946 3480 ἐγεί-

2293 3521 2439 3577 ρεται
2505 3501 2570 3556 τὸ
2626 3500 2762 3574 ’ἀπαξ
2817 3497 3068 3556 διαλυθὲν
3129 3503 3309 3571 σῶμα,
3368 3499 3458 3553 καὶ
3516 3499 3659 3570 ποίῳ
3725 3497 3945 3570 σώματι

2291 3593 2588 3661 ἀνίσταται,
2645 3591 2889 3663 τούτῳῆ
2924 3588 3091 3666 ἑτέρῳ
3149 3590 3276 3649 τινί.
3321 3592 3398 3647 Τὰ
3455 3589 3546 3644 οὗν
3609 3587 3704 3643 δύο
3759 3588 3948 3651 αὐτοῖς

2291 3681 2501 3740 ἐπιλύει
2535 3680 2623 3738 διά
2650 3687 2748 3738 τοῦ
2780 3679 3217 3758 παραδείγματος
3245 3684 3343 3736 τοῦ
3371 3682 3595 3735 κόκκου·
3621 3703 3648 3730 ‹‹
3674 3680 3950 3753 "App-ev.»

2291 3774 2430 3831 Ἀπὸ
2489 3770 2663 3842 δήλου
2713 3769 3153 3848 παραδείγματος
3210 3777 3447 3827 ποιεῖται
3500 3772 3598 3839 τῆν
3659 3768 3938 3836 ἐπίλλσιν,

2291 3861 2376 3919 διὸ
2405 3861 2493 3916 καὶ
2533 3860 2772 3936 ἄφρονας
2803 3858 2983 3928 κηλεῖ,
3015 3859 3090 3922 ὡς
3119 3859 3186 3914 τὰ
3215 3858 3357 3914 οὕτω
3387 3866 3528 3936 σαφῆ
3581 3858 3934 3934 ἀγνοοῦντας.

2290 3952 2384 4014 Σὺ,
2417 3950 2603 4028 φησὶν,
2637 3949 2666 4004 ὅ
2697 3949 2957 4025 σπείρεις,
2991 3951 3019 4004 ὁ
3049 3949 3307 4028 φθαρτὸς,
3338 3949 3402 4004 οὐ
3436 3954 3785 4019 ζωοποιεῖται
3840 3947 3935 4001 ἐὲν

2294 4044 2367 4116 μή
2403 4040 2667 4115 ἀποθάνῃ.
2721 4041 2786 4095 Τί
2847 4039 2938 4093 οὗν
2998 4039 3119 4114 περὶ
3186 4043 3318 4094 Θεοῦ
3380 4035 3798 4117 ἀμφιϐάλλεις;
3857 4038 3935 4096 Οὐ

2291 4137 2663 4202 ζωοποιεῖται,
2707 4128 2892 4208 φησῖν.
2952 4132 3085 4200 Ὅρα
3141 4127 3216 4197 δὲ,
3282 4127 3456 4198 λέξεσι
3513 4129 3802 4202 κέχρηται,
3874 4127 3938 4182 οὐ

2291 4219 2616 4296 σπέρμασιν,
2647 4216 2794 4273 ἀλλὰ
2825 4219 3070 4292 σώμασιν
3105 4214 3414 4292 ἀρμοδίαις.
3451 4241 3480 4271 ιι
3509 4219 3636 4273 Ἐὰν
3690 4219 3766 4290 μή
3801 4216 3942 4271 ἀποι-

2290 4313 2443 4385 οάνῃ,
2477 4307 2693 4390 »φησίν
2748 4309 2884 4383 *Ορα
2924 4313 3042 4372 πῶς
3088 4307 3163 4368 εἷς
3218 4307 3280 4362 τὸ
3329 4306 3564 4362 ἐναντίον
3618 4310 3938 4381 περιετρεψε

2286 4402 2376 4455 τὸν
2420 4398 2606 4474 λόγον.
2641 4397 2901 4456 Ἐκείνοις
2930 4395 3029 4472 γάρ
3062 4393 3232 4450 ἐδόκει
3264 4393 3486 4471 ἄπορον,
3518 4400 3632 4456 πῶς
3692 4397 3825 4468 μετά
3869 4396 3932 4450 τὸ

523 4481 600 4536 sit
628 4499 792 4544 usus.
816 4500 936 4538 non
972 4500 1104 4554 quae
1133 4483 1484 4551 seminibus,
1509 4483 1614 4539 sed
1646 4500 1778 4554 quas
1828 4483 2176 4554 corporibus

2291 4489 2570 4551 ἀποθανεῖν
2596 4487 2936 4562 ἐγειρόμεθα³
2971 4486 3134 4548 αὐτὸς
3185 4483 3263 4548 δε,
3325 4487 3390 4541 τὸ
3447 4485 3676 4540 ἐναντίον
3746 4485 3931 4563 φησὶν,

519 4577 672 4642 apta)
703 4571 841 4627 sint.
907 4593 931 4623 α
989 4572 1108 4626 Nisi
1157 4579 1455 4628 mortuum
1513 4572 1710 4627 fuerit.
1769 4572 2174 4628 {Considera

520 4676 656 4716 vero
683 4677 798 4732 quo
833 4661 1009 4717 modo
1061 4678 1396 4716 sermonem
1430 4662 1488 4716 in
1522 4661 1888 4716 contrarium
1921 4678 2167 4717 conver-

520 4750 611 4803 tit.
644 4750 768 4805 lliis
801 4753 958 4805 enim
993 4750 1236 4805 dubium
1266 4751 1574 4805 videbatur
1623 4766 1738 4820 quo
1808 4757 1976 4821 pacto
2040 4756 2170 4822 post

523 4845 772 4894 mir-tem
805 4843 1216 4898 excitaremur.
1271 4844 1400 4912 lpse
1434 4858 1566 4896 veru
1598 4857 1628 4896 e
1662 4840 1912 4899 diverso.
1948 4841 2030 4896 0b
2084 4841 2165 4900 id.

522 4927 734 4996 inquit,
793 4931 1120 4987 excitamur
1168 4933 1446 5002 quoniam
1503 4929 1836 4984 morimur:
1885 4936 2165 5000 tanquam

520 5033 639 5072 non
672 5019 844 5073 detur
864 5022 1083 5092 alioqui
1121 5023 1393 5077 vivilicari
1431 5022 1543 5077 nisi
1582 5039 1738 5077 mors
1772 5022 2161 5092 prmcesseiit.

518 5109 663 5163 Nam
701 5111 810 5165 hoc
856 5114 1193 5169 manifestat
1222 5116 1560 5186 exemplum
1593 5113 1664 5169 de
1696 5113 1892 5168 tritico
1915 5113 2166 5168 caeteris-

517 5213 629 5268 que
659 5200 1006 5257 seminibus.
1044 5204 1113 5258 Et
1141 5205 1472 5265 considera,
1506 5220 1625 5260 una
1679 5203 1920 5258 interim
1946 5203 2164 5257 solutio

516 5295 605 5343 est
635 5289 792 5360 quod
827 5293 1040 5348 mortui
1074 5295 1428 5350 excitantur.
1465 5317 1492 5346 ‹‹
1549 5295 1632 5349 Tu
1691 5293 1848 5365 quod
1903 5292 2163 5348 semiuas

513 5393 633 5433 non
657 5379 988 5437 viviﬁcatur
1018 5383 1133 5438 nisi
1177 5390 1471 5439 mortuum
1505 5383 1701 5439 fuerit.
1739 5405 1765 5432 ι)
1800 5382 1856 5437 Si
1915 5398 2052 5455 ergo
2103 5380 2162 5436 id

512 5468 669 5540 quod
701 5476 764 5525 tu
798 5473 1058 5528 seminas
1090 5479 1148 5529 et
1187 5474 1461 5545 sepulcro
1490 5471 1927 5546 quodammodo
1961 5471 2161 5528 occul-

509 5563 600 5614 tas
630 5575 697 5615 ac
744 5563 1090 5629 mortiﬁcas,
1147 5563 1298 5619 Deus
1354 5563 1688 5632 resuscitat,
1741 5566 1799 5617 et
1856 5561 1956 5617 dat
1986 5578 2160 5619 suum

511 5664 745 5724 corpus,
771 5667 904 5708 cum
922 5652 1051 5725 jam
1073 5651 1470 5726 putrefactum
1498 5656 1658 5707 esset
1681 5667 1748 5707 ac
1777 5650 2156 5724 dissolutum,

2284 4575 2365 4630 ὅτι
2399 4572 2489 4630 διὰ
2521 4578 2682 4630 τοῦτο
2726 4571 3064 4649 ἐγειρόμεθα,
3122 4569 3311 4639 ἐπειδή
3361 4573 3798 4643 ἀποθνήσκομεν,
3854 4575 3932 4632 ὡς

2281 4667 2381 4721 οὐκ
2407 4665 2787 4742 ἐγχωροῦντος
2819 4659 3005 4724 ἄλλως
3047 4663 3482 4733 ζωοποιηθῆναι,
3517 4660 3560 4714 εἰ
3598 4663 3672 4733 μὴ
3714 4663 3782 4728 ἦν
3830 4662 3930 4724 01'-

2279 4778 2457 4818 νατος.
2489 4759 2665 4810 Τοῦτο
2714 4754 2818 4828 γὰρ
2875 4754 2938 4808 τὸ
2995 4751 3346 4828 παοάδειγμα
3401 4757 3497 4807 τοῦ
3550 4753 3699 4806 σίτου
3742 4750 3932 4823 δηλοῖ,

2276 4847 2504 4902 καὶτῶν
2564 4844 2774 4900 λοιπῶν
2834 4845 3180 4916 σπερμάτων.
3225 4843 3323 4897 Καὶ
3380 4843 3582 4908 θέασαι,
3635 4842 3772 4902 τέης
3830 4843 3931 4916 μία

2279 4935 2455 4999 λόσις,
2498 4936 2582 4990 ὅτι
2639 4935 2690 4989 οἱ
2758 4933 3114 4997 ἀπιθανόντες
3173 4933 3470 5007 ἐγείρονται
3527 4957 3554 4983 ›ι
3620 4931 3933 4986 Σὺὸσπεῖο

2278 5047 2388 5100 ρεις
2419 5025 2481 5080 οῦ
2508 5030 2877 5094 ζωοποιεῖται,
2907 5023 2992 5079 ἐάν
3043 5025 3118 5090 μή
3163 5023 3428 5096 ἀποθάνῃ.
3467 5048 3485 5068 ν
3543 5020 3606 5075 li
3653 5019 3745 5074 οὖν
3802 5024 3865 5075 συ
3899 5021 3932 5076 ὅ

2277 5115 2512 5189 σπείρεις
2538 5113 2627 5169 καὶ
2659 5113 2860 5186 τρόπον
2899 5111 3015 5167 τινὰ
3068 5110 3221 5188 τάρῳ
3267 5109 3571 5170 καλύπτοις
3623 5112 3710 5164 καῖ
3759 5113 3935 5164 θανα-

2275 5208 2413 5272 τοῖς,
2445 5207 2604 5258 τοῦτο
2638 5204 2664 5256 ὁ
2698 5203 2825 5258 Θεὸ;
2857 5201 3126 5271 ἀνίστησι,
3159 5201 3248 5255 καὶ
3280 5197 3468 5254 δίδωσι
3503 5202 3561 5254 τὸ
3602 5197 3736 5254 Ἑιον
3771 5205 3936 5274 σῶμα

2271 5293 2334 5347 τὸ
2366 5292 2526 5346 σαπὲν
2549 5291 2638 5346 καὶ
2669 5289 2943 5360 διαλυθὲν,
3003 5287 3193 5344 δίδωσι
3253 5285 3330 5358 δὲ,
3388 5291 3570 5353 καθὼς
3626 5287 3931 5360 ἠθέλησεν,

2273 5383 2691 5457 εὐπρεπέστερον
2749 5379 2838 5434 καὶ
2899 5379 3249 5453 ὡραιότερον,
3293 5377 3512 5439 ὂαύτὸς
3568 5377 3773 5439 ἐκεῖνος
3836 5375 3934 5432 διὰ

2268 5479 2370 5542 τῆς
2402 5470 2604 5534 οἰκείας
2635 5470 2992 5548 ἀποφάνσεως
3024 5468 3098 5530 εἰς
3165 5475 3270 5544 γῆν
3309 5466 3400 5524 καὶ
3449 5468 3616 5542 τάφον
3675 5466 3932 5522 ἐκέλευσε

2267 5560 2638 5625 κατατίθισοαι
2695 5558 2786 5614 καὶ
2875 5558 3261 5630 ἀποθνήσκειν,
3314 5561 3479 5614 τοῦτο
3538 5556 3703 5623 αἷοτὸς
3761 5556 3932 5614 πάλιν

2269 5650 2368 5706 οὐκ
2395 5647 2515 5732 ἔχει
2545 5649 2675 5728 ῥᾷον
2705 5649 2769 5706 τὸ
2797 5650 3140 5721 ζωοποιῆσαι
3169 5648 3262 5706 καὶ
3303 5648 3599 5723 ἀναστῆσαι
3655 5649 3746 5706 ὅτι
3797 5649 3933 5731 βοό-
