4156 6200
300 382 414 443 881

1237 383 1650 450 COMMENT.
1698 389 1776 450 lN
1819 389 2068 452 EPIST.
2119 393 2146 454 l
2190 397 2292 457 AD
2338 399 2702 462 CORINTH.

3591 411 3712 472 882

301 511 455 571 λεται
487 516 575 570 καὶ
608 515 828 586 Θελήσει
863 532 877 586 ;
911 540 939 568 «
971 516 1071 574 Καὶ
1114 518 1144 572 8
1174 518 1432 592 σπείρεις,
1483 521 1548 576 οὐ
1594 521 1657 576 τὸ
1712 527 1892 598 σῶμα.
1929 547 1953 574 η

2070 528 2287 602 datque
2316 533 2468 589 sicut
2503 535 2928 610 voluit.nempe
2954 539 3259 597 decentius
3291 558 3357 597 ac
3380 543 3710 615 pulchrius;

303 607 395 664 Ἐν
426 614 543 668 τοῖς
574 606 686 662 ἂνω
738 607 834 663 δόο
897 606 1124 682 εἶ’πομεν
1182 609 1381 674 αὐτοὺς
1420 609 1786 689 ἀμφισϐητεῖν
1837 614 1958 690 περὶ

302 704 403 766 τῆς
433 699 790 759 ἀναστάσεως,
823 699 907 761 τὸ,
942 699 988 754 εἰ
1026 697 1174 764 ὅλως
1233 703 1285 756 οἱ
1341 698 1680 768 διαλυθέντες
1728 701 1959 780 ἐγείρον-

305 807 415 848 ται,
450 787 537 841 καὶ
568 788 649 851 τὸ,
684 787 736 842 ἐν
771 788 913 861 ποίῳ
973 789 1185 863 σώματι
1226 788 1546 864 ἐγείρονται,
1596 790 1720 847 ἔνθα
1766 795 1956 866 ἡρμηο

305 877 512 943 νεῦετο,
549 902 574 928 α
605 877 766 934 ’Λλλδ
797 878 908 933 ἄτεῖ
934 900 1038 944 τις,
1098 886 1219 943 Πῶς
1272 879 1568 956 ἐγείρονται
1630 883 1681 936 οὶ
1735 883 1955 958 νεκροίς

308 968 454 1038 ποίῳ
487 966 541 1022 δὲ
574 969 786 1039 σώματι
819 963 1074 1044 ἔρχονται
1101 989 1114 1039 ;
1151 995 1178 1021 ιι
1209 973 1322 1038 Τήν
1359 973 1452 1044 μὶν
1485 971 1577 1026 οὗν
1607 974 1689 1027 ὅτι
1723 971 1954 1048 ἐγείρον-

304 1077 391 1111 ται
423 1054 712 1136 ἀφόδειξιν,
746 1057 798 1112 ἐν
827 1064 943 1113 τοῖς
989 1058 1097 1113 ἂνω
1151 1061 1319 1127 εἶπεν,
1385 1057 1505 1115 ἔνθα
1553 1059 1722 1136 ἔλεγε·
1760 1086 1788 1112 ‹‹
1821 1063 1896 1117 Σὺ
1928 1061 1958 1118 ὅ

306 1146 562 1218 σπείρεις,
600 1147 660 1200 οὐ
694 1151 1067 1216 ζωοποιεῖται,
1101 1146 1187 1203 έὶν
1219 1149 1296 1222 μὴ
1329 1151 1597 1226 ἀποθάνῃ.
1636 1175 1663 1202 ι»
1697 1149 1836 1208 Ἰδοὺ
1866 1151 1955 1207 καὶ

305 1237 342 1306 ἡ
377 1234 596 1309 δευτέρα
627 1235 921 1307 ἀπόδειξις.
959 1237 1206 1293 Αείκνυσι
1260 1240 1384 1314 γὰρ,
1435 1239 1518 1295 ὅτι
1565 1241 1628 1296 τὸ
1679 1242 1774 1314 μὶν
1826 1241 1956 1297 αὐτὸ

309 1333 494 1400 σῶμα,
526 1329 639 1383 οἷον
670 1336 769 1396 τῆς
800 1329 970 1399 αὐτῆς
1010 1331 1194 1393 οὐσίας
1227 1328 1284 1386 ὅν
1326 1330 1610 1409 ἐγείρεται,
1669 1337 1830 1389 τοῦτο
1873 1333 1954 1390 λέο

307 1441 413 1493 γει.
450 1444 474 1469 «
506 1420 565 1475 '0
599 1416 654 1474 δὲ
677 1420 805 1479 Θεὸς
860 1420 993 1474 αὐτὸ
1043 1417 1234 1474 δίδωσι
1282 1426 1462 1493 σῶμα,
1497 1447 1525 1473 ››
1576 1420 1958 1500 λαμπρότερον

309 1505 484 1563 δὲκαὶ
535 1509 930 1582 κοσμιώτερον,
989 1506 1170 1579 ὥσπερ
1221 1510 1414 1584 ἀμέλει
1465 1510 1886 1587 εὐπρεπέστερος
1928 1515 1956 1568 ὁ

307 1599 506 1672 στάχυς
537 1602 634 1651 τοῦ
689 1602 897 1671 γυμνοῦ
953 1599 1173 1654 κόκκου.
1601 1601 1804 1678 σπείρει
1862 1603 1954 1658 τὸν

303 1686 542 1763 ἄαταχυν
576 1688 756 1755 αὐτὸν,
803 1686 948 1742 ἀλλὰ
1003 1689 1208 1763 γυμνὸν
1263 1710 1484 1744 κοκκον.
1543 1715 1569 1743 ‹‹
1602 1696 1656 1744 '0
1711 1689 1768 1746 δὲ
1825 1693 1954 1754 Θεὸς

305 1779 451 1851 αὖτῷ
485 1776 672 1834 δίδωσι
706 1783 887 1852 σῶμα.
921 1803 947 1828 ››
983 1778 1044 1834 Εἰ
1079 1777 1167 1833 οὖν
1203 1781 1231 1834 ὁ
1263 1781 1394 1841 Οεὸς
1437 1777 1628 1836 δίδωσι
1680 1786 1860 1854 σῶμα,
1902 1783 1954 1837 τί

304 1871 383 1930 ἔτι
416 1872 742 1945 περιεργάζῃ
780 1872 929 1942 ποίῳ
965 1872 1179 1942 σώματι
1238 1871 1581 1945 ἐγειρόμεοα.
1631 1873 1717 1926 καὶ
1769 1873 1950 1928 διαπι-

304 1969 446 2025 στεῖς
579 1963 859 2016 αναστασει
884 1981 899 2029 ;
929 1965 984 2013 '0
1029 1961 1132 2036 γάρ
1171 1961 1300 2023 Θεὸς
1346 1963 1409 2016 τὸ
1459 1959 1616 2016 λυθὲν
1669 1963 1764 2036 μὶν
1809 1962 1954 2039 ἐγεί-

300 2074 378 2127 ρει
428 2057 605 2125 σῶμα.
674 2049 819 2106 ἀλλᾶ
873 2050 1319 2126 εὐπρεπέστερον,
1376 2049 1524 2107 ἀλλά
1571 2052 1950 2124 πνευματικώ-

303 2163 480 2217 τερον.
513 2144 688 2197 Τοῦτο
717 2140 817 2216 γάρ
849 2140 938 2194 καὶ
979 2138 1066 2194 ἐπὶ
1126 2144 1232 2195 τῶν
1294 2141 1618 2214 σπερμάτων
1675 2135 1816 2198 ἔστιν
1861 2142 1951 2198 εὖ·

301 2239 436 2310 ρεῖν,
466 2234 546 2286 ὅτι
603 2231 1022 2306 εὐπρεπέστερον
1083 2234 1183 2284 τοῦ
1235 2226 1676 2302 καταϐληθέντος
1721 2231 1944 2291 ἄνεισιν.

300 2347 328 2378 α
360 2324 462 2380 Καὶ
495 2323 704 2393 ἑκάστῳ
735 2325 841 2376 τῶν
877 2320 1200 2394 σπερμάτων
1229 2322 1291 2376 τὸ
1317 2319 1459 2376 ’ἴδιον
1494 2327 1673 2394 σῶμα.
1706 2347 1734 2374 ››
1774 2327 1948 2378 Τοῦτο

296 2418 404 2469 τῶν
436 2413 720 2487 αἱρετικῶν
752 2410 1045 2488 ἐμφράττει
1101 2412 1168 2465 τά
1215 2409 1481 2484 στόματα,
1527 2416 1634 2466 τῶν
1681 2411 1948 2488 λεγόντων

297 2505 360 2559 τὸ
388 2503 516 2557 αὐτὸ
551 2506 709 2574 σῶμα
749 2499 800 2555 ἐν
859 2504 927 2574 τῇ
986 2497 1267 2555 ἀναστάσει
1331 2502 1406 2573 μὴ
1450 2500 1768 2577 ἐγείρεσθαι,
1817 2502 1945 2558 ἀλλ’

297 2592 499 2667 ἕτερον.

2067 636 2267 676 nonne
2298 639 2434 694 ergo
2455 624 2598 680 illud
2623 629 2777 696 quod
2802 629 3052 699 ipsemet
3077 632 3312 702 propria
3336 638 3630 690 sententia
3652 638 3711 691 in

2064 716 2282 767 terram
2317 730 2384 768 ac
2417 717 2751 785 sepulcrum
2771 720 2952 787 jussit
2977 723 3178 793 reponi
3205 731 3262 776 et
3289 725 3454 788 mori,
3482 726 3711 782 facilius

2065 800 2176 871 ipsi
2210 802 2322 857 erit
2355 820 2586 859 rursum
2625 807 2912 864 vivit‘icare
2944 827 3011 865 ac
3045 815 3418 878 resuscita'e,
3453 832 3586 869 cum
3613 833 3712 869 vo-

2064 888 2242 943 luerit
2271 907 2337 946 ac
2370 893 2701 950 decreverit
2731 896 2759 951 ?
2787 921 2813 945 ‹‹
2854 902 2917 952 Η
2950 899 3058 954 hoc
3103 901 3258 970 quod
3285 904 3564 970 seminas,
3591 922 3710 961 non

2064 994 2298 1048 corpus.
2333 1003 2360 1030 »
2399 983 2662 1037 Diximus
2691 993 2866 1041 antea
2899 988 2956 1042 in
2990 991 3365 1044 enarratione
3391 992 3551 1048 illius
3583 1011 3712 1064 par-

2064 1068 2296 1125 ticulm:
2334 1094 2360 1120 ‹‹
2391 1075 2466 1127 At
2495 1073 2653 1128 dicet
2703 1077 2922 1147 aliquis
2955 1093 2968 1130 :
3011 1078 3316 1142 Quomodo
3350 1081 3712 1139 suscitantur

2062 1159 2279 1214 mortui
2312 1161 2472 1232 quali
2497 1171 2694 1218 autem
2721 1182 2967 1236 corpore
2993 1167 3270 1223 veniunt:
3300 1191 3325 1214 ››
3349 1171 3504 1240 quod
3535 1172 3623 1225 illi
3647 1173 3709 1227 in

2063 1247 2293 1306 duobus
2327 1252 2680 1309 hmsitabant
2727 1256 2882 1311 circa
2927 1258 3460 1325 resurrectionem;
3495 1277 3708 1332 nempe

2060 1347 2258 1397 utrum
2283 1343 2410 1411 jam
2445 1345 2688 1400 omnino
2737 1345 3010 1402 dissoluti
3044 1349 3406 1405 suscitentur
3456 1353 3710 1422 etquale

2061 1447 2307 1502 corpore
2329 1434 2781 1490 suscitentur.ln
2809 1439 3213 1508 superioribus
3244 1440 3443 1511 itaque
3471 1442 3688 1497 demon

2063 1519 2410 1574 strationem
2444 1522 2639 1592 posuit
2671 1523 2827 1594 quod
2861 1527 3245 1586 suscitentur,
3273 1544 3405 1581 cum
3438 1528 3663 1584 diceret
3695 1546 3708 1583 :

2059 1608 2142 1663 Tu
2191 1609 2348 1679 quod
2407 1611 2669 1666 seminas
2725 1629 2841 1666 non
2885 1614 3214 1668 viviticatur
3265 1616 3378 1670 nisi
3412 1624 3710 1672 mortuum

2058 1697 2424 1755 fuerit.51l
2495 1700 2638 1754 Ecce
2697 1717 2857 1756 nunc
2915 1708 2972 1756 et
3027 1703 3213 1758 altera
3259 1703 3710 1762 demonstratio.

2061 1789 2331 1844 Ostendit
2361 1790 2519 1845 enim
2553 1791 2709 1862 quod
2734 1792 2889 1848 idem
2923 1795 3163 1864 quidem
3196 1812 3429 1864 corpus,
3467 1797 3577 1851 hoc
3600 1803 3713 1863 est,

2061 1877 2218 1948 quod
2252 1878 2520 1950 ejusdem
2540 1887 2631 1936 est
2653 1881 3392 1948 substantiasuscitatur;
3426 1901 3564 1940 nam
3599 1886 3711 1942 hoc

2063 1967 2375 2041 significat,
2412 1992 2440 2018 ››
2474 1970 2626 2027 Deus
2682 1978 2879 2026 autem
2927 1971 3028 2027 dat
3059 1973 3144 2026 illi
3177 1991 3347 2028 suum
3382 1991 3596 2046 corpus
3631 1991 3643 2029 :
3678 1995 3708 2025 »

2060 2073 2262 2113 verum
2295 2057 2668 2130 splendidius
2725 2077 2792 2117 ac
2843 2063 3153 2118 ornatius:
3203 2063 3709 2134 quemadmodum

2061 2163 2203 2204 sane
2231 2151 2418 2220 magis
2445 2150 2662 2206 decora
2695 2159 2784 2207 est
2837 2153 2998 2224 spica
3056 2153 3214 2208 nudo
3245 2171 3430 2224 grano
3466 2175 3480 2220 ;
3514 2171 3706 2226 neque

2061 2239 2221 2294 enim
2254 2240 2509 2295 seminat
2538 2241 2727 2312 ipsam
2779 2243 3025 2313 spicam,
3051 2244 3155 2298 sed
3185 2243 3411 2300 nudum
3431 2261 3704 2317 granum,

2059 2349 2087 2376 «
2125 2331 2274 2382 Deus
2304 2334 2503 2384 autem
2536 2329 2636 2384 dat
2666 2330 2750 2384 illi
2783 2348 3016 2402 corpus.
3051 2354 3078 2380 ››
3113 2332 3169 2386 Si
3215 2349 3351 2405 ergo
3401 2334 3553 2389 Deus
3609 2333 3711 2389 det

2057 2418 2442 2488 corpus,quid
2473 2418 2664 2474 adhuc
2697 2421 2928 2476 curiose
2963 2423 3244 2476 scrutaris
3268 2423 3428 2492 quali
3461 2441 3707 2495 corpore

2056 2505 2508 2574 suscitemur,ac
2539 2507 2610 2563 de
2637 2510 3074 2564 resurrectione
3098 2510 3320 2566 diffidis
3341 2511 3525 2567 ?Nam
3553 2514 3708 2568 Deus

2057 2611 2273 2667 corpus
2300 2596 2541 2667 quidem
2574 2599 2733 2670 quod
2763 2599 3120 2654 dissolutum
3160 2607 3271 2667 est,
3307 2602 3574 2666 suscitat,
3607 2603 3709 2657 sed

299 2684 624 2748 decentius,
656 2681 760 2738 sed
791 2680 1491 2753 spiritualius.Siquidem
1523 2682 1585 2736 in
1617 2683 1949 2740 seminibus
1981 2701 2219 2756 quoque
2261 2685 2415 2741 idem
2471 2693 2561 2742 est.
2616 2687 2903 2754 invenire,
2953 2689 3110 2760 quod
3170 2689 3476 2745 decentius
3527 2691 3712 2762 surgit

301 2790 478 2845 quam
512 2773 841 2844 projectum
877 2777 1022 2826 erat.
1059 2793 1087 2820 «
1118 2773 1186 2826 Et.
1212 2772 1534 2843 unicuique
1568 2772 1865 2828 seminum
1900 2790 2072 2829 suum
2127 2791 2361 2847 corpus.
2397 2798 2425 2825 ››
2459 2777 2577 2832 Hoc
2609 2777 3023 2832 hzereticorum
3055 2777 3294 2832 obturat
3333 2794 3459 2843 ora,
3493 2777 3699 2832 dicen-

304 2863 452 2917 tium
476 2877 594 2917 non
625 2861 920 2916 suscitarii
951 2859 1107 2914 idem
1138 2877 1351 2931 corpus
1382 2861 1441 2915 in
1475 2862 1930 2926 resurrectione,
1962 2863 2065 2918 sed
2097 2864 2280 2919 aliud.

379 2950 455 3006 0'3
507 2953 648 3004 πᾶσα
704 2949 852 3023 σὰρξ,
911 2950 946 3017 ἡ
1004 2948 1143 3016 αὐτή
1205 2947 1355 3023 σὰρξ,
1433 2945 1580 3004 ἀλλᾶ
1646 2947 1793 3020 ἄλλη
1859 2949 1952 3024 μὶν

311 3040 630 3109 ἀνθρώπων,
699 3035 845 3109 ἃΛλη
945 3034 1003 3092 δὲ
1095 3037 1219 3112 σὰρξ
1321 3044 1555 3110 κτηνῶν,
1655 3037 1802 3110 ἄλλη
1898 3038 1956 3094 δὶ

311 3128 540 3204 ἰχθύων,
576 3127 721 3196 ἄλλη
782 3126 840 3182 δὲ
896 3131 1138 3195 πτηνῶν.
1203 3126 1305 3184 Καὶ
1366 3129 1591 3201 σώματα
1637 3126 1948 3204 ἰπουροῖνια,

2135 2955 2248 3018 XV,
2283 2955 2476 3009 3941.
2515 2977 2540 3002 ‹‹
2579 2957 2701 3009 Non
2735 2955 2928 3008 omnis
2961 2971 3118 3014 caro.
3153 2953 3358 3009 eadem
3391 2971 3548 3015 caro.
3607 2955 3710 3009 sed

2065 3065 2091 3092 ‹‹
2128 3043 2246 3098 alia
2277 3043 2515 3113 quidem
2540 3060 2674 3098 caro
2698 3044 3153 3105 hominum,alia
3174 3049 3370 3098 autem
3406 3061 3706 3115 pecorum,

2069 3154 2090 3181 ι
2125 3133 2243 3186 alia
2265 3148 2398 3186 vero
2423 3133 2696 3203 piscium,
2725 3133 2841 3186 alia
2868 3139 3064 3187 autem
3101 3133 3422 3187 volucrum.
3450 3135 3518 3186 Et
3572 3139 3710 3187 sunt

303 3219 390 3274 καὶ
426 3219 652 3291 σώματα
709 3215 942 3294 ἐπίγεια.
1003 3213 1162 3272 Ἀλλ’
1219 3216 1371 3292 ἑτέρα
1431 3216 1724 3290 μὶν-ἡτῶν
1785 3219 1940 3272 ἐπου-

2065 3245 2085 3271 ι‹
2123 3238 2366 3292 corpora
2385 3221 2731 3277 cmlestiaet
2745 3229 2884 3276 sunt
2903 3239 3148 3293 corpora
3163 3222 3480 3276 terrestria.
3494 3225 3703 3278 Verum

306 3308 504 3385 ρανίων
567 3304 714 3378 δόξα,
772 3306 927 3382 ἑτέρα
1010 3303 1067 3360 δέ
1123 3309 1157 3375 ἡ
1215 3310 1324 3362 τῶν
1403 3305 1672 3383 ἐπιγείων.
1760 3305 1941 3377 Ἀλλη

304 3396 432 3469 δόξα
487 3397 676 3470 ἡλίου,
736 3397 826 3452 καὶ
884 3394 1031 3468 ἄλλη
1087 3392 1214 3466 δόξα
1280 3393 1542 3468 σελήνης,
1625 3396 1714 3451 καὶ
1795 3394 1944 3468 ἄλλη

302 3486 429 3558 δόξα
485 3485 740 3563 ἀστέρων.
807 3486 1008 3562 Ἀστὴρ
1106 3486 1210 3562 γὰρ
1292 3487 1513 3562 ἀστέρος
1601 3483 1836 3564 διαφέρει
1897 3485 1949 3542 ἐν

298 3583 446 3658 δόξῃ.

373 3675 504 3731 Εἶτα
526 3672 620 3728 ’ίνα
649 3674 724 3747 μὴ
757 3672 990 3736 ἀκούσας
1017 3673 1141 3737 περὶ
1199 3678 1298 3728 τοῦ
1344 3672 1516 3742 σίτου,
1566 3672 1818 3748 νομίσῃς,
1865 3674 1950 3728 ὅτι

306 3763 487 3839 ὥσπερ
519 3763 606 3820 ἐπὶ
636 3764 804 3818 αὐτοῦ
833 3761 1027 3826 πάντες
1059 3764 1111 3818 οἱ
1134 3763 1400 3839 ἀστάχυες
1431 3763 1694 3836 ὁμότιμοι
1718 3761 1951 3833 ἀνίασιν,

313 3856 488 3911 οὕτως
520 3855 607 3908 καὶ
641 3851 694 3908 ἐν
724 3856 792 3925 τῇ
824 3852 1104 3907 ἀναστάσει
1164 3853 1428 3926 ὁμότιμοι
1479 3861 1673 3914 πάντες
1721 3850 1954 3923 ἔσονται,

314 3941 482 4015 δεῖξαι
513 3942 659 3998 ϐέλει
689 3944 771 3998 δτι
817 3939 1048 4018 διαφορά
1095 3941 1206 3996 ἐστι
1257 3947 1366 3998 τῶν
1411 3943 1804 4014 ἀνισταμένων,
1863 3942 1954 3996 καί

312 4055 497 4111 φησιν’
538 4054 558 4081 «
594 4030 670 4089 Οὔ
701 4036 844 4086 πᾶσα
874 4031 1001 4104 σὰρξ
1033 4033 1068 4100 ἡ
1100 4030 1262 4098 αὐτή,
1297 4057 1324 4084 ››
1356 4030 1486 4087 ἀλλ’
1541 4026 1653 4088 ἔστι
1703 4028 1954 4110 διαφορὰ,

303 4125 395 4178 καὶ
435 4124 572 4183 τέως
629 4120 752 4194 περὶ
812 4118 1156 4192 ἁμαρτωλῶν
1207 4120 1376 4198 Λέγει.
1420 4122 1524 4176 Καὶ
1571 4121 1672 4193 γάρ
1725 4122 1816 4176 καὶ
1875 4121 1957 4175 ἐπ’

305 4214 480 4268 αὐτῶν
515 4207 626 4266 ἔστι
660 4207 896 4285 διαίρορὰ
923 4207 1217 4281 τιμωρίας.
1261 4211 1417 4268 Ὅθεν
1469 4210 1657 4289 φησὶν,
1710 4236 1738 4261 ‹‹
1773 4209 1954 4278 Ἀλλη

309 4304 400 4372 μὲν
431 4301 754 4373 ἀνθρώπων,
789 4297 934 4366 ἄλλη
979 4295 1036 4352 δί
1061 4303 1275 4368 κτηνῶν
1309 4298 1398 4353 καὶ
1434 4299 1661 4373 ἰχθύων,
1695 4322 1722 4349 ››
1779 4299 1960 4370 τούτῳ

307 4399 384 4449 τῶ
422 4394 634 4467 τρίπῳ.
665 4392 764 4459 τὴν
793 4389 903 4446 ἐκεῖ
933 4388 1096 4444 οὖσαν
1159 4385 1424 4466 διαςθοών
1474 4386 1680 4460 δηλῶν.
1735 4388 1839 4444 Καὶ
1888 4389 1962 4450 ὡς

305 4482 358 4538 έν
392 4479 790 4554 παραδείγματι
848 4477 1115 4550 ἐπεξῆλθε
1171 4483 1252 4551 τῷ
1305 4477 1480 4556 λόγῳ,
1535 4479 1609 4540 ὡς
1659 4477 1704 4534 εί
1756 4476 1960 4556 ἔλεγεν,

305 4574 508 4645 Ὥσπερ
548 4569 688 4625 ἐστὶν
751 4567 973 4624 ἐνταῦθα
1031 4566 1264 4648 διαφορὰ
1322 4567 1625 4642 ἀνθρώπων
1678 4568 1768 4622 καὶ
1825 4589 1963 4640 κτη-

2056 3333 2084 3361 ‹‹
2117 3312 2236 3367 alia
2265 3311 2505 3382 quidem
2541 3311 2864 3366 crclestium
2898 3312 3103 3381 gloria,
3138 3311 3254 3366 alia
3282 3317 3478 3365 autem
3511 3317 3702 3367 terre-

2056 3423 2084 3450 ‹‹
2117 3401 2327 3456 strium
2363 3418 2373 3454 :
2409 3399 2527 3455 alia
2555 3401 2742 3473 gloria
2773 3400 2936 3461 solis.
2972 3401 3087 3454 alia
3115 3400 3300 3472 gloria
3323 3400 3565 3456 lunaa.et
3586 3401 3704 3456 alia

2055 3491 2288 3563 «gloria
2308 3489 2634 3545 stellarum.
2651 3489 2831 3546 Stella
2851 3489 3142 3562 siquidem
3157 3507 3190 3545 a
3213 3490 3385 3545 stella
3415 3489 3614 3544 differt
3643 3491 3704 3544 in

2061 3605 2080 3630 ι
2116 3581 2320 3651 gloria.
2359 3603 2387 3630 ››

2130 3671 2355 3728 Deinde
2386 3689 2461 3727 ne
2493 3672 2692 3728 audito
2729 3671 2800 3736 de
2833 3673 3134 3748 frumento
3168 3674 3461 3743 exemplo,
3495 3674 3708 3745 opine-

2058 3762 2141 3818 ris
2173 3761 2331 3834 quod
2363 3763 2514 3819 sicut
2543 3763 2604 3818 in
2628 3777 2696 3816 eo
2727 3778 2936 3818 omnes
2968 3762 3142 3833 spicaa
3171 3761 3231 3814 in
3264 3762 3469 3815 eodem
3502 3777 3707 3816 ascen-

2062 3851 2208 3908 dunt
2241 3852 2496 3918 honore,
2521 3851 2603 3906 ita
2635 3851 2770 3906 etin
2805 3849 3240 3905 resurrectione
3275 3864 3486 3902 omnes
3520 3849 3580 3902 in
3610 3865 3711 3903 eo-

2062 3940 2196 3996 dem
2237 3940 2420 3997 futuri
2455 3939 2574 3994 sint
2604 3939 2850 3994 honore.
2899 3937 3022 3991 vult
3079 3936 3396 3991 ostendere
3451 3936 3712 3994 futuram

2063 4029 2222 4084 inter
2251 4046 2351 4084 eos
2383 4029 2483 4100 qui
2519 4034 2828 4099 resurgent
2861 4025 3285 4080 diversitatem.
3313 4049 3339 4074 ››
3361 4028 3484 4082 Non
3519 4028 3716 4083 omnis

2065 4135 2201 4175 caro
2242 4119 2471 4183 eadem,
2527 4140 2552 4164 »
2587 4115 2688 4171 sed
2749 4122 2838 4169 est
2894 4115 3220 4172 diversitas.
3258 4122 3315 4170 et
3373 4118 3610 4172 interim
3645 4118 3716 4174 de

2067 4207 2476 4281 peccatoribus
2517 4205 2794 4276 loquitur.
2825 4207 2966 4259 Nam
3000 4205 3157 4259 inter
3181 4205 3342 4276 ipsos
3369 4222 3605 4277 quoque
3629 4213 3719 4263 est

2067 4295 2377 4352 diversitas
2409 4294 2704 4365 supplicii.
2733 4293 2895 4348 Unde
2919 4293 3039 4348 ait:
3074 4317 3100 4342 ‹‹
3135 4293 3205 4348 Al
3233 4311 3267 4349 a
3315 4295 3554 4365 quidem
3607 4294 3720 4350 ho-

2070 4386 2299 4440 minum
2322 4401 2482 4447 caro,
2515 4383 2632 4438 alia
2663 4399 2796 4438 vero
2833 4400 3113 4454 pecorum
3149 4389 3206 4437 et
3238 4384 3510 4454 piscium,
3547 4408 3568 4436 ι
3606 4385 3716 4440 hoc

2072 4491 2248 4530 mono
2281 4473 2678 4530 differentiam
2703 4490 2834 4544 quae
2868 4473 2945 4528 ibi
2977 4479 3068 4528 est
3099 4473 3463 4546 signiﬁcans,
3497 4478 3555 4528 et
3586 4479 3716 4529 tan-

2074 4581 2251 4637 quam
2279 4564 2552 4636 exemplo
2573 4581 2716 4621 usus
2738 4571 2828 4619 est
2849 4565 2956 4619 hoc
2977 4580 3346 4629 sermone,ac
3374 4563 3421 4618 si
3451 4563 3714 4619 dixisset:

480 4631 488 4645 .
1135 4631 1146 4648 .
1199 4631 1209 4643 .
1425 4631 1434 4642 .
1916 4631 1925 4640 .

310 4666 417 4715 νῶν
446 4661 535 4716 καὶ
571 4658 802 4733 ῗχθύων,
834 4656 1008 4721 οὕτως
1035 4652 1182 4712 ἕσται
1238 4658 1393 4712 κάκεῖ
1443 4653 1674 4736 διαφορὰ
1722 4657 1811 4712 καὶ
1860 4656 1953 4711 αὖ·

2071 4631 2580 4721 ῥυθηιδὰιηοάιιω
2605 4654 2699 4708 hic
2731 4653 3067 4709 differentia
3090 4659 3179 4707 est
3209 4653 3521 4707 hominum
3545 4658 3602 4708 et
3625 4669 3720 4724 pe-

314 4756 422 4806 τῶν
479 4754 586 4804 τῶν
647 4744 991 4822 ἁμαρτωλῶν
1043 4744 1094 4801 ἐν
1148 4751 1269 4808 ταῖς
1321 4745 1635 4820 τιμωρίαις.
1697 4772 1723 4798 ‹‹
1787 4745 1961 4803 Ἀλλᾶ

313 4836 461 4906 ἄλλη
491 4837 583 4906 μὲν
644 4832 962 4907 ἀνθρώπων.
993 4857 1015 4886 ι
1082 4837 1229 4886 Πᾶσα
1256 4833 1291 4900 ἡ
1327 4829 1560 4912 διαφορᾶ
1613 4831 1772 4902 αὓτη,
1834 4833 1956 4907 περὶ

311 4922 660 4997 ἁμαρτωλῶν
703 4922 849 4988 αὐτῷ
905 4919 1139 4996 ε’ρηται.
1197 4921 1325 4994 Περὶ
1387 4921 1490 4998 γὰρ
1542 4922 1650 4976 τῶν
1708 4919 1956 4991 δικαίων,

305 5013 414 5068 ἐκεῖ
445 5017 680 5064 ποιεῖται
745 5006 1028 5082 διαφορὰν,
1088 5007 1214 5062 ὅταν
1273 5008 1339 5061 τά
1400 5007 1625 5081 οὐράνια
1677 5007 1954 5082 καταλέγῃ

306 5104 550 5173 σώματα.
586 5124 612 5151 ‹‹
647 5099 749 5155 Καὶ
783 5098 1008 5170 σώματα
1047 5096 1360 5171 ἐπουράνια.
1400 5120 1426 5147 ››
1485 5097 1618 5150 Εἶτα
1667 5095 1802 5172 ἄχρι
1855 5103 1953 5165 τῆς

304 5191 563 5270 διαφοεᾶς
593 5193 700 5242 τῶν
730 5184 1075 5260 ἁμαρτωλῶν
1110 5185 1259 5242 ἔσται
1299 5188 1334 5254 ἡ
1369 5185 1688 5256 ἀνάπασιςς
1752 5187 1956 5260 οὐμεν-

309 5285 419 5335 οῦν.
479 5281 632 5332 Ἐστι
692 5277 796 5351 γὰρ
853 5277 942 5330 καὶ
1003 5277 1230 5347 σώματα
1313 5273 1628 5349 ἐπουράνια,
1684 5275 1952 5342 τουτέστι,

305 5375 369 5426 τὰ
401 5375 506 5426 τῶν
543 5367 790 5430 δικαίων,
823 5366 890 5422 τά
933 5364 1276 5422 πλουτοῦντα
1329 5366 1392 5420 τὸ
1448 5370 1562 5443 φῶς
1617 5371 1713 5420 τοῦ
1772 5372 1952 5438 Παρα-

297 5461 527 5530 κλὴτου.
561 5459 715 5512 Ἔστι
747 5454 804 5510 δὲ
841 5453 1101 5526 δηλονότι
1148 5454 1237 5508 καὶ
1289 5452 1520 5528 ἐπίγεια,
1572 5454 1838 5520 τουτέστι,
1885 5456 1954 5510 τὰ

295 5556 404 5606 τῶν
435 5545 806 5621 ἁμαρτωλῶν,
855 5543 922 5597 τά
977 5547 1094 5604 τοῖς
1151 5541 1368 5617 γηίνοις
1414 5546 1750 5620 φρονήμασιν
1805 5542 1950 5598 ἑνσε·

302 5637 653 5712 σημασμένα,
711 5635 880 5705 ἤγουν
940 5634 1176 5700 κτηνῶν,
1237 5636 1478 5700 πτηνῶν.
1538 5632 1696 5689 Ἀλλ’
1775 5631 1948 5705 ἑτέρα,

299 5727 486 5809 φησὶν,
527 5720 675 5783 ἔσται
707 5724 743 5796 ἡ
776 5719 904 5796 δόξα
943 5724 1048 5776 τῶν
1109 5718 1463 5799 ἐπουρανίων,
1523 5722 1674 5797 ἕτερα
1729 5719 1788 5780 δὶ
1843 5727 1950 5780 τῶν

2071 4761 2274 4800 corum
2305 4759 2372 4799 ac
2394 4743 2672 4815 piscium,
2705 4743 2787 4797 ita
2837 4742 2948 4796 erit
2991 4747 3050 4795 et
3080 4741 3160 4794 ibi
3195 4741 3534 4796 differentia
3564 4742 3719 4796 inter

2068 4834 2228 4906 ipsos
2257 4849 2493 4904 quoque
2526 4838 2866 4903 peccatores
2922 4831 2981 4885 in
3016 4830 3350 4901 suppliciis.
3397 4851 3424 4878 α
3458 4829 3570 4886 Sed
3601 4829 3719 4886 alia

2069 4923 2307 4994 quidem
2343 4922 2648 4977 hominum
2684 4919 2888 4992 gloria.
2917 4942 2944 4969 »
2969 4920 3251 4975 Universa
3283 4919 3408 4975 haec
3438 4919 3715 4975 differen-

2067 5015 2170 5077 tia,
2209 5014 2276 5068 de
2311 5011 2719 5084 peccatoribus
2751 5009 2820 5065 ab
2853 5027 2922 5065 eo
2954 5011 3110 5065 dicta
3140 5017 3246 5066 est.
3276 5013 3413 5066 Nam
3439 5011 3510 5068 de
3535 5011 3714 5083 justis

2066 5102 2148 5157 ibi
2182 5102 2322 5158 facit
2377 5100 2796 5165 differentiam,
2856 5099 2953 5154 ubi
2987 5099 3243 5156 cmlestia
3274 5108 3544 5157 recenset
3573 5119 3712 5156 cor-

2066 5208 2227 5264 pora.
2264 5215 2289 5238 ‹‹
2326 5193 2396 5245 Et
2419 5195 2558 5244 sunt
2613 5206 2861 5261 corpora
2891 5189 3174 5246 cmlestia.
3210 5211 3237 5239 »
3274 5191 3535 5262 Denique
3569 5207 3714 5248 num

2064 5280 2137 5335 ad
2169 5278 2565 5334 differentiam
2597 5282 2971 5346 peccatorum
3007 5278 3296 5333 duntaxat
3340 5278 3718 5349 protenditur

2063 5368 2419 5424 resurrectio
2442 5367 2470 5421 ‘2
2492 5367 2643 5423 572
2697 5369 3100 5438 Nequaquam.
3130 5369 3274 5423 Sunt
3305 5368 3463 5422 enim
3497 5375 3555 5421 et
3584 5384 3716 5422 cor-

2063 5473 2207 5528 pora
2237 5456 2521 5519 caelestia,
2554 5456 2614 5510 id
2664 5463 2772 5520 est,
2825 5458 3149 5525 jus-tonum,
3183 5456 3547 5512 abundantia
3581 5457 3711 5510 luce

2063 5545 2370 5600 Paracleti.
2405 5545 2551 5600 Sunt
2581 5553 2777 5600 autem
2812 5551 2868 5600 et
2901 5546 3203 5600 terrestria
3235 5563 3398 5604 sane.
3434 5546 3543 5599 hoc
3595 5550 3702 5612 est,

2061 5641 2459 5707 peccatorum.
2512 5635 2793 5707 insignita
2853 5635 3126 5689 sensibus
3186 5635 3454 5691 terrenis.
3491 5649 3706 5704 nempe

2059 5741 2339 5800 pecorum
2370 5733 2471 5783 aut
2515 5725 2842 5782 volucrum.
2878 5725 2989 5783 Sed
3029 5723 3145 5782 alia
3179 5731 3288 5794 est,
3335 5723 3550 5796 inquit,
3580 5723 3708 5797 glo-
