4158 6194
261 441 376 503 885

1221 444 1644 508 COMMENT.
1696 450 1772 510 IN
1821 445 2070 510 EPIST.
2113 449 2137 509 Ι
2184 450 2289 510 AD
2335 450 2710 517 COBINTH.

3552 446 3672 508 886
3701 403 3715 412 ”

260 574 394 645 νείᾳ,
456 573 546 629 καὶ
608 572 660 628 ἐν
713 576 909 654 φθορᾷ,
968 576 1058 630 καὶ
1113 575 1166 630 ἐν
1226 576 1416 650 ἀτιμίᾳ
1470 579 1762 648 σπείρεται,
1822 601 1890 635 κα

2027 598 2184 637 nunc
2216 582 2567 654 simpliciter
2597 581 2821 637 dictum
2855 597 2982 636 esse
3017 579 3229 652 opinor
3254 578 3502 634 mortale
3559 580 3665 636 ho-

265 665 516 720 θάπτεται
577 663 628 717 ἐν
714 667 783 736 τῇ
845 667 938 738 γῇ.
998 670 1172 721 Τοῦτο
1230 666 1323 720 οὗν
1375 667 1438 723 τὸ
1499 670 1694 739 θνητὸν
1753 674 1912 741 σῶμα

266 753 501 833 ψυχικόν
538 751 700 820 ἐστιν,
743 755 827 808 ὅτι
859 758 980 815 τοῖς
1030 758 1292 832 ψυχικοῖς
1338 757 1715 830 ὑπηρετῆσκτο
1748 760 1907 814 πίθε-

264 864 365 901 σιν.
409 865 428 889 α
464 839 657 906 υῦὂεῖς
681 843 784 917 γὰρ
844 843 948 898 ἀπὸ
1003 844 1178 918 ῥῦπου
1231 847 1482 920 καθαρὸς,
1542 845 1660 902 οὐδ’
1717 848 1774 902 ἂν
1813 851 1911 921 μία

261 933 490 1003 ἡμέραὸ
529 931 650 1006 βίος
680 933 874 989 αὐτοῦ.
910 956 938 983 »
972 934 1073 990 Καὶ
1115 935 1215 1009 γὰρ
1269 935 1357 990 καἲ
1420 937 1540 991 ὅσαι
1601 939 1908 1010 σωματικαὶ

260 1023 522 1094 πράξεις,
591 1023 690 1090 τήν
750 1023 935 1097 πηγὴν
995 1023 1086 1078 καὶ
1144 1023 1344 1099 γένεσιν
1400 1026 1505 1081 ἀπὸ
1565 1035 1664 1098 τῆς
1724 1031 1910 1104 ψυχῆς

259 1105 497 1186 ἔχουσιν,
530 1108 667 1166 ὥστε
695 1113 756 1166 τὸ
786 1111 883 1166 τοῦ
924 1113 1211 1188 ἀνθρώπου
1269 1117 1458 1187 θνητὸν
1523 1121 1705 1190 σῶμα,
1760 1117 1908 1174 εἰκό-

257 1220 364 1261 τως
421 1200 483 1254 ’ἀν
539 1201 776 1275 ψυχικὸν
831 1201 1080 1261 καλοῖτο.
1142 1203 1429 1280 Σπείρεται
1491 1205 1582 1261 οὖν
1644 1209 1904 1284 ψυχικὸν,

259 1287 519 1363 ἐγείρεται
594 1286 650 1344 δὲ
723 1291 984 1345 ἀθάνατον
1024 1339 1038 1359 ,
1114 1292 1248 1370 ὅπερ
1322 1294 1434 1352 ἐστῖ
1512 1307 1902 1371 πνευματικόν.

261 1380 628 1450 ΙΙνευματικὸν
688 1376 745 1435 δὲ
776 1382 860 1434 δτι
890 1380 991 1437 οὔκ
1019 1380 1094 1437 ἔτι
1124 1389 1239 1446 τοῖς
1307 1388 1567 1462 ψυχικοῖς
1627 1387 1904 1460 ὑπηρετή-

258 1489 335 1522 σει
369 1471 704 1539 παθήμασιν,
739 1467 862 1525 οὔτε
902 1472 968 1526 τὰ
999 1476 1107 1528 τῶν
1165 1472 1412 1547 δικαίων,
1469 1475 1600 1532 ἀλλ’
1652 1475 1781 1532 οὐδὲ
1837 1479 1906 1532 τὰ

257 1562 361 1613 τῶν
394 1556 738 1631 ἁμαρτωλῶν
773 1560 1020 1634 σώματα.
1057 1561 1287 1620 Μᾶλλον
1315 1567 1410 1638 μὲν
1461 1566 1555 1621 οὖν
1610 1567 1700 1622 καὶ
1759 1566 1902 1624 πολ-

259 1643 360 1714 λὴν
397 1647 782 1720 μεταμέλειαν,
830 1648 874 1702 εί
933 1648 1024 1704 καὶ
1081 1651 1312 1722 ἀνόητον
1369 1651 1450 1731 ἐφ’
1507 1654 1590 1716 οἷς
1623 1655 1901 1726 ὑπηρετή-

258 1753 437 1798 σαντο,
468 1733 693 1807 ἕξουσιν.
758 1736 980 1808 Ἐπειδή
1037 1736 1094 1795 δὲ
1143 1741 1226 1811 τὸ,
1287 1766 1316 1793 ‹‹
1352 1743 1661 1816 Σπείρεται,
1704 1768 1732 1796 ››
1765 1743 1904 1801 πολ-

257 1819 413 1886 λάκις
473 1826 608 1895 εἷπε,
667 1825 754 1880 καὶ
808 1829 890 1894 τὸ,
953 1855 979 1879 «
1014 1827 1341 1906 Ἐγειρέται,
1376 1856 1402 1884 ››
1455 1834 1685 1906 ὁμοίως,
1739 1835 1792 1890 τί
1848 1831 1905 1889 δέ

2016 673 2194 727 minis
2228 688 2476 744 corpus:
2524 689 2662 726 nam
2697 671 2805 726 hoc
2847 675 2904 724 et
2960 670 3020 724 in
3080 669 3459 740 corruptione
3517 675 3574 722 et
3604 670 3666 724 in

2016 762 2341 837 ignominia
2373 770 2430 817 et
2451 764 2508 817 in
2545 762 2901 817 infit-mutate
2928 761 3256 814 seminatur
3286 775 3351 812 ac
3381 757 3667 829 sepelitur

2016 858 2304 920 interra;
2339 858 2446 912 hoc
2477 874 2612 929 ergo
2667 855 2915 911 mortale
2966 871 3180 924 corpus
3239 852 3494 907 animale
3555 857 3665 920 est,

2015 946 2114 1018 qui
2177 946 2534 1001 animalibus
2591 945 2882 1000 subservit
2927 942 3358 998 affectionibus.
3421 943 3663 996 «Nemo

2016 1037 2176 1091 enim
2209 1053 2243 1091 a
2273 1035 2442 1090 sorde
2477 1052 2660 1107 purus
2693 1040 2797 1089 est.
2844 1049 2918 1087 ne
2973 1032 3018 1085 si
3055 1048 3208 1086 unus
3261 1030 3504 1100 quidem
3537 1029 3663 1084 dies

2015 1127 2091 1182 sit
2119 1127 2236 1182 vita
2266 1130 2394 1198 ejus
2426 1127 2488 1179 ⁸⁵.
2526 1149 2554 1176 ››
2604 1123 2906 1196 Siquidem
2967 1127 3258 1192 quotquot
3315 1121 3492 1175 etiam
3525 1127 3665 1176 sunt

2013 1216 2275 1272 actiones
2307 1215 2668 1287 corporales,
2703 1214 2922 1268 fontem
2976 1229 3042 1266 ac
3094 1211 3382 1281 originem
3446 1209 3664 1265 habent

2011 1307 2084 1361 ab
2142 1307 2365 1366 anima.
2430 1312 2496 1360 ut
2552 1304 2764 1360 merito
2826 1318 3038 1374 corpus
3099 1301 3357 1354 hominis
3409 1299 3660 1354 mortale

2013 1395 2245 1451 dicatur
2301 1394 2582 1449 animale.
2633 1392 2968 1447 Seminatur
3026 1407 3162 1462 ergo
3225 1388 3494 1450 mortale,
3529 1405 3655 1444 sus-

2012 1483 2227 1538 citatur
2265 1489 2459 1536 autem
2521 1479 2878 1543 immortale,
2939 1478 3094 1548 quod
3155 1483 3244 1530 est
3301 1475 3655 1546 spirituale;

2012 1572 2316 1645 spirituale
2339 1577 2560 1635 autem,
2584 1570 2858 1640 quiajam
2893 1585 3011 1622 non
3037 1565 3408 1620 subservient
3435 1565 3663 1618 anima-

2012 1662 2166 1717 libus
2198 1661 2529 1723 affectibus,
2563 1675 2755 1729 neque
2779 1659 3098 1727 justorum.
3136 1656 3252 1709 imo
3287 1671 3478 1725 neque
3524 1671 3653 1725 pec-

2011 1760 2274 1809 catorum
2301 1767 2549 1822 corpora
2622 1749 2798 1820 Magis
2855 1754 3052 1818 itaque
3108 1753 3246 1800 tunc
3305 1762 3517 1817 magna
3549 1746 3658 1798 etsi

2011 1845 2315 1900 insensata
2396 1840 2760 1914 paenitudine
2852 1840 3144 1894 ducentur
3196 1836 3268 1890 ob
3329 1852 3396 1890 ea
3445 1834 3660 1906 quibus

255 1910 364 2020 Em
411 1913 474 1968 τὸ
532 1917 911 1990 σπειρόμενον,
969 1917 1003 1987 ἧ
1055 1919 1119 1974 τὸ
1185 1919 1546 1996 ἐγειρόμενον,
1604 1924 1706 1979 οὐκ
1763 1924 1894 1980 ε’πε⁸

2011 1933 2275 1990 obsecuti
2309 1939 2462 1987 sunt.
2507 1931 2795 1996 Quoniam
2844 1945 2982 1983 vero
3031 1927 3181 1981 dixit
3209 1925 3464 1996 smpins:
3495 1945 3523 1973 «
3555 1936 3658 1978 se-

255 1996 344 2055 δια
371 2005 531 2056 τοῦτο
567 2004 701 2076 μετά
763 2009 930 2061 ταῦτα
989 2005 1231 2085 ἐπήγαγε
1285 2009 1376 2064 καὶ
1431 2015 1612 2066 τοῦτο’
1676 2013 1897 2069 «Σπεί-

257 2108 425 2182 ρεται,
470 2088 663 2182 λὲγων,
698 2098 859 2167 σῶμα
917 2097 1174 2170 ψυχικὸν,
1210 2123 1239 2149 ››
1297 2098 1357 2160 ’ὀς
1411 2101 1562 2155 εἷπον
1620 2099 1673 2156 ἐν
1721 2106 1896 2182 φθορᾷ

253 2180 343 2234 καὶ
399 2179 451 2234 ἐν
510 2181 702 2254 ἀτιμίᾳ
758 2185 848 2238 καὶ
914 2185 968 2239 ἐν
1027 2186 1272 2259 ἀσθενείᾳ
1356 2189 1660 2265 σπείρεσθαι
1698 2179 1896 2260 μάλλ’

252 2275 512 2354 ἐγείρεται
566 2285 726 2353 σῶμα
781 2285 1167 2356 πνευματικὸν,
1219 2287 1246 2342 ὃ
1280 2286 1330 2342 ἐν
1366 2285 1494 2364 δόξῃ
1525 2289 1614 2344 καὶ
1675 2287 1894 2364 δυνάμει

251 2369 342 2421 καὶ
411 2368 463 2424 ἐν
523 2369 789 2450 ἀφθαρσίᾳ
875 2372 1266 2451 ἐγερθήσεται.
1321 2377 1398 2434 Τὸ
1455 2379 1556 2455 γὰρ
1631 2380 1893 2435 ἀθάνατον

249 2456 384 2511 κατᾶ
412 2459 504 2512 τὸν
536 2459 737 2514 οἰκεῖον
777 2460 944 2538 λόγον
990 2464 1080 2519 καὶ
1139 2460 1351 2537 ἔνδοξον
1408 2469 1499 2522 καὶ
1555 2464 1776 2542 ἔντιμον
1806 2471 1895 2524 καὶ

251 2545 522 2624 ἅαθαρτον
560 2593 573 2616 ,
633 2548 678 2602 εἶ
732 2549 821 2603 καὶ
869 2556 988 2612 τοῖς
1068 2554 1421 2628 ἁμαρτωλοῖς
1485 2555 1754 2634 αἰσχύνης
1806 2557 1895 2613 καὶ

248 2635 488 2708 ἀδοξίας,
523 2637 612 2694 διὰ
647 2641 746 2708 τήν
807 2641 1005 2697 οἰκείαν
1071 2646 1382 2722 μοχθηρίαν
1455 2647 1701 2710 ὑπόθεσις
1756 2649 1897 2726 γίνε-

251 2749 362 2784 ται.
423 2753 450 2779 «
483 2730 634 2785 Ἔστι
695 2735 854 2803 σῶμα
917 2732 1173 2808 ψυχικόν.
1209 2758 1238 2784 ››
1293 2738 1406 2791 Ἵνα
1466 2739 1541 2809 μή
1599 2759 1683 2799 τις
1743 2739 1893 2814 εἶ’πῃο

251 2817 420 2881 Πόθεν
489 2820 623 2892 ἡμῖν
695 2818 924 2895 εἷ’σαγεις
984 2823 1209 2896 σώματα
1262 2820 1512 2902 διάφορα,
1571 2828 1658 2881 καὶ
1721 2826 1893 2904 λέγεις

248 2906 487 2982 ψυχικὸν
575 2909 665 2961 καὶ
717 2913 1082 2980 πνευματικὸν
1118 2954 1132 2976 ,
1189 2913 1375 2992 φησίν·
1440 2938 1462 2967 α
1526 2916 1677 2970 Ἐστι
1737 2921 1894 2990 σῶμα

244 2997 633 3070 πνευματικὸν,
695 2998 785 3053 καὶ
845 2993 956 3055 ἔστι
1007 3005 1166 3074 σῶμα
1220 3003 1480 3082 ψυχικόν.
1540 3029 1566 3055 ι’.
1615 3005 1727 3062 Οὖιι
1782 3005 1891 3081 ἐγὼ

244 3090 532 3162 τοιγαροῦν
602 3094 716 3142 κατ’
775 3086 917 3144 ἰδίαν
975 3090 1213 3161 ἐξουσίαν
1269 3092 1358 3146 καὶ
1439 3091 1679 3148 ἐπίνοιαν
1724 3100 1893 3152 ταῦτα

243 3172 418 3249 λέγω,
452 3177 640 3252 φησὶν,
672 3174 799 3232 ἀλλ’
831 3176 908 3232 ἔτι
952 3180 1042 3233 καὶ
1075 3181 1179 3251 πρὸ
1238 3183 1396 3253 ἡμῶν
1432 3181 1663 3256 ε”ρηται.
1726 3189 1893 3248 Ποοεν

245 3261 471 3334 δῆλονς
531 3265 738 3345 φησὶν.
808 3267 999 3330 Οὕτως
1061 3269 1414 3346 γέγραπται,
1470 3296 1498 3325 ‹‹
1560 3275 1806 3350 Ἐγένετο
1865 3275 1892 3329 6

2012 2025 2293 2091 minatur,
2328 2044 2357 2073 »
2392 2030 2450 2078 et
2481 2022 2757 2077 similiter
2812 2041 2839 2069 «
2873 2018 3222 2081 Suscitatur,
3255 2037 3283 2065 n
3337 2031 3454 2069 non
3505 2013 3658 2070 dixit

2005 2119 2204 2169 autem
2235 2112 2375 2184 quid
2409 2113 2485 2167 sit
2513 2110 2672 2183 quod
2700 2109 3027 2165 seminatur
3046 2113 3149 2160 aut
3177 2105 3535 2170 suscitatur;
3569 2102 3652 2157 id-

2005 2203 2161 2259 circo
2193 2207 2327 2274 post
2357 2203 2533 2256 etiam
2567 2199 2626 2254 id
2659 2197 2987 2268 subjunxit,
3019 2195 3224 2249 dicens
3259 2210 3271 2247 :
3307 2215 3333 2242 »
3388 2191 3651 2246 Semina-

2006 2297 2180 2347 natur
2198 2307 2409 2360 corpus
2431 2287 2756 2356 animale,»
2783 2283 2940 2356 quod
2962 2283 3080 2338 dixi
3109 2283 3170 2336 in
3193 2280 3570 2353 corruptione
3595 2285 3654 2336 et

2005 2379 2331 2453 ignominia
2353 2384 2409 2433 et
2439 2376 2784 2433 infirmitate
2817 2372 3097 2429 seminari
3124 2390 3136 2426 :
3198 2371 3301 2427 sed
3333 2370 3651 2425 suscitatur

2005 2486 2219 2541 corpus
2254 2467 2584 2540 spirituale,
2619 2466 2776 2538 quod
2807 2465 2867 2519 in
2899 2461 3342 2534 incorruptione
3376 2467 3432 2516 et
3465 2461 3653 2533 gloria

2005 2577 2072 2616 ac
2102 2560 2366 2632 potentia
2398 2556 2798 2613 suscitabitur.
2843 2557 2922 2608 Ex
2959 2553 3198 2625 propria
3227 2551 3385 2606 enim
3422 2552 3651 2607 ratione

2005 2650 2165 2723 quod
2189 2648 2523 2704 immortale
2552 2653 2661 2716 est,
2687 2653 2745 2700 et
2764 2645 3090 2718 gloriosum
3118 2648 3175 2696 et
3200 2641 3557 2696 honoratum
3579 2655 3649 2696 ac

2005 2739 2455 2812 incorruptibile
2497 2742 2620 2792 est:
2686 2749 3028 2806 quanquam
3078 2729 3487 2802 peccatoribus
3519 2746 3657 2800 pro-

2004 2835 2136 2901 pter
2166 2845 2334 2885 suam
2380 2826 2711 2898 nequitiam
2763 2821 2992 2888 occasio
3056 2820 3132 2874 sit
3169 2817 3556 2889 turpitudinis
3597 2821 3656 2871 et

2004 2919 2365 2990 ignominiaa.
2402 2918 2554 2971 574
2576 2936 2603 2964 ‹‹
2632 2915 2732 2967 Est
2763 2926 2976 2980 corpus
3015 2906 3296 2962 animale.
3323 2928 3350 2955 »
3383 2907 3462 2960 Ne
3494 2906 3653 2960 dicat

2005 3007 2256 3077 aliquis:
2293 3004 2456 3061 Unde
2489 3003 2661 3058 nobis
2693 3001 2856 3055 varia
2883 2997 3116 3053 inducis
3155 3012 3424 3067 corpora,
3460 3001 3517 3048 et
3546 2995 3646 3048 di-

2005 3097 2090 3153 cis
2121 3095 2377 3151 animale
2407 3111 2474 3149 ac
2518 3090 2826 3164 spirituale
2855 3089 2882 3142 ‘l
2923 3088 3040 3142 ait:
3095 3111 3120 3135 ‹‹
3144 3087 3245 3139 Est
3273 3101 3486 3156 corpus
3516 3085 3650 3139 ani-

2004 3188 2160 3245 male
2191 3192 2250 3242 et
2277 3192 2366 3240 est
2383 3200 2596 3254 corpus
2622 3179 2931 3253 spirituale
2956 3199 2984 3228 »
3011 3179 3214 3248 Itaque
3248 3192 3365 3230 non
3400 3191 3523 3248 ego,
3558 3176 3647 3229 in-

2009 3277 2158 3350 quit,
2183 3274 2423 3349 propria
2442 3272 2790 3330 auctoritate
2818 3275 2877 3324 et
2903 3266 3323 3339 imaginatione
3347 3266 3471 3319 haec
3494 3263 3648 3330 dico,

243 3360 465 3432 πρῶτος
491 3354 776 3432 ἅνθρωπος
819 3355 1018 3429 Ἀδὰμ.
1077 3335 1177 3422 εἰς.
1208 3335 1680 3436 ψυχὴίζῶσαψιυ
1737 3365 1895 3420 Ὥστε

2011 3335 2113 3422 sed
2139 3335 2267 3437 jam
2296 3335 2435 3420 ante
2465 3379 2573 3421 nos
2606 3375 2841 3433 quoque
2872 3335 3201 3412 dicta'sunt
3252 3354 3323 3409 Et
3350 3353 3509 3410 unde
3540 3353 3678 3407 hoc.

247 3441 363 3500 ἔστι
397 3448 557 3518 σῶμα
614 3447 871 3522 ψυχικόν.
927 3446 1384 3525 Εἴταὸἔσχατος
1449 3450 1759 3525 ἅνθρωπος,
1820 3452 1896 3514 εἷς

245 3539 463 3607 πνεῦμα
497 3541 822 3608 ζωοποιοῦν,
854 3537 992 3594 ὥστε
1010 3531 1122 3594 ἔστι
1153 3541 1242 3594 καὶ
1293 3544 1453 3615 σῶμα
1509 3544 1897 3615 πνευματικὸν,

243 3631 310 3679 τό
345 3621 584 3698 ἁρμόζον
612 3630 690 3698 τῷ
745 3631 1103 3696 ζτυοποιοῦντι
1156 3629 1454 3699 Ilva-Suam.
1511 3629 1690 3686 Ἀλλᾶ
1734 3636 1894 3688 τοῦτο

242 3713 410 3776 πόθεν
441 3711 653 3783 δῆλον;
705 3714 788 3770 δτι
840 3717 868 3770 6
918 3713 1165 3789 δεύτερος
1210 3717 1513 3794 ἅνθρωπος,
1559 3720 1634 3782 εἰς
1685 3725 1897 3794 πνεῦμα

245 3807 575 3873 ζωοποιοῦν.
610 3803 774 3868 Πόθεν
805 3801 974 3872 δῆλον
1008 3828 1023 3876 ς
1058 3806 1108 3877 ἐξ
1139 3806 1306 3877 αὐτῆς
1354 3815 1453 3877 τῆς
1502 3813 1609 3864 τῶν
1641 3810 1892 3886 πραγμά-

236 3913 352 3948 των
406 3891 675 3968 ἐνεργείας
708 3937 720 3951 .
781 3893 1010 3959 ’Ἄλλως
1064 3917 1123 3953 τε
1181 3894 1240 3952 δὲ
1299 3897 1388 3953 καὶ
1448 3898 1744 3976 γέγραπται
1803 3901 1894 3956 καὶ

237 3985 404 4036 τοῦτο
438 3998 453 4012 ⁶
516 4005 544 4034 ‹‹
595 3985 674 4042 Τὰ
728 3980 947 4059 ῥήματα
999 3986 1101 4062 γὰρ
1135 4029 1151 4055 ,
1211 3988 1414 4066 φησίν,
1469 3989 1504 4047 ἃ
1552 3988 1657 4066 ἐγὼ
1716 3988 1891 4062 λαλῶ,

237 4073 459 4142 πνεῦμα
509 4072 598 4126 καὶ
662 4075 774 4144 ζωή
831 4071 973 4128 ἔστιν
1011 4118 1025 4143 ,
1087 4098 1116 4127 n
1163 4072 1305 4134 ὥστε
1383 4077 1472 4133 καὶ
1536 4077 1612 4140 εἰς
1680 4084 1895 4152 πνεῦμα,

240 4171 534 4237 ζωοποιεῖν
589 4167 717 4230 τοὺς
773 4169 1070 4233 ἀκούοντας
1117 4173 1207 4227 καὶ
1267 4172 1626 4246 πειθομένους
1685 4175 1888 4240 αὐτοῖς.

237 4257 305 4316 Ei
352 4255 407 4312 δὲ
429 4262 614 4328 τοῦτο,
646 4257 818 4324 δῆλον
849 4260 925 4320 ὡς
956 4262 1046 4316 καὶ
1104 4265 1465 4334 πνευματικὸν
1500 4263 1657 4320 οὗτοι
1688 4265 1893 4336 ἕξουσιν

237 4345 291 4400 ἂν
327 4349 396 4418 τῇ
430 4347 709 4402 ἀναστάσει
740 4352 921 4421 σῶμα,
975 4349 1174 4424 μηκέτι
1232 4349 1525 4424 δυνάμενον
1586 4354 1661 4415 εἷς
1720 4357 1888 4428 ψυχι-

235 4435 335 4489 κὸν
373 4441 664 4508 τραπῆναι,
723 4433 905 4510 ὥσπερ
966 4435 1136 4494 ἐνίοτε
1193 4433 1479 4512 συμϐαίνει
1514 4438 1591 4495 ἔτι
1647 4445 1724 4512 τῷ
1785 4443 1891 4515 βίῳ

235 4523 520 4598 παρίεντων
557 4566 570 4580 .
635 4547 663 4576 «ι
726 4525 951 4600 Εγένετο
1009 4528 1037 4581 6
1096 4531 1312 4601 πρῶτος
1372 4526 1652 4603 ἄνθρωπος
1709 4525 1891 4602 Ἀδὰμ

235 4612 315 4676 ε’ς
347 4616 535 4694 ψυχην
581 4618 773 4683 ζῶσαν.
812 4639 840 4666 ››
901 4615 999 4673 Καὶ
1065 4617 1142 4690 μή
1200 4617 1434 4685 ἀπίστει,
1494 4619 1680 4699 ιρησὶν,
1713 4619 1797 4675 ’ὀτι
1826 4619 1892 4674 τὰ

2009 3455 2392 3514 manifestum
2426 3450 2566 3508 est?
2595 3450 2696 3505 ait.
2731 3450 2817 3503 lta
2868 3446 3152 3517 scriptum
3180 3448 3306 3497 est:
3359 3463 3387 3491 ‹‹
3424 3441 3652 3495 Primus

2007 3548 2186 3603 homo
2217 3544 2402 3599 Adam
2433 3541 2623 3598 factus
2656 3542 2745 3593 est
2784 3537 2844 3592 in
2876 3535 3138 3590 animam
3196 3531 3489 3586 viventem
3521 3528 3589 3594 ⁵⁸,
3623 3549 3654 3580 ››

2006 3637 2206 3708 itaque
2238 3639 2327 3689 est
2352 3647 2564 3704 corpus
2594 3625 2867 3683 animale.
2904 3621 3127 3678 Deinde
3159 3627 3456 3674 extremus
3477 3618 3654 3673 homo

2006 3727 2069 3783 in
2101 3706 2373 3798 :ipiritum
2405 3720 2818 3775 vivificantem.
2855 3715 3054 3783 itaque
3087 3716 3176 3764 est
3207 3715 3264 3762 et
3294 3723 3508 3776 corpus
3541 3706 3657 3776 spi-

2003 3792 2236 3879 rituale,
2263 3811 2422 3884 quod
2446 3809 2698 3884 quadret
2717 3823 2784 3861 ac
2811 3800 3166 3874 respondeat
3187 3794 3501 3884 viviﬁcanti
3535 3792 3652 3864 spi-

2002 3906 2164 3964 ritui.
2201 3883 2312 3960 Sed
2340 3883 2498 3957 unde
2525 3900 2638 3954 hoc
2666 3894 3048 3950 manifestum
3082 3892 3172 3941 est
3198 3884 3226 3941 Ἰ
3268 3883 3408 3954 quia
3438 3897 3651 3939 secun-

2004 3996 2113 4051 dus
2143 3995 2321 4050 homo
2354 3992 2415 4047 in
2446 3989 2719 4061 spiritum
2751 3979 3162 4037 vivificantem.
3197 3973 3362 4030 Unde
3393 3971 3453 4027 id
3502 3987 3646 4027 con-

2004 4083 2159 4142 stat?
2186 4084 2265 4139 Ex
2289 4082 2417 4152 ipsa
2436 4092 2638 4134 rerum
2659 4071 3020 4145 operatione.
3044 4068 3341 4122 Prmterea
3370 4067 3568 4120 autem
3589 4067 3650 4118 et

2001 4171 2114 4228 hoc
2146 4151 2381 4241 quoque
2415 4164 2701 4234 scriptum
2739 4165 2868 4215 est:
2902 4177 2930 4206 «
2959 4153 3148 4209 Verba
3180 4151 3339 4208 enim
3373 4167 3504 4241 quae
3535 4164 3640 4218 ego

2004 4237 2216 4330 loquor
2248 4237 2428 4318 vobis,
2465 4251 2677 4323 inquit,
2710 4247 2953 4320 spiritus
3006 4249 3065 4299 et
3093 4243 3208 4296 vita
3234 4244 3375 4295 sunt
3403 4237 3467 4292 ⁵⁷.
3503 4258 3532 4288 ››
3582 4237 3648 4290 In

2005 4329 2275 4424 spiritum
2312 4347 2490 4417 igitur
2518 4342 2807 4397 viviﬁcant
2831 4337 3143 4394 audientes
3166 4333 3398 4402 sibique
3420 4329 3647 4385 obtem-

2001 4419 2276 4512 parantes
2303 4453 2316 4490 :
2340 4433 2498 4505 quod
2523 4433 2567 4486 si
2599 4431 2709 4487 hoc
2728 4435 2835 4492 est,
2869 4427 3252 4484 manifestum
3277 4420 3432 4492 quod
3467 4419 3648 4474 etiam

2001 4508 2402 4601 hispirituale
2463 4537 2676 4593 corpus
2736 4517 3037 4574 habebunt
3096 4514 3157 4567 in
3187 4508 3646 4574 resurrectione,

2000 4595 2158 4692 quod
2188 4613 2444 4687 amplius
2477 4611 2618 4666 verti
2650 4626 2770 4665 non
2829 4605 3016 4679 possit
3071 4603 3132 4657 in
3181 4596 3462 4663 animale,
3497 4595 3650 4652 sicut

233 4707 328 4756 νῦν
381 4703 594 4776 ψυχικᾶ
648 4704 810 4776 ἡμῶν
862 4704 1088 4778 σώματα
1143 4700 1290 4762 ἔσται
1348 4708 1471 4764 τότε
1525 4711 1880 4782 πνευματικά.

2006 4687 2284 4778 εόιιῐίῐιεὶι
2323 4701 2620 4759 interdum
2653 4700 2744 4755 his
2768 4697 2870 4769 qui
2901 4695 2962 4750 in
2993 4693 3110 4747 vita
3165 4694 3320 4746 sunt.
3374 4708 3401 4735 «
3436 4687 3646 4741 Factus

233 4792 481 4866 Ἐχομεν
535 4791 638 4870 γὰρ
695 4791 805 4863 ἤδη
883 4794 1078 4850 τούτου
1134 4795 1229 4858 τας
1297 4794 1622 4871 ἀποδείξεις.
1683 4800 1744 4857 Ὀ
1782 4799 1882 4874 γὰρ

233 4878 418 4952 Ἀδὰμ
447 4881 682 4955 ψυχικὸν
736 4883 857 4958 εἶχε
915 4888 1098 4957 σῶμα,
1131 4885 1160 4940 6
1192 4881 1250 4941 δὲ
1308 4887 1540 4961 Χριστὸς
1598 4908 1888 4962 πνευματι-

236 4971 334 5024 κὸν
365 4963 495 5044 ἔςχε
526 4975 705 5045 σῶμα,
736 4969 874 5043 ὅλην
902 4970 1198 5047 δεξάμενον
1230 4978 1328 5029 τοῦ
1385 4975 1544 5053 ἁγίου
1578 4976 1889 5049 Ηνεύματος

237 5059 338 5126 τὴν
372 5060 686 5135 παρουσίαν,
721 5062 815 5116 Καὶ
873 5059 1058 5130 δηλοῖ,
1124 5063 1347 5136 μείνασα
1402 5063 1485 5118 ἐπ’
1541 5065 1697 5120 αὐτὸν
1731 5069 1765 5135 ἡ
1799 5087 1888 5122 πε-

243 5154 482 5223 ριστερά.
547 5151 688 5205 Καθὸ
769 5151 870 5226 γὰρ
958 5151 1068 5207 ἐστι
1126 5152 1215 5207 καὶ
1275 5158 1475 5208 νοεῖται
1523 5152 1808 5229 ἄνθρωπος
1859 5156 1888 5209 6

240 5237 466 5311 Κύριος,
525 5232 654 5314 ἔσχε
708 5239 806 5309 τήν
867 5243 964 5294 τοῦ
1022 5240 1387 5316 Παρακλήτου
1418 5240 1710 5319 ἐνέργειαν,
1769 5243 1888 5300 καί·

238 5347 326 5383 τοι
359 5323 503 5382 ἰδίου
536 5325 692 5390 ὄντος
731 5327 894 5383 αὐτοῦ
951 5327 1048 5384 τοῦ
1103 5329 1440 5404 Ιινεύματος,
1496 5333 1627 5387 καθὸ
1658 5331 1890 5388 ἐστικαί

238 5422 443 5471 νοεῖται
474 5416 621 5479 Θεός.
660 5418 982 5490 Σημείωπαι
1016 5416 1073 5474 δὶ
1130 5421 1220 5474 καὶ
1281 5423 1550 5491 ζωοποιὸν
1584 5423 1645 5477 τὸ
1672 5426 1891 5495 Πνεῦμα

244 5504 529 5581 ὓπαρχειν.
591 5505 781 5562 Καίτοι
865 5511 966 5573 τῆς
1045 5509 1368 5574 ἀκολουθίας
1424 5509 1760 5581 ἀπαιτούσης
1813 5510 1892 5566 εί-

242 5599 382 5649 πεῖν.
461 5618 489 5646 ‹‹
554 5593 646 5656 Εἰς
705 5599 918 5668 πνεῦμα
976 5601 1162 5670 GN,»
1222 5599 1402 5662 καθὼς
1457 5601 1576 5654 εἷπε
1633 5599 1891 5675 ψυχικὸν,

1998 4804 2088 4853 est
2117 4777 2345 4869 primus
2376 4795 2552 4849 homo
2611 4789 2797 4846 Adam
2851 4785 2912 4840 in
2962 4782 3223 4837 animam
3276 4777 3580 4831 viventem.
3617 4793 3641 4825 υ

1997 4890 2113 4944 Nec
2145 4885 2401 4948 difﬁdas,
2463 4881 2676 4952 inquit.
2727 4877 2870 4949 quin
2921 4877 3124 4928 nostra
3179 4883 3428 4941 corpora
3483 4880 3644 4920 nunc

1997 4975 2280 5032 animalia
2318 4975 2516 5028 futura
2544 4971 2664 5025 sint
2693 4963 3027 5039 spiritualia
3060 4961 3227 5032 :jam
3273 4957 3431 5013 enim
3464 4956 3641 5025 hujus

2000 5083 2160 5123 nunc
2191 5060 2731 5120 demonstrationes
2763 5055 3068 5110 habemus.
3097 5051 3242 5105 Nam
3274 5046 3461 5102 Adam
3515 5044 3640 5099 ani-

2000 5155 2154 5211 male
2172 5145 3098 5219 habebatcorpusﬂhristusvero
3112 5135 3419 5211 spirituale
3434 5132 3648 5189 habuit

2001 5258 2236 5314 corpus.
2271 5239 2429 5310 quod
2455 5244 2634 5292 totam
2672 5234 2925 5306 Spiritus
2965 5229 3155 5286 sancti
3207 5224 3469 5297 suscepit
3499 5239 3649 5295 prae-

2005 5333 2262 5390 sentiam
2292 5347 2304 5384 :
2365 5330 2544 5398 idque
2585 5325 2926 5381 manifestat
2957 5336 3209 5376 manens
3242 5332 3419 5388 super
3451 5315 3650 5385 ipsum

2003 5422 2296 5479 columba.
2331 5421 2630 5485 Quatenus
2657 5417 2814 5472 enim
2839 5412 3123 5470 Dominus
3149 5414 3207 5464 et
3236 5412 3327 5462 est
3357 5411 3414 5460 et
3434 5399 3654 5457 intelli-

2005 5513 2162 5586 gitur
2185 5527 2315 5567 esse
2347 5511 2544 5571 homo.
2595 5505 2802 5562 habuit
2857 5500 3146 5558 Paracleti
3187 5493 3595 5568 Operationem

2004 5600 2169 5672 atqui
2199 5617 2342 5656 suus
2372 5616 2440 5654 ac
2468 5597 2744 5669 proprius
2777 5599 2903 5650 erat
2931 5591 3198 5663 spiritus,
3229 5588 3526 5654 quatenus
3558 5578 3652 5629 est

317 5749 364 5785 ⁸⁸
392 5748 500 5804 Job
528 5765 640 5819 xxv,
669 5755 724 5824 ι,
756 5755 788 5808 5
815 5766 933 5806 sec.
968 5753 1135 5818 LXX.
1213 5751 1258 5788 ⁸⁸
1287 5755 1428 5813 Gen.
1458 5772 1497 5813 ιι
1528 5759 1580 5814 7.
1654 5754 1700 5790 ⁵⁷
1729 5755 1893 5817 Ιοοῑι.
1928 5771 2001 5826 νι,
2032 5757 2119 5814 64.
