4158 6194
419 395 538 460 881

1543 385 1964 450 (ECUMENII
2009 386 2310 450 TRICCE
2354 386 2706 452 EPISCOPI

3723 384 3848 446 888

425 551 495 593 ac
525 529 881 598 intelligitur
911 540 1044 580 esse
1087 525 1263 579 Deus.
1323 523 1740 580 Animadverte
1798 529 1996 579 autem
2029 529 2087 580 et

2220 521 2354 586 ιῦτὸς
2387 525 2506 579 εἶπε
2556 523 2849 592 ζωοποιόν.
2909 556 2976 566 -
3036 523 3336 596 [ΜΕΘΟΔ.]
3396 523 3570 592 Σῶμα
3625 518 3848 597 λέγεται

422 623 698 694 spiritum
729 632 859 672 esse
891 613 1286 670 vivificantem
1313 629 1326 666 :
1362 629 1615 685 cumque
1640 619 1943 684 expeteret
1963 630 2080 669 ser-

423 709 620 768 monis
647 704 991 762 consecutio
1023 708 1090 756 ut
1121 702 1381 757 diceret:
1425 723 1454 752 «
1490 704 1550 758 in
1583 703 1858 774 spiritum
1889 703 2082 759 viven-

424 805 566 860 tem.
594 819 621 848 »ι
647 796 800 854 sicut
821 795 890 850 de
915 793 1160 849 animali
1186 792 1434 848 dixerat.
1470 816 1495 840 »ι
1518 795 1582 848 ln
1606 795 1866 849 animam
1891 795 2084 848 viven-

421 895 564 952 tem,
602 909 624 936 υ
663 886 786 958 ipse
845 885 1029 939 dixit:
1091 905 1117 932 ‹‹
1151 883 1578 938 Viviﬁcantem.
1628 914 1695 924 —-
1728 884 1950 956 Corpus
1983 883 2082 940 di-

426 981 583 1037 citur
612 977 942 1051 spirituale.
994 991 1115 1030 non
1173 973 1392 1028 subtile
1453 980 1554 1029 aut
1612 991 1873 1042 aereum,
1907 975 2086 1030 veluti

428 1069 634 1126 dicunt
656 1063 1144 1138 quidam,ne1npe
1175 1063 1332 1135 quod
1355 1063 1570 1118 animae
1595 1063 1708 1119 tale
1745 1081 1957 1136 corpus
1991 1081 2090 1120 ac—

445 1157 669 1230 cipient
696 1155 756 1208 in
787 1153 1219 1209 resurrectione
1268 1169 1521 1222 quorum
1557 1169 1714 1208 unus
1767 1153 2092 1226 Origenes;

440 1247 542 1302 sed
574 1242 884 1317 spirituale
906 1242 1126 1297 dicitur
1155 1241 1312 1313 quod
1346 1259 1582 1296 omnem
1616 1243 1868 1314 percipit
1895 1243 2088 1314 Spiri-

439 1344 535 1396 tus
569 1337 1178 1408 sancliOperationem
1195 1351 1262 1390 ac
1297 1335 1848 1406 participationem:
1882 1351 2090 1406 quem-

436 1429 760 1486 admodum
792 1443 892 1482 vas
942 1426 1278 1496 appellatur
1309 1426 1604 1480 vinarium
1639 1432 1740 1481 aut
1801 1426 2092 1482 olearium

435 1517 595 1592 quod
617 1517 721 1572 illa
743 1518 806 1572 in
829 1532 890 1570 se
915 1515 1142 1585 recipit.
1171 1515 1578 1570 Pariformiter
1601 1532 1736 1588 ergo
1757 1522 1816 1570 et
1835 1515 2093 1570 animale

437 1607 668 1664 vocavit
698 1605 856 1678 quod
881 1622 985 1678 per
1015 1605 1276 1660 animam
1303 1611 1360 1660 et
1393 1623 1512 1661 non
1545 1623 1650 1678 per
1681 1607 1955 1677 spiritum
2005 1607 2096 1660 in-

439 1697 766 1755 habitatur.
814 1725 883 1736 —
911 1695 1040 1750 Alio
1067 1695 1246 1750 modo.
1282 1695 1504 1766 Corpus
1559 1701 1802 1751 vocatur
1827 1695 2100 1766 spiritua-

442 1787 520 1854 le,
556 1786 696 1858 quia
726 1783 1008 1855 deinceps
1040 1783 1458 1855 icorruptionis
1507 1783 1869 1855 ponderibus
1901 1783 2099 1854 subje-

2187 613 2577 686 πνευματικὸν,
2611 614 2671 667 οὐ
2710 613 2772 667 τὸ
2811 611 3146 686 λεπτομερὲς
3198 611 3284 665 καὶ
3345 608 3600 685 ἀερῶδες,
3659 610 3842 672 καθὼς

2191 700 2412 778 λέγουσί
2441 724 2600 770 τινες,
2649 704 2731 759 ὅτι
2790 705 3036 757 τοιοῦτον
3091 701 3143 754 αἱ
3173 701 3344 780 ψυχαὶ
3381 699 3432 754 ἔν
3458 704 3526 773 τῇ
3557 700 3840 754 ἀναστάσει

2193 789 2465 866 λήψονται
2496 797 2675 868 σῶμα,
2709 794 2782 847 ὧν
2841 794 2982 847 ἐστιν
3045 793 3122 852 εἷς
3180 790 3270 844 καὶ
3333 786 3632 864 Ὠριγένης,
3693 787 3840 844 ἀλλὰ

2193 883 2559 954 πνευματικὸν
2614 880 2827 956 λέγεται
2885 882 2948 935 τὸ
3006 884 3224 956 χωροῦν
3285 884 3457 934 πᾶσαν
3514 883 3614 933 τοῦ
3679 879 3846 954 ἁγίου

2198 971 2512 1044 Πνεόματος
2577 971 2676 1038 τὴν
2752 969 3021 1046 ἐνέργειαν
3107 969 3195 1023 καὶ
3289 967 3600 1032 κοινωνίαν,
3659 966 3846 1042 ὣσπερ

2200 1061 2418 1135 οἰνηρὸν
2477 1061 2566 1115 καὶ
2627 1058 2884 1136 ἐλαιηρὸν
2943 1063 3130 1122 σκεῦος
3195 1053 3448 1112 καλεῖται
3525 1057 3589 1112 τὸ
3634 1056 3840 1112 τοῦτων

2202 1149 2540 1227 χωρητικόν.
2577 1147 2892 1227 Ἀναλόγως
2926 1147 3017 1203 οῦν
3075 1148 3165 1202 καὶ
3222 1146 3458 1222 ψυχικὸν
3509 1143 3751 1214 ἐκάλεσε,
3784 1148 3848 1202 τὸ

2200 1248 2266 1310 τῆ
2323 1243 2477 1317 ψυχῇ
2563 1239 2652 1294 καὶ
2711 1239 2771 1294 οὐ
2843 1239 3112 1311 ῘῙνεῦματι
3154 1238 3290 1312 ἁγὲῳ
3353 1235 3748 1308 διοικουμενον.
3782 1269 3850 1278 —

2202 1329 2450 1391 Ἀλλως.
2495 1327 2864 1402 Πνευματικὸν
2923 1325 3083 1382 καλεῖ
3139 1331 3318 1398 σῶμα,
3372 1325 3436 1380 τὸ
3491 1325 3686 1398 μηκέτι
3733 1331 3851 1387 τοῖς

2208 1420 2488 1494 βαρήματι
2519 1425 2620 1488 τῆς
2661 1421 2866 1498 φθορᾶς
2899 1415 3231 1484 ὐποπῖπτον,
3282 1413 3430 1470 ἀλλὰ
3485 1414 3556 1490 τῇ
3588 1414 3854 1494 ἀφθαρσίᾳ

2203 1508 2293 1564 καὶ
2341 1506 2470 1584 δόξῃ
2520 1507 3081 1582 περικεκοσμημὲνον.
3144 1505 3281 1579 Σᾶιρξ
3337 1505 3428 1560 οὖν
3489 1507 3524 1573 ἡ
3583 1507 3720 1574 αύτὴ
3761 1504 3856 1558 ἀν-

2209 1597 2418 1653 ἰσταται
2453 1597 2586 1669 μετὰ
2615 1600 2712 1651 τοῦ
2757 1595 2920 1652 αὐτοῦ
2980 1597 3289 1670 σχήματος,
3355 1592 3548 1667 μηκέτι
3606 1593 3667 1646 τὸ
3723 1593 3858 1670 (ppa-

2205 1709 2356 1760 νημα
2387 1685 2623 1766 φέρουσα
2653 1686 2714 1740 τὸ
2747 1686 3006 1760 ἐμπαθὲς,
3039 1681 3186 1739 ἀλλα
3241 1683 3305 1737 τὸ
3361 1687 3459 1738 τοῦ
3517 1681 3854 1754 Πνεῦματος,

2211 1776 2372 1833 οἱονεῖ
2430 1777 2568 1851 πρὸς
2627 1772 2968 1850 ἐνδοξοτέραν
3031 1767 3453 1847 μεταϐάλλουσα
3511 1771 3858 1842 κατάποσιν,

446 1881 607 1933 ctum
638 1889 758 1928 non
791 1872 921 1938 crit,
979 1871 1084 1927 sed
1141 1871 1583 1944 incorruptione
1616 1871 1766 1928 515
1817 1877 1887 1927 et
1915 1869 2101 1944 gloria

2220 1867 2300 1923 mi
2335 1865 2704 1941 ὑψηλονέραν,
2737 1865 2811 1929 ὡς
2868 1863 3104 1939 εἶ’ρηται,
3173 1870 3272 1932 τῆς
3330 1861 3708 1927 ταπεινώσεως
3758 1869 3860 1932 τῆς

457 1971 754 2023 ornatum.
775 1964 996 2019 Eadem
1017 1979 1151 2037 ergo
1175 1981 1309 2020 caro
1332 1981 1466 2026 cum
1491 1965 1700 2020 eadem
1714 1965 1900 2038 figura
1913 1981 2105 2019 resur-

455 2057 559 2130 git,
579 2071 820 2111 sensum
847 2069 1056 2126 gerens
1081 2070 1200 2108 non
1213 2053 1468 2124 amplius
1491 2054 1824 2124 subjectum
1847 2054 2106 2110 affectio-

451 2145 650 2213 nibus,
669 2143 772 2200 sed
789 2143 1030 2215 spiritus
1054 2143 1522 2215 operationibus.
1546 2149 1611 2198 ut
1632 2162 1766 2216 qua)
1800 2143 1872 2198 ad
1896 2143 2109 2215 glorio-

451 2237 669 2292 siorem
701 2251 768 2288 ac
801 2232 1224 2289 sublimiorem
1261 2233 1567 2288 transierit
1593 2233 2104 2299 constitutionem,

450 2331 517 2382 ut
543 2325 764 2380 dictum
790 2329 920 2378 est:
941 2329 1296 2394 consumpta
1318 2323 1410 2377 vili
1447 2323 1827 2394 corruptione
1850 2339 1885 2377 a
1907 2321 2106 2393 splen-

454 2415 596 2470 dore
641 2411 1128 2482 incorruptionis.
1174 2435 1198 2460 α
1235 2413 1546 2467 Extremus
1575 2413 1761 2466 Adam
1817 2411 1878 2465 in
1934 2411 2106 2482 spiri-

452 2509 577 2561 tum
621 2501 1038 2557 viviﬁcantem.
1101 2523 1126 2548 «
1163 2501 1282 2556 Hoc
1309 2501 1595 2573 scriptum
1653 2517 1774 2555 non
1834 2505 1942 2565 est,
2003 2499 2107 2554 sed

457 2593 614 2667 quod
649 2592 1033 2662 consequitur
1064 2589 1208 2646 dicit
1247 2597 1528 2660 tanquam
1583 2589 1870 2660 scriptum
1931 2595 2104 2643 esset.

458 2687 576 2737 «At
605 2699 726 2737 non
757 2681 1012 2752 primum
1050 2679 1208 2750 quod
1240 2679 1564 2752 spirituale.
1597 2701 1624 2727 »
1658 2679 1768 2733 Sed
1801 2695 1921 2734 non
1947 2678 2110 2749 prius

457 2773 678 2830 factum
712 2778 802 2827 est
829 2771 1158 2842 spirituale,
1208 2770 1310 2824 sed
1343 2769 1620 2825 animale.
1657 2770 1782 2824 Non
1844 2785 2013 2824 casus
2044 2783 2112 2822 ac

2214 1961 2415 2038 φθορᾶς
2470 1955 2572 2011 ὑπὸ
2622 1963 2721 2025 τῆς
2783 1952 3176 2030 λαμπρότητος
3243 1959 3340 2022 τῆς
3409 1951 3710 2030 ἀφθαρσίας
3760 1953 3860 2006 ἆν-

2215 2047 2543 2118 αΛωθείσης.
2607 2072 2626 2096 ι
2689 2045 2744 2099 Ὀ
2811 2038 3043 2124 ἔσχατος
3101 2041 3282 2116 Ἀδὰμ
3337 2041 3412 2104 εἰς
3470 2045 3686 2115 πνεῦμα
3717 2047 3864 2111 ζωο-

2219 2141 2434 2194 ποιοῦν.
2477 2161 2505 2187 ››
2557 2137 2733 2192 Τοῦτο
2793 2132 2855 2189 οῦ
2913 2133 3232 2211 γέγραπται,
3292 2131 3437 2188 am
3491 2133 3553 2188 τὸ
3611 2131 3747 2186 κατὰ
3803 2131 3866 2188 τὸ

2215 2227 2517 2282 ἀκόλουθον
2549 2225 2868 2300 γενόμενον,
2901 2223 2975 2286 ὡς
3023 2222 3401 2299 γεγραμμένον
3432 2221 3615 2301 φησίν.
3651 2245 3678 2272 «ί
3709 2220 3868 2277 Ἀλλ’

2219 2315 2279 2371 οὐ
2338 2319 2552 2389 πρῶτον
2615 2314 2676 2369 τὸ
2735 2313 3187 2385 πνευματικόν.»
3271 2309 3412 2366 Ἀλλ
3517 2311 3580 2365 οὐ
3649 2315 3864 2384 πρῶτον

2215 2407 2406 2482 γέγονε
2460 2404 2522 2459 τὸ
2578 2402 2968 2474 πνευματικὸν,
3037 2399 3183 2456 ἆλλά
3227 2401 3289 2455 τὸ
3347 2399 3604 2476 ψυχικόν.
3665 2401 3730 2456 Ἡ
3763 2399 3868 2474 γὰρ

2215 2499 2312 2551 τοῦ
2340 2497 2580 2569 ψυχικοῦ
2610 2491 2876 2554 ἔκπτωσις
2905 2492 2994 2546 καὶ
3053 2485 3382 2560 παράϐασις,
3442 2497 3542 2559 τῆς
3597 2511 3656 2545 τε
3711 2488 3868 2545 ἐναν-

2217 2586 2552 2660 θρωπήσεως
2637 2583 2907 2656 πρόφασις
2991 2579 3196 2658 γέγονε,
3277 2579 3366 2634 καὶ
3451 2577 3547 2634 τοῦ
3605 2580 3870 2648 ἒνωοῆναι

2219 2671 2434 2747 σώματι
2491 2671 2581 2726 τὸν
2650 2671 2778 2727 Θεὸν
2833 2669 3038 2745 Λόγον,
3097 2670 3155 2725 ’ὸν
3212 2669 3302 2724 καὶ
3359 2666 3510 2746 λέγει
3572 2667 3866 2744 πνευματί-

2221 2763 2335 2820 κόν.

458 2863 821 2935 trangressio
862 2853 1144 2916 animalis
1201 2859 1431 2916 occasio
1494 2861 1603 2914 luit
1655 2857 2106 2924 incarnationis,
2153 2861 2335 2926 utque
2365 2853 2601 2924 corpori
2630 2851 2904 2907 uniretur
2935 2851 3088 2906 Deus
3157 2849 3422 2918 verbum,
3484 2850 3640 2924 quod
3695 2851 3876 2908 etiam

460 2950 606 3006 dicit
636 2950 966 3022 spirituale.

533 3069 648 3128 ΧΤ,
683 3069 748 3123 4Ἱ
785 3069 872 3122 5ι).
912 3091 930 3114 ιι
971 3065 1202 3122 Primus
1233 3065 1412 3122 homo
1473 3064 1544 3122 de
1597 3071 1753 3121 terra
1802 3069 2116 3131 terrenus;

463 3183 490 3210 (ι
519 3156 817 3214 secundus
840 3156 1016 3211 homo
1043 3157 1166 3227 ipse
1193 3156 1482 3212 Dominus
1496 3156 1567 3211 de
1591 3156 1738 3212 caelo
1779 3155 1980 3220 Qualis
2005 3161 2118 3210 ter-

463 3272 492 3302 ι(
523 3264 722 3306 renus.
749 3245 898 3301 tales
921 3252 980 3299 et
1012 3246 1230 3302 terreni
1265 3263 1277 3300 :
1330 3252 1389 3300 et
1417 3245 1612 3315 qualis
1643 3245 1921 3311 caelestis,
1971 3244 2120 3300 tales

468 3359 498 3390 ιι
536 3343 593 3390 et
614 3334 902 3390 cmlestes.
928 3333 996 3387 Et
1022 3333 1524 3404 quemadmodum
1539 3335 1895 3406 gestavimus
1919 3334 2121 3406 imagi-

465 3447 492 3474 α
517 3438 656 3478 nem
677 3420 1290 3491 terreni,gestabimus
1306 3427 1362 3476 et
1379 3421 1696 3492 imaginem
1717 3422 2122 3478 cmlestileoc

2298 3058 2361 3115 Ὀ
2391 3053 2608 3132 πρῶτδς
2650 3053 2935 3127 ἄνθρωπος
2989 3052 3048 3108 ἐκ
3104 3061 3210 3128 γῆς
3265 3054 3479 3129 χοῖκὸς.
3536 3056 3563 3110 6
3632 3052 3882 3129 δεύτερος

2231 3146 2516 3222 ἄνθρωπος
2552 3188 2566 3214 ,
2625 3146 2652 3199 ὁ
2702 3144 2909 3218 Κύριος
2968 3142 3020 3214 ἐξ
3079 3143 3330 3214 οὐρανοῦ.
3383 3145 3515 3205 Οἷος
3579 3145 3610 3199 ὁ
3661 3145 3884 3219 χοϊκὸς,

2229 3237 2471 3292 τοιοῦτοι
2549 3233 2638 3289 καὶ
2699 3235 2751 3288 οἱ
2808 3233 3013 3309 χοϊκοί.
3080 3232 3183 3289 Καὶ
3235 3233 3350 3296 οἶος
3407 3233 3434 3288 6

2233 3332 2478 3383 τοιοῦτοι
2511 3327 2602 3380 καὶ
2659 3324 2710 3379 οἱ
2767 3323 3101 3398 ἐπουράνιοι.
3162 3323 3266 3382 Καὶ
3318 3325 3496 3388 καθὼς
3551 3324 3882 3403 ἐφορέσαμεν

2233 3419 2332 3484 τήν
2385 3417 2566 3472 εἰκόνα
2616 3419 2713 3471 τοῦ
2763 3419 2975 3484 κοῖκοῦ,
3027 3415 3328 3489 φορέσομεν
3389 3414 3478 3468 καὶ
3535 3416 3634 3484 τήν
3697 3413 3880 3470 εἶκόνα

3536 3233 3886 3307 ἐπουράνιος,

470 3531 497 3567 ι
513 3514 713 3566 autem
735 3507 887 3572 dico,
910 3508 1143 3571 fratres,
1167 3509 1323 3579 quod
1351 3525 1486 3564 caro
1507 3514 1565 3563 et
1587 3510 1826 3582 sanguis
1843 3511 2105 3582 regniDei

2225 3511 2323 3562 τοῦ
2372 3507 2721 3581 ἐπουρανίου.
2781 3507 2961 3562 Τοῦτο
3019 3501 3078 3558 δὲ
3122 3525 3294 3577 φημι,
3354 3501 3602 3582 ἀδελφοὶ,
3635 3505 3717 3560 ὅτι
3749 3506 3878 3581 σὰρξ

469 3597 918 3654 «Πωτεάίίᾶιθω
938 3597 1224 3667 consequi
1247 3613 1368 3651 non
1385 3603 1656 3668 possunt,
1689 3614 1882 3668 neque
1913 3615 2117 3654 corru-

471 3711 494 3740 ε
519 3688 642 3761 ptio
675 3685 1255 3757 incorruptibilitatis
1305 3685 1714 3742 hmreditatem
1747 3688 1981 3759 accipit.
2015 3709 2042 3739 »

537 3803 782 3876 Expleto
813 3802 886 3858 de
917 3803 1351 3858 resurrectione
1396 3818 1688 3870 sermone,
1721 3802 1796 3859 ad
1849 3805 2118 3861 exhorta-

465 3897 690 3950 tionem
728 3893 905 3959 venit,
952 3897 1017 3946 ut
1069 3893 1330 3949 studiose
1389 3900 1837 3960 conversentur,
1898 3901 1956 3950 et
1985 3897 2118 3951 ait:

471 3986 652 4038 Adam
682 4001 750 4038 ex
787 3993 940 4038 terra
971 3989 1096 4038 erat
1149 3983 1282 4038 ideo
1315 3989 1373 4038 et
1413 3988 1689 4039 terrenus
1735 3993 1881 4050 erat,
1915 3985 1974 4041 id
2007 3991 2115 4052 est,

465 4073 655 4146 gravis
693 4071 1000 4126 Secundus
1023 4089 1154 4127 vero
1171 4073 1494 4145 Adamipse
1511 4075 1797 4130 Dominus
1821 4075 1894 4130 de
1929 4076 2076 4131 curio
2103 4091 2116 4131 :

469 4177 609 4216 nam
638 4160 893 4216 caelestis
921 4167 1047 4215 erat
1065 4161 1217 4216 Deus
1255 4161 1526 4216 Verbum.
1561 4165 1908 4236 Quanquam
1959 4165 2118 4219 enim

463 4265 686 4321 corpus
717 4249 906 4320 ipsius
930 4251 1198 4320 ejusdem
1231 4258 1356 4307 erat
1379 4252 1688 4308 nobiscum
1715 4253 2060 4309 substantiae
2084 4270 2118 4309 a

463 4340 876 4412 prmstantiore
911 4346 1134 4403 tamen,
1163 4356 1378 4412 nempe
1409 4341 1714 4398 divinitate
1747 4343 1890 4399 dicit
1919 4343 2114 4415 ipsum

465 4429 724 4485 caeleste.
745 4459 814 4470 —
843 4431 972 4484 Alio
993 4432 1170 4484 modo.
1212 4430 1446 4487 Primus
1469 4432 1646 4487 homo
1681 4440 1952 4487 terrenus
1971 4437 2114 4498 erat,

467 4535 586 4574 non
613 4519 713 4590 qui
735 4525 795 4574 et
823 4523 981 4574 terra
1001 4517 1324 4590 productus
1347 4520 1430 4574 ait
1449 4523 1550 4589 (ita
1573 4521 1730 4574 enim
1761 4537 1968 4575 omnes
2003 4527 2114 4574 ter-

467 4609 598 4664 reni
623 4614 782 4673 sunt,
804 4613 860 4664 et
891 4614 1179 4681 praeterea
1209 4609 1412 4664 nullus
1436 4609 1698 4665 accusari
1727 4615 1928 4682 posset
1957 4611 2056 4681 qui
2086 4628 2116 4666 e

469 4703 626 4754 terra
655 4697 971 4770 productus
1003 4699 1200 4771 esset),
1234 4697 1338 4754 sed
1369 4698 1442 4754 de
1470 4705 1628 4754 terra
1658 4699 1821 4768 dicit,
1885 4700 1946 4755 id
2005 4705 2113 4768 est,

471 4792 740 4844 terrenus
762 4805 828 4844 ac
860 4789 1136 4855 carnalis,
1171 4794 1230 4844 et
1259 4793 1494 4845 terrena
1519 4789 1778 4861 sapiens.
1813 4791 2116 4846 Secundus

2228 3596 2316 3650 καὶ
2343 3597 2484 3668 αἷμα
2517 3593 2796 3670 βασιλείαν
2825 3597 2964 3650 Θεοῦ
3019 3591 3442 3668 κληρονομῆσαι
3499 3594 3565 3648 οὗ
3625 3591 3870 3650 δύναται.

2227 3684 2364 3741 Οὐδὲ
2392 3689 2426 3756 ἡ
2459 3686 2634 3766 φθορᾶ
2661 3686 2760 3754 τὴν
2793 3683 3087 3761 ἀφθαρσίαν
3119 3683 3478 3756 κληρονομεῖ.

2299 3810 2606 3887 Πληρώσας
2660 3811 2753 3866 τὸν
2807 3811 2930 3885 περὶ
2988 3815 3088 3879 τῆς
3143 3809 3478 3872 ἀναστάσεως
3544 3809 3736 3884 λόγον,
3799 3811 3875 3872 εἰς

2227 3903 2534 3974 παραίνεσιν
2591 3899 2728 3970 ἦλθε
2784 3899 3066 3962 πολιτείας
3125 3899 3370 3974 ἀρίστης,
3431 3898 3520 3954 καὶ
3579 3921 3763 3972 φησιν·
3817 3901 3876 3958 '0

2227 3990 2409 4065 ’Λδᾶμ
2439 3989 2498 4045 ἐκ
2527 3997 2630 4067 γῆς
2660 3991 2726 4059 ἧν
2749 3993 3038 4062 τοιγαροῦν
3073 3989 3161 4044 καὶ
3221 3989 3418 4064 χοϊκὸς
3467 3991 3557 4058 ἦν,
3609 3989 3877 4056 τουτέστι,

2228 4083 2420 4156 γήϊνος
2449 4079 2538 4134 καὶ
2602 4078 2771 4154 βαρ-ες
2841 4079 2903 4135 Ὀ
2944 4075 3002 4132 δὲ
3055 4099 3117 4152 γε
3175 4074 3422 4148 ’δεύτερος
3477 4076 3656 4150 Ἀδὰμ
3703 4079 3730 4133 ὁ
3763 4080 3880 4135 K5-

2229 4189 2346 4244 ριος
2378 4167 2429 4238 ἐξ
2461 4168 2712 4239 οὐρανοῦ.
2773 4166 3172 4244 Οὖράνιοςγᾶρ
3203 4171 3232 4220 ὸ
3263 4166 3392 4228 Θεὸς
3445 4167 3640 4238 Λόγος.
3675 4167 3738 4222 Εἰ
3769 4167 3874 4241 γὰρ

2227 4257 2314 4311 καὶ
2356 4257 2418 4312 τό
2465 4261 2626 4328 σῶμα
2681 4255 2842 4312 αὐτοῦ
2901 4256 3198 4328 ὁμοούσιον
3262 4257 3418 4328 ἡμῖν,
3480 4253 3610 4311 ἀλλ’
3665 4255 3724 4310 ἐκ
3777 4260 3880 4310 τοῦ

2227 4347 2562 4418 κρείττονος.
2594 4345 2860 4411 τουτέστι,
2918 4348 3019 4409 τῆς
3077 4344 3355 4412 θεότητος,
3415 4343 3664 4418 οὗρεῖνιον
3716 4344 3878 4398 αὐτὸν

2227 4434 2399 4511 λέγει.
2433 4469 2501 4478 —
2531 4431 2779 4498 Ἄλλως.
2830 4435 2891 4492 Ὀ
2952 4439 3168 4508 πρῶτος
3225 4432 3512 4507 ἄνθρώπος
3561 4437 3751 4508 γήϊνος
3779 4434 3874 4502 ἦν,

2227 4523 2288 4580 οὐ
2320 4524 2382 4580 τὸ
2415 4522 2474 4578 ἐκ
2502 4531 2608 4598 γῆς
2639 4530 2926 4596 παρ-ἦχθαι
2983 4523 3180 4594 (οὕτως
3237 4523 3338 4598 γὰρ
3405 4523 3602 4584 πάντες
3660 4527 3872 4598 γτςϊνοι,

2225 4614 2317 4668 καὶ
2347 4611 2424 4668 ἔτι
2458 4613 2557 4668 οὐκ
2587 4611 2646 4667 ἃν
2673 4633 2756 4671 τις
2793 4611 3095 4667 αἰτιάσαιτο
3152 4611 3214 4666 τὸ
3272 4609 3331 4667 ἐκ
3387 4617 3493 4686 γῆς
3544 4616 3874 4687 παρῆχθαι),

2225 4700 2354 4758 ἀλλ’
2404 4701 2463 4758 ἐκ
2515 4703 2616 4776 γῆς
2665 4723 2822 4779 φησι,
2878 4701 3144 4770 τουτέστι,
3204 4703 3401 4778 γήϊνος
3453 4699 3542 4755 καὶ
3600 4701 3876 4775 σαρκικός,

2227 4792 2316 4846 καὶ
2357 4793 2502 4846 κάτω
2552 4796 2786 4866 φρονῶν.
2841 4791 2900 4850 '0
2963 4789 3020 4845 δὲ
3075 4787 3345 4865 δεύτερος,
3407 4799 3698 4865 μετάρσιος
3749 4792 3880 4854 ὅλος

470 4893 604 4932 vero
636 4877 908 4932 sublimis
929 4883 1087 4933 totus
1119 4894 1188 4934 ac
1221 4879 1495 4946 ccelestis,
1528 4879 1810 4952 nullaque
1855 4885 2105 4936 terreno-

2223 4881 2311 4936 καὶ
2343 4880 2611 4954 οὐράνιος,
2645 4880 2734 4936 καὶ
2788 4877 3034 4953 μηδεμιᾷ
3065 4883 3176 4935 τῶν
3207 4880 3411 4956 γηΐνων
3467 4876 3658 4950 κηλῖδι
3719 4881 3878 4954 βαρυ-

469 4981 602 5022 rum
633 4971 776 5021 nota
803 4973 1096 5038 gravatus.
1131 4967 1332 5032 Qualis
1361 4968 1540 5038 igitur
1569 4975 1696 5026 erat
1737 4971 1788 5025 is
1821 4970 1920 5043 qui
1961 4971 2114 5043 seip-

470 5073 600 5112 sum
634 5073 738 5127 per
767 5073 836 5112 ea
867 5074 997 5128 qum
1041 5057 1250 5130 agebat
1311 5074 1378 5113 ac
1435 5059 1751 5122 sentiebat.
1813 5067 2112 5116 terrenum

467 5145 728 5202 reddidit
759 5163 772 5201 :
810 5146 954 5201 tales
987 5153 1164 5204 erunt
1192 5153 1250 5204 et
1277 5148 1374 5219 qui
1408 5149 1482 5205 ad
1509 5149 1696 5222 ipsius
1719 5151 2114 5206 imitationem

466 5235 686 5292 vivunt.
721 5235 830 5292 hoc
862 5243 950 5291 est
983 5238 1242 5294 terreni:
1288 5245 1348 5294 et
1396 5240 1674 5296 omnibus
1723 5241 1814 5296 his
1873 5241 2112 5296 obnoxii

470 5325 906 5392 atl'ectionibus,
935 5327 1150 5395 quibus
1194 5325 1514 5384 versimile'
1550 5336 1638 5386 est
1691 5333 1933 5386 aﬂ‘ectos
1985 5347 2112 5386 esse

471 5416 608 5472 illos
627 5417 728 5486 qui
763 5421 934 5470 terra;
961 5415 1188 5487 seipsos
1211 5417 1548 5474 afﬁxerunt.
1586 5421 1655 5475 Et
1685 5421 1878 5490 qualis
1913 5427 2038 5476 erat
2067 5420 2118 5475 is

473 5505 572 5577 qui
609 5521 772 5560 suam
807 5507 867 5560 in
911 5512 1066 5560 terra
1123 5509 1653 5570 conversationem.
1713 5510 2028 5565 sublimem
2063 5513 2120 5566 et

477 5595 776 5652 caelestem
807 5611 1137 5668 puramque
1171 5596 1441 5652 instituit.
1479 5597 1630 5652 576
1667 5599 1812 5652 tales
1858 5604 2033 5654 erunt
2062 5603 2121 5654 et

478 5686 580 5758 qui
612 5683 684 5742 ad
713 5685 1105 5740 imitationem
1128 5683 1381 5738 caelestis
1411 5685 1570 5740 illius
1609 5685 1886 5752 instituti,
1931 5703 2118 5758 quan-

2223 4973 2468 5045 νόμενος.
2503 4971 2634 5034 Οῖος
2690 4974 2982 5046 τοιγαροῦν
3040 4971 3106 5039 ἦν
3165 4971 3193 5024 ὁ
3248 4971 3441 5044 χοῖκὸν
3499 4971 3684 5025 ἑαυτὸν
3705 4967 3878 5023 δι’ὦν

2225 5061 2437 5139 ἐφρόνει
2493 5060 2583 5116 καὶ
2637 5055 2863 5132 ἔπραττε
2940 5061 3244 5132 κατστήσας
3283 5106 3296 5124 ,
3353 5063 3594 5115 τοιοῦτοι
3661 5057 3874 5114 ἔσονται

2225 5151 2312 5205 καὶ
2367 5152 2419 5205 οἱ
2462 5151 2598 5222 πρὸς
2651 5150 2882 5225 μίμησιν
2961 5147 3166 5205 ἐκείνου
3229 5151 3520 5226 βιοῦντες,

2229 5243 2437 5316 χο“ιίκοὶ,
2471 5241 2560 5294 καὶ
2593 5242 2896 5318 πάσχοντες
2927 5239 3024 5294 ὅσα
3064 5239 3208 5300 εἰκὸς
3241 5241 3493 5318 πάσχειν,
3525 5237 3652 5312 τοῦς
3705 5257 3872 5312 προσ-

2227 5329 2548 5400 ῃλώσαντας
2579 5329 2802 5390 ἑαυτοὺς
2839 5333 2917 5400 τῷ
2950 5329 3064 5404 χοῖ.
3119 5329 3212 5384 Καὶ
3275 5331 3396 5390 οἷος
3463 5328 3529 5397 ἦν
3585 5328 3614 5382 6
3676 5326 3876 5400 μεταρ-

2227 5441 2340 5474 σιον
2374 5419 2462 5474 καὶ
2509 5418 2761 5494 οὗράνίον
2795 5419 2881 5472 καὶ
2950 5419 3184 5492 καθαρὰν
3215 5420 3314 5488 τήν
3385 5417 3472 5472 ἐπὶ
3544 5420 3648 5489 γῆς
3705 5415 3874 5470 αὐτοῦ

3399 5501 3612 5561 ἔσονται
3673 5503 3764 5558 καὶ
3821 5503 3872 5556 οἳ

3605 5149 3870 5216 τουτέστι,

2226 5509 2508 5563 πολιτείαν
2565 5506 2958 5580 ἐνστησάμενος
2992 5551 3005 5576 ,
3064 5511 3304 5562 τοιοῦτοι

2225 5599 2360 5673 πρὸς
2431 5597 2714 5670 ὁμοίωσιν.
2766 5596 2992 5659 καθόσον
3054 5595 3193 5652 ἐστῖν
3251 5595 3562 5671 ἀνθρώποις
3619 5591 3867 5662 δυνατὸν,

2225 5686 2433 5757 ὖκεὶντ,ς
2489 5689 2589 5756 τὴς
2675 5685 2926 5761 οὐρανίου
3010 5683 3290 5766 διαγωγῆς
3364 5682 3816 5760 πολιτευσάμενοι
3851 5729 3864 5754 ,
