4156 6200
349 409 472 473 889

1267 408 1685 473 COMMENT.
1732 408 1813 475 IN
1856 408 2114 473 EPIST.
2160 408 2186 470 Ι
2228 407 2331 469 AD
2373 407 2743 470 CORINTH.

3636 409 3757 472 890

343 543 646 613 τουτέστιν,
708 540 1023 615 ιπουράνιοί
1086 562 1147 598 τε
1202 537 1439 607 ἔσονται.
1505 544 1597 601 καὶ
1675 550 1783 604 τῶν
1842 545 2005 621 ἀξίων

2124 550 2248 601 tum
2281 543 2622 603 hominibus
2653 546 2937 618 possibile
2972 552 3079 615 est,
3142 548 3469 605 conversati
3528 548 3776 617 fuerint,

355 632 551 694 αὐτοῖς
594 652 767 708 γερων
810 631 1208 689 ἀπολαύσουσι.
1247 656 1275 685 «
1310 635 1443 696 Οἷος
1474 636 1502 691 6
1533 635 1748 710 χοϊκὸς,
1778 640 2019 693 τοιοῦτοι

360 725 448 780 καί
481 724 535 779 οἱ
565 723 776 798 χοϊκοί.
809 745 839 776 ι)
871 724 1025 785 Θῖος,
1054 724 1245 798 φησέν,
1270 724 1298 779 6
1329 725 1527 799 χοϊκός
1554 723 1752 800 Ἀδάμ,
1774 730 2018 783 τοιοῦτοι

354 808 567 870 ἔσονται
595 813 794 874 πάντες
828 814 880 867 οἱ
921 814 1129 886 γήϊνος,
1176 813 1479 879 τουτέστιν,
1529 816 1581 870 οἱ
1630 817 1754 871 ὅλοι
1783 823 1884 885 τῆς
1912 822 2019 891 γῆς

354 899 505 966 ὄντες
543 902 634 958 καὶ
685 903 825 971 πρὸς
877 903 1048 973 αὐτὴν
1101 901 1470 977 ἰπτονημὲνοι
1504 906 1898 969 ἀποθανοῦνται
1928 907 2022 962 τὸν

348 993 549 1063 νοητὸν
607 992 832 1048 θάνατον
888 992 984 1048 τὸν
1043 988 1135 1048 διά
1206 998 1308 1061 τῆς
1364 993 1654 1069 ἁμαρτίας.
1718 995 1788 1053 Ol.
1845 992 1903 1051 δὲ
1957 1015 2022 1071 γε

358 1081 599 1157 μιμηταὶ
631 1081 917 1157 γινόμενοι
946 1084 1192 1157 Χριστοῦ
1247 1083 1387 1138 κατά
1440 1084 1533 1138 τὸν
1587 1081 1826 1151 Παῦλον,
1858 1078 2020 1139 ἔσον-

350 1192 443 1229 ται
473 1171 550 1233 ὡς
580 1171 609 1227 6
642 1170 984 1244 ἰπουρᾶνιος,
1041 1170 1223 1233 καθὼς
1278 1171 1367 1226 καὶ
1428 1171 1734 1245 ἀνθρώποις
1783 1172 2017 1251 ἐφικτόν.

360 1284 382 1313 ι
418 1257 655 1333 Οἴδαμεν
711 1262 841 1336 γὰρ,
902 1260 1061 1336 φασὶν
1120 1261 1176 1315 αἱ
1237 1259 1559 1329 Καθολικαὶ,
1616 1263 1702 1318 δτι
1734 1262 1822 1318 ἑὰν
1856 1267 2019 1340 φανῇ,

352 1348 545 1424 ὅμοιοι
592 1351 744 1424 αῦτῷ
781 1350 1037 1425 ἐσόμεθα,
1064 1374 1093 1404 ››
1122 1384 1181 1395 -
1210 1351 1360 1407 «Καὶ
1389 1352 1573 1414 καθὼς
1604 1350 1954 1432 ἐφορὲσαμεν.
1990 1378 2019 1405 ιο

358 1442 638 1505 Τουτέστι,
699 1440 894 1502 Καθὼς
949 1440 1017 1496 τά
1074 1438 1254 1517 φαῦλα
1309 1438 1613 1517 ὶπράξαμεν
1670 1446 1857 1516 (ταῦτα
1916 1443 2018 1518 γάρ

357 1529 519 1588 εἰκὼν
576 1533 675 1585 τοῦ
731 1532 977 1605 χοϊκοῦ),
1032 1524 1335 1605 φορέσομεν
1390 1532 1483 1585 καὶ
1539 1535 1637 1599 τήν
1696 1530 1879 1588 εἰκόνα
1924 1536 2021 1587 τοῦ

357 1621 685 1698 ἐπουρανίου
789 1625 1048 1697 Χριστοῦ,
1147 1622 1445 1691 τουτέστιν,
1542 1623 2018 1701 ἀγαθοεργοῦντες,

352 1713 440 1769 καὶ
506 1712 746 1786 μιμηταὶ
803 1713 974 1768 αὑτοῦ
1023 1712 1312 1786 γινόμενοι
1392 1714 1530 1770 κατά
1588 1717 1652 1771 τὸ
1710 1715 2018 1792 ἑγχωροῦν.

352 1803 549 1867 Καθὼς
605 1804 695 1859 καί
754 1802 917 1866 αὐτὸς
974 1802 1231 1880 ἀλλαχοῦ
1296 1825 1458 1885 φησι,
1518 1830 1548 1858 ‹‹
1601 1806 1856 1878 Μιμηταί
1914 1827 2020 1880 μου

2126 634 2238 690 hoc
2259 639 2366 692 est.
2391 634 2661 690 caelestes
2687 642 2886 691 erunt.
2913 642 2970 690 et
2992 635 3267 693 fruentur
3316 637 3510 706 dignis
3541 656 3604 693 se
3632 657 3781 711 prm-

2126 723 2283 778 miis.
2318 746 2345 773 ‹‹
2378 723 2579 789 Qualis
2609 731 2904 791 terrenus,
2940 725 3090 780 tales
3121 731 3179 781 et
3208 727 3449 783 terreni.
3488 748 3513 778 ι
3557 729 3780 797 Qualis,

2126 813 2340 884 inquit,
2363 820 2631 870 terrenus
2658 814 2842 870 Adam
2869 815 3019 870 tales
3042 821 3218 871 erunt
3248 833 3456 873 omnes
3502 819 3727 874 terreni
3760 836 3774 873 :

2128 902 2241 957 hoc
2263 904 2491 975 est,qui
2516 904 2618 960 toti
2649 921 2693 959 St
2721 912 2788 960 nt
2841 904 3027 977 ipsius
3077 912 3248 961 terras
3302 913 3361 962 et
3383 908 3434 962 ei
3467 907 3782 964 adhaeren-

2127 996 2440 1059 tes,morte
2458 994 2872 1053 intellectuali.
2904 1012 3035 1066 qua:
3057 1002 3298 1067 prOpter
3320 1005 3626 1069 peccatum
3667 1004 3775 1064 est,

2126 1075 2483 1132 morientur.
2503 1077 2719 1133 Christi
2742 1084 2938 1133 autem
2957 1077 3286 1135 imitatores
3316 1079 3489 1151 juxta
3527 1081 3775 1136 Paulum

2128 1170 2304 1221 erunt
2321 1172 2389 1222 ut
2410 1165 2670 1223 ccelestis
2688 1166 2811 1226 ille.
2834 1175 3129 1238 quatenus
3147 1167 3489 1225 hominibus
3536 1187 3748 1226 conces
3764 1201 3777 1211 -

2127 1271 2258 1312 sum
2275 1261 2387 1312 est.
2413 1256 2687 1314 «Scimus
2712 1258 2897 1324 enim,
2933 1258 3101 1315 aiunt
3138 1260 3446 1315 calholirm
3485 1260 3782 1333 Epistolas,

2126 1346 2286 1418 quod
2308 1347 2357 1403 si
2386 1348 2757 1419 apparuerit,
2785 1348 3012 1403 similes
3034 1349 3087 1404 ei
3126 1351 3347 1407 erimus
3391 1349 3459 1405 ⁵⁸.
3493 1371 3524 1403 ι
3555 1383 3620 1393 -
3652 1373 3683 1403 ‹‹
3716 1352 3785 1407 Et

2129 1437 2633 1508 quemadmodum
2660 1440 3033 1511 gestavimus.
3060 1461 3090 1489 »
3116 1440 3233 1495 Hoc
3265 1447 3371 1499 est.
3423 1442 3577 1497 sicut
3608 1457 3784 1513 prava

2127 1527 2356 1597 operati
2381 1543 2609 1587 sumus.
2638 1544 2775 1584 nam
2803 1528 2906 1584 illa
2931 1534 3067 1584 sunt
3092 1530 3283 1601 imago
3316 1532 3533 1586 terreni
3592 1538 3786 1603 gesta-

2125 1614 2328 1671 bimus
2356 1622 2415 1671 et
2439 1623 2497 1670 et
2519 1616 2836 1689 imaginem
2866 1618 3122 1674 caelestis
3143 1620 3356 1675 tbi-isti
3390 1637 3403 1674 :
3427 1622 3537 1676 hoc
3562 1620 3780 1676 estho-

2128 1721 2209 1761 na
2238 1711 2584 1778 operantes,
2617 1708 2874 1779 ejusque
2918 1708 3054 1764 facti
3113 1709 3441 1765 imitatores
3498 1717 3788 1779 quantum

2132 1795 2530 1852 conceditur:
2572 1796 3074 1867 quemadmodum
3108 1804 3166 1853 et
3218 1799 3345 1871 ipse
3403 1799 3544 1854 alibi
3594 1800 3787 1855 dicit:

354 1887 587 1969 γίνεσθε,
642 1892 822 1956 καθὼς
876 1893 1032 1968 κάγὼ
1098 1898 1354 1969 Χριστοῦ.
1387 1919 1417 1949 ››
1477 1927 1545 1939 -
1607 1921 1635 1949 ‹‹
1669 1897 1778 1964 Τήν
1839 1897 2013 1953 εἰκόνα

2130 1907 2160 1934 ‹‹
2184 1885 2521 1941 Imitatores
2541 1887 2657 1942 mei
2683 1893 2869 1943 estote
2893 1888 3046 1944 sicut
3069 1893 3128 1943 et
3153 1904 3257 1959 ego
3279 1888 3492 1944 Christi
3540 1888 3604 1942 ⁸⁸.
3658 1909 3688 1940 ››
3718 1920 3788 1931 -ο

363 1986 465 2039 τοῦ
495 1986 715 2058 χοϊκοῦ.
749 2006 778 2036 ››
808 1982 873 2040 Ἥ
925 1982 1084 2038 εἰκὼν
1138 1986 1235 2038 τοῦ
1300 1987 1500 2063 χοϊκοῦ
1531 1981 1727 2057 Ἀδάμ,
1758 1985 1841 2053 τὸ,
1874 2008 1901 2036 «
1936 1990 2011 2056 Γῆ

353 2072 426 2136 εἴ,
457 2072 548 2128 καὶ
579 2071 657 2135 είς
703 2078 808 2150 γῆν
840 2069 1135 2148 ἀπελεῦσῃ.
1171 2096 1200 2125 ››
1257 2074 1323 2130 Ἢ
1376 2071 1536 2129 εῗκὼν
1566 2078 1665 2131 τοῦ
1695 2073 2016 2146 ἐπουρανίου

355 2166 617 2228 Χοιστοῦ,
677 2164 713 2232 ἡ
772 2160 833 2217 in
899 2166 1100 2236 νεκρῶν
1182 2162 1470 2228 ἀνάστασις
1544 2164 1634 2218 καὶ
1719 2165 2010 2239 ἀφθαρσία.

350 2249 544 2315 Οὕτως
597 2250 627 2305 6
684 2250 738 2306 ἄν
793 2249 970 2325 ἁγίοις
1028 2248 1301 2315 Μεθόδιος
1360 2250 1413 2307 ἰν
1473 2257 1553 2325 τῷ
1620 2253 1747 2329 Περὶ
1787 2253 2012 2309 ἀναστά-

352 2360 489 2402 σεως
522 2339 675 2414 λόγῳ
757 2366 785 2391 κ
820 2341 1141 2413 Φορὲσομεν
1199 2341 1290 2396 καὶ
1344 2344 1447 2412 τήν
1504 2342 1681 2398 είκόνα
1711 2347 1810 2399 τοῦ
1844 2342 2011 2399 ἐπου-

358 2427 563 2504 ρανῖου,
597 2451 625 2481 ››
655 2428 753 2497 Τὸ,
785 2433 1125 2503 Φορεσομεν,
1184 2429 1230 2485 εί
1291 2431 1386 2503 μὶν
1419 2427 1508 2486 διά
1535 2434 1652 2492 τοῦ,
1686 2452 1737 2497 ο,
1774 2432 2012 2508 βραχὲος

354 2519 649 2597 γραπτίον,
714 2518 1110 2595 προαγόρευσίς
1165 2517 1307 2583 ἐστιν
1367 2519 1419 2591 ἐξ
1489 2519 1821 2584 ἀκολουθίας
1907 2519 2012 2594 λη-

351 2611 542 2688 φθεῖσα
570 2611 670 2665 τοῦ
705 2605 1032 2682 μέλλοντος,
1084 2609 1175 2665 καὶ
1231 2609 1587 2690 ἀποφάνσεως
1639 2613 1753 2685 ἅμα
1784 2608 2013 2684 δύναμιν

353 2696 664 2772 πληροῦσα,
722 2698 994 2766 τουτέστι,
1054 2699 1278 2762 Πάντως
1331 2702 1635 2781 φορέσομεν
1687 2702 1787 2769 τήν
1832 2701 2013 2757 εἶχόνα

353 2791 451 2844 τοῦ
508 2786 851 2860 ἐπουρανίου.
910 2784 1092 2863 ὥσπερ
1153 2786 1485 2866 ἰφορὲσαμεν
1542 2790 1634 2846 καὶ
1691 2792 1793 2861 τὴν
1832 2790 2013 2846 εἰκόνα

354 2880 451 2932 τοῦ
504 2880 725 2951 χοϊκοῦ.
786 2876 891 2933 Καὶ
953 2875 1038 2947 ε’ῗη
1098 2874 1158 2931 ἂν
1218 2876 1379 2934 εἰκὼν
1435 2879 1533 2952 μὶν
1585 2883 1682 2935 τοῦ
1742 2885 1940 2955 χοϊκοῦ
1983 2882 2013 2936 6

356 2967 603 3031 θάνατος,
663 2965 821 3021 εἰκὼν
883 2962 941 3021 δὲ
995 2970 1093 3021 τοῦ
1150 2966 1477 3043 ἐπουρανίου
1511 2971 1546 3038 ἠ
1593 2967 1880 3033 ἀνάστασις
1922 2969 2013 3024 καὶ

355 3056 392 3124 ἡ
421 3051 711 3131 ἀφθαρσία.
751 3055 821 3109 ’0
872 3074 931 3110 τι
981 3055 1087 3131 γὰρ
1144 3053 1343 3130 Ἀδάμ.
1402 3052 1492 3112 διά
1546 3060 1647 3112 τοῦ
1675 3058 1901 3113 θανάτου
1933 3058 2009 3112 εἷο

350 3144 646 3213 κονίζεται.
679 3142 854 3205 Αὐτὸς
883 3145 983 3220 γὰρ
1042 3145 1132 3200 καί
1195 3150 1412 3220 πρῶτος
1444 3150 1551 3201 τῶν
1586 3144 1799 3214 ἄλλων,
1831 3146 2011 3209 αἳτιος

350 3237 448 3290 τοῦ
480 3234 655 3287 θανεῖν
715 3233 928 3309 γέγονε,
987 3234 1076 3289 καὶ
1136 3234 1165 3289 6
1221 3234 1497 3303 Δεσπότης
1540 3237 1772 3308 Χριστὸς
1820 3234 2010 3306 πάλιν,

2138 1997 2164 2024 ιι
2195 1974 2516 2048 Imaginem
2543 1975 2783 2031 terreni.
2816 2001 2833 2023 η
2866 1979 3061 2050 Imago
3109 1978 3328 2032 terreni
3370 1976 3555 2033 Adam
3591 1983 3681 2033 est
3709 1978 3784 2035 i1-

2132 2062 3004 2128 lud:a'l'erraes,etinterram
3053 2067 3366 2122 reverteris
3412 2065 3479 2123 ⁸⁸.
3532 2091 3551 2114 ι
3587 2066 3783 2140 lmago

2125 2152 2381 2209 cwlestis
2425 2154 2639 2210 Christi
2680 2161 2739 2211 et
2788 2155 3146 2210 resurrectio
3195 2171 3262 2210 ex
3309 2155 3558 2212 mortuis
3594 2162 3652 2211 et
3698 2157 3789 2212 in-

2122 2242 2442 2314 corruptio.
2481 2244 2568 2299 Ita
2601 2244 2779 2299 habet
2810 2244 2982 2300 divus
3010 2244 3346 2301 Methodius
3378 2245 3528 2300 libro
3580 2246 3650 2301 Dc
3706 2263 3793 2302 re-

2135 2334 2500 2389 surrectione.
2533 2358 2555 2383 «ε
2584 2335 2956 2391 Gestabimus
2976 2341 3034 2390 et
3080 2335 3397 2407 imaginem
3447 2337 3721 2392 caelestis
3762 2360 3790 2387 ››

2135 2421 2191 2477 Si
2216 2421 2777 2494 legatureoptoopev.
2808 2424 2868 2479 id
2912 2430 3021 2487 est,
3072 2425 3458 2498 gestabimus,
3504 2431 3571 2481 ut
3618 2444 3726 2498 per
3755 2443 3787 2482 ο

2122 2510 2298 2567 breve
2329 2511 2711 2568 scribendum
2744 2513 2841 2577 sit.
2876 2514 3226 2570 vaticinium
3254 2520 3344 2570 est
3374 2522 3675 2586 sumptum
3708 2532 3778 2571 ex

2122 2603 2553 2675 consequentia
2608 2603 2737 2676 ejus
2795 2605 2950 2676 quod
3005 2605 3270 2661 futurum
3328 2612 3435 2670 est.
3471 2607 3769 2679 simulque

2123 2690 2237 2746 vim
2270 2692 2468 2764 explet
2520 2698 2577 2748 et
2631 2693 2979 2749 assertionis
3022 2711 3035 2749 :
3092 2695 3202 2750 hoc
3234 2700 3343 2761 est,
3402 2696 3760 2750 Gestatimus

2124 2781 2370 2837 omnino
2392 2780 2715 2853 imaginem
2736 2782 3011 2841 caelestis.
3035 2783 3189 2838 sicut
3224 2785 3579 2855 gestavimus
3628 2783 3769 2838 ima-

2121 2871 2318 2945 ginem
2344 2872 2586 2928 terreni.
2614 2875 2680 2926 Et
2701 2888 2830 2927 esse
2854 2872 3088 2944 poterit.
3140 2872 3332 2944 imago
3375 2872 3615 2944 quidem
3649 2878 3771 2928 ter-

2122 2961 2499 3026 reni,mors:
2533 2961 2727 3031 imago
2761 2977 2896 3015 vero
2954 2961 3231 3027 cmlestis,
3291 2963 3645 3017 resurrectio
3703 2979 3770 3018 ac

2123 3049 2509 3121 incorruptio.
2527 3049 2831 3123 Efflgiatur
2845 3051 3003 3106 enim
3021 3051 3201 3106 Adam
3217 3069 3323 3123 per
3356 3058 3604 3108 mortem
3631 3070 3643 3120 ;
3681 3052 3768 3109 si-

2122 3139 2361 3210 quidem
2380 3139 2506 3209 ipse
2525 3155 2761 3210 quoque
2779 3140 3006 3211 primus
3021 3141 3275 3196 fuitaliis
3306 3142 3598 3197 moriendi
3616 3143 3772 3215 prin-

2121 3227 2749 3301 cipiumﬂursumque
2768 3229 3053 3285 Dominus
3079 3231 3347 3287 Christus
3368 3250 3475 3305 per
3506 3250 3771 3288 resurre-

357 3320 447 3379 διά
494 3328 597 3390 τῆς
649 3322 990 3385 ἀναστάσεως
1044 3323 1133 3379 καὶ
1192 3330 1291 3392 τῆς
1347 3324 1641 3400 ἀφθαρσίας
1673 3323 2011 3395 εἶκονίζεται.

2130 3316 2387 3373 ctionem
2404 3318 2534 3373 etin
2554 3317 3059 3390 incorruptionem
3078 3320 3375 3394 efﬁgiatur
3400 3323 3542 3377 Nam
3557 3328 3616 3377 et
3644 3324 3770 3395 ipse

354 3412 529 3476 Αὐτός
584 3433 643 3471 τε
696 3414 802 3490 γάρ
860 3417 1082 3485 πρῶτος
1139 3411 1334 3485 ἀνὲστη
1414 3414 1593 3490 σαρκὶ,
1644 3416 1875 3485 νικήσας
1928 3414 2020 3471 τὸν

353 3501 601 3571 θάνατον,
653 3502 745 3557 καὶ
803 3506 886 3575 τῷ
939 3501 1083 3578 γένει
1141 3502 1303 3557 παντὶ
1358 3506 1467 3557 τῶν
1539 3502 1841 3575 ἀνθρώπων
1914 3504 2014 3574 τήν

356 3591 644 3647 ἀνάστασιν
694 3590 785 3647 καὶ
842 3591 1142 3671 ἀφθαρσίαν
1200 3589 1492 3667 ἐπήγαγεν.
1526 3592 1589 3649 Εἰ
1621 3589 1678 3648 δὲ
1706 3593 1788 3658 τὸ,
1847 3594 2002 3673 φορί-

358 3701 549 3754 σομεν,
583 3678 670 3737 διὰ
704 3685 915 3755 μακροῦ
945 3678 1214 3759 γραπτέον
1246 3679 1358 3736 ἐστὶ
1404 3684 1524 3744 τοῦ.
1583 3703 1650 3748 ω,
1697 3682 2013 3757 παραίνεσίς

356 3768 470 3827 ἔστι
500 3770 591 3825 καὶ
623 3765 912 3844 συμϐουλὴ
970 3768 1055 3826 ἑπ⁹
1111 3770 1331 3843 ἀρετὴν,
1378 3771 1468 3826 καὶ
1500 3764 1677 3827 ἔνθεον
1711 3770 2012 3832 πολιτείαν.

358 3856 705 3936 Φορὲςωμεν,
784 3860 973 3937 φησὶν,
1051 3856 1400 3933 ἐνδυσώμεθα
1472 3862 1574 3931 τὴν
1659 3860 1846 3916 εἰκόνα
1916 3865 2013 3918 τοῦ

356 3950 706 4025 ιπουρανίου.
763 3947 858 4005 ’ἱνα
912 3949 1431 4026 κληρονομήσωμεν
1464 3953 1563 4022 τὴν
1618 3951 1866 4027 οὐράνιον
1918 3953 2012 4030 βα-

361 4037 586 4096 σιλείαν.
642 4038 737 4096 Καὶ
770 4038 853 4105 ε’ἶη
884 4037 944 4093 ἄν
999 4038 1159 4095 εἰκὼν
1221 4040 1315 4112 μὶν
1370 4039 1599 4096 ἐνταῦθα
1626 4046 1827 4117 χοϊκοῦ
1858 4041 2012 4117 λαμ-

357 4123 652 4200 ϐανομένη,
729 4129 785 4183 αἱ
843 4129 1062 4203 πράξεις
1115 4128 1171 4183 αἱ
1230 4129 1486 4203 πονηραὶ,
1550 4131 1640 4185 καὶ
1727 4131 2012 4205 βρίθουσαι

355 4217 493 4291 πρὸς
547 4218 615 4272 τά
666 4219 831 4292 γήϊνα
880 4218 968 4272 καὶ
1029 4217 1259 4289 σαρκικά
1308 4219 1468 4288 πέθη.
1528 4219 1708 4276 Ταῦτα
1738 4218 1841 4296 γάρ
1875 4238 2011 4294 μορο

356 4316 452 4384 φοϊ
508 4306 599 4361 καὶ
656 4305 1046 4381 χαρακτηρίζει
1104 4304 1195 4359 τὸν
1247 4303 1597 4377 ἁμαρτωλὸν,
1646 4305 1705 4367 ὅς
1739 4305 1849 4361 ἐστι
1880 4317 2009 4382 χοϊ-

350 4394 469 4457 κός.
506 4395 679 4450 Εἱκὼν
710 4391 768 4450 ὂὶ
824 4392 1169 4468 ἆπουρανίου,
1225 4393 1288 4448 τὸ
1349 4392 1562 4468 ὑψηλὸν
1595 4394 1686 4449 καὶ
1720 4396 2009 4470 μετάρσιον

349 4492 450 4554 τῆς
508 4481 817 4552 πολιτείας,
873 4484 967 4538 καὶ
1023 4485 1059 4553 ἡ
1120 4487 1313 4553 κτῆσις
1369 4486 1479 4538 τῶν
1553 4481 1824 4559 οὐρανίων
1884 4483 2012 4560 ἀρε-

358 4594 495 4631 των.

428 4745 604 4815 Φησῖν
660 4743 756 4800 οῦν
812 4744 929 4817 ἄμα
981 4743 1075 4800 καὶ
1155 4740 1444 4818 ἑντρέπων.
1521 4743 1850 4820 Φορὲσωμεν
1906 4748 2010 4817 τήν

353 4834 539 4891 εἱκόνα
590 4839 688 4889 τοῦ
746 4831 1091 4908 ἐπουρανίου,
1161 4832 1806 4906 κτησώμεθιπολιτείαν
1839 4837 2011 4912 ὑψοῦ.

352 4944 447 4979 σαν
497 4926 645 4997 ἡμᾶς
700 4922 837 4995 πρὸς
892 4922 1143 4997 οὐρανόν.
1205 4920 1282 4979 Οὔ
1340 4922 1445 4997 γάρ
1504 4923 1826 4999 αἰσχύνεσθε
1886 4924 2013 4983 οῦδὶ

348 5011 772 5089 ἰγκαλόπτεσθε,
828 5012 914 5068 ὅτι
970 5013 1070 5081 τήν
1132 5011 1228 5084 μὶν
1287 5012 1468 5067 εἰκόνα
1495 5017 1595 5069 τοῦ
1626 5019 1827 5094 χοϊκοῦ
1874 5037 2009 5092 προ·

351 5102 539 5175 θόμως
595 5100 953 5178 ἐφορέσαμεν,
1012 5101 1195 5155 καίτοι
1278 5106 1635 5157 κατασπῶσαν
1690 5105 1862 5177 ἡμᾶς,
1918 5107 2007 5161 καὶ

349 5199 451 5264 τῆς
484 5189 765 5268 βασιλείας
790 5194 890 5247 τοῦ
944 5194 1080 5247 Θεοῦ
1137 5188 1381 5260 ἀναξίους
1410 5190 1838 5261 ἀποοαίνουσαν,
1872 5195 2007 5266 πρὸς

349 5279 409 5339 δὲ
434 5284 535 5349 τήν
566 5282 748 5337 εῖκόνα
776 5284 872 5336 τοῦ
919 5278 1244 5353 ἐπουρανίου
1306 5274 1385 5334 ἔτι
1445 5278 1727 5354 μέλλομεν
1759 5283 1850 5337 καὶ
1879 5282 2008 5339 ἀνα-

348 5363 721 5441 6αλλόμεθα;
782 5365 1192 5440 Σπουδάσωμεν
1250 5365 1453 5439 ταύτην
1510 5366 1846 5438 ἐνδύσασθαι,
1884 5370 2011 5426 ταῦ·

344 5480 447 5530 την
507 5456 755 5529 ζηλῶσαι
812 5456 915 5524 τήν
980 5454 1228 5528 οὐράνιον
1287 5454 1593 5515 πολιτείαν.
1652 5457 1873 5520 Ἀλλως
1904 5458 2006 5534 γάρ

351 5546 453 5604 οῦκ
507 5544 585 5602 ἔνι
648 5549 836 5621 τυχεῖν
896 5550 995 5613 τῆς
1062 5543 1315 5618 οὐρανίου
1376 5543 1680 5621 βασιλείας.
1743 5570 1772 5600 ι(
1830 5549 2006 5605 Τοῦτο

420 5716 471 5753 ⁵⁸
496 5716 519 5774 l
549 5717 716 5775 Joan.
755 5730 839 5783 ιιι,
871 5717 924 5773 2.
957 5711 1005 5750 ⁸³
1032 5713 1214 5774 [σοι.
1245 5729 1326 5785 ιι,
1360 5717 1414 5773 1.
1442 5713 1490 5753 ⁸⁸
1522 5714 1665 5775 Gen.
1697 5730 1781 5785 ni,
1816 5718 1919 5775 t9.-

2126 3406 2429 3478 primusin
2448 3423 2627 3462 carne
2642 3407 3138 3465 surrexitdevicta
3175 3415 3388 3474 morte,
3408 3417 3466 3465 et
3494 3412 3771 3466 universo

2123 3495 2435 3552 hominum
2459 3498 2660 3569 generi
2677 3498 3174 3554 resurrectionem
3186 3505 3249 3555 et
3264 3516 3498 3556 mcorru
3508 3502 3771 3572 ptionem

2124 3585 2429 3642 stabilivit.
2459 3586 2517 3641 Si
2546 3602 2679 3642 vero
2737 3584 3076 3664 φορέσωμεν,
3136 3588 3247 3645 hoc
3303 3593 3394 3644 est
3448 3597 3769 3661 gestemus,

2121 3691 2229 3747 per
2255 3695 2302 3728 ω
2331 3690 2612 3749 magnum
2645 3675 3027 3734 scribendum
3057 3677 3153 3736 sit.
3189 3678 3520 3734 adhortatio
3570 3686 3659 3736 est
3714 3685 3773 3735 et

2121 3764 2435 3820 consilium
2460 3764 2536 3821 ad
2555 3766 2831 3822 virtutem
2853 3766 2928 3821 ad
2950 3766 3213 3821 divinam
3236 3768 3767 3822 conversationem.

2120 3852 2659 3926 Gestemus,inquit
2688 3852 3472 3925 siveinduamusimaginem
3490 3854 3769 3920 cwlestis,

2119 3942 2457 3997 utcmlestis
2484 3944 2646 4015 regni
2667 3941 3077 3998 hmreditatem
3100 3942 3482 4014 accipiamus.
3518 3944 3587 3998 Et
3612 3959 3769 3998 nunc

2119 4046 2247 4086 esse
2279 4031 2517 4102 poterit,
2551 4031 2744 4100 imago
2777 4030 3019 4101 quidem
3050 4030 3273 4086 terreni
3300 4049 3431 4104 quas
3489 4033 3767 4096 sumitur.

2118 4135 2312 4191 prava:
2346 4121 2613 4176 actiones
2643 4119 3047 4190 deprimentes
3073 4120 3146 4175 ad
3176 4126 3440 4178 terrenas
3472 4128 3531 4177 et
3558 4138 3768 4177 carna-

2116 4207 2204 4263 les
2234 4209 2597 4264 affectiones.
2639 4210 2771 4264 Hmc
2801 4210 2951 4266 571
2990 4208 3151 4264 enim
3186 4209 3445 4283 figurant
3496 4229 3562 4265 ac
3620 4211 3771 4266 desi-

2116 4304 2693 4369 gnantpeccatorem
2727 4298 2830 4370 qui
2890 4304 3161 4354 terrenus
3210 4305 3328 4355 est:
3378 4300 3569 4373 imago
3629 4316 3764 4354 vero

2117 4387 2394 4453 celestis,
2422 4388 2719 4445 excelsum
2752 4406 2818 4445 ac
2850 4389 3103 4446 sublime
3136 4389 3294 4462 quod
3346 4391 3407 4445 in
3459 4406 3771 4445 conversa-

2117 4476 2280 4533 tione
2310 4484 2421 4546 est,
2455 4484 2513 4535 et
2537 4479 2851 4552 acquisitio
2882 4479 3215 4537 caalestium
3247 4479 3548 4535 virtutum.

2308 4622 2339 4642 ’Χ

2192 4749 2490 4824 Dicitergo
2504 4749 2681 4807 simul
2696 4750 2873 4806 etiam
2902 4749 3253 4807 adhortans:
3288 4750 3596 4807 Gestemus
3616 4750 3764 4806 ima-

2118 4839 2317 4913 ginem
2350 4839 2512 4895 illius
2542 4839 2819 4905 caelestis,
2852 4839 3232 4910 acquiramus
3257 4840 3765 4896 conversationem

2120 4946 2252 5001 quze
2283 4947 2393 4985 nos
2424 4928 2499 4985 ad
2555 4929 2769 4985 cmlum
2827 4928 3109 4983 sublevet.
3175 4930 3380 4984 Utrum
3441 4929 3599 4984 enim
3647 4947 3765 4985 non

2120 5018 2469 5074 erubescitis
2493 5034 2687 5089 neque
2711 5018 3093 5075 occultamini
3148 5019 3249 5090 qui
3280 5019 3499 5075 terreni
3525 5020 3764 5090 quidem

2119 5106 2283 5162 illius
2338 5106 2655 5178 imaginem
2714 5113 2988 5178 prompto
3042 5107 3243 5163 animo
3318 5108 3763 5180 gestaverimus.

2119 5210 2462 5267 quanquam
2490 5212 2598 5251 nos
2619 5194 2895 5251 deorsum
2923 5198 3201 5259 traheret.
3225 5203 3402 5269 atque
3439 5214 3617 5272 regno
3665 5198 3764 5252 Dei

2118 5284 2391 5359 indignos
2408 5284 2745 5340 exhiberet:
2771 5285 2844 5341 ad
2869 5286 3189 5360 imaginem
3214 5294 3411 5344 autem
3436 5290 3599 5344 illius
3649 5305 3766 5343 cm-

2117 5373 2286 5430 lestis
2302 5373 2494 5429 adhuc
2518 5381 2867 5431 cunctemur
2883 5393 2950 5431 ac
2972 5375 3319 5434 diﬂ'eramus
3342 5378 3372 5433 ?
3412 5378 3765 5433 Studeamus

2117 5479 2185 5518 ac
2207 5463 2555 5518 festinemus
2573 5463 2725 5519 hanc
2741 5464 3169 5532 induere,ltanc
3182 5467 3448 5522 aemulari
3464 5468 3762 5523 cmlestem

2118 5552 2658 5621 conversationem;
2691 5570 2886 5625 neque
2917 5556 3076 5611 enim
3099 5556 3217 5612 alio
3252 5556 3425 5611 modo
3474 5555 3765 5627 contingit
