4158 6194
324 322 440 387 891

1445 317 1875 382 (ΕΟΗΜΕΝΙΙ
1918 322 2221 388 ΤΒΙΟΟΔ
2265 328 2648 393 EPISCOPI.

3606 325 3730 386 892
3763 329 3774 337 ’

329 456 592 514 nancisci
615 469 861 528 regnum
888 453 1146 510 caeleste.
1181 475 1210 504 ‹‹
1245 454 1366 511 Hoc
1395 459 1593 511 autem
1655 454 1807 522 dico,
1855 455 1967 514 fra-

2103 458 2139 514 ῖὲ
2161 481 2328 541 φημι,
2390 461 2640 544 ἀδελφοί.
2679 487 2700 513 ο
2755 461 2854 516 Διά
2906 463 3094 528 τοῦτο,
3153 454 3309 537 φησὶ,
3346 460 3518 513 ταῦτα
3549 456 3724 544 εἶπον,

331 553 470 603 tres.
508 549 885 615 «Propterea,
906 544 1123 616 inquit,
1155 545 1280 601 haec
1296 544 1438 603 dixi.
1466 553 1531 600 ut
1553 546 1794 602 discatis
1815 547 1973 618 quod

333 652 466 692 caro
491 634 829 706 etsanguis,
870 634 982 689 hoc
1023 640 1130 696 est.
1156 652 1347 707 pravas
1381 637 1661 694 actiones.
1696 653 1815 692 non
1842 654 1974 708 pos-

335 723 1482 796 suntregniDeiconsequibaareditatem
1522 726 1584 780 ld
1614 727 1789 782 etiam
1818 727 1975 798 quod

333 815 415 870 ait
438 831 450 868 :
476 813 594 868 Hoc
615 819 812 868 autem
837 813 989 874 dico.
1013 813 1244 877 fratres.
1278 815 1352 870 ad
1387 815 1606 871 variam
1654 817 1979 888 accipietur

334 901 881 974 interpretationem
902 904 1030 974 ejus
1057 903 1211 975 quod
1241 905 1581 976 praecessit:
1613 927 1640 954 «
1675 905 1976 970 Quemad-

333 991 575 1048 modum
597 992 953 1064 gestavimus
971 992 1287 1064 imaginem
1318 994 1563 1062 terreni,
1591 994 1978 1067 gestabimus,

333 1082 450 1138 sive
473 1087 795 1155 gestemus,
817 1081 1138 1154 imaginem
1189 1083 1466 1139 cmlestis.
1496 1105 1522 1132 υ
1555 1089 1665 1139 Aut
1695 1084 1854 1140 enim
1886 1100 1981 1139 ex-

337 1171 694 1228 hortationis
714 1170 832 1226 sive
855 1171 1089 1227 consilii
1111 1188 1290 1227 causa
1315 1173 1429 1228 erit
1499 1179 1563 1228 ut
1614 1173 1691 1229 sit
1720 1190 1930 1228 sensus
1963 1188 1976 1227 :

339 1263 661 1332 Propterea
684 1276 783 1314 vos
800 1259 1094 1316 admoneo
1116 1277 1184 1317 ac
1196 1261 1415 1317 suadeo
1430 1262 1501 1317 ad
1518 1262 1643 1318 haec
1687 1261 1977 1328 facienda,

340 1357 404 1407 ut
424 1350 589 1422 regni
617 1349 871 1405 cwlestis
895 1350 1300 1407 hmreditatem
1324 1352 1664 1420 accipiatis:
1699 1354 1979 1424 quoniam

339 1439 607 1496 carnales
634 1440 810 1510 etq::i
831 1456 968 1495 suos
991 1442 1238 1496 aﬂ‘ectus
1285 1449 1636 1513 sequuntur,
1681 1442 1845 1515 regni
1879 1441 1981 1497 Dei

337 1529 744 1590 hzereditatem
773 1546 892 1585 non
923 1532 1233 1603 accipient.
1267 1533 1466 1606 Neque
1498 1533 1657 1588 enim
1715 1531 1980 1588 natarale

339 1627 441 1677 aut
465 1627 934 1677 consentaneum
967 1627 1054 1676 est
1085 1627 1149 1677 ut
1179 1623 1278 1694 qui
1306 1623 1568 1696 seipsum
1599 1623 1864 1693 corrupit
1883 1626 1984 1676 aut

342 1710 767 1768 contaminavit
797 1710 1211 1770 immunditiis.
1235 1728 1442 1768 eorum
1466 1712 1709 1784 prmmia
1726 1712 1979 1768 haeredi-

339 1804 458 1855 tate
476 1799 775 1872 possideat
797 1801 896 1872 qui
935 1801 1349 1858 atTectionibus
1393 1808 1600 1857 carent
1645 1807 1748 1857 aut
1789 1802 1862 1857 ab
1895 1802 1979 1858 eis

340 1890 599 1961 corrupti
621 1905 740 1944 non
760 1896 917 1944 sunt.
943 1889 997 1944 Si
1023 1906 1159 1946 vero
1182 1890 1293 1947 hoc
1313 1891 1719 1963 acceperimus
1767 1897 1833 1947 ut
1873 1907 1976 1948 ra-

341 1979 564 2034 tionem
585 1979 1095 2050 interpretationis
1118 1979 1268 2036 data!
1296 1997 1402 2052 per
1429 1979 1671 2037 modum
1707 1980 1983 2050 docendi,

343 2085 558 2140 nempe
584 2068 741 2140 quod
763 2071 1007 2124 omnino
1038 2070 1152 2125 erit
1202 2071 1579 2139 resurrectio,
1643 2071 1820 2126 etiam
1871 2071 1983 2126 hoc

341 2159 516 2215 modo
549 2174 820 2230 magnam
851 2159 1095 2214 habebit
1124 2159 1985 2231 consequentiam.Rationabi-

344 2251 462 2306 lius
485 2250 642 2304 enim
671 2253 762 2304 est
781 2255 867 2311 ut.
889 2250 1008 2306 Hoc
1038 2255 1237 2306 autem
1271 2250 1425 2314 dico,
1483 2252 1984 2306 resurrectionem

348 2344 610 2396 astruat:
644 2338 796 2394 Illud
829 2355 987 2405 vero,
1021 2361 1048 2388 «
1083 2339 1497 2395 Hmreditatem
1529 2341 1816 2412 consequi
1865 2357 1986 2395 non

343 2433 594 2502 possunt
612 2444 626 2493 ;
644 2447 667 2479 υ
695 2427 754 2482 in
781 2428 1060 2483 lationem
1082 2445 1416 2484 sermonem
1442 2435 1730 2484 sumatur.
1754 2428 1986 2500 ldquod

345 2518 616 2581 moritur,
641 2517 1164 2588 barreditariojure
1187 2518 1558 2590 possidetur:
1585 2518 1743 2591 quod
1791 2525 1990 2574 autem

348 2607 506 2675 vivit,
539 2607 840 2679 possidet:
875 2624 1091 2680 corpus
1123 2607 1322 2678 itaque
1355 2607 1514 2679 quod
1546 2607 1816 2674 moritur,
1869 2624 1990 2664 non

348 2694 610 2766 possidet
635 2694 1140 2766 incorruptionem
1171 2710 1239 2750 ac
1269 2709 1516 2767 regnum
1545 2694 1826 2750 caelorum
1851 2711 1863 2748 :
1888 2693 1992 2749 sed

349 2784 542 2856 ipsum
574 2784 646 2839 ab
669 2783 760 2838 his
780 2783 1135 2855 possidetur,
1157 2789 1222 2838 ut
1268 2783 1371 2838 ﬁat
1417 2783 1868 2855 incorruptibile
1900 2800 1992 2838 re-

349 2873 566 2946 gnique
599 2872 1015 2944 susceptivum.
1049 2895 1075 2921 ‹‹
1112 2875 1311 2944 Neque
1357 2873 1655 2945 corruptio
1715 2872 1992 2928 incorru-

349 2962 684 3035 ptibilitatis
715 2961 1120 3018 hmreditatem
1153 2962 1424 3036 accipiet.
1463 2985 1483 3011 ι
1545 2961 1995 3035 Corruptionem

349 3051 579 3108 diciunt
607 3052 833 3108 vitium.
870 3057 1151 3124 tanquam
1179 3068 1567 3124 corrumpens
1584 3051 1799 3106 anima:
1817 3066 1994 3123 gene-

346 3142 674 3198 rositatem.
709 3144 1090 3215 Nequaquam
1113 3158 1249 3214 ergo
1268 3142 1565 3213 corruptio
1585 3141 1994 3198 hereditatem

349 3230 888 3302 incorruptibilium
920 3230 1173 3301 accipiet
1201 3246 1270 3285 ac
1299 3229 1452 3286 518
1485 3230 1776 3287 honorum
1800 3229 1988 3304 regni,

351 3337 482 3394 quae
511 3336 749 3392 semper
779 3318 989 3374 eodem
1021 3317 1196 3374 modo
1229 3324 1676 3376 conservantur.

420 3453 542 3519 XV,
576 3451 765 3506 51-53.
798 3453 933 3505 Ecce
963 3452 1278 3520 mysterium
1303 3451 1452 3506 vobis
1479 3451 1623 3506 dico.
1667 3453 1784 3506 Non
1813 3466 1995 3508 omnes

351 3540 571 3616 quidem
603 3537 953 3606 dormiemus,
988 3554 1173 3593 omnes
1228 3545 1408 3593 tamen
1465 3540 1880 3594 immuta/amur
1936 3543 1995 3594 in

343 3636 558 3705 puncto
589 3631 866 3699 temporis.
900 3629 955 3683 in
989 3635 1254 3684 momento
1288 3628 1457 3685 oculi.
1484 3628 1546 3682 in
1566 3637 1809 3683 eartrema
1841 3630 1994 3684 tuba.

361 3719 798 3780 Canetenim.et
829 3718 1035 3775 mortui
1090 3719 1503 3774 suscitabuntur
1558 3720 1888 3788 incorrupti.
1946 3723 1999 3774 et

354 3826 453 3869 nos
482 3809 916 3866 immutabimur.
950 3809 1174 3878 Oportet
1198 3810 1341 3864 enim
1370 3807 1730 3879 cormptibile
1759 3808 1858 3864 hoc
1916 3808 2000 3863 in~

357 3903 526 3958 duere
579 3899 1187 3972 incorruptibilitatem,
1237 3907 1289 3956 et
1342 3900 1574 3958 mortale
1624 3901 1725 3958 hoc
1771 3901 2001 3959 induere

357 3989 851 4046 immortalitatem.

429 4123 596 4192 Quod
625 4139 908 4182 arcanum
943 4131 1032 4182 est
1060 4125 1220 4182 dicit.
1256 4124 1528 4184 Ostendit
1577 4129 1775 4182 autem
1825 4139 2004 4196 quem

359 4229 497 4287 erga
527 4213 691 4285 ipsos
718 4220 886 4284 gerat
913 4230 1197 4277 amorem.
1230 4215 1548 4271 revelando
1582 4216 1667 4272 eis
1725 4231 1856 4286 quae
1914 4229 2003 4269 oc-

363 4304 522 4361 culta
552 4309 712 4359 sunt.
747 4328 773 4353 α
810 4306 934 4360 Non
967 4319 1176 4360 omnes
1198 4305 1436 4376 quidem
1461 4305 1827 4362 dormiemus
1872 4324 1902 4352 »
1926 4305 2008 4359 Ne

365 4393 438 4448 ob
462 4395 590 4450 hoc.
627 4393 840 4464 inquit,
861 4393 933 4448 de
960 4395 1395 4451 resurrectione
1416 4393 1673 4452 diffidas.
1698 4392 1857 4464 quod
1880 4409 2007 4448 mo-

362 4482 637 4539 riendum
672 4483 772 4548 sit,
801 4499 1136 4555 corpusque
1193 4482 1637 4539 dissolvendum
1674 4498 1687 4536 :
1734 4479 2010 4538 nonnulli

2077 549 2162 604 ἳνα
2194 551 2403 622 μάθητε
2435 542 2678 623 ὃτινσὰρξ
2712 551 2799 607 καὶ
2856 551 3019 623 αἷμα,
3077 547 3375 616 τουτέστιν,
3410 547 3462 601 αἱ
3487 542 3728 620 πονηραί

2079 639 2318 714 πράξεις,
2353 640 2415 696 οὗ
2444 639 2690 698 δῦνανται
2716 641 2816 709 τὴν
2853 637 3132 715 βασιλείαν
3164 640 3262 693 τοῦ
3291 639 3426 692 Θεοῦ
3453 632 3729 707 κληρονο-

2084 736 2274 803 μῆσαι.
2300 763 2363 772 -
2391 733 2558 806 [ΦΩΤ
2587 733 2605 805 ]
2631 729 2730 788 Καὶ
2762 730 2847 798 τὸ,
2872 755 2898 779 ‹‹
2923 731 3099 786 Τοῦτο
3131 724 3188 781 δὲ
3217 747 3388 805 φημι,
3418 723 3670 800 ἀδελφοὶ,
3697 748 3726 776 n

2079 820 2214 894 πρὸς
2246 821 2344 888 την
2405 819 2663 897 διάφορον
2723 819 3013 894 ἑρμηνείαν
3071 821 3193 884 τοῦ,
3254 815 3500 876 «Καθὼς
3532 815 3730 894 ἐφορὲ-

2082 931 2248 984 σαμεν
2278 912 2378 982 τὴν
2411 909 2592 966 είκόνα
2621 914 2718 966 τοῦ
2764 912 2979 985 χοϊκοῦ,
3012 905 3312 986 φορέσομεν
3339 903 3375 974 ἢ
3407 905 3729 984 φορὲσωμεν

2081 998 2170 1055 καὶ
2243 1001 2341 1069 τήν
2420 1000 2602 1055 εἰκόνα
2675 1003 2772 1054 τοῦ
2824 996 3166 1072 ἐπουρανίου,
3224 993 3640 1074 ἐκληφθτςσεται.
3699 1018 3730 1046 ››

2082 1093 2153 1143 ’Ή
2199 1091 2298 1163 γὰρ
2345 1095 2447 1158 τῆς
2501 1095 2822 1166 προτροπῆς
2876 1085 2966 1142 καὶ
3021 1079 3345 1158 συμϐουλῆς
3378 1083 3518 1139 ἐστιν
3561 1083 3733 1154 αἰτία,

2083 1176 2166 1234 ὅτι
2244 1179 2342 1234 Διά
2411 1181 2573 1234 τοῦτο
2648 1181 2897 1253 παραινῶ
2974 1175 3100 1249 ὑμῖν
3176 1173 3266 1229 καὶ
3368 1168 3731 1246 συμϐουλεύω

2081 1271 2248 1322 ταῦτα
2279 1273 2481 1333 ποιεῖν,
2534 1267 2625 1322 ἳνα
2676 1269 2775 1336 την
2841 1269 2948 1320 τῶν
3001 1263 3242 1336 οὐρανῶν
3270 1260 3734 1337 κληρονομήσητε

2088 1354 2387 1432 βασιλείαν,
2439 1353 2579 1412 διότι
2637 1357 2690 1412 οἱ
2771 1353 3019 1429 σαρκικοὶ
3078 1351 3170 1407 καὶ
3228 1350 3512 1424 ἐμπαθεῖς,
3575 1351 3733 1425 βασις-

2084 1445 2233 1502 λείαν
2312 1450 2446 1501 Θεοῦ
2521 1446 2586 1501 οὐ
2645 1443 3182 1519 κληρονομήσουσιν.
3257 1440 3337 1498 Οό
3409 1440 3512 1516 γὰρ
3590 1440 3729 1495 ἐστιν

2085 1536 2239 1614 cpio»
2295 1535 2329 1605 ἢ
2389 1533 2716 1591 ἀκολουθίαν
2777 1533 2928 1610 ἔχον,
2983 1530 3075 1587 ’ίνα
3137 1532 3164 1586 ὁ
3224 1530 3583 1604 κατασθείρας
3640 1530 3731 1584 καὶ

2083 1623 2512 1699 καταρῥυπώσας
2586 1623 2772 1679 ἑαυτὸν
2841 1627 2986 1688 ςταῖς
3049 1619 3425 1694 ἀκαθαρσίαις,
3490 1617 3560 1674 τά
3622 1622 3728 1673 τῶν

2084 1713 2305 1778 ἀπαθῶν
2362 1713 2453 1768 καὶ
2521 1715 2597 1786 μή
2671 1712 3120 1792 καταφθαρὲντων
3177 1713 3296 1769 τοῖς
3353 1707 3544 1764 πάθεσι
3601 1709 3734 1782 γέρα

2091 1801 2510 1878 κληρονομήσῃ.
2571 1801 2638 1859 Εἴ
2721 1799 2778 1857 δὲ
2847 1806 2947 1869 τῆς
3033 1795 3382 1875 δογματικῶς
3443 1795 3739 1871 εἰρημένης

2091 1892 2381 1966 δρμηνείας
2437 1891 2612 1948 αἰτίαν
2667 1889 2796 1946 αὐτὸ
2881 1885 3260 1960 ἐκληψόμεθα,
3311 1885 3556 1941 τουτέστι
3612 1892 3736 1956 τῆς,

2087 1983 2172 2040 ὅτι
2232 1981 2379 2038 ἔσται
2435 1981 2646 2043 πάντως
2701 1983 2736 2051 ἡ
2799 1978 3105 2043 ἀνάστασις,
3164 1975 3255 2032 καὶ
3309 1974 3481 2036 οὕτως
3513 1971 3735 2044 πολλὴν

2086 2075 2184 2144 τὴν
2248 2070 2577 2128 ἀκολουθίαν
2631 2068 2754 2142 ἔξει.
2820 2067 3396 2146 Συλλογιστικώτερον
3463 2068 3568 2142 γὰρ
3651 2066 3737 2132 τὸ,

2090 2187 2118 2215 α
2143 2166 2322 2222 Τοῦτο
2355 2159 2410 2217 δὲ
2440 2183 2606 2239 φημι,
2633 2185 2660 2212 υ
2680 2163 2780 2231 τήν
2805 2160 3083 2214 ἀνάστασιν
3115 2157 3201 2228 ε’ἲη
3235 2157 3294 2212 ἃν
3321 2154 3738 2225 κατασκευάζον,

2089 2253 2165 2310 Τὸ
2198 2252 2242 2308 δ’
2276 2253 2449 2319 ὅπως,
2479 2251 2532 2307 ὲν
2581 2257 2697 2314 τοῖς
2755 2249 3211 2322 πλατικωτὲροις.
3247 2271 3274 2298 ‹‹
3309 2245 3741 2318 Κληρονομῆσαι

2091 2343 2156 2398 οὗ
2189 2339 2460 2400 δύνανται.
2496 2366 2523 2392 η
2580 2342 2655 2399 Τὸ
2717 2341 3056 2408 ἀποθνῆσκον
3108 2336 3560 2411 κληρονομεῖται,
3591 2335 3652 2389 τὸ
3683 2331 3743 2388 δὲ

2093 2437 2197 2502 ζῶν
2231 2431 2590 2504 κληρονομεῖ.
2641 2431 2734 2485 Διὸ
2793 2428 2854 2484 οὐ
2908 2428 2970 2484 τὸ
3031 2427 3372 2496 ἀποθνῆσκον
3407 2428 3568 2498 σῶμα
3595 2421 3741 2493 κλη-

2093 2527 2316 2598 ρονομεῖ
2345 2523 2445 2592 τήν
2475 2520 2774 2599 ἀφθαρσίαν
2826 2519 2917 2573 καὶ
2960 2520 3059 2588 τήν
3122 2515 3401 2591 βασιλείαν
3430 2520 3538 2569 τῶν
3573 2513 3741 2588 οὖρα-

2091 2616 2223 2680 νῶν,
2282 2608 2408 2665 ἀλλ’
2471 2610 2604 2666 αὐτὸ
2664 2608 2768 2664 ὑπὸ
2821 2606 3027 2663 τούτων
3084 2604 3534 2678 κληρονομεῖται,
3577 2603 3652 2664 εἷς
3680 2603 3744 2658 τὸ

2092 2700 2333 2778 γενέσθαι
2364 2698 2636 2777 ἄφθαρτον
2667 2699 2758 2752 καὶ
2789 2694 3032 2752 δεκτικὸν
3062 2702 3162 2765 τῆς
3211 2691 3512 2769 βασιλείας.
3547 2717 3576 2744 ‹‹
3609 2689 3749 2750 Οὖδὶ

2096 2794 2130 2860 ἡ
2165 2791 2337 2870 φθορά
2373 2790 2473 2858 την
2532 2789 2830 2866 ἀφθαρσίαν
2882 2785 3243 2859 κληρονομεῖ.
3275 2809 3302 2838 »
3337 2784 3552 2859 Φθοράν
3591 2803 3749 2860 φησι,

2098 2882 2198 2950 τὴν
2271 2881 2484 2948 κακίαν,
2561 2879 2635 2941 ὡς
2710 2877 3168 2955 καταφθείρουσαν
3258 2875 3318 2930 τὸ
3389 2880 3489 2942 τῆς
3562 2876 3750 2946 ψυχῆς

2099 2970 2330 3045 εὐγενές.
2388 2968 2501 3026 Οὐκ
2567 2968 2627 3023 ἂν
2694 2969 2786 3023 οὗν
2863 2969 2897 3036 ὴ
2974 2965 3148 3044 φθορά
3220 2962 3630 3038 κληρονομήσει
3685 2960 3753 3015 τὰ

2102 3057 2368 3139 ἄφθαρτα,
2427 3059 2518 3115 καὶ
2573 3058 2657 3113 ἀεὶ
2733 3055 2991 3118 ὡσαύτως
3068 3052 3265 3134 ἔχοντα
3317 3059 3419 3122 τῆς
3477 3048 3757 3126 βασιλείας

2029 3189 2071 3254 C
2103 3151 2292 3225 ἀγαθά.

2177 3451 2315 3512 Ἰδοὺ
2396 3451 2694 3525 μυστήριον
2770 3449 2897 3521 ὑμῖν
2972 3445 3139 3523 λέγω.
3217 3443 3422 3504 Πάντες
3518 3442 3611 3515 μὶν
3690 3437 3752 3495 οὔ

2103 3541 2580 3615 κοιμηθησόμεθα,
2711 3541 2901 3598 πάντες
3016 3532 3073 3591 δὲ
3172 3531 3597 3609 ἀλλαγησόμεθα
3700 3528 3752 3583 ἐν

2105 3631 2321 3703 ἀτόμῳ,
2401 3631 2452 3684 ἐν
2533 3629 2666 3703 ῥιπῇ
2746 3623 3059 3707 όιρθαλμοῦ,
3115 3622 3168 3679 ἐν
3234 3625 3302 3693 τῇ
3361 3622 3564 3695 ἐσχάτῃ
3607 3615 3751 3674 σάλ-

2107 3743 2290 3798 πιγγι.
2350 3718 2616 3776 ΣαΛπίσει
2675 3717 2801 3794 γὰρ,
2855 3714 2946 3770 καὶ
3005 3714 3057 3768 oi.
3114 3711 3293 3784 νεκροὶ
3369 3710 3754 3798 ἐγερθήσονται

2107 3795 2400 3883 ἄφθαρτοι,
2484 3805 2573 3860 καὶ
2659 3806 2824 3878 ἡμεῖς
2879 3801 3328 3878 ἀλλαγησόμεθα.
3392 3804 3481 3856 Δεῖ
3532 3799 3634 3873 γὰρ
3692 3795 3754 3852 τὸ

2109 3899 2343 3978 φθαρτὸν
2443 3895 2604 3952 τοῦτο
2707 3891 3026 3957 ἐνδύσασθαι
3099 3890 3421 3973 ἀφθαρσίαν,
3523 3888 3613 3945 καὶ
3697 3886 3760 3941 τὸ

2109 3991 2304 4062 θνητὸν
2333 3987 2494 4044 τοῦτο
2519 3983 2834 4049 ἐνδύσασθαι
2864 3983 3170 4042 ἀθανασίαν.

2182 4130 2521 4209 Ἀπόῤῥητόν
2585 4149 2739 4200 φησι.
2801 4128 3044 4186 Δείκνυσι
3101 4123 3164 4182 δὶ
3216 4126 3317 4195 τὴν
3371 4123 3507 4199 πρὸς
3559 4121 3760 4182 αὐτοὺς

2112 4223 2350 4298 ἀγάπην,
2414 4220 2474 4278 in
2523 4224 2619 4275 τοῦ
2679 4217 2961 4294 ἔιπόῤῥητα
3016 4213 3201 4272 αὐτοῖς
3259 4212 3517 4287 ξκλέγειν.
3555 4239 3580 4262 «ι
3621 4210 3758 4266 Ilz'v'

2111 4333 2200 4373 τες
2237 4313 2330 4386 μὲν
2383 4309 2444 4365 οὗ
2501 4307 2978 4381 κοιμηθησόμεθα.
3017 4329 3044 4356 ››
3102 4305 3191 4373 Μὴ
3221 4301 3312 4359 διὰ
3362 4305 3545 4366 τοῦτο,
3576 4302 3760 4378 φησίν,

2113 4401 2328 4457 ἀπίστει
2384 4404 2452 4471 τῇ
2506 4399 2806 4464 ἀναστασει,
2868 4392 2956 4450 ’διά
3005 4394 3068 4449 τὸ
3129 4389 3353 4465 μέλλειν
3398 4389 3758 4458 ἀποθνήσκειν

2115 4491 2206 4548 καὶ
2266 4488 2602 4545 διαλύεσθαι.
2654 4485 2770 4542 Εἰσὶ
2828 4485 2929 4559 γὰρ
2981 4501 3119 4543 τινες
3184 4479 3308 4537 τότε
3358 4477 3758 4550 εὑρισκόμενοι,

365 4573 522 4628 enim
555 4577 697 4628 tunc
730 4572 1105 4645 reperientur
1127 4573 1226 4643 qui
1258 4588 1332 4627 ne
1365 4572 1698 4626 moriantur
1741 4570 1984 4642 quidem

2115 4574 2172 4632 οἵ
2204 4575 2266 4630 οῦ
2302 4576 2376 4647 μὴ
2412 4574 2772 4636 ἀποθάνωσιν,
2824 4566 2952 4624 ἀλλ’
2999 4569 3152 4639 ὅμως
3202 4566 3305 4622 οὐκ
3331 4563 3544 4635 ἀρκέσει
3576 4561 3760 4622 αὐτοῖς

362 4666 625 4717 attamen
647 4663 760 4718 hoc
781 4678 903 4718 non
931 4661 1076 4718 satis
1098 4661 1212 4716 erit
1231 4661 1350 4715 illis
1365 4660 1439 4716 ad
1455 4659 2006 4720 ressurrectionem,

362 4748 478 4804 nisi
511 4749 901 4806 immutantur
923 4757 982 4807 et
1023 4751 1096 4807 ad
1144 4749 1651 4805 immortalitatem
1677 4753 2006 4804 transeant.

363 4838 434 4892 Et
451 4839 951 4908 quemadmodum
971 4839 1122 4895 nihil
1145 4839 1265 4894 illis
1287 4839 1517 4895 confert
1537 4838 1611 4894 ad
1632 4838 2012 4894 resurrectio-

367 4942 507 4982 nem
533 4942 655 4980 non
689 4929 860 4992 mori,
888 4930 969 4984 ita
998 4946 1192 5000 neque
1224 4929 1395 4984 nobis
1427 4930 1666 4985 nocebit
1699 4931 1851 4985 mori
1896 4929 2013 4985 Alii

367 5031 505 5070 vero
524 5016 878 5072 aiuntillum
897 5017 1144 5074 dixisse:
1171 5021 1295 5074 Non
1326 5019 1794 5086 dormiemus,de
1841 5019 2016 5092 longa

367 5109 578 5162 morte.
602 5105 769 5177 quasi
785 5107 1164 5178 corruptione
1181 5123 1248 5164 ac
1262 5108 1651 5166 dissolutione
1665 5126 1812 5182 opus
1835 5115 2008 5164 esset.

324 5182 342 5198 ’
370 5193 1240 5266 Siquideminindivisibilisive
1256 5205 1475 5270 puncto
1507 5199 1812 5272 temporis.
1865 5205 1923 5254 et
1951 5199 2015 5254 in

371 5289 673 5340 momento
706 5284 862 5340 oculi
896 5285 1013 5341 sive
1045 5286 1209 5342 nictu
1238 5293 1298 5343 et
1325 5295 1480 5342 motu
1540 5289 1854 5362 subitoque
1901 5288 2017 5344 im-

368 5377 508 5444 petu
541 5378 597 5427 et
625 5373 776 5428 mori
810 5379 868 5429 et
896 5391 1224 5449 resurgere,
1249 5392 1322 5431 ne
1341 5376 1760 5433 dormitionem
1775 5377 2016 5449 quidem

374 5478 503 5518 esse
532 5462 757 5518 dicunt.
794 5486 820 5514 ‹‹
855 5469 918 5519 In
950 5470 1170 5537 puncto
1230 5465 1535 5535 temporis.
1597 5466 1658 5520 in
1715 5473 2017 5522 momento

375 5549 554 5606 oculi.
582 5573 608 5599 »
643 5553 732 5607 An
764 5568 838 5607 ne
869 5553 1050 5608 etiam
1083 5553 1192 5607 hoc
1224 5550 1397 5607 modo
1424 5551 1758 5625 intelligere
1783 5553 2022 5610 licebit?

375 5639 478 5697 sed
497 5657 684 5712 pauca
707 5648 845 5698 ante
874 5641 1243 5698 intellectum
1267 5639 1564 5696 narranda
1581 5646 1738 5697 sunt.
1765 5644 2022 5715 Evange-

2119 4645 2405 4722 τοῦτο-εῗς
2463 4661 2563 4727 την
2619 4657 2927 4720 ἀνάστασιν,
2987 4653 3074 4710 ἐὰν
3137 4653 3215 4727 μή
3247 4645 3762 4725 ἀλλαγῶσικαὶεἷς

2118 4750 2405 4815 ἀθανασίαν
2461 4745 2683 4804 ἔλθωσι.
2746 4745 2842 4800 Καὶ
2900 4741 3082 4818 ὥσπερ
3140 4740 3359 4802 ἐκείνοὶς
3399 4739 3464 4794 οὐ
3514 4731 3764 4810 συμϐάλ-

2121 4838 2441 4913 λεταιπρὸς
2499 4839 2599 4904 τήν
2656 4835 2936 4890 ἀναστασιν
2995 4833 3057 4888 τὸ
3115 4832 3192 4907 μὴ
3252 4831 3560 4893 ἀποθανεῖν,
3593 4825 3767 4886 οὕτως

2123 4927 2252 4986 οόδέ
2277 4912 2426 5000 ἡμᾶς
2475 4924 2676 5001 βλάψει
2729 4921 2791 4978 τὸ
2851 4922 3156 4977 ἀποθανεῖν.
3189 4916 3392 4976 Ἀλλοι
3425 4913 3480 4971 δὲ
3509 4915 3595 4981 τὸ,
3634 4936 3654 4963 ι
3689 4912 3766 4970 Οὐ

2121 5015 2604 5090 κοιμηθησόμεθα,
2658 5037 2683 5063 n
2736 5010 2888 5088 φασὶ,
2941 5010 3064 5083 περὶ
3116 5011 3213 5062 τοῦ
3273 5008 3484 5080 μακροῦ
3541 5003 3768 5090 θανάτου

2125 5089 2283 5162 αὐτὸν
2316 5105 2590 5180 εἰρηκέναι
2630 5101 2769 5158 ὥστε
2833 5103 3035 5178 φθορᾶς
3090 5096 3181 5152 καὶ
3239 5091 3537 5155 διαλυσεως
3570 5089 3772 5162 δεηθῆ-

2123 5216 2228 5254 ναι.
2279 5179 2513 5269 Τὸνγάρ
2571 5189 2622 5247 ἐν
2679 5191 2893 5263 ἀτόμῳ,
2950 5185 3117 5263 ἤγουν
3176 5182 3228 5239 ἐν
3285 5185 3516 5257 στιγμῇ.
3550 5179 3605 5237 ἰν
3637 5180 3770 5256 ῥιπῇ

2126 5282 2438 5357 ὀφθαλμοῦ,
2469 5280 2642 5358 ἤγουν
2699 5283 2839 5358 φορᾷ
2895 5276 2983 5331 καὶ
3037 5275 3270 5344 κινήσει.
3323 5271 3411 5326 καὶ
3456 5272 3604 5346 ὁρμῇ
3638 5271 3775 5324 ἀπο-

2125 5377 2298 5430 θανεῖν
2356 5372 2446 5427 καὶ
2504 5373 2818 5440 ἀναστῆναι,
2877 5364 3008 5422 οὐδὲ
3075 5363 3334 5437 κοίμησιν
3395 5362 3531 5418 εἶναι
3591 5381 3772 5434 φασιν.

2129 5487 2157 5515 ‹‹
2187 5464 2272 5519 Ἐν
2303 5461 2517 5533 ἀτόμῳ,
2568 5458 2619 5514 ἐν
2674 5457 2807 5534 ῥιπῇ
2866 5453 3176 5533 ὀφθαλμοῦ.
3212 5475 3238 5501 ››
3299 5451 3442 5524 ’Ἄρα
3475 5451 3551 5522 μὴ
3585 5447 3658 5504 ἔνι
3685 5447 3774 5502 καὶ

2129 5551 2304 5616 οὕτως
2341 5553 2529 5617 νοῆσαι
2557 5569 2570 5619 ;
2621 5548 2787 5624 μικρά
2815 5544 2872 5601 δὲ
2901 5538 3321 5623 προαφηγητέον
3351 5543 3449 5596 τοῦ
3475 5541 3772 5624 νοήματος.

2126 5641 2190 5697 '0
2221 5622 2920 5713 céayyshcrﬁc’lmévvnc,
2953 5629 3116 5709 φησὶν
3167 5625 3218 5680 ὄιν
3279 5629 3346 5700 τῇ
3377 5622 3776 5697 Ἀποκαλύψει,
