4158 6194
329 364 452 454 ass

1313 365 1712 432 COMMENT.
1759 371 1844 433 1N
1892 367 2139 430 EPIST.
2186 367 2210 428 Ι
2256 368 2362 429 AD
2405 363 2771 430 CORINTH.

3627 373 3773 437 894‘-

334 497 586 562 τὸτέλος
619 503 737 562 τοῖς
791 497 1126 575 ἀνθρώποις,
1182 501 1258 575 μὴ
1320 499 1408 580 ὑφ’
1460 499 1516 557 ἓν
1569 507 1733 559 πᾶσιν
1789 499 1983 580 έπάγε-

2101 501 2240 559 lista
2258 502 2512 557 Joannes
2534 500 2616 556 ait
2636 500 2695 556 in
2717 501 3067 574 Apocalypsi
3088 500 3133 539 ⁶¹
3185 503 3367 560 ﬁnem
3396 503 3742 566 hominibus

338 591 477 652 σθαι,
512 588 658 644 ἀλλά
687 589 821 645 κατά
855 589 1020 664 μέρος
1051 589 1191 664 έλὲῳ
1250 597 1410 662 Θεοῦ,
1454 592 1547 647 ’ἱνα
1597 597 1704 648 τῶν
1749 593 1985 666 πρώτων

335 677 759 752 ἀπολλυμένων,
814 679 866 735 οἱ
928 678 1443 754 ὑπολιμπανόμενοι
1500 686 1580 754 τῷ
1665 677 1822 760 φόϐῳ
1877 682 1985 738 τῶν

331 768 834 841 προαναλωθέντων
865 769 942 832 εἷς
987 771 1272 842 μετάνοιαν
1319 765 1540 835 ἔλθωσι.
1601 773 1759 847 Λέγει
1813 769 1870 827 δὲ
1923 761 1986 826 τό

339 856 523 933 δόγμα
549 863 712 914 τοῦτο
742 858 795 915 ἐν
819 863 887 933 τῇ
922 859 1076 916 λύσει
1104 867 1205 929 τῆς
1255 855 1501 933 ἑϐδόμης
1549 857 1844 938 σφραγῖδος
1887 860 1986 916 τοῦ

343 941 585 1023 βιϐλίου.
618 954 711 1004 Ὧν
745 949 924 1010 οὕτως
967 949 1225 1023 ἐχόντων,
1249 951 1462 1020 νοήσεις
1493 949 1557 1003 τὸ
1583 973 1611 1000 ι(
1639 951 1723 1006 Ἐν
1748 948 1941 1024 ἀτόμῳ
1960 973 1985 1000 ι)

331 1038 444 1104 καὶ,
480 1059 504 1084 α
537 1039 625 1094 Ἐν
660 1036 794 1113 ῥιπῇ
849 1037 1164 1117 ὀφθαλμοῦ,
1199 1060 1227 1090 »ι
1285 1038 1421 1093 κατά
1477 1040 1660 1092 κοινοῦ
1716 1037 1985 1113 εἰρῆσθαι,

334 1125 424 1182 καὶ
467 1127 604 1202 πρὸς
661 1125 727 1182 τά
780 1123 875 1182 δύο
934 1127 1212 1199 ἁρμόζειν,
1275 1125 1370 1182 ’ἱνα
1426 1125 1462 1202 ᾖ
1527 1125 1722 1188 οὕτως·
1784 1128 1986 1188 Πάντες

339 1216 436 1290 μὶν
539 1216 604 1272 οὗ
699 1216 1180 1289 κοιμηθησόμεθα,

335 1306 544 1379 ἀνόμῳ,
646 1304 696 1360 έν
775 1306 910 1381 ῥιπῇ
986 1305 1296 1383 ὀφθαλμοῦ,
1371 1304 1462 1363 διὰ
1535 1308 1598 1362 τὸ
1672 1307 1807 1364 κατὰ
1885 1306 1984 1382 μέ-

336 1415 428 1469 ρος
461 1393 752 1468 ἐπάγεσθαι
792 1395 855 1450 τὸ
908 1393 1090 1463 τέλος,
1142 1398 1277 1452 κατά
1313 1395 1404 1453 τόν
1457 1398 1624 1474 λόγον
1673 1405 1774 1468 τῆς
1818 1399 1984 1454 Ἀπο-

334 1483 625 1560 καλόψεως
710 1484 899 1548 πάντες
959 1486 1139 1557 μέντοι
1224 1486 1653 1561 ἀλλαγησόμεθα
1734 1487 1788 1544 έν
1864 1486 1986 1543 ἀτό-

339 1595 450 1649 μῳ,
503 1573 556 1629 έν
613 1574 748 1650 ῥιπῇ
808 1574 1119 1649 ὀφθαλμοῦ,
1178 1574 1230 1632 έν
1282 1581 1352 1651 τῇ
1416 1576 1620 1653 ἐσχάτῃ
1690 1580 1979 1654 σάλπιγγι.

337 1665 409 1721 Αἱ
469 1663 563 1737 μὶν
619 1665 720 1739 γάρ
774 1669 986 1736 πρῶται
1045 1664 1346 1741 σάλπιγγες
1401 1666 1538 1724 ἱπτά
1609 1664 1764 1722 οὖσαι
1844 1667 1985 1722 κατά

336 1752 437 1821 τήν
467 1751 862 1827 Ἀποκάλυψιν,
904 1754 1007 1810 οὐκ
1063 1753 1326 1831 ἀγείρουσι
1372 1755 1500 1818 τοὺς
1544 1755 1784 1828 νεκροὺς,
1835 1752 1984 1811 ἀλλά

1258 1216 1374 1272 οἶον
1449 1215 1860 1291 ἀποθανούμεθα
1934 1215 1986 1273 έν

338 1839 656 1898 συντελοῦσι
710 1843 840 1906 τοὺς
891 1842 1233 1918 ἀνθρώπους.
1286 1848 1346 1902 Ἦ
1403 1843 1460 1901 δὲ
1506 1843 1793 1902 τελευταία
1847 1843 1986 1900 σάλ-
2016 1880 2062 1946 Β

341 1933 492 2005 πιγξ,
524 1936 674 1986 ποιεῖ
698 1932 800 2002 τήν
833 1951 891 1986 τε
946 1927 1150 2008 ἔγερσιν
1204 1933 1293 1989 καῖ
1349 1935 1448 2003 τὴν
1508 1931 1814 2008 ἐναλλαγήν
1870 1939 1980 1990 τῶν

337 2019 446 2092 ⁴ἢδη
478 2021 817 2078 ἀναστάντων
879 2023 930 2078 ἐν
988 2023 1182 2097 ἀτόμῳ
1227 2023 1320 2080 καὶ
1379 2024 1432 2081 έν
1486 2024 1632 2103 ῥοπῇ
1693 2023 1982 2103 ὀφθαλμοῦ

338 2109 431 2166 σὺν
457 2114 526 2184 τῇ
565 2111 756 2170 κτίσει.
818 2111 914 2167 Καὶ
970 2114 1071 2187 γάρ
1129 2114 1219 2168 καὶ
1276 2116 1311 2184 ἡ
1369 2113 1540 2176 κτίσις
1605 2112 1982 2188 ἀλλαγήσεται

330 2205 431 2268 τῆς
463 2205 687 2278 φθαρᾶς,
719 2199 796 2261 είς
824 2203 923 2269 τήν
955 2198 1259 2276 ἐλευθερίαν
1291 2209 1390 2272 τῆς
1423 2201 1584 2277 δόξης
1608 2207 1718 2258 τῶν
1777 2202 1979 2258 τέκνων

325 2293 426 2345 τοῦ
479 2293 633 2359 Θεοῦ,
665 2291 842 2352 καθὼς
889 2289 940 2345 ἐν
970 2295 1040 2364 τῇ
1072 2292 1209 2366 πρὸς
1242 2292 1545 2366 Ῥωμαίους
1599 2294 1768 2348 εἶπεν.
1831 2317 1858 2344 «ι
1893 2293 1980 2348 Ἐν

324 2377 539 2452 ἀτόμῳ.
574 2404 599 2429 »ι
631 2379 734 2436 Καὶ
765 2379 828 2434 τὸ
858 2377 1160 2454 παράδοξόν
1200 2402 1386 2456 φησιν,
1440 2381 1523 2437 ὅτι
1569 2386 1801 2437 τοσαῦτα
1853 2382 1979 2436 θαύ-

329 2489 470 2543 ματα
509 2467 562 2524 έν
589 2467 859 2543 άκαριαίῳ
889 2464 1039 2526 ἔσται
1093 2472 1280 2546 χρόνῳ
1313 2472 1426 2544 ἅμα
1481 2479 1548 2542 τῆ
1592 2475 1690 2541 τῆς
1747 2470 1977 2548 σάλπιγ-

321 2579 420 2636 γος
446 2558 588 2633 ἠχῆ.
623 2591 692 2601 -
721 2559 1048 2635 Ἐρώτησις.
1078 2559 1300 2631 Ἐπειδή
1334 2561 1470 2618 κατά
1517 2582 1636 2616 τινα
1687 2567 1790 2617 τῶν
1836 2562 1978 2618 ἅντι-

325 2650 553 2725 γράφων
586 2645 900 2722 περιέχεται
930 2653 1027 2704 τοῦ
1057 2649 1424 2710 Ἀποστόλου.
1455 2676 1482 2702 ιε
1517 2649 1717 2713 Πάντες
1745 2653 1838 2723 μὲν
1867 2671 1978 2706 κοιο

332 2736 718 2809 μηθησόμεθα,
740 2736 806 2792 οὗ
827 2738 1025 2801 πάντες
1057 2737 1114 2795 δὲ
1142 2738 1592 2815 ἀλλαγησόμεθα.
1619 2764 1648 2793 ››
1683 2742 1830 2798 Κατά
1857 2761 1980 2796 τινα

329 2823 409 2893 δὲ,
443 2851 472 2878 ι(
503 2833 622 2884 Ὅτι
652 2826 848 2889 πάντες
885 2828 979 2900 μὶν
1020 2829 1083 2884 οὐ
1122 2830 1600 2904 κοιμηθησόμεθα,
1663 2831 1862 2891 πάντες
1921 2827 1980 2884 δέ

328 2914 780 2992 ἀλλαγησόμεθα,
812 2941 841 2968 ››
873 2916 1178 2991 παρακαλῶ
1212 2925 1399 2993 μαθεῖν
1431 2920 1590 2974 ποίαν
1621 2917 1705 2974 δεῖ
1733 2923 1839 2973 τῶν
1901 2917 1983 2974 ἐκ·

329 3003 532 3062 δόσεων
564 3005 829 3084 ἐγκρῖναι,
861 3007 951 3061 καὶ
982 3006 1034 3062 τί
1060 3007 1126 3063 τά
1173 3006 1234 3062 ἐκ
1276 3010 1484 3065 τούτων
1540 3006 1878 3079 δηλούμενα.
1910 3039 1981 3051 -

329 3096 666 3170 Ἀπόκρισις.
708 3097 886 3168 Οἶμαι
937 3098 1023 3153 ’ὁτι
1069 3099 1186 3154 καθ’
1232 3099 1483 3174 ἑκατέραν
1529 3104 1637 3154 τῶν
1690 3095 1976 3154 ἒκδόσεωψ

326 3181 519 3253 ἐπειδὴ
577 3185 667 3240 καὶ
712 3185 778 3240 τά
853 3186 1062 3262 ἀρχαῖα
1112 3191 1221 3243 τῶν
1293 3187 1661 3264 ἀντιγράφων,
1731 3187 1827 3249 τάς
1882 3184 1979 3242 δύο

325 3273 697 3355 περιέχουσιν·
734 3269 968 3338 εὐσεϐῶς
1013 3273 1070 3332 δέ
1123 3297 1208 3339 τις
1266 3271 1647 3350 ἐκλαμϐάνων,
1699 3279 1796 3332 τοῦ
1843 3276 1982 3332 ἀπο-

326 3361 589 3419 στολικοῦ
619 3362 719 3418 οὐκ
757 3364 1106 3420 ἀποπεσεῖται
1163 3369 1393 3420 σκοποῦ·
1444 3365 1580 3420 κοιτά
1627 3365 1721 3438 μὶν
1774 3365 1866 3420 οῦν
1893 3363 1980 3435 τό,

327 3477 360 3514 εί
394 3455 591 3515 Πάντες
646 3453 1130 3528 κοιμηθησόμεθα,
1188 3457 1251 3512 οὐ
1308 3457 1502 3518 πάντες
1558 3451 1616 3510 8‘s
1674 3453 1981 3530 ἀλλαγησόο

330 3553 490 3616 μεθα,
525 3567 552 3594 ››
584 3543 729 3598 οὕτω
783 3544 896 3618 χρή
958 3549 1123 3613 νοεῖν,
1182 3542 1266 3600 ὅτι
1304 3547 1496 3608 πάντες
1561 3545 1680 3617 μὲν,
1735 3545 1834 3612 τήν
1895 3540 1984 3598 διά

331 3634 565 3697 θανάτου
624 3633 885 3707 κοίμησιν
946 3633 1348 3709 ὑπομενοῦμενζ
1402 3634 1467 3689 οὗ
1525 3635 1716 3696 πάντες
1774 3632 1831 3689 Si
1881 3635 1980 3703 τήν

331 3718 606 3791 δόξανκαὶ
648 3721 748 3790 τήν
810 3719 1119 3797 παρρησίαν
1180 3719 1648 3796 ἀπαλλαξόμεθα,
1709 3717 1842 3798 ὅπερ
1892 3722 1984 3778 αὐ-

328 3809 425 3871 τὸς
456 3808 795 3871 Ἀπόστολος
827 3808 878 3864 ἐν
919 3808 1079 3884 ἄλλῳ
1133 3809 1316 3880 τίθησι
1365 3810 1582 3890 φάσκων
1635 3811 1982 3889 σαφέστερον,

331 3922 364 3950 ε(
400 3897 564 3975 Εἴπερ
603 3900 690 3954 καὶ
721 3898 1095 3974 ὀνδυσάμενοι,
1128 3903 1194 3960 οὐ
1248 3903 1445 3979 γυμνοὶ
1495 3903 1919 3979 εὑρεθησόμεθα.
1955 3927 1984 3954 »

330 3991 483 4049 Κατά
512 3988 570 4046 δῖε
597 3992 683 4061 τὸ,
724 4013 746 4041 ε
778 3992 855 4049 υῦ
886 3992 1085 4056 πάντες
1144 3994 1212 4066 μὶ
1255 3995 1742 4069 κοιμηθησόμεθα,
1789 3994 1986 4057 πάντες

329 4075 390 4134 δέ
420 4077 874 4154 ἀλλαγησομεθα,
907 4103 934 4133 ››
969 4081 1112 4138 οὕτω
1146 4085 1260 4164 χρὴ
1294 4080 1633 4159 ἐκδέχεσθαι.
1664 4084 1750 4140 ’ὁτι
1781 4083 1875 4158 μὶν
1922 4082 1984 4138 οὗ

327 4170 786 4242 κοιμηθησόμεθα
819 4171 920 4240 τήν
949 4173 1220 4251 χρονικὴν
1257 4173 1545 4248 κοίμησιν,
1596 4172 1736 4229 ὥστε
1784 4171 1989 4244 δεηθῆ-

323 4279 414 4314 ναι
442 4267 617 4340 ταφῆς
647 4261 736 4316 καὶ
770 4259 978 4324 λύσεως
1015 4270 1116 4332 τῆς
1150 4261 1227 4325 εἷς
1259 4264 1482 4336 φθαράν,
1516 4262 1662 4319 ἀλλά
1721 4262 1986 4336 σόντομον

325 4349 422 4405 τὸν
478 4350 704 4412 θάνατον
765 4352 817 4406 οἱ
868 4351 994 4407 τότε
1048 4351 1430 4426 εὑρισκόμενοι
1498 4353 1854 4425 ὑπομετοῦσι,
1909 4352 1985 4424 μὴ

328 4433 581 4510 δεόμενοι
649 4445 920 4520 χρονικῆς
979 4443 1322 4513 κοιμήσεως,
1384 4437 1474 4496 διὰ
1526 4442 1626 4509 τήν
1685 4438 1990 4515 παραυτίκα

324 4527 614 4602 γινομένην
660 4528 965 4597 ἀνάστασιν,
1015 4528 1209 4592 πάντες
1257 4526 1317 4585 δέ
1356 4527 1787 4603 ἀλλαγήσονται,
1835 4546 1993 4585 τουτ·

2096 608 2215 647 non
2244 590 2418 646 simul
2451 589 2729 646 omnibus
2761 589 2984 650 induci.
3017 590 3120 645 sed
3178 591 3278 647 Dei
3336 594 3745 654 misericordia

2097 681 2385 754 paulatim
2417 699 2485 737 ac
2517 681 2892 753 pedentium:
2928 688 2993 738 ut
3014 684 3309 754 prioribus
3332 689 3740 756 pereuntibus,

2098 771 2199 844 qui
2231 771 2674 842 relinquuntur,
2707 771 2918 826 timore
2950 772 3112 844 prius
3150 783 3637 846 consumptorum
3668 779 3742 834 ad

2094 860 2571 932 resipiscentiam
2605 859 2864 915 veniant.
2902 861 3188 930 Loquitur
3214 869 3412 919 autem
3431 865 3506 919 ob
3529 865 3742 939 dogma

2097 950 2169 1006 de
2199 950 2494 1006 solutione
2526 951 2759 1022 septimi
2795 951 2970 1024 sigilli
3007 952 3159 1008 libri.
3193 954 3330 1018 Qum
3363 971 3492 1010 cum
3547 958 3627 1012 ita
3680 975 3742 1013 se

2095 1040 2372 1097 habeant.
2397 1039 2694 1113 intelliges
2717 1040 3105 1111 quoddicilur
3129 1058 3141 1096 :
3169 1063 3197 1092 »
3220 1043 3284 1098 In
3333 1051 3554 1114 puncto
3590 1053 3740 1103 tem-

2095 1130 2257 1203 poris
2289 1135 2347 1185 et
2377 1129 2438 1184 in
2471 1135 2773 1184 momento
2806 1129 2982 1184 oculi,
3021 1152 3048 1179 ιι
3082 1133 3384 1186 communi
3416 1134 3592 1190 modo
3649 1136 3742 1192 di-

2094 1227 2254 1278 ctum
2286 1237 2441 1287 esse,
2474 1227 2532 1277 et
2561 1221 2637 1276 ad
2668 1221 2784 1277 duo
2815 1221 3003 1293 aptari
3041 1221 3160 1276 sive
3191 1223 3421 1284 referri.
3456 1231 3524 1280 ut
3553 1226 3744 1284 sithic

2096 1328 2346 1367 sensus:
2381 1313 2505 1366 Non
2537 1327 2745 1366 omnes
2776 1310 3012 1382 quidem
3049 1312 3416 1369 dormiemus
3449 1315 3569 1370 sive
3618 1332 3744 1374 Πιο-

2094 1403 2319 1458 riemur
2347 1401 2408 1456 in
2431 1407 2652 1472 puncto
2678 1401 2986 1472 temporis,
3010 1401 3066 1456 in
3090 1402 3258 1458 nictu
3275 1404 3452 1470 oculi,
3477 1421 3546 1461 eo
3584 1407 3743 1476 quod

2095 1491 2315 1548 sensim
2349 1489 2664 1548 inducatur
2693 1507 2830 1546 mox
2851 1491 3023 1560 juxta
3051 1491 3292 1547 verbum
3327 1495 3740 1567 Apocalypsis:

2094 1583 2310 1640 Omnes
2343 1588 2542 1639 tamen
2570 1580 3023 1638 immutabimur
3052 1583 3113 1638 in
3159 1590 3378 1654 puncto
3430 1587 3738 1658 temporis,

2091 1673 2154 1732 in
2185 1678 2484 1730 momento
2511 1671 2690 1738 oculi,
2723 1672 2785 1726 in
2817 1678 3072 1728 extrema
3103 1674 3260 1730 tuba.
3308 1675 3464 1731 579
3524 1677 3735 1731 Primaa

2093 1762 2388 1836 siquidem
2421 1761 2596 1829 tuba,
2630 1778 2764 1817 cum
2794 1767 3019 1834 septem
3053 1769 3253 1819 essent
3294 1764 3465 1834 juxta
3511 1765 3735 1834 Apoca-

2091 1852 2332 1926 lypsim,
2366 1867 2486 1908 non
2519 1851 2810 1908 suscitant
2842 1859 3094 1917 mortus,
3127 1851 3232 1907 sed
3288 1853 3613 1908 conficiunt
3668 1870 3736 1908 ac

2094 1942 2447 1998 interimunt
2475 1940 2782 1996 homines:
2807 1946 3072 1996 extrema
3091 1957 3225 1996 vero
3258 1941 3399 1997 tuba
3427 1942 3739 1998 suscitabit

2093 2048 2161 2088 ac
2177 2029 2514 2088 immutabit
2537 2046 2637 2085 eos
2659 2030 2902 2102 quijam
2949 2031 3384 2086 resurrexerint
3423 2031 3485 2085 in
3516 2037 3735 2102 puncto

2095 2119 2378 2192 temporis
2400 2119 2539 2174 etin
2583 2125 2888 2174 momento
2934 2119 3088 2174 oculi
3118 2135 3239 2176 una
3269 2136 3402 2174 cum
3443 2127 3734 2176 creatura.

2092 2212 2238 2266 Nam
2269 2215 2328 2264 et
2356 2219 2628 2264 creatura
2685 2207 3097 2263 immutabitur
3152 2225 3186 2263 a
3239 2209 3618 2279 corruptione
3677 2209 3739 2265 in

2091 2297 2427 2354 libertatem
2450 2296 2651 2368 gloria:
2675 2295 2933 2352 ﬁliorum
2963 2296 3083 2352 Dei.
3111 2297 3267 2352 sicut
3289 2299 3349 2352 in
3375 2298 3639 2370 Epistola
3665 2299 3739 2354 ad

2090 2389 2390 2444 Romanos
2422 2385 2655 2440 dixit”.
2697 2406 2726 2436 «
2756 2386 2820 2440 ln
2863 2393 3080 2456 puncto
3142 2388 3446 2457 temporis.
3506 2409 3534 2437 »
3595 2390 3738 2443 Rem

2090 2478 2269 2532 etiam
2294 2475 2704 2532 admirandam
2737 2474 2880 2530 dixit
2915 2474 3071 2546 quod
3104 2482 3266 2532 tanta
3306 2477 3594 2534 miracula
3623 2478 3739 2532 im-

2090 2565 2463 2640 perceptibili
2488 2572 2666 2620 erunt
2687 2570 2952 2636 tempore
2983 2566 3163 2620 simul
3195 2583 3326 2622 curn
3363 2583 3509 2622 sono
3529 2567 3685 2622 tubae
3721 2584 3734 2622 :

2087 2687 2157 2699 —
2192 2657 2556 2725 Interrogatio
2609 2654 2897 2719 Quoniam
2917 2655 3092 2726 juxta
3123 2655 3394 2725 quaadam
3437 2656 3735 2726 exempla-

2088 2746 2195 2813 ria,
2222 2744 2522 2801 habentur
2549 2743 2676 2798 heec
2707 2743 2972 2814 Apostoli
3003 2742 3180 2798 verba
3208 2759 3222 2797 :
3260 2766 3285 2792 ‹‹
3320 2744 3540 2799 Omnes
3599 2745 3736 2814 qui-

2089 2837 2225 2893 dem
2257 2835 2644 2892 dormiemus.
2678 2837 2737 2887 at
2768 2849 2890 2887 non
2940 2848 3148 2888 omnes
3200 2832 3671 2888 immutabimur.
3710 2855 3735 2883 ››

2090 2925 2427 2982 Secundum
2457 2921 2752 2979 nonnulla
2782 2938 2916 2976 vero
2951 2938 2964 2976 :
3002 2943 3030 2970 «
3072 2923 3196 2977 Non
3229 2938 3437 2978 omnes
3495 2922 3736 2994 quidem

2092 3014 2478 3076 dormiemus,
2505 3027 2714 3067 omnes
2745 3017 2942 3065 tamen
2966 3009 3416 3066 immutabimur
3440 3029 3454 3077 ;
3483 3034 3508 3059 »ι
3529 3029 3738 3084 precor

2091 3103 2288 3160 doceri
2318 3107 2513 3158 utram
2546 3099 2872 3154 editionum
2904 3098 3120 3171 eligere
3152 3105 3440 3170 oporteat,
3475 3106 3533 3156 et
3579 3101 3735 3172 quod

2095 3207 2202 3264 per
2222 3191 2347 3246 hac
2369 3187 2754 3261 signiﬁcetur.
2768 3219 2835 3230 -
2849 3189 3387 3261 Responsioﬂpinor
3402 3189 3740 3262 quodjuxta

2094 3285 2410 3350 utramque
2423 3276 3255 3348 editionem.quandoquidem
3274 3283 3474 3334 vetera
3503 3295 3740 3351 quoque

2087 3367 2453 3440 exemplaria
2474 3371 2790 3436 utramque
2832 3365 3164 3430 continent,
3207 3366 3255 3422 si
3298 3367 3432 3438 quis
3463 3367 3555 3438 pie
3587 3368 3741 3423 acci-

2085 3459 2342 3531 piatnon
2361 3455 2675 3512 excidetab
2690 3455 3023 3512 intentione
3036 3457 3536 3528 Apostoli.ltaque
3569 3458 3742 3528 juxta

2087 3546 2236 3602 illud
2261 3546 2501 3619 quidem
2518 3569 2543 3595 ‹‹
2561 3546 2777 3602 Omnes
2791 3544 3245 3611 dormiemus,at
3265 3564 3385 3602 non
3404 3564 3613 3602 omnes
3628 3549 3740 3602 im-

2087 3638 2475 3702 mutabimur,
2505 3655 2532 3688 ι
2569 3636 2652 3690 ita
2682 3635 3014 3710 intelligere
3045 3642 3296 3708 oportet,
3331 3637 3490 3708 quod
3529 3655 3738 3693 omnes

2087 3745 2229 3788 sane
2260 3743 2368 3800 per
2397 3731 2650 3782 mortem
2681 3725 3102 3781 dormitionem
3127 3742 3196 3780 ac
3228 3743 3500 3780 somnum
3529 3727 3739 3781 tolera-

2083 3820 2282 3878 bimus
2315 3835 2328 3874 :
2359 3823 2421 3874 at
2448 3834 2567 3874 non
2602 3832 2810 3872 omnes
2848 3815 2923 3871 ad
2958 3815 3209 3888 gloriam
3267 3831 3336 3870 ac
3396 3815 3734 3871 libertatem

2089 3905 2747 3978 immutabimurzquod
2772 3905 2896 3974 ipse
2920 3902 3234 3975 Apostolus
3253 3902 3394 3958 alibi
3427 3903 3596 3976 ponit
3649 3903 3738 3959 di-

2090 4015 2231 4058 cens
2254 3997 2554 4069 apertius:
2582 4020 2601 4042 ιι
2630 3994 2687 4049 Si
2712 4001 2910 4050 tamen
2940 3991 3154 4051 vestiti.
3196 4007 3317 4050 non
3375 3992 3521 4050 nudi
3577 3994 3737 4052 inve-

2090 4088 2330 4145 niemur
2354 4083 2423 4140 ⁸³.
2459 4107 2485 4133 ››
2515 4084 2687 4140 Juxta
2717 4081 2829 4136 hoc
2859 4096 2994 4137 vero
3029 4096 3043 4135 :
3083 4099 3109 4132 ιι
3156 4081 3284 4139 Non
3339 4097 3548 4140 omnes
3607 4083 3737 4153 qui.

2093 4176 2229 4232 dem
2247 4173 2847 4232 dormiemusomnes
2869 4175 3066 4225 tamen
3089 4168 3560 4237 immutabimur,
3584 4194 3608 4220 υ
3626 4169 3737 4226 hoc

2093 4264 2270 4322 modo
2292 4266 2525 4334 oportet
2541 4261 2829 4331 accipere.
2856 4258 3010 4330 quod
3033 4275 3152 4315 non
3202 4259 3566 4316 dormiemus
3594 4273 3735 4314 sane

2094 4349 3007 4420 diuturnadormitione,utopus
3049 4349 3127 4404 sit
3167 4348 3438 4421 sepulcro
3459 4365 3526 4403 ac
3575 4347 3741 4402 solu-

2096 4442 2258 4497 tione
2289 4439 2362 4495 ad
2393 4438 2857 4513 corruptionem,
2889 4437 2993 4493 sed
3023 4437 3257 4495 brevem
3291 4442 3542 4494 mortem
3565 4435 3739 4491 susti-

2095 4527 2490 4601 nebuntquod
2509 4535 2648 4584 tunc
2663 4527 3067 4600 reperientur:
3085 4527 3300 4600 quibus
3314 4543 3434 4582 non
3449 4526 3560 4582 erit
3588 4542 3736 4597 opus

329 4614 466 4684 ἐστι,
495 4615 793 4693 ἀφθαρσίαν
849 4613 1183 4675 ένδόσονται.
1249 4643 1268 4667 ι
1311 4614 1574 4673 Σαλπίσει
1621 4616 1744 4692 γάρ.
1777 4640 1806 4668 »
1855 4617 1983 4673 Εἶτα

2095 4621 2376 4677 diuturna
2395 4617 2772 4685 dormitione,
2793 4623 3036 4690 propter
3056 4617 3270 4674 factam
3319 4615 3514 4670 subito
3544 4630 3738 4672 resur-

327 4705 392 4760 τὸ
423 4701 729 4775 ἀξιόπιστον
763 4701 970 4767 δεικνὺς
1024 4709 1132 4761 τῶν
1184 4705 1505 4780 γινομένων,
1557 4704 1710 4783 φησί’
1765 4730 1792 4758 (ι
1828 4705 1976 4762 Σαλ-

329 4796 476 4850 πίσει
506 4795 630 4870 γάρ,
662 4820 682 4845 η
709 4797 744 4864 ἡ
769 4795 998 4872 σάλπιγξ
1027 4795 1203 4860 έκείνη
1237 4799 1272 4866 ἡ
1297 4791 1523 4872 φοϐερὰ,
1554 4821 1575 4847 σ
1602 4797 1690 4852 καὶ
1722 4797 1774 4852 οἱ
1794 4799 1975 4874 νεκροὶ

329 4883 742 4952 ἀναστήσονται,
780 4907 808 4933 ››
861 4880 1122 4951 δηλονότι
1177 4881 1590 4962 ἐνηλλαγμενοι
1631 4885 1722 4940 καὶ
1769 4885 1975 4965 ἄφθαρ-

325 4993 432 5029 τοι.
470 4973 561 5028 Καὶ
598 4975 784 5044 ἡμεῖς,
815 4974 1116 5042 τουτέστιν,
1144 4975 1196 5031 οἱ
1256 4969 1804 5048 καταλαμϐανόμενοι
1853 4976 1976 5032 τότε

327 5066 544 5132 ζῶντεςο
608 5063 731 5139 περὶ
789 5061 1005 5118 ἐκείνων
1070 5065 1195 5139 γάρ,
1253 5062 1315 5118 οὐ
1373 5063 1498 5137 περὶ
1574 5063 1768 5119 ὶαυτοῦ
1819 5083 1973 5142 φησιο

321 5151 411 5206 καὶ
478 5153 642 5226 ἡμεῖς
707 5155 993 5228 τοιγαροῦν
1085 5149 1534 5227 ἀλλαγησόμεθα.
1636 5151 1762 5210 Ἐπὶ
1855 5153 1978 5210 τού.

321 5261 429 5296 των
457 5241 561 5316 γὰρ
592 5239 692 5296 οὐκ
720 5235 865 5296 ἔσται
925 5235 1157 5316 ὕγερσις,
1217 5245 1325 5298 τῶν
1375 5239 1518 5314 μηδὶ
1571 5243 1974 5315 κοιμηθέντων,

323 5327 470 5384 ἀλλά
503 5330 665 5403 μόνον
692 5327 990 5406 έναλλαγή.
1050 5331 1118 5389 Οἱ
1179 5330 1274 5404 μὶν
1326 5329 1506 5404 νεκροὶ
1561 5331 1614 5385 οἱ
1670 5333 1978 5405 προαποθα-

324 5417 531 5483 νόντες,
587 5417 962 5494 ἐγερθήσονται
1033 5415 1322 5498 ἄφθαρτοι,
1387 5419 1438 5473 οἱ
1489 5415 1546 5474 δὶ
1604 5423 1798 5488 ζῶντες
1853 5420 1978 5476 τότε

327 5511 444 5580 πῶς
476 5507 892 5583 ἐγερθήσονται;
925 5508 1106 5564 Μόνον
1141 5507 1216 5569 ὠς
1267 5505 1320 5562 ἐν
1371 5507 1514 5582 ῥοπῆ
1567 5506 1976 5582 ἀλλαγήσονται

2086 4710 2410 4766 rectionem
2439 4725 2453 4774 ;
2487 4723 2696 4763 omnes
2724 4711 2918 4762 tamen
2950 4705 3446 4771 immutabuntur,
3481 4704 3592 4760 hoc
3623 4708 3731 4772 est,

2087 4799 2338 4857 induent
2366 4795 2895 4869 incorruptionem.
2930 4817 2960 4844 «
2992 4796 3173 4850 Canet
3199 4795 3378 4852 enim.
3423 4816 3450 4842 »
3512 4793 3732 4849 Deinde

2090 4889 2206 4944 fide
2237 4887 2480 4960 dignum
2513 4884 2836 4940 ostendens
2870 4883 2928 4938 id
2961 4884 3116 4956 quod
3147 4884 3217 4939 de
3250 4883 3342 4938 his
3399 4899 3530 4955 qua:
3589 4882 3733 4937 {ient

2085 4978 2310 5034 dictum
2334 4984 2442 5038 est.
2483 4976 2598 5032 ait:
2645 4975 2830 5029 Canet
2873 4974 3031 5028 enim
3084 4973 3224 5029 tuba
3270 4973 3373 5029 illa
3404 4973 3734 5029 tremenda:

2087 5065 2738 5136 etmortuiresurgent,
2763 5083 2793 5113 ››
2816 5062 3403 5119 immutatividelicet
3451 5069 3510 5118 et
3547 5063 3736 5118 incor-

2085 5155 2280 5228 rupti;
2303 5153 2623 5209 etnos.hoc
2642 5151 2951 5222 est,quiad
2971 5151 3031 5207 id
3062 5158 3294 5226 tempus
3337 5152 3737 5224 relinquimur

2084 5245 2378 5309 viventes;
2404 5259 2540 5298 nam
2561 5241 2776 5298 deillis
2801 5248 2995 5297 etnon
3033 5242 3104 5297 de
3155 5242 3350 5315 seipso
3401 5241 3580 5298 dicit:
3622 5263 3645 5293 α
3679 5247 3736 5295 et

2086 5350 2193 5389 nos
2225 5333 2404 5406 igitur
2435 5330 2907 5386 immutabimur.
2944 5354 2971 5380 »
3006 5331 3067 5386 ln
3098 5331 3189 5386 his
3222 5332 3382 5386 enim
3439 5347 3559 5386 non
3619 5329 3734 5383 erit

2088 5422 2392 5480 suscitatio
2415 5440 2428 5477 :
2450 5439 2584 5477 cum
2616 5439 2737 5476 non
2770 5421 3144 5492 dormierint,
3176 5421 3281 5477 sed
3329 5427 3559 5477 tantum
3620 5419 3732 5473 im-

2090 5511 2359 5567 mutatio.
2395 5511 2551 5568 580
2590 5510 2801 5566 Mortui
2833 5509 3074 5582 quidem
3134 5511 3234 5582 qui
3293 5516 3467 5565 antea
3511 5507 3730 5566 mortui

400 5670 445 5709 ⁶¹
480 5675 653 5744 Apoc.
688 5686 762 5739 v1,
793 5684 908 5736 vui,
939 5686 1016 5737 ix,
1049 5687 1109 5741 α,
1139 5685 1218 5726 αι.
1251 5669 1298 5706 ⁶¹
1326 5671 1493 5729 Rom.
1524 5686 1644 5739 vui,
1669 5669 1758 5726 ει.
1790 5669 1838 5706 θ’
1865 5671 1916 5727 ΙΙ
1941 5671 2069 5729 Cor.
2097 5689 2148 5740 ν,
2182 5673 2233 5728 3.
