4156 6200
448 371 566 436 895

1572 370 1997 436 CECUMENII
2043 369 2352 432 TBICCE
2402 371 2776 434 EPISCOPI.

3795 378 3898 439 896

451 509 707 567 fuerant.
744 506 1192 562 suscitabuntur
1222 507 1578 580 incorrupti,
1612 513 1672 563 at
1701 507 1742 562 ii
1801 508 1901 580 qui
1962 511 2101 562 tunc
2133 568 2134 574 γ

2247 502 2292 565 ie
2322 496 2636 562 ἀθανασίαν.
2677 529 2704 559 ι
2735 512 2825 561 Δεῖ
2862 507 2966 582 γὰρ
2998 509 3060 563 τὸ
3095 508 3340 585 φθαρτὸν
3378 509 3586 562 τοῦτο.
3621 530 3653 558 ››
3707 508 3906 583 Ἑρμή-

456 601 670 661 vivent,
699 595 994 666 quomodo
1027 597 1478 653 suscitabuntur
1507 597 1535 652 ?
1591 597 1780 652 solum
1841 597 2004 651 velut
2048 596 2110 650 in

459 693 762 744 momento
848 685 1325 741 immutabuntur
1406 686 1479 742 ad
1575 687 2106 742 immortalitatem.

461 800 481 825 ι
519 778 760 848 Oportet
796 775 954 830 enim
988 776 1374 846 corruptibile
1408 777 1536 831 hoc.
1590 799 1618 826 ››
1680 782 2109 847 lnterpretatus

2219 613 2375 648 νευσε
2431 595 2486 650 τί
2529 593 2788 670 βούλεται
2819 599 2854 666 ἡ
2887 595 3186 673 ἐνελλαγῆ.
3252 597 3344 653 Τὸ
3411 594 3480 650 ἐκ
3522 601 3775 674 ιρθαρτοῦ
3836 600 3902 664 εἷς

2221 681 2547 762 ἁιρθσρσίαν,
2579 685 2668 740 καὶ
2701 684 2760 740 ἐκ
2804 691 3004 757 θνητοῦ
3061 685 3136 748 εῗς
3192 685 3514 750 ἀθανασίαν
3578 684 3901 760 ἀλλαγῆναι,

2220 793 2400 850 φησιν.

462 873 552 922 est
581 865 722 936 quid
755 864 865 919 sibi
893 865 1034 920 velit
1062 865 1420 921 immutatio.
1462 867 1792 930 lmmutari,
1825 867 2038 936 inquit,
2073 881 2108 920 a
2142 865 2514 938 corruptibili
2543 865 2615 920 ad
2648 866 3296 938 incorruptibilitatem,
3335 872 3404 922 et
3436 884 3476 922 a
3541 868 3785 923 mortali
3838 870 3899 924 ad

452 955 984 1010 immortalitatem.

525 1043 642 1110 XV,
676 1045 744 1096 54
782 1046 869 1096 57.
907 1041 1037 1097 Cum
1069 1050 1252 1098 autem
1284 1043 1648 1116 corruptibile
1703 1045 1802 1100 hoc
1858 1042 2106 1099 induerit

457 1133 1068 1202 inrorruptibilitatem,
1102 1140 1152 1188 et
1183 1135 1418 1188 mortale
1446 1134 1546 1189 hoc
1589 1135 1832 1190 induerit
1878 1136 2102 1188 immor-

463 1221 752 1279 talitatem.
782 1227 908 1276 tunc
928 1225 1020 1290 ﬁet
1039 1238 1213 1277 sermo
1233 1239 1330 1292 qui
1359 1225 1596 1294 scriptus
1651 1229 1727 1278 est
1783 1239 1800 1277 :
1838 1223 2107 1292 Absorpta

463 1317 541 1365 est
572 1326 717 1364 mors
745 1311 815 1365 ad
843 1313 1148 1366 victoriam.
1189 1313 1290 1366 Ubi
1319 1319 1463 1377 tuus,
1525 1329 1557 1368 ο
1611 1327 1777 1379 mors,
1835 1312 2054 1366 aculeus
2083 1310 2110 1366 ?

469 1400 571 1456 Ubi
603 1408 717 1459 tua.
754 1417 782 1455 o
811 1401 1046 1469 inferne,
1081 1404 1359 1457 victoria?
1397 1401 1623 1457 Aculeus
1679 1409 1863 1456 autem
1919 1402 2110 1456 mortis

456 1498 764 1560 peccatum,
793 1494 1046 1559 potentia
1073 1508 1198 1545 vero
1227 1494 1438 1560 peccati
1483 1491 1589 1546 lex.
1651 1493 1754 1546 Deo
1811 1498 1992 1546 autem
2039 1491 2110 1545 sit

459 1582 665 1651 gratia.
699 1583 797 1649 qui
821 1580 971 1634 dedit
1002 1582 1157 1636 nobis
1182 1583 1476 1637 victoriam
1501 1597 1604 1652 per
1657 1583 1950 1636 Dominum
2005 1596 2106 1634 no-

461 1676 636 1726 strum
665 1671 849 1724 Jesum
880 1669 1152 1724 Christum

537 1761 681 1813 Cum
714 1759 892 1830 igitur
920 1759 1046 1814 haec
1074 1761 1229 1816 facta
1258 1760 1498 1825 fuerint,
1545 1759 1908 1832 inquit,tunc
1959 1757 2112 1813 Scri-

2285 1045 2452 1098 "010w
2511 1039 2568 1096 δὲ
2616 1042 2679 1096 τὸ
2736 1042 2966 1119 ιρθαρτὸν
3037 1047 3198 1098 τοῦτο
3285 1040 3615 1114 ἐνδίσηται
3705 1045 3897 1120 ἀφθαρ-

2215 1129 2356 1198 σίαν,
2415 1132 2505 1184 κσὶ
2569 1131 2632 1185 16
2701 1132 2892 1202 θνητὸν
2965 1135 3126 1187 τοῦτο
3208 1129 3526 1201 ἐνδύσηται
3605 1132 3901 1200 ἀθανασίαν,

2213 1220 2339 1276 τότε
2376 1222 2661 1296 γενήσεται
2721 1221 2748 1274 6
2807 1221 2976 1299 Λόγος
3030 1222 3059 1276 6
3118 1223 3560 1298 γεγραμμένος,
3629 1221 3902 1292 Κατεπόθη

2219 1310 2247 1364 6
2307 1311 2531 1372 θάνατος
2592 1309 2667 1371 εἰς
2727 1314 2898 1370 νῖκος.
2964 1314 3073 1364 Ι.Ιοῦ
3156 1331 3275 1379 σου,
3353 1312 3598 1374 θάνατε,
3680 1311 3744 1364 τὸ
3798 1311 3906 1364 κένο

2215 1418 2388 1470 τρον;
2422 1403 2536 1454 Ποῦ
2577 1419 2696 1461 σου,
2728 1395 2856 1469 ᾄδη,
2913 1401 2976 1454 τὸ
3016 1405 3168 1462 νῖκος
3204 1419 3217 1468 ;
3267 1399 3348 1454 Τὸ
3409 1399 3472 1455 δὲ
3535 1398 3766 1473 κέντρον
3819 1405 3905 1454 τοῦ

2218 1488 2446 1544 θανάτου
2507 1490 2541 1557 ἡ
2610 1489 2870 1562 ἁμαρτία,
2939 1490 2974 1557 ἡ
3037 1486 3094 1544 δὲ
3151 1485 3399 1563 δύναμις
3466 1495 3577 1556 τῆς
3650 1490 3904 1563 ἁμαρτίας

2220 1579 2248 1634 ὁ
2279 1577 2471 1648 νόμος.
2513 1580 2606 1647 Τῷ
2642 1575 2699 1632 εὶ
2729 1581 2844 1648 Θέῷ
2880 1578 3060 1652 χάρις,
3104 1583 3183 1648 τῷ
3223 1576 3379 1632 δόντι
3433 1581 3583 1652 ἡμῖν
3634 1579 3698 1633 τὸ
3747 1585 3900 1645 νῖκος,

2221 1663 2311 1722 διὰ
2337 1671 2434 1721 τοῦ
2469 1667 2670 1741 Κυρίου
2701 1669 2862 1739 ἡμῶν
2900 1669 3080 1737 Ἰησοῦ
3113 1671 3386 1740 Χριστοῦ.

2295 1757 2464 1812 Ὅταν
2508 1757 2620 1825 οὖν,
2683 1756 2840 1830 φησὶ,
2896 1760 3065 1811 ταῢτα
3113 1759 3361 1833 γένηται,
3430 1757 3566 1812 τότε
3628 1759 3664 1827 ἡ
3728 1758 3896 1831 Γραφῆ

474 1856 650 1922 ptura
667 1850 812 1905 Osee
830 1851 1242 1922 complebitur.
1261 1853 1548 1917 Quoniam
1575 1853 1730 1907 enim
1769 1849 2121 1907 admiranda

2247 1843 2538 1918 τληροῦται
2570 1848 2604 1916 ἡ
2651 1849 2748 1901 τοῦ
2802 1846 2979 1915 Ὀσῃὲ.
3042 1844 3263 1918 Ἐπειδὴ
3323 1849 3442 1925 γὰρ
3488 1847 3780 1920 παράδοξα
3822 1846 3901 1900 καὶ

478 1955 730 2010 vereque
757 1941 1042 2010 mysteria
1075 1939 1241 2007 dixit,
1275 1948 1715 2013 consequenter
1738 1942 1917 1996 etiam
1969 1939 2122 1994 Scri-

486 2033 672 2100 pturae
688 2029 1026 2084 testimonio
1047 2046 1382 2086 sermonem
1405 2031 1748 2086 conﬁrmat:
1775 2053 1802 2080 ‹‹
1835 2029 2128 2099 Absorpta

485 2124 576 2173 est
598 2135 755 2172 mors
777 2118 849 2172 ad
873 2118 1198 2182 victoriam,
1219 2142 1245 2168 ››
1270 2119 1326 2174 id
1355 2127 1444 2176 est
1494 2121 1696 2185 finem,
1747 2120 1859 2175 hoc
1903 2126 1994 2175 est
2025 2135 2128 2190 pe-

481 2207 1156 2278 riit,dlsparuit;neque
1179 2226 1312 2280 spes
1359 2209 1716 2265 reversionis
1767 2209 1880 2280 ipsi
1918 2208 2126 2264 relicta

482 2301 590 2352 est.
613 2296 902 2360 Quoniam
936 2303 1187 2351 mortem
1213 2298 1484 2353 aborberi
1516 2299 1805 2368 contingit
1833 2297 1907 2353 ad
1966 2314 2123 2352 mor-

481 2391 598 2440 tem
631 2401 834 2459 eorum
870 2387 968 2456 qui
1003 2386 1304 2449 devorant.
1341 2387 1492 2442 sicut
1523 2393 1583 2442 et
1610 2403 1906 2442 venenum
1952 2386 2127 2442 devo-

478 2475 598 2531 rari
631 2475 921 2547 contingit
951 2475 1023 2530 ad
1056 2477 1380 2546 perniciem
1441 2477 1720 2531 similiter
1778 2491 1985 2532 eorum
2027 2476 2129 2546 qui

484 2569 767 2622 utuntur:
801 2565 934 2619 ideo
967 2565 1291 2638 subjungit.
1352 2566 1436 2621 Ad
1477 2567 1803 2628 victoriam.
1871 2566 1983 2620 hoc
2019 2570 2129 2630 est,

483 2673 605 2712 non
627 2662 692 2711 ut
712 2657 1495 2728 perimatdevorantem,sed
1543 2663 1610 2712 ut
1657 2657 1788 2728 ipsa
1823 2655 2134 2711 aboleatur

483 2765 551 2803 ac
573 2746 892 2801 fortissime
916 2747 1278 2812 devincatur,
1299 2754 1363 2802 ut
1391 2747 1675 2819 deinceps
1717 2763 1790 2802 ne
1822 2746 2132 2818 vestigium

481 2836 722 2908 quidem
748 2852 957 2906 pugnaa
980 2843 1082 2891 aut
1102 2837 1313 2891 umbra
1345 2836 1701 2892 turbationis
1735 2835 2131 2906 relinquatur.

477 2926 774 2980 Prteterea
800 2941 813 2978 :
849 2925 1163 2979 Absorberi
1200 2943 1304 2996 per
1333 2925 1834 2996 compositionem
1858 2923 2138 2995 praeposi-

480 3017 660 3072 tionis
691 3015 934 3082 dictum,
968 3017 1384 3071 vehementem
1415 3016 1717 3087 signiﬁcat
1737 3016 1923 3087 ipsius
1947 3013 2140 3086 perdi-

483 3107 708 3163 tionem
764 3107 924 3171 Tota,
958 3107 1174 3178 inquit,
1225 3107 1504 3178 absorpta
1534 3111 1623 3161 est
1679 3105 1754 3161 ad
1809 3104 2136 3170 victoriam,

485 3196 870 3266 utnihilejus
887 3196 1143 3267 amplius
1181 3195 1653 3267 derelinquatur.
1705 3217 1734 3246 «
1771 3194 1875 3251 Ubi
1912 3201 2067 3256 tuus.
2100 3210 2133 3248 ο

487 3303 668 3346 mors.
705 3284 1030 3339 aculeus?»
1053 3287 1355 3355 Tanquam
1382 3284 1588 3340 videns
1612 3301 1681 3340 ea
1718 3301 1850 3356 qum
1873 3284 2045 3350 fiunt,
2078 3286 2137 3337 et

488 3380 771 3443 tanquam
791 3373 1164 3442 adiacentem
1188 3374 1349 3429 humi
1373 3381 1625 3429 mortem
1655 3373 1904 3434 accedit.
1937 3389 2005 3429 ac
2027 3371 2137 3428 ad-

489 3478 693 3517 versus
715 3478 844 3516 eam
871 3461 1159 3530 gloriatur
1180 3461 1401 3521 dicens,
1427 3462 1532 3516 Ubi
1550 3469 1688 3517 tuus
1705 3462 1946 3518 aculeus
1963 3463 1991 3518 ?
2011 3461 2132 3528 ubi,

492 3568 524 3606 ο
549 3566 708 3604 mors
731 3557 788 3604 et
810 3550 1060 3613 inferne,
1084 3557 1275 3605 vestra
1293 3568 1425 3621 quia
1448 3551 1728 3606 adversus
1777 3568 1982 3607 omnes
2013 3556 2140 3606 erat

493 3642 779 3699 victoria?
809 3643 1002 3714 periit,
1033 3643 1344 3714 disparuit,
1381 3644 1560 3698 finem
1592 3643 1786 3698 habet.
1823 3666 1849 3691 «
1888 3643 2139 3698 Aculeus

497 3739 697 3788 autem
731 3733 935 3786 mortis
968 3738 1294 3803 peccatum.
1332 3753 1355 3782 υ
1386 3732 1530 3787 Nam
1565 3748 1669 3802 per
1696 3730 1809 3786 hoc
1841 3730 2008 3785 fortis
2051 3735 2142 3786 est

495 3828 969 3893 mors,tanquam
993 3822 1102 3876 hac
1121 3821 1384 3893 potentia
1403 3821 1678 3876 etaculeo
1701 3825 1896 3877 utens.
1924 3821 2142 3885 Quem-

496 3912 814 3968 admodum
831 3912 992 3967 enim
1010 3912 1298 3982 scorpius.
1331 3911 1457 3982 ipse
1484 3910 1726 3983 quidem
1745 3910 1857 3966 vile
1890 3909 2144 3965 animal-

502 4002 700 4057 culum
721 4007 830 4065 est,
846 4007 1108 4056 attamen
1122 4001 1233 4055 vim
1253 4001 1429 4056 habet
1452 4001 1510 4055 in
1525 4000 1760 4056 aculeo:
1783 4001 1865 4054 ita
1881 4006 1940 4053 et
1983 4015 2142 4054 mors

498 4091 722 4162 absque
749 4098 984 4161 peccato
1007 4091 1234 4148 nullam
1259 4091 1435 4146 habet
1455 4091 1775 4162 energiam,
1807 4105 1916 4145 nec
1943 4093 2146 4161 posset

501 4181 846 4236 subsistere.
881 4179 1026 4236 581
1068 4203 1098 4230 ‹‹
1157 4181 1430 4236 Potentia
1487 4197 1622 4236 vero
1680 4180 1907 4252 peccati
1968 4179 2080 4235 lex.
2113 4199 2142 4228 »

500 4270 804 4337 Quomodo
837 4271 1059 4342 peccati
1093 4270 1276 4326 robur
1305 4275 1394 4325 est
1449 4270 1542 4324 lex
1572 4270 1600 4325 ?
1654 4270 1801 4335 Quia
1859 4270 1984 4325 sine
2019 4268 2143 4341 lege

505 4361 803 4418 imbecille
828 4359 1491 4432 essetpeccatumquod
1510 4377 1577 4413 ex
1601 4359 1934 4432 ignorantia
1955 4358 2144 4415 ﬁeret:

504 4451 600 4507 lex
618 4451 1108 4521 veroquaaipsum
1129 4449 1584 4510 manifestando.
1620 4449 1806 4520 magis
1846 4465 1952 4504 nos
1999 4465 2146 4505 con-

506 4539 824 4600 demnavit.
848 4544 906 4593 et
926 4537 1254 4594 efﬁcaciam
1280 4554 1348 4593 ac
1365 4537 1551 4592 robur
1571 4537 1882 4592 adversum
1905 4554 2012 4593 nos
2048 4537 2148 4592 ad-

2233 1931 2407 1996 ὅντως
2443 1937 2718 2008 μυστήρια
2756 1935 2890 2004 εἶπε,
2925 1934 3120 1991 λοιπὸν
3170 1935 3260 1992 καὶ
3318 1941 3397 2010 τῇ
3460 1940 3720 2016 Γραφικῇ
3775 1956 3896 2010 μαρ-

2232 2023 2391 2096 τυρίᾳ
2421 2029 2703 2079 πιστοῦται
2770 2026 2861 2079 τὸν
2923 2021 3108 2100 λόγον,
3171 2027 3538 2096 «Κατεπόθη
3603 2027 3632 2081 6
3692 2026 3902 2086 θάνατος

2235 2115 2313 2180 εἰς
2367 2121 2545 2182 νῖκος,
2590 2138 2617 2167 ››
2678 2117 2958 2170 τουτέστιν
3020 2115 3096 2180 εἷς
3151 2115 3331 2187 τέλος,
3403 2118 3534 2171 οἷον
3602 2112 3898 2185 ἀπόλωλεν,

2235 2207 2544 2281 ἠφάνισται,
2588 2203 2713 2260 οὐδὲ
2759 2202 2918 2266 ἐλπὶς
2970 2206 3323 2284 ὑποστροφῆς
3374 2206 3538 2278 αὖτῴ
3598 2205 3901 2260 καταλέλειο

2235 2316 2388 2352 πται.
2424 2290 2646 2364 Ἐπειδῆ
2683 2289 2796 2348 ἔστι
2833 2297 3211 2364 καταποθῆναι
3271 2296 3538 2362 θάνατον,
3596 2296 3674 2357 εἰς
3715 2294 3897 2372 φθορᾶν

2234 2389 2344 2438 τῶν
2374 2382 2768 2450 καταπιόντων,
2803 2381 2986 2457 ὥσπερ
3025 2392 3118 2440 καί
3149 2384 3446 2464 φάρμακον
3511 2381 3631 2440 ἔστι
3678 2403 3902 2439 καταπο-

2239 2481 2398 2544 θῆναι
2441 2473 2529 2528 ἐπὶ
2561 2470 2828 2549 διαφθορᾷ
2860 2474 3071 2545 ὁμοίως
3088 2479 3198 2529 τῶν
3223 2471 3732 2554 χρησαμένων,διᾶ
3754 2476 3896 2526 τοῦτο

2239 2563 2477 2637 ἐπήγαγε
2507 2563 2596 2619 τὸ.
2627 2587 2654 2613 ‹‹
2694 2562 2790 2625 Εἰς
2818 2568 2990 2632 νῖκος,
3023 2589 3042 2612 ο
3081 2563 3193 2618 ἀντὶ
3237 2569 3360 2634 103,
3428 2564 3546 2619 Οὐκ
3587 2563 3675 2618 ἳνα
3721 2561 3895 2639 φθείρῃ

2237 2651 2328 2706 τὸν
2355 2651 2708 2720 καταπιόντα,
2742 2649 2987 2707 ἁλλ”ίνα
3047 2651 3204 2715 αὐτὸς
3255 2654 3565 2728 ἀφανισθῇ,
3617 2649 3708 2706 καῖ
3753 2671 3895 2705 καταυ

2240 2743 2435 2815 κράτος
2470 2739 2748 2812 ἑκνικηθῇ,
2807 2740 2946 2796 ὥστε
2984 2743 3177 2814 μηκέτι
3241 2741 3377 2816 μηδ’
3422 2743 3586 2822 ἴχνος
3636 2738 3894 2816 pelagi,

2244 2833 2397 2887 σκιὰν
2422 2831 2778 2907 ἐνοχλήσεως
2814 2829 3238 2911 ὑπολειφθῆναι.
3271 2834 3380 2888 Καὶ
3403 2834 3494 2903 τὸ,
3524 2857 3554 2883 ‹‹
3577 2831 3842 2897 Κατεπόθη
3873 2852 3894 2876 υ

2244 2920 2302 2978 δὲ
2343 2923 2477 2996 μετά
2508 2929 2605 2990 τῆς
2657 2923 2971 2996 προθέσεως
3031 2922 3217 2998 ῥηθὲν,
3274 2925 3379 2991 τήν
3455 2920 3698 3002 σφοδρὰν
3756 2919 3898 2974 αὐτοῦ

2246 3010 2508 3090 διαφθρᾶν
2539 3013 2816 3085 σημαίνει.
2879 3011 3078 3080 ’⁸ολος,
3143 3013 3298 3091 φησὶ,
3359 3015 3648 3083 κατεπόθη
3717 3010 3787 3072 ε’ίς
3837 3013 3900 3067 νῖ.

2245 3124 2339 3166 κος
2393 3101 2528 3158 ὥστε
2605 3100 2700 3158 τδὶ
2807 3103 2820 3122 ’
2871 3104 2925 3155 ’ν
2960 3101 2983 3122 ”
3075 3103 3112 3140 λ·
3242 3102 3274 3160 λ
3420 3113 3445 3124 "
3615 3108 3702 3156 (1]
3743 3105 3877 3154 ὕσου

2348 3147 2361 3170 ,
2512 3147 2532 3158 -
2562 3127 2637 3178 μ,
2703 3125 2730 3158 ν
2760 3124 2894 3158 αυτο
2957 3123 3037 3158 ετι
3075 3125 3236 3158 uano
3283 3118 3564 3182 ειιρθγ,ναι.
3600 3130 3613 3156 ι
3712 3122 3737 3156 o
3884 3141 3895 3160 ι

2248 3193 2442 3249 θάνατε
2471 3195 2533 3248 τὸ
2563 3195 2825 3266 κένυρον;
2865 3220 2885 3245 ι
2943 3194 3034 3254 Ὡς
3105 3194 3248 3268 ὀρῶν
3299 3195 3442 3250 αὐτᾶ
3499 3193 3771 3269 γινόμενα,
3821 3185 3896 3241 καῖ

2250 3287 2368 3340 οἷον
2397 3285 2574 3360 χαμαὶ
2606 3284 2849 3356 κειμένῳ
2893 3278 3211 3357 ἐπεμϐαίνει
3269 3289 3348 3357 τῷ
3397 3287 3638 3356 θανάτῳ,
3693 3282 3778 3335 καὶ
3822 3277 3893 3350 ἑγ-

2245 3381 2516 3450 καυχᾶτιι
2549 3375 2717 3445 αὐτῷ.
2754 3401 2778 3424 ‹‹
2821 3377 2932 3430 Ηοῦ
2969 3395 3089 3441 σου,
3124 3372 3320 3450 λέγων,
3353 3375 3418 3431 τὸ
3451 3376 3712 3448 κέντρον;
3741 3396 3764 3419 ››
3795 3369 3890 3424 1Ιοῦ

2248 3486 2342 3519 σου
2374 3467 2408 3533 ἡ
2440 3464 2576 3519 κατᾶ
2605 3464 2817 3519 πάντων
2848 3461 3145 3538 ἀνθρώπιον
3177 3464 3325 3532 νίκη,
3377 3466 3574 3518 θάνατε
3621 3460 3709 3516 καὶ
3757 3455 3881 3529 ᾅδης

2246 3553 2595 3611 Ἀπόλωλεν.
2628 3554 2937 3629 ἠφάνισται,
2996 3552 3155 3613 τέλος
3205 3547 3344 3628 ἔχει.
3393 3579 3419 3605 ‹‹
3457 3555 3534 3610 Τὸ
3584 3549 3641 3606 δὲ
3690 3550 3884 3619 κέντρον

2248 3648 2343 3698 τοῦ
2405 3643 2630 3707 θανάτνυ
2690 3645 2724 3712 ἡ
2787 3641 3046 3714 ἁμαρτία.
3088 3667 3114 3693 ››
3178 3644 3274 3699 Διὰ
3331 3644 3540 3714 ταύτης
3598 3641 3694 3714 γὰρ
3747 3635 3880 3712 ἴσχυ-

2250 3755 2335 3789 σεν
2392 3734 2420 3789 6
2473 3733 2716 3793 θάνατος.
2806 3731 2986 3806 ὥσπερ
3067 3729 3292 3804 δυνάμει
3355 3733 3496 3806 αὐτῇ
3559 3730 3646 3784 καὶ
3703 3726 3883 3796 κέντρῳ

2249 3822 2619 3899 χῦησάμενος.
2685 3822 2890 3896 Ὥσπερ
2946 3821 3050 3897 γὰρ
3110 3822 3138 3876 6
3205 3822 3492 3894 σκορπίος.
3579 3817 3732 3876 αὐτὸς
3803 3812 3880 3885 μὲν

2251 3911 2488 3984 ζωῢφιόν
2547 3909 2658 3965 ἐστι
2708 3909 2947 3980 εὐτελὲς,
3012 3909 3064 3965 ἐν
3127 3907 3184 3965 δὲ
3244 3915 3324 3982 τῷ
3382 3913 3594 3985 κέντρῳ
3671 3907 3763 3975 τήν
3820 3901 3882 3953 ἶσ-

2251 4001 2355 4076 χὺν
2414 3993 2550 4072 ἕλει·
2623 3998 2795 4060 οὕτως
2857 4000 2948 4053 καὶ
3011 4001 3039 4054 6
3098 4001 3331 4061 θάνατος
3387 3997 3520 4076 δίχα
3581 4002 3678 4064 τῆς
3739 3993 3881 4063 ἀμαρ-

2251 4089 2371 4150 τίας
2428 4087 2786 4163 ἀνενέργγ,τός
2843 4110 2930 4151 τις
2986 4088 3053 4158 ἦν
3108 4088 3197 4144 καὶ
3285 4089 3674 4146 ἀνυπόστατος.
3753 4105 3776 4132 «ι
3829 4077 3880 4133 Ἦ

2254 4176 2310 4234 δὲ
2378 4175 2606 4250 δὲναμες
2669 4184 2768 4244 τῆς
2840 4177 3112 4250 ἁμαρτίας
3182 4178 3209 4232 ὁ
3269 4179 3464 4251 νόμος.
3509 4200 3536 4228 ι)
3603 4177 3718 4232 ΙΙῶς
3783 4167 3874 4222 ἐστι

2255 4265 2481 4339 δόναμις
2522 4273 2620 4333 τῆς
2689 4267 2955 4339 ἁμαρτίας
3038 4267 3065 4320 6
3129 4265 3346 4338 νόμσςς
3410 4268 3534 4325 ’Ὁτι
3608 4262 3750 4321 ἐκτὸς
3805 4253 3876 4307 νδ·

2257 4377 2361 4430 μου
2409 4355 2637 4425 ἀσθενὴς
2697 4355 2762 4423 ἦν
2831 4357 2865 4424 ἡ
2927 4355 3166 4428 ἁμαρτία
3243 4355 3379 4410 κατὰ
3435 4351 3703 4429 ἀγνωσίαν
3759 4361 3876 4420 γινο-

2257 4446 2412 4519 μένη.
2482 4445 2542 4502 Ὁ
2611 4441 2669 4498 δὲ
2733 4445 2902 4514 νόμος
2968 4445 3138 4514 αὐτὴν
3208 4445 3544 4519 φανερώσας,
3632 4432 3876 4519 κατέκρινξ

2259 4517 2474 4608 μᾶλλον
2507 4535 2676 4604 ἡμᾶς,
2705 4532 2794 4588 καὶ
2827 4532 3040 4606 ἐνεργὸν
3095 4533 3185 4587 καὶ
3222 4517 3474 4609 νὶσγυρᾶν
3526 4528 3737 4596 ἐποίησε
3777 4517 3874 4574 καθ’

507 4630 674 4687 didit.
701 4645 820 4685 non
839 4645 908 4683 ex
931 4644 1037 4683 sua
1058 4632 1291 4684 natura.
1339 4627 1443 4682 sed
1489 4643 1559 4681 ex
1602 4632 1806 4681 nostra
1843 4627 2126 4698 pravitate

2259 4626 2445 4695 ἡμῶν,
2479 4621 2546 4676 οὐ
2587 4622 2734 4694 παρὰ
2781 4623 2880 4690 τήν
2931 4619 3130 4676 οἰκείαν
3181 4620 3362 4700 φύσιν,
3414 4621 3560 4678 ἀλλὰ
3613 4613 3744 4689 παρὰ

503 4721 584 4776 Ne
617 4720 795 4792 igitur
825 4717 1079 4784 dubites,
1113 4735 1146 4773 o
1172 4717 1370 4782 homo,
1407 4715 1475 4771 de
1505 4715 1962 4781 resurrectione,
2009 4733 2145 4771 cum

507 4808 704 4862 videas
723 4807 932 4863 mortis
945 4806 1239 4868 aculeum.
1264 4821 1478 4877 nempe
1495 4810 1824 4876 peccatum,
1858 4819 1986 4859 esse
2005 4803 2145 4858 sub-

505 4897 790 4963 latum,ac
812 4896 1035 4966 peccati
1057 4894 1258 4956 robur,
1293 4899 1434 4966 puta
1457 4893 1666 4966 legem,
1701 4909 1828 4948 esse
1867 4893 2147 4948 solutum.

511 4989 757 5042 Peccato
782 4987 940 5041 enim
964 4985 1217 5050 sublato,
1241 4985 1517 5040 videlicet
1555 4984 1760 5040 mortis
1789 4983 2016 5052 aculeo,
2049 5000 2155 5055 per

513 5093 746 5132 crucem
783 5075 1022 5142 Christi,
1051 5075 1430 5130 manifestum
1465 5080 1556 5130 est
1584 5074 1738 5146 quod
1774 5080 1831 5129 et
1879 5091 2042 5128 mors
2073 5073 2157 5128 si-

513 5166 635 5222 mul
665 5165 899 5220 sublata
921 5164 1015 5221 sit.
1053 5185 1075 5214 α
1115 5165 1231 5218 Deo
1263 5170 1461 5219 autem
1493 5165 1570 5219 sit
1599 5164 1787 5236 gralia
1844 5163 1945 5234 qui
1993 5163 2159 5218 dedit

513 5256 686 5312 nobis
711 5254 1036 5310 victoriam.
1072 5275 1099 5303 »
1133 5255 1420 5311 Christus.
1472 5254 1684 5325 inquit,
1721 5260 2006 5325 trapmum
2037 5269 2160 5309 ere-

513 5348 614 5404 xit.
649 5363 760 5402 nos
791 5361 925 5399 vero
955 5359 1308 5398 coronarum
1335 5343 1477 5398 socii
1510 5360 1735 5399 sumus.
1770 5343 1967 5398 Gratia
2022 5359 2158 5398 vero

515 5435 788 5492 sitPatri.
816 5433 974 5504 quod
1015 5432 1226 5486 Filium
1263 5433 1756 5504 generaverit,qui
1794 5439 1955 5487 tanta
1986 5431 2160 5488 nobis

517 5526 812 5598 praestitit.
840 5555 898 5564 —
922 5524 1049 5578 Alio
1071 5522 1249 5578 modo.
1291 5521 1579 5586 Quoniam
1623 5521 1811 5592 legem
1857 5521 2002 5576 dixit
2024 5537 2165 5592 pec-

520 5616 632 5673 cati
657 5613 1000 5688 potentiam,
1027 5628 1101 5666 ne
1124 5615 1402 5682 putarent
1433 5608 1616 5680 aliqui
1647 5609 1834 5681 legem
1879 5614 2163 5679 tanquam

522 5726 760 5784 gravem
793 5722 1078 5775 cessasse,
1113 5711 1170 5762 et
1201 5703 1600 5779 legislatorem
1633 5701 2163 5774 calumniarentur,

2259 4717 2422 4789 ἡμῶν
2453 4713 2640 4768 κακίαν
2706 4714 2795 4780 Mi",
2849 4711 2941 4768 οὖν
2989 4708 3331 4787 ἀμφίϐαλλε,
3382 4714 3426 4768 ὧ
3474 4712 3728 4787 ἄνθρωπε,
3771 4695 3871 4771 “Et”?

2255 4811 2356 4873 τῆς
2392 4802 2751 4872 ἀναστάσεως,
2787 4803 2925 4875 ὁρῶν
2980 4803 3042 4857 τὸ
3085 4804 3303 4877 κέντρον
3367 4807 3463 4858 τοῦ
3517 4799 3748 4866 θανάτου,
3792 4788 3870 4854 τήν

2262 4893 2530 4966 ἁμαρτίαν
2616 4893 3002 4968 ἀναιρεθεῖσαν,
3081 4892 3171 4948 καὶ
3227 4893 3326 4961 τήν
3383 4892 3542 4973 ἰσχὺν
3599 4883 3747 4943 πάλιν
3793 4878 3870 4942 τί(

2263 4983 2532 5058 ἁμαρτίας
2561 4983 2734 5059 ἤγουν
2775 4983 2868 5038 τὸν
2926 4987 3097 5054 νόμον
3145 4981 3392 5039 λυθέντα.
3439 4987 3549 5050 Τῆς
3587 4979 3680 5054 γὰρ
3726 4973 3869 5059 ἆμαρ]

2261 5071 2381 5134 τῖας
2409 5071 2806 5146 ἀναιρεθείσης,
2846 5069 3016 5146 ἤγουν
3057 5072 3120 5126 τὸ
3173 5070 3395 5148 κέντρον
3445 5077 3522 5144 τῷ
3567 5065 3757 5135 σταυρῷ
3791 5073 3867 5109 του

2267 5163 2526 5236 Χριστοῦ,
2581 5159 2750 5230 δῆλον
2810 5161 2884 5224 ὡς
2935 5162 3022 5216 καὶ
3057 5162 3084 5215 6
3117 5162 3344 5223 θάνατος
3401 5154 3865 5236 συναναιρεθήσεται.

2268 5234 2419 5323 «Ὕῷ
2452 5248 2510 5305 δὲ
2566 5256 2683 5324 Θεῷ
2745 5251 2908 5327 ’χάρις
2957 5256 3036 5322 τῷ
3089 5248 3234 5305 δόντι
3286 5254 3422 5324 ἡμῖν
3465 5253 3524 5306 16
3577 5253 3778 5305 νῖκος.»
3823 5234 3866 5327 ΤΟ

2271 5341 2524 5414 Χριστὸς,
2559 5340 2714 5417 φησὶ,
2770 5341 2834 5394 τὸ
2884 5339 3145 5414 τρόπαιον
3205 5337 3444 5408 ἔστησεν,
3496 5342 3647 5412 ἡμεῖς
3691 5328 3740 5384 δὲ
3780 5325 3864 5377 τῶν

2271 5430 2541 5507 στεφάνων
2590 5433 2972 5502 κοινωνοῦμεν.
3011 5430 3178 5504 Χάρις
3230 5426 3287 5483 δὲ
3335 5430 3414 5502 τῷ
3466 5424 3624 5501 ΙῘατρὶ
3673 5423 3740 5489 τῷ
3771 5431 3866 5486 γεν-

2271 5519 2664 5591 νήσαντιΥἱὸν,
2723 5519 2814 5574 τὸν
2874 5522 3105 5573 τοσαῦτα
3160 5519 3575 5594 κατορθώσαντα
3625 5512 3760 5584 ἤμῖν·
3806 5527 3862 5542 ’“’

2273 5607 2517 5672 ’Λλλως-
2580 5610 2794 5684 [ΦΧΓῆ
2854 5606 3076 5676 Ἐπειδὴ
3134 5608 3224 5662 τὸν
3284 5608 3450 5680 νόμον
3517 5606 3625 5662 εἶπε
3663 5595 3861 5690 Δδύναμιν

2277 5698 2566 5775 ἁμαρτίας,
2588 5697 2681 5753 ’ἶνα
2715 5700 2789 5772 μή
2826 5717 2962 5758 τινες
2994 5696 3155 5752 αὐτόν
3184 5719 3241 5752 τε
3288 5697 3377 5752 τὸν
3427 5696 3610 5771 νόμον,
3649 5688 3713 5748 ὡς
3753 5688 3856 5759 im.
