4156 6200
377 311 493 371 897
1335 301 1759 369 COMMENT.
1811 302 1883 367 lN
1928 299 2171 365 EPIST.
2218 298 2244 359 ῐ
2289 298 2393 358 AD
2437 296 2809 364 CORINTH.
3064 334 3080 351 .
3668 301 3806 365 89.58

380 443 479 498 λον
520 443 830 503 πεπαῦσθαι
866 437 1157 513 νομίσωσι,
1216 439 1310 495 καὶ
1368 460 1462 496 τον
1521 440 1830 514 νομοθέτην
1896 434 2004 514 βλα
2068 478 2077 504 Α

2191 433 2490 507 ubjungit:
2525 455 2555 485 «
2576 434 2695 491 Deo
2728 439 2926 490 autem
2957 435 3036 490 sit
3062 436 3251 504 gratia
3281 451 3295 502 ;
3330 458 3358 486 ι)
3380 437 3493 494 hoc
3530 444 3639 510 est,
3711 440 3808 497 le-

383 531 770 610 σφημτςσωσιν,
819 527 1031 607 ἐπάγει’
1100 550 1122 579 ε
1156 528 1247 602 Τῷ
1301 527 1363 583 δὲ
1421 535 1540 603 Θεῷ
1593 533 1779 610 χάρις·
1816 553 1839 582 υ
1902 527 2047 596 οἷον,

2191 524 2415 580 islatori
2449 532 2648 581 autem
2705 525 2821 581 Deo
2879 530 2939 580 et
2967 525 3125 581 Patri
3161 526 3393 581 Domini
3451 530 3639 584 nostri
3668 531 3805 587 Jcsu

384 622 465 692 τῷ
497 617 555 674 δὲ
583 617 854 695 νομοθέτῃ
905 622 1022 691 Θεῷ
1077 618 1169 673 καὶ
1238 619 1409 695 Πατρὶ
1466 625 1566 675 τοῦ
1626 621 1825 693 Κυρίου
1883 620 2043 693 ἡμῶν

2196 614 2367 669 bristi
2400 614 2477 669 sit
2505 614 2713 687 gratia.
2751 615 2880 685 Ipse
2910 614 3069 669 enim
3104 622 3162 671 et
3192 615 3382 688 legem
3435 620 3802 689 temporibus

390 712 575 780 Ἰησοῦ
607 713 792 788 χάρις.
828 706 1002 769 Αότὸς
1034 708 1137 785 γὰρ
1169 707 1260 763 καὶ
1289 711 1381 764 τὸν
1413 710 1583 782 νόμον
1643 710 1781 765 κατὰ
1825 707 2049 782 καιροὺς

2191 704 2275 758 uis
2307 703 2514 759 utilem
2547 703 2712 759 dedit
2743 720 2756 757 :
2790 710 2849 759 et
2868 721 3004 760 cum
3038 722 3147 760 nos
3179 706 3290 761 hac
3320 705 3393 761 ad
3424 709 3649 778 peccati
3701 727 3805 765 ro-

394 800 739 877 συμιρέέοντα
768 794 958 865 ἔδωκε,
989 799 1080 854 καὶ
1113 800 1290 873 τούτῳ
1319 802 1478 873 ἡμῶν
1526 801 1604 861 εἷς
1656 799 1815 876 ἰσχὺν
1870 799 2047 872 ἆμαρ-

2194 810 2264 848 ur
2294 792 2460 848 abusi
2492 809 2779 851 essemus.
2814 809 2882 849 ac
2914 801 3218 865 peccatum
3255 796 3799 865 conﬁrmassemus,

395 890 513 952 τίεις
545 890 1025 966 ἀποχρησαμένων
1077 887 1168 944 καὶ
1217 890 1670 965 κραταιωσάντων
1716 893 1817 960 τὴν
1870 890 2047 964 ἁμαρο

2191 899 2394 938 orsum
2426 884 2553 954 ipse
2583 898 2690 954 per
2720 883 2935 938 Filium
2967 900 3139 940 suum
3182 886 3497 942 Dominum
3529 893 3800 945 nostrum

394 980 536 1045 τίαν,
567 979 730 1042 αὐτὸς
764 978 929 1033 πάλιν
986 976 1074 1033 διὰ
1129 983 1225 1034 τοῦ
1284 980 1411 1034 Υἱοῦ
1467 979 1634 1035 αὐτού
1688 982 1787 1034 τοῦ
1843 975 2047 1053 Κυρίου

2191 991 2349 1031 esum
2370 972 2669 1031 Christum
2689 974 2854 1031 dedit
2873 974 3043 1030 nobis
3073 975 3358 1032 adversus
3380 977 3575 1049 ipsum
3607 995 3809 1052 pecca-

396 1070 770 1142 ἠμῶνΊησοῦ
824 1069 1081 1143 Χριστοῦ,
1139 1064 1335 1123 ἔδωκεν
1391 1071 1528 1143 ἡμῖν
1582 1069 1645 1125 τὸ
1701 1069 1822 1124 κατ’
1880 1065 2046 1136 αὐτῆς

2191 1081 2279 1120 um
2310 1069 2537 1120 certum
2569 1063 2753 1120 robur
2780 1081 2847 1120 ac
2882 1064 3281 1121 indubitatam
3311 1066 3638 1124 victoriam.

396 1159 804 1233 ἀναμφήριστον
833 1160 1030 1228 κράτος
1060 1157 1151 1212 καὶ
1179 1163 1347 1223 νῖκος.

467 1249 650 1316 Ὥστε,
707 1245 937 1326 ἀδελφοί
1001 1269 1110 1322 μου
1165 1248 1459 1325 ἀγαπητοὶ,
1526 1244 1762 1324 ὲνδραῖοι
1819 1246 2048 1325 γίνεσθε,

396 1338 806 1416 ἀμετακίνητοι,
899 1337 1307 1414 περισσεύοντες
1407 1337 1461 1395 ἐν
1546 1344 1626 1413 τῷ
1715 1334 1858 1414 ἔργῳ
1953 1340 2050 1394 τοῦ

401 1428 598 1505 Κυρῖου
657 1429 910 1498 πάντοτε,
977 1425 1179 1492 εἰδότες
1238 1427 1320 1485 ὅτι
1377 1429 1406 1486 ὁ
1462 1430 1633 1492 κόπος
1713 1429 1889 1502 ὑμῶν,
1949 1427 2051 1482 οὐκ

400 1517 512 1575 ἔστι
540 1520 705 1582 κενὸς
737 1518 788 1574 ἓν
824 1519 1027 1594 Κυρίῳ.

471 1610 621 1668 Ἐπεὶ
652 1607 743 1666 οὖν
772 1605 986 1686 ἔγνωτε,
1021 1608 1179 1687 φησὶ,
1232 1614 1398 1666 ταῦτα
1453 1611 1629 1673 οὕτως
1683 1603 1856 1689 ἔχειν,
1911 1606 2051 1664 εἷναί

2225 1605 2515 1672 Quoniam
2549 1620 2684 1677 ergo
2711 1604 2858 1673 haec,
2882 1603 3099 1677 inquit,
3131 1606 3213 1662 ita
3243 1623 3304 1662 se
3336 1605 3555 1662 habere
3594 1607 3807 1673 nostis,

399 1721 458 1756 τε
486 1698 772 1755 ἀνάστασιν
804 1698 892 1753 καὶ
954 1693 1194 1772 ἀμοιϐὰς
1237 1697 1423 1754 καλῶν
1473 1699 1565 1754 καὶ
1618 1699 1867 1773 φαύλων,
1916 1699 2051 1768 στή-

2194 1704 2212 1754 ι
2248 1713 2375 1753 esse
2399 1695 2917 1758 resurrectionem,
2972 1711 3040 1752 ac
3069 1695 3364 1752 bonorum
3417 1703 3477 1753 et
3515 1697 3810 1753 malorum

402 1811 539 1847 κετε.
611 1786 964 1845 Ἐσαλεύοντο
1021 1789 1126 1864 γὰρ
1183 1788 1307 1863 περὶ
1392 1788 1455 1844 τὸ
1553 1794 1651 1857 τῆς
1720 1785 2052 1849 ἀναστάσεως

2191 1786 2640 1852 νειτίὺιιιὶοηοιῐι,
2674 1790 2857 1839 state:
2884 1801 3022 1841 nam
3050 1784 3419 1842 ﬂuctuabant
3438 1786 3596 1842 circa
3615 1803 3815 1841 resur-

408 1880 732 1953 μυστήριον,
782 1876 872 1933 καὶ
928 1880 1025 1932 τοῦ
1086 1876 1208 1953 βίου
1266 1876 1535 1951 ἠμέλουν,
1594 1877 1670 1940 ὡς
1732 1876 1831 1932 οὐκ
1882 1871 2049 1947 οὔσης

2191 1876 2441 1933 ectionis
2455 1873 3126 1948 mysterium,vitamqne
3140 1874 3820 1947 negligebant,tanquam

403 1968 757 2033 ἀναστάσεως.
792 1964 928 2024 Εἶτά
982 1986 1136 2041 φησι·
1200 1989 1228 2018 ‹‹
1261 1967 1365 2023 Καὶ
1421 1965 1830 2042 περισσεύοντες
1871 1964 1924 2021 ἐν
1971 1969 2053 2039 τῷ

2191 1984 2281 2024 non
2304 1971 2461 2022 esset
2476 1963 3085 2021 resurrectio.Deinde
3103 1965 3375 2020 aitetiam
3393 1981 3407 2020 :
3423 1988 3450 2015 «
3485 1964 3816 2020 Abundan-

404 2058 547 2137 ἔργῳ
572 2062 670 2115 τοῦ
700 2061 862 2126 Θεοῦ,
900 2083 920 2109 ι
955 2057 1022 2112 οὐ
1084 2057 1244 2131 μόνον
1292 2058 1425 2113 αὐτὸ
1482 2056 1858 2135 ἐργαζόμενοι,
1906 2054 2054 2114 ἆλλᾶ

2191 2075 2251 2114 es
2275 2058 2337 2112 in
2357 2071 2533 2129 opere
2553 2054 2788 2110 Domini
2815 2071 2829 2122 ;
2856 2077 2881 2103 ι)
2906 2071 3027 2109 non
3059 2054 3251 2118 solum
3277 2055 3337 2109 in
3371 2071 3439 2110 eo
3472 2060 3811 2126 cperantes,

405 2151 494 2206 καὶ
527 2147 928 2225 περισσεύοντες
960 2147 1014 2204 ἐν
1044 2151 1059 2177 ⁷
1074 2154 1347 2228 χρησταῖς
1388 2149 1665 2220 πράξεσιν.
1719 2174 1748 2201 (ε
1782 2149 1839 2204 ’0
1885 2147 2055 2211 κόπος

2191 2163 2365 2203 erum
2397 2146 2576 2201 etiam
2598 2143 2973 2200 abundantes
3004 2144 3175 2199 bonis
3205 2142 3559 2199 actionibus.
3582 2167 3608 2193 ι(
3633 2142 3819 2199 Labor

409 2240 560 2313 ὑμῶν
594 2238 693 2294 οὐκ
727 2233 843 2294 ἔστι
900 2238 1058 2301 κενὸς
1117 2236 1169 2293 ἓν
1226 2237 1436 2311 Κυρίῳ,
1470 2262 1498 2290 »
1547 2237 1606 2292 ’ὀν
1658 2241 1750 2292 νῦν
1806 2236 2057 2311 κάμνετε,

2191 2243 2358 2293 'ester
2386 2251 2508 2291 non
2542 2233 2836 2289 sitinanis
2866 2233 2929 2288 in
2969 2232 3242 2296 Domino.
3279 2255 3307 2283 »ι
3339 2250 3455 2305 quo
3508 2250 3691 2298 nunc,
3724 2234 3815 2289 in-

403 2329 589 2409 φησίν,
626 2327 751 2384 ἀλλ’
781 2321 928 2383 ἔσται
959 2327 1128 2382 αὐτοῦ
1183 2321 1394 2399 ἀμοιϐὴ
1444 2326 1591 2402 παρά
1639 2331 1795 2386 Θεοῦ.
1849 2327 1927 2385 Τὸ
1976 2324 2056 2397 Si,

2191 2327 2317 2398 luit,
2351 2322 2764 2390 laboratis,sed
2798 2324 2927 2391 ejus
2952 2322 3066 2377 erit
3096 2321 3408 2378 retributio
3428 2338 3465 2378 a
3491 2323 3627 2380 Deo.
3648 2323 3814 2389 Quod

2225 1249 2339 1314 XV,
2376 1249 2489 1302 1-4.
2527 1269 2556 1298 ‹‹
2587 1246 3035 1317 Itaque.fratres
3065 1248 3181 1303 mei
3213 1248 3413 1305 dilecti
3446 1249 3691 1306 stabiles
3712 1250 3794 1305 si-

2155 1358 2183 1385 «
2219 1337 2315 1405 tis,
2347 1336 2686 1394 immobiles
2715 1335 3169 1392 abundantes'in
3200 1353 3377 1409 opere
3400 1338 3799 1394 Dominisem-

2155 1447 2183 1477 ‹‹
2217 1443 2343 1499 per,
2376 1427 2632 1483 scientes
2655 1426 2813 1498 quod
2844 1426 3013 1483 labor
3035 1433 3225 1483 vester
3253 1444 3375 1483 non
3402 1428 3479 1483 sit
3509 1428 3708 1484 inanis
3738 1428 3800 1483 in

2160 1537 2187 1570 ι
2217 1515 2488 1572 Domino.
2527 1538 2556 1566 ››
3441 1535 3444 1543 ι

408 2441 436 2471 ι(
471 2418 557 2474 Ἐν
590 2417 800 2492 Κυρίῳ,
831 2440 859 2469 ››
888 2418 1122 2487 νοήσεις,
1154 2414 1215 2486 ἢ.
1247 2416 1275 2470 ὁ
1305 2412 1359 2471 ἐν
1395 2414 1579 2492 Κυρίῳ
1608 2416 1802 2487 κόπος,
1831 2415 1892 2487 ἢ,
1913 2416 2059 2493 παρὰ

408 2506 592 2583 Κυρίῳ
620 2505 683 2562 ού
717 2506 1157 2580 ματαιωθήσεται
1188 2506 1217 2561 ὁ
1246 2506 1441 2568 κόπος.

488 2713 618 2788 Περῖ
650 2709 707 2768 Si
735 2714 835 2781 τῆς
883 2709 1077 2789 λογίας
1131 2719 1231 2782 τῆς
1286 2710 1365 2777 είς
1418 2713 1547 2776 τοὺς
1607 2712 1820 2791 ἁγίους,
1878 2711 2063 2790 ὥσπερ

417 2800 624 2873 διέταξε
685 2807 805 2863 ταῖς
886 2800 1241 2874 Έκκλησίαις
1323 2809 1424 2872 τῆς
1515 2801 1801 2871 Γαλατίας,
1888 2802 2063 2867 οὕτως

417 2893 510 2947 καὶ
569 2892 724 2964 ὑμεῖς
781 2891 1069 2962 ποιήσατε.
1127 2892 1262 2947 κατᾶ
1331 2893 1458 2965 μίαν
1529 2886 1855 2957 Σαϐϐάτων,
1934 2889 2065 2948 ’ἐκα-

417 3001 541 3044 στος
597 2980 757 3052 ὗμῶυ
810 2982 939 3056 παρ’
998 2980 1174 3053 ἑαυτῷ
1252 2979 1447 3036 τιθέτω
1529 2982 1873 3056 θησαυρίζων
1928 2982 1959 3035 δ
2012 3001 2067 3036 τι

416 3070 478 3127 ἄν
534 3066 824 3136 εὐοδῶται,
874 3067 961 3125 ’t'vz
1022 3071 1097 3142 μὴ
1158 3067 1286 3126 ὅταν
1339 3067 1482 3124 ἔλθω
1541 3068 1666 3124 τότε
1724 3065 1911 3145 λογίαι
1978 3068 2068 3146 γί-

2172 2420 2371 2472 autem
2401 2412 2567 2480 dicit,
2598 2432 2628 2462 «
2659 2413 2727 2467 In
2754 2410 3027 2478 Domino,
3053 2437 3071 2457 -
3099 2410 3388 2484 intellige,
3413 2411 3504 2467 vel
3536 2410 3816 2483 laborqui

2172 2510 2264 2560 est
2292 2503 2353 2558 in
2383 2500 2653 2569 Domino,
2686 2500 2777 2556 vel
2808 2516 2843 2557 a
2877 2500 3124 2557 Domino
3155 2517 3276 2556 non
3306 2499 3623 2557 habebitur
3650 2500 3820 2557 labor

2170 2592 2387 2650 inanis.

2241 2701 2385 2770 XVI,
2420 2700 2538 2753 1-4.
2571 2719 2598 2748 ‹‹
2624 2698 2913 2753 (Ξωιενυῐη
2955 2696 3028 2753 de
3067 2695 3417 2752 collectione
3448 2697 3509 2751 in
3558 2700 3818 2762 sanctos,

2179 2810 2202 2839 ι
2228 2786 2732 2861 quemadmodum
2748 2786 2998 2858 praecepi
3016 2785 3292 2841 Ecclesiis
3314 2785 3554 2841 Galalim
3573 2786 3727 2842 582
3743 2786 3825 2840 ita

2178 2899 2202 2931 ε
2224 2884 2284 2933 et
2301 2894 2403 2933 vos
2423 2875 2692 2931 faciteJn
2708 2891 2826 2929 uno
2838 2874 3228 2930 Sabbatorum
3241 2874 3653 2945 unusquisque
3665 2872 3825 2945 apud

2177 2990 2206 3018 «
2232 2983 2294 3023 se
2315 2962 2859 3038 ponat.recondens
2884 2962 3175 3033 quidquid
3202 2963 3585 3018 commodum
3613 2962 3792 3018 fuerit
3815 2977 3829 3017 :

2177 3079 2204 3106 (ι
2232 3072 2329 3117 ne,
2360 3070 2496 3110 cum
2516 3056 2901 3108 venero.tunc
2924 3050 3306 3107 collectiones
3331 3051 3608 3107 ﬁant.Ubi
3632 3058 3830 3108 autem

415 3181 635 3220 νωνται.
691 3160 855 3217 Ὅταν
914 3156 974 3213 δὲ
1024 3155 1440 3232 παραγένωμαι,
1528 3158 1624 3218 οὕς
1686 3158 1774 3212 ἐὰν
1835 3153 2067 3228 δοκιμά-

2191 3168 2205 3195 ‹
2244 3159 2482 3210 venero,
2524 3157 2913 3214 quoscunque
2954 3140 3343 3213 probaveritis
3390 3158 3497 3213 per
3528 3142 3835 3214 epistolas,

417 3270 548 3321 σητε
605 3246 674 3304 δι’
730 3244 1063 3317 ὶπιστολῶν,
1146 3247 1376 3310 τούτους
1443 3244 1666 3320 πέμψω,
1756 3246 2067 3322 ἀπενεγκεῖν

413 3340 514 3409 τὴν
546 3339 714 3418 χάριν
744 3338 899 3411 ὑμῶν
927 3337 1002 3401 εἰς
1032 3336 1419 3412 Ἰερουσαλήμ.
1453 3335 1576 3393 Ἐὰν
1610 3332 1668 3390 δὲ
1694 3334 1730 3411 ᾗ
1778 3333 1923 3409 ἄξιον
1973 3338 2071 3391 τοῦ

416 3428 558 3502 κάμὲ
585 3428 936 3504 πορεύεσθαι,
969 3427 1062 3482 σὺν
1093 3424 1220 3501 ἐμοὶ
1251 3426 1636 3499 πορεύσονται.

495 3516 823 3591 Ἀπαρτίσας
855 3516 948 3572 τὸν
995 3515 1121 3590 περὶ
1169 3512 1460 3590 δογμάτων
1511 3512 1695 3589 λόγον,
1744 3513 1820 3577 είς
1868 3515 1931 3570 τὸ
1984 3534 2075 3570 κε·-

421 3606 654 3688 φάλαιον
682 3611 792 3664 τῶν
827 3608 1058 3681 ἄρετῶν,
1097 3606 1197 3674 τήν
1246 3602 1624 3677 ἐλεημοσύνην
1669 3601 1828 3674 ἦλθε.
1880 3605 2077 3680 Λογίας

425 3694 482 3753 δὲ
512 3696 683 3773 λέγει,
711 3697 812 3767 τήν
840 3693 1144 3770 συλλογὴν,
1173 3698 1375 3772 κοῦφον
1424 3691 1488 3749 ἐκ
1533 3694 1847 3768 προοιμίων
1899 3699 2075 3751 ποιῶν

425 3788 488 3843 τὸ
549 3791 792 3859 πρᾶγμα.
848 3785 926 3843 Τὸ
983 3784 1088 3861 γὰρ
1147 3783 1206 3840 ἐκ
1259 3782 1489 3840 πολλῶν
1575 3784 2077 3862 συνεισφερόμενον,

428 3880 634 3954 κοῦφον
668 3875 900 3947 ἑκάστῳ.
937 3873 1069 3930 Εἶτα
1099 3872 1177 3935 εἷς
1219 3871 1388 3943 ζῆλον
1438 3870 1632 3936 αὐτοὺς
1680 3871 1822 3950 ἄγει,
1874 3870 2078 3950 sum-

430 3983 509 4019 σει
536 3970 644 4018 τῶν
677 3957 877 4022 ἒτένοις
930 3962 1406 4036 κατορθωθέντων.
1460 3962 1664 4035 ’Ὠσπερ
1721 3961 1845 4035 γὰρ,
1896 3959 2078 4040 φησῖν,

431 4052 483 4107 οἱ
522 4050 764 4108 Γαλάται
823 4052 1177 4120 πεποιήκασι.
1234 4051 1373 4124 Ὅρα
1432 4047 1489 4105 ὃὶ
1544 4054 1662 4113 πῶς
1719 4047 1963 4126 ἐμφαίνει
2019 4050 2082 4104 τὸ

429 4142 717 4216 ἀναγκαῖον
749 4143 846 4196 τοῦ
879 4138 1199 4217 γινομένου.
1233 4163 1260 4190 ‹‹
1293 4142 1522 4212 ’Ὡσπερ,
1583 4138 1739 4216 φησὶ,
1785 4136 2018 4211 διέναξα.
2053 4162 2083 4190 »ι

433 4230 512 4288 Οὐ
541 4230 642 4307 γὰρ
675 4232 816 4299 εἷπε,
860 4228 1168 4304 Ῑῐαρῂνεσα,
1200 4228 1259 4299 ἢ,
1312 4222 1858 4299 Συνεϐουλευσάμην,
1910 4225 2081 4297 ἀλλὰ,

436 4319 677 4392 Διέτπιξα,
709 4323 788 4391 τῷ
821 4318 955 4392 μετὰ
1006 4317 1287 4380 αὐθεντίας
1345 4315 1587 4386 ἐπιτάξαι
1642 4312 1830 4387 δηλῶν
1883 4316 1946 4370 τὸ
1987 4320 2085 4371 τοῦ

438 4410 758 4484 πράγματος
825 4407 1195 4483 ἀπαραίτητόν
1249 4426 1308 4461 τε
1363 4405 1452 4461 καὶ
1506 4405 1811 4480 ἀναγκαῖον.
1864 4430 1893 4458 ‹‹
1940 4405 2090 4462 Κατᾶ

2176 3255 2203 3285 ‹‹
2234 3234 2343 3288 hos
2362 3231 2618 3294 mittam.
2650 3238 2718 3287 ut
2742 3231 3046 3303 perferant
3064 3231 3316 3304 gratiam
3340 3236 3591 3287 vestram
3614 3231 3825 3287 Hiero-

2178 3344 2201 3375 ε
2237 3322 2485 3395 solyma.
2513 3321 2679 3388 Quod
2701 3322 2749 3376 si
2781 3321 3025 3394 dignum
3048 3320 3225 3378 fuerit
3255 3328 3322 3376 ut
3347 3321 3528 3377 etiam
3552 3322 3675 3394 ipse
3694 3338 3823 3394 pro-

2178 3437 2205 3466 ‹‹
2231 3413 2483 3478 ﬁciscar,
2520 3427 2756 3468 mecum
2784 3401 3258 3483 proficiscentur.
3293 3432 3320 3459 ι·

2248 3501 2491 3574 Expleta
2504 3500 2577 3556 de
2590 3499 2966 3571 dogmatibus
2978 3516 3251 3556 sermone
3273 3499 3348 3555 ad
3369 3500 3652 3556 virtutum
3676 3515 3742 3555 su
3752 3515 3835 3554 m-

2181 3609 2338 3649 mam
2368 3592 2551 3650 venit.
2599 3606 2817 3664 nempe
2848 3590 3311 3662 eleemosynam.
3368 3588 3572 3664 Λογίας
3627 3597 3829 3646 autem

2181 3682 2326 3738 dicit
2357 3698 2370 3737 :
2396 3679 2842 3746 Collectionem,
2874 3696 3003 3736 rem
3033 3680 3096 3735 in
3115 3679 3377 3735 exordiis
3398 3680 3584 3735 levem
3608 3678 3833 3734 faciens

2182 3772 2343 3845 quod
2372 3772 2532 3829 enim
2557 3771 2630 3827 ab
2651 3771 2946 3827 universis
2968 3771 3028 3824 in
3058 3787 3243 3825 unum
3266 3769 3825 3833 conferebatur,sin-

2184 3863 2338 3936 gulis
2364 3862 2489 3917 leve
2519 3866 2662 3916 erat.
2691 3858 2912 3914 Deinde
2934 3859 3007 3913 ad
3038 3858 3479 3913 aemulationem
3503 3874 3604 3912 eos
3648 3856 3832 3923 ducit,

2185 3952 2527 4006 narratione
2551 3965 2755 4005 eorum
2780 3963 2911 4018 quae
2923 3946 2996 4002 ab
3019 3947 3154 4001 aliis
3178 3954 3338 4001 recte
3369 3952 3499 4002 acta
3519 3952 3688 4001 erant
3714 3963 3725 4002 :
3747 3945 3832 4000 ait

2191 4056 2381 4096 enim:
2404 4035 2912 4105 Quemadmodum
2938 4034 3155 4090 Galatae
3177 4034 3613 4091 fecerunt.Vide
3635 4042 3837 4090 autem

2191 4128 2490 4203 quomodo
2522 4125 2798 4182 ostendat
2827 4126 2913 4181 rei
2946 4125 3420 4182 necessitatem.«
3453 4125 3846 4191 Quemadmo-

2192 4220 2355 4285 dum,
2388 4215 2920 4288 inquit,praacepi.-
2943 4218 3142 4287 Neque
3166 4217 3324 4271 enim
3344 4215 3836 4279 dicit.Admonui,

2192 4315 2294 4366 aut
2323 4306 2906 4379 Suasi.sed,przecepi
2928 4322 3035 4379 per
3048 4307 3285 4378 jussum
3320 4322 3456 4361 cum
3486 4304 3839 4361 auctoritate

2193 4398 2536 4472 signiﬁcans
2556 4395 2957 4452 inevitabilem
2980 4397 3065 4452 rei
3089 4396 3525 4463 necessitatem.
3566 4416 3594 4444 «ι
3626 4394 3691 4448 In
3721 4407 3841 4446 uno

442 4481 951 4572 μ-ίαννΣαὸϐάτων,
1011 4520 1041 4549 ››
1100 4497 1243 4554 Μίαν
1302 4488 1597 4550 Σαϐϐἁτων
1641 4494 1741 4564 τήν
1813 4494 2077 4570 Κυριακήν

2195 4488 2609 4545 Sabbatorum.
2645 4506 2674 4535 ››
2708 4485 2899 4540 Unum
2924 4485 3313 4542 Sahbatorum
3358 4481 3651 4556 significat
3684 4481 3841 4537 diem

434 4585 605 4663 λέγει,
636 4587 728 4642 καὶ
760 4585 864 4641 ἀπό
920 4592 1024 4655 τῆς
1080 4584 1290 4660 ἡμέρας
1348 4582 1513 4652 αὐτῆς
1562 4581 1651 4638 ἐπὶ
1709 4580 2083 4657 ἐλεημοσύνην

435 4676 905 4751 προτρεπόμενος,
936 4679 1044 4729 τῶν
1092 4674 1144 4730 ἐν
1199 4671 1336 4745 αὐτῇ
1400 4671 1712 4748 μυστηρίων
1764 4672 2088 4748 ὑπομιμνή-

437 4786 602 4823 σκων.
637 4790 665 4817 α
729 4766 858 4839 Παρ⁹
909 4765 1086 4837 ἑαυτῷ
1141 4764 1358 4827 τιθέτω.
1416 4788 1436 4812 ι
1504 4766 1882 4837 ΙΙρονοητικῶς
1937 4760 2083 4820 λίαν.

437 4856 515 4914 υύ
547 4856 651 4934 γᾶρ
679 4859 850 4922 εἶπεν,
882 4855 1054 4917 Εὐθὺς
1110 4854 1342 4935 φερέτω,
1388 4851 1476 4908 ἳνα
1527 4855 1601 4925 μή
1651 4875 1734 4916 τις
1794 4854 2090 4935 ἐλάχιστον

439 4944 584 5022 ἔχων
647 4947 997 5023 αἰσχύνηται,
1059 4944 1205 5001 ἀλλὰ
1260 4949 1476 5018 πρῶτον
1532 4944 1676 5018 παρὰ
1729 4950 1912 5017 σα)τῷ
1970 4967 2090 5000 συν-

441 5037 620 5112 άγαγε,
678 5037 770 5093 καὶ
825 5038 950 5092 ὅταν
1011 5035 1161 5109 ἄξιον
1220 5033 1391 5109 λόγου
1465 5035 1710 5107 γένηται,
1763 5036 1886 5090 τότε
1939 5036 2086 5113 φέρε.

440 5153 467 5179 ιι
501 5125 886 5202 Θησαυριζέτω
942 5124 1000 5181 δὲ
1029 5126 1058 5181 ’ὁ
1087 5147 1141 5181 τι
1194 5123 1257 5180 ἅν
1313 5120 1603 5189 εὐοδῶται,
1642 5148 1669 5173 ››
1726 5122 2027 5186 τουτέστιν,
2059 5123 2091 5179 ὅ

438 5219 498 5273 ἄν
532 5219 560 5273 ὁ
592 5218 721 5280 Θεὸς
751 5219 965 5295 πέμψῃ,
996 5224 1087 5273 καὶ
1125 5216 1404 5293 εὐχέρειαν
1607 5239 1633 5265 ιτ
1666 5216 1781 5271 Ἵνα
1838 5217 1915 5288 μή
1964 5214 2088 5270 ὅταν

386 5312 393 5325 ’
438 5301 607 5370 ἔλθω.
647 5330 671 5360 ι
704 5311 825 5365 Ἵνα
863 5310 970 5380 μής
1023 5307 1208 5383 φησὶν,
1260 5304 1349 5360 ὅτε
1394 5304 1585 5376 καιρός
1644 5301 1786 5359 ἐστιν
1836 5305 2090 5379 ἐκφορᾶς,

437 5397 561 5452 τότε
588 5400 831 5472 συνάγειν
863 5395 896 5452 ἃ
934 5400 1111 5471 ξηται.
1153 5398 1249 5468 Τῷ
1280 5391 1337 5451 δὲ
1367 5393 1559 5459 εἰπεῖν,
1589 5416 1617 5445 ‹‹
1645 5394 1812 5451 Ὅταν
1860 5387 2026 5449 ἔλθω.
2059 5415 2090 5447 ››

436 5485 880 5558 προθυμοτὲ;ους
915 5486 990 5549 είς
1016 5489 1116 5558 τήν
1150 5482 1426 5558 συλλογὴν
1458 5482 1633 5551 ποιεῖ,
1676 5483 1751 5545 ὡς
1784 5482 1868 5539 ἐπ’
1906 5483 2094 5559 ἆψωιν

437 5575 603 5631 αὐτοῦ
637 5573 958 5650 μελλούσης
1007 5576 1246 5652 γίνεσθαι
1300 5576 1402 5639 τῆς
1449 5571 1726 5650 εἰσφορᾶς.
1771 5596 1799 5628 ι
1847 5572 1956 5636 Οἶὶς
2003 5571 2092 5629 ἐὰν

441 5660 796 5740 δοκιμάσητε.
829 5686 859 5717 ιι
917 5662 1121 5728 Καλῶς
1173 5662 1260 5735 τὸ,
1318 5682 1352 5714 ‹‹
1389 5657 1501 5724 Oti:
1545 5657 1611 5716 ἄν
1665 5656 2023 5735 δοκιμάσητε,
2053 5683 2077 5714 ι

2195 4577 2605 4635 Dominicum:
2643 4592 2713 4631 ex
2743 4576 2869 4647 ipso
2908 4592 3143 4648 quoque
3172 4575 3267 4631 die
3296 4573 3375 4632 ad
3402 4574 3844 4642 eleemosynam

2198 4668 2543 4728 adhortans.
2584 4666 2740 4721 facta
2779 4665 3197 4736 mysteriorum
3230 4682 3363 4737 qua:
3412 4664 3475 4719 in
3506 4679 3574 4718 eo
3607 4665 3846 4733 peracta

2197 4765 2337 4815 sunt
2365 4756 2692 4813 mentione.
2716 4777 2744 4803 ‹‹
2774 4752 2945 4825 Apud
2975 4770 3036 4809 se
3068 4760 3267 4825 ponat.
3308 4778 3328 4802 ιι
3365 4750 3610 4809 Provide
3637 4749 3847 4805 admoo

2196 4850 2359 4905 dum.
2389 4846 2692 4918 Siquidem
2721 4860 2843 4899 non
2882 4843 3063 4899 dixit:
3113 4846 3319 4900 Statim
3381 4845 3610 4908 all'erat,
3668 4857 3744 4895 ne
3796 4840 3846 4893 is

2197 4940 2299 5010 qui
2332 4937 2497 4993 valde
2527 4950 2732 5007 parum
2764 4933 2942 4988 habet
2966 4933 3248 5004 pudeﬂat,
3274 4934 3375 4990 sed
3399 4934 3560 5004 prius
3577 4929 3733 5002 apud
3758 4936 3845 4984 te-

2197 5029 2394 5100 ipsum
2434 5040 2742 5097 congrega.
2777 5039 3030 5094 cumque
3087 5024 3319 5079 ratione
3359 5023 3603 5095 dignum
3646 5019 3845 5089 fuerit,

2199 5125 2339 5175 tunc
2369 5118 2517 5171 atTer
2548 5110 2881 5168 -Recondat
2910 5113 3199 5185 quidquid
3228 5113 3607 5170 commodum
3634 5110 3847 5166 fuerit»

2201 5208 2312 5263 hoc
2342 5210 2453 5271 est,
2503 5201 2901 5274 quodcunque
2946 5204 3099 5258 Deus
3153 5205 3401 5271 miserit,
3441 5208 3544 5259 aut
3587 5203 3639 5257 ei
3673 5200 3845 5256 facile

2198 5296 2397 5353 fuerit.
2436 5319 2456 5341 -
2493 5295 2572 5348 Ne
2602 5309 2737 5348 cum
2770 5310 3012 5349 venero.
3041 5318 3069 5346 »
3102 5297 3181 5351 Ne
3204 5312 3338 5351 cum
3369 5290 3851 5366 tempus,inquit,

2201 5381 2489 5442 etl'erendi
2523 5381 2719 5449 fuerit,
2744 5388 2887 5439 tunc
2915 5399 3270 5456 congregare
3290 5384 3543 5454 quisque
3582 5380 3851 5451 incipiat.

2202 5482 2283 5531 hx
2313 5488 2384 5528 eo
2405 5476 2603 5527 autem
2625 5471 2781 5538 quod
2802 5473 2918 5529 ait:
2946 5498 2972 5524 ι(
2997 5475 3142 5529 Cum
3160 5489 3435 5539 venero,»
3460 5470 3532 5526 ad
3556 5468 3854 5526 collectio-

2201 5579 2343 5623 nem
2372 5577 2475 5618 eos
2500 5558 2697 5616 reddit
2723 5561 3442 5635 promptiores.tanquam
3472 5559 3547 5616 ad
3576 5563 3851 5630 aspectus

2205 5671 2345 5713 suos
2363 5655 2682 5708 venturum
2721 5649 2800 5708 sit
2827 5651 2985 5726 quod
3016 5652 3079 5708 in
3103 5668 3291 5709 unum
3321 5649 3639 5722 colligitur.
3663 5647 3851 5711 Quos-
