4158 6194
359 310 499 391 ’899

1405 296 1408 298 ⁷
1497 293 1922 394 CECUMENH
1969 295 2284 388 Tuscos:
2318 295 2690 391 EPfSCOPl.

3665 331 3786 394 000

374 479 610 535 cunque
635 460 1072 534 probaveritis.»
1095 460 1247 514 Bene
1275 460 1392 514 ait:
1420 482 1443 508 α
1470 460 1864 530 Quoscunque
1889 476 2002 530 pro

2138 453 2568 532 ἀποτριϐόμενος
2627 467 2908 538 πανταχοῦ
2966 463 3028 519 τὸ
3085 460 3436 518 σκανδαλίσω
3489 462 3658 530 τινας,
3699 459 3777 523 ὦς

375 553 652 608 baveritis
677 567 690 614 ;
722 549 969 619 ~ubique
989 549 1252 604 devitans
1279 566 1352 604 ne
1372 549 1470 620 qui
1491 549 2024 605 ofTendanlur.tan-

374 658 549 712 quam
577 641 700 710 ipse
714 654 950 709 quoque
964 639 1239 693 nonnihil
1261 656 1472 710 capere
1487 639 1663 694 vellet
1684 655 1752 694 ex
1778 637 1868 693 liis
1891 655 2021 708 qua)

371 735 892 802 congregarentur.
926 753 951 777 ‹‹
981 730 1048 783 Ut
1081 728 1382 800 perferant
1413 729 1661 798 gratiam
1696 733 2015 782 vestram»

371 818 627 874 Gratiam
660 817 826 883 dixit,
861 835 999 872 nam
1027 819 1314 873 miserum
1343 824 1471 874 erat
1499 818 1895 888 eleemosynm
1917 833 2018 872 vo-

372 907 647 963 cabulum
679 914 735 962 et
767 906 1074 979 indignum
1097 907 1317 963 sanctis
1348 907 1491 978 quid
1523 906 1670 962 illud
1719 903 2017 978 accepturi

373 1005 542 1054 erant
586 998 888 1071 Significat
918 1000 1094 1054 etiam
1136 997 1293 1069 quod
1317 998 1427 1068 ipsi
1466 997 1725 1053 vicissim
1771 997 2018 1069 gnatiam

370 1091 667 1162 recepturi
700 1096 1140 1162 essentnempe
1161 1091 1529 1161 precationes
1555 1085 2018 1154 illorum.»Quod

372 1180 418 1233 si
435 1180 676 1250 dignum
695 1180 1178 1235 fuerit.»Perha3c
1197 1179 1267 1235 ad
1283 1179 1592 1234 liberalem
1607 1177 2016 1234 collectionem

373 1286 472 1324 eos
494 1270 934 1326 exhortatur.Si
967 1276 1152 1329 tanta.
1181 1269 1394 1340 inquit.
1429 1269 1652 1324 fuerint
1672 1275 1737 1322 ut
1766 1283 1861 1322 res
1885 1283 2016 1322 meo

370 1376 606 1430 quoque
621 1357 1804 1431 egeatministerio,veniam.588Ubique
1819 1361 2017 1412 autem

370 1450 505 1504 illos
533 1449 712 1504 etiam
743 1448 866 1504 vult
898 1447 1115 1504 habere
1147 1453 1345 1511 testes.
1409 1445 1565 1518 quod
1618 1446 1767 1502 nihil
1823 1463 1892 1502 ex
1923 1445 2017 1504 his

371 1543 724 1610 accepturus
757 1539 852 1601 sit,
887 1537 1020 1592 ideo
1051 1537 1154 1599 ait,
1191 1560 1217 1586 ‹‹
1253 1539 1476 1592 Mecum
1507 1537 2016 1609 proﬁciscentur.»

444 1628 582 1691 XVI,
611 1630 735 1682 5-9.
775 1629 1001 1683 Veniam
1040 1634 1221 1681 autem
1259 1627 1333 1681 ad
1362 1643 1450 1681 ros
1481 1644 1603 1681 cum
1643 1626 2018 1682 Macedoniam

371 1719 658 1772 transiero.
693 1718 827 1772 Nam
858 1717 1237 1772 Macedoniam
1289 1719 1626 1770 transiturus
1667 1731 1808 1770 sum.
1851 1715 2021 1785 Apud

351 1821 458 1861 'vos
487 1812 668 1860 autem
695 1807 948 1874 fortassis
962 1806 1314 1874 permanebo,
1346 1811 1443 1859 aut
1474 1807 1640 1859 etiam
1666 1804 1966 1858 hibernabo
1998 1822 2019 1856 .’
2048 1840 2094 1906 Β

365 1903 427 1950 ιιι
482 1912 574 1952 ros
620 1913 703 1951 me
759 1896 1045 1950 deducatis
1105 1911 1428 1966 quocunque
1477 1895 1820 1964 proﬁciscar.
1881 1891 2015 1949 Nolo

351 1989 507 2041 enim
539 2003 630 2042 vos
660 2003 803 2042 nunc
833 1989 891 2041 in
941 1993 1257 2042 transcursu
1316 1987 1519 2053 videre,
1577 1985 1672 2040 sed
1720 2001 1877 2056 spero
1932 2001 2016 2039 me

365 2077 714 2146 aliquantum
755 2083 965 2146 tempus
994 2092 1435 2146 permansurum,
1465 2074 1514 2130 si
1572 2077 1831 2130 Dominus
1881 2091 2015 2144 per-

363 2167 596 2220 miserit.
633 2166 946 2220 Commoror
1003 2172 1184 2220 autem
1234 2165 1444 2236 lz‘phesi
1472 2180 1643 2235 usque
1689 2164 1764 2219 ad
1819 2164 2015 2218 Pente-

365 2259 564 2306 costcn.
608 2253 743 2307 Nam
802 2255 998 2308 ostium
1035 2251 1178 2307 mihi
1231 2259 1488 2323 apertum
1527 2259 1605 2308 est
1645 2269 1906 2322 magnum
1962 2257 2014 2306 et

363 2344 583 2410 efﬁcax,
616 2349 668 2396 et
687 2343 991 2396 adversarii
1007 2340 1189 2396 multi.

437 2452 463 2478 «ι
498 2431 642 2486 Cum
679 2429 1084 2485 Macedoniam
1109 2429 1402 2484 transiero
1434 2451 1462 2478 »
1495 2431 1620 2484 Non
1653 2428 1836 2484 dixit:
1864 2429 2009 2484 Cum

362 2519 763 2575 Macedoniam
809 2519 1103 2590 profectus
1136 2518 1326 2583 fuero,
1361 2517 1483 2582 sed,
1523 2543 1543 2566 ι
1606 2518 1940 2581 Transiero.
1973 2536 2000 2569 ο

358 2609 671 2665 consolans
713 2626 813 2665 eos
844 2609 1012 2680 quasi
1046 2613 1210 2664 recta
1250 2608 1326 2663 sit
1377 2608 1757 2664 adventurus.
1801 2608 2004 2664 Consi-

359 2698 500 2754 dera
530 2700 705 2754 etiam
765 2698 922 2770 quod
973 2699 1204 2754 cmteris
1253 2704 1697 2770 praaponantur.
1760 2698 1840 2752 De
1889 2697 2006 2752 illis

354 2787 502 2842 dixit
537 2806 600 2844 :«
626 2789 1008 2843 Transiturus
1043 2804 1212 2854 sum;
1245 2811 1272 2836 »ι
1306 2785 1377 2841 de
1411 2785 1504 2840 his
1535 2793 1732 2841 autem
1759 2803 1772 2841 :
1799 2808 1827 2837 «
1866 2791 2006 2842 Per-

358 2877 630 2932 manebo.
665 2900 693 2926 »
718 2876 1021 2954 Siquidem
1055 2875 1255 2948 plures
1286 2882 1456 2931 erant
1484 2875 1750 2930 Corinthi
1776 2875 2003 2942 ﬁdeles,

359 2966 489 3020 ideo
521 2966 700 3021 etiam
731 2965 804 3021 ab
843 2983 910 3021 eo
969 2973 1417 3037 praeponuntur.
1480 2987 1507 3014 «
1556 2964 1726 3036 Apud
1776 2981 1874 3020 vos
1906 2980 2006 3019 au-

361 3062 500 3122 tem,
535 3080 555 3104 ι
594 3051 670 3121 δέ,
698 3056 755 3111 id
777 3062 885 3120 est.
920 3061 1140 3118 autem,
1175 3056 1284 3111 hoc
1307 3055 1436 3110 loco
1455 3054 1735 3119 abundat.
1778 3054 1836 3108 id
1869 3070 2003 3109 vero

359 3145 570 3201 divinm
594 3146 911 3217 Scripturas
934 3145 1225 3201 familiare
1255 3151 1380 3212 est;
1406 3144 1550 3216 quin
1581 3150 1641 3200 et
1696 3142 1854 3216 apud
1903 3159 2004 3199 ex-

2132 547 2220 602 καὶ
2247 547 2414 604 αὖτοῦ
2456 571 2509 604 τι
2551 547 2898 625 βουλομένου
2955 546 3142 608 λαϐεῖν
3195 550 3256 608 ἐκ
3310 556 3416 606 τῶν
3477 550 3779 625 συναγομέ-

2131 657 2259 693 van.
2296 662 2324 690 «
2359 640 2698 714 Ἀπενεγκεῖν
2731 648 2829 710 τήν
2871 645 3034 718 χάριν
3095 642 3271 715 ὑμῶν.
3309 666 3336 694 υ
3379 641 3556 714 Χάριν
3608 640 3772 698 εῗπεν.

2131 726 2363 803 Οἷκτρὸν
2393 729 2494 805 γὰρ
2549 730 2615 799 ἦν
2671 731 2736 786 τὸ
2792 738 2892 801 τῆς
2951 729 3344 804 ἐλεημοσύνης,
3411 732 3497 787 καὶ
3558 730 3772 804 ἀνάξιον

2127 822 2235 872 τῶε
2268 816 2587 890 μελλόντων
2640 816 2936 894 λαμϐάνειν
2989 821 3184 898 ἁγίων.
3232 821 3331 876 Καὶ
3381 822 3636 894 σημαίνει
3687 822 3770 875 δτι

2129 905 2524 982 ἀντιλήψονται
2583 909 2670 965 καὶ
2729 911 2887 966 αὐτοὶ
2952 911 3138 985 χάριν,
3194 911 3290 972 τὰς
3349 910 3515 986 εὐχὰς
3569 911 3769 966 αὐτῶν.

2129 1023 2156 1050 ‹‹
2191 999 2314 1055 Ἐὰν
2348 997 2406 1055 δὲ
2435 999 2472 1076 ᾖ
2503 1000 2672 1075 ἄξιον.
2710 1027 2737 1053 si
2773 1003 2869 1058 Διὰ
2897 1002 3106 1058 τούτων
3135 1001 3212 1064 εἷς
3243 999 3528 1076 δαψίλειαν
3578 1000 3774 1066 αὐτοὺς

2126 1087 2509 1162 προτρέπεται.
2562 1091 2685 1147 Ἐὰν
2737 1089 2795 1166 ᾖ,
2845 1091 3000 1169 φησὶ,
3055 1096 3292 1147 τοσαῦτα
3367 1091 3440 1154 ὼς
3519 1090 3611 1146 καὶ
3665 1097 3766 1161 τῆς

2129 1177 2268 1251 ἐμῆς
2327 1175 2530 1243 δεῖσθαι
2597 1176 2873 1241 διακονίας
2929 1181 2991 1235 τὸ
3071 1186 3320 1258 πρᾶγμα,
3376 1179 3769 1254 ἀπελεύσομαι.

2131 1272 2418 1348 ΙΙανταχοῦ
2449 1265 2620 1324 δὲκαὶ
2653 1271 2779 1332 τοὺς
2839 1269 3052 1326 ἐκείνων
3103 1269 3252 1346 ἔχειν
3307 1274 3582 1346 μάρτυρας
3631 1271 3771 1346 βοὺ-

2128 1354 2300 1425 λεται,
2334 1359 2408 1419 ὡς
2435 1357 2597 1422 αὐτὸς
2645 1355 2798 1414 οὐδὶν
2849 1359 3080 1435 λήψεται
3129 1359 3181 1431 ἐξ
3228 1359 3428 1420 αὐτῶν.
3473 1361 3566 1415 Διό
3613 1379 3772 1439 φησι,

2133 1467 2156 1498 ε
2191 1445 2294 1502 Σὺν
2328 1445 2452 1520 ἐμοὶ
2483 1449 2858 1524 πορεύσονται.
2892 1476 2916 1502 η

2200 1609 2534 1686 Ἐλεύσομαι
2608 1611 2666 1668 ὃὶ
2730 1615 2866 1690 πρὸς
2957 1615 3115 1688 ὑμᾶς,
3220 1617 3346 1671 ὅταν
3439 1613 3777 1672 Μακεδονίαν

2129 1697 2352 1759 διέλθω.
2422 1700 2756 1760 Μακεδονίαν
2818 1705 2922 1780 γὰρ
3009 1702 3327 1785 διέρχομαι.
3414 1707 3558 1780 Πρὸς
3636 1705 3780 1781 ὑμᾶς

2128 1787 2186 1845 δὲ
2251 1791 2421 1867 τυχὸν
2510 1796 2830 1868 παραμενῶ,
2895 1790 2932 1862 ἤ
3004 1795 3091 1849 καὶ
3162 1795 3586 1870 παραχειμάσω,
3677 1791 3777 1848 ’ἕνα

2129 1880 2283 1953 ὑμεῖς
2340 1902 2407 1954 με
2463 1883 2827 1957 προπέμψητε
2883 1882 2945 1938 οὗ
3003 1881 3091 1939 ἐὰν
3147 1883 3487 1958 πορεύωμαι.
3548 1882 3625 1942 Οὐ
3683 1883 3776 1947 θέ-

2125 1967 2207 2025 λω
2255 1971 2355 2046 γὰρ
2416 1971 2556 2044 ὑμᾶς
2614 1970 2738 2047 ἄρτι
2795 1969 2848 2028 ἐν
2905 1969 3131 2048 παρόδῳ
3189 1970 3342 2030 ἰδεῖν.
3405 1974 3652 2044 Ἐλπίζω
3711 1967 3773 2027 δὶ

2122 2059 2319 2134 χρόνον
2376 2060 2498 2115 τινὰ
2555 2059 2832 2134 ἐπιμεῖναι
2889 2062 3026 2137 πρὸς
3111 2062 3276 2136 ὑμᾶς,
3333 2060 3422 2118 ἐὰν
3477 2063 3504 2118 ὁ
3564 2062 3773 2136 Κύριος

2122 2146 2408 2225 ἐπιτρέπῃ.
2465 2148 2739 2224 Ἐπιμένω
2798 2148 2855 2206 δὶ
2912 2150 2965 2206 έν
3019 2153 3230 2225 Ἐφέσῳ
3293 2148 3399 2216 ἕως
3478 2157 3580 2220 τῆς
3640 2158 3776 2206 ιΙεν-

2119 2244 2406 2308 τηκοστῆς.
2448 2239 2594 2314 Θὺρα
2623 2239 2726 2316 γάρ
2760 2261 2856 2314 μοι
2886 2240 3088 2318 ἀνέῳγε
3129 2239 3343 2316 μεγάλη
3391 2240 3480 2296 καὶ
3529 2239 3774 2316 ἐνεργὴς,

2117 2327 2208 2382 καὶ
2237 2327 2595 2402 ἀντικείμενοι
2619 2327 2847 2389 πολλοί.

2189 2443 2217 2471 α
2251 2420 2416 2476 Ὅταν
2459 2417 2786 2476 Μακεδονίαν
2835 2417 3054 2479 διέλθω.
3088 2446 3117 2474 ››
3166 2421 3282 2480 Οὐκ
3330 2421 3503 2484 εἶπεν.
3563 2420 3770 2478 Ἀπέλ-

2117 2518 2218 2572 οω.
2247 2507 2415 2579 ἄλλα,
2450 2537 2476 2563 ‹‹
2531 2511 2759 2582 Διέλθω,
2795 2534 2825 2564 »
2878 2511 3370 2588 παραμυθούμενος
3417 2509 3636 2578 αὑτοὺς,
3688 2512 3768 2576 ὡς

2117 2599 2270 2664 εὐθὺς
2326 2603 2779 2678 παραγινόμενος.
2841 2604 2943 2663 Καὶ
3003 2605 3103 2680 δρα
3185 2603 3543 2678 πυῖοτίμησιν,
3624 2603 3764 2660 ἐκεί-

2113 2711 2255 2759 νους,
2306 2717 2332 2743 α
2369 2692 2686 2772 Διέεχομαι·
2723 2716 2750 2746 »
2813 2692 2942 2767 ὑμῖν
3000 2691 3078 2759 δὲ,
3133 2719 3160 2746 ‹‹
3199 2698 3550 2770 [Ιαραμενῶν.
3582 2719 3608 2745 n
3659 2693 3762 2749 Καὶ

2111 2780 2212 2858 γὰρ
2266 2782 2490 2846 πλείους
2542 2784 2676 2853 ἦσαν
2732 2783 2783 2840 οί
2841 2789 2894 2841 ιν
2953 2785 3202 2859 Κορίνθῳ
3256 2784 3461 2844 πιστοί.
3524 2786 3616 2840 Διὸ
3665 2786 3757 2840 καὶ

2113 2875 2485 2944 προτιμῶνται
2516 2873 2644 2947 παρ’
2673 2871 2857 2930 αὐτοῦ.
2912 2900 2936 2923 ιι
2976 2875 3120 2944 Ηρός
3173 2874 3312 2947 ὑμᾶς
3361 2870 3437 2928 δέ.
3475 2897 3501 2924 »
3549 2874 3626 2929 Τὸ
3676 2870 3757 2940 εὶ,

2110 2957 2367 3034 παρέλκει
2401 2959 2640 3016 ivra-30a.
2678 2987 2704 3012 «
2740 2962 2882 3036 Πρὸς
2911 2962 3050 3035 ὑμᾶς
3082 2959 3159 3020 δέ.
3196 2987 3223 3014 ››
3259 2961 3491 3032 Σὺνηθες
3532 2959 3590 3017 δὲ
3624 2966 3758 3017 τοῦ-

2110 3069 2172 3105 το
2203 3052 2270 3122 τῇ
2302 3049 2415 3120 θείᾳ
2447 3054 2656 3128 Γρανρῇ,
2687 3049 2832 3108 ἀλλὰ
2862 3053 2949 3108 καὶ
2977 3053 3122 3126 παρὰ
3149 3057 3267 3114 τοῖς
3297 3051 3397 3126 ἔξω
3427 3057 3761 3130 συγγραφεῦ-

2110 3160 2185 3210 at,
2211 3136 2398 3208 πολλή
2421 3141 2456 3209 ἡ
2477 3139 2702 3212 τοιαύτη
2725 3143 2949 3217 χρῆσις,
2980 3141 3068 3197 καὶ
3105 3140 3341 3214 μάλιστα
3369 3148 3486 3206 τοῖς
3516 3143 3759 3198 ’Δττικι-

359 3244 560 3293 ternos
591 3236 908 3306 scriptores
940 3235 1219 3306 frequens
1259 3241 1348 3289 est
1377 3233 1722 3305 hujusmodi
1747 3249 1911 3296 usus,
1945 3239 2002 3288 et

2113 3233 2277 3290 σταῖς.
2313 3253 2339 3280 ι(
2373 3230 2556 3304 Τυχὸν
2583 3235 2900 3305 παραμενῶ.
2935 3254 2964 3283 ››
2997 3229 3197 3292 Καλῶς
3225 3232 3308 3301 τὸ,
3350 3231 3541 3308 τυχὸν,
3589 3251 3756 3287 τουτ-

357 3325 615 3380 maxime
645 3325 800 3396 apud
841 3326 1086 3380 Atticos.
1121 3346 1149 3374 «
1209 3323 1498 3378 Fortassis
1556 3322 1937 3393 permanebo.
1969 3341 1992 3374 ι

356 3416 510 3470 Bene
543 3415 706 3470 addit
731 3413 920 3486 τυχόν,
952 3413 1012 3468 id
1063 3419 1172 3473 est.
1232 3411 1523 3473 fortassis,
1580 3411 1670 3466 vel
1727 3411 1994 3468 forsitan.

345 3505 554 3578 Neque
581 3506 738 3560 enim
767 3504 1012 3559 omnino
1042 3507 1285 3556 noverat
1312 3508 1512 3556 utrum
1543 3501 1654 3556 hoc
1699 3517 1732 3556 ο.
1786 3503 1998 3573 spiritu

355 3594 782 3650 concederetur
811 3609 885 3647 an
916 3607 1035 3646 non
1096 3589 1436 3644 hilectionis
1475 3596 1672 3644 autem
1710 3589 1995 3644 indicium

353 3690 460 3744 est.
489 3683 644 3755 apud
675 3683 833 3754 ipsos
866 3694 1216 3752 permanere
1248 3683 1306 3734 et
1334 3677 1406 3732 ab
1441 3677 1582 3748 ipsis
1605 3677 1838 3732 deduci.
1864 3701 1890 3727 «
1927 3679 1999 3733 Ut

350 3789 453 3828 vos
485 3789 578 3827 me
609 3769 935 3832 deducatis,
969 3793 996 3818 ››
1029 3766 1235 3824 etc.Ad
1268 3766 1740 3822 exhortationem
1765 3773 1821 3821 et
1853 3783 1996 3822 con-

351 3862 704 3918 solationem
739 3859 1000 3929 ipsorum
1033 3856 1180 3911 dixit
1211 3857 1351 3912 haec.
1380 3871 1593 3927 nempe
1631 3873 1644 3911 :
1679 3879 1705 3904 α
1769 3855 1840 3910 Ut
1896 3871 1995 3912 vos

350 3968 445 4006 me
472 3947 799 4013 deducatis,
836 3968 863 3995 »
895 3947 1037 4010 sive,
1071 3967 1100 3996 «
1161 3945 1537 4000 Praemit-atis
1571 3961 1584 4012 ;
1619 3967 1646 3994 »ι
1681 3951 1759 4008 et.
1791 3969 1817 3994 «
1850 3945 1992 4000 Nolo

348 4059 448 4095 vos
480 4037 652 4093 modo
684 4037 744 4092 in
780 4037 1031 4093 transitu
1062 4037 1294 4104 videre;
1321 4059 1347 4085 n
1382 4042 1439 4092 et
1473 4051 1532 4090 :«
1568 4035 1748 4107 Spero
1779 4051 1872 4092 me
1891 4037 1992 4091 ali-

349 4133 636 4200 quantum
669 4133 902 4199 tempus
933 4127 1089 4199 apud
1120 4144 1218 4181 vos
1267 4141 1746 4198 permansurum.
1772 4147 1800 4175 »
1828 4125 1992 4191 Quod

347 4223 545 4274 autem
576 4215 740 4272 addit
764 4233 776 4270 :
801 4241 826 4266 «
851 4216 906 4271 Si
930 4216 1214 4272 Dominus
1247 4214 1602 4286 permiserit,
1639 4236 1666 4264 ιο
1698 4214 1990 4286 interpre-

345 4305 488 4360 tatio
520 4311 611 4360 est
642 4305 769 4376 ejus
795 4305 954 4376 quod
976 4304 1379 4376 supradictum
1403 4309 1625 4358 est.cur
1645 4303 1991 4360 videlicetin

344 4412 414 4452 ea
442 4395 732 4466 particula
763 4411 777 4450 :
805 4417 832 4445 ‹‹
858 4395 1030 4467 Apud
1062 4411 1161 4448 vos
1193 4399 1391 4448 autem
1423 4392 1692 4448 fortassis
1750 4410 1988 4464 perma-

345 4484 536 4550 nebo;
571 4506 599 4536 »
659 4484 974 4552 addiderit,
1011 4508 1036 4534 «ι
1069 4482 1377 4546 Fortassis,
1409 4502 1438 4531 »
1462 4482 1602 4551 quia
1639 4483 1861 4548 nescio,
1896 4483 1988 4538 in-

2102 3317 2244 3373 έστιν
2275 3319 2431 3380 ἳσως.
2463 3317 2540 3376 Οὐ
2568 3318 2670 3394 γὰρ
2703 3315 2823 3394 ᾔδει
2876 3319 3088 3384 πάντως
3136 3320 3239 3375 ὑπὸ
3291 3324 3388 3376 τοῦ
3437 3321 3754 3396 Πνεὺματος

2099 3412 2259 3464 τοῦτο
2293 3409 2740 3483 έπιτρεπόμενος,
2773 3409 2808 3480 ἢ
2840 3410 2924 3468 οὕ.
2986 3410 3229 3486 Ἀγάπης
3260 3407 3317 3466 δὲ
3366 3407 3629 3466 δεικτικὸν
3688 3411 3754 3468 τό

2097 3517 2156 3552 τε
2207 3505 2533 3573 παραμεῖναι
2587 3498 2794 3567 αὐτοῖς,
2855 3499 2946 3554 καὶ
3001 3499 3064 3555 τὸ
3125 3500 3216 3554 ὑπ’
3274 3498 3449 3556 αὐτῶν
3505 3521 3756 3575 προπεμ-

2098 3587 2311 3664 φθῆναι.
2347 3615 2374 3640 ι(
2407 3589 2526 3644 Ἵνα
2588 3589 2744 3664 ὑμεῖς
2804 3609 2871 3663 με
2918 3587 3305 3664 προπέμψητε,
3339 3614 3362 3644 ι
3412 3588 3504 3645 καί
3552 3591 3618 3646 τὰ
3665 3589 3756 3662 ἑφ-

2097 3676 2237 3745 εξῆς.
2292 3676 2384 3739 Εἷς
2415 3675 2759 3752 παράκλησιν
2790 3677 2963 3734 αὐτῶν
3021 3678 3112 3734 καὶ
3130 3678 3474 3752 παραμυθίαν
3509 3677 3750 3754 εἴρηκεν,

2097 3765 2238 3835 οἶον,
2271 3792 2299 3819 ‹‹
2325 3767 2440 3824 Ἵνα
2471 3768 2625 3842 ὑμεῖς
2662 3789 2728 3842 με
2759 3768 3144 3844 προπέμψητε,
3175 3793 3204 3822 ››
3243 3768 3356 3837 καὶ,
3418 3795 3446 3822 «
3478 3769 3556 3828 Οὐ
3601 3767 3748 3825 θέλω

2097 3857 2234 3932 ὑμᾶς
2266 3857 2386 3934 ἄρτι
2417 3859 2469 3913 ἐν
2499 3857 2724 3934 παρόδῳ
2757 3857 2906 3918 ἰδεῖν.
2946 3886 2972 3912 υ
3008 3860 3128 3926 Καὶ,
3159 3886 3186 3912 ‹‹
3237 3859 3481 3932 Ἐλπίζω
3539 3862 3740 3938 ’χρόνον

2095 3949 2365 4020 ἑπιμεῖναι
2395 3949 2532 4022 πρὸς
2568 3949 2724 4021 ὑμᾶς.
2751 3973 2780 4001 »
2812 3951 2892 4007 Ἰὸ
2924 3949 3002 4019 δὲ,
3035 3976 3061 4002 ι(
3101 3951 3223 4007 Ἐὰν
3249 3952 3277 4006 ὁ
3302 3957 3497 4024 Κύριος
3529 3949 3740 4026 ἐπιτρίο

2093 4058 2194 4112 πῃ,
2256 4061 2283 4089 ››
2343 4037 2604 4114 ἑρμηνεία
2656 4037 2768 4095 ἐστὶ
2825 4043 2924 4096 τοῦ
2982 4040 3275 4114 ε’ρημένου
3334 4040 3556 4109 ἄνωθεν,
3621 4043 3741 4109 τοῦ,

2093 4151 2120 4180 ‹‹
2156 4126 2300 4202 Πρὸς
2329 4127 2466 4200 ὑμᾶς
2497 4125 2554 4184 δὲ
2578 4129 2750 4203 τυχὸν
2781 4129 2870 4184 καὶ
2920 4134 3240 4205 παραμενῶ,
3283 4155 3306 4180 ››
3359 4127 3449 4185 διὰ
3496 4129 3548 4185 τί
3600 4129 3738 4198 εἶπε,

2095 4238 2121 4271 ε
2152 4216 2336 4292 Τυχόν
2362 4239 2376 4287 ς
2411 4220 2581 4275 »Ὅτι
2608 4217 2708 4273 οὑκ
2730 4215 2856 4273 οἶδα
2879 4217 2968 4274 ἐὰν
3002 4219 3029 4274 ὁ
3061 4217 3260 4294 Κύριος
3302 4217 3589 4295 ἰπιτρὲπῃ,
3612 4216 3739 4273 ἀλλ’

2091 4303 2184 4362 οὖν
2242 4305 2306 4361 τὸ
2365 4304 2496 4380 ἐμὸν
2555 4305 2793 4380 θέλημα,
2849 4305 2944 4363 ’ίνα
3001 4309 3312 4383 προσμείνω
3393 4310 3521 4381 ὑμῖν
3575 4306 3734 4363 ἐστιν.

2090 4418 2118 4445 ‹‹
2152 4394 2428 4468 Ἐπιμένω
2461 4393 2518 4450 δὲ
2547 4393 2599 4450 ἐν
2660 4395 2891 4472 Ἐφέσῳ.
2927 4419 2954 4447 ι»
3009 4393 3231 4470 Σφόδρα
3278 4397 3598 4471 ἀγαπῶντος
3644 4394 3735 4467 ἧν,

2084 4483 2148 4538 τὸ
2177 4503 2236 4538 τε
2267 4483 2433 4539 εἰπεῖν
2466 4488 2570 4539 ποῦ
2599 4487 2914 4558 προσμένει,
2945 4486 3032 4540 καὶ
3064 4486 3128 4540 τὸ
3162 4488 3332 4561 μέχρι
3359 4485 3502 4557 τότε,
3537 4509 3566 4538 ει
3590 4487 3737 4544 Ἕως

346 4574 492 4644 quit,
525 4581 724 4630 utrum
750 4574 1033 4630 Dominus
1067 4571 1388 4644 permittet.
1415 4570 1617 4640 Itaque
1638 4587 1772 4626 mea
1795 4571 1991 4628 volun-

2113 4580 2194 4641 τῆς
2256 4579 2654 4644 ιΙειτηκοστῆς,
2685 4600 2710 4624 ιο
2767 4575 2920 4655 φησί.
2974 4575 3079 4632 Καὶ
3113 4573 3202 4631 διὰ
3231 4577 3284 4631 τί
3319 4595 3332 4646 ;
3367 4600 3396 4631 «
3447 4575 3593 4649 Θῦρα
3633 4575 3736 4650 γάρ

344 4669 434 4717 tas
482 4670 573 4718 est
623 4670 689 4720 ut
745 4663 903 4735 apud
960 4678 1061 4719 vos
1111 4676 1513 4734 permaneam.
1551 4681 1578 4709 ‹‹
1637 4661 1986 4716 Commoror

347 4757 544 4807 autem
598 4753 832 4824 Ephesi.
892 4775 918 4801 »
959 4751 1351 4808 Vehementer
1379 4748 1634 4805 amantis
1694 4754 1820 4804 erat
1862 4756 1987 4805 tum

347 4841 563 4902 dicere.
596 4843 696 4898 ubi
729 4843 987 4916 degeret.
1011 4849 1137 4899 tum
1169 4843 1345 4898 etiam
1387 4839 1652 4910 quandiu
1695 4838 1775 4894 ibi
1826 4857 1990 4895 com-

344 4939 698 4987 moraretur.
752 4933 944 5002 Usque
991 4933 1064 4989 ad
1140 4935 1550 4995 Pentecosten,
1638 4928 1850 5000 inquit.
1919 4931 1989 4984 Et

345 5036 526 5090 quare
549 5020 576 5075 ?
605 5045 628 5068 α
659 5021 799 5075 Nam
832 5023 1047 5078 ostium
1073 5023 1213 5077 mihi
1241 5026 1511 5091 apertum
1529 5023 1638 5073 est.
1676 5041 1704 5068 »
1736 5019 1854 5074 Hoc
1877 5025 1985 5086 est,

344 5110 517 5165 multi
551 5115 690 5164 sunt
719 5112 1032 5182 prmparati
1063 5111 1134 5167 ad
1167 5109 1608 5183 suscipiendam
1641 5107 1820 5163 fidem
1855 5108 1987 5164 :in-

343 5215 578 5271 gressus
611 5215 747 5272 ergo
776 5200 1006 5254 mihiad
1039 5200 1174 5255 illos
1190 5207 1295 5254 est.
1326 5199 1598 5254 ldautem
1631 5196 1987 5252 confidentis

344 5295 432 5343 est
461 5287 618 5359 quod
647 5287 866 5358 ubique
898 5293 1188 5345 terrarum
1211 5288 1495 5360 deinceps
1514 5285 1693 5342 ﬁdem
1744 5292 1985 5358 proten-

343 5375 524 5433 deret.
562 5399 590 5428 «
615 5379 756 5434 Nam
789 5377 1006 5434 ostium
1035 5379 1177 5434 mihi
1205 5383 1476 5450 apertum
1499 5381 1587 5431 est
1617 5382 1676 5431 et
1704 5391 1985 5448 magnum

343 5473 400 5522 et
420 5467 645 5524 efﬁcax.
681 5491 710 5517 ››
751 5469 906 5526 584
937 5468 1117 5542 Viget.
1145 5467 1360 5539 inquit,
1389 5481 1558 5521 mens
1590 5464 1830 5520 illorum
1883 5466 1985 5538 qui

2100 4682 2194 4736 μοι
2227 4663 2507 4737 ἀνέῳκται,
2543 4689 2571 4716 ι»
2601 4663 2864 4734 τουτέστι,
2898 4661 3106 4720 πολλοί
3136 4664 3268 4721 εἰσιν
3313 4666 3368 4722 οἱ
3410 4685 3740 4742 παρεσκευα-

2098 4752 2288 4825 σμένοι
2327 4754 2426 4822 τήν
2465 4751 2645 4808 πίστιν
2705 4749 2970 4826 δέξασθαι.
3031 4751 3280 4817 Ἐῗσοδος
3340 4757 3434 4810 οὖν
3485 4752 3598 4808 ἐστί
3649 4772 3743 4826 μοι

2096 4841 2234 4917 πρὸς
2265 4840 2480 4902 αὐτούς.
2535 4845 2707 4897 Τοῦτο
2763 4839 2821 4896 δὶ
2875 4842 2967 4898 καὶ
3017 4843 3529 4919 παραθαῤῥύνοντὸς
3577 4841 3740 4911 ἐστιν,

2096 4929 2179 4985 ὅτι
2239 4933 2523 5005 πανταχοῦ
2577 4934 2682 5004 γῆς
2737 4927 2932 4987 λοιπόν
2991 4929 3259 4988 ἁπλοῦται
3324 4933 3387 4987 τὸ
3464 4933 3741 5006 κήρυγμα.

2099 5016 2302 5091 «θύρα
2345 5018 2449 5094 γάρ
2525 5039 2619 5092 μοι
2687 5017 2885 5096 ὰνέῳγε
2953 5019 3166 5097 μεγάλη
3233 5021 3330 5076 καὶ
3394 5018 3642 5098 ἐνεργής.
3712 5045 3734 5074 ι

2096 5107 2372 5180 Ἀκμάζει,
2405 5109 2558 5187 φησὶ,
2580 5112 2688 5164 τῶν
2745 5110 3027 5186 προσιέναι
3080 5109 3400 5184 μελλόντων
3445 5113 3515 5183 τῇ
3567 5109 3742 5164 πίστει

2096 5198 2131 5266 ἡ
2165 5192 2397 5262 διάνοια,
2448 5194 2601 5252 οὐδὲν
2653 5203 2854 5274 χαῦνον
2886 5196 2923 5268 ἥ
2957 5195 3190 5276 δίψυχον
3237 5198 3460 5277 ἔχουσα.
3515 5199 3612 5254 Διά
3656 5218 3741 5254 τοι

2096 5289 2257 5341 τοῦτο
2287 5287 2376 5341 καὶ
2411 5286 2775 5360 ἀντικείμενοι
2806 5286 3033 5346 πολλοί.
3063 5292 3214 5363 "(imp
3255 5291 3358 5368 γὰρ
3400 5291 3502 5365 ὁρᾷ
3552 5288 3740 5344 ἑαυτὸν

2099 5376 2126 5431 ὁ
2181 5370 2441 5438 διάϐολος
2490 5376 2896 5452 γυμνούμενον,
2952 5377 3197 5453 τοσούτῳ
3279 5379 3597 5454 ταράσσεται
3654 5377 3744 5433 καὶ

2092 5464 2218 5529 τοὺς
2252 5464 2691 5538 ἐναντιουμένους
2721 5467 2996 5545 ἐξεγείρει,

342 5557 413 5614 ad
438 5557 614 5614 ﬁdem
644 5559 942 5617 accessuri
975 5565 1134 5628 sunt,
1166 5557 1317 5614 nihil
1375 5555 1577 5612 laxum
1606 5553 1833 5612 habens
1881 5562 1983 5614 aut
2032 5557 2519 5628 fraudulentum:
2577 5563 2892 5632 propterea
2945 5561 3124 5617 etiam
3180 5559 3503 5616 adversarii
3543 5557 3739 5616 multi.

340 5647 570 5714 Quanto
629 5648 789 5706 enim
849 5650 1034 5724 magis
1091 5647 1246 5704 videt
1322 5641 1592 5702 diabolus
1668 5659 1730 5700 se
1809 5645 2076 5718 spoliari,
2134 5653 2300 5707 tanto
2376 5648 2634 5725 amplius
2711 5647 3008 5720 turbatur,
3078 5654 3138 5706 et
3210 5648 3579 5708 adversarios
3641 5662 3747 5706 ox-

340 5737 504 5797 citat.
