4158 6194
345 257 453 317 901

1307 243 1719 312 ΟΟΜΜΕΝΤ.
1768 239 2146 313 lNEP-IST.
2192 242 2219 309 Ι
2260 243 2366 312 AD.
2407 243 2773 312 CORINTH.

332 412 345 424 ν
414 389 541 445 Ἐὰν
596 383 655 442 δὶ
714 382 873 460 ’ἔλθῃ
948 383 1272 467 Τιμόθεος,
1332 380 1563 457 βλέπετε
1627 377 1722 436 ἳνα
1777 372 1998 467 ἀφόϐως

2182 378 2327 448 XVI,
2360 382 2547 438 l0-l2.
2573 380 2729 448 Quod
2783 380 2833 437 si
2876 376 3087 437 uenerit
3127 381 3458 446 Timotheus.
3488 382 3665 439 videte
3691 389 3754 438 ut

304 477 588 555 ,γένηταιδ
651 475 787 551 πρὸς
871 473 1013 547 ὑμᾶς
1071 474 1173 549 γὰρ
1247 465 1405 548 ἔργον
1465 471 1670 541 Κυρίου
1720 466 2000 548 ἐργάζεται

353 571 427 631 ὡς
458 567 548 622 καὶ
606 566 731 640 ἐγὼ.
794 564 884 635 Μή
942 584 1024 626 τις
1086 562 1179 618 οὗν
1229 560 1389 617 αὐτὸν
1446 559 1791 635 ἐξουθενήσῃ.
1863 558 2004 635 Πρὸ-

310 658 607 733 ,πὲμψατε
657 654 714 710 Ek
768 653 932 709 αὐτὸν
985 650 1039 708 ἐν
1113 650 1327 726 εἰρήνῃ,
1380 647 1472 705 ’ἶνα
1527 644 1662 722 ἔλθῃ
1716 649 1854 724 πρός
1917 668 2005 722 με.

352 743 689 826 Ἐκδέχομαι
741 744 844 818 γὰρ
929 741 1090 797 αὐτὸν
1169 741 1307 814 μετά
1386 743 1497 796 τῶν
1548 738 1821 817 ἀδελφῶν.
1873 735 2007 812 Περὶ

306 834 414 896 ,δὲ
472 833 704 893 ’Λπλλῶ
759 829 857 888 τοῦ
914 828 1155 909 ἀδελφοῦ
1190 873 1207 900 ,
1265 827 1454 885 πολλὰ
1512 828 1855 904 παρεκάλεσα
1910 826 2007 882 αὖ·

356 928 476 995 τὸν,
531 922 626 981 ἵνα
678 917 820 999 ἔλθῃ
877 922 1013 996 πρὸς
1073 921 1215 994 ὑμᾶς
1271 923 1378 974 τῶν
1438 914 1666 976 ᾶδελῶν,
1721 915 1812 972 καὶ
1872 913 2006 999 πάν-

356 1034 467 1077 τως
513 1011 612 1068 οὐκ
665 1009 733 1081 ἦν
796 997 1013 1082 θέλημα
1075 1003 1173 1062 ’ίνα
1227 1004 1320 1061 νῦν
1371 1002 1525 1081 non.
1586 1002 1894 1063 Ἐλεῦσεται
1951 997 2010 1057 δὲ

361 1103 488 1160 δυαν
522 1102 835 1176 ευκαιρήσῃ.

431 1192 555 1267 Οὐχ
577 1188 672 1245 ’ίνα
701 1191 776 1262 μή
809 1208 892 1249 τις
913 1186 1062 1260 αὖτῷ
1086 1180 1452 1260 ἐπιϐουλεύσῃ
1481 1189 1591 1240 τῶν
1622 1180 2011 1239 πλουτούντων

360 1281 396 1353 ἢ
430 1279 591 1360 σοφίᾳ
613 1276 977 1346 πεποιθότων,
1007 1275 1130 1351 περὶ
1150 1275 1222 1330 ὧν
1235 1273 1286 1330 ἐν
1311 1274 1511 1351 ἀρχαῖς
1540 1268 1720 1347 ἔλεγεν
1744 1273 1817 1334 ὡς
1838 1289 2010 1348 παρα·

365 1359 625 1428 σπώντων
655 1367 782 1431 τοός
815 1365 1085 1440 μαθητὰς,
1108 1362 1197 1421 διὰ
1220 1369 1379 1420 τοῦτο
1423 1363 1594 1440 λέγει.
1631 1389 1658 1417 ‹‹
1694 1359 1949 1439 Ἀφὸϐως
1977 1383 2007 1417 ι

364 1462 414 1538 (ὁ
449 1460 542 1534 μὲν
567 1459 670 1535 γὰρ
718 1457 999 1532 Τομόθεος
1054 1455 1228 1511 πάντα
1282 1455 1349 1525 ἦν
1404 1451 1630 1526 ἕτοιμος
1678 1452 2009 1526 ὑπομεῖναι),

364 1547 595 1606 ἀλλ”ίνα
614 1549 692 1622 μή
721 1548 774 1604 οἱ
794 1542 1084 1602 ἐπίϐουλοι
1109 1539 1384 1621 βλαϐῶσε.
1413 1545 1605 1605 Καλῶς
1627 1540 1686 1598 δὶ
1706 1542 1790 1610 τὸ,
1813 1567 1840 1592 ιι
1871 1541 2012 1615 Ηρὸς

365 1639 527 1712 ὑμᾶς.
557 1661 584 1690 ι)
618 1637 713 1706 Μὴ
739 1636 844 1714 γὰρ
880 1656 998 1710 μοι,
1030 1635 1211 1713 φησὶν,
1232 1632 1514 1704 Ἕλληνας
1561 1630 1737 1706 εἷ’πῃς,
1780 1630 1916 1693 τέως
1946 1629 2014 1686 τὰ

363 1728 492 1803 παρ’
517 1727 670 1801 ὑμῶν
705 1729 872 1796 ζητῶ.
895 1748 925 1778 ι(
947 1725 1018 1779 Τὸ
1056 1723 1164 1798 γὰρ
1183 1717 1342 1797 ἔργον
1392 1720 1591 1798 Κυρίου
1648 1720 1948 1797 ἐργάζεται.
1982 1743 2011 1771 »ι

363 1815 499 1874 Εἶτα
527 1815 635 1871 ἀπὸ
663 1819 761 1871 τοῦ
789 1806 952 1891 ἔργου
981 1815 1082 1869 τοῦ
1113 1808 1381 1868 διδάσκειν
1414 1811 1505 1866 καὶ
1548 1809 1858 1886 κηρύσσειν,
1920 1811 2012 1863 καὶ

332 1900 472 1964 ’ἀπὸ
498 1910 598 1962 τοῦ
627 1906 831 1975 ἰσάζειν
866 1904 1063 1978 ἒᾳυτῷ,
1103 1900 1298 1980 ἐξαίρει
1351 1904 1443 1958 τὸν
1494 1899 1681 1977 ἄνδρα.
1735 1926 1755 1953 ι
1809 1900 1899 1970 Μὴ
1927 1919 2013 1963 τις

367 1995 459 2052 οὗν
487 1994 654 2051 αὐτὸν
684 1993 1027 2067 ἐξουθενήσῃ.
1056 2015 1085 2046 ιι
1122 1996 1220 2047 Ἦν
1276 1991 1378 2066 γὰρ
1427 1988 1519 2045 καὶ
1548 1990 1669 2053 νέος
1698 1988 1788 2045 καὶ
1824 1988 2015 2063 μόνος,

328 2085 459 2151 ,καὶ
513 2082 775 2140 τοσούτου
850 2079 1035 2155 δήμου
1102 2077 1358 2159 φροντίδα
1413 2078 1805 2154 ἑπετὶτραπτο,
1864 2078 2018 2131 ἅτινα

330 2222 341 2231 .
368 2174 544 2231 πάντα
562 2173 1015 2253 καταφρονήσεως
1049 2175 1310 2246 παρεῖχεν
1367 2168 1639 2246 ἀφορμάς.
1700 2192 1721 2219 ι
1764 2165 2019 2243 Προπέμ-

369 2266 505 2339 ψατε
535 2262 696 2319 αὐτὸν
718 2260 771 2317 ἐν
797 2261 1006 2336 εἰρήνῃ.
1034 2285 1063 2313 ι»
1092 2260 1181 2330 Μὴ
1208 2258 1391 2339 μάχας
1414 2258 1567 2332 αὐτῷ
1584 2256 1678 2313 καὶ
1700 2255 2017 2336 φλονὲικίας

368 2354 716 2434 παράσχητε,
752 2348 894 2425 μηδὲ
924 2349 1070 2425 παρά
1105 2370 1253 2413 τινος
1305 2344 1767 2434 ἐπιϐουλευθῆναι
1795 2364 2018 2423 συγχω-

336 2432 593 2525 Αρήσητεξ
626 2444 703 2502 Τὸ
733 2440 811 2513 δὲ,
845 2468 873 2495 ιι
911 2438 1242 2517 Ἐκδέχομαι
1275 2438 1460 2506 αὐτὸν,
1494 2461 1520 2491 ι
1553 2432 1854 2525 φοϐουντός
1875 2435 2017 2525 εστιν

334 2523 462 2599 ,ἵνα
499 2532 703 2597 εἰδότες
733 2531 815 2589 ὅτι
848 2533 1021 2588 πάντα
1052 2529 1198 2595 αὖτῷ
1240 2525 1560 2607 ἀπαγγελεῖ,
1622 2523 1791 2600 μηδὲν
1853 2524 2016 2581 αὐτὸν

373 2626 667 2702 θλίψωσιν·
708 2622 824 2697 ἅμα
853 2619 911 2677 δὲ
939 2620 1030 2676 καὶ
1060 2640 1093 2675 α
1121 2618 1397 2690 ξιόπιστον
1454 2616 1639 2691 τούτῳ
1694 2620 1869 2671 ποιῶν
1926 2614 2018 2670 τὸν

377 2717 672 2791 Τιμόθεον,
702 2712 785 2769 ὅτι
818 2713 846 2768 6
880 2711 1095 2775 Παῦλος
1114 2709 1293 2766 καίτοι
1326 2708 1470 2785 ἔχων
1509 2706 1562 2764 τί
1592 2711 1790 2775 ποιεῖν,
1822 2702 1893 2761 δι’
1924 2703 2023 2761 αὖ·

381 2806 472 2862 τὸν
492 2824 613 2880 περι
621 2803 806 2876 μὶνειν
831 2824 867 2876 φ
882 2800 1012 2865 ησῖν.
1039 2824 1066 2854 ιι
1083 2798 1212 2874 Περὶ
1235 2794 1571 2856 δὶἋπολλῶ
1589 2800 1686 2853 τοῦ
1697 2794 1958 2872 ἀδελφοῦ.
1988 2816 2018 2847 »

382 2896 445 2955 Ὀ
497 2891 791 2954 Ἀπολλὼς
839 2891 927 2946 καὶ
1001 2884 1368 2963 πρεσϐύτερος
1449 2887 1516 2957 ἧν
1570 2890 1668 2943 τοῦ
1720 2883 2019 2959 Τιμοθέου,

381 2985 471 3042 καὶ
502 2982 694 3059 λόγιος
723 2981 877 3054 ἀνήρ.
910 2981 1021 3037 Ἱνα
1049 2982 1140 3035 οὖν
1174 2978 1251 3051 μὴ
1286 2977 1514 3051 λέγωσι,
1554 2975 1624 3033 Τί
1654 2970 1722 3045 δή
1766 2993 1894 3029 ποτε
1927 2970 2022 3027 αὖ·

378 3074 472 3129 τὸν
500 3072 604 3128 οὐκ
630 3064 876 3144 ἔπεμψε;
933 3066 1023 3123 καὶ
1070 3064 1169 3122 ’ίνα
1229 3065 1306 3140 μὴ
1360 3063 1627 3137 νομίσωσι
1686 3067 2022 3138 προτετιμῆ-

2112 472 2313 543 absque
2338 479 2483 528 metu
2511 474 2583 528 sit
2611 472 2764 543 apud
2803 488 2914 529 vos.
2956 474 3102 544 Opus
3130 473 3275 529 enim
3309 476 3525 529 Domini
3555 491 3750 546 opera-

2115 568 2208 616 tur
2233 563 2376 618 sicut
2404 570 2455 617 et
2479 578 2595 633 ego.
2625 563 2701 617 Ne
2729 563 2853 633 quis
2895 578 3023 634 ergo
3054 564 3233 633 ipsum
3259 570 3485 634 spernat
3513 564 3640 619 :sed
3659 564 3752 619 de-

2113 651 2299 707 ducite
2327 668 2449 707 eum
2491 654 2550 707 in
2575 668 2733 723 pace,
2756 658 2817 707 ut
2847 651 2918 707 ad
2957 669 3043 708 me
3078 655 3282 708 veniat.
3316 654 3584 724 Exspecto
3613 654 3756 707 enim

2115 741 2274 796 illum
2305 758 2425 797 cum
2466 742 2755 811 fratribus.
2793 744 2966 797 Porro
3014 742 3080 797 de
3104 741 3307 812 Apollo
3344 744 3560 811 fratre:
3612 741 3759 797 mut-

2117 836 2234 886 tum
2257 830 2506 887 hortatus
2533 846 2653 886 sum
2683 831 2861 891 illum,
2900 838 2961 886 ut
2993 833 3099 886 iret
3127 831 3202 886 ad
3254 847 3349 887 vos
3389 848 3511 887 cum
3563 833 3762 901 fratri-

2119 919 2237 982 bus.
2292 926 2344 976 et
2390 922 2615 976 omnino
2668 937 2780 975 non
2838 927 2956 977 erat
3000 921 3255 977 voluntas
3315 927 3378 976 ut
3442 936 3588 976 nunc
3632 922 3757 976 iret.

2119 1011 2500 1080 Proﬁciseetur
2524 1018 2727 1079 autem,
2757 1026 2878 1067 cum
2933 1016 3127 1066 nactus
3154 1011 3331 1079 fuerit
3376 1015 3761 1085 Opportunita-

2119 1108 2247 1157 tem.

2190 1193 2316 1247 Non
2345 1195 2662 1264 propterea
2694 1190 2856 1259 dicit,
2890 1191 3021 1247 sine
3076 1192 3310 1257 timore,
3366 1190 3480 1248 hoc
3523 1197 3632 1256 est,
3688 1209 3763 1247 ne

2121 1280 2256 1353 quis
2285 1281 2396 1353 ipsi
2430 1280 2748 1337 insidietur
2776 1281 3018 1337 divitum
3077 1289 3180 1337 aut
3236 1282 3530 1355 sapientia
3576 1281 3762 1338 conﬁ-

2120 1370 2489 1439 dentium,de
2520 1371 2736 1443 quibus
2762 1372 2919 1428 circa
2948 1372 3119 1428 initia
3149 1374 3298 1429 dixit
3325 1373 3484 1446 quod
3536 1374 3767 1430 abstra-

2119 1461 2333 1517 herent
2360 1460 2855 1533 discipulos.Nam
2877 1461 3219 1519 Timotheus
3249 1465 3449 1520 omnia
3470 1464 3767 1519 sustinere

2120 1554 2362 1622 paratus
2392 1554 2520 1605 erat
2553 1548 2695 1605 :sed
2726 1566 2800 1605 ne
2850 1549 3229 1607 insidiatores
3284 1557 3557 1608 noceant.
3610 1552 3766 1606 Bene

2122 1647 2321 1698 autem
2352 1640 2532 1698 dicit:
2569 1663 2598 1691 ι(
2619 1640 2789 1713 Apud
2819 1657 2939 1697 vos.
2968 1663 2996 1692 υ
3027 1643 3108 1698 Ne
3136 1642 3293 1698 enim
3341 1643 3488 1700 mihi
3537 1643 3770 1697 Graecos

2124 1729 2308 1795 dicas,
2340 1729 2580 1785 interim
2634 1746 2765 1802 qua)
2796 1747 2830 1786 a
2857 1730 3027 1787 vobis
3084 1733 3352 1804 praastari
3383 1737 3631 1805 possunt
3673 1747 3773 1787 re-

2122 1820 2317 1890 quiro.
2353 1839 2382 1869 ‹‹
2415 1818 2574 1891 Opus
2601 1820 2761 1875 enim
2794 1821 3024 1876 Domini
3057 1828 3356 1893 operatur.
3387 1843 3416 1871 »
3440 1820 3662 1877 Deinde
3695 1817 3769 1875 ab

2123 1923 2303 1980 opere
2333 1906 2586 1963 docendi
2608 1915 2667 1964 et
2682 1909 3065 1981 praedicandi.
3089 1927 3158 1966 ac
3178 1911 3291 1966 sibi
3314 1911 3427 1983 ipsi
3456 1907 3773 1981 aequando,

2120 1998 2312 2054 virum
2343 1997 2592 2054 extollit.
2625 2022 2652 2047 «
2704 2001 2785 2055 Ne
2816 2000 2950 2071 quis
3006 2015 3143 2073 ergo
3204 2000 3399 2073 ipsum
3451 2005 3711 2072 spernat.
3744 2018 3776 2049 ››

2124 2089 2271 2144 Nam
2295 2089 2535 2161 juvenis
2565 2087 2691 2144 eral
2709 2094 2768 2145 et
2797 2090 2983 2150 solus.
3015 2091 3285 2162 tantique
3314 2090 3519 2162 populi
3570 2105 3775 2145 curam

2127 2183 2467 2251 susceperat
2500 2193 2515 2233 :
2548 2193 2680 2250 qua
2709 2178 2912 2234 omnia
2932 2179 3198 2251 praebent
3219 2179 3564 2236 occasiones
3584 2177 3779 2249 despi-

2126 2266 2342 2322 ciendi.
2378 2288 2406 2317 «ι
2438 2265 2720 2323 Deducite
2752 2283 2890 2324 eum
2915 2268 2977 2324 iu
3010 2283 3174 2341 pace.
3204 2292 3224 2318 ι
3263 2270 3343 2324 Ne
3374 2284 3600 2342 pugnas
3659 2265 3776 2339 ipsi

2127 2363 2230 2412 aut
2258 2357 2673 2413 contentiones
2732 2357 3054 2426 suscitatis,
3090 2374 3285 2430 neque
3332 2357 3688 2431 permittatis
3712 2360 3782 2411 ut

2128 2445 2202 2503 ab
2244 2446 2446 2517 aliquo
2496 2445 2758 2519 patiatur
2815 2447 3086 2505 insidias.
3121 2449 3287 2514 Quod
3313 2456 3513 2505 autem
3543 2447 3777 2503 subdit:

2129 2548 2158 2578 «
2190 2527 2479 2599 Exspecto
2508 2544 2667 2594 eum,
2692 2548 2722 2579 »
2754 2529 3036 2585 terrentis
3067 2535 3179 2598 est,
3210 2537 3275 2586 ut
3330 2529 3589 2585 scientes
3621 2526 3782 2599 quod

2128 2615 2332 2672 omnia
2359 2616 2470 2689 ipsi
2502 2617 2955 2674 renuntiaturus
2985 2621 3081 2680 sit.
3111 2618 3173 2674 in
3218 2617 3385 2674 nullo
3435 2634 3572 2673 eum
3630 2615 3782 2672 affli-

2128 2712 2289 2780 gant.
2341 2705 2529 2761 Simul
2560 2706 2739 2762 etiam
2791 2722 2899 2779 per
2928 2708 3040 2763 hoc
3089 2706 3204 2763 fide
3244 2706 3488 2779 dignum
3521 2703 3780 2760 reddens

2127 2796 2500 2852 Timotheum
2531 2797 2688 2868 quod
2709 2798 2927 2853 Paulus
2954 2798 3094 2854 licet
3112 2798 3341 2855 habens
3368 2797 3527 2869 quod
3558 2800 3778 2869 ageret,

2128 2892 2371 2958 propter
2387 2885 2581 2957 ipsum
2603 2893 2943 2957 exspectare
2966 2904 3026 2942 se
3048 2886 3447 2943 dicataPorro
3473 2886 3544 2943 de
3570 2884 3777 2957 Apollo

2129 2975 2331 3031 fratre.
2368 2998 2390 3024 ο
2422 2975 2666 3046 Apollos
2696 2981 2754 3030 et
2785 2976 2986 3032 senior
3014 2983 3141 3033 erat
3158 2978 3465 3034 Timotheo
3488 2984 3547 3035 et
3565 2976 3773 3034 doctus

2132 3080 2199 3121 ac
2231 3062 2494 3136 prudens
2514 3063 2620 3119 vir.
2653 3066 2732 3119 Ne
2765 3080 2902 3137 ergo
2919 3065 3122 3121 dicant
3145 3084 3158 3123 :
3184 3067 3578 3134 Quamobrem
3602 3066 3774 3121 illum

356 3150 507 3218 ’σθαι
560 3162 654 3217 τὸν
708 3158 993 3233 Τιμόθεον,
1033 3155 1312 3234 ἀμφότερα
1358 3152 1660 3229 θεραπεύει,
1718 3155 1798 3223 τῷ
1849 3167 2025 3224 παρα-

2138 3170 2252 3209 non
2284 3152 2496 3208 misisti
2530 3169 2546 3220 ;
2580 3157 2638 3209 et
2666 3168 2740 3208 ne
2784 3154 3195 3211 existimarent
3222 3157 3609 3229 praspositum
3641 3171 3770 3211 esse

381 3250 605 3308 γαλὲσαι
648 3251 743 3323 μὶν
800 3246 961 3303 αὐτὸν
1019 3245 1293 3308 ἀπελθεῖν,
1356 3244 1433 3316 μή
1493 3246 1675 3297 πεῖσαι
1737 3238 1814 3297 δί.
1870 3235 2022 3295 Ἐπεὶ

387 3345 462 3417 μὴ
488 3342 578 3412 ἦν,
602 3339 758 3419 φησὶ,
790 3338 1007 3408 θέλημα
1033 3337 1186 3391 Θεοῦ.
1220 3357 1249 3386 ‹‹
1283 3329 1592 3389 Ἑλεύσεται
1625 3327 1701 3386 δὲ.
1733 3353 1762 3382 »
1806 3330 1915 3385 *Ινα
1948 3328 2026 3419 μὴ

368 3416 686 3505 ,νομίσωσιν
708 3426 793 3484 ὅτι
819 3429 1018 3501 σκῆψις
1045 3427 1214 3481 ταῦτα
1270 3420 1359 3478 καὶ
1416 3419 1708 3502 πρόιρασις,
1766 3419 1913 3475 εἶπεν
1945 3416 2029 3472 ὅτι

384 3519 679 3578 ἐλεύσεται.

366 3822 378 3829 ·
460 3797 805 3871 Γρηγορεῖτε,
891 3791 1117 3862 στήκετε
1197 3788 1249 3844 ἐν
1315 3790 1385 3862 τῇ
1442 3783 1643 3855 πίστει,
1701 3779 2033 3858 ἀνδρίζεσθε,

389 3887 746 3960 κραταιοῦσθε
778 3922 794 3947 ,
878 3879 1055 3935 πάντα
1157 3878 1311 3950 ὑμῶν
1397 3874 1449 3931 ἐν
1535 3874 1714 3949 ἀγάπῃ
1783 3872 2034 3960 γινὲσθω.

375 3958 726 4048 ,Παραικαλῶ
780 3967 837 4025 δὶ
887 3968 1048 4042 ὑμᾶς,
1134 3964 1409 4044 ἀδελφοὶ,
1469 3961 1651 4019 οἳδατε
1705 3963 1806 4032 τήν
1865 3958 2039 4016 οἷ’κίαν

394 4059 637 4139 Στεφανα
668 4101 685 4128 ,
744 4056 828 4113 ὅτι
881 4050 1025 4112 ἔστιν
1078 4056 1305 4133 ἀπαρχὴ
1356 4060 1459 4123 τῆς
1507 4049 1762 4139 Ἀχαΐας,
1814 4049 1905 4139 καὶ
1962 4048 2039 4139 εἷς

391 4135 665 4205 διακονίαν
747 4150 865 4208 τοῖς
943 4145 1116 4221 ἀγίοις
1204 4140 1389 4213 ἔταξαν
1479 4138 1731 4208 ἑαυτοὺς,
1803 4135 1895 4193 ’ίνα
1950 4138 2041 4193 καὶ

393 4240 549 4314 ὑμεῖς
613 4239 987 4306 ὑποτασσησθε
1040 4239 1159 4297 τοῖς
1215 4232 1491 4294 τοιούτοις
1526 4275 1543 4305 ,
1589 4232 1681 4286 καὶ
1738 4229 1905 4285 παντὶ
1963 4231 2045 4301 τῷ

370 4331 732 4404 ,συνεργοῦντι
761 4327 852 4382 καὶ
882 4329 1180 4383 κοπιῶντι.

374 4457 391 4466 -
460 4417 549 4479 Ὠς
578 4416 707 4493 περὶ
734 4412 1134 4484 καθευδόντων,
1166 4413 1260 4469 καὶ
1320 4409 1704 4482 σαλευομένων
1733 4406 1824 4463 καὶ
1875 4404 2048 4480 μαλα-

2129 3243 2503 3298 Timotheum
2528 3258 2542 3310 ;
2595 3248 2914 3316 utrumque
2958 3252 3145 3314 curat,
3178 3253 3239 3302 et
3265 3247 3348 3302 ait
3376 3246 3536 3318 quod
3565 3245 3772 3301 exhor-

2132 3338 2289 3388 tatus
2320 3331 2396 3387 sit
2425 3331 2596 3387 illum
2626 3338 2691 3388 ut
2726 3333 3223 3405 proﬁcisceretur,
3258 3352 3379 3392 non
3409 3342 3607 3392 autem
3639 3348 3774 3406 per-

2134 3421 2406 3478 suaserit.
2440 3420 2730 3486 Quoniam
2759 3438 2883 3478 non
2913 3429 3059 3488 erat,
3100 3424 3315 3497 inquit,
3343 3424 3620 3481 voluntas
3653 3421 3775 3478 Dei.

2136 3534 2165 3563 «
2198 3510 2615 3566 Proﬁciscetur
2640 3519 2860 3568 autem.
2894 3533 2925 3564 »
2983 3514 3064 3570 Ne
3113 3514 3524 3572 existimarent
3559 3516 3687 3569 hanc
3718 3511 3782 3567 ﬁ-

2136 3600 2396 3659 ctionem
2425 3615 2493 3657 ac
2520 3604 2873 3673 prmtextum
2905 3619 3056 3675 esse,
3079 3604 3227 3661 dicit
3254 3605 3413 3676 quod
3440 3603 3782 3676 proﬁcisce-

2138 3700 2251 3752 tur.

2211 3788 2362 3847 585
2417 3790 2560 3853 XVI,
2610 3791 2795 3845 13-16.
2851 3787 3144 3857 Vigilate:
3184 3790 3329 3841 state
3354 3784 3497 3852 ﬁde:
3546 3781 3786 3838 viriliter

2142 3880 2293 3949 agite
2311 3896 2330 3934 :
2351 3882 2524 3948 fortes
2552 3885 2743 3934 estote.
2765 3878 3150 3934 Omniavestra
3155 3890 3260 3944 per
3279 3872 3604 3929 charitatem
3623 3875 3785 3943 ﬁant.

2143 3969 2402 4025 Obscecro
2418 3975 2603 4023 autem
2627 3983 2739 4031 vos,
2772 3968 2994 4036 fratres,
3014 3965 3188 4020 nostis
3205 3962 3479 4032 familiam
3495 3961 3790 4032 Stephants

2145 4074 2255 4115 esse
2276 4058 2561 4129 primitias
2602 4056 2850 4122 Achaia,
2888 4061 2942 4110 et
2998 4053 3145 4125 quod
3170 4055 3229 4108 in
3257 4053 3625 4108 ministerium
3654 4066 3783 4106 san-

2147 4150 2246 4204 ctis
2275 4147 2610 4202 ordinarunt
2632 4147 2868 4216 seipsos:
2898 4150 2960 4199 ut
2991 4149 3043 4200 et
3069 4159 3160 4200 vos
3187 4143 3398 4199 subditi
3416 4140 3538 4198 sitis
3565 4140 3791 4203 tatibus,

2149 4238 2404 4306 omnique
2423 4235 2717 4307 adjuvanti
2742 4250 2806 4291 ac
2838 4233 3136 4289 laboranti.

2223 4421 2525 4492 Tanquam
2548 4418 2621 4477 de
2652 4417 3085 4476 dormientibus
3103 4433 3170 4473 ac
3194 4408 3800 4472 ﬂuctuantibusmol—

392 4507 697 4579 κιζομὲνων
741 4504 833 4560 καὶ
888 4506 1111 4580 νωθρων
1165 4503 1192 4558 6
1243 4500 1432 4577 λόγος,
1486 4498 1573 4566 τὸ,
1634 4501 2025 4573 Υρηγορεῖτε,ι

2153 4509 2519 4568 lescentibus
2575 4526 2643 4567 ac
2696 4508 2976 4579 segnibus
3007 4523 3203 4563 sermo
3253 4512 3343 4560 est
3371 4519 3507 4561 cum
3538 4500 3793 4557 dicitur:

393 4596 507 4664 καί,
544 4621 563 4645 ι
591 4595 843 4665 Στήκετε,
879 4593 1042 4662 ››καῖ,
1087 4588 1441 4666 Ἀνδρίζεσθε,
1476 4615 1504 4641 υ
1541 4587 1695 4653 καῖέ(
1731 4587 2041 4661 Κραταιοῦ-

377 4686 508 4740 .σθε.
537 4708 564 4735 n
587 4716 657 4726 —
687 4709 714 4735 ι(
750 4682 925 4739 Πάντα
957 4681 1110 4752 ὑμῶν
1145 4680 1200 4736 ἰν
1228 4679 1413 4755 ἀγάπῃ
1445 4675 1695 4754 γινέσθω.
1724 4698 1748 4728 ι
1806 4672 1934 4732 bin
1960 4694 2044 4739 τις

382 4770 799 4841 διδάσκει,εῗ’τε
829 4793 913 4833 τις
944 4769 1131 4847 ἄρχει,
1163 4768 1271 4826 εἴτε
1299 4790 1351 4825 τι
1377 4772 1546 4835 ποιεῖ,
1568 4764 1756 4843 ἀγάπη
1781 4762 2044 4840 προηγεί-

401 4865 532 4935 σθω,
573 4863 758 4934 ιοησίν.
808 4887 835 4914 ι(
868 4860 1173 4937 Παρακαλῶ
1205 4858 1261 4915 δὲ
1294 4858 1453 4932 ὑμᾶς.
1488 4882 1511 4912 ι
1580 4858 1659 4913 Τὸ
1720 4848 2045 4926 ὑπερϐατὸν,

400 4952 704 5028 παρακαλῶ
732 4951 891 5025 ὑμᾶς,
924 4949 1176 5030 ἀδελφοὶ,
1206 4946 1303 5004 ’ἱνα
1331 4947 1421 5003 καὶ
1457 4947 1613 5020 ὑμεῖς
1677 4942 2047 5013 ὑποτάσσησθε

398 5048 518 5107 τοῖς
546 5041 842 5104 τοιούτοις.
876 5040 1067 5103 Ποίοις
1104 5060 1121 5111 ;
1169 5042 1301 5102 Τοῖς
1361 5037 1683 5113 ἆφορὲσασιν
1716 5035 1937 5097 ἑαυτοὺς
1969 5032 2046 5096 εἷς

400 5133 465 5190 τὸ
498 5132 762 5189 διακονεῖν
789 5137 907 5195 τοῖς
939 5132 1137 5207 ὁγίοις,
1167 5130 1258 5185 καὶ
1314 5131 1391 5203 μὴ
1444 5127 1607 5202 μόνον
1657 5127 1868 5195 αὐτοῖς,
1902 5125 2050 5182 ἀλλά

402 5224 492 5279 καὶ
546 5225 703 5279 παντῖ
779 5227 860 5295 τῷ
940 5221 1283 5296 συνεργοῦντι
1357 5219 1447 5275 καὶ
1505 5222 1766 5273 κοπιῶντι
1823 5215 1899 5280 ε“ς
1949 5218 2050 5286 τήν

403 5314 593 5389 χρείαν
618 5317 730 5370 τῶν
771 5312 960 5388 ἁγίων.
1020 5337 1039 5361 ι
1076 5306 1281 5369 Οῗδατα
1336 5309 1436 5379 τὴν
1493 5307 1666 5364 οἰκίαν
1724 5309 2049 5384 Στεφανᾶ.»

391 5405 506 5467 ,Καὶ
543 5403 697 5475 ὑμεῖς
726 5399 862 5470 ἴστε,
894 5402 1048 5480 φησὶ,
1091 5405 1209 5466 πῶς
1261 5398 1551 5474 κάμνουσι,
1606 5396 1698 5453 καὶ
1754 5395 1818 5452 οὗ
1876 5392 2052 5461 δεῖσθε

390 5494 527 5571 παρ’
557 5490 694 5566 lpos
731 5492 941 5567 μαθεῖν.
971 5491 1260 5567 Ἀπαρχήν
1292 5485 1351 5545 δὶ
1381 5488 1529 5565 λέγει
1584 5487 1677 5544 τὸν
1729 5486 1928 5571 οἶκον,
1963 5482 2053 5541 διὰ

389 5569 492 5663 ,εδ
525 5582 777 5663 πρώτους
835 5577 1031 5642 αὐτοὺς
1103 5583 1402 5666 πιστεῦσαι,
1454 5576 1490 5648 ἢ
1537 5576 1605 5634 τὰ
1659 5576 1848 5659 πρῶτα
1902 5569 2050 5651 ἔχειν

2153 4621 2183 4653 ‹‹
2208 4600 2473 4674 Vigilate,
2507 4619 2537 4653 ι)
2563 4606 2623 4655 et
2652 4621 2681 4651 «
2715 4600 2892 4662 State,
2926 4619 2956 4649 »
2986 4603 3046 4653 et
3074 4618 3102 4646 «
3138 4594 3401 4649 Virililer
3445 4592 3621 4666 agite,
3645 4611 3674 4641 ››
3731 4603 3801 4644 ac

2156 4712 2180 4743 α
2216 4692 2420 4747 Fortes
2443 4695 2652 4746 estote.
2687 4711 2717 4741 »
2747 4719 2817 4730 --
2848 4710 2875 4739 α
2908 4686 3121 4743 Omnia
3146 4688 3338 4739 vestra
3384 4698 3491 4754 per
3547 4677 3805 4737 charita—

2154 4785 2272 4837 tem
2308 4780 2471 4836 (iant.
2506 4801 2537 4831 >2
2578 4778 2706 4835 Sive
2738 4777 2873 4849 quis
2905 4775 3134 4840 doceat,
3168 4773 3286 4829 sive
3319 4772 3452 4845 quis
3506 4768 3806 4843 principa-

2153 4877 2282 4928 tum
2314 4876 2500 4945 gerat,
2532 4871 2653 4925 sive
2677 4867 2820 4940 quid
2851 4866 3015 4923 aliud
3040 4859 3235 4931 faciat,
3270 4863 3556 4927 charitas,
3588 4858 3809 4931 inquit,

2156 4967 2215 5017 et
2244 4960 2482 5017 dilectio
2515 4958 2829 5032 praecedat.
2868 4982 2887 5005 ι
2924 4955 3212 5012 Obscecro
3244 4959 3443 5011 autem
3472 4968 3592 5007 vos-
3630 4972 3654 5001 ι
3693 4949 3806 5020 Hy-

2156 5051 2444 5123 perbaton
2478 5054 2586 5105 est.
2619 5048 2875 5104 Obsecro
2899 5062 3019 5103 vos.
3043 5044 3348 5111 fratres,ut
3377 5050 3558 5099 etvos
3587 5038 3808 5107 subditi

2158 5141 2290 5196 sitis
2317 5139 2556 5195 talibus.
2608 5134 3088 5203 Qualibus?Qui
3139 5134 3366 5207 seipsos
3425 5133 3486 5189 in
3538 5130 3813 5187 ministe-

2157 5230 2315 5285 rium
2356 5233 2701 5285 sanctorum
2761 5230 3167 5298 sedregarunt.
3219 5240 3330 5280 nec
3388 5220 3585 5277 solum
3617 5217 3812 5291 ipsis:

2158 5335 2361 5375 verum
2395 5317 2575 5373 etiam
2605 5315 2769 5372 omni
2792 5314 2862 5371 ad
2862 5314 3098 5387 juvanti
3123 5329 3191 5369 ac
3215 5310 3505 5367 laboranti
3536 5307 3613 5364 ad
3640 5303 3821 5361 mini-

2162 5410 2411 5466 sterium
2443 5412 2790 5463 sanctorum
2820 5426 2849 5456 »
2881 5403 3077 5460 Nostis
3105 5401 3397 5458 familiam
3445 5397 3818 5470 Stephanus.»

2161 5500 2233 5556 Et
2258 5514 2385 5565 vos,
2418 5495 2830 5571 inquit,scitis,
2856 5491 3158 5569 quomodo
3189 5490 3481 5557 laborent,
3513 5502 3621 5544 nec
3655 5481 3822 5571 vobis

2164 5604 2316 5665 opus
2346 5590 2438 5646 est
2464 5569 2533 5644 ut
2558 5602 2594 5645 a
2635 5600 2732 5643 me
2769 5584 3035 5645 discetis.
3085 5579 3390 5639 Primitius
3428 5581 3627 5633 autem
3679 5569 3823 5629 dicit
