4158 6194
457 283 573 346 903

1573 279 1952 344 (ECUMENI
1996 279 2303 344 TRICCE
2349 281 2722 344 EPISCOPI.

3738 285 3857 345 904

457 421 767 482 familiam,
799 435 866 474 eo
893 417 1049 489 quod
1079 418 1164 473 illi
1201 417 1377 489 primi
1405 416 1764 473 crediderint
1795 424 1894 474 aut
1944 419 2092 491 quod

2211 414 2292 470 ἐπ’
2319 411 2594 489 εὐλαϐείᾳ.
2653 419 2713 474 Ἡ
2766 416 2870 492 γὰρ
2924 417 3166 494 ἀραρχὴ,
3224 417 3286 473 τὸ
3344 416 3608 489 ὲεαίςετον
3669 416 3860 490 δηλοῖ.

461 511 680 582 primas
740 508 982 562 tulerint
1029 509 1089 562 in
1141 509 1357 579 pietate
1388 525 1454 563 ac
1503 508 1810 580 religione.
1845 507 2097 582 Ἀπαρχή

459 600 637 663 enim,
673 597 731 651 id
763 601 870 659 est,
913 597 1188 668 primitizn
1248 597 1541 670 signiﬁcat
1600 597 1656 652 id
1706 597 1860 668 quod
1896 598 2104 668 praeci-

457 704 637 758 puum
671 694 760 740 est
787 693 845 742 et
868 688 1187 743 excellens.
1223 711 1249 736 «
1283 687 1580 742 Primitias
1611 687 1867 746 Achaia).
1917 708 1942 738 ι
1983 687 2102 742 sive

458 775 693 830 Graeciae
719 793 730 829 ε
760 777 914 831 unde
939 783 997 831 et
1025 778 1223 831 Achaei
1257 777 1537 832 dicuntur
1562 777 1763 832 Graeci.
1789 800 1817 826 ‹‹
1847 779 1916 832 Et
1945 777 2103 848 quod

456 863 515 918 in
549 863 822 920 minister
849 882 946 920 um
969 867 1247 920 sanctis.»
1271 865 1356 920 Ad
1381 866 1823 936 suscipiendum
1843 873 2100 932 sanctos,

456 953 660 1024 eisque
693 955 1178 1010 ministrandum.
1208 956 1568 1010 Urdinarunt
1597 963 1816 1019 autem,
1850 955 1961 1010 hoc
1991 960 2102 1021 est,

455 1041 843 1106 dil'tinierunt,
879 1051 1280 1116 segregarunt,
1331 1045 1508 1098 vitam
1567 1044 1720 1098 hanc
1775 1044 2100 1116 elegerunt.

454 1155 478 1177 ‹‹
519 1131 743 1185 Subditi
779 1131 908 1186 sitis
941 1133 1175 1189 talibus.
1213 1154 1237 1182 ν
1271 1134 1578 1205 Adjuvetis
1609 1139 1666 1189 et
1689 1133 1762 1188 ad
1795 1141 2098 1204 sumptum

455 1222 843 1292 pecuniarum
875 1230 934 1278 et
963 1224 1035 1279 ad
1073 1225 1472 1279 ministerium
1531 1224 1858 1295 corporale,
1910 1231 1968 1279 et
1999 1240 2103 1294 per

453 1314 658 1369 omnia
689 1315 772 1368 eis
805 1316 1058 1386 pareatis
1087 1335 1096 1369 :
1135 1315 1192 1370 id
1224 1316 1384 1371 enim
1429 1322 1520 1372 est
1574 1316 1884 1387 subjectio.
1929 1317 1992 1369 Et
2026 1331 2102 1369 ne

455 1404 765 1474 Stephanae
796 1405 1113 1476 gratiﬁcari
1147 1405 1432 1472 videatur,
1457 1405 1761 1478 subiungit
1795 1424 1806 1462 :
1842 1428 1868 1454 «
1898 1404 2098 1460 Omni-

457 1507 570 1560 que
602 1493 907 1564 adjuvanti
940 1511 1007 1549 ac
1043 1494 1334 1549 laboranti
1392 1517 1419 1545 »

522 1583 661 1648 XVI,
692 1587 775 1649 l7,
816 1585 892 1637 18.
922 1606 948 1632 ‹‹
984 1585 1221 1640 Gaudeo
1253 1591 1449 1640 autem
1481 1585 1551 1640 de
1582 1583 1833 1639 adventu
1853 1583 2100 1654 Stepha-

453 1694 479 1718 ‹‹
517 1689 606 1726 na:
631 1679 688 1727 et
718 1673 1020 1729 Fortunati
1041 1681 1100 1729 et
1124 1675 1358 1730 Achaici
1391 1692 1403 1729 :
1431 1675 1708 1746 quoniam
1737 1674 1791 1728 id
1814 1673 1972 1744 quod
1997 1673 2102 1728 mi-

453 1784 477 1811 ‹‹
505 1761 1113 1835 hideeratveslri,ipsi
1139 1764 1594 1836 suppleverunt:
1622 1764 2092 1819 refocillaverunl

2209 1767 2367 1823 αὐτοὶ
2453 1767 2844 1842 ἀνεπλήρωσαν
2880 1812 2894 1826 .

462 1873 486 1902 α
519 1851 680 1906 enim
715 1852 986 1924 spiritum
1021 1871 1219 1909 meum
1252 1871 1318 1909 ac
1347 1861 1625 1910 vestrum.
1650 1853 1964 1926 Agnoscite
1994 1853 2100 1908 ita-

458 1961 484 1989 «
517 1957 631 2012 que
664 1942 1027 2014 hujusmodi.
1064 1969 1092 1994 ››

525 2031 591 2085 Hi
623 2039 760 2087 sunt
791 2035 891 2104 qui
923 2035 1342 2090 renuntiarunt
1364 2035 1477 2106 ipsi
1507 2033 1859 2089 divisionem
1891 2049 1958 2088 ac
1981 2032 2099 2087 dis-

458 2119 674 2176 sidium
707 2123 864 2193 quod
897 2129 1024 2178 erat
1048 2124 1201 2195 apud
1252 2124 1628 2180 Corinthios:
1661 2130 1720 2179 et
1749 2139 1855 2195 per
1887 2123 1993 2178 hos
2023 2121 2103 2177 si-

455 2212 717 2281 gniticati
742 2221 879 2269 sunt
900 2215 999 2285 qui
1033 2222 1205 2271 erant
1235 2232 1303 2270 ex
1327 2216 1553 2271 familia
1570 2213 2101 2280 Chloes.Quoniam

456 2321 593 2376 ergo
627 2305 945 2360 verisimile
961 2314 1088 2360 erat
1115 2307 1452 2361 Corinthios
1483 2311 1810 2361 commotos
1846 2322 1974 2360 esse
1997 2303 2102 2359 ad-

455 2411 660 2451 versus
694 2396 827 2451 illos
882 2396 1126 2452 adducit
1157 2415 1258 2452 eos
1291 2397 1350 2451 in
1387 2397 1647 2452 medium
1699 2404 1754 2451 et
1785 2397 1898 2451 ait:
1935 2394 2101 2460 Quod

457 2483 599 2538 mihi
633 2483 836 2540 deerat
869 2487 1042 2540 vestri
1073 2485 1498 2557 suppleverunt.
1531 2504 1543 2541 :
1577 2485 1687 2540 hoc
1722 2490 1810 2539 est
1839 2501 1943 2556 pro
1975 2499 2098 2538 om-

454 2574 815 2629 nibusvobis
847 2583 1154 2640 venerunt,
1191 2583 1249 2630 et
1278 2582 1518 2647 propter
1547 2592 1647 2630 vos
1673 2581 1898 2630 tantam
1947 2573 2099 2629 586

451 2665 992 2736 peregrinationem
1040 2665 1450 2722 instituerunt.
1517 2690 1537 2715 ι
1600 2663 2104 2721 Refocillaverunt

447 2753 608 2808 enim
646 2771 839 2810 meum
875 2755 1152 2826 spiritum
1209 2772 1276 2810 ac
1323 2762 1602 2810 vestrum.
1636 2778 1662 2804 η
1705 2753 1911 2808 Docuit
1941 2752 2099 2824 quod

446 2842 522 2897 ad
554 2844 792 2898 illorum
825 2844 1129 2916 spectabat
1186 2845 1500 2900 utilitatem
1533 2851 1600 2899 ut
1655 2844 1897 2915 spiritus
1927 2842 2089 2898 Pauli

445 2933 1044 2990 refocillaretur.Nam
1078 2935 1179 3006 qui
1208 2933 1634 3005 meum.inquit
1688 2932 2100 2988 refocillarunt

444 3023 741 3094 spiritum,
778 3030 1032 3080 vestrum
1069 3041 1304 3097 quoque
1357 3025 1766 3080 refocillarunt
1800 3041 1811 3078 :
1849 3023 1958 3078 hoc
1985 3027 2096 3091 est,

443 3113 541 3182 qui
580 3130 671 3168 me
705 3121 1127 3186 pimceptorem
1169 3121 1536 3180 recrearunt,
1571 3114 1749 3169 etiam
1782 3129 1881 3168 vos
1909 3110 2088 3168 disci-

441 3202 612 3272 pulos
644 3220 808 3257 meos
841 3211 1200 3260 recrearunt.
1237 3227 1264 3254 «
1296 3205 1607 3277 Agnoscite
1642 3205 1840 3275 itaque
1879 3203 2085 3274 hujus-

441 3290 620 3344 modi.
657 3313 684 3338 ››
713 3293 876 3361 lpsos
907 3293 968 3347 in
1000 3294 1227 3348 honore
1278 3293 1512 3358 habete,
1547 3292 1686 3364 quia
1715 3298 1959 3363 propter
1987 3306 2089 3345 vos

439 3376 803 3434 laborarunt.

506 3466 644 3531 XVI,
671 3471 732 3522 19
760 3471 883 3522 24.‹‹
911 3470 1180 3524 Salutant
1202 3487 1299 3524 vos
1322 3470 1596 3526 Ecclesiae
1621 3469 1792 3524 Asia.
1820 3469 2089 3524 Salutant

439 3578 465 3604 ‹‹
493 3571 592 3609 vos
615 3555 674 3610 in
700 3557 946 3614 Domino
975 3559 1224 3614 multum
1250 3559 1465 3630 Aquila
1483 3565 1541 3613 et
1563 3558 1832 3612 Priscilla
1852 3573 1985 3612 cum
2020 3573 2087 3612 ea

441 3666 468 3695 «
495 3661 625 3716 qum
641 3647 699 3701 in
717 3647 979 3719 ipsorum
1003 3648 1177 3704 domo
1196 3655 1286 3704 est
1305 3648 1848 3704 ecclesiaSalutant
1864 3665 1960 3702 vus
1975 3650 2084 3703 l'ra-

446 3742 599 3791 utres
619 3754 824 3792 omnes
854 3739 1114 3794 Salutate
1133 3739 1382 3794 invicem
1399 3740 1601 3794 osculo
1624 3738 2085 3794 sancto.Saluta-

442 3850 467 3876 ι(
498 3828 577 3881 tio
595 3844 774 3882 manu
795 3844 926 3883 mea
956 3828 1116 3883 Pauli
1170 3829 1224 3882 Si
1246 3829 1378 3900 quis
1410 3846 1528 3883 non
1551 3828 1745 3899 diligit
1768 3828 2083 3882 Dominum

439 3939 464 3961 η
483 3918 682 3971 Jesum
706 3918 1024 3984 Christum,
1051 3919 1851 3974 sitanathemamaranatlia.
1887 3918 2084 3973 Gratia

439 4025 461 4055 α
489 4006 721 4060 Domini
752 4008 886 4061 Jesu
907 4008 1121 4062 Christi
1181 4009 1256 4063 sit
1307 4009 1627 4064 vobiscum.
1664 4007 1909 4063 Dileclio
1951 4023 2084 4062 mea

434 4118 461 4146 «
495 4112 629 4150 cum
661 4097 936 4153 omnibus
967 4098 1132 4153 vobis
1161 4098 1220 4153 in
1253 4099 1481 4154 Christo
1502 4099 1658 4156 Jesu.
1692 4104 1904 4155 Amen.
1942 4122 1970 4149 »

504 4365 612 4422 Per
673 4366 1090 4424 salutationem
1141 4367 1408 4422 membra
1461 4368 1522 4422 in
1573 4384 1758 4422 unum
1818 4365 2078 4438 colligat.

435 4471 454 4499 ι
497 4452 707 4522 Aquila
737 4460 795 4506 et
824 4453 1113 4508 PI‘irCiUﬂ.
1152 4475 1179 4501 ››
1208 4452 1378 4524 Apud
1409 4455 1518 4508 hos
1550 4468 1894 4510 manens.eo
1919 4450 2076 4522 quod

2212 531 2240 557 «
2275 507 2528 580 Ἀπαρχὴ
2569 513 2670 576 τῆς
2701 505 2956 582 Ἀχαΐας,
2995 533 3022 559 ››
3057 505 3223 583 ἤγουν
3255 515 3356 576 τῆς
3398 505 3687 574 Ἑλλαδος,
3743 511 3860 565 ὅθεν

2333 596 2395 652 'A
2544 597 2555 617 Ι
2777 597 2788 613 ⁸
2878 597 2892 616 9
3376 604 3397 614 υ
3489 599 3501 616 ο
3553 598 3565 618 ο
3785 597 3828 619 ην

2400 615 2577 671 χαιοι.
2633 620 2660 647 ‹‹
2694 602 2792 651 Και
2848 617 2924 660 εις
2982 594 3250 652 διακονίαν
3307 619 3425 662 τοις
3478 619 3652 671 αγιοις
3686 627 3706 652 ι
3768 601 3864 660 hic

2207 685 2270 739 τὸ
2303 683 2666 761 ὑποδέχεσθαι
2721 686 2846 744 τοὺς
2906 687 3113 762 ἀγίους,
3171 688 3261 742 καὶ
3322 684 3588 743 διακονεῖν
3651 687 3861 749 αὐτοῖς.

2211 775 2290 830 Τὸ
2323 771 2378 829 δὲ
2411 801 2435 827 ιι
2480 777 2726 846 Ἐταξαν,
2764 801 2790 826 ››
2839 778 2973 841 οἷον,
3015 776 3313 856 ἀφώρισαν,
3346 781 3535 832 τοῦτον
3590 779 3680 831 τὸν
3739 778 3858 852 βῖον

2210 861 2452 921 ε’ἰλοντο.
2478 889 2506 916 ‹‹
2531 865 2935 935 ’Υποτάσσησθε
2963 871 3080 927 τοῖς
3111 867 3400 928 τοιούτοις.
3434 893 3459 917 η
3490 864 3866 941 Συναντι).ομ-

2210 947 2469 1023 ὄάνησοε,
2497 957 2588 1008 καὶ
2625 953 2700 1015 εἷς
2743 951 2985 1026 δαπάνην
3038 955 3365 1030 χρημάτων,
3407 956 3498 1010 καὶ
3557 955 3633 1017 εές
3687 952 3869 1010 διοκοο

2212 1041 2329 1096 νίαν
2390 1045 2757 1117 σωματικήν,
2843 1043 2935 1100 καὶ
2995 1044 3070 1107 εἰς
3119 1045 3287 1100 πάντα
3351 1047 3595 1108 πείθεσθε
3651 1045 3866 1108 αύτοῖςο

2205 1134 2366 1186 τοῦτο
2399 1132 2502 1208 γὰρ
2537 1135 2570 1202 ὴ
2607 1133 2875 1208 ὑποταγή.
2911 1134 3013 1189 Καὶ
3067 1131 3161 1188 είνα
3213 1135 3287 1207 μή
3349 1130 3476 1207 δόξῃ
3529 1139 3611 1206 τῷ
3661 1141 3868 1213 Στεφα-

2205 1226 2268 1292 νᾷ
2297 1218 2647 1299 χαρίϐεσθαι,
2681 1222 2885 1299 ἐπείγει·
2931 1246 2958 1274 ‹‹
2994 1222 3091 1277 Καὶ
3121 1224 3279 1278 παντὶ
3341 1228 3424 1294 τῷ
3475 1228 3740 1280 κοπιῶντι
3772 1222 3872 1278 καὶ

2209 1317 2547 1389 συνεργοῦντι
2559 1358 2570 1370 .
2609 1336 2636 1363 ››

2276 1592 2466 1667 Χαίρω
2553 1588 2608 1646 δὲ
2669 1589 2755 1647 ἐπὶ
2812 1594 2881 1666 τῇ
2943 1593 3227 1668 παρουσίᾳ
3289 1595 3535 1664 Στεφανᾶ
3581 1592 3669 1646 καὶ
3726 1597 3874 1666 Φορ-

2207 1678 2467 1732 τουνάτου
2546 1678 2637 1732 καὶ
2717 1678 3022 1754 ’Λχαῖκοῦ,
3108 1679 3190 1733 ὅτι
3248 1679 3310 1733 τὸ
3374 1679 3526 1751 ὑμῶν
3586 1679 3870 1753 ὑστέρημα

2977 1769 3306 1824 Ἀνέπαυσαν
3391 1768 3496 1843 γὰρ
3580 1768 3644 1823 τὸ
3726 1766 3864 1841 ἐμὸν

2209 1861 2421 1930 πνεῦμα
2474 1858 2561 1912 καὶ
2617 1858 2680 1913 τὸ
2764 1857 2940 1930 ὑμῶν.
3027 1859 3449 1934 Ἐπιγινώσκετε
3537 1857 3630 1911 οὗν
3724 1857 3861 1921 τοὺς

2209 1944 2512 2010 τοιούτους.

2280 2036 2445 2094 Οῦτοι
2476 2034 2608 2090 εἰσιν
2637 2033 2688 2089 οί
2725 2035 3133 2112 ἀναγγείλαντες
3193 2035 3339 2107 αὐτῷ
3390 2035 3487 2104 τήν
3549 2035 3695 2110 παρά
3757 2038 3866 2092 K0-

2209 2127 2438 2198 ρινθίοις
2469 2123 2842 2205 διχοστασίαν,
2873 2125 2964 2181 καὶ
3011 2126 3064 2181 οἱ
3120 2127 3219 2195 τῆς
3271 2123 3460 2195 Χλόης
3509 2123 3598 2180 διά
3649 2125 3866 2180 τούτων

2207 2213 2588 2288 ἐδηλώθησαν.
2642 2218 2790 2273 Ἐπεὶ
2880 2217 2972 2271 οὗν
3034 2217 3178 2278 εἰκὸς
3229 2214 3297 2283 ἦν
3345 2216 3473 2277 τοῦς
3532 2216 3863 2290 Κορινθίους

2206 2307 2514 2382 ἡγῖιιῦσθαι
2544 2305 2682 2379 πρὸς
2712 2304 2907 2368 αὐτοὺς
2965 2305 3317 2378 παρατίθεται
3377 2304 3594 2368 αὐτοὺς,
3651 2302 3854 2378 λὲγων,

2207 2396 2288 2451 ὅτι
2326 2418 2346 2443 τ
2381 2398 2459 2452 Τὸ
2491 2396 2642 2466 ὑμὼν
2680 2395 2960 2469 ὑστέρημα
3017 2393 3432 2469 ἀνεπλήρωσαν,
3469 2419 3496 2444 ››
3554 2394 3861 2467 τουτέστιν,

2209 2486 2343 2542 Ἀντῖ
2381 2485 2593 2540 πάντων
2630 2484 2783 2557 ὑμῶν
2811 2483 3008 2554 ἦλθον,
3040 2484 3130 2539 καὶ
3163 2481 3229 2538 δι’
3268 2484 3406 2558 ὑμᾶς
3427 2484 3692 2553 τοσαύτην
3721 2483 3861 2538 ἀπο-

2208 2571 2396 2646 δηνίαν
2430 2573 2764 2630 ἐστείλαντο.
2798 2599 2825 2625 ‹‹
2859 2575 3175 2631 Ανὲπαυσαν
3208 2573 3314 2649 γὰρ
3381 2573 3444 2629 τὸ
3505 2572 3634 2647 ἐμὸν
3689 2577 3862 2628 πνεῦ-

2211 2685 2285 2738 μα
2323 2664 2412 2718 καὶ
2443 2666 2506 2720 τὸ
2539 2665 2714 2738 ὑμῶν.
2749 2661 3016 2734 Ἐδίδαξεν
3047 2665 3132 2718 ὅτι
3163 2663 3238 2724 είς
3264 2661 3484 2718 ἐκείνων
3507 2659 3704 2738 ὅσελος
3738 2684 3860 2717 συν-

2205 2753 2367 2808 έτεινε
2396 2757 2458 2807 το
2488 2751 2891 2821 ἀναπαυσθῆναι
2919 2752 3019 2820 τήν
3046 2752 3231 2826 ψυχήν
3291 2755 3390 2805 τοῦ
3451 2749 3690 2818 Παύλου,
3721 2751 3857 2806 ἀνα-

2203 2842 2506 2903 παύσαντες
2535 2841 2637 2914 γὰρ
2667 2841 2730 2896 τὸ
2767 2837 2898 2912 ἐμὸν
2939 2845 3176 2914 πνεῦμα,
3243 2839 3398 2918 φησὶ,
3459 2839 3523 2893 τὸ
3577 2839 3730 2912 ὑμῶν
3761 2839 3857 2893 ἀν-

2205 2931 2458 2997 έπαυσαν,
2491 2933 2787 2997 τουτέστιν,
2821 2930 2955 3002 Ἐμὲ
2983 2929 3075 2984 τὸν
3133 2926 3458 2984 διδάσκαλον
3513 2930 3856 2985 ἀναπαύσαν-

2200 3043 2304 3091 τες,
2341 3021 2480 3095 ὑμᾶς
2511 3019 2636 3082 τοὺς
2675 3019 2922 3093 μαθητάς
2963 3040 3067 3093 μου
3116 3019 3434 3078 ἆνέπαυσκν.
3498 3046 3524 3072 ιι
3559 3020 3854 3093 Ἐπιγινώο

2202 3131 2352 3166 σεκτε
2384 3110 2474 3164 οῦν
2499 3107 2626 3171 τοὺς
2668 3109 2971 3171 τοιούτους.
3009 3132 3036 3161 ››
3107 3110 3190 3165 'hv
3247 3112 3384 3184 τιμῇ
3443 3109 3638 3172 αὐτοὺς
3669 3103 3849 3185 ἔχετε,

2202 3203 2285 3256 ὅτι
2325 3199 2395 3256 δι’
2431 3201 2572 3275 ὑμᾶς
2597 3200 2953 3272 κεκμήκασιν.

2269 3463 2637 3531 Ἀσπάζονται
2706 3457 2846 3530 ὑμᾶς
2928 3457 2983 3511 αὶ
3067 3454 3390 3527 Ἐκκλησίαι
3469 3463 3568 3526 τῆς
3630 3457 3839 3518 Ἀσίας.

2195 3551 2561 3619 Ἀσπάζονται
2621 3546 2760 3620 ὑμᾶς
2817 3545 2867 3600 ἐν
2960 3546 3146 3622 Κυρίῳ
3223 3543 3409 3601 πολλά
3459 3543 3694 3606 Ἀκύλας
3748 3547 3839 3600 καὶ

2199 3637 2504 3715 Πρίσκιλλα
2553 3638 2644 3692 σὺν
2729 3639 2798 3710 τῇ
2883 3637 2999 3690 κατ’
3094 3637 3244 3691 θ’κον
3320 3635 3495 3690 αὐτῶν
3551 3633 3838 3707 ἐκκλησίᾳ.

2195 3735 2205 3754 ν
2353 3729 2365 3748 I
2647 3726 2660 3744 ο
2722 3730 2749 3740 ~
3021 3723 3073 3743 ιδ
3219 3725 3233 3743 ι
3357 3725 3366 3737 ο
3569 3725 3582 3746 ν
3723 3727 3732 3740 .

2211 3735 2555 3798 Ασπαζονται
2643 3747 2782 3799 υμας
2873 3726 2925 3781 οἱ
3009 3725 3234 3802 αοελιροι
3298 3745 3511 3787 παντες.
3586 3731 3838 3781 Λσπασα-

2191 3821 2281 3876 σϐε
2337 3816 2623 3887 ἀλλήλους
2707 3815 2758 3870 ἐν
2845 3817 3118 3888 φιλήματι
3205 3816 3363 3890 ἁγίῳ.
3436 3815 3497 3871 Ὀ
3553 3813 3839 3886 ἀσπασμὸς

2189 3914 2256 3982 τῇ
2301 3909 2407 3982 ἐμῇ
2470 3909 2615 3985 χευρῖ
2690 3905 2926 3960 Παύλου.
2988 3904 3049 3961 Ei
3103 3926 3186 3967 τις
3247 3903 3310 3958 ού
3369 3901 3520 3982 φιλεῖ
3569 3905 3660 3958 τὸν
3724 3903 3829 3958 K6-

2191 4019 2309 4073 ριον
2376 4000 2589 4066 Ἰησοῦν
2671 3995 2922 4067 Χριστὸν,
3000 3992 3119 4063 ἤτω
3189 3993 3451 4068 ἀνάθεμα,
3536 3991 3835 4067 μαραναθᾶ.

2189 4089 2251 4144 Ἦ
2304 4086 2462 4161 χάρις
2516 4084 2613 4140 τοῦ
2673 4083 2877 4159 Κυρίου
2948 4085 3125 4155 Ἰησοῦ
3190 4085 3426 4158 Χριστοῦ
3489 4084 3607 4156 μεθ’
3659 4081 3835 4155 ὑμὼν·

2187 4177 2252 4232 ’Π
2309 4174 2494 4250 ἀγάπη
2585 4195 2690 4246 μου
2751 4173 2887 4246 μετά
2977 4174 3190 4229 πάντων
3276 4173 3430 4245 ὑμῶν
3518 4170 3570 4226 ἐν
3623 4174 3842 4244 Χριστῷ

2192 4267 2393 4336 Ἰησοῦ.
2431 4265 2632 4336 Ἀμὴν.

2263 4351 2457 4408 Συνδεῖ
2485 4353 2551 4409 τὰ
2583 4351 2724 4426 μέλη
2748 4357 2827 4424 τῷ
2850 4353 3139 4424 ἀσπασμῷ.
3171 4375 3198 4404 α
3221 4352 3441 4416 Ακύλας
3467 4351 3554 4406 κα)
3588 4349 3846 4425 Πρίσκιλ-

2191 4442 2280 4500 λα.
2319 4469 2340 4497 ι
2400 4441 2551 4516 Παρὰ
2580 4440 2800 4502 τούτοις
2834 4439 3006 4513 μένων
3039 4437 3127 4494 διὰ
3156 4439 3216 4495 τὸ
3241 4440 3566 4519 ὁμότεχνον,
3597 4440 3696 4508 τήν
3712 4460 3845 4509 uxr,-

431 4541 700 4611 ejusdem
733 4549 937 4598 essent
965 4541 1590 4614 artiﬁciioperabalur
1619 4543 1677 4596 in
1701 4547 1826 4598 arte
1851 4539 2087 4596 texendi

2206 4532 2417 4586 ροποιὸν
2447 4530 2728 4606 εἰργάζετο
2784 4527 3006 4603 τέχνην.
3076 4530 3214 4604 Ὅρα
3268 4527 3324 4584 ὀὶ
3380 4530 3558 4584 αὐτῶν
3615 4528 3837 4603 ἀρετὴν,

429 4631 840 4689 tabernacula.
875 4635 940 4687 Et
972 4633 1288 4689 considera
1320 4633 1584 4704 ipsorum
1613 4633 1907 4698 viitutem,
1941 4631 2083 4701 quia

432 4725 732 4794 propriam
791 4723 1012 4779 donum
1074 4723 1386 4780 ecclesiam
1446 4721 1730 4777 fecerant.
1797 4741 1819 4768 ι
1867 4720 2080 4777 Osculo

435 4819 661 4867 sancto.
691 4836 718 4861 ››
753 4815 966 4868 Mentio
995 4815 1185 4870 sancti
1210 4813 1395 4868 osculi
1448 4812 1542 4866 hic
1573 4811 1760 4867 solum
1822 4811 2080 4878 additur,

437 4913 505 4951 eo
539 4900 695 4968 quod
744 4901 999 4954 multum
1034 4903 1186 4957 inter
1239 4919 1301 4957 se
1344 4900 1733 4966 dissidebant,
1767 4899 2032 4955 dicentes
2067 4915 2081 4956 :

435 4987 550 5058 Ego
572 4987 809 5056 quidem
846 5004 974 5043 sum
1009 4991 1195 5052 Pauli,
1231 5007 1335 5062 ego
1368 5006 1500 5043 vero
1531 4989 1766 5060 Apollo.
1823 5006 1928 5062 ego
1976 5005 2081 5044 au-

436 5082 552 5130 tem
582 5076 815 5148 Cephm.
847 5078 1125 5134 Sanctum
1167 5097 1303 5135 vero
1348 5079 1493 5135 dicit
1551 5096 1671 5135 non
1724 5080 1946 5145 fictum,
1981 5078 2083 5135 sed

436 5165 592 5235 quod
626 5183 692 5220 ex
725 5167 1042 5223 dilectione
1074 5169 1358 5240 procedit.
1392 5193 1416 5220 υ
1445 5169 1728 5224 Salutatio
1753 5186 1932 5225 manu
1955 5185 2087 5224 mea

434 5256 622 5310 Pauli.
658 5278 687 5306 »
720 5258 965 5328 Propria
1003 5275 1186 5315 manu
1231 5259 1650 5315 salutationem
1714 5259 1771 5313 in
1837 5259 2087 5331 epistola

438 5345 692 5416 scripsit.
738 5369 762 5395 α
792 5346 846 5400 Si
877 5348 1010 5418 quis
1031 5365 1152 5404 non
1182 5349 1673 5404 arnatDominum
1703 5369 1732 5398 ››
1767 5349 1889 5404 Uno
1912 5349 2085 5404 verbo

437 5451 645 5491 omnes
676 5437 909 5502 terruit,
942 5439 1042 5509 qui
1103 5437 1191 5493 vel
1249 5438 1320 5494 ab
1380 5437 1724 5494 hominibus
1782 5437 2086 5511 cognomi-

433 5527 750 5595 nabantur,
779 5529 872 5584 vel
889 5535 1269 5595 scortatores,
1302 5529 1393 5584 vel
1419 5529 1780 5586 offendicula
1804 5529 2086 5586 fratribus

429 5625 723 5694 ponentes
754 5619 989 5678 edendo
1023 5619 1377 5692 idolothyta,
1436 5617 1529 5675 vel
1583 5620 2085 5681 resurrectionem

2191 4624 2275 4678 ὅτι
2304 4621 2396 4676 τὸν
2431 4620 2580 4678 οἶκον
2620 4617 2912 4689 ἐκκλησίαν
2961 4617 3398 4690 ἐπεποιήκεισαν.
3459 4644 3486 4670 ‹‹
3535 4620 3623 4674 Ἐν
3670 4616 3844 4697 φιλή-

2194 4733 2324 4785 ματι
2358 4710 2520 4785 ἁγίῳ,
2559 4733 2586 4759 ››
2615 4709 2691 4765 Τὸ
2711 4713 2808 4764 τοῦ
2832 4709 2990 4784 ἀγίου
3013 4706 3328 4787 φιλήματος
3353 4706 3460 4764 ὧδε
3491 4707 3653 4782 μόνον
3678 4707 3846 4783 πρόσ-

2190 4821 2386 4870 κειται,
2455 4797 2546 4854 διᾶ
2616 4801 2680 4854 τὸ
2736 4797 2884 4853 πολὺ
2943 4798 3136 4862 αὐτοὺς
3201 4796 3490 4857 διεστάναι.
3547 4799 3692 4873 Ἐγὼ
3737 4799 3840 4874 γαρ

2191 4891 2332 4964 εἰμι,
2363 4887 2521 4969 φησὶ,
2558 4886 2796 4956 Παύλου,
2827 4886 2937 4963 ἐγὼ
2981 4885 3038 4943 δὲ
3095 4887 3373 4952 Ἀπολλὼ,
3409 4889 3513 4964 ἐγὼ
3569 4885 3625 4943 δὲ
3656 4891 3840 4964 Κηςςᾶ.

2190 4984 2384 5055 ’Άγιον
2415 4977 2472 5034 δὲ
2507 4978 2671 5054 Λέγει,
2703 4977 2766 5033 τὸ
2798 4977 3153 5050 ἀνυπόκριτον
3211 4979 3298 5033 καῖ
3363 4978 3413 5048 ἐξ
3445 4979 3682 5055 ἀγάπης.
3719 5004 3744 5029 ‹‹
3779 4979 3842 5034 Ὀ

2191 5077 2475 5150 ἀσπασμὸς
2505 5077 2574 5146 τῇ
2624 5072 2732 5147 ἐμῇ
2791 5080 2943 5150 χειρεῖ
2995 5073 3231 5130 Παύλου.
3267 5097 3297 5129 ω
3330 5073 3648 5150 Ἰδιόχειρον
3679 5072 3844 5150 ἔγρα-

2193 5173 2260 5243 ψε
2284 5167 2373 5222 τὸν
2405 5166 2687 5238 ἀσπασμὸν
2735 5161 2785 5217 ἐν
2821 5167 2890 5237 τῇ
2919 5162 3203 5239 ἐπιστολῇ.
3266 5189 3294 5217 ‹‹
3331 5162 3398 5221 Εἴ
3447 5185 3532 5226 τις
3591 5166 3655 5219 οὐ
3688 5162 3845 5241 φιλεῖ

2191 5259 2284 5314 τὸν
2318 5257 2533 5331 Κύριον.
2569 5279 2596 5306 ››
2631 5254 2707 5308 Δι’
2742 5253 2859 5316 ἐνὸς
2888 5253 3135 5329 ῥήματος
3165 5255 3370 5319 πάντας
3426 5249 3681 5328 ἐφόϐησε,
3712 5254 3846 5315 τοὺς

2194 5349 2300 5404 ἀπὸ
2349 5343 2645 5420 ἀνθρώπων
2705 5341 3165 5415 ὀνομαζομένους,
3222 5344 3348 5404 τοὺς
3402 5342 3658 5416 πόρνους.
3713 5341 3848 5408 τοὺς

2197 5432 2656 5504 σκανδαλίζοντας
2685 5432 2813 5494 τοὺς
2845 5429 3114 5509 ἀδελφοὺς
3170 5435 3237 5505 τῇ
3293 5437 3406 5488 τῶν
3458 5430 3846 5494 εἶδωλοθύτων

2197 5529 2417 5606 βρώσει,
2460 5524 2588 5587 τοὺς
2634 5525 2703 5596 τῇ
2737 5520 3022 5577 ἀναστάσει
3073 5521 3452 5586 ἀπιστοῦντας.
3514 5522 3582 5579 Οἱ
3639 5521 3742 5598 γὰρ
3773 5520 3843 5577 τᾶ

2191 5621 2417 5675 τοιαῦτα
2445 5613 2798 5692 πράσσοντες,
2823 5608 2884 5668 οὐ
2911 5609 3134 5694 φιλοῦσι
3163 5612 3257 5667 τὸν
3285 5609 3484 5691 Κύριον
3517 5611 3842 5691 Μαραναθά,
