4156 6200
279 345 399 407 905

1208 343 1622 407 ΟΟΜΜΕΝΤ.
1671 342 1747 404 IN
1793 342 2045 404 EPIST.
2094 345 2152 406 II
2195 343 2300 405 AD
2343 342 2717 406 CORINTH.

3563 349 3683 410 906

274 479 591 544 Τουτέστιν,
624 478 652 533 ὁ
679 476 877 552 Κύριος
909 477 1067 547 ἦλθε.
1099 479 1276 535 Τοῦτο
1304 475 1364 533 δέ
1392 498 1548 557 φησι,
1579 479 1680 547 τὴν
1705 475 1918 533 ονκονο-
1951 484 1983 549 Α

2047 496 2154 536 non
2182 481 2513 538 credentes.
2546 482 2687 537 Nam
2717 481 2819 552 qui
2866 480 3007 537 talia
3063 488 3268 555 agunt,
3324 500 3446 539 non
3475 494 3686 544 amant

280 568 406 642 μίαν
440 561 675 643 βεϐαιῶν
703 566 791 622 καὶ
857 569 957 634 τήν
1011 566 1316 635 ἀνάστασιν,
1375 567 1465 622 καὶ
1520 565 1782 634 ἐντρέπων
1842 564 1926 621 ὅτι

280 657 615 729 ὁΔεσπὸτης
648 657 781 732 ὑπὲρ
837 659 998 729 ἡμῶν
1057 659 1337 726 ἀπέθανεν,
1388 657 1544 731 ὑμεῖς
1604 655 1663 712 δὲ
1717 676 1927 731 παρορ-

275 750 458 824 γίζετε
526 746 705 816 αὐτὸν,
766 749 1093 819 πράττοντες
1146 745 1344 802 ἄτοπα.
1406 750 1487 811 Τῆ
1544 740 1811 821 Ἐὃραῖκῇ
1868 741 1927 799 δὲ

272 834 545 916 κέχρηται
578 833 741 909 λέξει,
775 832 986 897 δεικνὺς
1016 835 1180 891 ὅτιού
1216 834 1377 908 μόνον
1404 834 1502 890 οὐκ
1529 835 1925 910 ἀποστρέφεται

271 927 375 995 τήν
400 922 697 991 ίδιωτείαν,
731 922 877 980 ἀλλὰ
906 925 995 978 καὶ
1028 924 1363 997 σιμνῦνεται.
1416 924 1492 982 Τὸ
1547 923 1650 998 γὰρ
1705 917 1929 997 Ἐϐραῖ-

274 1014 359 1071 στὶ
392 1011 608 1081 λαλεῖν,
642 1012 885 1070 ἲδιωτεία
916 1015 1107 1077 αὐτοῖς
1139 1011 1315 1069 ἐδόκει
1370 1014 1488 1069 οὖσι
1548 1018 1759 1092 σοφοῖς.
1790 1014 1929 1067 Τοῦ-

273 1125 338 1159 το
371 1101 428 1159 εὶ
456 1109 628 1175 ποιεῖ,
664 1105 937 1175 καθαιρῶν
966 1107 1057 1159 τὸν
1084 1108 1251 1183 τῦφον
1278 1108 1386 1159 τῶν
1424 1108 1627 1178 σοφῶν.
1685 1135 1749 1146 -—
1781 1099 1925 1158 Ἀλο

279 1193 417 1256 λως.
444 1194 777 1268 [ΟΙΚΟΥΜ.]
807 1198 979 1250 Τοῦτο
1006 1194 1069 1249 ού
1091 1201 1192 1264 τῆς
1220 1188 1486 1269 Ἐϐραίων
1544 1193 1688 1255 τινες
1719 1189 1928 1248 ὑπέλα-

277 1278 394 1350 ϐον,
419 1281 566 1338 ἀλλᾶ
593 1289 693 1353 τῆς
734 1282 919 1357 Σύρων
950 1283 1091 1338 εἶναι
1121 1290 1331 1360 φωνῆς.
1361 1282 1752 1358 Ἑρμηνεύεται
1786 1279 1864 1352 δὲ,
1896 1282 1925 1336 ὁ

275 1373 482 1450 Κύριος
509 1372 670 1443 ἧλθι.
702 1372 922 1431 Τέθεικε
952 1370 1010 1429 δὲ
1037 1374 1136 1443 τήν
1167 1373 1331 1447 λέξιν,
1365 1378 1473 1428 τῶν
1504 1371 1593 1428 ἐπὶ
1615 1370 1926 1449 εὖγλωττίᾳ

271 1460 684 1537 σεμνυνομένων
718 1463 1019 1538 Κορινθίων
1053 1465 1153 1533 τήν
1183 1463 1349 1543 ὀφρὺν
1381 1460 1788 1534 καταστέλλων,
1833 1463 1923 1518 καὶ

272 1551 543 1609 διδάσκων
593 1553 670 1615 ὡς
714 1552 777 1607 ού
834 1549 1190 1620 παιδεύσεως,
1250 1551 1398 1608 ἀλλᾶ
1443 1551 1677 1614 πίστεως
1735 1551 1923 1614 αὐτοῖς

270 1642 452 1723 χρεία.
491 1668 519 1695 ι(
548 1648 605 1698 Ἡ
642 1641 806 1717 χάρις
833 1647 932 1697 τοῦ
994 1642 1196 1717 Κυρίου
1246 1642 1430 1712 Ἰησοῦ
1489 1645 1747 1717 λριστοῦ,
1809 1643 1927 1716 μεθ’

271 1734 488 1806 ὑμῶν.»
510 1735 691 1789 Τοῦτο
719 1729 1145 1799 διδασκάλου,τὸ
1170 1733 1245 1804 μή
1279 1731 1444 1806 μόνον
1473 1730 1924 1807 παραινεῖν,ἆλλά

2041 571 2375 627 Dominum.
2412 596 2438 621 (ι
2476 571 2834 627 Maranatha.
2869 593 2897 622 »
2929 569 2990 627 ld
3021 578 3130 635 est,
3188 572 3474 629 Dominus
3503 576 3684 632 venit.

2041 660 2162 716 Hoc
2193 668 2391 717 autem
2423 660 3087 731 dixitdispensationem
3108 677 3175 717 ac
3189 663 3688 719 resurrectionem

2041 750 2423 810 conﬁrmans.
2451 758 2508 805 et
2538 750 2867 807 admonens
2890 751 3048 823 quod
3071 752 3357 808 Dominus
3378 770 3484 825 pro
3514 753 3689 810 nobis

2041 846 2311 894 mortuus
2333 845 2557 894 estvos
2579 845 2798 903 autem,
2834 841 3047 912 inquit.
3082 857 3221 896 eum
3253 841 3500 897 irritatis
3522 842 3690 899 indi—

2038 944 2153 1000 gna
2184 934 2619 1000 perpetrantes.
2644 928 2932 986 Hebraica
2962 946 3095 986 vero
3118 946 3266 986 usus
3292 936 3384 986 est
3428 930 3690 993 dictione

2040 1017 2363 1073 ostendens
2383 1017 2542 1089 quod
2561 1035 2678 1074 non
2693 1019 2886 1075 solum
2909 1036 3030 1075 non
3052 1019 3688 1087 averseturinseitiam.

2041 1106 2144 1162 sed
2175 1113 2234 1163 et
2262 1106 2549 1180 glorietur
2574 1107 2644 1163 de
2676 1125 2765 1164 ea.
2797 1109 2944 1164 Nam
2995 1108 3279 1165 Hebraice
3309 1109 3495 1180 loqui,
3516 1110 3691 1183 igno-

2038 1198 2236 1253 rantia
2264 1196 2410 1268 ipsis
2437 1196 2744 1254 videbatur
2772 1214 2908 1255 cum
2938 1198 3240 1271 sapientes
3297 1204 3519 1257 essent.
3570 1199 3691 1259 Hoc

2037 1292 2235 1343 autem
2265 1286 2652 1354 facit,tollens
2671 1287 2890 1343 fastum
2920 1289 3279 1361 sapientum.
3299 1289 3502 1344 -—-Alio
3530 1288 3690 1345 modo

2038 1378 2157 1433 Hoc
2187 1376 2430 1448 quidam
2490 1394 2610 1433 non
2668 1377 3048 1433 Hebraeorum
3078 1378 3223 1435 581
3261 1378 3366 1435 sed
3411 1379 3691 1451 Syrorum

2037 1485 2166 1524 esse
2196 1484 2399 1524 vocem
2428 1468 2713 1540 suspicati
2742 1468 3089 1525 suntSonat
3117 1475 3338 1537 autem,
3370 1470 3418 1526 si
3440 1470 3575 1541 quis
3593 1470 3691 1527 in-

2037 1563 2418 1630 terpretetur,
2454 1559 2715 1614 Dominus
2744 1561 2912 1614 venit.
2950 1559 3112 1616 Hanc
3143 1565 3340 1615 autem
3366 1559 3693 1617 dictionem

2036 1647 2649 1720 posuit.supercilium
2677 1648 3081 1720 comprimens
3114 1649 3554 1706 Corinthiorum
3588 1648 3690 1721 qui

2036 1753 2167 1792 sese
2198 1736 2270 1792 de
2298 1737 2643 1809 eloquentia
2668 1737 2997 1809 jactabant,
3030 1745 3091 1794 et
3119 1738 3340 1795 docens
3379 1738 3540 1810 quod
3568 1753 3692 1794 non

266 1821 358 1877 καὶ
389 1821 732 1878 ἐπεύᾏεσθαι.
769 1821 899 1879 Εἶτα
929 1818 1117 1889 ἐπειδὴ
1149 1822 1326 1876 αὐτῶν
1382 1818 1569 1876 πολλᾶ
1614 1823 1922 1896 καθήψατο,
1963 1863 1983 1926 1

302 1915 328 1925 -
398 1922 412 1926 -
607 1911 621 1926 ,
754 1910 766 1926 .
847 1910 858 1926 ι
1009 1910 1022 1926 .
1061 1909 1074 1926 .
1163 1911 1176 1926 ι
1402 1910 1473 1926 η..
1604 1910 1617 1926 .
1854 1910 1867 1926 .

2047 1826 2394 1888 eruditione.
2416 1826 2520 1881 sed
2540 1826 2656 1882 ﬁde
2675 1826 2820 1899 ipsis
2844 1844 2993 1899 opus
3017 1834 3165 1883 erat.
3186 1850 3215 1879 «
3238 1828 3441 1883 :Gratia
3456 1826 3691 1882 Domini

270 1915 362 1965 νῦν
392 1911 678 1985 θεραπεύει
707 1910 905 1973 αὐτοὺς
935 1910 1025 1967 καὶ
1055 1909 1364 1987 ἐπεύχεται.
1402 1910 1502 1981 Εθη
1558 1910 1686 1985 γὰρ,
1737 1910 1924 1988 φησῗν,
1966 1909 1983 1926 ⁵

2047 1920 2175 1970 Iesu
2205 1915 2419 1971 Christi
2443 1915 2521 1970 sit
2549 1914 2874 1972 vobiscum.
2916 1938 2948 1966 ››
2996 1917 3115 1972 Hoc
3163 1916 3544 1989 prmceptoris
3602 1919 3693 1970 est

267 2003 304 2070 ἡ
342 1998 522 2075 ἀγάπη
558 2023 667 2074 μου
704 2003 817 2076 μεθ’
848 2001 1025 2073 ὑμῶν.
1059 2002 1249 2057 Ἒσται
1290 1998 1348 2056 δὲ
1400 2004 1563 2056 τοῦτο
1603 2004 1721 2063 πῶς
1756 2023 1771 2069 ;
1804 2000 1926 2057 Ἐὰν

269 2091 455 2167 ὀρθῶς
489 2088 770 2166 βαδίζητε.
806 2092 939 2150 Εἶτα
965 2092 1052 2146 ἳνα
1085 2093 1160 2165 μή
1193 2091 1464 2165 νομίσωσι
1493 2090 1783 2154 κολακείας
1814 2092 1931 2146 εἶναι

269 2180 337 2235 τὸ
376 2179 555 2255 ῥῆμα,
587 2179 795 2259 ἐπάγει·
834 2206 862 2233 ‹‹
893 2183 984 2238 Ἐν
1013 2182 1231 2257 Χριστῷ
1262 2181 1461 2251 Ἰησοῦ.
1496 2205 1523 2233 ››
1553 2178 1723 2238 Οὐδὲν
1744 2180 1927 2258 φησὶν,

271 2270 612 2342 ἀνθρώπινον
658 2272 694 2341 ἢ
756 2273 1010 2347 σαρκικὸν
1041 2273 1168 2348 παρ’
1226 2271 1375 2347 ἐμοί·
1439 2270 1491 2327 ἐν
1559 2270 1664 2347 γὰρ
1713 2271 1930 2345 Χριστῷ

271 2354 419 2415 ἔσται
451 2363 482 2431 ἦ
509 2360 692 2436 ἀγάπη
730 2382 836 2435 μου
861 2362 978 2435 μεθ’
1012 2362 1188 2435 ὑμῶν.

2037 2022 2158 2061 non
2187 2006 2490 2062 adhortari
2523 2006 2852 2070 solum,sed
2876 2012 2935 2063 et
2954 2007 3206 2079 precari.
3238 2008 3508 2079 Denique
3538 2011 3694 2078 post-

2038 2111 2217 2166 quam
2247 2095 2310 2151 in
2341 2095 2547 2151 multis
2575 2096 2737 2168 ipsos
2769 2094 3117 2169 objurgavit,
3149 2113 3312 2153 nunc
3341 2096 3694 2167 obsequitur

2038 2184 2159 2239 illis
2190 2202 2259 2240 ac
2289 2190 2419 2241 orat
2443 2185 2649 2241 dicens
2674 2200 2688 2239 :
2723 2184 2807 2239 Sit
2836 2185 3077 2241 dilectio
3114 2202 3252 2243 mea
3272 2185 3593 2242 vobiscum.
3626 2183 3692 2240 1d

2039 2280 2236 2330 autem
2268 2291 2383 2346 quo
2414 2280 2586 2347 pacto
2621 2274 2767 2329 (iet?
2797 2275 2853 2328 Si
2887 2280 3046 2330 recte
3086 2274 3396 2331 incedatis.
3429 2275 3692 2333 Tandem

2042 2380 2117 2419 ne
2148 2363 2208 2418 id
2238 2362 2597 2419 adulationis
2638 2379 2766 2418 esse
2808 2363 3167 2432 existiment,
3200 2364 3538 2438 subjungit:
3566 2386 3594 2415 ‹‹
3626 2362 3691 2420 ln

277 2452 509 2508 Christo
533 2453 691 2511 Jesu.
724 2475 753 2504 »
782 2453 961 2523 Nihil,
994 2452 1211 2525 inquit,
1242 2453 1574 2510 humanum
1605 2459 1708 2510 aut
1737 2452 1974 2510 carnale
2006 2452 2163 2525 apud
2184 2469 2279 2509 me
2311 2458 2401 2509 est
2429 2470 2443 2518 ς
2475 2468 2613 2509 nam
2642 2469 2750 2524 per
2779 2452 3078 2511 Christum
3109 2455 3224 2510 erit
3243 2454 3485 2512 dilectio
3551 2471 3686 2512 mea

278 2552 604 2610 vobiscum.

277 2675 469 2748 Τέλος,
543 2677 636 2733 σὺν
709 2682 847 2751 Θεῷ,
924 2684 1024 2753 τῇς
1118 2677 1258 2753 πρὸς
1309 2678 1635 2753 Κορινθίους
1700 2677 1926 2752 πρώτης

932 2749 1229 2820 Ἐπιστολῇ
1241 2772 1284 2813 ς.

345 2837 584 2917 Ἐγράφη
618 2837 726 2894 ἀπὸ
758 2835 1053 2894 Φιλίππων
1087 2837 1177 2895 διὰ
1200 2842 1449 2919 Στεφανᾶ
1495 2838 1587 2895 καὶ
1641 2846 1925 2916 Φουρτου·

274 2928 462 3000 νάτου,
493 2929 583 2984 καὶ
618 2928 892 3009 Ἀχαϊκοῦ
924 2928 1013 2984 καὶ
1045 2930 1341 3002 Τιμοθέου.

2037 2680 2212 2748 Finis,
2244 2679 2433 2734 divino
2462 2683 2681 2748 favente
2714 2678 2949 2803 ἒαζὶἔὶιῗ.
2976 2679 3188 2749 prioris
3246 2680 3322 2735 ad
3379 2679 3690 2738 Corinthios

2763 2765 2848 2803 ms
2877 2765 2907 2803 ο
2929 2764 3001 2803 .2.

2755 2764 3001 2819 .‘pzsrowe.

2035 2840 2211 2897 Missa
2241 2844 2332 2896 est
2360 2857 2394 2895 a
2423 2838 2712 2911 Philippis
2742 2853 2848 2909 per
2877 2837 3266 2910 Stephanum,
3299 2845 3358 2895 et
3393 2840 3685 2898 Fortuna-

2285 2934 2433 2998 tum,
2468 2935 2526 2984 et
2576 2925 2896 2983 Achaicum
2941 2944 3009 2983 ac
3040 2928 3435 2986 Timotheum.

281 3085 3685 3115 mm

1649 3246 2277 3345 ΥΠΟΘΕΣΙΣ

1134 3474 1280 3530 ΤΗΣ
1322 3472 1504 3531 ΠΡΟΣ
1535 3473 1956 3531 ΚΟΡΙΝΘΙΟΥΣ
1991 3472 2349 3529 ΔΕΥΤΕΡΔΣ
2399 3470 2834 3529 ΕΠΙΣΤΟΛΗΣ.

1549 3751 2411 3853 ABGUMENTUM

1172 3964 1631 4025 POSTERIORIS
1658 3964 1874 4022 PAULI
1921 3965 2016 4019 AD
2046 3959 2467 4022 COBINTHIOS
2496 3960 2870 4029 EPISTOLE.

360 4316 576 4386 Ταύτην
622 4312 931 4371 ἆπιστέλλει
986 4313 1094 4370 ἀπὸ
1152 4309 1514 4375 Μακεδονίας.
1572 4311 1634 4367 Ἠ
1690 4307 1745 4365 δὲ
1804 4310 1940 4384 πρό·
1969 4332 1983 4382 λ

2129 4309 2282 4367 588
2314 4309 2475 4364 Hanc
2496 4324 2531 4363 a
2552 4306 2894 4363 Macedonia
2915 4307 3116 4362 mittit.
3151 4307 3285 4363 Hmc
3307 4311 3506 4363 autem
3538 4320 3704 4362 occa-

293 4428 454 4486 φασις
486 4410 585 4472 τῆς
618 4403 952 4475 Ἐπιστολῆς
991 4401 1150 4473 αὕτη.
1193 4401 1482 4477 Δεξάμενοι
1514 4398 1794 4473 Κορίνθιοι
1842 4398 1943 4466 τὴν

290 4490 561 4571 προτέραν
595 4493 952 4566 Ἐπιστολὴν,
1010 4491 1377 4565 κατενύγησαν
1437 4488 1525 4544 ἐπὶ
1579 4492 1650 4563 τῇ
1707 4487 1947 4563 ἁμαρτίᾳ

290 4591 389 4642 τοῦ
421 4580 688 4648 λαϐόντος
713 4586 812 4654 τήν
859 4583 1153 4657 μητρυιὰν,
1185 4580 1277 4636 καὶ
1332 4577 1680 4651 ἒλυπήθησαν
1740 4573 1817 4647 δὲ,
1872 4576 1948 4641 ὡς

292 4671 613 4751 παριδόντες
700 4679 762 4730 τὸ
800 4677 1053 4729 τοιοῦτον
1109 4670 1427 4745 ἁμάρτημα.
1490 4668 1627 4725 Εἶτα
1692 4665 1945 4744 ὑφηρπά-

291 4771 446 4836 ζοντο
478 4764 624 4841 παρά
643 4786 808 4820 τινων
838 4763 927 4818 καὶ
957 4762 1053 4821 τὰς
1102 4761 1401 4838 προφάσεις
1458 4758 1565 4813 τῶν
1623 4757 1947 4837 σχισμέτων

290 4853 619 4919 ποιούντων,
679 4853 816 4908 ὥστε
863 4847 1324 4925 παρακαθέζεσθαι
1380 4852 1459 4921 τῷ
1511 4847 1796 4925 γράμματι
1847 4849 1945 4901 τοῦ

292 4942 485 5015 νόμου,
518 4941 606 4996 καὶ
659 4937 955 5017 ἀδιάφορον
1015 4941 1266 5015 ἡγεῖσθαι
1311 4938 1411 5006 τήν
1472 4935 1618 5011 παρὰ
1678 4938 1775 4989 τοῦ
1806 4940 1914 5006 Χρι

300 5036 427 5087 στοῦ
459 5032 648 5107 χάριν,
679 5030 768 5085 καὶ
805 5028 1018 5101 μᾶλλον
1066 5028 1357 5102 προσέχειν
1384 5031 1499 5088 τοῖς
1557 5025 1608 5079 ἐν
1666 5024 1946 5101 προσώπῳ

296 5122 704 5198 καυχωμένοις.
740 5122 909 5178 Ἦσαν
946 5116 1002 5174 δὲ
1031 5119 1122 5173 καὶ
1154 5117 1278 5190 περὶ
1315 5123 1416 5187 τῆς
1472 5114 1662 5192 λογίας
1718 5122 1817 5185 τῆς
1870 5114 1946 5177 εἷς

294 5212 421 5275 τοὺς
474 5211 658 5286 ἁγίους
729 5209 1100 5287 φροντίζοντες
1157 5206 1360 5271 καλῶς.
1427 5206 1569 5281 Πρὸς
1628 5208 1794 5261 ταῦτα
1852 5202 1946 5259 οὖν

296 5300 609 5378 ἀντιγράφει
642 5301 671 5355 ὁ
730 5296 1092 5362 Ἀπὸστολος.
1156 5298 1265 5354 Καὶ
1323 5302 1538 5373 πρῶτον
1592 5297 1688 5371 μὲν
1746 5292 1945 5349 ἀποδέ-

298 5409 458 5466 χεται
507 5391 635 5451 τοὺς
692 5383 1025 5450 ἐκϐαλόντας
1071 5388 1162 5443 τὸν
1227 5388 1704 5463 παρανομήσαντα,
1765 5379 1949 5439 ἔπειτα

292 5480 583 5551 ἀξιώσασιν
679 5479 867 5539 αὐτοῖς
946 5476 1300 5541 καθικετεύει.
1366 5475 1456 5531 καὶ
1544 5476 1950 5548 μετανοήσαντα

289 5567 498 5625 ἰκιῖνον
540 5566 753 5625 κελεύει
786 5562 1074 5646 δεχθῆναι.
1107 5564 1195 5621 Ἑν
1227 5563 1367 5640 αύτῇ
1423 5560 1481 5618 δὲ
1537 5559 1778 5617 διδάσκει
1822 5560 1945 5636 περὶ

287 5661 388 5718 τοῦ
417 5657 616 5733 νόμου,
651 5652 875 5732 διαιρῶν
904 5653 969 5710 τὸ
996 5652 1245 5730 γράμμα,
1284 5652 1374 5708 καὶ
1421 5649 1683 5708 δείκνυσιν
1744 5651 1829 5707 ὃτι
1886 5648 1948 5705 ού

615 5781 855 5841 Parnm
876 5822 891 5838 .
937 5775 1048 5837 Gn.
1096 5774 1354 5837 CXVIII.

2058 4398 2143 4454 sio
2172 4397 2596 4468 fuitiipistolm.
2622 4398 2763 4452 Cum
2790 4396 3051 4468 priorem
3101 4396 3423 4468 Epistolam
3447 4394 3706 4466 accepis-

2061 4494 2193 4543 sent
2220 4487 2532 4552 Corinthii,
2566 4486 2906 4559 compuncti
2935 4491 3074 4542 sunt
3103 4485 3177 4542 ob
3209 4486 3373 4542 illius
3396 4490 3708 4558 peccatum

2059 4578 2159 4650 qui
2186 4593 2495 4633 novercam
2530 4581 2835 4649 acceperat
2860 4593 2872 4630 :
2898 4576 3212 4648 mmstique
3242 4576 3483 4631 fuerunt
3510 4580 3575 4629 ut
3605 4571 3708 4645 qui

2057 4666 2398 4739 hujusmodi
2419 4671 2725 4740 peccatum
2742 4663 3474 4722 dissimulassent.Deinde
3495 4681 3529 4720 a
3557 4679 3711 4719 non-

2058 4759 2241 4815 nullis
2269 4756 2746 4828 surripiebantur
2776 4754 2876 4827 qui
2904 4756 3081 4811 etiam
3115 4754 3268 4811 datis
3322 4753 3707 4821 dissidiorum

2059 4846 2472 4904 occasionibus
2504 4845 2563 4900 id
2595 4844 2849 4917 agebant
2878 4850 2944 4898 ut
2974 4843 3120 4913 legis
3178 4842 3390 4898 littera:
3440 4842 3708 4899 adha-re-

2057 4943 2211 5003 rent,
2246 4942 2304 4990 et
2334 4933 2694 5006 superﬂuam
2727 4932 3013 4988 ducerent
3041 4932 3238 4988 datam
3263 4948 3298 4988 a
3325 4932 3555 4988 Christo
3576 4948 3709 5006 gra-

2060 5025 2200 5079 tiam
2229 5040 2241 5077 :
2266 5022 2476 5092 hisque
2509 5021 2694 5093 magis
2726 5019 3108 5075 intenderent
3157 5019 3259 5091 qui
3316 5019 3379 5075 in
3435 5037 3706 5093 persona

2059 5114 2338 5189 gravitate
2360 5110 2790 5184 gloriabantur.
2833 5110 2987 5165 Bene
3020 5112 3198 5165 etiam
3257 5108 3329 5166 de
3360 5110 3706 5166 collectione

2060 5204 2122 5258 in
2153 5208 2387 5259 sanctos
2416 5216 2618 5255 curam
2650 5198 3071 5254 habebant.Ad
3106 5200 3230 5255 haec
3262 5200 3459 5272 itaque
3491 5199 3708 5256 rescri-

2060 5293 2147 5347 bit
2178 5290 2508 5363 Apostolus.
2538 5291 2608 5344 Et
2656 5288 2916 5360 primum
2950 5288 3191 5360 quidem
3226 5289 3383 5360 ipsos
3415 5305 3713 5345 commen-

2062 5381 2149 5437 dal
2190 5377 2348 5451 quod
2382 5384 2879 5450 transgressorem
2906 5377 3247 5447 ejecisscnt.
3286 5377 3505 5432 Ueinde
3552 5376 3713 5449 ipsos

2060 5471 2143 5526 ita
2171 5473 2487 5525 censentes
2516 5472 2663 5525 orat.
2699 5483 2766 5523 ac
2800 5467 3254 5540 resipiscentem
3303 5465 3477 5540 jubet
3505 5465 3713 5538 recipi.

2058 5560 2126 5615 In
2158 5558 2366 5615 eadem
2399 5562 2600 5615 autem
2635 5555 2811 5613 docet
2837 5556 2909 5612 de
2940 5556 3363 5632 lege,litteram
3384 5554 3715 5622 elevans,ac

2062 5648 2458 5706 ostenditnon
2481 5652 2756 5720 oportere
2785 5650 3021 5704 tantum
3050 5646 3199 5720 legis
3216 5643 3713 5715 sumerelitterae,

3390 5763 3471 5826 20
