4158 6194
539 355 652 413 9θῖ

1617 341 2044 404 ωΟυΜΕΝΙῙ
2091 337 2395 400 ’1⁸1110οΕ
2441 339 2821 402 EPISCOPI.

3827 343 3952 412 908

544 487 646 544 sed
673 499 910 540 sensum
939 481 1040 550 qui
1074 485 1164 536 est
1191 481 1253 534 in
1277 479 1476 535 littera
1507 479 1776 534 scrutari.
1797 479 1994 548 Neque
2019 475 2169 532 enim

2294 468 2376 526 δεῖ
2407 467 2709 546 λαμϐάνειν
2737 475 2804 529 τὰ
2850 473 3144 548 γράμματα
3207 477 3371 546 μόνον
3427 481 3524 532 τοῦ
3573 479 3770 551 νόμου,
3803 481 3952 538 ἀλλὰ

540 576 632 630 lex
657 573 848 628 solum
879 571 1122 627 verbum
1147 575 1255 638 est,
1299 569 1402 626 sed
1435 569 1493 624 in
1523 569 1718 624 verbis
1749 573 1838 623 est
1859 575 1918 622 et
1946 565 2182 620 intelle-

537 669 664 718 ctus
697 663 960 734 spiritus.
997 661 1220 715 Deinde
1254 659 1412 731 quod
1445 660 1718 714 veniente
1775 657 2004 713 Christo
2038 672 2185 710 nova

537 752 612 806 sit
645 752 796 806 facta
823 759 1094 806 creatura
1129 768 1142 804 :
1173 767 1280 806 nec
1338 755 1572 821 oportet
1609 750 1781 821 juxta
1835 753 2184 800 vetustatem

535 843 858 900 vivere.sed
891 843 950 896 in
984 841 1258 896 omnibus
1319 847 1603 910 tanquam
1659 839 1810 894 589
1870 839 1930 891 in
1969 852 2184 890 n0vam

537 933 804 987 renovari
839 939 1166 987 creaturam
1199 947 1300 984 :ac
1333 929 1613 1000 deinceps
1645 929 1894 982 otiosam
1917 943 2046 981 esse
2069 926 2186 980 cir—

533 1023 982 1077 cumcisionem.
1009 1020 1397 1074 Commendat
1425 1018 1602 1073 etiam
1635 1018 1796 1088 ipsos
1827 1017 1898 1072 de
1917 1015 2186 1070 ministe-

533 1111 720 1178 rio,ac
750 1112 1098 1166 exhortatur
1129 1117 1192 1163 ut
1221 1108 1368 1162 illud
1401 1109 1586 1178 magis
1643 1105 1877 1162 abunde
1927 1105 2046 1158 fiat.
2079 1107 2185 1158 Ac-

533 1217 750 1255 cusans
785 1207 980 1255 autem
1017 1215 1119 1254 eos
1150 1199 1250 1268 qui
1285 1199 1346 1252 in
1371 1213 1638 1268 personw
1667 1195 1950 1268 gravitate
1973 1192 2185 1264 gloria-

531 1289 768 1356 bantur,
804 1295 1016 1345 cuncta
1057 1293 1328 1343 recenset
1381 1303 1510 1357 quae
1569 1289 1811 1356 propter
1867 1282 2182 1336 Dominum

493 1395 742 1450 'passus
773 1380 984 1444 fuerat,
1044 1395 1110 1432 ac
1167 1377 1426 1432 visiones
1473 1381 1678 1430 narrat
1733 1390 1880 1444 quas
1937 1371 2182 1437 viderat,

533 1474 658 1523 tum
691 1469 752 1522 in
783 1468 1124 1540 paradisum
1159 1472 1281 1520 tum
1315 1465 1374 1520 in
1425 1465 1664 1519 tertium
1695 1469 1900 1534 raptus
1945 1461 2179 1517 emlum.

531 1559 782 1612 Demum
813 1557 914 1612 ubi
945 1555 1228 1627 pra-cepit
1270 1571 1344 1608 ne
1385 1559 1650 1624 peccent,
1679 1552 1783 1608 sed
1842 1558 2182 1624 peccatores

531 1647 728 1718 potius
751 1646 1128 1716 resipiscant,
1161 1645 1222 1698 in
1254 1645 1580 1714 gratiarum
1611 1643 1846 1698 actione
1877 1639 2182 1696 concludit

531 1735 874 1807 Epistolam.
909 1737 1086 1789 Totus
1113 1735 1312 1805 itaque
1351 1750 1544 1788 sermo
1577 1731 1854 1804 Epistolas
1887 1731 1956 1785 de
1985 1730 2179 1800 seipso

2291 561 2342 617 ἐν
2372 563 2521 636 αὖτῷ
2544 569 2624 637 τῷ
2662 566 2946 639 γράμματι
2993 567 3094 634 τήν
3148 562 3385 621 διάνοιαν
3435 568 3668 643 ἐρευνᾷν.
3711 571 3812 638 (Οὐ
3845 575 3948 648 γὰρ

2295 652 2461 724 μόνον
2491 653 2644 727 ῥῆμά
2677 654 2817 710 ἐστιν
2852 655 2878 708 ὁ
2908 657 3104 728 νόμος.
3139 653 3265 710 ἀλλ’
3323 653 3375 710 ἐν
3421 663 3538 720 τοῖς
3597 658 3792 734 ῥητοῖς
3835 662 3948 717 ἐστι

2291 741 2597 803 καὶὸνοῦς
2657 748 2754 798 τοῦ
2819 745 3173 818 πνεύματος.)
3231 745 3458 801 Ἔπειτα
3517 747 3598 802 ὅτι
3657 755 3752 803 τοῦ
3811 755 3952 826 Χρι-

2291 834 2419 884 στοῦ
2451 829 2704 892 ἐλθόντος
2735 835 2890 904 καινὴ
2933 834 3109 895 κτίσις
3169 832 3382 910 γέγονε,
3439 837 3528 890 καὶ
3570 837 3632 891 οὗ
3689 836 3770 892 δεῖ
3801 843 3944 897 κατὰ

2288 921 2351 975 τὸ
2383 919 2616 976 παλαιὸν
2649 927 2765 994 ζῇν,
2797 922 2928 978 ἀλλ’
2959 924 3033 984 ὡς
3093 922 3143 977 ἐν
3203 927 3364 998 καινῇ
3421 927 3614 996 κτίσει,
3669 927 3722 982 ἐν
3781 937 3946 988 πᾶσιν

2289 1011 2658 1096 ἀνανεοῦσθαι,
2691 1015 2974 1092 καὶάργὴν
3020 1016 3158 1072 εῗναι
3216 1015 3412 1072 λοιπὸν
3467 1021 3560 1074 τὸν
3615 1025 3944 1096 περιτομήν.

2293 1089 2649 1177 Ἀποόἑχεται
2681 1102 2740 1158 δὲ
2778 1105 2974 1168 αὐτοὺς
3026 1105 3116 1159 καί
3167 1107 3292 1180 περὶ
3339 1113 3438 1174 τῆς
3497 1105 3790 1170 διακονίας.
3851 1111 3944 1167 καὶ

2289 1193 2648 1266 προτρέπεται
2684 1191 2899 1264 μᾶλλον
2959 1194 3128 1266 αὐτὴν
3189 1193 3530 1267 πλεονάζειν.
3598 1199 3944 1272 Δίτιώμενος

2291 1277 2346 1335 δὲ
2389 1283 2514 1344 τοὺς
2561 1281 2612 1337 ἐν
2671 1285 2952 1359 προσώπῳ
3009 1287 3424 1363 καυχωμένους,
3483 1289 3764 1362 καταλέγει
3805 1292 3946 1346 πάν-

2289 1391 2353 1425 τα
2383 1373 2516 1448 ἅπερ
2543 1375 2776 1429 πέπονθε
2797 1371 2886 1429 διὰ
2943 1377 3034 1430 τὸν
3093 1376 3316 1452 K-szov.
3375 1377 3470 1432 Καὶ
3529 1379 3624 1442 τὰς
3675 1380 3938 1444 ὀπτασίας

2291 1457 2562 1536 διηγεῖται
2593 1463 2762 1538 ἇσπερ
2794 1465 3052 1538 ἑώρακεν,
3085 1463 3162 1527 εῗ’ς
3203 1487 3260 1522 τε
3315 1467 3406 1521 τὸν
3467 1467 3790 1542 παράδεισον
3849 1471 3938 1525 καὶ

2289 1551 2362 1611 είς
2399 1552 2490 1606 τὸν
2517 1552 2701 1628 τρίτον
2751 1553 2978 1626 οὐρανὸν
3029 1555 3312 1631 ἀρπαγείς.
3370 1557 3504 1612 Εἶτα
3563 1561 3944 1634 παραγγείλας

2292 1641 2367 1712 μή
2401 1640 2746 1714 ἁμαρτάνειν,
2779 1640 2926 1696 ἀλλὰ
2985 1649 3262 1716 μετανοεῖν
3311 1646 3438 1708 τοὺς
3495 1647 3931 1720 ἁμαρτάνοντας,

2287 1727 2340 1783 ἐν
2373 1730 2690 1805 εὐχαριστίᾳ
2713 1753 2770 1786 τε
2804 1737 2940 1801 ζειοῖ
2967 1736 3066 1802 τήν
3099 1733 3417 1804 ἐπιστολήν.
3473 1737 3532 1792 Ἱ)
3588 1741 3690 1798 πᾶς
3743 1741 3936 1792 τοίνυν

531 1831 622 1880 est
651 1831 708 1878 et
738 1824 808 1878 de
840 1823 1162 1878 Corinthiis
1191 1829 1249 1878 et
1281 1822 1352 1877 de
1385 1821 1945 1894 pseudapostolis,et
1977 1835 2046 1874 ex
2068 1819 2169 1873 hoc

2291 1817 2452 1893 λόγος
2483 1817 2625 1875 ἐστὶν
2658 1820 2709 1874 ἐν
2740 1825 2808 1894 τῇ
2841 1821 3164 1897 Ἐπιστολῇ,
3189 1823 3314 1898 περί
3337 1846 3396 1880 τε
3443 1826 3660 1890 ἑαυτοῦ,
3687 1827 3778 1882 καί
3813 1827 3944 1901 περὶ

531 1921 878 1986 argumento
911 1913 1180 1986 procedit
1212 1921 1268 1967 et
1299 1913 1372 1968 ad
1401 1929 1472 1968 ea
1503 1930 1632 1984 quae
1665 1911 1876 1966 divinae
1902 1916 2179 1981 suntgra-

529 2006 648 2074 tite,
685 2011 742 2060 et
771 2005 842 2060 de
873 2005 1028 2060 bona
1057 2005 1506 2059 conversatione
1563 2003 1720 2058 circa
1767 2003 1984 2057 bonam
2038 2017 2178 2055 con-

532 2095 840 2150 scientiam
873 2111 940 2150 ac
960 2101 1260 2150 certamen
1276 2099 1802 2164 contemptumque
1817 2091 2176 2158 divitiarum,

529 2191 587 2240 et
617 2185 688 2240 de
721 2184 1114 2256 eleemosynw
1146 2185 1358 2241 virtute
1393 2190 1450 2238 et
1479 2184 1551 2239 de
1583 2180 2176 2256 pseudapostolorum

515 2273 808 2344 jactantia
825 2291 894 2330 ac
922 2273 1226 2346 pravitate.

1103 2506 1572 2564 THEODORETI.

585 2625 836 2698 Dignum
862 2629 950 2680 est
979 2631 1396 2698 utqumramus
1427 2641 1604 2696 quam
1636 2625 1710 2680 ob
1739 2639 1978 2680 causam
1992 2623 2172 2680 addat

509 2717 836 2773 secundam
868 2717 1212 2788 Epistolam.
1247 2717 1395 2782 Quia
1450 2733 1583 2772 cum
1641 2717 1700 2770 in
1732 2716 1928 2788 priore
1961 2709 2172 2770 fuisset

507 2808 812 2880 pollicitus
841 2823 902 2862 se
937 2807 1010 2861 ad
1043 2807 1206 2878 ipsos
1239 2805 1781 2878 prolecturum,nec
1805 2805 2166 2876 fuissetpro-

507 2899 695 2954 fectus
741 2899 962 2970 Spiritu
995 2899 1190 2969 ipsum
1225 2899 1288 2952 in
1323 2898 1456 2954 aliis
1485 2903 1835 2968 occupante,
1863 2903 1920 2951 et
1949 2895 2166 2966 quiain

515 2989 840 3044 afﬂictione
873 2989 1163 3044 inciderat
1181 3006 1193 3042 :
1211 3007 1315 3060 per
1337 2989 1492 3044 hanc
1507 2989 1829 3044 secundam
1843 2987 2168 3058 Epistolam

486 3095 670 3134 'nunc
690 3095 750 3133 se
783 3085 995 3150 purgat
1013 3080 1173 3150 quod
1194 3095 1316 3134 non
1341 3079 1654 3146 venerit,et
1673 3083 1738 3133 ut
1761 3077 1960 3132 venire
1993 3078 2170 3132 etiam

515 3185 624 3240 per
655 3169 980 3240 Epistolam
1013 3169 1613 3224 videatur.Praaterea
1629 3185 1863 3239 quoque
1891 3185 1958 3223 ex
1973 3168 2166 3239 priore

513 3257 778 3329 Epistola
798 3258 1076 3312 meliores
1109 3259 1302 3313 elTecti
1339 3265 1546 3313 erant:
1581 3274 1818 3328 aequum
1834 3273 1969 3327 ergo
1986 3256 2172 3312 fuitut

512 3345 837 3400 secundam
873 3347 1140 3416 accipere
1164 3355 1694 3416 mererentur,quo
1724 3346 1911 3419 magis
1951 3345 2026 3402 ad
2057 3346 2165 3400 vir-

511 3439 700 3490 tutem
735 3435 1116 3506 proﬁcerent.

512 3567 669 3624 590
725 3565 1068 3622 SECUNDA‘I
1133 3567 1229 3620 AD
1312 3566 1732 3624 COR'NTHIOS
1801 3570 2166 3626 EI’ISTOLE

1199 3655 1486 3711 CAPITA.

513 3801 562 3854 1.
597 3798 914 3854 Gratiarum
967 3795 1112 3849 actio
1141 3795 1206 3850 de
1236 3795 1425 3850 dii-inc
1461 3796 1672 3851 auxilio
1703 3798 1762 3850 in
1819 3811 1928 3868 quo
1979 3801 2062 3854 ait
2111 3815 2166 3856 se

579 3888 750 3954 fuisse
780 3887 1058 3948 conlisum.

515 3976 566 4027 2.
603 3975 673 4026 De
695 3973 986 4028 dilectione
1017 3989 1184 4044 quam
1234 3991 1364 4044 erga
1422 3977 1566 4044 ipsos
1623 3975 1855 4030 habebat
1889 3993 1902 4032 :
1936 3985 1988 4033 et
2018 3977 2163 4049 quod

575 4065 888 4132 pepercerit
939 4080 1004 4118 ne
1061 4079 1147 4118 eos
1205 4067 1572 4132 contristaret,
1623 4081 1956 4136 quamquam
2025 4085 2159 4124 ma:-

585 4167 710 4207 rore
739 4151 1007 4222 afﬁciens,
1041 4154 1343 4208 utilitatem
1401 4155 1678 4223 aﬂ'erret:
1729 4155 1905 4210 veluti
1957 4157 2016 4210 in
2099 4174 2160 4212 eo

584 4242 680 4311 qui
741 4241 807 4295 ob
864 4247 1116 4310 stuprum
1173 4242 1500 4312 objurgatus
1580 4245 1785 4311 fuerat,
1832 4243 1923 4298 cui
1993 4247 2159 4300 etiam

578 4331 832 4398 ignoscit.

505 4421 556 4476 3.
593 4422 665 4477 De
705 4422 950 4477 utilitate
999 4437 1106 4492 per
1149 4423 1324 4491 ipsum
1379 4425 1632 4491 prestita
1683 4423 1768 4480 his
1817 4427 1916 4496 qui
1971 4427 2158 4482 idonei

573 4519 764 4579 essent,
796 4529 896 4582 per
918 4529 1086 4582 quam
1114 4518 1280 4566 etiam
1314 4513 1686 4568 commendari
1701 4531 1755 4569 se
1782 4516 1939 4570 dicit.

2291 1909 2609 1982 Κορινθίων,
2640 1912 2870 1965 καὶτῶν
2915 1909 3397 1986 ψευδαποστὸλων.
3459 1916 3561 1972 Καὶ
3621 1915 3678 1970 ἐκ
3735 1915 3944 1986 ταύτης

2287 2003 2386 2065 τῆς
2423 1997 2726 2060 ὑποθὲσεως
2751 1999 2994 2074 πρόεισιν
3020 1997 3098 2060 εῗς
3149 2022 3202 2056 τε
3259 2002 3326 2056 τὰ
3377 2008 3478 2072 τῆς
3517 2003 3746 2078 χάριτος
3779 2010 3942 2074 Θεοῧ,

2287 2083 2378 2138 καὶ
2409 2083 2530 2158 περὶ
2558 2084 2766 2160 ἀγαθῆς
2797 2087 3103 2156 πολιτείας,
3134 2091 3269 2142 κατὰ
3317 2089 3379 2144 τὸ
3439 2088 3816 2160 εὖσυνείόητον
3849 2091 3942 2146 καὶ

2287 2173 2350 2228 τὸ
2377 2173 2684 2248 ἐναγώνιον,
2717 2176 2808 2230 καὶ
2862 2175 2924 2230 τὸ
2983 2176 3468 2256 ἀφιλοχρήματον,
3511 2179 3602 2234 καὶ
3661 2180 3786 2254 περέ
3846 2187 3944 2248 τῆς

2289 2259 2648 2336 μεταδοτικῆς
2677 2263 2896 2338 ἀρετῆς,
2928 2266 3016 2320 καί
3045 2266 3172 2342 περὶ
3202 2274 3302 2336 τῆς
3333 2273 3440 2322 τῶν
3473 2267 3938 2342 ψευδαποστόλων

2283 2349 2598 2421 ἀλαζονείας
2636 2353 2725 2408 καὶ
2760 2354 3042 2426 πονηρίας.

2885 2497 3325 2555 ΘΕΟΔΩΡΙΤΟΥ.

2347 2612 2406 2666 Τί
2440 2607 2644 2682 δήποτε
2665 2609 2912 2690 δευτέραν
2967 2613 3178 2684 τίθησιν
3239 2614 3590 2686 Ἐπιστολὴν,
3654 2619 3934 2686 ζητεῖσθαι

2276 2697 2446 2769 ἄξιον.
2505 2703 2625 2755 ’Ότι
2707 2699 2761 2756 ἐν
2817 2705 2886 2777 τῇ
2944 2704 3135 2780 πρώτῃ
3192 2701 3446 2768 ἀπελθεῖν
3533 2705 3669 2778 πρὸς
3719 2706 3926 2770 αὐτοὺς

2275 2787 2762 2865 ἐπαγγειλάμενος,
2823 2793 2912 2848 καὶ
2975 2817 3050 2868 μη
3115 2791 3390 2862 ἀπελθὼν,
3449 2799 3544 2849 τοῦ
3617 2796 3934 2862 live-Spuri;

2277 2879 2351 2942 ε’ς
2379 2876 2536 2955 ἕτερα
2591 2881 2752 2936 αὐτὸν
2807 2881 3280 2959 ἀπασχολοῦντος,
3343 2883 3432 2937 καὶ
3475 2881 3562 2938 δια
3617 2883 3678 2938 τὸ
3735 2907 3930 2957 πειρα-

2277 2975 2437 3042 σμοῖς
2470 2967 2742 3044 ἐμπεσεῖν,
2775 2968 2864 3026 διὰ
2894 2975 2992 3041 τῆς
3022 2977 3115 3028 νῦν
3161 2970 3410 3048 δευτέρας
3439 2973 3500 3026 τὸ
3559 2974 3632 3044 μή
3667 2971 3932 3036 ἀπελθεῖν

2277 3056 2652 3131 ἀπολογεῖται,
2685 3061 2774 3116 καὶ
2803 3059 2894 3116 *ἱνα
2923 3061 3015 3116 καὶ
3045 3059 3304 3126 ἀπελθεῖν
3363 3058 3450 3116 διὰ
3509 3065 3606 3132 τῆς
3665 3065 3932 3120 Ἐπιστο-

2279 3149 2382 3219 λῆς
2418 3147 2569 3226 δόξῃ.
2605 3153 2832 3209 Ἔπειτα
2883 3155 2970 3209 καὶ
3015 3153 3149 3223 ἦσαν
3209 3151 3460 3228 βελτίους
3515 3153 3575 3208 ἐκ
3623 3162 3720 3222 τῆς
3779 3157 3940 3232 πρώ-

2283 3261 2350 3309 τη
2385 3241 2716 3312 Ἐπιστολῆς
2749 3245 3056 3320 γενόμενοι.
3101 3242 3346 3320 Εὕλογον
3405 3243 3500 3298 οὖν
3569 3244 3634 3312 ἦν
3679 3241 3938 3316 δευτέρας

2279 3328 2478 3392 αὐτοὺς
2562 3331 2874 3404 ἀξιωθῆναι,
2946 3331 3034 3386 ἵνα
3132 3331 3322 3386 πλεῖον
3413 3328 3720 3387 ἐπιδώσωσι
3798 3336 3942 3408 πρὸς

2275 3417 2496 3492 ἀρετήν.

2277 3582 2632 3638 ΚΕΦΛΛΑΙΑ
2661 3581 2802 3637 ΤΗΣ
2847 3581 3026 3638 ΠΡΟΣ
3088 3583 3504 3641 ΚΟΡΙΝΘΙΟΥΣ
3564 3585 3932 3641 ΔΕΥΤΕΡΑΣ

2883 3671 3314 3728 ΕΠΙΣΤΟΛΗΣ.

2271 3799 2338 3856 α’.
2373 3796 2710 3873 Εὐχαριστία
2740 3795 2863 3872 περὶ
2905 3800 3039 3852 Θεοῦ
3087 3797 3368 3868 βοηθείας,
3427 3797 3478 3853 ἐν
3525 3797 3562 3872 ᾖ
3611 3799 3914 3854 πεποιθένα

2342 3909 2526 3967 φησιν.

2275 3977 2341 4051 β’.
2413 3977 2540 4050 Περὶ
2599 3974 2816 4052 ἀγάπης
2901 3983 3003 4046 τῆς
3078 3977 3216 4052 πρὸς
3275 3977 3493 4046 αὐτοὺς,
3553 3979 3644 4033 καὶ
3699 3977 3928 4057 φειδοῦς

2339 4067 2414 4128 είς
2463 4067 2526 4120 τὸ
2583 4067 2660 4138 μὴ
2733 4065 2945 4136 λυπεῖν,
3003 4065 3048 4120 εί
3128 4067 3218 4122 καὶ
3289 4065 3480 4123 λυπῶν
3547 4067 3772 4147 ὠφελεῖ,
3853 4071 3932 4130 ὡς

2339 4155 2424 4212 ἐπὶ
2503 4159 2600 4211 τοῦ
2685 4153 2774 4210 διὰ
2847 4155 3098 4230 πορνείαν
3173 4153 3616 4229 ἐπιτιμηθέντος,
3702 4157 3748 4230 ᾦ
3833 4159 3928 4214 καί

2339 4250 2638 4322 συγχωρεῖ.

3849 4419 3874 4437 ⁵

2261 4421 2325 4494 γ’.
2362 4420 2490 4496 Περὶ
2519 4426 2621 4489 τῆς
2651 4417 2724 4474 δι’
2753 4421 2920 4475 αὐτοῦ
2951 4417 3218 4500 ὠφελείας
3287 4423 3403 4481 τοῖς
3461 4417 3814 4492 ἐπιτηδείοις,
3845 4419 3920 4476 δι’

2333 4512 2400 4578 ἧς
2433 4509 2523 4564 καὶ
2557 4508 2900 4564 συνίστασθαί
2931 4529 3116 4582 φησιν.

499 4601 553 4656 4.
590 4603 660 4656 De
681 4603 988 4656 ministerio
1021 4601 1316 4655 secundum
1349 4603 1608 4670 spiritum
1639 4609 1690 4656 et
1745 4603 1929 4672 gloria
1975 4607 2157 4679 magis

2286 4601 2328 4656 i'.
2385 4599 2514 4673 Περὶ
2572 4605 2672 4666 τῆς
2724 4598 2860 4654 κατᾶ
2917 4601 3128 4669 πνεῦμα
3189 4595 3530 4674 λειτουργίας
3607 4599 3698 4652 καὶ
3759 4596 3928 4670 δόξης

572 4689 773 4746 divina
812 4707 979 4761 quam
1009 4707 1070 4744 ea
1101 4705 1222 4759 qua
1252 4690 1552 4744 secundum
1585 4690 1754 4760 legem
1777 4699 1918 4746 erat.

501 4779 553 4832 5.
589 4781 660 4832 De
690 4781 879 4834 divina
911 4779 1094 4848 gloria
1123 4787 1174 4834 et
1204 4781 1557 4850 consequenti
1583 4783 1718 4850 vita,
1751 4783 1904 4852 quod
1959 4799 1992 4836 a
2019 4799 2150 4839 san—

574 4870 674 4920 ctis
697 4876 1082 4938 (agnoscatur.

503 4957 554 5009 6.
599 4957 672 5009 De
697 4959 1012 5024 inﬁrmitate
1033 4960 1207 5028 juxta
1237 4975 1432 5029 corpus
1463 4966 1512 5014 et
1533 4960 1781 5031 corporis
1811 4961 2150 5032 depositione

491 5045 770 5116 plenaque
799 5051 1209 5118 ressumptione.

499 5139 550 5190 7.
589 5137 659 5189 De
691 5137 854 5190 Pauli
876 5155 1008 5206 erga
1029 5141 1190 5194 Deum
1218 5157 1399 5196 amore
1457 5159 1519 5196 ac
1561 5144 1818 5210 fraterna
1849 5143 2146 5198 secundum

567 5227 734 5280 Deum
765 5227 1075 5282 dilectione.

495 5319 548 5372 8.
579 5317 657 5370 De
712 5317 1178 5372 commendatione
1234 5321 1552 5377 obedientiae
1613 5323 2020 5378 Corinthiorum
2091 5333 2146 5382 et

567 5405 857 5462 dilectione
877 5408 1110 5462 Paulum
1144 5409 1512 5466 exhilarante.

493 5496 902 5552 9.E.z:hortatio
950 5499 1024 5553 ad
1080 5500 1388 5556 uberiorem
1433 5501 1806 5570 pecuniarum
1862 5505 2144 5562 contribu-

559 5587 762 5644 tionem
793 5589 852 5643 in
877 5595 1114 5660 sanctos,
1137 5595 1190 5642 et
1219 5589 1286 5644 de
1345 5602 1534 5644 eorum
1563 5589 1767 5648 honore
1805 5593 1906 5663 qui
1941 5595 2016 5650 ad
2043 5595 2142 5651 hoc

553 5680 1048 5756 proﬁciscerentur.

2335 4687 2604 4762 θειοτέρας
2637 4691 2734 4755 τῆς
2766 4687 2900 4742 κατὰ
2929 4687 3020 4740 τὸν
3053 4685 3245 4759 νόμον,

2265 4780 2320 4836 ε’.
2351 4779 2476 4850 Περὶ
2511 4777 2654 4838 θείας
2687 4774 2848 4848 δόξης
2875 4777 2965 4832 καὶ
2995 4780 3091 4830 τοῦ
3123 4773 3430 4832 ἀκολούθου
3465 4777 3610 4852 βίου,
3661 4779 3740 4833 ὅτι
3803 4785 3924 4842 τοῖς

2335 4869 2511 4942 ἁγίοις
2543 4867 2883 4940 γιινώσκεται.

2261 4960 2326 5023 ς’,
2364 4958 2488 5030 Περὶ
2519 4965 2619 5026 τῆς
2645 4957 2779 5011 κατᾶ
2815 4961 2974 5030 σῶμα
2999 4955 3266 5020 ἀσθενείας
3297 4955 3385 5010 καί
3409 4959 3625 5022 τῆςτοῦ
3656 4959 3916 5031 σώματος

2332 5047 2661 5110 ἀποθέσειυς,
2693 5045 2781 5100 καὶ
2815 5045 3273 5118 παναναλτζψεως.

2261 5145 2318 5208 ζ’.
2357 5137 2481 5208 Περὶ
2511 5143 2610 5204 τῆς
2639 5135 2808 5190 αὐτοῦ
2839 5131 3235 5213 φιλοθεότητος
3289 5133 3380 5188 καὶ
3417 5131 3786 5216 φιλαδελφίας
3819 5143 3924 5204 τῆς

2327 5228 2461 5282 κατὰ
2493 5227 2724 5296 Χριστόν
2737 5270 2747 5282 .

2257 5325 2324 5392 η’.
2361 5317 2488 5390 Περὶ
2518 5311 2806 5393 ἀποδοχῆς
2836 5317 2934 5378 τῆς
2969 5315 3272 5388 Κορινθίων
3309 5313 3916 5390 ὑπακοῆς,καὶάγάπης

2323 5406 2717 5482 εὐφραινοῦσης
2755 5402 2934 5457 αὐτόν.

2255 5501 2316 5558 θ’.
2403 5497 2696 5573 Ηροτροπή
2799 5493 2938 5570 πρὸς

2325 5585 2529 5664 ἁγίοις,
2599 5580 2692 5636 καὶ
2791 5579 2958 5654 τιμήν

2249 5699 2376 5734 νων.

3035 5489 3274 5549 ἐπίδοσιν

3062 5599 3172 5634 των

3379 5494 3490 5570 χρη
3503 5495 3686 5569 μάτων
3789 5499 3914 5558 τοῖς

3273 5575 3364 5634 διὰ
3435 5583 3597 5636 τοῦτο
3673 5577 3916 5656 ἑρχομὲ·
