4158 6194
280 351 397 411 909

1244 355 1663 419 COMMENT.
1713 358 1788 419 IN
1833 356 2077 420 EPIST.
2112 359 2164 419 Il
2210 359 2313 420 AD
2345 359 2714 422 COtllN’l‘H.

3576 362 3695 426 910

306 481 337 537 ⁸.
381 484 644 557 Διήγησις
677 488 786 538 τῶν
820 482 975 540 ὶὸίων
1013 487 1194 541 πόνων
1227 488 1319 542 καὶ
1348 487 1651 563 προθέσεως
1707 489 1798 545 καὶ
1837 496 1923 558 τῆς

2055 495 2138 546 10.
2181 494 2545 562 Propriorum
2591 495 2845 547 narratio
2901 493 3151 548 laborum
3206 500 3257 548 et
3306 497 3585 565 propositi
3629 513 3694 553 ac

353 567 435 626 ἐπ’
485 571 634 643 οὐτῷ
697 572 922 647 χάριτος
952 574 1087 646 πρὸς
1145 577 1208 631 τὸ
1269 578 1345 649 μὴ
1402 584 1521 640 τοὶς
1580 574 1936 640 ἐπιπλάστοις

347 663 734 737 προστίθεσθαι
771 664 1101 738 Κορινθίοις.

2118 582 2317 652 gratiae
2347 599 2467 652 qua:
2497 585 2558 637 in
2587 585 2705 654 ipso
2765 591 2947 653 erant,
2977 600 3047 639 ne
3103 586 3463 641 assentiretur
3488 589 3694 656 fucatis

2116 672 2431 728 Corinthiis.

365 825 3670 853 ________________________________________________________

1046 981 1756 1115 ΠΑΥΛΟΥ
1865 984 2955 1120 ΑΠΟΣΤΟΛΟΥ

611 1247 691 1340 Η
764 1244 1090 1342 ΠΡΟΣ
1179 1244 1950 1344 ΚΟΡΙΝΘΙΟΥΣ
2025 1247 2668 1347 ΕΠΙΣΤΟΛΗ
2750 1251 3360 1351 ΔΕΥΤΕΡΑ.

992 1653 1198 1721 ⁵⁹¹
1250 1670 1885 1824 PAULI
2004 1676 3012 1832 APOSTOLI

419 1923 605 2017 AD
679 1922 1658 2019 CORINTHIOS
1741 1927 2646 2029 POSTERIOR
2715 1936 3546 2035 EPISTULA.

886 2326 1156 2381 ΚΕΦΑΛ.
1203 2326 1288 2382 Α⁵.

254 2432 600 2509 Εὐχαριστία
663 2431 789 2508 περὶ
865 2435 1000 2488 Θεοῦ
1058 2431 1339 2506 βοηθείας,
1394 2431 1448 2488 ἒν
1509 2433 1547 2504 ᾗ
1600 2434 1918 2490 πεποιθέναι

1006 2525 1120 2583 φησ
1143 2526 1193 2562 ν.

337 2620 553 2684 Παῦλος
607 2621 914 2683 ἀπόστολος
975 2624 1158 2693 Ἰησοῦ
1220 2624 1459 2697 Χριστοῦ
1525 2620 1614 2678 διὰ
1668 2621 1918 2696 θελήμα-

258 2732 357 2774 τος
414 2717 569 2782 Θεοῦ,
632 2711 721 2767 καὶ
779 2712 1049 2784 Τιμόθεος
1103 2712 1130 2766 6
1189 2708 1443 2788 ἁδελφὸς,
1517 2710 1921 2786 τῇΈκκλησίᾳ

262 2805 363 2856 τοῦ
415 2806 550 2856 Θεοῦ
608 2805 676 2874 τῇ
732 2799 870 2876 οὔσῃ
934 2800 985 2855 ἐν
1068 2802 1341 2876 Κορίνθῳ,
1402 2799 1495 2855 σὺν
1573 2807 1690 2862 τοῖς
1739 2802 1921 2878 ἁγίοις

263 2896 395 2945 πᾶσι
448 2897 566 2953 τοῖς
616 2890 764 2945 οὖσιν
825 2890 877 2945 ἐν
952 2889 1055 2964 ὅλῃ
1113 2894 1181 2964 τῇ
1265 2891 1489 2968 Ἀχαλιᾳ,
1549 2889 1713 2968 χάρις
1791 2891 1917 2964 ὑμῖν

262 2979 356 3034 καὶ
387 2978 573 3054 εἰρήνη
607 2979 714 3035 ἀπὸ
740 2983 875 3034 Θεοῦ
908 2981 1115 3053 Πατρὸς
1148 2981 1334 3051 ἡμῶν,
1364 2978 1455 3033 καὶ
1502 2978 1700 3052 Κυρίου
1732 2980 1919 3049 Ἰησοῦ

260 3071 524 3143 Χριστοῦ.

336 3157 419 3213 Ἐν
452 3155 523 3230 τῇ
553 3157 748 3231 πρώτῃ
783 3153 1109 3229 Ἐπιστολῇ,
1151 3155 1370 3229 πέμψας
1426 3156 1539 3209 ἐκεῖ
1594 3156 1685 3209 τὸν
1733 3155 1917 3228 Τιμό-

260 3247 411 3313 θεον,
466 3245 555 3300 καὶ
614 3249 705 3299 νῦν
767 3240 1069 3300 ἀπολεϐὼν
1148 3245 1336 3316 αὐτὸν,
1407 3244 1585 3316 ἑαυτῷ
1642 3244 1916 3300 συνάπτει.

259 3338 405 3409 ’Ὁρα
434 3332 510 3391 δὲ’
544 3336 678 3390 ποτὲ
742 3334 836 3407 μὲν
882 3332 1064 3389 τέκνον
1123 3333 1283 3389 αὐτὸν
1342 3333 1518 3388 καλεῖ·
1555 3358 1582 3387 ‹‹
1614 3334 1703 3395 Ὠς
1753 3334 1917 3409 πατρὶ

260 3426 389 3500 γάρ,
451 3425 605 3502 φησέ,
662 3423 846 3479 τέκνον
899 3421 1187 3480 ἐδούλευσὲ
1245 3441 1362 3497 μοι·
1409 3451 1430 3477 ι
1494 3423 1629 3478 ποτὲ
1685 3419 1743 3477 δὲ
1793 3444 1919 3478 συν-

263 3514 445 3592 εργόνο
479 3515 553 3570 Τὸ
581 3516 679 3590 γὰρ
716 3537 742 3567 ι
772 3506 927 3590 ἔργον
966 3513 1165 3588 Κυρίου
1219 3512 1495 3587 ἐργάζεται
1555 3512 1629 3573 ὡς
1688 3512 1862 3587 κάγώ’
1890 3536 1918 3562 ››

264 3610 359 3660 νῦν
394 3602 451 3659 δὲ
479 3602 732 3684 ἀδελφὸν,
769 3602 861 3659 διὰ
889 3604 1101 3659 πάντων
1158 3603 1469 3676 ἀξιόπιστον
1532 3601 1690 3657 αὐτὸν
1724 3608 1918 3660 ποιῶν.

270 3693 589 3768 Σημείωσαι
623 3692 678 3748 δὲ
707 3695 831 3764 τήν,
866 3691 976 3761 διά,
1006 3694 1097 3748 καὶ
1127 3693 1216 3748 ἐπὶ
1272 3692 1500 3767 Πατρός.
1558 3717 1584 3744 ι(
1642 3693 1748 3746 Σὺν
1808 3697 1922 3756 τοῖς
1954 3713 1996 3778 C

274 3780 689 3859 ἁγίοιςπᾶσιν.
746 3808 770 3837 ιι
833 3784 1052 3860 Ἀγίους
1138 3783 1336 3845 αὐτοὺς
1394 3782 1570 3848 καλεῖ,
1650 3780 1922 3862 ἐμφαίνων

271 3874 358 3930 ὅτι
408 3873 463 3929 εἷ’
512 3897 594 3938 τις
651 3872 913 3951 γεώδης,“
957 3873 1112 3929 ἐκτός
1171 3874 1282 3929 ἐστι
1339 3873 1541 3942 ταύτης
1599 3879 1699 3943 τῆς
1754 3894 1919 3949 προσ-ο

268 3963 521 4039 ηγορίας.
591 3968 820 4018 Δοκοῦσι
880 3961 937 4017 δὲ
1014 3964 1164 4018 οὗτοι
1223 3967 1381 4037 κοινῇ
1442 3960 1783 4032 σαλεύεσθαι,
1834 3960 1921 4017 διὰ

268 4058 430 4108 τοῦτο
480 4054 570 4109 καὶ
628 4054 818 4123 κοινήν
899 4058 1138 4107 ποιεῖται
1205 4054 1305 4121 τὴν
1363 4049 1526 4109 ἴασιν.
1596 4054 1770 4109 Τοῦτο
1864 4048 1922 4106 δὲ

269 4143 407 4217 πρὸς
439 4140 687 4203 Γαλάτας
710 4144 797 4198 καὶ
828 4137 1113 4217 Ἑϐραίους
1171 4142 1391 4219 γράφων
1450 4145 1618 4196 ποιεῖ.
1662 4165 1690 4192 ‹‹
1750 4142 1918 4214 Χάρις

273 4232 401 4305 ὑμῖν
429 4232 519 4287 καὶ
546 4231 758 4307 εἰρήνη.
800 4255 828 4283 ››
857 4234 963 4301 Τήν
998 4232 1202 4301 συνήθη
1247 4227 1617 4304 προσηγορίαν
1654 4228 1745 4284 καὶ
1792 4228 1920 4284 τού-

264 4342 383 4381 τοις
415 4318 729 4399 ἐπεύχεται.

1933 2153 2006 2180 ⁸.

1940 2337 1989 2402 Β

2677 2342 2910 2400 CAPUT
2965 2344 3007 2400 ι.

2028 2443 2356 2502 Gratiarum
2378 2450 2524 2504 actio
2550 2450 2616 2505 de
2645 2450 2836 2506 divino
2853 2451 3090 2519 auxilio,
3117 2454 3175 2508 in
3203 2469 3313 2524 quo
3330 2454 3411 2509 ait
3428 2469 3488 2510 se
3501 2455 3672 2523 fuisse

2712 2540 2805 2578 can
2812 2527 2969 2594 ﬁcum
2984 2565 2996 2581 .

2099 2626 2142 2688 Ι,
2181 2629 2231 2692 1,
2261 2627 2314 2679 2.
2350 2629 2613 2686 «Paulus
2628 2631 2933 2703 apostolus
2953 2632 3089 2688 Jesu
3119 2632 3330 2687 Christi
3346 2650 3452 2704 per
3473 2631 3677 2689 volun-

2029 2736 2057 2763 ‹‹
2083 2719 2264 2770 tatem
2291 2718 2411 2784 Dei,
2429 2725 2487 2773 et
2507 2720 2846 2777 Timotheus
2875 2721 3075 2788 frater,
3104 2721 3385 2777 Ecclesiae
3408 2722 3511 2777 Dei
3545 2738 3677 2792 qum

2029 2823 2056 2849 ‹‹
2091 2807 2181 2856 est
2210 2803 2474 2858 Corinthi
2500 2822 2617 2861 una
2638 2824 2771 2862 cum
2804 2808 3079 2863 omnibus
3136 2808 3356 2864 sanctis
3404 2808 3505 2879 qui
3538 2811 3679 2863 sunt

2028 2912 2055 2937 ‹‹
2088 2889 2150 2943 in
2185 2896 2305 2948 tota
2335 2895 2576 2955 Achaia.
2608 2897 2795 2967 gratia
2823 2896 2987 2952 vobis
3019 2903 3077 2952 et
3122 2914 3236 2969 pax
3276 2914 3310 2953 a
3340 2898 3457 2953 Deo
3501 2899 3674 2953 Patre

2028 3000 2055 3027 ‹‹
2080 2987 2305 3049 nostro,
2339 2988 2396 3036 et
2420 2984 2670 3039 Domino
2698 2985 2839 3040 Jesu
2869 2986 3119 3042 Christo.
3153 3007 3183 3037 »

2098 3152 2244 3209 Cum
2276 3171 2396 3210 una
2426 3172 2562 3210 cum
2593 3154 2790 3228 priore
2814 3156 3079 3227 Epistola
3107 3156 3373 3213 misisset
3402 3174 3469 3213 eo
3487 3156 3681 3213 Timo-

2029 3243 2320 3311 theum,et
2348 3246 2719 3317 nuncipsum
2742 3246 3202 3317 recepisset,sibi
3220 3246 3335 3318 ipsi
3349 3247 3480 3319 conj
3492 3246 3675 3318 ungit,

2026 3335 2350 3393 Considera
2404 3351 2563 3404 vero,
2616 3336 2770 3406 quod
2812 3337 3007 3408 ipsum
3065 3335 3309 3407 quidem
3367 3335 3671 3391 interdum

2027 3424 2217 3480 filium
2239 3431 2439 3480 vocat:
2474 3447 2501 3474 ι‹
2535 3425 2679 3479 Nam
2707 3429 2775 3481 ut
2830 3425 3003 3496 patri,
3039 3424 3254 3496 inquit,
3315 3425 3476 3481 ﬂlius
3522 3424 3676 3480 mihi

2025 3514 2387 3571 ministravit
2417 3516 2434 3550 1
2462 3536 2477 3581 ;
2512 3536 2538 3564 »
2568 3514 2871 3569 interdum
2928 3520 3127 3571 autem
3179 3521 3628 3587 c00peratorem
3662 3530 3676 3569 :

2027 3625 2055 3655 «
2091 3605 2248 3675 Opus
2276 3604 2434 3659 enim
2484 3603 2718 3659 Domini
2777 3611 3076 3677 operatur.
3135 3604 3351 3677 inquit.
3413 3604 3564 3660 sicut
3620 3609 3680 3660 et

2026 3711 2131 3767 ego
2165 3695 2184 3728 ²
2211 3715 2224 3758 ;
2262 3716 2288 3743 ››
2318 3711 2475 3749 nunc
2501 3710 2635 3749 vero
2668 3694 2906 3749 fratrem
2926 3712 3032 3766 per
3063 3695 3265 3750 omnia
3289 3693 3402 3748 ﬁde
3435 3693 3680 3759 dignum

2038 3801 2174 3840 eum
2197 3784 2820 3840 efﬁcitAnimadverte
2834 3790 3030 3840 autem
3064 3783 3545 3855 praepositionem
3570 3775 3677 3850 διά,

2030 3874 2090 3928 id
2123 3880 2227 3938 est,
2252 3892 2375 3945 per,
2410 3875 2587 3929 etiam
2620 3874 2691 3930 de
2714 3879 2879 3945 patre
2902 3872 3037 3927 dici.
3060 3898 3078 3920 υ
3102 3873 3226 3926 Una
3248 3886 3381 3926 cum
3405 3868 3681 3925 omnibus

2031 3964 2271 4019 sanctis.
2298 3963 2583 4037 ››’Λγίους,
2620 3963 2678 4018 id
2710 3969 2820 4028 est,
2850 3968 3064 4017 sanctos
3108 3966 3275 4016 vocat
3306 3961 3464 4032 ipsos
3487 3957 3680 4031 (quasi

2030 4052 2159 4107 sine
2191 4056 2388 4123 terra),
2423 4051 2743 4107 ostendens
2785 4050 2943 4122 quod
2995 4050 3044 4105 si
3089 4049 3222 4121 quis
3279 4055 3551 4105 terrenus
3582 4047 3681 4119 sit,

2030 4141 2261 4197 alienus
2293 4147 2382 4197 est
2409 4141 2481 4195 ab
2520 4142 2630 4196 hac
2661 4141 3038 4197 salutatione.
3073 4140 3360 4197 Videntur
3388 4145 3584 4196 autem
3618 4139 3679 4193 hi

2032 4230 2208 4285 simul
2239 4231 2557 4285 tluctuasse
2584 4248 2595 4283 :
2622 4236 2935 4302 propterea
2955 4231 3133 4287 etiam
3153 4246 3531 4286 communem
3544 4227 3687 4287 facit

2031 4324 2090 4374 et
2118 4320 2271 4376 592
2305 4319 2699 4374 sanationem.
2736 4319 2856 4375 Hoc
2888 4337 3125 4391 quoque
3155 4319 3297 4374 facit
3326 4318 3401 4373 ad
3448 4316 3686 4373 Galatas

271 4412 538 4469 scribens
571 4419 630 4469 et
658 4413 733 4468 ad
766 4412 1063 4469 Hebraeos.
1090 4434 1118 4462 ‹‹
1153 4410 1351 4467 Gratia
1382 4408 1545 4464 vobis
1576 4414 1635 4464 et
1666 4425 1797 4480 pax.
1832 4430 1861 4458 »
1892 4409 2269 4463 Familiarem
2302 4424 2369 4463 ac
2393 4408 2503 4463 sibi
2537 4415 2882 4464 consuetam
2915 4408 3338 4465 salutationem
3377 4407 3557 4463 etiam
3588 4405 3682 4463 his

274 4519 532 4587 exoptat.

348 4600 675 4687 Εὐλογητὸς
777 4612 804 4665 6
909 4611 1039 4673 Θεὸς
1128 4609 1216 4663 καὶ
1303 4607 1490 4678 Ιῐατήρ
1552 4611 1649 4661 τοῦ
1726 4605 1926 4682 Κυρίου

276 4700 439 4772 ἡμῶν
472 4701 654 4770 Ἰησοῦ
688 4703 951 4774 Χριστοῦ,
993 4699 1022 4752 6
1054 4700 1240 4771 Πατήρ
1284 4696 1391 4751 τῶν
1452 4694 1797 4769 οἱκτιρμῶν,’
1836 4696 1928 4750 καὶ

1256 4786 1284 4840 ὁ
1364 4784 1693 4859 παρακαλῶν
1782 4786 1929 4855 ἡμᾶς

275 4877 365 4933 ἐπὶ
416 4878 563 4950 πάσῃ
622 4882 691 4951 τῇ
748 4877 929 4951 θλίψει
980 4879 1161 4949 ἡμῶν,
1224 4875 1298 4936 εἰς
1354 4878 1417 4927 τὸ
1476 4871 1729 4937 δύνασθαι
1785 4876 1931 4945 ἡμᾶς

274 4966 610 5037 παρακαλεῖν
697 4968 826 5031 τοὺς
880 4966 930 5021 ἐν
991 4966 1133 5040 πάσῃ
1224 4962 1433 5038 θλίψει,
1493 4961 1582 5018 διὰ
1645 4971 1743 5032 τῆς
1826 4985 1933 5019 πα-

684 5057 754 5127 ἦς
834 5054 1305 5129 παρακαλούμεθα
1404 5052 1558 5108 αὐτοὶ
1654 5052 1758 5107 ὑπὸ
1836 5056 1933 5107 τοῦ

275 4788 406 4849 Θεὸς
485 4790 667 4859 πάσης
747 4786 1172 4863 παρακλήσεως,

279 5055 599 5132 ρακλήσεως

279 5152 435 5208 Θεοῦ.

355 5264 382 5290 ‹‹
427 5237 748 5314 Εὐλογητὸς
801 5239 829 5292 6
873 5238 1024 5299 Θεός.
1079 5259 1108 5287 ι)
1139 5236 1401 5298 Ἐνταῦθα
1460 5234 1721 5290 στατέον.
1757 5258 1777 5284 ι
1826 5232 1931 5289 Καὶ

1746 5323 1805 5377 Ἰ]
1818 5327 1934 5393 μῶν

290 5417 387 5489 μὲν
417 5415 516 5489 γάρ
551 5419 705 5484 Θεὸς,
745 5419 846 5471 τοῦ
904 5412 962 5469 δὲ
1019 5413 1226 5486 Κυρίου
1293 5412 1451 5484 ἡμῶν
1493 5412 1671 5481 Ἰησοῦ
1725 5414 1933 5487 Πατήρ.

281 5508 361 5565 Τα
375 5505 498 5577 3την
528 5506 629 5574 τὴν
667 5503 929 5580 διαίρεσιν
956 5503 1048 5558 καὶ
1080 5503 1108 5557 ὸ
1140 5501 1418 5572 Δεσπότης
1477 5502 1625 5574 ἡμᾶς
1678 5498 1931 5572 ἐδίδαξεν.

283 5597 374 5655 Ἐν
405 5596 512 5672 γὰρ
541 5600 660 5657 τοῖς
717 5597 887 5672 ἱεροῖς
942 5589 1304 5671 Εὖαγγελίοις
1362 5582 1487 5669 ἔφη,
1549 5614 1578 5643 «
1637 5589 1935 5664 Ἐξομολο-

281 5691 488 5776 γοῦμαί
515 5711 622 5764 σοι,
656 5689 854 5767 Πάτερ,
887 5687 1057 5767 Κύριε
1086 5691 1185 5743 τοῦ
1216 5684 1445 5764 οὐρανοῦ
1496 5683 1589 5740 καὶ
1618 5685 1718 5757 τῆς
1749 5692 1877 5762 γῆς,
1911 5710 1930 5737 ιι

284 5330 476 5401 Πατὴρ
515 5332 615 5383 τοῦ
649 5327 846 5403 Κυρίου
876 5328 1037 5398 ἡμῶν
1108 5325 1285 5393 Ἰησοῦ
1341 5325 1594 5397 Χριστοῦ.
1658 5348 1684 5372 n

2109 4609 2155 4675 1,
2189 4610 2354 4671 3,4.‹‹
2382 4607 2735 4664 Benedictus
2766 4610 2922 4664 Deus
2957 4614 3016 4663 et
3044 4610 3218 4663 Pater
3244 4606 3479 4662 Domini
3498 4601 3689 4660 nostri

2046 4717 2066 4747 ι
2091 4700 2226 4754 Jesu
2246 4698 2482 4766 Chris'i,
2499 4695 3227 4753 Patermisericordiarum
3243 4700 3300 4749 et
3320 4695 3475 4750 Deus
3492 4690 3689 4748 omnis
3754 4696 3755 4699 “

2044 4810 2065 4839 ι
2098 4787 2544 4856 consolationis,
2581 4787 2680 4856 qui
2704 4786 3049 4842 consolatur
3070 4802 3180 4840 nos
3203 4785 3264 4839 in
3293 4782 3457 4839 omni
3498 4781 3686 4839 afﬂic-

2041 4902 2068 4929 «
2105 4881 2265 4934 tione
2299 4886 2520 4944 nostra,
2549 4878 2610 4932 in
2641 4879 2751 4933 hoc
2783 4884 2847 4933 ut
2886 4877 3183 4948 possimus
3241 4892 3342 4931 eos
3392 4873 3689 4929 consolari

2043 4994 2071 5022 ‹‹
2106 4970 2205 5041 qui
2240 4975 2377 5024 sunt
2403 4969 2461 5022 in
2490 4968 2694 5039 quavis
2721 4967 3041 5023 afﬂictione
3091 4984 3195 5038 per
3224 4964 3692 5022 consolationem

2043 5084 2071 5113 ι(
2105 5078 2223 5131 qua
2242 5061 2513 5131 nosipsos
2547 5058 2889 5114 consolatur
2917 5060 3093 5113 Deus.
3130 5080 3158 5107 ι»

2116 5254 2143 5282 ‹‹
2180 5231 2534 5287 Benedictus
2574 5232 2746 5285 Deus.
2785 5252 2811 5278 υ
2844 5230 2962 5285 Hoc
3010 5229 3140 5285 loco
3200 5226 3543 5300 ponendum
3603 5228 3695 5280 est

2042 5324 2417 5397 hypostigma
2447 5322 2566 5377 sive
2589 5319 3031 5377 subdistinctio.
3073 5345 3099 5368 «
3133 5321 3203 5374 Et
3232 5320 3404 5374 Pater
3456 5314 3690 5371 Domini

2043 5414 2230 5470 nostri
2256 5415 2391 5469 Jesu
2422 5411 2659 5466 Christi.
2694 5434 2719 5461 η
2776 5410 3078 5482 Siquidem
3136 5410 3291 5465 Deus
3331 5413 3534 5463 noster
3580 5408 3692 5472 est,

2046 5504 2149 5560 sed
2183 5502 2416 5558 Domini
2449 5502 2635 5557 nostri
2661 5502 2797 5558 Jesu
2829 5501 3043 5556 Christi
3070 5502 3262 5556 Pater.
3298 5498 3458 5553 Hanc
3498 5499 3696 5551 autem

2048 5593 2399 5652 divisionem
2427 5592 2605 5647 etiam
2627 5592 2914 5649 Dominus
2945 5606 3056 5646 nos
3113 5587 3353 5645 docuit:
3411 5585 3494 5641 ait
3536 5581 3698 5637 enim

2046 5686 2108 5744 in
2137 5684 2319 5743 sacris
2342 5681 2670 5757 Evangeliis
2703 5696 2717 5738 :
2752 5703 2780 5732 «
2812 5680 3114 5740 Conﬁteor
3144 5678 3276 5749 tibi,
3319 5676 3519 5743 Pater,
3575 5670 3697 5728 Do-
