4156 6200
531 361 642 422 911
1657 356 2007 420 (ECUMEN
2017 357 2064 416 ll
2107 349 2419 415 TRICOQE
2459 353 2808 414 EPISCOPI
3841 357 3890 411 9
3905 355 3930 410 ι
3947 355 3984 412 2

529 496 689 550 mine
719 492 848 547 caeli
883 495 942 545 et
969 495 1142 546 terrae
1163 492 1203 558 ³,
1221 513 1250 541 υ
1284 491 1594 546 manifeste
1616 491 1836 546 docens
1859 489 2018 562 quod
2032 505 2174 546 suus

2292 489 2474 556 σαφῶς
2533 482 2823 556 διδάσκων,
2885 485 2960 548 ὡς
3011 486 3182 540 αὐτοῦ
3259 485 3354 560 μὲν
3399 485 3509 541 ἔστι
3569 485 3794 558 Πατὴρ,
3865 487 3984 551 τῆς

533 581 772 654 quidem
800 581 878 634 sit
895 581 1088 642 Pater.
1107 588 1395 636 creaturae
1415 598 1550 636 vero
1583 581 1769 636 factor
1790 599 1856 636 ac
1872 580 2178 635 Dominus.

2292 572 2346 630 δὲ
2375 575 2600 638 κτίσεως
2634 577 2877 647 Ποιητής
2930 575 3016 632 καὶ
3075 575 3369 646 Δεσπότης.
3434 575 3980 650 Ἐπαγγειλὰμενος

529 671 732 726 Priore
755 669 994 740 quidem
1027 671 1288 741 Epistola
1321 672 1753 743 promiscratse
1786 672 2037 742 adipsos
2053 685 2184 722 ven-

533 768 755 826 turum,
807 761 911 816 sed
941 761 1276 833 prohibitus
1335 770 1424 817 est
1473 763 1702 835 magnis
1756 759 2184 816 afﬂictionibus

529 851 723 922 ipsum
757 851 1240 922 corripientibus.
1293 853 1446 906 Scite
1505 853 1684 925 igitur
1714 851 1922 921 incipit
1969 865 2179 921 purga-

526 941 708 996 tionis
740 942 968 995 semina
993 945 1214 1010 jacere.
1251 964 1278 992 ιι
1329 942 1555 996 Gratias
1608 958 1738 1012 ago,
1799 939 2012 1010 inquit,
2065 939 2180 992 Deo

528 1030 687 1101 quod
711 1047 817 1085 nos
841 1031 1180 1086 consolatus
1197 1030 1272 1084 sit
1291 1030 1350 1084 in
1381 1031 1542 1085 omni
1576 1030 1898 1084 afﬂictione
1922 1035 2180 1084 nostra.»

528 1151 595 1160 —
619 1141 642 1171 ι
679 1121 852 1174 Pater
877 1120 1436 1174 misericordiarum.
1463 1143 1491 1170 ››
1521 1120 1718 1175 Sancti
1751 1120 1810 1173 id
1843 1119 2181 1188 habentpro

2293 667 2386 738 μὶν
2421 668 2486 735 ἦν
2521 666 2572 721 ἐν
2603 669 2672 738 τῇ
2697 666 2886 743 πρώτῃ
2921 667 3223 740 Ἐπιστολῇ
3277 667 3484 722 ἀπιέναι
3525 668 3668 741 πρὸς
3729 667 3976 734 αὗτσῦς,

2289 756 2418 810 ἀΛΛ’
2483 755 2734 828 ἐκωλύθη
2785 761 3104 833 πειρασμῶν
3159 757 3409 833 μεγάλων
3475 757 3639 812 αὑτὸν
3701 755 3982 813 καταλα-

2289 841 2519 904 ϐόντων.
2578 855 2842 926 Ἃρχεται
2902 848 2993 902 οὗν
3045 846 3254 925 εὐφυῶς
3309 843 3674 902 καταϐάλλειν
3736 845 3982 903 ἀπολο-

2288 935 2406 1008 γίας
2453 934 2754 1011 σπέρματα.
2815 962 2844 990 ιι
2909 937 3230 1012 Εὑχαριστῶ
3289 939 3415 1012 γὰρ,
3471 938 3624 1016 φησὶ,
3691 942 3780 1006 τῷ
3847 939 3982 1006 Θεῷ

2289 1025 2371 1079 ὅτι
2405 1026 2767 1098 παρεκάλεσεν
2795 1028 2944 1100 ἡμᾶς
3001 1027 3052 1082 ὲν
3119 1026 3264 1101 πάσῃ
3321 1030 3392 1100 τῇ
3451 1025 3633 1100 Θλίψει
3691 1028 3906 1096 ἡμῶν.
3949 1051 3978 1075 a

2291 1141 2316 1166 «ι
2349 1118 2406 1173 Ὀ
2441 1117 2625 1191 Πατήρ
2667 1121 2773 1171 τῶν
2807 1115 3132 1191 οἰκτιρμῶν.
3173 1143 3192 1164 ι
3250 1121 3302 1170 "‘r
3321 1127 3412 1179 θος
3465 1121 3581 1176 τοῖς
3639 1115 3842 1189 ἁγίοις
3915 1113 3980 1168 ἐκ

530 1226 694 1264 more
722 1210 901 1264 Deum
923 1227 990 1264 ex
1023 1211 1281 1280 acceptis
1299 1209 1606 1266 beneﬁciis
1624 1209 1944 1281 appellare.
1963 1210 2026 1262 1n
2039 1205 2180 1262 belli

2292 1209 2394 1258 τῶν
2453 1204 2527 1267 είς
2583 1205 2781 1268 αὐτοὺς
2843 1205 3161 1283 εὐεργεσιῶν
3243 1205 3526 1277 ὀνομάζειν
3611 1205 3710 1258 τὸν
3801 1203 3978 1260 Θεεέν.

532 1299 774 1370 quidem
809 1301 1091 1354 victoria:
1121 1325 1146 1348 «ι
1181 1300 1423 1370 Diligam
1461 1306 1536 1364 te,
1599 1301 1868 1366 Domine,
1899 1296 2181 1353 fortitudo

2292 1295 2412 1350 Ἐπὶ
2447 1296 2541 1368 μὲν
2583 1297 2742 1366 νίκης
2797 1294 3082 1370 πολέμων⁸
3143 1319 3172 1347 ιι
3233 1295 3529 1372 Ἀγαπήσω
3585 1315 3664 1356 σε,
3761 1293 3976 1364 Κύριε,

531 1407 667 1444 mea
687 1391 726 1443 ‘.
757 1390 1000 1454 Quando
1031 1395 1228 1444 autem
1262 1407 1295 1444 a
1327 1390 1540 1444 mentis
1573 1389 1824 1460 caligine
1847 1405 1914 1443 ac
1946 1387 2182 1442 obtene-

527 1478 800 1533 bratione
841 1478 1126 1534 liberatus
1183 1485 1272 1534 est
1331 1495 1344 1533 :
1398 1501 1426 1530 ιι
1487 1479 1773 1533 Dominus
1825 1475 2181 1533 illuminatio

527 1584 662 1622 mea
687 1567 731 1622 ⁵.
767 1589 795 1616 ››
828 1569 993 1622 Nunc
1027 1585 1160 1624 vero
1191 1569 1372 1623 Deum
1401 1568 1944 1624 misericordiarum
1971 1573 2178 1621 etcon-

529 1655 838 1712 solationis
860 1658 1152 1712 nominat.
1179 1657 1500 1712 Considera
1531 1674 1666 1712 vero
1685 1673 1862 1728 quam
1885 1671 2012 1712 sese
2030 1653 2179 1709 divi-

527 1762 640 1801 nus
671 1746 767 1801 hic
783 1747 1002 1802 Paulus
1025 1747 1315 1802 demittat.
1335 1747 1638 1802 Liberatus
1658 1747 1728 1801 ab
1755 1744 2180 1802 afflictionibus

529 1851 660 1907 quae
699 1841 943 1906 propter
973 1837 1461 1908 praedicationem
1522 1838 2010 1907 supervenerant,
2057 1849 2178 1887 non

531 1924 674 1980 dicit
705 1942 766 1980 se
797 1925 1114 1980 liberatum
1139 1926 1296 1996 quod
1330 1927 1546 1998 dignus
1579 1927 1778 1990 fuerit,
1813 1925 1916 1980 sed
1939 1941 2044 1996 per
2067 1923 2174 1978 mi-

532 2015 886 2070 sericordias
916 2032 984 2071 ac
997 2016 1464 2072 miserationem.
1483 2017 1625 2082 «Qui
1653 2017 1996 2072 consolatur
2009 2030 2175 2070 nos.»

527 2105 656 2159 Non
686 2105 968 2172 dixit,Qui
995 2122 1117 2160 non
1151 2105 1440 2176 permittit
1465 2123 1573 2160 nos
1604 2106 1784 2178 afﬂigi
1818 2102 2176 2176 (novitenim

529 2192 708 2248 utiles
749 2210 876 2248 esse
907 2194 1474 2263 afﬂictiones),sed.«
1509 2195 1614 2260 Qui
1649 2195 1989 2250 consolatur
2009 2210 2177 2248 nos.»

529 2281 743 2337 Dicens
767 2288 987 2349 autem,
1013 2305 1041 2333 ‹‹
1079 2285 1142 2338 In
1173 2284 1338 2338 omni
1379 2283 1721 2352 afﬂictione,
1749 2303 1776 2334 »
1810 2282 2104 2354 significat
2123 2287 2182 2336 et

529 2375 842 2430 continuas
867 2375 1222 2431 afﬂictiones
1255 2381 1313 2430 et
1361 2375 1674 2430 continuas
1718 2375 2176 2430 consolationes.

529 2465 647 2518 «In
679 2463 791 2519 hoc
822 2469 888 2518 ut
917 2464 1214 2536 possimus
1238 2481 1338 2520 eos
1373 2465 1690 2520 consolari.
1729 2486 1756 2513 ››
1785 2463 1925 2518 Vide
1985 2460 2179 2517 excel—

525 2555 752 2610 lentem
779 2555 960 2610 animi
994 2555 1346 2611 modestiam
1373 2574 1386 2611 :
1415 2557 1538 2611 Non
1562 2555 2182 2627 accepit,inquit,con-

530 2645 883 2700 solationem
913 2646 1065 2716 quod
1103 2646 1514 2701 consolatione
1568 2646 1780 2718 dignus
1830 2661 2044 2708 essem,
2079 2641 2183 2698 sed

525 2741 592 2789 ut
621 2736 891 2807 exemplo
925 2735 1353 2792 consolationis
1379 2753 1511 2806 qum
1545 2753 1683 2806 erga
1713 2753 1803 2790 me
1837 2734 2179 2798 factaesset,

527 2842 762 2897 possem
799 2832 857 2881 et
884 2825 1034 2881 alios
1067 2825 1472 2896 consolariqui
1493 2833 1629 2879 sunt
1651 2825 1710 2879 in
1734 2823 2179 2880 afﬂictionibus.

527 2917 731 2986 Itaque
764 2922 1004 2986 propter
1025 2915 1279 2970 aliorum
1315 2914 1783 2972 utilitatem.nou
1811 2919 2051 2985 propter
2069 2928 2180 2976 me,

527 3005 1005 3061 fuitconsolatio.
1041 3009 1177 3069 Aut,
1211 3005 1572 3074 Consolatio,
1603 3005 1966 3076 inquit,qua=.
1997 3003 2057 3056 in
2089 3017 2182 3056 me

527 3093 684 3148 facta
717 3099 824 3150 est.
859 3091 932 3148 ad
963 3093 1390 3148 consolandum
1427 3092 1606 3147 simul
1638 3097 1697 3146 et
1727 3091 1875 3148 alios
1921 3090 2052 3158 fuit,
2085 3105 2184 3144 eos

529 3200 745 3254 nempe
778 3184 876 3256 qui
902 3183 974 3238 ob
1007 3201 1169 3239 meas
1201 3183 1481 3239 dolebant
1519 3183 1896 3239 afﬂictiones.

600 3251 754 3330 593
863 3277 980 3328 5-7.
1005 3295 1033 3324 ‹‹
1058 3275 1346 3338 Quoniam
1381 3275 1533 3329 sicut
1563 3273 1867 3330 abundant
1913 3271 2182 3328 afﬂictio-
2211 3251 2254 3320 ο

530 3387 556 3412 ι(
583 3377 689 3416 nes
710 3362 924 3418 Christi
944 3363 1004 3417 in
1051 3365 1270 3428 nos,ita
1319 3379 1423 3433 per
1469 3363 1771 3418 Christum
1814 3362 2078 3418 abundat
2127 3366 2184 3416 et

532 3471 559 3500 ιι
577 3451 904 3504 consolatio
935 3452 1296 3506 nostra.Sive
1321 3456 1517 3506 autem
1539 3451 1880 3524 afﬂigimur,
1904 3451 1965 3505 id
1989 3451 2055 3506 fit
2077 3467 2182 3522 pro

531 3561 558 3590 ιι
581 3539 757 3593 vestri
791 3539 1199 3594 exhortatione
1219 3557 1284 3595 ac
1318 3540 1529 3606 salute,
1574 3557 1705 3611 quas
1738 3541 1994 3595 efﬁcitur
2015 3541 2184 3594 into-

531 3653 556 3680 ιι
583 3630 838 3686 lerantia
867 3629 1210 3686 earumdem
1243 3629 1656 3696 afﬂictionum,
1684 3647 1830 3700 quas
1864 3635 1922 3684 et
1946 3646 2054 3684 nos
2079 3645 2183 3701 pa-

531 3745 558 3774 ιι
593 3723 860 3790 timur,et
881 3738 1014 3794 spes
1047 3727 1250 3776 nostra
1279 3719 1451 3774 ﬁrma
1473 3725 1562 3775 est
1587 3737 1691 3792 pro
1711 3719 1879 3774 vobis
1907 3719 2033 3774 Sive
2049 3737 2184 3776 con-

531 3838 558 3866 ιι
583 3815 934 3870 solationem
958 3810 1370 3884 accipimus,id
1385 3809 1567 3882 ﬁtpro
1585 3810 1760 3864 vestri
1776 3810 2182 3866 consolatione

532 3927 561 3956 «
591 3921 658 3960 ac
677 3905 865 3960 salute
893 3919 906 3958 :
939 3919 1074 3956 cum
1107 3900 1364 3956 sciamus
1389 3899 1547 3972 quod
1570 3899 1724 3956 sicut
1745 3900 2064 3972 participes
2092 3917 2180 3954 es-

531 3994 655 4048 «tis
676 3992 1091 4061 afﬂictionum,
1121 3991 1206 4045 sic
1227 3989 1408 4046 futuri
1432 3991 1562 4046 sitis
1589 3995 1647 4046 et
1671 3989 2116 4046 consolationis.
2153 4011 2180 4038 »

2287 1387 2321 1453 ἡ
2357 1384 2514 1459 ἰσχύς
2558 1407 2684 1458 μου.
2718 1409 2747 1438 ››
2777 1387 2943 1442 ’Όταν
2979 1383 3034 1439 δὲ
3094 1385 3259 1464 ζόφου
3315 1385 3403 1439 καὶ
3463 1385 3799 1440 orato-trimam:
3865 1385 3974 1436 νοῦ

2289 1473 2563 1550 λυτρωθῇ.
2597 1500 2625 1527 ι(
2659 1475 2860 1551 Κύριος
2914 1475 3196 1555 φωτισμὸς
3245 1495 3369 1547 μου.
3433 1498 3460 1525 ι)
3523 1478 3629 1528 Νῦν
3691 1471 3760 1527 δὲ
3819 1471 3967 1527 Θεὸν

2288 1565 2586 1639 οἰκτιρμῶν
2629 1566 2718 1620 καὶ
2775 1563 3174 1638 παρακλήσεως
3234 1563 3510 1638 ὀνομάζει.
3567 1571 3706 1638 ’(ὶρα
3773 1560 3834 1616 δὲ
3903 1563 3972 1616 τὸ

2286 1655 2536 1710 ταπεινὸν
2565 1660 2661 1711 τοῦ
2693 1656 2852 1730 ἁγίου
2911 1658 3134 1712 τούτου.
3197 1653 3504 1730 Λυτρωθεῖς
3555 1659 3665 1707 τῶν
3737 1649 3834 1706 διὰ
3905 1651 3974 1704 τὸ

2285 1747 2548 1821 κήρυγμα
2581 1751 2920 1821 πειρασμῶν,
2961 1744 3022 1800 οὗ
3083 1743 3234 1820 λέγει
3289 1747 3371 1800 ὅτι
3431 1745 3548 1798 κατ’
3603 1743 3764 1813 ἀξίαν
3831 1741 3972 1796 ἐλυ-

2285 1837 2528 1911 τρώθην,
2561 1833 2706 1890 ἀλλά
2736 1837 2851 1890 κατ’
2881 1833 3206 1910 οἰκτιρμοὺς
3237 1835 3328 1889 καὶ
3371 1833 3546 1889 ἔλεον.
3585 1857 3612 1883 :r
3676 1833 3746 1888 Ὀ
3780 1851 3970 1905 παρα.

2287 1925 2470 1981 καλῶν
2505 1927 2674 1998 ἡμᾶς.
2726 1949 2751 1976 ι»
2810 1926 2928 1981 Οὐκ
2985 1925 3156 1992 εἶπεν,
3203 1925 3264 1981 Ὁ
3325 1925 3400 1996 μὴ
3455 1919 3556 1976 ἐῶν
3615 1924 3779 1994 ἡμᾶς
3831 1923 3972 1974 θλι-

2289 2010 2446 2084 ϐἤναι
2495 2011 2661 2088 (οἶδε
2704 2015 2806 2089 γὰρ
2851 2014 2946 2076 τὰς
3033 2013 3248 2088 θλίψεις
3303 2011 3730 2091 συμφερούσας),
3801 2007 3964 2078 ἀλλ’,

2289 2128 2319 2159 ιι
2347 2106 2409 2163 Ὀ
2439 2103 2793 2179 παρακαλῶν,
2829 2129 2856 2156 ››
2885 2103 3068 2161 Εἲπὼν
3100 2101 3178 2172 δὲ,
3229 2129 3257 2156 ιι
3314 2105 3400 2159 Ἐν
3467 2103 3611 2174 πάσῃ
3662 2099 3894 2174 Θλίυξιει,
3931 2124 3960 2150 ιιι

2291 2191 2458 2266 δηλοῖ
2485 2195 2574 2250 καὶ
2607 2200 2851 2270 συνεχεῖς
2903 2192 3136 2268 θλίψεις,
3195 2193 3284 2248 καὶ
3343 2199 3587 2272 συνεχεῖς
3647 2189 3968 2266 παρακλή-

2291 2307 2423 2349 σεις.
2459 2310 2486 2338 ιι
2520 2285 2613 2350 Εἰς
2648 2286 2710 2340 τὸ
2769 2283 3020 2340 δύνασθαι
3078 2286 3226 2356 ἡμᾶς
3291 2284 3648 2358 παρακαλεῖν.
3721 2307 3752 2334 ››
3819 2283 3970 2356 εὈραι

2287 2375 2785 2455 ταπεινοφροσύνης
2819 2369 3154 2450 ὑπερϐολήν.
3215 2375 3290 2428 Οὐ
3349 2372 3722 2447 πσρεκλγςθην,
3793 2371 3964 2447 (pne-3,

2291 2463 2380 2520 διὰ
2409 2467 2472 2520 τὸ
2497 2465 2634 2520 εἶναί
2668 2485 2736 2537 με
2766 2461 2909 2534 ἄξιον
2960 2461 3380 2538 παρακλήσεως,
3421 2461 3546 2517 ἀλλ’
3597 2460 3690 2515 ’ἱνα
3733 2460 3802 2515 ἐκ
3859 2463 3966 2514 τοῦ

2295 2552 2698 2632 ὑποδείγματος
2769 2559 2869 2624 τῆς
2929 2553 3006 2615 εἷς
3081 2551 3178 2625 ἐμὲ
3261 2553 3682 2628 παρακλήσεως,
3743 2548 3972 2610 ἄλλους

2291 2643 2450 2706 ὄντας
2482 2641 2534 2698 ἐν
2587 2649 2916 2718 πειρασμοῖς
2971 2639 3186 2713 δυνηθῶ
3243 2637 3598 2718 παρακολεῖν,
3637 2642 3812 2694 Ὥστε
3867 2636 3970 2692 διὰ

2288 2736 2387 2802 τήν
2417 2738 2525 2788 τῶν
2567 2731 2755 2788 ἂλλων
2784 2731 3073 2812 ὠφέλειαν,
3109 2731 3170 2787 οὐ
3204 2729 3271 2786 δι’
3325 2731 3420 2805 ἐμὲ
3479 2733 3512 2799 ἡ
3571 2729 3964 2800 παράκλησις.

2289 2826 2357 2882 ’Ἡ
2391 2824 2588 2891 ὅτι,Ἥ
2635 2823 2709 2886 εἷς
2767 2821 2884 2896 ἐμὲ,
2947 2822 3102 2900 φησὶ,
3163 2819 3527 2896 παράκλησις,
3584 2819 3674 2874 καί
3733 2817 3964 2879 ἄλλους

2293 2911 2730 2989 συμπαρακαλεῖ,
2763 2913 2889 2975 τοὺς
2930 2913 3048 2968 οἷον
3081 2910 3406 2988 ἀλγοῦντας,
3465 2909 3549 2964 ἐπὶ
3605 2915 3724 2970 ταῖς
3786 2908 3956 2981 ἐμαῖς

2293 3003 2358 3060 θλ
2371 3005 2558 3078 ίψεσιν.

2361 3267 2486 3324 Ὃτι
2586 3265 2766 3328 καθὼς
2869 3263 3172 3340 περισσεύει
3279 3263 3346 3319 τὰ
3447 3265 3744 3335 παθήματα
3851 3260 3954 3316 τοῦ

2289 3357 2521 3431 Χριστοῦ
2579 3355 2654 3417 εἷς
2738 3357 2910 3429 ἡμᾶς,
2975 3353 3149 3416 οὕτως
3206 3351 3294 3408 διὰ
3349 3357 3446 3408 τοῦ
3523 3355 3768 3427 Χριστοῦ
3849 3371 3954 3406 πε-

2290 3447 2522 3520 ρισσεύει
2581 3445 2672 3500 καὶ
2733 3447 2768 3514 ἡ
2817 3443 3166 3519 παράκλησις
3222 3447 3407 3516 ἡμῶν.
3477 3443 3602 3500 Εἴτε
3649 3437 3950 3504 3:01:36-

2293 3539 2449 3608 μεθα,
2501 3537 2633 3610 ὑπὲρ
2692 3536 2790 3604 τῆς
2851 3534 3003 3608 ὑμῶν
3091 3531 3494 3610 παρακλήσεως
3581 3531 3669 3586 καὶ
3758 3552 3950 3600 σωτη-

2284 3627 2406 3702 ρίας
2457 3633 2557 3696 τῆς
2639 3623 3039 3704 ἐνεργουμένης
3096 3621 3147 3678 ἐν
3211 3624 3460 3696 ὑπομονῇ
3563 3625 3666 3676 τῶν

2287 3715 2652 3788 παθημάτων,
2713 3715 2786 3768 ὧν
2844 3713 2935 3768 καὶ
2993 3715 3155 3787 ἡμεῖς
3211 3712 3522 3787 πάσχομεν,
3571 3709 3724 3778 καὶὴ
3783 3707 3948 3771 ὲλπὲς

2289 3799 2677 3880 ἡμῶνβεϐαία
2709 3803 2840 3878 ὑπὲρ
2877 3803 3050 3876 ὑμῶν.
3087 3800 3213 3859 Εἴτε
3263 3800 3747 3875 παρακαλούμεθα,
3809 3799 3944 3874 ὑπὲρ

2287 3902 2386 3963 τῆς
2455 3895 2607 3968 ὑμῶν
2662 3891 3071 3968 παρακλήσεως
3125 3890 3216 3946 καί
3257 3889 3557 3962 σωτηρίας,
3607 3885 3810 3950 εἰδότες
3859 3891 3946 3944 ὃτι

2291 3979 2468 4054 ὥσπερ
2497 3979 2755 4033 κοινωνοί
2789 3976 2906 4032 ἐστε
2935 3981 3040 4032 τῶν
3072 3977 3442 4050 παθημάτων,
3477 3975 3650 4038 οὕτως
3697 3973 3788 4029 καὶ
3839 3981 3938 4044 τῆς

3769 3620 3950 3674 αὐτῶν

2288 4067 2703 4144 παρακλήσεως.

2357 4160 2474 4214 Ἵνα
2527 4157 2603 4230 μὴ
2666 4153 2862 4227 δόξωσί
2911 4176 3049 4218 τινες
3109 4155 3304 4210 ὡσανεὶ
3357 4156 3433 4227 μὴ
3497 4151 3940 4231 φροντιζομένων

2288 4253 2395 4304 τῶν
2479 4245 2826 4315 ἀποστόλων,
2877 4248 3023 4321 παρᾶ
3081 4243 3215 4301 Θεοῦ
3295 4245 3541 4320 γίνεσθαι
3601 4245 3786 4307 αὐτοῖς
3843 4245 3940 4307 τὰς

2290 4343 2536 4414 συνεχεῖς
2569 4335 2808 4411 θλίψεις,
2905 4335 3005 4411 ὅρα
3095 4340 3213 4396 πῶς
3290 4333 3482 4410 ἐξαίρει
3557 4333 3620 4388 τὸ
3693 4339 3934 4408 πρᾶγμα,

2291 4427 2490 4506 λέγων·
2526 4429 2637 4484 Τοῦ
2669 4429 2904 4502 Χριστοῦ
2946 4425 3078 4480 εἶσιν
3135 4425 3190 4478 αἱ
3243 4425 3457 4498 θλίψεις
3513 4423 3690 4478 καὶτᾶ
3757 4425 3940 4492 παθή-

600 4162 682 4218 Ne
717 4161 817 4233 qui
849 4159 1191 4217 existiment
1220 4161 1338 4217 Deo
1367 4177 1487 4216 non
1519 4175 1649 4216 esse
1681 4177 1838 4216 curae
1857 4159 2178 4233 apostolos,

531 4269 599 4308 eo
633 4250 792 4324 quod
813 4251 1125 4307 continuas
1139 4251 1472 4306 sustineant
1502 4249 2012 4318 afﬂictiones,vide
2036 4265 2180 4322 quo-

527 4343 704 4400 modo
735 4359 860 4397 rem
885 4341 1391 4409 extollat.Christi,
1425 4340 1640 4412 inquit,
1671 4346 1810 4396 sunt
1829 4341 2182 4396 afﬂictiones

529 4451 594 4490 ac
626 4434 995 4495 calamitates
1022 4447 1168 4503 quas
1193 4447 1301 4485 nos
1321 4431 1685 4485 sustinemus
1711 4429 1832 4485 :hae
1846 4447 1986 4486 sane
2002 4431 2180 4485 etiam

529 4525 838 4580 abundant
867 4522 928 4577 in
963 4521 1154 4582 nobis.
1189 4537 1256 4576 ac
1289 4521 1336 4574 si
1371 4519 1594 4574 diceret
1618 4535 1630 4573 :
1653 4521 1778 4574 Non
1826 4520 2018 4574 solum
2051 4537 2180 4591 quas

2295 4539 2455 4592 ματα,
2487 4519 2520 4572 ’ὰ
2549 4519 2712 4591 ἡμεῖς
2751 4515 3113 4589 ὑπομένομεν.
3169 4513 3334 4572 Αῦται
3395 4510 3554 4583 θῆται
3603 4512 3690 4568 καὶ
3749 4533 3932 4586 περισο

525 4631 738 4686 passus
769 4618 860 4668 est
887 4611 1155 4667 Christus
1197 4608 1478 4680 patimur,
1539 4607 1642 4662 sed
1700 4613 1758 4662 et
1809 4607 2003 4678 plura.
2063 4609 2180 4664 Hoc

2292 4606 2638 4671 σεύουσι-θεὶς
2687 4609 2857 4678 ἡμᾶς,
2907 4604 3035 4660 ὡσεὶ
3087 4602 3290 4679 ἔλεγεν·
3347 4604 3466 4678 Οὐχ
3524 4604 3622 4658 ὅσα
3679 4602 3934 4666 πέπονθεν

528 4709 705 4762 etiam
739 4705 884 4760 dicit
913 4703 1053 4760 alibi
1083 4719 1096 4758 :
1137 4725 1161 4755 ιι
1191 4703 1261 4756 Et
1289 4701 1535 4773 suppleo
1571 4717 1702 4771 quae
1733 4699 1982 4755 deerant
2029 4701 2177 4756 afﬂi-

528 4797 792 4852 ctionum
825 4794 1037 4850 Christi
1071 4793 1156 4846 ⁸.»
1189 4792 1446 4863 Idipsum
1482 4805 1716 4861 quoque
1749 4806 1856 4861 per
1875 4807 1936 4844 se
1955 4789 2180 4862 absque

529 4885 728 4941 divina
741 4886 858 4940 alia
889 4883 1312 4940 consolatione.
1327 4882 1470 4936 satis
1489 4879 1664 4935 estad
1684 4880 2178 4951 consolationem,

529 4977 680 5032 scire
704 4977 920 5032 Christi
955 4992 1082 5031 esse
1114 4975 1468 5030 afﬂictiones
1501 4989 1649 5044 quas
1709 4973 1820 5043 ipsi
1874 4973 2182 5044 patiuntur

523 5067 706 5121 etiam
734 5066 780 5119 si
817 5082 933 5120 non
966 5064 1219 5120 addatur
1249 5063 1408 5135 quod
1440 5062 1766 5118 consolatio
1801 5063 2014 5118 Christi
2039 5079 2179 5118 exu-

527 5154 695 5209 beret
726 5171 861 5226 erga
893 5153 1072 5224 ipsos.
1107 5169 1238 5224 qua:
1289 5151 1634 5206 occasiones
1659 5149 1877 5205 lmtitim
1909 5151 2054 5223 ipsis
2077 5151 2182 5206 im-

526 5247 742 5310 mittat,
776 5261 843 5299 ac
873 5244 920 5298 si
946 5241 1139 5298 dicat:
1172 5240 1557 5296 Abundantes
1603 5247 1740 5297 sunt
1797 5241 2178 5308 afﬂictiones,

527 5334 632 5390 sed
665 5335 850 5389 multo
885 5331 1069 5406 magis
1115 5330 1466 5386 consolatio.
1511 5353 1538 5381 «
1585 5334 1668 5386 Ita
1725 5347 1833 5402 per
1879 5331 2178 5386 Christum

523 5424 789 5482 abundat
819 5429 877 5478 et
899 5421 1226 5478 consolatio
1261 5425 1483 5474 nostra.
1518 5441 1546 5470 ››
1587 5419 1908 5476 Abundant
1939 5420 2178 5492 quidem

519 5514 582 5570 in
613 5513 792 5570 nobis
807 5512 910 5582 ait,
943 5509 1302 5568 tentationes
1334 5513 1390 5564 et
1415 5507 1796 5578 ‘afﬂictiones,
1833 5509 1938 5566 sed
1967 5516 2026 5566 et
2047 5509 2180 5584 plus

589 5697 612 5735 ⁸
641 5692 844 5754 Matth.
877 5708 955 5762 χι,
987 5687 1078 5748 25.
1113 5685 1135 5721 ⁸
1165 5683 1318 5744 Psal.
1349 5699 1479 5754 xvn,
1516 5685 1569 5740 2.
1595 5681 1620 5718 ⁵
1655 5683 1810 5740 Psal.
1845 5700 1996 5753 xxvr,
2029 5687 2078 5742 1.

2291 4697 2600 4770 ὁΧριστὸς,
2649 4697 2956 4774 πάσχομεν,
3015 4693 3159 4750 ἀλλὰ
3203 4693 3296 4750 καὶ
3353 4690 3552 4750 πλείω.
3617 4695 3788 4750 Τοῦτο
3845 4691 3932 4746 καὶ

2291 4783 2546 4860 ἀλλαχοῦ
2573 4805 2726 4864 φησι·
2757 4811 2782 4836 ιι
2819 4784 2922 4841 Καὶ
2967 4781 3269 4858 ἀναπληρῶ
3325 4783 3390 4836 τὰ
3441 4781 3783 4856 ὑστερήματα
3839 4785 3933 4836 τοῦ

2291 4877 2550 4949 Χριστοῦ.
2587 4902 2606 4927 ιι
2639 4877 2812 4928 Τοῦτο
2843 4872 2932 4926 καὶ
2963 4871 3094 4927 αὐτὸ
3141 4873 3261 4935 καθ’
3300 4872 3458 4927 ἑαυτὸ
3517 4869 3639 4926 ἄνευ
3697 4879 3796 4938 τῆς
3832 4869 3935 4926 ἀπὸ

2291 4967 2424 5020 Θεοῦ
2465 4961 2867 5038 παρακλήσεως
2899 4963 3056 5034 ἀρκεῖ
3085 4961 3160 5022 εἷς
3211 4961 3576 5037 παραμυθίαν,
3631 4961 3695 5016 τὸ
3747 4958 3934 5014 εἰδέναι

2291 5055 2374 5109 ὅτι
2401 5058 2497 5110 τοῦ
2531 5055 2769 5127 Χριστοῦ
2805 5053 3040 5126 ὑπάρχει
3069 5052 3133 5106 τὶ
3165 5052 3310 5120 πάθη
3359 5050 3393 5106 ὂί
3447 5051 3602 5106 αὐτοὶ
3645 5053 3932 5124 πάσχουσι,

2295 5145 2369 5218 μὴ
2431 5143 2512 5198 ὅτι
2565 5142 2654 5197 καὶ
2708 5143 3054 5216 παράκΑτ,σις
3109 5145 3204 5195 τοῦ
3261 5145 3496 5215 Χριστοῦ
3554 5141 3931 5212 περισσεύουσα

2291 5233 2358 5302 ἦν
2389 5231 2464 5293 εἰς
2495 5229 2708 5300 αὐτοὺς,
2761 5231 3020 5304 εὐθυμίας
3059 5231 3246 5292 αὐτοῖς
3306 5230 3557 5306 ἀφορμὰς
3611 5229 3926 5302 ἐμποιοῦσα,

2291 5323 2420 5377 ὡσεὶ
2461 5320 2636 5397 ἔλεγε·
2671 5321 2928 5398 Ηεροσσαὶ
2984 5323 3080 5391 μὲν
3143 5323 3195 5377 αἱ
3239 5317 3478 5396 θλίψεις,
3537 5319 3682 5376 ἀλλὰ
3738 5319 3928 5392 πολλῷ

2291 5413 2482 5470 πλεῖον
2529 5415 2563 5484 ἡ
2607 5411 2971 5487 παράκλησις.
3035 5439 3063 5466 ιι
3130 5412 3320 5476 Οὕτως
3388 5410 3476 5469 διὰ
3543 5416 3642 5469 τοῦ
3701 5413 3926 5486 Χριστοῦ

2293 5503 2598 5582 περισσεύει
2641 5501 2732 5558 καὶ
2761 5504 2796 5574 ἡ
2841 5501 3193 5579 παράκλησις
3251 5505 3434 5579 ἡμῶν.
3467 5527 3495 5558 ››
3553 5501 3926 5582 Περισσεύουσι
