4158 6194
220 351 336 416 913

1174 351 1591 416 COMMENT.
1640 352 1719 415 IN
1761 352 2010 415 EPIST.
2055 353 2110 415 ιι
2155 351 2269 415 ΑΒ
2313 355 2687 417 CORINTH.

3517 362 3637 425 9M

229 488 344 563 μὶν,
404 485 591 566 φησὶν,
648 483 703 542 ἒν
762 486 897 573 ἡμῖν
954 486 1009 543 oi.
1066 487 1486 563 πειρασμοῖκαὶ
1529 490 1585 547 αἱ
1635 485 1876 564 θλίψεις,

1991 508 2171 565 quam
2228 493 2341 564 bas,
2391 492 2698 550 abundant
2751 495 3210 554 consolationes.
3253 499 3376 565 Quo
3408 506 3577 573 pacto
3606 502 3635 562 7

225 574 367 635 ἀλλὰ
422 575 512 631 καὶ
568 576 776 631 τούτων
836 571 915 632 ἔτι
970 573 1186 650 μᾶλλον
1244 577 1652 653 περισσεύουσιν
1681 579 1737 634 αἱ
1767 597 1875 633 πα-

223 663 536 741 ρακλήσειςο
597 670 766 733 πῶςς
823 666 909 722 ὅτι
966 665 1029 721 ού
1089 666 1250 739 μόνον
1313 664 1719 738 διαπεόἀζουσι
1775 668 1873 729 τὰς

220 756 454 830 θλίψεις,
531 753 678 811 ἀλλὰ
752 757 840 812 καὶ
933 756 1146 832 χαίρειν
1218 760 1706 834 παρασκευάζουσι,
1781 758 1870 813 καὶ

220 847 505 925 στεφάνους
561 846 651 902 καὶ
714 842 942 921 βραδεῖα
995 849 1366 922 προξενοῦσιν.
1426 849 1504 905 Uti
1561 850 1697 904 κατὰ
1746 848 1873 904 ἁνα-

222 933 432 1010 λογίαν,
488 939 644 1011 εησξ,
730 941 838 991 τῶν
912 934 1149 1010 θλίψεων
1208 939 1244 1008 ἡ
1299 936 1668 1013 παρακλησις,
1726 936 1874 994 ἀλλὰ

218 1024 417 1099 πολλῷ
470 1031 689 1098 μείζων.
744 1026 1054 1100 Περισσεύει
1097 1026 1225 1104 γὰρ,
1277 1029 1464 1108 φησίν,
1514 1030 1548 1097 ἡ
1581 1026 1870 1102 παράκλη-

222 1138 326 1180 σις.
359 1142 388 1169 ‹‹
423 1116 545 1173 Ε’ἷτε
577 1111 902 1191 θλιϐόμεθα,
961 1118 1145 1195 φησδν,
1208 1119 1342 1192 ὑπὲρ
1397 1123 1497 1185 τῆς
1561 1118 1712 1192 ὑμῶν
1764 1139 1870 1173 σω-

218 1206 409 1279 τηρίας
466 1206 557 1261 καὶ
612 1206 1016 1281 παρακλήσεως
1097 1204 1421 1280 θλίϐόμεθα.
1474 1232 1505 1260 »ι
1564 1213 1727 1277 Πῶςς
1786 1208 1874 1264 ὅτι

224 1294 342 1367 ὶξῆν
374 1298 511 1367 ἡμῖν
565 1296 968 1370 ἀπαγορεύσασι
1026 1298 1090 1353 τὸ
1144 1297 1459 1372 κηρύσσειν,
1513 1296 1569 1354 ἐν
1598 1295 1753 1368 ἀδείᾳ
1780 1297 1873 1353 καὶ

222 1383 486 1463 ἀσφαλείᾳ
545 1384 701 1442 εἶναι.
761 1383 939 1441 Ἀλλᾶ
997 1384 1212 1461 μᾶλλον
1260 1388 1561 1462 αἱρούμεθα
1592 1380 1871 1451 θλίϐεσθαι

221 1474 314 1529 καὶ
344 1472 695 1543 κινδυνεύειν,
738 1474 827 1529 ἳνα
888 1476 1027 1547 ὑμᾶς
1084 1473 1174 1531 διὰ
1228 1480 1326 1532 τοῦ
1381 1475 1734 1552 κηρύγματος
1765 1476 1875 1530 σώ-

226 1586 401 1639 σωμεν
502 1565 592 1620 καὶ
692 1563 1157 1641 παρακαλέσωμεν
1260 1566 1394 1642 πρὸς
1490 1568 1591 1637 τὴν
1665 1586 1870 1622 πιστιν.

225 1655 434 1713 Οὐκοῦν
487 1655 619 1729 ὑπὲρ
676 1662 777 1724 τῆς
834 1656 988 1729 ὑμῶν
1045 1660 1322 1731 σωτηρίας
1366 1656 1463 1717 τὰς
1494 1655 1707 1729 θλίψεις
1738 1656 1871 1712 ὑπο⁶

228 1744 478 1819 μένομεν,
534 1752 634 1814 τῆς
694 1744 1087 1820 ἐνεργουμένης
1145 1746 1198 1803 ἰν
1259 1748 1412 1820 ὑμῖν,
1468 1746 1769 1811 τουτέστιν,
1814 1747 1875 1802 ἐκ

219 1841 321 1903 τῆς
350 1839 445 1889 τοῦ
477 1834 636 1908 ἁγίου
693 1834 1009 1907 Ilva-Sparte:
1071 1833 1372 1910 δυνάμεως,
1428 1840 1528 1893 τοῦ
1572 1838 1640 1892 τὰ
1669 1842 1874 1910 σημεῖα

228 1924 591 2002 ἱνεργοῦντος.
623 1950 649 1976 ι(
682 1932 794 1994 Τῆς
819 1926 1237 2004 ἐνεργουμὲνης,
1273 1952 1299 1979 υ
1337 1929 1610 1984 τουτέστιν
1639 1926 1692 1982 ἐν
1721 1928 1872 2002 ὑμίν.

232 2037 262 2066 ‹‹
314 2016 403 2071 Ἐν
483 2015 755 2089 ὑπομονῇ.
836 2018 1168 2091 Ἐνεργεῖται
1226 2017 1278 2073 ἐν
1332 2018 1457 2092 ὑμῖν
1512 2020 1548 2088 ἡ
1608 2016 1875 2092 σωτηρία,

226 2104 410 2184 φησὶν,
450 2103 499 2159 ἐν
536 2106 783 2179 ὑπομονῇ
817 2103 936 2160 οὖσι
982 2111 1090 2161 τῶν
1145 2106 1279 2162 ἲσων
1333 2110 1469 2183 ἡμῖν
1514 2107 1874 2182 παθημάτων.

223 2196 427 2268 ’Ὠσπερ
487 2194 589 2267 γὰρ
644 2196 807 2267 ἡμεῖς
861 2194 1230 2271 κηρύσσοντες
1277 2198 1668 2271 πειραζόμεθα,
1701 2197 1875 2259 οὕτως

220 2278 313 2333 καὶ
370 2278 527 2352 ὑμεῖς
590 2281 1004 2351 μαθητεύοντες.
1065 2279 1293 2352 Πολλὴν
1352 2279 1410 2337 δὲ
1466 2283 1663 2357 ἀρετὴν
1691 2282 1879 2345 αὑτοῖς

230 2374 512 2443 μαρτυρεῖ,
566 2368 651 2424 δτι
712 2370 845 2441 μετὰ
929 2374 1248 2445 πειρασμῶν
1333 2368 1588 2447 εδὲχοντο
1656 2372 1718 2427 τὸ
1775 2373 1877 2441 κή-

231 2477 426 2532 ρυγμα.
467 2482 492 2513 ε
526 2457 628 2514 Καὶ
657 2460 691 2527 ἡ
723 2456 881 2523 ἐλπὶς
931 2461 1115 2532 ἡμῶν.
1151 2483 1177 2511 ιι
1238 2494 1308 2504 —
1364 2463 1575 2535 [ΦΩΤ.]
1623 2460 1756 2516 Ποία
1784 2458 1880 2516 ἰλ-

227 2547 354 2616 πίς;
388 2548 470 2602 ὃτι
511 2547 872 2621 ἐνεργουμένη
932 2547 1081 2605 ἔσται
1140 2550 1191 2605 ἐν
1248 2551 1376 2624 ὑμῖν
1409 2553 1444 2621 ἡ
1477 2551 1749 2626 σωτηρία,
1779 2550 1876 2606 κᾶν

228 2636 298 2692 τὰ
352 2636 487 2693 αὑτὰ
542 2638 679 2709 ἡμῖν
764 2639 854 2693 καὶ
943 2639 1071 2712 ὑμῖν
1152 2639 1495 2719 συνενεχθείη
1557 2641 1877 2712 παθήματα.

225 2732 392 2795 Πῶς;
456 2725 969 2801 Παρακαλούμενοι,
1032 2730 1167 2803 ὑπερ
1229 2736 1331 2797 τῆς
1393 2730 1548 2803 ὑμῶν
1603 2729 1880 2804 σωτηρίας

224 2814 713 2891 παρακαλούμεθα,
809 2816 1105 2891 ἀπόδειξιν,
1180 2818 1368 2896 φησὶν,
1473 2817 1706 2883 ἐντεῦθεν
1787 2817 1879 2874 καὶ

224 2911 424 2983 γνῶσιν
480 2903 969 2983 ἀναμφισϐήτητον
1028 2904 1426 2982 λαμϐάνοντες,
1458 2910 1542 2966 δτι
1598 2910 1690 2965 καὶ
1724 2910 1878 2981 ὑμεῖς

221 2994 731 3070 παρακληθάσεσθε,
791 2997 931 3054 ὥστε
1007 2998 1161 3055 οὑδὶν
1247 3002 1409 3069 ἧττον
1466 2998 1520 3055 ἐν
1577 3000 1666 3063 οἷς
1720 2998 1878 3054 αὐτοὶ

231 3083 472 3161 ῥυόμεθα
572 3090 681 3142 τῶν
781 3094 1096 3163 πειρασμῶν
1192 3087 1677 3165 παρακαλούμεθα,
1752 3085 1881 3143 ἀλλ’

225 3174 436 3245 ὁμοίως
468 3176 557 3229 καὶ
609 3174 661 3230 ἐν
706 3178 795 3239 οῖς
854 3182 1037 3251 σαφῶς
1094 3176 1256 3251 ἲσμεν
1306 3178 1392 3233 καὶ
1433 3178 1767 3251 μεπείσμεθα
1796 3176 1880 3231 ὅτι

221 3244 714 3339 παρακληθήσεσθε
772 3266 862 3322 καὶ
924 3244 1101 3341 ὑμεῖς.
1158 3244 1331 3332 Πόθεν
1366 3244 1876 3336 δὶντοῦταδῆλονς
1912 3244 1954 3310 C

228 3352 470 3423 αὐτόθεν,
544 3354 725 3435 φησίν.
802 3358 1003 3431 Ὠσπερ
1072 3357 1176 3434 γὰρ
1250 3357 1367 3413 ἐστὶ
1437 3358 1695 3413 κοινωνοὶ
1767 3360 1876 3411 τῶν

227 3448 547 3516 πειρασμῶν
598 3444 690 3500 καὶ
745 3450 855 3502 τῶν
913 3445 1178 3522 θλίψεων,
1238 3447 1416 3509 οὕτως
1447 3443 1629 3510 ἔσεσθε
1656 3446 1878 3514 καὶτῆς

221 3533 649 3606 παρακλήσεως.
716 3558 737 3586 ι
793 3533 995 3593 Βεόαἶα
1075 3536 1208 3610 ὑπὶρ
1262 3535 1437 3609 ὑμῶν,
1493 3558 1522 3587 ››
1577 3536 1878 3604 τουτέστιν,

224 3619 328 3677 ὅσα
380 3620 439 3676 ἄν
500 3624 789 3698 πάσχητε,.
832 3623 1136 3701 θαῤῥοῦμεν
1194 3624 1276 3681 δτι
1340 3624 1403 3680 οὑ
1457 3625 1882 3700 παρατραπήσε-

226 3721 342 3782 σθε,
400 3708 524 3769 οὔτε
581 3712 1000 3789 ἀπαγορεύσετε,
1055 3712 1180 3770 οὔτε
1265 3714 1400 3789 ὑπὲρ
1455 3714 1529 3769 ῶν
1587 3713 1743 3786 ὑμεῖς
1776 3712 1883 3768 πά-

227 3820 407 3875 σχετε,
442 3798 566 3857 οὔτε
596 3802 729 3875 ὑπὶρ
778 3805 855 3858 ῶν
914 3806 1064 3876 ἡμᾶς
1121 3804 1437 3883 πάσχοντας
1469 3804 1668 3878 ὀρᾶτας
1699 3804 1880 3878 ὁρᾶτε.

231 3913 254 3940 ι
288 3889 442 3965 Ὑπὲρ
472 3897 582 3963 μῆς
611 3892 762 3965 ὑμῶν
796 3892 1195 3967 παρακλήσεως
1225 3891 1317 3949 καὶ
1346 3893 1642 3969 σωτηρίας.
1675 3916 1705 3947 ιι
1734 3898 1883 3950 "Aves

225 3975 421 4043 εἰπὼν,
474 3979 560 4036 ὅτι
618 3979 778 4055 Ὑπὲρ
864 3983 962 4051 τῆς
1038 3981 1299 4057 ὑμετέρας
1351 3982 1624 4056 σωτηρίας
1681 3976 1882 4046 θλιϐό-

228 4068 387 4139 μεθα,
416 4065 505 4121 ἳνα
538 4070 615 4143 μή
669 4066 798 4144 δόξῃ
857 4067 1108 4144 ἐπαχθής
1165 4090 1247 4134 τις
1302 4069 1464 4141 εἶναι,
1492 4075 1585 4125 νῦν
1619 4067 1767 4147 λέγει
1798 4068 1882 4125 ὅτι

231 4153 340 4213 Καὶ
394 4156 526 4228 ὑπὲρ
584 4164 684 4226 τῆς
736 4159 889 4231 ὑμῶν
948 4159 1223 4235 σωτηρἀς
1278 4157 1763 4235 παρακαλούμεθα,
1794 4157 1887 4214 ἳνα

238 4247 319 4319 μή
422 4248 909 4325 ἀπαγορεύσαντες,
981 4248 1355 4326 ἀμελήσωμεν
1432 4258 1530 4320 τῆς
1607 4248 1883 4321 σωτηρίας

230 4336 406 4408 ὑμῶν,
483 4336 519 4406 ἢ
593 4337 681 4393 ’ἱνα
752 4337 1169 4416 παρακληθῆτε.
1246 4342 1480 4415 ὁρῶντες
1554 4341 1702 4414 ἡμᾶς
1780 4338 1886 4395 ὑπὸ

236 4429 377 4481 Θεοῦ
434 4427 977 4501 παρακαλουμειους.
1034 4431 1239 4504 ’Ὠσπερ
1295 4429 1420 4503 γὰρ,
1479 4428 1633 4507 φησὶ.
1692 4447 1890 4482 κοινω-

238 4514 327 4569 νοί
381 4515 498 4571 ἐστε
553 4519 662 4570 τῶν
713 4518 1076 4594 παθημάτων,
1129 4518 1302 4581 οὕτως
1356 4513 1465 4573 ἔδει
1511 4516 1649 4573 κατὰ
1673 4517 1737 4572 τὸ
1765 4514 1890 4570 ἀκό-

1985 583 2131 649 Quia
2160 596 2280 638 non
2312 583 2503 638 solum
2535 583 2829 655 dissipant
2866 585 3244 655 afﬂictiones,
3278 589 3380 644 sed
3402 597 3461 646 et
3487 608 3628 664 gau-

1983 670 2147 727 dium
2171 671 2492 731 adducunt.
2527 678 2587 728 et
2615 689 2865 729 coronas
2896 691 2963 730 ac
3023 676 3225 732 bravia
3280 680 3623 737 conciliant.

1983 762 2108 816 Non
2140 760 2214 816 ad
2247 761 3345 835 proportionem,inquit,afﬂictionum
3378 775 3469 825 est
3495 787 3630 827 con-

1984 849 2216 912 solatio,
2250 849 2353 905 sed
2394 851 2581 906 multo
2612 855 2923 921 majorest.
2952 856 3094 910 Nam
3120 855 3626 929 abundat,inquit,

1982 938 2332 994 consolatio.
2368 961 2395 988 ‹‹
2431 940 2560 996 Sive
2582 940 2905 1011 afﬂigimur
2929 943 3052 1013 (ait)
3068 960 3173 1015 pro
3206 947 3379 1001 vestri
3413 949 3625 1005 exhor-

1983 1030 2205 1087 tatione
2238 1039 2296 1087 et
2325 1031 2514 1089 salute
2547 1032 2885 1105 afﬂigimur.
2920 1059 2947 1084 ν
2972 1034 3277 1099 Quomodo
3300 1037 3472 1103 ?Quia
3493 1040 3630 1097 lice-

1980 1126 2073 1175 ret
2101 1121 2273 1177 nobis
2303 1138 2336 1177 a
2360 1122 2781 1193 praedicatione
2812 1125 3200 1181 cessantibus.
3230 1126 3289 1180 in
3316 1129 3630 1186 securitate

1982 1215 2041 1265 et
2056 1210 2281 1282 absque
2298 1212 2506 1267 timore
2530 1211 2747 1284 degere
2770 1230 2783 1267 :
2808 1212 2910 1268 sed
2936 1215 3132 1284 potius
3152 1213 3427 1288 eligimus
3448 1216 3631 1289 afﬂigi

1982 1300 2481 1372 acpericlitari,ut
2497 1317 2596 1356 vos
2619 1317 2723 1373 per
2744 1301 3228 1372 praedicationem
3253 1304 3444 1360 salvos
3458 1304 3637 1360 facia-

1986 1405 2139 1452 mus,
2172 1396 2232 1445 et
2259 1389 2333 1445 ad
2357 1387 2535 1445 ﬁdem
2588 1390 2990 1447 exhortemur.
3023 1392 3393 1449 Afﬂictiunes
3431 1394 3633 1466 itaque

1982 1478 2347 1534 sustinemus
2371 1495 2474 1551 pro
2508 1484 2700 1535 vestra
2731 1480 2943 1544 salute,
2983 1481 3039 1536 id
3072 1488 3180 1540 est.
3221 1498 3353 1553 qua)
3388 1483 3446 1538 in
3470 1484 3633 1540 vobis

1983 1568 2379 1624 efl?citur.hoc
2406 1573 2495 1623 est
2524 1585 2595 1623 ex
2618 1569 2830 1624 virtute
2857 1569 3109 1640 Spiritus
3131 1572 3318 1626 sancti
3343 1573 3443 1642 qui
3465 1574 3635 1646 signa

1983 1657 2184 1713 efficit.
2219 1678 2246 1708 «
2267 1659 2405 1722 Qum
2436 1657 2710 1718 efﬂcitur.
2749 1681 2769 1705 ιι
2806 1674 3020 1730 nempe
3051 1660 3113 1715 in
3142 1660 3322 1717 vobis.
3344 1686 3367 1708 ιι
3393 1664 3455 1718 ln
3477 1664 3634 1719 594

1982 1746 2315 1803 tolerantia.
2355 1767 2384 1796 »
2416 1746 2701 1807 Efﬂcitur,
2737 1747 2946 1819 inquit.
2973 1750 3132 1806 salus
3163 1750 3224 1805 in
3254 1751 3546 1823 vobis.qui
3572 1754 3633 1807 in

1907 1869 1953 1935 Β
1985 1837 2314 1908 aequalibus
2345 1836 2656 1893 nobiscum
2690 1838 2834 1893 estis
2864 1837 3308 1895 afﬂictionibus.
3340 1841 3634 1906 Quemad-

1986 1929 2228 1987 modum
2262 1929 2420 1985 enim
2454 1929 2776 2002 afﬂigimur
2804 1947 2912 1986 nos
2931 1931 3031 2002 qui
3057 1931 3557 2002 prmdicamusﬁta
3579 1938 3639 1987 et

1982 2036 2082 2075 vos
2114 2020 2214 2092 qui
2248 2018 2498 2075 discitis.
2530 2022 2860 2075 Attestatur
2881 2027 3082 2075 autem
3100 2020 3186 2076 eis
3218 2020 3379 2091 quod
3411 2038 3638 2093 magnas

1984 2108 2104 2164 sint
2133 2108 2386 2172 virtutis,
2420 2107 2561 2179 quia
2587 2109 2743 2163 inter
2790 2108 3177 2165 afﬂictionem
3236 2110 3641 2181 suscipiebant

1982 2194 2492 2267 praedicationem.
2554 2218 2575 2244 ι
2612 2195 2682 2249 Et
2729 2211 2831 2266 spe
2876 2201 3102 2251 nostra.
3138 2218 3167 2243 »ι
3226 2227 3295 2236 —
3352 2198 3636 2261 Quaenam

1985 2302 2119 2358 spes
2150 2285 2178 2340 ‘I
2200 2301 2413 2356 nempe
2463 2284 2622 2356 quod
2652 2284 3014 2355 perficienda
3043 2285 3121 2339 sit
3150 2285 3211 2340 in
3261 2285 3426 2340 vobis
3452 2287 3635 2347 salus.

1985 2390 2349 2446 quamquam
2381 2373 2605 2429 eaedem
2640 2373 2811 2428 nobis
2828 2389 2895 2428 ac
2916 2373 3081 2428 vobis
3112 2375 3461 2447 contingant
3484 2376 3636 2431 afﬂi-

1986 2461 2582 2527 ctiones.Quomodo?
2603 2462 3086 2518 Consolationem
3108 2463 3494 2535 accipientes,
3527 2481 3634 2535 pro

1984 2560 2179 2610 vestra
2209 2553 2399 2608 salute
2429 2553 3503 2625 consolamur,probationem,inquit,
3525 2572 3635 2613 no-

1985 2644 2295 2715 titiamque
2346 2642 2739 2699 indubitatam
2794 2643 3173 2714 accipientes,
3230 2643 3387 2714 quod
3432 2649 3491 2699 et
3534 2661 3634 2700 vos

1983 2734 2455 2790 consolationem
2481 2732 2873 2789 indubitatam
2892 2732 3287 2802 accipietiszut
3300 2748 3422 2788 non
3436 2734 3636 2788 minus

1985 2823 2452 2880 consolationem
2476 2822 2838 2893 accipiamus
2853 2822 2914 2876 in
2930 2820 3356 2876 afﬂictionibus
3375 2838 3407 2876 a
3421 2822 3638 2892 quibus

1985 2913 2096 2984 ipsi
2121 2910 2575 2968 liberamur.sed
2605 2910 2908 2964 similiter:
2935 2912 2994 2964 in
3018 2910 3234 2980 quibus
3255 2910 3433 2965 etiam
3460 2910 3637 2981 plane

1987 3003 2209 3058 scimus
2232 3018 2300 3056 ac
2330 3000 2687 3055 confidimus
2717 2999 2874 3069 quod
2908 3006 2968 3053 et
3010 3015 3110 3053 vos
3167 2999 3636 3056 consolationem

1987 3088 2482 3162 accipietis.Unde
2507 3088 2619 3144 hoc
2642 3088 3020 3142 manifestum
3044 3086 3180 3142 est?
3198 3089 3276 3143 Ex
3309 3087 3636 3153 codem,in-

1988 3179 2155 3251 quit;
2188 3194 2327 3232 nam
2358 3177 2512 3232 sicut
2540 3176 2859 3248 participes
2917 3176 3061 3232 estis
3110 3177 3507 3233 tentationum
3581 3184 3640 3235 et

1984 3268 2397 3332 afﬂictionum,
2423 3267 2508 3323 sic
2546 3266 2729 3322 futuri
2752 3266 2895 3322 estis
2916 3266 3431 3322 etconsolationis.
3461 3289 3490 3318 ‹‹
3510 3267 3637 3324 Είιι.

1986 3374 2085 3414 ma
2129 3373 2236 3429 pro
2267 3356 2450 3412 vobis.
2486 3376 2508 3400 -
2531 3356 2648 3411 Poc
2677 3360 2789 3415 est.
2815 3361 3275 3427 quantacunque
3296 3356 3633 3427 patiamini,

1988 3445 2344 3503 conﬁdimus
2367 3443 2527 3517 quod
2557 3460 2679 3499 non
2696 3443 3111 3515 pervertemini
3145 3458 3340 3513 neque
3362 3443 3637 3515 despera-

1988 3535 2150 3603 bitis,
2180 3550 2291 3590 nec
2316 3533 2391 3591 ob
2414 3550 2483 3589 ea
2513 3550 2645 3606 qum
2676 3532 2972 3606 patimini,
2992 3548 3103 3589 nec
3132 3531 3207 3588 ob
3238 3532 3345 3588 illa
3373 3549 3629 3605 quaanos

1988 3625 2111 3697 pati
2137 3624 2660 3696 conspicitis.«Pro
2681 3622 2856 3679 vestri
2879 3620 3285 3677 consolatione
3308 3627 3368 3677 et
3383 3622 3593 3678 salute.
3608 3644 3633 3671 ι»

1989 3715 2135 3771 Cum
2166 3713 2439 3786 superius
2470 3713 2754 3770 dixisset:
2791 3734 2819 3763 ‹‹
2853 3714 2964 3767 Pro
2994 3710 3170 3767 vestri
3200 3710 3391 3766 salute
3422 3710 3633 3783 afﬂigi-

1992 3821 2183 3871 mur,»
2207 3821 2283 3859 ne
2303 3803 2495 3876 gravis
2515 3800 2952 3874 quodammodo
2969 3816 3164 3857 sermo
3191 3815 3322 3857 esse
3343 3798 3636 3865 videatur,

1992 3910 2153 3952 nunc
2184 3894 2386 3951 subdit
2412 3910 2425 3948 :
2460 3895 2571 3949 Pro
2592 3898 2784 3949 vestra
2806 3905 3043 3963 quoque
3064 3888 3255 3945 salute
3285 3887 3642 3945 consolatio-

1991 4000 2129 4041 nem
2144 3984 2471 4057 arcipimus
2495 3999 2602 4040 :ne
2624 3982 3251 4039 deﬂoientes.vestram
3273 3979 3500 4053 neglige
3512 3994 3644 4038 mus

1994 4074 2278 4139 salutem;
2302 4073 2392 4128 vel
2411 4070 2880 4129 utconsolemini
2902 4068 3170 4125 videntes
3190 4084 3300 4124 nos
3320 4085 3356 4125 ιι
3376 4070 3491 4126 Deo
3508 4084 3645 4128 con-

1993 4164 2344 4221 solationem
2369 4162 2656 4231 accipere.
2683 4162 2826 4216 Nam
2848 4159 3004 4216 sicut
3031 4160 3416 4234 estis,inquit.
3449 4160 3644 4231 parti-

1994 4254 2044 4309 ci
2053 4268 2157 4324 pes
2176 4250 2683 4313 afﬂictionum,ita
2703 4265 2773 4305 ex
2795 4249 3182 4320 consequenti
3207 4256 3395 4320 oport:
3423 4250 3470 4303 it
3496 4265 3646 4318 quo-

1995 4356 2109 4414 que
2123 4357 2253 4397 esse
2274 4346 2333 4396 et
2355 4338 2841 4396 consolationis.«
2866 4339 3008 4394 Cum
3043 4339 3299 4395 sciamus
3316 4335 3477 4407 quod
3496 4338 3650 4391 sicut

1996 4429 2316 4503 participes
2339 4429 2483 4484 estis
2535 4427 2945 4486 afﬂictionum.
2973 4448 3003 4478 »
3026 4427 3147 4484 Hoc
3175 4426 3337 4482 enim
3369 4424 3643 4481 novimus

1996 4519 2158 4592 quod
2189 4519 2343 4576 sicut
2369 4517 2687 4591 participes
2707 4517 2851 4575 estis
2877 4515 3383 4579 tentationumdta
3406 4528 3644 4586 quoque

228 4600 432 4659 λουθον
505 4606 800 4666 κοινωνοὺς
885 4606 1017 4665 εἶναι
1102 4606 1192 4662 καὶ
1275 4612 1375 4675 τῆς
1457 4600 1876 4680 παρακλήσεως.

1996 4624 2240 4666 necesse
2270 4608 2382 4666 fuit
2409 4613 2476 4663 ut
2502 4624 2608 4664 vos
2630 4607 2948 4680 participes
2969 4605 3180 4662 essetis
3210 4609 3270 4660 et
3286 4602 3644 4662 consolatio-

231 4717 258 4747 α
295 4692 518 4757 Εἱδοτες
577 4695 662 4751 ὅτι
718 4695 900 4771 ὥσπερ
958 4695 1216 4753 κοινωνοί
1289 4695 1408 4752 ἆστε
1462 4699 1571 4751 τῶν
1628 4695 1887 4768 παθημάο

224 4803 357 4840 των.
394 4808 422 4835 ››
482 4785 652 4841 Τοῦτο
712 4785 816 4863 γὰρ
876 4783 1079 4848 εἰδότες
1136 4785 1321 4858 ἂσμὶν,
1398 4783 1484 4841 ὅτι
1539 4782 1722 4859 ὥσπερ
1771 4783 1890 4840 tot}.

225 4878 340 4929 τῶν
399 4880 719 4949 πειρασμῶν
790 4876 1070 4944 κοινωνοὶ,
1155 4876 1328 4938 οὕτως
1396 4875 1535 4947 ὑμᾶς
1596 4873 1890 4948 ἰπάναγκες

220 4961 366 5017 εἶναι
408 4959 491 5018 δεῖ
547 4964 637 5019 καὶ
693 4971 795 5033 τῆς
845 4964 1247 5037 παρακλήσεως
1276 4965 1588 5027 κοινωνούς.
1622 4965 1887 5037 Ὀρῶντες

214 5050 326 5125 γὰρ
398 5053 546 5124 ἡμᾶς
602 5049 1143 5127 παρακαλουμένους.
1217 5050 1498 5116 εὐέλπιδες
1567 5050 1747 5108 ἔσεσθε
1799 5051 1891 5108 καὶ

218 5139 410 5211 ὑμεῖς,
469 5141 555 5198 ὅτι
615 5139 782 5199 ὲπειδ’
858 5142 918 5198 ἃν
997 5148 1325 5217 πειρασμοῖς
1379 5141 1731 5217 περιπέσητε,
1787 5162 1890 5197 πα-

218 5229 638 5304 ρακληθήσεσθε
692 5233 783 5288 καὶ
846 5235 1004 5307 ὑμεῖς
1063 5234 1245 5309 ὥσπερ
1302 5232 1392 5288 καὶ
1448 5235 1635 5304 ἡμεῖς.
1686 5234 1891 5308 ’Ὠσπερ

216 5320 336 5396 γὰρ
364 5322 621 5378 κοινωνοί
676 5320 795 5379 ἔστε
854 5328 960 5378 τῶν
1018 5324 1388 5396 παθημάτων,
1447 5322 1620 5386 οὕτως
1670 5322 1891 5390 καὶτῆς

222 5408 639 5486 παρακλήσεως
734 5415 1118 5485 κοινωνησετε.
1226 5411 1577 5489 ΙΙαρᾶκλησις
1673 5409 1730 5467 δὶ
1804 5409 1889 5480 εἲη

224 5500 323 5570 ἃν,
401 5501 436 5568 ἢ
511 5501 574 5555 τὸ
649 5510 1081 5578 περιαιρεθῆναι.
1157 5503 1285 5567 τοὺς
1360 5501 1723 5579 πειρασμοίκ,
1798 5501 1891 5555 καὶ

302 5679 331 5712 ⁵
359 5679 579 5738 Colon.
616 5698 657 5753 ι,
691 5681 779 5737 84.

1999 4699 2115 4755 nis.
2147 4698 2427 4755 Videntes
2458 4698 2618 4754 enim
2657 4712 2768 4754 nos
2824 4695 3295 4753 consolationem
3352 4693 3642 4764 accipere,

1999 4787 2156 4844 bono
2188 4787 2354 4844 eritis
2384 4793 2444 4843 et
2470 4803 2572 4843 vos
2619 4786 2841 4852 animo,
2875 4783 3033 4857 quod
3062 4780 3549 4855 quandoquidem
3580 4795 3644 4835 ιιι

1998 4877 2385 4934 afﬂictionem
2407 4875 2759 4942 incideritis,
2779 4872 3251 4930 consolationem
3280 4886 3381 4926 vos
3411 4882 3647 4941 quoque

1998 4966 2302 5036 accipietis
2325 4965 2479 5020 sicut
2508 4969 2565 5020 et
2595 4980 2722 5019 nos.
2771 4962 2930 5018 Sicut
2960 4961 3121 5016 enim
3152 4959 3474 5032 participes
3506 4958 3652 5014 estis

1998 5053 2505 5120 afﬂlclionum,ita
2532 5067 2769 5123 quoque
2796 5058 2856 5108 et
2885 5050 2945 5106 in
2975 5048 3381 5107 consolatione
3410 5046 3651 5119 partici-

1999 5143 2239 5217 pabitis.
2272 5142 2607 5198 Consolatio
2655 5147 2857 5198 autem
2896 5140 3013 5197 dici
3070 5144 3288 5212 potest,
3340 5136 3432 5193 vel
3491 5134 3652 5209 quod

2001 5232 2382 5288 auferrentur
2409 5230 2762 5287 afﬂictiones
2801 5230 2890 5286 vel
2923 5230 3083 5302 quod
3132 5246 3205 5285 ex
3271 5228 3574 5299 insperato
3622 5241 3656 5280 a

1998 5320 2397 5394 praesentibus
2428 5319 2823 5376 liberarentur
2851 5318 3136 5392 periculis
3170 5336 3183 5384 ;
3229 5321 3328 5373 aut
3383 5314 3541 5387 quod
3586 5314 3649 5368 in

1999 5412 2211 5469 mediis
2232 5412 2537 5468 constituti
2568 5411 3125 5484 periculis,viri.iter
3144 5423 3479 5480 magnoque
3514 5403 3646 5460 aui-

2000 5517 2098 5557 mo
2126 5501 2353 5558 ferrent
2380 5517 2511 5571 quae
2532 5500 3223 5571 inciderent,futurorum
3240 5513 3344 5568 spe
3360 5492 3644 5551 roborati:
