4158 6194
493 359 611 422 915

494 587 696 637 noster
727 596 965 635 manum
990 579 1331 651 porrigeret.

1614 352 2041 417 (ECUMENII
2086 352 2395 415 Ἱππίεω
2439 336 2795 417 E‘PISCOPI

496 491 654 564 quod
683 488 804 546 fieri
827 504 947 544 non
978 489 1201 560 posset,
1259 485 1377 543 nisi
1433 487 1700 543 Christus
1758 503 1930 543 verus
1986 488 2140 543 Deus

2261 484 2684 559 ἀπροσδοκήτως
2712 548 2717 553 ,
2757 485 2818 543 ἐκ

2235 576 2647 651 ἀπαλλαγῆναι,
2713 575 2750 646 ἤ

3783 350 3908 413 916

2917 491 3029 543 τῶν
3105 485 3539 563 περιεστηκότων
3618 479 3903 563 δυσχερῶν

2828 578 2918 632 καὶ
2993 579 3055 634 τὸ
3130 576 3181 632 ἐν
3255 576 3439 637 αὐτοῖς
3506 577 3692 648 μέσοις
3731 572 3896 634 ὄντας

490 673 606 727 τοῖς
639 665 851 727 δεινοῖς,
884 665 1144 741 εὐψύχως
1176 666 1264 720 καὶ
1294 665 1549 741 γενναίως
1578 686 1754 741 φερειν
1788 686 1854 721 τα
1887 664 2284 738 συμπίπτοντα,
2338 670 2408 739 τῇ
2466 671 2574 722 τῶν
2638 664 2958 739 μελλόντων
2990 664 3177 721 ἐλπίδι
3206 664 3624 740 νευρουμένους,
3652 663 3682 718 δ
3713 662 3815 718 οὐκ
3846 663 3906 717 ἂν

492 754 723 831 γένοιτο.
769 757 844 827 μή
879 757 1114 826 Χριστοῦ
1141 759 1237 810 τοῦ
1269 754 1535 826 ἀληθινοῦ
1568 753 1700 810 Θεοῦ
1730 756 1891 827 ἡμῶν
1918 760 2079 830 χεῖρα
2108 756 2468 830 παρέχοντος.

563 846 714 903 595
764 850 802 910 l,
836 847 919 900 8-1
940 850 982 900 l.
1018 869 1044 894 ‹‹
1079 848 1204 901 Νοη
1235 846 1393 901 enim
1416 846 1687 902 volumus
1719 863 1817 900 vos
1847 846 2139 918 ignorare,

492 957 520 985 (ι
554 935 787 997 fratres,
819 934 892 989 de
921 934 1241 990 afflictione
1261 942 1462 990 nostra
1486 952 1616 1006 quae
1640 935 1809 989 nobis
1841 935 2056 990 accidit
2078 936 2140 989 in

496 1046 525 1075 ‹‹
557 1025 716 1091 Asia,
750 1024 1036 1095 quoniam
1069 1041 1248 1095 supra
1274 1025 1512 1078 modum
1547 1024 1767 1096 gravati
1796 1024 2015 1079 fuimus
2046 1024 2143 1077 ul-

497 1135 524 1161 ·
558 1119 648 1169 tra
676 1113 833 1168 vires
854 1131 868 1169 :
888 1113 1036 1169 adeo
1058 1119 1124 1168 ut
1143 1113 1214 1169 de
1246 1114 1362 1169 vita
1393 1129 1630 1185 quoque
1661 1113 2135 1184 desperaremus.

497 1224 527 1254 ιι
557 1202 705 1270 Quin
742 1203 853 1276 ipsi
878 1202 938 1259 in
956 1202 1277 1275 nobisipsis
1306 1219 1656 1275 responsum
1672 1204 1888 1258 mortis
1918 1204 2139 1259 habue-

499 1313 524 1347 ι
556 1310 763 1350 ramus
794 1310 868 1349 ne
897 1294 1335 1350 conﬂderemus
1378 1294 1439 1348 in
1494 1293 1666 1348 nobis
1698 1293 1863 1364 ipsis,
1923 1293 2027 1348 sed
2077 1295 2139 1348 in

498 1404 528 1433 α
560 1384 682 1438 Deo
712 1383 813 1453 qui
845 1383 1090 1438 suscitat
1136 1390 1418 1443 mortuos,
1466 1384 1566 1454 qui
1605 1398 1675 1436 ex
1736 1387 1899 1437 tanta
1948 1386 2136 1436 morte

496 1474 764 1546 «eripuit
808 1490 917 1529 nos
970 1480 1027 1530 et
1073 1474 1250 1546 eripit
1297 1491 1310 1526 :
1373 1475 1433 1528 in
1466 1491 1581 1545 quo
1615 1490 1781 1546 spem
1811 1473 1987 1528 fixam
2037 1473 2138 1527 ha-

497 1561 784 1629 «bemus,
838 1561 996 1633 quod
1068 1562 1246 1617 etiam
1330 1562 1575 1632 posthac
1653 1567 1965 1633 erepturus
2039 1560 2136 1627 sit,

496 1671 525 1701 ‹‹
550 1650 730 1707 simul
779 1650 1198 1723 adjuvantibus
1237 1656 1295 1705 et
1338 1651 1499 1705 vobis
1522 1667 1626 1721 per
1665 1650 2141 1721 deprecationem

497 1760 526 1791 ι(
559 1755 665 1812 pro
688 1738 891 1795 nobis:
913 1745 978 1794 ut
997 1755 1066 1794 ex
1089 1739 1293 1795 multis
1313 1740 1584 1811 personis
1608 1756 1713 1810 pro
1763 1739 1917 1794 dono
1940 1739 2000 1793 in
2031 1755 2142 1794 nos

498 1852 529 1881 κ
560 1830 797 1899 collato,
830 1847 937 1902 per
963 1830 1183 1887 multos
1212 1831 1413 1903 gratiae
1462 1836 1713 1903 agantur
1762 1847 1867 1902 pro
1896 1830 2079 1886 vobis.
2115 1851 2136 1881 ι

576 1918 793 1977 Deinde
816 1925 1129 1991 postquam
1151 1919 1463 1975 indefinite
1485 1921 1760 1975 meminit
1779 1919 2141 1988 afﬂictionis,

499 2009 646 2065 dicit
674 2024 834 2064 nunc
857 2009 1028 2079 cujus
1060 2009 1400 2064 afﬂictionis
1426 2026 1439 2063 :
1499 2015 1566 2064 ut
1596 2009 1744 2064 nihil
1776 2026 1981 2064 eorum
2012 2025 2143 2079 qum

499 2100 656 2155 circa
685 2115 801 2165 me,
836 2099 1047 2170 inquit,
1071 2105 1358 2171 geruntur
1388 2099 1672 2172 ignoretis
1699 2099 1879 2170 (quod
1907 2099 2142 2166 signum

501 2188 1008 2258 estdilectionis);
1038 2195 1140 2244 aut
1158 2205 1233 2244 ne
1266 2189 1608 2262 ignorantes
1642 2206 1774 2260 qum
1808 2189 1954 2243 mihi
1987 2188 2145 2244 acci-

502 2278 737 2342 derunt,
770 2276 1161 2350 indignemini
1196 2294 1262 2333 eo
1300 2277 1458 2348 quod
1505 2280 1679 2350 juxta
1736 2278 2031 2349 promissa
2070 2276 2143 2332 ad

496 2381 599 2420 vos
630 2381 749 2420 non
775 2365 1058 2420 venerim.
1091 2386 1119 2414 «
1154 2366 1232 2419 De
1261 2364 1583 2419 afﬂictione
1617 2371 1837 2420 nostra.
1872 2386 1900 2415 »
1935 2366 2053 2420 Hoc
2083 2364 2144 2418 in

499 2454 696 2527 priore
745 2470 983 2525 quoque
1049 2453 1404 2526 praedixerat
1436 2454 1743 2525 Epistola:
1809 2455 2143 2519 «Quoniam

502 2543 994 2615 ostiumtinquit,
1047 2543 1192 2597 mihi
1245 2549 1515 2614 apertum
1570 2548 1662 2598 est
1714 2548 1774 2598 et
1825 2544 2145 2599 adverSarii

502 2632 674 2690 multi
696 2630 739 2687 ⁸.
775 2653 804 2681 ››
836 2663 904 2672 -
934 2653 962 2680 ‹‹
998 2631 1286 2697 Quoniam
1313 2648 1490 2704 supra
1511 2632 1756 2687 modum
1786 2634 2006 2704 gravati
2031 2634 2144 2689 fui-

500 2739 655 2780 mus.
683 2744 710 2771 »
743 2723 968 2794 Magna,
993 2721 1208 2792 inquit,
1241 2727 1369 2776 erat
1396 2721 1639 2777 afﬂictio
1669 2728 1727 2775 et
1765 2738 1926 2777 meas
1983 2739 2148 2778 exce-

500 2813 649 2870 dens
668 2813 847 2868 vires:
876 2829 1013 2868 nam
1044 2812 1335 2884 contingit
1355 2828 1622 2885 magnam
1650 2829 1883 2883 quoque
1903 2813 2151 2868 viriliter

502 2904 574 2959 ab
605 2903 806 2975 aliquo
827 2902 990 2959 ferri.
1022 2925 1051 2953 «
1076 2902 1235 2958 Adeo
1266 2909 1333 2958 ut
1362 2902 1434 2957 de
1466 2903 1580 2958 vita
1607 2920 1842 2974 quoque
1874 2904 2148 2975 despera-

504 3008 727 3050 remus.
761 3013 790 3043 »
821 2992 1291 3064 Desperavimus,
1325 2992 1537 3062 inquit.
1579 3008 1691 3047 nec
1731 2993 1988 3048 victuros
2040 3009 2150 3048 nos

2261 2986 2615 3059 Ἀπεγνώσθη
2628 3006 2743 3058 μεν,
2801 2985 2983 3062 φησὶν,

515 3098 646 3139 esse
685 3081 1204 3154 sparabamus,sed
1220 3081 1374 3153 apud
1390 3098 1497 3136 nos
1517 3082 1676 3153 ipsos
1691 3082 2148 3138 existimavimus

503 3171 662 3243 quod
695 3172 939 3226 omnino
970 3187 1377 3226 moreremur:
1440 3188 1579 3226 nam
1639 3172 1750 3227 hoc
1808 3171 2147 3244 signiﬁcat:

505 3280 535 3311 ιι
567 3260 684 3331 Ipsi
715 3259 776 3313 in
804 3260 1123 3329 nobisipsis
1166 3275 1517 3331 responsum
1574 3260 1784 3315 mortis
1838 3276 2151 3332 accepera-

504 3363 677 3411 mus;
713 3368 742 3395 »
772 3346 833 3400 id
860 3346 1033 3401 nobis
1062 3348 1327 3417 pericula
1357 3349 1814 3419 respondebant,
1842 3350 2000 3420 quod
2022 3367 2153 3404 om-

505 3435 649 3489 nino
672 3449 1059 3489 moreremur.
1086 3437 1155 3488 Et
1180 3452 1359 3505 quam
1391 3436 1463 3490 ob
1487 3453 1723 3492 causam
1748 3440 2022 3509 permisit
2044 3456 2152 3493 nos

507 3523 662 3577 Deus
693 3521 768 3576 ad
795 3526 959 3577 tanta
988 3523 1293 3592 pervenire
1324 3524 1627 3595 pericula?
1657 3548 1685 3574 «
1718 3528 1798 3580 Ne
1821 3527 2156 3581 conﬁdere-

511 3626 645 3667 mus
676 3609 737 3665 in
768 3609 1109 3681 nobisipsis.
1145 3632 1173 3659 ››
1204 3611 1366 3674 Quod
1389 3617 1587 3666 autem
1617 3611 2156 3679 dicit,tantumdem

511 3705 602 3757 est
630 3716 698 3755 ac
719 3699 766 3755 si
799 3699 1058 3755 diceret:
1091 3700 1171 3754 Ne
1202 3699 1411 3754 cristas
1441 3700 1755 3771 erigamus,
1788 3718 1863 3756 ne
1889 3702 1963 3757 ob
1992 3719 2156 3772 egre-

509 3791 603 3864 gia
633 3789 897 3846 facinora
929 3788 1321 3855 extollamur;
1355 3788 1513 3861 quod
1546 3790 1724 3845 etiam
1766 3790 1827 3845 in
1876 3809 2156 3862 processu

508 3880 884 3938 manifestius
914 3878 1076 3934 dicit.
1111 3903 1136 3928 ‹‹
1159 3879 1228 3933 Et
1255 3894 1329 3933 ne
1349 3878 1699 3935 excellentia
1730 3881 2153 3938 revelationum

512 3970 830 4025 exlollerer
858 3968 1029 4023 datus
1058 3968 1169 4023 fuit
1197 3968 1342 4022 mihi
1372 3968 1617 4040 angelus
1649 3970 1877 4026 Satanas
1905 3972 1945 4036 ⁷,
1972 3995 1999 4019 ››
2062 3973 2150 4027 in-

515 4058 789 4129 telligens
818 4057 1148 4127 afﬂigentes
1171 4075 1232 4113 se
1250 4074 1318 4113 ac
1350 4065 1646 4121 vexantes,
1676 4067 1928 4115 etunum
1948 4078 2152 4132 quem-

513 4163 629 4218 que
662 4148 873 4204 horum
902 4147 1210 4204 hominum
1244 4154 1508 4203 satanam
1542 4150 1874 4222 appellans.
1902 4153 2154 4207 Permis-

514 4253 615 4293 sus
632 4253 783 4302 sum,
814 4235 1027 4306 inquit,
1054 4237 1411 4293 tentationes
1436 4243 1495 4292 et
1515 4238 1869 4295 afﬂictiones
1901 4241 2155 4295 sustine-

510 4342 594 4391 re,
630 4332 695 4380 ut
725 4325 837 4381 mei
869 4324 1205 4396 desperatio
1234 4326 1296 4380 in
1328 4327 1523 4382 ofﬂcio
1556 4344 1651 4383 me
1697 4331 2056 4396 contineret,
2086 4347 2153 4385 ac

512 4415 816 4473 modestus
839 4431 968 4469 esse
997 4414 1309 4469 discerem.
1347 4414 1480 4469 Ideo
1511 4433 1748 4488 quoque
1792 4435 1924 4473 cum
1970 4420 2152 4473 Deum

512 4504 941 4561 obsecrassem.
965 4521 1084 4559 non
1108 4520 1239 4559 sum
1265 4512 1572 4559 assecutus
1595 4506 1751 4575 quod
1784 4508 2155 4577 postulabam

512 4594 616 4651 sed
647 4593 946 4666 permansi
981 4593 1248 4664 quotidie
1270 4593 1532 4649 tolerans
1555 4594 1860 4650 modestius
1880 4597 2159 4668 pharma-

512 4699 670 4747 cum,
701 4699 915 4755 nempe
959 4681 1365 4749 afﬂictionem,
1407 4683 1561 4738 596
1596 4682 1755 4738 Adeo
1787 4700 2003 4757 magna
2033 4692 2161 4742 erat

514 4772 780 4837 afﬂictio,
809 4772 1027 4843 inquit,
1051 4776 1116 4827 ut
1141 4788 1248 4826 nos
1270 4787 1299 4824 e
1330 4771 1446 4826 vita
1471 4770 1812 4842 expelleret.
1849 4773 2159 4845 Hujusmo-

514 4859 574 4914 di
604 4859 986 4914 afﬂictionem
1000 4865 1166 4915 vocat
1180 4859 1361 4915 David
1383 4865 1584 4931 portas
1604 4858 1822 4916 inferni
1854 4877 1921 4917 ac
1952 4865 2157 4921 mortis

516 4951 575 5003 et
602 4946 837 5001 dolores
865 4955 1067 5019 partus
1088 4965 1164 5004 an
1194 4948 1468 5003 umbram
1499 4950 1707 5004 mortis
1738 4950 1778 5006 ⁸.
1814 4973 1841 4999 ‹‹
1875 4952 2027 5017 Quin
2068 4954 2153 5026 ip-

516 5036 566 5092 si
594 5036 654 5090 in
684 5036 1021 5108 nobisipsis
1050 5053 1403 5108 responsum
1438 5038 1642 5093 mortis
1672 5039 2089 5100 habueramus.
2126 5066 2154 5094 »

516 5128 910 5197 Responsum,
960 5124 1021 5181 id
1055 5132 1161 5187 est.
1192 5126 1495 5183 decretum
1517 5144 1586 5183 ac
1616 5130 1997 5187 sententiam.
2058 5135 2159 5189 Est

514 5222 715 5273 autem
748 5214 1119 5270 tantumdem
1143 5232 1209 5271 ac
1241 5217 1289 5271 si
1322 5216 1581 5273 diceret:
1617 5218 1914 5284 Quantum
1946 5221 2020 5277 ad
2044 5239 2153 5278 nos

513 5311 899 5377 nostramque
931 5307 1368 5380 cogitationem.
1393 5309 1582 5365 adfuit
1613 5314 1819 5367 mortis
1843 5320 2154 5385 exspecta-

516 5397 619 5457 tio.
646 5395 750 5450 sed
790 5397 943 5451 Deus
975 5412 1092 5451 non
1124 5398 1394 5467 permisit
1423 5398 1612 5469 ipsam
1644 5400 1704 5455 in
1729 5418 1877 5472 opus
1908 5419 2155 5474 progre-

516 5485 597 5550 di,
623 5485 843 5541 docens
874 5502 983 5542 nos
1014 5502 1088 5541 ne
1111 5486 1172 5540 in
1204 5486 1446 5558 propria
1478 5489 1916 5547 conﬂderemus
1943 5492 2156 5550 virtute

590 5662 614 5699 ⁸
642 5665 666 5720 Ι
696 5664 823 5719 Cor.
856 5680 963 5729 xw,
996 5666 1049 5719 9.

2320 843 2398 901 03
2455 843 2555 918 γὰρ
2614 841 2844 916 θέλομεν
2938 844 3077 914 ὑμᾶς
3161 844 3396 918 ἀγνοεῖν,
3454 840 3707 911 ἀδελφοὶ,
3769 840 3907 913 ὑπὲρ

2248 938 2346 1001 τῆς
2380 931 2620 1006 θλίψεως
2688 933 2847 1001 ἡμῶν
2911 939 3012 1001 τῆς
3087 932 3389 1010 γενομένης
3461 934 3599 1003 ἡμῖν
3703 928 3754 985 ἐν
3834 933 3907 1002 τῇ

2247 1020 2419 1091 Ἀσία,
2482 1023 2568 1076 ὅτι
2625 1022 2744 1076 καθ’
2830 1017 3145 1095 ὑπερϐολὴν
3213 1016 3557 1093 ἐϐαρύθημεν
3619 1020 3750 1089 ὑπὲρ
3811 1016 3912 1073 δυ-

2248 1131 2429 1181 ναμιν,
2518 1110 2659 1166 ὥστε
2737 1111 3143 1185 ἐξαπορηθῆναι
3226 1114 3373 1184 ἡμᾶς
3452 1110 3543 1164 καὶ
3624 1113 3726 1164 τοῦ
3784 1107 3907 1182 ζῇν.

2250 1199 2429 1259 Ἀλλά
2485 1201 2639 1256 αὐτοὶ
2696 1200 2748 1257 ἐν
2805 1203 3018 1263 ἑαυτοῖς
3076 1202 3139 1256 τὸ
3195 1196 3477 1275 ἀπόκριμα
3531 1204 3629 1255 τοῦ
3672 1201 3909 1254 θανάτου

2249 1290 2586 1366 ἐσχήκαμεν,
2640 1291 2733 1346 ’ἱνα
2793 1293 2869 1363 μὴ
2927 1292 3250 1354 πεποιθότες
3317 1292 3462 1365 ὦμεν
3518 1288 3600 1370 ἐφ’
3666 1291 3909 1358 ἑαυτοῖς,

2250 1378 2378 1435 ἀλλ’
2435 1381 2523 1436 ἐπὶ
2575 1386 2656 1453 τῷ
2712 1385 2828 1452 Θεῷ
2883 1385 2962 1451 τῷ
3031 1380 3296 1456 ἐγείροντι
3349 1382 3476 1442 τοὺς
3532 1379 3778 1456 νεκροὺς,
3849 1380 3911 1440 ὃς

2247 1467 2308 1523 ἐκ
2360 1468 2696 1536 τηλικούτου
2774 1470 3011 1532 θανάτου
3098 1469 3359 1546 ἐρρύσατο
3418 1472 3568 1541 ἡμᾶς
3623 1469 3716 1523 καὶ
3780 1469 3910 1542 ῥύε-

2463 1560 2477 1577 !
2591 1561 2600 1575 Ι
2813 1561 2825 1595 '0
3106 1562 3114 1575 ⁸
3375 1554 3400 1580 ,Ι
3524 1559 3570 1579 (Ι

2247 1580 2352 1616 ται.
2414 1564 2509 1621 Et:
2570 1562 2628 1616 ὃν
2684 1558 3021 1632 ἡλποιαμεν,
3084 1562 3169 1616 δτι
3226 1562 3318 1615 καὶ
3373 1581 3452 1616 ετι
3512 1580 3912 1635 ρυσεται,συνο

2256 1649 2647 1723 υπουροόγτων
2704 1650 2796 1704 καὶ
2854 1650 3009 1721 ὑμῶν
3095 1650 3231 1723 ὑπὲρ
3314 1651 3475 1721 ἡμῶν
3549 1647 3621 1722 τῇ
3703 1645 3912 1717 δεήσει·

2244 1735 2333 1791 τίνα
2363 1737 2423 1793 ἐκ
2451 1736 2680 1793 πολλῶν
2708 1739 3022 1814 προσώπων
3074 1738 3141 1793 τὸ
3204 1738 3278 1799 εἲς
3336 1740 3484 1811 ἡμᾶς
3514 1738 3785 1814 χάρισμα,
3819 1733 3914 1792 διὰ

2251 1825 2482 1882 πολλῶν
2515 1826 2886 1902 εὐχαριστηθῇ
2912 1827 3045 1903 ὑπὲρ
3078 1827 3256 1901 ὑμῶν.

2323 1917 2462 1972 Εἶτα
2516 1913 2703 1986 ἐπειδὴ
2763 1913 3235 1992 ἀπροσδιορίστως
3292 1916 3533 1991 θλίψεως
3600 1916 3910 1991 ἐμέμνητο,

2252 2008 2341 2059 νῦν
2376 2003 2525 2081 λέγει
2584 2005 2745 2066 ποίας
2801 2003 3060 2078 θλίψεως.
3115 2007 3228 2061 Ἵνα
3292 2003 3459 2079 μηδὲν
3514 2004 3746 2079 ἀγνοῆτε
3791 2010 3906 2060 τῶν

2250 2096 2367 2149 κατ’
2425 2092 2544 2167 ἐμὲ,
2603 2092 2789 2172 φησιν’
2866 2093 2998 2169 ὅπερ
3075 2095 3288 2170 ἀγάπης
3365 2093 3529 2150 ἐστίν·
3583 2096 3618 2164 ἢ
3676 2094 3768 2148 ἳνα
3828 2098 3912 2168 μὴ

2253 2183 2575 2261 ἀγνοοῦντες
2604 2185 2670 2238 τὰ
2717 2178 2999 2256 συμϐάντα
3048 2186 3208 2257 ἡμῖν,
3246 2185 3534 2260 μέμψησθε
3566 2181 3656 2239 διὰ
3685 2182 3741 2239 τί
3770 2184 3917 2238 κατά

2253 2273 2348 2334 τὰς
2408 2274 2727 2348 ὑποσχέσεις
2783 2272 2884 2327 οὐκ
2938 2270 3184 2344 ἤλθομεν
3243 2273 3380 2345 πρὸς
3439 2274 3596 2347 ὑμᾶς.
3657 2297 3685 2323 ‹‹
3747 2274 3912 2345 Ὑπὲρ

2253 2365 2352 2426 τῆς
2406 2357 2646 2434 θλίψεως
2703 2362 2884 2431 ἡμῶν.
2924 2384 2952 2410 ››
3034 2363 3208 2416 Τοῦτο
3285 2361 3375 2415 καὶ
3431 2358 3483 2415 ἐν
3542 2364 3612 2431 τῇ
3669 2359 3917 2435 προτέρα

2253 2444 2548 2523 προέλεγεν
2610 2450 2934 2523 Ἐπιστολῇ,
2991 2450 3076 2504 δτι
3139 2472 3164 2501 ε
3198 2448 3344 2524 Θὲρα
3377 2471 3471 2522 μοι
3501 2448 3788 2513 ἀνὲιυκται,
3821 2450 3918 2504 καὶ

2253 2537 2615 2608 ἀντικείιενοι
2640 2535 2864 2595 πολλοί.
2891 2562 2917 2589 »ι
2943 2572 3009 2580 -
3034 2564 3058 2589 ι(
3087 2539 3204 2593 Ὀτι
3235 2540 3352 2603 καθ’
3381 2533 3692 2610 ὑπερϐολὴν
3716 2533 3919 2613 ἐϐαρῦ-

2254 2628 2447 2698 θημεν.
2485 2652 2511 2678 ι»
2546 2627 2755 2704 Μέγας,
2779 2628 2969 2705 φησὶν,
2998 2628 3066 2698 ἦν
3097 2629 3125 2682 ὸ
3157 2628 3483 2702 πειρασμὸς,
3515 2628 3604 2683 καὶ
3636 2630 3733 2699 τὴν
3770 2628 3914 2702 ἐμήν

2258 2710 2593 2789 ὑπερϐαίνων
2655 2714 2898 2789 δύναμιν.
2961 2720 3085 2773 "Eu
3143 2718 3246 2794 γὰρ
3306 2718 3391 2772 καὶ
3428 2717 3595 2793 μέγαν
3627 2713 3920 2792 ὅντα,ᾳέ-

2258 2809 2438 2880 ρεσθαι
2493 2807 2754 2881 γενναίως
2809 2807 2957 2881 παρά
3009 2827 3181 2869 τινος.
3245 2833 3265 2857 σ
3302 2810 3463 2863 Ὥστε
3505 2808 3913 2880 ἐξαπορηθῆναι

2256 2898 2403 2967 ἡμᾶς
2460 2896 2550 2950 καὶ
2610 2900 2705 2951 τοῦ
2760 2898 2875 2967 ζῇν.
2940 2920 2968 2948 ››
3027 2928 3093 2940 -ο
3149 2898 3307 2971 [ΤΟΥ
3342 2899 3907 2973 ΧΡΥΣΟΣΤΟΜΟΓ]

3073 2986 3136 3041 οὐ
3209 2984 3695 3061 προσεδοκήσαμεν
3754 2988 3819 3055 ζὴ
3829 3007 3923 3042 σε·

2261 3078 2399 3144 σθαι,
2459 3074 2587 3130 ἀλλ’
2645 3073 2694 3129 ἐν
2757 3075 2969 3135 ἑαυτοῖς
3028 3071 3410 3150 ἐλογισάμεθα,
3473 3074 3555 3130 ὅτι
3606 3076 3923 3139 ἀποθανοό-

2264 3166 2396 3239 μεθα
2450 3163 2677 3225 παντως.
2736 3169 2909 3219 Τοῦτο
2967 3167 3069 3239 γὰρ
3128 3163 3294 3232 ἔστιν,
3357 3186 3379 3213 ι
3411 3163 3581 3221 Αὐτοὶ
3614 3162 3666 3218 ὲν
3698 3164 3921 3227 ἑαυτοῖς

2256 3257 2319 3312 τὸ
2350 3252 2633 3330 ἀπόκριμα
2675 3260 2773 3311 τοῦ
2830 3258 3061 3319 θανάτου
3119 3254 3449 3330 ἐσχήκαμεν.
3490 3280 3516 3307 ι»
3571 3259 3742 3311 Τοῦτο
3774 3257 3917 3328 ἡμῖν

2258 3346 2325 3401 τὰ
2377 3346 2667 3419 πράγματα
2722 3344 3076 3419 ἀπεκρίνατο,
3136 3346 3221 3401 ὅτι
3276 3343 3640 3418 ἀπολλύμεθα
3670 3346 3915 3405 πάντως.

2264 3436 2362 3492 Καὶ
2422 3434 2568 3498 τίνος
2622 3434 2794 3491 ἕνεκεν
2855 3435 3203 3509 συνεχώρησε
3263 3434 3431 3510 μέχρι
3484 3436 3761 3491 τοσούτων
3800 3457 3919 3490 κιν-

2264 3520 2435 3577 δύνων
2493 3522 2668 3589 ἐλθεῖν
2728 3526 2875 3596 ἡμᾶς
2930 3524 2958 3578 ὁ
3015 3524 3186 3592 Θεός;
3247 3548 3274 3576 «
3310 3526 3423 3579 Ἵνα
3484 3526 3560 3597 μή
3592 3524 3920 3589 πεποιθότες

2265 3617 2410 3689 ὦμεν
2471 3616 2552 3697 ἔφ’
2608 3619 2840 3679 ἑαυτοῖς,
2896 3642 2923 3670 υ
2983 3619 3048 3674 '0
3108 3616 3164 3673 δὲ
3223 3617 3387 3693 λέγει,
3447 3620 3697 3674 τοιοῦτόν
3746 3618 3918 3675 ἐστιν’

2265 3705 2374 3761 Ἵνα
2409 3708 2483 3779 μὴ
2522 3708 2657 3780 μέγα
2712 3712 3022 3786 φοονῶμεν,
3078 3708 3263 3781 φησίν,
3322 3708 3408 3762 ἳνα
3451 3710 3527 3780 μή
3560 3709 3921 3784 ἒπαιρώμεθα

2262 3799 2379 3855 τοῖς
2410 3796 2853 3870 κατορθώμασιν,
2885 3796 2915 3852 ὅ
2943 3797 3033 3851 καὶ
3100 3796 3331 3868 προϊὼν,
3389 3796 3708 3874 σαφέστερον
3743 3797 3915 3872 λέγει’

2271 3896 2292 3934 ὁ
2330 3885 2427 3940 Καὶ
2460 3889 2527 3957 τῇ
2589 3881 2869 3958 ὑπερϐολῇ
2928 3890 3035 3942 τῶν
3095 3883 3483 3961 ἐποκαλύψεων
3513 3886 3602 3940 ’ἱνα
3638 3888 3712 3957 μὴ
3747 3888 3914 3960 ὑπερ-

2265 3972 2527 4045 αίρωμαι,
2561 3970 2720 4042 ἐδόθη
2758 3995 2853 4047 μοι
2881 3973 3114 4052 ἄγγελος
3145 3980 3336 4044 Σατᾶν,
3382 3999 3408 4024 ››
3458 3974 3585 4036 τοὺς
3615 3970 3915 4038 θλίϐοντας

2263 4062 2426 4117 αὐτὸν
2486 4059 2660 4136 λέγων
2744 4062 2832 4117 καὶ
2915 4063 3315 4135 ἐπηρεάζοντας
3398 4063 3607 4119 τούτων
3682 4061 3914 4120 ἕκαστον

2264 4151 2547 4224 ἄνθρωπον
2611 4156 2782 4206 Σατᾶν
2841 4151 3048 4211 καλῶν,
3113 4156 3540 4229 Συνεχωρῆθην,
3605 4156 3761 4230 φησὶ.
3798 4176 3918 4209 πει-

2264 4239 2505 4316 ρασμοὸς
2563 4240 2870 4315 ὑπομένειν,
2927 4241 3014 4296 ἳνα
3044 4243 3078 4311 ἡ
3114 4242 3341 4298 ἀπόνοια
3398 4263 3503 4315 μου
3533 4242 3920 4312 καταστέλλη-

2263 4350 2352 4385 ται
2380 4329 2468 4384 καὶ
2513 4332 2816 4404 μετριάζειν
2879 4331 3054 4402 μάθω.
3117 4331 3208 4386 Διὸ
3264 4332 3353 4387 καὶ
3412 4330 3795 4402 παρακαλέσας
3825 4336 3917 4387 τὸν

2267 4421 2416 4481 θεὸν.
2449 4421 2552 4476 οὐκ
2608 4418 2803 4500 ἔτυχον
2858 4428 2956 4491 τῆς
3015 4422 3304 4491 αἰτήσεως,
3363 4420 3490 4477 ἀλλ’
3520 4418 3702 4497 ἔμεινα
3734 4421 3920 4492 διηνε-

2266 4513 2376 4571 κῶς
2432 4511 2715 4589 ᾳὶρμακον
2767 4512 3291 4587 ταμεινοφροσῦνγς,
3349 4512 3447 4580 τήν
3508 4510 3692 4587 θλίψιν
3745 4511 3918 4587 ἕγων,

2269 4600 2365 4654 Καὶ
2422 4600 2595 4663 οὕτως
2654 4600 2743 4670 ἦν,
2803 4601 2959 4676 φησὶ,
3024 4602 3195 4679 μέγας
3245 4603 3274 4657 ὁ
3330 4603 3659 4677 πειρασμὸς,
3719 4604 3797 4665 ὡς
3827 4605 3922 4660 καὶ

2267 4688 2433 4746 αὐτοῦ
2487 4694 2584 4744 τοῦ
2645 4694 2740 4763 ζῇν
2800 4689 3164 4766 ἐκδιωχθῆναι
3218 4694 3388 4763 ἡμᾶς.
3421 4692 3526 4748 Τὸν
3578 4690 3634 4747 δὲ
3664 4698 3924 4749 τοιοῦτον

2266 4780 2569 4853 πειρασμὸν
2600 4781 2627 4835 ὁ
2660 4778 2821 4836 Δαυῖδ
2849 4779 3027 4842 πύλας
3086 4779 3214 4852 ᾇδου
3272 4780 3433 4837 καλεῖ
3455 4783 3543 4837 καὶ
3571 4781 3796 4849 ὠδῖνας,
3828 4786 3923 4840 καὶ

2268 4871 2417 4924 σκιὰν
2447 4869 2695 4934 θανάτου.
2758 4870 2997 4929 «Ἀλλὰ
3060 4871 3214 4927 αὐτοὶ
3268 4872 3319 4925 ἐν
3380 4872 3595 4935 ἑαυτοῖς
3652 4875 3715 4929 τὸ
3776 4875 3920 4930 ἀπόο

2264 4978 2436 5031 κριμα
2462 4964 2560 5014 τοῦ
2591 4958 2820 5015 θανάτου
2868 4959 3206 5040 ἐσχήκαμεν.
3244 4984 3271 5011 ιι
3298 4963 3376 5018 Τὸ
3406 4962 3709 5037 ἀπόκριμα,
3755 4985 3923 5020 τουτ-

2266 5047 2377 5103 έστι
2426 5051 2525 5118 τὴν
2558 5053 2757 5129 ψῆφον,
2816 5052 2914 5119 τὴν
2968 5050 3165 5125 κρίσιν.
3222 5052 3288 5108 Ὀ
3347 5048 3404 5107 δὲ
3463 5050 3630 5127 λέγει,
3665 5054 3917 5110 τοιοῦτόν

2266 5135 2429 5192 ἐστιν’
2464 5144 2666 5214 ’Ἂχσις
2725 5141 2909 5211 ἡμῶν,
2970 5142 3125 5209 φησὶ,
3183 5141 3274 5195 καὶ
3329 5148 3432 5208 τῆς
3478 5145 3639 5214 ἡμῶν
3684 5142 3919 5213 ἐννοίας,

2265 5220 2392 5297 ἔστη
2455 5229 2489 5296 ἡ
2547 5232 2643 5283 τοῦ
2702 5228 2932 5283 θανάτου
2989 5228 3311 5303 προσδοκία.
3371 5232 3431 5288 Ὀ
3489 5232 3593 5306 γὰρ
3651 5233 3784 5295 Θεὸς
3821 5234 3925 5291 οὐκ

2266 5313 2439 5369 ε’ἶασεν
2501 5313 2670 5380 αὐτ-ᾖν
2727 5315 2802 5376 εἰς
2857 5315 3016 5393 ἔργον
3073 5316 3272 5381 ἐλθεῖν,
3335 5315 3605 5374 διδέσκων
3655 5323 3806 5392 ἡμᾶς
3842 5325 3922 5395 μὴ

2265 5404 2576 5459 πεποιθέναι
2606 5404 2693 5458 έπὶ
2735 5401 2846 5476 ἰδίᾳ
2887 5404 3113 5479 δυνάμει
3173 5410 3208 5478 ἢ
3269 5406 3470 5483 βουλῇ,
3503 5408 3632 5465 ἀλλ’
3661 5409 3743 5465 ἐπ’
3776 5411 3926 5484 αὐτῷ

2269 5492 2441 5567 μόνῳ,
2498 5493 2580 5548 ὅτι
2632 5496 2720 5549 καὶ
2770 5495 2836 5550 τὰ
2865 5497 2992 5570 παρ’
3050 5498 3185 5570 ἡμῖν
3218 5496 3509 5554 ἀνέλπιστα
3538 5501 3628 5555 καὶ
3661 5498 3922 5571 ἀδύνατα,

1125 5664 1145 5698 ⁷
1176 5661 1354 5730 Infra,
1392 5666 1473 5718 12.
1550 5665 1570 5698 ⁸
1602 5666 1695 5720 Ps.
1730 5684 1861 5737 xvu,
1896 5686 2030 5742 xm,
2062 5690 2220 5741 mu,
2252 5691 2420 5741 vau,
2450 5690 2643 5744 xum,
2672 5690 2747 5730 vi.
