4156 6200
256 370 377 430 91⁸1

1223 369 1634 433 ΟΟΜΜΕΝΤ.
1680 368 1756 429 ΙΝ
1802 366 2055 429 EPIST.
2102 367 2157 428 II
2202 367 2306 426 AD
2349 365 2716 429 GORINTB.

3563 366 3683 427 918

251 500 403 572 αὖτῷ
455 497 614 576 ῥᾴδια
668 500 760 555 καὶ
810 499 1033 557 δυνατά.
1094 503 1272 560 Τοῦτο
1331 498 1389 558 δὲ
1426 522 1557 578 φησι
1630 502 1724 557 τὸν
1775 499 1902 555 Θεὸν

2017 504 2118 556 aut
2146 499 2537 567 consilio,sed
2559 499 2621 554 in
2653 498 2782 570 ipso
2815 499 2963 555 solo.
2997 501 3142 556 Nam
3164 498 3236 555 de
3270 498 3487 571 quibus
3516 498 3675 573 apud

251 591 633 661 πεποιηκέναι,
669 589 776 646 οὐκ.
807 591 883 654 ὡς
912 590 1081 646 αὐτοῦ
1132 589 1351 646 Ιῐαῦλου
1398 588 1660 663 δεομένου
1703 591 1913 661 μαθεῖν,

251 680 371 752 (Τίς
434 680 528 754 γὰρ
587 681 753 735 αὖτοῦ
816 679 1031 754 μᾶλλον
1090 678 1217 755 ᾔδει
1293 681 1379 748 τὸ,
1438 680 1526 735 ἐπὶ
1589 679 1742 752 μόνῳ
1802 682 1919 749 Θεῷ

251 766 493 839 ἰλπίζειν
530 777 590 837 ;),
623 766 753 823 ἀλλ’
780 768 869 823 ἳνα
910 766 981 823 δι’
1012 772 1176 842 ἡμῶν
1210 769 1264 824 οἱ
1320 766 1489 824 ἄλλοι
1518 772 1681 825 10510
1724 768 1914 840 μάθω-

258 881 359 914 σιν.
420 891 489 901 —
554 861 626 913 ’Ἡ
710 857 905 918 οὕτως.
974 860 1313 933 [ΟΙΚΟΥΜ.]
1410 859 1673 923 Ἐαυτῶν,
1730 856 1915 933 φησὶν.

253 945 573 1020 ἀπεγνωμεν
606 944 906 1013 παντελῶς,
948 946 1040 1000 ἳνα
1068 948 1170 1016 τήν
1200 943 1399 1002 ἐλπίδα
1439 944 1526 1000 ἐπὶ
1591 946 1743 1019 μόνῳ
1799 948 1917 1015 Θεῷ

253 1038 502 1108 σχῶμεν.
559 1034 621 1089 Ὀ
684 1032 740 1089 δὲ
806 1034 1004 1088 ἑαυτοῦ
1064 1034 1604 1112 προαπογινώσκων,
1669 1037 1787 1095 πῶς
1854 1030 1914 1086 ἂν

258 1123 433 1194 οἰκείᾳ
471 1120 648 1198 βουλῇ
679 1123 714 1192 ἢ
749 1120 996 1195 δυνάμει,
1029 1122 1064 1193 ἢ
1098 1121 1373 1198 ἀπολογίᾳ
1437 1123 1699 1193 σώζεσθαι
1760 1119 1919 1177 ἐλπί-

258 1234 345 1269 σοι
378 1233 391 1280 ;
418 1214 506 1274 Ὠς
540 1212 588 1285 ἐξ
619 1212 929 1276 ἀκολούθου
958 1214 1021 1267 τὸ
1052 1213 1190 1268 ἅπαν
1219 1214 1412 1269 ἑαυτοῦ
1469 1211 1719 1267 ἰκόοὖναι
1775 1212 1913 1284 Θεῷ.

255 1336 322 1347 --
355 1300 603 1363 1Ἄλλως.
639 1303 1022 1376 [ΙΩΑΝΝΟΥ.]
1056 1303 1132 1359 Τὸ
1188 1302 1496 1376 ἀπόκριμα,
1551 1302 1651 1369 τήν
1708 1304 1916 1378 ψῆφον,

252 1392 351 1460 τήν
423 1387 778 1465 προσδοκίαν,
836 1391 935 1460 τήν
1014 1390 1217 1467 κρίσιν.
1295 1390 1564 1460 Γοιαύτην
1626 1391 1778 1466 ἠφίει
1848 1390 1915 1445 τὰ

263 1482 557 1555 πράγματα
610 1482 819 1556 φωνήνο
878 1481 1135 1547 τοιαύτην
1215 1480 1503 1555 ἀπόκρισιν
1591 1476 1774 1535 ὶόίδου
1849 1480 1916 1535 τὰ

260 1565 561 1643 συμϐλντα,
622 1571 707 1624 δτι
766 1569 1189 1643 ἀποθανούμεθα
1228 1570 1463 1631 πάντως.
1494 1568 1568 1624 Οὐ
1602 1570 1709 1643 μην
1744 1567 1909 1644 μέχρι

260 1666 360 1727 τῆς
393 1661 582 1733 πείρας
616 1656 772 1730 ἐξέϐη
829 1662 1013 1723 10510,
1082 1656 1232 1714 ἀλλὰ
1298 1655 1467 1734 μέχρι
1501 1665 1602 1728 τῆς
1655 1658 1911 1719 ὑπονοίας

264 1742 391 1818 ἔστη
459 1755 558 1817 τῆς
616 1748 910 1822 ἡμετέρας.
971 1748 1033 1803 Ἦ
1094 1748 1189 1820 μὲν
1244 1749 1345 1823 γὰρ
1405 1751 1512 1802 τῶν
1576 1746 1909 1821 πραγμάτων

260 1837 418 1914 φθίσις
473 1841 637 1892 τοῦτο
704 1837 1038 1913 ἀπεφήνατο,
1099 1839 1133 1906 ή
1194 1833 1251 1892 δὲ
1305 1840 1403 1891 105
1472 1839 1608 1891 Θεοῦ
1684 1833 1911 1910 δύναμις

252 1927 357 1982 οὐκ
386 1926 563 2004 ἀφῆκε
601 1929 701 1997 τὴν
734 1927 1033 2004 ἀπόφανσιν
1095 1924 1171 1988 εἷς
1228 1921 1386 2001 ἔργον
1444 1923 1645 1993 ἕλθεῖν,
1704 1923 1831 1981 ἀλλ’
1860 1924 1913 1979 ἐν

249 2020 319 2090 τῇ
351 2012 562 2085 διανοίᾳ
590 2018 754 2087 ἡμῶν
785 2020 950 2071 τοῦτο
982 2010 1262 2089 συμϐῆναι
1326 2016 1698 2094 συνεχώρησε.
1740 2035 1764 2065 ε
1823 2017 1917 2071 Διὸ

256 2105 347 2160 καὶ
405 2103 458 2159 ἓν
518 2105 751 2172 ἑαυτοῖς,
819 2103 975 2184 φησί,
1034 2105 1097 2160 τὸ
1150 2103 1437 2179 ἀπόκριμα
1506 2108 1604 2160 105
1689 2103 1914 2159 θανάτου

258 2195 595 2269 ἐσχήκαμεν,
632 2217 660 2245 ιο
726 2195 932 2269 ’Ὠσπερ
990 2192 1249 2270 λέγομεν,
1307 2192 1605 2267 Ἀπεκρίθη
1665 2195 1701 2262 ἠ
1758 2191 1915 2255 νόσος

255 2284 331 2348 εἷς
388 2283 612 2359 ὑγίειαν,
672 2283 708 2353 ἢ
791 2283 1057 2359 ἀπεκρίθη
1144 2284 1221 2346 εἰς
1302 2284 1555 2354 θάνατον,
1612 2286 1914 2354 τουτέστιν,

258 2369 439 2447 ἐξέϐη,
530 2371 809 2444 ἐτελέσθη,
895 2374 1340 2445 ἀπετελεύτησεν·
1430 2373 1603 2437 οὕτως
1660 2374 1751 2431 καὶ
1802 2379 1912 2430 νῦν.

258 2488 286 2516 ‹‹
322 2463 636 2537 Ἀπόκριμα
690 2464 946 2531 θανάτου,
983 2487 1010 2514 ››
1069 2464 1133 2518 τὸ
1185 2464 1347 2525 τέλος
1392 2462 1561 2520 αὐτοῦ
1621 2466 1732 2541 χρὴ
1771 2470 1913 2520 νοεῖν

258 2554 350 2609 καὶ
407 2554 506 2620 τήν
565 2546 807 2608 ἕκϐασν
906 2585 960 2595 -
1048 2555 1261 2626 [ΦΩΤ]
1317 2554 1704 2627 Ἢπορτςθημεν
1785 2554 1910 2630 γὰρ,

258 2642 412 2722 ιρησὶ,
446 2645 541 2695 τοῦ
570 2646 692 2714 ζῇν,
744 2642 836 2697 καὶ
899 2642 1033 2716 μετά
1088 2646 1197 2696 τῶν
1256 2647 1460 2718 νεκρῶν
1523 2641 1911 2717 ἰΛογίσθημεν,

252 2734 363 2809 οὐχ
396 2733 481 2808 ὑφ’
517 2731 735 2807 ἐτέρων,
780 2732 909 2788 ἀλλ’
966 2732 1129 2790 αὐτοὶ
1188 2733 1240 2789 ἒν
1295 2733 1509 2798 ἑαυτοῖς
1560 2735 1622 2789 τὸ
1678 2729 1909 2814 ἔσχατον

252 2824 343 2878 καὶ
426 2824 489 2877 τὸ
546 2821 708 2882 τέλος
758 2826 857 2877 τοῦ
917 2822 1148 2885 θανάτου
1234 2820 1543 2885 κατιδόντες
1600 2824 1690 2879 καὶ
1750 2822 1914 2897 λογι-

246 2911 493 2985 σάμενοι.
552 2912 616 2967 ὐ
671 2908 728 2966 δὲ
805 2908 931 2967 οὐδὲ
987 2911 1410 2985 Ἐλογισαμεθα,
1494 2913 1681 2988 φησὶν,
1759 2910 1908 2980 ἀλλ’,

247 3003 687 3076 «Ἐσχνςναμεν,
734 3024 762 3053 ››
819 3001 881 3055 τὸ
942 2996 1327 3077 ἀναμφίϐολον
1376 3005 1475 3056 τοῦ
1534 3002 1760 3056 θανάτου
1817 3001 1907 3056 καὶ

242 3093 585 3166 παρεστηκὸς
648 3087 1077 3163 ἐνδεικνύμενος.
1151 3089 1341 3152 Οὕτως
1397 3091 1465 3159 ἦν
1543 3088 1731 3165 θλίψις
1789 3093 1909 3154 καθ’

244 3178 556 3257 ὑπερϐολὴν
593 3181 728 3256 ὑπὶρ
761 3178 1016 3254 δύναμιν,
1050 3178 1192 3237 ὥστε
1242 3181 1271 3235 6
1326 3178 1545 3242 Παῦλος
1572 3178 1683 3251 ἤδη
1715 3184 1905 3252 150m-

242 3269 352 3331 κὼς
375 3271 467 3341 ἦν,
519 3268 645 3325 ὅσον
694 3271 767 3343 τῇ
829 3266 1059 3342 δυνάμει
1121 3267 1306 3325 αὐτοῦ.
1367 3266 1564 3344 Γέγονε
1602 3265 1661 3324 δὲ
1717 3273 1902 3338 τοῦτο,

242 3363 396 3440 φησί,
456 3361 546 3416 καὶ
603 3364 729 3437 παρ’
786 3358 1016 3422 ὶλπίόας
1076 3360 1377 3432 ὶζήσαμεν,
1443 3356 1531 3414 ἵνα
1598 3358 1650 3415 ἐν
1713 3357 1903 3434 μηδενὶ

244 3448 390 3522 ὦμεν
419 3447 814 3525 τεθαρρηκότες
871 3449 1115 3517 ἑαυτοῖς,
1173 3445 1303 3504 ἀλλ’
1357 3445 1448 3503 ἰπὶ
1513 3451 1592 3518 τῷ
1648 3451 1766 3520 Θεῷ
1821 3451 1903 3519 τῷ

247 3536 513 3613 ὶγείροντι
536 3539 663 3599 τοὺς
687 3537 934 3613 νεκρούς,

2027 607 2137 645 nos
2168 590 2333 645 nulla
2363 589 2613 644 habetur
2643 605 2797 660 spes.
2833 588 2936 644 sed
2968 589 3361 661 impossibilia
3382 589 3676 653 videntur,

2027 696 2097 735 ea
2128 687 2267 734 sunt
2298 679 2407 751 ipsi
2441 679 2766 750 possibilia,
2801 679 2918 733 imo
2964 687 3021 733 et
3077 680 3293 734 facilia.
3330 679 3446 734 Hoc
3477 685 3675 734 autem

2028 770 2211 824 Deum
2264 768 2477 824 fecisse
2535 767 2695 835 dicit,
2756 785 2877 822 non
2927 768 3085 840 quod
3141 768 3251 839 ipsi
3305 768 3486 823 Paulo
3525 785 3676 839 opus

2029 875 2158 914 esse
2190 860 2301 914 hoc
2323 858 2551 914 discere
2594 857 2756 929 (Quis
2788 859 2946 912 enim
2978 859 3163 931 magis
3193 874 3373 928 quam
3404 858 3530 929 ipse
3564 874 3703 913 no-.

2027 954 2190 1003 verat
2220 949 2278 1002 in
2312 947 2439 1003 solo
2482 948 2598 1002 Deo
2630 947 2989 1018 sperandum
3048 963 3179 1002 esse
3209 946 3280 1017 ‘2),
3314 946 3416 1001 sed
3449 953 3516 1002 ut
3570 963 3705 1017 per

2026 1054 2136 1093 nos
2167 1037 2267 1092 alii
2291 1036 2402 1091 hoc
2432 1037 2757 1091 discerent.
2793 1066 2855 1076 —
2887 1040 2989 1091 Aut
3020 1036 3121 1092 hoc
3155 1036 3331 1091 modo.
3370 1037 3446 1090 De
3503 1036 3675 1092 nobis

2027 1126 2173 1199 ipsis
2203 1126 2452 1181 omnino
2504 1125 2947 1198 desperavimus
2975 1130 3042 1180 ut
3091 1141 3255 1196 spem
3280 1125 3341 1179 in
3400 1124 3526 1180 solo
3558 1125 3675 1181 Deo

2024 1215 2403 1271 haberemus.
2444 1216 2588 1270 Nam
2635 1215 2736 1285 qui
2800 1216 2966 1285 prius
3023 1212 3095 1268 de
3129 1213 3327 1284 seipso
3376 1212 3674 1284 desperat,

2029 1303 2326 1375 quomodo
2358 1305 2597 1376 proprio
2628 1303 2881 1358 consilio
2903 1310 3005 1359 aut
3024 1303 3237 1358 virtute
3260 1319 3361 1357 seu
3385 1300 3680 1357 defensio-

2025 1409 2102 1447 ne
2132 1394 2358 1447 salvum
2418 1410 2480 1447 se
2532 1394 2657 1448 fore
2709 1392 3025 1463 sperabit“?
3083 1394 3153 1447 Ut
3196 1407 3568 1461 conseunns
3599 1392 3677 1447 sit

2025 1482 2314 1553 quidquid
2343 1482 2540 1547 habet,
2576 1483 2634 1536 id
2669 1484 2853 1537 Deum
2888 1482 3143 1536 dedisse.
3193 1512 3254 1521 —
3292 1482 3423 1536 Alio
3473 1481 3670 1537 modo.

2025 1573 2417 1642 Responsum,
2453 1571 2511 1625 id
2544 1578 2651 1635 est,
2713 1571 3037 1629 decretum.
3072 1571 3574 1641 exspectationem
3605 1587 3675 1625 ac

2014 1660 2310 1732 judicium
2345 1660 2462 1715 sive
2496 1661 2888 1715 sententiam:
2922 1660 3264 1730 hujusmodi
3292 1676 3487 1714 vocem
3520 1658 3673 1730 peri-

2022 1750 2156 1805 cula
2186 1750 2559 1819 emittebant,
2618 1748 2959 1820 hujusmodi
2992 1749 3551 1804 condemnationem
3601 1765 3671 1804 ac

1944 1882 1991 1947 Β
2021 1843 2248 1898 exitum
2279 1842 2501 1897 dabant
2528 1859 2598 1897 ea
2624 1859 2755 1913 qua)
2789 1841 3394 1916 contingebant,quod
3425 1842 3670 1896 omnino

2024 1952 2410 1992 moreremur.
2438 1938 2820 2006 Nequaquam
2853 1935 2965 1990 hoc
2997 1935 3056 1989 in
3089 1934 3516 2006 experientiam
3564 1934 3667 1990 de-

2022 2024 2267 2081 ductum
2299 2030 2407 2086 est,
2444 2024 2549 2080 sed
2578 2026 2637 2080 in
2661 2030 2866 2079 nostra
2901 2023 3316 2096 desperatione
3374 2022 3661 2079 substitit.

2021 2114 2324 2187 Siquidem
2355 2115 2467 2171 hoc
2500 2114 2901 2186 periculorum
2932 2118 3146 2169 natura
3203 2112 3669 2177 demonstrabat,

2020 2204 2123 2260 Dei
2155 2221 2289 2260 vero
2320 2205 2587 2278 potentia
2608 2220 2728 2260 non
2752 2204 3024 2276 permisit
3046 2201 3106 2257 id
3143 2202 3299 2273 quod
3321 2200 3672 2257 ostendeba-

2018 2297 2118 2349 tur
2142 2294 2203 2348 in
2265 2310 2413 2366 opus
2469 2293 2801 2366 pervenire,
2868 2293 2972 2349 sed
3019 2294 3080 2348 in
3138 2297 3343 2347 nostra
3388 2290 3674 2348 duntaxat

2019 2389 2222 2439 mente
2254 2384 2364 2440 hoc
2399 2384 2526 2439 ﬁeri
2559 2384 2874 2439 concessit.
2897 2405 2925 2431 ‹‹
2961 2382 3103 2438 Ideo
3153 2398 3390 2454 quoque
3441 2387 3671 2451 nostra,

2017 2472 2239 2543 inquit,
2270 2478 2471 2528 mente
2500 2489 2855 2544 responsum
2916 2472 3123 2528 mortis
3181 2471 3603 2528 babueramus.
3637 2491 3664 2520 ιο

2016 2561 2527 2627 Quemadmodum
2560 2562 2816 2618 dicimus
2849 2579 2863 2616 :
2898 2562 3133 2617 Morbus
3158 2561 3549 2633 responditin
3573 2576 3668 2616 sa—

2016 2652 2265 2707 nitatem
2305 2656 2408 2706 aut
2463 2651 2775 2723 respondit
2804 2652 2864 2706 in
2898 2658 3172 2713 mortem,
3205 2651 3315 2706 hoc
3346 2656 3437 2705 est
3461 2648 3665 2713 evasit,

2017 2739 2219 2796 ﬁnitus
2251 2745 2360 2807 est,
2389 2741 2565 2795 desiit
2598 2741 2716 2795 :ita
2759 2756 2997 2811 quoque
3045 2745 3105 2796 et
3135 2755 3295 2794 nunc
3325 2761 3351 2787 α
3400 2740 3670 2808 Respon-

2017 2848 2147 2885 sum
2166 2831 2394 2895 mortis,
2420 2853 2448 2880 »ι
2470 2831 2651 2886 tinem
2672 2847 2741 2885 ac
2764 2837 3036 2887 eventum
3060 2829 3395 2902 intelligere
3413 2832 3665 2898 oportet.

2013 2951 2082 2960 —
2113 2920 2590 2991 Desperavimus,
2649 2919 2864 2989 inquit,
2916 2919 2989 2974 de
3042 2919 3195 2973 vita:
3262 2923 3321 2972 et
3376 2933 3486 2972 nos
3511 2932 3671 2971 cum

2013 3009 2265 3064 mortuis
2296 3008 2724 3078 reputabamur
2750 3024 2763 3061 :
2798 3023 2919 3062 non
2946 3006 3018 3061 ab
3048 3006 3205 3067 aliis.
3234 3005 3336 3060 sed
3370 3006 3429 3060 in
3460 3004 3667 3060 nobis-

2011 3096 2159 3168 ipsis
2190 3102 2524 3152 extremum
2554 3112 2621 3151 ac
2652 3095 2835 3151 finem
2859 3096 3069 3151 mortis
3101 3095 3403 3150 intuentes
3460 3110 3529 3150 ac
3559 3109 3661 3149 co-

2009 3184 2285 3257 gitantes.
2318 3184 2485 3249 Quod
2529 3189 2727 3239 autem
2756 3199 2879 3240 non
2936 3183 3101 3249 dicit,
3162 3183 3664 3255 Cogitaveramus,
3700 3178 3707 3181 ἡ

2018 3272 2121 3328 sed
2148 3295 2176 3324 ‹‹
2210 3272 2638 3336 Habueramus,
2669 3293 2696 3321 »
2729 3272 3151 3327 certitudinem
3182 3288 3250 3327 ac
3281 3271 3665 3343 prmsentiam

2013 3362 2224 3417 mortis
2251 3361 2532 3417 ostendit.
2583 3360 2745 3417 Adeo
2775 3361 2887 3416 fuit
2915 3377 3095 3432 supra
3144 3359 3388 3416 modum
3419 3359 3663 3415 afﬂictio

2012 3451 2170 3508 ultra
2197 3452 2372 3522 vires,
2405 3458 2473 3509 ut
2498 3452 2716 3509 Paulus
2738 3453 2863 3523 jam
2897 3457 3056 3507 esset
3078 3457 3370 3518 mortuus,
3398 3449 3555 3522 quod
3587 3448 3661 3505 ad

2010 3556 2149 3597 suas
2172 3541 2661 3615 viresspectabat.
2686 3542 2806 3598 Hoc
2834 3547 3032 3596 autem
3060 3540 3280 3597 factum
3306 3545 3417 3608 est,
3440 3540 3658 3611 inquit,

241 3636 302 3687 οι
330 3636 544 3702 prater
572 3645 741 3703 spem
771 3630 1040 3694 viximus,
1071 3633 1140 3685 ut
1166 3629 1230 3685 in
1252 3628 1420 3686 nullo
1450 3643 1618 3701 spem
1647 3644 2007 3701 poneremus
2047 3631 2110 3685 in
2139 3629 2314 3687 nobis
2342 3631 2514 3704 ipsis,
2570 3631 2720 3687 501
2784 3629 2890 3686 sed
2946 3630 3008 3685 in
3068 3630 3191 3686 Deo
3247 3629 3349 3701 qui
3405 3629 3655 3685 suscitat

253 3725 541 3776 mortuos.

322 3818 418 3888 Τῷ
448 3814 737 3891 ἐγείροντι,
797 3816 986 3891 φησὶν,
1047 3815 1108 3877 ὅς
1174 3812 1266 3870 καὶ
1333 3816 1485 3887 ἡμᾶς
1541 3816 1903 3891 νεκρωθὲντας

2087 3819 2195 3885 Qui
2252 3818 2519 3885 suscitat,
2552 3818 2770 3892 inquit,
2803 3819 2907 3889 qui
2951 3833 3062 3873 nos
3105 3831 3342 3887 quoque
3394 3818 3662 3869 mortuos

254 3908 346 3960 νῦν
372 3904 575 3980 ἤγειρε.
631 3903 728 3960 Καὶ
786 3905 889 3980 γὰρ
940 3904 1005 3959 τὸ
1055 3902 1360 3978 ἀπόκριμα,
1418 3903 1574 3984 φησὶ,
1614 3903 1711 3960 105
1740 3907 1904 3961 θανά-

258 4012 354 4051 του
375 3992 426 4050 ἐν
460 3994 671 4056 ἑαυτοῖς
704 3994 1044 4069 δσχήκαμεν,
1073 3991 1163 4047 καί
1192 3997 1357 4049 τοῦτο
1399 3993 1527 4073 οὐχὶ
1589 3991 1778 4050 ἄλλων
1806 4014 1905 4050 πε-

259 4082 311 4157 ρὶ
342 4085 502 4157 ἡμῶν
540 4082 1054 4158 ὑπολογισαμὲνων.
1087 4079 1215 4138 ἀλλ’
1249 4080 1407 4137 αὐτοῖ
1440 4082 1749 4144 ἐνιαυτοῖς.
1801 4081 1906 4140 Καὶ

258 4171 355 4228 οὐκ
388 4170 777 4250 ἐλογισάμεθα,
812 4170 964 4237 ἀλλ’,
999 4194 1027 4223 ‹‹
1062 4170 1397 4246 ἱσχήκαμεν,
1430 4193 1459 4223 ι»
1519 4171 1653 4246 ὅπερ
1683 4170 1906 4227 ἁδίστα-

256 4282 383 4324 κτος
423 4262 511 4317 καὶ
548 4256 738 4337 βεϐαία
798 4262 996 4336 κρίσις,
1053 4259 1192 4316 ὥστε
1240 4257 1413 4328 δῆλον
1473 4260 1522 4315 εἴ
1573 4262 1649 4333 μή
1692 4263 1720 4317 6
1776 4262 1905 4325 Θεὸς

254 4352 465 4426 ἤγειρε,
528 4352 686 4430 φησί,
750 4352 1038 4411 τεθνεῶτες
1096 4350 1157 4404 ἂν
1213 4348 1426 4421 εἴημεν.
1503 4349 1564 4405 Εἰ
1625 4347 1683 4404 δὲ
1736 4355 1906 4407 ταῦτα

254 4439 471 4502 Παῦλος
516 4441 544 4494 6
576 4438 775 4502 ἐνταῖς
810 4438 1033 4512 θλίψεσι
1090 4437 1525 4510 πλατυνόμενος,
1582 4439 1610 4492 6
1668 4439 1906 4516 καθάπερ

260 4530 542 4609 στεφάνοις
571 4529 659 4583 καὶ
689 4527 1016 4604 ἀναῤῥήσεσι
1046 4532 1164 4590 ταῖς
1211 4524 1430 4600 θλίψεσι
1488 4528 1905 4600 σεμνυνόμενος,

259 4617 305 4674 εἰ
334 4622 503 4674 ταῦτα
529 4618 735 4679 ἐκεῖνο,
767 4614 939 4689 λίγει,
970 4614 1060 4671 καὶ
1095 4616 1158 4671 τὸ
1188 4618 1292 4671 πᾶν
1339 4622 1441 4684 τῆς
1498 4616 1770 4690 σωτηρίας
1830 4616 1905 4679 ετς

254 4708 346 4764 τὸν
404 4708 534 4763 Θεὸν
588 4704 925 4776 ἀνατίθησιν,
972 4708 1136 4777 ἡμεῖς
1190 4703 1243 4759 τί
1286 4702 1415 4778 δρᾷν
1470 4703 1764 4784 ὀφείλομεν
1792 4703 1908 4762 ἓτε-

256 4820 350 4874 ρον
381 4819 395 4869 ;
425 4800 461 4870 ἢ
494 4803 611 4861 πῶς
642 4799 858 4860 ἱαυτοῖς
891 4795 1107 4873 θαρῥεῖν
1143 4795 1495 4873 ὑπαχθέντες,
1538 4798 1641 4853 οὐκ
1691 4796 1909 4873 ἐγκατα-

256 4889 667 4966 λειςρθησόμεθα
692 4885 918 4949 δικαίως
954 4888 1058 4941 ὑπὸ
1087 4890 1185 4941 105
1242 4887 1515 4956 σώζοντος
1572 4887 1662 4941 καὶ
1705 4889 1905 4964 ὑπερα-

255 4978 539 5049 σπίζοντος
571 4982 705 5032 Θεοῦ
736 4996 753 5045 ;
786 5000 814 5027 ‹‹
838 4977 931 5047 Τῷ
958 4976 1225 5050 ὲγείραντι
1253 4976 1382 5037 τοὺς
1411 4973 1636 5049 νεκρούς
1692 5001 1713 5025 ι
1747 4979 1905 5049 Ἀμα

257 5069 351 5142 μὲν
381 5068 629 5148 ὶμφαίνει
662 5066 725 5121 τὸ
752 5069 850 5121 τοῦ
877 5061 996 5121 κινὸ
1011 5066 1130 5118 3νου
1176 5063 1420 5140 μἐγεθος,
1481 5065 1779 5144 μονονουχὶ
1812 5064 1901 5120 λέ-

253 5180 364 5235 γων
396 5158 482 5213 ’ὁτι
508 5154 733 5232 νεκροὺς
762 5155 1083 5231 γενομὲνους
1107 5152 1414 5224 ἀνέστησεν,
1448 5152 1559 5225 ἃμα
1591 5150 1648 5208 δὲ
1666 5154 1756 5208 καὶ
1805 5158 1904 5209 105

254 5254 355 5317 τῆς
381 5247 719 5308 ἀναστάσεως
752 5244 947 5300 αὐτοὺς
977 5243 1386 5317 ὑπομιμνήσκει
1418 5241 1609 5317 λόγου,
1641 5244 1700 5298 δν
1726 5241 1899 5299 πολὺν

252 5338 570 5407 ἐποιήσατο,
600 5336 649 5389 ἐν
680 5338 749 5408 τῇ
764 5332 1335 5410 πρώτῃἘπιστολῇ.‹‹
1359 5334 1459 5394 Ὃς
1490 5332 1550 5388 ἐκ
1566 5331 1900 5403 τηλικούτου

251 5427 502 5484 θανάτου.
529 5449 556 5477 ››
590 5425 704 5482 Οὐκ
734 5424 875 5491 εἶπε,
910 5445 936 5476 ε
970 5419 1249 5489 Κινδύνου,
1284 5446 1311 5473 ››
1339 5420 1506 5490 ἀλλὰ,
1540 5446 1567 5473 ‹‹
1602 5422 1896 5490 Θανάτουρ»

252 5516 385 5587 ὅπερ
418 5514 506 5571 καὶ
534 5515 598 5569 τὸ
632 5511 906 5590 ὑπερέχον
929 5515 1035 5565 τῶν
1092 5508 1353 5566 κινδύνων
1414 5508 1599 5582 δηλοῖ,
1655 5510 1745 5566 καὶ
1795 5512 1897 5581 τήν

249 5605 538 5662 ἀνάστασιν
570 5601 735 5658 πάλιν
769 5598 1142 5674 παρατίθεται,
1176 5599 1251 5661 ὡς
1301 5599 1349 5655 εἴ
1407 5597 1582 5677 ξλεγε’
1643 5598 1709 5655 Τί
1768 5598 1898 5654 ἀπι-

251 5696 435 5754 στοῦσί
464 5715 604 5756 τινες
633 5696 703 5767 τῇ
737 5690 1021 5746 ἀναστάσει
1056 5709 1071 5761 ς
1104 5687 1212 5759 ἤδη
1247 5686 1438 5745 δίδωσι
1471 5686 1740 5766 δείγματα
1764 5690 1896 5744 ταύ-

2015 3924 2176 3965 nunc
2207 3908 2499 3964 excitavit.
2533 3909 2765 3964 Etenim
2795 3921 3148 3977 responsum
3182 3904 3391 3959 mortis
3412 3902 3472 3957 in
3492 3900 3667 3957 nobis

2014 3998 2159 4070 ipsis
2191 3998 2589 4054 babueramus
2622 4013 2637 4064 ;
2668 4013 2780 4053 nec
2819 3995 2880 4051 id
2909 3996 3043 4050 aliis
3074 3994 3146 4048 de
3194 3992 3367 4047 nobis
3414 4007 3661 4064 respon-

2016 4088 2316 4159 dentibus,
2349 4088 2452 4144 sed
2492 4088 2707 4153 nobis,
2760 4086 2977 4158 inquit,
3037 4085 3099 4140 in
3131 4084 3303 4141 nobis
3348 4084 3513 4157 ipsis.
3548 4084 3666 4140 Nec

2016 4178 2180 4237 dicit.
2237 4177 2815 4234 Existimaveramus.
2850 4175 2975 4239 sed,
3035 4174 3462 4240 Habueramus,
3505 4172 3662 4244 quod

2016 4272 2245 4323 certum
2276 4282 2345 4321 ac
2374 4265 2613 4320 firmum
2645 4264 2908 4320 ostendit
2919 4262 3215 4334 judicium
3239 4279 3308 4318 ac
3337 4262 3662 4318 decretum.

2015 4358 2219 4426 Itaque
2262 4354 2645 4410 manifestum
2698 4360 2789 4410 est
2817 4354 2977 4425 quod
3006 4354 3121 4409 nisi
3155 4355 3307 4408 Deus
3337 4368 3446 4406 nos
3476 4350 3662 4405 susci-

2017 4449 2218 4510 tasset,
2260 4444 2468 4516 utique
2497 4445 2715 4499 mortui
2769 4460 3052 4501 essemus.
3088 4442 3253 4508 Quod
3285 4441 3333 4497 si
3365 4441 3492 4495 haec
3521 4438 3665 4494 dicit

2018 4533 2362 4605 Paulus,qui
2382 4534 2443 4588 in
2465 4533 2891 4590 afﬂictionibus
2912 4533 3167 4590 exsultat
3183 4537 3240 4588 et
3259 4532 3360 4603 qui
3376 4531 3437 4585 in
3467 4529 3666 4586 adver-

2017 4622 2290 4677 sitatibus
2346 4622 2855 4678 inenarrabilibus
2902 4628 3188 4693 tanquam
3238 4620 3300 4675 in
3332 4618 3568 4674 coronis
3597 4633 3665 4674 ac

2015 4709 2236 4765 braviis
2288 4709 2593 4783 gloriatur,
2629 4726 2989 4781 omnemque
3041 4708 3249 4764 salutis
3280 4723 3562 4762 ancoram
3594 4705 3656 4760 in

2016 4800 2200 4855 Deum
2240 4799 2517 4870 reponit:
2549 4799 2693 4870 quid
2749 4816 2859 4854 nos
2906 4796 3069 4853 aliud
3106 4796 3300 4852 facere
3332 4794 3618 4851 debemus
3637 4793 3675 4848 τά

2015 4893 2118 4942 aut
2145 4888 2444 4958 quomodo
2474 4888 2547 4943 ad
2582 4887 2693 4943 hoc
2718 4886 2956 4943 adducti
2989 4893 3053 4940 ut
3084 4886 3145 4940 in
3170 4885 3342 4941 nobis
3363 4883 3507 4956 ipsis
3529 4899 3664 4939 con-

2016 4976 2289 5039 fidamus,
2315 4993 2434 5033 non
2467 4977 2679 5033 merito
2709 4993 2743 5031 a
2765 4976 3053 5032 salvatore
3083 4992 3152 5031 ac
3182 4980 3514 5047 protectore
3546 4973 3663 5029 Deo

2015 5067 2504 5139 derelinquemur
2532 5067 2561 5123 ‘I
2589 5090 2617 5118 «
2650 5068 2757 5133 Qui
2791 5067 3039 5123 suscitat
3094 5073 3375 5121 mortuos.
3411 5083 3442 5116 ιι
3474 5060 3663 5122 Simul

2014 5156 2255 5227 quidem
2286 5156 2549 5213 ostendit
2578 5156 2825 5228 periculi
2850 5155 3660 5229 magnitudinem.propemo-

2014 5244 2152 5302 dum
2184 5247 2389 5302 dicens
2422 5264 2434 5301 :
2468 5248 2584 5301 Nos
2608 5247 2733 5317 jam
2791 5252 3057 5302 mortuos
3090 5244 3391 5303 suscitavit
3421 5262 3435 5300 :
3482 5241 3661 5299 simul

2009 5352 2245 5408 quoque
2279 5352 2612 5390 sermonem
2656 5336 2728 5391 de
2769 5335 3196 5390 reserrectione
3229 5334 3350 5389 illis
3381 5332 3658 5406 suggerit,

2008 5441 2185 5497 quem
2217 5426 2279 5480 in
2310 5425 2504 5497 priore
2531 5425 2796 5497 Epistola
2825 5425 3076 5480 multum
3107 5424 3349 5480 fecerat.
3384 5445 3410 5472 κ
3446 5421 3553 5488 Qui
3585 5437 3658 5476 ex

2008 5520 2174 5571 tanta
2202 5522 2407 5571 morte.
2447 5538 2474 5565 ››
2508 5517 2631 5571 Non
2664 5516 2833 5581 dixit,
2868 5515 3158 5573 Periculo.
3192 5514 3295 5569 sed
3328 5536 3356 5563 ιι
3392 5513 3591 5578 Morte,
3629 5535 3649 5562 ε

2006 5603 2163 5676 quod
2198 5605 2377 5660 etiam
2410 5605 2808 5678 periculorum
2834 5605 3305 5679 magnitudinem
3338 5601 3653 5677 significat,

2006 5710 2363 5767 rursumque
2396 5696 2673 5768 proponit
2707 5696 3313 5754 resurrectionemAc
3344 5694 3391 5747 si
3419 5689 3650 5747 diciret:
