4158 6194
369 315 487 379 921

1301 312 1713 377 cannam.
1761 313 1840 375 IN
1886 310 2134 374 EPIST.
2180 311 2233 373 ιι
2275 313 2377 374 AD
2423 274 2790 376 comam.

3665 317 3785 379 9?!

368 471 615 550 propria
644 488 775 528 esse
808 468 1078 534 ducatur,
1113 466 1412 541 siquidem
1441 467 1714 537 gloriatio
1743 483 1875 524 mea
1901 467 2029 522 hinc
2058 470 2150 522 est
2169 466 2343 540 juxta
2400 468 2811 526 testimonium
2866 467 3248 527 conscientia
3303 485 3451 527 mem
3476 486 3490 527 :
3543 471 3785 545 quando

373 571 569 623 autem
604 562 805 619 consci
847 561 972 617 ntia
1004 558 1376 625 testiﬁcatur,
1411 558 1747 615 indubitata
1778 565 1869 613 est
1893 557 2132 613 veritas.

440 654 499 708 ἹΙ
560 651 664 726 γάρ
720 649 991 725 καῦχηπις
1048 651 1208 719 ἡμῶν
1279 646 1416 718 αὕτη
1478 645 1592 702 ἐπὶ
1626 691 1642 713 ,

373 762 485 819 ριον
528 747 631 809 τῆς
690 736 1048 809 συνειδήσεως
1109 740 1291 811 ἡμῶν,
1351 734 1435 792 ὅτι
1494 733 1545 791 ἐν
1602 733 1878 801 ἁπλότητι
1936 733 2029 788 καὶ

370 832 416 888 εἰ
445 830 713 906 λικρινεῖᾳ
753 833 908 896 Θεοῦ,
971 826 1069 883 οὐκ
1120 828 1171 882 ἐν
1225 827 1388 904 σοφίᾳ
1444 829 1698 899 σαρκικῇ,
1758 822 1887 880 ἀλλ’
1945 823 2027 878 ἐν-

372 922 562 998 χάριτι
619 922 754 976 Θεοῦ
810 918 1220 995 ἀνεστράφημεν
1283 916 1335 971 ἐν
1392 919 1474 986 τῷ
1537 914 1733 987 κόσμῳ
1767 957 1782 983 ,
1840 932 2025 986 περισ-

370 1009 606 1087 σοτέρως
666 1006 726 1064 δέ
780 1007 918 1079 πρὸς
999 1007 1140 1079 ὑμᾶς
1173 1050 1186 1064 .
1249 1004 1328 1063 Οὐ
1387 1004 1492 1081 γὰρ
1546 1000 1693 1058 ἄλλα
1747 1002 2027 1082 γράφομεν

368 1101 497 1174 ὑμῖν
533 1142 550 1169 ,
618 1097 746 1155 ἀλλ’
814 1097 848 1153 ἆ
913 1096 1329 1171 ἀναγινώσκετε.
1386 1093 1632 1164 Ἐλπίζω
1674 1088 1732 1148 δέ
1793 1090 1879 1147 ὅτι
1935 1090 2026 1146 καὶ

363 1189 470 1255 ῐως
560 1190 755 1253 τέλους
861 1190 1220 1265 ἐπιγνώσεσθε
1300 1186 1481 1252 καθὼς
1583 1185 1673 1241 καὶ
1757 1182 2027 1259 ἐπέγνωτε

369 1285 517 1357 ἡμᾶς
548 1282 653 1338 ἀπὸ
724 1280 941 1354 μέρους,
1002 1279 1086 1335 ’ὁτι
1141 1276 1413 1354 καύχημα
1468 1277 1624 1351 ὑμῶν
1684 1272 1868 1350 ἐσμεν,
1926 1294 2021 1328 κα-

369 1373 536 1448 θάπερ
567 1370 663 1427 παὶ
717 1371 874 1445 ὑμεῖς
928 1370 1113 1443 ⁴ἡμῶν,
1179 1366 1233 1424 ἐν
1307 1370 1376 1441 τῇ
1430 1366 1613 1442 ἡμέρᾳ
1663 1369 1760 1422 τοῦ
1818 1361 2023 1439 Κυρίου

369 1464 449 1534 ’1η
458 1467 574 1518 σοῦ’

434 1553 662 1618 Ἐπειδὴ
722 1551 871 1607 εἶπεν
932 1546 1044 1604 ἅνω
1088 1546 1179 1604 διὰ
1230 1552 1340 1603 τῶν
1386 1545 1685 1622 οῗκτιρμῶν
1733 1547 1832 1599 τοῦ
1886 1546 2022 1600 Θεοῦ

363 1638 774 1712 ἠλεῆσοαι.’ἰνα
823 1639 901 1714 μὴ
940 1636 1114 1712 ταῦτῃ
1168 1634 1260 1693 τὸν
1317 1635 1589 1711 ἀκροατὴν
1650 1632 2021 1708 ῥᾳθυμότερον

362 1731 589 1798 ποιήσῃ,
624 1726 770 1800 λέγει
802 1724 911 1784 δεῖν
951 1724 1164 1789 οτκοθεν
1221 1719 1371 1800 ἔχειν
1426 1730 1529 1792 τῆς
1587 1720 1862 1795 σωτηρίας
1920 1720 2019 1783 τὰς

362 1815 632 1894 ἀφορμάς,
683 1814 791 1869 ἀπὸ
874 1809 1182 1874 συνειδότος
1237 1814 1528 1888 χρηστοῦ.
1592 1811 1672 1868 Τὸ
1726 1807 2021 1894 μαρτύριον

362 1893 488 1981 κὰρ,
539 1903 696 1984 φησὶ,
765 1907 865 1969 τῆς
920 1899 1280 1972 συνειδήσεως
1344 1903 1530 1976 ἡμῶν,
1580 1900 1656 1961 ὡς
1713 1899 1759 1954 εί
1815 1893 2016 1973 ἔλεγεν·

1697 647 1761 701 τὸ
1821 646 1996 721 μαρτύ

2211 647 2256 710 Ι,
2299 648 2475 704 I215.
2512 670 2534 699 α
2566 649 2709 705 Nam
2744 648 3014 721 gloriatio
3044 653 3249 705 nostra
3276 649 3404 705 haec
3419 651 3791 707 esttestimo-

2139 758 2165 785 «
2196 735 2361 793 nium
2393 737 2772 794 conscientiae
2804 737 3210 809 nostraa,quod
3241 755 3375 793 cum
3408 737 3787 810 simplicitate

2139 845 2167 874 α
2199 830 2258 879 et
2286 826 2626 882 sinceritate
2650 827 2775 891 Dei,
2799 843 2919 882 non
2952 843 3057 898 per
3081 828 3434 900 sapientiam
3458 828 3788 893 carnalem,

2142 935 2170 964 α
2203 914 2307 969 sed
2332 932 2439 988 per
2465 916 2710 988 gratiam
2745 916 2846 972 Dei
2907 916 3235 972 conversati
3295 918 3444 974 599
3502 918 3689 975 simus
3720 918 3782 972 in

2140 1025 2169 1053 «
2203 1004 2446 1066 mundo.
2482 1005 2887 1061 abundantius
2918 1013 3116 1062 autem
3151 1023 3289 1081 erga
3319 1024 3439 1063 vos.
3473 1008 3598 1062 Non
3622 1008 3781 1062 enim

2138 1114 2166 1143 «
2199 1092 2315 1149 alia
2338 1094 2529 1150 scribo
2557 1095 2718 1151 vobis
2744 1111 2923 1168 quam
2954 1112 3085 1167 quae
3117 1095 3311 1169 legitis
3336 1095 3437 1152 aut
3468 1097 3645 1152 etiam
3678 1114 3783 1152 co—

2141 1203 2163 1231 ι
2197 1184 2499 1256 gnoscitis.
2530 1184 2710 1256 Spero
2735 1191 2933 1241 autem
2957 1184 3113 1255 quod
3146 1202 3335 1256 usque
3356 1185 3429 1241 ad
3445 1186 3624 1241 finem
3647 1202 3786 1257 quo-

2135 1294 2164 1323 «
2193 1288 2307 1344 que
2337 1274 2690 1347 cognoscitis
2716 1274 3208 1345 quemadmodum
3227 1282 3287 1331 et
3309 1275 3664 1344 cognovistis
3679 1290 3787 1330 nos

2134 1383 2162 1411 «
2197 1378 2268 1418 ex
2300 1368 2502 1433 parte:
2538 1362 2695 1435 quod
2725 1364 2999 1434 gloriatio
3032 1370 3225 1421 vestra
3253 1365 3460 1430 simus,
3496 1363 3786 1436 quemad-

2135 1474 2162 1501 α
2200 1452 2440 1508 modum
2463 1458 2523 1508 et
2548 1470 2650 1509 vos
2683 1460 2886 1508 nostra
2916 1454 2976 1508 in
3011 1454 3105 1509 die
3134 1454 3387 1512 Domini.
3424 1476 3450 1503 »ι

2204 1543 2352 1610 Quia
2382 1542 2654 1615 superius
2684 1543 2914 1600 dixerat
2950 1560 3058 1618 per
3087 1545 3188 1599 Dei
3226 1544 3669 1601 misericordias
3725 1562 3788 1603 se

2133 1634 2414 1705 adeptum
2446 1632 2627 1689 fuisse
2659 1632 3231 1701 misericordiam,ne
3265 1632 3792 1690 hocdictoaudito-

2132 1741 2256 1780 rem
2281 1721 2493 1779 reddat
2513 1722 2869 1796 segniorem,
2905 1724 2989 1779 ait
3046 1740 3081 1779 a
3142 1723 3339 1796 seipso
3371 1730 3645 1797 oportere
3686 1724 3792 1780 [ιον

2130 1814 2272 1870 bere
2304 1812 2515 1868 salutis
2546 1813 2891 1869 occasiones
2924 1831 2993 1869 ex
3016 1813 3173 1869 bona
3211 1813 3598 1869 conscientia.
3624 1821 3705 1867 Ac
3735 1813 3784 1868 si

2131 1902 2392 1960 diceret:
2423 1902 2801 1959 Conscientia
2834 1908 3035 1959 nostra
3071 1920 3202 1975 quas
3234 1902 3409 1959 nobis
3440 1902 3597 1958 bona
3618 1903 3788 1958 testi-

367 1996 447 2053 Τὸ
478 1992 721 2056 συνειδὸς
776 1996 937 2066 ἡμῶν
1001 1995 1307 2069 μαρτυροῦν
1355 1994 1491 2064 ἡμῖν
1535 1989 1753 2080 νὰγαθά,
1808 1988 1900 2080 καὶ
1934 1987 2017 2045 ὅτι

2129 1994 2361 2072 ﬂcatur,
2383 1998 2444 2048 et
2472 1991 2632 2065 quod
2662 1992 2723 2048 in
2756 1993 3134 2065 simplicitate
3153 1994 3484 2050 conversati
3512 1992 3700 2049 simus
3718 1993 3780 2049 in

367 2083 420 2139 ἐν
450 2083 718 2155 ἁπλότητι
776 2081 1185 2160 ἀνεστράφημεν
1242 2080 1294 2137 ἐν
1352 2084 1432 2153 τῷ
1480 2079 1698 2152 κόσμῳ,
1760 2077 2014 2155 μεγίστην

363 2172 760 2250 παρακλήσεως
793 2172 1059 2249 πρότασιν
1094 2166 1322 2225 δέδωκεν
1364 2171 1524 2243 ἡμῖν,
1586 2166 1801 2241 μᾶλλον
1862 2164 1921 2222 δὲ
1952 2166 2015 2222 οὐ

361 2261 758 2340 παρακλήσεως
817 2261 977 2335 μόνον
1014 2305 1030 2331 ,
1086 2258 1231 2317 ἀλλὰ
1286 2260 1372 2315 καὶ
1424 2259 1774 2338 καυχήσεως.
1829 2283 1857 2311 ς(
1891 2260 2013 2315 ’Ότι

362 2350 414 2408 ἐν
445 2351 740 2421 ἁπλότητι.
773 2374 800 2403 n
834 2352 993 2408 Ἄνευ
1050 2346 1241 2415 δόλου,
1299 2345 1422 2405 ἄνευ
1477 2347 1811 2424 ὑποκρίσεώς
1866 2367 2014 2409 τινος

362 2442 452 2499 καὶ
484 2439 958 2514 ἑπικαλύμμοιτος.
1018 2464 1045 2491 ‹‹
1077 2438 1192 2495 Οὐκ
1234 2437 1290 2494 ἐν
1340 2437 1504 2517 σοτείᾳ
1526 2441 1779 2513 σαρκικῇ.
1814 2462 1843 2489 ››
1900 2436 2017 2494 Οὖκ

363 2531 417 2588 ἐν
475 2529 749 2602 δεινότητι
831 2529 920 2586 καὶ
985 2533 1195 2608 στροφῇ
1252 2528 1435 2604 λόγων
1494 2528 1856 2602 συσκιαζούσῃ
1913 2530 2013 2598 τὴν

361 2619 621 2693 ἀλήθειαν
642 2619 1066 2699 ἀνεστράφημεν.
1092 2619 1232 2693 Ὃρα
1263 2615 1340 2685 δί,
1393 2616 1475 2695 ἐφ’
1537 2617 1619 2678 οἷς
1674 2615 1817 2692 μέγα
1854 2614 2015 2694 ἐφρό·

361 2732 486 2767 νουν
520 2711 571 2765 οἱ
602 2704 1069 2785 ψευδαπόστολοι,
1109 2711 1277 2763 ταῦτα
1333 2704 1494 2771 αὐτὸς
1550 2705 1860 2762 ἀποσείεται
1924 2705 2016 2761 καὶ

364 2800 569 2879 φεύγει.
602 2823 631 2853 ‹‹
664 2795 823 2853 Ἀλλ’
863 2796 914 2851 ἐν
947 2798 1135 2873 χάριτι
1167 2802 1324 2864 Θεοῦ,
1359 2820 1383 2850 ε
1442 2797 1711 2865 τουτέστι,
1764 2795 2018 2868 σημείοις

366 2913 423 2948 τε
452 2892 541 2947 καὶ
566 2890 806 2961 τέρασιν,
863 2891 1020 2944 ἅτινα
1074 2887 1387 2963 χαρίσματα
1423 2888 1490 2957 ἧν
1548 2892 1700 2943 Θεοῦ.
1760 2912 1786 2939 α
1823 2892 2019 2962 Περισ-

368 2983 602 3054 σοτέρως
635 2977 694 3036 δέ
718 2980 856 3054 πρὸς
886 2979 1047 3051 ὑμᾶς.
1091 3010 1115 3036 ιο
1177 2983 1301 3039 Πῶς
1344 2997 1360 3046 ;
1426 2977 1511 3034 δτι
1574 2976 1708 3050 μετᾶ
1761 2980 1867 3031 τῶν
1916 2997 2020 3047 ση-

368 3071 535 3146 μείων
562 3068 643 3125 ἐτι
698 3067 788 3123 καὶ
838 3064 1110 3124 ἀδάπανον
1142 3068 1265 3141 παρ’
1323 3066 1509 3128 αὐτοῖς
1565 3066 1628 3120 τὸ
1687 3063 2019 3139 Εὐαγγέλιον

360 3160 607 3234 ἐκήρυξε.
641 3158 745 3217 Καὶ
777 3159 879 3236 δρα
935 3158 1068 3233 ὅπερ
1126 3158 1191 3226 ἦν
1249 3152 1413 3210 αὐτοῦ
1470 3152 1824 3229 κατόρθωμα,
1853 3157 2018 3208 τοῦτο

359 3253 431 3324 τῇ
461 3251 649 3326 χάριτι
682 3251 780 3304 τοῦ
806 3251 940 3305 Θεοῦ
996 3246 1328 3316 ἀνατίθησιν.
1400 3269 1426 3295 «
1459 3244 1541 3302 Οὐ
1570 3243 1670 3318 γὰρ
1710 3240 1857 3298 ἄλλα
1883 3243 2018 3317 γρά-

367 3360 539 3421 (ρομεν
583 3339 729 3413 ὑμῖν.
766 3363 789 3392 ι
845 3333 1067 3405 Ἐπειδὴ
1105 3335 1243 3414 μέγα
1307 3332 1591 3421 ἐςρβέγξατο
1648 3334 1772 3410 περῖ
1828 3333 2020 3389 ἐαυτοῦ

363 3419 427 3482 τὸ
448 3425 719 3483 ἀδάπανον
768 3425 998 3500 κηρύξαι
1041 3425 1103 3481 τὸ
1157 3419 1510 3498 Εὐαγγέλιον,
1539 3420 1623 3476 ἳνα
1657 3424 1732 3496 μή
1792 3443 1874 3484 τις
1930 3441 2020 3477 v0-

369 3517 500 3592 μίσῃ
544 3516 760 3587 κόμπον
829 3513 963 3569 αὐτὰ
1021 3512 1284 3589 ῥημάτων
1340 3512 1494 3581 εἶναι,
1554 3510 1859 3586 γηρεῦοντα
1908 3516 2017 3567 τῶν

362 3601 557 3682 ἔργων,
591 3604 785 3667 αὐτοὺς
816 3607 914 3658 τοῦ
963 3601 1143 3673 ἀληθῆ
1200 3599 1381 3677 λέγειν
1431 3602 1660 3677 παράγει
1721 3600 2016 3677 μάρτυρας.

366 3696 444 3755 Οὐ
510 3696 614 3771 γάρ
699 3693 846 3751 ἄλλα
925 3692 1226 3768 ἐγράφομεν
1319 3691 1470 3765 ὑμῖν,
1553 3689 1820 3760 τουτέστι,
1901 3692 2020 3763 ξένα

364 3786 457 3842 καὶ
516 3784 787 3860 ἀλλότρια
858 3785 1023 3855 ἡμῶν
1111 3780 1495 3859 (ἐγεγραφήκει
1562 3779 1666 3855 γάρ
1734 3782 2016 3856 πρότερον,

369 3878 445 3939 ὠς
487 3875 761 3933 ἀδάπανον
811 3873 1036 3948 ἐκήρυξε
1089 3873 1153 3929 τὸ
1216 3869 1552 3948 Εὐαγγέλιον
1604 3871 1733 3946 παρ’
1785 3871 2016 3944 16107:)-

363 3968 494 4025 ἀλλ’
560 3969 738 4023 ἐκεῖνα
818 3964 966 4035 ὑμῖν,
1027 3963 1191 4036 φησὶν
1225 4005 1240 4030 ,
1289 3959 1615 4043 ἐγράφομεν,
1673 3962 1706 4018 ἃ
1764 3961 2017 4043 ᾱινπιγωώἶ

368 4077 520 4113 σκετε
553 4101 567 4121 ,
651 4052 926 4109 τουτέστιν
959 4095 974 4118 ,
1036 4049 1069 4107 ἃ
1125 4051 1605 4125 ὑπομιμνήσκεσθε
1638 4096 1651 4118 ,
1707 4052 1839 4109 εἷναι
1890 4035 2018 4125 παρ’

361 4149 515 4219 ἡμῖν.
579 4145 908 4217 Ἀνάγνωσις
962 4139 1067 4218 γάρ
1125 4138 1266 4195 ἐστιν
1331 4141 1367 4211 ἠ
1438 4140 1768 4213 ῦπαῗμνησις,
1833 4138 1924 4194 καὶ
1980 4141 2016 4209 ἡ

363 4233 563 4290 ἄνωθεν
620 4236 837 4306 γνῶσις.
899 4228 1003 4288 Καὶ
1060 4229 1112 4284 τί
1168 4227 1334 4304 λέγω,
1392 4228 1576 4305 φησὶν,
1609 4228 1764 4284 ἅτινα
1814 4228 2019 4298 ὑπομι-

364 4322 696 4398 μνήσκεσθε;
727 4320 881 4375 ἅτινα
932 4319 1028 4392 μὲν
1090 4317 1181 4373 οῦν
1242 4314 1625 4390 ἐπιγινώσκετε
1690 4317 1804 4371 εἴνα
1857 4318 2019 4388 ἡμῶν

362 4411 493 4481 ἴδια,
558 4413 698 4485 μήτε
767 4410 1184 4482 ὑπομνησθῆναι
1239 4403 1487 4478 δεόμενοι
1547 4403 1636 4462 διά
1684 4405 1747 4460 τὸ
1807 4403 2019 4481 πρόδη-

361 4499 680 4563 λοναῦτῶν.
715 4495 862 4554 ἀλλὰ
904 4489 1148 4572 ἀκριϐῶς
1205 4491 1409 4556 εἰδότες
1460 4492 1551 4551 καὶ
1603 4493 1710 4568 πρὸ
1769 4493 2017 4567 ὑπομνή-

360 4610 519 4652 σεως.
549 4613 578 4643 κ
606 4585 853 4657 Ἐλπίζω
885 4582 960 4643 δέ.
994 4608 1022 4637 ››
1052 4585 1214 4658 Ὀρᾷς
1244 4581 1327 4639 ὅτι
1377 4578 1531 4638 οὐδὲν
1581 4579 1889 4657 ἐπηρμένον
1916 4579 2019 4638 λα-

362 4677 475 4749 λεῖ,
506 4677 651 4734 ἀλλὰ
681 4681 760 4749 τῷ
792 4679 908 4747 Θεῷ
937 4673 1223 4743 ἀνατίθησι
1278 4671 1342 4728 τὸ
1402 4675 1504 4726 πᾶν
1537 4690 1551 4742 ;
1604 4670 1846 4741 Ἐλπιζω
1888 4671 2012 4746 γάρ,

363 4768 552 4847 φησὶν,
584 4767 659 4829 εἷς
687 4766 780 4821 τὸν
815 4764 962 4833 Θεὸν,
1021 4764 1105 4819 δτι
1161 4762 1252 4818 καὶ
1307 4758 1413 4825 ἕως
1464 4758 1658 4825 τέλους
1717 4759 2014 4835 ἐπιγνώσε-
2051 4741 2093 4806 D

362 4871 454 4924 σθε
485 4861 631 4931 ἡμᾶς
659 4856 939 4914 τοιούτους
971 4851 1147 4921 ὄντας,
1198 4848 1350 4913 οἵους
1406 4852 1462 4907 αἱ
1494 4850 1775 4908 ἐπστολαῖ
1809 4849 2016 4922 δηλοῦ-

362 4970 436 5007 σι.
471 4948 572 5007 Καὶ
613 4946 720 5002 ἀπὸ
757 4942 950 4999 τῦύτου
980 4942 1070 4998 κάὶ
1130 4943 1157 4997 ὁ
1209 4939 1499 5016 παρελθὼν
1549 4938 1818 5008 δηλοῦται
1869 4942 2009 5016 βίος,

360 5064 388 5092 α
415 5040 635 5106 Καθὼς,
663 5033 849 5111 ιςιησὶν,
882 5033 999 5088 ἀπὸ
1022 5030 1243 5105 μέρους,
1279 5055 1304 5082 ο)
1337 5032 1473 5097 οἷον,
1495 5036 1594 5088 Ἐκ
1623 5030 1818 5104 μέρους
1848 5028 2008 5105 ἔγνω·

359 5148 435 5189 τε.
488 5125 778 5200 Μετριάζει
837 5120 895 5178 ὀὶ
948 5124 1111 5177 τοῦτο
1152 5118 1346 5196 λέγων’
1410 5121 1624 5198 MNT]
1685 5145 1712 5172 ιι
1742 5120 2009 5192 Ἐλπίζω,

358 5216 546 5296 φησῖν,
602 5213 686 5270 ὅτι
762 5212 871 5275 ’ἕως
926 5209 1121 5274 τέλους
1179 5208 1563 5283 ἐπιγνώσεσθε,
1624 5208 1738 5279 Ἰίς
1800 5231 1829 5260 ‹‹
1888 5210 2008 5268 Ὀτι

356 5307 624 5383 καύχημα
655 5305 806 5376 ὑμῶν
835 5300 1017 5375 ἐσμεν.
1050 5323 1078 5356 ε
1144 5300 1291 5374 Οὗγὶ
1325 5300 1487 5373 μόνον
1545 5298 1603 5357 δὶ
1650 5302 1837 5373 ἡμεῖς,
1864 5296 2012 5357 ἀλλά

258 5454 266 5461 ,
352 5398 440 5454 καὶ
476 5398 631 5471 ὑμεῖς
674 5393 809 5466 ἐμοῦ
865 5390 1136 5471 καύχημά
1198 5389 1335 5449 ἐστε.
1395 5391 1485 5455 Ὠς
1536 5393 1639 5469 γάρ
1693 5390 1753 5446 ἐκ
1808 5390 2009 5465 μέρους

351 5491 442 5543 νῦν
462 5485 593 5542 αὐτὸ
623 5486 784 5540 τοῦτο
815 5481 1104 5556 ἐπέγνωτε,
1158 5479 1330 5543 οὕτως
1386 5478 1594 5550 ἐλπίζω
1634 5478 1718 5535 ὅτι
1776 5477 1865 5534 καὶ
1918 5499 2004 5534 τε·

356 5574 522 5637 λείως
578 5572 940 5649 ἐπιγνώσεσθε
993 5567 1124 5624 αὐτὸ
1181 5567 1236 5622 ἐν
1294 5566 1468 5643 ἐκείνῃ
1524 5573 1592 5641 τῇ
1651 5566 1865 5642 ἡμέρᾳ,
1914 5565 2006 5623 ὅτε

353 5663 580 5728 Mra:
632 5664 707 5722 ὧν
789 5657 984 5738 ἔπραξε
1036 5660 1138 5732 τὴν
1219 5657 1556 5733 ἀντιμισθίαν
1624 5657 1863 5736 εὐρήσει.
1920 5660 2003 5736 Ἐξ

2126 2084 2375 2152 mundo,
2409 2084 2726 2140 maximam
2754 2083 3179 2141 consolationis
3211 2084 3586 2139 occasionem
3619 2082 3786 2139 dedit

2118 2173 2295 2229 nobis
2327 2190 2340 2228 :
2376 2173 2564 2244 magis
2595 2181 2790 2229 autem
2823 2190 2943 2228 non
2969 2173 3402 2228 consolationis
3425 2172 3641 2242 solum,
3674 2171 3780 2227 sed

2122 2271 2180 2321 et
2206 2264 2598 2337 gloriationis.
2656 2288 2682 2309 α
2735 2265 2899 2331 Quod
2951 2282 3086 2321 cum
3138 2264 3604 2332 simplicitate.»
3642 2265 3779 2320 Sine

2121 2355 2278 2421 dolo,
2310 2354 2439 2409 sine
2471 2353 2709 2410 fictione
2741 2359 2843 2410 aut
2901 2355 3273 2427 cperimento
3333 2354 3557 2425 aliquo.
3590 2376 3617 2404 ‹‹
3653 2356 3781 2411 Non

2121 2463 2228 2520 per
2256 2446 2616 2518 sapientiam
2646 2446 2950 2503 carnalem
3002 2468 3033 2498 ι)
3065 2449 3190 2502 Non
3230 2464 3339 2519 per
3394 2447 3783 2504 calliditatem

2119 2553 2188 2594 ac
2221 2534 2542 2592 versutiam
2573 2535 2883 2591 verborum
2941 2552 3071 2607 quin
3103 2535 3424 2593 obumbrat
3450 2537 3780 2604 veritatem,

2119 2625 2449 2682 conversati
2482 2641 2707 2680 sumus.
2741 2625 3064 2682 Considera
3092 2642 3232 2681 vero
3254 2625 3416 2698 quod
3455 2642 3524 2681 ea
3549 2627 3782 2698 rejiciat

2122 2732 2190 2771 ac
2219 2715 2429 2788 fugiat.
2463 2714 2523 2770 in
2573 2714 2790 2786 quibus
2846 2714 3259 2788 gloriabantur
3309 2714 3780 2787 pseudapostoli.

2124 2828 2152 2855 ‹‹
2186 2804 2298 2861 Sed
2329 2821 2434 2876 per
2452 2805 2701 2872 gratiam
2737 2805 2859 2861 Dei.
2896 2827 2924 2853 »
2952 2806 3074 2861 Hoc
3102 2811 3194 2860 est
3221 2805 3389 2874 signa
3417 2822 3486 2861 ac
3513 2805 3784 2879 prodigia

2124 2911 2257 2966 quae
2289 2893 2388 2950 Dei
2407 2892 2562 2949 dona
2576 2898 2747 2948 erant
2775 2916 2802 2943 ‹‹
2827 2892 3242 2949 Abundantius
3258 2900 3456 2950 autem
3473 2910 3724 2964 ergavos
3756 2917 3784 2944 ››

2123 2982 2427 3049 Quomodo
2449 2982 2477 3038 ?
2504 2982 2653 3046 Quia
2683 2997 2815 3036 cum
2846 2981 3058 3054 signis,
3091 2987 3379 3053 praeterea
3406 2983 3587 3039 etiam
3647 2984 3784 3039 sine

2126 3076 2366 3143 sumptu
2397 3070 2778 3139 Evangelium
2809 3070 2966 3141 apud
2998 3070 3159 3140 ipsos
3210 3070 3655 3142 praadicaverat.
3714 3073 3785 3126 Et

2124 3158 2254 3214 vide
2281 3174 2295 3212 :
2329 3158 2552 3213 bonum
2576 3174 2725 3229 opus
2756 3158 2914 3230 quod
2941 3158 3131 3230 ipsius
3180 3164 3327 3221 erat,
3359 3160 3781 3234 attribuitgra-

2125 3246 2223 3303 tim
2256 3247 2380 3303 Dei.
2404 3268 2433 3296 «
2459 3248 2585 3302 Non
2616 3246 2776 3303 enim
2816 3247 2936 3303 alia
2985 3247 3303 3306 scribimus
3333 3249 3518 3306 vobis.
3557 3271 3583 3298 ››
3626 3250 3783 3315 Quo-

2130 3336 2293 3392 niam
2324 3335 2577 3392 multum
2607 3335 2681 3392 de
2711 3336 2907 3409 seipso
2954 3336 3189 3394 locutus
3246 3343 3369 3394 erat
3429 3338 3587 3411 quod
3653 3338 3781 3394 sine

2130 3433 2374 3500 sumptu
2402 3428 2779 3501 Evangelium
2803 3428 3204 3501 prmdicasset.
3247 3446 3325 3486 ne
3356 3430 3489 3502 quis
3520 3428 3647 3485 haec
3703 3430 3785 3485 fa-

2129 3525 2288 3576 stum
2319 3520 2633 3577 verborum
2667 3537 2797 3577 esse
2825 3520 3166 3589 ducat,cum
3198 3522 3518 3578 destitutus
3545 3522 3621 3576 sit
3642 3537 3779 3593 ope-

2125 3610 2312 3671 ribus.
2346 3611 2508 3682 ipsos
2567 3611 2631 3666 in
2679 3616 2858 3668 testes
2915 3611 3160 3668 adducit
3215 3612 3372 3683 quod
3421 3628 3558 3667 vera
3598 3613 3777 3668 dicat-

2126 3701 2254 3755 Non
2304 3701 2465 3757 enim
2521 3701 2640 3758 alia
2698 3701 3046 3774 scripsimus
3103 3701 3289 3767 vobis,
3350 3701 3464 3756 hoc
3521 3705 3628 3769 est,
3686 3718 3780 3770 pe-

2124 3790 2364 3863 regrina
2389 3796 2448 3846 et
2475 3790 2727 3846 alienaa
2770 3789 2942 3846 nobis
2998 3789 3340 3859 (scripserat
3393 3788 3553 3844 enim
3613 3788 3777 3858 prius

2123 3880 2281 3951 quod
2305 3881 2434 3937 sine
2468 3885 2710 3953 sumptu
2740 3879 3123 3950 praedicasset
3170 3876 3315 3948 ipsis
3348 3875 3772 3948 Evangelium),

2121 3969 2225 4027 sed
2258 3970 2361 4025 illa
2396 3969 2558 4025 vobis
2617 3968 2964 4037 scripsimus
3024 3981 3156 4036 qum
3215 3964 3429 4033 legitis,
3491 3964 3603 4021 hoc
3662 3970 3773 4030 est,

2124 4058 2197 4114 de
2224 4059 2442 4132 quibus
2477 4058 2809 4129 suggeritur
2839 4054 3001 4108 vobis
3060 4052 3218 4125 quod
3273 4054 3395 4110 sint
3446 4055 3509 4109 in
3555 4053 3726 4109 nobis
3762 4067 3775 4117 ;

2124 4150 2302 4207 lectio
2335 4151 2495 4205 enim
2528 4154 2618 4204 est
2646 4146 2967 4220 suggestio,
2993 4152 3052 4202 et
3082 4152 3269 4203 tracta
3299 4163 3366 4203 ex
3392 4148 3778 4219 praecedenti-

2124 4238 2237 4295 bus
2268 4239 2495 4295 notitia.
2524 4239 2593 4292 Et
2621 4235 2765 4307 quid
2805 4234 2958 4304 dico,
2992 4235 3288 4307 inquit,de
3320 4237 3543 4308 quibus
3576 4251 3779 4308 sugge-

2125 4327 2278 4385 ritur
2307 4326 2471 4381 vobis
2499 4326 2527 4381 ?
2549 4324 2845 4396 siquidem
2874 4342 3005 4397 qum
3038 4325 3400 4397 cognoscitis
3430 4325 3601 4379 nobis
3644 4341 3773 4380 esse

2126 4415 2386 4488 propria,
2418 4431 2494 4472 ne
2523 4431 2670 4486 opus
2693 4414 2937 4486 quidem
2982 4414 3212 4471 habetis
3260 4420 3324 4470 ut
3384 4420 3777 4487 suggerantur

2126 4504 2310 4565 vobis.
2341 4520 2473 4560 cum
2498 4504 2815 4561 manifesta
2835 4502 3086 4568 sint,sed
3099 4504 3274 4559 etiam
3293 4509 3430 4559 ante
3450 4503 3773 4575 suggestio-

2126 4611 2265 4651 nem
2298 4600 2499 4651 exacte
2532 4593 2714 4650 scitis.
2748 4613 2779 4645 ‹‹
2812 4592 2993 4664 Spero
3040 4598 3259 4649 autem.
3297 4618 3320 4645 ι
3384 4591 3557 4649 Vides
3616 4590 3776 4663 quod

2124 4683 2672 4751 nihilarroganlius
2703 4682 3001 4753 loquatur,
3036 4681 3139 4737 sed
3179 4697 3304 4739 rem
3364 4697 3603 4737 onmem
3659 4682 3775 4738 Deo

2125 4774 2456 4830 attribuat?
2486 4772 2642 4828 600
2666 4773 2806 4826 Nam
2843 4787 3038 4842 spero,
3068 4770 3281 4843 inquit,
3306 4770 3367 4827 in
3399 4771 3583 4827 Deum
3619 4771 3777 4842 quod

2124 4878 2313 4934 usque
2343 4860 2418 4917 ad
2450 4860 2630 4915 ﬁnem
2663 4874 2901 4931 quoque
2931 4859 3296 4932 cognoscetis
3325 4876 3435 4915 nos
3467 4859 3611 4915 tales
3643 4875 3771 4914 esse

2123 4952 2331 5022 quales
2362 4948 2704 5017 significant
2732 4946 3001 5019 epistolm
3035 4964 3049 5013 ;
3079 4952 3138 5003 et
3166 4946 3238 5002 ab
3271 4949 3380 5004 hoc
3411 4947 3585 5003 etiam
3622 4965 3770 5018 prae-

2122 5040 2298 5098 terita
2325 5037 2660 5095 ostenditur
2688 5037 2823 5094 vita.
2858 5061 2883 5083 «
2920 5036 3673 5111 Quemadmodum,inquit,
3703 5056 3771 5093 ex

2120 5134 2284 5201 parte
2318 5144 2333 5195 ;
2369 5148 2397 5177 ›ι
2420 5127 2533 5183 hoc
2563 5131 2675 5187 est.
2709 5141 2779 5181 ex
2810 5131 2976 5197 parte
3008 5127 3397 5199 cognovistis:
3420 5128 3535 5186 hoc
3565 5136 3765 5185 autem

2119 5216 2370 5274 dicendo
2401 5233 2522 5288 pra;
2550 5231 2614 5271 se
2646 5214 2758 5269 fert
2788 5215 3206 5272 modestiam.«
3240 5216 3442 5290 Spero.
3476 5219 3579 5274 ait.
3613 5218 3771 5290 quod

2119 5322 2308 5379 usque
2338 5304 2411 5361 ad
2444 5305 2621 5360 ﬁnem
2646 5305 3033 5376 cognoscetis.
3073 5326 3099 5353 ι»
3124 5306 3274 5372 Quid
3297 5306 3324 5360 ?
3340 5329 3368 5358 ‹‹
3384 5306 3551 5373 Quod
3563 5306 3778 5381 gloria-

2117 5395 2201 5451 tio
2232 5400 2424 5448 vestra
2455 5392 2660 5449 simus.
2699 5414 2726 5440 ι»
2754 5393 2877 5448 Non
2910 5392 3107 5449 solum
3162 5400 3359 5451 autem
3394 5412 3530 5457 nos.
3581 5396 3686 5453 sed
3717 5404 3774 5451 et

2114 5500 2216 5541 vos
2237 5499 2472 5557 quoque
2529 5497 2665 5538 mea
2709 5480 2980 5555 gloriatio
3039 5483 3204 5540 estis.
3255 5483 3417 5541 Sicut
3446 5485 3605 5540 enim
3649 5485 3761 5541 hoc

2114 5573 2311 5646 ipsum
2341 5587 2501 5627 nunc
2531 5586 2600 5627 ex
2632 5576 2797 5643 parte
2826 5570 3205 5643 cognovistis,
3262 5572 3347 5629 ita
3375 5588 3548 5643 spero
3607 5572 3760 5644 quod

2112 5662 2293 5722 etiam
2322 5660 2434 5720 hoc
2461 5659 2722 5735 perfecte
2751 5659 3117 5737 cognoscetis
3146 5659 3210 5718 in
3241 5658 3347 5716 illo
3368 5659 3487 5727 die,
3517 5659 3757 5731 quando
