  <div class='ocr_page' id='page_1' title='image "/cluster/home/n/w/nwhite01/storage/ocr_20150623/118/hvd.32044073502247/468.png"; bbox 0 0 4158 6194; ppageno 0'>
   <div class='ocr_carea' id='block_1_1' title="bbox 396 327 515 389">
    <p class='ocr_par' dir='ltr' id='par_1_1' title="bbox 396 327 515 389">
     <span class='ocr_line' id='line_1_1' title="bbox 396 327 515 389; baseline 0.008 -1"><span class='ocrx_word' id='word_1_1' title='bbox 396 327 515 389; x_wconf 78' lang='lat'><strong>925</strong></span> 
     </span>
    </p>
   </div>
   <div class='ocr_carea' id='block_1_2' title="bbox 1402 326 2885 392">
    <p class='ocr_par' dir='ltr' id='par_1_2' title="bbox 1402 326 2885 392">
     <span class='ocr_line' id='line_1_2' title="bbox 1402 326 2885 392; baseline -0.001 -2"><span class='ocrx_word' id='word_1_2' title='bbox 1402 327 1810 392; x_wconf 85' lang='lat' dir='ltr'><strong>COMMENT.</strong></span> <span class='ocrx_word' id='word_1_3' title='bbox 1859 329 1936 390; x_wconf 82' lang='lat' dir='ltr'><strong>IN</strong></span> <span class='ocrx_word' id='word_1_4' title='bbox 1986 326 2233 389; x_wconf 84' lang='lat' dir='ltr'><strong>EPIST.</strong></span> <span class='ocrx_word' id='word_1_5' title='bbox 2270 329 2322 389; x_wconf 81' lang='lat' dir='ltr'><strong>II</strong></span> <span class='ocrx_word' id='word_1_6' title='bbox 2369 328 2473 391; x_wconf 86' lang='lat' dir='ltr'><strong>AD</strong></span> <span class='ocrx_word' id='word_1_7' title='bbox 2517 329 2885 391; x_wconf 78' lang='lat' dir='ltr'><strong>CORINTH.</strong></span> 
     </span>
    </p>
   </div>
   <div class='ocr_carea' id='block_1_3' title="bbox 3692 331 3811 392">
    <p class='ocr_par' dir='ltr' id='par_1_3' title="bbox 3692 331 3811 392">
     <span class='ocr_line' id='line_1_3' title="bbox 3692 331 3811 392; baseline 0 0"><span class='ocrx_word' id='word_1_8' title='bbox 3692 331 3811 392; x_wconf 81' lang='grc'><strong>926</strong></span> 
     </span>
    </p>
   </div>
   <div class='ocr_carea' id='block_1_4' title="bbox 398 458 2050 538">
    <p class='ocr_par' dir='ltr' id='par_1_4' title="bbox 398 458 2049 538">
     <span class='ocr_line' id='line_1_4' title="bbox 398 458 2049 538; baseline 0 -23"><span class='ocrx_word' id='word_1_9' title='bbox 398 460 485 538; x_wconf 72' lang='grc' dir='ltr'><strong>ὐφ’</strong></span> <span class='ocrx_word' id='word_1_10' title='bbox 516 460 670 533; x_wconf 79' lang='grc' dir='ltr'>ὑμῶν</span> <span class='ocrx_word' id='word_1_11' title='bbox 699 460 1120 535; x_wconf 68' lang='grc' dir='ltr'><strong>προπεμφθῆναι</strong></span> <span class='ocrx_word' id='word_1_12' title='bbox 1176 459 1252 523; x_wconf 75' lang='grc' dir='ltr'><strong>εἷς</strong></span> <span class='ocrx_word' id='word_1_13' title='bbox 1317 461 1416 529; x_wconf 65' lang='grc' dir='ltr'><strong>τὴν</strong></span> <span class='ocrx_word' id='word_1_14' title='bbox 1469 458 1759 519; x_wconf 73' lang='grc' dir='ltr'>Ἰουδαίαν.</span> <span class='ocrx_word' id='word_1_15' title='bbox 1798 485 1827 514; x_wconf 85' lang='grc'><strong>››</strong></span> <span class='ocrx_word' id='word_1_16' title='bbox 1860 461 1948 519; x_wconf 83' lang='grc' dir='ltr'>Ἑν</span> <span class='ocrx_word' id='word_1_17' title='bbox 1979 463 2049 533; x_wconf 80' lang='grc' dir='ltr'><strong>τῇ</strong></span> 
     </span>
    </p>
   </div>
   <div class='ocr_carea' id='block_1_5' title="bbox 2160 458 3817 538">
    <p class='ocr_par' dir='ltr' id='par_1_5' title="bbox 2163 460 3817 534">
     <span class='ocr_line' id='line_1_5' title="bbox 2163 460 3817 534; baseline 0.002 -17"><span class='ocrx_word' id='word_1_18' title='bbox 2163 478 2266 518; x_wconf 85' lang='lat' dir='ltr'><strong>rex</strong></span> <span class='ocrx_word' id='word_1_19' title='bbox 2289 462 2463 534; x_wconf 86' lang='lat' dir='ltr'><strong>juxta</strong></span> <span class='ocrx_word' id='word_1_20' title='bbox 2521 462 2912 518; x_wconf 81' lang='lat' dir='ltr'><strong>voluntatem.</strong></span> <span class='ocrx_word' id='word_1_21' title='bbox 2955 483 2984 514; x_wconf 89' lang='grc'><strong>‹‹</strong></span> <span class='ocrx_word' id='word_1_22' title='bbox 3017 463 3092 517; x_wconf 83' lang='lat' dir='ltr'><strong>At</strong></span> <span class='ocrx_word' id='word_1_23' title='bbox 3121 479 3156 518; x_wconf 87' lang='lat' dir='ltr'><strong>a</strong></span> <span class='ocrx_word' id='word_1_24' title='bbox 3184 460 3346 518; x_wconf 81' lang='lat' dir='ltr'><strong>vobis</strong></span> <span class='ocrx_word' id='word_1_25' title='bbox 3369 461 3687 519; x_wconf 88' lang='lat' dir='ltr'><strong>deducitin</strong></span> <span class='ocrx_word' id='word_1_26' title='bbox 3714 465 3817 521; x_wconf 82' lang='lat' dir='ltr'><strong>Ju-</strong></span> 
     </span>
    </p>
   </div>
   <div class='ocr_carea' id='block_1_6' title="bbox 399 548 2048 626">
    <p class='ocr_par' dir='ltr' id='par_1_6' title="bbox 399 548 2048 626">
     <span class='ocr_line' id='line_1_6' title="bbox 399 548 2048 626; baseline 0.001 -21"><span class='ocrx_word' id='word_1_27' title='bbox 399 548 639 625; x_wconf 79' lang='grc' dir='ltr'>προτέρᾳ</span> <span class='ocrx_word' id='word_1_28' title='bbox 667 548 970 623; x_wconf 65' lang='grc' dir='ltr'>Ἐπιστολῇ</span> <span class='ocrx_word' id='word_1_29' title='bbox 1003 550 1170 605; x_wconf 71' lang='grc' dir='ltr'>εἶπεν·</span> <span class='ocrx_word' id='word_1_30' title='bbox 1203 551 1315 606; x_wconf 72' lang='grc' dir='ltr'>ἰνα</span> <span class='ocrx_word' id='word_1_31' title='bbox 1373 552 1531 623; x_wconf 83' lang='grc' dir='ltr'>ὐμεῖς</span> <span class='ocrx_word' id='word_1_32' title='bbox 1567 573 1632 626; x_wconf 85' lang='grc' dir='ltr'><strong>με</strong></span> <span class='ocrx_word' id='word_1_33' title='bbox 1663 550 2048 625; x_wconf 69' lang='grc' dir='ltr'><strong>προπέμψητε,</strong></span> 
     </span>
    </p>
   </div>
   <div class='ocr_carea' id='block_1_7' title="bbox 399 635 2050 715">
    <p class='ocr_par' dir='ltr' id='par_1_7' title="bbox 399 635 2050 715">
     <span class='ocr_line' id='line_1_7' title="bbox 399 635 2050 715; baseline -0.001 -20"><span class='ocrx_word' id='word_1_34' title='bbox 399 640 490 695; x_wconf 77' lang='grc' dir='ltr'><strong>οὗν</strong></span> <span class='ocrx_word' id='word_1_35' title='bbox 520 639 612 694; x_wconf 72' lang='grc' dir='ltr'><strong>ἐὰν</strong></span> <span class='ocrx_word' id='word_1_36' title='bbox 639 638 983 713; x_wconf 65' lang='grc' dir='ltr'>πορεύωμαι.</span> <span class='ocrx_word' id='word_1_37' title='bbox 1021 643 1127 694; x_wconf 68' lang='grc' dir='ltr'><strong>Μὶν</strong></span> <span class='ocrx_word' id='word_1_38' title='bbox 1160 637 1217 694; x_wconf 71' lang='grc' dir='ltr'>δὲ</span> <span class='ocrx_word' id='word_1_39' title='bbox 1250 638 1420 713; x_wconf 65' lang='grc' dir='ltr'>λέγει,</span> <span class='ocrx_word' id='word_1_40' title='bbox 1451 644 1558 695; x_wconf 83' lang='grc' dir='ltr'>ποῦ</span> <span class='ocrx_word' id='word_1_41' title='bbox 1589 635 1793 714; x_wconf 73' lang='grc' dir='ltr'>ἔμελλε</span> <span class='ocrx_word' id='word_1_42' title='bbox 1823 640 2050 715; x_wconf 70' lang='grc' dir='ltr'>πορεύε-</span> 
     </span>
    </p>
   </div>
   <div class='ocr_carea' id='block_1_8' title="bbox 399 726 2052 808">
    <p class='ocr_par' dir='ltr' id='par_1_8' title="bbox 399 726 2052 808">
     <span class='ocr_line' id='line_1_8' title="bbox 399 726 2052 808; baseline -0.002 -22"><span class='ocrx_word' id='word_1_43' title='bbox 399 731 542 800; x_wconf 79' lang='grc' dir='ltr'>σθαι,</span> <span class='ocrx_word' id='word_1_44' title='bbox 574 751 656 783; x_wconf 85' lang='grc' dir='ltr'><strong>οτι</strong></span> <span class='ocrx_word' id='word_1_45' title='bbox 691 728 742 785; x_wconf 85' lang='grc' dir='ltr'><strong>ἐν</strong></span> <span class='ocrx_word' id='word_1_46' title='bbox 774 733 844 803; x_wconf 79' lang='grc' dir='ltr'><strong>τῇ</strong></span> <span class='ocrx_word' id='word_1_47' title='bbox 876 726 1133 801; x_wconf 67' lang='grc' dir='ltr'>Ἰουδαίᾳ.</span> <span class='ocrx_word' id='word_1_48' title='bbox 1182 731 1275 785; x_wconf 82' lang='grc' dir='ltr'><strong>Καὶ</strong></span> <span class='ocrx_word' id='word_1_49' title='bbox 1336 731 1440 808; x_wconf 74' lang='grc' dir='ltr'><strong>γάρ</strong></span> <span class='ocrx_word' id='word_1_50' title='bbox 1497 732 1620 786; x_wconf 84' lang='grc' dir='ltr'>τότε</span> <span class='ocrx_word' id='word_1_51' title='bbox 1676 732 1887 807; x_wconf 76' lang='grc' dir='ltr'>ἠγνόει,</span> <span class='ocrx_word' id='word_1_52' title='bbox 1944 733 2052 785; x_wconf 75' lang='grc' dir='ltr'><strong>ποῦ</strong></span> 
     </span>
    </p>
   </div>
   <div class='ocr_carea' id='block_1_9' title="bbox 396 819 2053 892">
    <p class='ocr_par' dir='ltr' id='par_1_9' title="bbox 396 819 2053 892">
     <span class='ocr_line' id='line_1_9' title="bbox 396 819 2053 892; baseline -0.001 -16"><span class='ocrx_word' id='word_1_53' title='bbox 396 820 678 876; x_wconf 73' lang='grc' dir='ltr'>κελε·3εται</span> <span class='ocrx_word' id='word_1_54' title='bbox 710 821 814 876; x_wconf 82' lang='grc' dir='ltr'><strong>ὑπὸ</strong></span> <span class='ocrx_word' id='word_1_55' title='bbox 842 825 941 876; x_wconf 72' lang='grc' dir='ltr'><strong>τοῦ</strong></span> <span class='ocrx_word' id='word_1_56' title='bbox 992 821 1305 892; x_wconf 70' lang='grc' dir='ltr'>Πνεῦματος</span> <span class='ocrx_word' id='word_1_57' title='bbox 1337 819 1613 890; x_wconf 78' lang='grc' dir='ltr'><strong>ἀπελθεῖν,</strong></span> <span class='ocrx_word' id='word_1_58' title='bbox 1646 825 1736 876; x_wconf 76' lang='grc' dir='ltr'>νῦν</span> <span class='ocrx_word' id='word_1_59' title='bbox 1795 819 1873 890; x_wconf 71' lang='grc' dir='ltr'>δὲ,</span> <span class='ocrx_word' id='word_1_60' title='bbox 1904 823 2053 892; x_wconf 80' lang='grc' dir='ltr'>ἠκη-</span> 
     </span>
    </p>
   </div>
   <div class='ocr_carea' id='block_1_10' title="bbox 396 910 2053 987">
    <p class='ocr_par' dir='ltr' id='par_1_10' title="bbox 396 910 2053 987">
     <span class='ocr_line' id='line_1_10' title="bbox 396 910 2053 987; baseline 0 -21"><span class='ocrx_word' id='word_1_61' title='bbox 396 911 510 966; x_wconf 86' lang='grc' dir='ltr'>κόει</span> <span class='ocrx_word' id='word_1_62' title='bbox 557 911 777 967; x_wconf 81' lang='grc' dir='ltr'>Αοιπόν.</span> <span class='ocrx_word' id='word_1_63' title='bbox 837 911 996 981; x_wconf 70' lang='grc' dir='ltr'><strong>ὐρᾷς</strong></span> <span class='ocrx_word' id='word_1_64' title='bbox 1050 911 1210 965; x_wconf 77' lang='grc' dir='ltr'>αὐτὸν</span> <span class='ocrx_word' id='word_1_65' title='bbox 1268 910 1539 983; x_wconf 61' lang='lat' dir='ltr'><strong>live-3pm:</strong></span> <span class='ocrx_word' id='word_1_66' title='bbox 1604 915 1888 985; x_wconf 79' lang='grc' dir='ltr'>πανταχοῦ</span> <span class='ocrx_word' id='word_1_67' title='bbox 1916 911 2053 987; x_wconf 78' lang='grc' dir='ltr'>ἀγό-</span> 
     </span>
    </p>
   </div>
   <div class='ocr_carea' id='block_1_11' title="bbox 402 999 2055 1077">
    <p class='ocr_par' dir='ltr' id='par_1_11' title="bbox 402 999 2055 1077">
     <span class='ocr_line' id='line_1_11' title="bbox 402 999 2055 1077; baseline 0 -22"><span class='ocrx_word' id='word_1_68' title='bbox 402 1020 562 1072; x_wconf 86' lang='grc' dir='ltr'>μενον</span> <span class='ocrx_word' id='word_1_69' title='bbox 597 1019 610 1068; x_wconf 90' lang='grc'><strong>;</strong></span> <span class='ocrx_word' id='word_1_70' title='bbox 648 1024 677 1052; x_wconf 75' lang='grc' dir='ltr'>ι(</span> <span class='ocrx_word' id='word_1_71' title='bbox 708 1002 885 1056; x_wconf 73' lang='grc' dir='ltr'>Τοῦτο</span> <span class='ocrx_word' id='word_1_72' title='bbox 917 1000 1012 1054; x_wconf 79' lang='grc' dir='ltr'><strong>οὗν</strong></span> <span class='ocrx_word' id='word_1_73' title='bbox 1048 999 1469 1074; x_wconf 77' lang='grc' dir='ltr'>βουλευόμενος.</span> <span class='ocrx_word' id='word_1_74' title='bbox 1509 1024 1535 1051; x_wconf 71' lang='grc' dir='ltr'>ι)</span> <span class='ocrx_word' id='word_1_75' title='bbox 1567 1003 1746 1058; x_wconf 78' lang='grc' dir='ltr'>Τοῦτο</span> <span class='ocrx_word' id='word_1_76' title='bbox 1788 1004 1878 1055; x_wconf 78' lang='grc' dir='ltr'>οὖν</span> <span class='ocrx_word' id='word_1_77' title='bbox 1921 1004 2055 1077; x_wconf 89' lang='grc' dir='ltr'>βου-</span> 
     </span>
    </p>
   </div>
   <div class='ocr_carea' id='block_1_12' title="bbox 398 1087 2054 1164">
    <p class='ocr_par' dir='ltr' id='par_1_12' title="bbox 398 1087 2054 1164">
     <span class='ocr_line' id='line_1_12' title="bbox 398 1087 2054 1164; baseline 0.001 -18"><span class='ocrx_word' id='word_1_78' title='bbox 398 1090 693 1162; x_wconf 86' lang='grc' dir='ltr'>λευόμενος</span> <span class='ocrx_word' id='word_1_79' title='bbox 744 1090 808 1146; x_wconf 85' lang='grc' dir='ltr'>τὸ</span> <span class='ocrx_word' id='word_1_80' title='bbox 873 1087 1053 1154; x_wconf 81' lang='grc' dir='ltr'>ἐλθεῖν</span> <span class='ocrx_word' id='word_1_81' title='bbox 1110 1092 1246 1164; x_wconf 84' lang='grc' dir='ltr'>πρὸς</span> <span class='ocrx_word' id='word_1_82' title='bbox 1310 1091 1472 1163; x_wconf 73' lang='grc' dir='ltr'>ὑμᾶς,</span> <span class='ocrx_word' id='word_1_83' title='bbox 1530 1090 1674 1153; x_wconf 79' lang='grc' dir='ltr'>τίνος</span> <span class='ocrx_word' id='word_1_84' title='bbox 1737 1088 1908 1147; x_wconf 64' lang='grc' dir='ltr'>ἕνεκεν</span> <span class='ocrx_word' id='word_1_85' title='bbox 1950 1090 2054 1146; x_wconf 76' lang='grc' dir='ltr'>οὐκ</span> 
     </span>
    </p>
   </div>
   <div class='ocr_carea' id='block_1_13' title="bbox 396 1177 2053 1256">
    <p class='ocr_par' dir='ltr' id='par_1_13' title="bbox 396 1177 2053 1256">
     <span class='ocr_line' id='line_1_13' title="bbox 396 1177 2053 1256; baseline 0.001 -22"><span class='ocrx_word' id='word_1_86' title='bbox 396 1178 569 1248; x_wconf 78' lang='grc' dir='ltr'>ἦλθον</span> <span class='ocrx_word' id='word_1_87' title='bbox 613 1197 628 1244; x_wconf 77' lang='grc' dir='ltr'><strong>ς</strong></span> <span class='ocrx_word' id='word_1_88' title='bbox 659 1183 797 1248; x_wconf 83' lang='grc' dir='ltr'>’Δρα</span> <span class='ocrx_word' id='word_1_89' title='bbox 818 1178 893 1241; x_wconf 85' lang='grc' dir='ltr'><strong>ὡς</strong></span> <span class='ocrx_word' id='word_1_90' title='bbox 925 1177 1159 1256; x_wconf 78' lang='grc' dir='ltr'>ἐλαφρὸς</span> <span class='ocrx_word' id='word_1_91' title='bbox 1190 1178 1278 1233; x_wconf 79' lang='grc' dir='ltr'><strong>καὶ</strong></span> <span class='ocrx_word' id='word_1_92' title='bbox 1319 1178 1630 1253; x_wconf 82' lang='grc' dir='ltr'>εὐρίπιστος</span> <span class='ocrx_word' id='word_1_93' title='bbox 1683 1181 1772 1236; x_wconf 86' lang='grc' dir='ltr'><strong>καὶ</strong></span> <span class='ocrx_word' id='word_1_94' title='bbox 1827 1186 1945 1242; x_wconf 84' lang='grc' dir='ltr'>τοῖς</span> <span class='ocrx_word' id='word_1_95' title='bbox 1976 1181 2053 1237; x_wconf 72' lang='grc' dir='ltr'><strong>οἱ-</strong></span> 
     </span>
    </p>
   </div>
   <div class='ocr_carea' id='block_1_14' title="bbox 396 1258 2053 1344">
    <p class='ocr_par' dir='ltr' id='par_1_14' title="bbox 396 1258 2053 1344">
     <span class='ocr_line' id='line_1_14' title="bbox 396 1258 2053 1344; baseline 0.002 -22"><span class='ocrx_word' id='word_1_96' title='bbox 396 1267 563 1330; x_wconf 74' lang='grc' dir='ltr'>κεῖοις</span> <span class='ocrx_word' id='word_1_97' title='bbox 596 1267 1005 1339; x_wconf 59' lang='grc' dir='ltr'>ἐναντιούμενος</span> <span class='ocrx_word' id='word_1_98' title='bbox 1041 1266 1276 1343; x_wconf 86' lang='grc' dir='ltr'>λόγοις;</span> <span class='ocrx_word' id='word_1_99' title='bbox 1345 1270 1438 1337; x_wconf 83' lang='grc' dir='ltr'>Μή</span> <span class='ocrx_word' id='word_1_100' title='bbox 1495 1271 1727 1344; x_wconf 70' lang='grc' dir='ltr'>γένοιτο.</span> <span class='ocrx_word' id='word_1_101' title='bbox 1786 1268 1943 1328; x_wconf 84' lang='grc' dir='ltr'>Ἀλλ’</span> <span class='ocrx_word' id='word_1_102' title='bbox 1998 1258 2053 1326; x_wconf 79' lang='grc' dir='ltr'><strong>τί</strong></span> 
     </span>
    </p>
   </div>
   <div class='ocr_carea' id='block_1_15' title="bbox 394 1355 2052 1438">
    <p class='ocr_par' dir='ltr' id='par_1_15' title="bbox 394 1355 2052 1438">
     <span class='ocr_line' id='line_1_15' title="bbox 394 1355 2052 1438; baseline 0.002 -26"><span class='ocrx_word' id='word_1_103' title='bbox 394 1357 457 1412; x_wconf 85' lang='grc' dir='ltr'>τὸ</span> <span class='ocrx_word' id='word_1_104' title='bbox 489 1355 666 1412; x_wconf 80' lang='grc' dir='ltr'>α’ἱτιον</span> <span class='ocrx_word' id='word_1_105' title='bbox 700 1377 713 1426; x_wconf 88' lang='grc'><strong>;</strong></span> <span class='ocrx_word' id='word_1_106' title='bbox 751 1377 766 1425; x_wconf 84' lang='grc'>;</span> <span class='ocrx_word' id='word_1_107' title='bbox 796 1358 921 1415; x_wconf 75' lang='grc' dir='ltr'>’Ότι</span> <span class='ocrx_word' id='word_1_108' title='bbox 952 1355 985 1412; x_wconf 84' lang='grc' dir='ltr'>ἃ</span> <span class='ocrx_word' id='word_1_109' title='bbox 1010 1356 1351 1433; x_wconf 77' lang='grc' dir='ltr'>βουλεύομαι</span> <span class='ocrx_word' id='word_1_110' title='bbox 1382 1359 1571 1438; x_wconf 72' lang='grc' dir='ltr'>φησὶν,</span> <span class='ocrx_word' id='word_1_111' title='bbox 1602 1359 1666 1414; x_wconf 82' lang='grc' dir='ltr'><strong>οὐ</strong></span> <span class='ocrx_word' id='word_1_112' title='bbox 1724 1360 1862 1415; x_wconf 80' lang='grc' dir='ltr'>κατᾶ</span> <span class='ocrx_word' id='word_1_113' title='bbox 1918 1361 2052 1436; x_wconf 78' lang='grc' dir='ltr'>σάρ-</span> 
     </span>
    </p>
   </div>
   <div class='ocr_carea' id='block_1_16' title="bbox 395 1446 2047 1524">
    <p class='ocr_par' dir='ltr' id='par_1_16' title="bbox 395 1446 2047 1524">
     <span class='ocr_line' id='line_1_16' title="bbox 395 1446 2047 1524; baseline 0.001 -21"><span class='ocrx_word' id='word_1_114' title='bbox 395 1469 463 1503; x_wconf 86' lang='grc' dir='ltr'><strong>κα</strong></span> <span class='ocrx_word' id='word_1_115' title='bbox 496 1446 857 1523; x_wconf 65' lang='grc' dir='ltr'>βουλεεομαι,</span> <span class='ocrx_word' id='word_1_116' title='bbox 886 1446 971 1502; x_wconf 73' lang='grc' dir='ltr'>’ἱνα</span> <span class='ocrx_word' id='word_1_117' title='bbox 1000 1447 1034 1523; x_wconf 72' lang='grc' dir='ltr'><strong><em>ᾖ</em></strong></span> <span class='ocrx_word' id='word_1_118' title='bbox 1068 1449 1191 1522; x_wconf 82' lang='grc' dir='ltr'>παρ’</span> <span class='ocrx_word' id='word_1_119' title='bbox 1224 1446 1349 1523; x_wconf 76' lang='grc' dir='ltr'>ἐμοὶ</span> <span class='ocrx_word' id='word_1_120' title='bbox 1380 1450 1443 1505; x_wconf 85' lang='grc' dir='ltr'>τὸ</span> <span class='ocrx_word' id='word_1_121' title='bbox 1475 1448 1604 1518; x_wconf 69' lang='grc' dir='ltr'>Ναὶ,</span> <span class='ocrx_word' id='word_1_122' title='bbox 1657 1450 1781 1519; x_wconf 71' lang='grc' dir='ltr'>Ναὶ,</span> <span class='ocrx_word' id='word_1_123' title='bbox 1840 1450 1933 1505; x_wconf 74' lang='grc' dir='ltr'><strong>καὶ</strong></span> <span class='ocrx_word' id='word_1_124' title='bbox 1961 1450 2047 1524; x_wconf 60' lang='grc' dir='ltr'><strong>τό,</strong></span> 
     </span>
    </p>
   </div>
   <div class='ocr_carea' id='block_1_17' title="bbox 395 1535 2050 1613">
    <p class='ocr_par' dir='ltr' id='par_1_17' title="bbox 395 1535 2050 1613">
     <span class='ocr_line' id='line_1_17' title="bbox 395 1535 2050 1613; baseline -0.002 -18"><span class='ocrx_word' id='word_1_125' title='bbox 395 1535 807 1613; x_wconf 80' lang='grc' dir='ltr'>Οὒ,οὖ.⁹οπερ</span> <span class='ocrx_word' id='word_1_126' title='bbox 837 1537 999 1599; x_wconf 82' lang='grc' dir='ltr'>αὐτὸς</span> <span class='ocrx_word' id='word_1_127' title='bbox 1065 1536 1495 1611; x_wconf 72' lang='grc' dir='ltr'>ἐρωτηματικῶς</span> <span class='ocrx_word' id='word_1_128' title='bbox 1552 1540 1774 1595; x_wconf 66' lang='grc' dir='ltr'>τέθευκε.</span> <span class='ocrx_word' id='word_1_129' title='bbox 1838 1540 1940 1596; x_wconf 85' lang='grc' dir='ltr'><strong>Καὶ</strong></span> <span class='ocrx_word' id='word_1_130' title='bbox 1995 1536 2050 1595; x_wconf 76' lang='grc' dir='ltr'>τί</span> 
     </span>
    </p>
   </div>
   <div class='ocr_carea' id='block_1_18' title="bbox 398 1624 2048 1705">
    <p class='ocr_par' dir='ltr' id='par_1_18' title="bbox 398 1624 2048 1705">
     <span class='ocr_line' id='line_1_18' title="bbox 398 1624 2048 1705; baseline 0.001 -24"><span class='ocrx_word' id='word_1_131' title='bbox 398 1624 678 1703; x_wconf 72' lang='grc' dir='ltr'>βούλεται,</span> <span class='ocrx_word' id='word_1_132' title='bbox 737 1625 858 1702; x_wconf 79' lang='grc' dir='ltr'>δρα.</span> <span class='ocrx_word' id='word_1_133' title='bbox 920 1627 982 1685; x_wconf 92' lang='grc' dir='ltr'>Ὁ</span> <span class='ocrx_word' id='word_1_134' title='bbox 1066 1626 1322 1702; x_wconf 75' lang='grc' dir='ltr'>σαρκικὸς</span> <span class='ocrx_word' id='word_1_135' title='bbox 1376 1627 1559 1705; x_wconf 66' lang='grc' dir='ltr'>φησὶν,</span> <span class='ocrx_word' id='word_1_136' title='bbox 1616 1627 1900 1700; x_wconf 78' lang='grc' dir='ltr'>ἄνθρωπος</span> <span class='ocrx_word' id='word_1_137' title='bbox 1957 1628 2048 1685; x_wconf 82' lang='grc' dir='ltr'><strong>καὶ</strong></span> 
     </span>
    </p>
   </div>
   <div class='ocr_carea' id='block_1_19' title="bbox 394 1713 2050 1793">
    <p class='ocr_par' dir='ltr' id='par_1_19' title="bbox 394 1713 2050 1793">
     <span class='ocr_line' id='line_1_19' title="bbox 394 1713 2050 1793; baseline 0.002 -22"><span class='ocrx_word' id='word_1_138' title='bbox 394 1716 530 1771; x_wconf 81' lang='grc' dir='ltr'>κατὰ</span> <span class='ocrx_word' id='word_1_139' title='bbox 570 1716 742 1790; x_wconf 71' lang='grc' dir='ltr'>σάρκα</span> <span class='ocrx_word' id='word_1_140' title='bbox 796 1713 1224 1791; x_wconf 83' lang='grc' dir='ltr'>βουλευόμενος,</span> <span class='ocrx_word' id='word_1_141' title='bbox 1265 1717 1382 1773; x_wconf 68' lang='grc' dir='ltr'>οἷον</span> <span class='ocrx_word' id='word_1_142' title='bbox 1415 1718 1443 1773; x_wconf 85' lang='grc' dir='ltr'>ὁ</span> <span class='ocrx_word' id='word_1_143' title='bbox 1475 1739 1550 1790; x_wconf 75' lang='grc' dir='ltr'><strong>μη</strong></span> <span class='ocrx_word' id='word_1_144' title='bbox 1608 1717 1877 1793; x_wconf 81' lang='grc' dir='ltr'>ἀγόμενος</span> <span class='ocrx_word' id='word_1_145' title='bbox 1912 1721 2050 1793; x_wconf 84' lang='grc' dir='ltr'>πρὸς</span> 
     </span>
    </p>
   </div>
   <div class='ocr_carea' id='block_1_20' title="bbox 394 1803 2128 1894">
    <p class='ocr_par' dir='ltr' id='par_1_20' title="bbox 394 1803 2128 1894">
     <span class='ocr_line' id='line_1_20' title="bbox 394 1803 2128 1894; baseline 0.002 -34"><span class='ocrx_word' id='word_1_146' title='bbox 394 1804 459 1861; x_wconf 81' lang='grc' dir='ltr'><strong>τὰ</strong></span> <span class='ocrx_word' id='word_1_147' title='bbox 514 1803 751 1875; x_wconf 77' lang='grc' dir='ltr'>πρακτέα</span> <span class='ocrx_word' id='word_1_148' title='bbox 807 1806 879 1877; x_wconf 81' lang='grc' dir='ltr'>τῇ</span> <span class='ocrx_word' id='word_1_149' title='bbox 932 1804 1178 1894; x_wconf 75' lang='grc' dir='ltr'>ἐνεργείᾳ</span> <span class='ocrx_word' id='word_1_150' title='bbox 1265 1810 1379 1894; x_wconf 13' lang='grc' dir='ltr'>τοῦ,</span> <span class='ocrx_word' id='word_1_151' title='bbox 1453 1806 1783 1879; x_wconf 73' lang='grc' dir='ltr'>[Ινεύματος.</span> <span class='ocrx_word' id='word_1_152' title='bbox 1860 1804 2048 1884; x_wconf 74' lang='grc' dir='ltr'>κύριός</span> <span class='ocrx_word' id='word_1_153' title='bbox 2081 1829 2128 1894; x_wconf 81' lang='grc' dir='ltr'><strong>Β</strong></span> 
     </span>
    </p>
   </div>
   <div class='ocr_carea' id='block_1_21' title="bbox 395 1892 2050 1972">
    <p class='ocr_par' dir='ltr' id='par_1_21' title="bbox 395 1892 2050 1972">
     <span class='ocr_line' id='line_1_21' title="bbox 395 1892 2050 1972; baseline 0.002 -20"><span class='ocrx_word' id='word_1_154' title='bbox 395 1895 535 1952; x_wconf 71' lang='grc' dir='ltr'>ἐστιν</span> <span class='ocrx_word' id='word_1_155' title='bbox 563 1894 771 1951; x_wconf 69' lang='grc' dir='ltr'>ἀπιέναι</span> <span class='ocrx_word' id='word_1_156' title='bbox 804 1896 942 1952; x_wconf 77' lang='grc' dir='ltr'>ὅπου</span> <span class='ocrx_word' id='word_1_157' title='bbox 988 1893 1270 1972; x_wconf 70' lang='grc' dir='ltr'>βούλεται,</span> <span class='ocrx_word' id='word_1_158' title='bbox 1302 1897 1331 1952; x_wconf 83' lang='grc' dir='ltr'>ὁ</span> <span class='ocrx_word' id='word_1_159' title='bbox 1363 1892 1421 1954; x_wconf 64' lang='grc' dir='ltr'>δὲ</span> <span class='ocrx_word' id='word_1_160' title='bbox 1479 1895 1540 1951; x_wconf 80' lang='grc' dir='ltr'><strong>ἐκ</strong></span> <span class='ocrx_word' id='word_1_161' title='bbox 1591 1896 1690 1952; x_wconf 80' lang='grc' dir='ltr'>τοῦ</span> <span class='ocrx_word' id='word_1_162' title='bbox 1740 1897 2050 1972; x_wconf 71' lang='grc' dir='ltr'>Ηνεῦματος</span> 
     </span>
    </p>
   </div>
   <div class='ocr_carea' id='block_1_22' title="bbox 398 1978 2048 2061">
    <p class='ocr_par' dir='ltr' id='par_1_22' title="bbox 398 1978 2048 2061">
     <span class='ocr_line' id='line_1_22' title="bbox 398 1978 2048 2061; baseline 0.003 -22"><span class='ocrx_word' id='word_1_163' title='bbox 398 1983 685 2057; x_wconf 79' lang='grc' dir='ltr'>ἀγόμενος,</span> <span class='ocrx_word' id='word_1_164' title='bbox 726 1983 825 2040; x_wconf 76' lang='grc' dir='ltr'><strong>οὐκ</strong></span> <span class='ocrx_word' id='word_1_165' title='bbox 854 1978 971 2060; x_wconf 62' lang='grc' dir='ltr'>ἔχει</span> <span class='ocrx_word' id='word_1_166' title='bbox 1008 1982 1250 2056; x_wconf 79' lang='grc' dir='ltr'>ἐξουσίαν</span> <span class='ocrx_word' id='word_1_167' title='bbox 1314 1984 1552 2061; x_wconf 80' lang='grc' dir='ltr'>βαδίζειν</span> <span class='ocrx_word' id='word_1_168' title='bbox 1583 1987 1722 2043; x_wconf 76' lang='grc' dir='ltr'>ὅπου</span> <span class='ocrx_word' id='word_1_169' title='bbox 1754 1987 1918 2043; x_wconf 71' lang='grc' dir='ltr'>θέλει.</span> <span class='ocrx_word' id='word_1_170' title='bbox 1955 1997 2048 2046; x_wconf 84' lang='grc' dir='ltr'><strong>Δε-</strong></span> 
     </span>
    </p>
   </div>
   <div class='ocr_carea' id='block_1_23' title="bbox 400 2073 2052 2150">
    <p class='ocr_par' dir='ltr' id='par_1_23' title="bbox 400 2073 2052 2150">
     <span class='ocr_line' id='line_1_23' title="bbox 400 2073 2052 2150; baseline 0.002 -21"><span class='ocrx_word' id='word_1_171' title='bbox 400 2073 574 2145; x_wconf 64' lang='grc' dir='ltr'>σπότῃ</span> <span class='ocrx_word' id='word_1_172' title='bbox 602 2075 699 2147; x_wconf 70' lang='grc' dir='ltr'><strong>γαρ</strong></span> <span class='ocrx_word' id='word_1_173' title='bbox 734 2073 1089 2129; x_wconf 60' lang='grc' dir='ltr'>ὑποτέτακται</span> <span class='ocrx_word' id='word_1_174' title='bbox 1127 2077 1207 2145; x_wconf 82' lang='grc' dir='ltr'><strong>τῷ</strong></span> <span class='ocrx_word' id='word_1_175' title='bbox 1242 2074 1613 2149; x_wconf 67' lang='grc' dir='ltr'>Ηαρακλητῳ.</span> <span class='ocrx_word' id='word_1_176' title='bbox 1646 2075 1735 2131; x_wconf 75' lang='grc' dir='ltr'>καὶ</span> <span class='ocrx_word' id='word_1_177' title='bbox 1775 2081 1855 2150; x_wconf 84' lang='grc' dir='ltr'><strong>τῷ</strong></span> <span class='ocrx_word' id='word_1_178' title='bbox 1886 2078 2052 2134; x_wconf 74' lang='grc' dir='ltr'>αὐτοῦ</span> 
     </span>
    </p>
   </div>
   <div class='ocr_carea' id='block_1_24' title="bbox 393 2160 2052 2243">
    <p class='ocr_par' dir='ltr' id='par_1_24' title="bbox 393 2160 2052 2243">
     <span class='ocr_line' id='line_1_24' title="bbox 393 2160 2052 2243; baseline 0.004 -27"><span class='ocrx_word' id='word_1_179' title='bbox 393 2160 617 2232; x_wconf 71' lang='grc' dir='ltr'>νεῦματι</span> <span class='ocrx_word' id='word_1_180' title='bbox 648 2161 809 2216; x_wconf 81' lang='grc' dir='ltr'>ε’κειν</span> <span class='ocrx_word' id='word_1_181' title='bbox 841 2162 1220 2239; x_wconf 66' lang='grc' dir='ltr'>ἀναγκάζετρι,</span> <span class='ocrx_word' id='word_1_182' title='bbox 1259 2165 1418 2219; x_wconf 70' lang='grc' dir='ltr'>Ὥστε</span> <span class='ocrx_word' id='word_1_183' title='bbox 1485 2165 1548 2219; x_wconf 81' lang='grc' dir='ltr'><strong>τὸ</strong></span> <span class='ocrx_word' id='word_1_184' title='bbox 1599 2163 1774 2229; x_wconf 80' lang='grc' dir='ltr'>ἐλθεῖν</span> <span class='ocrx_word' id='word_1_185' title='bbox 1834 2168 1946 2243; x_wconf 79' lang='grc' dir='ltr'>οὐχ</span> <span class='ocrx_word' id='word_1_186' title='bbox 1974 2166 2052 2229; x_wconf 79' lang='grc' dir='ltr'><strong>ὡς</strong></span> 
     </span>
    </p>
   </div>
   <div class='ocr_carea' id='block_1_25' title="bbox 392 2249 2048 2330">
    <p class='ocr_par' dir='ltr' id='par_1_25' title="bbox 392 2249 2048 2330">
     <span class='ocr_line' id='line_1_25' title="bbox 392 2249 2048 2330; baseline 0.002 -23"><span class='ocrx_word' id='word_1_187' title='bbox 392 2250 700 2325; x_wconf 73' lang='grc' dir='ltr'>εὐρίπιατος</span> <span class='ocrx_word' id='word_1_188' title='bbox 730 2250 821 2305; x_wconf 77' lang='grc' dir='ltr'><strong>καὶ</strong></span> <span class='ocrx_word' id='word_1_189' title='bbox 857 2249 1092 2328; x_wconf 54' lang='lat' dir='ltr'><strong>Elapso;</strong></span> <span class='ocrx_word' id='word_1_190' title='bbox 1148 2253 1237 2307; x_wconf 78' lang='grc' dir='ltr'><strong>καὶ</strong></span> <span class='ocrx_word' id='word_1_191' title='bbox 1295 2250 1637 2329; x_wconf 71' lang='grc' dir='ltr'>ψευδολόγος</span> <span class='ocrx_word' id='word_1_192' title='bbox 1687 2255 2048 2330; x_wconf 72' lang='grc' dir='ltr'>ὑπερεθέμην.</span> 
     </span>
    </p>
   </div>
   <div class='ocr_carea' id='block_1_26' title="bbox 393 2337 2051 2419">
    <p class='ocr_par' dir='ltr' id='par_1_26' title="bbox 393 2337 2051 2419">
     <span class='ocr_line' id='line_1_26' title="bbox 393 2337 2051 2419; baseline 0.004 -24"><span class='ocrx_word' id='word_1_193' title='bbox 393 2337 539 2396; x_wconf 82' lang='grc' dir='ltr'><strong>ἀλλά</strong></span> <span class='ocrx_word' id='word_1_194' title='bbox 566 2343 664 2394; x_wconf 67' lang='grc' dir='ltr'><strong>τοῦ</strong></span> <span class='ocrx_word' id='word_1_195' title='bbox 698 2338 1011 2414; x_wconf 69' lang='grc' dir='ltr'>ΙΙνεῦματος</span> <span class='ocrx_word' id='word_1_196' title='bbox 1056 2341 1103 2414; x_wconf 83' lang='grc' dir='ltr'>ᾧ</span> <span class='ocrx_word' id='word_1_197' title='bbox 1133 2339 1363 2415; x_wconf 79' lang='grc' dir='ltr'>ἄγομαι,</span> <span class='ocrx_word' id='word_1_198' title='bbox 1396 2344 1430 2412; x_wconf 78' lang='grc' dir='ltr'>ἡ</span> <span class='ocrx_word' id='word_1_199' title='bbox 1463 2341 1637 2406; x_wconf 72' lang='grc' dir='ltr'>αῗτῖα,</span> <span class='ocrx_word' id='word_1_200' title='bbox 1668 2347 1764 2400; x_wconf 74' lang='grc' dir='ltr'><strong>τοῦ</strong></span> <span class='ocrx_word' id='word_1_201' title='bbox 1793 2343 2051 2419; x_wconf 79' lang='grc' dir='ltr'>ἀλλαχοῦ</span> 
     </span>
    </p>
   </div>
   <div class='ocr_carea' id='block_1_27' title="bbox 391 2426 2048 2511">
    <p class='ocr_par' dir='ltr' id='par_1_27' title="bbox 391 2426 2048 2511">
     <span class='ocr_line' id='line_1_27' title="bbox 391 2426 2048 2511; baseline 0.004 -27"><span class='ocrx_word' id='word_1_202' title='bbox 391 2432 534 2505; x_wconf 75' lang='grc' dir='ltr'>ἤπερ</span> <span class='ocrx_word' id='word_1_203' title='bbox 564 2426 877 2505; x_wconf 71' lang='grc' dir='ltr'>ἐϐουλόμην</span> <span class='ocrx_word' id='word_1_204' title='bbox 905 2431 1145 2501; x_wconf 80' lang='grc' dir='ltr'>ἄξαντος.</span> <span class='ocrx_word' id='word_1_205' title='bbox 1171 2434 1315 2507; x_wconf 74' lang='grc' dir='ltr'>’Ὅρα</span> <span class='ocrx_word' id='word_1_206' title='bbox 1344 2430 1402 2488; x_wconf 74' lang='grc' dir='ltr'>δὲ</span> <span class='ocrx_word' id='word_1_207' title='bbox 1431 2433 1643 2511; x_wconf 67' lang='grc' dir='ltr'>σοφῖαψ</span> <span class='ocrx_word' id='word_1_208' title='bbox 1673 2434 1805 2508; x_wconf 80' lang='grc' dir='ltr'>ὅπερ</span> <span class='ocrx_word' id='word_1_209' title='bbox 1838 2436 1890 2489; x_wconf 80' lang='grc' dir='ltr'>οἱ</span> <span class='ocrx_word' id='word_1_210' title='bbox 1931 2432 2048 2491; x_wconf 76' lang='grc' dir='ltr'>δια-</span> 
     </span>
    </p>
   </div>
   <div class='ocr_carea' id='block_1_28' title="bbox 392 2516 2053 2600">
    <p class='ocr_par' dir='ltr' id='par_1_28' title="bbox 392 2516 2053 2600">
     <span class='ocr_line' id='line_1_28' title="bbox 392 2516 2053 2600; baseline 0.003 -24"><span class='ocrx_word' id='word_1_211' title='bbox 392 2516 690 2583; x_wconf 75' lang='grc' dir='ltr'>ϐαλλοντες</span> <span class='ocrx_word' id='word_1_212' title='bbox 715 2522 978 2598; x_wconf 54' lang='grc' dir='ltr'>πρόφασπ</span> <span class='ocrx_word' id='word_1_213' title='bbox 1001 2519 1280 2597; x_wconf 74' lang='grc' dir='ltr'>λοιδορίας</span> <span class='ocrx_word' id='word_1_214' title='bbox 1309 2521 1618 2586; x_wconf 74' lang='grc' dir='ltr'>ἐποιοῦντο.</span> <span class='ocrx_word' id='word_1_215' title='bbox 1644 2525 1709 2579; x_wconf 83' lang='grc' dir='ltr'>τὸ</span> <span class='ocrx_word' id='word_1_216' title='bbox 1733 2525 2053 2600; x_wconf 78' lang='grc' dir='ltr'>ὑποσχόμε-</span> 
     </span>
    </p>
   </div>
   <div class='ocr_carea' id='block_1_29' title="bbox 390 2608 2051 2691">
    <p class='ocr_par' dir='ltr' id='par_1_29' title="bbox 390 2608 2051 2691">
     <span class='ocr_line' id='line_1_29' title="bbox 390 2608 2051 2691; baseline 0.002 -24"><span class='ocrx_word' id='word_1_217' title='bbox 390 2632 479 2667; x_wconf 84' lang='grc' dir='ltr'><strong>νον</strong></span> <span class='ocrx_word' id='word_1_218' title='bbox 509 2613 584 2685; x_wconf 69' lang='grc' dir='ltr'>μὴ</span> <span class='ocrx_word' id='word_1_219' title='bbox 628 2608 827 2671; x_wconf 80' lang='grc' dir='ltr'>ἐλθεῖν,</span> <span class='ocrx_word' id='word_1_220' title='bbox 858 2615 1022 2667; x_wconf 77' lang='grc' dir='ltr'>τοῦτο</span> <span class='ocrx_word' id='word_1_221' title='bbox 1051 2612 1213 2675; x_wconf 78' lang='grc' dir='ltr'>αὐτὸς</span> <span class='ocrx_word' id='word_1_222' title='bbox 1257 2633 1527 2691; x_wconf 69' lang='grc' dir='ltr'>προφασιν</span> <span class='ocrx_word' id='word_1_223' title='bbox 1590 2612 1870 2691; x_wconf 79' lang='grc' dir='ltr'>ἐγκωμῖου</span> <span class='ocrx_word' id='word_1_224' title='bbox 1922 2637 2051 2672; x_wconf 73' lang='grc' dir='ltr'>ποτ-</span> 
     </span>
    </p>
   </div>
   <div class='ocr_carea' id='block_1_30' title="bbox 395 2699 2051 2781">
    <p class='ocr_par' dir='ltr' id='par_1_30' title="bbox 395 2699 2051 2781">
     <span class='ocr_line' id='line_1_30' title="bbox 395 2699 2051 2781; baseline 0.002 -25"><span class='ocrx_word' id='word_1_225' title='bbox 395 2702 558 2769; x_wconf 84' lang='grc' dir='ltr'>εῖται,</span> <span class='ocrx_word' id='word_1_226' title='bbox 599 2701 662 2758; x_wconf 79' lang='grc' dir='ltr'>τὸ</span> <span class='ocrx_word' id='word_1_227' title='bbox 696 2702 773 2775; x_wconf 79' lang='grc' dir='ltr'>μὴ</span> <span class='ocrx_word' id='word_1_228' title='bbox 820 2699 1145 2772; x_wconf 78' lang='grc' dir='ltr'>ἐξουσιάζειν</span> <span class='ocrx_word' id='word_1_229' title='bbox 1200 2702 1415 2769; x_wconf 74' lang='grc' dir='ltr'>ἐαυτοῦ,</span> <span class='ocrx_word' id='word_1_230' title='bbox 1473 2701 1603 2757; x_wconf 89' lang='grc' dir='ltr'>ἀλλ’</span> <span class='ocrx_word' id='word_1_231' title='bbox 1663 2704 1887 2781; x_wconf 73' lang='grc' dir='ltr'>ἄγεσθαι</span> <span class='ocrx_word' id='word_1_232' title='bbox 1946 2704 2051 2761; x_wconf 71' lang='grc' dir='ltr'>ὑπὸ</span> 
     </span>
    </p>
   </div>
   <div class='ocr_carea' id='block_1_31' title="bbox 393 2788 2050 2869">
    <p class='ocr_par' dir='ltr' id='par_1_31' title="bbox 393 2788 2050 2869">
     <span class='ocr_line' id='line_1_31' title="bbox 393 2788 2050 2869; baseline 0.002 -24"><span class='ocrx_word' id='word_1_233' title='bbox 393 2794 493 2847; x_wconf 70' lang='grc' dir='ltr'>τοῦ</span> <span class='ocrx_word' id='word_1_234' title='bbox 527 2789 834 2861; x_wconf 79' lang='grc' dir='ltr'>Πνεύματος</span> <span class='ocrx_word' id='word_1_235' title='bbox 868 2788 1006 2845; x_wconf 77' lang='grc' dir='ltr'>ὅπου</span> <span class='ocrx_word' id='word_1_236' title='bbox 1036 2790 1189 2864; x_wconf 80' lang='grc' dir='ltr'><strong>αὖτῷ</strong></span> <span class='ocrx_word' id='word_1_237' title='bbox 1246 2788 1409 2862; x_wconf 78' lang='grc' dir='ltr'>δόξει·</span> <span class='ocrx_word' id='word_1_238' title='bbox 1471 2818 1498 2843; x_wconf 86' lang='grc'><strong>‹‹</strong></span> <span class='ocrx_word' id='word_1_239' title='bbox 1533 2800 1581 2850; x_wconf 84' lang='grc' dir='ltr'><strong><em>Η</em></strong></span> <span class='ocrx_word' id='word_1_240' title='bbox 1630 2794 1664 2850; x_wconf 78' lang='grc' dir='ltr'>ἆ</span> <span class='ocrx_word' id='word_1_241' title='bbox 1710 2792 2050 2869; x_wconf 63' lang='grc' dir='ltr'>βουλεύομαι</span> 
     </span>
    </p>
   </div>
   <div class='ocr_carea' id='block_1_32' title="bbox 393 2878 2052 2958">
    <p class='ocr_par' dir='ltr' id='par_1_32' title="bbox 393 2878 2052 2958">
     <span class='ocr_line' id='line_1_32' title="bbox 393 2878 2052 2958; baseline 0.001 -22"><span class='ocrx_word' id='word_1_242' title='bbox 393 2880 532 2936; x_wconf 79' lang='grc' dir='ltr'>κατὰ</span> <span class='ocrx_word' id='word_1_243' title='bbox 563 2879 734 2953; x_wconf 76' lang='grc' dir='ltr'>σάρκα</span> <span class='ocrx_word' id='word_1_244' title='bbox 776 2878 1118 2954; x_wconf 71' lang='grc' dir='ltr'>βουλεύομαι</span> <span class='ocrx_word' id='word_1_245' title='bbox 1153 2899 1165 2948; x_wconf 88' lang='grc'><strong>;</strong></span> <span class='ocrx_word' id='word_1_246' title='bbox 1192 2905 1219 2931; x_wconf 78' lang='grc' dir='ltr'>ι)</span> <span class='ocrx_word' id='word_1_247' title='bbox 1280 2914 1349 2923; x_wconf 92' lang='grc'><strong><em>-</em></strong></span> <span class='ocrx_word' id='word_1_248' title='bbox 1379 2883 1595 2957; x_wconf 79' lang='grc' dir='ltr'>[ΦΩΤ.]</span> <span class='ocrx_word' id='word_1_249' title='bbox 1652 2884 1946 2958; x_wconf 83' lang='grc' dir='ltr'>Ἀποροῦσί</span> <span class='ocrx_word' id='word_1_250' title='bbox 1975 2904 2052 2945; x_wconf 81' lang='grc' dir='ltr'>τι-</span> 
     </span>
    </p>
   </div>
   <div class='ocr_carea' id='block_1_33' title="bbox 393 2966 2052 3047">
    <p class='ocr_par' dir='ltr' id='par_1_33' title="bbox 393 2966 2052 3047">
     <span class='ocr_line' id='line_1_33' title="bbox 393 2966 2052 3047; baseline 0 -23"><span class='ocrx_word' id='word_1_251' title='bbox 393 2989 478 3029; x_wconf 77' lang='grc' dir='ltr'><strong>νες</strong></span> <span class='ocrx_word' id='word_1_252' title='bbox 522 2966 792 3041; x_wconf 67' lang='grc' dir='ltr'>λέγοντεςο</span> <span class='ocrx_word' id='word_1_253' title='bbox 839 2968 1071 3041; x_wconf 76' lang='grc' dir='ltr'>Πότερον</span> <span class='ocrx_word' id='word_1_254' title='bbox 1104 2966 1137 3023; x_wconf 81' lang='grc' dir='ltr'>ἃ</span> <span class='ocrx_word' id='word_1_255' title='bbox 1169 2969 1427 3043; x_wconf 72' lang='grc' dir='ltr'>βούλεται</span> <span class='ocrx_word' id='word_1_256' title='bbox 1482 2968 1698 3033; x_wconf 84' lang='grc' dir='ltr'>ΙΙαῦλος</span> <span class='ocrx_word' id='word_1_257' title='bbox 1738 2972 1825 3025; x_wconf 70' lang='grc' dir='ltr'>καῖ</span> <span class='ocrx_word' id='word_1_258' title='bbox 1886 2971 2052 3047; x_wconf 83' lang='grc' dir='ltr'>ἐπαγ-</span> 
     </span>
    </p>
   </div>
   <div class='ocr_carea' id='block_1_34' title="bbox 395 3048 2052 3128">
    <p class='ocr_par' dir='ltr' id='par_1_34' title="bbox 395 3048 2052 3128">
     <span class='ocr_line' id='line_1_34' title="bbox 395 3048 2052 3128; baseline 0.001 -24"><span class='ocrx_word' id='word_1_259' title='bbox 395 3048 656 3123; x_wconf 67' lang='grc' dir='ltr'>γέλλεται</span> <span class='ocrx_word' id='word_1_260' title='bbox 694 3050 818 3118; x_wconf 76' lang='grc' dir='ltr'>περὶ</span> <span class='ocrx_word' id='word_1_261' title='bbox 849 3054 957 3105; x_wconf 84' lang='grc' dir='ltr'>τῶν</span> <span class='ocrx_word' id='word_1_262' title='bbox 974 3056 1075 3117; x_wconf 75' lang='grc' dir='ltr'><strong>τῆς</strong></span> <span class='ocrx_word' id='word_1_263' title='bbox 1107 3051 1339 3114; x_wconf 74' lang='grc' dir='ltr'>πίστεως</span> <span class='ocrx_word' id='word_1_264' title='bbox 1368 3048 1686 3128; x_wconf 60' lang='grc' dir='ltr'>δογμεῖτων,</span> <span class='ocrx_word' id='word_1_265' title='bbox 1714 3052 1850 3106; x_wconf 73' lang='grc' dir='ltr'>κατὰ</span> <span class='ocrx_word' id='word_1_266' title='bbox 1878 3052 2052 3126; x_wconf 68' lang='grc' dir='ltr'>σάρκα</span> 
     </span>
    </p>
   </div>
   <div class='ocr_carea' id='block_1_35' title="bbox 399 3137 2049 3217">
    <p class='ocr_par' dir='ltr' id='par_1_35' title="bbox 399 3137 2049 3217">
     <span class='ocr_line' id='line_1_35' title="bbox 399 3137 2049 3217; baseline 0 -22"><span class='ocrx_word' id='word_1_267' title='bbox 399 3137 650 3216; x_wconf 66' lang='grc' dir='ltr'>βούλευ’</span> <span class='ocrx_word' id='word_1_268' title='bbox 688 3138 777 3194; x_wconf 85' lang='grc' dir='ltr'><strong>κοὶ</strong></span> <span class='ocrx_word' id='word_1_269' title='bbox 809 3137 1228 3217; x_wconf 67' lang='grc' dir='ltr'>ἐπαγγέλλεται,</span> <span class='ocrx_word' id='word_1_270' title='bbox 1279 3138 1314 3209; x_wconf 71' lang='grc' dir='ltr'><strong>ἢ</strong></span> <span class='ocrx_word' id='word_1_271' title='bbox 1374 3141 1510 3195; x_wconf 83' lang='grc' dir='ltr'><strong>κατά</strong></span> <span class='ocrx_word' id='word_1_272' title='bbox 1559 3144 1788 3212; x_wconf 81' lang='grc' dir='ltr'>πνεῦμα.</span> <span class='ocrx_word' id='word_1_273' title='bbox 1825 3140 1887 3197; x_wconf 83' lang='grc' dir='ltr'><strong>Εἰ</strong></span> <span class='ocrx_word' id='word_1_274' title='bbox 1944 3140 2049 3215; x_wconf 75' lang='grc' dir='ltr'><strong>γὰρ</strong></span> 
     </span>
    </p>
   </div>
   <div class='ocr_carea' id='block_1_36' title="bbox 393 3210 2126 3299">
    <p class='ocr_par' dir='ltr' id='par_1_36' title="bbox 393 3210 2126 3299">
     <span class='ocr_line' id='line_1_36' title="bbox 393 3210 2126 3299; baseline -0.003 -15"><span class='ocrx_word' id='word_1_275' title='bbox 393 3230 531 3284; x_wconf 80' lang='grc' dir='ltr'><strong>κατά</strong></span> <span class='ocrx_word' id='word_1_276' title='bbox 560 3232 791 3299; x_wconf 68' lang='grc' dir='ltr'>πνεῦμα,</span> <span class='ocrx_word' id='word_1_277' title='bbox 843 3227 943 3284; x_wconf 75' lang='grc' dir='ltr'>οὐκ</span> <span class='ocrx_word' id='word_1_278' title='bbox 997 3226 1141 3284; x_wconf 84' lang='grc' dir='ltr'>ἔσται</span> <span class='ocrx_word' id='word_1_279' title='bbox 1202 3228 1369 3285; x_wconf 68' lang='grc' dir='ltr'>αὑτοῦ</span> <span class='ocrx_word' id='word_1_280' title='bbox 1419 3230 1503 3297; x_wconf 77' lang='grc' dir='ltr'>τὸ,</span> <span class='ocrx_word' id='word_1_281' title='bbox 1564 3255 1583 3279; x_wconf 78' lang='grc' dir='ltr'><strong>ιι</strong></span> <span class='ocrx_word' id='word_1_282' title='bbox 1639 3230 1740 3284; x_wconf 82' lang='grc' dir='ltr'>Ναὶ</span> <span class='ocrx_word' id='word_1_283' title='bbox 1792 3229 1901 3297; x_wconf 73' lang='grc' dir='ltr'>ναὶ,</span> <span class='ocrx_word' id='word_1_284' title='bbox 1960 3223 2052 3285; x_wconf 81' lang='grc' dir='ltr'><strong>καὶ</strong></span> <span class='ocrx_word' id='word_1_285' title='bbox 2084 3210 2126 3275; x_wconf 79' lang='lat' dir='ltr'><strong><em>C</em></strong></span> 
     </span>
    </p>
   </div>
   <div class='ocr_carea' id='block_1_37' title="bbox 393 3314 2046 3393">
    <p class='ocr_par' dir='ltr' id='par_1_37' title="bbox 393 3314 2046 3393">
     <span class='ocr_line' id='line_1_37' title="bbox 393 3314 2046 3393; baseline 0.001 -21"><span class='ocrx_word' id='word_1_286' title='bbox 393 3318 479 3384; x_wconf 80' lang='grc' dir='ltr'>τὸ,</span> <span class='ocrx_word' id='word_1_287' title='bbox 530 3316 607 3375; x_wconf 60' lang='lat' dir='ltr'><strong>OB</strong></span> <span class='ocrx_word' id='word_1_288' title='bbox 665 3317 749 3374; x_wconf 83' lang='grc' dir='ltr'>οὖ.</span> <span class='ocrx_word' id='word_1_289' title='bbox 784 3340 811 3367; x_wconf 73' lang='grc' dir='ltr'>»ι</span> <span class='ocrx_word' id='word_1_290' title='bbox 870 3318 935 3375; x_wconf 71' lang='lat' dir='ltr'><strong>Ei</strong></span> <span class='ocrx_word' id='word_1_291' title='bbox 994 3314 1052 3373; x_wconf 71' lang='grc' dir='ltr'>δὲ</span> <span class='ocrx_word' id='word_1_292' title='bbox 1106 3318 1243 3374; x_wconf 84' lang='grc' dir='ltr'><strong>κατά</strong></span> <span class='ocrx_word' id='word_1_293' title='bbox 1308 3318 1499 3393; x_wconf 69' lang='grc' dir='ltr'>σάρκα,</span> <span class='ocrx_word' id='word_1_294' title='bbox 1552 3323 1669 3380; x_wconf 79' lang='grc' dir='ltr'>πῶς</span> <span class='ocrx_word' id='word_1_295' title='bbox 1733 3321 1867 3379; x_wconf 81' lang='grc' dir='ltr'>Θεῖα.</span> <span class='ocrx_word' id='word_1_296' title='bbox 1926 3324 2046 3381; x_wconf 80' lang='grc' dir='ltr'><strong>πῶς</strong></span> 
     </span>
    </p>
   </div>
   <div class='ocr_carea' id='block_1_38' title="bbox 394 3406 2048 3482">
    <p class='ocr_par' dir='ltr' id='par_1_38' title="bbox 394 3406 2048 3482">
     <span class='ocr_line' id='line_1_38' title="bbox 394 3406 2048 3482; baseline -0.001 -19"><span class='ocrx_word' id='word_1_297' title='bbox 394 3406 738 3479; x_wconf 72' lang='grc' dir='ltr'>πνευματικά</span> <span class='ocrx_word' id='word_1_298' title='bbox 777 3430 792 3471; x_wconf 73' lang='grc' dir='ltr'><strong>τ,</strong></span> <span class='ocrx_word' id='word_1_299' title='bbox 823 3407 875 3461; x_wconf 85' lang='grc' dir='ltr'>τι</span> <span class='ocrx_word' id='word_1_300' title='bbox 900 3407 1012 3470; x_wconf 80' lang='grc' dir='ltr'>οὗν,</span> <span class='ocrx_word' id='word_1_301' title='bbox 1040 3406 1196 3482; x_wconf 71' lang='grc' dir='ltr'>φασίν</span> <span class='ocrx_word' id='word_1_302' title='bbox 1237 3426 1252 3475; x_wconf 87' lang='lat'><strong>;</strong></span> <span class='ocrx_word' id='word_1_303' title='bbox 1282 3408 1367 3462; x_wconf 85' lang='grc' dir='ltr'><strong>δτι</strong></span> <span class='ocrx_word' id='word_1_304' title='bbox 1396 3408 1518 3482; x_wconf 78' lang='grc' dir='ltr'>περὶ</span> <span class='ocrx_word' id='word_1_305' title='bbox 1550 3412 1656 3463; x_wconf 79' lang='grc' dir='ltr'>τῶν</span> <span class='ocrx_word' id='word_1_306' title='bbox 1682 3415 1781 3478; x_wconf 82' lang='grc' dir='ltr'>τῆς</span> <span class='ocrx_word' id='word_1_307' title='bbox 1812 3409 2048 3473; x_wconf 77' lang='grc' dir='ltr'>πίστεως</span> 
     </span>
    </p>
   </div>
   <div class='ocr_carea' id='block_1_39' title="bbox 395 3491 2047 3572">
    <p class='ocr_par' dir='ltr' id='par_1_39' title="bbox 395 3491 2047 3572">
     <span class='ocr_line' id='line_1_39' title="bbox 395 3491 2047 3572; baseline 0.001 -23"><span class='ocrx_word' id='word_1_308' title='bbox 395 3494 714 3569; x_wconf 71' lang='grc' dir='ltr'>γογματων,</span> <span class='ocrx_word' id='word_1_309' title='bbox 746 3492 869 3549; x_wconf 72' lang='grc' dir='ltr'>οὕτε</span> <span class='ocrx_word' id='word_1_310' title='bbox 896 3514 955 3549; x_wconf 85' lang='grc' dir='ltr'><strong>τε</strong></span> <span class='ocrx_word' id='word_1_311' title='bbox 985 3491 1383 3569; x_wconf 66' lang='grc' dir='ltr'>ἐπαγγέλλεται</span> <span class='ocrx_word' id='word_1_312' title='bbox 1414 3494 1577 3556; x_wconf 72' lang='grc' dir='ltr'>αὐτὸς</span> <span class='ocrx_word' id='word_1_313' title='bbox 1642 3495 1767 3550; x_wconf 79' lang='grc' dir='ltr'>οὕτε</span> <span class='ocrx_word' id='word_1_314' title='bbox 1821 3516 1875 3551; x_wconf 84' lang='grc' dir='ltr'><strong>τι</strong></span> <span class='ocrx_word' id='word_1_315' title='bbox 1909 3497 2047 3572; x_wconf 82' lang='grc' dir='ltr'>βου-</span> 
     </span>
    </p>
   </div>
   <div class='ocr_carea' id='block_1_40' title="bbox 396 3581 2047 3661">
    <p class='ocr_par' dir='ltr' id='par_1_40' title="bbox 396 3581 2047 3661">
     <span class='ocr_line' id='line_1_40' title="bbox 396 3581 2047 3661; baseline 0.002 -23"><span class='ocrx_word' id='word_1_316' title='bbox 396 3581 635 3639; x_wconf 66' lang='grc' dir='ltr'>λεΰεται.</span> <span class='ocrx_word' id='word_1_317' title='bbox 679 3581 1000 3638; x_wconf 81' lang='grc' dir='ltr'>Δεσποτικαὶ</span> <span class='ocrx_word' id='word_1_318' title='bbox 1030 3583 1135 3657; x_wconf 84' lang='grc' dir='ltr'><strong>γάρ</strong></span> <span class='ocrx_word' id='word_1_319' title='bbox 1162 3584 1218 3637; x_wconf 80' lang='grc' dir='ltr'>αἱ</span> <span class='ocrx_word' id='word_1_320' title='bbox 1271 3582 1619 3661; x_wconf 77' lang='grc' dir='ltr'>ἐπαγγελίαι,</span> <span class='ocrx_word' id='word_1_321' title='bbox 1675 3583 1767 3639; x_wconf 83' lang='grc' dir='ltr'><strong>καὶ</strong></span> <span class='ocrx_word' id='word_1_322' title='bbox 1824 3589 1923 3650; x_wconf 80' lang='grc' dir='ltr'>τῆς</span> <span class='ocrx_word' id='word_1_323' title='bbox 1957 3606 2047 3658; x_wconf 82' lang='grc' dir='ltr'>με·</span> 
     </span>
    </p>
   </div>
   <div class='ocr_carea' id='block_1_41' title="bbox 392 3670 2045 3746">
    <p class='ocr_par' dir='ltr' id='par_1_41' title="bbox 392 3670 2045 3746">
     <span class='ocr_line' id='line_1_41' title="bbox 392 3670 2045 3746; baseline 0 -19"><span class='ocrx_word' id='word_1_324' title='bbox 392 3671 566 3746; x_wconf 76' lang='grc' dir='ltr'>γάλης</span> <span class='ocrx_word' id='word_1_325' title='bbox 610 3670 820 3746; x_wconf 79' lang='grc' dir='ltr'>βουλῆς</span> <span class='ocrx_word' id='word_1_326' title='bbox 848 3671 914 3725; x_wconf 80' lang='grc' dir='ltr'><strong>τά</strong></span> <span class='ocrx_word' id='word_1_327' title='bbox 947 3670 1311 3746; x_wconf 76' lang='grc' dir='ltr'>βουλεύμ-τα.</span> <span class='ocrx_word' id='word_1_328' title='bbox 1349 3673 1522 3745; x_wconf 74' lang='grc' dir='ltr'>Κῆρυξ</span> <span class='ocrx_word' id='word_1_329' title='bbox 1567 3670 1626 3727; x_wconf 73' lang='grc' dir='ltr'>δὲ</span> <span class='ocrx_word' id='word_1_330' title='bbox 1686 3673 1848 3746; x_wconf 90' lang='grc' dir='ltr'>μόνον</span> <span class='ocrx_word' id='word_1_331' title='bbox 1903 3673 2045 3730; x_wconf 76' lang='grc' dir='ltr'>ἐστὶν</span> 
     </span>
    </p>
   </div>
   <div class='ocr_carea' id='block_1_42' title="bbox 397 3757 2045 3840">
    <p class='ocr_par' dir='ltr' id='par_1_42' title="bbox 397 3757 2045 3840">
     <span class='ocr_line' id='line_1_42' title="bbox 397 3757 2045 3840; baseline 0.001 -24"><span class='ocrx_word' id='word_1_332' title='bbox 397 3762 426 3816; x_wconf 82' lang='grc' dir='ltr'>ὁ</span> <span class='ocrx_word' id='word_1_333' title='bbox 461 3758 672 3821; x_wconf 69' lang='grc' dir='ltr'>Παῦλος</span> <span class='ocrx_word' id='word_1_334' title='bbox 701 3761 789 3815; x_wconf 81' lang='grc' dir='ltr'>καὶ</span> <span class='ocrx_word' id='word_1_335' title='bbox 843 3757 1118 3829; x_wconf 75' lang='grc' dir='ltr'>διάκονος,</span> <span class='ocrx_word' id='word_1_336' title='bbox 1169 3762 1243 3823; x_wconf 86' lang='grc' dir='ltr'><strong>ὡς</strong></span> <span class='ocrx_word' id='word_1_337' title='bbox 1300 3762 1391 3817; x_wconf 85' lang='grc' dir='ltr'>καὶ</span> <span class='ocrx_word' id='word_1_338' title='bbox 1448 3761 1610 3823; x_wconf 79' lang='grc' dir='ltr'>αὐτὸς</span> <span class='ocrx_word' id='word_1_339' title='bbox 1668 3783 1823 3840; x_wconf 72' lang='grc' dir='ltr'>φησι,</span> <span class='ocrx_word' id='word_1_340' title='bbox 1883 3786 1911 3815; x_wconf 87' lang='grc'><em>‹‹</em></span> <span class='ocrx_word' id='word_1_341' title='bbox 1946 3785 2045 3835; x_wconf 87' lang='grc' dir='ltr'>μυ-</span> 
     </span>
    </p>
   </div>
   <div class='ocr_carea' id='block_1_43' title="bbox 398 3849 2048 3924">
    <p class='ocr_par' dir='ltr' id='par_1_43' title="bbox 398 3849 2048 3924">
     <span class='ocr_line' id='line_1_43' title="bbox 398 3849 2048 3924; baseline 0.002 -19"><span class='ocrx_word' id='word_1_342' title='bbox 398 3852 635 3923; x_wconf 72' lang='grc' dir='ltr'>στηρίων</span> <span class='ocrx_word' id='word_1_343' title='bbox 693 3851 1008 3924; x_wconf 75' lang='grc' dir='ltr'>Χριστοῦ.»</span> <span class='ocrx_word' id='word_1_344' title='bbox 1075 3849 1316 3915; x_wconf 52' lang='grc' dir='ltr'>Εῗκότως</span> <span class='ocrx_word' id='word_1_345' title='bbox 1393 3850 1484 3907; x_wconf 81' lang='grc' dir='ltr'><strong>οὗν</strong></span> <span class='ocrx_word' id='word_1_346' title='bbox 1544 3854 1704 3913; x_wconf 75' lang='grc' dir='ltr'>αὐτὸς</span> <span class='ocrx_word' id='word_1_347' title='bbox 1760 3854 1811 3922; x_wconf 79' lang='grc' dir='ltr'>ἐξ</span> <span class='ocrx_word' id='word_1_348' title='bbox 1855 3853 2048 3909; x_wconf 65' lang='grc' dir='ltr'>ἑαυτοῦ</span> 
     </span>
    </p>
   </div>
   <div class='ocr_carea' id='block_1_44' title="bbox 398 3935 2046 4017">
    <p class='ocr_par' dir='ltr' id='par_1_44' title="bbox 398 3935 2046 4017">
     <span class='ocr_line' id='line_1_44' title="bbox 398 3935 2046 4017; baseline 0.005 -24"><span class='ocrx_word' id='word_1_349' title='bbox 398 3940 520 4011; x_wconf 80' lang='grc' dir='ltr'>περῖ</span> <span class='ocrx_word' id='word_1_350' title='bbox 580 3939 788 3994; x_wconf 73' lang='grc' dir='ltr'>τούτων</span> <span class='ocrx_word' id='word_1_351' title='bbox 844 3935 969 3995; x_wconf 73' lang='grc' dir='ltr'>οὔτε</span> <span class='ocrx_word' id='word_1_352' title='bbox 1029 3938 1355 4015; x_wconf 76' lang='grc' dir='ltr'>βουλεῦεται</span> <span class='ocrx_word' id='word_1_353' title='bbox 1436 3942 1561 3998; x_wconf 74' lang='grc' dir='ltr'>οὕτε</span> <span class='ocrx_word' id='word_1_354' title='bbox 1628 3940 2046 4017; x_wconf 71' lang='grc' dir='ltr'>ἐπαγγέλλεται.</span> 
     </span>
    </p>
   </div>
   <div class='ocr_carea' id='block_1_45' title="bbox 399 4027 2046 4105">
    <p class='ocr_par' dir='ltr' id='par_1_45' title="bbox 399 4027 2046 4105">
     <span class='ocr_line' id='line_1_45' title="bbox 399 4027 2046 4105; baseline 0.003 -22"><span class='ocrx_word' id='word_1_355' title='bbox 399 4029 555 4088; x_wconf 75' lang='grc' dir='ltr'>Ἀλλ’</span> <span class='ocrx_word' id='word_1_356' title='bbox 586 4028 632 4085; x_wconf 79' lang='grc' dir='ltr'>εἶ</span> <span class='ocrx_word' id='word_1_357' title='bbox 664 4029 787 4103; x_wconf 71' lang='grc' dir='ltr'>περὶ</span> <span class='ocrx_word' id='word_1_358' title='bbox 811 4033 919 4083; x_wconf 79' lang='grc' dir='ltr'><strong>τῶν</strong></span> <span class='ocrx_word' id='word_1_359' title='bbox 958 4036 1059 4098; x_wconf 75' lang='grc' dir='ltr'><strong>τῆς</strong></span> <span class='ocrx_word' id='word_1_360' title='bbox 1091 4031 1325 4091; x_wconf 76' lang='grc' dir='ltr'>πίστεως</span> <span class='ocrx_word' id='word_1_361' title='bbox 1373 4027 1666 4105; x_wconf 62' lang='grc' dir='ltr'>δογμιῖτων</span> <span class='ocrx_word' id='word_1_362' title='bbox 1700 4032 1799 4089; x_wconf 72' lang='grc' dir='ltr'>οὐκ</span> <span class='ocrx_word' id='word_1_363' title='bbox 1849 4029 2046 4103; x_wconf 79' lang='grc' dir='ltr'>ἔξεστιν</span> 
     </span>
    </p>
   </div>
   <div class='ocr_carea' id='block_1_46' title="bbox 398 4117 2049 4199">
    <p class='ocr_par' dir='ltr' id='par_1_46' title="bbox 398 4117 2049 4199">
     <span class='ocr_line' id='line_1_46' title="bbox 398 4117 2049 4199; baseline 0.002 -25"><span class='ocrx_word' id='word_1_364' title='bbox 398 4118 566 4191; x_wconf 67' lang='grc' dir='ltr'>αὐτῷ,</span> <span class='ocrx_word' id='word_1_365' title='bbox 589 4119 773 4198; x_wconf 76' lang='grc' dir='ltr'>φασὶν,</span> <span class='ocrx_word' id='word_1_366' title='bbox 806 4117 929 4176; x_wconf 74' lang='grc' dir='ltr'>οὔτε</span> <span class='ocrx_word' id='word_1_367' title='bbox 966 4118 1363 4194; x_wconf 48' lang='lat' dir='ltr'><strong>Boiis-Scantini</strong></span> <span class='ocrx_word' id='word_1_368' title='bbox 1420 4118 1544 4177; x_wconf 73' lang='grc' dir='ltr'>οὔτε</span> <span class='ocrx_word' id='word_1_369' title='bbox 1599 4121 2049 4199; x_wconf 77' lang='grc' dir='ltr'>ἐπαγγεὲλασθαι,</span> 
     </span>
    </p>
   </div>
   <div class='ocr_carea' id='block_1_47' title="bbox 395 4206 2049 4284">
    <p class='ocr_par' dir='ltr' id='par_1_47' title="bbox 395 4206 2049 4284">
     <span class='ocr_line' id='line_1_47' title="bbox 395 4206 2049 4284; baseline 0.002 -21"><span class='ocrx_word' id='word_1_370' title='bbox 395 4209 531 4264; x_wconf 85' lang='grc' dir='ltr'><strong>κατά</strong></span> <span class='ocrx_word' id='word_1_371' title='bbox 558 4212 727 4279; x_wconf 63' lang='grc' dir='ltr'>σάρκα</span> <span class='ocrx_word' id='word_1_372' title='bbox 758 4206 816 4263; x_wconf 72' lang='grc' dir='ltr'><strong>δί</strong></span> <span class='ocrx_word' id='word_1_373' title='bbox 847 4208 909 4264; x_wconf 78' lang='grc' dir='ltr'>οὐ</span> <span class='ocrx_word' id='word_1_374' title='bbox 946 4206 1027 4263; x_wconf 85' lang='grc' dir='ltr'><strong>δεῖ</strong></span> <span class='ocrx_word' id='word_1_375' title='bbox 1081 4206 1247 4265; x_wconf 65' lang='grc' dir='ltr'>πάλιν</span> <span class='ocrx_word' id='word_1_376' title='bbox 1302 4208 1463 4265; x_wconf 78' lang='grc' dir='ltr'>αὐτὸν</span> <span class='ocrx_word' id='word_1_377' title='bbox 1526 4208 1878 4284; x_wconf 69' lang='grc' dir='ltr'>βουλεύεσθαι</span> <span class='ocrx_word' id='word_1_378' title='bbox 1937 4213 2049 4282; x_wconf 79' lang='grc' dir='ltr'>(καὶ</span> 
     </span>
    </p>
   </div>
   <div class='ocr_carea' id='block_1_48' title="bbox 396 4295 2052 4373">
    <p class='ocr_par' dir='ltr' id='par_1_48' title="bbox 396 4295 2052 4373">
     <span class='ocr_line' id='line_1_48' title="bbox 396 4295 2052 4373; baseline 0.002 -20"><span class='ocrx_word' id='word_1_379' title='bbox 396 4298 498 4373; x_wconf 70' lang='grc' dir='ltr'><strong>γὰρ</strong></span> <span class='ocrx_word' id='word_1_380' title='bbox 529 4300 777 4362; x_wconf 73' lang='grc' dir='ltr'>κακεῖνος</span> <span class='ocrx_word' id='word_1_381' title='bbox 803 4295 1185 4370; x_wconf 80' lang='grc' dir='ltr'>ἀποπέμπεται</span> <span class='ocrx_word' id='word_1_382' title='bbox 1239 4302 1402 4353; x_wconf 77' lang='grc' dir='ltr'>τοῦτο</span> <span class='ocrx_word' id='word_1_383' title='bbox 1458 4298 1510 4352; x_wconf 80' lang='grc' dir='ltr'><strong>ἐν</strong></span> <span class='ocrx_word' id='word_1_384' title='bbox 1567 4304 1647 4370; x_wconf 80' lang='grc' dir='ltr'>τῷ</span> <span class='ocrx_word' id='word_1_385' title='bbox 1698 4298 1895 4373; x_wconf 69' lang='grc' dir='ltr'>λέγειν·</span> <span class='ocrx_word' id='word_1_386' title='bbox 1925 4302 1983 4357; x_wconf 84' lang='grc' dir='ltr'><strong>’Β</strong></span> <span class='ocrx_word' id='word_1_387' title='bbox 2019 4301 2052 4356; x_wconf 83' lang='grc' dir='ltr'>ἃ</span> 
     </span>
    </p>
   </div>
   <div class='ocr_carea' id='block_1_49' title="bbox 399 4385 2050 4463">
    <p class='ocr_par' dir='ltr' id='par_1_49' title="bbox 399 4385 2050 4463">
     <span class='ocr_line' id='line_1_49' title="bbox 399 4385 2050 4463; baseline 0 -20"><span class='ocrx_word' id='word_1_388' title='bbox 399 4386 736 4463; x_wconf 78' lang='grc' dir='ltr'>βουλεύομαι</span> <span class='ocrx_word' id='word_1_389' title='bbox 767 4387 902 4441; x_wconf 84' lang='grc' dir='ltr'><strong>κατά</strong></span> <span class='ocrx_word' id='word_1_390' title='bbox 926 4390 1098 4462; x_wconf 68' lang='grc' dir='ltr'>σάρκα</span> <span class='ocrx_word' id='word_1_391' title='bbox 1130 4385 1472 4462; x_wconf 77' lang='grc' dir='ltr'>βουλεύομαι</span> <span class='ocrx_word' id='word_1_392' title='bbox 1506 4389 1565 4457; x_wconf 86' lang='grc'><strong>;)·</strong></span> <span class='ocrx_word' id='word_1_393' title='bbox 1613 4386 1659 4441; x_wconf 78' lang='grc' dir='ltr'>εἷ</span> <span class='ocrx_word' id='word_1_394' title='bbox 1716 4387 1813 4443; x_wconf 81' lang='grc' dir='ltr'><strong>οὗν</strong></span> <span class='ocrx_word' id='word_1_395' title='bbox 1856 4386 1907 4443; x_wconf 83' lang='grc' dir='ltr'><strong>ἐν</strong></span> <span class='ocrx_word' id='word_1_396' title='bbox 1941 4410 2050 4459; x_wconf 88' lang='grc' dir='ltr'>μη-</span> 
     </span>
    </p>
   </div>
   <div class='ocr_carea' id='block_1_50' title="bbox 399 4472 2051 4552">
    <p class='ocr_par' dir='ltr' id='par_1_50' title="bbox 399 4472 2051 4552">
     <span class='ocr_line' id='line_1_50' title="bbox 399 4472 2051 4552; baseline 0 -20"><span class='ocrx_word' id='word_1_397' title='bbox 399 4473 637 4550; x_wconf 69' lang='grc' dir='ltr'>δετέροις</span> <span class='ocrx_word' id='word_1_398' title='bbox 659 4474 983 4552; x_wconf 77' lang='grc' dir='ltr'>βουλεύεται</span> <span class='ocrx_word' id='word_1_399' title='bbox 1000 4476 1035 4546; x_wconf 73' lang='grc' dir='ltr'>ἢ</span> <span class='ocrx_word' id='word_1_400' title='bbox 1059 4476 1152 4535; x_wconf 67' lang='grc' dir='ltr'><strong>τὰς</strong></span> <span class='ocrx_word' id='word_1_401' title='bbox 1175 4472 1496 4551; x_wconf 75' lang='grc' dir='ltr'>ἐπαγγελίας</span> <span class='ocrx_word' id='word_1_402' title='bbox 1520 4478 1804 4546; x_wconf 70' lang='grc' dir='ltr'>ποιήσεται</span> <span class='ocrx_word' id='word_1_403' title='bbox 1829 4495 1843 4545; x_wconf 88' lang='grc'><strong>;</strong></span> <span class='ocrx_word' id='word_1_404' title='bbox 1865 4479 2051 4551; x_wconf 74' lang='grc' dir='ltr'>Φαμὲν</span> 
     </span>
    </p>
   </div>
   <div class='ocr_carea' id='block_1_51' title="bbox 2163 551 3812 624">
    <p class='ocr_par' dir='ltr' id='par_1_51' title="bbox 2163 551 3812 624">
     <span class='ocr_line' id='line_1_51' title="bbox 2163 551 3812 624; baseline 0.001 -17"><span class='ocrx_word' id='word_1_405' title='bbox 2163 551 2373 607; x_wconf 64' lang='grc' dir='ltr'><strong>ἀέρθη),</strong></span> <span class='ocrx_word' id='word_1_406' title='bbox 2409 573 2436 601; x_wconf 82' lang='lat'><strong>»</strong></span> <span class='ocrx_word' id='word_1_407' title='bbox 2472 554 2537 607; x_wconf 90' lang='lat' dir='ltr'><strong>In</strong></span> <span class='ocrx_word' id='word_1_408' title='bbox 2565 553 2762 624; x_wconf 78' lang='lat' dir='ltr'><strong>priore</strong></span> <span class='ocrx_word' id='word_1_409' title='bbox 2791 551 3050 624; x_wconf 87' lang='lat' dir='ltr'><strong>Epistola</strong></span> <span class='ocrx_word' id='word_1_410' title='bbox 3106 552 3371 607; x_wconf 77' lang='lat' dir='ltr'><strong>dixerat:</strong></span> <span class='ocrx_word' id='word_1_411' title='bbox 3437 553 3507 608; x_wconf 93' lang='lat' dir='ltr'><strong>Ut</strong></span> <span class='ocrx_word' id='word_1_412' title='bbox 3560 569 3660 608; x_wconf 91' lang='lat' dir='ltr'><strong>vos</strong></span> <span class='ocrx_word' id='word_1_413' title='bbox 3718 570 3812 609; x_wconf 84' lang='lat' dir='ltr'><strong>me</strong></span> 
     </span>
    </p>
   </div>
   <div class='ocr_carea' id='block_1_52' title="bbox 2164 640 3815 712">
    <p class='ocr_par' dir='ltr' id='par_1_52' title="bbox 2164 640 3815 712">
     <span class='ocr_line' id='line_1_52' title="bbox 2164 640 3815 712; baseline -0.001 -17"><span class='ocrx_word' id='word_1_414' title='bbox 2164 640 2470 696; x_wconf 87' lang='lat' dir='ltr'><strong>deducatis</strong></span> <span class='ocrx_word' id='word_1_415' title='bbox 2498 658 2853 712; x_wconf 86' lang='lat' dir='ltr'><strong>quocunque</strong></span> <span class='ocrx_word' id='word_1_416' title='bbox 2885 642 3249 712; x_wconf 79' lang='lat' dir='ltr'><strong>proﬁciscar.</strong></span> <span class='ocrx_word' id='word_1_417' title='bbox 3284 657 3448 695; x_wconf 89' lang='lat' dir='ltr'><strong>nunc</strong></span> <span class='ocrx_word' id='word_1_418' title='bbox 3478 658 3612 696; x_wconf 84' lang='lat' dir='ltr'><strong>vero</strong></span> <span class='ocrx_word' id='word_1_419' title='bbox 3672 642 3815 696; x_wconf 89' lang='lat' dir='ltr'><strong>dicit</strong></span> 
     </span>
    </p>
   </div>
   <div class='ocr_carea' id='block_1_53' title="bbox 2163 729 3811 803">
    <p class='ocr_par' dir='ltr' id='par_1_53' title="bbox 2163 729 3811 803">
     <span class='ocr_line' id='line_1_53' title="bbox 2163 729 3811 803; baseline -0.001 -17"><span class='ocrx_word' id='word_1_420' title='bbox 2163 747 2280 801; x_wconf 89' lang='lat' dir='ltr'><strong>quo</strong></span> <span class='ocrx_word' id='word_1_421' title='bbox 2301 732 2673 803; x_wconf 78' lang='lat' dir='ltr'><strong>profecturus</strong></span> <span class='ocrx_word' id='word_1_422' title='bbox 2696 736 2842 798; x_wconf 88' lang='lat' dir='ltr'><strong>erat,</strong></span> <span class='ocrx_word' id='word_1_423' title='bbox 2872 746 3084 801; x_wconf 85' lang='lat' dir='ltr'><strong>nempe</strong></span> <span class='ocrx_word' id='word_1_424' title='bbox 3110 730 3170 784; x_wconf 89' lang='lat' dir='ltr'><strong>in</strong></span> <span class='ocrx_word' id='word_1_425' title='bbox 3191 729 3475 785; x_wconf 75' lang='lat' dir='ltr'><strong>Judzeam.</strong></span> <span class='ocrx_word' id='word_1_426' title='bbox 3512 729 3811 799; x_wconf 76' lang='lat' dir='ltr'><strong>Siquidem</strong></span> 
     </span>
    </p>
   </div>
   <div class='ocr_carea' id='block_1_54' title="bbox 2164 819 3815 891">
    <p class='ocr_par' dir='ltr' id='par_1_54' title="bbox 2164 819 3815 891">
     <span class='ocr_line' id='line_1_54' title="bbox 2164 819 3815 891; baseline -0.001 -17"><span class='ocrx_word' id='word_1_427' title='bbox 2164 824 2306 875; x_wconf 88' lang='lat' dir='ltr'><strong>tunc</strong></span> <span class='ocrx_word' id='word_1_428' title='bbox 2338 819 2647 891; x_wconf 77' lang='lat' dir='ltr'><strong>ignorabat</strong></span> <span class='ocrx_word' id='word_1_429' title='bbox 2677 836 2793 890; x_wconf 89' lang='lat' dir='ltr'><strong>quo</strong></span> <span class='ocrx_word' id='word_1_430' title='bbox 2826 820 3018 891; x_wconf 88' lang='lat' dir='ltr'><strong>ipsum</strong></span> <span class='ocrx_word' id='word_1_431' title='bbox 3045 819 3291 890; x_wconf 87' lang='lat' dir='ltr'><strong>juberet</strong></span> <span class='ocrx_word' id='word_1_432' title='bbox 3321 820 3572 890; x_wconf 73' lang='lat' dir='ltr'><strong>Spiritus</strong></span> <span class='ocrx_word' id='word_1_433' title='bbox 3630 820 3815 890; x_wconf 78' lang='lat' dir='ltr'><strong>profi-</strong></span> 
     </span>
    </p>
   </div>
   <div class='ocr_carea' id='block_1_55' title="bbox 2162 907 3818 979">
    <p class='ocr_par' dir='ltr' id='par_1_55' title="bbox 2162 907 3818 979">
     <span class='ocr_line' id='line_1_55' title="bbox 2162 907 3818 979; baseline -0.003 -13"><span class='ocrx_word' id='word_1_434' title='bbox 2162 910 2303 966; x_wconf 86' lang='lat' dir='ltr'><strong>cisci</strong></span> <span class='ocrx_word' id='word_1_435' title='bbox 2340 926 2351 963; x_wconf 95' lang='lat'><strong>:</strong></span> <span class='ocrx_word' id='word_1_436' title='bbox 2386 925 2546 964; x_wconf 89' lang='lat' dir='ltr'><strong>nunc</strong></span> <span class='ocrx_word' id='word_1_437' title='bbox 2575 915 2773 964; x_wconf 89' lang='lat' dir='ltr'><strong>autem</strong></span> <span class='ocrx_word' id='word_1_438' title='bbox 2796 910 2924 979; x_wconf 82' lang='lat' dir='ltr'><strong>jam</strong></span> <span class='ocrx_word' id='word_1_439' title='bbox 2952 907 3241 964; x_wconf 77' lang='lat' dir='ltr'><strong>audierat.</strong></span> <span class='ocrx_word' id='word_1_440' title='bbox 3275 907 3444 962; x_wconf 84' lang='lat' dir='ltr'><strong>Vides</strong></span> <span class='ocrx_word' id='word_1_441' title='bbox 3474 912 3673 977; x_wconf 77' lang='lat' dir='ltr'><strong>itaque</strong></span> <span class='ocrx_word' id='word_1_442' title='bbox 3735 908 3818 977; x_wconf 87' lang='lat' dir='ltr'><strong>ip-</strong></span> 
     </span>
    </p>
   </div>
   <div class='ocr_carea' id='block_1_56' title="bbox 2162 997 3814 1070">
    <p class='ocr_par' dir='ltr' id='par_1_56' title="bbox 2162 997 3814 1070">
     <span class='ocr_line' id='line_1_56' title="bbox 2162 997 3814 1070; baseline -0.001 -17"><span class='ocrx_word' id='word_1_443' title='bbox 2162 1015 2292 1054; x_wconf 91' lang='lat' dir='ltr'><strong>sum</strong></span> <span class='ocrx_word' id='word_1_444' title='bbox 2325 998 2545 1070; x_wconf 92' lang='lat' dir='ltr'><strong>ubique</strong></span> <span class='ocrx_word' id='word_1_445' title='bbox 2577 1015 2611 1053; x_wconf 89' lang='lat' dir='ltr'><strong>a</strong></span> <span class='ocrx_word' id='word_1_446' title='bbox 2643 998 2861 1069; x_wconf 75' lang='lat' dir='ltr'><strong>Spiritu</strong></span> <span class='ocrx_word' id='word_1_447' title='bbox 2893 999 3029 1053; x_wconf 88' lang='lat' dir='ltr'><strong>duci</strong></span> <span class='ocrx_word' id='word_1_448' title='bbox 3063 999 3091 1053; x_wconf 83' lang='lat'><strong>?</strong></span> <span class='ocrx_word' id='word_1_449' title='bbox 3122 1021 3147 1047; x_wconf 85' lang='lat'><strong>«</strong></span> <span class='ocrx_word' id='word_1_450' title='bbox 3179 999 3298 1052; x_wconf 85' lang='lat' dir='ltr'><strong>Hoc</strong></span> <span class='ocrx_word' id='word_1_451' title='bbox 3331 997 3509 1068; x_wconf 79' lang='lat' dir='ltr'><strong>igitur</strong></span> <span class='ocrx_word' id='word_1_452' title='bbox 3539 1014 3672 1051; x_wconf 85' lang='lat' dir='ltr'><strong>cum</strong></span> <span class='ocrx_word' id='word_1_453' title='bbox 3697 1008 3814 1051; x_wconf 87' lang='lat' dir='ltr'><strong>sta-</strong></span> 
     </span>
    </p>
   </div>
   <div class='ocr_carea' id='block_1_57' title="bbox 2162 1086 3813 1159">
    <p class='ocr_par' dir='ltr' id='par_1_57' title="bbox 2162 1086 3813 1159">
     <span class='ocr_line' id='line_1_57' title="bbox 2162 1086 3813 1159; baseline -0.001 -17"><span class='ocrx_word' id='word_1_454' title='bbox 2162 1088 2430 1143; x_wconf 88' lang='lat' dir='ltr'><strong>tuissem.</strong></span> <span class='ocrx_word' id='word_1_455' title='bbox 2466 1112 2493 1137; x_wconf 74' lang='grc' dir='ltr'><strong>υ</strong></span> <span class='ocrx_word' id='word_1_456' title='bbox 2527 1090 2672 1143; x_wconf 88' lang='lat' dir='ltr'><strong>Cum</strong></span> <span class='ocrx_word' id='word_1_457' title='bbox 2705 1087 2882 1159; x_wconf 88' lang='lat' dir='ltr'><strong>igitur</strong></span> <span class='ocrx_word' id='word_1_458' title='bbox 2914 1088 3022 1142; x_wconf 87' lang='lat' dir='ltr'><strong>hoc</strong></span> <span class='ocrx_word' id='word_1_459' title='bbox 3052 1086 3413 1148; x_wconf 89' lang='lat' dir='ltr'><strong>statuissem.</strong></span> <span class='ocrx_word' id='word_1_460' title='bbox 3448 1101 3662 1156; x_wconf 88' lang='lat' dir='ltr'><strong>nempe</strong></span> <span class='ocrx_word' id='word_1_461' title='bbox 3714 1102 3813 1140; x_wconf 84' lang='lat' dir='ltr'><strong>ve-</strong></span> 
     </span>
    </p>
   </div>
   <div class='ocr_carea' id='block_1_58' title="bbox 2162 1175 3813 1248">
    <p class='ocr_par' dir='ltr' id='par_1_58' title="bbox 2162 1175 3813 1248">
     <span class='ocr_line' id='line_1_58' title="bbox 2162 1175 3813 1248; baseline -0.002 -16"><span class='ocrx_word' id='word_1_462' title='bbox 2162 1177 2293 1233; x_wconf 91' lang='lat' dir='ltr'><strong>nire</strong></span> <span class='ocrx_word' id='word_1_463' title='bbox 2323 1175 2399 1232; x_wconf 90' lang='lat' dir='ltr'><strong>ad</strong></span> <span class='ocrx_word' id='word_1_464' title='bbox 2428 1193 2549 1241; x_wconf 92' lang='lat' dir='ltr'><strong>vos,</strong></span> <span class='ocrx_word' id='word_1_465' title='bbox 2583 1194 2760 1248; x_wconf 88' lang='lat' dir='ltr'><strong>quam</strong></span> <span class='ocrx_word' id='word_1_466' title='bbox 2795 1176 2867 1232; x_wconf 93' lang='lat' dir='ltr'><strong>ob</strong></span> <span class='ocrx_word' id='word_1_467' title='bbox 2902 1193 3025 1232; x_wconf 87' lang='lat' dir='ltr'><strong>rem</strong></span> <span class='ocrx_word' id='word_1_468' title='bbox 3053 1192 3174 1231; x_wconf 92' lang='lat' dir='ltr'><strong>non</strong></span> <span class='ocrx_word' id='word_1_469' title='bbox 3206 1176 3336 1230; x_wconf 90' lang='lat' dir='ltr'><strong>veni</strong></span> <span class='ocrx_word' id='word_1_470' title='bbox 3367 1176 3394 1230; x_wconf 73' lang='lat'><strong>‘2</strong></span> <span class='ocrx_word' id='word_1_471' title='bbox 3426 1182 3513 1229; x_wconf 88' lang='lat' dir='ltr'><strong>An</strong></span> <span class='ocrx_word' id='word_1_472' title='bbox 3546 1175 3606 1229; x_wconf 92' lang='lat' dir='ltr'>id</span> <span class='ocrx_word' id='word_1_473' title='bbox 3637 1175 3813 1229; x_wconf 86' lang='lat' dir='ltr'><strong>omisi</strong></span> 
     </span>
    </p>
   </div>
   <div class='ocr_carea' id='block_1_59' title="bbox 2162 1264 3815 1338">
    <p class='ocr_par' dir='ltr' id='par_1_59' title="bbox 2162 1264 3815 1338">
     <span class='ocr_line' id='line_1_59' title="bbox 2162 1264 3815 1338; baseline -0.002 -15"><span class='ocrx_word' id='word_1_474' title='bbox 2162 1272 2444 1338; x_wconf 84' lang='lat' dir='ltr'><strong>tanquam</strong></span> <span class='ocrx_word' id='word_1_475' title='bbox 2475 1266 2618 1322; x_wconf 89' lang='lat' dir='ltr'>levis</span> <span class='ocrx_word' id='word_1_476' title='bbox 2649 1273 2708 1322; x_wconf 91' lang='lat' dir='ltr'><strong>et</strong></span> <span class='ocrx_word' id='word_1_477' title='bbox 2736 1265 3056 1322; x_wconf 80' lang='lat' dir='ltr'><strong>instabilis.</strong></span> <span class='ocrx_word' id='word_1_478' title='bbox 3090 1266 3310 1337; x_wconf 87' lang='lat' dir='ltr'><strong>quique</strong></span> <span class='ocrx_word' id='word_1_479' title='bbox 3358 1264 3614 1336; x_wconf 85' lang='lat' dir='ltr'><strong>propriis</strong></span> <span class='ocrx_word' id='word_1_480' title='bbox 3670 1281 3815 1320; x_wconf 87' lang='lat' dir='ltr'><strong>con-</strong></span> 
     </span>
    </p>
   </div>
   <div class='ocr_carea' id='block_1_60' title="bbox 2159 1354 3812 1425">
    <p class='ocr_par' dir='ltr' id='par_1_60' title="bbox 2159 1354 3812 1425">
     <span class='ocr_line' id='line_1_60' title="bbox 2159 1354 3812 1425; baseline -0.002 -14"><span class='ocrx_word' id='word_1_481' title='bbox 2159 1357 2377 1413; x_wconf 88' lang='lat' dir='ltr'><strong>trarius</strong></span> <span class='ocrx_word' id='word_1_482' title='bbox 2432 1373 2563 1412; x_wconf 85' lang='lat' dir='ltr'><strong>sum</strong></span> <span class='ocrx_word' id='word_1_483' title='bbox 2624 1355 3003 1412; x_wconf 85' lang='lat' dir='ltr'><strong>sermonibus</strong></span> <span class='ocrx_word' id='word_1_484' title='bbox 3060 1355 3087 1409; x_wconf 79' lang='lat'><strong>?</strong></span> <span class='ocrx_word' id='word_1_485' title='bbox 3171 1356 3573 1425; x_wconf 82' lang='lat' dir='ltr'><strong>Nequaquam.</strong></span> <span class='ocrx_word' id='word_1_486' title='bbox 3661 1354 3812 1408; x_wconf 75' lang='lat'><strong>602</strong></span> 
     </span>
    </p>
   </div>
   <div class='ocr_carea' id='block_1_61' title="bbox 2162 1443 3817 1519">
    <p class='ocr_par' dir='ltr' id='par_1_61' title="bbox 2162 1443 3817 1519">
     <span class='ocr_line' id='line_1_61' title="bbox 2162 1443 3817 1519; baseline -0.002 -18"><span class='ocrx_word' id='word_1_487' title='bbox 2162 1445 2313 1511; x_wconf 88' lang='lat' dir='ltr'><strong>Quid</strong></span> <span class='ocrx_word' id='word_1_488' title='bbox 2346 1445 2523 1519; x_wconf 78' lang='lat' dir='ltr'><strong>igitur</strong></span> <span class='ocrx_word' id='word_1_489' title='bbox 2554 1446 2615 1500; x_wconf 93' lang='lat' dir='ltr'><strong>in</strong></span> <span class='ocrx_word' id='word_1_490' title='bbox 2648 1460 2827 1501; x_wconf 87' lang='lat' dir='ltr'><strong>causa</strong></span> <span class='ocrx_word' id='word_1_491' title='bbox 2858 1444 2970 1499; x_wconf 84' lang='lat' dir='ltr'><strong>fuit</strong></span> <span class='ocrx_word' id='word_1_492' title='bbox 2999 1443 3026 1498; x_wconf 73' lang='lat'><strong>‘2</strong></span> <span class='ocrx_word' id='word_1_493' title='bbox 3080 1443 3227 1508; x_wconf 84' lang='lat' dir='ltr'><strong>Quia</strong></span> <span class='ocrx_word' id='word_1_494' title='bbox 3285 1460 3415 1514; x_wconf 79' lang='lat' dir='ltr'><strong>quae</strong></span> <span class='ocrx_word' id='word_1_495' title='bbox 3474 1449 3690 1507; x_wconf 87' lang='lat' dir='ltr'><strong>statuo,</strong></span> <span class='ocrx_word' id='word_1_496' title='bbox 3726 1443 3817 1497; x_wconf 91' lang='lat' dir='ltr'><strong>in-</strong></span> 
     </span>
    </p>
   </div>
   <div class='ocr_carea' id='block_1_62' title="bbox 2160 1533 3815 1608">
    <p class='ocr_par' dir='ltr' id='par_1_62' title="bbox 2160 1533 3815 1608">
     <span class='ocr_line' id='line_1_62' title="bbox 2160 1533 3815 1608; baseline -0.002 -18"><span class='ocrx_word' id='word_1_497' title='bbox 2160 1536 2310 1608; x_wconf 90' lang='lat' dir='ltr'><strong>quit,</strong></span> <span class='ocrx_word' id='word_1_498' title='bbox 2370 1552 2490 1590; x_wconf 90' lang='lat' dir='ltr'><strong>non</strong></span> <span class='ocrx_word' id='word_1_499' title='bbox 2550 1534 2880 1592; x_wconf 88' lang='lat' dir='ltr'><strong>secundum</strong></span> <span class='ocrx_word' id='word_1_500' title='bbox 2965 1549 3202 1588; x_wconf 83' lang='lat' dir='ltr'><strong>carnem</strong></span> <span class='ocrx_word' id='word_1_501' title='bbox 3281 1539 3496 1597; x_wconf 85' lang='lat' dir='ltr'><strong>statuo,</strong></span> <span class='ocrx_word' id='word_1_502' title='bbox 3558 1538 3621 1588; x_wconf 88' lang='lat' dir='ltr'><strong>ut</strong></span> <span class='ocrx_word' id='word_1_503' title='bbox 3695 1533 3815 1588; x_wconf 88' lang='lat' dir='ltr'><strong>sint</strong></span> 
     </span>
    </p>
   </div>
   <div class='ocr_carea' id='block_1_63' title="bbox 2162 1624 3812 1699">
    <p class='ocr_par' dir='ltr' id='par_1_63' title="bbox 2162 1624 3812 1699">
     <span class='ocr_line' id='line_1_63' title="bbox 2162 1624 3812 1699; baseline -0.001 -18"><span class='ocrx_word' id='word_1_504' title='bbox 2162 1625 2317 1699; x_wconf 83' lang='lat' dir='ltr'><strong>apud</strong></span> <span class='ocrx_word' id='word_1_505' title='bbox 2349 1642 2443 1681; x_wconf 89' lang='lat' dir='ltr'><strong>me</strong></span> <span class='ocrx_word' id='word_1_506' title='bbox 2473 1626 2662 1681; x_wconf 87' lang='lat' dir='ltr'><strong>Etiam</strong></span> <span class='ocrx_word' id='word_1_507' title='bbox 2699 1625 2908 1691; x_wconf 82' lang='lat' dir='ltr'><strong>Etiam,</strong></span> <span class='ocrx_word' id='word_1_508' title='bbox 2970 1631 3029 1678; x_wconf 88' lang='lat' dir='ltr'><strong>et</strong></span> <span class='ocrx_word' id='word_1_509' title='bbox 3084 1626 3208 1679; x_wconf 82' lang='lat' dir='ltr'><strong>Non</strong></span> <span class='ocrx_word' id='word_1_510' title='bbox 3263 1625 3427 1679; x_wconf 77' lang='lat' dir='ltr'><strong>Non:</strong></span> <span class='ocrx_word' id='word_1_511' title='bbox 3486 1624 3639 1692; x_wconf 86' lang='lat' dir='ltr'><strong>quod</strong></span> <span class='ocrx_word' id='word_1_512' title='bbox 3690 1625 3812 1695; x_wconf 80' lang='lat' dir='ltr'><strong>ipse</strong></span> 
     </span>
    </p>
   </div>
   <div class='ocr_carea' id='block_1_64' title="bbox 2160 1714 3810 1788">
    <p class='ocr_par' dir='ltr' id='par_1_64' title="bbox 2160 1714 3810 1788">
     <span class='ocr_line' id='line_1_64' title="bbox 2160 1714 3810 1788; baseline -0.002 -17"><span class='ocrx_word' id='word_1_513' title='bbox 2160 1716 2578 1785; x_wconf 74' lang='lat' dir='ltr'><strong>interrogative</strong></span> <span class='ocrx_word' id='word_1_514' title='bbox 2610 1722 2827 1788; x_wconf 83' lang='lat' dir='ltr'><strong>posuit.</strong></span> <span class='ocrx_word' id='word_1_515' title='bbox 2862 1716 2931 1769; x_wconf 89' lang='lat' dir='ltr'><strong>Et</strong></span> <span class='ocrx_word' id='word_1_516' title='bbox 2972 1714 3102 1769; x_wconf 89' lang='lat' dir='ltr'><strong>vide</strong></span> <span class='ocrx_word' id='word_1_517' title='bbox 3162 1715 3302 1786; x_wconf 92' lang='lat' dir='ltr'><strong>quid</strong></span> <span class='ocrx_word' id='word_1_518' title='bbox 3362 1714 3521 1770; x_wconf 88' lang='lat' dir='ltr'><strong>velit.</strong></span> <span class='ocrx_word' id='word_1_519' title='bbox 3581 1716 3810 1783; x_wconf 83' lang='lat' dir='ltr'><strong>Carnis,</strong></span> 
     </span>
    </p>
   </div>
   <div class='ocr_carea' id='block_1_65' title="bbox 2162 1803 3812 1877">
    <p class='ocr_par' dir='ltr' id='par_1_65' title="bbox 2162 1803 3812 1877">
     <span class='ocr_line' id='line_1_65' title="bbox 2162 1803 3812 1877; baseline -0.002 -17"><span class='ocrx_word' id='word_1_520' title='bbox 2162 1805 2381 1877; x_wconf 89' lang='lat' dir='ltr'><strong>inquit,</strong></span> <span class='ocrx_word' id='word_1_521' title='bbox 2407 1805 2584 1861; x_wconf 85' lang='lat' dir='ltr'><strong>homo</strong></span> <span class='ocrx_word' id='word_1_522' title='bbox 2607 1811 2665 1861; x_wconf 92' lang='lat' dir='ltr'><strong>et</strong></span> <span class='ocrx_word' id='word_1_523' title='bbox 2693 1803 3020 1861; x_wconf 89' lang='lat' dir='ltr'><strong>secundum</strong></span> <span class='ocrx_word' id='word_1_524' title='bbox 3041 1819 3280 1860; x_wconf 89' lang='lat' dir='ltr'><strong>carnem</strong></span> <span class='ocrx_word' id='word_1_525' title='bbox 3305 1809 3593 1869; x_wconf 88' lang='lat' dir='ltr'><strong>statuens,</strong></span> <span class='ocrx_word' id='word_1_526' title='bbox 3628 1809 3692 1858; x_wconf 90' lang='lat' dir='ltr'><strong>ut</strong></span> <span class='ocrx_word' id='word_1_527' title='bbox 3712 1803 3812 1874; x_wconf 88' lang='lat' dir='ltr'><strong>qui</strong></span> 
     </span>
    </p>
   </div>
   <div class='ocr_carea' id='block_1_66' title="bbox 2160 1892 3812 1967">
    <p class='ocr_par' dir='ltr' id='par_1_66' title="bbox 2160 1892 3812 1967">
     <span class='ocr_line' id='line_1_66' title="bbox 2160 1892 3812 1967; baseline -0.003 -16"><span class='ocrx_word' id='word_1_528' title='bbox 2160 1894 2234 1951; x_wconf 91' lang='lat' dir='ltr'><strong>ad</strong></span> <span class='ocrx_word' id='word_1_529' title='bbox 2256 1912 2326 1951; x_wconf 87' lang='lat' dir='ltr'><strong>ea</strong></span> <span class='ocrx_word' id='word_1_530' title='bbox 2351 1912 2483 1967; x_wconf 66' lang='lat' dir='ltr'><strong>qua:</strong></span> <span class='ocrx_word' id='word_1_531' title='bbox 2506 1894 2737 1964; x_wconf 80' lang='lat' dir='ltr'><strong>agenda</strong></span> <span class='ocrx_word' id='word_1_532' title='bbox 2759 1899 2897 1949; x_wconf 74' lang='lat' dir='ltr'><strong>sunt</strong></span> <span class='ocrx_word' id='word_1_533' title='bbox 2914 1910 3034 1950; x_wconf 88' lang='lat' dir='ltr'><strong>non</strong></span> <span class='ocrx_word' id='word_1_534' title='bbox 3055 1893 3293 1949; x_wconf 88' lang='lat' dir='ltr'><strong>ducitur</strong></span> <span class='ocrx_word' id='word_1_535' title='bbox 3313 1894 3657 1965; x_wconf 86' lang='lat' dir='ltr'><strong>operatione</strong></span> <span class='ocrx_word' id='word_1_536' title='bbox 3682 1892 3812 1964; x_wconf 82' lang='lat' dir='ltr'><strong>Spi-</strong></span> 
     </span>
    </p>
   </div>
   <div class='ocr_carea' id='block_1_67' title="bbox 2159 1983 3813 2054">
    <p class='ocr_par' dir='ltr' id='par_1_67' title="bbox 2159 1983 3813 2054">
     <span class='ocr_line' id='line_1_67' title="bbox 2159 1983 3813 2054; baseline -0.001 -13"><span class='ocrx_word' id='word_1_537' title='bbox 2159 1986 2332 2054; x_wconf 87' lang='lat' dir='ltr'><strong>ritus,</strong></span> <span class='ocrx_word' id='word_1_538' title='bbox 2366 1986 2418 2041; x_wconf 94' lang='lat' dir='ltr'><strong>is</strong></span> <span class='ocrx_word' id='word_1_539' title='bbox 2450 1986 2541 2041; x_wconf 92' lang='lat' dir='ltr'><strong>sui</strong></span> <span class='ocrx_word' id='word_1_540' title='bbox 2569 1984 2847 2041; x_wconf 89' lang='lat' dir='ltr'><strong>dominus</strong></span> <span class='ocrx_word' id='word_1_541' title='bbox 2879 1990 2989 2048; x_wconf 87' lang='lat' dir='ltr'><strong>est,</strong></span> <span class='ocrx_word' id='word_1_542' title='bbox 3049 1984 3223 2054; x_wconf 88' lang='lat' dir='ltr'><strong>eique</strong></span> <span class='ocrx_word' id='word_1_543' title='bbox 3277 1983 3532 2039; x_wconf 90' lang='lat' dir='ltr'><strong>liberum</strong></span> <span class='ocrx_word' id='word_1_544' title='bbox 3587 1988 3679 2037; x_wconf 90' lang='lat' dir='ltr'><strong>est</strong></span> <span class='ocrx_word' id='word_1_545' title='bbox 3726 1983 3813 2039; x_wconf 88' lang='lat' dir='ltr'><strong>ire</strong></span> 
     </span>
    </p>
   </div>
   <div class='ocr_carea' id='block_1_68' title="bbox 2161 2072 3817 2147">
    <p class='ocr_par' dir='ltr' id='par_1_68' title="bbox 2161 2072 3817 2147">
     <span class='ocr_line' id='line_1_68' title="bbox 2161 2072 3817 2147; baseline -0.002 -16"><span class='ocrx_word' id='word_1_546' title='bbox 2161 2093 2276 2147; x_wconf 91' lang='lat' dir='ltr'><strong>quo</strong></span> <span class='ocrx_word' id='word_1_547' title='bbox 2299 2076 2552 2132; x_wconf 87' lang='lat' dir='ltr'><strong>voluerit</strong></span> <span class='ocrx_word' id='word_1_548' title='bbox 2581 2093 2593 2130; x_wconf 93' lang='lat'><strong>:</strong></span> <span class='ocrx_word' id='word_1_549' title='bbox 2618 2076 2718 2147; x_wconf 91' lang='lat' dir='ltr'><strong>qui</strong></span> <span class='ocrx_word' id='word_1_550' title='bbox 2743 2092 2878 2131; x_wconf 88' lang='lat' dir='ltr'><strong>vero</strong></span> <span class='ocrx_word' id='word_1_551' title='bbox 2900 2092 2932 2130; x_wconf 91' lang='lat' dir='ltr'><strong>a</strong></span> <span class='ocrx_word' id='word_1_552' title='bbox 2956 2075 3173 2147; x_wconf 88' lang='lat' dir='ltr'><strong>Spiritu</strong></span> <span class='ocrx_word' id='word_1_553' title='bbox 3201 2074 3459 2140; x_wconf 89' lang='lat' dir='ltr'><strong>ducitur,</strong></span> <span class='ocrx_word' id='word_1_554' title='bbox 3483 2074 3623 2130; x_wconf 85' lang='lat' dir='ltr'><strong>huic</strong></span> <span class='ocrx_word' id='word_1_555' title='bbox 3674 2072 3817 2127; x_wconf 85' lang='lat' dir='ltr'><strong>libe-</strong></span> 
     </span>
    </p>
   </div>
   <div class='ocr_carea' id='block_1_69' title="bbox 2159 2163 3816 2236">
    <p class='ocr_par' dir='ltr' id='par_1_69' title="bbox 2159 2163 3816 2236">
     <span class='ocr_line' id='line_1_69' title="bbox 2159 2163 3816 2236; baseline -0.001 -16"><span class='ocrx_word' id='word_1_556' title='bbox 2159 2182 2288 2221; x_wconf 90' lang='lat' dir='ltr'><strong>rum</strong></span> <span class='ocrx_word' id='word_1_557' title='bbox 2314 2182 2431 2221; x_wconf 90' lang='lat' dir='ltr'><strong>non</strong></span> <span class='ocrx_word' id='word_1_558' title='bbox 2459 2172 2549 2220; x_wconf 86' lang='lat' dir='ltr'><strong>est</strong></span> <span class='ocrx_word' id='word_1_559' title='bbox 2567 2166 2655 2221; x_wconf 90' lang='lat' dir='ltr'><strong>ire</strong></span> <span class='ocrx_word' id='word_1_560' title='bbox 2678 2182 2795 2236; x_wconf 93' lang='lat' dir='ltr'><strong>quo</strong></span> <span class='ocrx_word' id='word_1_561' title='bbox 2820 2165 2958 2218; x_wconf 88' lang='lat' dir='ltr'><strong>velit</strong></span> <span class='ocrx_word' id='word_1_562' title='bbox 2983 2181 2996 2218; x_wconf 93' lang='lat'><strong>:</strong></span> <span class='ocrx_word' id='word_1_563' title='bbox 3020 2164 3311 2234; x_wconf 86' lang='lat' dir='ltr'><strong>siquidem</strong></span> <span class='ocrx_word' id='word_1_564' title='bbox 3351 2163 3603 2218; x_wconf 90' lang='lat' dir='ltr'><strong>Domino</strong></span> <span class='ocrx_word' id='word_1_565' title='bbox 3633 2165 3816 2219; x_wconf 86' lang='lat' dir='ltr'><strong>Para-</strong></span> 
     </span>
    </p>
   </div>
   <div class='ocr_carea' id='block_1_70' title="bbox 2158 2252 3809 2325">
    <p class='ocr_par' dir='ltr' id='par_1_70' title="bbox 2158 2252 3809 2325">
     <span class='ocr_line' id='line_1_70' title="bbox 2158 2252 3809 2325; baseline -0.002 -16"><span class='ocrx_word' id='word_1_566' title='bbox 2158 2254 2312 2311; x_wconf 90' lang='lat' dir='ltr'><strong>cleto</strong></span> <span class='ocrx_word' id='word_1_567' title='bbox 2334 2255 2639 2325; x_wconf 82' lang='lat' dir='ltr'><strong>subjectus</strong></span> <span class='ocrx_word' id='word_1_568' title='bbox 2662 2260 2773 2320; x_wconf 89' lang='lat' dir='ltr'><strong>est,</strong></span> <span class='ocrx_word' id='word_1_569' title='bbox 2797 2254 3045 2325; x_wconf 87' lang='lat' dir='ltr'><strong>ejusque</strong></span> <span class='ocrx_word' id='word_1_570' title='bbox 3064 2254 3234 2308; x_wconf 89' lang='lat' dir='ltr'><strong>nutui</strong></span> <span class='ocrx_word' id='word_1_571' title='bbox 3276 2252 3517 2308; x_wconf 86' lang='lat' dir='ltr'><strong>obedire</strong></span> <span class='ocrx_word' id='word_1_572' title='bbox 3561 2252 3809 2324; x_wconf 83' lang='lat' dir='ltr'><strong>cogitur.</strong></span> 
     </span>
    </p>
   </div>
   <div class='ocr_carea' id='block_1_71' title="bbox 2155 2341 3814 2414">
    <p class='ocr_par' dir='ltr' id='par_1_71' title="bbox 2155 2341 3814 2414">
     <span class='ocr_line' id='line_1_71' title="bbox 2155 2341 3814 2414; baseline -0.002 -15"><span class='ocrx_word' id='word_1_573' title='bbox 2155 2344 2362 2409; x_wconf 84' lang='lat' dir='ltr'><strong>Itaque</strong></span> <span class='ocrx_word' id='word_1_574' title='bbox 2393 2360 2513 2398; x_wconf 92' lang='lat' dir='ltr'><strong>non</strong></span> <span class='ocrx_word' id='word_1_575' title='bbox 2541 2349 2823 2414; x_wconf 88' lang='lat' dir='ltr'><strong>tanquam</strong></span> <span class='ocrx_word' id='word_1_576' title='bbox 2857 2341 3178 2409; x_wconf 89' lang='lat' dir='ltr'><strong>instabilis,</strong></span> <span class='ocrx_word' id='word_1_577' title='bbox 3215 2342 3359 2397; x_wconf 86' lang='lat' dir='ltr'><strong>levis</strong></span> <span class='ocrx_word' id='word_1_578' title='bbox 3409 2348 3512 2397; x_wconf 89' lang='lat' dir='ltr'><strong>aut</strong></span> <span class='ocrx_word' id='word_1_579' title='bbox 3561 2341 3814 2396; x_wconf 85' lang='lat' dir='ltr'><strong>mendax</strong></span> 
     </span>
    </p>
   </div>
   <div class='ocr_carea' id='block_1_72' title="bbox 2157 2433 3817 2506">
    <p class='ocr_par' dir='ltr' id='par_1_72' title="bbox 2157 2433 3817 2506">
     <span class='ocr_line' id='line_1_72' title="bbox 2157 2433 3817 2506; baseline 0 -18"><span class='ocrx_word' id='word_1_580' title='bbox 2157 2434 2360 2489; x_wconf 90' lang='lat' dir='ltr'><strong>venire</strong></span> <span class='ocrx_word' id='word_1_581' title='bbox 2382 2433 2586 2489; x_wconf 83' lang='lat' dir='ltr'><strong>dis‘uli</strong></span> <span class='ocrx_word' id='word_1_582' title='bbox 2615 2435 2754 2490; x_wconf 88' lang='lat' dir='ltr'><strong>:sed</strong></span> <span class='ocrx_word' id='word_1_583' title='bbox 2776 2434 3047 2506; x_wconf 83' lang='lat' dir='ltr'><strong>Spiritus,</strong></span> <span class='ocrx_word' id='word_1_584' title='bbox 3074 2450 3108 2488; x_wconf 89' lang='lat' dir='ltr'><strong>a</strong></span> <span class='ocrx_word' id='word_1_585' title='bbox 3128 2450 3245 2504; x_wconf 93' lang='lat' dir='ltr'><strong>quo</strong></span> <span class='ocrx_word' id='word_1_586' title='bbox 3268 2433 3472 2494; x_wconf 88' lang='lat' dir='ltr'><strong>ducor,</strong></span> <span class='ocrx_word' id='word_1_587' title='bbox 3524 2433 3586 2487; x_wconf 92' lang='lat' dir='ltr'><strong>in</strong></span> <span class='ocrx_word' id='word_1_588' title='bbox 3638 2448 3817 2488; x_wconf 84' lang='lat' dir='ltr'><strong>causa</strong></span> 
     </span>
    </p>
   </div>
   <div class='ocr_carea' id='block_1_73' title="bbox 2156 2522 3815 2595">
    <p class='ocr_par' dir='ltr' id='par_1_73' title="bbox 2156 2522 3815 2595">
     <span class='ocr_line' id='line_1_73' title="bbox 2156 2522 3815 2595; baseline -0.001 -17"><span class='ocrx_word' id='word_1_589' title='bbox 2156 2522 2291 2593; x_wconf 88' lang='lat' dir='ltr'><strong>fuit,</strong></span> <span class='ocrx_word' id='word_1_590' title='bbox 2315 2524 2549 2595; x_wconf 85' lang='lat' dir='ltr'><strong>quialio</strong></span> <span class='ocrx_word' id='word_1_591' title='bbox 2572 2539 2749 2594; x_wconf 90' lang='lat' dir='ltr'><strong>quam</strong></span> <span class='ocrx_word' id='word_1_592' title='bbox 2787 2528 3109 2578; x_wconf 81' lang='lat' dir='ltr'><strong>statueram</strong></span> <span class='ocrx_word' id='word_1_593' title='bbox 3145 2539 3238 2577; x_wconf 92' lang='lat' dir='ltr'><strong>me</strong></span> <span class='ocrx_word' id='word_1_594' title='bbox 3271 2522 3456 2580; x_wconf 85' lang='lat' dir='ltr'><strong>duxit.</strong></span> <span class='ocrx_word' id='word_1_595' title='bbox 3491 2522 3815 2577; x_wconf 84' lang='lat' dir='ltr'><strong>Considera</strong></span> 
     </span>
    </p>
   </div>
   <div class='ocr_carea' id='block_1_74' title="bbox 2157 2611 3816 2684">
    <p class='ocr_par' dir='ltr' id='par_1_74' title="bbox 2157 2611 3816 2684">
     <span class='ocr_line' id='line_1_74' title="bbox 2157 2611 3816 2684; baseline -0.001 -18"><span class='ocrx_word' id='word_1_596' title='bbox 2157 2629 2294 2669; x_wconf 85' lang='lat' dir='ltr'><strong>vero</strong></span> <span class='ocrx_word' id='word_1_597' title='bbox 2327 2612 2681 2684; x_wconf 77' lang='lat' dir='ltr'><strong>sapientiam</strong></span> <span class='ocrx_word' id='word_1_598' title='bbox 2716 2630 2729 2667; x_wconf 90' lang='lat'><strong>:</strong></span> <span class='ocrx_word' id='word_1_599' title='bbox 2765 2612 2923 2683; x_wconf 90' lang='lat' dir='ltr'><strong>quod</strong></span> <span class='ocrx_word' id='word_1_600' title='bbox 2955 2612 3423 2666; x_wconf 86' lang='lat' dir='ltr'><strong>calumniatores</strong></span> <span class='ocrx_word' id='word_1_601' title='bbox 3454 2627 3692 2666; x_wconf 84' lang='lat' dir='ltr'><strong>causam</strong></span> <span class='ocrx_word' id='word_1_602' title='bbox 3725 2611 3816 2666; x_wconf 83' lang='lat' dir='ltr'><strong>fa-</strong></span> 
     </span>
    </p>
   </div>
   <div class='ocr_carea' id='block_1_75' title="bbox 2158 2700 3813 2771">
    <p class='ocr_par' dir='ltr' id='par_1_75' title="bbox 2158 2700 3813 2771">
     <span class='ocr_line' id='line_1_75' title="bbox 2158 2700 3813 2771; baseline -0.003 -13"><span class='ocrx_word' id='word_1_603' title='bbox 2158 2702 2394 2759; x_wconf 86' lang='lat' dir='ltr'><strong>ciebant</strong></span> <span class='ocrx_word' id='word_1_604' title='bbox 2423 2702 2949 2770; x_wconf 86' lang='lat' dir='ltr'><strong>convitii,nemque</strong></span> <span class='ocrx_word' id='word_1_605' title='bbox 2966 2700 3125 2771; x_wconf 89' lang='lat' dir='ltr'><strong>quod</strong></span> <span class='ocrx_word' id='word_1_606' title='bbox 3146 2716 3280 2754; x_wconf 88' lang='lat' dir='ltr'><strong>cum</strong></span> <span class='ocrx_word' id='word_1_607' title='bbox 3309 2700 3813 2769; x_wconf 90' lang='lat' dir='ltr'><strong>promisissetnon</strong></span> 
     </span>
    </p>
   </div>
   <div class='ocr_carea' id='block_1_76' title="bbox 2157 2787 3814 2861">
    <p class='ocr_par' dir='ltr' id='par_1_76' title="bbox 2157 2787 3814 2861">
     <span class='ocr_line' id='line_1_76' title="bbox 2157 2787 3814 2861; baseline -0.005 -14"><span class='ocrx_word' id='word_1_608' title='bbox 2157 2788 3082 2861; x_wconf 82' lang='lat' dir='ltr'><strong>venisset,hocipseoccasionem</strong></span> <span class='ocrx_word' id='word_1_609' title='bbox 3100 2787 3294 2842; x_wconf 89' lang='lat' dir='ltr'><strong>reddit</strong></span> <span class='ocrx_word' id='word_1_610' title='bbox 3337 2787 3624 2841; x_wconf 89' lang='lat' dir='ltr'><strong>encomii:</strong></span> <span class='ocrx_word' id='word_1_611' title='bbox 3671 2794 3814 2857; x_wconf 80' lang='lat' dir='ltr'><strong>puta</strong></span> 
     </span>
    </p>
   </div>
   <div class='ocr_carea' id='block_1_77' title="bbox 2159 2874 3812 2953">
    <p class='ocr_par' dir='ltr' id='par_1_77' title="bbox 2159 2874 3812 2953">
     <span class='ocr_line' id='line_1_77' title="bbox 2159 2874 3812 2953; baseline -0.003 -18"><span class='ocrx_word' id='word_1_612' title='bbox 2159 2879 2317 2951; x_wconf 91' lang='lat' dir='ltr'><strong>quod</strong></span> <span class='ocrx_word' id='word_1_613' title='bbox 2337 2878 2426 2934; x_wconf 89' lang='lat' dir='ltr'><strong>sui</strong></span> <span class='ocrx_word' id='word_1_614' title='bbox 2442 2878 2628 2953; x_wconf 81' lang='lat' dir='ltr'><strong>ipsius</strong></span> <span class='ocrx_word' id='word_1_615' title='bbox 2647 2883 2996 2949; x_wconf 88' lang='lat' dir='ltr'><strong>potestatem</strong></span> <span class='ocrx_word' id='word_1_616' title='bbox 3017 2892 3136 2931; x_wconf 90' lang='lat' dir='ltr'><strong>non</strong></span> <span class='ocrx_word' id='word_1_617' title='bbox 3153 2874 3386 2933; x_wconf 86' lang='lat' dir='ltr'><strong>habeat.</strong></span> <span class='ocrx_word' id='word_1_618' title='bbox 3423 2874 3527 2929; x_wconf 90' lang='lat' dir='ltr'><strong>sed</strong></span> <span class='ocrx_word' id='word_1_619' title='bbox 3548 2875 3812 2946; x_wconf 85' lang='lat' dir='ltr'><strong>aSpiritu</strong></span> 
     </span>
    </p>
   </div>
   <div class='ocr_carea' id='block_1_78' title="bbox 2161 2963 3812 3037">
    <p class='ocr_par' dir='ltr' id='par_1_78' title="bbox 2161 2963 3812 3037">
     <span class='ocr_line' id='line_1_78' title="bbox 2161 2963 3812 3037; baseline -0.002 -14"><span class='ocrx_word' id='word_1_620' title='bbox 2161 2968 2417 3023; x_wconf 88' lang='lat' dir='ltr'><strong>ducatur</strong></span> <span class='ocrx_word' id='word_1_621' title='bbox 2447 2982 2803 3037; x_wconf 82' lang='lat' dir='ltr'><strong>quocunque</strong></span> <span class='ocrx_word' id='word_1_622' title='bbox 2836 2964 2922 3019; x_wconf 90' lang='lat' dir='ltr'><strong>illi</strong></span> <span class='ocrx_word' id='word_1_623' title='bbox 2957 2964 3145 3019; x_wconf 89' lang='lat' dir='ltr'><strong>visum</strong></span> <span class='ocrx_word' id='word_1_624' title='bbox 3180 2963 3377 3019; x_wconf 85' lang='lat' dir='ltr'><strong>fuerit.</strong></span> <span class='ocrx_word' id='word_1_625' title='bbox 3411 2985 3439 3013; x_wconf 84' lang='grc'><strong>‹‹</strong></span> <span class='ocrx_word' id='word_1_626' title='bbox 3498 2967 3614 3018; x_wconf 84' lang='lat' dir='ltr'><strong>Aut</strong></span> <span class='ocrx_word' id='word_1_627' title='bbox 3669 2981 3812 3019; x_wconf 89' lang='lat' dir='ltr'><strong>num</strong></span> 
     </span>
    </p>
   </div>
   <div class='ocr_carea' id='block_1_79' title="bbox 2160 3051 3811 3127">
    <p class='ocr_par' dir='ltr' id='par_1_79' title="bbox 2160 3051 3811 3127">
     <span class='ocr_line' id='line_1_79' title="bbox 2160 3051 3811 3127; baseline -0.002 -16"><span class='ocrx_word' id='word_1_628' title='bbox 2160 3074 2294 3127; x_wconf 71' lang='lat' dir='ltr'><strong>qum</strong></span> <span class='ocrx_word' id='word_1_629' title='bbox 2317 3053 2865 3112; x_wconf 87' lang='lat' dir='ltr'><strong>statuo.secundum</strong></span> <span class='ocrx_word' id='word_1_630' title='bbox 2892 3067 3129 3108; x_wconf 79' lang='lat' dir='ltr'><strong>carnem</strong></span> <span class='ocrx_word' id='word_1_631' title='bbox 3153 3057 3349 3107; x_wconf 88' lang='lat' dir='ltr'><strong>statuo</strong></span> <span class='ocrx_word' id='word_1_632' title='bbox 3367 3051 3419 3106; x_wconf 75' lang='lat'><strong>?-</strong></span> <span class='ocrx_word' id='word_1_633' title='bbox 3447 3083 3503 3091; x_wconf 93' lang='lat'><strong>—</strong></span> <span class='ocrx_word' id='word_1_634' title='bbox 3528 3053 3811 3108; x_wconf 63' lang='lat' dir='ltr'><strong>Haesitant</strong></span> 
     </span>
    </p>
   </div>
   <div class='ocr_carea' id='block_1_80' title="bbox 2161 3141 3809 3217">
    <p class='ocr_par' dir='ltr' id='par_1_80' title="bbox 2161 3141 3809 3217">
     <span class='ocr_line' id='line_1_80' title="bbox 2161 3141 3809 3217; baseline -0.002 -16"><span class='ocrx_word' id='word_1_635' title='bbox 2161 3144 2402 3217; x_wconf 89' lang='lat' dir='ltr'><strong>quidam</strong></span> <span class='ocrx_word' id='word_1_636' title='bbox 2422 3145 2689 3199; x_wconf 89' lang='lat' dir='ltr'><strong>dicentes</strong></span> <span class='ocrx_word' id='word_1_637' title='bbox 2711 3160 2723 3197; x_wconf 92' lang='lat'><strong>:</strong></span> <span class='ocrx_word' id='word_1_638' title='bbox 2740 3144 2942 3200; x_wconf 84' lang='lat' dir='ltr'><strong>Utrum</strong></span> <span class='ocrx_word' id='word_1_639' title='bbox 2964 3158 3095 3213; x_wconf 68' lang='lat' dir='ltr'><strong>qua:</strong></span> <span class='ocrx_word' id='word_1_640' title='bbox 3111 3141 3317 3197; x_wconf 56' lang='lat' dir='ltr'><strong>.«tatuit</strong></span> <span class='ocrx_word' id='word_1_641' title='bbox 3334 3141 3545 3197; x_wconf 86' lang='lat' dir='ltr'><strong>Paulus</strong></span> <span class='ocrx_word' id='word_1_642' title='bbox 3559 3148 3809 3213; x_wconf 87' lang='lat' dir='ltr'><strong>autpro-</strong></span> 
     </span>
    </p>
   </div>
   <div class='ocr_carea' id='block_1_81' title="bbox 2157 3230 3811 3304">
    <p class='ocr_par' dir='ltr' id='par_1_81' title="bbox 2157 3230 3811 3304">
     <span class='ocr_line' id='line_1_81' title="bbox 2157 3230 3811 3304; baseline -0.002 -15"><span class='ocrx_word' id='word_1_643' title='bbox 2157 3234 2342 3289; x_wconf 87' lang='lat' dir='ltr'><strong>mittit</strong></span> <span class='ocrx_word' id='word_1_644' title='bbox 2369 3232 2442 3288; x_wconf 88' lang='lat' dir='ltr'><strong>de</strong></span> <span class='ocrx_word' id='word_1_645' title='bbox 2469 3232 2607 3289; x_wconf 82' lang='lat' dir='ltr'><strong>ﬁdei</strong></span> <span class='ocrx_word' id='word_1_646' title='bbox 2640 3232 2956 3304; x_wconf 75' lang='lat' dir='ltr'><strong>dogmatis,</strong></span> <span class='ocrx_word' id='word_1_647' title='bbox 2992 3230 3317 3287; x_wconf 89' lang='lat' dir='ltr'><strong>secundum</strong></span> <span class='ocrx_word' id='word_1_648' title='bbox 3344 3246 3582 3286; x_wconf 84' lang='lat' dir='ltr'><strong>carnem</strong></span> <span class='ocrx_word' id='word_1_649' title='bbox 3606 3232 3811 3287; x_wconf 73' lang='lat' dir='ltr'><strong>statuit</strong></span> 
     </span>
    </p>
   </div>
   <div class='ocr_carea' id='block_1_82' title="bbox 2156 3320 3808 3395">
    <p class='ocr_par' dir='ltr' id='par_1_82' title="bbox 2156 3320 3808 3395">
     <span class='ocr_line' id='line_1_82' title="bbox 2156 3320 3808 3395; baseline -0.002 -15"><span class='ocrx_word' id='word_1_650' title='bbox 2156 3340 2224 3380; x_wconf 88' lang='lat' dir='ltr'><strong>ac</strong></span> <span class='ocrx_word' id='word_1_651' title='bbox 2243 3322 2549 3395; x_wconf 83' lang='lat' dir='ltr'><strong>promittit.</strong></span> <span class='ocrx_word' id='word_1_652' title='bbox 2576 3338 2650 3377; x_wconf 90' lang='lat' dir='ltr'><strong>an</strong></span> <span class='ocrx_word' id='word_1_653' title='bbox 2672 3321 2997 3377; x_wconf 88' lang='lat' dir='ltr'><strong>secundum</strong></span> <span class='ocrx_word' id='word_1_654' title='bbox 3016 3321 3292 3392; x_wconf 86' lang='lat' dir='ltr'><strong>spiritum</strong></span> <span class='ocrx_word' id='word_1_655' title='bbox 3307 3320 3334 3376; x_wconf 86' lang='lat'><strong>?</strong></span> <span class='ocrx_word' id='word_1_656' title='bbox 3353 3336 3488 3376; x_wconf 88' lang='lat' dir='ltr'><strong>nam</strong></span> <span class='ocrx_word' id='word_1_657' title='bbox 3515 3323 3563 3375; x_wconf 88' lang='lat' dir='ltr'><strong>si</strong></span> <span class='ocrx_word' id='word_1_658' title='bbox 3602 3338 3808 3376; x_wconf 87' lang='lat' dir='ltr'><strong>secun-</strong></span> 
     </span>
    </p>
   </div>
   <div class='ocr_carea' id='block_1_83' title="bbox 2156 3409 3806 3484">
    <p class='ocr_par' dir='ltr' id='par_1_83' title="bbox 2156 3409 3806 3484">
     <span class='ocr_line' id='line_1_83' title="bbox 2156 3409 3806 3484; baseline -0.002 -16"><span class='ocrx_word' id='word_1_659' title='bbox 2156 3412 2295 3468; x_wconf 88' lang='lat' dir='ltr'><strong>dum</strong></span> <span class='ocrx_word' id='word_1_660' title='bbox 2315 3412 2739 3484; x_wconf 80' lang='lat' dir='ltr'><strong>spiritum,non</strong></span> <span class='ocrx_word' id='word_1_661' title='bbox 2766 3411 2877 3465; x_wconf 89' lang='lat' dir='ltr'><strong>erit</strong></span> <span class='ocrx_word' id='word_1_662' title='bbox 2898 3409 3085 3481; x_wconf 89' lang='lat' dir='ltr'><strong>ipsius</strong></span> <span class='ocrx_word' id='word_1_663' title='bbox 3109 3431 3136 3457; x_wconf 83' lang='lat'><strong><em>«</em></strong></span> <span class='ocrx_word' id='word_1_664' title='bbox 3161 3409 3348 3463; x_wconf 88' lang='lat' dir='ltr'><strong>Etiam</strong></span> <span class='ocrx_word' id='word_1_665' title='bbox 3375 3409 3584 3478; x_wconf 87' lang='lat' dir='ltr'><strong>Etiam,</strong></span> <span class='ocrx_word' id='word_1_666' title='bbox 3614 3411 3806 3465; x_wconf 85' lang='lat' dir='ltr'><strong>etNon</strong></span> 
     </span>
    </p>
   </div>
   <div class='ocr_carea' id='block_1_84' title="bbox 2156 3499 3811 3571">
    <p class='ocr_par' dir='ltr' id='par_1_84' title="bbox 2156 3499 3811 3571">
     <span class='ocr_line' id='line_1_84' title="bbox 2156 3499 3811 3571; baseline -0.004 -11"><span class='ocrx_word' id='word_1_667' title='bbox 2156 3506 2280 3560; x_wconf 85' lang='lat' dir='ltr'><strong>Non</strong></span> <span class='ocrx_word' id='word_1_668' title='bbox 2299 3521 2313 3568; x_wconf 91' lang='lat'><strong>;</strong></span> <span class='ocrx_word' id='word_1_669' title='bbox 2332 3528 2358 3553; x_wconf 75' lang='grc' dir='ltr'><strong>υ</strong></span> <span class='ocrx_word' id='word_1_670' title='bbox 2383 3504 2432 3559; x_wconf 90' lang='lat' dir='ltr'><strong>si</strong></span> <span class='ocrx_word' id='word_1_671' title='bbox 2450 3520 2586 3559; x_wconf 84' lang='lat' dir='ltr'><strong>vero</strong></span> <span class='ocrx_word' id='word_1_672' title='bbox 2601 3500 2927 3558; x_wconf 90' lang='lat' dir='ltr'><strong>secundum</strong></span> <span class='ocrx_word' id='word_1_673' title='bbox 2948 3499 3513 3571; x_wconf 87' lang='lat' dir='ltr'><strong>carnem,quomodo</strong></span> <span class='ocrx_word' id='word_1_674' title='bbox 3531 3500 3811 3570; x_wconf 89' lang='lat' dir='ltr'><strong>spiritua-</strong></span> 
     </span>
    </p>
   </div>
   <div class='ocr_carea' id='block_1_85' title="bbox 2155 3586 3810 3663">
    <p class='ocr_par' dir='ltr' id='par_1_85' title="bbox 2155 3586 3810 3663">
     <span class='ocr_line' id='line_1_85' title="bbox 2155 3586 3810 3663; baseline -0.004 -16"><span class='ocrx_word' id='word_1_675' title='bbox 2155 3591 2257 3647; x_wconf 88' lang='lat' dir='ltr'><strong>lia.</strong></span> <span class='ocrx_word' id='word_1_676' title='bbox 2290 3590 2441 3657; x_wconf 88' lang='lat' dir='ltr'><strong>Quid</strong></span> <span class='ocrx_word' id='word_1_677' title='bbox 2472 3607 2631 3663; x_wconf 86' lang='lat' dir='ltr'><strong>ergo,</strong></span> <span class='ocrx_word' id='word_1_678' title='bbox 2664 3589 2965 3661; x_wconf 88' lang='lat' dir='ltr'><strong>inquiunt,</strong></span> <span class='ocrx_word' id='word_1_679' title='bbox 2999 3586 3319 3644; x_wconf 90' lang='lat' dir='ltr'><strong>dicendum</strong></span> <span class='ocrx_word' id='word_1_680' title='bbox 3340 3587 3367 3643; x_wconf 88' lang='lat'><strong>?</strong></span> <span class='ocrx_word' id='word_1_681' title='bbox 3388 3588 3553 3653; x_wconf 88' lang='lat' dir='ltr'><strong>Quod</strong></span> <span class='ocrx_word' id='word_1_682' title='bbox 3577 3587 3649 3643; x_wconf 90' lang='lat' dir='ltr'><strong>de</strong></span> <span class='ocrx_word' id='word_1_683' title='bbox 3672 3587 3810 3641; x_wconf 86' lang='lat' dir='ltr'><strong>ﬁdei</strong></span> 
     </span>
    </p>
   </div>
   <div class='ocr_carea' id='block_1_86' title="bbox 2161 3679 3809 3753">
    <p class='ocr_par' dir='ltr' id='par_1_86' title="bbox 2161 3679 3809 3753">
     <span class='ocr_line' id='line_1_86' title="bbox 2161 3679 3809 3753; baseline -0.004 -16"><span class='ocrx_word' id='word_1_684' title='bbox 2161 3682 2455 3753; x_wconf 80' lang='lat' dir='ltr'><strong>dogmatis</strong></span> <span class='ocrx_word' id='word_1_685' title='bbox 2497 3696 2693 3753; x_wconf 90' lang='lat' dir='ltr'><strong>neque</strong></span> <span class='ocrx_word' id='word_1_686' title='bbox 2733 3680 2859 3751; x_wconf 90' lang='lat' dir='ltr'><strong>ipse</strong></span> <span class='ocrx_word' id='word_1_687' title='bbox 2899 3680 3227 3750; x_wconf 87' lang='lat' dir='ltr'><strong>quidquam</strong></span> <span class='ocrx_word' id='word_1_688' title='bbox 3270 3679 3583 3749; x_wconf 89' lang='lat' dir='ltr'><strong>promittit.</strong></span> <span class='ocrx_word' id='word_1_689' title='bbox 3617 3695 3809 3747; x_wconf 85' lang='lat' dir='ltr'><strong>neque</strong></span> 
     </span>
    </p>
   </div>
   <div class='ocr_carea' id='block_1_87' title="bbox 2157 3766 3808 3843">
    <p class='ocr_par' dir='ltr' id='par_1_87' title="bbox 2157 3766 3808 3843">
     <span class='ocr_line' id='line_1_87' title="bbox 2157 3766 3808 3843; baseline -0.004 -16"><span class='ocrx_word' id='word_1_690' title='bbox 2157 3771 2482 3843; x_wconf 89' lang='lat' dir='ltr'><strong>quidquam</strong></span> <span class='ocrx_word' id='word_1_691' title='bbox 2512 3770 2742 3838; x_wconf 79' lang='lat' dir='ltr'><strong>statuit,</strong></span> <span class='ocrx_word' id='word_1_692' title='bbox 2776 3775 2915 3825; x_wconf 89' lang='lat' dir='ltr'><strong>sunt</strong></span> <span class='ocrx_word' id='word_1_693' title='bbox 2945 3768 3100 3823; x_wconf 88' lang='lat' dir='ltr'><strong>enim</strong></span> <span class='ocrx_word' id='word_1_694' title='bbox 3138 3766 3443 3822; x_wconf 89' lang='lat' dir='ltr'><strong>Dominica</strong></span> <span class='ocrx_word' id='word_1_695' title='bbox 3496 3766 3808 3835; x_wconf 88' lang='lat' dir='ltr'><strong>promissa,</strong></span> 
     </span>
    </p>
   </div>
   <div class='ocr_carea' id='block_1_88' title="bbox 2156 3857 3814 3935">
    <p class='ocr_par' dir='ltr' id='par_1_88' title="bbox 2156 3857 3814 3935">
     <span class='ocr_line' id='line_1_88' title="bbox 2156 3857 3814 3935; baseline -0.006 -17"><span class='ocrx_word' id='word_1_696' title='bbox 2156 3861 2355 3935; x_wconf 85' lang='lat' dir='ltr'><strong>magni</strong></span> <span class='ocrx_word' id='word_1_697' title='bbox 2385 3861 2546 3915; x_wconf 88' lang='lat' dir='ltr'><strong>illius</strong></span> <span class='ocrx_word' id='word_1_698' title='bbox 2577 3858 2812 3914; x_wconf 79' lang='lat' dir='ltr'><strong>consilii</strong></span> <span class='ocrx_word' id='word_1_699' title='bbox 2847 3857 3105 3911; x_wconf 86' lang='lat' dir='ltr'><strong>decreta.</strong></span> <span class='ocrx_word' id='word_1_700' title='bbox 3167 3857 3364 3909; x_wconf 64' lang='lat' dir='ltr'><strong>Praeco</strong></span> <span class='ocrx_word' id='word_1_701' title='bbox 3424 3859 3656 3908; x_wconf 88' lang='lat' dir='ltr'><strong>tantum</strong></span> <span class='ocrx_word' id='word_1_702' title='bbox 3724 3859 3814 3908; x_wconf 83' lang='lat' dir='ltr'><strong>est</strong></span> 
     </span>
    </p>
   </div>
   <div class='ocr_carea' id='block_1_89' title="bbox 2158 3943 3807 4016">
    <p class='ocr_par' dir='ltr' id='par_1_89' title="bbox 2158 3943 3807 4016">
     <span class='ocr_line' id='line_1_89' title="bbox 2158 3943 3807 4016; baseline -0.007 -8"><span class='ocrx_word' id='word_1_703' title='bbox 2158 3951 2377 4008; x_wconf 81' lang='lat' dir='ltr'><strong>Paulus</strong></span> <span class='ocrx_word' id='word_1_704' title='bbox 2409 3966 2477 4005; x_wconf 88' lang='lat' dir='ltr'><strong>ac</strong></span> <span class='ocrx_word' id='word_1_705' title='bbox 2508 3949 2803 4009; x_wconf 77' lang='lat' dir='ltr'><strong>minister,</strong></span> <span class='ocrx_word' id='word_1_706' title='bbox 2834 3946 2987 4000; x_wconf 89' lang='lat' dir='ltr'><strong>sicut</strong></span> <span class='ocrx_word' id='word_1_707' title='bbox 3018 3944 3142 4016; x_wconf 78' lang='lat' dir='ltr'><strong>ipse</strong></span> <span class='ocrx_word' id='word_1_708' title='bbox 3174 3943 3276 4003; x_wconf 88' lang='lat' dir='ltr'><strong>ait.</strong></span> <span class='ocrx_word' id='word_1_709' title='bbox 3340 3965 3365 3991; x_wconf 78' lang='grc' dir='ltr'><strong>ιι</strong></span> <span class='ocrx_word' id='word_1_710' title='bbox 3393 3943 3807 4013; x_wconf 72' lang='lat' dir='ltr'><strong>mysteriorum</strong></span> 
     </span>
    </p>
   </div>
   <div class='ocr_carea' id='block_1_90' title="bbox 2159 4032 3809 4109">
    <p class='ocr_par' dir='ltr' id='par_1_90' title="bbox 2159 4032 3809 4109">
     <span class='ocr_line' id='line_1_90' title="bbox 2159 4032 3809 4109; baseline -0.006 -10"><span class='ocrx_word' id='word_1_711' title='bbox 2159 4041 2372 4099; x_wconf 85' lang='lat' dir='ltr'><strong>Christi</strong></span> <span class='ocrx_word' id='word_1_712' title='bbox 2405 4039 2470 4093; x_wconf 86' lang='grc'><strong>¹⁰.</strong></span> <span class='ocrx_word' id='word_1_713' title='bbox 2504 4058 2533 4089; x_wconf 85' lang='grc'><strong>››</strong></span> <span class='ocrx_word' id='word_1_714' title='bbox 2563 4038 2695 4109; x_wconf 87' lang='lat' dir='ltr'><strong>Ipse</strong></span> <span class='ocrx_word' id='word_1_715' title='bbox 2726 4037 2925 4107; x_wconf 87' lang='lat' dir='ltr'><strong>itaque</strong></span> <span class='ocrx_word' id='word_1_716' title='bbox 2954 4034 3166 4090; x_wconf 76' lang='lat' dir='ltr'><strong>merito</strong></span> <span class='ocrx_word' id='word_1_717' title='bbox 3205 4051 3276 4089; x_wconf 80' lang='lat' dir='ltr'><strong>ex</strong></span> <span class='ocrx_word' id='word_1_718' title='bbox 3343 4035 3537 4105; x_wconf 91' lang='lat' dir='ltr'><strong>seipso</strong></span> <span class='ocrx_word' id='word_1_719' title='bbox 3605 4032 3676 4088; x_wconf 92' lang='lat' dir='ltr'><strong>de</strong></span> <span class='ocrx_word' id='word_1_720' title='bbox 3718 4034 3809 4089; x_wconf 87' lang='lat' dir='ltr'><strong>his</strong></span> 
     </span>
    </p>
   </div>
   <div class='ocr_carea' id='block_1_91' title="bbox 2158 4122 3809 4198">
    <p class='ocr_par' dir='ltr' id='par_1_91' title="bbox 2158 4122 3809 4198">
     <span class='ocr_line' id='line_1_91' title="bbox 2158 4122 3809 4198; baseline -0.005 -13"><span class='ocrx_word' id='word_1_721' title='bbox 2158 4131 2335 4185; x_wconf 85' lang='lat' dir='ltr'><strong>rebus</strong></span> <span class='ocrx_word' id='word_1_722' title='bbox 2350 4143 2544 4198; x_wconf 88' lang='lat' dir='ltr'><strong>neque</strong></span> <span class='ocrx_word' id='word_1_723' title='bbox 2561 4126 2970 4194; x_wconf 87' lang='lat' dir='ltr'><strong>statuitneque</strong></span> <span class='ocrx_word' id='word_1_724' title='bbox 2985 4123 3414 4194; x_wconf 87' lang='lat' dir='ltr'><strong>promittit.Sed</strong></span> <span class='ocrx_word' id='word_1_725' title='bbox 3436 4124 3483 4178; x_wconf 92' lang='lat' dir='ltr'><strong>si</strong></span> <span class='ocrx_word' id='word_1_726' title='bbox 3507 4124 3554 4178; x_wconf 88' lang='lat' dir='ltr'><strong>si</strong></span> <span class='ocrx_word' id='word_1_727' title='bbox 3578 4122 3649 4178; x_wconf 92' lang='lat' dir='ltr'><strong>de</strong></span> <span class='ocrx_word' id='word_1_728' title='bbox 3672 4122 3809 4177; x_wconf 78' lang='lat' dir='ltr'><strong>fidei</strong></span> 
     </span>
    </p>
   </div>
   <div class='ocr_carea' id='block_1_92' title="bbox 2162 4210 3811 4290">
    <p class='ocr_par' dir='ltr' id='par_1_92' title="bbox 2162 4210 3811 4290">
     <span class='ocr_line' id='line_1_92' title="bbox 2162 4210 3811 4290; baseline -0.007 -17"><span class='ocrx_word' id='word_1_729' title='bbox 2162 4216 2556 4290; x_wconf 80' lang='lat' dir='ltr'><strong>dogmatibus.</strong></span> <span class='ocrx_word' id='word_1_730' title='bbox 2590 4213 2891 4284; x_wconf 83' lang='lat' dir='ltr'><strong>inquiunt.</strong></span> <span class='ocrx_word' id='word_1_731' title='bbox 2924 4228 3041 4267; x_wconf 91' lang='lat' dir='ltr'><strong>non</strong></span> <span class='ocrx_word' id='word_1_732' title='bbox 3077 4212 3215 4267; x_wconf 90' lang='lat' dir='ltr'><strong>licet</strong></span> <span class='ocrx_word' id='word_1_733' title='bbox 3248 4210 3361 4283; x_wconf 88' lang='lat' dir='ltr'><strong>ipsi</strong></span> <span class='ocrx_word' id='word_1_734' title='bbox 3411 4218 3669 4267; x_wconf 86' lang='lat' dir='ltr'><strong>statuere</strong></span> <span class='ocrx_word' id='word_1_735' title='bbox 3710 4218 3811 4266; x_wconf 87' lang='lat' dir='ltr'><strong>aut</strong></span> 
     </span>
    </p>
   </div>
   <div class='ocr_carea' id='block_1_93' title="bbox 2160 4300 3808 4378">
    <p class='ocr_par' dir='ltr' id='par_1_93' title="bbox 2160 4300 3808 4378">
     <span class='ocr_line' id='line_1_93' title="bbox 2160 4300 3808 4378; baseline -0.005 -19"><span class='ocrx_word' id='word_1_736' title='bbox 2160 4304 2527 4378; x_wconf 88' lang='lat' dir='ltr'><strong>promittere,</strong></span> <span class='ocrx_word' id='word_1_737' title='bbox 2555 4300 2883 4357; x_wconf 90' lang='lat' dir='ltr'><strong>secundum</strong></span> <span class='ocrx_word' id='word_1_738' title='bbox 2919 4314 3157 4356; x_wconf 80' lang='lat' dir='ltr'><strong>carnem</strong></span> <span class='ocrx_word' id='word_1_739' title='bbox 3204 4314 3341 4353; x_wconf 88' lang='lat' dir='ltr'><strong>vero</strong></span> <span class='ocrx_word' id='word_1_740' title='bbox 3403 4314 3641 4352; x_wconf 78' lang='lat' dir='ltr'><strong>rursum</strong></span> <span class='ocrx_word' id='word_1_741' title='bbox 3689 4313 3808 4352; x_wconf 90' lang='lat' dir='ltr'><strong>non</strong></span> 
     </span>
    </p>
   </div>
   <div class='ocr_carea' id='block_1_94' title="bbox 2161 4386 3809 4464">
    <p class='ocr_par' dir='ltr' id='par_1_94' title="bbox 2161 4386 3809 4464">
     <span class='ocr_line' id='line_1_94' title="bbox 2161 4386 3809 4464; baseline -0.005 -16"><span class='ocrx_word' id='word_1_742' title='bbox 2161 4396 2394 4464; x_wconf 88' lang='lat' dir='ltr'><strong>oportet</strong></span> <span class='ocrx_word' id='word_1_743' title='bbox 2427 4407 2559 4447; x_wconf 90' lang='lat' dir='ltr'><strong>eum</strong></span> <span class='ocrx_word' id='word_1_744' title='bbox 2596 4395 2852 4447; x_wconf 89' lang='lat' dir='ltr'><strong>statuere</strong></span> <span class='ocrx_word' id='word_1_745' title='bbox 2887 4388 3207 4461; x_wconf 76' lang='lat' dir='ltr'><strong>(siquidem</strong></span> <span class='ocrx_word' id='word_1_746' title='bbox 3241 4388 3365 4459; x_wconf 85' lang='lat' dir='ltr'><strong>ipse</strong></span> <span class='ocrx_word' id='word_1_747' title='bbox 3415 4402 3652 4458; x_wconf 87' lang='lat' dir='ltr'><strong>quoque</strong></span> <span class='ocrx_word' id='word_1_748' title='bbox 3701 4386 3809 4441; x_wconf 92' lang='lat' dir='ltr'><strong>hoc</strong></span> 
     </span>
    </p>
   </div>
   <div class='ocr_carea' id='block_1_95' title="bbox 2159 4475 3808 4553">
    <p class='ocr_par' dir='ltr' id='par_1_95' title="bbox 2159 4475 3808 4553">
     <span class='ocr_line' id='line_1_95' title="bbox 2159 4475 3808 4553; baseline -0.005 -16"><span class='ocrx_word' id='word_1_749' title='bbox 2159 4480 2376 4553; x_wconf 82' lang='lat' dir='ltr'><strong>rejicit,</strong></span> <span class='ocrx_word' id='word_1_750' title='bbox 2410 4480 2549 4537; x_wconf 91' lang='lat' dir='ltr'><strong>dum</strong></span> <span class='ocrx_word' id='word_1_751' title='bbox 2574 4481 2691 4536; x_wconf 91' lang='lat' dir='ltr'><strong>ait:</strong></span> <span class='ocrx_word' id='word_1_752' title='bbox 2717 4502 2743 4528; x_wconf 73' lang='grc' dir='ltr'><strong>ιι</strong></span> <span class='ocrx_word' id='word_1_753' title='bbox 2772 4482 2885 4534; x_wconf 88' lang='lat' dir='ltr'><strong>Aut</strong></span> <span class='ocrx_word' id='word_1_754' title='bbox 2904 4495 3044 4534; x_wconf 90' lang='lat' dir='ltr'><strong>num</strong></span> <span class='ocrx_word' id='word_1_755' title='bbox 3068 4495 3198 4549; x_wconf 65' lang='lat' dir='ltr'><strong>qua:</strong></span> <span class='ocrx_word' id='word_1_756' title='bbox 3222 4482 3440 4544; x_wconf 88' lang='lat' dir='ltr'><strong>statuo,</strong></span> <span class='ocrx_word' id='word_1_757' title='bbox 3482 4475 3808 4532; x_wconf 89' lang='lat' dir='ltr'><strong>secundum</strong></span> 
     </span>
    </p>
   </div>
   <div class='ocr_carea' id='block_1_96' title="bbox 400 4564 2050 4642">
    <p class='ocr_par' dir='ltr' id='par_1_96' title="bbox 400 4564 2050 4642">
     <span class='ocr_line' id='line_1_96' title="bbox 400 4564 2050 4642; baseline 0 -20"><span class='ocrx_word' id='word_1_758' title='bbox 400 4567 489 4622; x_wconf 74' lang='grc' dir='ltr'><strong>οὖν</strong></span> <span class='ocrx_word' id='word_1_759' title='bbox 518 4566 601 4623; x_wconf 75' lang='grc' dir='ltr'><strong>ὅτι</strong></span> <span class='ocrx_word' id='word_1_760' title='bbox 631 4566 745 4623; x_wconf 68' lang='grc' dir='ltr'>ἔστι</span> <span class='ocrx_word' id='word_1_761' title='bbox 777 4570 895 4623; x_wconf 83' lang='grc' dir='ltr'>θεῖα</span> <span class='ocrx_word' id='word_1_762' title='bbox 922 4566 1013 4622; x_wconf 82' lang='grc' dir='ltr'><strong>καὶ</strong></span> <span class='ocrx_word' id='word_1_763' title='bbox 1061 4565 1401 4642; x_wconf 83' lang='grc' dir='ltr'>ἀνθρώπινα,</span> <span class='ocrx_word' id='word_1_764' title='bbox 1430 4564 1491 4635; x_wconf 71' lang='grc' dir='ltr'><strong>ἢ.</strong></span> <span class='ocrx_word' id='word_1_765' title='bbox 1548 4564 1594 4621; x_wconf 76' lang='grc' dir='ltr'>εἰ</span> <span class='ocrx_word' id='word_1_766' title='bbox 1656 4565 1867 4641; x_wconf 87' lang='grc' dir='ltr'>βουλει,</span> <span class='ocrx_word' id='word_1_767' title='bbox 1902 4587 2050 4622; x_wconf 80' lang='grc' dir='ltr'>πνευ·</span> 
     </span>
    </p>
   </div>
   <div class='ocr_carea' id='block_1_97' title="bbox 2160 4564 3810 4642">
    <p class='ocr_par' dir='ltr' id='par_1_97' title="bbox 2165 4565 3810 4642">
     <span class='ocr_line' id='line_1_97' title="bbox 2165 4565 3810 4642; baseline -0.006 -14"><span class='ocrx_word' id='word_1_768' title='bbox 2165 4586 2404 4628; x_wconf 87' lang='lat' dir='ltr'><strong>carnem</strong></span> <span class='ocrx_word' id='word_1_769' title='bbox 2426 4569 2714 4642; x_wconf 80' lang='lat' dir='ltr'><strong>statuo?);</strong></span> <span class='ocrx_word' id='word_1_770' title='bbox 2739 4569 2786 4624; x_wconf 92' lang='lat' dir='ltr'><strong>si</strong></span> <span class='ocrx_word' id='word_1_771' title='bbox 2816 4585 2920 4640; x_wconf 84' lang='lat' dir='ltr'><strong>ego</strong></span> <span class='ocrx_word' id='word_1_772' title='bbox 2945 4568 3005 4623; x_wconf 93' lang='lat' dir='ltr'><strong>in</strong></span> <span class='ocrx_word' id='word_1_773' title='bbox 3031 4567 3258 4623; x_wconf 88' lang='lat' dir='ltr'><strong>neutris</strong></span> <span class='ocrx_word' id='word_1_774' title='bbox 3303 4565 3509 4621; x_wconf 90' lang='lat' dir='ltr'><strong>statuit</strong></span> <span class='ocrx_word' id='word_1_775' title='bbox 3547 4571 3649 4619; x_wconf 88' lang='lat' dir='ltr'><strong>aut</strong></span> <span class='ocrx_word' id='word_1_776' title='bbox 3676 4582 3810 4636; x_wconf 86' lang='lat' dir='ltr'><strong>pro-</strong></span> 
     </span>
    </p>
   </div>
   <div class='ocr_carea' id='block_1_98' title="bbox 401 4654 2052 4731">
    <p class='ocr_par' dir='ltr' id='par_1_98' title="bbox 401 4654 2052 4731">
     <span class='ocr_line' id='line_1_98' title="bbox 401 4654 2052 4731; baseline 0.002 -20"><span class='ocrx_word' id='word_1_777' title='bbox 401 4657 624 4729; x_wconf 76' lang='grc' dir='ltr'>ματικά,</span> <span class='ocrx_word' id='word_1_778' title='bbox 654 4656 744 4711; x_wconf 82' lang='grc' dir='ltr'><strong>καὶ</strong></span> <span class='ocrx_word' id='word_1_779' title='bbox 776 4677 1024 4731; x_wconf 86' lang='grc' dir='ltr'>οαρκικα.</span> <span class='ocrx_word' id='word_1_780' title='bbox 1060 4656 1157 4711; x_wconf 81' lang='grc' dir='ltr'><strong>Καὶ</strong></span> <span class='ocrx_word' id='word_1_781' title='bbox 1221 4658 1329 4710; x_wconf 82' lang='grc' dir='ltr'>τῶν</span> <span class='ocrx_word' id='word_1_782' title='bbox 1388 4660 1771 4730; x_wconf 83' lang='grc' dir='ltr'>πνευματικῶν</span> <span class='ocrx_word' id='word_1_783' title='bbox 1829 4654 1885 4713; x_wconf 87' lang='grc' dir='ltr'><strong>δε</strong></span> <span class='ocrx_word' id='word_1_784' title='bbox 1936 4654 2052 4714; x_wconf 78' lang='grc' dir='ltr'>’ἐστι</span> 
     </span>
    </p>
   </div>
   <div class='ocr_carea' id='block_1_99' title="bbox 400 4742 2048 4823">
    <p class='ocr_par' dir='ltr' id='par_1_99' title="bbox 400 4742 2048 4823">
     <span class='ocr_line' id='line_1_99' title="bbox 400 4742 2048 4823; baseline 0.002 -24"><span class='ocrx_word' id='word_1_785' title='bbox 400 4742 634 4823; x_wconf 72' lang='grc' dir='ltr'>διαφορᾶ</span> <span class='ocrx_word' id='word_1_786' title='bbox 662 4743 875 4816; x_wconf 78' lang='grc' dir='ltr'>πολλὴ.</span> <span class='ocrx_word' id='word_1_787' title='bbox 936 4742 1116 4802; x_wconf 83' lang='grc' dir='ltr'>Ἀλλά</span> <span class='ocrx_word' id='word_1_788' title='bbox 1172 4742 1309 4805; x_wconf 62' lang='grc' dir='ltr'>τὲως</span> <span class='ocrx_word' id='word_1_789' title='bbox 1365 4743 1500 4818; x_wconf 82' lang='grc' dir='ltr'>πρὸς</span> <span class='ocrx_word' id='word_1_790' title='bbox 1556 4745 1618 4800; x_wconf 83' lang='grc' dir='ltr'>τὸ</span> <span class='ocrx_word' id='word_1_791' title='bbox 1670 4745 2048 4821; x_wconf 77' lang='grc' dir='ltr'>προκείμενον.</span> 
     </span>
    </p>
   </div>
   <div class='ocr_carea' id='block_1_100' title="bbox 399 4830 2051 4911">
    <p class='ocr_par' dir='ltr' id='par_1_100' title="bbox 399 4830 2051 4911">
     <span class='ocr_line' id='line_1_100' title="bbox 399 4830 2051 4911; baseline 0.001 -21"><span class='ocrx_word' id='word_1_792' title='bbox 399 4838 478 4894; x_wconf 61' lang='lat' dir='ltr'><strong>Ti</strong></span> <span class='ocrx_word' id='word_1_793' title='bbox 512 4835 606 4908; x_wconf 72' lang='grc' dir='ltr'>μὲν</span> <span class='ocrx_word' id='word_1_794' title='bbox 633 4835 766 4889; x_wconf 49' lang='grc' dir='ltr'>εῖσιν</span> <span class='ocrx_word' id='word_1_795' title='bbox 817 4833 1021 4908; x_wconf 72' lang='grc' dir='ltr'>ἀρεταὶ,</span> <span class='ocrx_word' id='word_1_796' title='bbox 1052 4834 1122 4888; x_wconf 70' lang='grc' dir='ltr'><strong>τὰ</strong></span> <span class='ocrx_word' id='word_1_797' title='bbox 1180 4830 1238 4889; x_wconf 73' lang='grc' dir='ltr'><strong>δε</strong></span> <span class='ocrx_word' id='word_1_798' title='bbox 1291 4833 1455 4895; x_wconf 80' lang='grc' dir='ltr'>αὐτὸς</span> <span class='ocrx_word' id='word_1_799' title='bbox 1485 4834 1513 4889; x_wconf 86' lang='grc' dir='ltr'>ὁ</span> <span class='ocrx_word' id='word_1_800' title='bbox 1542 4837 1639 4888; x_wconf 79' lang='grc' dir='ltr'><strong>τοῦ</strong></span> <span class='ocrx_word' id='word_1_801' title='bbox 1694 4835 2051 4911; x_wconf 73' lang='grc' dir='ltr'>κηρύγματος</span> 
     </span>
    </p>
   </div>
   <div class='ocr_carea' id='block_1_101' title="bbox 400 4921 2052 5003">
    <p class='ocr_par' dir='ltr' id='par_1_101' title="bbox 400 4921 2052 5003">
     <span class='ocr_line' id='line_1_101' title="bbox 400 4921 2052 5003; baseline 0.001 -24"><span class='ocrx_word' id='word_1_802' title='bbox 400 4923 593 5003; x_wconf 78' lang='grc' dir='ltr'>λόγος,</span> <span class='ocrx_word' id='word_1_803' title='bbox 624 4924 690 4979; x_wconf 72' lang='grc' dir='ltr'><strong>τὰ</strong></span> <span class='ocrx_word' id='word_1_804' title='bbox 722 4921 780 4979; x_wconf 74' lang='grc' dir='ltr'>δὲ</span> <span class='ocrx_word' id='word_1_805' title='bbox 810 4924 912 4978; x_wconf 84' lang='grc' dir='ltr'><strong>οὐκ</strong></span> <span class='ocrx_word' id='word_1_806' title='bbox 939 4923 1101 4985; x_wconf 69' lang='grc' dir='ltr'>αὐτὸς</span> <span class='ocrx_word' id='word_1_807' title='bbox 1138 4923 1229 4993; x_wconf 73' lang='grc' dir='ltr'>μὲν</span> <span class='ocrx_word' id='word_1_808' title='bbox 1274 4922 1455 4991; x_wconf 77' lang='grc' dir='ltr'>οὗτος,</span> <span class='ocrx_word' id='word_1_809' title='bbox 1487 4921 1614 4979; x_wconf 85' lang='grc' dir='ltr'>ἀλλ’</span> <span class='ocrx_word' id='word_1_810' title='bbox 1646 4923 1799 4998; x_wconf 81' lang='grc' dir='ltr'>ὅμως</span> <span class='ocrx_word' id='word_1_811' title='bbox 1830 4925 2052 4988; x_wconf 78' lang='grc' dir='ltr'>ἐκείνοις</span> 
     </span>
    </p>
   </div>
   <div class='ocr_carea' id='block_1_102' title="bbox 400 5012 2053 5090">
    <p class='ocr_par' dir='ltr' id='par_1_102' title="bbox 400 5012 2053 5090">
     <span class='ocr_line' id='line_1_102' title="bbox 400 5012 2053 5090; baseline 0.002 -21"><span class='ocrx_word' id='word_1_812' title='bbox 400 5013 656 5085; x_wconf 71' lang='grc' dir='ltr'>ἁρμόζων</span> <span class='ocrx_word' id='word_1_813' title='bbox 691 5014 743 5068; x_wconf 79' lang='grc' dir='ltr'>οἱ</span> <span class='ocrx_word' id='word_1_814' title='bbox 792 5012 881 5068; x_wconf 80' lang='grc' dir='ltr'><strong>καὶ</strong></span> <span class='ocrx_word' id='word_1_815' title='bbox 928 5013 1021 5067; x_wconf 87' lang='grc' dir='ltr'>τὸν</span> <span class='ocrx_word' id='word_1_816' title='bbox 1073 5016 1170 5067; x_wconf 75' lang='grc' dir='ltr'>τοῦ</span> <span class='ocrx_word' id='word_1_817' title='bbox 1217 5012 1574 5089; x_wconf 64' lang='grc' dir='ltr'>κηρύγματος</span> <span class='ocrx_word' id='word_1_818' title='bbox 1634 5012 1798 5090; x_wconf 67' lang='grc' dir='ltr'>λόγον</span> <span class='ocrx_word' id='word_1_819' title='bbox 1853 5013 2053 5089; x_wconf 80' lang='grc' dir='ltr'>παρεδέ</span> 
     </span>
    </p>
   </div>
   <div class='ocr_carea' id='block_1_103' title="bbox 401 5095 2054 5175">
    <p class='ocr_par' dir='ltr' id='par_1_103' title="bbox 401 5095 2054 5175">
     <span class='ocr_line' id='line_1_103' title="bbox 401 5095 2054 5175; baseline 0.004 -21"><span class='ocrx_word' id='word_1_820' title='bbox 401 5101 575 5172; x_wconf 75' lang='grc' dir='ltr'>ξαντο,</span> <span class='ocrx_word' id='word_1_821' title='bbox 607 5100 642 5156; x_wconf 80' lang='grc' dir='ltr'>ἃ</span> <span class='ocrx_word' id='word_1_822' title='bbox 668 5101 759 5157; x_wconf 82' lang='grc' dir='ltr'><strong>καὶ</strong></span> <span class='ocrx_word' id='word_1_823' title='bbox 796 5100 998 5175; x_wconf 59' lang='grc' dir='ltr'>Παύλῳ</span> <span class='ocrx_word' id='word_1_824' title='bbox 1047 5095 1220 5157; x_wconf 77' lang='grc' dir='ltr'>ἔσεττι</span> <span class='ocrx_word' id='word_1_825' title='bbox 1285 5102 1376 5155; x_wconf 85' lang='grc' dir='ltr'><strong>καὶ</strong></span> <span class='ocrx_word' id='word_1_826' title='bbox 1439 5100 1790 5175; x_wconf 73' lang='grc' dir='ltr'>βουλεύεσθαι</span> <span class='ocrx_word' id='word_1_827' title='bbox 1820 5105 1909 5158; x_wconf 79' lang='grc' dir='ltr'><strong>καὶ</strong></span> <span class='ocrx_word' id='word_1_828' title='bbox 1941 5102 2054 5160; x_wconf 85' lang='grc' dir='ltr'>δια-</span> 
     </span>
    </p>
   </div>
   <div class='ocr_carea' id='block_1_104' title="bbox 401 5189 2054 5268">
    <p class='ocr_par' dir='ltr' id='par_1_104' title="bbox 401 5189 2054 5268">
     <span class='ocr_line' id='line_1_104' title="bbox 401 5189 2054 5268; baseline 0.001 -20"><span class='ocrx_word' id='word_1_829' title='bbox 401 5190 700 5248; x_wconf 69' lang='grc' dir='ltr'>τάττεσθαι.</span> <span class='ocrx_word' id='word_1_830' title='bbox 739 5189 840 5248; x_wconf 76' lang='grc' dir='ltr'>Καὶ</span> <span class='ocrx_word' id='word_1_831' title='bbox 896 5191 1001 5268; x_wconf 69' lang='grc' dir='ltr'><strong>γάρ</strong></span> <span class='ocrx_word' id='word_1_832' title='bbox 1059 5210 1247 5265; x_wconf 80' lang='grc' dir='ltr'>φησιν,</span> <span class='ocrx_word' id='word_1_833' title='bbox 1312 5213 1340 5245; x_wconf 80' lang='grc' dir='ltr'>ι</span> <span class='ocrx_word' id='word_1_834' title='bbox 1373 5192 1650 5265; x_wconf 75' lang='grc' dir='ltr'>Επιταγὴν</span> <span class='ocrx_word' id='word_1_835' title='bbox 1702 5192 1906 5267; x_wconf 80' lang='grc' dir='ltr'>Κυρίου</span> <span class='ocrx_word' id='word_1_836' title='bbox 1955 5193 2054 5249; x_wconf 74' lang='grc' dir='ltr'><strong>οὐκ</strong></span> 
     </span>
    </p>
   </div>
   <div class='ocr_carea' id='block_1_105' title="bbox 403 5274 2050 5357">
    <p class='ocr_par' dir='ltr' id='par_1_105' title="bbox 403 5274 2050 5357">
     <span class='ocr_line' id='line_1_105' title="bbox 403 5274 2050 5357; baseline 0.001 -21"><span class='ocrx_word' id='word_1_837' title='bbox 403 5274 540 5354; x_wconf 73' lang='grc' dir='ltr'><strong>ἔχω,</strong></span> <span class='ocrx_word' id='word_1_838' title='bbox 574 5280 804 5356; x_wconf 86' lang='grc' dir='ltr'>γνώμην</span> <span class='ocrx_word' id='word_1_839' title='bbox 838 5277 896 5334; x_wconf 67' lang='grc' dir='ltr'>δὲ</span> <span class='ocrx_word' id='word_1_840' title='bbox 926 5276 1149 5353; x_wconf 81' lang='grc' dir='ltr'>δίδωμι,</span> <span class='ocrx_word' id='word_1_841' title='bbox 1183 5280 1258 5341; x_wconf 83' lang='grc' dir='ltr'>ὡς</span> <span class='ocrx_word' id='word_1_842' title='bbox 1298 5278 1608 5352; x_wconf 69' lang='grc' dir='ltr'>ἠλεημένος</span> <span class='ocrx_word' id='word_1_843' title='bbox 1667 5281 1768 5336; x_wconf 80' lang='grc' dir='ltr'>ὑπὸ</span> <span class='ocrx_word' id='word_1_844' title='bbox 1825 5281 2050 5357; x_wconf 77' lang='grc' dir='ltr'>Κυρίου,</span> 
     </span>
    </p>
   </div>
   <div class='ocr_carea' id='block_1_106' title="bbox 401 5367 843 5429">
    <p class='ocr_par' dir='ltr' id='par_1_106' title="bbox 401 5367 843 5429">
     <span class='ocr_line' id='line_1_106' title="bbox 401 5367 843 5429; baseline -0.005 -6"><span class='ocrx_word' id='word_1_845' title='bbox 401 5367 593 5429; x_wconf 80' lang='grc' dir='ltr'>πιστὸς</span> <span class='ocrx_word' id='word_1_846' title='bbox 627 5367 783 5422; x_wconf 78' lang='grc' dir='ltr'>εἶναι.</span> <span class='ocrx_word' id='word_1_847' title='bbox 816 5388 843 5420; x_wconf 72' lang='grc' dir='ltr'>ι</span> 
     </span>
    </p>
   </div>
   <div class='ocr_carea' id='block_1_107' title="bbox 2165 4653 3813 4731">
    <p class='ocr_par' dir='ltr' id='par_1_107' title="bbox 2165 4653 3813 4731">
     <span class='ocr_line' id='line_1_107' title="bbox 2165 4653 3813 4731; baseline -0.004 -17"><span class='ocrx_word' id='word_1_848' title='bbox 2165 4660 2369 4729; x_wconf 89' lang='lat' dir='ltr'><strong>mittit,</strong></span> <span class='ocrx_word' id='word_1_849' title='bbox 2400 4659 2461 4713; x_wconf 92' lang='lat' dir='ltr'><strong>in</strong></span> <span class='ocrx_word' id='word_1_850' title='bbox 2486 4658 2702 4731; x_wconf 87' lang='lat' dir='ltr'><strong>quibus</strong></span> <span class='ocrx_word' id='word_1_851' title='bbox 2733 4673 2869 4724; x_wconf 78' lang='lat' dir='ltr'><strong>ergo</strong></span> <span class='ocrx_word' id='word_1_852' title='bbox 2893 4655 3139 4711; x_wconf 89' lang='lat' dir='ltr'><strong>omnino</strong></span> <span class='ocrx_word' id='word_1_853' title='bbox 3163 4659 3381 4711; x_wconf 87' lang='lat' dir='ltr'><strong>statuet</strong></span> <span class='ocrx_word' id='word_1_854' title='bbox 3419 4659 3521 4709; x_wconf 88' lang='lat' dir='ltr'><strong>aut</strong></span> <span class='ocrx_word' id='word_1_855' title='bbox 3558 4653 3813 4724; x_wconf 77' lang='lat' dir='ltr'><strong>promis-</strong></span> 
     </span>
    </p>
   </div>
   <div class='ocr_carea' id='block_1_108' title="bbox 2165 4743 3813 4816">
    <p class='ocr_par' dir='ltr' id='par_1_108' title="bbox 2165 4743 3813 4816">
     <span class='ocr_line' id='line_1_108' title="bbox 2165 4743 3813 4816; baseline -0.005 -11"><span class='ocrx_word' id='word_1_856' title='bbox 2165 4750 2363 4806; x_wconf 90' lang='lat' dir='ltr'><strong>siones</strong></span> <span class='ocrx_word' id='word_1_857' title='bbox 2381 4747 2596 4804; x_wconf 80' lang='lat' dir='ltr'><strong>faciet?</strong></span> <span class='ocrx_word' id='word_1_858' title='bbox 2612 4748 2870 4804; x_wconf 88' lang='lat' dir='ltr'><strong>Dicimus</strong></span> <span class='ocrx_word' id='word_1_859' title='bbox 2890 4762 3029 4816; x_wconf 88' lang='lat' dir='ltr'><strong>ergo</strong></span> <span class='ocrx_word' id='word_1_860' title='bbox 3044 4745 3203 4815; x_wconf 93' lang='lat' dir='ltr'><strong>quod</strong></span> <span class='ocrx_word' id='word_1_861' title='bbox 3222 4749 3361 4800; x_wconf 90' lang='lat' dir='ltr'><strong>sunt</strong></span> <span class='ocrx_word' id='word_1_862' title='bbox 3384 4743 3600 4799; x_wconf 87' lang='lat' dir='ltr'><strong>divina.</strong></span> <span class='ocrx_word' id='word_1_863' title='bbox 3625 4750 3684 4797; x_wconf 89' lang='lat' dir='ltr'><strong>et</strong></span> <span class='ocrx_word' id='word_1_864' title='bbox 3712 4743 3813 4798; x_wconf 88' lang='lat' dir='ltr'><strong>hu-</strong></span> 
     </span>
    </p>
   </div>
   <div class='ocr_carea' id='block_1_109' title="bbox 2161 4832 3809 4905">
    <p class='ocr_par' dir='ltr' id='par_1_109' title="bbox 2161 4832 3809 4905">
     <span class='ocr_line' id='line_1_109' title="bbox 2161 4832 3809 4905; baseline -0.004 -11"><span class='ocrx_word' id='word_1_865' title='bbox 2161 4838 2525 4895; x_wconf 87' lang='lat' dir='ltr'><strong>mana.autsi</strong></span> <span class='ocrx_word' id='word_1_866' title='bbox 2546 4834 3095 4905; x_wconf 82' lang='lat' dir='ltr'><strong>mavis.spiritua!ia</strong></span> <span class='ocrx_word' id='word_1_867' title='bbox 3108 4839 3167 4888; x_wconf 91' lang='lat' dir='ltr'><strong>et</strong></span> <span class='ocrx_word' id='word_1_868' title='bbox 3205 4833 3505 4889; x_wconf 88' lang='lat' dir='ltr'><strong>carnalia:</strong></span> <span class='ocrx_word' id='word_1_869' title='bbox 3534 4832 3809 4902; x_wconf 84' lang='lat' dir='ltr'><strong>spiritua-</strong></span> 
     </span>
    </p>
   </div>
   <div class='ocr_carea' id='block_1_110' title="bbox 2161 4921 3810 4997">
    <p class='ocr_par' dir='ltr' id='par_1_110' title="bbox 2161 4921 3810 4997">
     <span class='ocr_line' id='line_1_110' title="bbox 2161 4921 3810 4997; baseline -0.005 -15"><span class='ocrx_word' id='word_1_870' title='bbox 2161 4927 2309 4982; x_wconf 91' lang='lat' dir='ltr'><strong>lium</strong></span> <span class='ocrx_word' id='word_1_871' title='bbox 2341 4942 2575 4997; x_wconf 90' lang='lat' dir='ltr'><strong>quoque</strong></span> <span class='ocrx_word' id='word_1_872' title='bbox 2609 4940 2822 4995; x_wconf 77' lang='lat' dir='ltr'><strong>magna</strong></span> <span class='ocrx_word' id='word_1_873' title='bbox 2845 4929 2934 4978; x_wconf 87' lang='lat' dir='ltr'><strong>est</strong></span> <span class='ocrx_word' id='word_1_874' title='bbox 2958 4922 3252 4978; x_wconf 85' lang='lat' dir='ltr'><strong>varietas:</strong></span> <span class='ocrx_word' id='word_1_875' title='bbox 3288 4921 3393 4977; x_wconf 92' lang='lat' dir='ltr'><strong>sed</strong></span> <span class='ocrx_word' id='word_1_876' title='bbox 3446 4921 3684 4976; x_wconf 88' lang='lat' dir='ltr'><strong>interim</strong></span> <span class='ocrx_word' id='word_1_877' title='bbox 3737 4921 3810 4975; x_wconf 86' lang='lat' dir='ltr'><strong>ad</strong></span> 
     </span>
    </p>
   </div>
   <div class='ocr_carea' id='block_1_111' title="bbox 2162 5011 3808 5086">
    <p class='ocr_par' dir='ltr' id='par_1_111' title="bbox 2162 5011 3808 5086">
     <span class='ocr_line' id='line_1_111' title="bbox 2162 5011 3808 5086; baseline -0.003 -17"><span class='ocrx_word' id='word_1_878' title='bbox 2162 5015 2550 5086; x_wconf 89' lang='lat' dir='ltr'><strong>propositum.</strong></span> <span class='ocrx_word' id='word_1_879' title='bbox 2588 5015 2689 5069; x_wconf 87' lang='lat' dir='ltr'><strong>Hic</strong></span> <span class='ocrx_word' id='word_1_880' title='bbox 2731 5012 2973 5084; x_wconf 90' lang='lat' dir='ltr'><strong>quidem</strong></span> <span class='ocrx_word' id='word_1_881' title='bbox 3031 5011 3488 5068; x_wconf 86' lang='lat' dir='ltr'><strong>considerantur</strong></span> <span class='ocrx_word' id='word_1_882' title='bbox 3542 5011 3808 5076; x_wconf 74' lang='lat' dir='ltr'><strong>virtutes,</strong></span> 
     </span>
    </p>
   </div>
   <div class='ocr_carea' id='block_1_112' title="bbox 2162 5100 3808 5174">
    <p class='ocr_par' dir='ltr' id='par_1_112' title="bbox 2162 5100 3808 5174">
     <span class='ocr_line' id='line_1_112' title="bbox 2162 5100 3808 5174; baseline -0.004 -15"><span class='ocrx_word' id='word_1_883' title='bbox 2162 5106 2242 5159; x_wconf 92' lang='lat' dir='ltr'><strong>ibi</strong></span> <span class='ocrx_word' id='word_1_884' title='bbox 2267 5120 2400 5159; x_wconf 89' lang='lat' dir='ltr'><strong>vero</strong></span> <span class='ocrx_word' id='word_1_885' title='bbox 2429 5104 2555 5174; x_wconf 91' lang='lat' dir='ltr'><strong>ipse</strong></span> <span class='ocrx_word' id='word_1_886' title='bbox 2578 5102 3020 5174; x_wconf 64' lang='lat' dir='ltr'><strong>praedicationis</strong></span> <span class='ocrx_word' id='word_1_887' title='bbox 3036 5117 3231 5157; x_wconf 90' lang='lat' dir='ltr'><strong>sermo</strong></span> <span class='ocrx_word' id='word_1_888' title='bbox 3254 5117 3267 5157; x_wconf 89' lang='lat'><strong>:</strong></span> <span class='ocrx_word' id='word_1_889' title='bbox 3291 5100 3434 5155; x_wconf 84' lang='lat' dir='ltr'><strong>alibi</strong></span> <span class='ocrx_word' id='word_1_890' title='bbox 3462 5106 3659 5156; x_wconf 88' lang='lat' dir='ltr'><strong>autem</strong></span> <span class='ocrx_word' id='word_1_891' title='bbox 3689 5116 3808 5154; x_wconf 88' lang='lat' dir='ltr'><strong>non</strong></span> 
     </span>
    </p>
   </div>
   <div class='ocr_carea' id='block_1_113' title="bbox 2162 5190 3807 5265">
    <p class='ocr_par' dir='ltr' id='par_1_113' title="bbox 2162 5190 3807 5265">
     <span class='ocr_line' id='line_1_113' title="bbox 2162 5190 3807 5265; baseline -0.001 -23"><span class='ocrx_word' id='word_1_892' title='bbox 2162 5193 2400 5265; x_wconf 77' lang='lat' dir='ltr'><strong>quidem</strong></span> <span class='ocrx_word' id='word_1_893' title='bbox 2419 5191 2850 5263; x_wconf 85' lang='lat' dir='ltr'><strong>idemipse,sed</strong></span> <span class='ocrx_word' id='word_1_894' title='bbox 2876 5199 3072 5247; x_wconf 89' lang='lat' dir='ltr'><strong>tamen</strong></span> <span class='ocrx_word' id='word_1_895' title='bbox 3100 5197 3393 5262; x_wconf 89' lang='lat' dir='ltr'><strong>quatenus</strong></span> <span class='ocrx_word' id='word_1_896' title='bbox 3422 5190 3575 5244; x_wconf 74' lang='lat'><strong>608</strong></span> <span class='ocrx_word' id='word_1_897' title='bbox 3595 5205 3807 5260; x_wconf 87' lang='lat' dir='ltr'><strong>oppor-</strong></span> 
     </span>
    </p>
   </div>
   <div class='ocr_carea' id='block_1_114' title="bbox 2163 5279 3808 5353">
    <p class='ocr_par' dir='ltr' id='par_1_114' title="bbox 2163 5279 3808 5353">
     <span class='ocr_line' id='line_1_114' title="bbox 2163 5279 3808 5353; baseline -0.005 -16"><span class='ocrx_word' id='word_1_898' title='bbox 2163 5288 2306 5337; x_wconf 86' lang='lat' dir='ltr'><strong>tuna</strong></span> <span class='ocrx_word' id='word_1_899' title='bbox 2335 5281 2575 5353; x_wconf 86' lang='lat' dir='ltr'><strong>adaptat</strong></span> <span class='ocrx_word' id='word_1_900' title='bbox 2605 5281 2677 5336; x_wconf 84' lang='lat' dir='ltr'><strong>iis</strong></span> <span class='ocrx_word' id='word_1_901' title='bbox 2708 5281 2808 5351; x_wconf 89' lang='lat' dir='ltr'><strong>qui</strong></span> <span class='ocrx_word' id='word_1_902' title='bbox 2842 5279 3282 5353; x_wconf 60' lang='lat' dir='ltr'><strong>praedicationis</strong></span> <span class='ocrx_word' id='word_1_903' title='bbox 3314 5295 3645 5335; x_wconf 90' lang='lat' dir='ltr'><strong>sermonem</strong></span> <span class='ocrx_word' id='word_1_904' title='bbox 3682 5295 3808 5331; x_wconf 75' lang='lat' dir='ltr'><strong>sus-</strong></span> 
     </span>
    </p>
   </div>
   <div class='ocr_carea' id='block_1_115' title="bbox 2161 5368 3809 5443">
    <p class='ocr_par' dir='ltr' id='par_1_115' title="bbox 2161 5368 3809 5443">
     <span class='ocr_line' id='line_1_115' title="bbox 2161 5368 3809 5443; baseline -0.005 -16"><span class='ocrx_word' id='word_1_905' title='bbox 2161 5376 2463 5443; x_wconf 86' lang='lat' dir='ltr'><strong>ceperant,</strong></span> <span class='ocrx_word' id='word_1_906' title='bbox 2488 5370 2783 5441; x_wconf 89' lang='lat' dir='ltr'><strong>inquibus</strong></span> <span class='ocrx_word' id='word_1_907' title='bbox 2808 5368 3147 5425; x_wconf 87' lang='lat' dir='ltr'><strong>Paulolicet</strong></span> <span class='ocrx_word' id='word_1_908' title='bbox 3180 5375 3510 5424; x_wconf 87' lang='lat' dir='ltr'><strong>etstatuere</strong></span> <span class='ocrx_word' id='word_1_909' title='bbox 3561 5373 3619 5421; x_wconf 92' lang='lat' dir='ltr'><strong>et</strong></span> <span class='ocrx_word' id='word_1_910' title='bbox 3650 5383 3809 5437; x_wconf 71' lang='lat' dir='ltr'><strong>prm-</strong></span> 
     </span>
    </p>
   </div>
   <div class='ocr_carea' id='block_1_116' title="bbox 2162 5452 3811 5528">
    <p class='ocr_par' dir='ltr' id='par_1_116' title="bbox 2162 5452 3811 5528">
     <span class='ocr_line' id='line_1_116' title="bbox 2162 5452 3811 5528; baseline -0.005 -17"><span class='ocrx_word' id='word_1_911' title='bbox 2162 5458 2379 5528; x_wconf 90' lang='lat' dir='ltr'><strong>cipere.</strong></span> <span class='ocrx_word' id='word_1_912' title='bbox 2411 5457 2667 5522; x_wconf 91' lang='lat' dir='ltr'><strong>Etenim,</strong></span> <span class='ocrx_word' id='word_1_913' title='bbox 2699 5479 2726 5507; x_wconf 84' lang='lat'>«</span> <span class='ocrx_word' id='word_1_914' title='bbox 2762 5458 3152 5528; x_wconf 67' lang='lat' dir='ltr'><strong>Prmceptum.</strong></span> <span class='ocrx_word' id='word_1_915' title='bbox 3188 5456 3406 5526; x_wconf 89' lang='lat' dir='ltr'><strong>inquit,</strong></span> <span class='ocrx_word' id='word_1_916' title='bbox 3436 5452 3667 5507; x_wconf 87' lang='lat' dir='ltr'><strong>Domini</strong></span> <span class='ocrx_word' id='word_1_917' title='bbox 3692 5468 3811 5505; x_wconf 92' lang='lat' dir='ltr'><strong>non</strong></span> 
     </span>
    </p>
   </div>
   <div class='ocr_carea' id='block_1_117' title="bbox 404 5538 3814 5615">
    <p class='ocr_par' dir='ltr' id='par_1_117' title="bbox 404 5538 3814 5615">
     <span class='ocr_line' id='line_1_117' title="bbox 404 5538 3814 5615; baseline -0.001 -18"><span class='ocrx_word' id='word_1_918' title='bbox 404 5541 616 5607; x_wconf 89' lang='lat' dir='ltr'><strong>habeo,</strong></span> <span class='ocrx_word' id='word_1_919' title='bbox 644 5540 962 5599; x_wconf 89' lang='lat' dir='ltr'><strong>consilium</strong></span> <span class='ocrx_word' id='word_1_920' title='bbox 992 5544 1193 5597; x_wconf 87' lang='lat' dir='ltr'><strong>tamen</strong></span> <span class='ocrx_word' id='word_1_921' title='bbox 1251 5538 1346 5609; x_wconf 90' lang='lat' dir='ltr'><strong>do,</strong></span> <span class='ocrx_word' id='word_1_922' title='bbox 1409 5544 1692 5610; x_wconf 84' lang='lat' dir='ltr'><strong>tanquam</strong></span> <span class='ocrx_word' id='word_1_923' title='bbox 1751 5541 2223 5603; x_wconf 86' lang='lat' dir='ltr'><strong>misericordiam</strong></span> <span class='ocrx_word' id='word_1_924' title='bbox 2282 5553 2638 5602; x_wconf 88' lang='lat' dir='ltr'><strong>consecutus</strong></span> <span class='ocrx_word' id='word_1_925' title='bbox 2696 5562 2730 5601; x_wconf 88' lang='lat' dir='ltr'><strong>a</strong></span> <span class='ocrx_word' id='word_1_926' title='bbox 2778 5546 3049 5615; x_wconf 87' lang='lat' dir='ltr'><strong>Domino,</strong></span> <span class='ocrx_word' id='word_1_927' title='bbox 3101 5544 3175 5601; x_wconf 88' lang='lat' dir='ltr'><strong>ad</strong></span> <span class='ocrx_word' id='word_1_928' title='bbox 3226 5544 3339 5598; x_wconf 88' lang='lat' dir='ltr'><strong>hoc</strong></span> <span class='ocrx_word' id='word_1_929' title='bbox 3393 5547 3456 5595; x_wconf 88' lang='lat' dir='ltr'><strong>ut</strong></span> <span class='ocrx_word' id='word_1_930' title='bbox 3508 5555 3700 5596; x_wconf 87' lang='lat' dir='ltr'><strong>essem</strong></span> <span class='ocrx_word' id='word_1_931' title='bbox 3743 5540 3814 5592; x_wconf 83' lang='lat' dir='ltr'><strong>ti-</strong></span> 
     </span>
    </p>
   </div>
   <div class='ocr_carea' id='block_1_118' title="bbox 406 5628 717 5688">
    <p class='ocr_par' dir='ltr' id='par_1_118' title="bbox 406 5628 717 5688">
     <span class='ocr_line' id='line_1_118' title="bbox 406 5628 717 5688; baseline 0.01 -3"><span class='ocrx_word' id='word_1_932' title='bbox 406 5628 557 5687; x_wconf 90' lang='lat' dir='ltr'><strong>delis</strong></span> <span class='ocrx_word' id='word_1_933' title='bbox 590 5631 653 5688; x_wconf 80' lang='lat'><strong>“.</strong></span> <span class='ocrx_word' id='word_1_934' title='bbox 690 5653 717 5680; x_wconf 67' lang='grc' dir='ltr'><strong>η</strong></span> 
     </span>
    </p>
   </div>
   <div class='ocr_carea' id='block_1_119' title="bbox 478 5726 1217 5798">
    <p class='ocr_par' dir='ltr' id='par_1_119' title="bbox 478 5726 1217 5798">
     <span class='ocr_line' id='line_1_119' title="bbox 478 5726 1217 5798; baseline -0.004 -13"><span class='ocrx_word' id='word_1_935' title='bbox 478 5727 524 5763; x_wconf 80' lang='grc' dir='ltr'>ίο</span> <span class='ocrx_word' id='word_1_936' title='bbox 553 5729 579 5785; x_wconf 87' lang='grc' dir='ltr'>Ι</span> <span class='ocrx_word' id='word_1_937' title='bbox 607 5728 736 5787; x_wconf 82' lang='lat' dir='ltr'><strong>Cor.</strong></span> <span class='ocrx_word' id='word_1_938' title='bbox 764 5744 839 5798; x_wconf 79' lang='lat' dir='ltr'><strong>iv,</strong></span> <span class='ocrx_word' id='word_1_939' title='bbox 874 5732 923 5785; x_wconf 89' lang='grc'>1.</span> <span class='ocrx_word' id='word_1_940' title='bbox 963 5726 1001 5765; x_wconf 75' lang='grc' dir='ltr'>ιί</span> <span class='ocrx_word' id='word_1_941' title='bbox 1037 5726 1217 5785; x_wconf 74' lang='lat' dir='ltr'><strong>ICor.</strong></span> 
     </span>
    </p>
   </div>
  </div>
