4156 6200
394 331 510 394 9η

1488 326 1901 390 CECUMENII
1945 327 2253 390 TRICCE
2295 329 2652 393 EPISCOPI

3765 323 3872 385 928

467 467 804 525 Carnalium
837 478 1072 534 quoque
1103 460 1375 533 quaedam
1407 480 1548 520 sane
1579 465 1882 521 contraria
1903 469 2041 519 sunt

2221 465 2318 519 Καὶ
2349 469 2457 520 τῶν
2489 471 2761 541 σαρκικῶν
2823 462 2899 534 δὲ,
2959 464 3024 520 τὰ
3087 466 3178 538 μὶν
3251 461 3414 519 εἰσιν
3485 455 3723 516 ἐναντία
3777 464 3866 515 τοῦ

399 558 652 630 spiritui,
678 553 945 625 quaedam
975 567 1110 606 vero
1139 568 1256 606 non
1285 559 1424 608 sunt
1445 555 1679 627 spiritui
1705 553 2036 610 contraria:

394 648 512 702 alia
530 651 726 700 autem
753 641 1178 714 prapemodum
1203 649 1340 698 sunt
1363 644 1570 699 eadem
1593 661 1726 700 cum
1764 643 2043 715 spiritua—

388 737 564 791 libus.
589 732 896 788 Contraria
927 730 1190 802 quidem.
1226 732 1403 786 veluti
1437 739 1575 788 sunt
1607 733 1904 804 impietas.
1955 732 2074 804 in-g

385 823 662 890 ﬁdelitas,
697 821 944 884 furtum,
976 819 1358 883 adulterium,
1392 821 1724 876 ac‘similia.
1785 825 2040 878 Rursum

385 913 502 967 alia
527 917 753 966 tantum
789 927 910 964 non
941 916 1081 964 sunt
1138 910 1457 978 contraria,
1516 911 1853 982 cujusmodi
1901 915 2042 966 sunt

385 1001 574 1068 cibus,
608 1016 873 1064 somnus,
895 1000 1108 1072 vigiliae
1128 1017 1194 1055 ac
1220 1000 1459 1056 similia.
1505 1001 1794 1056 Exhibitis
1840 1001 2040 1071 itaque

386 1091 740 1147 diﬂ'erentiis
800 1095 919 1145 tam
975 1089 1374 1160 spiritualium
1435 1107 1612 1161 quam
1684 1091 2038 1158 carnalium,

389 1185 678 1252 quantum
709 1180 1010 1251 pwposito
1044 1178 1388 1233 deserviunt
1421 1195 1432 1232 :
1466 1179 1578 1234 hoc
1611 1179 1789 1234 etiam
1853 1179 2042 1234 consi-

385 1269 594 1325 derare
621 1274 874 1340 oportet,
901 1269 1057 1338 quod
1080 1267 1580 1339 quemadmodum
1628 1275 1788 1324 certe
1849 1269 1920 1324 ab
1948 1269 2040 1324 liis

385 1361 487 1431 qui
521 1360 878 1430 promittunt
909 1375 976 1412 ac
1008 1359 1493 1414 statunnt.multa
1511 1359 1743 1414 exsistit
1765 1359 2043 1414 dili‘eren—

388 1451 486 1513 tiu,
512 1449 592 1504 ita
613 1464 850 1519 quoque
873 1452 932 1500 et
953 1447 1024 1504 ab
1055 1449 1146 1502 bis
1171 1465 1300 1518 quae
1325 1449 1755 1519 promittuntur
1801 1465 1868 1504 ac
1918 1454 2038 1505 sta—

385 1544 634 1614 tuuntur
663 1543 1030 1608 consurgunt
1061 1537 1433 1592 diﬂ'erentim.
1468 1539 1613 1593 Nam
1648 1539 1704 1594 hi
1759 1538 1832 1594 de
1893 1555 2040 1594 uno-

389 1643 624 1700 quoque
659 1626 958 1681 dictorum
989 1627 1406 1698 promittentes
1428 1644 1498 1683 ac
1531 1634 1881 1694 statuentes,
1939 1633 2044 1683 aut

395 1716 722 1774 secundum
748 1733 984 1771 carnem
1009 1723 1112 1771 aut
1142 1717 1468 1773 secundum
1519 1719 1813 1790 spiritum,
1847 1718 2041 1774 consi-

2149 551 2479 626 πνεύματος,
2513 556 2578 612 τὰ
2608 554 2666 612 δὲ
2713 554 2812 611 οὐκ
2871 555 3084 612 ἐναντία
3137 559 3244 610 τοῦ
3317 550 3670 623 πνεύματος
3723 547 3868 625 ἓτερα

2150 638 2206 696 δὶ
2243 643 2408 715 μόνον
2441 645 2530 700 καὶ
2573 645 2710 720 οὐχὶ
2753 645 2820 700 τὰ
2875 643 3010 699 αὐτᾶ
3064 649 3180 705 τοῖς
3257 645 3722 715 πνευματικοῖς.
3757 642 3872 696 Ἐν-

2150 732 2300 786 αντία
2335 733 2453 804 μὲν,
2485 735 2608 790 οἷον
2653 729 2957 798 δυσσέϐεια,
3007 733 3262 800 ἀπιστία,
3301 729 3548 800 κλοπὴ,
3619 731 3869 810 μοιχεία,

2148 821 2238 876 καὶ
2269 824 2335 878 τὰ
2375 821 2564 895 ὅμοια.
2598 826 2794 900 Ἕτερα
2826 821 2884 878 δὲ
2907 823 3070 896 μόνον
3101 823 3190 878 καί
3225 821 3348 878 οὐκ
3417 820 3684 888 ἐναντία,
3743 841 3867 888 τρο-

2147 913 2246 990 φὴ,
2280 911 2447 974 ὕπνος
2479 911 2828 990 ἐγρήγορσις,
2877 913 2966 967 καὶ
3023 913 3088 967 τὰ
3148 914 3363 988 ὃμοια.
3438 905 3868 983 Ἐπιδεδειγμὲ-

2149 1023 2256 1057 νωτ
2286 1003 2462 1058 τοίνυν
2492 1009 2598 1058 τῶν
2635 1001 2906 1082 διαφορῶν
2965 1007 3072 1057 τῶν
3133 1002 3279 1057 κατᾶ
3345 999 3422 1056 τὸ
3491 999 3862 1074 προκείμενον

2145 1092 2282 1153 τὲως
2314 1098 2796 1166 χρησιμευουσῶν,
2845 1096 2951 1147 τῶν
3011 1113 3068 1147 τε
3125 1095 3560 1164 πνευματικῶν
3619 1088 3716 1142 καὶ
3759 1092 3860 1143 τῶν

2151 1185 2442 1252 σαρκικῶν,
2475 1179 2558 1237 δεῖ
2601 1182 2690 1236 καὶ
2747 1186 2910 1237 τοῦτο
2965 1181 3610 1256 προσεπιλογισασθαι,
3649 1176 3734 1232 ὅτι
3767 1177 3872 1232 ὥσ-

2148 1291 2246 1344 περ
2281 1270 2396 1324 οἷον
2429 1272 2534 1327 ὀιπό
2559 1276 2668 1328 τῶν
2701 1269 3049 1349 ἑπαγγελτῶν
3091 1271 3180 1326 καὶ
3245 1269 3618 1346 βουλευτῶν
3679 1263 3860 1334 πολλὴ

2149 1357 2441 1413 ἀνακύπτει
2473 1356 2728 1436 διαφορὰ,
2759 1357 2934 1422 οὕτως
2981 1359 3071 1413 καὶ
3125 1359 3230 1414 ἀπὸ
3299 1361 3434 1412 τῶν
3505 1353 3862 1432 ἐπαγγελλο-

2153 1446 2326 1520 μένων
2355 1451 2441 1503 καὶ
2483 1447 2896 1522 βουλευομένων
2925 1448 3253 1522 ἀνακύψουσι
3308 1445 3636 1527 διαφοραί,
3703 1446 3864 1503 Οὗτοι

2150 1541 2255 1612 γὰρ
2285 1537 2407 1612 περὶ
2461 1539 2572 1599 ἑνὸς
2629 1537 2855 1592 ἑκάστου
2911 1542 3018 1592 τῶν
3081 1537 3414 1612 εἶρημένων
3487 1531 3863 1610 βουλεὸμενοι

2149 1631 2240 1685 καὶ
2317 1630 2806 1707 ἐπαγγελλόμενοι,
2860 1631 2894 1702 ἢ
2955 1632 3092 1686 κατᾶ
3147 1631 3328 1707 σάρκα
3362 1631 3402 1700 ἢ
3447 1628 3606 1684 κατὰ
3658 1631 3866 1698 πνεῦμα

2146 1721 2247 1788 τὴν
2283 1719 2490 1795 βουλὴν
2531 1721 2622 1775 καὶ
2677 1721 2776 1788 τῆν
2832 1720 3155 1796 ἐπαγγελίαν
3217 1721 3618 1790 ποιήσονται.
3689 1714 3854 1773 Ἀλλὶ

395 1807 542 1863 lium
573 1823 642 1860 ac
673 1805 1130 1876 promissionem
1161 1806 1398 1861 facient.
1440 1809 1648 1862 Verum
1671 1807 1744 1863 de
1767 1807 2044 1880 praedica-

2157 1810 2270 1884 περῖ
2306 1809 2397 1882 μὲν
2431 1815 2528 1865 τοῦ
2559 1811 2916 1886 κηρύγματος
2945 1811 2972 1864 ὁ
3007 1807 3224 1871 Παῦλος
3273 1808 3418 1866 οὔτε
3456 1807 3606 1884 βου)
3623 1807 3852 1875 εύσεται,

393 1897 556 1952 tione
581 1895 820 1966 quidem
843 1895 1054 1949 Paulus
1080 1911 1274 1966 neque
1297 1901 1534 1952 statuet.
1559 1913 1753 1967 neque
1789 1897 2045 1968 promis-

394 1987 623 2042 sionem
641 1985 836 2048 faciet,
871 1985 974 2039 sed
991 1991 1216 2040 tantum
1235 1985 1662 2056 prmdicabitac
1689 1985 2051 2042 ministrabit

394 2092 465 2130 eo
497 2075 693 2134 modo.
729 2091 842 2145 quo
875 2081 933 2128 et
963 2080 1302 2146 segregatus
1333 2082 1390 2130 et
1417 2076 1634 2131 missus
1684 2082 1772 2130 est
1804 2093 1817 2130 :
1873 2093 2044 2148 pseu-

399 2164 694 2236 dapostoli
721 2169 940 2232 vero,et
959 2169 1224 2219 statuent
1247 2170 1304 2218 et
1325 2165 1753 2236 promissiones
1798 2165 2045 2222 dabunt.

403 2253 708 2326 Siquidem
740 2259 1153 2325 cauponantur
1181 2260 1239 2308 et
1268 2253 1472 2310 dolose
1507 2259 1761 2310 tractant
1807 2255 2047 2310 verbum

404 2345 528 2400 Dei.
548 2345 726 2398 Porro
743 2342 1066 2413 dehisqum
1086 2349 1422 2414 opportuna
1459 2350 1598 2399 sunt
1625 2344 1921 2412 fidelibus,
1945 2345 2049 2400 sed

404 2451 437 2490 a
459 2434 690 2488 Christo
715 2434 943 2488 sancito.
965 2450 1084 2488 non
1109 2439 1266 2500 sunt,
1298 2451 1428 2504 qum
1480 2439 1538 2488 et
1585 2434 1714 2505 ipsa
1761 2441 1898 2490 sunt
1927 2435 2050 2505 spi-

399 2523 659 2584 ritualia,
685 2527 741 2577 et
765 2527 1057 2578 statuetet
1077 2522 1396 2590 discernet,
1445 2523 1598 2578 sicut
1623 2524 1800 2579 etiam
1835 2523 2050 2595 praedi-

401 2614 618 2670 ximus.
653 2615 724 2668 Et
752 2611 1137 2667 manifestum
1169 2617 1259 2666 est
1289 2611 1448 2684 quod
1478 2629 1546 2667 ex
1581 2613 1691 2668 hoc
1751 2613 1878 2668 solo
1938 2611 2046 2668 du-

399 2703 560 2758 bium
588 2702 844 2757 solutum
863 2707 968 2757 est.
996 2703 1139 2756 Nam
1159 2701 1398 2756 inventa
1444 2707 1585 2758 sunt
1625 2702 1698 2757 de
1747 2703 1962 2774 quibus
1992 2707 2050 2758 et

400 2799 619 2850 statuet
650 2799 708 2847 et
739 2791 1038 2847 discernet
1067 2797 1126 2846 et
1155 2791 1343 2863 legem
1369 2791 1536 2846 feret.
1575 2795 1868 2848 Praeterea
1897 2809 2050 2864 quo-

400 2899 513 2955 que
545 2881 738 2936 adhuc
769 2881 1086 2936 dicendum
1116 2887 1223 2936 est.
1257 2881 1558 2952 Siquidem
1593 2881 1665 2936 de
1710 2882 2048 2938 carnalibus

401 2973 576 3028 etiam
599 2989 727 3042 quae
743 2971 1131 3027 adversantur
1153 2971 1385 3042 spiritui
1429 2971 1714 3027 decernet
1779 2989 1846 3027 ac
1879 2973 2049 3044 spiri-

399 3061 658 3126 tualiter,
691 3078 904 3132 nempe
935 3061 1007 3116 ad
1039 3061 1430 3116 delectionem
1459 3077 1526 3116 ac
1557 3061 1754 3134 fugam
1775 3060 2044 3120 illorum:

397 3150 840 3223 pseudapostoli
873 3166 1007 3205 vero
1041 3150 1386 3216 decernent,
1419 3155 1480 3204 at
1537 3151 1864 3206 secundum
1915 3167 2044 3206 car-

399 3255 558 3308 nem,
583 3241 701 3293 sive
725 3239 994 3310 opposito
1019 3238 1196 3293 modo
1218 3239 1292 3294 ad
1341 3239 1636 3310 spiritum.
1693 3241 1779 3295 Ad
1820 3241 1947 3296 haec
1977 3240 2050 3297 de

397 3327 737 3383 carnalibus
767 3343 896 3396 quae
926 3342 1046 3380 non
1080 3333 1219 3382 sunt
1248 3328 1548 3383 con-traria
1579 3328 1833 3398 spiritui.
1868 3330 2045 3386 etiam

396 3415 617 3471 Paulus
649 3414 721 3468 de
747 3414 840 3468 his
871 3421 1110 3483 statuet,
1155 3417 1257 3470 sed
1289 3418 1550 3487 seipsum
1579 3417 1894 3487 dejiciens,
1945 3419 2048 3475 sed

402 3519 536 3560 cum
569 3501 724 3556 fame
752 3517 818 3556 ac
851 3503 944 3556 siti
981 3519 1283 3572 pugnans:
1333 3511 1390 3558 et
1442 3505 1688 3575 planum
1745 3514 1834 3562 est
1891 3508 2048 3579 quod

402 3591 826 3664 spiritualiter;
855 3593 1217 3648 contrarium
1253 3599 1450 3648 autem
1492 3601 1670 3666 agent
1715 3597 2052 3666 pseudapo-

403 3684 560 3740 stoli.
597 3683 858 3739 Breviter
887 3687 1086 3738 autem
1124 3698 1136 3736 :
1173 3681 1508 3738 Secundum
1541 3698 1780 3739 carnem
1809 3686 2048 3756 quidem

401 3779 468 3831 ut
525 3774 603 3829 sit
657 3772 837 3828 modo
885 3771 1116 3845 spiritui
1149 3771 1466 3827 contrario.
1502 3787 1838 3844 nequaqum
1875 3779 1934 3828 et
1991 3775 2050 3830 in

401 3863 584 3920 nullis
603 3863 818 3920 Paulus
843 3869 1060 3917 statuet
1086 3877 1098 3926 ;
1131 3867 1192 3916 at
1221 3861 1544 3916 secundum
1577 3877 1840 3932 carnem,
1883 3870 1950 3918 ut
1977 3863 2054 3919 sit

403 3955 521 4010 alio
553 3952 728 4006 modo
759 3953 914 4007 604
947 3968 1123 4023 quam
1159 3950 1374 4008 habeat
1415 3953 1718 4008 decretum
1773 3953 2048 4024 Spiritus,

402 4041 751 4110 frequenter
781 4043 988 4094 statuit
1015 4057 1084 4096 ac
1116 4041 1318 4110 voluit,
1351 4047 1410 4097 at
1466 4057 1594 4098 non
1644 4043 1705 4098 in
1765 4043 2052 4116 praedico.-

407 4130 590 4186 tione.
613 4127 806 4183 Absit!
832 4130 944 4184 Nec
969 4129 1028 4184 in
1066 4130 1199 4184 aliis
1235 4131 1665 4202 spiritualibus.
1704 4133 1806 4187 sed
1835 4133 1893 4188 in
1924 4149 2053 4188 car-

407 4217 641 4274 nalibus
674 4234 804 4290 qua)
837 4233 954 4273 non
987 4225 1124 4275 sunt
1180 4220 1414 4290 spiritui
1474 4221 1794 4276 contraria.
1853 4221 2054 4278 Noluit

403 4308 698 4364 verberari
724 4313 782 4362 et
812 4307 1152 4364 verberatus
1185 4316 1272 4364 est
1300 4325 1313 4374 ;
1347 4310 1533 4365 voluit
1583 4310 1656 4366 ad
1715 4310 2052 4368 Corinthios

400 4398 786 4472 proﬁcisci,et
799 4397 1054 4469 prohibit
1067 4415 1132 4452 us
1150 4403 1259 4458 est.
1274 4399 1850 4456 noluitTimotheum
1866 4417 2020 4474 aegro
2035 4431 2048 4440 -

398 4495 521 4544 tare
554 4493 612 4542 et
641 4487 962 4559 aegrotavit,
1009 4488 1246 4560 aliaque
1296 4495 1437 4543 sunt
1495 4489 1828 4546 innumera.
1889 4491 2056 4546 Nunc

2159 1896 2282 1954 οὔτε
2346 1898 2676 1976 ἐπαγγελίαν
2731 1901 3042 1968 ποιήσεται·
3097 1899 3326 1970 κηρύξει
3409 1895 3477 1952 δὲ
3541 1897 3722 1970 μόνον
3775 1895 3866 1949 καὶ

2159 1984 2519 2058 διακονήσει,
2567 1988 2747 2050 καθὼς
2812 1987 2904 2042 καὶ
2963 1988 3259 2066 ἐσώρισται
3321 1987 3428 2042 καὶ
3489 1982 3862 2042 ἀπέσταλται.

2160 2078 2227 2134 Οἱ
2259 2074 2316 2132 δὲ
2341 2074 2797 2152 ψευδαπόστολοι,
2829 2077 2918 2132 καὶ
2977 2075 3378 2152 βουλεύσονται
3447 2075 3550 2131 καὶ
3621 2072 3858 2152 ὑποσχέ-

2161 2187 2270 2228 σεις
2301 2163 2560 2228 δώσουσι,
2593 2167 2690 2220 Καὶ
2747 2167 2852 2240 γὰρ
2911 2163 3134 2222 δολοῦσι
3167 2166 3256 2221 καὶ
3289 2163 3711 2236 καπηλεύουσι
3768 2162 3852 2218 τὸν

2160 2253 2326 2330 λόγον
2357 2261 2454 2310 τοῦ
2489 2257 2705 2331 Κυρίου.
2761 2256 2886 2330 Περὶ
2925 2257 3020 2330 μὲν
3049 2276 3133 2310 τοι
3162 2260 3270 2309 τῶν
3307 2255 3705 2328 αρμοζὸντων
3763 2251 3854 2324 μὲν

2157 2351 2275 2409 τοῖς
2303 2351 2538 2408 πιστοῖς,
2576 2347 2650 2418 μὴ
2700 2346 3172 2419 νομοθετηθέντων
3208 2342 3265 2399 δί
3327 2346 3446 2400 ὑπὸ
3515 2345 3792 2412 Χριστοῦ,
3823 2336 3852 2392 ἃ

2159 2434 2247 2488 καὶ
2279 2434 2414 2489 αὐτὰ
2443 2433 2553 2489 ἐστι
2587 2434 2942 2506 πνευματικὰ,
2974 2434 3065 2488 καὶ
3115 2433 3489 2509 βουλεύσεται
3555 2431 3654 2486 καὶ
3711 2450 3850 2503 γνω-

2162 2523 2433 2597 ματεύσει,
2465 2524 2642 2584 καθὼς
2675 2525 2766 2578 καὶ
2807 2524 3146 2602 προέφημεν.
3201 2522 3298 2576 Καὶ
3359 2519 3552 2590 δῆλον
3613 2519 3704 2574 ὅτι
3759 2517 3846 2572 καὶ

2161 2612 2220 2668 ἐκ
2243 2611 2439 2667 τούτου
2483 2613 2648 2684 μόνου
2677 2613 2740 2667 τὸ
2787 2611 2992 2686 ἄπορον
3054 2609 3300 2667 λέλυται·
3367 2609 3618 2686 εὕρηται
3683 2607 3786 2682 γὰρ
3817 2603 3846 2657 ἃ

2159 2702 2247 2758 καὶ
2308 2701 2659 2777 βουλεύσεται
2712 2702 2802 2756 καὶ
2859 2701 3228 2775 γνωματεύσι,
3288 2702 3382 2755 καὶ
3451 2697 3844 2772 νομοθετήσω

2159 2795 2372 2866 ’”Ομως.
2406 2789 2484 2852 δὲ,
2516 2792 2604 2846 καὶ
2637 2786 2714 2846 ἔτι
2757 2790 2970 2866 ῥητέον·
3006 2791 3128 2864 περὶ
3189 2791 3284 2863 μὶν
3346 2791 3464 2867 γὰρ
3497 2793 3618 2844 τῶν
3663 2805 3838 2858 σαρκι,

2159 2887 2293 2950 κῶν,
2315 2881 2348 2936 ἃ
2385 2882 2474 2937 καὶ
2505 2880 2711 2937 ἐναντία
2743 2880 2853 2936 ἐστὶ
2883 2885 2980 2935 τοῦ
3037 2881 3378 2954 πνούματος,
3439 2877 3836 2954 βουλεύσεται·-

2161 2966 2309 3024 (illi
2337 2973 2736 3041 πνευματικῶς,
2782 2967 2868 3022 ἐπὶ
2929 2965 3200 3042 ἀναιρέσει
3261 2967 3351 3021 καὶ
3418 2969 3577 3043 φυγῇ
3643 2961 3832 3024 αὐτῶν,

2161 3059 2226 3116 Οἱ
2259 3055 2316 3113 δὲ
2345 3056 2778 3131 ψευδαπόστολοι
2805 3055 3218 3124 βουλεύσονται,
3249 3053 3402 3110 ἀλλᾶ
3467 3052 3614 3108 κατὰ
3674 3049 3836 3120 σάρκα

2161 3145 2284 3216 ἦτοι
2333 3147 2717 3218 ἀντικειμένως
2763 3151 2844 3218 τῷ
2899 3144 3184 3218 πνεύματι.
3221 3145 3348 3220 Περὶ
3418 3145 3524 3216 μὲν
3586 3161 3676 3196 τοι
3735 3139 3842 3190 τῶν

2165 3239 2239 3310 μὴ
2275 3234 2528 3292 ἐναντίων
2583 3240 2661 3306 τῷ
2717 3255 2986 3306 πνεύματι
3051 3237 3344 3306 σαρκικῶν,
3401 3231 3502 3288 καὶ
3559 3223 3834 3301 περὶτού-

2156 3348 2264 3382 των
2329 3327 2541 3387 Παῦλος
2615 3323 2990 3400 βουλεύσεται,
3050 3321 3176 3378 ἀλλ’
3234 3321 3562 3390 ὐποπιὲζων
3623 3315 3832 3384 ἑαυτὸν,

2158 3415 2303 3472 ἀλλᾶ
2333 3416 2485 3488 λιμῷ
2515 3415 2603 3469 καὶ
2631 3412 2769 3486 δίψει
2810 3414 3150 3491 μαχόμενος,
3184 3411 3275 3466 καὶ
3309 3408 3503 3479 δῆλον
3555 3409 3642 3463 ὅτι
3671 3423 3824 3460 πνευ-

2163 3510 2428 3577 ματικῶς.
2459 3504 2773 3560 Τούναντίον
2809 3503 2866 3557 δὲ
2899 3503 2949 3557 οἱ
2993 3499 3462 3574 ψευδαπόστολοι.
3527 3495 3822 3554 Συνελὸντι

2160 3593 2236 3648 δὲ·
2270 3595 2405 3648 κατὰ
2438 3595 2606 3668 σάρκα
2667 3594 2785 3666 μὶν,
2839 3592 2952 3646 οῖον
3012 3589 3261 3653 ἐναντίως
3321 3595 3422 3646 τοῦ
3485 3587 3817 3660 πνεύματος,

2159 3681 2402 3755 οὐδαμοῦ
2465 3684 2676 3744 Παῦλος
2741 3679 3114 3758 βουλεύσεται,
3174 3677 3304 3735 οὐδὲ
3361 3675 3414 3734 ἕν
3481 3697 3620 3735 τισι.
3685 3669 3820 3729 lini

2159 3773 2328 3846 σάρκα
2365 3771 2443 3837 δὲ,
2475 3773 2592 3828 οἷον
2635 3772 2831 3846 ἱτέρως
2865 3771 3042 3843 μόνων
3089 3770 3234 3845 παρᾶ
3294 3769 3394 3834 τήν
3455 3771 3558 3823 τοῦ
3589 3761 3818 3832 πνεύμα-

2160 3881 2252 3922 τος
2289 3859 2576 3934 βούλησιν,
2610 3859 2886 3922 πολλάκις
2925 3853 3313 3924 ἐϐουλεύσατο,
3343 3855 3478 3913 ἀλλ’
3513 3855 3616 3911 οὐκ
3661 3851 3710 3906 ἐν
3739 3848 3814 3916 τῷ

2160 3949 2777 4022 κηρ’⁵·ίμἰτι-“Λπαγιι
2839 3949 2956 4006 Οὖκ
2983 3947 3036 4003 ἐν
3097 3953 3212 4009 τοῖς
3261 3943 3460 4009 αλλοις
3522 3956 3808 4011 πνευματι-

2160 4044 2296 4100 κοῖς.
2331 4035 2462 4094 ἀλλ’
2491 4037 2539 4092 ἐν
2571 4042 2686 4100 τοῖς
2739 4039 2814 4108 μή
2848 4035 3106 4099 ἐναντίοις
3162 4035 3258 4090 τοῦ
3314 4035 3638 4111 πνεύματος
3693 4043 3810 4099 σπρο

2159 4133 2355 4185 κικοῖς.
2391 4126 2506 4186 Ούκ
2560 4123 2726 4195 ἤθελε
2751 4125 3062 4194 τύπτεσθαι,
3111 4125 3202 4180 καὶ
3257 4124 3539 4182 ἐτύπτετο.
3619 4113 3805 4175 Ἀπελ-

2163 4224 2270 4282 οεῖν
2303 4216 2488 4287 ἤθελε,
2545 4215 2635 4270 καὶ
2695 4213 2962 4272 ἐκωλύετο
3045 4215 3161 4274 Ούκ
3210 4213 3400 4284 ἤθελεν
3459 4213 3689 4276 ἆσθειεῖν
3719 4202 3800 4260 Τί·-

2166 4308 2382 4382 μὸοεον,
2412 4306 2500 4360 καὶ
2549 4306 2778 4374 ἡσθένει,
2829 4305 2919 4360 καὶ
2975 4305 3138 4381 μυρία
3182 4301 3350 4360 ἄλλα.
3405 4305 3586 4359 Αὐτὸς
3641 4295 3696 4351 δὲ
3723 4295 3805 4346 νῦν

2161 4399 2246 4470 τὸ,
2277 4397 2412 4452 κατὰ
2461 4395 2652 4470 σάρκα,
2711 4394 2828 4449 ἀντὶ
2885 4399 2984 4450 τοῦ
3037 4392 3416 4464 αὐτεξουσίως,
3479 4379 3797 4448 αὐτοόεσπό-

2160 4510 2306 4552 τως,
2364 4484 2802 4544 αὑτοκελεύστως
2841 4481 3090 4560 ἐξειληφε
3122 4525 3136 4538 .
3190 4483 3393 4538 Σκόπει
3447 4479 3506 4538 Si
3569 4477 3792 4534 κάκεῖνο.

398 4585 596 4634 autem
618 4575 754 4630 κατὰ
785 4575 974 4650 σάρκα.
1009 4577 1065 4632 id
1090 4583 1196 4634 est.
1250 4577 1580 4632 secundum
1641 4595 1906 4646 carnem,
1949 4597 2047 4635 ac-

2157 4579 2213 4633 Τί
2245 4577 2374 4644 οῦν;
2419 4575 2446 4629 ὁ
2480 4572 2694 4635 Παῦλος
2731 4573 3190 4648 ὑπισχνούμενος,
3225 4570 3286 4626 οὗ
3320 4571 3452 4644 μετᾶ
3504 4577 3601 4639 τῆς
3657 4563 3790 4651 ἐνερτ

398 4669 554 4740 cepit
585 4685 689 4739 pro
723 4683 791 4722 eo
823 4666 980 4739 quod
1012 4672 1098 4721 est
1133 4666 1321 4721 libero
1345 4666 1611 4728 arbitrio,
1649 4669 1888 4740 propria
1943 4685 2046 4724 au-

397 4757 687 4814 ctoritate.
714 4756 952 4827 proprio
974 4755 1586 4827 jussu.Verumillud
1637 4757 1814 4812 etiam
1857 4757 2048 4814 consi-

400 4846 554 4902 dera.
576 4845 724 4908 Quid
744 4845 919 4916 ergo?
949 4844 1164 4900 Paulus
1209 4845 1350 4900 dum
1395 4845 1790 4915 promitteret,
1825 4863 1948 4901 non
1979 4863 2051 4902 ex

398 4933 740 5006 operatione
763 4932 1016 5002 Spiritus
1039 4933 1554 5002 promittebat,sed
1577 4933 1856 5005 ignorans
1905 4949 2049 4988 num

395 5022 804 5093 completurus
817 5028 974 5076 esset
991 5037 1058 5076 ea
1072 5039 1201 5093 quae
1218 5039 1358 5094 pro”
1381 5023 1876 5079 iltebat‘BDicinms
1895 5023 2053 5094 quod

399 5109 1103 5183 nonomniapraavidebat
1119 5113 1456 5182 Apostolus,
1484 5113 1618 5170 ideo
1636 5113 1812 5169 etiam
1831 5131 1934 5186 pro
1959 5113 2051 5169 his

399 5209 820 5279 peccatur-qum
837 5203 1314 5272 nouexpedinnt,
1341 5205 1494 5259 sicut
1535 5204 1608 5259 de
1647 5205 1888 5260 stimulo
1921 5221 2056 5260 car-

403 5291 1078 5360 nissuaa”;etrursum:
1113 5293 1231 5348 Hoc
1253 5293 1412 5348 enim
1455 5293 1597 5364 quid
1639 5301 1913 5350 oraturus
1941 5295 2053 5348 sim

401 5385 930 5455 sicutoportetnon
945 5381 1078 5436 novi
1117 5381 1160 5417 η
1197 5381 1482 5452 .ltemque
1517 5383 1576 5437 in
1598 5384 1757 5440 Actis
1795 5383 1840 5420 ³³
1861 5391 2054 5439 osten-

479 5615 528 5652 η
557 5617 603 5671 ll
635 5615 744 5674 Cor
795 5621 896 5674 ni.
928 5614 984 5670 7.
1020 5613 1084 5649 ¹²⁸
1121 5614 1284 5668 Rom.
1325 5628 1440 5676 vui,
1477 5613 1564 5666 26.
1599 5611 1643 5647 '3
1675 5613 1798 5667 Act.
1835 5629 1947 5680 xvx,
1987 5617 2044 5668 7.

2158 4667 2306 4742 γείας
2363 4669 2460 4721 τοῦ
2540 4663 2848 4736 Πνεύματος
2909 4662 3248 4736 ὑπισχνεῖτο,
3309 4659 3436 4715 ἀλλ’
3494 4652 3695 4733 ἀγνοῶν
3749 4646 3790 4702 εἶ

2159 4755 2442 4832 πληρώσει
2475 4754 2568 4814 τὰς
2605 4751 2926 4827 ὑποσχέσεις
2961 4769 2975 4820 ;
3009 4752 3196 4822 Φαμὲν
3223 4750 3306 4806 ὅτι
3339 4751 3402 4806 οῦ
3450 4750 3621 4806 πάντα
3668 4759 3782 4816 προ-

2157 4845 2278 4923 ῄδει
2311 4846 2339 4899 ὁ
2371 4840 2730 4904 Ἀπὸστολος.
2761 4843 3065 4914 Τοιγαροῦν
3096 4841 3186 4895 καὶ
3244 4838 3465 4914 εὔχεται
3497 4837 3786 4913 ἀσύμφορα.

2162 4919 2236 4999 ὧς
2267 4936 2356 4992 ἐπὶ
2393 4939 2494 4989 τοῦ
2543 4931 2817 4996 σκόλοπος
2845 4939 2944 5001 τῆς
2976 4931 3141 4986 αὐτοῦ
3191 4929 3408 5006 σαρκός.
3469 4929 3568 4984 Καὶ
3616 4919 3782 5006 πάλιν·

2161 5026 2231 5082 Τὸ
2261 5025 2382 5099 γὰρ,
2417 5023 2465 5080 τί
2497 5023 2864 5093 προσεύξομαι
2904 5021 2966 5076 τὸ
2997 5021 3126 5076 καθὸ
3185 5016 3288 5088 δεῖ,
3346 5019 3446 5074 οὐκ
3501 5015 3638 5075 οἴδα.
3693 5005 3780 5099 Κξῖ

2163 5113 2216 5169 ἐν
2269 5119 2388 5174 ταῖς
2442 5111 2666 5184 υράξεσι
2727 5107 2783 5165 δὲ
2841 5106 3110 5163 δείκνυται
3159 5107 3412 5170 ἀπελθεῖν
3467 5091 3778 5184 βουλόμενᾷς

2163 5225 2268 5259 που
2300 5202 2388 5257 καῖ
2421 5200 2772 5273 κωλυόμενος
2835 5199 2936 5254 ὑπὸ
2995 5201 3089 5252 τοῦ
3145 5197 3476 5269 Πνεύματος.
3529 5195 3691 5252 Τοῦτο
3733 5181 3780 5238 δὲ

2165 5291 2552 5367 συμφερόντως
2595 5288 2826 5363 ἒγίνετο,
2875 5285 2971 5341 ’ίνα
3033 5287 3108 5359 μή
3139 5307 3280 5347 τινες
3343 5286 3556 5359 μείζους
3609 5273 3780 5378 admits

2168 5374 2490 5435 ὑπολάϐωσι
2546 5385 2645 5447 τῆς
2706 5375 3048 5452 ἀνθρωπίνης
3107 5375 3336 5454 φύσεως·
3399 5375 3502 5432 Καὶ
3567 5373 3658 5452 γαρ
3703 5373 3780 5418 καί

3733 5961 3838 6025 ..ἱΐέ
3853 6015 3858 6024 .
