4156 6200
370 351 490 411 929

1325 352 1737 416 OOMMENT.
1786 353 1864 413 IN
1912 348 2155 414 EPIST.
2202 352 2255 415 ΙΙ
2300 354 2404 416 AD
2447 354 2821 419 CORINTH.

3668 367 3789 429 930

358 483 845 561 ἀποτυγχάνουσιν
873 481 1058 547 αύτοῖς
1096 482 1373 550 πολλάκις
1422 484 1566 541 θύειν
1619 479 1917 542 ἐϐούλοντο
1948 485 2022 548 ὡς

2144 486 2301 544 ditur
2323 491 2602 546 statuisse
2620 490 2823 563 aliquo
2842 490 3227 562 proﬁcisci,et
3246 492 3577 564 prohibitus
3607 498 3789 558 fuisse

365 574 508 634 θεοῖς
542 570 592 626 ἐν
626 581 666 627 .\
679 573 925 645 num-fa.

2144 595 2177 633 a
2195 580 2503 652 Spiritqu
2522 591 2723 639 autem
2749 584 2978 640 utiliter
2998 585 3396 659 contingebat,
3430 604 3503 643 ne
3536 591 3636 661 qui
3697 610 3792 649 su-

370 680 477 736 pra
509 664 769 719 humana
800 672 1078 720 naturam
1112 664 1269 737 ipsos
1301 681 1430 722 esse
1462 666 1925 739 suspicarentur.
1960 665 2263 739 Siquidem
2297 672 2407 727 hoc
2439 673 2616 728 etiam
2650 674 2826 729 modo
2883 675 3228 746 frequenter
3284 676 3404 731 illis
3462 680 3677 735 accidit
3728 695 3793 749 ut

364 754 513 825 ipsis
548 760 831 825 tanquam
860 754 973 810 diis
1005 754 1337 811 sacrificare
1368 757 1607 819 vellent,
1641 756 2145 827 quemadmodum
2181 759 2240 813 in
2276 760 2569 831 Lycaonia
2603 761 2665 816 ".

442 844 639 905 ῦιστὸς
670 841 783 897 ὂὲὸ
837 844 988 912 Θεὸς,
1064 841 1147 898 ὅτι
1224 844 1252 898 6
1329 841 1496 921 λόγος
1572 845 1733 917 ἡμῶν
1807 844 1835 898 6
1887 843 2021 917 πρὸς

373 929 535 1003 ὑμᾶς,
592 930 693 986 οὐκ
754 930 960 1008 ἐγένετο
1014 931 1122 988 Ναὶ
1170 932 1261 987 καὶ
1317 929 1417 987 (lii.
1473 937 1529 986 '0
1583 932 1683 1008 γὰρ
1740 936 1839 987 τοῦ
1895 934 2032 986 Ωεοῦ

2208 849 2233 902 I
2292 851 2468 905 18-20.
2501 852 2704 909 Fidelis
2732 859 2914 908 autem
2972 855 3109 910 Deus
3161 855 3311 925 quod
3360 872 3535 912 sermo
3599 866 3785 913 noster

2140 954 2273 1007 erga
2306 955 2421 1009 tos,
2453 957 2563 996 non
2617 945 2730 1011 fuit
2758 944 2943 997 Etiam
2999 949 3049 997 et
3104 946 3243 999 Non.
3305 946 3443 1000 Nam
3497 946 3601 1001 Dei
3635 947 3783 1016 ﬁlius

368 1018 493 1081 Υἱὸς
577 1019 789 1090 Ἰησοῦς
873 1021 1127 1095 Χριστὸς,
1188 1022 1216 1077 ὁ
1274 1019 1325 1078 iv
1392 1021 1518 1094 ὑμῖν
1590 1020 1680 1076 καὶ
1734 1017 1804 1076 δι’
1866 1023 2027 1095 ἡμῶν

2144 1028 2288 1083 Iesus
2319 1029 2560 1086 Christus
2588 1034 2686 1102 qui
2719 1033 2865 1086 inter
2891 1048 2985 1087 vos
3008 1049 3112 1103 per
3140 1049 3239 1089 nos
3290 1036 3637 1104 pra'dic..tus
3680 1044 3781 1101 est,

367 1109 670 1185 κηρυχθεὶς
728 1106 802 1164 δι’
854 1107 990 1184 ἐμοῦ
1046 1109 1135 1165 καὶ
1195 1109 1497 1166 Σιλουανοῦ
1578 1110 1668 1166 καὶ
1727 1108 2023 1185 Τιμοίλέου,

380 1198 479 1255 οὐκ
508 1196 721 1277 ἐγένετο
754 1199 855 1255 Ναὶ
904 1200 992 1254 καί
1053 1196 1156 1268 Οὔ,
1204 1196 1354 1257 ἀλλὰ
1408 1201 1514 1256 l\ai
1563 1198 1616 1256 iv
1670 1199 1819 1273 αὗτῷ
1869 1198 2029 1278 γέγο-

368 1309 474 1345 νεν.
504 1289 665 1347 ’Ὸσαι
725 1288 829 1364 γὰρ
886 1288 1202 1366 ἐπαγγελίαι
1262 1288 1417 1358 Θεοῦ,
1473 1289 1526 1346 iv
1585 1290 1731 1363 αὐτῷ
1784 1289 1846 1345 τὸ
1899 1290 2029 1357 Nai,

364 1377 455 1434 καὶ
509 1376 565 1433 iv
621 1377 770 1451 αὐτῷ
824 1378 887 1434 τὸ
945 1380 1156 1453 ³Δμὴν,
1207 1384 1289 1453 τῷ
1342 1380 1461 1454 Θεῷ
1518 1379 1658 1457 πρὸς
1742 1377 1900 1450 δόξαν
1957 1376 2027 1434 δι’

368 1468 550 1541 ἡμῶη

439 1617 878 1675 Ἀνακύπτουσαν
926 1619 1192 1676 ἀντίθεσιν
1228 1618 1372 1680 λύει.
1426 1620 1497 1679 Ei
1549 1620 1789 1699 ἀγνοεῖς,
1842 1618 2027 1695 ῳησὶν,

2136 1134 2327 1189 nempe
2348 1136 2454 1190 per
2480 1136 2565 1175 me
2602 1127 2655 1175 et
2680 1122 2963 1177 Silvanum
2994 1138 3057 1177 ac
3089 1123 3448 1193 Timotheum,
3503 1141 3614 1180 non
3668 1126 3781 1195 fuit

2140 1206 2320 1261 Etiam
2349 1213 2400 1262 et
2428 1210 2568 1276 Non,
2597 1209 2693 1264 sed
2725 1209 2907 1264 Etiam
2929 1227 3034 1281 per
3091 1212 3271 1280 ipsum
3320 1213 3452 1280 fuit.
3505 1213 3788 1283 Quotquot

2137 1297 2283 1350 enim
2311 1304 2440 1352 sunt
2459 1299 2849 1368 promissiones
2878 1300 2998 1367 Dei,
3022 1316 3129 1369 per
3163 1301 3344 1370 ipsum
3394 1307 3522 1356 sunt
3579 1302 3782 1370 Etiam,

2137 1391 2190 1439 et
2211 1401 2316 1455 per
2344 1388 2523 1458 ipsum
2552 1391 2750 1458 Amen,
2780 1389 2890 1444 Deo
2918 1388 2993 1443 ad
3026 1389 3266 1459 gloriam
3291 1406 3397 1460 per
3419 1406 3537 1447 nos.

2210 1624 2619 1696 Emergentem
2651 1625 2823 1680 solvit
2853 1625 3273 1697 objectionem.
3300 1627 3356 1681 Si
3400 1627 3659 1701 ignoras.
3693 1630 3784 1684 di—

375 1707 422 1763 εἱ
453 1706 598 1763 ἔσται
630 1705 666 1763 ἄ
706 1707 1008 1785 ἐπηγγέλη,
1065 1712 1156 1765 καὶ
1209 1708 1489 1769 πολλάκις
1550 1709 1731 1787 λὲγεις
1789 1709 1841 1766 ἐν
1897 1711 2027 1784 πρα-

2144 1718 2304 1767 ceret
2321 1712 2560 1784 aliquis,
2583 1730 2657 1770 an
2680 1721 2854 1770 erunt
2875 1731 3005 1785 qua)
3027 1717 3325 1788 promissa
3373 1723 3532 1783 sunt,
3581 1724 3638 1774 et
3666 1719 3783 1774 fre-

366 1817 537 1872 γματι
569 1823 595 1849 ‹‹
626 1798 752 1867 Nai,
785 1821 811 1853 ι
846 1798 936 1854 καὶ
986 1799 1293 1875 εὑρίσκεται
1351 1826 1372 1851 ι
1438 1800 1540 1872 Οῦ,
1606 1825 1635 1852 ››
1701 1797 2019 1872 δεδοίκαμεν

368 1889 443 1958 μή
478 1908 594 1950 πως
624 1886 715 1942 καὶ
739 1888 766 1942 6
799 1885 968 1962 λόγος
1008 1910 1127 1956 σου,
1156 1887 1431 1945 τουτέστιν
1466 1890 1494 1945 ὁ
1540 1889 1839 1966 κηρυχθεὶς
1886 1891 2020 1963 ἡμῖν

363 1977 487 2052 περὶ
519 1983 623 2046 τῆς
653 1976 916 2044 πίστεως,
945 2002 973 2029 ι(
1003 1978 1109 2037 Ναὶ
1146 2003 1174 2030 ι)
1214 1980 1304 2034 καὶ
1366 2004 1393 2032 ‹‹
1454 1976 1531 2037 Οὸ
1562 2005 1587 2033 ιι
1741 1978 1832 2034 καί
1863 1996 2018 2058 φησιο

360 2068 437 2123 Τὸ
473 2066 566 2140 μὶν
598 2064 1019 2144 ἐπαγγείλασθαι
1051 2067 1248 2137 ἐλθεῖν,
1308 2067 1438 2144 ἐμὸν
1492 2070 1587 2139 ἦν,
1650 2066 1735 2124 διὸ
1794 2068 1883 2123 καὶ
1915 2069 2021 2124 ἁπ-

364 2154 544 2235 ἑτυχε·
580 2157 643 2212 τὸ
675 2153 731 2211 δὲ
761 2158 1017 2233 κήρυγμα
1046 2161 1145 2213 τοῦ
1193 2162 1328 2213 Θεοῦ
1382 2157 1515 2227 ἐστι,
1575 2158 1667 2214 καὶ
1727 2158 1828 2214 οὐκ
1885 2159 2019 2213 ἁπο-

362 2245 624 2315 τεύξεται.
658 2246 916 2307 «Πιστὸς
949 2249 1075 2324 γὰρ,
1122 2248 1303 2325 φησὶν,
1360 2249 1388 2303 6
1447 2247 1601 2317 Θεὸς,
1653 2272 1683 2300 ››
1742 2247 2021 2303 τουτέστιν

364 2334 600 2407 ἀληθής.
633 2361 660 2388 (ι
692 2337 815 2394 "Oti
846 2337 874 2392 6
908 2336 1081 2415 λόγος
1112 2340 1296 2412 ἡμῶν.
1334 2363 1361 2389 υ
1423 2338 1518 2396 Καὶ
1578 2338 1704 2414 γὰρ,
1745 2338 1931 2416 φησὶν,
1991 2337 2020 2392 6

362 2423 533 2501 λόγος
560 2426 648 2480 καὶ
681 2425 745 2481 τὸ
773 2430 1033 2503 κήρυγμα
1063 2430 1245 2501 ἡμῶν,
1283 2427 1346 2483 οὐ
1378 2428 1563 2504 γὲγονε
1619 2430 1724 2485 Nai
1772 2427 1863 2482 καὶ
1917 2424 2021 2498 Οὔ,

370 2512 518 2570 ἀλλὰ
562 2517 661 2570 Nai
713 2514 859 2571 ἔσται
917 2518 1011 2572 καὶ
1066 2517 1190 2576 Ναί.
1270 2518 1367 2573 Διὰ
1413 2523 1576 2574 τοῦτο
1632 2517 1737 2594 γὰρ
1783 2516 2017 2588 άληθὴς⁶

367 2601 559 2676 ἰπειδή
592 2603 653 2660 οὗ
681 2604 867 2681 γέγονε
892 2607 997 2661 Nai
1029 2608 1117 2663 καὶ
1152 2605 1247 2666 Οὔ.
1272 2608 1375 2666 Καὶ
1403 2607 1596 2665 λοιπὸν
1659 2609 1808 2684 λέγει
1862 2613 2022 2671 ποῖος

368 2690 537 2769 λόγος
567 2694 628 2749 οὐ
659 2697 852 2771 γέγονε
882 2696 982 2751 Ναὶ
1013 2697 1102 2751 καὶ
1135 2694 1235 2756 Οὔ.
1270 2696 1415 2754 ἀλλᾶ
1444 2696 1743 2761 ἀσάλευτος
1791 2697 2019 2772 ἔμεινεν.

377 2808 402 2837 α
436 2785 498 2841 ὐ
526 2783 628 2859 γὰρ
659 2784 783 2847 Υἱὸς
808 2789 905 2841 τοῦ
938 2790 1096 2851 Θεοῦ,
1127 2788 1308 2862 φησὶν,
1346 2789 1375 2843 6
1405 2785 1457 2843 ἐν
1517 2789 1642 2862 ὑμῖν
1698 2785 2018 2863 κηρυχοεθς,

368 2874 436 2931 οὖ
478 2876 670 2952 γέγονε
725 2876 828 2932 Ναὶ
876 2875 969 2931 καὶ
1029 2874 1127 2934 Οὕο
1191 2902 1220 2930 »ι
1279 2878 1575 2947 τουτέστιν,
1638 2878 1699 2935 οὐ
1774 2883 1865 2934 νῦν
1923 2877 2021 2951 μὶν

372 2959 628 3031 τοιῶσδε,
659 2960 857 3019 ἂκλοτε
888 2961 945 3019 δὲ
972 2963 1206 3021 τοιῶσδε
1235 2969 1586 3043 κεκήρυκται,
1618 2990 1650 3024 α
1687 2966 1863 3026 Ἀλλᾶ
1919 2967 2020 3022 Nai

372 3052 424 3110 iv
446 3053 616 3127 αὐτῷ,
650 3079 670 3105 ι
705 3052 978 3110 τουτέστιν
1002 3054 1424 3132 ἆπαρασάλευτα
1453 3058 1521 3114 τὰ
1576 3057 1652 3120 εἷς
1706 3057 1866 3112 αὐτὸν
1925 3056 2017 3114 τὸν

369 3142 615 3218 Χριστὸν
644 3143 989 3220 κυρηχθέντα
1016 3146 1326 3221 γεγένηται.
1363 3147 1459 3201 Διὰ
1486 3150 1648 3202 τοῦτο
1677 3144 1734 3201 δὲ
1762 3147 1824 3201 τὸ
1870 3145 2020 3213 πλῆ-

376 3232 467 3295 θος
497 3236 607 3287 τῶν
665 3233 1013 3306 κυρηξάντων
1065 3233 1375 3310 καταλέγει·
1440 3260 1460 3286 ι
1521 3236 1598 3290 Δι’
1653 3236 1812 3310 ἐμοῦ,
1861 3235 2017 3311 φησὶ,

372 3321 463 3376 καὶ
500 3318 808 3377 Σιλουανοῦ
837 3322 929 3378 καὶ
958 3324 1246 3397 Τιμοθέου,
1282 3323 1409 3380 »καὶ
1429 3321 1615 3395 πάλιν,
1650 3348 1677 3378 ι(
1711 3321 2021 3399 δι’ἠμῶν,››

371 3410 451 3477 εἷς
504 3406 745 3480 πλῆθος,
800 3410 968 3486 ταύτῃ
1025 3417 1198 3467 ποιῶν
1254 3412 1564 3483 ἀξιόπιστον
1605 3412 1667 3470 τὰ
1738 3415 2023 3489 κήρυγμα,

369 3498 459 3555 καὶ
498 3503 1001 3579 ταπεινοφροσύνην
1056 3500 1514 3577 ἐπιδεικνύμενος,
1578 3504 1663 3560 5'13
1720 3504 1845 3567 τοὺς
1903 3505 2022 3560 ἑαυ-

374 3592 471 3644 τοῦ
507 3589 775 3663 μαθητὰς,
798 3591 889 3647 τὸν
920 3592 1193 3665 Τιμόθεον
1224 3591 1316 3647 καὶ
1371 3589 1699 3664 Σιλουανὸν,
1734 3593 2028 3656 κοινωνοὺς

374 3682 473 3735 τοῦ
503 3678 860 3756 κηρύγματος
894 3680 1173 3756 ὀνομάζει.
1210 3705 1238 3734 ‹‹
1298 3678 1479 3738 Ἀλλᾶ
1524 3681 1628 3740 Ναὶ
1685 3682 1737 3739 iv
1795 3682 1963 3756 αὐτῷ.
1998 3707 2027 3735 ››

376 3801 445 3812 -
504 3770 880 3843 [ΙΩΑΝΝΟΥ.]
928 3770 1045 3828 Ούκ
1091 3769 1376 3846 ἀνέτρεψα,
1433 3771 1619 3851 φησὶν,
1680 3775 1713 3828 ἄ
1765 3772 2027 3850 πρότερον

374 3858 527 3915 εἶπον
560 3855 611 3912 iv
644 3862 723 3931 τῷ
751 3857 1083 3935 κηρύγματι.
1126 3857 1273 3917 υῦδὶ
1331 3865 1425 3915 νῦν
1480 3861 1576 3935 μὶν
1606 3865 1792 3931 τοῦτο,
1823 3866 1913 3917 νῦν
1975 3858 2033 3917 6i

385 3945 528 4004 ἃλλο
560 3945 854 4023 διελέχθην
887 3948 1035 4022 ὑμῖν.
1075 3952 1251 4009 Τοῦτο
1307 3952 1408 4027 γὰρ
1471 3950 1570 4007 οὐκ
1607 3948 1719 4007 ἔστι
1777 3951 2031 4020 πίστεως,

380 4035 528 4093 ἀλλὰ
558 4034 984 4112 πεπλανημένης
1034 4035 1295 4105 διανοίας.
1361 4064 1390 4094 ‹‹
1442 4039 1620 4099 Ἀλλᾶ
1672 4041 1779 4098 Nai
1835 4042 1925 4097 καὶ
1982 4040 2034 4098 iv

378 4126 527 4199 αὖτῷ
582 4128 790 4202 γέγονε,
852 4151 881 4180 ››
941 4128 1246 4201 τουτέστιν,
1304 4131 1438 4205 ’ὀπερ
1521 4130 1696 4204 εἷπον,
1750 4131 2035 4207 ἆπαρασά-

381 4213 571 4272 λευτον
594 4216 685 4271 καὶ
733 4211 955 4292 βεϐαιον
1015 4220 1185 4292 μένει.
1244 4244 1270 4271 ι(
1330 4222 1490 4277 Ὅσαι
1552 4219 1655 4297 γὰρ
1714 4218 2038 4295 ἐπαγγελίαι

385 4311 541 4363 Θεοῦ.
578 4329 605 4358 υ
636 4308 728 4363 ’Ev
756 4310 836 4381 τῷ
865 4308 1205 4384 κηρύγματι,
1238 4306 1425 4364 πολλά
1470 4307 1582 4363 ἐστι
1648 4309 1716 4364 τὰ
1773 4307 2037 4385 ἐπαγγελ-

382 4392 613 4468 λόμενα·
676 4395 965 4460 ἀνάστασις
1023 4402 1254 4472 νεκρῶν,
1312 4396 1554 4453 υἱοθεσία
1587 4442 1602 4467 ,
1671 4396 1888 4461 ἰλπῖδες
1942 4401 2040 4453 τοῦ

2138 1808 2392 1872 quenter
2422 1804 2482 1858 in
2514 1821 2576 1859 re
2609 1804 2811 1876 aliqua
2831 1805 2981 1861 dicis
3003 1823 3029 1852 (ι
3051 1808 3263 1875 Etiam,
3300 1830 3327 1857 ››
3374 1812 3434 1862 et
3489 1810 3787 1880 reperitur

2144 1910 2164 1938 α
2197 1891 2346 1959 Non,
2377 1913 2406 1941 »
2436 1908 2709 1948 veremur
2738 1910 2813 1950 ne
2846 1912 2961 1966 quo
2991 1895 3167 1950 modo
3199 1912 3395 1951 sermo
3418 1897 3599 1953 etiam
3625 1903 3782 1964 tuus,

2139 1980 2370 2048 hocest,
2406 1983 2591 2054 qui.le
2610 1983 2723 2040 ﬁde
2739 1983 2909 2039 nobis
2923 1984 3280 2056 praedicatus
3300 1990 3387 2041 est
3420 1985 3518 2055 ,sit
3543 2009 3569 2037 «
3593 1987 3782 2042 Etiam

2136 2071 2204 2123 Et
2227 2087 2386 2137 non;
2420 2095 2444 2118 υ
2477 2071 2609 2127 ideo
2640 2073 2724 2127 ait
2757 2090 2770 2127 :
2803 2074 2956 2129 Sane
2987 2073 3147 2144 quod
3180 2090 3272 2129 me
3304 2080 3617 2130 venturum
3653 2075 3778 2132 fuc-

2134 2159 2247 2214 rim
2276 2160 2599 2230 pollicitus,
2633 2178 2833 2217 meum
2865 2168 3010 2218 erat.
3056 2162 3193 2218 Ideo
3252 2179 3489 2234 quoque
3543 2164 3781 2220 irritum

2136 2248 2276 2302 fuit:
2303 2248 2643 2320 praedicatio
2666 2268 2801 2305 vero
2829 2252 2927 2306 Dei
2948 2257 3055 2319 est,
3093 2268 3205 2307 nec
3255 2252 3425 2308 irrita
3470 2252 3602 2307 erit.
3634 2254 3781 2308 Nam

2136 2360 2163 2387 ‹‹
2196 2337 2438 2406 Fidelis,
2471 2339 2683 2410 inquit,
2708 2341 2883 2402 Deus.
2917 2363 2945 2391 »
3002 2341 3062 2396 id
3119 2348 3230 2407 est,
3299 2358 3496 2399 verax.
3564 2364 3587 2394 ο
3622 2343 3788 2409 Quod

2135 2443 2332 2483 sermo
2364 2434 2587 2483 noster.
2620 2449 2649 2478 »
2683 2428 2989 2501 Siquidem
3020 2446 3240 2499 sermo,
3272 2431 3377 2488 ait.
3402 2437 3461 2487 et
3498 2433 3784 2505 praedica-

2137 2515 2239 2584 tio,
2265 2522 2470 2572 nostra
2498 2533 2618 2572 non
2650 2517 2780 2581 fuit.
2812 2519 3002 2574 Etiam
3032 2525 3092 2574 et
3118 2520 3267 2587 Non,
3300 2520 3404 2576 sed
3434 2520 3624 2576 Etiam
3673 2520 3788 2576 erit

2135 2610 2193 2660 et
2221 2604 2434 2661 Etiam.
2489 2609 2632 2663 Nam
2692 2614 3006 2680 propterea
3060 2625 3251 2677 verax,
3313 2625 3431 2680 qua
3485 2626 3607 2664 non
3647 2609 3780 2677 fuit,

2132 2694 2321 2750 Etiam
2343 2701 2402 2750 et
2422 2697 2567 2753 Non.
2592 2697 2816 2753 Deinde
2837 2714 3073 2769 quoque
3097 2698 3243 2753 dicit
3264 2698 3397 2769 quis
3433 2715 3628 2754 sermo
3661 2716 3783 2754 non

2134 2784 2313 2839 fuerit
2332 2785 2521 2840 Etiam
2545 2792 2603 2841 et
2623 2786 2883 2845 Non.sed
2923 2787 3315 2842 inconcussus
3362 2788 3780 2858 permanserit.

2134 2896 2161 2924 ‹‹
2192 2875 2338 2929 Nam
2367 2874 2470 2930 Dei
2501 2875 2705 2933 Filius.
2739 2875 2952 2947 inquit.
2979 2876 3080 2947 qui
3114 2877 3270 2930 inter
3298 2892 3396 2931 vos
3427 2876 3784 2947 praedicatus

2136 2970 2244 3029 est,
2268 2965 2420 3022 605
2446 2982 2564 3020 non
2589 2965 2699 3020 fuit
2720 2966 2908 3021 Etiam
2941 2972 3000 3021 et
3026 2967 3155 3021 Non
3188 2985 3203 3033 ;
3240 2988 3268 3016 ››
3327 2966 3439 3022 hoc
3497 2973 3606 3036 est,
3658 2983 3780 3023 non

2131 3068 2291 3106 nunc
2314 3051 2553 3122 quidem
2579 3052 2915 3121 taliter,alio
2930 3069 3069 3109 vero
3086 3060 3200 3109 tem
3212 3070 3352 3127 pore
3368 3055 3566 3111 taliter
3578 3055 3785 3128 prendi-

2133 3148 2300 3198 catus
2330 3149 2439 3199 est.
2460 3167 2487 3192 ‹‹
2511 3142 2624 3199 Sed
2639 3143 2826 3199 Etiam
2847 3144 3215 3216 peripsum.»
3232 3146 3350 3202 Hoc
3366 3152 3477 3211 est,
3512 3146 3630 3203 lixa
3646 3151 3786 3202 sunt

2136 3237 2195 3287 et
2223 3232 2577 3288 inconcussa
2604 3249 2735 3304 qua)
2767 3232 3087 3306 praedicata
3116 3234 3378 3304 fuerunt,
3412 3235 3691 3291 ducentia
3708 3234 3784 3290 ad

2134 3320 2331 3392 ipsum
2345 3321 2664 3377 Christum.
2690 3323 3009 3394 Propterea
3022 3329 3219 3379 autem
3235 3341 3440 3379 eorum
3458 3323 3794 3381 multitudi-

2136 3426 2271 3467 nem
2306 3416 2577 3466 recenset
2606 3410 2707 3481 qui
2740 3410 3162 3482 praadicarunt,
3219 3412 3462 3468 dicens:
3520 3414 3634 3469 Per
3690 3428 3787 3468 me

2138 3506 2197 3554 et
2222 3499 2524 3555 Silvanum
2553 3516 2621 3555 ac
2650 3498 3064 3567 Timotheum;
3100 3523 3127 3550 »
3188 3518 3549 3574 rursumque
3603 3501 3790 3557 colle—

2139 3588 2303 3653 ctim,
2336 3611 2364 3638 «
2397 3589 2509 3643 Per
2535 3604 2666 3655 nos,
2702 3609 2731 3638 ››
2763 3588 2873 3643 hoc
2906 3589 3080 3645 modo
3115 3595 3169 3644 et
3191 3589 3306 3645 fide
3349 3589 3589 3663 dignam
3651 3590 3791 3645 red-

2140 3677 2286 3733 dens
2303 3677 2876 3750 praadicationemmt
2890 3678 3075 3734 animi
3091 3677 3444 3735 modestiam
3459 3679 3744 3735 exhibens
3772 3694 3788 3736 :

2141 3785 2275 3824 cum
2301 3784 2441 3823 suos
2471 3768 2797 3840 discipulos
2827 3768 3132 3824 Silvanum
3162 3785 3231 3823 ac
3258 3768 3630 3823 Timotheum
3691 3784 3788 3823 so—

2140 3858 2265 3913 cios
2296 3855 2442 3912 dicit
2459 3856 2922 3929 pra'dicationis.
2948 3878 2976 3906 «
3004 3856 3114 3912 Sed
3134 3855 3323 3911 Etiam
3351 3872 3458 3927 per
3506 3855 3722 3927 ipsum.
3759 3877 3789 3905 »ι

2138 3978 2209 3989 —-
2227 3948 2355 4003 Non
2379 3946 2659 4014 subverti,
2682 3946 2897 4018 inquit,
2922 3962 3052 4016 quae
3076 3943 3240 4016 prius
3272 3944 3335 3999 in
3368 3945 3790 4018 praedicatione

2144 4036 2432 4104 dixeram,
2466 4051 2661 4107 neque
2692 4050 2851 4090 nunc
2882 4033 3123 4105 quidem
3151 4035 3456 4106 hoc,nunc
3484 4052 3620 4092 vero
3643 4034 3793 4093 illud

2146 4125 2310 4182 vobis
2332 4124 2585 4181 disserui
2613 4140 2625 4177 :
2649 4123 2761 4178 hoc
2784 4123 2943 4178 enim
2966 4140 3086 4179 non
3108 4123 3245 4180 fidei
3293 4131 3405 4194 est,
3441 4124 3544 4182 sed
3575 4124 3793 4181 mentis

2150 4229 2411 4271 erronem
2440 4230 2453 4267 :
2485 4211 2610 4280 sed,
2644 4234 2672 4262 ‹‹
2704 4212 2895 4268 Etiam
2926 4229 3033 4285 per
3062 4212 3257 4285 ipsum
3284 4214 3430 4282 fuit;
3465 4236 3492 4265 ι»
3538 4215 3651 4269 hoc
3682 4219 3793 4280 est,

2150 4303 2308 4374 quod
2329 4302 2904 4367 dixi,inconcussum
2930 4310 2987 4356 et
3008 4302 3243 4359 firmum
3294 4309 3515 4359 manet.
3550 4324 3579 4353 «
3610 4303 3790 4367 Quot-

2150 4397 2296 4464 quot
2324 4392 2484 4446 enim
2516 4398 2656 4447 sunt
2679 4391 3109 4462 promissiones
3138 4392 3262 4448 Dei.
3300 4414 3326 4441 ι»
3382 4393 3450 4447 In
3508 4390 3797 4463 praedica-

385 4451 685 4560 μέλλοντος
716 4451 1413 4558 αίῶνοςίψησῖνυῦντοῦ
1444 4451 1613 4560 μόνον
1664 4487 1727 4543 16
1781 4451 2027 4563 κήρυγμα

2149 4482 2310 4537 tione
2339 4480 2529 4535 multa
2558 4484 2698 4535 sunt
2753 4480 3067 4551 promissa,
3125 4480 3479 4536 resurrectio
3531 4485 3799 4536 mortuo-

384 4574 465 4629 ἀεὶ
516 4574 773 4638 ὡσαύτως
831 4570 949 4656 ἔχει
1000 4598 1060 4633 τε
1114 4577 1203 4633 καὶ
1253 4579 1606 4651 κεκήρυκται,
1655 4575 1803 4634 ἀλλὰ
1843 4577 1933 4633 καὶ
1985 4579 2042 4633 ai

383 4660 437 4717 iv
466 4663 615 4737 αὐτῷ
645 4663 984 4741 ἐπαγγελίαι.
1018 4672 1151 4723 Θεοῦ
1203 4668 1305 4742 γάρ
1372 4666 1527 4723 εἰσιν.
1586 4667 1654 4725 Ἥ
1715 4665 2041 4744 ἐπαγγελίας

383 4751 512 4809 αὐτὸ
536 4754 599 4809 16
628 4756 884 4831 κήρυγμα
934 4753 1101 4831 λέγει.
1160 4757 1221 4816 Ὀ
1276 4758 1377 4832 γὰρ
1428 4753 1726 4830 σύνδεσμος
1786 4757 1836 4826 6,
1913 4758 2040 4834 γάρ,

390 4846 557 4898 τοῦτο
590 4842 777 4915 δηλοῖ,
817 4844 1101 4919 [led-itala:
1131 4846 1234 4923 γὰρ
1265 4849 1299 4916 ἡ
1352 4846 1431 4911 εἰς
1461 4846 1694 4919 Χριστὸν
1721 4846 1903 4907 πῖστις
1946 4845 2040 4901 ἑπ-

391 4931 651 5008 ήγγελτο.
686 4958 714 4986 ‹‹
749 4935 837 4991 Ἑν
876 4935 1023 5007 αὐτῷ
1076 4936 1137 4991 τὸ
1191 4937 1318 4994 Ναί.
1385 4961 1412 4987 ιι
1467 4937 1625 4993 Ὅσαι
1674 4936 1799 5012 γὰρ,
1856 4935 2039 5015 φησῖν,

393 5019 722 5099 ἐπαγγελίαι
755 5028 889 5079 Θεοῦ
921 5024 972 5079 ἐν
1005 5023 1155 5097 αύτῷ
1182 5028 1262 5097 τῷ
1320 5029 1457 5098 Θεῷ,
1517 5025 1764 5080 τουτέστι
1828 5022 1896 5079 δι’
1945 5022 2039 5079 αὖ·

387 5115 486 5165 τοῦ
513 5116 609 5167 τοῦ
642 5115 796 5184 Θεοῦ,
830 5114 891 5168 τὸ
925 5138 953 5166 ‹‹
979 5112 1075 5168 Nai
1109 5114 1196 5169 καὶ
1230 5116 1293 5169 16
1319 5120 1372 5165 ’.ι
1389 5115 1495 5185 μὴν
1529 5111 1735 5188 ἔχουσι.
1774 5138 1801 5166 ι)
1836 5114 1910 5168 T6
1933 5113 2036 5191 γὰρ

387 5200 732 5276 πληροῦσθαι
763 5201 1014 5280 ἔχουσαι,
1045 5204 1130 5270 τὸ,
1167 5227 1195 5255 ιι
1229 5202 1327 5258 Ναὶ
1358 5203 1449 5257 καὶ
1476 5201 1539 5258 16
1583 5202 1761 5276 Ἀμὴν
1819 5197 2039 5277 ἔχουσιν

387 5290 461 5353 εἷς
493 5290 555 5345 16
585 5290 831 5366 γενέσθαι
865 5290 1021 5364 δόξαν
1052 5298 1130 5362 τῷ
1162 5296 1278 5366 Θεῷ
1313 5288 1378 5347 δι’
1410 5294 1594 5365 ἡμῶν.
1630 5315 1659 5344 ››
1714 5293 1783 5349 Ἢ
1842 5291 2035 5354 οὕτως.

384 5381 543 5438 Ὅσαι
571 5381 674 5459 γὶρ
706 5381 1028 5459 ἐπαγγελία.
1057 5386 1213 5453 Θεοῦ,
1244 5380 1298 5437 iv
1334 5382 1485 5455 αὐτῷ
1514 5375 1726 5457 ἔχουσι.
1767 5405 1794 5432 ‹‹
1826 5383 1889 5437 16
1934 5383 2035 5439 Nai

368 5466 475 5528 ’καὶ
501 5472 564 5527 τὸ
595 5473 772 5546 Ἀμὴν
802 5469 874 5527 δι’
900 5472 1089 5547 ἡμῶν,
1123 5496 1152 5527 υ
1202 5472 1331 5528 ὡσεὶ
1372 5465 1573 5549 ἔλεγεν·
1611 5470 1786 5536 Αὐτὸς
1832 5470 1928 5546 μὶν
1974 5468 2038 5526 τὸ

460 5671 505 5712 ⁸⁸
532 5673 660 5731 Act.
692 5687 792 5728 xxv
821 5687 988 5749 seqq.

2151 4588 2308 4640 rum,
2342 4570 2600 4643 adOptio,
2635 4585 2771 4642 spes
2800 4569 2983 4625 futuri
3016 4569 3236 4625 saeculi.
3269 4571 3367 4625 Ait
3423 4585 3560 4643 ergo
3596 4585 3609 4623 :
3669 4570 3795 4624 Non

2153 4661 2345 4716 solum
2368 4659 2710 4733 praedicatio
2733 4676 2969 4732 semper
2990 4660 3197 4716 eodem
3222 4658 3396 4716 modo
3420 4676 3482 4715 se
3518 4658 3696 4715 habet
3726 4673 3796 4713 ac

2151 4750 2472 4823 paaadicata
2495 4756 2602 4808 est.
2624 4748 2728 4805 sed
2753 4750 2927 4805 etiam
2944 4748 3373 4821 promissiones
3396 4765 3527 4820 quin
3572 4749 3633 4803 in
3666 4748 3798 4820 ipsa

2153 4848 2315 4899 sunt:
2342 4839 2445 4897 Dei
2468 4840 2625 4895 enim
2651 4845 2807 4895 sunt.
2831 4839 3392 4910 Autpromissiones
3407 4839 3554 4895 dicit
3601 4838 3792 4911 ipsam

2150 4930 2658 5003 praedicationem,
2718 4946 2857 4985 nam
2915 4929 3026 4985 hoc
3083 4929 3379 5003 significat
3451 4929 3796 5002 conjunctio

2149 5024 2313 5077 enim.
2351 5019 2651 5091 Siquidem
2685 5020 2872 5075 multo
2902 5026 3039 5075 ante
3068 5026 3333 5092 tempore
3366 5019 3513 5076 ﬁdes
3545 5021 3604 5075 in
3636 5018 3802 5074 Chri-

2154 5117 2309 5167 stum
2342 5108 2636 5182 promissa
2666 5113 2757 5163 est
2806 5132 2833 5158 u
2869 5110 2980 5164 Per
3009 5109 3204 5179 ipsum
3226 5109 3487 5164 Etiam.»
3514 5110 3799 5174 Quaecun-

2151 5216 2265 5272 que
2294 5195 2724 5271 promissiones
2781 5197 2905 5268 Dei,
2966 5198 3156 5254 Etiam
3214 5204 3272 5254 et
3325 5202 3515 5255 Amen
3574 5197 3799 5253 habent

2148 5306 2255 5362 per
2282 5289 2475 5360 ipsum
2510 5286 2694 5342 Deum
2752 5288 2896 5342 Nam
2956 5282 3011 5340 ἐν
3067 5284 3215 5358 αὖτῷ
3272 5288 3504 5361 capitur
3563 5304 3668 5360 pro
3729 5281 3800 5338 δι’

2147 5377 2333 5445 αὐτοῦ,
2369 5377 2426 5431 id
2460 5382 2566 5443 est,
2599 5378 2663 5432 in
2703 5379 2842 5448 ipso.
2873 5394 2978 5449 pro
3028 5380 3135 5433 Per
3184 5380 3385 5449 ipsum.
3446 5380 3590 5433 Cum
3642 5376 3801 5431 enim

2148 5467 2544 5541 complentur,
2575 5464 2798 5523 habent
2827 5490 2853 5518 «
2887 5466 3077 5525 Etiam
3100 5473 3160 5524 et
3182 5470 3397 5538 Amen,
3423 5490 3451 5520 ι»
3476 5467 3539 5523 in
3569 5467 3682 5523 hoc
3737 5466 3805 5520 ut
