4156 6200
392 361 507 421 931

1515 351 1943 415 (ΕΟΟΜΕΝΙΙ
1986 349 2291 412 Τιιιοωλῑ
2335 351 2679 415 EPISCOPI

3687 349 3816 409 932

396 508 503 563 per
527 506 636 546 nos
667 489 768 544 Dei
799 487 987 560 gloria
1016 491 1320 558 augeatur.
1354 485 1458 540 Aut
1491 485 1590 540 hoc
1621 485 1797 540 modo.
1861 485 2043 550 Quot-

2158 483 2262 538 Ναὶ
2293 488 2412 547 ταῖς
2442 481 2669 546 οἰκείαις
2693 479 2917 537 δίδωσιν
2976 479 3346 556 ἐπαγγελίαις,
3396 476 3466 534 δι’
3536 481 3698 552 ἡμῶν
3753 476 3821 533 Si

401 586 546 651 quot
585 579 741 633 enim
774 575 1201 647 promissiones
1230 574 1333 630 Dei
1368 581 1528 637 sunt,
1564 590 1671 646 per
1701 575 1895 646 ipsum
1941 574 2046 628 ha-

394 671 537 724 bent
567 688 593 716 ‹‹
628 668 839 729 Etiam,
874 672 934 720 et
962 667 1150 721 Amen
1184 681 1289 736 per
1320 680 1450 729 nos,
1485 688 1512 712 υ
1546 680 1613 719 ac
1677 663 1723 717 si
1775 663 2002 718 (liceret
2033 679 2047 718 :

396 758 526 828 ipse
558 755 799 826 quidem
836 754 959 810 suis
992 753 1490 825 promissionibus
1521 753 1622 808 dat
1645 753 1834 808 Etiam
1872 769 1885 807 :
1946 768 2052 825 per

389 862 498 901 nos
524 852 725 900 autem
754 846 864 900 hoc
894 844 1059 911 facit,
1086 850 1151 898 ut
1167 842 1534 916 gloriﬁcetur
1558 844 1733 911 Deus,
1758 841 1914 913 quod
1944 858 2054 913 per

404 934 678 989 homines
710 939 875 989 tanta
904 933 1100 988 faciat.

466 1025 508 1087 Ι,
543 1026 600 1077 2|
624 1025 733 1077 ~23.
769 1024 941 1078 Porro
969 1026 1066 1093 qui
1123 1023 1414 1092 conﬁrmat
1472 1038 1568 1078 nos
1619 1039 1732 1077 una
1769 1023 2051 1077 nobiscum

397 1116 452 1167 in
481 1110 777 1181 Christum,
810 1123 859 1167 et
889 1115 989 1182 qui
1017 1114 1181 1167 unxit
1219 1128 1339 1175 nos,
1372 1112 1529 1178 Deus,
1591 1114 1690 1182 qui
1746 1114 1910 1167 etiam
1952 1111 2046 1165 ob-

396 1204 638 1272 signavit
672 1217 787 1266 nos,
821 1201 1079 1271 deditqne
1126 1202 1352 1256 arrham
1392 1201 1633 1271 Spiritus
1684 1203 1742 1255 in
1799 1201 2049 1256 cordibus

396 1294 619 1347 nostris.
649 1292 759 1360 Ego
787 1306 913 1345 vero
971 1297 1158 1346 testem
1215 1292 1406 1345 invoco
1464 1292 1631 1345 Deum
1686 1292 1745 1344 in
1805 1291 2049 1345 animam
2096 1313 2107 1323 ο

390 1398 584 1446 meam,
627 1381 776 1451 quod
797 1396 1033 1450 parcens
1062 1380 1211 1435 vobis
1250 1380 1494 1434 nondum
1544 1379 1791 1435 venerim
1848 1380 2047 1435 Corin-

392 1470 545 1524 thun
580 1484 593 1523 :
626 1484 734 1523 non
764 1468 913 1538 quod
942 1468 1285 1522 dominemur
1307 1466 1439 1537 ﬁdei
1468 1474 1687 1534 vestrae,
1743 1468 1838 1523 sed
1891 1470 2051 1539 adju-

395 1566 535 1613 tores
565 1572 750 1612 sumus
779 1556 977 1627 gaudii
1006 1558 1190 1612 vestri.
1221 1558 1357 1611 Nam
1386 1557 1493 1626 ﬁde
1513 1559 1686 1613 statis.

466 1648 620 1703 006
645 1647 934 1712 Quoniam
974 1645 1151 1700 dixit:
1201 1648 1313 1700 Per
1362 1663 1469 1701 nos
1513 1647 1889 1719 complentur
1919 1663 2047 1719 pro-

394 1736 731 1803 miSsiones,
766 1736 1192 1807 interpretatur
1222 1734 1390 1801 illud,
1441 1741 1499 1789 et
1554 1737 1638 1790 ait
1672 1752 1685 1790 :
1742 1737 2045 1807 Tanquam

388 1842 493 1897 per
516 1841 621 1879 nos
650 1825 891 1895 quidem
916 1824 1016 1895 qui
1047 1824 1304 1879 ministri
1329 1840 1556 1891 sumus,
1601 1824 1761 1889 facit,
1806 1825 1931 1897 ipse
1963 1830 2045 1880 ta-

389 1928 526 1968 men
560 1914 755 1977 Pater,
786 1935 813 1962 ‹‹
848 1914 955 1977 Qui
988 1914 1304 1969 conﬁrmat
1336 1930 1464 1980 nos,
1500 1936 1529 1964 ››
1589 1919 1648 1969 et
1694 1913 1797 1986 qui
1855 1913 2041 1982 dedit,

394 2003 654 2073 complet
683 2019 819 2057 suas
852 2004 1301 2074 promissiones.
1330 2034 1402 2046 -—-
1445 2004 1611 2070 Quod
1670 2005 1789 2061 ait:
1850 2027 1871 2055 ι
1933 2004 2042 2070 Qui

395 2096 713 2151 conﬁrmat
742 2112 869 2159 nos,
904 2117 933 2144 »
968 2102 1025 2149 et
1064 2102 1218 2164 catt,
1277 2103 1380 2152 ant
1437 2114 1543 2168 per
1600 2097 1896 2155 defectum
1953 2098 2042 2153 di-

391 2191 551 2239 ctum
584 2188 691 2245 est.
726 2190 791 2238 ut
820 2183 975 2238 desit
998 2185 1225 2258 integra
1248 2188 1564 2251 sententia,
1589 2192 1690 2243 aut
1737 2205 1844 2259 per
1873 2187 2037 2243 defe-

395 2280 554 2329 ctum
582 2273 768 2329 solius
792 2273 1069 2328 dictionis
1095 2277 1203 2329 Est.
1228 2282 1368 2345 puta
1393 2292 1406 2330 :
1457 2276 1564 2340 Qui
1590 2277 1904 2333 conﬁrmat
1932 2294 2041 2333 nos

395 2362 631 2433 aliaque
657 2361 816 2428 facit,
849 2362 1004 2417 Deus
1038 2368 1146 2417 est.
1181 2364 1341 2428 Quod
1377 2364 1424 2418 si
1458 2367 1541 2421 sic
1582 2382 1688 2437 per
1745 2367 2040 2423 defectum

391 2452 467 2505 sit
498 2450 796 2517 dictionis,
823 2457 1057 2522 oportet
1083 2451 1524 2508 distinctionem
1559 2472 1778 2525 ponere
1828 2456 1902 2511 ad
1949 2456 2043 2511 di-

388 2540 636 2601 ctiones,
672 2562 701 2591 ‹‹
734 2540 841 2605 Qui
874 2541 1043 2594 unxit
1073 2557 1201 2610 nos,
1241 2566 1260 2590 ο
1292 2548 1357 2597 ut
1395 2551 1834 2615 consequenter
1854 2545 2043 2616 perfe-

387 2636 482 2685 cta
503 2629 885 2685 distinctione
914 2629 1304 2703 subjungatur
1329 2632 1498 2691 Deus.
1540 2639 1607 2687 ut
1652 2634 1727 2688 sit
1779 2649 1989 2689 sensus
2023 2650 2038 2688 :

389 2720 542 2774 Deus
574 2724 665 2774 est
697 2719 797 2790 qui
830 2718 1146 2775 conﬁrmat
1176 2737 1305 2783 nos.
1342 2727 1399 2776 et
1429 2721 1529 2793 qui
1579 2722 1749 2778 unxit
1807 2739 1934 2779 nos.
1982 2729 2041 2780 et

391 2808 491 2879 qui
526 2808 858 2877 obsignavit
885 2825 1015 2869 nos.
1050 2816 1108 2863 et
1138 2811 1237 2881 qui
1270 2810 1435 2866 dedit
1497 2812 1737 2867 arrham
1786 2813 2039 2885 Spiritus

393 2898 454 2952 in
476 2897 752 2953 cordibus
777 2899 1015 2955 nostris.
1042 2901 1111 2953 Et
1133 2901 1516 2956 manifestum
1539 2908 1630 2957 est
1662 2902 1821 2973 quod
1862 2902 2039 2958 etiam

393 2987 518 3042 hmo
551 2987 819 3043 membra
849 3004 981 3060 quia
1014 2996 1347 3059 sequuntur
1375 2989 1448 3046 ad
1479 2991 1821 3059 dictionem,
1861 2992 2038 3060 Deus,

391 3077 652 3149 perfecta
684 3077 1068 3133 distinctione
1103 3079 1391 3151 legentur.
1424 3081 1482 3137 Si
1529 3098 1664 3136 vero
1722 3098 1829 3153 per
1877 3080 2039 3137 defe-

385 3171 546 3220 ctum
567 3166 806 3238 integrae
826 3167 1117 3222 orationis
1132 3168 1586 3241 intelligatur,et
1608 3169 1813 3225 eadem
1845 3170 2039 3243 prima

2156 575 2319 626 τοῦτο
2342 578 2512 639 ποιεῖ,
2555 572 2628 634 είς
2659 573 2720 628 τὸ
2751 567 3073 643 δυξασθῆναι
3125 571 3217 625 τὸν
3246 568 3399 638 Θεὸν,
3452 568 3537 624 ὃτι
3598 567 3670 623 δι’
3720 569 3818 623 ἁν-

2158 673 2185 725 θ
2193 663 2391 737 ρώπων
2424 665 2655 719 τοσαῦτα
2685 667 2855 722 ποιεῖ.

2224 1015 2285 1073 Ὀ
2317 1011 2375 1070 δὲ
2409 1011 2646 1092 βεϐαιῶν
2678 1018 2826 1091 ἡμᾶς
2855 1016 2948 1072 σῦν
2979 1019 3116 1090 ἡμῖν
3145 1018 3223 1080 είς
3262 1018 3522 1093 Χριστὸν,
3552 1017 3644 1072 καὶ
3678 1016 3815 1092 χρί-

2156 1123 2251 1167 σας
2279 1107 2428 1177 ἡμᾶς
2457 1096 2606 1174 Θεὸς,
2631 1106 2660 1161 ὁ
2690 1107 2781 1161 καὶ
2819 1106 3254 1185 σφραγισάμενος
3311 1108 3483 1179 ἡμᾶς,
3534 1108 3627 1161 καὶ
3684 1103 3821 1169 δοὺς

2154 1194 2244 1250 τὸν
2275 1188 2562 1271 ἁρῥαϐὼνα
2589 1201 2688 1252 τοῦ
2720 1195 3035 1271 Ιινεύματος
3081 1196 3134 1251 ἑν
3192 1201 3316 1258 ταῖς
3358 1193 3606 1273 καρδίαις
3626 1196 3819 1269 ἡμῶν.

2153 1284 2299 1361 Ἐγὼ
2328 1282 2384 1340 δὲ
2417 1286 2662 1362 μάρτυρα
2691 1286 2783 1343 τὸν
2816 1288 2945 1342 Θεὸν
2974 1284 3345 1359 ἐπικαλοῦμαι
3376 1286 3463 1343 ἐπὶ
3518 1287 3619 1356 τήν
3667 1285 3819 1358 ἰμὴν

2152 1378 2361 1453 ψυχὴν,
2394 1378 2478 1434 ὅτι
2508 1377 2827 1459 φειδόμενος
2860 1380 3041 1453 ὑμῶν,
3072 1379 3172 1435 οὐκ
3213 1377 3289 1435 ἔτι
3347 1377 3521 1449 ἦλθον
3582 1376 3659 1442 είς
3698 1378 3818 1435 Κό-

2153 1471 2353 1543 ρινθον.
2388 1470 2511 1547 Οὐχ
2536 1473 2619 1527 ὅτι
2642 1469 2964 1547 κυριεύομεν
3002 1471 3155 1545 ὑμῶν
3213 1477 3317 1541 τῆς
3371 1469 3628 1538 πίστεως,
3657 1467 3816 1524 ἀλλᾶ

2153 1559 2401 1633 συνεργοί
2455 1557 2614 1633 ἐσμεν
2676 1566 2778 1629 τῆς
2842 1564 3020 1636 χαρᾶς
3105 1560 3279 1634 ὑμῶν.
3334 1562 3417 1633 Τῇ
3474 1560 3581 1635 γὰρ
3627 1557 3814 1614 πίστει

2151 1645 2431 1718 ἑστήκατε·

2224 1734 2448 1805 Ἐπειδὴ
2481 1736 2615 1793 εἶπευ
2649 1742 2727 1793 Δι’
2755 1738 2916 1812 ἡμῶν
2947 1735 3288 1813 πληροῦνται
3320 1738 3376 1792 αἱ
3432 1735 3811 1812 ἐπαγγελείαι,

2153 1821 2559 1902 ἐπιδιορθοῦται
2591 1826 2748 1898 αὐτὸ,
2779 1826 2872 1883 καί
2903 1845 3085 1905 φησιν’
3112 1827 3201 1889 Ὠς
3250 1823 3321 1881 δι’
3374 1827 3536 1899 ἡμῶν
3597 1826 3692 1899 μὶν
3728 1820 3820 1879 ὅν-

2148 1936 2259 1971 των
2282 1912 2568 1988 διακόνων,
2601 1921 2752 1971 ποιεῖ
2783 1916 2947 1979 αὐτὸς
2977 1913 3033 1971 δὲ
3063 1917 3092 1972 6
3128 1917 3340 1991 Πατὴρ,
3394 1938 3423 1968 ‹‹
3454 1917 3511 1969 '0
3571 1910 3817 1989 βεϐαιῶν

2151 2006 2319 2077 ἡμᾶς,
2353 2029 2382 2058 ››
2412 2006 2503 2061 καὶ
2536 2006 2566 2060 6
2596 2002 2748 2073 δοὺς,
2791 2004 3003 2080 πληροῖ
3046 2006 3144 2068 τὰς
3186 2002 3324 2067 ἰδίας
3358 2004 3704 2079 ὑποσχέσεις.
3739 2035 3813 2047 —

2152 2096 2363 2169 [ΦΩΤ.]
2397 2097 2496 2163 Τὸ,
2528 2119 2557 2148 ι(
2590 2096 2619 2151 6
2649 2092 2706 2150 δὲ
2738 2089 2975 2170 βεϐαιῶν
3002 2097 3174 2168 ἡμᾶς,
3207 2117 3236 2147 ιι
3282 2095 3374 2150 καὶ
3406 2094 3550 2163 ἑξῆς,
3601 2093 3636 2163 ἢ
3666 2093 3811 2150 κατὰ

2150 2179 2398 2259 ἔλλειψιν
2432 2183 2572 2239 ἐστὶν
2628 2183 2917 2260 εῗρημένον
2972 2182 3111 2239 ’ὀλου
3162 2181 3451 2245 λείποντος
3509 2181 3699 2259 ῥητοῦ,
3743 2183 3807 2253 ἢ,

2148 2274 2285 2329 κατὰ
2341 2269 2589 2346 ἔλλειψιν
2650 2272 2823 2348 μόνης
2876 2271 3076 2344 λέξεως
3131 2276 3233 2338 τῆς
3274 2276 3394 2342 τοῦ,
3453 2270 3619 2343 ἔστιν,
3651 2273 3797 2343 οἷον,

2148 2365 2209 2422 ὐ
2241 2357 2477 2439 βεϐαιῶν
2505 2362 2794 2438 ἡμᾶς,καὶ
2852 2362 2919 2419 τὰ
2979 2361 3125 2418 ἄλλα
3183 2366 3380 2433 ποιῶν,
3440 2363 3571 2427 Θεός
3628 2362 3799 2421 ἔστιν.

2149 2450 2307 2510 Ἀλλ’
2337 2452 2383 2508 εί
2429 2452 2521 2527 μὲν
2562 2454 2681 2509 κατ’
2736 2448 2984 2527 ἔλλειψιν
3042 2449 3263 2523 λεξεως,
3322 2451 3399 2514 εἷς
3454 2451 3540 2515 τὸ,
3596 2451 3801 2528 Χρῖσας

2148 2545 2316 2615 ἡμᾶς,
2380 2565 2404 2595 υ
2468 2542 2776 2613 ὑποστ’ζειν
2836 2540 2937 2611 δεῖ,
2983 2539 3076 2598 ’ίνα
3133 2539 3171 2616 ᾗ
3229 2542 3351 2614 ἑξῆς
3403 2540 3540 2596 κατὰ
3586 2539 3800 2596 τελείαν

2150 2632 2389 2707 στιγμὴν
2421 2632 2811 2711 ἐπιφερόμενον
2848 2631 2934 2697 τὸ,
2982 2631 3136 2692 Θεός.
3189 2629 3344 2687 υἶον·
3405 2630 3535 2692 Θεός
3568 2628 3708 2685 ἐστιν
3770 2630 3799 2686 6

2151 2716 2386 2796 βεϐαιῶν
2410 2723 2576 2791 ἡμᾶς,
2607 2721 2695 2775 καὶ
2737 2718 2934 2795 χρίσας
2993 2721 3161 2793 ἡμᾶς,
3220 2721 3310 2775 καὶ
3370 2721 3803 2798 σφραγισάμενος

2148 2812 2321 2884 ἡμᾶς,
2347 2808 2436 2864 καὶ
2463 2806 2588 2872 δοὺς
2619 2810 2708 2864 τὸν
2737 2803 3027 2883 ἀρῥαϐῶνα
3073 2812 3170 2864 τοῦ
3228 2814 3540 2882 Πνεύματος
3597 2811 3649 2864 ἐν
3677 2815 3801 2871 ταῖς

2148 2896 2398 2974 γαρδίαις
2431 2901 2614 2971 ἡμῶν.
2648 2898 2755 2955 Καὶ
2786 2895 2959 2968 δῆλον
2991 2897 3076 2953 ὅτι
3104 2897 3193 2953 καὶ
3222 2902 3391 2956 ταῦτα
3420 2899 3488 2953 τα
3546 2896 3701 2954 κῶλα
3730 2898 3799 2953 τὰ

2148 2988 2337 3066 ἐφεξῆς
2365 2991 2484 3052 τοῦ,
2526 2988 2679 3057 Θεὸς,
2737 2989 2874 3042 κατᾶ
2922 2987 3133 3042 τελείαν
3190 2989 3390 3062 σιγμήν
3443 2988 3801 3063 ἀναγνωσθή-

2150 3097 2317 3133 σεται.
2352 3076 2413 3133 Εί
2446 3074 2493 3132 δ’
2525 3077 2597 3139 ὡς
2627 3077 2745 3132 κατ’
2775 3071 3022 3151 ἔλλειψιν
3051 3073 3187 3131 ὃλου
3246 3073 3417 3151 ῥητοῦ
3471 3074 3801 3155 ἑχληιρθείη,

2148 3167 2238 3222 καὶ
2278 3166 2415 3237 αὐτή
2441 3168 2475 3236 ἡ
2508 3167 2699 3241 πρώτη
2731 3163 2985 3240 περίοδος
3014 3163 3120 3228 ἓως
3166 3169 3286 3235 τοῦ,
3335 3165 3486 3232 Θεὸς,
3518 3166 3657 3220 κατᾶ
3686 3166 3798 3238 μὲ-

389 3256 670 3325 periodus
690 3271 881 3326 usque
908 3256 981 3311 ad
1004 3256 1347 3313 dictionem.
1374 3259 1550 3323 Deus,
1576 3276 1707 3330 quas
1747 3260 1810 3314 in
1839 3260 2035 3314 medio

2152 3278 2248 3327 σην
2275 3255 2775 3334 ἂναγνωσθήσεται,
2807 3256 2895 3311 καὶ
2938 3255 2999 3311 τὸ
3039 3255 3253 3334 ἐφεξῆς.
3294 3256 3370 3312 Τὸ
3439 3253 3497 3311 δὶ
3549 3254 3636 3310 ἐπὶ
3664 3254 3797 3309 τού-

392 3344 892 3415 poniturJegetur
919 3350 976 3399 et
995 3346 1133 3400 item
1157 3347 1315 3416 quod
1339 3347 1545 3402 ordine
1575 3349 1863 3420 sequitur.
1899 3351 2044 3405 Pro-

390 3439 595 3504 pterea
626 3440 824 3488 autem
856 3434 969 3488 erit
1000 3434 1341 3499 difﬁcultas,
1378 3436 1518 3507 quia
1548 3437 1608 3491 id
1641 3438 1798 3508 quod
1841 3439 2044 3494 deﬁcit

387 3524 868 3580 subaudiendum
902 3526 1094 3581 estad
1160 3544 1370 3583 s‘nsus
1430 3530 1878 3600 perfectionem,
1940 3537 2042 3586 aut

386 3619 671 3686 tanquam
704 3614 987 3671 deﬁciens
1018 3616 1092 3671 ad
1125 3616 1521 3690 hypostigma,
1557 3618 1616 3673 id
1668 3626 1776 3683 est,
1829 3620 2043 3675 distin—

388 3705 648 3760 ctionem
679 3705 1117 3761 terminabitur.
1157 3730 1176 3754 ι
1242 3706 1349 3771 Qui
1412 3707 1577 3762 unxit
1632 3724 1743 3763 nos
1801 3709 1974 3763 Deus.
2007 3728 2033 3760 ι

389 3794 497 3859 Qui
534 3795 595 3850 in
627 3794 807 3851 veteri
842 3800 1196 3851 testamento
1247 3796 1643 3869 uagabantur,
1698 3804 1800 3852 aut
1852 3814 2043 3853 sacer-

389 3884 558 3939 dotes
583 3890 752 3939 erant
778 3892 878 3939 aut
901 3886 1224 3957 prophetat.
1252 3892 1355 3941 aut
1375 3903 1577 3951 reges:
1631 3892 1689 3943 et
1736 3904 1916 3957 nunc,
1951 3887 2044 3942 in-

390 3973 539 4039 quit.
564 3974 865 4043 ungimur,
889 3980 955 4027 ut
975 3990 1141 4047 reges
1165 3975 1402 4046 quidem
1433 3974 1781 4042 efﬁciamur,
1829 3977 2042 4048 princi-

391 4065 596 4129 patum
658 4076 837 4129 super
892 4063 1240 4118 al'fectiones
1297 4064 1632 4131 habentes;
1704 4064 2042 4122 sacerdotes

392 4151 615 4213 autem,
648 4148 890 4218 propria
921 4150 1325 4207 sacriﬁcantes
1356 4169 1625 4225 corpora.
1654 4153 1826 4226 juxta
1856 4156 2039 4212 illud:

392 4256 419 4286 ‹‹
453 4236 522 4291 Ut
557 4252 626 4291 ex
680 4236 893 4292 ibeatis
950 4240 1218 4296 membra
1270 4248 1463 4298 vestra
1520 4243 1775 4300 hostiam
1842 4246 2043 4302 viven-

387 4328 509 4380 tem
544 4323 606 4380 ‘5.
643 4348 670 4375 ››
705 4327 1015 4399 Prophetas
1044 4346 1203 4395 vero,
1252 4335 1535 4403 tanquam
1588 4350 1800 4407 magna
1849 4334 2041 4391 edocti

387 4417 1095 4489 mysteria.Ungitautem
1119 4425 1175 4475 et
1192 4420 1464 4493 obsignat
1508 4425 1681 4479 Pater
1720 4442 1826 4497 per
1866 4426 2043 4497 Spiri.

389 4508 513 4559 tum
537 4512 807 4562 sanctum
835 4523 1006 4563 :nam
1036 4508 1163 4564 hine
1188 4509 1401 4581 inquit,
1427 4514 1629 4567 unctio
1671 4520 1729 4568 et
1772 4513 2042 4583 obsigna-

2147 3369 2227 3420 τῳ
2276 3347 2504 3418 ἀπορίαν
2558 3342 2685 3416 ἕξει,
2742 3346 3298 3421 προσυπονοουμένου
3354 3348 3451 3401 τοῦ
3508 3342 3799 3407 λείποντος

2148 3435 2228 3499 εἷς
2259 3434 2496 3507 τελείαν,
2529 3433 2565 3505 ἤ
2599 3436 2672 3500 ὡς
2714 3435 2998 3499 λείποντος
3066 3436 3144 3499 εἰς
3208 3437 3556 3513 ὑποστιγμήν
3595 3438 3798 3492 ἀποτε-

2148 3525 2427 3597 λευτήσει.
2463 3551 2491 3579 ι(
2524 3527 2629 3583 Καὶ
2658 3524 2858 3593 χρίσας
2902 3529 3051 3599 ἡμᾶς
3108 3526 3261 3589 Θεός.
3294 3549 3320 3581 η
3381 3527 3450 3583 υἱ
3510 3527 3801 3603 χριόμενοι

2147 3614 2198 3671 ἐν
2222 3620 2292 3689 τῇ
2322 3612 2555 3688 παλαιᾷ,
2586 3616 2621 3686 ἢ
2654 3617 2821 3691 ἱερεῖς
2849 3620 2883 3687 ἢ
2916 3622 3196 3696 προφῆται
3227 3619 3261 3688 ἢ
3296 3615 3542 3693 βασιλεῖς
3593 3615 3802 3693 ἐγίνον-

2144 3726 2229 3760 το.
2273 3705 2374 3762 Καὶ
2408 3709 2519 3772 νῦν,
2554 3705 2710 3785 φησὶ,
2762 3707 3036 3780 χριόμεθα
3068 3703 3162 3761 ’ἱνα
3220 3706 3503 3783 γενώμεθα
3550 3705 3802 3780 βασιλεῖς

2151 3793 2270 3866 μὲν,
2303 3795 2668 3870 κατάρχοντες
2709 3797 2816 3849 τῶν
2872 3798 3084 3860 παθῶν,
3142 3794 3310 3868 ἱερεῖς
3369 3789 3446 3857 δὲ,
3504 3793 3571 3848 τὰ
3622 3793 3805 3849 οῗκεῖα

2145 3884 2547 3959 ἱερουργοῦντες
2580 3884 2829 3957 σώματα,
2860 3883 2996 3938 κατᾶ
3052 3883 3142 3950 τὸ,
3202 3906 3230 3935 ‹‹
3288 3884 3677 3959 ΙΙαρασττςσατε
3730 3882 3803 3936 τὰ

2151 3974 2293 4048 μέλη
2331 3973 2480 4046 ὑμῶν
2515 3973 2697 4027 θυσίαν
2726 3977 2920 4042 ζῶσαν·
2961 3979 3295 4052 »προφῆται
3337 3970 3417 4041 δὲ,
3474 3974 3540 4028 τὰ
3589 3973 3803 4049 μεγαλα

2150 4064 2422 4137 μυστήρια
2484 4060 2888 4136 διδασκόμενοι,
2956 4062 3120 4137 Χρίει
3177 4059 3234 4117 δὲ
3289 4062 3377 4116 καὶ
3436 4066 3714 4140 σφραγίζει
3768 4063 3798 4119 6

2147 4154 2334 4227 Πατὴρ
2360 4152 2450 4208 διὰ
2502 4155 2597 4206 τοῦ
2662 4152 2820 4227 ἁγίου
2878 4152 3215 4226 Πνεύματος.
3274 4155 3452 4209 Ταῦτα
3507 4153 3631 4227 γὰρ,
3691 4173 3801 4231 φη-

2148 4242 2252 4307 σὶν,
2284 4243 2318 4312 ἡ
2356 4242 2541 4318 χρίσις
2571 4240 2661 4297 καὶ
2689 4244 2723 4311 ἡ
2757 4241 3011 4319 σφραγὶς,
3069 4235 3320 4318 ἀρῥαϐὼν
3354 4238 3468 4297 ἐστι
3533 4244 3629 4296 τοῦ
3684 4246 3800 4297 Πα-

2148 4330 2449 4408 ρακλήτου.
2493 4331 2591 4387 Διὰ
2620 4335 2786 4386 τοῦτο
2820 4329 2876 4386 δὲ
2907 4330 3006 4386 οὐκ
3034 4333 3175 4399 εἷπε,
3214 4331 3276 4387 τὸ
3343 4334 3561 4405 Πνεῦμα
3643 4329 3800 4400 δοὺς,

2144 4421 2296 4485 ἀλλ’,
2329 4447 2355 4474 ‹‹
2388 4416 2718 4497 Ἀῥραϐῶνα
2776 4424 2878 4477 τοῦ
2938 4419 3272 4494 Πνεῦματος,
3337 4444 3365 4472 ››
3410 4415 3645 4495 βεϐαιῶν
3702 4420 3802 4484 τὶς

2147 4509 2459 4586 μελλούσας
2492 4508 2743 4573 ἐλπίδας.
2773 4511 2835 4567 Ὀ
2864 4509 2965 4583 γὰρ
2999 4504 3251 4585 ἇρῥαϐὼν
3312 4503 3530 4585 βεϐαιοῖ
3577 4508 3639 4564 τὸ
3693 4513 3801 4564 πᾶν

386 4592 467 4678 tio
498 4596 676 4651 arrha
702 4601 792 4651 est
821 4597 1133 4653 Paracleti.
1169 4599 1473 4671 Siquidem
1506 4601 1579 4655 ob
1605 4602 1663 4656 id
1683 4619 1805 4657 non
1842 4602 1991 4657 dixit
2017 4617 2032 4658 :

2152 4598 2524 4677 συνάλλαγμα.
2583 4605 2883 4678 Τοιγαροῦν
2957 4598 3048 4654 καὶ
3133 4600 3161 4654 6
3240 4603 3333 4654 νῦν
3390 4593 3644 4674 άρῥαϐὼν
3698 4598 3799 4655 τοῦ

387 4676 493 4749 Qui
530 4684 693 4740 dedit
743 4685 1051 4757 Spiritum,
1112 4688 1234 4755 sed,
1295 4711 1323 4739 «
1388 4690 1636 4744 arrham
1697 4690 2036 4762 Spiritus,»

383 4771 721 4829 futurorum
755 4792 921 4845 spem
949 4775 1313 4831 conﬁrmans
1347 4794 1359 4831 :
1394 4777 1578 4832 etnim
1628 4779 1805 4834 arrha
1861 4795 2038 4835 omne

384 4868 623 4932 pactum
648 4865 965 4920 conﬁrmat
985 4884 1053 4921 ac
1073 4867 1316 4923 stabilit.
1348 4869 1545 4938 Itaque
1570 4874 1629 4924 et
1674 4885 1834 4924 nunc
1862 4870 2040 4926 arrha

384 4950 639 5020 Spiritus
663 4954 1167 5011 conﬁrmatnobis
1203 4958 1399 5012 futura
1442 4957 1616 5023 bona,
1666 4975 1797 5029 qum
1828 4959 2038 5015 oculus

381 5053 502 5093 non
530 5039 675 5094 vidit
705 5047 763 5095 et
795 5043 956 5097 auris
987 5061 1107 5099 non
1135 5045 1356 5101 audivit
1391 5045 1454 5100 ιδ.
1512 5069 1540 5097 ‹‹
1593 5049 1661 5102 Ει
1712 5049 1811 5119 qui
1874 5048 2039 5104 dedit

383 5128 622 5184 arrham
648 5128 920 5201 Spiritus.
946 5154 974 5182 »
994 5134 1372 5191 Extrinsecus
1396 5136 1866 5193 subaudiendem
1907 5145 1997 5194 est
2021 5155 2035 5194 :

384 5217 1037 5288 quiconﬁrmatnosin
1061 5223 1379 5282 Christum.
1427 5227 1527 5296 qui
1576 5228 1745 5282 unxit
1791 5236 1851 5282 et
1878 5228 2035 5283 obsi-

385 5308 603 5381 gnavit.
626 5309 907 5381 deditque
932 5311 1170 5367 arrham
1203 5314 1457 5385 Spiritus
1488 5316 1548 5370 in
1599 5317 1878 5373 cordibus
1926 5335 2039 5373 no-

388 5400 704 5473 stris,ipse.
730 5401 947 5473 inquit,
970 5404 1177 5473 estqui
1218 5421 1357 5460 suas
1402 5406 1661 5479 complet
1691 5409 2037 5480 promissio-

385 5507 514 5547 nes.
546 5491 873 5549 Considera
902 5492 1199 5573 quomodo
1232 5494 1719 5554 manifestissime
1764 5506 2033 5557 sanctam

452 5644 496 5680 ¹⁸
527 5646 694 5702 Rom.
729 5662 828 5718 xu,
862 5648 913 5699 1.
944 5644 991 5685 ιθ
1014 5647 1040 5701 Ι
1068 5645 1198 5705 Cor.
1231 5662 1294 5718 ιι,
1334 5649 1388 5703 9.

2150 4689 2464 4763 Πνεύματος
2518 4694 2804 4744 πιστοῦται
2835 4690 2972 4761 ἡμῖν
3003 4689 3069 4743 τὰ
3102 4685 3374 4762 μέλλοντα
3431 4687 3466 4743 ἅ
3513 4687 3805 4767 ὀφθαλμὸς
3868 4692 3873 4697 ”

2149 4777 2249 4834 οὐκ
2278 4776 2388 4834 εῖόε
2415 4779 2503 4834 καὶ
2539 4779 2630 4840 οῦς
2661 4778 2765 4833 οὐκ
2785 4779 3006 4848 ἤκουσε.
3039 4803 3068 4830 ι(
3102 4776 3205 4835 Καὶ
3233 4774 3359 4838 δοῦς
3387 4778 3481 4832 τὸν
3514 4773 3802 4854 ἆρῥαϐῶνα

2146 4873 2243 4924 τοῦ
2299 4868 2632 4940 ΙΙνεῦματος.
2698 4891 2724 4924 ιι
2786 4869 3019 4939 Ἒξιυθεν
3077 4877 3565 4939 συνυπακουστεον,
3625 4870 3653 4923 6
3715 4869 3803 4943 βε-

2149 4952 2318 5012 ϐαιῶν
2352 4960 2500 5031 ἡμᾶς
2524 4958 2600 5020 εἷς
2632 4959 2867 5034 Χριστὸν
2898 4959 2925 5013 6
2959 4958 3157 5033 χρίσας
3214 4956 3305 5012 καὶ
3360 4958 3802 5035 σφραγισάμενος

2147 5048 2235 5103 καὶ
2267 5045 2393 5110 δοὺς
2424 5049 2514 5104 τὸν
2551 5043 2843 5123 ἆῤῥαϐῶνα
2872 5051 2969 5103 τοῦ
3013 5048 3325 5119 Πνεῦματος
3379 5047 3431 5102 ἐν
3489 5052 3609 5110 ταῖς
3667 5066 3802 5123 καρ-

2148 5134 2289 5198 δάις
2324 5141 2499 5209 ἡμῶν,
2532 5138 2693 5201 αὐτός
2727 5136 2866 5193 ἐστιν
2897 5138 2925 5191 6
2979 5135 3229 5212 πληρῶν,
3288 5137 3443 5217 φησὶ,
3500 5137 3599 5201 τὰς
3658 5135 3802 5199 ἰδίας

2149 5227 2495 5303 ὑποσχέσεις.
2557 5229 2696 5303 Ὅρα
2754 5231 2871 5282 πῶς
2929 5224 3293 5300 παρεδήλωσε
3350 5224 3652 5306 σαφέστατα
3699 5229 3799 5296 τήν

2145 5318 2300 5393 ἁγίαν
2333 5315 2560 5391 Τριάδα·
2594 5319 2656 5373 Ὁ
2690 5319 2875 5392 Πατὴρ
2907 5319 2934 5375 6
2975 5313 3211 5392 βεϐαιῶν
3242 5319 3395 5391 ἡμᾶς
3436 5316 3514 5381 εῗς
3544 5317 3805 5392 Χριστὸν,

2144 5407 2233 5464 καὶ
2266 5408 2459 5483 χρίσας
2492 5405 2582 5466 διὰ
2605 5412 2700 5462 τοῦ
2742 5409 2899 5483 ἁγίου
2958 5413 3300 5482 Πνευματος,
3364 5406 3529 5470 αὐτὸς
3595 5405 3811 5480 πληροῖ

2146 5496 2235 5555 καὶ
2263 5498 2357 5562 τὰς
2389 5497 2736 5576 ὑποσχὲσεις.
2764 5500 2840 5557 Τὸ
2873 5495 2953 5567 δὲ,
2985 5496 3218 5576 πληροῖ,
3250 5497 3356 5554 ἀπὸ
3398 5501 3585 5553 κοινοῦ
3606 5496 3803 5572 νόησαι
