4158 6194
372 318 488 377 933

1331 318 1743 381 OOMMENT.
1792 317 1873 378 IN
1919 315 2168 378 EPIST.
2216 313 2268 376 Ιῐ
2311 315 2414 376 AD
2460 316 2822 378 CORINTH.

3665 324 3786 387 934

372 454 482 503 τῶν
512 452 681 523 τριῶν
711 449 1024 524 προσώπων
1082 455 1183 518 τῆς
1244 455 1370 523 μιᾶς
1428 449 1705 520 θεότητος.
1754 450 1880 507 Ὅτι
1912 468 2027 528 φει-

2144 447 2541 521 designaverit
2579 449 2923 506 Trinitatem
2951 467 2964 505 :
3004 452 3179 506 Pater
3203 452 3302 524 qui
3336 456 3650 512 conﬁrmat
3678 473 3788 514 nos

379 536 610 613 διέμενος
640 538 817 611 ὑμῶν.
852 562 880 591 ››
913 539 1061 596 Ἀνω
1109 539 1275 594 εἰπὼν
1336 536 1426 594 διὰ
1454 540 1517 594 τὸ
1552 541 1627 613 μὴ
1664 538 1808 614 ἔχειν
1837 537 2028 594 ἑαυτοῦ

376 627 614 698 ἐξουσίαν
672 627 927 703 ἀλλαχοῦ
988 627 1318 690 ἀποσταλεὶς
1368 628 1471 683 ὑπὸ
1527 633 1625 684 τοῦ
1696 629 2028 702 Πνεύματος,

374 722 493 781 πῶς
522 723 614 771 νῦν
645 715 815 794 λὲγει,
856 744 880 770 ιι
915 716 1250 791 Φειδὸμενος
1286 718 1438 791 ὑμῶν
1473 718 1579 773 οὐκ
1607 717 1779 787 ἦλθον
1813 718 1888 779 εἰς
1921 716 2030 773 Κό-

375 819 591 884 ρινθον;
630 833 655 858 υ
684 809 787 864 Καί
846 808 1042 887 φαμὲν,
1101 810 1185 863 ὅτι
1242 809 1331 863 ὅτε
1376 806 1565 885 ἀφείθη
1603 808 1705 863 ὑπὸ
1733 812 1830 863 τοῦ
1862 806 2046 865 Πνεύ-’

377 918 545 971 ματος
600 895 883 965 ἀπελθεῖν,
944 895 1033 953 διὰ
1087 898 1148 952 τὸ
1202 894 1477 977 φειδεσθαι
1531 896 1631 953 οὐκ
1672 895 1932 963 ἀπῆλθεν.
1961 898 2030 953 ’11

376 988 511 1059 μετὰ
556 992 657 1056 τῆς
707 985 1003 1049 κωλύσεως
1064 990 1164 1042 τοῦ
1224 986 1558 1059 Ονεύματος,
1588 988 1678 1041 καὶ
1707 991 1870 1042 τοῦτο
1899 985 2032 1041 ἐσιώ-

373 1073 554 1134 λυσεν.
588 1076 659 1132 Ἦ
709 1077 799 1131 καὶ
857 1075 933 1138 εἷς
986 1080 1148 1132 τοῦτο
1209 1076 1298 1131 ὑπ’
1355 1075 1519 1131 αύτοῦ
1550 1076 1824 1145 ἐκωλύθη.
1858 1078 2027 1134 Ἦσαν

371 1164 475 1240 γὰρ
504 1186 642 1229 τινες
692 1164 1102 1240 ἁμαρτήσαντες
1158 1165 1248 1222 καὶ
1311 1167 1387 1238 μή
1453 1167 1899 1239 μετανοήσαντες,
1938 1165 2028 1220 καὶ

372 1256 659 1329 περιέμενε
688 1255 788 1323 τήν
843 1255 1131 1328 μετάνοιαν
1190 1255 1393 1322 αὐτῶν,
1450 1255 1542 1310 καὶ
1582 1253 1670 1310 διὰ
1698 1258 1860 1310 τοῦτο
1893 1253 2027 1323 εἶπε,

375 1369 402 1395 ι(
438 1343 797 1419 Φειδόμενος.
832 1369 860 1397 ››
889 1346 1287 1418 Ἐπετέτραπτο
1340 1341 1398 1401 δὲ
1450 1346 1618 1417 αυτῷ,
1648 1345 1737 1399 καὶ
1765 1350 2027 1420 τιμωρεῖ-

376 1444 494 1496 σθαι
554 1432 682 1496 τοὺς
742 1434 1166 1509 ἁμαρτάνοντας.
1228 1433 1326 1491 Καὶ
1390 1439 1652 1509 μαρτυρεῖ
1714 1432 1958 1507 Ἐλύμας
1998 1433 2027 1488 ὁ

377 1522 570 1597 μάγος.
611 1548 636 1573 «ι
670 1522 794 1598 Οὐχ
824 1522 905 1577 ὅτι
937 1526 1259 1597 κυριεύομεν
1294 1524 1446 1596 ὑμῶν
1478 1530 1578 1593 τῆς
1610 1523 1864 1586 πίστεως.
1900 1547 1928 1574 ι»
1960 1555 2028 1566 -

378 1615 541 1687 [ΦΩΤ
569 1614 588 1686 ]
620 1612 933 1680 Τουτέστίν,
982 1612 1137 1669 ’ἕνεκα
1194 1621 1294 1683 τῆς
1345 1612 1575 1675 πίστεως
1611 1612 1672 1669 ού
1704 1613 2024 1688 κυριεύομεν

373 1702 545 1774 ὑμῶν.
579 1703 735 1769 Οἷον,
794 1701 857 1757 οὐ
918 1699 1009 1757 διὰ
1072 1706 1236 1757 τοῦτο
1294 1702 1538 1776 ὲγένεσθε
1577 1701 1901 1771 πιστοῗ,⁶ίνα
1932 1725 2026 1758 κυ-

2141 538 2202 591 in
2234 538 2552 605 Christum,
2587 546 2644 593 et
2674 539 2772 610 qui
2806 540 2976 595 unxit
3009 557 3113 611 per
3149 541 3433 612 Spieitum
3488 552 3780 615 sanctum,

2138 626 2263 698 ipse
2291 627 2467 683 etiam
2498 628 2756 699 complet
2788 629 3093 701 promissa.
3130 632 3275 685 607
3322 632 3647 689 Dictionem
3678 652 3784 691 au-

2136 721 2256 770 tem
2289 717 2538 787 complet,
2572 734 2605 773 a
2635 719 2936 773 communi
2970 736 3147 775 sensu
3180 720 3514 780 subaudito.
3539 731 3782 795 propter

2138 820 2320 859 uuam
2346 806 2520 860 trium
2563 822 2948 877 personarum
2975 808 3363 864 divinitatem.
3390 832 3418 859 ‹‹
3453 811 3617 875 Quod
3649 829 3782 883 par-

2139 908 2279 947 cens
2311 893 2492 947 vobis.
2529 915 2558 943 »
2590 896 2734 950 Cum
2767 896 3040 966 suqerius
3071 896 3463 967 dixeritquod
3512 915 3632 953 suae
3665 916 3785 955 non

2135 981 2315 1036 fuerit
2343 984 2669 1053 potestatis.
2703 984 2819 1040 alio
2878 986 3093 1040 missus
3124 1002 3158 1041 a
3206 986 3444 1057 Spiritu.
3488 990 3784 1058 quomodo

2135 1087 2297 1126 nunc
2323 1070 2499 1126 dicit:
2524 1095 2552 1122 «
2578 1074 2833 1128 Parcens
2856 1073 3019 1128 vobis
3041 1091 3159 1129 non
3182 1077 3310 1129 veni
3333 1076 3681 1133 Corinthum
3704 1078 3731 1133 Ἰ
3753 1101 3780 1130 ››

2135 1160 2205 1215 Ει
2235 1159 2489 1216 dicimus
2516 1162 2673 1232 quod
2707 1162 2943 1233 quando
2982 1164 3307 1234 permissus
3354 1162 3466 1219 fuit
3494 1182 3529 1221 a
3559 1167 3781 1237 Spiritu

2124 1253 2201 1301 ‘ut
2230 1247 2726 1319 proficisceretur,
2751 1266 2819 1305 eo
2852 1251 3006 1321 quod
3033 1256 3301 1323 parceret
3329 1267 3449 1307 non
3483 1259 3572 1307 est
3591 1254 3783 1326 profe-

2136 1342 2286 1393 ctus.
2318 1340 2435 1392 Aut
2461 1354 2578 1393 una
2609 1355 2744 1394 cum
2776 1338 3027 1411 Spiritus
3058 1340 3457 1411 prohibitione
3492 1342 3670 1398 etiam
3722 1343 3783 1397 id

2136 1425 2564 1497 impedimento
2613 1427 2743 1483 fuit.
2776 1432 2894 1484 Aut
2923 1430 3100 1483 etiam
3147 1429 3209 1484 in
3239 1429 3351 1485 hoc
3381 1430 3452 1485 ab
3486 1432 3612 1503 ipso
3644 1447 3783 1503 pro—

2136 1513 2359 1571 hibitus
2389 1523 2498 1571 est.
2532 1518 2714 1574 Erant
2758 1520 2917 1573 enim
2958 1519 3198 1590 quidam
3246 1520 3344 1591 qui
3397 1526 3785 1591 peccaverant

2135 1621 2245 1661 nec
2268 1607 2665 1679 resipuerant,
2698 1608 3025 1680 horumque
3068 1611 3394 1682 expectavit
3423 1612 3779 1684 resipiscen-

2135 1695 2299 1759 tiam,
2333 1702 2391 1752 et
2420 1705 2734 1770 propterea
2765 1699 2932 1764 dixit,
2968 1720 2996 1749 ‹‹
3030 1701 3304 1756 Parcens.
3342 1727 3362 1754 ι
3418 1702 3780 1757 Permissum

371 1790 629 1865 ριεύησθε
656 1792 745 1846 καὶ
777 1799 1099 1866 τιμωρῆσθε
1158 1792 1243 1866 ὑφ’
1300 1793 1484 1864 ἡμῶν.
1520 1790 1583 1849 Εἰ
1613 1792 1712 1867 γὰρ
1742 1794 1830 1847 καὶ
1864 1797 2027 1848 τοῦτο

2135 1793 2332 1841 autem
2359 1788 2410 1842 ei
2435 1787 2630 1843 fuerat
2649 1794 2716 1844 ut
2745 1789 2922 1844 etiam
2958 1790 3374 1862 delinquentes
3398 1792 3657 1863 puniret,
3690 1808 3786 1847 cu-

369 1881 459 1949 ἧν,
492 1879 669 1947 αὐτοὶ,
726 1879 914 1957 φησὶν,
948 1879 999 1935 ἐν
1038 1884 1108 1953 τῇ
1142 1879 1317 1936 πίστει
1352 1881 1633 1951 ἑστήκατε,
1664 1880 1754 1936 καὶ
1787 1881 1886 1937 ούκ
1913 1877 2024 1937 ἔστι

373 1967 535 2049 χρεία
564 1966 782 2050 φειδοῦς
814 1969 849 2040 ἢ
881 1969 1176 2043 τιμωρίας,
1230 1971 1392 2045 χάριν
1423 1971 1525 2039 τῆς
1554 1972 1809 2031 πίστεως.
1845 1974 2022 2029 Τοῦτο

375 2057 433 2114 δὲ
487 2057 622 2127 λὲει,
675 2057 937 2123 ἀντίθεσιν
993 2056 1141 2113 λύων
1201 2056 1462 2114 δοκοῦσαν
1534 2059 1875 2116 ἀνακύπτειν.
1934 2062 2025 2124 Ὠς

377 2148 478 2222 γὰρ
526 2146 681 2203 ἐνίων
734 2146 1103 2224 διαγανακτεῖν
1164 2147 1477 2223 μελλόντων
1518 2150 1609 2204 καὶ
1642 2148 1927 2223 λεγόντων,
1955 2149 2021 2208 Ίί

420 2238 578 2312 ἑγεις,
610 2235 692 2292 ὅτι
748 2235 941 2317 ἐφείσω
998 2240 1206 2311 enm;
1261 2240 1404 2312 Ἀρα
1458 2238 1559 2312 γαρ
1604 2235 1692 2292 δὲ
1721 2243 1882 2294 τοῦτο
1915 2238 2028 2293 ἐπι-

376 2326 690 2402 στεύσαμεν,
742 2325 837 2382 ’ίνα
894 2328 1178 2400 ἀκούωμεν
1263 2327 1410 2402 παρὰ
1493 2331 1589 2382 cro-3
1668 2329 1751 2382 δτι
1828 2326 2025 2405 ἐφείσω

372 2419 533 2491 ἡμῶν
563 2435 578 2487 ;
610 2416 676 2474 Εἰ
706 2416 809 2493 γὰρ
842 2417 918 2490 μή
960 2415 1177 2493 ἐφείσω,
1225 2415 1276 2471 τί
1336 2416 1590 2483 πάντωςς
1624 2414 1888 2480 Ξκόλασας
1922 2415 2022 2486 ἇνς

371 2505 633 2567 Βασάνοις
663 2503 925 2575 ἐξέδωκας
951 2530 965 2574 ς
993 2502 1087 2561 ’ίνα
1139 2503 1232 2560 οὖν
1272 2506 1349 2579 μὴ
1380 2508 1545 2560 ταῦτα
1578 2503 2021 2580 ὃιαλογίσωνται,

371 2601 738 2674 προαπαντῶν
799 2594 968 2673 λέγει.
1030 2596 1145 2654 Οὐκ
1218 2596 1373 2651 εἶπον
1431 2598 1515 2664 τὸ,
1603 2620 1630 2649 ‹‹
1690 2594 2024 2670 Φειδόμενος

375 2687 546 2760 ὑμῶν,
583 2711 610 2737 υ
642 2686 717 2747 ὡς
775 2682 932 2741 ἕνεκα
988 2693 1087 2756 τῆς
1147 2684 1380 2748 πίστεως
1440 2680 1623 2741 λαϐὼν
1666 2685 1908 2755 ἐξουσίαν
1934 2687 2023 2742 καὶ

371 2777 672 2851 κυριότητα
701 2774 782 2855 ἐφ’
825 2777 967 2849 ὑμᾶς
1025 2776 1114 2829 καὶ
1168 2780 1265 2830 τοῦ
1318 2775 1570 2844 κολάζειν
1601 2775 1690 2829 καὶ
1723 2780 1817 2830 τοῦ
1848 2773 2024 2855 φείδε-

374 2877 518 2933 σθαι,
557 2863 725 2933 ἀλλά,
759 2890 785 2916 ι(
825 2862 1159 2936 Φειόόμενος
1193 2887 1221 2915 ››
1281 2863 1454 2931 εῗπον,
1516 2865 1592 2936 μή
1654 2861 1826 2928 θὲλων
1885 2865 2022 2936 ὑμᾶς

372 2956 711 3026 λυπηθῆναι.
744 2954 809 3011 Εἰ
842 2954 946 3029 γὰρ
995 2954 1167 3023 ἦλθον
1229 2952 1333 3028 ἐγὼ
1388 2951 1759 3026 λυπούμενος,
1788 2950 1912 3008 οἶδα
1941 2953 2024 3009 δτι

373 3046 462 3102 καὶ
498 3046 651 3102 αὐτοῖ
685 3044 976 3121 βλέποντές
1039 3066 1106 3119 με
1159 3044 1525 3118 λυπούμενον,
1584 3043 1898 3116 ἐλυπήθητε
1940 3041 2022 3101 ἄν.

374 3137 514 3210 Ἐγὼ
548 3134 603 3192 δὲ
629 3135 960 3202 τούναντῖον,
1006 3139 1183 3210 χαρᾶς
1215 3134 1329 3207 εἰμὶ
1388 3134 1639 3210 συνεργὸς
1670 3134 1821 3206 ὑμῶν
1856 3155 2023 3188 πνευ-
2060 3173 2103 3237 C

551 3232 578 3237 μ
704 3225 728 3237 ιι
903 3218 927 3237 91
1132 3222 1157 3237 ιι
1285 3227 1310 3237 ν
1357 3230 1366 3237 ι
1500 3228 1525 3237 υ
1607 3222 1619 3237 Ι
1797 3217 1821 3237 Ἰ
1979 3222 2027 3237 ςι-

378 3232 633 3299 ματικῆς,
695 3225 730 3295 ἢ
786 3246 869 3287 τις
902 3218 1071 3292 ἔσται,
1132 3222 1189 3278 ἂν
1217 3227 1314 3278 τοῦ
1348 3222 1651 3283 λυποῦντός
1685 3244 1752 3296 με
1795 3217 1954 3298 ἔργου
1977 3222 2027 3293 ἐξ

377 3317 525 3388 ὑμῶν
559 3314 834 3391 ἀρθέντος,
889 3309 1034 3377 ἔλθω
1089 3312 1222 3387 μετά
1270 3318 1443 3388 χαρᾶς
1486 3311 1622 3387 πρὸς
1656 3312 1817 3386 ὑμᾶς.
1849 3315 2029 3387 Χαρή-

374 3406 525 3460 σεσθε
582 3405 683 3480 γὰρ
746 3405 837 3460 καὶ
922 3402 1075 3476 ὑμεῖς
1134 3399 1203 3456 δι’
1285 3402 1383 3474 ἐμὲ
1440 3407 1843 3472 πνευματικῶς.
1899 3401 2031 3457 Εἶτα

376 3496 556 3571 ὥσπερ
585 3495 962 3570 ἐπαποροῦντό
987 3514 1154 3560 τινος,
1202 3492 1271 3550 Τί
1301 3491 1431 3560 οὗνς
1489 3492 1704 3570 φεύγεις
1731 3492 1819 3547 καὶ
1855 3498 2031 3565 μισεῖς

370 3586 434 3641 τὸ
467 3585 662 3659 λυμεῖν
705 3587 854 3658 ἡμᾶς
886 3603 898 3653 ;
932 3582 1097 3638 πάλιν
1128 3582 1338 3659 ἒπάγει.
1374 3582 1491 3639 Οὐκ
1526 3581 1631 3646 ἀεὶ,
1664 3582 1850 3658 φησῖν,
1881 3581 2028 3639 ἀλλὰ

375 3675 691 3731 τουναντίον
725 3673 897 3730 ἐνίοτε
926 3674 1016 3727 καὶ
1080 3669 1265 3726 διώκω
1324 3670 1415 3724 καὶ
1474 3669 1683 3744 στέργω
1715 3671 1868 3738 αὐτὸ,
1903 3671 2029 3728 ὅταν

374 3761 466 3820 διὰ
524 3769 620 3820 τοῦ
679 3763 933 3820 λυπεῖσαι
989 3763 1150 3835 ὑμᾶς,
1204 3756 1395 3835 κέρδος
1452 3759 1685 3832 εὑρίσκω
1715 3762 1816 3829 τήν
1847 3782 2029 3831 σωτηο

375 3853 491 3928 ρίαν
529 3854 700 3925 ὑμῶν.
765 3853 883 3911 Οὐκ
941 3850 1022 3906 ἀεὶ
1082 3848 1140 3905 δὲ
1197 3847 1341 3913 θέλω
1374 3847 1658 3903 λυπεῖσθαι
1694 3848 1853 3920 ὑμᾶς,
1886 3847 2030 3905 ἀλλά

375 3938 767 4014 διορθωθέντας
834 3939 1048 4014 μᾶλλον
1092 3936 1145 3993 ἐν
1194 3940 1342 4013 χαρᾷ
1389 3937 1479 3990 καὶ
1520 3934 1837 4010 ἀγαλλιάσει
1872 3937 2028 3995 εἶναι.

376 4057 403 4085 et
437 4030 619 4091 Ἀλλά
667 4031 915 4107 συνεργοί
974 4030 1149 4103 ἐσμεν.
1192 4052 1222 4082 ››
1279 4024 1502 4097 Ἐπειδή
1561 4027 1822 4091 ἀπονοίας
1855 4025 2028 4085 ἐδόκει

376 4123 528 4189 εἶναι,
557 4122 619 4178 τὸ
652 4123 846 4189 εἰπεῖν,
908 4147 934 4173 ‹‹
985 4117 1319 4191 Φειδόμενος
1362 4116 1534 4190 ὑμῶν.
1588 4140 1615 4168 ››
1646 4116 1903 4175 Ἐκείνων
1927 4118 2028 4194 γάρ

371 4232 454 4273 τις
500 4209 735 4291 φείδεται
791 4213 865 4266 ὢν
927 4206 1044 4286 ἔχει
1101 4210 1199 4277 τήν
1264 4206 1530 4277 ἐξουσίαν,
1563 4206 1843 4277 θεραπεύει
1876 4207 2027 4276 αὐτὸ,

374 4300 464 4358 καί
495 4285 680 4379 ιρὴσιν,
739 4325 766 4356 α
813 4300 889 4359 Ού
947 4296 1037 4354 διὰ
1084 4297 1147 4353 τὸ
1204 4295 1444 4367 ἐξουσίαν
1488 4290 1635 4369 ἔχειν
1668 4298 1768 4360 τῆς
1798 4295 2031 4358 πίστεως

376 4390 552 4463 ὑμῶν,
587 4414 616 4441 ››
649 4390 800 4444 εἶπον
844 4388 928 4455 τὸ,
1002 4411 1030 4439 ‹‹
1083 4381 1437 4457 Φειδὸμενοςο
1492 4405 1520 4432 ››
1571 4380 1828 4454 (Γνώμης
1858 4381 1961 4458 γάρ
1992 4384 2027 4452 ἡ

379 4477 559 4539 πίστις
616 4479 704 4533 καὶ
764 4477 1158 4552 προαιρέσεως,
1219 4472 1311 4528 καὶ
1370 4467 1550 4532 οὐδεὶς
1609 4469 1899 4545 ἀναγκάζει
1937 4492 2027 4526 πι-

374 4573 587 4624 στεῦσαι
669 4569 759 4623 τὸν
848 4567 1091 4640 ἄκοντασ)
1132 4561 1303 4620 ,ἀλλ’
1391 4557 1603 4629 ἐπειδὴ,
1682 4583 1711 4613 ‹‹
1770 4560 2029 4637 Συνεργοί

373 4657 531 4732 ἐσμεν
564 4664 664 4726 τῆς
692 4663 866 4733 χαρᾶς
901 4658 1072 4729 ὑμῶν,
1110 4677 1135 4708 υ
1169 4651 1259 4708 δ’ιά
1287 4656 1451 4708 τοῦτο
1484 4650 1663 4716 εἶπον,
1697 4675 1722 4701 (ι
1761 4648 2032 4726 Φειδομε-

373 4769 462 4809 νος
492 4748 647 4821 ὑμῶν
704 4771 733 4798 ››
790 4745 856 4801 Τί
913 4742 970 4799 δὲ
1021 4744 1133 4799 ἐστι
1190 4746 1377 4807 τοῦτο,
1412 4739 1531 4815 ὅρα.
1567 4739 2029 4814 Εὐφραινὸμενος,

376 4838 557 4914 φησὶν,
591 4835 668 4897 είς
727 4835 866 4909 ὑμᾶς
922 4834 1048 4908 ἐγὼ,
1110 4836 1353 4907 συνεργῶ
1413 4829 1539 4902 ὑμῖν
1572 4828 1645 4891 εἷς
1677 4829 1739 4884 τὸ
1768 4830 1857 4884 καὶ
1892 4831 2032 4901 ὑμᾶς

375 4926 586 5001 χαίρειν
616 4924 704 4980 ἐπὶ
735 4928 801 4997 τῇ
835 4924 941 4997 ἐμῇ
974 4921 1044 4977 δι’
1095 4922 1234 4995 ὑμᾶς
1283 4918 1603 4996 εὐφροσύνῃ.
1638 4917 1701 4974 Ei
1732 4919 1823 4973 οὗν
1855 4918 2027 4989 ἦλθον

376 5011 466 5069 διὰ
512 5015 639 5075 τοὺς
692 5014 1111 5090 ἁμαρτήσαντας
1170 5008 1361 5083 μηκέτι
1437 5008 1529 5080 μὲν
1584 5008 2025 5084 εύρραινόμενος,

373 5105 582 5158 πενθῶν
614 5101 691 5173 3‘s,
725 5102 802 5164 εἷς
837 5098 1014 5173 Ιιύπην
1065 5100 1153 5155 καὶ
1210 5099 1351 5171 ὑμᾶς
1396 5091 1656 5153 ἒϐαΛλον.
1688 5099 2025 5175 Ἐιρεισάμην

374 5193 464 5248 οὖν
512 5192 706 5258 ἐλθεῖν,
745 5193 833 5247 ἳνα
897 5193 974 5266 μὴ
1025 5188 1292 5261 πρόφασις
1343 5188 1468 5261 ὑμῖν
1503 5183 1732 5258 ἀθυμίας
1762 5186 2024 5261 γένωμαι.

375 5307 402 5335 ‹‹
436 5286 521 5357 Τῇ
554 5283 655 5358 γὰρ
684 5283 861 5337 πίστει
910 5282 1188 5352 ἑστήκατε.
1247 5302 1273 5329 ι)
1315 5275 1499 5334 Ε’πὼν
1552 5275 1636 5330 δτι
1689 5299 1717 5327 ί(
1747 5279 1816 5348 τῇ
1850 5275 2024 5334 πίστει

372 5370 657 5442 ἑστήκατε,
693 5369 940 5451 ἐμφαίνει
989 5369 1073 5425 ὅτι
1120 5367 1209 5422 καὶ
1253 5364 1306 5421 ἐν
1357 5363 1551 5426 ἄλλοις
1602 5361 1964 5439 ἐσεάλλοντο,
1997 5364 2028 5421 ὅ

371 5462 458 5518 καὶ
507 5450 796 5542 σαφηνίζει
826 5459 1049 5527 κατιὼν,
1082 5458 1132 5513 ἐν
1159 5460 1239 5528 τῷ
1276 5454 1422 5511 τὲλει
1455 5450 1805 5523 Ἐπιστολῆς.

2125 1875 2229 1947 jus
2260 1876 2346 1930 rei
2381 1878 2546 1935 te:tis
2578 1894 2815 1949 quoque
2846 1886 2936 1934 est
2979 1881 3215 1952 Elymas
3261 1897 3466 1954 magus
3497 1883 3560 1935 ίτ.
3594 1904 3617 1931 τι
3651 1881 3779 1935 Non

2132 1964 2292 2035 quod
2321 1965 2701 2023 dominemur
2730 1968 2866 2024 fidei
2900 1976 3127 2025 vestrae.
3155 1993 3182 2020 ››
3210 1971 3327 2025 Hoc
3360 1977 3467 2039 est,
3493 1969 3566 2025 ob
3599 1970 3778 2025 fidem

2131 2070 2250 2109 non
2280 2053 2663 2112 dominamur
2709 2057 2913 2114 vobis:
2950 2060 3068 2114 sive
3117 2076 3240 2115 non
3280 2066 3593 2131 propterea
3641 2059 3780 2115 facti

2132 2144 2274 2200 estis
2306 2145 2533 2217 ﬁdeles,
2566 2155 2631 2203 ut
2659 2148 3097 2221 subjiceremini
3131 2167 3200 2205 ac
3230 2149 3593 2221 pnniremini
3626 2165 3781 2205 ano-

2130 2233 2242 2289 bis.
2269 2236 2413 2291 Nam
2441 2237 2489 2291 si
2523 2237 2701 2292 etiam
2733 2237 2792 2292 id
2822 2238 3048 2302 fuisset,
3084 2239 3219 2310 ipsi,
3253 2238 3465 2310 inquit,
3510 2237 3626 2295 fide
3657 2247 3780 2295 ste-

2133 2323 2308 2388 tistis,
2348 2341 2459 2382 nec
2488 2343 2638 2398 Opus
2661 2334 2752 2382 est
2775 2344 3018 2400 parcere
3049 2336 3151 2384 aut
3169 2329 3380 2401 punire
3413 2345 3591 2385 causa
3618 2329 3786 2389 fidei.

2132 2414 2250 2470 Hoc
2279 2423 2477 2472 autem
2502 2416 2647 2473 dicit
2672 2424 3073 2492 emergentem
3097 2419 3331 2475 solvens
3355 2419 3782 2491 objectionem.

2130 2503 2429 2575 Tanquam
2462 2506 2621 2561 enim
2652 2507 2836 2562 futuri
2867 2514 3066 2564 essent
3095 2508 3197 2580 qui
3230 2508 3685 2581 indignarentur
3713 2525 3783 2565 ac

2132 2593 2433 2650 dicerent:
2467 2595 2615 2660 Quid
2669 2596 2778 2666 ais,
2829 2597 2986 2669 quod
3044 2598 3216 2652 nobis
3263 2598 3652 2669 peperceris?
3690 2602 3780 2653 An

2130 2690 2446 2756 propterea
2476 2684 2839 2741 credidimus
2871 2693 2933 2741 ut
2963 2692 3077 2741 ate
3110 2685 3452 2741 audiremus
3491 2686 3650 2757 quod
3685 2703 3781 2757 pe-

2131 2772 2426 2840 percisses
2456 2773 2675 2829 nobis?
2731 2774 2896 2839 Quod
2946 2774 2993 2829 si
3041 2790 3162 2828 non
3210 2774 3597 2845 pepercisses,
3636 2775 3779 2844 quid

2133 2863 2337 2933 utique
2358 2862 2386 2917 ‘?
2402 2879 2476 2918 an
2503 2864 2776 2934 punisses
2795 2881 2902 2918 nos
2917 2864 2945 2918 ‘P
2965 2881 3041 2918 au
3064 2864 3372 2935 suppliciis
3398 2864 3781 2920 tradidisses?

2133 2951 2212 3005 Ne
2246 2951 2425 3020 igitur
2454 2952 2580 3005 limo
2611 2951 2888 3023 cogitent,
2921 2952 3323 3023 prmoccurrit,
3379 2952 3619 3009 dicens:
3654 2956 3779 3009 Non

2134 3038 2253 3092 dixi
2282 3056 2294 3092 :
2320 3060 2347 3089 «
2381 3042 2637 3095 Parcens
2676 3040 2860 3110 vobis,
2897 3061 2919 3091 ν
2955 3057 3022 3096 ac
3054 3041 3100 3095 si
3146 3042 3460 3096 occasione
3500 3042 3637 3097 fidei
3672 3059 3780 3114 po-

2134 3137 2407 3187 testatem
2439 3148 2508 3187 ac
2550 3132 2883 3188 dominium
2916 3134 2976 3189 in
3026 3152 3124 3190 vos
3173 3136 3534 3207 accepissem
3583 3141 3637 3191 et
3669 3154 3784 3208 pu-

2133 3220 2335 3275 niendi
2369 3227 2427 3276 et
2454 3223 2756 3293 parcendi,
2791 3223 2914 3289 sed,
2950 3242 2974 3266 «
3007 3226 3281 3289 Parcens,
3318 3247 3345 3274 »
3377 3224 3519 3294 dixi,
3573 3225 3784 3281 nolens

2134 3325 2234 3364 vos
2266 3310 2623 3366 contristari.
2679 3312 2734 3365 Si
2769 3312 2927 3366 enim
2975 3312 3184 3385 lugens
3215 3313 3287 3368 ad
3317 3331 3417 3369 vos
3470 3315 3783 3383 venissem,

2136 3398 2257 3454 scio
2285 3399 2442 3470 quod
2473 3401 2583 3471 ipsi
2618 3417 2852 3473 quoque
2881 3402 3147 3458 videntes
3178 3420 3271 3458 me
3305 3402 3629 3476 lugentem,
3663 3404 3785 3459 uti-

2138 3505 2252 3560 que
2284 3489 2619 3545 luxissetis:
2652 3506 2756 3563 ego
2806 3496 3004 3547 autem
3037 3510 3068 3549 e
3101 3492 3331 3547 diverso
3381 3494 3621 3565 adjutor
3646 3510 3779 3549 sum

2136 3579 2461 3650 spiritualis
2491 3580 2691 3653 gaudii
2721 3582 2898 3636 vestri
2931 3582 3088 3653 quod
3127 3583 3258 3653 erit,
3294 3582 3340 3637 si
3368 3600 3567 3655 opere,
3621 3583 3779 3655 quod
3840 3628 3843 3635 .

2135 3686 2229 3724 me
2261 3671 2623 3737 constristat,
2648 3671 2881 3728 sublato
2912 3690 2947 3729 a
2974 3673 3162 3735 vobis,
3187 3690 3403 3728 venero
3426 3674 3499 3728 ad
3524 3691 3621 3728 vos
3645 3689 3782 3729 cum

2133 3757 2367 3829 gaudio.
2403 3758 2707 3830 Siquidem
2740 3777 2845 3816 vos
2866 3776 3103 3831 quoque
3128 3776 3361 3814 mecum
3394 3760 3787 3830 spiritualiter

2134 3848 2486 3917 gaudebitis.
2512 3851 2737 3905 Deinde
2760 3856 3043 3921 tanquam
3066 3849 3461 3904 subdubitans
3488 3849 3785 3920 quispiam

2135 3937 2397 3994 diceret:
2430 3938 2580 4004 Quid
2611 3956 2748 4011 ergo
2770 3940 2796 3994 ‘2
2834 3939 2989 4011 fugis
3032 3955 3100 3994 ac
3139 3938 3454 3994 detestaris
3488 3938 3647 4009 quod
3677 3955 3787 3994 nos

2136 4044 2491 4084 mcereamus
2512 4029 2540 4083 ?
2566 4044 2803 4084 rursum
2846 4028 3151 4100 subJungit
3174 4045 3187 4083 :
3214 4030 3338 4085 Non
3390 4044 3646 4101 semper,
3680 4028 3784 4085 sed

2136 4119 2445 4190 Oppositis,
2478 4118 2688 4190 inquit,
2725 4119 2918 4175 modis
2940 4119 3199 4191 idipsum
3232 4120 3530 4177 interdum
3566 4126 3623 4175 et
3653 4137 3785 4192 pro-

2138 4223 2355 4278 sequor
2385 4213 2442 4263 et
2471 4223 2626 4276 amo,
2660 4207 2897 4279 quando
2932 4226 3003 4265 ex
3034 4209 3193 4266 lectu
3222 4217 3411 4266 vestro
3438 4211 3670 4266 lucrum
3695 4210 3783 4263 in-

2135 4296 2331 4364 venio,
2364 4312 2580 4368 nempe
2625 4304 2879 4354 vestram
2929 4299 3202 4356 salutem.
3237 4303 3363 4356 IVon
3414 4315 3649 4370 semper
3678 4315 3785 4353 au-

2136 4392 2256 4441 tem
2288 4402 2388 4441 vos
2418 4386 2760 4444 contristari
2808 4389 2962 4459 volo,
3011 4391 3114 4446 sed
3169 4389 3518 4445 emendatos
3566 4389 3783 4460 potius,

2136 4475 2199 4530 in
2232 4475 2446 4548 gaudio
2479 4482 2539 4532 et
2566 4478 2930 4536 exultatione
2964 4497 3113 4535 esse.
3148 4502 3170 4531 α
3204 4480 3315 4535 Sed
3347 4479 3650 4550 adjutores
3682 4491 3791 4533 su-‘

2138 4581 2290 4620 mus.
2327 4587 2355 4616 »
2388 4565 2676 4631 Quoniam
2728 4569 3079 4642 arrogantia:
3129 4569 3439 4624 videbatur
3470 4584 3599 4622 esse
3626 4567 3784 4637 quod

2143 4654 2404 4711 dixerat:
2443 4678 2470 4706 (ι
2501 4658 2758 4714 Parcens
2786 4658 2970 4714 vobis.
3004 4681 3030 4708 υ
3062 4659 3213 4715 608
3243 4659 3368 4714 Illis
3400 4658 3560 4714 enim
3599 4657 3790 4729 parcit

2143 4746 2438 4817 quispiam
2483 4764 2662 4819 super
2708 4765 2858 4819 quos
2906 4749 3319 4804 auctoritatem
3374 4748 3570 4815 habet,
3616 4739 3788 4802 curat

2140 4836 2270 4898 hoc,
2304 4842 2363 4891 et
2392 4836 2511 4891 ait:
2546 4858 2574 4887 ‹‹
2608 4838 2733 4892 Non
2760 4837 2917 4908 quod
2951 4843 3299 4909 potestatem
3333 4838 3581 4893 habeam
3624 4837 3684 4891 in
3717 4837 3786 4892 fi-

2141 4924 2273 4979 dem
2333 4931 2456 4979 vest
2490 4942 2605 4987 am,
2641 4947 2670 4975 ››
2718 4926 2860 4992 dixi,
2894 4950 2920 4975 ‹‹
2970 4928 3223 4981 Parcms
3272 4926 3477 4993 vobis;
3514 4948 3541 4976 »
3590 4926 3787 4995 {Fides

2139 5013 2432 5083 siquidem
2468 5014 2682 5069 mentis
2713 5022 2802 5069 est
2827 5031 2894 5070 ac
2928 5015 3273 5071 electionis:
3330 5033 3439 5072 nec
3488 5015 3786 5087 quispiam

2139 5102 2441 5157 nolentem
2472 5103 2626 5176 cogit
2655 5102 2730 5158 ad
2778 5104 3164 5175 credendum)
3194 5120 3208 5171 ;
3241 5104 3343 5160 sed
3386 5106 3527 5177 quia
3556 5127 3583 5155 ‹‹
3614 5105 3787 5175 θάλος

2139 5196 2316 5256 tores,
2377 5192 2573 5262 inquit
2649 5208 2852 5248 sumus
2905 5194 3103 5266 gaudii
3158 5195 3357 5262 vestri,
3394 5217 3420 5243 »
3471 5200 3787 5266 prepterea

2137 5282 2278 5347 dixi,
2316 5307 2343 5334 (ι
2374 5286 2629 5340 Parcens
2659 5286 2840 5343 vobis.
2878 5309 2905 5335 ι»
2947 5289 3016 5341 Et
3050 5288 3449 5344 animadverte
3497 5286 3781 5357 quidnam

2134 5372 2247 5429 hoc
2280 5374 2373 5430 sit.
2408 5375 2524 5447 Ego
2580 5375 2794 5448 inquit,
2827 5376 2984 5432 circa
3027 5393 3130 5432 vos
3179 5378 3532 5441 oblectatus,
3582 5376 3642 5429 in
3675 5375 3786 5428 hoc

2135 5461 2299 5516 vobis
2337 5463 2558 5518 auxilio
2586 5481 2740 5532 sum,
2792 5472 2857 5520 ut
2883 5481 2984 5521 vos
3023 5466 3328 5538 gaudeatis
3375 5466 3437 5520 in
3468 5481 3621 5531 mea,
3650 5478 3782 5534 qua!

369 5560 611 5628 propter
641 5571 744 5611 vos
803 5558 912 5623 est,
963 5548 1375 5608 oblectatione.
1411 5545 1467 5600 Si
1525 5560 1661 5618 ergo
1692 5544 2011 5616 venissem,
2058 5556 2302 5624 propter
2358 5568 2458 5608 eos
2516 5553 2615 5624 qui
2670 5561 3064 5626 peccaverant
3114 5570 3495 5628 nequaquam
3553 5551 3786 5629 gavisus

447 5668 493 5712 ι⁷
522 5675 650 5731 Act.
691 5686 812 5741 xm,
842 5671 895 5727 8.
