4156 6200
452 365 566 425 935
1583 359 1822 422 CECUU
1841 359 1990 420 EN"
2039 361 2086 418 Τ

2201 359 2342 420 ΞΟλΕ
2389 357 2737 422 EPISCOPI
3747 355 3886 418 93B

451 500 696 556 fuissem
725 519 736 554 :
771 499 977 564 lugens
1007 501 1228 559 autem,
1261 513 1359 552 vos
1391 511 1625 568 quoque
1657 497 1716 552 in
1747 495 1972 552 luctum
2005 495 2420 568 conjecissem.
2451 495 2694 567 Peperci
2728 510 2864 567 ergo
2900 497 2958 549 et
2995 493 3253 549 abstinui
3297 509 3332 548 a
3363 492 3754 565 profectione,
3789 508 3882 548 ne

451 591 616 644 vobis
648 587 873 644 occasio
907 603 1099 642 essem
1137 587 1410 644 tristitiae.
1447 611 1472 634 «ι
1509 588 1652 642 Nam
1689 586 1802 640 {ide
1853 586 2040 640 statis.
2073 612 2092 634 ι
2129 584 2378 640 Diceus:
2414 610 2440 635 ι(
2479 585 2616 640 Fide
2667 585 2856 654 statis,
2911 607 2938 634 »
2967 584 3225 640 ostendit
3256 583 3414 656 quod
3445 584 3504 638 in
3545 583 3684 639 aliis
3719 581 3886 654 lapsi

449 684 644 733 essent
677 676 832 748 quod
865 677 1044 730 etiam
1073 677 1132 731 in
1163 675 1551 747 sequentibus
1583 675 1942 744 manifestat,
1975 691 2188 746 nempe
2223 675 2284 730 in
2313 675 2430 730 fine
2464 675 2758 746 Epistolas.

523 769 592 832 ll,
627 769 742 820 1-3.
780 767 886 821 Sed
934 766 1034 821 hoc
1082 767 1296 822 decrevi
1344 767 1494 836 apud
1541 768 1933 834 memetigsum,
1983 781 2093 820 non
2125 769 2176 832 Α

447 860 648 912 iterum
680 873 802 912 cum
835 873 1058 911 interere
1105 857 1178 910 (ιιί
1205 873 1296 912 vos
1327 858 1530 910 venire.
1585 857 1722 910 Nam
1751 858 1798 910 si
1827 872 1925 924 ego
1965 871 2092 910 mw-

445 963 568 1001 γωέ
596 963 688 1000 vos
719 949 982 1014 afﬁciam.
1017 952 1068 1000 et
1104 948 1226 1015 quis
1257 953 1332 1001 est
1364 948 1462 1016 qui
1479 945 1749 1000 exhilaret
1771 961 1870 1008 me,
1905 946 2016 999 nisi
2047 947 2096 999 is

447 1039 544 1105 qui
582 1051 810 1090 mwrore
859 1037 1106 1103 afﬁcitur
1149 1037 1378 1089 8.121718?
1425 1037 1493 1089 Et
1525 1034 1623 1088 hoc
1675 1033 1850 1104 ipsum
1901 1031 2096 1102 scripsi

451 1125 616 1188 vobis,
653 1141 717 1178 ne
747 1125 797 1179 si
825 1125 1088 1178 venissem
1119 1124 1192 1178 ad
1215 1141 1325 1186 vos,
1358 1124 1602 1178 dolorem
1633 1140 1881 1193 caperem
1911 1139 1979 1176 ea:
2009 1121 2094 1177 his

447 1231 514 1268 0.1:
544 1215 739 1284 quibus
765 1213 1048 1284 oportebat
1098 1231 1180 1268 me
1212 1229 1403 1283 capere
1434 1213 1788 1283 voluptatem,
1835 1211 2096 1280 ﬁduciam

444 1305 584 1358 hanc
615 1303 817 1358 habens
848 1319 979 1372 erga
1025 1319 1116 1358 vos
1160 1319 1360 1372 omnes,
1403 1305 1552 1373 quod
1597 1318 1776 1358 meum
1803 1301 2092 1371 gaudium,

444 1395 512 1446 sit
545 1393 788 1446 omnium
809 1399 1068 1448 vestrum.

517 1481 681 1546 Quod
708 1481 809 1550 ait,
865 1505 892 1530 ‹‹
939 1483 1181 1546 lterum,
1215 1503 1242 1530 »
1300 1481 1562 1536 ostendit
1600 1481 1728 1552 jam
1762 1497 1822 1536 se
1857 1495 2092 1552 quoque

445 1587 692 1626 mzerore
724 1577 966 1642 propter
992 1587 1092 1625 eos
1125 1570 1306 1626 fuisse
1339 1571 1636 1626 affectum.
1670 1593 1697 1620 ιι
1731 1571 1875 1626 Nam
1910 1571 1956 1624 si
1989 1585 2091 1642 ego

443 1677 694 1716 mmrore
738 1676 834 1714 vos
882 1659 1160 1714 afﬁciam.
1199 1681 1218 1709 ι
1259 1661 1392 1714 Haec
1431 1659 1609 1714 dictio
1641 1657 1690 1712 εἷ’
1720 1659 1850 1729 capi
1899 1663 2096 1730 potest

443 1764 546 1818 pro
579 1747 706 1812 ε”τε,
741 1749 798 1803 id
831 1755 939 1806 est.
971 1751 1082 1804 sive
1111 1755 1210 1804 aut
1243 1749 1387 1816 licet,
1423 1755 1480 1804 et
1509 1747 1660 1803 nihil
1713 1765 1780 1802 ex
1813 1748 1923 1803 hoc
1965 1747 2094 1802 obs.

443 1856 650 1893 eurum
675 1844 775 1894 aut
797 1839 1118 1893 absurdum
1147 1839 1379 1892 invenio
1408 1855 1420 1892 :
1457 1844 1546 1893 est
1571 1845 1766 1892 autem
1810 1837 2087 1892 concilia-

445 1929 592 1982 tivus
642 1945 857 1982 sermo.
912 1929 1007 1982 Ait
1034 1928 1228 1982 enim:
1281 1927 1632 1997 Quanquam
1685 1943 1934 1982 maerore
1991 1941 2090 1980 vos

441 2017 696 2072 afficiam
729 2017 1096 2088 obiurgando
1130 2022 1184 2070 et
1215 2016 1541 2071 aver-ando
1573 2033 1694 2082 vos,
1726 2017 1786 2070 in
1817 2015 1928 2070 hoc
1962 2015 2089 2086 ipso

443 2113 638 2160 tamen
673 2106 989 2170 exhilarer,
1023 2105 1183 2177 quod
1216 2110 1442 2160 tantum
1477 2105 1639 2160 vobis
1670 2122 1824 2160 cura)
1858 2105 1992 2168 sim.
2027 2109 2091 2159 ut

439 2197 920 2270 eompungamini
955 2213 1022 2251 ex
1049 2213 1182 2250 mea
1213 2195 1517 2250 aversione
1549 2212 1614 2250 ac
1647 2211 1915 2250 mmrore.
1943 2196 2088 2250 Nam

436 2289 578 2360 quid
623 2305 737 2354 me,
771 2289 986 2358 inquit,
1020 2288 1166 2344 adeo
1217 2287 1474 2343 delectat
1525 2293 1588 2341 ut
1637 2303 1846 2343 sensus
1879 2303 2086 2342 eorum

438 2379 536 2449 qui
570 2377 1007 2451 objurgantur?
1055 2377 1151 2432 hic
1203 2377 1364 2432 enim
1417 2376 1866 2448 conjectandam
1915 2377 2090 2431 offert

437 2471 756 2526 utilitatem
808 2486 938 2540 qua:
972 2485 1040 2524 ex
1093 2468 1504 2540 objurgatione
1562 2483 1910 2524 successura
1977 2473 2084 2522 est.

437 2583 464 2608 ‹‹
501 2562 568 2614 Et
600 2559 712 2614 hoc
743 2560 939 2630 ipsum
993 2558 1202 2630 scripsi
1236 2557 1420 2613 vobis.
1459 2580 1484 2606 »
1533 2557 1776 2622 Quando
1803 2563 1904 2613 aut
1944 2554 2088 2628 quid

437 2647 720 2720 scripsit?
751 2648 810 2702 in
846 2648 962 2703 fine
1005 2647 1318 2719 prmsentis
1369 2645 1662 2717 Epistolas.
1704 2645 1948 2718 Scripsit
1979 2661 2085 2700 au-

433 2741 553 2794 tem
571 2737 855 2792 inducens
873 2753 970 2791 eos
985 2735 1085 2807 qui
1107 2735 1488 2806 deliquerunt
1505 2735 1576 2790 ad
1591 2734 1956 2808 resipiscend
1967 2749 2084 2800 um,

433 2833 488 2883 ct
520 2827 637 2882 ait:
677 2849 701 2872 α
743 2828 823 2882 Ne
869 2842 1002 2880 cum
1047 2842 1284 2886 venero.
1347 2841 1586 2880 rursum
1648 2824 1944 2897 deprimat
1995 2840 2088 2880 me

437 2919 608 2984 Deus,
641 2923 698 2972 et
729 2917 964 2988 lugeam
999 2915 1220 2970 multos
1243 2931 1446 2970 eorum
1472 2915 1570 2986 qui
1603 2922 1778 2970 antea
1809 2930 2088 2986 peccave—

434 3013 703 3062 runtnec
753 3003 1199 3077 respuerunt”.
1236 3027 1260 3052 »ι
1315 3005 1434 3060 Hoc
1485 3020 1612 3077 ego,
1663 3004 1878 3075 inquit.
1913 3009 2092 3059 antea

435 3096 642 3168 scripsi
675 3101 742 3152 ut
791 3095 1252 3166 corrigerentur,
1311 3093 1462 3149 609
1519 3098 1575 3148 et
1625 3109 1748 3148 non
1805 3093 2090 3149 haberem

436 3202 750 3242 mwrorem
781 3202 816 3240 a
846 3183 1032 3253 vobis,
1067 3201 1098 3240 a
1133 3183 1373 3255 quibus,
1409 3182 1550 3238 dum
1581 3199 1682 3238 vos
1717 3182 1879 3254 ipsos
1909 3183 2090 3238 corri-

433 3277 672 3348 geretis,
704 3275 986 3347 gaudium
1013 3289 1104 3328 me
1137 3273 1354 3328 habere
1379 3289 1534 3344 opor‘
1552 3273 1706 3330 ebat.
1733 3297 1758 3322 ιι
1784 3273 2090 3330 Fiduciam

437 3365 589 3418 hanc
632 3363 859 3418 habens
902 3379 1038 3436 erga
1092 3379 1194 3418 vos
1225 3379 1517 3418 omnes.»
1571 3364 1639 3416 Et
1688 3363 1822 3426 hoc,
1873 3363 2090 3436 inquit,

435 3458 724 3517 statuens,
757 3467 878 3505 non
911 3451 1070 3521 quod
1103 3451 1298 3506 solum
1331 3467 1425 3506 me
1455 3451 1711 3523 gaudere
1750 3451 1950 3516 velim,
1983 3451 2087 3508 sed

2278 763 2342 818 Ἐ
2580 761 2622 780 λς
2891 767 2918 778 υ
3081 767 3107 778 ιιι
3315 762 3330 782 ε
3469 763 3484 782 ς
3629 761 3639 778 Ι

2347 783 2500 838 κρινα
2576 777 2634 818 οε
2707 763 2931 836 ἐμαυτῳ
3013 783 3200 833 τουτο,
3277 785 3340 818 το
3417 783 3493 837 μη
3569 759 3738 816 παλιν
3825 761 3888 816 ἓν

2207 851 2354 926 λύπῃ
2387 853 2522 925 πρὸς
2583 851 2724 925 ὑμᾶς
2783 851 2984 907 ἐλθεῖν.
3047 850 3112 907 Εἴ
3161 851 3266 928 γὰρ
3323 851 3434 926 ἐγὼ
3492 849 3652 906 λυπῶ
3701 851 3882 924 ὑμᾶς,

2203 943 2402 1004 καὶτίς
2453 941 2593 998 ἔστιν
2647 944 2674 996 ὁ
2735 941 3037 1021 εὐφραίνων
3101 963 3188 1016 με,
3249 943 3295 997 εἰ
3359 943 3432 1016 μή
3493 943 3522 998 ὁ
3579 941 3890 1014 λυπούμε-

2203 1053 2295 1096 νος
2375 1031 2423 1102 ἐξ
2493 1031 2670 1105 ἐμοῦ,
2727 1033 2824 1086 Καὶ
2891 1029 3096 1106 ἔγραψα
3155 1033 3284 1105 ὑμῖν
3341 1035 3502 1088 τοῦτο
3558 1031 3720 1102 αὐτὸ,
3779 1031 3882 1085 ἳνα

2208 1124 2283 1195 μή
2345 1119 2540 1192 ἐλθὼν,
2605 1119 2784 1192 λύπην
2847 1119 2963 1196 ἔχω
3048 1121 3138 1199 ἀφ’
3195 1121 3268 1176 ὧν
3327 1115 3434 1176 ἔδει
3491 1141 3558 1194 με
3619 1121 3876 1196 χαίρειν,

2203 1211 2478 1276 πεποιθὼς
2509 1209 2598 1266 ἐπὶ
2629 1211 2830 1270 πάντας
2877 1212 3039 1284 ὑμᾶς,
3069 1211 3152 1266 ὃτι
3209 1211 3244 1280 ἡ
3295 1207 3402 1284 ἐμή
3443 1209 3612 1286 χαρὰ,
3641 1211 3874 1265 πάντων

2205 1299 2357 1375 ὑμῶν
2387 1299 2547 1360 ἐστιν.

2275 1479 2375 1544 Τὸ,
2432 1477 2618 1548 πάλιν,
2673 1477 2940 1536 δείκνυσιν
3007 1481 3096 1536 καὶ
3151 1477 3262 1551 ἤδη
3325 1479 3635 1550 λυπηθέντα
3695 1477 3872 1534 αὑτὸν

2203 1567 2286 1624 ἐπ’
2315 1567 2522 1628 αὐτοῖς.
2577 1593 2604 1620 ι(
2641 1569 2700 1625 Εἰ
2759 1569 2864 1646 γὰρ
2924 1569 3082 1626 λυπῶ
3143 1570 3303 1645 ὑμὶς.
3340 1596 3361 1624 ι
3415 1573 3503 1626 Ἐν
3529 1573 3630 1640 τῷ.
3661 1568 3726 1626 Εἰ
3757 1569 3874 1644 γὰρ

2201 1657 2310 1733 ἐγὼ
2343 1657 2501 1713 λυπῶ
2537 1659 2696 1732 ὑμᾶς,
2727 1659 2811 1728 τὸ,
2843 1659 2910 1726 εἰ,
2943 1659 3062 1714 ἀντὶ
3109 1663 3206 1714 τοῦ
3255 1657 3364 1714 εἳτε
3388 1657 3433 1714 εἰ
3465 1655 3734 1736 ληφθείη,
3768 1658 3872 1712 οὖ-

2203 1745 2286 1802 δὶν
2337 1746 2537 1826 ἀσαφὲς
2593 1747 2709 1803 οὐδ’
2767 1745 2968 1824 ἄπορον
3021 1749 3263 1804 ἅπαντῶ.
3317 1749 3712 1822 Θεραπευτικός
3747 1744 3804 1802 δὲ
3841 1747 3874 1802 ὃ

2203 1838 2386 1913 λόγος.
2423 1837 2570 1908 Φησὶ
2596 1837 2723 1914 γὰρ,
2781 1837 2844 1896 E’.‘
2895 1839 2985 1894 καὶ
3050 1837 3209 1893 λυπῶ
3281 1839 3422 1912 ὑμᾶς
3485 1836 3538 1892 ἐν
3574 1841 3654 1909 τῷ
3683 1837 3877 1892 ἐπι-τεο

2202 1932 2306 2001 μᾷν
2333 1927 2424 1982 καὶ
2472 1925 2904 2003 ἀποστρέφεσθαι
2967 1929 3126 2000 ὑμᾶς,
3181 1925 3328 1996 πλήν
3388 1927 3752 2006 εὐφραίνομαι
3787 1923 3868 1980 δι’

2200 2015 2331 2072 αὐτὸ
2362 2021 2547 2084 τοῦτο,
2581 2015 2664 2072 ὅτι
2695 2020 2954 2072 τοσοῦτον
2989 2017 3115 2089 ὑμῖν
3147 2015 3283 2090 ἐμοῦ
3317 2015 3535 2089 μέλλει,
3565 2016 3640 2070 ὡς
3665 2013 3866 2071 δάκνει

2200 2109 2319 2162 σθαι
2350 2105 2408 2161 ἐκ
2457 2114 2555 2176 τῆς
2607 2105 2747 2180 ἐμῆς
2791 2107 3141 2184 ἀποστροφῆς
3171 2105 3262 2162 καὶ
3295 2105 3498 2178 λύπης.
3531 2105 3592 2162 Ἱί
3627 2105 3732 2180 γὰρ
3765 2127 3862 2178 με,

2198 2198 2384 2274 φησῖν,
2445 2195 2715 2274 εὐφραίνει
2777 2197 2969 2268 οὕτως,
3025 2197 3099 2258 ὡς
3179 2200 3286 2251 τῶν
3343 2195 3758 2272 ἐγκιλουμὲνων
3815 2197 3856 2264 ἦ

2195 2285 2442 2358 α’ἷσϐησις
2472 2307 2485 2356 ;
2531 2291 2830 2362 τεκμηριοῖ
2860 2287 2965 2364 γὰρ
3015 2285 3150 2356 αὕτη
3181 2287 3281 2356 τήν
3315 2286 3374 2340 ἐκ
3403 2291 3510 2340 τῶν
3562 2283 3864 2360 ἐγκλημά-

2191 2399 2298 2432 των
2345 2375 2638 2454 γινομένην
2685 2374 2977 2450 ὠφέλειαν.
3035 2401 3063 2428 (ι
3116 2373 3222 2432 Καὶ
3269 2372 3474 2451 ἔγραψα
3521 2377 3648 2448 ὑμῖν
3685 2379 3856 2429 τοῦτο

2195 2465 2346 2526 αὐτό,
2381 2491 2410 2518 ››
2443 2468 2581 2522 Πότε
2611 2465 2830 2542 ἔγραψε,
2887 2465 2977 2520 καὶ
3034 2464 3084 2520 τί
3113 2485 3128 2534 ;
3187 2466 3276 2522 Ἐν
3325 2469 3404 2537 τῷ
3444 2464 3590 2520 τέλει
3619 2467 3718 2529 τῆς
3751 2467 3850 2518 νῦν

2195 2556 2546 2622 Ἐπιστολῆς.
2581 2557 2821 2632 Ἔγραψε
2855 2553 2910 2610 δὲ
2935 2553 3064 2618 τοὺς
3111 2554 3502 2630 ἡμαρτηκότας
3533 2552 3739 2628 ἐνάγων
3773 2553 3856 2618 εἷς

2197 2646 2504 2719 μετάνοιαν.
2564 2669 2590 2696 ιι
2627 2646 2720 2714 Μὴ
2779 2641 3006 2699 ἐλθόντα
3057 2643 3162 2721 γὰρ
3222 2665 3311 2718 με,
3345 2643 3477 2722 φησῖ
3527 2641 3693 2699 πάλιν
3749 2663 3852 2697 τα-

2193 2733 2444 2790 πεινώσει
2479 2735 2507 2789 ὁ
2539 2733 2670 2798 Θεός
2705 2756 2831 2808 μου,
2872 2734 2962 2788 καὶ
3012 2735 3266 2804 πενθήσω
3297 2731 3548 2795 πολλοὺς
3577 2737 3684 2788 τῶν
3715 2753 3854 2807 προ-

2195 2823 2643 2898 αμαρτησάντων,
2693 2823 2783 2878 καὶ
2841 2825 2916 2896 μή
2961 2823 3428 2896 μετανοησάντων.
3467 2847 3494 2874 ››
3523 2827 3694 2878 T0510
3727 2821 3852 2890 οὗν,

2193 2912 2350 2992 φησὶ,
2383 2911 2725 2987 προέγραψα,
2782 2912 2875 2967 ἳνα
2932 2909 3364 2987 διορθώσωνται,
3395 2911 3482 2966 καὶ
3549 2911 3624 2983 μὴ
3663 2907 3850 2980 λῦπην

2195 3007 2318 3079 σχῶ
2349 3001 2434 3080 ἐφ’
2469 3002 2644 3076 ὑμῶν.
2707 3003 2829 3081 Ἀφ’
2885 3003 2959 3056 ῶν
3017 3001 3434 3058 κατοπθοόντων
3465 2999 3676 3075 χαίρειν
3707 2995 3840 3056 ἔδει.

2197 3117 2223 3144 u
2254 3091 2532 3154 Πεποιθὼς
2566 3089 2653 3146 ἐπὶ
2687 3091 2890 3153 πάντας
2943 3090 3104 3166 ὑμᾶς,
3135 3116 3163 3143 »ι
3211 3091 3308 3146 Καὶ
3356 3094 3517 3146 τοῦτο
3571 3088 3854 3164 βουλόμε-

2191 3203 2302 3253 νος,
2333 3183 2513 3260 φησῖν,
2547 3179 2608 3236 οὗ
2641 3183 2802 3257 χάριν
2833 3186 2932 3237 τοῦ
2973 3181 3068 3255 ἐμὲ
3117 3182 3279 3254 μόνον
3311 3179 3670 3255 εὖφρινθῆναι
3705 3179 3852 3250 βού-

2196 3270 2388 3346 λομαι,
2421 3269 2568 3327 ἀλλᾶ
2595 3272 2683 3326 καὶ
2743 3271 2905 3346 ὑμᾶς.
2940 3270 3182 3328 Πὲποιθα
3239 3271 3342 3347 γὰρ
3373 3271 3455 3326 δτι
3489 3272 3523 3340 ἡ
3558 3265 3852 3344 διόρθωσις

2193 3365 2300 3416 τῶν
2359 3357 2629 3440 ἀδελφῶν,
2690 3361 2779 3416 καὶ
2835 3358 2961 3435 ἐμοὶ
3018 3360 3188 3418 τίκτει
3245 3357 3564 3436 χαρὰν,καί
3597 3357 3751 3432 ὑμῖν.
3783 3359 3846 3416 Ἥ

2194 3451 2298 3524 γὰρ
2357 3449 2463 3522 ἐμὴ
2529 3451 2695 3527 χαρὰ,
2751 3451 3022 3532 πρόφασις
3076 3449 3280 3526 γίνεται
3321 3449 3410 3506 καὶ
3445 3449 3708 3524 ὑμετέρας
3737 3467 3848 3527 χα-

435 3547 492 3594 et
523 3556 643 3594 vos.
677 3513 946 3594 Confido-
973 3539 1132 3594 enim
1191 3539 1348 3610 quod
1379 3513 1629 3594 fratrum
1687 3513 1996 3608 correctio,
2029 3547 2087 3597 et

2208 3513 2278 3524 ..
2797 3513 2887 3532 ..
3008 3513 3103 3526 κ.

2201 3543 2314 3614 ρᾶς,
2348 3537 2520 3602 οὕτως
2556 3561 2641 3614 με,
2673 3545 2860 3620 φησὶν,
2892 3541 3152 3618 ἀγαπᾶτε.

437 3629 584 3686 mihi
645 3629 834 3702 pariet
887 3627 1168 3704 gaudium
1226 3633 1284 3684 et
1339 3627 1541 3684 vobis:
1600 3645 1740 3684 nam
1769 3645 1972 3686 meum
2029 3629 2312 3704 gaudium
2363 3632 2595 3689 occasio
2637 3639 2729 3688 est
2785 3637 2842 3690 et
2899 3631 3079 3689 vestri
3105 3631 3326 3706 gaudii,
3380 3629 3526 3688 adeo
3583 3645 3680 3687 me
3706 3627 3842 3685 dili-

440 3719 596 3792 gitis.

508 3811 578 3878 II,
611 3813 729 3866 4-7.
759 3813 892 3866 Nam
921 3826 990 3866 ea:
1013 3808 1186 3864 multa
1215 3809 1518 3878 afﬂictione
1547 3813 1596 3863 ct
1628 3807 1916 3864 anxietate
1953 3825 2083 3864 cor-

434 3902 518 3956 dis
547 3901 742 3970 scripsi
770 3901 920 3954 vobis
944 3915 1048 3968 per
1093 3897 1292 3953 multas
1343 3897 1646 3967 lacrymas:
1693 3914 1802 3954 non
1849 3906 1912 3954 ut
1951 3915 2084 3956 mce-

431 4004 556 4044 rore
603 3989 984 4056 afﬁceremini,
1043 3987 1138 4042 sed
1193 3992 1256 4042 ut
1313 3989 1707 4058 cognosceretis
1757 3987 2084 4044 charitatem

435 4093 600 4146 quam
632 4075 798 4130 habeo
825 4077 1198 4133 abundantius
1229 4094 1360 4148 erga
1383 4095 1498 4134 vos.
1535 4078 1690 4144 Quod
1724 4081 1771 4134 si
1801 4081 1924 4150 quis
1953 4096 2084 4134 con-

434 4166 694 4232 tristavit,
739 4181 850 4220 non
880 4182 962 4222 me
1007 4169 1370 4234 contristavit,
1416 4167 1511 4222 sed
1555 4183 1626 4222 ex
1649 4175 1833 4238 parte,
1865 4185 1935 4224 ne
1981 4186 2084 4238 ag-

430 4271 650 4324 gravem
703 4271 884 4311 omnes
940 4273 1056 4312 vos.
1126 4257 1344 4326 Sufﬁcit
1403 4257 1717 4312 istiusmodi
1773 4257 2079 4330 increpatio

433 4346 550 4402 haec
574 4363 694 4416 qua:
736 4349 889 4416 facta
930 4354 1006 4402 est
1056 4363 1090 4401 a
1123 4347 1412 4417 pluribus:
1463 4353 1522 4402 ut
1575 4364 1601 4402 e
1647 4347 1858 4404 diverso
1907 4351 2080 4420 magis

431 4435 751 4492 conw'onctis
781 4443 832 4491 et
870 4437 1244 4502 consolemini,
1299 4453 1366 4492 ne
1407 4437 1680 4507 quomodo
1728 4437 1958 4492 tristitia
1987 4441 2078 4492 ni-

427 4528 540 4580 mia
569 4526 924 4582 absorbeatur
955 4526 1291 4598 hujusmodi.

495 4707 784 4772 Quoniam
817 4723 953 4778 ergo
987 4705 1236 4762 fratrum
1269 4703 1554 4760 correctio
1597 4720 1908 4761 commune
1939 4721 2076 4778 gau-

427 4796 590 4852 dium
639 4797 937 4862 conciliat,
993 4795 1318 4866 plurimum
1373 4793 1536 4848 illam
1579 4793 1792 4865 cupio:
1853 4799 2073 4850 etcum

429 4900 546 4938 non
580 4885 899 4954 perﬁcitur,
925 4885 1097 4940 doleo
1129 4902 1196 4940 ac
1221 4883 1524 4955 defatiger.
1563 4883 2073 4956 Reprehensiones

425 4975 624 5042 itaque
659 4979 716 5028 et
745 4974 1190 5046 obiurgationes
1214 4991 1360 5046 quas
1383 4973 1614 5044 scripsi,
1641 4991 1712 5028 ex
1745 4973 2072 5030 afﬂictione

425 5069 483 5118 et
511 5063 809 5118 anxietate
842 5063 1038 5119 cordis
1069 5065 1280 5136 scripsi
1308 5080 1320 5118 :
1355 5081 1474 5118 non
1505 5063 1578 5118 ad
1625 5063 1735 5118 hoc
1784 5063 1978 5118 nitens
2009 5069 2076 5120 ut
2108 5084 2156 5148 ι)

426 5151 927 5207 contristaremini
963 5153 1124 5224 (nam
1155 5153 1267 5208 hoc
1299 5153 1477 5208 etiam
1509 5152 1657 5208 alias
1701 5153 1950 5208 stultum
1985 5169 2074 5208 es-

425 5247 558 5300 set).
594 5241 696 5296 sed
737 5247 800 5295 ut
833 5241 1220 5312 spiritualiter
1259 5249 1318 5296 et
1348 5242 1418 5298 ad
1473 5243 1903 5298 correctionem
1935 5260 2082 5298 con-

425 5330 832 5386 tristaremini.
894 5334 1169 5386 Attamen
1217 5332 1326 5386 hoc
1379 5348 1498 5386 non
1531 5332 1692 5396 dicit,
1743 5332 1848 5388 sed
1875 5332 2075 5388 volens

423 5419 570 5490 ipsis
600 5419 848 5492 obsequi
881 5419 997 5475 ait:
1035 5441 1058 5470 α
1113 5419 1182 5476 Ut
1233 5419 1583 5475 charitatem
1635 5437 1830 5477 meam
1862 5437 2076 5494 cogno-

423 5509 689 5565 scerctis.
715 5531 743 5560 ››
774 5511 862 5566 Me
883 5507 1178 5581 siquidem
1204 5509 1433 5566 anxiari
1459 5525 1525 5565 ac
1547 5525 1799 5568 πλωτοί-θ
1825 5526 1894 5567 eo
1917 5509 2075 5584 quod

494 5679 542 5718 ⁸⁸
571 5679 730 5738 Infra
760 5698 858 5738 xu.
935 5679 982 5717 ⁸⁹
1013 5681 1034 5738 l
1068 5681 1198 5738 Cor.
1229 5697 1284 5750 ν,
1313 5681 1367 5738 Ι.

2267 3809 2359 3864 Ἐκ
2410 3811 2512 3888 γὰρ
2568 3809 2790 3882 πολλῆς
2849 3809 3092 3886 θλίψεως
3152 3808 3243 3865 καὶ
3299 3815 3542 3889 συνοχῆς
3599 3804 3845 3884 καρδίας,

2194 3891 2397 3971 ἔγραψα
2457 3899 2582 3973 ὑμῖν
2658 3897 2744 3955 διὰ
2803 3897 3030 3956 πολλῶν
3118 3897 3390 3972 δακρύων,
3449 3897 3560 3974 οὐχ
3611 3897 3698 3952 ἳνα
3757 3894 3850 3952 λυ-

2193 3989 2425 4058 πηθῆτε,
2503 3985 2648 4044 ἀλλὰ
2721 3991 2821 4060 τήν
2896 3989 3108 4065 ἀγάπην
3179 3989 3264 4044 ἳνα
3338 3993 3511 4064 γνῶτε
3583 3989 3648 4057 ἢν
3727 3981 3844 4065 ἔχω

2193 4074 2590 4152 περισσοτέρως
2645 4076 2722 4140 εἷς
2783 4077 2944 4150 ὑμᾶς.
3005 4077 3068 4136 Ei
3131 4075 3189 4133 δὲ
3237 4099 3322 4140 τις
3379 4074 3716 4147 λελύπηκεν,
3747 4075 3848 4130 οὐκ

2192 4163 2288 4238 ἐμὲ
2345 4164 2671 4238 λελύπηκεν,
2731 4166 2880 4222 ἀλκὰ
2961 4167 3068 4224 ἀπὸ
3153 4168 3372 4242 μέρους,
3427 4165 3520 4221 ἳνα
3579 4166 3656 4240 μὴ
3722 4161 3845 4218 ἐπι-

2193 4250 2344 4330 ϐαρῶ
2402 4255 2601 4318 πάντας
2663 4257 2822 4328 ὑμᾶς,
2896 4258 3079 4312 ἱκανὸν
3151 4261 3231 4330 τῷ
3285 4256 3520 4328 τοιούτῳ
3571 4257 3606 4324 ἡ
3667 4251 3847 4308 ἐπιτι-

2195 4365 2292 4416 μια
2357 4345 2516 4418 αὕτη,
2586 4348 2620 4416 ἡ
2691 4345 2794 4402 ὑπὸ
2859 4351 2967 4400 τῶν
3029 4343 3324 4402 πλειόνων.
3395 4346 3554 4400 ’δὶστε
3619 4343 3844 4398 τοὺ-ίαν-

2188 4435 2304 4488 τίον
2375 4433 2590 4510 μᾶλλον
2661 4436 2802 4510 ὑμᾶς
2869 4447 3200 4510 γαρισασθαι
3267 4435 3358 4490 καὶ
3449 4430 3840 4508 παρακαλέσαι,
3899 4451 3904 4454 ·

2194 4525 2270 4597 μὴ
2335 4547 2453 4588 πως
2521 4529 2590 4600 τῇ
2658 4525 3013 4601 περισσοτέρᾳ
3077 4523 3225 4599 λύπῃ
3285 4525 3568 4597 καταποθῇ
3633 4523 3660 4577 ὁ
3725 4543 3842 4577 τοι-

2190 4617 2347 4676 οὗτος

2259 4703 2410 4760 Ἑπεῖ
2441 4703 2536 4759 οὖν
2569 4707 2602 4774 ἡ
2637 4701 2928 4780 διόρθωσις
2979 4709 3086 4760 τῶν
3145 4701 3396 4783 ἀδελφῶν
3447 4709 3634 4771 κοινῆς
3664 4705 3839 4779 χαρᾶς

2187 4793 2440 4864 πρόξενός
2471 4791 2636 4860 ἐστιν,
2687 4795 2828 4849 πάνυ
2889 4793 3060 4864 αὐτῆς
3117 4793 3245 4869 ἐρῶ,
3306 4793 3394 4848 καὶ
3441 4795 3516 4866 μή
3547 4794 3838 4868 γινομένης

2187 4879 2344 4956 ἀλγῶ
2421 4883 2509 4936 καὶ
2569 4882 2869 4958 τρύχομαι.
2925 4888 3222 4958 Τοιγαροῦν
3272 4883 3368 4944 τὰς
3420 4881 3708 4958 ἐγκλήσεις
3749 4883 3834 4938 καὶ

2189 4969 2536 5042 ἐπιτιμήσεις
2595 4971 2658 5034 ἃς
2716 4971 2947 5050 ἔγραψα,
3007 4971 3113 5027 ἀπὸ
3171 4971 3412 5047 ϐλίψξως
3471 4972 3560 5027 καῖ
3597 4978 3835 5047 συνοχῆς

2187 5057 2412 5132 καρδίας
2471 5059 2696 5137 ἔγραψα.
2754 5062 2877 5138 Οὐχ
2958 5061 3040 5116 ἱνα
3120 5061 3406 5132 λυπηθῆτε
3494 5058 3834 5132 σπουδάζων,

2187 5153 2368 5224 (τοῦτο
2422 5151 2526 5226 γὰρ
2585 5152 2674 5206 καὶ
2720 5149 2908 5214 ἄλλως
2967 5152 3240 5224 ἀνόητον),
3271 5149 3400 5206 ἀλλ’
3427 5149 3510 5205 ἳνα
3541 5171 3832 5222 πνευματι-

2187 5245 2298 5302 κῶς
2329 5239 2419 5294 καὶ
2465 5239 2553 5295 ἐπὶ
2613 5238 2895 5315 διορθώσει
2949 5239 3252 5312 λυπηθῆτε.
3313 5237 3491 5295 Ἀλλᾶ
3545 5244 3707 5294 τοῦτο
3743 5239 3832 5311 μὲν

2189 5329 2251 5386 οὐ
2285 5329 2456 5406 λέγει.
2517 5335 2848 5406 Θεραπεῦσαι
2907 5329 2964 5386 δὲ
3011 5329 3205 5394 αὐτοὺς
3261 5326 3458 5400 Θὲλων,
3509 5331 3692 5405 φησίν.
3727 5331 3835 5387 Ἵνα

2184 5421 2284 5490 τὴν
2319 5420 2528 5497 ἂγάπην
2573 5441 2679 5492 μου
2709 5425 2903 5496 γνῶτε.
2944 5446 2964 5472 ι
3018 5421 3090 5479 Τὸ
3135 5421 3237 5499 γὰρ
3284 5419 3382 5494 ἐμὲ
3426 5417 3719 5495 ἀδημονεῖν
3747 5419 3834 5472 καὶ

2185 5506 2612 5586 κατατρύχεσοαι
2689 5506 2769 5586 ἐφ’
2830 5509 2916 5571 οἷς
2979 5511 3136 5585 ὑμεῖς
3223 5507 3577 5587 ἁμαρτάνετε,
3635 5505 3834 5588 δεῖγμα
