4156 6200
275 345 387 404 937

1235 344 1634 406 COMMENT.
1687 345 1762 406 IN
1809 346 2054 406 EPIST.
2105 346 2155 406 Il
2202 348 2303 406 AD
2349 344 2712 406 CORINTH.

3570 343 3690 404 938

277 476 542 551 μεγίστης
599 473 813 549 ἀγάπης
871 473 1001 530 ἐστί.
1067 498 1090 528 α
1125 475 1531 551 Περισσοτέρως
1591 476 1666 539 εἰς
1703 478 1860 550 ὑμᾶς.
1895 500 1922 527 ι)

2064 496 2137 534 'os
2169 480 2444 551 peccetis,
2474 477 2744 533 maxima
2793 473 3081 531 indicium
3135 477 3224 530 est
3267 474 3571 530 charitatis
3621 493 3690 534 ac

272 563 680 640 Πλεῖον,φησί,
742 570 848 619 τῶν
913 563 1125 620 λοιπῶν
1189 587 1293 638 μου
1358 569 1642 639 μαθητῶν.
1697 566 1934 640 Καὶγᾶρ

277 651 481 708 πολλοὶ
514 653 697 708 πιστοὶ
729 655 863 722 ἦσαν
915 652 964 707 ἐν
1023 655 1262 728 Κορίνθῳ
1291 656 1378 709 καὶ
1413 651 1658 727 δόκιμοι.
1693 681 1719 708 ‹‹
1757 653 1936 712 Ἀλλᾶ

280 741 386 794 ἀπὸ
449 743 670 814 μέρους,
719 741 808 794 ’ἱνα
864 742 940 814 μή
1001 736 1250 816 ἐπιϐαρῶ
1309 745 1508 805 πάντας
1569 744 1728 817 ὑμᾶς.
1779 768 1805 793 η
1867 775 1934 785 -—-

283 830 622 902 [GEOAQR]
683 831 877 900 Μεῖζόν
940 853 992 885 τι
1051 831 1221 886 εἰπεῖν
1279 827 1596 902 ἠϐουλήθη,
1645 833 1735 886 καὶ
1768 829 1934 901 δεῖξαι

283 923 386 974 πᾶν
422 920 484 973 τὸ
516 923 674 991 σῶμα
704 926 804 985 τῆς
856 919 1184 990 Ἐκκλησίας
1231 927 1568 990 κοινωνῆσαν
1597 928 1695 989 τῆς
1729 919 1934 991 λύπης,

283 1005 429 1062 ἀλλὰ
487 1008 614 1070 τοὺς
671 1005 876 1070 ἄλλους
931 1010 1154 1070 πιστοὺς
1209 1009 1548 1079 καταλιπὼν,
1599 1015 1706 1064 τῶν
1737 1016 1939 1082 Κοριν-

283 1097 414 1151 θίων
443 1096 810 1171 ἐμνημόνευσε
845 1098 1028 1170 μόνον.
1063 1102 1234 1154 Τοῦτο
1261 1099 1364 1172 γὰρ
1397 1097 1584 1169 δηλοῖ,
1616 1100 1699 1169 τὸ,
1733 1124 1760 1150 ‹‹
1796 1098 1936 1155 Ἀπὸ

289 1186 508 1260 μὲρους.
540 1211 567 1237 ››
621 1190 748 1256 Kaf,
801 1214 826 1239 α
860 1195 973 1242 -ινα
1028 1189 1105 1261 μή
1166 1183 1432 1263 ἐπιϐαρῶ,
1473 1215 1492 1239 ι
1535 1190 1664 1246 Εἶτα
1691 1191 1791 1259 τήν
1823 1209 1935 1243 πα..

283 1277 474 1349 τρικῆν
510 1276 898 1352 φιλοστοργίαν
931 1284 1132 1353 ’,ὐμνοῖ
1175 1277 1370 1354 λέγων’
1430 1301 1450 1327 ι
1485 1280 1688 1335 Ἱκανὸν
1717 1284 1796 1351 τῷ
1822 1299 1940 1333 τοι·

291 1365 458 1436 ούτῳ,
519 1367 552 1432 ἡ
614 1363 863 1439 ἐπιτιμία
933 1364 1090 1438 αὕτη.
1155 1394 1176 1422 ι
1243 1367 1507 1423 Βούλεται
1565 1365 1652 1422 διὰ
1708 1368 1939 1433 τούτων,

293 1454 508 1528 ἀγάπην
567 1457 880 1528 κυρωθῆναι
943 1457 1018 1518 εἰς
1073 1457 1164 1511 τὸν
1226 1458 1654 1532 πεπορνευκότα,
1715 1456 1837 1530 περὶ
1879 1457 1940 1510 οὗ

293 1540 520 1617 ἔγραψεν
580 1541 634 1598 ἐν
692 1550 759 1617 τῇ
817 1546 1008 1620 πρώτῃ
1070 1543 1391 1619 Ἐπιστολῇ.
1447 1546 1548 1602 Καὶ
1604 1547 1704 1620 γὰρ
1747 1547 1940 1607 πάντες

292 1632 451 1687 αὐτὸν
510 1635 644 1702 ἦσαν
703 1634 1159 1711 ἀποστραφέντες,
1213 1639 1332 1696 ταῖς
1389 1635 1589 1690 τούτου
1640 1633 1938 1689 κελεύσεσι.

294 1722 392 1775 Καὶ
450 1721 549 1795 ὅρα
603 1722 654 1776 τί
708 1729 878 1781 ποιεῖ.
942 1722 1245 1785 Κοινωνοῦς
1300 1723 1496 1786 αὐτοὺς
1556 1729 1790 1778 ποιεῖται
1841 1729 1942 1792 τῆς

2047 569 2403 624 dilectionis.
2429 593 2452 616 υ
2487 567 2900 622 Abundantius
2922 582 3060 638 erga
3081 582 3200 620 vos.
3221 585 3246 614 ι
3285 565 3445 625 Plus.
3472 565 3687 636 inquit,

2047 675 2225 730 quam
2255 675 2392 730 erga
2422 664 2667 712 cazteros
2700 674 2862 712 meos
2921 656 3266 728 discipulos.
3314 658 3454 710 Nam
3520 657 3691 712 multi

2046 748 2354 803 credentes
2381 765 2446 802 ac
2469 748 2694 819 probati
2720 754 2888 802 erant
2911 747 3196 801 Corinthi.
3229 766 3249 791 ι
3275 745 3386 801 Sed
3411 762 3478 800 ex
3505 752 3691 817 parte,

2046 853 2118 892 ne
2146 853 2450 909 aggravem
2514 852 2720 891 omnes
2746 853 2844 889 vos
2901 857 2928 884 ››
2988 835 3171 905 Majus
3227 834 3454 905 aliquid
3494 834 3690 891 dicere

2044 926 2249 989 voluit,
2286 931 2344 980 et
2375 925 2686 980 ostendere
2727 929 2914 979 totum
2946 923 3223 978 Ecclesia:
3255 939 3468 994 corpus
3509 923 3694 994 parti-

2047 1030 2185 1085 ceps
2218 1030 2346 1069 esse
2372 1014 2674 1078 maeroris;
2698 1019 2759 1068 at
2788 1013 3018 1068 caeteris
3043 1011 3318 1067 ﬁdelibus
3342 1012 3693 1082 praetermis-

2048 1105 2150 1170 sis,
2185 1104 2378 1158 solum
2412 1105 2682 1159 meminit
2728 1103 3208 1158 Corinthiorum:
3261 1102 3372 1156 hoc
3397 1101 3551 1156 enim
3600 1101 3688 1156 si-

2047 1194 2307 1265 gniﬁcat,
2341 1217 2367 1243 ‹‹
2397 1195 2477 1248 Ex
2509 1199 2694 1265 parte,
2732 1213 2755 1243 ο
2783 1198 2859 1260 et,
2891 1213 2918 1241 ‹‹
2951 1193 3030 1246 Ne
3061 1207 3386 1264 aggravem.
3416 1212 3443 1240 ››
3469 1188 3690 1245 Deinde

2049 1285 2336 1340 eximium
2394 1299 2461 1338 ac
2513 1290 2822 1354 paternum
2874 1297 3139 1336 amorem
3182 1280 3401 1353 detegit
3448 1279 3692 1334 dicens:

2053 1394 2082 1423 «ι
2107 1373 2330 1428 Sufﬁcit
2353 1371 2685 1426 istiusmodi
2708 1370 2933 1426 homini
2975 1370 3302 1441 increpatio
3335 1369 3478 1423 haec.
3508 1390 3535 1417 ››
3563 1367 3698 1423 Vult

2052 1479 2158 1535 per
2187 1464 2311 1518 haec
2343 1463 2687 1517 charitatem
2722 1460 3062 1516 conﬁrmari
3087 1477 3222 1532 erga
3243 1476 3378 1514 eum
3411 1459 3511 1530 qui
3546 1474 3699 1513 scor-

2055 1559 2209 1607 tatus
2241 1553 2454 1614 fuerat,
2482 1552 2554 1606 de
2590 1568 2705 1622 quo
2740 1552 2931 1622 priore
2965 1550 3205 1620 scripsit
3242 1549 3538 1620 Epistola:
3573 1563 3699 1602 om-

2054 1657 2162 1694 nes
2194 1639 2488 1710 siquidem
2513 1656 2580 1694 ex
2614 1642 2787 1706 hujus
2811 1645 3103 1710 praecepto
3126 1637 3360 1692 fuerant
3379 1652 3513 1691 eum
3537 1651 3704 1690 aver-

2060 1729 2192 1784 sati.
2229 1729 2297 1782 Et
2327 1728 2454 1782 vide
2513 1727 2654 1798 quid
2714 1734 2863 1800 agat.
2928 1727 3083 1781 θιθ
3147 1725 3470 1796 Participes
3529 1723 3709 1778 efﬁcit

293 1807 495 1879 λύπης,
530 1810 603 1872 ὡς
643 1815 800 1885 κοινῇ
861 1813 1072 1865 πάντων
1129 1812 1482 1880 λυπηθὲντων
1537 1810 1625 1866 ἐπὶ
1683 1817 1939 1885 τῷγενοο

347 1901 356 1916 .
523 1900 543 1912 η
738 1902 750 1916 .
848 1909 875 1916 _
974 1901 996 1916 ε.
1032 1900 1056 1916 ς
1148 1902 1158 1916 .
1524 1903 1535 1916 ,
1738 1904 1746 1916 .

2064 1820 2220 1890 ipsos
2255 1817 2528 1885 tristitiao,
2557 1824 2839 1888 tanquam
2873 1817 3147 1872 omnibus
3180 1821 3419 1888 propter
3448 1814 3506 1868 id
3549 1811 3708 1884 quod

299 1901 464 1972 μένῳ,
523 1900 613 1955 ’ἱνα
665 1902 752 1955 καὶ
811 1909 910 1972 τῆς
971 1900 1266 1976 διδομένης
1328 1903 1662 1980 συγγνώμης
1693 1904 1952 1978 γένωνται

297 1989 574 2053 κοινωνοὶ,
607 1991 695 2044 καὶ
729 2012 907 2069 φησιν.
960 1991 1022 2048 Εἰ
1074 1988 1130 2046 δέ
1171 2013 1256 2054 τις
1288 1990 1591 2062 λελύπηκε,
1621 1992 1713 2046 τὸν
1745 2011 1954 2064 πεπορ-

301 2079 525 2132 νευοιὸτα
558 2077 758 2155 λέγων,
821 2079 919 2135 οὐκ
977 2079 1075 2152 ἐμὲ
1128 2080 1409 2151 λελύπηκε
1467 2081 1653 2148 μόνον,
1687 2077 1833 2134 ἀλλὰ
1863 2081 1953 2134 καὶ

309 2168 446 2240 ὑμᾶς
480 2168 529 2222 ἐν
566 2170 736 2242 μέρει.
796 2172 971 2226 Τοῦτο
1029 2170 1134 2244 γὰρ
1191 2171 1274 2238 τὸ,
1307 2195 1334 2221 ‹‹
1370 2170 1508 2225 Ἀπὸ
1551 2169 1766 2244 μέρους,
1804 2193 1832 2220 ››
1863 2169 1950 2226 Ἐν

308 2256 460 2330 μέρει
493 2253 548 2310 δὲ
599 2257 772 2326 εἶπον,
833 2259 1016 2337 φησῖν,
1073 2257 1163 2313 ’ἶνα
1220 2260 1296 2333 μὴ
1356 2257 1625 2332 ἐπιϐαρῶ,
1655 2257 1952 2328 τουτέστιν,

304 2343 680 2416 ἐπιπαροξύνω
739 2351 853 2403 κατ’

304 2524 477 2590 εῗπον,
527 2526 613 2581 ἳνα
661 2527 737 2598 μή
787 2523 1106 2601 ἐπιϐαρῆσω
1150 2529 1240 2583 τὸν
1288 2527 1713 2603 πεπορνευκότα,
1757 2532 1836 2600 τῷ
1864 2526 1952 2582 λέ-

299 2635 412 2687 γειν
443 2621 700 2670 τοσοῦτον
751 2617 881 2672 λαὸν
941 2619 1104 2672 αὐτὸν
1164 2617 1549 2686 λελυπηκέναι.
1587 2618 1844 2674 «Ἱκανὸν
1873 2621 1954 2688 τῷ

295 2702 533 2775 τοιούτῳ
564 2706 596 2773 ἡ
633 2704 884 2778 ἐπιτιμία
918 2703 1074 2776 αὕτη.
1112 2730 1140 2756 ››
1194 2707 1291 2762 Διὰ
1339 2710 1500 2761 τοῦτο
1552 2707 1614 2761 τὸ
1654 2703 1829 2777 ὄνομα
1856 2704 1954 2760 αύ-

295 2796 390 2845 τοῦ
422 2790 547 2848 οὔτε
583 2791 714 2862 Ξίνω,
763 2791 886 2848 οὔτε
943 2792 1050 2849 ὧδε
1100 2795 1334 2864 τίθησιν,
1391 2796 1557 2850 αὐτοῦ
1611 2791 1950 2872 φειδόμενος,

302 2884 376 2953 μή
439 2903 555 2944 πως
608 2887 676 2956 τῇ
730 2883 995 2956 ὀνομασία
1051 2885 1238 2950 αὐτοῦ,
1296 2884 1460 2940 πάλιν
1521 2883 1951 2958 ἆιραζέσῃὸκατ’

300 2969 466 3026 αύτοῦ
522 2977 630 3026 τῶν
693 2973 995 3047 Κορινθίων
1059 2974 1254 3045 θυμός.
1317 2976 1469 3035 ‹‹“Ως
1525 2995 1582 3026 τε
1638 2973 1948 3027 τούναντίον

305 3063 516 3133 μᾶλλον
554 3063 694 3134 ὑμᾶς
725 3075 1073 3140 χαρισασθαι.
1111 3089 1138 3115 ››
1191 3066 1278 3134 Μή
1333 3064 1520 3135 μόνον,
1551 3063 1704 3140 φησὶ,
1748 3061 1952 3132 λύσητε

300 3154 399 3220 τήν
452 3150 792 3224 ἐπιτιμησιν,
853 3151 1000 3207 ἀλλὰ⁸
1054 3154 1140 3207 καὶ
1202 3153 1608 3225 παρακαλέσατε
1647 3150 1827 3220 αὐτὸν,
1860 3152 1951 3205 καὶ

929 2349 1094 2403 αὐτοῦ
1167 2350 1366 2410 πάντας
1433 2350 1593 2422 ὑμᾶς.
1651 2352 1722 2404 Ἦ
1781 2349 1954 2410 οὕτως

309 2438 425 2506 μεθ’
461 2431 785 2510 ὑπερϐατοῦ·
818 2435 1106 2508 Λελύπηκε
1141 2439 1278 2510 ὑμᾶς
1333 2437 1386 2492 ἐν
1449 2435 1620 2511 μέρει.
1687 2440 1863 2494 Τοῦτο
1896 2435 1954 2493 δὶ

2064 1908 2281 1962 factum
2313 1907 2507 1962 fuerat
2531 1923 2599 1961 ex
2650 1924 2820 1978 aequo
2861 1907 3246 1974 contristatis,
3280 1911 3342 1959 ut
3389 1905 3567 1958 etiam
3607 1919 3708 1957 ve-

2063 1996 2176 2050 niae
2209 2011 2340 2065 quae
2381 1995 2554 2051 datur
2606 1997 2751 2050 ﬁant
2808 2011 3042 2066 quoque
3100 1993 3440 2066 participes,
3474 1998 3531 2047 et
3581 1991 3701 2047 ait:

2063 2085 2228 2150 Quod
2251 2085 2297 2139 si
2323 2085 2456 2156 quis
2495 2085 2883 2150 contristavit,
2908 2084 3078 2139 illum
3102 2084 3304 2138 dicens
3336 2083 3436 2153 qui
3471 2087 3700 2136 scorta-

2064 2179 2156 2228 tus
2186 2174 2398 2244 fuerat,
2423 2191 2543 2228 non
2593 2191 2686 2229 me
2715 2174 3084 2230 contristavit
3133 2173 3348 2240 solum,
3382 2171 3483 2226 sed
3515 2177 3573 2225 et
3602 2186 3704 2226 vos

2064 2263 2123 2317 in
2149 2269 2345 2334 parte:
2382 2280 2522 2318 nam
2552 2265 2660 2318 hoc
2682 2265 3000 2336 signiﬁcat,
3035 2287 3061 2312 ‹‹
3098 2265 3162 2317 In
3185 2268 3410 2334 parte.»
3438 2263 3503 2316 In
3536 2267 3703 2332 parte

2063 2360 2260 2408 autem
2283 2353 2423 2414 dixi,
2451 2355 2663 2424 inquit,
2687 2372 2760 2408 ne
2783 2371 3108 2427 aggravem,
3133 2354 3246 2408 hoc
3276 2358 3384 2420 est,
3425 2351 3704 2408 adversus

2063 2442 2234 2495 illum
2277 2443 2621 2496 exacerbem
2653 2459 2862 2497 omnes
2911 2461 3030 2498 vos.
3063 2446 3176 2497 Aut
3222 2443 3333 2498 hoc
3362 2441 3538 2496 modo
3570 2456 3706 2496 cum

2064 2531 2427 2602 hyperbato:
2463 2532 2842 2588 Contristavit
2870 2549 3077 2588 omnes
3109 2549 3211 2587 vos
3250 2533 3310 2587 in
3342 2538 3544 2603 parte;
3594 2531 3707 2586 hoc

2061 2627 2259 2675 autem
2292 2620 2437 2682 dixi,
2473 2639 2545 2677 ne
2579 2639 2712 2676 eum
2747 2623 2848 2694 qui
2882 2627 3172 2678 scortatus
3203 2622 3396 2676 fuerat
3444 2635 3710 2692 aggrava-

2061 2725 2210 2774 rem,
2243 2710 2494 2765 dicendo
2527 2711 2716 2782 ipsum
2741 2712 3122 2766 contristasse
3142 2715 3370 2764 tantum
3397 2708 3706 2779 populum.

2062 2822 2090 2849 ‹‹
2151 2799 2383 2854 Sufﬁcit
2434 2801 2767 2856 istiusmodi
2826 2801 3052 2855 homini
3111 2798 3437 2869 increpatio
3497 2797 3640 2850 hmc.
3677 2816 3706 2845 υ

2062 2890 2381 2960 Propterea
2413 2905 2606 2960 neque
2630 2890 2902 2960 superius
2935 2905 3127 2958 neque
3150 2904 3310 2942 nunc
3332 2903 3551 2941 nomen
3575 2887 3704 2956 ejus

2061 2978 2325 3051 apponit,
2361 2985 2631 3032 metuens
2672 2995 2745 3032 ne
2777 2995 2892 3048 quo
2926 2977 3102 3032 modo
3135 2977 3264 3047 ejus
3305 2975 3704 3046 appellatione

2059 3083 2296 3120 rursum
2329 3067 2735 3122 effervesceret
2777 3067 3059 3121 adversus
3099 3082 3232 3120 eum
3263 3065 3702 3121 Corinthiorum

2057 3155 2314 3222 animus,
2352 3179 2371 3202 -
2412 3156 2481 3210 Ut
2511 3172 2541 3209 e
2600 3155 2828 3211 diverso
2876 3156 3064 3228 magis
3113 3154 3481 3210 condonetis.
3515 3177 3542 3203 ››
3576 3155 3701 3210 Non

303 3242 356 3294 ὶν
388 3246 454 3313 τῇ
509 3244 746 3316 προτέρᾳ
804 3238 959 3320 ἔχετε
1013 3243 1181 3314 τάξει.
1235 3241 1506 3298 Ἐναντίον
1552 3241 1656 3317 γὰρ
1705 3243 1738 3309 ἡ
1781 3240 1950 3314 παρά-

2064 3243 2274 3310 solum,
2306 3244 2519 3314 inquit,
2543 3245 3008 3316 increpationem
3033 3245 3262 3311 solvite,
3294 3260 3494 3298 verum
3521 3244 3700 3298 etiam

1310 3329 1355 3348 Nl

303 3329 500 3400 κλησις
532 3339 630 3400 τῆς
661 3331 1053 3404 ἐπιτιμήσεως.
1112 3334 1247 3406 Ὅρα
1306 3329 1382 3386 δέ..
1440 3333 1554 3386 Ἵνα
1587 3331 1662 3402 μή
1692 3330 1889 3402 νομίσῃ
1923 3330 1951 3384 ὁ

306 3422 687 3496 πεπορνευκὼς
741 3423 941 3483 ἱκανῶς
1004 3423 1472 3494 μετανενοηκὲναι,
1503 3419 1591 3474 καὶ
1623 3423 1720 3475 τοῦ
1753 3420 1952 3474 λοιποῦ

307 3511 676 3585 ῥαθυμότερος
710 3510 954 3587 γενηται,
987 3511 1143 3584 φησί’
1208 3536 1235 3563 ‹‹
1272 3510 1628 3584 Χαρίσασθαι,
1662 3533 1689 3558 ››
1749 3509 1813 3564 Εἰ
1861 3518 1950 3563 καί

309 3603 383 3671 μή
418 3600 580 3670 ἄξιος,
610 3600 797 3679 φησὶν,
857 3599 966 3655 ἐστὶ
1026 3595 1212 3654 λαϐεῖν
1273 3599 1408 3654 κατᾶ
1438 3597 1665 3676 ὀφειλήν
1694 3599 1793 3665 την
1825 3617 1954 3672 συγ-

305 3690 555 3765 γνώμην,
610 3692 683 3762 μή
746 3711 863 3752 πως
919 3693 987 3763 τῇ
1047 3688 1406 3763 περισσοτέρᾳ
1466 3685 1614 3761 λύπῃ
1648 3689 1950 3759 καταποθῇ,

303 3777 376 3839 ὡς
411 3779 438 3832 ὁ
471 3777 676 3842 Ἰούδας
733 3777 838 3833 ἀπὸ
891 3786 991 3848 τῆς
1050 3779 1288 3852 ἁμὲτρου
1316 3777 1517 3847 λύπης.
1555 3805 1581 3828 ιι
1608 3779 1677 3832 "H
1710 3796 1954 3830 καταποο

303 3869 369 3942 θῇ
407 3868 511 3922 ὑπὸ
557 3872 654 3923 τοῦ
716 3874 944 3923 Σατανᾶ.
975 3893 1002 3919 ››
1062 3868 1238 3938 Δηλοῐ
1285 3865 1342 3922 δὲ
1398 3865 1564 3922 αὐτοῦ
1595 3867 1827 3943 ἄφθονον
1854 3865 1953 3934 τήν

306 3955 506 4028 λύπην.

2061 3332 2450 3388 consolemini
2485 3350 2641 3399 eum,
2674 3341 2732 3389 et
2760 3335 2821 3388 in
2855 3335 3037 3406 priori
3070 3333 3277 3389 ordine
3308 3350 3376 3388 ac
3419 3333 3706 3404 dignitate

2062 3421 2356 3476 habetote.
2375 3424 2514 3477 Nam
2538 3425 2811 3495 opposita
2827 3430 2917 3478 est
2937 3422 3264 3478 consolatio
3288 3421 3706 3493 increpationi.

2063 3509 2386 3565 Considera
2412 3527 2567 3578 vero,
2603 3511 2762 3581 quod
2794 3527 2867 3566 ne
2899 3510 3255 3566 existimetis
3285 3509 3386 3580 qni
3437 3515 3710 3580 stuprum

2064 3597 2441 3654 commiserat
2471 3617 2532 3655 se
2564 3599 2932 3654 sufﬁcienter
2963 3598 3373 3670 paenitentiam
3401 3598 3614 3670 egisse,
3641 3612 3710 3652 ac

2065 3686 2149 3740 ita
2187 3685 2469 3760 deinceps
2526 3689 2764 3761 segnior
2808 3689 2994 3756 ﬁeret,
3041 3688 3154 3742 ait:
3189 3709 3217 3736 «
3269 3685 3648 3741 Condonetis.
3685 3706 3714 3733 ι»

2065 3783 2208 3839 Etsi.
2243 3779 2453 3849 inquit,
2488 3781 2699 3853 dignus
2734 3796 2852 3834 non
2884 3785 2973 3834 est
3005 3778 3102 3847 qui
3140 3783 3420 3845 tanquam
3452 3773 3714 3828 debitam

2066 3871 2318 3941 accipiat
2339 3870 2592 3930 veniam,
2619 3887 2717 3923 vos
2741 3875 2937 3923 tamen
2956 3864 3390 3923 condonate,ne
3415 3859 3711 3931 quomodo

2067 3959 2253 4014 nimia
2282 3958 2668 4014 absorbeatur
2697 3955 2957 4022 tristitia,
2999 3950 3503 4023 quemadmodum
3531 3947 3712 4005 Judas

307 4048 380 4103 ab
413 4049 729 4104 immodico
762 4066 1032 4105 maerore.
1074 4070 1093 4098 ι
1129 4049 1232 4104 Vel
1282 4047 1670 4104 absorbeatur
1697 4062 1732 4103 a
1779 4047 2014 4102 Satana.
2047 4070 2074 4097 ››
2128 4048 2425 4121 Signiﬁcat
2445 4054 2642 4103 autem
2684 4044 3087 4100 abundantem
3140 4041 3300 4096 illius
3342 4039 3609 4096 dolorem
3643 4055 3712 4095 ac

307 4138 553 4195 luctum.

379 4228 471 4280 Διὸ
528 4224 830 4300 παρακαλῶ
901 4228 1064 4300 ὑμᾶς,
1130 4231 1369 4300 κυρῶσαι
1430 4225 1504 4286 εἷς
1575 4224 1738 4278 αὐτὸν
1819 4223 1955 4296 ἀγά-

307 4336 436 4384 πην.
499 4315 595 4379 Εἰς
648 4321 814 4370 τοῦτο
875 4317 979 4393 γαρ
1047 4309 1276 4389 ἔγραψα,
1333 4315 1420 4367 ’ἱνα
1473 4317 1587 4387 γνῶ
1647 4313 1746 4378 τήν
1802 4308 1954 4364 δοκι-

313 4405 419 4475 μὴν
481 4405 656 4477 ὑμῶν,
718 4404 764 4459 εί
818 4404 891 4466 εἷς
951 4406 1124 4458 πάντα
1181 4404 1414 4472 ὑπήκοοί
1476 4400 1612 4456 ἐστε.
1671 4400 1738 4477 ’ῼ
1794 4397 1851 4453 δέ
1897 4419 1950 4452 τι

2145 4229 2212 4290 ll,
2255 4231 2408 4281 5-H.
2453 4230 2812 4296 Quapropter
2866 4225 3082 4279 obsecro
3137 4239 3228 4277 vos
3285 4225 3597 4291 conﬁrmata
3651 4222 3713 4274 in

2072 4317 2230 4370 illum
2261 4317 2608 4370 charitatem.
2643 4316 2705 4368 In
2738 4315 2836 4368 hoc
2875 4314 3017 4368 enim
3061 4310 3258 4382 scripsi
3288 4317 3348 4364 ut
3399 4322 3713 4378 cognoscam

2065 4406 2445 4476 probationem
2485 4406 2667 4470 vestri,
2726 4421 2799 4458 an
2856 4403 2929 4457 ad
2970 4403 3154 4456 omnia
3213 4399 3516 4454 obedientes
3571 4397 3712 4450 sitis.

307 4492 613 4567 χαρίζεσθε,
644 4495 732 4548 καὶ
766 4493 894 4568 ἐγώ.
931 4495 1031 4550 Καὶ
1066 4495 1169 4571 γὰρ
1228 4492 1359 4567 ἐγὼ,
1411 4492 1459 4548 εἳ
1513 4513 1565 4546 τι
1600 4491 1950 4565 κεχάρισμαι,

2071 4496 2172 4550 Cui
2201 4512 2326 4549 vero
2375 4494 2692 4549 condonaiis
2735 4493 2956 4563 aliquid
3011 4499 3063 4546 et
3119 4506 3218 4559 ego
3268 4488 3531 4543 condono.
3582 4485 3718 4539 Nam

307 4584 352 4656 ᾧ
408 4585 762 4659 κεχάρισμαι,
820 4583 890 4639 δι’
952 4586 1090 4657 ὑμᾶς
1145 4584 1197 4638 ἐν
1257 4585 1540 4659 προσώπῳ
1583 4587 1840 4658 Χριστοῦ,
1871 4583 1957 4637 ἳνα

311 4672 387 4743 μή
421 4670 905 4744 πλεονεκτηθῶμεν
963 4673 1067 4727 ὑπὸ
1116 4676 1214 4727 τοῦ
1270 4675 1502 4727 Σατανᾶ.
1537 4670 1613 4728 Ού
1658 4671 1762 4745 γὰρ
1793 4670 1958 4726 αὐτοῦ

307 4783 332 4813 ν
342 4764 406 4832 ovi
419 4782 558 4835 ματα
591 4760 790 4838 ἂγνοοῦ
799 4783 914 4835 μεν.

385 4952 497 5008 Ούκ
524 4949 601 5008 ἔτι
656 4955 729 5014 ὡς
789 4951 1117 5016 διδάσκαλος
1175 4953 1413 5021 κελεύει,
1467 4951 1698 5015 ἀλλ’ὡς
1733 4954 1961 5026 συνήγο-

317 5061 408 5116 ρος
463 5041 714 5104 δικαστὰς
770 5043 1094 5116 παρακαλεῖ.
1161 5069 1180 5096 ι
1221 5049 1467 5117 κυρῶσαι
1513 5042 1588 5102 εἷς
1637 5041 1794 5096 αὐτὸν
1827 5039 1964 5117 ἀγα-

315 5152 444 5200 πην.
482 5158 508 5182 n
541 5135 630 5200 Μή
662 5132 877 5201 ἁπλῶς,
936 5132 1082 5187 ἀλλὰ
1139 5133 1375 5206 παγίως.
1413 5131 1684 5205 Μεγίστην
1715 5129 1773 5184 δὲ
1802 5134 1962 5186 τοῦτο

313 5219 548 5276 δείκνυσι
605 5223 898 5298 Κορινθίων
955 5224 1173 5297 ἀρετήν,
1237 5223 1321 5277 ὅτι
1381 5222 1556 5282 οὕτως
1616 5215 1964 5294 μετεϐλήθη·

312 5331 428 5381 σαν,
463 5310 536 5374 ὥς
591 5333 648 5368 τε
700 5312 778 5390 ἐφ’
811 5312 856 5385 ᾧ
913 5314 1176 5387 πρότερον
1236 5311 1577 5390 ἐρυσιοῦντο,
1609 5334 1636 5361 ‹‹
1676 5310 1775 5366 Καὶ
1811 5309 1964 5378 ὑμεῖς

306 5402 430 5474 γαρ,
490 5403 624 5478 φησί
683 5401 1089 5475 πεφυσιωμένοι
1149 5401 1288 5467 ἐστὲ,
1324 5426 1351 5452 ››
1408 5405 1498 5454 νῦν
1533 5394 1732 5474 ἔχθραν
1767 5399 1968 5451 ἄσπον-

308 5487 398 5544 δον
432 5491 598 5570 ἔχειν.
667 5515 694 5546 ι
741 5493 858 5546 "tv:
916 5496 1025 5567 γνῶ
1085 5492 1182 5560 τὴν
1236 5489 1469 5563 δοκιμὴν
1502 5489 1678 5561 ὑμῶν.
1714 5511 1741 5538 ››
1772 5487 1884 5553 Τὴν
1916 5483 1968 5538 ἓν

304 5585 372 5654 τῇ
405 5582 616 5656 ὑπακοῇ
649 5579 930 5652 δηλονότι.
966 5605 996 5632 ‹‹
1031 5581 1121 5642 Εἷς
1152 5586 1314 5635 τοῦτο
1344 5581 1444 5655 γὰρ
1483 5577 1712 5652 ἔγραψα,
1746 5601 1774 5628 ››
1804 5595 1966 5631 τουτ-

378 5712 421 5746 ¹⁹
453 5711 474 5765 Ι
513 5711 644 5766 Cor.
680 5728 730 5777 ν,
770 5713 822 5764 2.

594 5831 858 5892 ΡΑι-ιιοι..
904 5831 1019 5890 Gn.
1069 5827 1328 5891 CXVIII.

2067 4592 2120 4640 et
2168 4601 2267 4655 ego
2307 4585 2355 4639 si
2403 4584 2540 4655 quid
2597 4583 2918 4648 condonavi,
2980 4583 3072 4636 cui
3101 4575 3429 4644 condonavi,
3483 4579 3718 4645 propter

2067 4692 2158 4732 vos
2189 4675 2496 4730 condonavi
2552 4676 2610 4728 in
2631 4689 2868 4744 persona
2918 4671 3147 4729 Christi,
3192 4684 3260 4722 ne
3316 4661 3721 4720 circumvenia-

2067 4782 2192 4821 mur
2221 4783 2255 4820 a
2277 4765 2505 4820 Satana.
2537 4765 2655 4819 Non
2704 4764 2850 4816 enim
2881 4759 3031 4814 illius
3077 4755 3437 4825 cogitationes
3484 4754 3715 4822 ignora-

2069 4871 2208 4908 mus.

2141 4945 2266 4998 Jam
2296 4958 2414 4996 non
2445 4945 2511 4995 ut
2546 4942 2871 5010 praeceptor
2909 4934 3100 5006 jubet,
3137 4931 3238 4988 sed
3289 4937 3570 5001 tanquam
3621 4943 3718 4998 pa-

2074 5040 2276 5086 tronus
2301 5029 2534 5101 judices
2562 5027 2932 5098 deprecatur.
2971 5044 2997 5075 ιι
3046 5021 3404 5078 Conﬁrmate
3454 5035 3512 5073 in
3544 5017 3712 5072 illum

2073 5121 2442 5178 cbaritatem.
2481 5138 2504 5167 ι
2555 5118 2677 5170 Non
2710 5122 3031 5184 utcunque,
3079 5111 3182 5166 sed
3233 5109 3503 5164 ﬁrmiter.
3532 5105 3715 5162 Maxi-

2077 5227 2232 5267 mam
2263 5216 2460 5264 autem
2493 5205 2930 5260 Corinthiorum
2953 5199 3214 5257 ostendit
3238 5200 3532 5258 virtutem.
3559 5193 3718 5267 quod

2077 5300 2222 5356 adeo
2255 5296 2549 5352 immutati
2574 5299 2790 5355 essent,
2814 5299 2880 5348 ut
2900 5292 2971 5346 de
3004 5307 3119 5362 quo
3144 5290 3307 5362 prius
3330 5287 3520 5342 inflati
3552 5287 3723 5340 erant

2078 5407 2144 5444 ac
2175 5404 2304 5443 sese
2354 5384 2663 5457 jactabant
2716 5391 2899 5451 (nam,
2939 5406 2958 5428 ι
2995 5382 3062 5435 Et
3111 5397 3232 5443 vos,
3269 5377 3484 5448 inquit,
3531 5370 3722 5428 inflati

2080 5479 2221 5534 estis
2243 5477 2284 5511 ¹⁹
2299 5475 2373 5547 ιι),
2398 5491 2557 5530 nunc
2573 5473 2776 5528 odium
2795 5467 3289 5526 irreconciliabile
3308 5463 3726 5534 conceperant.

2083 5591 2110 5620 ‹‹
2144 5571 2215 5625 Ut
2244 5579 2595 5639 cognoscam
2641 5561 3060 5634 probationem
3109 5557 3306 5615 vestri.
3343 5577 3372 5606 ι»
3422 5555 3570 5608 Puta
3599 5561 3732 5620 qua

3371 5799 3451 5860 80
