4158 6194
483 388 600 452 939

1586 384 1770 447 ΞΟΠ
1785 383 2004 445 ΜΕΝΠ
2051 382 2355 445 ΤΗΙΟΟιΕ
2398 385 2779 448 ΕβῙΒΟΟΡιῙ.

3762 380 3881 448 940

480 519 545 576 in
577 516 913 577 obedientia
941 516 1230 574 consistit.
1278 540 1305 569 «
1342 520 1407 574 In
1451 519 1563 575 hoc
1610 518 1771 575 enim
1820 518 2052 590 scripsi.

2195 511 2364 584 ¹ἔστι,
2423 514 2512 573 διὰ
2562 520 2724 573 τοῦτο
2787 514 3001 595 ἔγραψα
3058 517 3184 591 ὑμῖν
3252 522 3442 585 ταῦτα,
3497 514 3587 572 ἵνα
3640 521 3774 594 γνῶ,
3838 517 3885 573 εἰ

480 610 625 664 6H
666 609 783 663 Hoc
812 614 920 675 est,
952 614 1267 679 propterea
1296 608 1422 664 haec
1451 609 1662 680 scripsi
1711 607 1901 675 vobis,
1933 613 1996 662 ut
2026 622 2118 661 co-

467 713 755 770 gnoscam
784 703 985 752 utrum
1042 697 1196 753 sicut
1222 697 1471 753 audistis
1519 714 1638 763 me,
1696 704 1754 752 et
1794 714 1898 751 vos
1954 696 2116 767 ipsos

474 794 545 850 ab
576 793 680 849 illo
709 794 1049 866 separastis,
1096 796 1179 849 ita
1216 811 1450 867 quoque
1482 796 1543 851 in
1572 796 1684 852 hoc
1731 810 1824 850 me
1854 792 2114 850 audituri

473 885 603 940 sitis
639 889 705 939 ut
731 884 901 940 illum
950 885 1271 956 recipiatis.
1306 887 1427 941 Hoc
1471 885 1802 958 signiﬁcat:
1837 908 1862 933 ‹‹
1910 885 1998 938 An
2040 882 2115 938 ad

469 975 671 1030 omnia
703 975 1050 1031 obedientes
1103 976 1252 1031 sitis.
1286 998 1315 1026 ››
1351 981 1552 1048 Itaque
1601 992 1721 1032 non
1761 974 1954 1030 solum
1983 990 2114 1045 pro-

462 1073 599 1139 pter
629 1066 792 1122 illius
845 1066 1098 1122 salutem
1129 1083 1204 1121 ne
1243 1067 1430 1122 nimia
1468 1066 1887 1123 absorberetur
1933 1063 2112 1119 tristi-

468 1154 571 1219 tia,
605 1154 882 1224 scripsit:
931 1169 1135 1213 verum
1196 1155 1376 1210 etiam
1405 1153 1706 1211 adhortari
1757 1170 1857 1209 eos
1887 1153 2011 1207 vult
2037 1150 2114 1207 ad

468 1243 889 1299 obediendum.

535 1363 563 1391 ‹‹
610 1342 716 1397 Cui
766 1358 900 1396 vero
950 1341 1306 1397 condonatis
1353 1342 1603 1413 aliquid.
1639 1364 1668 1392 »
1719 1340 1862 1397 Vide
1910 1345 2111 1397 autem

458 1430 617 1502 quod
649 1432 809 1503 ipsos
837 1431 1031 1500 primo
1062 1431 1190 1486 loco
1223 1431 1621 1499 collocaverit,
1655 1447 1717 1486 se
1746 1431 1941 1503 ipsum
1972 1446 2107 1485 vero

453 1520 516 1573 in
569 1518 979 1591 subsequenti.
1051 1520 1274 1575 Deinde
1333 1527 1556 1589 autem,
1620 1536 1693 1575 ne
1749 1519 2105 1575 audientes:

457 1630 485 1656 ‹‹
517 1606 619 1663 Cui
650 1623 787 1663 vero
819 1607 1172 1663 condonatis
1219 1608 1467 1679 aliquid,
1503 1630 1530 1657 »
1556 1608 1830 1664 dominos
1862 1623 1924 1661 se
1978 1623 2106 1661 esse

454 1696 819 1753 arbitrentur
844 1697 917 1752 ad
951 1698 1375 1753 dimittendum
1409 1703 1467 1753 et
1496 1715 1615 1753 non
1661 1697 2105 1764 dimittendum,

455 1784 717 1857 seipsum
756 1802 990 1857 quoque
1023 1787 1297 1859 adjungit
1346 1786 1618 1853 dicendo,
1653 1810 1679 1836 «
1716 1788 1785 1840 Et
1815 1801 1940 1857 ego.
1976 1806 2004 1834 ››
2038 1816 2104 1827 -

2224 603 2327 681 ἄρα
2357 604 2541 682 ὥσπερ
2600 607 2872 678 ἠκούσατέ
2929 628 3033 680 μου
3118 606 3211 662 καὶ
3289 607 3598 680 ἀπεκόψατε
3654 605 3886 671 ἑαυτοὺς

2234 696 2249 710 π
2303 697 2314 717 ν
2392 695 2404 714 ν
2484 700 2507 712 ~
2622 697 2651 715 υ
2932 697 2945 715 η
3039 696 3051 717 ν
3269 718 3280 728 .
3340 698 3353 716 ι
3429 696 3443 715 ν
3570 696 3584 714 ι
3629 694 3676 727 Νι

2224 716 2297 750 απ
2345 715 2534 766 αυτου,
2589 717 2699 751 ουω
2763 718 2869 770 μου
2921 709 3213 761 ακουσεσθε
3271 718 3355 752 και
3400 718 3476 759 εις
3532 717 3594 750 το
3625 697 3875 766 δεξασθαι

2221 782 2401 839 αὐτόν.
2435 787 2609 840 Τοῦτο
2642 783 2812 860 λέγει,
2869 809 2897 837 ι(
2932 784 2993 839 Εἰ
3050 784 3125 848 εἷς
3185 788 3358 840 πάντα
3396 783 3633 856 ὑπήκοοί
3667 784 3811 843 ἐστε.
3846 809 3875 837 ιε

2223 873 2324 930 Καὶ
2356 874 2533 930 τοιού
2597 876 2763 946 μόνον
2822 872 2910 929 διὰ
2965 875 3064 943 τήν
3124 874 3329 930 ἐκείνου
3372 873 3648 950 σωτηρίαν
3675 873 3763 929 ’ἱνα
3799 876 3874 948 μή

2220 964 2288 1035 τῇ
2346 960 2702 1038 περισσοτέρᾳ
2761 962 2909 1039 λύπῃ
2961 968 3267 1037 καταποθῇ,
3328 962 3575 1039 ἔγραψεν,
3606 961 3871 1020 ἀλλὰκαὶ

2218 1052 2627 1127 προτρέψασθαι
2658 1052 2856 1115 αὐτοὺς
2885 1053 3025 1129 πρὸς
3054 1054 3117 1108 τὸ
3146 1055 3431 1122 πεισθῆναι
3465 1051 3746 1127 βούλεται.

2294 1353 2316 1383 ι
2348 1338 2413 1410 ᾯ
2444 1329 2501 1387 δὶ
2528 1353 2578 1389 τι
2614 1335 2923 1410 χαρίζεσθε.
2955 1357 2983 1384 η
3015 1335 3178 1412 Ὀρα,
3210 1336 3410 1404 αὐτοὺς
3443 1341 3539 1414 μὶν
3580 1340 3633 1396 ιν
3664 1359 3879 1412 πρωτο-

2213 1426 2370 1497 τύπῳ
2399 1426 2653 1500 τέταχεν,
2684 1426 2872 1481 ἑαυτὸν
2905 1422 2963 1482 δὲ
3007 1424 3059 1481 ἐν
3089 1430 3474 1503 παρεπομένῳ.
3510 1429 3645 1488 Εἶτα
3667 1427 3762 1484 *ἵνα
3796 1428 3873 1502 μὴ

2214 1513 2556 1580 ἀκούσαντες,
2595 1539 2623 1566 ι(
2680 1513 2727 1587 ᾧ
2759 1512 2816 1570 δέ
2845 1536 2896 1571 τι
2930 1515 3240 1591 χαρίζεσθε,
3276 1542 3303 1570 ››
3359 1518 3540 1596 κύριοι
3569 1517 3872 1591 νομίσωσιν

2237 1604 2263 1641 τ
2444 1608 2471 1619 η’
2508 1604 2540 1658 ἆ
2620 1602 2683 1660 λ]
2868 1606 2882 1625 \
2977 1606 2991 1625 ε
3129 1608 3141 1643 ι
3320 1608 3332 1622 I
3413 1630 3453 1643 -
3596 1608 3607 1627 ν
3829 1609 3855 1622 ο

2212 1624 2349 1660 ε.ναι
2378 1624 2475 1660 του
2546 1624 2614 1660 πο
2662 1626 2769 1659 δειν
2798 1626 2884 1660 και
2922 1627 3022 1678 μη,
3054 1627 3144 1661 κα.
3185 1607 3373 1663 έαυτον
3420 1610 3757 1684 ..ροστιθησμ
3786 1628 3869 1679 τῳ

2213 1693 2405 1760 εἰπεῖν,
2436 1718 2455 1743 ιι
2484 1693 2578 1748 Καὲ
2604 1692 2713 1771 ἐγὼ
2739 1718 2767 1745 ››
2789 1728 2856 1737 --
2881 1719 2908 1746 ‹‹
2940 1697 3020 1749 Δι’
3049 1696 3188 1769 ὑμᾶς
3211 1695 3814 1775 δὲ,ιρησὶ,κεχαρισμαι.
3841 1719 3872 1748 υ

2211 1779 2397 1839 Ἤδειν
2432 1782 2534 1859 γὰρ
2568 1780 2934 1858 χαριζόμενος
2978 1785 3067 1839 καὶ
3121 1785 3247 1857 ὑμῖν
3282 1786 3343 1841 έκ
3370 1786 3588 1843 τούτου.
3625 1787 3760 1844 Εἶτα
3784 1784 3814 1839 ἰ
3841 1806 3876 1839 α

453 1897 481 1926 ι(
514 1876 763 1947 Propter
792 1892 890 1931 vos
939 1881 1139 1931 autem
1192 1876 1543 1941 condonavi,
1574 1900 1601 1925 ››
1655 1874 1867 1946 inquit.
1923 1874 2084 1929 Intel'

2217 1872 2292 1943 μὴ
2325 1872 2563 1944 νομισθῇ
2610 1868 2680 1925 δι’
2738 1871 3058 1946 ἀνθρώπους
3118 1874 3628 1951 συγκεχωρηκέναι,
3658 1872 3872 1949 ἐπάγει,

452 1964 716 2021 lexeram
775 1964 934 2021 enim
1001 1983 1097 2022 me
1156 1984 1227 2022 ex
1284 1967 1394 2022 hoc
1454 1967 1577 2022 fore
1634 1966 1801 2020 vobis
1849 1971 2102 2037 gratum.

460 2054 681 2109 Deinde
738 2071 811 2110 ne
871 2056 1215 2111 existiment
1274 2061 1518 2128 pr0pter
1573 2055 1847 2111 homines
1906 2054 2103 2125 ipsum

454 2143 679 2215 aliquid
704 2145 1094 2214 condonasse,
1120 2147 1427 2220 subjungit
1450 2164 1463 2201 :
1488 2169 1517 2197 ‹‹
1550 2148 1615 2201 In
1648 2162 1905 2218 persona
1937 2144 2106 2200 Chri-

449 2233 544 2289 sti.
581 2257 601 2286 ι
640 2234 759 2289 Ηοο
791 2240 899 2301 est,
927 2235 1258 2291 secunium
1290 2238 1591 2292 Christum
1622 2235 1734 2291 hoc
1764 2235 2009 2300 faciens,
2047 2239 2106 2289 et

450 2327 734 2394 tanquam
767 2324 826 2378 in
851 2331 1173 2396 conspectu
1204 2326 1421 2381 Christi
1453 2326 1564 2381 hoc
1591 2341 1793 2394 agens.
1826 2327 1960 2391 Aut,
1984 2346 2011 2373 «
2036 2324 2102 2378 ln

451 2428 709 2484 persona
738 2413 975 2479 Christi,
1009 2436 1038 2464 ››
1071 2415 1181 2469 hoc
1222 2420 1329 2481 est,
1371 2415 1445 2470 ad
1494 2415 1743 2487 gloriam
1790 2412 2005 2468 Christi
2035 2417 2104 2467 ut

454 2502 645 2573 ipsius
669 2518 890 2558 nomen
923 2509 981 2557 et
1010 2519 1125 2575 per.
1152 2520 1267 2560 ona
1305 2504 1376 2559 de
1408 2504 1773 2575 benignitate
1804 2502 2101 2575 gloriﬁca-

450 2597 635 2646 retur.
670 2590 973 2662 Siquidem
1017 2592 1207 2661 gloria
1254 2594 1468 2649 Christi
1519 2599 1609 2649 est
1640 2609 1884 2649 suorum
1931 2591 2100 2647 beni-

449 2680 642 2753 gnitas
673 2680 1121 2753 discipulorum.
1152 2683 1209 2737 Si
1244 2699 1380 2755 ergo
1422 2683 1579 2756 quod
1611 2683 1697 2750 ﬁt,
1746 2682 1820 2736 ad
1848 2680 2099 2754 gloriam

450 2770 665 2827 Christi
699 2769 800 2825 ﬁt:
853 2772 1151 2844 quomodo
1198 2773 1447 2845 potestis
1472 2789 1591 2828 non
1640 2772 1946 2843 ignoscere
1996 2776 2100 2826 aut

449 2863 623 2918 illum
655 2880 772 2920 non
818 2865 1128 2937 recipere?
1172 2889 1198 2916 «
1234 2868 1297 2921 In
1343 2882 1599 2939 persona
1643 2864 1879 2919 Christi.
1918 2886 1940 2913 ι
1978 2865 2097 2919 Hoc

446 2958 555 3021 est,
588 2952 661 3008 ad
687 2953 932 3025 gloriam
963 2955 1199 3015 Christi,
1238 2962 1340 3010 aut
1368 2962 1649 3026 tanquam
1681 2954 1809 3025 ipso
1862 2953 2092 3008 Christo

439 3042 620 3097 etiam
647 3043 758 3097 hoc
781 3044 1054 3115 jubente,
1084 3043 1242 3115 quod
1267 3045 1646 3116 potissimum
1668 3043 1754 3098 eis
1777 3040 2091 3113 persuasit.

436 3153 465 3181 «
498 3132 577 3186 Ne
608 3131 1149 3189 circumveniamur
1178 3150 1214 3189 a
1244 3134 1479 3190 Satana.
1517 3156 1545 3184 ››
1580 3134 1718 3200 Hoc,
1752 3131 1969 3201 inquit,
2001 3127 2089 3184 di-

434 3237 502 3275 co
529 3236 603 3274 ne
631 3235 664 3273 a
685 3220 901 3275 Satana
929 3221 1317 3292 decipiamur.
1354 3224 1519 3289 Nam,
1574 3221 1620 3275 si
1670 3222 1751 3276 ita
1782 3220 2090 3289 relinque-
2117 3247 2160 3314 α

436 3313 602 3360 retur
632 3312 689 3360 et
718 3308 905 3362 nimia
939 3309 1181 3363 tristitia
1210 3310 1647 3374 absorberetur,
1698 3309 1966 3363 futurum
1998 3323 2082 3361 es-

436 3400 526 3449 set
555 3400 684 3449 uta
727 3395 963 3451 diabolo
1004 3399 1601 3454 circumveniremur:
1644 3398 1746 3453 ille
1788 3396 2082 3469 siquidem

435 3482 673 3552 rapiens
694 3483 852 3553 quod
875 3500 1047 3538 suum
1072 3502 1191 3539 non
1215 3492 1391 3553 esset,
1414 3487 1632 3541 Christi
1653 3502 1889 3557 gregem
1914 3484 2084 3539 dimi-

430 3577 663 3639 nneret,
689 3578 973 3646 etcorpus
1000 3579 1269 3630 nostrum
1291 3576 1637 3647 dissiparet;
1675 3592 1884 3631 omnes
1913 3590 2081 3629 nam-

432 3678 545 3733 que
569 3662 820 3718 invicem
842 3663 1112 3719 membra
1134 3665 1295 3719 estis.
1321 3688 1348 3715 ‹‹
1376 3667 1501 3720 Non
1538 3666 1695 3719 enim
1732 3664 1895 3718 illius
1919 3663 2080 3736 cogi-

429 3750 683 3807 tationes
707 3751 1070 3824 ignoramus.
1115 3774 1143 3802 ››
1170 3752 1336 3817 Quod
1363 3754 1536 3808 variaa
1574 3769 1642 3808 ac
1678 3751 1897 3808 dolosaa
1935 3752 2076 3817 sint,

429 3839 774 3910 malumque
814 3841 1251 3897 machinantes.
1287 3842 1487 3912 Neque
1533 3841 1695 3897 enim
1738 3856 1807 3896 ex
1829 3856 1896 3894 eo
1932 3838 2079 3895 dun-

426 3933 589 3983 taxat
608 3929 765 3998 quod
790 3930 847 3984 in
871 3931 1324 3987 fornicationem
1347 3931 1648 4003 conjiciat,
1672 3946 1874 3985 verum
1898 3930 2077 3985 etiam

428 4032 499 4071 ex
534 4033 784 4073 maerore
818 4019 916 4089 qui
940 4022 1000 4074 in
1041 4021 1455 4092 resipiscentia
1479 4020 1753 4088 sumitur,
1784 4024 1979 4092 potest
2002 4018 2079 4074 ad

2212 1982 2239 2008 ‹‹
2271 1960 2355 2014 Ἐν
2389 1957 2672 2032 προσώπῳ
2693 1962 2955 2035 Χριστοῦ,
2983 1986 3010 2013 υ
3040 1964 3314 2032 τουτέστι,
3336 1963 3470 2017 κατᾶ
3493 1961 3723 2036 Χριστόν
3745 1965 3869 2015 τοῦ-

2205 2066 2267 2102 το
2297 2050 2559 2117 ποιήσας,
2593 2048 2667 2111 ὡς
2726 2049 2819 2103 καὶ
2873 2048 2958 2103 ἐπ’
3017 2046 3173 2125 ὄψεσι
3230 2054 3473 2125 Χριστοῦ
3518 2051 3770 2127 πράττων
3807 2051 3873 2106 τὸ

2203 2139 2440 2191 τοιοῦτο.
2502 2136 2595 2203 Ἥ,
2656 2162 2679 2186 ι(
2717 2137 2805 2193 Ἑν
2863 2139 3144 2213 προσώπῳ
3194 2143 3450 2214 Χριστοῦ,
3491 2165 3511 2191 ο
3558 2141 3865 2209 τουτέστιν,

2205 2224 2280 2285 είς
2312 2221 2468 2293 δόξαν
2499 2227 2761 2299 Χριστοῦ,
2805 2227 2894 2281 ἳνα
2949 2227 3118 2282 αὐτοῦ
3164 2228 3226 2282 τὸ
3276 2224 3449 2301 ὄνομα
3488 2232 3579 2282 καί
3609 2228 3674 2281 τὸ
3701 2228 3885 2302 πρόσ-

2204 2333 2356 2367 ωπον
2407 2312 2496 2367 ἐπὶ
2552 2313 2930 2390 φιλανθρωπίᾳ
2988 2313 3242 2392 δοξασθῇ.
3303 2317 3406 2374 Καὶ
3440 2317 3543 2394 γὰρ
3576 2313 3705 2387 δόξα
3734 2318 3869 2393 Χρι-

2205 2406 2355 2471 στοῦ,
2404 2403 2467 2457 τὸ
2521 2407 2629 2458 τῶν
2688 2406 2948 2477 μαθητῶν
3007 2405 3173 2461 αὐτοῦ
3233 2405 3645 2484 φιλάνθρωπον.
3681 2406 3742 2462 Εἰ
3776 2406 3869 2460 οὖν

2204 2490 2282 2554 εἷς
2316 2490 2469 2562 δόξαν
2534 2496 2780 2568 Χριστοῦ
2835 2495 3039 2568 γίνεται
3091 2497 3157 2552 τὸ
3213 2496 3518 2571 γινόμενον,
3561 2501 3678 2559 πῶς
3710 2493 3873 2550 δύνα-

2202 2601 2290 2636 στε
2350 2582 2427 2655 μή
2489 2587 2794 2659 συγγνῶναι
2877 2584 2967 2639 καὶ
3051 2586 3126 2657 μὴ
3184 2581 3435 2658 δέξασθαι
3511 2584 3706 2657 αύτὸν;
3759 2586 3865 2656 Τὸ,

2199 2693 2228 2721 ‹‹
2263 2670 2350 2725 Ἐν
2384 2673 2666 2745 προσώπῳ
2701 2677 2967 2748 Χριστοῦ,
2999 2698 3027 2725 ››
3058 2671 3117 2746 ἤ,
3147 2674 3224 2736 εἰς
3254 2672 3411 2746 δόξαν
3434 2677 3696 2749 Χριστοῦ,
3720 2674 3755 2743 ἢ
3780 2674 3862 2738 ὡς

2195 2763 2294 2814 τοῦ
2343 2764 2579 2843 Χριστοῦ
2628 2762 2720 2818 καὶ
2776 2766 2940 2818 τοῦτο
2995 2762 3340 2834 κελεύοντος,
3400 2763 3431 2819 6'
3488 2761 3728 2838 μάλιστα
3759 2763 3862 2819 αὖ·-

2195 2848 2323 2910 τοὺς
2382 2844 2611 2907 ἔπειθεν.
2673 2876 2702 2904 α
2738 2852 2854 2908 Ἵνα
2915 2854 2990 2925 μή
3051 2852 3564 2927 πλεονεκτηθῶμεν.
3604 2876 3629 2907 ε
3686 2856 3860 2911 Τοῦτο

2198 2935 2257 2993 δὲ
2288 2937 2458 3013 λέγω,
2488 2939 2577 2996 ἳνα
2641 2941 2717 3014 μὴ
2777 2939 3181 3017 πλεονεκτημεν
3242 2943 3347 2999 ὑπὸ
3385 2947 3483 2998 τοῦ
3515 2948 3749 2998 Σατανᾶ.
3784 2942 3856 2999 Εἰ

2193 3027 2293 3103 γὰρ
2346 3027 2499 3100 εἰάθη
2560 3028 2756 3100 οὕτως,
2814 3032 2906 3086 καὶ
2959 3030 3020 3086 ἐκ
3069 3038 3169 3102 τῆς
3226 3031 3612 3108 περισσοτέρας
3661 3029 3851 3102 λύπης

2193 3118 2481 3188 κατεκόθη,
2537 3117 2849 3193 ἐμέλλομεν
2911 3119 3346 3187 πλεονεκτεῖσθαι
3414 3122 3518 3177 ὑπὸ
3573 3126 3670 3177 τοῦ
3730 3119 3853 3175 δια-

2193 3201 2387 3265 ϐόλου.
2421 3208 2499 3266 Τὸ
2530 3210 2605 3282 μὴ
2648 3209 2817 3265 αὐτοῦ
2866 3210 2969 3287 γὰρ
3024 3206 3339 3284 λαμὸάνων,
3374 3210 3561 3285 έμείου
3591 3213 3690 3281 τὴν
3722 3210 3849 3265 ποία

2197 3318 2331 3369 μνην
2357 3301 2453 3351 τοῦ
2487 3299 2744 3374 Χριστοῦ,
2777 3301 2868 3353 καὶ
2925 3304 3023 3356 τοῦ
3082 3302 3337 3375 σώματος
3376 3303 3536 3373 ἡμῶν
3566 3301 3850 3375 ἀφῃρεῖτο.

2192 3385 2393 3447 Πάντες
2449 3387 2549 3463 γὰρ
2607 3385 2873 3459 ἀλλήλων
2933 3387 3077 3461 μέλη
3140 3390 3278 3458 ἐστὶ,
3336 3390 3522 3467 φησιν.
3576 3413 3603 3441 ‹‹
3637 3389 3714 3447 Ού
3745 3390 3851 3465 γὰρ

2190 3475 2356 3528 αὐτοῦ
2384 3474 2449 3529 τὰ
2486 3476 2737 3548 νοήματα
2765 3476 3087 3552 ἀγνοοῦμεν·
3123 3499 3149 3531 ν
3188 3479 3273 3534 ὃτι
3303 3477 3459 3543 ποικῖ
3468 3478 3537 3533 λα
3566 3476 3655 3533 καὶ
3686 3475 3852 3533 δολε-

2191 3563 2258 3636 pi
2306 3563 2397 3618 καὶ
2428 3568 2813 3641 κακομήχανα.
2874 3567 2950 3625 Ού
3012 3568 3118 3644 γὰρ
3179 3568 3341 3642 μόνον
3383 3569 3445 3625 έκ
3475 3574 3571 3625 τοῦ
3603 3568 3679 3633 εἷς
3708 3587 3855 3643 πορ-

2188 3651 2331 3708 νείαν
2384 3648 2635 3709 ἐκϐαλεῖν
2686 3654 3056 3726 ὑποσκελίζει,
3107 3656 3253 3713 ἁλλὰ
3299 3659 3389 3713 καὶ
3438 3657 3499 3714 ἑκ
3525 3660 3622 3727 τῆς
3653 3657 3739 3713 ἐπὶ
3774 3660 3851 3731 τῇ

2192 3742 2528 3816 μεταμελείᾳ
2576 3740 2757 3814 λύπης
2818 3741 3037 3800 δύναται
3099 3746 3175 3809 εἰς
3231 3746 3542 3826 ἀπόγνωσιν
3578 3746 3848 3817 σκελίσαι,

2189 3830 2314 3887 ὅταν
2344 3829 2578 3906 ἄμετρος
2753 3834 2916 3890 Ὅταν
2979 3833 3069 3890 οῦν
3102 3835 3192 3891 καὶ
3226 3835 3276 3905 ἐξ
3305 3837 3378 3891 ὧν
3415 3836 3850 3911 μεταμελόμεθα

2186 3921 2276 3977 καὶ
2307 3918 2359 3990 ἐξ
2391 3921 2463 3974 ὧν
2519 3921 2903 3996 ἁμαρτάνομεν
2960 3922 3244 4000 ἇλώσιμοι
3303 3924 3450 3998 αύτῳ
3509 3926 3689 4000 ἐσμεν,
3722 3929 3845 3990 πῶς

2187 4010 2318 4087 ούχὶ
2349 4006 2822 4083 πλεονεκτούμεθα
2849 4030 2863 4082 ;

424 4102 899 4177 desperationem
931 4110 1337 4181 supplantare,
1366 4111 1412 4165 si
1453 4111 1635 4165 fuerit
1677 4109 2050 4165 immodicus.

2195 4100 2590 4171 andoquidem
2647 4117 2784 4175 ergo
2816 4108 2874 4157 et
2913 4119 2984 4159 ex
3016 4120 3083 4161 eo
3115 4106 3273 4177 quod
3304 4123 3641 4178 peccamus,
3674 4112 3734 4162 et
3757 4122 3838 4164 ex

422 4208 491 4250 eo
522 4193 683 4265 quod
713 4196 1139 4268 resipiscimus,
1170 4198 1341 4254 facile
1372 4199 1445 4254 ab
1475 4216 1544 4255 eo
1575 4199 1863 4271 capimur,
1894 4214 1971 4253 an
2001 4210 2123 4252 non
2155 4189 2330 4262 plane
2361 4189 2914 4248 Circumvenimur?

968 4313 1124 4371 612
1165 4315 1395 4372 CAPUT
1432 4317 1528 4371 Ill.

421 4398 493 4454 De
524 4400 769 4456 utilitate
791 4417 897 4473 per
916 4405 1096 4472 ipsum
1119 4407 1380 4474 praestita
1418 4405 1501 4459 his
1530 4406 1628 4475 qui
1652 4405 1839 4459 idonei
1868 4409 2061 4470 essent,

651 4489 755 4543 per
783 4490 945 4544 quam
976 4481 1142 4529 etiam
1171 4478 1541 4531 commendari
1566 4492 1620 4531 se
1648 4475 1805 4530 dicit.

487 4560 679 4627 ",12,
733 4565 820 4616 13.
864 4564 1128 4619 Ca-terum
1185 4580 1305 4619 cum
1353 4564 1611 4620 venissem
1670 4564 1933 4619 Troadem
1989 4564 2064 4619 ad

415 4649 779 4719 Evangelium
829 4651 1054 4719 Christi,
1106 4659 1157 4707 et
1199 4655 1397 4709 ostium
1443 4653 1584 4708 mihi
1628 4660 1880 4723 apertum
1927 4658 2061 4708 esset

405 4752 511 4805 per
546 4740 859 4803 Dominum,
898 4758 1010 4797 non
1059 4742 1229 4797 habui
1268 4744 1672 4797 relaxationem
1700 4741 1904 4812 spiritu
1940 4758 2056 4798 meo

413 4839 472 4878 eo
503 4828 651 4894 quod
692 4846 801 4883 non
841 4832 1161 4885 invenissem
1211 4833 1397 4887 Titum
1436 4833 1670 4899 fratrem
1717 4846 1913 4899 meum,
1962 4833 2057 4887 sed

411 4928 532 4967 cum
563 4916 675 4970 illis
703 4917 1104 4985 valedixissem,
1129 4921 1243 4974 abii
1272 4923 1329 4975 in
1357 4919 1757 4975 Macedoniam.

478 5002 603 5057 Non
659 5006 882 5079 vulgari
926 5008 1100 5063 modo
1156 5010 1568 5082 peregrinatus
1625 5025 1777 5073 sum,
1829 5010 1932 5066 sed
1975 5010 2051 5066 ad

407 5091 806 5164 Evangelinm,
840 5097 951 5151 hoc
981 5102 1089 5160 est,
1122 5098 1197 5153 ad
1228 5099 1376 5154 illud
1402 5098 1867 5170 przedicandum.
1920 5122 1949 5149 ‹‹
1980 5096 2050 5154 Et

404 5182 621 5237 ostium
654 5184 798 5239 mihi
858 5193 1129 5256 apertum
1176 5194 1349 5242 esset.
1388 5211 1416 5239 ››
1450 5188 1585 5243 Vult
1632 5188 1829 5243 dicere
1886 5188 2046 5259 quod

400 5277 613 5340 praeter
644 5272 1020 5343 afﬂictiones,
1054 5276 1232 5332 etiam
1263 5278 1370 5332 Titi
1403 5277 1673 5332 absentia
1719 5277 1913 5348 ipsum
1959 5279 2043 5333 af-

398 5358 566 5427 ﬂixit,
615 5366 933 5422 ostendens
990 5375 1274 5438 quantum
1311 5369 1389 5423 sit
1445 5369 1627 5425 fratre
1658 5368 1894 5440 privari.
1929 5371 2044 5425 Nec

396 5456 595 5506 tamen
618 5452 799 5509 dixit:
827 5460 947 5510 Non
972 5456 1304 5527 praedicari,
1331 5463 1431 5513 aut
1453 5458 1663 5514 salutis
1700 5473 1908 5513 eorum
1938 5460 2041 5530 qui

394 5539 467 5594 ad
499 5539 677 5598 fidem
700 5542 1064 5601 accedebant
1082 5562 1284 5601 curam
1315 5562 1436 5601 non
1472 5547 1674 5611 habui,
1706 5547 1831 5615 sed,
1864 5550 2040 5605 «Non

393 5627 574 5686 habui
603 5631 1029 5692 relaxationem
1060 5634 1271 5707 spiritu
1293 5650 1462 5700 meo;
1497 5656 1525 5685 ››
1556 5635 1669 5691 hoc
1699 5640 1807 5700 est,
1830 5651 2039 5692 mcere-

394 5716 532 5776 bam
563 5727 622 5777 et
649 5725 951 5782 anxiabar.
1004 5723 1352 5779 Prmdicatio
1399 5723 1599 5793 itaque
1649 5721 1723 5776 ob
1753 5722 1866 5778 hoc
1913 5739 2034 5781 non

2094 4286 2142 4350 D

2808 4309 2995 4365 ΚΕΦΛ
3011 4314 3070 4367 V.
3125 4315 3195 4367 I“.

2243 4391 2372 4468 Περὶ
2404 4399 2502 4463 τῆς
2535 4390 2801 4474 δι’-αὐτοῦ
2832 4395 3109 4474 ὠφελείας,
3148 4405 3267 4474 τοῖς
3296 4396 3651 4469 ἐπιτηδείοις,
3685 4396 3756 4454 δι’

2598 4467 2664 4535 ἧς
2716 4466 2806 4521 καὶ
2838 4466 3181 4526 συνίστασθαί
3214 4492 3400 4550 φησιν,

2243 4550 2450 4609 Ἐλθὼν
2509 4550 2567 4611 δὶ
2621 4554 2697 4618 εἷς
2756 4556 2854 4625 τὴν
2913 4556 3167 4632 Τρωάδα,
3222 4559 3299 4622 εἷς
3370 4560 3435 4615 τὸ
3494 4557 3833 4638 Εὐαγγέλιον

2166 4648 2263 4698 τοῦ
2313 4648 2573 4720 Χριστοῦ,
2631 4645 2720 4701 καὶ
2779 4646 2943 4721 θύρας
3004 4669 3100 4722 μοι
3153 4649 3508 4724 ἀνεῳγμένης
3538 4649 3588 4705 ἐν
3621 4651 3828 4724 Κυρίῳ,

2166 4734 2266 4790 οὐκ
2317 4735 2525 4805 ἔσχηκα
2581 4738 2757 4790 ἄνεσιν
2814 4743 2893 4812 τῷ
2968 4741 3236 4816 πνεύματί
3296 4764 3403 4815 μου
3456 4747 3536 4814 τῷ
3596 4743 3674 4815 μή
3732 4743 3831 4799 εῦ-

2164 4829 2277 4899 ρεῖν
2328 4844 2395 4895 με
2450 4826 2614 4881 Τῖτον
2669 4825 2762 4879 τὸν
2821 4824 3055 4906 ἀδελφόν
3121 4851 3247 4902 μου.
3307 4828 3489 4888 Ἀλλὰ
3549 4831 3826 4903 ἀποταξὰ-

2164 4933 2325 4986 μενος
2356 4912 2566 4984 αὐτοῖς,
2597 4912 2829 4988 ἐξῆλθον
2863 4917 2937 4979 είς
2965 4918 3327 4977 Μακεδονίαν.

2230 5005 2355 5084 Οὒχ
2406 5004 2593 5066 ἁπλῶς
2629 5004 3018 5081 ἀποδημήσας,
3077 5010 3203 5067 ἀλλ’
3236 5012 3314 5076 εἷς
3358 5013 3421 5069 τὸ
3454 5009 3819 5089 Εὐαγγέλιον,

2156 5091 2454 5161 τουτέστιν,
2496 5092 2580 5148 ἐπὶ
2631 5093 2694 5148 τὸ
2741 5095 2970 5169 κηρύξαι
3018 5096 3375 5174 ἀπεδήμησα.
3432 5125 3454 5152 ι
3490 5102 3594 5156 Καὶ
3645 5101 3820 5176 θύρας

2159 5203 2253 5255 μοι
2311 5181 2672 5259 ἀνεῳγμένης.
2702 5206 2731 5234 ››
2788 5184 2945 5240 Θέλει
3004 5186 3173 5244 εἰπεῖν
3226 5189 3309 5244 ὃτι
3360 5189 3500 5265 πρὸς
3548 5194 3666 5251 τοῖς
3700 5210 3826 5244 πει-

2156 5275 2404 5347 ρασμοῖς,
2437 5268 2525 5324 καὶ
2578 5272 2613 5339 ἡ
2672 5269 2891 5327 ἀνουσία
2945 5276 3130 5345 Τίτου,
3164 5276 3325 5333 αὐτὸν
3355 5271 3562 5342 ἔθλιῦε,
3598 5274 3821 5342 δεικνὺς

2151 5362 2276 5417 ’ὀτον
2329 5359 2469 5414 ἐστὶν
2526 5354 2764 5436 ἀδελφοῦ
2822 5368 3144 5437 στερεῖσθαι.
3178 5365 3331 5437 υλήν
3365 5366 3457 5421 οὖν
3491 5366 3658 5433 εἶπεν,
3693 5366 3822 5423 Οὐκ

2149 5448 2404 5523 ἐκήρυξα,
2431 5446 2603 5520 ἢγουν
2635 5453 2735 5516 τῆς
2764 5452 3040 5529 σωτηρίας
3087 5459 3198 5510 τῶν
3253 5475 3593 5530 προσιοντων
3619 5458 3690 5528 τῇ
3722 5454 3816 5509 πί-

2147 5559 2258 5595 στει
2308 5536 2407 5592 οὐκ
2457 5534 2763 5614 ἐφρόντισα,
2807 5537 2935 5597 ἀλλ’
2996 5567 3025 5596 ι(
3077 5543 3192 5602 Ούκ
3235 5542 3448 5621 ἔσχηκα
3501 5542 3675 5601 ἄνεσιν
3731 5548 3815 5618 τῷ

2144 5626 2411 5700 πνεύματί
2466 5644 2592 5699 μου,
2644 5649 2675 5678 »
2725 5632 3027 5701 τουτέστιν,
3079 5632 3404 5709 ἐλυπούμην
3449 5633 3540 5691 καὶ
3588 5631 3820 5707 ἠδημό-

2142 5740 2292 5776 νουν.
2322 5716 2396 5773 Τὸ
2430 5714 2525 5789 μιν
2556 5735 2642 5771 τοι
2691 5720 2969 5797 κήρυγμα,
3019 5722 3081 5779 οὗ
3131 5724 3278 5802 παρὰ
3325 5729 3490 5782 τοῦτο
3520 5721 3817 5800 ινεμποδίο
