4156 6200
208 510 319 569 941

1166 506 1585 568 ΟΟΜΜΕΝΤ.
1630 506 1717 566 ΙΝ
1765 505 2016 565 EPIST.
2070 504 2122 566 Il
2165 508 2266 567 AD
2311 507 2686 569 CORINTH.

3503 514 3624 574 943

215 648 353 710 ζετο.
387 641 485 695 Καὶ
515 639 753 709 τοσαύτη
787 637 874 708 ἦν,
907 639 1065 719 φησὶ,
1096 636 1268 711 λύπη,
1302 637 1384 694 ὅτι
1418 638 1505 692 καὶ
1538 636 1701 711 θύρας
1761 658 1855 711 μοι

1985 638 2203 711 accepit
2230 639 2746 712 impedimentum.
2798 642 2867 697 Et
2896 646 3061 700 tanta
3086 642 3236 713 'fuit,
3270 642 3487 715 inquit,
3518 645 3625 701 tri-

213 728 586 807 ἀνεῳγμένης,
618 726 887 796 τουτέστι,
918 726 1010 782 καὶ
1044 730 1303 798 μαθητῶν
1346 726 1591 800 εὐπορῶν
1632 723 1722 779 καὶ
1769 728 1868 779 τοῦ

216 819 385 893 λόγου
414 817 733 897 τρέχοντος,
768 817 923 889 ὅμως
950 812 1159 891 ἤλγουν
1193 815 1280 869 ἐπὶ
1310 818 1379 888 τῇ
1412 814 1648 884 ἀπουσίᾳ
1674 813 1866 871 Τίτου.

215 909 453 964 Δείκνυσι
486 904 576 961 διὰ
631 906 870 972 τούτων,
927 903 1026 960 τοῦ
1083 905 1245 962 Τίτου
1300 904 1364 959 τὸ
1417 905 1724 982 χρήσιμον,
1784 900 1868 956 δτι

216 997 388 1073 χωρὶς
423 995 650 1062 ἐκείνου,
681 996 773 1051 καί
802 1016 891 1051 τοι
942 994 1106 1071 θύρας
1153 993 1518 1069 ἄνεῳγμὲνης,
1569 992 1724 1066 ὅμως
1771 990 1872 1046 οὐκ

221 1084 370 1160 εἶχεν
402 1083 602 1154 ἆνεσιν,
639 1081 727 1139 διὰ
772 1084 835 1137 τὸ
898 1082 974 1156 μὴ
1033 1087 1282 1157 παρεῖναι
1341 1080 1518 1136 αὐτόν.
1575 1082 1754 1137 Τοῦτο
1812 1074 1872 1133 δὲ

216 1172 384 1248 λέγει,
408 1171 497 1228 καὶ
529 1173 621 1226 τὸν
654 1172 817 1229 Τίτον
848 1176 967 1232 τοῖς
1002 1168 1314 1245 Κορινθίοις
1372 1172 1632 1224 συνιστῶν
1679 1163 1867 1240 (ἔμελ-

216 1261 279 1317 λε
306 1265 408 1339 γὰρ
438 1261 605 1317 πάλιν
646 1257 1007 1316 ἀποστέλλειν
1062 1259 1226 1314 αὐτὸν
1285 1259 1422 1334 πρὸς
1478 1256 1720 1329 αὐτοὺς),
1777 1255 1869 1312 καὶ

213 1353 312 1422 τήν
345 1351 549 1407 οίκείαν
581 1347 822 1419 σπουδὴν
866 1349 991 1424 περὶ
1051 1348 1246 1412 αὐτοὺς
1302 1345 1591 1415 ἐνδεικνῦς,
1642 1344 1724 1401 ὅτι
1778 1344 1869 1402 καί

216 1462 333 1504 πως
364 1442 509 1497 οὓτω
551 1439 991 1517 χρησιμεύοντος
1048 1437 1103 1494 ἓν
1162 1442 1241 1511 τῷ
1299 1437 1610 1515 κηρύγματι
1666 1434 1756 1491 καὶ
1815 1434 1867 1490 ἐν

217 1538 347 1588 πᾶσι
376 1536 473 1588 τοῦ
526 1531 713 1602 Τίτου,
772 1529 927 1603 ὅμως
982 1530 1147 1591 αὐτὸς
1204 1526 1421 1583 ἐκείνων
1472 1530 1536 1583 τὸ
1592 1526 1868 1607 συμφέρον

218 1620 517 1698 προκρίνει.
577 1619 671 1676 Διὸ
727 1620 814 1675 καὶ
870 1616 1156 1675 ἀπέστειλε
1210 1618 1300 1672 καὶ
1361 1615 1653 1672 ἀποστελεῖ
1706 1615 1870 1671 αὐτὸν

218 1711 403 1767 πολλᾶ
430 1711 655 1786 χρῄζων
690 1708 854 1765 αὐτοῦ
882 1716 983 1777 τῆς
1016 1707 1339 1779 παρουσίας.
1374 1731 1402 1758 ‹‹
1440 1703 1619 1764 Ἀλλὰ
1662 1705 1873 1761 ἀποτα-

218 1801 439 1874 ξᾶμενος
468 1800 657 1861 αὐτοῖς
716 1822 744 1851 ››
775 1798 849 1854 Τὸ
876 1796 1304 1870 ἁποταξέμενος,
1339 1794 1437 1850 οὐκ
1466 1792 1580 1850 ἔστι
1628 1794 1691 1849 τὸ
1742 1792 1872 1849 ἑλό-

224 1911 377 1965 μενος
420 1891 496 1963 μὴ
557 1888 805 1964 κηρύξαι.
866 1889 1099 1962 ’Ἄπαγε
1159 1887 1309 1959 (Οἶον
1370 1885 1470 1961 γὰρ
1522 1884 1614 1955 ἦν,
1675 1882 1721 1938 εί
1782 1880 1872 1938 διὰ

220 1982 318 2051 τήν
350 1978 611 2034 ἀπουσίαν
652 1977 814 2033 Τίτου
868 1973 1189 2046 ἑνεποδίσθη
1247 1975 1310 2030 τὸ
1366 1976 1627 2049 κήρυγμα
1654 1979 1694 2045 ;)
1742 1971 1867 2028 ἀλλ’

223 2069 341 2123 ἀντὶ
372 2072 491 2134 τοῦ,
515 2066 580 2122 οὐ
623 2071 885 2122 τοσοῦτον
945 2064 1226 2139 ἐπιμείνας
1285 2064 1418 2139 πρὸς
1471 2062 1689 2131 αὐτοὺς,
1748 2062 1873 2117 ὅσον

224 2157 420 2229 ἤθελον
453 2154 667 2212 ἐκεῖνοι.
700 2159 875 2213 Τοῦτο
910 2155 1004 2227 μὶν
1071 2153 1200 2215 ἴσως
1259 2152 1351 2209 καὶ
1407 2156 1505 2208 τοῦ
1562 2152 1875 2224 Πνεύματός

222 2245 628 2323 ἐπιτρέψαντος,
663 2244 809 2315 πλὴν
839 2244 1010 2300 ἐποίει
1057 2266 1112 2300 τι
1169 2244 1258 2299 καὶ
1319 2245 1355 2313 ἠ
1406 2242 1638 2299 ἀπουσία
1683 2241 1871 2300 Τίτου.

218 2344 375 2403 Ἰσως
408 2337 466 2395 δὲ
496 2341 585 2394 καί
616 2335 896 2415 χρειώδης
925 2338 992 2406 ἦν
1042 2334 1191 2409 αύτῷ
1247 2340 1325 2407 τῷ
1371 2334 1683 2411 κηρύγματι
1714 2335 1742 2389 ὁ
1773 2336 1874 2392 Τῖ-

224 2451 340 2492 τος.

296 2612 385 2684 Τῷ
450 2607 507 2666 δὲ
573 2613 688 2679 Θεῷ
753 2607 917 2687 χάρις
999 2610 1080 2679 τῷ
1170 2606 1400 2660 πάντοτε
1492 2597 1873 2677 θριαμϐεύοντι

225 2702 369 2773 ἡμᾶς
402 2697 455 2756 ἐν
492 2703 572 2772 τῷ
629 2701 872 2773 Χριστῷ,
929 2694 1020 2751 καί
1078 2696 1178 2765 τήν
1228 2693 1406 2768 ὀσμὴν
1460 2700 1561 2763 τῆς
1619 2693 1875 2768 γνώσεως

223 2788 389 2843 αὑτοῦ
452 2789 772 2868 φανεροῦντι
832 2783 903 2840 δι’
960 2785 1123 2857 ἡμῶν
1181 2781 1235 2838 ἐν
1294 2781 1456 2838 παντὶ
1541 2781 1714 2855 τύπῳ,
1784 2781 1871 2836 ὅτι

226 2866 474 2953 Χριστοῦ
522 2872 722 2932 εὐωδία
780 2873 940 2948 ἐσμὲν
998 2878 1077 2945 τῷ
1129 2876 1247 2945 Θεῷ
1317 2870 1368 2926 ἐν
1428 2875 1545 2933 τοῖς
1632 2866 1875 2944 σωζομέ-

223 2989 356 3032 νοις,
412 2968 502 3023 καὶ
560 2966 614 3022 ἐν
676 2970 794 3028 τοῖς
849 2962 1281 3036 ἀπολλυμένοις·
1371 2961 1452 3024 οἷς
1539 2960 1634 3034 μὲν
1720 2960 1868 3033 ὀσμὴ

225 3061 452 3125 θανάτου
484 3059 560 3122 είς
607 3057 857 3126 θάνατον,
902 3056 989 3118 οἷς
1037 3052 1094 3109 δὲ
1157 3054 1302 3125 ὀσμὴ
1362 3059 1509 3123 ζωῆς
1565 3051 1643 3112 εἷς
1702 3052 1871 3120 ζωήν.

222 3148 324 3207 Καὶ
358 3149 492 3224 πρὸς
544 3151 714 3203 ταῦτα
769 3144 852 3209 τίς
901 3144 1121 3211 ίκανός;
1185 3141 1260 3199 Οὐ
1302 3143 1406 3219 γάρ
1465 3140 1625 3213 ἐσμεν
1685 3140 1759 3199 ὡς
1821 3127 1872 3192 οῖ

220 3236 424 3314 πολλοὶ
479 3234 875 3307 κακηλεύοντες
933 3234 1026 3289 τὸν
1113 3231 1277 3307 λόγον
1358 3234 1456 3285 τοῦ
1514 3233 1671 3295 Θεοῦ,
1744 3225 1874 3283 ἀλλ’

221 3329 294 3391 ὡς
326 3328 374 3398 ἐξ
407 3324 777 3402 εὶλικρινείας,
801 3322 928 3379 ἀλλ’
987 3322 1061 3384 ὠς
1109 3320 1169 3376 ἐκ
1220 3324 1353 3375 Θεοῦ
1400 3319 1736 3374 κατενώπιον
1769 3318 1870 3371 τοῦ

223 3417 373 3483 Θεοῦ,
411 3416 461 3472 ἐν
494 3418 712 3491 Χριστῷ
743 3411 1043 3487 λαλοῦμεν.

295 3506 433 3564 Εἶτα
464 3503 652 3574 ἐπειδῆ
683 3503 897 3567 πολλὰς
926 3498 1174 3574 κατέλεξε
1203 3499 1400 3568 λύπας,
1439 3497 1534 3560 τὰς
1593 3497 1644 3553 ἐν
1698 3494 1874 3566 Ἀσίᾳ,

222 3594 316 3655 151:.
340 3594 392 3648 ἐν
422 3589 666 3665 Τρῳάδι,
697 3591 827 3646 αὐτὸ
856 3590 918 3644 τὸ
970 3590 1047 3661 μὴ
1099 3586 1276 3652 ἐλθεῖν
1330 3587 1465 3661 πρὸς
1523 3583 1741 3648 αὐτοὺς,
1785 3579 1875 3637 ’ἱνα

220 3687 301 3754 τ’ίὴ
334 3684 603 3758 νομίσωσι
634 3687 806 3739 ταῦτα
852 3678 1272 3759 ὀλοφυρομὲνου
1331 3678 1471 3732 εἶναι
1518 3675 1584 3730 τὰ
1633 3674 1874 3749 ῥήματα,

217 3773 423 3848 ἐπάγει·
459 3798 485 3826 ‹‹
516 3777 608 3846 Τῷ
639 3768 696 3827 δὲ
722 3775 839 3843 Θεῷ
869 3769 1028 3845 χάρις
1057 3772 1136 3840 τῷ
1196 3761 1400 3841 θριαμϐ
1417 3764 1598 3821 εύοντι
1637 3767 1809 3837 ἡμᾶς,
1844 3786 1873 3815 ››

215 3864 514 3932 τουτέστιν,
573 3862 1006 3937 εὖχαριστοῦμεν
1064 3862 1143 3929 τῷ
1209 3864 1326 3929 Θεῳ
1395 3860 1473 3928 νῷ
1553 3857 1876 3931 φανεροῦντι

222 3957 371 4027 ἡμᾶς
402 3952 500 4007 καὶ
527 3949 874 4021 καταδήλους
910 3952 1156 4005 ποιοῦντι
1190 3944 1280 4001 διὰ
1341 3949 1438 4001 τοῦ
1490 3945 1723 4019 πάσχειν
1775 3964 1874 3998 κα-

226 4049 355 4107 κῶς,
389 4048 703 4123 φανεροῦντι
734 4040 811 4114 δὲ,
846 4041 979 4114 μετὰ
1005 4044 1110 4094 τῶν
1142 4038 1278 4093 κατὰ
1326 4041 1422 4094 τοῦ
1480 4032 1738 4091 διαϐόλον
1793 4057 1876 4091 νι-

227 4139 338 4191 κῶν
366 4121 456 4190 καὶ
490 4133 790 4207 τροπαίων.
848 4134 1021 4188 Τοῦτο
1077 4129 1177 4205 γὰρ
1213 4129 1241 4183 ὁ
1272 4121 1539 4200 θρίαμϐος
1595 4125 1876 4200 βούλεται.

223 4230 311 4281 Ἐν
341 4225 446 4301 γὰρ
473 4226 554 4296 τῷ
611 4221 847 4297 πάσχειν
900 4222 1104 4286 κακῶς,
1152 4218 1209 4272 αἱ
1265 4217 1401 4271 κατὰ
1458 4219 1556 4271 τοῦ
1611 4209 1877 4269 διαϐόλου

226 4314 369 4370 νίκαι
402 4312 755 4369 συνίστανται.
790 4311 954 4368 Ὅσον
983 4308 1085 4385 γάρ
1114 4327 1198 4368 τις
1228 4303 1418 4361 πλεῖον
1452 4302 1875 4379 πάσχει,πλεῖον

227 4408 371 4475 νικᾷ.
408 4427 435 4454 ιι
464 4405 638 4475 ῚΙμᾶς
671 4400 722 4456 ἐν
752 4403 833 4472 τῷ
868 4401 1112 4474 Χριστῷ.
1148 4420 1176 4447 ››
1207 4397 1339 4452 Οἶον
1365 4390 1455 4448 διὰ
1481 4392 1572 4447 τὸν
1614 4390 1877 4467 Χριστὸν,

228 4491 319 4550 διὰ
345 4493 407 4549 τὸ
438 4494 721 4568 κήρυγμα.
758 4516 777 4545 ι
817 4489 917 4545 Καὶ
947 4488 1045 4555 τήν
1095 4486 1271 4558 ὀσμὴν
1321 4490 1423 4553 τῆς
1472 4482 1727 4555 γνώσεως
1772 4480 1877 4536 αύ-

227 4587 348 4643 τοῦ.
382 4608 412 4635 ››
442 4583 504 4640 Ἠ
537 4582 684 4654 ὁσμή
714 4586 815 4649 τῆς
842 4579 1094 4656 γνώσεως
1124 4572 1222 4631 δύο
1252 4571 1440 4644 δηλοῖ,
1471 4572 1554 4627 ὅτι
1578 4592 1637 4627 τε
1667 4572 1730 4628 τὸ
1776 4572 1881 4642 κή-

231 4693 413 4748 ρυγμα
450 4669 701 4745 οὐράνιόν
756 4668 868 4723 ἐστι
929 4666 1121 4741 μύρον,
1178 4663 1269 4720 καὶ
1328 4663 1414 4719 ὃτι
1464 4659 1562 4716 οὐκ
1616 4659 1878 4717 ἀνακεκά-

1978 726 2158 792 stitia,
2192 729 2351 800 quod
2372 747 2507 786 cum
2531 731 2709 786 etiam
2741 737 3011 803 apertum
3034 738 3193 787 esset
3215 732 3359 787 mihi
3384 734 3626 802 ostium,

1977 814 2089 872 hoc
2111 824 2218 881 est,
2255 826 2312 873 et
2350 819 2552 891 plures
2584 827 2783 875 essent
2811 820 3087 893 discipuli
3112 828 3172 877 et
3201 836 3398 878 sermo
3424 838 3627 880 curre-

1977 913 2087 972 ret,
2125 913 2322 963 tamen
2353 908 2615 981 angebar
2646 926 2825 982 super
2855 910 3128 967 absentia
3172 911 3304 966 Titi.
3358 912 3458 967 His
3512 910 3628 968 Titi

1976 997 2296 1053 utilitatem
2326 999 2608 1067 ostendit,
2662 1000 2802 1070 quia
2850 1001 2981 1055 sine
3011 1000 3137 1063 illo.
3184 1000 3325 1057 licet
3354 1007 3627 1074 apertum

1981 1088 2399 1151 essetostium,
2432 1104 2552 1143 non
2603 1093 2802 1144 tamen
2835 1088 3043 1145 habuit
3072 1089 3523 1161 relaxationem,
3557 1106 3626 1148 eo

1980 1176 2140 1246 quod
2168 1177 2267 1232 ille
2307 1193 2429 1233 non
2460 1178 2711 1233 adesset.
2750 1178 2869 1235 Hoc
2925 1186 3123 1236 autem
3156 1178 3301 1235 dicit
3330 1187 3387 1236 et
3431 1180 3627 1238 Titum

1980 1269 2408 1323 commendans
2420 1266 3006 1338 Corinthiis(rursum
3030 1269 3190 1326 enim
3208 1269 3401 1342 ipsum
3427 1268 3501 1326 ad
3523 1285 3626 1328 eos

1978 1356 2271 1412 missurus
2303 1356 2475 1429 erat),
2508 1364 2567 1414 et
2596 1360 2902 1431 proprium
2936 1359 3095 1416 circa
3133 1360 3268 1416 illos
3308 1360 3629 1419 ostendens

1980 1442 2264 1498 studium.
2297 1443 2648 1516 Quanquam
2680 1446 2839 1501 enim
2868 1446 3015 1502 adeo
3047 1447 3211 1502 utilis
3242 1453 3299 1503 et
3330 1448 3389 1502 in
3413 1446 3631 1520 praedi-

1980 1534 2211 1589 catione
2244 1542 2302 1590 et
2331 1535 2391 1590 in
2422 1535 2702 1593 omnibus
2733 1544 2892 1593 esset
2911 1538 3097 1606 Titus,
3128 1538 3253 1610 ipse
3276 1545 3476 1595 tamen
3504 1538 3636 1596 illo-

1979 1639 2112 1678 rum
2146 1624 2436 1695 praeponit
2465 1624 2781 1682 utilitatem
2810 1644 2823 1683 :
2848 1626 2981 1682 ideo
3003 1632 3061 1682 et
3090 1643 3225 1683 eum
3249 1628 3413 1684 misit
3434 1627 3508 1683 ad
3526 1643 3633 1685 eos

1982 1716 2040 1767 et
2073 1712 2289 1781 mittet,
2307 1730 2442 1769 cum
2473 1715 2598 1787 ipse
2624 1716 2874 1771 multum
2907 1723 3105 1790 egeret
3135 1718 3263 1789 ejus
3291 1717 3631 1790 praesentia.

1984 1822 2013 1850 κ
2044 1801 2154 1857 Sed
2185 1819 2321 1857 cum
2353 1803 2473 1859 illis
2495 1803 2928 1862 valedixissem.
2965 1829 2993 1856 »
3025 1806 3170 1863 Cum
3190 1807 3632 1878 valedixissem,

1980 1908 2101 1947 non
2133 1899 2222 1948 est
2251 1909 2319 1949 ac
2351 1894 2401 1948 si
2433 1893 2660 1951 diceret
2690 1912 2703 1951 :
2732 1896 2879 1951 Cum
2909 1896 3223 1969 elegissem
3265 1913 3385 1953 non
3415 1897 3632 1969 prandi-

1982 1998 2138 2038 care.
2174 1983 2433 2040 Minime.
2459 1985 2609 2050 Quid
2639 1986 2799 2041 enim
2830 1987 2941 2042 hoc
2973 1992 3149 2053 esset,
3181 1988 3230 2042 si
3261 1993 3502 2059 propter
3520 1987 3631 2044 Titi

1984 2071 2316 2129 absentiam
2338 2073 2836 2146 impedimentum
2867 2076 3164 2147 acciperet
3210 2076 3631 2149 evangelium?

1983 2162 2076 2216 ΘΙ
2090 2161 2246 2218 85εά
2269 2164 2440 2234 quasi
2454 2163 2680 2219 diceret
2696 2166 2764 2220 :N
2768 2181 2843 2220 on
2862 2170 3025 2220 tanto
3042 2170 3304 2237 tempore
3326 2164 3632 2237 apudillos

1982 2255 2284 2326 permansi
2316 2261 2605 2326 quantum
2639 2256 2728 2311 illi
2760 2256 3117 2312 voluissent:
3153 2255 3332 2328 idque
3363 2256 3633 2314 fortassis

1984 2344 2162 2398 etiam
2189 2344 2572 2416 permittente
2596 2346 2838 2417 Spiritu,
2866 2345 3121 2402 faciebat
3160 2351 3359 2401 tamen
3406 2345 3634 2419 aliquid

1981 2432 2092 2487 Titi
2129 2432 2423 2489 absentia.
2474 2435 2766 2490 Fortassis
2816 2441 3017 2492 autem
3049 2434 3213 2492 utilis
3245 2452 3481 2507 quoque
3509 2439 3635 2494 erat

1983 2523 2055 2579 ad
2082 2524 2566 2596 prmdicationem
2597 2526 2780 2582 Titus.

2054 2613 2123 2679 lI,
2160 2612 2343 2669 14-17.
2379 2639 2404 2664 «ι
2442 2615 2561 2671 Deo
2592 2622 2786 2672 autem
2811 2616 3000 2689 gratia
3029 2617 3130 2683 qui
3155 2633 3392 2689 semper
3422 2616 3633 2674 trium-

1988 2726 2006 2749 -
2042 2703 2224 2774 pbare
2248 2720 2357 2759 nos
2372 2704 2514 2760 facit
2533 2705 2595 2759 in
2612 2704 2844 2760 Christo
2869 2722 2882 2760 :
2909 2710 2967 2761 et
2988 2704 3232 2761 odorem
3254 2706 3482 2761 notitiae
3508 2720 3633 2762 sum

1984 2815 2010 2842 ‹‹
2037 2792 2379 2849 manifestat
2408 2810 2515 2864 per
2544 2794 2729 2849 nosin
2756 2794 2917 2849 omni
2932 2793 3388 2859 loco.Quoniam
3414 2792 3632 2850 Christi

1988 2904 2008 2930 -
2036 2880 2194 2937 bona
2214 2881 2535 2954 fragrantia
2567 2898 2773 2937 sumus
2807 2883 2920 2938 Deo
2952 2882 3014 2937 in
3046 2882 3139 2938 his
3170 2883 3269 2954 qui
3289 2883 3432 2939 salvi
3456 2882 3627 2951 ﬁunt,

1982 2990 2010 3017 ‹‹
2046 2973 2105 3022 et
2133 2969 2196 3023 in
2228 2968 2320 3024 his
2351 2969 2452 3039 qui
2486 2974 2768 3039 pereunt:
2790 2968 3137 3039 hisquidem
3160 2970 3306 3025 odor
3324 2970 3533 3026 mortis
3553 2969 3630 3027 ad

1988 3078 2008 3106 ι
2039 3061 2315 3123 mortem,
2339 3057 2461 3111 illis
2478 3073 2618 3112 vero
2644 3057 2790 3113 odor
2809 3058 2941 3113 vitae
2972 3058 3048 3115 ad
3078 3059 3278 3115 vitam.
3306 3061 3377 3117 Et
3396 3059 3472 3116 ad
3501 3060 3630 3116 hinc

1983 3167 2012 3195 «
2045 3145 2178 3216 quis
2196 3145 2448 3201 idoneus
2463 3146 2627 3201 ‘iNon
2642 3147 2805 3202 enim
2820 3164 3027 3203 sumus
3045 3152 3111 3204 ut
3127 3148 3400 3220 plerique
3420 3165 3634 3221 caupo-

1984 3253 2006 3279 α
2032 3240 2242 3289 nantes
2262 3234 2505 3290 verbum
2524 3235 2758 3304 Dei,sed
2776 3237 2931 3292 velut
2949 3253 3020 3292 ex
3043 3238 3513 3307 sinceritate,sed
3534 3253 3631 3293 ve-

1985 3323 2106 3379 alut
2117 3341 2187 3380 ex
2201 3325 2408 3395 Deo,in
2425 3325 2852 3397 conspectuDei
2866 3326 3271 3398 perChristum
3287 3327 3633 3398 loquimur.»

2052 3504 2274 3561 Deinde
2298 3510 2615 3577 postquam
2638 3505 2859 3563 multos
2881 3508 3183 3563 recensuit
3221 3506 3459 3564 dolores
3486 3521 3638 3580 quos

1981 3593 2042 3648 in
2070 3595 2203 3649 Asia
2227 3602 2286 3650 et
2307 3595 2529 3652 Troade
2553 3602 2881 3668 acceperat,
2913 3596 2997 3652 sic
3048 3602 3113 3652 ut
3152 3597 3226 3653 ad
3258 3612 3360 3652 eos
3392 3595 3634 3668 profici-

1982 3684 2064 3739 sci
2098 3701 2217 3740 non
2249 3673 2656 3755 potuerit:'ne
2705 3685 2884 3742 verba
2932 3686 3059 3741 haec
3108 3685 3453 3741 existiment
3500 3699 3632 3740 esse

1981 3773 2608 3847 lugentis,subjungit:
2644 3799 2671 3824 α
2706 3776 2823 3831 Deo
2847 3781 3046 3831 autem
3069 3775 3258 3846 gratia
3285 3774 3383 3844 qui
3415 3773 3627 3827 trium-

1980 3864 2161 3936 phare
2192 3880 2301 3919 nos
2332 3864 2489 3921 facit.
2532 3887 2560 3915 ››
2593 3866 2712 3920 Ηοο
2740 3870 2847 3927 est.
2870 3867 3089 3937 gratias
3111 3863 3342 3935 agimus
3377 3862 3494 3916 Deo
3525 3860 3629 3931 qui

1980 3971 2090 4009 nos
2123 3953 2486 4020 manifestat,
2526 3970 2594 4009 ac
2623 3954 2980 4024 conspicuos
3017 3968 3146 4006 esse
3177 3951 3338 4015 facit,
3378 3967 3484 4022 per
3512 3950 3629 4006 hoc

1982 4041 2140 4114 quod
2169 4042 2344 4098 malis
2391 4042 2721 4097 afﬁcimur:
2768 4040 3108 4095 manifestat
3153 4045 3375 4109 autem,
3408 4056 3513 4111 per
3541 4039 3628 4093 vi-

1981 4131 2198 4188 ctorias
2220 4147 2288 4186 ac
2309 4136 2532 4201 tropaea
2552 4147 2682 4199 quae
2704 4129 2985 4185 adversus
3000 4129 3301 4185 diabolum
3315 4128 3626 4186 habemus.

1979 4220 2125 4275 Nam
2155 4220 2269 4275 hoc
2316 4219 2429 4274 sibi
2478 4218 2602 4273 vult
2645 4218 3002 4290 triumphus.
3038 4219 3105 4274 In
3137 4218 3246 4274 hoc
3277 4218 3438 4273 enim
3470 4214 3633 4288 quod

1983 4306 2139 4361 mala
2167 4307 2445 4378 patimur,
2478 4312 2842 4380 consurgunt
2880 4306 3162 4365 adversus
3192 4306 3497 4362 diabolum
3542 4303 3631 4358 vi-

1982 4395 2203 4451 ctorias.
2229 4394 2533 4466 Siquidem
2563 4413 2680 4468 quo
2704 4396 2840 4469 plus
2870 4397 3095 4469 patitur
3129 4395 3447 4468 quispiam,
3495 4393 3632 4466 plus

1981 4485 2179 4541 vincit.
2213 4507 2241 4535 ‹‹
2275 4487 2341 4541 In
2370 4486 2624 4542 Christo.
2660 4509 2689 4538 »
2734 4489 2850 4543 Hoc
2896 4493 3006 4553 est,
3048 4504 3174 4559 per,
3220 4486 3343 4542 sive
3390 4488 3635 4557 propter

1982 4575 2283 4631 Christum
2315 4581 2372 4631 et
2403 4575 2911 4647 prmdicationem.
2945 4600 2964 4625 ιι
3003 4578 3073 4631 Et
3110 4575 3356 4632 odorem
3404 4572 3631 4629 notitia

1983 4681 2125 4720 sum.
2160 4685 2189 4716 »
2222 4665 2379 4722 Odor
2399 4666 2625 4722 notitias
2655 4666 2772 4722 duo
2804 4666 3120 4739 signiﬁcat,
3153 4671 3213 4720 et
3250 4663 3411 4736 quod
3458 4662 3637 4720 cwle-

230 4762 432 4818 λυπται
464 4767 593 4816 πᾶσι
623 4759 715 4814 καὶ
746 4756 1026 4834 πρόδηλόν
1069 4754 1238 4818 ἐστιν,
1291 4752 1425 4827 ὅπερ
1472 4750 1562 4807 καὶ
1622 4750 1874 4826 ἀλλαχοῦ

1987 4756 2093 4810 stis
2123 4754 2465 4827 praedicatio
2496 4762 2866 4829 unguentum
2896 4757 2994 4822 sit,
3014 4761 3073 4811 et
3102 4754 3262 4826 quod
3286 4769 3409 4809 non
3439 4751 3637 4809 omni-

232 4873 420 4929 φησιν,
462 4875 491 4903 ‹‹
519 4856 679 4926 ’Ἄρτι
715 4847 989 4923 βλέπομεν
1024 4842 1093 4900 δι’
1124 4842 1389 4917 ἐσόπτρου
1422 4840 1472 4896 ἐν
1514 4840 1814 4916 αἰνίγματι.
1850 4864 1878 4893 ››

226 4945 429 5016 Ὥσπερ
460 4941 562 5017 γὰρ
595 4942 628 5004 ἦ
664 4938 807 5011 ὀσμὴ
842 4934 1011 5005 δηλοῖ
1051 4934 1145 5008 μὲν
1175 4931 1313 4988 εἷναί
1366 4951 1470 4986 που
1530 4929 1723 5005 μύρον,
1776 4933 1878 5001 τήν

228 5027 289 5086 δὶ
319 5031 505 5086 οὐσίαν
529 5029 697 5098 αὐτὴν
728 5026 791 5082 οὐ
822 5024 989 5095 δηλοῖ
1016 5028 1113 5079 τοῦ
1170 5019 1445 5089 πνέοντος,
1502 5020 1677 5082 οὕτως
1722 5020 1813 5075 καὶ
1842 5021 1877 5091 ἡ

232 5112 325 5172 δια
354 5120 449 5172 τοῦ
488 5115 844 5191 κηρύγματος
873 5115 1093 5186 γνῶσις,
1125 5106 1293 5179 δηλοῖ
1346 5106 1440 5179 μὲν
1485 5106 1576 5162 καὶ
1640 5102 1880 5161 διδάσκει

230 5205 372 5261 εἶναι
398 5205 550 5274 Θεὸν,
585 5205 775 5265 ὁποῖος
809 5200 866 5258 δὶ
892 5203 987 5269 τήν
1030 5198 1235 5268 οὐσίαν,
1260 5195 1358 5252 οὐκ
1378 5193 1477 5252 ἔτι.
1504 5219 1532 5248 ‹‹
1558 5198 1878 5270 Φανεροῦντι

233 5292 307 5349 δι’
335 5296 517 5367 ἡμῶν.
551 5318 579 5344 ››
612 5292 986 5365 Θυμιατήριον
1018 5287 1145 5364 γὰρ,
1178 5285 1367 5364 φησὶν,
1424 5283 1580 5358 ἐσμὲν
1629 5288 1727 5339 τοῦ
1779 5284 1884 5357 μύ-

231 5404 332 5459 ρου
363 5381 560 5438 τούτου
589 5381 677 5438 καὶ
714 5378 967 5456 οὐρανίου
998 5377 1366 5452 θυμιάματος,
1404 5374 1503 5442 τὴν
1563 5374 1740 5446 ὀσμὴν
1785 5372 1880 5428 a6-

228 5476 330 5528 τοῦ
362 5470 745 5551 περιφέροντες
776 5472 1078 5544 πανταχοῦ.
1138 5492 1165 5519 ‹‹
1210 5468 1334 5523 Ὅτι
1389 5466 1628 5535 Χριστοῦ
1685 5459 1884 5517 εὐωδία

226 5560 415 5635 ἐσμὲν.
454 5587 474 5613 ι
511 5560 588 5620 Οὐ
622 5560 810 5634 μόνον,
842 5557 1029 5633 φησὶν,
1063 5552 1292 5611 εὐωδίαν
1321 5550 1690 5629 κηρύσσομεν,
1738 5550 1886 5607 ἀλλὰ

227 5652 325 5710 καὶ
356 5654 521 5727 ἡμεῖς
552 5652 605 5708 οἱ
632 5647 933 5709 ἀπόστολοι
966 5643 1166 5704 εὐωδία
1196 5643 1379 5718 δσμὶν,
1411 5646 1633 5720 Χριστῷ
1659 5645 1740 5715 τῷ
1767 5645 1885 5715 Θιῷ

309 5836 358 5872 ὀ
386 5835 409 5889 I
433 5837 566 5891 Cor.
591 5848 715 5903 xm,
743 5835 828 5888 12.

1987 4844 2099 4899 bus
2123 4844 2379 4901 revelata
2392 4845 2539 4901 sitet
2562 4845 2898 4903 manifesta:
2925 4844 3084 4915 quod
3103 4843 3281 4899 etiam
3301 4842 3444 4898 alibi
3466 4842 3634 4898 dicit:

1989 4956 2016 4983 ‹‹
2051 4934 2363 4990 Cernimus
2394 4951 2553 4990 nunc
2584 4950 2690 5005 per
2714 4934 3023 5005 speculum
3053 4933 3114 4989 in
3162 4933 3476 5005 aenigmate
3503 4932 3567 4988 ²⁰.
3604 4950 3627 4981 ι

1988 5022 2500 5088 Quemadmodum
2525 5024 2681 5079 enim
2706 5023 2854 5079 odor
2883 5023 3108 5079 indioat
3136 5022 3379 5095 quidem
3415 5019 3635 5077 alicubi

1990 5129 2119 5168 esse
2156 5120 2544 5185 unguentum,
2593 5129 2715 5168 non
2762 5119 2963 5168 tamen
3012 5112 3203 5183 ipsam
3252 5110 3638 5168 manifestant

1989 5201 2368 5271 prmsentiam
2391 5202 2522 5272 ejus
2552 5201 2711 5272 quod
2743 5202 2929 5273 spirat
2962 5217 2975 5256 :
3022 5201 3105 5256 ita
3151 5216 3387 5272 quoque
3423 5197 3638 5255 notitia

1991 5307 2122 5362 qua:
2154 5307 2259 5361 per
2296 5290 2776 5362 praedicationem
2805 5290 3077 5353 habetur,
3104 5290 3366 5346 ostendit
3394 5288 3640 5359 quidem

1991 5397 2058 5435 ac
2087 5380 2261 5435 docet
2308 5396 2434 5436 esse
2488 5381 2695 5449 Deum,
2729 5386 2790 5438 at
2818 5381 3013 5453 qualis
3044 5382 3122 5437 sit
3159 5396 3264 5453 per
3315 5377 3639 5437 essentiam

1990 5485 2111 5524 non
2141 5469 2240 5524 ita.
2277 5491 2306 5520 ‹‹
2339 5469 2670 5527 Manifestat
2698 5488 2805 5543 per
2833 5488 2963 5528 nos.
3008 5492 3032 5521 ιο
3065 5472 3208 5527 Nam
3238 5469 3421 5525 veluti
3452 5465 3641 5523 thuri-

1990 5556 2218 5622 bulum.
2251 5559 2469 5631 inquit,
2503 5576 2708 5617 sumus
2738 5561 2919 5633 hujus
2948 5559 3233 5633 unguenti
3263 5575 3332 5615 ac
3380 5553 3639 5613 calestis

1990 5647 2242 5718 incensi,
2293 5649 2481 5721 ipsius
2539 5650 2788 5708 odorem
2841 5650 3064 5721 ubique
3128 5646 3636 5705 circumferentes.
