4158 6194
462 430 584 489 943

1581 425 2008 488 OECUMENII
2053 419 2353 481 ΤιιιοοΑε
2401 419 2768 482 EPJSCOPI.

3754 427 3868 484 944

455 583 485 610 ‹‹
511 559 804 623 Quoniam
836 557 1056 612 Christi
1103 557 1260 614 bona
1307 560 1634 631 fragrantia
1664 574 1889 613 sumus.
1927 578 1954 605 υ
1985 557 2106 608 Non

2226 551 2340 604 οἷον
2369 551 2767 629 ἀναφερομένη.
2805 557 2927 614 Πῶς
2954 572 2969 620 ;
2999 553 3034 622 ἢ
3101 554 3334 617 ἑαυτοὺς
3381 557 3810 632 ἱερουργοῦντες,
3841 559 3874 626 ἢ

448 649 670 712 solum,
711 647 930 718 inquit,
980 648 1198 703 bonam
1253 649 1638 720 fragrantiam
1696 647 2110 718 praedicamus,

449 752 652 791 verum
682 737 867 791 etiam
899 754 1007 791 nos
1027 737 1279 808 apostoli
1307 737 1461 792 bona
1491 737 1818 809 fragrantia
1881 749 2112 797 sumus,

458 843 589 895 quas
623 843 656 880 a
686 827 918 880 Christo
953 829 1067 880 Deo
1106 828 1284 881 veluti
1318 828 1585 899 emergit.
1620 825 1922 892 Quomodo
1945 823 1972 878 ?
2001 827 2116 876 Aut

462 931 572 971 nos
613 915 776 986 ipsos
807 917 1231 982 sacriﬁcantes,
1265 922 1366 972 aut
1398 917 1657 972 externis
1688 913 2114 969 afflictionibus

461 1006 733 1075 quotidie
780 1007 1127 1070 morientes,
1175 1007 1330 1061 614
1379 1013 1437 1060 et
1475 1007 1536 1060 in
1586 1005 1800 1059 Christi
1845 1004 2112 1057 victimas

459 1097 740 1166 reputati.
774 1117 800 1143 «
835 1097 900 1149 ln
933 1097 1024 1149 his
1057 1096 1156 1166 qui
1209 1095 1352 1150 salvi
1411 1097 1566 1150 fiunt
1640 1117 1667 1144 ››
1727 1096 1888 1148 Bona
1935 1092 2112 1164 igitur

451 1184 781 1254 fragrantia
801 1201 1026 1250 sumus,
1051 1190 1110 1238 et
1142 1184 1356 1239 bonam
1409 1183 1798 1256 fragrantiam
1831 1181 2108 1253 prmdica-

457 1269 629 1329 mas:
664 1275 782 1328 sive
815 1275 947 1344 quis
977 1291 1046 1327 ex
1076 1273 1186 1328 hoc
1219 1274 1415 1329 salvus
1451 1275 1551 1328 fiat
1587 1291 1694 1344 per
1731 1271 1936 1337 fidem,
1989 1271 2112 1324 sive

453 1369 657 1434 pereat
697 1380 800 1432 per
857 1363 1356 1418 incredulitatem.
1395 1363 1914 1428 Quemadmodum
1952 1360 2110 1414 enim

451 1453 538 1508 sol
567 1457 624 1507 et
655 1453 770 1507 mel
805 1452 877 1507 ab
913 1454 1004 1508 his
1056 1455 1162 1523 qui
1211 1455 1531 1508 caecutiunt
1577 1459 1678 1508 aut
1722 1453 1857 1506 vitio
1909 1450 2108 1504 affecti

453 1547 612 1607 sunt,
643 1559 764 1596 non
789 1543 961 1612 juxta
995 1559 1160 1597 suam
1187 1545 1628 1614 perspiciuntur
1653 1549 1928 1598 naturam
1958 1557 1970 1592 :
2005 1539 2108 1594 sed

453 1625 571 1686 non
600 1631 672 1686 ob
715 1631 774 1686 id
805 1631 905 1686 ille
943 1633 1184 1702 quidem
1235 1633 1586 1687 tenebrosus
1622 1638 1729 1698 est,
1769 1632 1878 1684 hoc
1909 1635 2106 1683 autem

455 1736 745 1786 amarum,
769 1719 850 1774 ita
873 1727 927 1774 et
949 1738 1058 1775 nos
1085 1727 1142 1775 et
1179 1721 1542 1792 prmdicatio,
1578 1736 1921 1791 quanquam
1953 1735 2106 1773 non-

455 1809 605 1863 nulli
637 1809 710 1862 ob
731 1809 1209 1865 incredulitatem
1231 1817 1499 1882 pereant,
1529 1827 1648 1864 non
1671 1809 1744 1864 ob
1771 1809 1829 1863 id
1854 1825 1972 1863 non
2021 1813 2110 1862 est

457 1897 765 1970 spirituale
797 1907 1156 1970 unguentem
1187 1917 1198 1953 :
1242 1917 1320 1969 qu
1349 1917 1384 1954 n
1437 1901 1629 1970 potius
1673 1915 1741 1952 ex
1773 1900 1882 1952 hoc
1913 1897 2104 1952 admi-
2137 1920 2182 1984 Β

457 1987 710 2042 randum
762 1993 871 2054 est,
923 1987 1080 2058 quod
1125 2005 1331 2059 pravos
1382 1995 1590 2060 arguat
1627 2004 1695 2041 ac
1743 1986 2100 2041 convincat:

457 2077 596 2146 quia
617 2083 676 2130 et
693 2083 1063 2148 unguentum
1089 2095 1296 2148 porcos
1319 2079 1608 2132 suﬂ‘ocare
1631 2077 1935 2138 dicitur.et
1953 2076 2104 2146 ignis

455 2165 656 2236 spinas
676 2183 1124 2222 consumere.—
1148 2169 1289 2221 Nam
1327 2167 1444 2221 sive
1473 2167 1766 2238 quispiam
1789 2165 1982 2220 salvus
2005 2165 2106 2218 fiat

453 2255 571 2308 sive
585 2257 1194 2326 pereat,Evangelium
1217 2257 1274 2310 in
1292 2273 1396 2310 sua
1415 2261 1724 2326 permanet
1737 2255 2103 2308 virtute.Non

453 2344 612 2398 enim
637 2345 824 2414 ipsius
856 2361 1004 2415 Opus
1029 2351 1117 2399 est
1141 2345 1417 2416 perditio,
1441 2345 1546 2399 sed
1572 2342 2014 2416 ingratitudinis
2037 2343 2104 2400 il-

451 2434 705 2488 lorum.«
741 2433 840 2488 llis
863 2433 1103 2504 quidem
1128 2434 1272 2488 odor
1295 2435 1502 2488 mortis
1525 2434 1598 2490 ad
1617 2440 1890 2488 mortem.
1927 2454 1955 2481 »
1979 2434 2104 2486 Non

451 2540 522 2578 ex
553 2523 791 2594 propria
821 2531 1052 2589 natura,
1083 2523 1186 2578 sed
1205 2541 1275 2578 ex
1297 2523 1559 2594 ipsorum
1585 2523 1833 2577 malitia.
1855 2521 2100 2586 Quando

447 2611 832 2667 viviticativus
855 2618 944 2666 est
967 2617 1066 2666 aut
1090 2613 1331 2682 quidem
1348 2619 1405 2667 et
1423 2613 1689 2667 Christus
1709 2612 1859 2683 lapis
1883 2609 2102 2665 eratof-

449 2703 744 2760 fensionis
767 2709 825 2757 et
845 2709 1012 2774 petra
1037 2704 1299 2758 scandali
1327 2704 1419 2758 his
1445 2705 1542 2774 qui
1567 2702 2098 2774 pereunt—Aliud.

451 2794 622 2848 Juxta
671 2793 928 2847 inditum
977 2793 1193 2864 cuique
1255 2793 1553 2858 affectum,
1588 2793 1782 2846 suavis
1829 2793 1974 2847 odor
2003 2797 2105 2846 aut

453 2881 761 2938 mortifer:
787 2882 1288 2952 quemadmodum
1313 2883 1360 2937 si
1392 2882 1550 2937 idem
1583 2887 1950 2954 unguentum
1983 2897 2104 2936 sca—

451 2970 630 3026 rabeo
664 2977 721 3025 et
753 2971 1042 3026 columbas
1075 2978 1461 3043 pr0ponatur,
1514 2987 1634 3026 non
1665 2972 1820 3026 idem
1849 2971 1908 3025 in
1939 2976 2104 3026 utro-

450 3077 568 3132 que
597 3061 858 3116 el'llciet:
899 3061 1000 3116 sed
1033 3061 1312 3117 columba
1363 3061 1604 3132 quidem
1653 3061 1952 3116 robustior
1999 3077 2106 3132 per

448 3166 687 3204 suavem
719 3149 1266 3221 unguentiodorem
1301 3151 1590 3218 redditur,
1617 3151 1936 3205 scarabeus
1968 3166 2101 3204 vero

445 3238 828 3292 interimitur.
864 3240 949 3291 Ita
971 3245 1028 3291 et
1051 3241 1266 3294 Paulus
1290 3239 1560 3294 divinum
1589 3239 1739 3294 illud
1767 3241 2101 3306 incensum,

448 3326 497 3378 si
527 3325 662 3394 quis
685 3325 961 3379 columba
983 3328 1320 3390 esset,sicut
1341 3329 1522 3392 Titus,
1547 3328 1818 3382 Silvanus
1835 3334 1890 3382 et
1907 3329 2105 3382 Timo-

447 3413 641 3476 theus,
662 3429 778 3466 una
802 3429 936 3466 cum
959 3429 1026 3466 eo
1051 3415 1442 3484 participabat
1469 3417 1529 3468 in
1555 3415 1710 3470 bono
1738 3417 1868 3471 vitae
1903 3416 2105 3482 odore,

447 3500 768 3572 proficiens
793 3500 865 3554 ad
889 3517 1064 3555 omne
1103 3503 1162 3556 id
1189 3503 1347 3572 quod
1381 3504 1698 3558 honestum
1731 3509 1878 3568 erat,
1942 3519 2105 3558 sum-

451 3587 569 3661 ptis
586 3588 657 3643 ab
679 3588 802 3660 ipso
829 3590 1150 3660 exemplis;
1179 3591 1228 3644 si
1267 3607 1400 3646 vero
1425 3593 1636 3666 Dem.as
1683 3593 1978 3664 quispiam
2011 3608 2103 3646 es-

455 3683 548 3734 set
582 3684 684 3732 aut
734 3677 1068 3733 Alexander
1127 3685 1229 3734 aut
1273 3680 1692 3751 Hermogenes,
1747 3695 1867 3734 non
1909 3680 2106 3736 ferens

455 3769 866 3840 temperantiae
913 3767 1343 3834 sufﬁmentum,
1387 3767 1802 3824 scarabeorum
1867 3786 2027 3824 more
2073 3787 2106 3826 a

459 3859 620 3914 suavi
644 3858 824 3913 odore
849 3858 1181 3930 fugabatur.
1217 3881 1244 3909 «
1278 3861 1348 3912 Et
1377 3858 1450 3913 ad
1472 3859 1596 3913 hzec
1619 3859 1753 3930 quis
1785 3859 2102 3914 idoneus?»

457 3955 550 4000 An
584 3947 654 4000 ad
689 3953 912 4002 tantam
944 3949 1192 4020 gratiam
1223 3948 1473 4004 idoneos
1495 3966 1594 4004 vos
1619 3965 1746 4003 esse
1777 3949 2018 4019 putatis,
2041 3955 2106 4004 ut

457 4035 671 4090 Christi
703 4036 858 4091 bona
895 4037 1216 4109 fragrantia
1244 4039 1372 4093 sitis
1393 4038 1420 4092 ‘?
1454 4055 1854 4109 nequaquam,
1888 4039 1990 4093 sed
2023 4045 2106 4093 to-

455 4129 582 4179 tum
613 4125 813 4196 gratias
839 4131 945 4180 est.
984 4149 1010 4176 ι(
1043 4129 1168 4181 Non
1219 4127 1380 4181 enim
1416 4145 1621 4183 sumus
1657 4133 1722 4182 ut
1751 4127 2038 4198 plerique.
2075 4150 2102 4177 »

453 4213 950 4285 Pseudapostolos
973 4214 1066 4270 hic
1097 4216 1379 4284 insinuat,
1401 4217 1500 4287 qui
1537 4217 1632 4271 Dei
1667 4217 1914 4288 gratiam
1963 4233 2102 4286 pro-

449 4302 649 4372 prium
680 4319 829 4373 opus
861 4319 990 4358 esse
1023 4302 1320 4371 dicebant,
1355 4311 1412 4360 et
1449 4306 1569 4362 ait:
1606 4307 1927 4376 Propterea
1957 4305 2099 4372 dixi,

450 4413 477 4441 «
515 4392 655 4456 Quis
683 4391 956 4459 idoneus,
991 4415 1019 4442 n
1053 4399 1110 4447 et
1133 4394 1249 4448 Deo
1277 4411 1402 4449 rem
1427 4411 1665 4449 omnem
1690 4395 2103 4464 attribui,quia

451 4497 570 4534 non
607 4497 737 4536 sum
771 4481 924 4536 sicut
954 4482 1399 4553 caateri,nempe
1422 4482 1863 4554 pseudapostoli
1890 4499 2103 4554 caupo-

451 4583 604 4624 nans
637 4574 694 4622 et
715 4569 974 4624 alienum
993 4570 1216 4625 faciens
1236 4570 1454 4624 donum
1475 4572 1748 4626 Dei.Cum
1773 4572 1932 4626 enim
1948 4573 2101 4627 Deus

2140 3284 2244 3393 ατ

2223 639 2330 693 ἀπὸ
2360 645 2468 694 τῶν
2501 640 2693 713 ἔξωθεν
2722 645 2844 706 καθ’
2889 641 3098 716 ἡμέραν
3157 644 3614 714 ἀποθνήσκοντες,
3664 646 3754 698 καὶ
3805 647 3878 708 εἰς

2223 729 2393 802 ἱερεῖα
2423 727 2778 806 λογιζόμενοι
2809 736 3068 806 Χριστοῦ.
3103 758 3130 784 ‹‹
3167 733 3250 786 Ἐν
3285 738 3399 795 τοῖς
3459 733 3811 806 σωζομένοις.
3845 760 3873 787 »

2225 817 2443 874 Εὐωδία
2499 824 2784 895 τοιγαροῦν
2823 821 3004 893 ἐσμεν,
3073 821 3162 876 καὶ
3222 821 3448 878 εὐωδίαν
3503 824 3870 898 κηρύσσομεν,

2219 905 2318 961 κᾶίν
2349 927 2434 968 τις
2465 906 2524 962 ἐκ
2551 908 2753 963 τούτου
2805 909 3048 979 σώζηται
3099 909 3186 966 διὰ
3228 913 3328 981 τὴν
3386 913 3590 982 πίστιν,
3651 913 3747 967 x'év
3793 935 3876 977 τις

2219 995 2529 1052 ἀπόλλυται
2559 996 2626 1052 δι’
2687 1000 2960 1056 ἀπιστίαν.
3021 1004 3223 1077 ’Ὠσπερ
3273 1003 3376 1078 γὰρ
3407 1004 3436 1056 6
3469 1001 3632 1071 ἥλιος
3675 1005 3760 1057 καί
3813 1005 3872 1058 τὸ

2227 1083 2517 1158 μὲλι,τοὶς
2576 1083 3002 1160 ἀμϐλυώττουσι
3058 1091 3148 1145 καὶ
3199 1097 3316 1153 τοῖς
3374 1093 3757 1165 κακουμένοις,
3809 1091 3870 1147 οὐ

2220 1175 2355 1230 κατὰ
2385 1177 2483 1244 τήν
2517 1177 2718 1232 οἰκείαν
2749 1179 2938 1252 ὁρᾶται
2970 1179 3156 1254 φύσιν,
3189 1178 3316 1235 ἀλλ’
3349 1181 3410 1235 οὐ
3469 1181 3616 1256 παρὰ
3645 1185 3806 1236 τοῦτο
3831 1181 3867 1252 ἤ

2220 1266 2492 1328 σκοτεινὸς
2551 1266 2814 1336 ἐκεῖνοςῆ
2854 1269 2916 1322 τὸ
2978 1267 3104 1341 μέλι
3153 1270 3372 1344 πικρὸν,
3433 1270 3605 1332 οὕτως
3661 1271 3752 1326 καὶ
3807 1273 3868 1327 τὸ

2219 1355 2482 1428 κήρυγμα
2512 1355 2602 1408 καὶ
2641 1357 2828 1428 ἡμεῖς,
2870 1355 2964 1411 κόίν
3026 1357 3366 1412 ἆπόλλυνταί
3423 1379 3566 1420 τινες
3619 1364 3687 1432 τῇ
3746 1361 3869 1414 ἀπι-

2219 1442 2360 1510 στίᾳ,
2395 1441 2456 1496 οὐ
2510 1445 2657 1517 παρὰ
2707 1449 2868 1500 τοῦτο
2927 1445 3026 1500 οὐκ
3075 1444 3184 1500 ἔστι
3241 1449 3607 1520 πνευματικὸν
3671 1449 3866 1522 μύρον,

2215 1529 2362 1584 ἀλλὰ
2389 1531 2480 1584 καὶ
2511 1533 2648 1586 κατὰ
2675 1535 2834 1588 τοῦτό
2865 1533 2974 1588 ἐστι
3009 1537 3304 1608 θαυμάσαι,
3364 1537 3450 1590 ’ὀτι
3491 1537 3622 1598 τοὺς
3671 1538 3874 1598 κακοὺς

2215 1616 2456 1697 ἐλέγχει.
2490 1622 2640 1676 Ἐπεὶ
2691 1623 2778 1676 καὶ
2838 1624 2900 1677 τὸ
2963 1624 3134 1699 μύρον
3191 1625 3319 1686 τοὺς
3377 1627 3605 1700 χοίρους
3665 1627 3876 1702 πνίγειν

2217 1707 2406 1784 λόγος,
2473 1711 2562 1765 καὶ
2629 1713 2690 1766 τὸ
2756 1717 2863 1786 πῦρ
2927 1714 3022 1774 τὰς
3091 1714 3318 1776 ἀκάνθας
3399 1713 3739 1771 ἀναλίσκειν.
3808 1750 3876 1759 —

2215 1799 2475 1873 ]⁹ΊΩΑΝ.]
2509 1801 2606 1856 Ἂν
2637 1822 2696 1855 τε
2726 1801 2829 1878 γὰρ
2860 1805 3102 1873 σώζηται
3131 1823 3236 1871 τις,
3293 1803 3478 1880 φησὶν,
3529 1803 3590 1858 ἂν
3620 1825 3679 1860 τε
3704 1804 3876 1859 ἀπόλ-

2216 1885 2398 1956 λυται,
2429 1891 2490 1942 τὸ
2526 1889 2861 1966 Εὐαγγὲλιον
2899 1892 2994 1958 τὴν
3040 1891 3240 1946 οἰκείαν
3272 1893 3466 1966 ἀρετὴν
3514 1889 3645 1968 ἔχον
3699 1896 3870 1966 μένει.

2215 1979 2291 2036 Οὐ
2323 1981 2428 2054 γαρ
2487 1979 2652 2035 αὐτοῦ
2707 1975 3233 2055 ἕργονὴἆπώλεια,
3293 1981 3440 2038 ἀλλὰ
3498 1991 3598 2054 τῆς
3657 1984 3874 2040 ἐκείνων

2213 2069 2622 2142 ἀγνωμοσύνης.
2661 2095 2682 2121 ι
2721 2072 2818 2134 Οἷς
2850 2072 2943 2143 μὲν
2975 2071 3120 2145 ὀσμή
3155 2075 3379 2128 θαεατου
3431 2075 3508 2138 εἰς
3555 2075 3802 2138 θάνατον,
3843 2101 3869 2126 υ

2215 2154 2292 2212 Οὐ
2321 2159 2466 2233 παρὰ
2496 2159 2594 2227 τὴν
2652 2159 2854 2214 οἰκείαν
2915 2160 3095 2235 φύσιν,
3155 2160 3302 2216 ἀλλᾶ
3351 2163 3498 2236 παρὰ
3553 2164 3652 2230 τὴν
3693 2164 3870 2218 αὐτῶν

2212 2247 2417 2301 κακίαν.
2452 2249 2600 2304 Ἐπεὶ
2637 2247 2724 2302 καὶ
2759 2250 2786 2302 6
2829 2252 3079 2323 Χριστὸς,
3123 2251 3276 2313 Λίθος
3325 2252 3390 2320 ἦν
3444 2254 3874 2326 προςκόμματος

2213 2335 2305 2390 καὶ
2335 2335 2503 2410 πέτρα
2533 2335 2834 2392 σκανδάλου
2867 2344 2986 2400 τοῖς
3044 2338 3476 2412 ἀπολλυμένοις.
3511 2373 3576 2383 -
3617 2339 3868 2403 Ἄλλως.

2216 2427 2980 2498 [ΓΡΗΓΟΡΙΟΥΝΥΣΣΗΣ]
3023 2429 3172 2485 Κατὰ
3226 2431 3325 2499 τήν
3381 2435 3690 2506 προσοῦσαν
3747 2429 3874 2485 Exi-

2215 2536 2324 2588 στῳ
2375 2513 2696 2588 διάθεσιν,ἢ
2735 2519 3003 2586 ζωοτοιὸς
3064 2519 3288 2592 ἐγίνετο,
3335 2519 3372 2589 ἤ
3423 2523 3800 2602 θανατηφόρος
3833 2525 3866 2590 ἡ

2215 2601 2457 2664 εὕπνοια.
2489 2607 2691 2678 Ὥσπερ
2721 2607 2785 2662 τὸ
2816 2607 2945 2662 αὐτὸ
2984 2607 3152 2684 μύρον
3211 2609 3255 2663 εί
3314 2611 3574 2685 Κανθάρῳ
3616 2601 3702 2666 καὶ
3765 2617 3871 2666 Πε-

2217 2698 2432 2768 ριστερᾷ
2454 2696 2764 2768 προτεθείη,
2807 2697 2871 2750 οὐ
2928 2696 3120 2751 ταύτὸν
3179 2697 3258 2777 ἐφ’
3317 2699 3584 2774 ἑκατέρων
3641 2700 3872 2778 ἐργάζε-

2213 2804 2326 2850 ται,
2385 2781 2580 2852 ἀλλ’ἢ
2644 2785 2738 2857 μὲν
2799 2787 3110 2860 περιστερὰ,
3163 2786 3568 2863 ῥωμαλεωτέρα
3624 2787 3714 2844 διὰ
3762 2797 3868 2860 τῆς

2213 2871 2465 2934 εὐπνοίας
2515 2876 2612 2926 τοῦ
2667 2873 2841 2947 μύρου
2901 2875 3128 2948 γίνεται,
3164 2878 3191 2930 6
3225 2874 3280 2931 δὲ
3337 2877 3602 2954 κάνθαρος
3661 2879 3876 2956 φθείρε-

2210 2981 2298 3015 ται
2354 2962 2512 3018 Οὕτω
2649 2961 2904 3018 “ὁΠ”λ
3100 2963 3114 2984 “
3223 2971 3244 2981 ’
3365 2967 3378 2984 ’
3449 2972 3471 2983 ⁸
3625 2969 3722 3004 "

2307 3005 2319 3017 .
2521 2983 2664 3023 ςκαι
2803 2985 2868 3017 au
2913 2985 2993 3032 ος,
3053 2985 3114 3019 το
3163 2977 3306 3029 θειον
3361 2987 3534 3022 εκεινο
3591 2969 3868 3041 θυμιαμα,

2213 3051 2257 3105 εἶ
2293 3051 2386 3124 μὲν
2416 3073 2498 3114 τις
2547 3053 2614 3122 ἦν
2675 3055 2983 3130 περιστερὰ,
3039 3057 3177 3111 κατᾶ
3233 3058 3401 3114 Τίτον
3433 3059 3468 3127 ἦ
3499 3057 3804 3114 Σιλουανὸν
3835 3061 3872 3129 ἢ

2213 3141 2504 3214 Τιμόθεον,
2536 3149 2898 3220 συμμετεῖχεν
2950 3145 3098 3217 αὐτῷ
3153 3152 3252 3216 τῆς
3299 3145 3524 3209 εὐωδίας
3571 3153 3668 3202 τοῦ
3719 3149 3874 3222 βίου,

2211 3231 2536 3306 προκόπτων
2569 3231 2622 3286 ἐν
2655 3235 2812 3288 παντὶ
2875 3238 3029 3306 καλῷ
3085 3241 3204 3300 τοῖς
3261 3238 3376 3291 κατ’
3437 3236 3593 3292 αὐτὸν
3649 3236 3874 3293 ὐποδεί-
3907 3281 3922 3292 .

2252 3340 2427 3390 μασιν·
2463 3319 2506 3374 εἶ
2549 3315 2606 3374 δὲ
2638 3325 2824 3391 Δημᾶς
2847 3342 2931 3385 τις
2961 3321 3027 3388 ἦν
3061 3323 3118 3391 ἢ,
3165 3321 3547 3398 Ἀλέξανδρος,
3593 3323 3628 3394 ἤ
3663 3326 3874 3399 Ἐρμοο

2211 3405 2393 3480 γένης,
2449 3407 2511 3462 οὐ
2573 3403 2821 3484 φέροντες
2877 3411 2939 3465 τὸ
3020 3412 3118 3478 τῆς
3203 3411 3516 3487 ἐγκρατείας
3597 3413 3876 3486 θυμίαμα,

2213 3497 2490 3570 κανθάρων
2525 3493 2678 3566 δίκην
2717 3498 2822 3553 ὑπὸ
2854 3501 2952 3568 τῆς
2984 3497 3212 3563 εὐωδίας
3251 3499 3664 3575 ἐφυγαδεύοντο.
3701 3527 3730 3554 ι(
3765 3503 3876 3558 Καὶ

2211 3586 2346 3655 πρὸς
2373 3589 2541 3640 ταῦτα
2570 3587 2652 3648 τίς
2709 3588 2998 3657 ἱκανός;››
3055 3589 3196 3663 Ἀρα
3252 3597 3389 3666 πρὸς
3445 3592 3544 3659 τήν
3601 3591 3878 3662 τοσαύτην

2212 3677 2373 3748 χάριν
2409 3672 2615 3729 δοκεῖτε
2645 3678 2793 3748 ἡμᾶς
2841 3675 3062 3738 ἱκανοὺς
3121 3681 3257 3733 εἶναι
3320 3678 3392 3741 ὠς
3449 3681 3587 3738 εἶναι
3639 3678 3874 3734 εὐωδίαν

2213 3765 2450 3837 Χριστοῦ
2483 3783 2497 3832 ;
2536 3787 2560 3816 ιι
2592 3765 2897 3838 Οὐμενοῦν,
2931 3767 3074 3822 ἀλλὰ
3103 3767 3165 3821 τὸ
3197 3767 3325 3823 ὅλον
3388 3775 3488 3830 τῖς
3538 3771 3788 3844 χάριτος.
3833 3795 3864 3822 κ

2213 3853 2357 3914 Τοὺς
2385 3850 2860 3926 ψευδαποστόλους
2885 3852 3110 3918 ἐνταῦθα
3143 3856 3452 3928 αίνίττεται,
3513 3859 3564 3912 οἱ
3615 3863 3717 3926 τὴν
3761 3863 3864 3914 τοῦ

2213 3945 2346 3995 Θεοῦ
2379 3943 2539 4015 χάριν
2603 3941 2802 3996 οἰκεῖον
2859 3937 3089 4018 ἔφασκον
3145 3947 3497 4020 κατόρθωμα,
3555 3947 3642 4002 καί
3701 3965 3861 4026 φησιο

2213 4030 2310 4083 Διὰ
2335 4035 2494 4084 τοῦτο
2525 4030 2696 4101 εἶπον,
2734 4055 2760 4083 ‹‹
2792 4031 2890 4093 Τίς
2923 4033 3106 4095 ἱκατός
3133 4053 3145 4102 ;
3183 4057 3210 4085 ››
3242 4035 3330 4089 καὶ
3359 4041 3438 4108 τῷ
3471 4042 3588 4108 Θεῷ
3644 4037 3706 4091 τὸ
3759 4043 3868 4092 πᾶν

2211 4117 2541 4188 ἀνατέθεικα,
2576 4119 2658 4173 ὅτι
2691 4119 2789 4173 οὐκ
2821 4119 2934 4192 εἰμὶ
2973 4123 3046 4182 ὡς
3106 4123 3157 4177 οἱ
3217 4123 3425 4192 λοιποὶ,
3483 4125 3776 4195 τουτέστιν,
3811 4129 3868 4181 οἱ

2211 4205 2673 4280 ψευδαπόστολοι,
2706 4208 3034 4278 καπηλεύων
3073 4213 3160 4266 καὶ
3219 4215 3450 4269 νοθεύων
3507 4217 3607 4283 τὴν
3659 4213 3870 4292 δωρεὶν

2209 4300 2306 4351 τοῦ
2333 4301 2487 4355 Θεοῦ.
2518 4299 2682 4354 Ὅταν
2713 4299 2819 4374 γὰρ
2849 4299 2878 4353 6
2910 4299 3039 4364 Θεὸς
3070 4297 3148 4356 δῶ
3204 4299 3431 4378 δωρεὰν,
3485 4303 3626 4378 λέγει
3681 4303 3738 4360 δὲ
3779 4327 3870 4368 τις

2209 4386 2314 4440 ἀπὸ
2367 4385 2586 4441 οἰκείων
2647 4385 2826 4441 πόνων
2889 4388 3056 4458 αὐτὴν
3135 4395 3446 4460 κεκτῆσθαι,
3499 4396 3706 4449 νοθευει
3761 4395 3866 4463 τὴν

2209 4475 2370 4549 χάριν
2403 4479 2498 4530 τοῦ
2530 4479 2686 4531 Θεοῦ.
2715 4477 2784 4532 Ἦ
2815 4477 2976 4532 τοῦτό
3037 4501 3190 4556 φησι.
3243 4481 3338 4534 Διὰ
3387 4486 3548 4537 τοῦτο
3596 4487 3712 4543 τοῖς
3763 4482 3866 4553 μὲν

2207 4561 2618 4636 ἀπολλυμένοις
2647 4564 2792 4636 ὀσμή
2827 4564 2940 4620 ἐστι
2967 4569 3221 4637 Θανάτου,
3249 4575 3365 4630 τοῖς
3415 4569 3474 4625 δὲ
3525 4573 3868 4644 σωζομένοις

454 4654 674 4712 donum
705 4657 954 4724 dederit,
981 4659 1126 4714 dicit
1157 4665 1354 4713 autem
1379 4660 1672 4730 quispiam
1695 4659 1852 4729 quod
1877 4661 1999 4714 suis
2039 4660 2098 4714 id

2214 4653 2350 4726 ὗσμῆ
2385 4659 2554 4724 ζωῆς,
2589 4652 2775 4723 ἐπειδὴ
2819 4655 2880 4710 οὐ
2939 4659 3325 4731 καπηλεύομεν
3381 4663 3471 4715 τὸν
3533 4663 3720 4738 λόγου,
3783 4663 3866 4724 ὡς

451 4745 756 4801 laboribus
809 4754 1018 4802 nactus
1061 4749 1156 4812 sit,
1198 4748 1448 4820 gratiam
1497 4749 1598 4802 Dei
1641 4749 1780 4802 facit
1819 4749 2101 4806 alienam.

449 4835 564 4887 Aut
595 4834 705 4889 hoc
729 4836 908 4891 dicit:
939 4840 1258 4908 Propterea
1279 4837 1371 4892 his
1394 4838 1494 4907 qui
1521 4845 1771 4909 pereunt
1791 4838 1936 4892 odor
1957 4856 2108 4893 mor-

449 4922 526 4976 tis
555 4927 662 4990 est,
715 4925 866 4980 6I5
904 4926 993 4980 his
1025 4933 1222 4980 autem
1269 4927 1370 4997 qui
1427 4927 1568 4981 salvi
1595 4927 1744 4981 ﬁunt
1777 4927 1925 4981 odor
1949 4929 2102 4995 vitae,

451 5011 736 5080 quoniam
767 5029 884 5068 non
919 5031 1326 5085 cauponamur
1347 5015 1611 5081 verbum,
1645 5017 1826 5070 veluti
1861 5017 2102 5087 quidam

453 5099 554 5170 qui
609 5099 756 5155 illud
826 5110 1194 5159 commutant
1251 5105 1579 5160 secundum
1647 5106 1990 5160 occasiones
2047 5113 2104 5160 et

451 5205 736 5260 personas
765 5190 952 5260 turpis
992 5190 1138 5245 lucri
1171 5192 1392 5263 gratia:
1450 5193 1553 5248 sed
1598 5193 1906 5248 veritatem
1953 5209 2100 5264 pra:-

449 5278 822 5344 dicamus,ut
853 5280 1026 5349 etqui
1060 5281 1220 5354 digni
1253 5283 1556 5338 suntsalvi
1591 5283 1756 5351 ﬁant,
1783 5290 1840 5339 et
1871 5281 2102 5352 indigni

449 5367 522 5421 ob
542 5384 708 5422 suam
727 5367 1200 5425 incredulitatem
1225 5374 1730 5443 pereant.Etenim
1757 5390 1827 5428 ex
1851 5373 2102 5428 sinceri-

447 5463 567 5511 tate
617 5457 920 5528 loquimur
951 5475 1081 5529 quai
1129 5460 1381 5514 vidimus
1432 5467 1490 5515 et
1542 5479 1671 5532 quas
1705 5463 2038 5517 audivimus
2071 5478 2105 5517 a

447 5545 698 5601 Christo.
741 5569 768 5596 «
817 5548 930 5604 Sed
981 5548 1142 5602 velut
1173 5563 1246 5602 ex
1277 5549 1413 5603 Deo.
1453 5571 1474 5599 ι
1511 5549 1624 5604 Sed
1655 5549 1814 5605 velut
1843 5551 1903 5604 hi
1937 5551 2038 5621 qui
2069 5567 2104 5606 a

2207 4745 2300 4798 καί
2329 4764 2468 4804 τινες
2509 4738 3060 4816 συμμεταϐάλλοντες
3122 4747 3282 4803 αὐτὸν
3339 4756 3456 4810 τοῖς
3509 4757 3721 4823 καιροῖς
3769 4753 3866 4805 καὶ

2206 4840 2324 4894 τοῖς
2355 4833 2690 4904 προσώποις,
2723 4832 2956 4912 αῗσχροῦ
3013 4833 3238 4910 κέρδους
3299 4839 3486 4912 χάριν,
3557 4838 3700 4894 ἀλλὰ
3759 4841 3866 4908 τήν

2211 4919 2468 4991 ἀλήθείαν
2496 4919 2860 4994 κηρύσσομεν,
2891 4921 2986 4976 ’ίνα
3035 4925 3122 4978 καὶ
3181 4927 3233 4980 οἱ
3287 4927 3426 4996 αξιοι
3477 4934 3718 4992 σωθῶσι,
3773 4929 3868 4982 καὶ

2211 5010 2262 5063 οἱ
2295 5010 2497 5079 ἀνάξιοι
2521 5013 2590 5082 τῇ
2625 5009 2798 5080 οἰκείᾳ
2855 5011 3078 5083 ἀπιστίᾳ
3137 5015 3487 5074 ἀπώλωνται.
3541 5018 3644 5073 Καὶ
3676 5018 3778 5093 γὰρ
3811 5017 3868 5088 ἐξ

2212 5098 2558 5170 εἶλικρινείας
2593 5096 2871 5172 λαλοῦμεν
2913 5101 2946 5154 ἅ
2977 5099 3163 5175 ἴδομεν
3192 5104 3280 5157 καὶ
3313 5105 3344 5158 ἃ
3375 5105 3686 5176 ἠκούσαμεν
3715 5107 3872 5178 παρᾶ

2209 5191 2305 5242 τοῦ
2329 5189 2582 5258 Χριστοῦ.
2623 5209 2648 5240 ιι
2680 5187 2836 5243 Ἀλλ’
2877 5189 2949 5250 ὡς
2991 5189 3050 5244 ἐκ
3082 5195 3236 5248 Θεοῦ.
3275 5215 3297 5245 n
3336 5191 3496 5249 Ἀλλ’
3526 5193 3598 5254 ὠς
3629 5193 3689 5248 ἐκ
3727 5199 3872 5250 Θεοῦ

2213 5273 2470 5339 λαϐόντες
2505 5279 2594 5330 καὶ
2631 5275 2906 5348 μαθόντες,
2937 5280 3027 5334 καὶ
3060 5281 3134 5344 ὡς
3163 5283 3394 5337 ἐνώπιον
3439 5287 3536 5338 τοῦ
3584 5289 3716 5339 Θεοῦ
3765 5283 3874 5339 λα-

2213 5367 2452 5434 λοῦντες,
2484 5365 2572 5420 καὶ
2614 5366 2688 5427 ὠς
2744 5366 2798 5420 ἐν
2858 5368 3092 5442 Χριστῷ,
3151 5371 3417 5444 τουτέστι,
3479 5371 3566 5427 διὰ
3622 5375 3876 5447 Χριστοῦ

2208 5455 2615 5530 κατηχούμενοι
2675 5453 2763 5508 καὶ
2824 5453 3224 5530 διδασκόμενοι,
3287 5460 3587 5536 λαλοῦμεν,
3665 5457 3876 5534 Βαϐαὶ,

2208 5549 2383 5616 πόσην
2414 5545 2672 5614 ἀλήθειαν
2701 5542 2780 5616 τῷ
2809 5545 3118 5620 κηρύγματι
3151 5548 3520 5624 ἐμαρτύρησεν
3553 5552 3565 5607 l

443 5636 564 5694 Deo
583 5642 942 5708 acceperunt
971 5641 1030 5690 et
1059 5635 1413 5702 didicerunt,
1447 5643 1508 5691 et
1537 5639 1636 5707 qui
1673 5639 1734 5692 in
1767 5645 2088 5709 conspectu
2111 5637 2214 5694 Dei
2237 5638 2562 5709 loquuntur
2588 5651 2601 5689 :
2629 5639 2688 5690 et
2717 5640 3004 5709 tanquam
3043 5655 3150 5710 per
3197 5639 3514 5712 Christum,
3559 5641 3622 5696 id
3671 5649 3788 5712 est,
3833 5660 3878 5700 α

447 5725 678 5783 Christo
713 5727 984 5782 instructi
1009 5731 1066 5780 et
1096 5725 1286 5780 edocti
1321 5727 1639 5796 loquimur.
1677 5729 1870 5798 Papae,
1905 5735 2191 5798 quantam
2215 5728 2522 5784 veritatem
2560 5726 2968 5796 prmdicationi
2999 5729 3290 5786 asseruit!
