4106 6196
277 272 396 338 οιες
1241 264 1651 329 COMMENT.
1697 263 1774 324 IN
1818 261 2064 325 EPIST.
2114 262 2168 322 Il
2216 263 2317 321 AD
2363 260 2729 324 CORINTH.

349 399 670 477 Ἀρχόμεθα
753 396 923 456 πάλιν
1008 396 1234 462 ἑαυτοὺς
1334 397 1659 455 συνιστάνειν
1736 391 1774 465 ἤ
1859 395 1936 467 μὴ
1969 395 2023 462 Α

284 492 568 569 χρῄζομεν
632 489 706 552 ὥς
762 510 928 552 τινες.
1010 492 1344 545 συστατικῶν
1425 483 1729 543 ἑπιστολῶν
1808 484 1944 552 πρὸς

290 582 433 654 ὑμᾶς
476 580 512 649 ἢ
570 577 620 651 ἐξ
682 579 837 651 ὑμῶν
900 580 1255 632 συστατικῶν.
1314 577 1378 633 Ἦ
1436 573 1700 644 ἐπιστολή
1758 575 1944 646 ἡμῶν,

3581 254 3701 316 ρισ

2135 395 2230 462 ΙΙΙ,
2257 396 2375 451 1-3.
2408 398 2711 467 Incipimus
2739 408 2958 450 rursum
2986 405 3084 447 nos
3102 393 3248 461 ipsos
3277 390 3655 446 commendare
3674 392 3706 445 ?

2053 488 2194 541 Num
2210 501 2429 555 egemus
2450 492 2513 540 ut
2534 485 2792 540 nonnulli
2811 480 3271 540 commendatitiis
3289 479 3536 550 epistolis
3552 481 3704 551 apud

2030 590 2142 631 vos
2166 581 2266 628 aut
2293 591 2328 629 a
2356 575 2508 629 vobis
2545 573 2999 630 commenllatitiis
3016 573 3045 626 7
3072 568 3321 639 Epistola
3367 575 3555 623 nostra
3611 584 3704 624 vos

289 671 444 745 ὑμεῖς
507 668 625 724 ἔστε
681 666 1103 744 ὲγγεγραμμὲνη
1164 666 1217 720 ἐν
1270 671 1392 726 ταῖς
1456 662 1702 738 καρδίαις
1760 664 1946 736 ἡμῶν,

287 759 668 836 γινωσκομένη
760 758 849 811 καὶ
947 753 1422 830 ἀναγινωσκομένη
1521 754 1623 808 ὑπὸ
1731 753 1947 806 πάντων

289 849 612 924 ἀνθρώπων,
726 846 1122 925 φανερούμενοι
1261 844 1344 899 ὅτι
1448 842 1564 899 ἐστὶ
1682 838 1947 907 ἐπιστολὴ

291 940 552 1011 Χριστοῦ,
625 933 1010 1004 διακονηθεῖσα
1096 934 1180 1009 ὑφ’
1267 936 1448 1003 ἡμῶν,
1525 927 1947 1008 ἐγγεγραμμὲνη

292 1026 358 1081 ού
432 1023 651 1099 μὲλανι,
739 1020 888 1079 ἀλλᾶ
969 1023 1238 1096 πνεύματι
1324 1026 1460 1078 Θεοῦ
1542 1026 1767 1092 ζῶντος,
1854 1016 1952 1074 ούκ

288 1114 340 1172 ἰν
392 1113 557 1185 πλαξὶ
609 1111 873 1180 λιθίναις,
942 1109 1073 1167 ἀλλ’
1130 1112 1182 1167 ἐν
1242 1111 1407 1182 πλαξὶ
1489 1108 1740 1186 καρδίαις
1816 1126 1950 1182 σαρ-

290 1204 490 1266 κίναις.

364 1336 391 1363 ι‹
426 1310 746 1386 Ἀρχόμεθα
801 1306 969 1363 πάλιν
1030 1308 1254 1373 ἑαυτοὺς
1321 1309 1671 1365 συνιστάνειν.
1704 1329 1734 1359 n
1789 1307 1954 1369 Ἴσως

287 1398 401 1475 ἐρεῖ
426 1420 531 1459 τις.
563 1398 745 1475 φησῖν,
781 1397 865 1452 ὃτι
922 1402 1090 1452 ταῦτα
1143 1394 1561 1475 διεξερχόμεθα,
1611 1395 1950 1472 βουλόμενοι

298 1488 425 1561 ὑμῖν
477 1486 698 1547 ἱαυτοὺς
756 1491 1002 1557 συνιστᾷν
1060 1486 1151 1541 καὶ
1203 1486 1614 1562 παρατίθεσθαι.
1677 1510 1705 1537 ‹‹
1757 1486 1825 1542 Ἦ
1870 1488 1947 1559 μὴ

302 1576 587 1653 χρῄζομεν
616 1576 688 1637 ὥς
718 1596 928 1636 τινες...
960 1599 989 1627 »
1022 1576 1148 1633 Κατ’
1179 1574 1445 1649 ἐρώτησιν
1492 1575 1780 1651 ἀνάγνωθι.
1813 1578 1955 1650 Ἀρα

307 1669 385 1740 μὴ
420 1665 706 1745 χρῄζομεν
736 1664 771 1733 ἢ
805 1663 895 1743 ἀφ’
927 1663 1077 1737 ὑμῶν
1109 1665 1248 1739 πρὸς
1280 1663 1518 1736 ἑτέρους,
1551 1661 1588 1734 ἤ
1620 1664 1709 1741 ἀφ’
1756 1664 1951 1739 ἑτέρων

2052 666 2176 720 estis
2206 666 2415 734 scripta
2443 664 2501 717 in
2544 662 2799 718 cordibus
2852 658 3072 720 nostris,
3105 674 3227 729 quae
3256 657 3595 726 intelligitur
3653 658 3705 711 et

2056 753 2264 823 legitur
2291 754 2359 807 ab
2392 753 2641 807 omnibus
2688 751 3020 818 hominibus,
3052 750 3182 803 dum
3229 746 3525 801 declaratis
3554 746 3704 815 quod

2055 840 2181 897 estis
2221 840 2458 912 epistola
2509 839 2733 908 Christi,
2763 837 3186 894 subministrata
3236 852 3269 888 a
3297 836 3476 901 nobis,
3507 835 3710 888 inscri-

2048 937 2153 1002 pta
2182 947 2292 986 non
2343 935 2678 996 atramento,
2704 928 2798 983 sed
2833 928 3037 991 spiritu
3068 926 3166 980 Dei
3204 925 3435 978 viventis
3459 940 3477 977 :
3509 938 3624 978 non
3649 924 3709 976 in

2057 1017 2263 1074 tabulis
2289 1017 2543 1088 lapideis,
2568 1016 2664 1072 sed
2691 1017 2751 1070 in
2783 1013 2982 1070 tabulis
3012 1012 3195 1068 cordis
3216 1011 3452 1066 carneis.

2127 1327 2156 1357 «
2189 1303 2513 1376 lncipimus
2542 1312 2800 1356 rursum.
2839 1316 2867 1346 »
2900 1293 3066 1351 Dicet
3081 1288 3351 1349 fortassis
3383 1285 3711 1360 quispiam,

2058 1396 2273 1468 inquit,
2307 1390 2466 1464 quod
2498 1390 2622 1445 haec
2666 1386 3032 1441 disseramus
3087 1381 3354 1438 volentes
3384 1394 3494 1434 nos
3551 1377 3712 1449 ipsos

2058 1485 2223 1542 vobis
2262 1479 2682 1538 commendare
2716 1481 2775 1530 et
2805 1476 2867 1530 in
2898 1472 3166 1529 medium
3199 1469 3411 1525 afferre
3445 1485 3458 1522 :
3492 1489 3521 1517 «
3556 1468 3709 1521 Num

2059 1590 2301 1649 egemus
2332 1577 2399 1626 ut
2428 1566 2774 1624 nonnulli...
2814 1586 2834 1612 ι
2870 1560 3291 1632 Interrogative
3322 1557 3448 1613 haec
3496 1555 3712 1627 legito:

2060 1643 2267 1722 Utrum
2306 1658 2481 1716 nobis
2511 1673 2660 1728 opus
2693 1660 2782 1710 est
2811 1658 2914 1708 aut
2940 1668 2975 1707 a
3003 1649 3169 1706 vobis
3199 1648 3274 1704 ad
3303 1647 3453 1703 alios
3483 1649 3587 1701 aut
3639 1643 3711 1698 ab

301 1757 437 1829 πρὸς
492 1757 632 1827 ὑμᾶς
690 1758 1045 1822 συστατικῶν,
1105 1756 1351 1809 τουτέστι
1403 1754 1775 1829 παραθετικῶν
1837 1736 1952 1809 ἔπι-

2080 1754 2194 1810 ιιίίε
2220 1751 2293 1807 ad
2317 1766 2417 1804 vos
2446 1741 2948 1802 commendatitiis
2973 1737 3265 1810 epistolis,
3300 1736 3422 1791 sive
3444 1750 3575 1804 qum
3606 1747 3716 1787 nos

306 1842 518 1899 στολῶν
545 1862 561 1912 ;
594 1843 693 1897 Διᾶ
720 1843 918 1898 τούτου
949 1838 1028 1911 δὲ,
1085 1843 1215 1904 τοὺς
1266 1839 1749 1916 ψευδαποστόλους
1788 1841 1954 1897 αἰνίτ-

295 1955 463 1993 τεται.
493 1958 523 1986 ‹‹
565 1934 630 1991 Ἠ
653 1930 917 2002 ἐπιστολή
961 1935 1122 2005 ἡμῶν
1176 1932 1316 2005 ὑμᾶς
1374 1930 1513 1990 ἐστε.
1547 1956 1577 1984 ι»
1637 1932 1784 1988 Ἀντὶ
1834 1930 1955 1987 ἐπι-

296 2023 523 2093 στολῆς,
578 2021 736 2099 φησῖ,
795 2019 1091 2095 δυναμένης
1149 2024 1297 2094 ἡμᾶς
1378 2022 1733 2096 παραθέσθαι,
1813 2020 1954 2094 ὑμᾶς

302 2106 529 2187 ἔχομεν,
558 2112 648 2166 καὶ
676 2112 776 2179 τὴν
820 2110 974 2182 ὑμῶν
1028 2109 1168 2165 κατὰ
1223 2110 1351 2166 Θεὸν
1405 2107 1778 2183 εὐδοκίμησιν.
1838 2114 1960 2165 Δεῖ-

303 2222 423 2277 γμα
450 2201 554 2275 γὰρ
592 2201 789 2274 ἀρετῆς
848 2196 1202 2271 διδασκαλου,
1252 2201 1287 2268 ἡ
1336 2204 1444 2254 τῶν
1495 2201 1750 2273 μαθητῶν
1801 2196 1957 2254 εὐδο-

304 2290 554 2362 κίμησις.
583 2290 650 2347 Οἱ
678 2289 771 2343 οὗν
804 2288 941 2363 πρὸς
982 2286 1189 2350 ἃλλους
1238 2289 1380 2362 ὑμᾶς
1413 2284 1631 2363 ἔχοντες
1668 2288 1746 2352 εἰς
1787 2286 1955 2365 λόγον

305 2380 633 2443 συστάσεως,
666 2379 764 2434 ούκ
798 2378 857 2433 ἃν
890 2378 1025 2454 πρὸς
1085 2378 1223 2451 ὑμᾶς
1280 2377 1584 2439 συστάσεως
1631 2374 1955 2450 ἐδεήθημεν.

313 2492 342 2521 ιι
374 2466 819 2542 Ἐγγεγραμμένη
862 2466 914 2521 ἐν
970 2472 1089 2528 ταῖς
1144 2464 1390 2541 καρδίαις
1443 2469 1628 2538 ἡμῶν.
1662 2489 1691 2517 ››
1742 2466 1835 2522 Ἐν
1880 2469 1961 2537 νῷ

304 2558 410 2632 γὰρ
441 2558 581 2630 ὑμᾶς
617 2551 855 2631 ἔχοντες,
889 2556 1077 2633 φησὶν,
1134 2555 1208 2617 ὡς
1266 2554 1356 2610 καὶ
1414 2554 1777 2633 ἐγγεγράφθαι
1826 2557 1962 2627 ἡμῖν

311 2640 488 2698 δοκεῖν
534 2639 623 2697 διὰ
681 2644 744 2697 τὸ
795 2640 1195 2712 ἁνεξάλειπτον,
1259 2647 1539 2718 πανταχοῦ
1596 2641 1963 2717 περιφέρομεν

315 2733 478 2804 ὑμᾶς,
511 2731 599 2786 καὶ
632 2731 691 2786 ἑκ
726 2738 827 2801 τῆς
886 2732 1037 2804 ὑμῶν
1084 2732 1282 2804 ἀρετῆς
1330 2729 1535 2806 ἔχομεν
1583 2733 1711 2801 παρ’
1758 2730 1963 2806 ἑτέροις

315 2821 592 2880 σύστασιν,
623 2821 796 2896 ’Ὀπερ
836 2822 967 2900 φησὶ
1029 2821 1119 2875 καὶ
1169 2819 1223 2875 ἐν
1263 2824 1332 2893 τῇ
1389 2824 1584 2895 πρώτῃ
1639 2819 1966 2893 Ἐπιστολῇ.

317 2935 344 2963 ‹‹
376 2911 438 2966 Ἦ
471 2912 577 2986 γὰρ
634 2910 865 2988 σφραγὶς
909 2916 1010 2979 τῆς
1067 2911 1210 2985 ἐμῆς
1264 2908 1578 2978 ἀποστολῆς
1636 2910 1791 2982 ὑμεῖς
1849 2908 1968 2964 ἔστε

315 3000 368 3055 ὶν
423 3000 631 3077 Κυρίῳ,
669 3022 691 3052 ι
763 3031 831 3042 —
893 3022 921 3051 ι‹
988 2998 1369 3072 Γινωσκομὲνη
1437 2999 1530 3054 καὶ
1597 2999 1970 3073 ἀναγινωσκο-

320 3089 479 3202 μένη.
500 3113 536 3198 ἰ)
569 3092 687 3195 Τῷ,
717 3089 1029 3202 παθνταχόρε
1089 3090 1231 3163 ὑμᾶς
1277 3088 1583 3167 περιφέρειν
1632 3092 1701 3162 τῇ
1754 3089 1966 3161 μνήμῃ,
2009 3136 2050 3202 C

311 3180 409 3235 Διᾶ
467 3177 561 3233 οὖν
620 3185 719 3247 τῆς
779 3179 1134 3255 ἀναγνώσεως
1215 3179 1562 3254 γινὼσκεσθε.
1640 3177 1966 3250 Ἀναγνωσιν

318 3265 376 3323 δὲ
404 3268 580 3337 καλεῖ,
613 3269 714 3337 τήν
746 3268 915 3321 αὐτοῦ
942 3266 1068 3335 περὶ
1098 3265 1273 3321 αὐτῶν
1304 3263 1529 3339 ὁμιλίαν
1565 3264 1658 3321 καὶ
1719 3267 1825 3338 μνή
1838 3285 1969 3337 μην.

318 3381 347 3411 ιι
376 3358 501 3414 “Ott
541 3356 657 3411 ἐστὶ
684 3353 948 3424 ἐπιστολή
1007 3356 1265 3430 Χριστοῦ.
1299 3378 1329 3407 ››
1393 3358 1554 3424 ΙΙῶς;
1605 3357 1695 3427 Τῷ
1738 3354 1829 3409 τὸν
1878 3351 1969 3408 νό-

322 3466 424 3520 μον
456 3443 622 3499 αύτοῦ
651 3443 742 3498 καὶ
797 3444 894 3507 τὰς
949 3441 1175 3508 ἐντολὰς
1230 3446 1360 3516 παρ’
1419 3444 1570 3516 ὑμῖν,
1629 3439 1972 3520 γραμμάτων

321 3531 504 3605 δίκην,
552 3532 729 3606 μένειν
783 3532 874 3587 καί
922 3532 1310 3610 φυλάττεσθαι.
1376 3554 1409 3588 ιι
1438 3538 1833 3603 Διακονηθεῖσα
1885 3526 1972 3609 ὑφ’

318 3624 503 3694 ἡμῶν.
537 3646 566 3675 ››
599 3622 666 3679 Οἱ
697 3618 756 3677 δὶ
784 3628 886 3692 τῆς
917 3622 1173 3696 γνώσεως
1203 3622 1294 3676 καὶ
1325 3626 1423 3677 τοῦ
1453 3622 1812 3699 κηρύγματος
1843 3620 1973 3676 τού-

318 3731 417 3766 του
448 3706 719 3778 διάκονοι,
752 3712 918 3783 ἡμεῖς
951 3709 1027 3773 εἷς
1076 3710 1215 3784 ὑμᾶς
1275 3711 1587 3786 ἐγενόμεθα.
1651 3710 1749 3765 Καὶ
1791 3709 1974 3786 ὥσπερ

330 3801 575 3869 Μωυσῆς
607 3796 851 3860 διάκονος
881 3803 979 3854 τοῦ
1012 3800 1183 3873 νόμου
1213 3800 1451 3875 γέγονεν,
1507 3799 1652 3856 οὕτω
1689 3800 1782 3855 καὶ
1811 3802 1975 3873 ἡμεῖς

328 3892 428 3944 τοῦ
480 3888 852 3962 κηρύγματος·
908 3886 1001 3943 καὶ
1059 3887 1241 3964 ὥσπερ
1299 3887 1502 3953 ἐκεῖνος
1591 3889 1687 3950 τὰς
1762 3886 1975 3952 πλάκας

328 3976 635 4046 ἄλάξευσεν,
667 3977 842 4038 οὕτως
873 3978 1037 4051 ἡμεῖς
1070 3977 1161 4040 τὰς
1206 3978 1358 4050 ὑμῶν
1415 3975 1662 4054 καρδίαςο
1724 3976 1855 4034 Εἶτα
1916 3977 1978 4032 ἐκ

328 4066 549 4134 τούτου,
581 4064 657 4127 είς
692 4063 971 4139 σύγκρισιν
1002 4063 1144 4135 ἦλθε
1170 4070 1267 4121 τοῦ
1296 4066 1535 4122 παλαιοῦ
1557 4066 1730 4141 νόμου
1758 4066 1848 4121 καὶ
1876 4073 1977 4136 τῆς

330 4152 473 4223 νέας,
506 4154 597 4209 καί
627 4173 813 4230 φησιν*
847 4156 1083 4217 Ἐκεῖνος
1115 4156 1210 4229 μὶν
1259 4154 1474 4228 μέλανι,
1526 4156 1662 4224 αὕτη
1715 4152 1773 4210 δὲ
1818 4156 1981 4210 πνεύ-

332 4268 462 4321 ματι
518 4244 897 4324 ἐγγέγραπται·
968 4245 1169 4309 ἐκεῖνος
1243 4246 1295 4302 ἐν
1357 4246 1558 4311 λίθοις,
1616 4246 1753 4317 αὕτη
1814 4244 1871 4301 δὲ
1925 4245 1978 4301 ἐν

330 4335 602 4411 σαρκίναις
633 4334 854 4405 πλαξὶν,
888 4337 1001 4390 οἷον
1037 4335 1089 4389 ἐν
1114 4332 1383 4411 καρδίαις.
1416 4338 1567 4408 ’Ὀσῳ
1597 4333 1655 4390 δὲ
1698 4336 1761 4390 τὸ
1809 4338 1980 4389 πνεῦ-

332 4447 408 4501 μα
434 4431 531 4482 τοῦ
567 4424 825 4499 μέλανος,
857 4426 948 4481 καί
1006 4424 1175 4490 λίθων
1222 4427 1257 4494 ἡ
1302 4421 1497 4500 καρδία
1552 4422 1815 4501 διαφέρει,
1858 4443 1982 4479 τοσ-

2067 1844 2403 1916 proponant
2422 1843 2482 1892 et
2509 1832 2875 1890 exhibeant?
2897 1832 3009 1884 Per
3027 1829 3139 1884 hoc
3169 1830 3368 1881 autem
3394 1822 3721 1894 pseudapo—

2072 1911 2253 1989 stolas
2276 1928 2565 2000 designat.
2601 1945 2629 1974 ‹‹
2662 1919 2924 1994 Epistola
2949 1924 3154 1973 nostra
3182 1932 3283 1969 vos
3300 1913 3462 1969 estis.
3496 1932 3523 1957 ιι
3547 1911 3718 1978 Loco,

2069 2020 2287 2093 inquit,
2318 2014 2583 2089 epistolas
2614 2028 2745 2083 qum
2776 2025 2886 2064 nos
2917 2006 3105 2079 possit
3136 2005 3195 2059 in
3218 2002 3481 2059 medium
3503 2014 3722 2070 propo-

2071 2126 2236 2169 nere.
2267 2106 2556 2162 habemus
2586 2118 2690 2157 vos
2721 2116 2789 2155 ac
2846 2102 3101 2152 vestram
3156 2091 3484 2148 secundum
3536 2089 3722 2142 Deum

2072 2198 2427 2273 probitatem
2464 2211 2476 2247 :
2510 2208 2643 2247 cum
2675 2196 2816 2245 nota
2843 2185 3075 2241 virtutis
3118 2180 3383 2253 magistri
3417 2178 3493 2233 sit
3522 2174 3724 2248 probi-

2073 2296 2165 2346 tas
2194 2279 2762 2356 discipulorum.Qui
2786 2279 2986 2347 itaque
3019 2273 3346 2329 habeamus
3378 2285 3477 2323 vos
3498 2267 3560 2325 in
3591 2281 3721 2321 mo-

2073 2379 2215 2436 dum
2229 2369 2764 2432 commendationis
2777 2382 2914 2438 erga
2926 2364 3481 2432 alios.nequaquam
3496 2371 3632 2427 egea
3651 2370 3725 2409 us

2076 2461 2592 2524 commendatione
2625 2457 2699 2513 ad
2729 2472 2848 2511 vos.
2886 2478 2912 2503 ‹‹
2950 2452 3178 2523 Scripta
3206 2451 3268 2504 in
3303 2446 3584 2503 cordibus
3615 2459 3721 2498 no-

2078 2556 2236 2613 stris.
2273 2575 2301 2603 »
2331 2553 2397 2608 In
2425 2555 2622 2605 mente
2652 2546 2867 2618 inquit.
2908 2559 3009 2598 vos
3036 2539 3343 2605 habentes,
3372 2537 3458 2590 ita
3486 2539 3553 2588 ut
3580 2549 3720 2604 pro—

2077 2651 2209 2718 pter
2236 2639 2671 2697 indebilitatem
2703 2631 2974 2703 inscripti
3015 2644 3146 2685 esse
3176 2621 3494 2680 videamini
3530 2622 3587 2676 in
3619 2635 3725 2675 no-

2078 2734 2192 2794 bis.
2223 2729 2445 2800 ubique
2475 2743 2576 2781 vos
2606 2718 3170 2781 circumferimus,et
3198 2730 3263 2767 ex
3296 2717 3489 2765 vestra
3517 2709 3731 2761 virtute

2080 2821 2368 2879 habemus
2409 2815 2565 2888 apud
2613 2812 2763 2868 alios
2821 2803 3399 2864 commendationem
3430 2815 3442 2852 :
3479 2795 3638 2868 quod
3667 2794 3729 2849 in

2080 2914 2277 2986 priore
2306 2886 2571 2980 Epislola
2599 2903 2715 2959 ait:
2743 2922 2771 2951 «
2797 2897 3067 2970 Sigillum
3089 2890 3456 2964 apostolatus
3489 2886 3606 2941 mei
3630 2900 3731 2939 vos

2084 2974 2226 3059 estis
2255 3001 2317 3055 in
2350 2974 2603 3053 Domino
2624 2991 2693 3047 ²¹.
2730 3011 2759 3039 ››
2790 3018 2858 3028 —-
2892 3007 2914 3035 ι
2941 2987 3078 3050 Quaa
3111 2979 3464 3051 intelligitur
3494 2982 3552 3031 et
3588 2974 3728 3047 legi-

2085 3097 2201 3148 tur.
2237 3111 2265 3138 »
2295 3089 2378 3142 Ex
2408 3101 2476 3141 eo
2508 3081 2666 3153 quod
2690 3095 2791 3134 vos
2819 3075 3040 3145 ubique
3072 3073 3133 3127 in
3154 3067 3445 3127 memoria
3474 3065 3731 3120 circum-

2080 3181 2361 3236 feramus.
2394 3152 2598 3243 Itaque
2630 3184 2736 3241 per
2756 3164 3075 3221 lectionem
3095 3152 3727 3229 ﬁlﬁcognoscimini:

2073 3269 2394 3326 lectionem
2407 3267 2607 3318 autem
2627 3262 2793 3313 vocat
2815 3269 2981 3310 suam
3002 3252 3075 3307 de
3106 3249 3250 3321 ipsis
3268 3244 3727 3302 collocutionem

2075 3376 2143 3416 ac
2165 3353 2680 3412 memorationem.
2718 3368 2737 3393 ι
2775 3342 2939 3410 Quod
2973 3339 3116 3396 estis
3142 3334 3393 3409 epistola
3421 3331 3657 3386 Christi.
3695 3349 3725 3379 »ι

2076 3442 2380 3513 Quomodo
2400 3441 2428 3495 ?
2449 3439 2597 3505 Quia
2627 3437 2721 3491 lex
2770 3450 2839 3489 ac
2884 3433 3182 3503 prmcepta
3207 3426 3356 3496 ejus,
3388 3422 3721 3476 litterarum

2074 3536 2207 3591 loco
2234 3535 2478 3587 manent
2506 3544 2573 3582 ac
2595 3527 2904 3581 servantur
2931 3516 3090 3590 apud
3106 3532 3208 3570 vos
3236 3510 3731 3568 «Subministrata

2079 3642 2114 3681 a
2142 3623 2335 3679 nobis.
2364 3620 2510 3674 »Nos
2528 3621 2727 3672 autem
2749 3612 2929 3684 hujus
2952 3608 3180 3664 notitiae
3202 3621 3269 3661 ac
3289 3598 3729 3676 praedicationis

2079 3711 2340 3770 ministri
2364 3724 2502 3781 erga
2529 3723 2631 3762 vos
2658 3704 2903 3766 fuimus;
2928 3704 2987 3754 et
3016 3691 3517 3768 quemadmodum
3542 3691 3730 3743 Moses

2080 3803 2229 3876 legis
2258 3800 2369 3855 fuit
2398 3775 2786 3858 minister,ita
2816 3794 2874 3844 et
2902 3803 3011 3842 nos
3027 3779 3555 3855 prmdicationis,et
3577 3775 3736 3829 sicut

2082 3864 2186 3949 ille
2211 3890 2443 3947 tabulas
2472 3883 2704 3946 incidit,
2724 3882 2806 3936 ita
2826 3894 2936 3934 nos
2966 3872 3145 3930 corda
3171 3875 3382 3925 vestra.
3408 3864 3634 3922 Deinde
3665 3879 3733 3919 ex

2087 3984 2199 4038 hoc
2228 3978 2302 4037 ad
2324 3974 2704 4033 collationem
2736 3966 2895 4022 venit
2922 3960 3138 4018 veteris
3185 3958 3331 4029 legis
3361 3971 3429 4011 ac
3462 3952 3597 4008 novi
3626 3953 3736 4007 Te-

2088 4066 2455 4127 stamenti,et
2482 4057 2720 4117 aitzllla
2740 4053 2981 4126 quidem
3008 4051 3361 4107 atramento.
3394 4044 3506 4099 hoc
3534 4046 3736 4098 autem

2085 4158 2300 4231 spiritu
2322 4151 2674 4221 inscriptum
2696 4149 2811 4200 est:
2846 4140 2951 4196 illa
2978 4140 3040 4193 in
3064 4133 3500 4209 lapidibus.hoc
3527 4132 3589 4186 in
3606 4146 3735 4187 car-

2087 4218 2216 4302 n.eis
2249 4218 2797 4304 tabulis,hocest.in
2824 4228 3100 4287 cordibus
3124 4229 3369 4297 :quanto
3399 4227 3597 4276 autem
3612 4218 3735 4288 spi-

2085 4335 2237 4389 ritus
2267 4325 2642 4402 praestantior
2678 4326 2769 4377 est
2797 4320 3150 4380 atramento,
3181 4317 3239 4367 et
3267 4326 3368 4366 cor
3398 4304 3733 4378 lapidibus:

2088 4392 2525 4479 tanto-novum
2572 4413 3014 4468 Testamentum
3060 4402 3188 4474 lege
3222 4392 3604 4471 prmstantius
3648 4396 3746 4446 est

329 4497 497 4589 ούτῳ,
547 4497 703 4594 φησί,
771 4513 861 4569 καὶ
918 4516 953 4583 ἡ
1013 4514 1127 4583 νέα,
1182 4517 1280 4570 τοῦ
1335 4497 1510 4587 νόμου
1566 4497 1668 4568 καὶ⁷
1712 4497 1816 4581 τῆς
1870 4532 1966 4566 πα-

2090 4509 2391 4581 veterique
2424 4504 2842 4561 instrumento.

326 4604 511 4666 λαιᾶς.

400 4721 734 4788 Πεποίθησιν
793 4718 851 4775 δὶ
927 4718 1184 4792 τοιαύτην
1241 4718 1475 4796 ’ἔχομεν
1535 4717 1624 4775 διὰ
1678 4722 1776 4775 τοῦ
1832 4720 1982 4793 Χρι-

332 4813 461 4863 στοῦ
518 4810 657 4883 πρὸς
711 4809 807 4863 τὸν
867 4806 1021 4878 Θεὸν,
1082 4809 1192 4884 οὐχ
1246 4808 1329 4865 ὅτι
1416 4809 1589 4863 ἱκανοί
1668 4808 1828 4882 ἐσμεν
1894 4807 1983 4887 ἀφ’

326 4898 529 4955 ἑαυτῶν
582 4897 897 4972 λογίζεσθαί
953 4918 1005 4953 τι
1054 4898 1128 4959 ὡς
1186 4897 1237 4971 ἐξ
1296 4898 1525 4963 ἑαυτῶν,
1582 4897 1710 4954 ἀλλ’
1768 4899 1803 4966 ἡ
1863 4896 1985 4951 ίκα-

328 4987 500 5057 νότης
531 4988 692 5059 ἡμῶν
730 4986 790 5042 ὲκ
844 4991 941 5042 τοῦ
996 4992 1152 5043 Θεοῦ.
1210 4989 1309 5049 ’Ὀς
1366 4988 1454 5041 καὶ
1521 4986 1776 5042 ἲκάνωσεν
1834 4988 1983 5059 ἡμᾶς

334 5073 615 5140 διακόνους
674 5082 864 5145 καινῆς
934 5073 1224 5147 διαθήκης,
1303 5075 1366 5130 οὐ
1445 5077 1794 5153 γράμματος,
1885 5074 1984 5130 ἀλ-

336 5161 409 5218 λὰ
443 5164 774 5237 πνεύματος·
831 5165 909 5221 Τὸ
965 5164 1070 5241 γὰρ
1129 5164 1363 5241 γράμμα
1420 5163 1750 5237 ἀποκτείνει,
1807 5164 1871 5220 τὸ
1929 5160 1986 5219 δὲ

328 5255 541 5324 πνεῦμα
574 5257 857 5322 ζωοποιεῖ.

396 5359 530 5416 Εἶτα
557 5356 746 5430 ἄπειδή
778 5360 841 5415 τὸ
872 5356 1040 5431 δεῖξαι
1088 5362 1189 5431 τήν
1218 5360 1353 5417 Νέαν
1411 5362 1634 5435 μείζονα
1679 5364 1782 5417 τοῦ
1810 5360 1985 5432 νόμου

402 5573 448 5613 ⁸⁸
480 5575 655 5634 lCor.
687 5591 769 5647 xv,
800 5576 889 5633 1!.

2166 4715 2264 4783 Ill,
2294 4714 2418 4768 4.6.
2454 4709 2738 4766 Fiduciam
2767 4709 2948 4759 autem
2978 4692 3299 4769 hujusmodi
3327 4689 3585 4783 habemus
3632 4700 3740 4758 per

2092 4782 2368 4862 Christum
2397 4816 2531 4871 erga
2562 4800 2752 4861 Deum,
2797 4808 2907 4847 non
2941 4788 3092 4860 quod
3114 4784 3300 4840 idonei
3327 4782 3497 4837 simus
3525 4793 3595 4832 ex
3638 4790 3738 4831 no-

2095 4894 2172 4949 bis
2210 4893 2343 4964 ipsis
2372 4864 2623 4958 cogitare
2652 4882 2956 4955 quidquam
2990 4884 3255 4946 tanquam
3284 4886 3353 4926 ea:
3379 4865 3535 4923 nobis
3557 4864 3690 4935 ipsis
3723 4880 3743 4915 :

2092 4984 2185 5039 sed
2206 4953 2256 5037 si
2280 4980 2354 5035 ad
2385 4953 2602 5047 aliquid
2656 4953 2840 5026 idonei
2889 4980 3091 5031 sumus,
3127 4963 3190 5017 id
3212 4976 3281 5015 ea:
3305 4959 3405 5013 Deo
3436 4961 3535 5021 est,
3566 4953 3665 5023 qui
3692 4955 3745 5006 et

2091 5075 2313 5131 idoneos
2372 5072 2502 5141 fecit
2551 5081 2648 5121 nos
2705 5063 2985 5119 ministros
3038 5056 3174 5111 Novi
3234 5045 3585 5114 Testamenti,
3633 5059 3744 5101 non

2095 5163 2314 5230 littera,
2372 5135 2467 5215 sed
2532 5153 2780 5227 spiritus.
2845 5151 2980 5205 Nam
3042 5146 3231 5200 littera
3264 5137 3486 5207 occidit,
3516 5135 3745 5206 spiritus

2092 5258 2275 5308 autem
2303 5250 2563 5318 vivi/icat.

2167 5355 2390 5414 Deinde
2411 5356 2728 5426 postquam
2759 5343 3020 5403 ostendit
3045 5342 3271 5397 Novum
3299 5334 3744 5392 Testamentum
