4158 6194
410 258 530 321 949

1379 246 1780 308 ΟΟΜΜΕΝΤ.
1837 245 1910 304 lN
1959 245 2205 306 EPIST.
2255 247 2301 306 ll
2350 249 2454 307 AD
2501 251 2868 311 CORINTH.

3715 258 3837 319 950

412 389 644 445 θανάτου
672 383 1140 461 προσηγόρευσεν,
1199 377 1389 448 ἐπειδή
1447 377 1577 442 τοὺς
1636 373 2036 450 παραϐαίνοντα

2183 395 2328 448 gnos
2361 381 2452 437 lex
2482 383 2884 440 interimebat.
2912 417 2982 426 —
3012 383 3177 458 Legis
3206 384 3606 445 ministerium
3638 391 3836 464 appel-

416 477 446 535 6
483 479 656 551 νόμος
687 473 966 544 ἐκόλαζεν.
1021 470 1085 529 Ei
1145 470 1346 540 τοίνυν,
1409 467 1594 548 φησὶν,
1653 465 1775 532 ἔνθα
1829 465 2073 542 τιμωρία

410 567 502 623 καὶ
558 567 786 630 θάνατος
843 562 932 617 καὶ
999 561 1300 635 γράμματα
1367 557 1545 620 λίθοις
1601 555 2070 633 ἐγκεκολαμμένα,

409 657 682 726 τοσαύτην
727 655 754 708 ὁ
815 653 982 709 ταῦτα
1039 651 1285 722 κομίζων
1345 647 1397 703 ἐν
1446 653 1526 720 τῷ
1583 649 1860 724 προσώπῳ
1917 644 2071 716 δόξαν

410 743 650 818 ἐδέξατο,
711 741 912 813 πολλῷ
977 739 1190 815 μᾶλλον
1247 739 1298 793 οἱ
1367 742 1445 809 τῷ
1499 737 1628 809 θείῳ
1699 734 2068 797 διακονοῦντες

406 835 704 907 Πνεύματι,
758 829 1017 892 πλείονος
1073 827 1414 883 ἀπολαύουσι
1473 823 1657 897 δόξης.
1696 849 1722 878 ι(
1767 829 1928 880 ’Ὠστε
1988 827 2063 898 μή

405 921 660 979 δύνασθαι
720 919 1042 976 ὲνατενίσαι.
1103 942 1130 968 ››
1221 917 1467 990 Ἐπαιρει
1561 917 1660 981 τήν
1742 919 1837 969 τοῦ
1892 914 2065 986 νόμου

410 1010 590 1084 δόξαν,
645 1009 734 1066 ἵνα
791 1009 957 1065 πλέον
1015 1007 1221 1082 αὐξήσῃ
1308 1007 1409 1074 τὴν
1483 1012 1582 1074 τῆς
1643 1004 1782 1068 νέας.
1852 1006 1920 1060 ’Ἡ
1981 1002 2065 1058 ὅτι

408 1106 573 1157 τοῦτο
657 1099 968 1173 κατηγορία
1036 1096 1174 1152 ἐστὶν
1258 1091 1556 1164 Ἰουδαίων,
1676 1095 1759 1149 δτι
1871 1093 2064 1162 οὕτως,

406 1193 587 1271 φησὶν,
641 1192 778 1260 ἦσαν
835 1189 1048 1258 ταχεῖς,
1105 1187 1179 1249 ὡς
1239 1183 1381 1258 μηδὲ
1435 1186 1534 1253 τὴν
1591 1183 1853 1255 αἰσθητὴν
1907 1181 2060 1253 δόξαν

402 1281 618 1343 ἱκανοὺς
649 1283 782 1334 εἶναι
815 1281 962 1354 ὀρᾷν.
1002 1303 1021 1327 α
1079 1278 1177 1331 Δια
1232 1277 1332 1344 τήν
1394 1273 1548 1345 δόξαν
1611 1278 1707 1330 τοῦ
1763 1273 2062 1348 προσώπου

397 1370 582 1426 αύτοῦ.
627 1393 656 1420 ››
715 1371 865 1426 Ἀνω
925 1366 1125 1438 ἐπάρας
1185 1367 1284 1435 τήν
1341 1369 1437 1420 τοῦ
1493 1365 1669 1437 νόμου
1733 1361 1912 1437 δόξαν,
1975 1368 2062 1418 νῦν

394 1459 575 1532 ἡοέμα
629 1462 882 1532 καθαιρεῖ
938 1457 1130 1527 αὐτήν.
1168 1455 1245 1513 Οὐ
1312 1455 1412 1529 γὰρ
1471 1455 1500 1509 6
1557 1455 1726 1526 νόμος
1780 1456 1904 1529 εἶχε
1959 1455 2058 1522 τήν

395 1546 571 1618 δόξαν.
608 1547 736 1604 ἀλλ’
768 1549 795 1602 6
832 1553 1053 1614 Μωσῆς.
1093 1543 1198 1601 Καὶ
1232 1545 1259 1599 ὁ
1299 1547 1501 1612 Μωσῆς
1534 1541 1612 1611 δὲ,
1676 1542 1736 1598 οὐ
1793 1545 2056 1616 μένουσαν

405 1638 530 1712 εἶχε
560 1634 739 1708 δόξαν,
781 1634 930 1691 ἀλλὰ
985 1631 1454 1709 καταργουμένην,
1511 1632 1758 1688 τουτέστι
1813 1632 2057 1705 παυομέ-

391 1747 513 1798 νην.
559 1725 786 1794 Ἐπειδὴ
819 1726 924 1799 γὰρ
966 1723 1079 1779 ἅνω
1112 1724 1280 1795 ἐπῆρε
1311 1724 1376 1778 τα
1405 1722 1540 1778 κατὰ
1595 1722 1687 1777 τὸν
1719 1723 1914 1796 νόμον,
1960 1726 2053 1776 νῦν

394 1816 529 1873 αύτὶ
557 1819 807 1890 καθαιρεῖ
826 1817 916 1869 ’ἱνα
941 1811 1248 1888 συγκαθὲλῃ
1280 1814 1348 1867 τὰ
1379 1810 1666 1869 Ἰουδαϊκὰ.
1703 1838 1729 1864 (ι
1763 1817 1885 1874 Πῶς
1923 1811 2053 1888 οὐχὶ

399 1903 610 1976 μᾶλλον
640 1908 673 1974 ἡ
704 1902 953 1959 διακονία
981 1907 1084 1957 τοῦ
1119 1904 1428 1974 Πνεύματος
1461 1920 1474 1968 ;
1501 1924 1526 1952 ι»
1559 1902 1760 1975 Ὠσπερ
1781 1898 2050 1956 διακονίαν

395 1994 624 2049 θανάτου
654 1995 746 2048 τὸν
777 1995 947 2066 νόμον
982 1991 1254 2061 ἐκάλεσεν,
1294 1991 1470 2052 οὕτως
1527 1993 1662 2046 κατὰ
1709 1991 1771 2045 τὸ
1824 1988 2055 2047 ἀκόλου-

392 2086 483 2138 Θον
508 2079 709 2162 ὤφειλε
729 2084 832 2152 τήν
860 2085 981 2138 νέαν
1026 2080 1257 2137 καλέσαι
1316 2078 1588 2136 διακονίαν
1645 2087 1813 2151 ζωῆς.
1873 2079 2052 2138 Ἀλλὰ

387 2177 548 2227 τοῦτο
585 2174 679 2244 μὲν
715 2178 914 2243 σιωπᾷ,
947 2173 1008 2227 τὸ
1047 2176 1231 2243 μεῖζον
1263 2166 1321 2225 δὶ
1379 2169 1548 2240 λέγει.
1610 2169 1890 2226 Διακονίαν
1946 2171 2048 2246 γὰρ

387 2263 553 2330 αὐτήν
590 2263 902 2335 Ιίνεύματος
933 2261 1113 2327 καλεῖ,
1145 2265 1242 2316 τοῦ
1304 2259 1394 2315 καὶ
1451 2261 1548 2329 τὴν
1612 2262 1753 2330 ζωὴν
1805 2259 2044 2332 ἐξουσίαν

391 2344 618 2426 ἔχοντος
649 2354 933 2427 παρέχειν.
976 2350 1258 2406 Διακονίαν
1296 2347 1352 2404 δί
1385 2348 1696 2422 Πνεύματος
1727 2349 1894 2418 αὐτὴν
1949 2371 2044 2427 κατ

393 2437 500 2507 λεῖ,
535 2437 623 2494 διὰ
652 2441 748 2508 τὴν
779 2439 1124 2511 ἐπιφοίτησιν
1151 2443 1248 2494 τοῦ
1275 2440 1434 2514 ἁγίου
1481 2438 1816 2511 Πνεύματος,
1877 2421 2043 2494 οἰονιεὶ

381 2530 480 2596 τὴν
590 2531 1098 2602 παρασκευαστικήν
1179 2535 1283 2598 τῆς
1364 2532 1463 2584 τοῦ
1547 2528 1704 2602 ἁγίου
1788 2527 2042 2601 Πνεύμα-

375 2639 468 2681 τος
494 2617 915 2698 ἐπιφοιτήσεως.
951 2645 978 2670 ‹‹
1019 2618 1086 2674 Εἴ
1136 2619 1239 2696 γὰρ
1296 2620 1330 2688 ἠ
1394 2615 1635 2672 διακονία
1659 2624 1759 2686 τῆς
1791 2619 2043 2694 κατακρί-

382 2729 536 2768 σεως.
605 2731 629 2759 »
705 2710 844 2765 Ἀπὸ
920 2709 1303 2783 συλλογισμοῦ
1375 2707 1439 2762 τὸ
1513 2705 1740 2782 εὓλογον
1815 2706 2038 2783 ἔχοντος

377 2796 476 2864 τὴν
521 2796 798 2872 σύγκρισιν
858 2802 1118 2853 ποιεῖται.
1164 2796 1224 2852 Εἰ
1278 2796 1380 2873 γὰρ
1440 2793 1588 2867 δόξα,
1647 2797 1836 2876 φησὶν,
1896 2798 2037 2853 ἐστὶν

376 2882 428 2938 ἐν
454 2889 533 2957 τῷ
557 2884 737 2957 νόμῳ,
764 2885 854 2939 καί
883 2906 971 2941 τοι
1003 2881 1116 2942 ὄντι
1171 2883 1405 2957 διακόνῳ
1436 2885 1664 2941 θανάτου
1722 2886 1808 2941 καὶ
1869 2908 2036 2942 κατα-

384 2974 636 3049 κρίσεως,
665 2973 869 3047 πολλῷ
915 2973 1126 3047 μᾶλλον
1155 2975 1290 3029 κατὰ
1317 2973 1379 3029 τὸ
1418 2973 1741 3045 ἀκόλουθον,
1766 2976 1830 3031 οὐ
1866 2977 2033 3049 μόνον

375 3058 518 3120 ἔστιν
555 3063 607 3118 ἐν
639 3069 707 3139 τῇ
737 3063 829 3136 νέᾳ
861 3062 1007 3134 δόξα,
1051 3062 1198 3120 ἀλλὰ
1227 3063 1314 3118 καὶ
1354 3063 1678 3136 περισσεύει.
1751 3064 1852 3120 Καὶ
1902 3067 2028 3142 γὰρ,

375 3176 406 3206 ‹‹
469 3154 808 3227 Περισσεύει.
868 3178 895 3206 ››
955 3157 1065 3210 Τοῦ
1128 3154 1226 3228 μὲν
1273 3154 1375 3228 γὰρ
1428 3153 1604 3226 νόμου
1666 3151 2032 3228 ἁμαρτωλοὺς

381 3237 762 3314 λαμϐάνοντος
791 3243 881 3298 καὶ
931 3243 1375 3317 τιμωρουμένου,
1424 3242 1486 3298 τὸ
1543 3243 1798 3317 κήρυγμα
1854 3244 2034 3321 ἁμαρ-

368 3330 585 3393 τωλοὺς
621 3325 906 3404 λαμϐάνον
939 3331 990 3386 ἐν
1051 3337 1129 3404 τῷ
1181 3331 1538 3406 βαπτίσματι,
1600 3330 1662 3384 ού
1725 3330 1888 3402 μόνον
1941 3333 2032 3386 ἀν-

376 3421 629 3482 ευθύνους
661 3421 874 3499 ἀφίησι,
907 3421 1021 3495 (καί
1050 3442 1136 3477 τοι
1167 3419 1326 3497 ἤρκει
1355 3420 1444 3474 καὶ
1473 3424 1684 3494 τοῦτο.)
1735 3419 1884 3476 ἀλλᾶ
1939 3422 2031 3477 καὶ

369 3508 594 3578 δικαιοῖ,
627 3513 714 3566 καὶ
746 3512 982 3589 ἁγιάζει,
1015 3511 1105 3566 καὶ
1139 3512 1214 3574 εἷς
1244 3510 1510 3566 υἱοθεσίαν
1556 3509 1734 3580 καλεῖ,
1793 3513 1883 3566 καὶ
1935 3513 2029 3574 τὰς

379 3598 689 3671 μελλούσας
733 3598 960 3662 ἐλπίδας
1018 3599 1433 3675 ἐπαγγέλλεταιο
1491 3602 1646 3659 Ὅθεν
1703 3600 1792 3655 καὶ
1843 3599 2031 3657 διακο-

362 3687 478 3744 νίαν
521 3686 871 3759 δικαιοσύνης
932 3689 1099 3758 αὐτὴν
1153 3687 1338 3759 καλεῖ,
1390 3688 1464 3752 ὡς
1523 3687 1832 3746 δικαιοῦσαν
1899 3691 2028 3754 τοὺς

371 3772 605 3841 ἀσεϐεῖς.

436 3976 467 4007 α
499 3955 598 4008 Καὶ
631 3956 733 4033 γὰρ
792 3955 858 4009 οὗ
918 3952 1252 4027 δεδόξασται.
1290 3979 1318 4008 »
1350 3955 1450 4014 Καὶ
1499 3957 1575 4024 τί,
1627 3959 1817 4038 φησῖν,
1879 3961 2028 4014 ἀντι-

369 4043 660 4112 παράθεσιν
709 4048 853 4100 ποιῶ
910 4051 1010 4113 τῆς
1066 4043 1186 4106 νέας
1245 4045 1334 4100 καὶ
1396 4048 1494 4100 τοῦ
1522 4046 1696 4120 νόμου
1728 4069 1742 4117 ς
1775 4047 2021 4120 Τοσαύτη

361 4133 490 4208 γαρ,
541 4132 698 4210 φησὶ,
748 4140 847 4202 τῆς
905 4133 1022 4195 νέας
1081 4135 1115 4204 ἡ
1179 4131 1412 4210 διαφορᾶ
1469 4135 1558 4190 καὶ
1619 4137 1653 4205 ἠ
1709 4133 1858 4206 δόξα,
1915 4136 2021 4207 ὅτι,

363 4222 551 4299 φησὶν,
585 4221 639 4276 ἐν
673 4222 1008 4299 συγκρίσεως
1053 4222 1229 4298 μέρει,
1264 4224 1446 4298 (τοῦτο
1494 4225 1594 4299 γάρ
1652 4222 1792 4278 ἐστιν
1851 4224 1881 4279 6'
1930 4224 2024 4282 λέ·-

359 4330 440 4384 γει
474 4310 525 4363 ἐν
569 4311 750 4384 τούτῳ
804 4315 882 4383 τῷ
945 4312 1118 4386 μέρει,
1185 4311 1430 4367 τουτέστι
1488 4319 1588 4382 τῆς
1649 4313 2020 4388 συγκρίσεως),

359 4396 483 4454 οὐδὲ
516 4396 674 4470 δόξαν
701 4396 848 4477 ἔχειν
875 4398 1015 4472 δόξει
1048 4401 1082 4472 ἠ
1114 4400 1343 4471 παλαια,
1376 4400 1468 4456 καί
1509 4422 1595 4456 τοι
1653 4399 2018 4475 δεδοξασμένη

2180 469 2320 525 lavit
2342 474 2548 528 mortis
2582 474 3000 543 ministerium,
3035 476 3316 545 quoniam
3369 481 3835 552 transgressores

2181 559 2278 614 lex
2310 563 2613 632 puniebat.
2667 564 2723 617 Si
2781 564 2962 635 igitur
3020 565 3119 620 ubi
3178 567 3536 638 supplicium
3579 587 3644 626 ac
3677 589 3835 628 mors

2182 656 2326 717 erat,
2353 649 2682 723 litteraeque
2717 653 3012 724 lapidibus
3045 655 3378 726 insculpta).
3403 659 3502 728 qui
3536 658 3662 714 haec
3685 662 3831 717 fere-

2179 736 2279 792 bat
2311 744 2532 795 tantam
2566 741 2626 795 in
2657 742 2805 796 facie
2826 742 3073 814 gloriam
3099 746 3346 815 accepit,
3374 747 3557 802 n.u|to
3577 751 3834 820 amplius

2180 827 2281 897 qui
2305 828 2501 884 divino
2533 831 2877 887 ministrant
2899 833 3384 904 Spiritui,majori
3406 836 3686 894 fruuntur
3714 840 3834 911 glo-

2178 916 2286 970 ria.
2323 940 2350 967 «
2383 918 2543 974 Adeo
2566 926 2633 975 ut
2663 938 2780 976 non
2813 928 3055 994 possent
3084 923 3274 978 oculis
3301 925 3628 983 intendere.
3664 950 3690 978 »
3726 930 3831 984 Ex-

2179 1005 2335 1060 tollit
2365 1007 2508 1080 legis
2541 1010 2787 1082 gloriam
2815 1017 2879 1065 ut
2911 1013 3094 1078 magis
3127 1020 3338 1085 augeat
3378 1015 3627 1086 gloriam
3686 1017 3828 1072 Novi

2175 1096 2555 1152 Testamenti.
2609 1099 2705 1155 Vel
2742 1099 2895 1170 quod
2932 1099 3042 1155 hoc
3089 1102 3276 1172 magis
3308 1105 3602 1159 accusatio
3627 1107 3704 1160 sit
3729 1107 3830 1162 Ju-

2176 1183 2478 1243 daeornm:
2513 1204 2648 1243 nam
2687 1189 2856 1252 adeo,
2898 1190 3112 1260 inquit.
3147 1192 3330 1246 crassi
3389 1199 3577 1251 erant.
3628 1201 3694 1249 ut
3751 1213 3826 1251 ne

2176 1275 2519 1331 sensibilem
2553 1277 2792 1348 quidem
2825 1277 3073 1347 gloriam
3123 1279 3320 1334 videre
3371 1288 3572 1336 essent
3598 1283 3821 1345 idonei.

2174 1382 2202 1412 ‹‹
2226 1364 2476 1434 Propter
2509 1365 2756 1436 gloriam
2784 1366 2974 1420 vultus
3008 1368 3151 1430 eius.
3183 1388 3207 1417 υ
3239 1369 3380 1422 Cum
3414 1370 3686 1440 superius
3736 1372 3818 1427 le-

2169 1451 2258 1523 gis
2305 1452 2550 1524 gloriam
2606 1455 2916 1510 extulisset
2987 1472 3146 1512 nunc
3177 1473 3303 1512 eam
3341 1459 3625 1529 paulatim
3659 1467 3817 1517 exte-

2170 1548 2315 1597 nuat
2344 1558 2410 1596 ac
2434 1543 2740 1598 tollit.Non
2773 1545 2932 1599 enim
2964 1544 3059 1598 lex
3084 1545 3332 1617 gloriam
3383 1548 3658 1612 habebat,
3710 1551 3814 1605 sed

2168 1631 2355 1685 Moses
2387 1649 2400 1686 :
2433 1636 2490 1686 et
2537 1632 2632 1688 hic
2689 1633 2927 1705 quidem
2983 1651 3092 1688 nos
3132 1644 3572 1706 permanentem
3607 1639 3815 1695 habuit

2165 1720 2412 1792 gloriam
2446 1722 2547 1777 sed
2579 1739 2710 1793 quae
2741 1723 3011 1779 aboletur
3041 1741 3108 1780 ac
3139 1733 3348 1782 cessat.
3382 1729 3526 1781 Nam
3558 1728 3698 1797 quia
3719 1745 3813 1782 su-

2169 1811 2370 1882 perius
2402 1812 2694 1869 extulerat
2716 1829 2784 1868 ea
2801 1831 2930 1885 qua)
2956 1815 3100 1886 legis
3120 1815 3469 1882 erant,tollit
3490 1832 3647 1871 nunc
3663 1817 3808 1888 ipsa,

2169 1905 2233 1954 ut
2263 1917 2382 1956 una
2411 1901 2640 1957 auferat
2666 1907 2722 1957 et
2751 1904 3012 1959 Iudaica.
3047 1925 3074 1953 «
3108 1905 3222 1958 Cur
3253 1921 3372 1958 non
3403 1905 3597 1975 potius
3632 1905 3808 1960 mini-

2167 1991 2414 2045 sterium
2446 1991 2718 2062 Spiritus.
2752 1993 3371 2048 »Sicutministerium
3397 1995 3602 2048 mortis
3623 1995 3812 2066 legem

2166 2080 2503 2151 appellavit,
2529 2081 2610 2135 ita
2642 2097 2798 2137 nunc
2830 2099 2898 2138 ex
2921 2084 3310 2154 consequenti
3334 2083 3680 2138 debuissent
3702 2086 3810 2138 No-

2167 2185 2299 2223 vum
2343 2170 2785 2224 Testamentum
2816 2187 3024 2225 vocare
3056 2171 3457 2226 ministerium
3489 2172 3620 2225 vita)
3654 2187 3667 2225 :
3703 2173 3805 2227 sed

2163 2257 2273 2314 hoc
2297 2256 2537 2328 quidem
2572 2264 2977 2328 tacet,,verum
3016 2260 3174 2330 quod
3236 2261 3432 2331 majus
3490 2267 3580 2315 est
3636 2262 3808 2317 dicit:

2161 2346 2358 2417 ipsum
2382 2348 2539 2402 enim
2564 2354 2731 2403 vocat
2750 2349 3001 2420 Spiritus
3020 2350 3438 2418 ministerium,
3464 2368 3597 2406 cum
3633 2352 3812 2407 etiam

2159 2438 2377 2492 habeat
2398 2445 2751 2510 potestatem
2785 2441 2963 2495 dandi
2987 2441 3190 2498 vitam.
3215 2443 3397 2498 Vocat
3418 2448 3618 2498 autem
3641 2443 3815 2499 mini-

2159 2527 2406 2582 sterium
2431 2528 2702 2595 Spiritus,
2737 2535 2980 2600 propter
3002 2530 3252 2602 Spiritus
3285 2532 3473 2586 sancti
3493 2549 3816 2603 superven-

2159 2616 2403 2681 tionem,
2457 2621 2736 2688 tanquam
2796 2619 3250 2690 praeparativum
3339 2622 3810 2692 superventionis

2156 2705 2410 2776 Spiritus
2442 2707 2651 2762 sancti.
2687 2729 2714 2757 «
2744 2708 2886 2762 Nam
2923 2708 2970 2762 si
3013 2708 3412 2763 ministerium
3447 2710 3808 2765 condemna-

2154 2793 2401 2849 tionis.»
2461 2796 2543 2849 Ex
2599 2795 3054 2850 ratiocinatione
3109 2797 3615 2866 comparationem
3664 2798 3807 2854 facit

2150 2883 2369 2938 rationi
2421 2899 2766 2938 consonam.
2802 2884 2856 2938 Si
2903 2884 3110 2955 gloria,
3143 2884 3357 2954 inquit,
3389 2891 3479 2940 est
3533 2886 3596 2941 in
3652 2886 3798 2956 lege,

2151 2989 2281 3042 quae
2307 2978 2505 3028 tamen
2524 2972 2730 3027 mortis
2747 2989 2815 3028 ac
2833 2973 3350 3028 condemnationis
3370 2975 3645 3030 ministra
3658 2981 3804 3042 erat,

2150 3059 2337 3114 multo
2371 3061 2557 3134 magis
2607 3061 2997 3132 consequitur
3025 3067 3092 3116 ut
3121 3062 3180 3116 in
3215 3064 3368 3117 Novo
3430 3065 3803 3120 Testamento

2150 3165 2271 3204 non
2302 3150 2495 3205 solum
2520 3150 2707 3221 gloria
2728 3151 2822 3214 sit,
2857 3151 2960 3207 sed
2987 3152 3162 3206 etiam
3187 3152 3458 3209 excellat.
3495 3155 3806 3222 Nam,«Ex-

2149 3238 2331 3302 cellit,
2369 3261 2395 3289 »
2430 3240 2642 3311 inquit.
2670 3241 2813 3296 Cum
2846 3241 3004 3295 enim
3037 3241 3128 3296 lex
3178 3241 3632 3314 deprehendens
3663 3261 3804 3316 pec-

2148 3334 2396 3397 catores,
2423 3329 2681 3400 puniret,
2721 3329 3063 3400 praedicatio
3095 3337 3436 3401 peccatores
3466 3332 3800 3403 deprehen-

2149 3417 2296 3472 dens
2327 3419 2388 3472 in
2414 3417 2793 3489 baptismate,
2818 3435 2938 3473 non
2970 3419 3148 3475 modo
3173 3420 3302 3476 sine
3327 3437 3500 3491 poma
3530 3421 3796 3490 dimittit,

2147 3523 2282 3562 cum
2315 3512 2514 3562 tamen
2546 3507 2659 3564 hoc
2689 3508 2832 3562 satis
2855 3513 3012 3562 esset
3041 3525 3054 3562 :
3079 3525 3276 3564 verum
3314 3511 3492 3565 etiam
3509 3511 3803 3581 justiﬁcat

2147 3600 2205 3652 et
2235 3595 2586 3662 sanctiﬁcat,
2622 3613 2688 3651 ac
2717 3597 2778 3650 in
2810 3597 3192 3669 ad0ptionem
3216 3603 3404 3666 vocat,
3433 3599 3803 3655 futurorum-

2147 3701 2261 3756 que
2290 3685 2584 3741 bonorum
2619 3702 2781 3757 spem
2814 3685 3126 3756 promittit.
3163 3686 3328 3742 Unde
3351 3689 3526 3741 etiam
3553 3691 3806 3743 Novum-

2143 3774 2581 3830 Testamentum
2596 3781 2766 3830 vocat
2794 3774 3194 3832 ministerium
3217 3775 3650 3845 justitias,0|9
3672 3783 3800 3831 tan-

2146 3879 2324 3934 quam
2359 3862 2575 3934 impios
2599 3861 2960 3932 justiﬂcans.

2214 3983 2240 4010 «
2275 3959 2770 4030 Quandoquidem
2802 3975 2876 4015 ne
2900 3957 3292 4029 gloriﬁcatum
3323 3959 3562 4031 quidem
3596 3961 3726 4019 fuit.
3762 3982 3794 4015 ιι

2139 4051 2210 4106 Et
2235 4050 2377 4120 quid
2413 4048 3052 4118 collationem,inquit.
3075 4047 3228 4104 facio
3260 4049 3398 4105 Novi
3433 4051 3796 4108 Testamenti

2139 4137 2214 4195 ad
2245 4138 2434 4209 legem
2463 4139 2687 4193 BTanta
2719 4143 2808 4192 est
2838 4137 2976 4192 Novi
3035 4139 3393 4194 Testamenti
3439 4141 3796 4200 excellentia.

2138 4242 2205 4281 ac
2235 4226 2513 4299 gloria,ut
2531 4226 2592 4280 in
2611 4225 2720 4281 hac
2737 4231 2903 4297 parte
2916 4225 3486 4292 conferendo,Vetus
3509 4245 3582 4283 ne
3604 4229 3790 4284 ullam

2139 4314 2381 4386 quidem
2413 4313 2682 4369 videatur
2712 4314 2930 4370 habere
2950 4315 3372 4386 gloriam,licet
3391 4317 3788 4388 gloriﬁcatum

2138 4403 2239 4467 sit,
2273 4403 2320 4456 si
2354 4402 2426 4457 ad
2459 4404 2682 4458 Novum
2716 4404 3008 4459 conferas.
3065 4409 3133 4459 Et
3163 4405 3272 4460 hoc
3297 4405 3403 4472 est,
3438 4405 3594 4476 quod
3653 4405 3736 4460 ait
3765 4422 3782 4464 :

364 4494 518 4560 οὖσα,
553 4493 628 4555 ὡς
658 4493 795 4566 πρὸς
854 4491 1266 4557 ἂντιπαράθεσιν
1314 4497 1411 4561 τῆς
1469 4489 1611 4554 νέας.
1649 4516 1676 4544 ‹‹
1723 4493 1810 4549 Ἐν
1837 4493 2014 4566 τούτῳ

2152 4513 2160 4540 τ
2196 4493 2258 4545 In
2291 4491 2400 4547 hac
2442 4497 2632 4562 parte,
2669 4516 2694 4540 n
2745 4509 2961 4565 nempe
3019 4494 3505 4565 comparationis.
3537 4525 3608 4536 -
3636 4496 3780 4551 Nam

359 4587 438 4654 τῷ
473 4583 643 4658 μέρει.
683 4605 711 4632 ››
743 4581 1071 4657 [ΘΕΟΔΩΤ.]
1103 4613 1170 4623 -—-
1219 4582 1466 4651 Τοσαύτη
1523 4581 1624 4655 γάρ
1657 4579 1790 4651 ἐστι,
1823 4583 2011 4662 φησὶν,

354 4673 390 4742 ἦ
421 4677 538 4734 τοῖς
574 4669 846 4734 διακόνοις
877 4674 973 4734 τῆς
1028 4671 1257 4745 χάριτος
1316 4669 1686 4746 προσεσομὲνη
1722 4668 1867 4743 δόξα,
1927 4672 2010 4727 ὅτι

355 4758 480 4816 οὐδὲ
512 4758 669 4830 δόξαν
702 4758 846 4814 εἶ’ποι
875 4780 959 4823 τις
1009 4760 1069 4814 ἂν
1103 4759 1327 4821 εἶ’κότως
1383 4761 1480 4828 τήν
1537 4765 1722 4815 Μωσεῐ
1775 4782 2013 4836 προσγε-

355 4849 610 4922 νομένην,
644 4843 976 4904 ἀποϐλέπων
1007 4849 1081 4910 εἷς
1112 4849 1358 4911 τούτους.
1412 4849 1497 4905 Ἐν
1552 4849 1702 4904 νυκτῖ
1761 4850 1854 4923 μὲν
1907 4851 2008 4926 γὰρ

356 4939 418 4992 τὸ
450 4937 740 5012 λυχνιαῖον
773 4943 910 5015 φῶς,
943 4937 1240 5016 φανότατον
1268 4939 1404 4992 εἶναι
1464 4935 1635 5004 δοκεῖ,
1696 4937 1748 4992 ἐν
1791 4961 2009 5012 μεσημ-

355 5022 483 5102 ϐρίᾳ
522 5025 579 5082 δὶ
617 5028 754 5101 μέσῃ
778 5026 1092 5101 κρύπτεται,
1151 5026 1240 5082 καὶ
1303 5025 1428 5082 οὐδὲ
1489 5032 1604 5091 οῶς
1660 5029 1794 5083 εἶναι
1847 5029 2008 5102 νομί-

354 5120 521 5186 ζεται.
573 5116 679 5173 Τὸν
743 5114 800 5171 δὶ
855 5115 1023 5189 νόμον
1104 5114 1328 5170 ἐκάλεσε
1411 5116 1876 5193 καταργούμενον,
1935 5120 2008 5181 ὡς

347 5203 690 5278 παυσάμενον
748 5209 816 5280 τῇ
876 5208 1121 5279 Χριστοῦ
1163 5205 1454 5277 παρουσίᾳ,
1490 5205 1644 5278 μένον
1702 5203 1757 5260 δὲ
1788 5207 1850 5263 τὸ
1908 5214 2006 5277 τῆς

347 5291 576 5369 ¹Χ.όι’ριτος
636 5293 834 5368 δῶρον,
881 5295 956 5357 ὡς
1010 5293 1070 5348 οὖ
1127 5294 1446 5368 ληψόμενον
1502 5294 1682 5357 τέλος.
1733 5296 1798 5352 Εἰ
1829 5295 2004 5352 τοίνυν

347 5382 577 5450 ἐκεῖνον,
610 5383 764 5461 φησὶ,
810 5384 1082 5459 τετύχηκε
1139 5381 1326 5453 δόξης,
1385 5381 1640 5452 δηλονότι
1694 5386 1780 5440 καὶ
1840 5390 2002 5442 τοῦτο

347 5470 783 5534 πολλαπλασίως
815 5473 1073 5543 τεύξεται.
1112 5499 1138 5524 ι(
1198 5473 1272 5530 Τὸ
1335 5469 1748 5548 δεδοξασμένον.
1786 5501 1813 5527 ››
1873 5477 2002 5532 Οἴον

349 5557 635 5637 ὸνὸμοςό
694 5559 850 5634 δόξαν
890 5555 1034 5638 ἔχων
1093 5559 1182 5618 διὰ
1233 5566 1326 5618 τοῦ
1386 5564 1683 5639 προσώπου
1740 5563 1998 5628 Μωσέως.

2122 4586 2288 4637 tanta
2309 4589 2418 4651 est,
2453 4583 2664 4656 inquit,
2699 4583 2772 4638 ad
2804 4584 3112 4639 ministros
3142 4584 3344 4655 gratim
3377 4582 3642 4639 reditura
3659 4584 3780 4658 glo-

2120 4671 2228 4734 ria,
2263 4677 2328 4726 ut
2355 4673 2569 4728 merito
2602 4689 2796 4744 neque
2827 4672 3075 4744 gloriam
3109 4688 3237 4728 esse
3265 4672 3423 4727 dicat
3455 4672 3774 4746 quispiam,

2120 4786 2250 4825 eam
2283 4788 2415 4841 quas
2444 4775 2645 4828 Mosen
2708 4776 2910 4827 secuta
2941 4777 3050 4837 est,
3087 4771 3134 4825 si
3187 4770 3259 4826 ad
3302 4772 3409 4826 hos
3468 4771 3768 4844 respiciat.

2119 4859 2422 4930 Siquidem
2457 4862 2715 4916 lucernae
2750 4861 2846 4914 lux
2879 4860 2940 4914 in
2965 4865 3138 4916 nocte
3167 4860 3403 4916 videtur
3423 4877 3550 4916 esse
3582 4861 3776 4932 splen-

2118 4948 2577 5005 didissimaatin
2597 4949 2845 5004 meridie
2869 4948 3374 5012 oocultatur,etne
3406 4950 3503 5006 lux
3528 4950 3771 5022 quidem

2117 5053 2246 5093 esse
2277 5039 2669 5094 existimatur.
2707 5039 2916 5110 Legem
2948 5043 3147 5094 autem
3209 5038 3359 5093 dixit
3388 5039 3612 5095 aboleri
3659 5058 3672 5095 :
3703 5045 3771 5096 ut

2117 5145 2248 5199 qua)
2281 5128 2353 5182 ad
2385 5129 2596 5183 Christi
2630 5129 3009 5200 praesentiam
3035 5129 3384 5185 cessaverit:
3419 5131 3620 5202 gratia;
3635 5148 3766 5187 vero

2114 5217 2336 5272 donum
2370 5223 2704 5284 manere,ut
2736 5217 2893 5288 quod
2928 5217 3105 5272 tinem
3134 5235 3253 5274 non
3286 5218 3586 5274 habeat.Si
3622 5235 3757 5291 ergo

2114 5307 2506 5378 illud.inquit,
2543 5309 2817 5363 sortitum
2847 5313 2934 5362 est
2960 5307 3230 5379 gloriam,
3266 5309 3648 5364 manifestum
3681 5313 3770 5362 est

2114 5395 2269 5466 quod
2302 5396 2458 5451 istud
2492 5397 2677 5452 multo
2710 5397 2998 5468 majorem
3021 5399 3360 5453 sortietur.«
3393 5398 3556 5463 Quod
3585 5397 3763 5470 glori-

2112 5484 2353 5539 ticatum
2388 5491 2494 5540 est.
2532 5508 2559 5535 ››
2615 5488 2762 5541 Puta
2790 5485 2887 5540 lex
2918 5504 3048 5557 quas
3079 5487 3330 5560 gloriam
3389 5487 3596 5542 habuit
3652 5502 3759 5557 per

2110 5574 2321 5631 faciem
2355 5576 2517 5632 Mosi.
2554 5599 2580 5626 α
2616 5576 2681 5632 In
2708 5577 2812 5633 hac
2859 5582 3042 5649 parte.
3081 5599 3106 5626 «
3142 5577 3205 5633 In
3247 5581 3412 5649 parte
3447 5589 3758 5646 compara-
