4106 6196
519 377 633 437 951

1590 367 2010 431 mCUMENll
2058 364 2360 425 TlllCC/E
2401 363 2775 426 EPISEOPI.

3819 359 3908 418 952

523 509 705 567 tionis
733 521 834 562 seu
883 502 1220 559 collationis
1249 500 1417 558 nulla
1445 506 1536 557 est
1563 501 1703 555 Mosi
1734 499 1941 574 gloria,
1965 514 2165 570 quau-

2290 517 2307 545 I
2339 496 2431 552 'Ev
2459 495 2640 566 τούτῳ
2669 498 2748 566 τῷ
2781 490 2954 568 μέρει,
2991 515 3019 544 »
3045 493 3131 546 Ἐν
3159 494 3246 561 τῷ
3279 489 3448 562 μέρει
3491 493 3598 555 τῆς
3629 485 3910 562 συγκρίσεως

525 613 701 670 quam
733 593 1096 666 glorificatus
1131 599 1236 647 est.
1283 594 1425 646 Nam
1457 591 1507 644 si
1538 591 1612 645 ad
1653 592 1872 644 Novum
1905 589 2174 644 conferas

523 688 964 742 Testamentum
999 681 1268 751 non,fuit
1291 679 1676 753 gloriﬁcatus.
1711 701 1738 726 ‹‹
1764 680 2010 748 Propter
2038 676 2178 730 emi-

522 779 765 830 nentem
828 771 1096 844 gloriam.
1149 791 1177 819 »
1210 771 1394 835 Quam
1444 768 1623 823 habet
1652 766 1926 822 videlicet
1954 767 2176 820 Novum

523 863 989 917 Testamentum.
1025 885 1050 909 «
1093 860 1315 914 Etenim
1353 859 1398 913 si
1434 857 1591 929 quod
1631 857 1904 912 aboletur
1931 856 2042 910 fuit
2073 871 2177 926 per

525 950 800 1022 gloriam.
830 973 858 1002 »
889 950 1114 1006 Deinde
1145 951 1323 1004 etiam
1359 965 1431 1003 ex
1463 946 1877 1019 permanentia
1919 943 2180 1000 ostendit

528 1041 964 1097 excellentiam.
1000 1042 1143 1095 Nam
1188 1039 1234 1094 si
1271 1039 1384 1106 lex,
1420 1037 1635 1108 inquit,
1697 1053 1826 1107 quze
1883 1033 2178 1091 abolenda

527 1137 740 1188 eratac
771 1137 1091 1186 cessatura.
1127 1146 1231 1200 per
1260 1128 1507 1200 gloriam
1531 1127 1669 1181 data
1698 1130 1806 1191 est,
1840 1125 2026 1180 multo
2059 1141 2180 1179 ma-

527 1220 616 1294 gis
644 1220 866 1275 Novum
899 1221 1338 1274 Testamentum
1375 1216 1534 1288 quod
1566 1231 1799 1286 semper
1828 1214 2178 1270 duraturum

526 1313 638 1376 est,
661 1309 774 1364 erit
813 1310 876 1364 in
906 1307 1267 1380 intelligibili
1300 1306 1508 1378 gloria.

599 1397 820 1462 111,124
834 1401 1131 1469 5.«ltaque
1145 1413 1276 1452 cum
1294 1396 1618 1451 habeamus
1631 1394 1973 1468 hujusmodi
1990 1412 2177 1466 spem,

533 1505 563 1535 «
585 1487 771 1542 multa
793 1487 1064 1542 libertate
1083 1486 1308 1542 utimur
1323 1492 1531 1551 ;etnon
1550 1486 1702 1540 sicut
1720 1487 1905 1538 Moses
1924 1484 2182 1554 ponebat

530 1578 840 1638 «velamen
863 1577 938 1633 ad
958 1575 1169 1631 faciem
1189 1592 1353 1630 suam
1380 1591 1454 1630 ne
1473 1574 1849 1630 intenderent
1870 1573 1974 1627 ﬁlii
1998 1572 2180 1628 Israel

537 1694 558 1723 ι
594 1673 656 1726 in
682 1669 864 1724 ﬁnem
897 1668 1027 1737 ejus
1050 1664 1208 1736 quod
1229 1663 1517 1720 aboletur.
1554 1662 1664 1718 Sed
1713 1663 1993 1718 obcaecati
2043 1666 2184 1717 sunt

531 1784 558 1814 «
584 1775 794 1816 sensus
815 1756 1076 1811 illorum.
1111 1756 1251 1810 Nam
1298 1771 1484 1824 usque
1519 1753 1592 1807 ad
1616 1752 1774 1807 diem
1825 1752 2178 1806 hodiernum

2281 583 2367 639 καὶ
2429 585 2800 658 παραθέσεως,
2861 581 2960 638 οὐκ
3015 579 3126 636 ἔστι
3209 576 3356 648 δόξα
3413 579 3519 630 τοῦ
3580 577 3836 636 Μωϋσέως
3879 579 3908 632 εί

2281 677 2372 732 καὶ
2417 674 2698 746 ἐδοξάσθη.
2763 677 2843 734 Ού
2897 675 2998 750 γὰρ
3049 671 3403 743 δεδόξασται,
3467 668 3515 724 εἷ
3577 669 3820 742 συγκρίνᾳ
3862 674 3910 743 τῇ

2284 771 2396 842 νέᾳ.
2461 795 2486 820 ‹‹
2546 771 2761 826 Ἕνεκεν
2839 775 2940 838 τῆς
3003 761 3485 836 ὑπερϐαλλούσης
3559 759 3735 830 δόξης,
3791 785 3814 810 υ
3866 763 3910 828 ἦν

2283 861 2425 942 ἔχει,
2457 863 2736 918 τουτέστιν
2768 865 2802 932 ἡ
2835 863 2940 916 νέα
2980 885 3007 910 «
3041 859 3101 917 Εἰ
3134 859 3238 936 γὰρ
3272 857 3342 912 τὸ
3385 856 3817 929 καταργούμενον
3852 853 3916 908 διὶ

2286 940 2466 1024 δόξης.
2507 977 2534 1003 ››
2567 952 2698 1009 Εἶτα
2727 951 2817 1006 καὶ
2851 949 2909 1005 ἐκ
2937 953 3032 1004 τοῦ
3067 948 3316 1020 μονίμου
3354 943 3604 1000 δείκνυσι
3645 945 3740 1009 την
3768 940 3916 1020 διαφο-

2287 1045 2402 1117 ράν.
2465 1041 2527 1099 Εἰ
2585 1041 2688 1116 γὰρ
2748 1042 2775 1095 ὁ
2833 1039 3239 1113 καταργεῖσθαι,
3307 1035 3480 1116 φησί.
3562 1033 3653 1087 καὶ
3703 1033 3916 1088 παύεσθαι

2293 1129 2514 1205 μέλλων
2547 1130 2738 1204 νόμος,
2772 1127 2863 1184 διὰ
2893 1127 3053 1199 δόξης
3079 1125 3269 1198 ἐδόθη.
3328 1125 3517 1180 πόσον
3578 1121 3780 1196 μᾶλλον
3805 1124 3833 1190 ἡ
3860 1123 3914 1176 ἀεὶ

2286 1222 2421 1276 οὖσα
2452 1221 2539 1276 καὶ
2576 1220 2805 1293 ἐσομένη
2837 1221 2932 1273 νέα
2961 1215 3104 1273 ἔσται
3135 1215 3186 1272 έν
3215 1217 3409 1288 νοητῇ
3451 1211 3610 1286 δόξῃ.

2359 1417 2618 1486 Ἔχοντες
2673 1409 2766 1465 οὖν
2820 1409 3076 1480 τοιαύτην
3161 1403 3395 1475 ἐλπίδα,
3474 1402 3670 1475 πολλῇ
3745 1402 3916 1476 παρρη-

2289 1499 2378 1570 σίᾳ
2425 1500 2712 1578 χρώμεθα,
2766 1497 2853 1552 καὶ
2914 1498 2978 1552 οὐ
3035 1497 3274 1571 καθάπερ
3335 1497 3598 1562 Μωϋσῆς
3660 1490 3798 1559 ἐτίθη
3846 1492 3916 1544 κά.

2290 1584 2487 1661 λυμμα
2533 1588 2619 1642 ἐπὶ
2671 1589 2735 1643 τὸ
2793 1586 3085 1658 πρόσωπον
3143 1585 3316 1640 αὐτοῦ
3376 1584 3522 1658 πρὸς
3584 1581 3647 1636 τὸ
3709 1584 3776 1653 μή
3830 1581 3914 1635 ἀτε-

2289 1675 2432 1731 νίσαι
2527 1678 2653 1738 τοὺς
2738 1676 2889 1736 υἱοὺς
2965 1672 3186 1750 Ἰσραὴλ
3276 1674 3362 1735 εἷς
3454 1673 3522 1727 τὸ
3612 1668 3768 1730 τέλος
3847 1672 3916 1722 τοῦ

2290 1767 2756 1842 καταργουμένου,
2793 1762 2921 1820 ἀλλ’
2980 1765 3248 1838 ἐπωρώθη
3307 1762 3384 1816 τὰ
3443 1761 3701 1832 νοήματα
3753 1758 3911 1813 αὐτῶν.

531 1850 846 1906 «velamen
870 1846 930 1900 in
951 1845 1206 1899 lectione
1223 1842 1445 1899 Veteris
1459 1842 1816 1897 Testamenti
1831 1848 2178 1904 manet,non

2290 1856 2457 1930 Ἀχρι
2498 1856 2599 1928 γὰρ
2649 1861 2747 1923 τῆς
2805 1856 3043 1928 σήμερον
3099 1853 3160 1906 τὸ
3217 1851 3360 1906 αὐτὸ
3420 1847 3703 1921 κάλυμμα
3745 1846 3821 1901 ἐπὶ
3865 1850 3912 1916 τῇ

530 1963 557 1990 ‹‹
582 1939 902 2001 detectum,
928 1933 1083 2006 quod
1124 1950 1230 2005 per
1263 1933 1558 1987 Christum
1608 1931 1948 1997 aboleatur;
1983 1931 2084 1985 sed
2101 1931 2174 1985 ad

528 2051 557 2080 «
590 2029 749 2085 hunc
783 2041 970 2095 usque
1005 2024 1161 2079 diem
1212 2038 1346 2077 cum
1405 2021 1620 2093 legitur
1668 2023 1876 2090 Moses,
1905 2020 2174 2076 velamen

527 2142 554 2170 «
591 2132 770 2190 super
799 2131 902 2171 cor
941 2113 1183 2168 illorum
1214 2111 1474 2182 ponitur.
1512 2133 1538 2159 »

599 2295 891 2363 Quoniam
924 2291 1264 2348 auditorum
1298 2289 1619 2345 infirmitas
1641 2305 1761 2344 non
1785 2288 2019 2344 videbat
2036 2289 2180 2343 Novi

526 2383 884 2444 Testamenti
916 2381 1167 2454 gloriam
1219 2379 1435 2450 (neque
1485 2379 1645 2433 enim
1677 2378 1977 2433 sensibilis
2007 2380 2176 2447 erat),

531 2476 636 2532 sed
667 2473 739 2531 ad
775 2489 903 2527 eam
941 2470 1088 2525 bene
1121 2469 1334 2523 affecta
1355 2474 1498 2533 erat,
1550 2467 1623 2522 ad
1647 2467 1911 2522 futurum
1946 2473 2179 2538 tempus

529 2567 692 2637 ipsos
725 2561 1011 2617 remittit:
1046 2559 1178 2614 ideo
1229 2574 1464 2629 quoque
1518 2558 1643 2628 spei
1700 2558 1972 2612 meminit
2025 2558 2178 2612 820

533 2675 562 2705 «
591 2650 941 2725 Hujusmodi
976 2665 1164 2720 spem,
1199 2671 1226 2697 ››
1254 2647 1467 2717 inquit.
1499 2647 1870 2717 Hujusmodi,
1905 2645 2182 2717 qualem?

529 2741 696 2810 Quod
725 2757 832 2794 nos
856 2739 1085 2810 majora
1110 2736 1515 2808 acceperimus
1538 2753 1714 2807 quam
1734 2741 1898 2792 vetus
1927 2736 2181 2808 populus

532 2829 914 2887 Israeliticus.
957 2847 977 2876 ι
1013 2827 1192 2882 Multa
1222 2826 1490 2881 libertate
1540 2826 1787 2880 utimur.
1821 2847 1849 2875 »
1903 2825 2180 2890 Quando-

537 2919 780 2994 quidem
811 2919 988 2990 igitur
1009 2934 1117 2972 nos
1132 2916 1268 2970 Novi
1292 2915 1650 2970 Testamenti
1674 2915 1932 2970 ministri
1955 2915 2184 2987 majora

534 3009 896 3082 accepimus,
930 3006 1418 3079 praedicationem
1450 3021 1584 3060 cum
1639 3021 1852 3077 magna
1908 3005 2182 3060 libertate

533 3099 950 3173 praedicamus,
983 3096 1134 3151 nihil
1169 3095 1534 3152 occultantes
1564 3111 1758 3164 neque
1791 3095 2042 3158 remissi,
2075 3111 2182 3150 ne-

533 3205 648 3261 que
679 3188 846 3243 veriti
889 3203 962 3241 ne
1005 3191 1259 3242 vestram
1309 3185 1708 3256 percutiamus
1758 3184 2182 3239 conscientiam

531 3272 2186 3350 propterprzedicationisabsurditatem,quemadmodum

537 3367 725 3418 Moses
784 3362 1034 3417 feriebat
1090 3368 1364 3432 aspectus
1433 3362 1790 3417 Judaaorum.
1853 3363 1964 3417 Vos
2024 3363 2183 3418 enim

536 3451 1047 3522 pulchritudinem
1103 3467 1232 3520 qua)
1282 3455 1372 3504 est
1417 3450 1476 3503 in
1535 3450 1955 3520 praedicatione
1986 3451 2181 3506 videre

536 3538 785 3611 potestis
821 3554 833 3592 :
869 3544 932 3592 ut
964 3554 1344 3608 nequaquam
1393 3537 1690 3592 feriamini
1722 3539 2044 3605 intuentes,
2077 3557 2182 3594 ne-

531 3643 646 3702 que
681 3632 900 3692 mente,
944 3642 1136 3698 neque
1191 3626 1551 3693 iutelligibili
1610 3633 1870 3696 aspectu.
1907 3650 1932 3678 α
1963 3630 2032 3682 Et
2061 3645 2180 3684 non

529 3722 685 3779 sicut
723 3721 927 3775 Moses.
970 3741 995 3765 ››
1056 3721 1136 3771 Ac
1197 3717 1241 3770 si
1297 3717 1588 3788 quispiam
1648 3716 1927 3772 dixisset:
1991 3718 2181 3782 Quare

529 3817 732 3883 aperte
790 3806 1126 3880 [medicatis
1183 3811 1240 3860 et
1299 3821 1418 3861 non
1480 3805 1541 3858 in
1599 3805 1840 3859 modum
1872 3805 2181 3862 velaminis

533 3897 946 3957 obumbrando
980 3895 1294 3967 loquimini
1327 3895 1355 3950 ?
1382 3897 1571 3960 Quare
1592 3895 1619 3950 ‘?
1650 3896 1914 3951 Primum
1937 3896 2180 3967 quidem

461 3999 468 4006 '
530 3989 900 4044 confidentes
931 3986 992 4040 in
1016 3986 1269 4057 puritate
1296 3984 1735 4056 praedicationis
1761 4003 1774 4052 ;
1799 3985 2011 4041 deinde
2044 3987 2183 4056 quia

535 4094 635 4133 vos
667 4092 901 4147 quoque
931 4075 1127 4130 videre
1159 4074 1405 4146 potestis
1454 4090 1585 4130 eam
1635 4091 1766 4146 quae
1800 4075 1860 4129 in
1896 4075 2183 4147 praedica-

532 4167 696 4222 tione
728 4171 816 4221 est
846 4163 1372 4236 pulchritudinem.
1408 4165 1604 4234 Neque
1653 4165 1810 4219 enim
1861 4165 2039 4220 veluti
2073 4166 2184 4234 .Ju—

537 4255 644 4314 diri
679 4254 985 4311 caecutitis.
1017 4255 1245 4319 Quanto
1277 4253 1438 4308 enim
1484 4253 1705 4310 Novum
1736 4255 2179 4309 Testamentum

535 4347 730 4417 majus
761 4350 869 4411 est,
899 4349 1062 4398 tanto
1090 4359 1325 4414 quoque
1361 4344 1551 4413 major
1580 4351 1670 4398 est
1695 4345 2047 4401 excellentia
2079 4363 2180 4400 eo-

533 4451 668 4491 rum
703 4434 805 4506 qui
837 4433 1146 4488 docentur.
1185 4454 1211 4482 ‹‹
1239 4431 1322 4486 Ne
1371 4431 1752 4488 intenderent
1782 4435 1888 4488 filii
1915 4435 2114 4490 Israel.
2151 4456 2180 4483 »

539 4525 612 4581 Ut
641 4523 888 4578 intentis
919 4521 1135 4593 inquit,
1169 4519 1354 4575 oculis
1386 4521 1447 4574 in
1495 4521 1706 4576 faciem
1735 4523 1864 4594 ejus
1893 4540 2012 4579 non
2044 4541 2179 4595 per-

2279 1945 2580 2018 ἀναγνώσει
2638 1951 2738 2013 τῆς
2797 1942 3040 2006 Ῑιαλαιᾶς
3088 1943 3376 2011 Διαθήκης
3475 1938 3629 2011 μένει
3692 1939 3760 2010 μή
3824 1937 3912 1990 ἀνα.

2279 2033 2723 2107 καλυπτόμενον,
2783 2032 2866 2088 ὅτι
2951 2031 3001 2086 ἐν
3057 2034 3275 2106 Χριστῷ
3357 2033 3739 2104 καταργεῖται.
3791 2023 3912 2081 Ἀλλ’

2280 2119 2384 2184 ἕως
2421 2124 2660 2195 σήμερον
2695 2121 2852 2191 ἡνίκα
2882 2121 3324 2196 ἀναγινώσκηται
3390 2120 3631 2185 Μωσῆς,
3693 2113 3909 2185 κάλυμμα

2283 2213 2370 2271 ἐπὶ
2401 2216 2500 2284 τήν
2532 2210 2755 2289 καρδίαν
2788 2211 2964 2268 αὐτῶν
2996 2216 3191 2267 κεῖται.

2352 2307 2366 2335 γ
2562 2305 2576 2322 \
2608 2287 2615 2289 -
2683 2303 2697 2319 κ
2775 2302 2788 2314 α
2924 2303 2941 2320 κ
3065 2305 3091 2316 ι-
3228 2298 3242 2318 ν
3446 2301 3476 2313 ~
3632 2295 3646 2315 9
3759 2287 3809 2313 ’19
3866 2311 3908 2322 -_

2377 2301 2583 2373 Επειδη
2643 2325 2706 2359 το
2765 2313 2979 2366 ασθενες
3027 2323 3132 2356 των
3219 2319 3522 2371 ακροατων
3587 2315 3688 2350 ουκ
3757 2290 3909 2381 solet:

2282 2397 2381 2464 τὴν
2444 2393 2600 2466 δόξαν
2654 2401 2754 2464 τῆς
2811 2394 2948 2456 Νέας
3010 2392 3096 2465 (ού
3181 2392 3288 2468 γὰρ
3353 2392 3424 2460 ἧν
3490 2389 3768 2455 αἰσθητὴ),
3818 2384 3896 2440 ἀλλ

2287 2485 2524 2560 ἷλιγγία,
2581 2486 2658 2546 εἰς
2739 2485 2831 2538 τὸν
2923 2481 3195 2555 μέλλοντα
3253 2481 3467 2556 χρόνον
3534 2478 3728 2537 αὐτοὺς
3776 2495 3909 2548 παρα-

2286 2575 2513 2646 πέμπει.
2549 2573 2643 2628 Διὸ
2673 2575 2764 2629 καὶ
2798 2571 3023 2634 ἐλπίδος
3086 2570 3390 2646 μέμνηται.
3432 2594 3463 2622 ‹‹
3524 2567 3804 2633 Τοιαύτην,
3831 2585 3909 2639 οη-

2285 2663 2388 2730 σῗνν
2420 2661 2640 2720 ἐλπίδα.
2683 2689 2700 2712 ι
2737 2662 3034 2733 Τοιαύτην,
3066 2661 3230 2716 ποίαν
3263 2679 3276 2729 ;
3315 2659 3408 2715 ὅτι
3476 2656 3739 2732 μειζόνων
3783 2656 3906 2723 ἡμεῖς

2286 2753 2624 2824 ἠξιώθημεν,
2657 2753 2692 2821 ἢ
2746 2753 2774 2806 ὁ
2827 2752 2998 2806 παλαι
3058 2747 3302 2820 Ἰσραήλ,
3347 2774 3370 2799 ιι
3420 2744 3623 2818 Πολλῇ
3680 2741 3906 2817 παῤῥηπῖᾳ

2289 2842 2578 2912 χρώμεθα.
2615 2864 2643 2892 ››
2677 2841 2831 2896 Ἐπεὶ
2864 2838 2954 2894 οὖν
2997 2839 3258 2912 μειζόνων
3317 2841 3494 2912 ἡμεῖς
3555 2835 3606 2890 οἱ
3662 2837 3754 2897 τῆς
3803 2830 3904 2888 Νέας

2290 2927 2536 2984 διάκονοι
2589 2929 2926 3000 ἠξιώθημεν,
2988 2930 3122 3000 μετά
3199 2926 3522 3003 παρῥησίας
3578 2926 3641 2978 τὸ
3693 2923 3904 2995 κήρυγμα

2286 3019 2660 3091 κηρύσσομεν,
2692 3015 2844 3072 οὐδὲν
2884 3017 3350 3091 ἀποκρύπτοντες,
3417 3012 3549 3070 οὐδὲ
3608 3006 3901 3067 ἀποστελλό-

2293 3127 2466 3181 μενοι,
2498 3104 2621 3162 ούδέ
2651 3102 2956 3168 δεδοικότες
2990 3107 3066 3178 μή
3108 3104 3412 3176 πλήξωμεν
3449 3104 3606 3176 ὑμῶν
3661 3102 3751 3167 την
3804 3118 3896 3150 συν-

2225 3231 2267 3296 C
2297 3193 2500 3266 εἴδησιν
2537 3193 2626 3250 διὰ
2656 3195 2752 3263 τήν
2796 3193 3018 3249 ἀτοπίαν
3074 3198 3170 3248 τοῦ
3216 3195 3602 3268 κηρύγματος,
3661 3187 3819 3258 ὥσπερ
3880 3184 3900 3235 ὁ

2296 3290 2345 3296 --
2439 3291 2464 3296 _
2561 3282 2646 3296 ..ς
2897 3284 2910 3296 .
3060 3287 3086 3296 -
3190 3283 3227 3296 ..
3305 3279 3330 3296 ς
3384 3282 3396 3296 ,
3755 3277 3895 3296 ο..

2295 3290 2498 3353 Μωσῆς
2559 3282 2798 3354 ἔπληττε
2853 3284 2949 3344 τὰς
3019 3287 3127 3337 τῶν
3190 3279 3478 3338 Ἰουδαίων
3536 3277 3701 3353 ὄψεις.
3755 3277 3895 3345 Ὑμεῖς

2289 3374 2390 3449 γὰρ
2424 3371 2556 3428 ἰδεῖν
2596 3373 2658 3428 τὸ
2716 3372 2834 3426 ἐνὸν
2888 3375 2969 3442 τῷ
3029 3369 3348 3445 κηρύγματι
3417 3366 3636 3428 καλλος
3693 3362 3896 3423 δύνασθε,

2290 3461 2379 3516 καὶ
2415 3462 2513 3516 ούκ
2545 3459 2604 3515 ἄν
2655 3457 2957 3536 πληγείητε
3015 3459 3247 3531 ὁρῶντες
3303 3455 3439 3513 οὐδὲ
3507 3457 3598 3511 τὸν
3644 3457 3753 3507 νοῦν
3802 3446 3895 3502 οὐδὲ

2289 3551 2383 3612 τᾶς
2411 3553 2608 3619 νοητὰς
2641 3546 2820 3624 ὄψεις.
2863 3574 2889 3600 ‹‹
2930 3549 3023 3604 Καὶ
3058 3547 3118 3602 οὐ
3174 3547 3418 3622 καθάπερ
3478 3550 3727 3611 Μωϋσῆς.
3762 3564 3783 3590 η
3825 3536 3896 3592 Διά

2289 3639 2342 3693 τί
2375 3636 2454 3705 δέ,
2487 3640 2559 3700 ὡς
2610 3641 2657 3693 εἱ
2711 3637 2830 3693 εἶπέ
2883 3659 2987 3707 τις,
3045 3635 3578 3709 ἀνακεκαλυμμένως
3626 3630 3889 3705 κηρύσσετε.

2289 3726 2377 3782 καὶ
2417 3727 2478 3782 ού
2536 3725 2694 3799 δίκην
2751 3725 3114 3801 καλύμματος
3174 3724 3611 3798 ἐπεσκεασμένως
3667 3718 3888 3780 λαλεῖτεί

2293 3818 2392 3871 Διά
2420 3815 2472 3872 τί
2503 3835 2515 3884 ;
2552 3819 2773 3889 Ηρῶτον
2812 3817 2907 3890 μὶν
2939 3815 3262 3892 θαρῥοῦντες
3293 3821 3376 3888 τῷ
3435 3816 3653 3888 καθαρῷ
3681 3811 3765 3864 τοῦ
3812 3825 3888 3871 κη·

2293 3904 2592 3981 ρύγματος,
2624 3899 2808 3959 ἔπειτα
2840 3906 2922 3959 ὅτι
2959 3905 3116 3976 ὑμεῖς
3149 3904 3238 3958 καὶ
3271 3902 3406 3959 ἰδεῖν
3444 3901 3663 3957 δύνασθε
3699 3898 3753 3951 τὸ
3800 3892 3886 3947 ἐνὸν

2290 3998 2370 4064 τῷ
2400 3991 2978 4068 κηρύγματικαλλος.
3036 3993 3113 4051 Ού
3171 3994 3274 4068 γὰρ
3333 3992 3423 4048 ἷ’σα
3483 3988 3750 4050 Ἰουδαίοις
3803 3982 3883 4051 ἀμ·

2291 4077 2622 4140 ϐλυώττετε,
2656 4084 2807 4153 ’Ὁσῳ
2859 4081 2962 4158 γὰρ
3023 4083 3056 4152 ἠ
3117 4083 3207 4137 νέα
3268 4085 3496 4155 μείζων,
3555 4076 3779 4145 τοσούτῳ
3821 4069 3888 4124 καὶ

2288 4177 2396 4226 τῶν
2425 4173 2882 4244 μαθητευομένων
2917 4172 2978 4226 τὸ
3012 4169 3294 4247 διάφορον.
3330 4197 3358 4223 α
3395 4174 3540 4247 Πρὸς
3594 4170 3652 4223 τὸ
3684 4167 3749 4239 μή
3796 4161 3883 4214 ἀτε-

2289 4263 2436 4316 νίσαι
2465 4261 2592 4324 τοὺς
2624 4261 2772 4323 υἱοὺς
2807 4260 3050 4337 Ἰσραήλ.
3089 4286 3116 4314 ››
3148 4265 3310 4318 Ὥστε
3373 4265 3452 4336 μή
3512 4259 3755 4321 ἀτενίσαι,
3802 4271 3886 4328 Ῡτι·

2292 4350 2398 4419 σῖν,
2461 4350 2540 4412 εἰς
2595 4351 2658 4405 τὸ
2698 4349 2989 4424 πρόσωπον
3053 4350 3237 4420 αὐτοῦ,
3296 4352 3358 4406 τὸ
3417 4347 3771 4422 καταργεῖσθαι
3818 4336 3883 4391 καὶ

2289 4440 2547 4496 παύεσθαι
2593 4439 2796 4514 μέλλον
2830 4439 2936 4495 ἀπὸ
2966 4446 3064 4508 τῆς
3099 4437 3282 4513 δόξης.
3321 4440 3657 4513 Βουλόμενος
3680 4431 3729 4488 δέ
3755 4427 3881 4494 δεξαι

2292 4527 2689 4604 ὀλιγοχρόνιον
2721 4531 2819 4600 τήν
2851 4526 3005 4602 δόξαν
3057 4528 3290 4600 ἐκείνην,
3341 4532 3418 4596 ὡς
3474 4529 3602 4604 πρὸς
3661 4521 3880 4595 σύγκρισιν

539 4613 839 4686 spicerent
869 4610 929 4666 id
960 4610 1118 4682 quod
1144 4614 1513 4665 cessaturum
1545 4617 1672 4666 erat
1723 4629 1791 4667 ac
1822 4612 2181 4668 abolendum

2291 4628 2394 4692 τῆς
2419 4623 2498 4677 ἀεὶ
2542 4623 2809 4696 μενούσης
2841 4621 2892 4677 ἐν
2937 4625 3006 4694 τῇ
3065 4621 3153 4694 νέᾳ
3211 4620 3366 4699 δόξῃ,
3425 4622 3607 4704 φησὶν,
3662 4641 3686 4668 ‹‹
3736 4606 3876 4672 Ei:ta

538 4703 611 4759 ab
643 4719 712 4758 ea
741 4701 948 4775 gloria.
979 4699 1191 4755 Volens
1245 4705 1444 4754 autem
1477 4699 1788 4756 ostendere
1833 4701 2024 4756 brevis
2055 4719 2185 4757 esse

537 4792 824 4864 temporis
835 4791 1083 4864 gloriam
1100 4791 1578 4862 illam,quantum
1593 4791 1665 4846 ad
1681 4794 2188 4864 comparationem

541 4881 741 4954 gloriae
765 4899 893 4952 quin
918 4897 1152 4952 semper
1176 4876 1446 4936 maneret
1467 4881 1526 4935 in
1547 4883 1719 4946 Novo,
1742 4883 1824 4936 ait
1849 4887 1979 4949 ;«ln
2005 4883 2185 4939 ﬁnem

541 4970 671 5042 ejus
730 4969 888 5040 quod
937 4970 1226 5039 aboletur,
1265 4994 1291 5021 ››
1355 4987 1422 5026 ac
1481 4971 1530 5025 si
1589 4972 1846 5027 diceret:
1891 4972 2033 5027 Cum
2066 4990 2186 5029 non

540 5058 844 5133 potuerint
873 5059 932 5114 in
980 5059 1228 5132 gloriam
1279 5059 1588 5116 intendere
1644 5061 1945 5122 lsraelitze.
1980 5079 2185 5120 conse-

543 5163 734 5221 quens
764 5153 853 5201 est
880 5153 948 5204 ut
991 5147 1169 5203 ﬁnem
1211 5149 1424 5204 habeat
1470 5167 1537 5206 ac
1586 5157 1776 5206 cesset
1819 5151 1923 5207 illa
1953 5151 2182 5224 gloria:

544 5255 675 5311 qum
707 5236 856 5293 adeo
883 5237 1074 5292 brevis
1095 5244 1222 5294 erat
1248 5240 1553 5311 temporis.
1587 5247 1651 5296 ut
1706 5242 1884 5296 simul
1938 5249 1997 5296 et
2025 5244 2188 5298 ince-

541 5329 697 5400 perit
728 5333 786 5383 et
815 5327 1165 5382 cessaverit:
1202 5344 1394 5398 neque
1421 5335 1617 5385 tamen
1658 5331 1718 5387 in
1748 5332 1934 5394 illam,
1969 5333 2184 5403 inquit,

545 5419 808 5491 aspicere
865 5423 1205 5489 potuerunt,
1238 5418 1386 5473 adeo
1432 5427 1600 5475 erant
1631 5421 1976 5478 imbecilles.
2018 5444 2037 5470 ι
2075 5423 2189 5480 Sed

546 5507 824 5565 obcaecati
859 5511 997 5562 sunt
1027 5523 1236 5562 sensus
1271 5506 1528 5563 illorum.
1568 5531 1594 5557 ››
1629 5511 1746 5566 Hoc
1777 5517 2189 5579 est,exczecata

549 5603 639 5655 est
671 5614 839 5654 mens
871 5597 1134 5665 illorum,
1168 5597 1347 5670 idque
1379 5598 1548 5665 adeo,
1582 5605 1646 5656 ut
1671 5616 1790 5657 non
1822 5607 1964 5659 tunc
1996 5604 2187 5659 solum

546 5687 689 5746 Iosi
721 5684 964 5761 gloriam
1001 5687 1195 5745 videre
1226 5705 1346 5746 non
1405 5690 1727 5763 potuerint,
1768 5692 1872 5751 sed
1900 5708 1974 5748 ne
2027 5709 2189 5752 nunc

2295 4711 2454 4774 τέλος
2481 4717 2578 4768 τοῦ
2608 4712 3072 4788 καταργουμένου,
3109 4737 3138 4765 ››
3170 4713 3245 4774 ὡς
3304 4714 3348 4768 εἰ
3407 4696 3608 4786 ἔλεγεν·
3638 4707 3776 4763 Ὅταν
3802 4696 3875 4752 οὐκ

2294 4800 2563 4872 ἠδύναντο
2603 4800 2834 4856 ἀτενίσαι
2896 4806 2964 4875 τῇ
3025 4798 3152 4876 δόξῃ
3217 4803 3266 4856 οἱ
3319 4800 3666 4873 Ἰσραηλίταιν
3720 4787 3871 4876 λοιπὸν

2296 4889 2454 4952 τέλος
2488 4891 2606 4964 εἶχε
2633 4891 2723 4945 καὶ
2757 4889 3025 4946 ἐπαύσατο
3058 4892 3090 4961 ἠ
3127 4889 3253 4962 δόξα
3311 4892 3507 4961 ἐκείνη.
3567 4886 3734 4946 Οὕτως
3780 4873 3870 4930 ὀλί⁴

2294 4981 2591 5059 γοχρόνιος
2615 4981 2704 5049 ἦν’
2739 4980 2811 5041 ὡς
2851 4980 2966 5052 ἃμα
3026 4984 3105 5052 τῷ
3161 4979 3417 5056 ἄρξασθαι
3473 4978 3557 5035 καὶ
3611 4967 3868 5059 παύσασθαι.

2295 5068 2456 5124 Ἀλλ’
2487 5065 2616 5124 οὐδὲ
2649 5068 2724 5129 εἰς
2778 5067 3012 5140 ἐκείνην,
3075 5069 3258 5148 φησῖν,
3309 5068 3441 5126 ἰδεῖν
3498 5065 3756 5138 ἠδύναντο,
3803 5050 3872 5106 οὖσ

2295 5180 2404 5220 τως
2444 5161 2578 5228 ἦσαν
2636 5159 2891 5220 ἀσθενεῖς.
2927 5181 2956 5210 ι(
3016 5157 3176 5216 Ἀλλ’
3231 5158 3495 5233 ἐπωρώθη
3569 5154 3631 5210 τὰ
3676 5148 3869 5242 Vinii”?

2300 5247 2495 5305 αὐτῶν.
2556 5271 2584 5299 ››
2641 5247 2944 5313 Τουτέατιν,
3004 5246 3272 5321 ἐπωρώθη
3332 5249 3509 5306 αὐτῶν
3562 5245 3588 5300 ὁ
3639 5242 3867 5321 νοῦςσικαί

2297 5341 2581 5404 τοσοῦτον,
2642 5335 2724 5390 ὅτι
2784 5336 2846 5390 ού
2909 5337 3075 5406 μόνον
3129 5337 3253 5392 τότε
3319 5340 3419 5408 την
3482 5330 3705 5394 Μωσέως
3751 5315 3863 5408 δέξειν

2297 5425 2428 5482 ἰδεῖν
2455 5427 2554 5481 οὔκ
2587 5424 2797 5500 ἴσχυον,
2840 5423 2969 5481 ἀλλ’
3002 5423 3126 5482 οὐδὲ
3155 5431 3245 5482 νῦν
3283 5429 3350 5483 τὰ
3405 5425 3456 5484 ἐν
3509 5427 3582 5496 τῷ
3609 5419 3741 5490 νόμῳ
3767 5406 3861 5462 Ῐδεῖν

2298 5516 2582 5592 ἰσχύουσιν
2615 5517 2691 5576 ὠς
2724 5518 2858 5590 χρή.
2910 5517 3080 5591 ’Ἀχρι
3132 5517 3254 5592 γὰρ,
3308 5519 3461 5598 φησὶ⁹
3512 5520 3602 5583 τῆς
3653 5507 3858 5591 σήμερον,

2295 5607 2358 5662 τὸ
2390 5606 2521 5660 αὐτὸ
2551 5605 2676 5679 παρ’
2708 5604 2894 5665 αὐτοῖς
2925 5603 3192 5677 κάλυμμα
3223 5603 3340 5681 ἔχει
3387 5607 3420 5676 ἠ
3479 5604 3744 5676 ἀνάγνωσις
3785 5599 3857 5637 τοι)

2295 5696 2487 5770 νόμου.
2543 5677 2744 5772 Ὥσπερ
2801 5692 2904 5773 γὰρ
2960 5677 3380 5770 κεκαλυμμένης
3433 5697 3527 5766 τῆς
3568 5677 3850 5760 άνατνώσιω(

4000 5647 4004 5754 Ι
