4158 6194
396 322 515 384 953

1357 316 1769 381 COMMENT.
1814 318 1892 379 IN
1940 316 2185 379 EPlSl‘.
2231 320 2289 382 ΙΙ
2336 324 2439 382 AD
2482 323 2855 387 CORINTH.

3687 335 3807 396 954

391 451 453 508 οὐ
484 447 739 506 δύνανται
773 446 906 505 ἰδεῖν
954 448 1021 505 τὰ
1087 448 1140 505 ἰν
1197 448 1354 526 αὖτῇ,
1416 448 1545 507 οὐδὲ
1600 454 1802 528 γνῶναι
1857 447 1942 505 ὅτι
1992 446 2036 504 ἐν

2161 453 2402 523 quidem
2434 472 2503 512 ea
2532 473 2663 528 quas
2696 458 2756 513 in
2814 459 2940 531 lege
3001 465 3140 519 sunt
3196 461 3391 518 videre
3447 471 3699 535 possunt
3736 469 3808 524 ἰιι

398 551 623 624 Χριστῷ
648 552 997 625 καταργεῖται
1044 545 1136 601 καὶ
1190 545 1417 600 παύεται
1447 545 1691 619 ὁνόμος.
1752 547 1865 601 Ποῦ
1922 544 2049 622 γᾶρ,

395 637 545 694 εἴποι
582 658 690 704 τις,
731 640 896 692 τοῦτο
953 630 1071 712 ἔχει
1126 635 1155 689 6
1206 635 1399 707 νόμος,
1451 635 1533 690 ὅτι
1578 633 1631 690 ἐν
1685 636 1903 708 Χριστῷ
1958 632 2049 688 καὶ

397 725 486 783 διὰ
518 728 703 798 Ἰησοῦ
731 727 1199 801 καταργηθήσεται
1234 742 1250 793 ;
1309 723 1414 781 Καὶ
1472 723 1630 787 αὐτὸς
1694 725 1786 797 μὶν
1822 724 1849 778 6
1875 724 2048 798 νόμος

389 815 565 896 φησίν.
605 814 786 871 Εῗπὼν
818 816 918 889 γὰρ
950 812 1055 878 ὅτι,
1091 837 1120 867 ‹‹
1152 813 1472 885 Ἀναστήσει
1512 814 1636 887 ὑμῖν
1669 815 1981 888 προφήτην,
2014 837 2034 865 ε

392 904 681 983 ἐπήγανεν,
712 927 741 956 ‹‹
777 902 957 960 Αὐτοῦ
1006 902 1296 958 ἀκούσεσθε
1362 907 1647 957 πανοτιοῦν
1698 900 1980 977 λέγοντος·
2018 923 2044 954 ε

390 994 546 1074 φησὶ,
578 992 674 1049 κᾶν
711 990 1018 1048 ὑπεναντίον
1045 991 1173 1067 εἴπῃ
1227 995 1325 1047 τοῦ
1381 991 1577 1064 νόμου,
1634 993 1758 1065 περὶ
1811 989 2048 1063 Χριστοῦ

398 1082 599 1158 λέγων.
633 1082 808 1145 Αὐτός
841 1078 1014 1137 δὲκαὶ
1068 1080 1137 1136 τὰ
1196 1075 1451 1137 Σάϐϐατα
1507 1078 1686 1150 ἔλυσε,
1737 1080 2044 1157 θεραπεύων

387 1173 438 1228 ἐν
466 1172 679 1234 αὐτοῖς.
712 1171 808 1227 Καὶ
860 1168 1260 1226 ἑπιδιετάσσετὸ
1317 1192 1457 1240 τινα,
1516 1170 1591 1231 ὡς
1644 1170 1730 1240 τὸ,
1790 1195 1818 1223 (ι
1852 1169 2049 1227 Ἢκού-

387 1281 512 1316 σατε
550 1262 635 1317 ὅτι
680 1259 884 1337 ἐρῥήθη
935 1261 1054 1322 τοίς
1102 1259 1359 1335 ἀρχαίοις
1417 1257 1562 1328 τόδε,
1621 1259 1728 1335 ἐγὼ
1782 1257 1841 1315 δὲ
1899 1258 2044 1337 λέγω

389 1352 540 1425 ὑμῖν.
575 1378 598 1406 ι
638 1350 736 1405 Καὶ
766 1354 826 1406 τὸ
863 1350 940 1421 μή
970 1348 1230 1405 ἀπολύειν
1257 1354 1485 1425 γυναῖκα
1535 1346 1624 1404 διὰ
1656 1352 1820 1421 μῖσος
1853 1346 2043 1424 μόνον,

384 1439 651 1498 κιὶάλλα
707 1437 914 1495 πόλλα.
974 1440 1203 1495 Ἔπειτα
1252 1434 1310 1493 δί
1367 1438 1450 1493 ὅτι
1518 1437 1891 1513 ἐντειλάμενος
1944 1439 2044 1493 αύ-

382 1535 499 1592 τοῖς
533 1532 562 1584 6
593 1528 724 1590 Θεὸς
754 1547 808 1583 εν
864 1532 943 1599 τῷ
998 1548 1113 1600 ναῳ
1176 1528 1325 1601 μόνῳ
1377 1526 1544 1596 θύειν,
1596 1527 1689 1582 καὶ
1744 1528 1795 1582 ἐν
1864 1529 2043 1602 τούτῳ

382 1616 731 1689 περικλείσας
785 1617 882 1678 τὰς
954 1616 1159 1686 θυσίας,
1216 1617 1339 1691 εἶρα
1402 1614 1647 1672 καθελὼν
1703 1616 1887 1687 αὐτὸν,
1945 1617 2046 1674 οὐκ

384 1702 618 1777 εὔδηλον
679 1706 763 1760 ὅτι
817 1707 1155 1781 καταργήσει
1210 1706 1307 1767 τὰς
1365 1704 1551 1769 θυσίας
1600 1705 1693 1761 καὶ
1749 1707 1922 1770 πάσας
1947 1707 2043 1767 τὰς

2161 552 2413 618 oportet.
2446 548 2588 601 Nam
2620 548 2693 602 ad
2725 548 2885 605 hunc
2914 566 3103 620 usque
3153 550 3334 618 diem,
3384 552 3596 623 inquit,
3645 556 3803 612 idem

2158 637 2427 692 velamen
2459 636 2638 691 habet
2659 638 2813 709 apud
2837 638 2995 710 ipsos
3019 640 3378 711 lectiolegis.
3420 642 3594 707 Quasi
3642 646 3805 701 enim

2158 726 2350 782 velata
2371 732 2527 781 esset
2547 726 2741 785 lectio.
2766 745 2886 783 non
2908 734 3156 800 possunt
3179 729 3396 784 intueri
3426 747 3555 801 quae
3605 732 3667 786 in
3702 732 3805 789 illa

2159 823 2318 877 sunt,
2351 831 2544 886 neque
2576 833 2931 887 cognoscere
2963 818 3118 889 quod
3152 836 3257 890 per
3311 819 3609 874 Christum
3668 821 3806 876 abo-

2155 904 2313 961 letur
2341 912 2400 960 et
2430 913 2623 961 cessat
2652 905 2748 961 lex
2800 909 2875 961 At
2923 906 3021 961 ubi
3068 908 3125 962 id
3183 907 3363 963 habet
3415 909 3528 978 lex,
3592 909 3807 966 dixerit

2158 995 2475 1066 quispiam.
2511 995 2669 1066 quod
2700 1011 2807 1067 per
2834 995 3131 1051 Christum
3166 1003 3225 1052 et
3252 1014 3357 1068 per
3412 999 3608 1055 Jesum
3667 998 3803 1055 abo-

2156 1083 2335 1140 lenda
2353 1084 2559 1141 esset?
2579 1083 2797 1139 Eadem
2826 1084 2954 1156 ipsa
2981 1084 3073 1139 lex
3092 1085 3254 1143 dicit.
3281 1088 3423 1142 Nam
3449 1104 3582 1144 cum
3620 1088 3801 1144 dixis-

2157 1179 2247 1230 set
2272 1191 2284 1229 :
2311 1196 2334 1224 α
2362 1175 2716 1246 Prophetam
2746 1174 3234 1230 suscitabitvobis
3281 1177 3454 1244 Deus,
3501 1202 3519 1225 ι
3554 1177 3802 1248 subjun-

2154 1262 2274 1318 xit:
2313 1287 2333 1311 ιι
2370 1264 2570 1334 Ipsum
2594 1262 2848 1318 audietis
2871 1262 3161 1333 quidquid
3185 1263 3401 1319 dixerit
3424 1265 3491 1332 ’3,
3549 1287 3576 1314 ››
3620 1265 3799 1320 etiam

2154 1351 2430 1407 videlicet
2459 1352 2505 1407 si
2541 1351 2698 1423 quod
2732 1351 2843 1425 legi
2875 1352 3240 1407 contrarium
3299 1359 3388 1407 est
3446 1352 3681 1420 dixerit,
3725 1354 3798 1411 de

2153 1443 2382 1499 Christo
2414 1442 2686 1514 loquens.
2719 1443 2844 1514 lpse
2865 1458 2998 1497 vero
3023 1449 3079 1497 et
3102 1443 3357 1499 Sabbata
3392 1444 3585 1510 solvit,
3641 1445 3792 1501 621

2154 1548 2374 1588 sanans
2399 1532 2460 1586 in
2483 1532 2629 1603 ipsis
2650 1531 2736 1597 ²⁸;
2770 1537 2828 1586 et
2853 1530 3124 1602 quaedam
3157 1530 3406 1596 addidit,
3438 1538 3504 1587 ut
3541 1549 3673 1588 cum
3708 1533 3796 1589 di-

2152 1629 2355 1678 ceret:
2393 1646 2419 1671 ‹‹
2454 1621 2719 1676 Audistis
2751 1621 2908 1692 quod
2937 1620 3047 1676 hoc
3097 1621 3321 1676 dictum
3381 1622 3459 1677 sit
3513 1622 3797 1694 antiquis,

2152 1728 2257 1784 ego
2289 1717 2488 1768 autem
2520 1710 2652 1766 dico
2683 1710 2846 1765 vobis
2877 1710 2939 1764 ²⁵.
2976 1733 3003 1759 ››
3032 1712 3102 1765 Et
3133 1711 3291 1781 quod
3322 1717 3564 1783 propter
3603 1713 3798 1768 solum

383 1795 617 1870 νομικᾶς
648 1792 957 1869 ἱερουργίας
992 1813 1005 1864 ;
1039 1791 1179 1849 ὣστε
1200 1796 1292 1849 καὶ
1348 1793 1620 1866 α’σοητῶς
1674 1797 1764 1851 καί
1823 1802 2036 1867 νοητῶς

2150 1803 2352 1859 odium
2376 1819 2498 1857 non
2522 1805 2679 1856 esset
2697 1816 2847 1855 uxor
2863 1799 3219 1856 dimittenda
3238 1799 3283 1833 ²⁶
3308 1800 3634 1870 :multaque
3657 1800 3795 1856 alia.

384 1885 413 1942 6
465 1881 634 1958 νόμος
690 1885 792 1953 τήν
850 1884 1044 1940 ἑαυτοῦ
1103 1883 1439 1961 κατάργησιν
1516 1886 1809 1966 περιέχειν·
1883 1913 1910 1940 ‹‹
1944 1888 2033 1957 Μή

2147 1893 2373 1955 Deinde
2396 1896 2592 1946 autem
2618 1889 2757 1961 quia
2777 1889 2837 1943 in
2859 1889 2983 1944 solo
3007 1889 3227 1960 templo
3242 1890 3623 1961 princepiteis
3642 1891 3794 1946 Deus

385 1973 912 2046 ἀνακαλυπτόμενον
946 2017 961 2045 ,
994 1997 1023 2025 ››
1077 1973 1157 2035 εἲς
1203 1973 1265 2028 τὸ
1321 1978 1521 2049 γνῶναι
1577 1974 1789 2046 αὐτοὺς,
1848 1975 1933 2032 ὅτι
1988 1976 2040 2032 ἐν

383 2067 604 2138 Χριστῷ
653 2067 999 2139 καταργεῖται
1040 2063 1069 2117 6
1122 2062 1312 2135 νόμος.
1360 2096 1429 2105 -
1462 2066 1804 2139 [ΚΥΡΙΑΑ.]
1846 2066 1908 2123 Ὁ
1938 2065 2038 2141 γὰρ

394 2151 627 2225 Χριστὸς
710 2155 973 2224 καταργεῖ
1041 2149 1104 2205 τὸ
1145 2148 1433 2224 κάλυμμα,
1490 2150 1665 2215 Αὐτὸς
1714 2152 1820 2227 γὰρ
1878 2150 1949 2206 ὢν
2001 2154 2037 2222 ὴ

386 2238 642 2311 ἀλήθεια,
673 2237 829 2295 παύει
859 2241 960 2311 τὴν
993 2238 1145 2294 σκιὰν
1197 2240 1289 2294 καὶ
1342 2241 1441 2308 τήν
1503 2237 1739 2311 διπλόην
1794 2245 1890 2297 τοῦ
1945 2243 2041 2297 νό-

387 2349 514 2403 μου,
556 2328 730 2391 οὕτως
760 2327 813 2383 ἐν
840 2322 1043 2403 βιϐλίῳ
1074 2326 1213 2404 ρλα’,
1246 2331 1344 2394 τῆς
1376 2329 1662 2402 ἑρμηνείας
1691 2335 1788 2385 τοῦ
1838 2337 2035 2391 Λουκᾶ.

380 2451 447 2462 —
482 2419 697 2493 [ΦΩΤ,]
729 2414 923 2488 Ἐδόθη
985 2424 1102 2480 τοῖς
1160 2417 1211 2473 ἐν
1269 2416 1580 2494 παραδείσῳ
1628 2417 1849 2489 ἐντολὴ,
1910 2419 2037 2476 ἀλλ’

385 2504 599 2584 ἤργησε
630 2507 719 2561 καὶ
750 2507 1039 2571 πέπαυται,
1074 2507 1163 2561 καὶ
1197 2505 1360 2562 οἷονεῖ
1412 2510 1774 2585 κατήργητκι.
1835 2506 2033 2581 Ἐδόθη

381 2603 499 2660 τοῖς
532 2599 653 2672 περὶ
689 2600 835 2664 Νῶε,
870 2598 1085 2671 κάκείνη
1141 2598 1401 2661 ὡσαύτως
1447 2599 1682 2674 ἤργησεν
1735 2598 1825 2655 καὶ
1879 2600 2035 2655 κατὲ-

381 2709 581 2745 παυσεν
616 2729 630 2743 .
692 2686 889 2759 Ἐδόθη
949 2695 1066 2750 τοῖς
1122 2689 1244 2760 περὶ
1296 2684 1569 2762 ’Δόραὰμ,
1624 2687 1772 2744 ἀλλὰ
1825 2690 1915 2744 καὶ
1972 2691 2037 2745 τὰ

379 2777 612 2834 πλεῖστα
637 2777 840 2849 ταύτης
899 2780 1243 2853 κατήργησεν
1278 2779 1306 2833 6
1356 2779 1525 2852 νόμος
1595 2778 1816 2852 μυρίαις
1865 2801 2035 2852 προσ-

377 2869 572 2939 θήκαις
602 2866 917 2930 ἀλλοιώσας
948 2865 1035 2924 καί
1064 2868 1224 2939 τάξας
1268 2865 1443 2944 ἕτερα.
1503 2866 1697 2939 Ἐδόθη
1758 2866 1848 2924 διὰ
1903 2871 2035 2927 Μω-

375 2956 509 3021 σέως
568 2959 596 3013 6
654 2958 847 3031 νόμος,
904 2963 1252 3034 καταργεῖται
1310 2957 1399 3012 καὶ
1454 2957 1680 3014 παύεται
1728 2958 1817 3013 καὶ
1858 2959 2035 3030 οὗτος,

381 3048 483 3103 οὐκ
514 3046 597 3125 ἐφ’
626 3048 673 3120 ᾧ
700 3046 882 3119 ἓτερον
914 3047 1260 3127 εἰσαχθῆναι,
1292 3048 1381 3101 καὶ
1413 3047 1579 3102 πάλιν
1611 3046 1856 3103 κάκεῖνον
1905 3069 2036 3103 κατ-

378 3134 870 3241 αρςγηθῆναικᾶλλν
899 3136 984 3241 ὲφξ
1019 3137 1065 3209 ᾧ
1112 3132 1673 3241 ξτερονΆεὶσαχθῆται
1733 3137 1825 3241 τὸν
1866 3136 2026 3241 εύαγο
2060 3175 2102 3241 C

373 3225 737 3301 γελικὸν,καὶ
796 3226 872 3289 εἷς
927 3226 1018 3281 τὸν
1076 3227 1241 3281 αἰῶνα
1307 3222 1598 3298 διαμένειν.
1671 3226 1870 3288 Πάντες
1932 3226 2028 3300 μὶν

378 3312 470 3370 οὖν
499 3315 551 3369 οἱ
578 3310 885 3389 ’ἔμπροσθεν
932 3317 1375 3389 κατηργήθησαν,
1415 3312 1564 3369 ἀλλὰ
1617 3313 1777 3376 τέλος
1834 3334 2032 3388 καταρ-

372 3402 644 3479 γουμένου
675 3404 703 3458 6
735 3402 926 3475 νόμος,
984 3399 1174 3472 ἐπειδὴ
1237 3402 1350 3476 μετ’
1406 3401 1566 3457 αὐτὸν
1636 3402 1735 3458 ούκ
1788 3397 1867 3458 ἔτι
1914 3400 2028 3458 ἓτε·

373 3511 468 3566 ρος
493 3495 861 3566 καταργεῖται,
908 3489 973 3548 Εἴ
1029 3488 1086 3546 δὲ
1140 3492 1168 3546 6
1220 3490 1390 3565 νόμος
1445 3490 1604 3553 τέλος
1651 3490 2032 3567 καταργουμέ-

373 3600 491 3650 νου,
521 3580 615 3635 καὶ
653 3581 715 3634 τὸ
743 3579 955 3655 εἰσάγον
984 3578 1140 3634 αὐτὸν
1199 3579 1495 3655 πρόσωπον
1552 3578 1813 3651 δηλονότι
1871 3578 2029 3643 τέλος

373 3667 834 3744 καταργουμένου,
863 3665 1046 3743 ὥσπερ
1086 3668 1176 3723 καὶ
1217 3669 1246 3724 6
1301 3672 1398 3724 τοῦ
1456 3668 1777 3745 εὐαγγελίο)
1836 3668 2027 3745 δοτὴρ,

375 3757 453 3819 εἷς
499 3759 592 3813 τὸν
664 3757 836 3813 αἰῶνα
893 3761 989 3812 τοῦ
1038 3757 1237 3820 αἲῶνος
1300 3756 1575 3833 βασιλεύει
1624 3759 1712 3813 καὶ
1769 3760 2027 3835 κυριεύει.

375 3870 404 3900 ιι
442 3846 726 3919 Κάλυμςλα
780 3844 869 3902 ἔπί
925 3848 1023 3915 τήν
1083 3843 1311 3918 καρδίαν
1372 3846 1743 3905 αὐτῶνκεὶναι,
1808 3872 1836 3900 ››
1897 3848 2031 3906 Εἶτα

375 3933 563 4007 ἰπειδὴ
598 3935 737 4003 εἶπε,
765 3934 1036 4009 κάλυμμα
1064 3937 1271 3991 κεῖσθαι
1326 3935 1415 3991 ἐπὶ
1467 3939 1537 4009 τῇ
1578 3938 1873 4013 ἀναγνώσει
1926 3944 2028 4007 τῆς

374 4022 755 4093 Παλαιᾶς,⁹ίνα
797 4027 873 4099 μή
907 4045 989 4088 τις
1040 4045 1275 4101 νομισῃς
1334 4029 1435 4095 τῆς
1483 4025 1735 4103 ἀσαφείας
1783 4031 1880 4082 τοῦ
1936 4028 2031 4083 νό-

379 4135 491 4188 μου
512 4116 647 4169 εἶναι
708 4115 770 4169 τὸ
827 4111 999 4169 α’ίτιον
1060 4113 1134 4168 ὡς
1189 4115 1265 4187 μὴ
1323 4113 1649 4187 νοουμένου,
1706 4118 2026 4192 σαφεστερον

372 4202 502 4259 αὐτὸ
532 4202 707 4281 λέγει,
739 4199 950 4265 δεικνὺς
982 4202 1156 4258 αὐτῶν
1194 4203 1284 4258 καὶ
1317 4203 1380 4259 ού
1414 4207 1512 4260 τοῦ
1552 4204 1725 4277 νόμου
1752 4206 1815 4260 τὸ
1848 4205 2029 4279 ἀμάρ-

369 4314 541 4365 τημα.
579 4318 605 4343 ‹‹
641 4291 921 4366 Κάλυμμα
950 4293 1077 4368 γὰρ,
1111 4292 1298 4369 ερησῖν,
1332 4291 1420 4348 ἐπὶ
1445 4295 1544 4363 τήν
1592 4291 1813 4367 καρδίαν
1847 4296 2028 4350 αὐτῶν

370 4388 568 4441 κεῖται.
602 4406 631 4435 ››
664 4388 757 4439 Διὸ
809 4383 870 4437 οὐ
922 4379 1173 4437 δύνανται
1230 4385 1431 4456 γνῶναι
1488 4383 1588 4451 τὴν
1647 4379 1885 4438 διάνοίαν
1934 4387 2032 4439 τοῦ

369 4473 566 4547 νόμου.
600 4473 667 4531 El
695 4475 798 4550 γὰρ
839 4470 1109 4546 ἔγνωσαν,
1138 4472 1458 4545 ἀπήστησαν
1489 4473 1549 4529 ἃν
1577 4472 1667 4529 ἀπ’
1717 4472 1904 4543 αὐτού,
1935 4475 2022 4530 καὶ

368 4565 449 4637 τῷ
480 4566 708 4638 Χριστῷ
739 4562 1073 4620 ἐπιστευσαι.
1106 4566 1287 4620 Τοῦτο
1333 4563 1435 4638 γὰρ
1463 4564 1491 4618 6
1520 4563 1689 4636 νόμος
1744 4561 2024 4639 βουλεται.

2148 1983 2504 2043 sacriﬁcare.
2533 1987 2592 2035 et
2621 1979 2682 2034 in
2712 1978 2823 2034 hoc
2876 1978 3141 2033 victimas
3201 1979 3509 2041 conclusit,
3578 1979 3794 2035 deinde

2145 2075 2296 2131 illud
2327 2070 2607 2129 sustulit:
2641 2086 2715 2124 an
2739 2084 2859 2123 non
2884 2068 3267 2124 manifestum
3301 2074 3391 2123 est
3420 2067 3578 2138 quod
3625 2068 3799 2124 victi-

2144 2181 2274 2221 mas
2288 2156 3142 2230 omniaquelegaliasacriflcia
3172 2157 3340 2212 irrita
3374 2155 3621 2211 fecerit?
3641 2160 3708 2211 ut
3737 2160 3796 2212 et

2144 2250 2413 2310 sensibili
2445 2256 2503 2304 et
2533 2246 2846 2319 intelligibi
2882 2245 3058 2301 modo
3091 2245 3181 2300 lex
3215 2246 3306 2301 sui
3361 2245 3550 2318 ipsius
3606 2244 3792 2301 aboli-

2142 2343 2366 2397 tionem
2389 2337 2835 2409 complectatur.
2872 2358 2901 2386 «
2932 2336 3057 2389 Non
3089 2334 3408 2390 detectum.
3433 2359 3460 2384 ››
3484 2334 3570 2390 Ad
3594 2334 3705 2391 hoc
3728 2339 3795 2391 ut

2141 2431 2254 2502 ipsi
2278 2433 2641 2502 cognoscant
2662 2426 2819 2497 quod
2845 2442 2953 2496 per
3000 2425 3298 2480 Christum
3334 2424 3427 2480 lex
3461 2424 3792 2481 aboleatur.

2143 2552 2205 2561 —
2230 2519 2499 2574 Christus
2522 2517 2677 2572 enim
2704 2515 2936 2570 irritum
2960 2514 3102 2595 facit
3139 2514 3430 2570 velamen.
3481 2516 3625 2570 Nam
3656 2529 3791 2569 cum

2142 2608 2267 2680 ipse
2300 2608 2376 2663 sit
2401 2607 2636 2670 veritas,
2679 2619 2912 2660 cessare
2971 2602 3113 2658 facit
3167 2602 3463 2667 umbram,
3524 2600 3789 2673 legisque

2141 2697 2586 2770 ambiguitatem
2622 2694 2708 2749 Ita
2729 2693 2908 2747 habet
2924 2692 3251 2747 centesimo
3274 2691 3464 2762 primo
3489 2690 3788 2745 tricesimo

2141 2785 2653 2859 interpretationis
2677 2784 2736 2837 in
2753 2784 2985 2837 Lucam.
3014 2811 3075 2822 ——
3098 2782 3307 2835 Datum
3332 2786 3421 2834 est
3454 2780 3546 2834 his
3596 2779 3695 2849 qui
3728 2779 3792 2835 in

2142 2876 2420 2950 paradiso
2444 2877 3012 2944 erantprmceptum,
3044 2869 3147 2924 sed
3169 2869 3402 2924 irritum
3431 2869 3649 2924 factum
3678 2874 3790 2935 est,

2142 2971 2199 3020 et
2219 2963 2471 3020 cessavit
2500 2979 2567 3017 ac
2598 2960 2883 3015 abolitum
2914 2963 3022 3013 est.
3074 2959 3285 3013 Datum
3314 2964 3406 3012 est
3434 2962 3491 3012 et
3520 2963 3788 3029 tempore

2141 3056 2282 3121 Noe,
2315 3058 2374 3107 et
2403 3050 2552 3108 illud
2582 3049 2861 3104 similiter
2915 3046 3201 3102 abolitum
3262 3051 3351 3102 est
3398 3063 3465 3101 ac
3515 3047 3787 3105 cessavit.

2141 3143 2351 3199 Datum
2367 3144 2527 3195 estet
2541 3144 2802 3209 tempore
2819 3135 3135 3200 Abraham,
3151 3134 3251 3191 sed
3272 3134 3597 3208 etplurima
3612 3134 3790 3207 hujus

2143 3230 2313 3286 irrita
2328 3228 2469 3284 fecit
2489 3227 2578 3282 lex
2605 3225 2937 3280 innumeris
2949 3231 3187 3280 mutans
3219 3223 3623 3303 ad‘ditionibus
3643 3225 3790 3281 alia-

2141 3335 2257 3392 que
2280 3316 2519 3389 jubens.
2557 3316 2698 3370 llata
2728 3319 2817 3369 est
2846 3330 2953 3385 per
2973 3315 3171 3369 Mosen
3203 3314 3247 3348 ³⁷
3278 3319 3337 3368 et
3374 3313 3501 3368 haec
3553 3329 3790 3384 quoque

2140 3408 2415 3464 aboletur
2435 3421 2504 3460 ac
2520 3408 2714 3460 cessat
2738 3419 2750 3456 :
2776 3419 2896 3457 non
2921 3401 3081 3473 quod
3110 3401 3229 3456 alia
3260 3400 3504 3457 inducta
3551 3402 3626 3456 sit
3658 3418 3788 3471 quas

2140 3497 2319 3552 etiam
2343 3493 2669 3557 abolentur,
2689 3491 2792 3548 sed
2814 3490 2972 3562 quod
2993 3489 3110 3545 alia
3123 3490 3200 3544 sit
3223 3490 3463 3545 inducta
3484 3490 3581 3544 lex
3609 3505 3789 3544 evan-

2139 3586 2329 3660 gelica
2354 3600 2484 3656 quae
2516 3584 2578 3638 in
2609 3588 2897 3637 aeternum
2929 3586 3292 3652 permaneat.
3327 3580 3542 3636 Omnia
3587 3579 3787 3649 itaque

2140 3673 2576 3749 prioraabolita
2594 3677 2752 3736 sunt,
2782 3677 2842 3727 at
2888 3670 3024 3726 ﬁnis
3066 3671 3194 3743 ejus
3217 3668 3375 3741 quod
3399 3668 3670 3723 aboletur
3700 3673 3789 3723 est

2140 3765 2236 3820 lex
2268 3782 2282 3820 :
2316 3763 2601 3836 quoniam
2663 3765 2795 3832 post
2851 3760 3040 3832 ipsam
3102 3758 3269 3813 nulla
3323 3756 3443 3811 alia
3491 3755 3782 3810 aboletur.

2138 3852 2304 3920 Quod
2328 3853 2375 3908 si
2400 3852 2493 3907 lex
2516 3849 2652 3906 linis
2675 3854 2765 3903 est
2787 3848 2913 3919 ejus
2937 3846 3093 3917 quod
3115 3846 3408 3913 aboletur,
3453 3844 3584 3914 ipsa
3634 3859 3782 3913 quo-

2139 3960 2254 4016 que
2284 3943 2464 3998 facies
2488 3957 2617 3997 eam
2641 3937 2928 3993 inducens
2952 3941 3110 3991 certe
3159 3934 3292 3989 ﬁnis
3330 3938 3419 3989 est
3466 3933 3594 4004 ejus
3625 3933 3784 4004 quod

2138 4032 2438 4088 aboletur:
2462 4026 2966 4102 quemadmodum
2990 4025 3166 4079 etiam
3200 4023 3498 4096 Evangelii
3530 4022 3785 4078 datorin

2139 4119 2423 4176 saeculum
2457 4116 2686 4173 sarculit
2716 4120 2921 4188 regnat
2951 4130 3016 4169 ac
3074 4114 3362 4185 regnabit.
3426 4136 3447 4162 ε
3502 4111 3782 4168 Velamen

2140 4227 2319 4283 super
2341 4227 2443 4265 cor
2468 4208 2706 4263 illorum
2732 4207 2990 4278 ponitur.
3018 4228 3044 4254 ››
3072 4203 3291 4261 Deinde
3314 4204 3595 4276 quoniam
3619 4203 3782 4256 dixe-

2139 4305 2228 4354 rat
2262 4297 2531 4354 velamen
2562 4296 2701 4369 poni
2735 4296 2795 4351 in
2829 4295 3085 4350 lectione
3117 4294 3344 4349 Veteris
3373 4290 3730 4348 Testamenti
3766 4305 3781 4343 :

2133 4404 2208 4443 ne
2231 4387 2364 4458 quis
2383 4387 2749 4444 existimaret
2771 4385 2917 4458 legis
2940 4384 3361 4441 obscuritatem
3380 4382 3441 4436 in
3463 4395 3640 4436 causa
3653 4394 3782 4434 esse

2136 4476 2294 4548 quod
2322 4494 2443 4532 non
2490 4476 2946 4550 intelligeretur,
3009 4472 3383 4530 manifestius
3438 4468 3586 4525 illud
3617 4468 3780 4534 dicit,
3864 4460 3869 4465 ’

2137 4568 2458 4625 ostendens
2481 4569 2747 4642 ipsorum
2767 4574 2825 4626 et
2844 4584 2963 4623 non
2986 4566 3133 4639 legis
3155 4580 3284 4620 esse
3306 4563 3530 4618 vitium.
3558 4582 3586 4611 ‹‹
3637 4560 3782 4615 Nam

371 4653 661 4724 velamen,
696 4654 911 4726 inquit,
939 4671 1120 4728 super
1148 4671 1252 4711 cor
1271 4653 1508 4710 illorum
1542 4654 1802 4726 ponitur,
1837 4676 1863 4703 η
1897 4655 2030 4712 ideo
2059 4673 2181 4713 non
2212 4663 2462 4729 possunt
2490 4658 2637 4731 legis
2660 4673 2900 4713 sensum
2931 4669 3306 4728 cognoscere.
3338 4653 3483 4707 Nam
3511 4650 3561 4705 si
3608 4649 3779 4704 illum

372 4744 805 4816 cognovissent,
839 4746 1043 4817 utique
1071 4743 1143 4801 ab
1175 4744 1305 4816 ipsa
1332 4744 1741 4813 recessissent,
1773 4750 1833 4800 et
1859 4746 2090 4805 Christo
2123 4748 2519 4804 credidissent
2550 4766 2562 4803 :
2598 4747 2655 4802 id
2688 4746 2849 4803 enim
2879 4744 3005 4800 vult
3028 4745 3120 4801 lex
3144 4760 3210 4799 ac
3230 4741 3421 4814 jubet.

440 4828 630 4884 Ἢνίκα
732 4827 778 4884 δ’
855 4829 915 4885 ἂν
990 4828 1284 4906 ἐπιστρέψῃ
1362 4830 1499 4905 πρὸς
1577 4829 1799 4906 Κύριον,
1872 4850 2028 4908 περι-

372 4924 600 4994 αιρεῖται
683 4919 746 4975 τὸ
828 4918 1116 4993 κάλυμμα.
1198 4920 1260 4976 Ὀ
1308 4916 1366 4975 δὲ
1425 4919 1617 4995 Κύριος
1663 4920 1726 4976 τὸ
1811 4923 2029 4993 Πνεῦμα

370 5006 535 5065 ἐστιν.
604 5008 680 5065 03
731 5004 787 5064 δὲ
835 5008 897 5064 τὸ
957 5012 1175 5083 Πνεῦμα
1232 5009 1437 5085 Κυρίου
1471 5052 1486 5079 ,
1560 5009 1671 5065 ἐκεῖ
1726 5007 2026 5087 ἐλευθερία.

370 5096 560 5168 Ἡμεῖς
664 5093 722 5153 δὲ
827 5098 1017 5160 πάντες
1118 5097 1615 5173 ἀνακεκαλυμμένῳ
1741 5101 2028 5175 προσώπῳ

369 5186 469 5255 τήν
577 5182 731 5258 δόξαν
831 5187 1035 5263 Κυρίου
1131 5188 1643 5261 κατοπτριζόμενοι,
1700 5189 1800 5259 τήν
1860 5189 2028 5260 αὐτὴν

372 5274 555 5330 εἰκόνα
606 5275 1105 5354 μεταμορφούμεθα
1159 5276 1267 5333 ἀπὸ
1296 5274 1458 5349 δόξης
1504 5277 1584 5341 εἷς
1633 5274 1813 5351 δόξαν,
1860 5280 2023 5345 καθά-

370 5383 470 5437 περ
503 5363 609 5419 ἆπὸ
644 5366 853 5440 Κυρίου
884 5364 1214 5440 ΙΙνεύματος.

443 5453 546 5512 Καὶ
604 5453 709 5531 γὰρ
766 5453 857 5509 καὶ
910 5455 938 5510 6
997 5456 1239 5527 Μωυσῆς
1307 5455 1443 5531 πρὸς
1540 5457 1636 5531 μὶν
1725 5454 2023 5521 Ἰουδαίους

2208 4836 2305 4901 ΙΙΙ,
2343 4836 2527 4891 1618.
2560 4836 2634 4889 At
2668 4835 2762 4889 ubi
2792 4848 3076 4889 conversus
3116 4832 3290 4900 fuerit
3346 4830 3419 4884 ad
3469 4829 3779 4895 Dominum,

2140 4924 2359 4980 tolletur
2386 4923 2634 4979 velamen
2662 4941 2682 4978 :
2714 4923 2976 4977 Dominus
3005 4928 3187 4975 autem
3210 4920 3451 4990 Spiritus
3494 4924 3569 4973 est
3597 4934 3618 4981 ;
3642 4933 3779 4987 por-

2138 5028 2197 5067 ro
2228 5012 2324 5066 ubi
2355 5011 2596 5081 Spiritus
2632 5013 2873 5073 Domini,
2908 5010 2987 5064 ibi
3018 5010 3259 5064 libertas.
3295 5011 3397 5064 Nos
3427 5015 3605 5062 autem
3655 5021 3779 5060 om-

2136 5117 2229 5158 nes
2253 5102 2462 5157 detecta
2493 5101 2648 5158 6‘22
2677 5104 2823 5171 facie
2853 5104 2913 5156 in
2941 5100 3162 5172 speculo
3203 5098 3465 5166 videntes,
3511 5098 3584 5152 ad
3632 5111 3779 5150 eam-

2136 5190 2261 5246 dem
2290 5193 2593 5262 imaginem
2622 5195 3080 5262 transformamur
3110 5208 3142 5244 a
3189 5190 3372 5262 gloria
3427 5190 3485 5244 in
3542 5184 3781 5257 gloriam

2135 5286 2403 5352 tanquam
2431 5298 2466 5336 a
2495 5281 2719 5337 Domini
2743 5282 2980 5353 Spiritu.

2206 5460 2509 5535 Siquidem
2539 5466 2599 5518 et
2626 5462 2815 5519 Moses
2845 5460 2920 5519 ad
2974 5460 3206 5518 Iudaeos
3262 5460 3517 5531 loquens
3564 5454 3781 5511 habeat

444 5657 489 5696 ⁸³
519 5660 688 5720 Deut.
715 5676 874 5722 xvux.
909 5666 994 5723 t5.
1027 5663 1077 5702 “
1110 5664 1278 5723 toan.
1309 5678 1362 5736 v,
1393 5664 1426 5720 6
1455 5678 1623 5737 seqq.
1656 5660 1704 5700 ³⁵
1731 5663 1934 5723 Matth.
1965 5678 2022 5736 ν,

2176 5665 2222 5705 ³⁸
2252 5665 2454 5726 Matth.
2485 5683 2601 5741 xxv,
2630 5669 2683 5724 3.
2717 5665 2764 5704 ³⁷
2791 5666 2959 5727 Joan.
2988 5683 3029 5739 ι,
3062 5669 3150 5723 l7.
