  <div class='ocr_page' id='page_1' title='image "/cluster/home/n/w/nwhite01/storage/ocr_20150623/118/hvd.32044073502247/483.png"; bbox 0 0 4106 6196; ppageno 0'>
   <div class='ocr_carea' id='block_1_1' title="bbox 386 301 558 374">
    <p class='ocr_par' dir='ltr' id='par_1_1' title="bbox 386 301 558 374">
     <span class='ocr_line' id='line_1_1' title="bbox 386 301 558 374; baseline 0.012 -16"><span class='ocrx_word' id='word_1_1' title='bbox 386 371 388 374; x_wconf 21' lang='lat'>.</span> <span class='ocrx_word' id='word_1_2' title='bbox 443 301 558 360; x_wconf 77' lang='lat'>955</span> 
     </span>
    </p>
   </div>
   <div class='ocr_carea' id='block_1_2' title="bbox 1545 289 2728 362">
    <p class='ocr_par' dir='ltr' id='par_1_2' title="bbox 1545 289 2728 362">
     <span class='ocr_line' id='line_1_2' title="bbox 1545 289 2728 362; baseline -0.008 0"><span class='ocrx_word' id='word_1_3' title='bbox 1545 295 1959 362; x_wconf 77' lang='lat' dir='ltr'>CECUMENII</span> <span class='ocrx_word' id='word_1_4' title='bbox 2001 289 2310 353; x_wconf 61' lang='lat' dir='ltr'>TRICCJE</span> <span class='ocrx_word' id='word_1_5' title='bbox 2349 289 2728 354; x_wconf 76' lang='lat' dir='ltr'>EPlSCOPI.</span> 
     </span>
    </p>
   </div>
   <div class='ocr_carea' id='block_1_3' title="bbox 3737 297 3848 357">
    <p class='ocr_par' dir='ltr' id='par_1_3' title="bbox 3737 297 3848 357">
     <span class='ocr_line' id='line_1_3' title="bbox 3737 297 3848 357; baseline 0.027 -3"><span class='ocrx_word' id='word_1_6' title='bbox 3737 297 3848 357; x_wconf 82' lang='lat'>956</span> 
     </span>
    </p>
   </div>
   <div class='ocr_carea' id='block_1_4' title="bbox 441 420 2082 501">
    <p class='ocr_par' dir='ltr' id='par_1_4' title="bbox 441 429 2082 501">
     <span class='ocr_line' id='line_1_4' title="bbox 441 429 2082 501; baseline -0.004 -10"><span class='ocrx_word' id='word_1_7' title='bbox 441 434 709 491; x_wconf 82' lang='lat' dir='ltr'>velamen</span> <span class='ocrx_word' id='word_1_8' title='bbox 733 449 747 501; x_wconf 90' lang='lat'><strong>;</strong></span> <span class='ocrx_word' id='word_1_9' title='bbox 781 433 855 489; x_wconf 90' lang='lat' dir='ltr'>ad</span> <span class='ocrx_word' id='word_1_10' title='bbox 885 433 1070 489; x_wconf 90' lang='lat' dir='ltr'>Deum</span> <span class='ocrx_word' id='word_1_11' title='bbox 1101 448 1235 488; x_wconf 88' lang='lat' dir='ltr'>vero</span> <span class='ocrx_word' id='word_1_12' title='bbox 1258 432 1568 501; x_wconf 81' lang='lat' dir='ltr'>accedens,</span> <span class='ocrx_word' id='word_1_13' title='bbox 1589 430 1892 489; x_wconf 77' lang='lat' dir='ltr'>auferebat</span> <span class='ocrx_word' id='word_1_14' title='bbox 1920 429 2082 486; x_wconf 89' lang='lat' dir='ltr'>vela-</span> 
     </span>
    </p>
   </div>
   <div class='ocr_carea' id='block_1_5' title="bbox 2192 420 3848 501">
    <p class='ocr_par' dir='ltr' id='par_1_5' title="bbox 2202 420 3848 500">
     <span class='ocr_line' id='line_1_5' title="bbox 2202 420 3848 500; baseline 0.001 -22"><span class='ocrx_word' id='word_1_15' title='bbox 2202 420 2388 480; x_wconf 82' lang='grc' dir='ltr'>λαλῶν</span> <span class='ocrx_word' id='word_1_16' title='bbox 2419 421 2535 499; x_wconf 73' lang='grc' dir='ltr'>εἷχε</span> <span class='ocrx_word' id='word_1_17' title='bbox 2558 423 2620 478; x_wconf 88' lang='grc' dir='ltr'>τὸ</span> <span class='ocrx_word' id='word_1_18' title='bbox 2651 420 2940 497; x_wconf 73' lang='grc' dir='ltr'>κᾶλυμμα,</span> <span class='ocrx_word' id='word_1_19' title='bbox 2999 427 3136 500; x_wconf 87' lang='grc' dir='ltr'>πρὸς</span> <span class='ocrx_word' id='word_1_20' title='bbox 3185 425 3276 482; x_wconf 86' lang='grc' dir='ltr'>τὸν</span> <span class='ocrx_word' id='word_1_21' title='bbox 3341 426 3468 483; x_wconf 85' lang='grc' dir='ltr'>Θεὸν</span> <span class='ocrx_word' id='word_1_22' title='bbox 3524 425 3585 482; x_wconf 74' lang='grc' dir='ltr'>δὲ</span> <span class='ocrx_word' id='word_1_23' title='bbox 3643 427 3848 498; x_wconf 77' lang='grc' dir='ltr'>εἰσιὼν,</span> 
     </span>
    </p>
   </div>
   <div class='ocr_carea' id='block_1_6' title="bbox 443 519 2084 595">
    <p class='ocr_par' dir='ltr' id='par_1_6' title="bbox 443 519 2084 595">
     <span class='ocr_line' id='line_1_6' title="bbox 443 519 2084 595; baseline -0.004 -15"><span class='ocrx_word' id='word_1_24' title='bbox 443 541 604 580; x_wconf 89' lang='lat' dir='ltr'>men.</span> <span class='ocrx_word' id='word_1_25' title='bbox 630 526 816 577; x_wconf 89' lang='lat' dir='ltr'>Moses</span> <span class='ocrx_word' id='word_1_26' title='bbox 839 522 996 577; x_wconf 91' lang='lat' dir='ltr'>enim</span> <span class='ocrx_word' id='word_1_27' title='bbox 1045 523 1308 594; x_wconf 91' lang='lat' dir='ltr'>ipsorum</span> <span class='ocrx_word' id='word_1_28' title='bbox 1335 529 1506 595; x_wconf 84' lang='lat' dir='ltr'>typus</span> <span class='ocrx_word' id='word_1_29' title='bbox 1535 527 1677 578; x_wconf 88' lang='lat' dir='ltr'>erat.</span> <span class='ocrx_word' id='word_1_30' title='bbox 1712 523 1854 577; x_wconf 78' lang='lat' dir='ltr'>Nam</span> <span class='ocrx_word' id='word_1_31' title='bbox 1887 527 1946 576; x_wconf 89' lang='lat' dir='ltr'>et</span> <span class='ocrx_word' id='word_1_32' title='bbox 1973 519 2084 592; x_wconf 85' lang='lat' dir='ltr'>ipsi</span> 
     </span>
    </p>
   </div>
   <div class='ocr_carea' id='block_1_7' title="bbox 441 610 2088 686">
    <p class='ocr_par' dir='ltr' id='par_1_7' title="bbox 441 610 2088 686">
     <span class='ocr_line' id='line_1_7' title="bbox 441 610 2088 686; baseline -0.003 -17"><span class='ocrx_word' id='word_1_33' title='bbox 441 614 582 669; x_wconf 91' lang='lat' dir='ltr'>dum</span> <span class='ocrx_word' id='word_1_34' title='bbox 606 613 807 668; x_wconf 83' lang='lat' dir='ltr'>volunt</span> <span class='ocrx_word' id='word_1_35' title='bbox 827 613 938 686; x_wconf 78' lang='lat' dir='ltr'>legi</span> <span class='ocrx_word' id='word_1_36' title='bbox 963 613 1206 680; x_wconf 65' lang='lat' dir='ltr'>haerere,</span> <span class='ocrx_word' id='word_1_37' title='bbox 1227 613 1496 668; x_wconf 79' lang='lat' dir='ltr'>velamen</span> <span class='ocrx_word' id='word_1_38' title='bbox 1519 613 1764 678; x_wconf 82' lang='lat' dir='ltr'>habent,</span> <span class='ocrx_word' id='word_1_39' title='bbox 1799 610 1958 682; x_wconf 91' lang='lat' dir='ltr'>quod</span> <span class='ocrx_word' id='word_1_40' title='bbox 1989 626 2088 664; x_wconf 91' lang='lat' dir='ltr'>eos</span> 
     </span>
    </p>
   </div>
   <div class='ocr_carea' id='block_1_8' title="bbox 439 701 2088 772">
    <p class='ocr_par' dir='ltr' id='par_1_8' title="bbox 439 701 2088 772">
     <span class='ocr_line' id='line_1_8' title="bbox 439 701 2088 772; baseline -0.001 -16"><span class='ocrx_word' id='word_1_41' title='bbox 439 701 628 772; x_wconf 81' lang='lat' dir='ltr'>legem</span> <span class='ocrx_word' id='word_1_42' title='bbox 663 702 850 772; x_wconf 87' lang='lat' dir='ltr'>ipsam</span> <span class='ocrx_word' id='word_1_43' title='bbox 885 719 1006 756; x_wconf 89' lang='lat' dir='ltr'>non</span> <span class='ocrx_word' id='word_1_44' title='bbox 1040 703 1181 758; x_wconf 85' lang='lat' dir='ltr'>sinit</span> <span class='ocrx_word' id='word_1_45' title='bbox 1209 703 1424 758; x_wconf 90' lang='lat' dir='ltr'>intueri</span> <span class='ocrx_word' id='word_1_46' title='bbox 1465 719 1477 757; x_wconf 89' lang='lat'>:</span> <span class='ocrx_word' id='word_1_47' title='bbox 1511 720 1646 758; x_wconf 89' lang='lat' dir='ltr'>cum</span> <span class='ocrx_word' id='word_1_48' title='bbox 1695 708 1894 757; x_wconf 89' lang='lat' dir='ltr'>autem</span> <span class='ocrx_word' id='word_1_49' title='bbox 1955 717 2088 755; x_wconf 90' lang='lat' dir='ltr'>con-</span> 
     </span>
    </p>
   </div>
   <div class='ocr_carea' id='block_1_9' title="bbox 437 789 2091 857">
    <p class='ocr_par' dir='ltr' id='par_1_9' title="bbox 437 789 2091 857">
     <span class='ocr_line' id='line_1_9' title="bbox 437 789 2091 857; baseline 0 -13"><span class='ocrx_word' id='word_1_50' title='bbox 437 791 588 846; x_wconf 80' lang='lat' dir='ltr'>versi</span> <span class='ocrx_word' id='word_1_51' title='bbox 613 791 834 846; x_wconf 79' lang='lat' dir='ltr'>fuerint</span> <span class='ocrx_word' id='word_1_52' title='bbox 863 792 936 846; x_wconf 91' lang='lat' dir='ltr'>ad</span> <span class='ocrx_word' id='word_1_53' title='bbox 966 793 1305 857; x_wconf 88' lang='lat' dir='ltr'>Dominum,</span> <span class='ocrx_word' id='word_1_54' title='bbox 1334 793 1636 848; x_wconf 81' lang='lat' dir='ltr'>auferetur</span> <span class='ocrx_word' id='word_1_55' title='bbox 1678 807 1882 848; x_wconf 90' lang='lat' dir='ltr'>eorum</span> <span class='ocrx_word' id='word_1_56' title='bbox 1939 789 2091 844; x_wconf 86' lang='lat' dir='ltr'>vela-</span> 
     </span>
    </p>
   </div>
   <div class='ocr_carea' id='block_1_10' title="bbox 441 879 2087 950">
    <p class='ocr_par' dir='ltr' id='par_1_10' title="bbox 441 879 2087 950">
     <span class='ocr_line' id='line_1_10' title="bbox 441 879 2087 950; baseline -0.002 -14"><span class='ocrx_word' id='word_1_57' title='bbox 441 898 600 938; x_wconf 88' lang='lat' dir='ltr'>men.</span> <span class='ocrx_word' id='word_1_58' title='bbox 637 883 796 937; x_wconf 87' lang='lat' dir='ltr'>Tune</span> <span class='ocrx_word' id='word_1_59' title='bbox 828 887 1024 936; x_wconf 91' lang='lat' dir='ltr'>autem</span> <span class='ocrx_word' id='word_1_60' title='bbox 1058 889 1492 944; x_wconf 74' lang='lat' dir='ltr'>convertentur,</span> <span class='ocrx_word' id='word_1_61' title='bbox 1523 899 1658 936; x_wconf 89' lang='lat' dir='ltr'>cum</span> <span class='ocrx_word' id='word_1_62' title='bbox 1710 881 1918 936; x_wconf 85' lang='lat' dir='ltr'>relicta</span> <span class='ocrx_word' id='word_1_63' title='bbox 1961 879 2087 950; x_wconf 85' lang='lat' dir='ltr'>lege</span> 
     </span>
    </p>
   </div>
   <div class='ocr_carea' id='block_1_11' title="bbox 443 970 2088 1044">
    <p class='ocr_par' dir='ltr' id='par_1_11' title="bbox 443 970 2088 1044">
     <span class='ocr_line' id='line_1_11' title="bbox 443 970 2088 1044; baseline -0.002 -18"><span class='ocrx_word' id='word_1_64' title='bbox 443 971 690 1026; x_wconf 84' lang='lat' dir='ltr'>credent</span> <span class='ocrx_word' id='word_1_65' title='bbox 720 971 974 1038; x_wconf 79' lang='lat' dir='ltr'>Christo,</span> <span class='ocrx_word' id='word_1_66' title='bbox 1007 976 1065 1026; x_wconf 91' lang='lat' dir='ltr'>et</span> <span class='ocrx_word' id='word_1_67' title='bbox 1093 972 1341 1044; x_wconf 85' lang='lat' dir='ltr'>gratiam</span> <span class='ocrx_word' id='word_1_68' title='bbox 1374 988 1504 1042; x_wconf 77' lang='lat' dir='ltr'>queo</span> <span class='ocrx_word' id='word_1_69' title='bbox 1538 988 1570 1026; x_wconf 91' lang='lat' dir='ltr'>a</span> <span class='ocrx_word' id='word_1_70' title='bbox 1601 971 1822 1043; x_wconf 90' lang='lat' dir='ltr'>Spiritu</span> <span class='ocrx_word' id='word_1_71' title='bbox 1879 976 1969 1024; x_wconf 89' lang='lat' dir='ltr'>est</span> <span class='ocrx_word' id='word_1_72' title='bbox 2025 970 2088 1024; x_wconf 90' lang='lat' dir='ltr'>in</span> 
     </span>
    </p>
   </div>
   <div class='ocr_carea' id='block_1_12' title="bbox 440 1059 2084 1134">
    <p class='ocr_par' dir='ltr' id='par_1_12' title="bbox 440 1059 2084 1134">
     <span class='ocr_line' id='line_1_12' title="bbox 440 1059 2084 1134; baseline -0.003 -16"><span class='ocrx_word' id='word_1_73' title='bbox 440 1061 737 1134; x_wconf 83' lang='lat' dir='ltr'>baptismo</span> <span class='ocrx_word' id='word_1_74' title='bbox 761 1060 1118 1131; x_wconf 87' lang='lat' dir='ltr'>acceperint.</span> <span class='ocrx_word' id='word_1_75' title='bbox 1143 1061 1260 1115; x_wconf 86' lang='lat' dir='ltr'>Hoc</span> <span class='ocrx_word' id='word_1_76' title='bbox 1282 1061 1442 1116; x_wconf 90' lang='lat' dir='ltr'>enim</span> <span class='ocrx_word' id='word_1_77' title='bbox 1473 1059 1602 1115; x_wconf 91' lang='lat' dir='ltr'>loco</span> <span class='ocrx_word' id='word_1_78' title='bbox 1646 1061 1962 1116; x_wconf 88' lang='lat' dir='ltr'>Dominum</span> <span class='ocrx_word' id='word_1_79' title='bbox 1995 1059 2084 1114; x_wconf 88' lang='lat' dir='ltr'>di-</span> 
     </span>
    </p>
   </div>
   <div class='ocr_carea' id='block_1_13' title="bbox 440 1151 2083 1222">
    <p class='ocr_par' dir='ltr' id='par_1_13' title="bbox 440 1151 2083 1222">
     <span class='ocr_line' id='line_1_13' title="bbox 440 1151 2083 1222; baseline -0.006 -15"><span class='ocrx_word' id='word_1_80' title='bbox 440 1151 520 1207; x_wconf 86' lang='lat' dir='ltr'>cit</span> <span class='ocrx_word' id='word_1_81' title='bbox 551 1151 866 1222; x_wconf 87' lang='lat' dir='ltr'>Spiritum:</span> <span class='ocrx_word' id='word_1_82' title='bbox 930 1173 958 1200; x_wconf 75' lang='lat' dir='ltr'>u</span> <span class='ocrx_word' id='word_1_83' title='bbox 1010 1151 1298 1207; x_wconf 87' lang='lat' dir='ltr'>Dominus</span> <span class='ocrx_word' id='word_1_84' title='bbox 1353 1159 1547 1207; x_wconf 84' lang='lat' dir='ltr'>autem</span> <span class='ocrx_word' id='word_1_85' title='bbox 1607 1151 1858 1222; x_wconf 88' lang='lat' dir='ltr'>Spiritus</span> <span class='ocrx_word' id='word_1_86' title='bbox 1916 1155 2024 1205; x_wconf 88' lang='lat' dir='ltr'>est.</span> <span class='ocrx_word' id='word_1_87' title='bbox 2056 1171 2083 1199; x_wconf 72' lang='grc' dir='ltr'>»ι</span> 
     </span>
    </p>
   </div>
   <div class='ocr_carea' id='block_1_14' title="bbox 436 1238 2088 1312">
    <p class='ocr_par' dir='ltr' id='par_1_14' title="bbox 436 1238 2088 1312">
     <span class='ocr_line' id='line_1_14' title="bbox 436 1238 2088 1312; baseline -0.001 -16"><span class='ocrx_word' id='word_1_88' title='bbox 436 1239 1070 1312; x_wconf 85' lang='lat' dir='ltr'>Deindene|quisquam</span> <span class='ocrx_word' id='word_1_89' title='bbox 1088 1240 1479 1295; x_wconf 81' lang='lat' dir='ltr'>inﬁrmiorum</span> <span class='ocrx_word' id='word_1_90' title='bbox 1501 1238 2088 1295; x_wconf 86' lang='lat' dir='ltr'>auditorumaudieus</span> 
     </span>
    </p>
   </div>
   <div class='ocr_carea' id='block_1_15' title="bbox 447 1329 2086 1400">
    <p class='ocr_par' dir='ltr' id='par_1_15' title="bbox 447 1329 2086 1400">
     <span class='ocr_line' id='line_1_15' title="bbox 447 1329 2086 1400; baseline -0.001 -16"><span class='ocrx_word' id='word_1_91' title='bbox 447 1329 604 1400; x_wconf 93' lang='lat' dir='ltr'>quod</span> <span class='ocrx_word' id='word_1_92' title='bbox 628 1331 816 1384; x_wconf 87' lang='lat' dir='ltr'>Moses</span> <span class='ocrx_word' id='word_1_93' title='bbox 833 1329 907 1384; x_wconf 88' lang='lat' dir='ltr'>ad</span> <span class='ocrx_word' id='word_1_94' title='bbox 929 1331 1240 1385; x_wconf 89' lang='lat' dir='ltr'>Dominum</span> <span class='ocrx_word' id='word_1_95' title='bbox 1286 1345 1604 1385; x_wconf 88' lang='lat' dir='ltr'>conversus</span> <span class='ocrx_word' id='word_1_96' title='bbox 1650 1329 1955 1385; x_wconf 80' lang='lat' dir='ltr'>auferebat</span> <span class='ocrx_word' id='word_1_97' title='bbox 1985 1345 2086 1383; x_wconf 91' lang='lat' dir='ltr'>ve-</span> 
     </span>
    </p>
   </div>
   <div class='ocr_carea' id='block_1_16' title="bbox 443 1417 2084 1490">
    <p class='ocr_par' dir='ltr' id='par_1_16' title="bbox 443 1417 2084 1490">
     <span class='ocr_line' id='line_1_16' title="bbox 443 1417 2084 1490; baseline -0.001 -17"><span class='ocrx_word' id='word_1_98' title='bbox 443 1419 662 1486; x_wconf 81' lang='lat' dir='ltr'>lamen,</span> <span class='ocrx_word' id='word_1_99' title='bbox 697 1420 822 1490; x_wconf 86' lang='lat' dir='ltr'>ipse</span> <span class='ocrx_word' id='word_1_100' title='bbox 857 1436 990 1474; x_wconf 75' lang='lat' dir='ltr'>vero</span> <span class='ocrx_word' id='word_1_101' title='bbox 1022 1436 1156 1474; x_wconf 90' lang='lat' dir='ltr'>cum</span> <span class='ocrx_word' id='word_1_102' title='bbox 1188 1419 1420 1474; x_wconf 90' lang='lat' dir='ltr'>aPaulo</span> <span class='ocrx_word' id='word_1_103' title='bbox 1453 1419 1718 1474; x_wconf 88' lang='lat' dir='ltr'>converti</span> <span class='ocrx_word' id='word_1_104' title='bbox 1777 1417 1848 1474; x_wconf 86' lang='lat' dir='ltr'>ad</span> <span class='ocrx_word' id='word_1_105' title='bbox 1907 1417 2084 1490; x_wconf 90' lang='lat' dir='ltr'>Spiri-</span> 
     </span>
    </p>
   </div>
   <div class='ocr_carea' id='block_1_17' title="bbox 443 1507 2089 1582">
    <p class='ocr_par' dir='ltr' id='par_1_17' title="bbox 443 1507 2089 1582">
     <span class='ocr_line' id='line_1_17' title="bbox 443 1507 2089 1582; baseline -0.001 -20"><span class='ocrx_word' id='word_1_106' title='bbox 443 1513 568 1564; x_wconf 87' lang='lat' dir='ltr'>tum</span> <span class='ocrx_word' id='word_1_107' title='bbox 601 1508 975 1572; x_wconf 86' lang='lat' dir='ltr'>admonetur,</span> <span class='ocrx_word' id='word_1_108' title='bbox 1009 1513 1180 1582; x_wconf 89' lang='lat' dir='ltr'>putet</span> <span class='ocrx_word' id='word_1_109' title='bbox 1211 1525 1271 1563; x_wconf 90' lang='lat' dir='ltr'>se</span> <span class='ocrx_word' id='word_1_110' title='bbox 1301 1524 1420 1563; x_wconf 91' lang='lat' dir='ltr'>non</span> <span class='ocrx_word' id='word_1_111' title='bbox 1453 1507 1526 1562; x_wconf 91' lang='lat' dir='ltr'>ad</span> <span class='ocrx_word' id='word_1_112' title='bbox 1577 1507 1894 1564; x_wconf 90' lang='lat' dir='ltr'>Dominum</span> <span class='ocrx_word' id='word_1_113' title='bbox 1954 1523 2089 1563; x_wconf 92' lang='lat' dir='ltr'>con-</span> 
     </span>
    </p>
   </div>
   <div class='ocr_carea' id='block_1_18' title="bbox 441 1597 2084 1670">
    <p class='ocr_par' dir='ltr' id='par_1_18' title="bbox 441 1597 2084 1670">
     <span class='ocr_line' id='line_1_18' title="bbox 441 1597 2084 1670; baseline -0.002 -21"><span class='ocrx_word' id='word_1_114' title='bbox 441 1597 608 1664; x_wconf 88' lang='lat' dir='ltr'>verti,</span> <span class='ocrx_word' id='word_1_115' title='bbox 634 1597 1018 1670; x_wconf 79' lang='lat' dir='ltr'>subjungitzu</span> <span class='ocrx_word' id='word_1_116' title='bbox 1046 1598 1332 1653; x_wconf 85' lang='lat' dir='ltr'>Dominus</span> <span class='ocrx_word' id='word_1_117' title='bbox 1381 1605 1577 1652; x_wconf 85' lang='lat' dir='ltr'>autem</span> <span class='ocrx_word' id='word_1_118' title='bbox 1623 1597 1874 1668; x_wconf 89' lang='lat' dir='ltr'>Spiritus</span> <span class='ocrx_word' id='word_1_119' title='bbox 1912 1602 2020 1652; x_wconf 89' lang='lat' dir='ltr'>est.</span> <span class='ocrx_word' id='word_1_120' title='bbox 2055 1617 2084 1646; x_wconf 83' lang='lat'><strong>»</strong></span> 
     </span>
    </p>
   </div>
   <div class='ocr_carea' id='block_1_19' title="bbox 439 1685 2086 1758">
    <p class='ocr_par' dir='ltr' id='par_1_19' title="bbox 439 1685 2086 1758">
     <span class='ocr_line' id='line_1_19' title="bbox 439 1685 2086 1758; baseline -0.001 -16"><span class='ocrx_word' id='word_1_121' title='bbox 439 1688 519 1742; x_wconf 81' lang='lat' dir='ltr'>Ne</span> <span class='ocrx_word' id='word_1_122' title='bbox 549 1686 837 1746; x_wconf 88' lang='lat' dir='ltr'>timueris.</span> <span class='ocrx_word' id='word_1_123' title='bbox 866 1685 1081 1758; x_wconf 86' lang='lat' dir='ltr'>inquit,</span> <span class='ocrx_word' id='word_1_124' title='bbox 1105 1687 1284 1742; x_wconf 87' lang='lat' dir='ltr'>etiam</span> <span class='ocrx_word' id='word_1_125' title='bbox 1307 1685 1380 1740; x_wconf 92' lang='lat' dir='ltr'>ad</span> <span class='ocrx_word' id='word_1_126' title='bbox 1429 1687 1748 1742; x_wconf 91' lang='lat' dir='ltr'>Dominum</span> <span class='ocrx_word' id='word_1_127' title='bbox 1779 1691 2086 1742; x_wconf 87' lang='lat' dir='ltr'>converte-</span> 
     </span>
    </p>
   </div>
   <div class='ocr_carea' id='block_1_20' title="bbox 438 1776 2158 1850">
    <p class='ocr_par' dir='ltr' id='par_1_20' title="bbox 438 1776 2158 1850">
     <span class='ocr_line' id='line_1_20' title="bbox 438 1776 2158 1850; baseline 0 -20"><span class='ocrx_word' id='word_1_128' title='bbox 438 1776 522 1830; x_wconf 89' lang='lat' dir='ltr'>ris</span> <span class='ocrx_word' id='word_1_129' title='bbox 553 1793 686 1832; x_wconf 89' lang='lat' dir='ltr'>cum</span> <span class='ocrx_word' id='word_1_130' title='bbox 716 1777 790 1832; x_wconf 91' lang='lat' dir='ltr'>ad</span> <span class='ocrx_word' id='word_1_131' title='bbox 823 1777 1102 1849; x_wconf 88' lang='lat' dir='ltr'>Spiritum</span> <span class='ocrx_word' id='word_1_132' title='bbox 1135 1777 1495 1832; x_wconf 86' lang='lat' dir='ltr'>converteris</span> <span class='ocrx_word' id='word_1_133' title='bbox 1528 1783 1541 1834; x_wconf 80' lang='grc' dir='ltr'>ε</span> <span class='ocrx_word' id='word_1_134' title='bbox 1599 1792 1738 1832; x_wconf 89' lang='lat' dir='ltr'>nam</span> <span class='ocrx_word' id='word_1_135' title='bbox 1795 1777 2080 1832; x_wconf 85' lang='lat' dir='ltr'>Dominus</span> <span class='ocrx_word' id='word_1_136' title='bbox 2111 1789 2158 1850; x_wconf 79' lang='grc' dir='ltr'>Β</span> 
     </span>
    </p>
   </div>
   <div class='ocr_carea' id='block_1_21' title="bbox 439 1865 2084 1939">
    <p class='ocr_par' dir='ltr' id='par_1_21' title="bbox 439 1865 2084 1939">
     <span class='ocr_line' id='line_1_21' title="bbox 439 1865 2084 1939; baseline 0.002 -20"><span class='ocrx_word' id='word_1_137' title='bbox 439 1865 690 1937; x_wconf 86' lang='lat' dir='ltr'>Spiritus</span> <span class='ocrx_word' id='word_1_138' title='bbox 714 1872 820 1928; x_wconf 83' lang='lat' dir='ltr'>est,</span> <span class='ocrx_word' id='word_1_139' title='bbox 851 1867 1116 1938; x_wconf 80' lang='lat' dir='ltr'>ejusdem</span> <span class='ocrx_word' id='word_1_140' title='bbox 1142 1868 1490 1939; x_wconf 73' lang='lat' dir='ltr'>maiestatis,</span> <span class='ocrx_word' id='word_1_141' title='bbox 1515 1866 1722 1923; x_wconf 90' lang='lat' dir='ltr'>eodem</span> <span class='ocrx_word' id='word_1_142' title='bbox 1745 1867 1920 1922; x_wconf 90' lang='lat' dir='ltr'>modo</span> <span class='ocrx_word' id='word_1_143' title='bbox 1943 1866 2084 1922; x_wconf 90' lang='lat' dir='ltr'>ado-</span> 
     </span>
    </p>
   </div>
   <div class='ocr_carea' id='block_1_22' title="bbox 439 1955 2080 2028">
    <p class='ocr_par' dir='ltr' id='par_1_22' title="bbox 439 1955 2080 2028">
     <span class='ocr_line' id='line_1_22' title="bbox 439 1955 2080 2028; baseline 0.001 -18"><span class='ocrx_word' id='word_1_144' title='bbox 439 1955 685 2020; x_wconf 88' lang='lat' dir='ltr'>randus,</span> <span class='ocrx_word' id='word_1_145' title='bbox 721 1956 1104 2028; x_wconf 77' lang='lat' dir='ltr'>ejusdemque</span> <span class='ocrx_word' id='word_1_146' title='bbox 1125 1957 1469 2012; x_wconf 71' lang='lat' dir='ltr'>substantia:</span> <span class='ocrx_word' id='word_1_147' title='bbox 1488 1973 1618 2012; x_wconf 90' lang='lat' dir='ltr'>cum</span> <span class='ocrx_word' id='word_1_148' title='bbox 1635 1959 1806 2012; x_wconf 86' lang='lat' dir='ltr'>Patre</span> <span class='ocrx_word' id='word_1_149' title='bbox 1824 1973 1890 2012; x_wconf 86' lang='lat' dir='ltr'>ac</span> <span class='ocrx_word' id='word_1_150' title='bbox 1913 1957 2080 2012; x_wconf 89' lang='lat' dir='ltr'>Filio.</span> 
     </span>
    </p>
   </div>
   <div class='ocr_carea' id='block_1_23' title="bbox 445 2044 2082 2118">
    <p class='ocr_par' dir='ltr' id='par_1_23' title="bbox 445 2044 2082 2118">
     <span class='ocr_line' id='line_1_23' title="bbox 445 2044 2082 2118; baseline 0.002 -22"><span class='ocrx_word' id='word_1_151' title='bbox 445 2065 470 2096; x_wconf 88' lang='grc'><strong>››</strong></span> <span class='ocrx_word' id='word_1_152' title='bbox 507 2044 591 2099; x_wconf 92' lang='lat' dir='ltr'>lbi</span> <span class='ocrx_word' id='word_1_153' title='bbox 623 2045 886 2100; x_wconf 89' lang='lat' dir='ltr'>libertas.</span> <span class='ocrx_word' id='word_1_154' title='bbox 920 2069 946 2094; x_wconf 86' lang='grc'><strong><em>››</em></strong></span> <span class='ocrx_word' id='word_1_155' title='bbox 979 2047 1042 2101; x_wconf 89' lang='lat' dir='ltr'>ld</span> <span class='ocrx_word' id='word_1_156' title='bbox 1075 2047 1291 2101; x_wconf 89' lang='lat' dir='ltr'>dicitur</span> <span class='ocrx_word' id='word_1_157' title='bbox 1321 2047 1486 2118; x_wconf 87' lang='lat' dir='ltr'>quasi</span> <span class='ocrx_word' id='word_1_158' title='bbox 1521 2047 1962 2118; x_wconf 85' lang='lat' dir='ltr'>comparatione</span> <span class='ocrx_word' id='word_1_159' title='bbox 2011 2046 2082 2101; x_wconf 88' lang='lat' dir='ltr'>ad</span> 
     </span>
    </p>
   </div>
   <div class='ocr_carea' id='block_1_24' title="bbox 445 2134 2082 2208">
    <p class='ocr_par' dir='ltr' id='par_1_24' title="bbox 445 2134 2082 2208">
     <span class='ocr_line' id='line_1_24' title="bbox 445 2134 2082 2208; baseline 0.002 -20"><span class='ocrx_word' id='word_1_160' title='bbox 445 2134 634 2206; x_wconf 82' lang='lat' dir='ltr'>legem</span> <span class='ocrx_word' id='word_1_161' title='bbox 666 2150 678 2189; x_wconf 92' lang='lat'>:</span> <span class='ocrx_word' id='word_1_162' title='bbox 712 2135 794 2188; x_wconf 86' lang='lat' dir='ltr'>ibi</span> <span class='ocrx_word' id='word_1_163' title='bbox 827 2134 986 2190; x_wconf 89' lang='lat' dir='ltr'>enim</span> <span class='ocrx_word' id='word_1_164' title='bbox 1010 2136 1218 2208; x_wconf 87' lang='lat' dir='ltr'>jugum</span> <span class='ocrx_word' id='word_1_165' title='bbox 1251 2141 1378 2191; x_wconf 90' lang='lat' dir='ltr'>erat</span> <span class='ocrx_word' id='word_1_166' title='bbox 1427 2141 1485 2190; x_wconf 89' lang='lat' dir='ltr'>et</span> <span class='ocrx_word' id='word_1_167' title='bbox 1530 2135 1799 2204; x_wconf 86' lang='lat' dir='ltr'>servitus,</span> <span class='ocrx_word' id='word_1_168' title='bbox 1860 2135 1922 2190; x_wconf 90' lang='lat' dir='ltr'>in</span> <span class='ocrx_word' id='word_1_169' title='bbox 1970 2135 2082 2192; x_wconf 83' lang='lat' dir='ltr'>ﬁde</span> 
     </span>
    </p>
   </div>
   <div class='ocr_carea' id='block_1_25' title="bbox 441 2223 2083 2288">
    <p class='ocr_par' dir='ltr' id='par_1_25' title="bbox 441 2223 2083 2288">
     <span class='ocr_line' id='line_1_25' title="bbox 441 2223 2083 2288; baseline 0.002 -12"><span class='ocrx_word' id='word_1_170' title='bbox 441 2239 576 2278; x_wconf 90' lang='lat' dir='ltr'>veso</span> <span class='ocrx_word' id='word_1_171' title='bbox 595 2223 806 2278; x_wconf 88' lang='lat' dir='ltr'>Christi</span> <span class='ocrx_word' id='word_1_172' title='bbox 836 2223 1096 2279; x_wconf 88' lang='lat' dir='ltr'>libertas.</span> <span class='ocrx_word' id='word_1_173' title='bbox 1122 2249 1146 2272; x_wconf 82' lang='grc' dir='ltr'>α</span> <span class='ocrx_word' id='word_1_174' title='bbox 1175 2227 1289 2280; x_wconf 77' lang='lat' dir='ltr'>Nos</span> <span class='ocrx_word' id='word_1_175' title='bbox 1337 2231 1534 2280; x_wconf 87' lang='lat' dir='ltr'>autem</span> <span class='ocrx_word' id='word_1_176' title='bbox 1581 2241 1808 2280; x_wconf 91' lang='lat' dir='ltr'>omnes.</span> <span class='ocrx_word' id='word_1_177' title='bbox 1841 2245 1864 2274; x_wconf 81' lang='lat'>»</span> <span class='ocrx_word' id='word_1_178' title='bbox 1899 2224 2083 2288; x_wconf 86' lang='lat' dir='ltr'>Adeo,</span> 
     </span>
    </p>
   </div>
   <div class='ocr_carea' id='block_1_26' title="bbox 436 2312 2082 2386">
    <p class='ocr_par' dir='ltr' id='par_1_26' title="bbox 436 2312 2082 2386">
     <span class='ocr_line' id='line_1_26' title="bbox 436 2312 2082 2386; baseline 0 -18"><span class='ocrx_word' id='word_1_179' title='bbox 436 2313 648 2384; x_wconf 87' lang='lat' dir='ltr'>inquit,</span> <span class='ocrx_word' id='word_1_180' title='bbox 675 2313 736 2367; x_wconf 91' lang='lat' dir='ltr'>in</span> <span class='ocrx_word' id='word_1_181' title='bbox 761 2312 1029 2368; x_wconf 85' lang='lat' dir='ltr'>libertate</span> <span class='ocrx_word' id='word_1_182' title='bbox 1053 2331 1120 2368; x_wconf 83' lang='lat' dir='ltr'>ac</span> <span class='ocrx_word' id='word_1_183' title='bbox 1140 2315 1532 2386; x_wconf 80' lang='lat' dir='ltr'>generositate</span> <span class='ocrx_word' id='word_1_184' title='bbox 1587 2330 1813 2380; x_wconf 91' lang='lat' dir='ltr'>sumus,</span> <span class='ocrx_word' id='word_1_185' title='bbox 1865 2321 1930 2368; x_wconf 91' lang='lat' dir='ltr'>ut</span> <span class='ocrx_word' id='word_1_186' title='bbox 1960 2331 2082 2368; x_wconf 91' lang='lat' dir='ltr'>om-</span> 
     </span>
    </p>
   </div>
   <div class='ocr_carea' id='block_1_27' title="bbox 435 2401 2085 2474">
    <p class='ocr_par' dir='ltr' id='par_1_27' title="bbox 435 2401 2085 2474">
     <span class='ocr_line' id='line_1_27' title="bbox 435 2401 2085 2474; baseline 0 -16"><span class='ocrx_word' id='word_1_187' title='bbox 435 2419 544 2458; x_wconf 88' lang='lat' dir='ltr'>nes</span> <span class='ocrx_word' id='word_1_188' title='bbox 575 2418 684 2456; x_wconf 89' lang='lat' dir='ltr'>nos</span> <span class='ocrx_word' id='word_1_189' title='bbox 702 2401 934 2458; x_wconf 88' lang='lat' dir='ltr'>detecta</span> <span class='ocrx_word' id='word_1_190' title='bbox 964 2403 1112 2457; x_wconf 85' lang='lat' dir='ltr'>facie</span> <span class='ocrx_word' id='word_1_191' title='bbox 1145 2403 1359 2474; x_wconf 90' lang='lat' dir='ltr'>(neque</span> <span class='ocrx_word' id='word_1_192' title='bbox 1383 2403 1543 2458; x_wconf 90' lang='lat' dir='ltr'>enim</span> <span class='ocrx_word' id='word_1_193' title='bbox 1575 2403 1730 2474; x_wconf 86' lang='lat' dir='ltr'>apud</span> <span class='ocrx_word' id='word_1_194' title='bbox 1773 2403 2085 2458; x_wconf 88' lang='lat' dir='ltr'>credentes</span> 
     </span>
    </p>
   </div>
   <div class='ocr_carea' id='block_1_28' title="bbox 435 2493 2084 2566">
    <p class='ocr_par' dir='ltr' id='par_1_28' title="bbox 435 2493 2084 2566">
     <span class='ocr_line' id='line_1_28' title="bbox 435 2493 2084 2566; baseline 0.001 -18"><span class='ocrx_word' id='word_1_195' title='bbox 435 2493 727 2565; x_wconf 87' lang='lat' dir='ltr'>contingit</span> <span class='ocrx_word' id='word_1_196' title='bbox 756 2509 885 2548; x_wconf 90' lang='lat' dir='ltr'>esse</span> <span class='ocrx_word' id='word_1_197' title='bbox 918 2493 1206 2565; x_wconf 86' lang='lat' dir='ltr'>velamen)</span> <span class='ocrx_word' id='word_1_198' title='bbox 1238 2493 1486 2566; x_wconf 81' lang='lat' dir='ltr'>gloriam</span> <span class='ocrx_word' id='word_1_199' title='bbox 1518 2494 1751 2550; x_wconf 92' lang='lat' dir='ltr'>Domini</span> <span class='ocrx_word' id='word_1_200' title='bbox 1787 2495 2084 2550; x_wconf 90' lang='lat' dir='ltr'>intuentes</span> 
     </span>
    </p>
   </div>
   <div class='ocr_carea' id='block_1_29' title="bbox 437 2581 2082 2656">
    <p class='ocr_par' dir='ltr' id='par_1_29' title="bbox 437 2581 2082 2656">
     <span class='ocr_line' id='line_1_29' title="bbox 437 2581 2082 2656; baseline 0.001 -18"><span class='ocrx_word' id='word_1_201' title='bbox 437 2581 956 2650; x_wconf 83' lang='lat' dir='ltr'>transformamur,</span> <span class='ocrx_word' id='word_1_202' title='bbox 1014 2583 1521 2648; x_wconf 89' lang='lat' dir='ltr'>Quemadmodum</span> <span class='ocrx_word' id='word_1_203' title='bbox 1581 2584 1742 2640; x_wconf 90' lang='lat' dir='ltr'>enim</span> <span class='ocrx_word' id='word_1_204' title='bbox 1771 2591 2082 2656; x_wconf 83' lang='lat' dir='ltr'>argentum</span> 
     </span>
    </p>
   </div>
   <div class='ocr_carea' id='block_1_30' title="bbox 437 2671 2086 2744">
    <p class='ocr_par' dir='ltr' id='par_1_30' title="bbox 437 2671 2086 2744">
     <span class='ocr_line' id='line_1_30' title="bbox 437 2671 2086 2744; baseline 0.001 -17"><span class='ocrx_word' id='word_1_205' title='bbox 437 2671 546 2727; x_wconf 90' lang='lat' dir='ltr'>soli</span> <span class='ocrx_word' id='word_1_206' title='bbox 571 2672 929 2743; x_wconf 79' lang='lat' dir='ltr'>oppositum,</span> <span class='ocrx_word' id='word_1_207' title='bbox 962 2673 1159 2744; x_wconf 90' lang='lat' dir='ltr'>ipsum</span> <span class='ocrx_word' id='word_1_208' title='bbox 1191 2673 1366 2728; x_wconf 85' lang='lat' dir='ltr'>etiam</span> <span class='ocrx_word' id='word_1_209' title='bbox 1403 2674 1691 2744; x_wconf 87' lang='lat' dir='ltr'>quosdam</span> <span class='ocrx_word' id='word_1_210' title='bbox 1721 2674 1938 2728; x_wconf 89' lang='lat' dir='ltr'>emittit</span> <span class='ocrx_word' id='word_1_211' title='bbox 1989 2690 2086 2728; x_wconf 88' lang='lat' dir='ltr'>ra-</span> 
     </span>
    </p>
   </div>
   <div class='ocr_carea' id='block_1_31' title="bbox 437 2761 2082 2834">
    <p class='ocr_par' dir='ltr' id='par_1_31' title="bbox 437 2761 2082 2834">
     <span class='ocr_line' id='line_1_31' title="bbox 437 2761 2082 2834; baseline 0.001 -18"><span class='ocrx_word' id='word_1_212' title='bbox 437 2761 568 2817; x_wconf 91' lang='lat' dir='ltr'>dios</span> <span class='ocrx_word' id='word_1_213' title='bbox 595 2778 701 2833; x_wconf 91' lang='lat' dir='ltr'>per</span> <span class='ocrx_word' id='word_1_214' title='bbox 721 2762 1024 2818; x_wconf 88' lang='lat' dir='ltr'>incursum</span> <span class='ocrx_word' id='word_1_215' title='bbox 1050 2762 1192 2818; x_wconf 90' lang='lat' dir='ltr'>solis</span> <span class='ocrx_word' id='word_1_216' title='bbox 1217 2779 1230 2818; x_wconf 89' lang='lat'><strong>:</strong></span> <span class='ocrx_word' id='word_1_217' title='bbox 1283 2763 1440 2818; x_wconf 86' lang='lat' dir='ltr'>itaet</span> <span class='ocrx_word' id='word_1_218' title='bbox 1483 2780 1590 2820; x_wconf 91' lang='lat' dir='ltr'>nos</span> <span class='ocrx_word' id='word_1_219' title='bbox 1634 2763 1695 2818; x_wconf 88' lang='lat' dir='ltr'>in</span> <span class='ocrx_word' id='word_1_220' title='bbox 1725 2763 2082 2834; x_wconf 85' lang='lat' dir='ltr'>baptismate</span> 
     </span>
    </p>
   </div>
   <div class='ocr_carea' id='block_1_32' title="bbox 435 2854 2082 2928">
    <p class='ocr_par' dir='ltr' id='par_1_32' title="bbox 435 2854 2082 2928">
     <span class='ocr_line' id='line_1_32' title="bbox 435 2854 2082 2928; baseline 0 -20"><span class='ocrx_word' id='word_1_221' title='bbox 435 2869 546 2926; x_wconf 87' lang='lat' dir='ltr'>per</span> <span class='ocrx_word' id='word_1_222' title='bbox 579 2854 858 2925; x_wconf 89' lang='lat' dir='ltr'>Spiritum</span> <span class='ocrx_word' id='word_1_223' title='bbox 889 2855 1209 2928; x_wconf 89' lang='lat' dir='ltr'>repurgati,</span> <span class='ocrx_word' id='word_1_224' title='bbox 1243 2861 1302 2910; x_wconf 89' lang='lat' dir='ltr'>et</span> <span class='ocrx_word' id='word_1_225' title='bbox 1330 2855 1492 2910; x_wconf 89' lang='lat' dir='ltr'>illius</span> <span class='ocrx_word' id='word_1_226' title='bbox 1541 2855 1723 2910; x_wconf 88' lang='lat' dir='ltr'>radiis</span> <span class='ocrx_word' id='word_1_227' title='bbox 1780 2854 2082 2922; x_wconf 88' lang='lat' dir='ltr'>illustrati,</span> 
     </span>
    </p>
   </div>
   <div class='ocr_carea' id='block_1_33' title="bbox 440 2943 2081 3018">
    <p class='ocr_par' dir='ltr' id='par_1_33' title="bbox 440 2943 2081 3018">
     <span class='ocr_line' id='line_1_33' title="bbox 440 2943 2081 3018; baseline 0.001 -20"><span class='ocrx_word' id='word_1_228' title='bbox 440 2943 820 3015; x_wconf 89' lang='lat' dir='ltr'>splendorem</span> <span class='ocrx_word' id='word_1_229' title='bbox 871 2945 1188 3014; x_wconf 85' lang='lat' dir='ltr'>quemdam</span> <span class='ocrx_word' id='word_1_230' title='bbox 1245 2945 1681 3018; x_wconf 86' lang='lat' dir='ltr'>intelligibilem</span> <span class='ocrx_word' id='word_1_231' title='bbox 1735 2943 2081 3000; x_wconf 89' lang='lat' dir='ltr'>emittimus.</span> 
     </span>
    </p>
   </div>
   <div class='ocr_carea' id='block_1_34' title="bbox 437 3033 2084 3108">
    <p class='ocr_par' dir='ltr' id='par_1_34' title="bbox 437 3033 2084 3108">
     <span class='ocr_line' id='line_1_34' title="bbox 437 3033 2084 3108; baseline 0 -20"><span class='ocrx_word' id='word_1_232' title='bbox 437 3034 574 3088; x_wconf 87' lang='lat' dir='ltr'>Vult</span> <span class='ocrx_word' id='word_1_233' title='bbox 604 3041 804 3090; x_wconf 87' lang='lat' dir='ltr'>autem</span> <span class='ocrx_word' id='word_1_234' title='bbox 835 3041 896 3090; x_wconf 89' lang='lat' dir='ltr'>et</span> <span class='ocrx_word' id='word_1_235' title='bbox 924 3035 1086 3108; x_wconf 90' lang='lat' dir='ltr'>ipsos</span> <span class='ocrx_word' id='word_1_236' title='bbox 1111 3035 1184 3092; x_wconf 89' lang='lat' dir='ltr'>ad</span> <span class='ocrx_word' id='word_1_237' title='bbox 1213 3035 1620 3107; x_wconf 84' lang='lat' dir='ltr'>apostolorum</span> <span class='ocrx_word' id='word_1_238' title='bbox 1666 3035 1938 3090; x_wconf 88' lang='lat' dir='ltr'>ordinem</span> <span class='ocrx_word' id='word_1_239' title='bbox 1987 3033 2084 3090; x_wconf 87' lang='lat' dir='ltr'>ad-</span> 
     </span>
    </p>
   </div>
   <div class='ocr_carea' id='block_1_35' title="bbox 2192 511 3846 588">
    <p class='ocr_par' dir='ltr' id='par_1_35' title="bbox 2192 511 3846 588">
     <span class='ocr_line' id='line_1_35' title="bbox 2192 511 3846 588; baseline 0.002 -19"><span class='ocrx_word' id='word_1_240' title='bbox 2192 517 2507 588; x_wconf 74' lang='grc' dir='ltr'>περιῃρεῖτο</span> <span class='ocrx_word' id='word_1_241' title='bbox 2558 513 2621 568; x_wconf 87' lang='grc' dir='ltr'>τὸ</span> <span class='ocrx_word' id='word_1_242' title='bbox 2688 511 2976 588; x_wconf 68' lang='grc' dir='ltr'>κάλυμμα.</span> <span class='ocrx_word' id='word_1_243' title='bbox 3042 516 3226 579; x_wconf 75' lang='grc' dir='ltr'>Τόπος</span> <span class='ocrx_word' id='word_1_244' title='bbox 3293 517 3386 571; x_wconf 85' lang='grc' dir='ltr'>οῦν</span> <span class='ocrx_word' id='word_1_245' title='bbox 3442 517 3510 586; x_wconf 76' lang='grc' dir='ltr'>ἦν</span> <span class='ocrx_word' id='word_1_246' title='bbox 3577 515 3764 574; x_wconf 72' lang='grc' dir='ltr'>αὐτῶν</span> <span class='ocrx_word' id='word_1_247' title='bbox 3823 519 3846 572; x_wconf 72' lang='lat' dir='ltr'>ri</span> 
     </span>
    </p>
   </div>
   <div class='ocr_carea' id='block_1_36' title="bbox 2191 601 3846 683">
    <p class='ocr_par' dir='ltr' id='par_1_36' title="bbox 2191 601 3846 683">
     <span class='ocr_line' id='line_1_36' title="bbox 2191 601 3846 683; baseline 0.003 -28"><span class='ocrx_word' id='word_1_248' title='bbox 2191 607 2414 672; x_wconf 69' lang='grc' dir='ltr'>Μωσῆς.</span> <span class='ocrx_word' id='word_1_249' title='bbox 2475 601 2576 658; x_wconf 83' lang='grc' dir='ltr'>Καὶ</span> <span class='ocrx_word' id='word_1_250' title='bbox 2608 603 2712 678; x_wconf 74' lang='grc' dir='ltr'>γὰρ</span> <span class='ocrx_word' id='word_1_251' title='bbox 2771 603 2860 658; x_wconf 76' lang='grc' dir='ltr'>καὶ</span> <span class='ocrx_word' id='word_1_252' title='bbox 2920 603 3072 658; x_wconf 77' lang='grc' dir='ltr'>αὐτοὶ</span> <span class='ocrx_word' id='word_1_253' title='bbox 3133 605 3289 674; x_wconf 78' lang='grc' dir='ltr'>ἡνίκα</span> <span class='ocrx_word' id='word_1_254' title='bbox 3351 606 3442 680; x_wconf 72' lang='grc' dir='ltr'>μὲν</span> <span class='ocrx_word' id='word_1_255' title='bbox 3505 605 3846 683; x_wconf 59' lang='grc' dir='ltr'>ἐμφιλοχω-</span> 
     </span>
    </p>
   </div>
   <div class='ocr_carea' id='block_1_37' title="bbox 2193 688 3840 772">
    <p class='ocr_par' dir='ltr' id='par_1_37' title="bbox 2193 688 3840 772">
     <span class='ocr_line' id='line_1_37' title="bbox 2193 688 3840 772; baseline 0.001 -25"><span class='ocrx_word' id='word_1_256' title='bbox 2193 696 2441 766; x_wconf 79' lang='grc' dir='ltr'>ροῦσιτῷ</span> <span class='ocrx_word' id='word_1_257' title='bbox 2460 693 2636 763; x_wconf 82' lang='grc' dir='ltr'>νόμῳ,</span> <span class='ocrx_word' id='word_1_258' title='bbox 2662 688 2854 772; x_wconf 75' lang='grc' dir='ltr'>ἔχουσι</span> <span class='ocrx_word' id='word_1_259' title='bbox 2875 695 2936 749; x_wconf 89' lang='grc' dir='ltr'>τὸ</span> <span class='ocrx_word' id='word_1_260' title='bbox 2959 694 3247 770; x_wconf 68' lang='grc' dir='ltr'>κάλυμμα,</span> <span class='ocrx_word' id='word_1_261' title='bbox 3281 695 3411 770; x_wconf 67' lang='grc' dir='ltr'>ὅπερ</span> <span class='ocrx_word' id='word_1_262' title='bbox 3441 698 3643 759; x_wconf 70' lang='grc' dir='ltr'>αὐτοὺς</span> <span class='ocrx_word' id='word_1_263' title='bbox 3669 699 3840 752; x_wconf 74' lang='grc' dir='ltr'>αὐτὸν</span> 
     </span>
    </p>
   </div>
   <div class='ocr_carea' id='block_1_38' title="bbox 2191 780 3844 862">
    <p class='ocr_par' dir='ltr' id='par_1_38' title="bbox 2191 780 3844 862">
     <span class='ocr_line' id='line_1_38' title="bbox 2191 780 3844 862; baseline 0.002 -25"><span class='ocrx_word' id='word_1_264' title='bbox 2191 783 2284 837; x_wconf 87' lang='grc' dir='ltr'>τὸν</span> <span class='ocrx_word' id='word_1_265' title='bbox 2314 781 2484 854; x_wconf 87' lang='grc' dir='ltr'>νόμον</span> <span class='ocrx_word' id='word_1_266' title='bbox 2519 780 2648 836; x_wconf 80' lang='grc' dir='ltr'>ἰδεῖν</span> <span class='ocrx_word' id='word_1_267' title='bbox 2683 783 2779 838; x_wconf 85' lang='grc' dir='ltr'>οὐκ</span> <span class='ocrx_word' id='word_1_268' title='bbox 2837 783 2915 854; x_wconf 81' lang='grc' dir='ltr'>ἐᾷ,</span> <span class='ocrx_word' id='word_1_269' title='bbox 2973 791 3131 839; x_wconf 81' lang='grc' dir='ltr'>Ὅταν</span> <span class='ocrx_word' id='word_1_270' title='bbox 3185 783 3240 841; x_wconf 74' lang='grc' dir='ltr'>δὲ</span> <span class='ocrx_word' id='word_1_271' title='bbox 3297 785 3668 862; x_wconf 67' lang='grc' dir='ltr'>ἐπιστρέψωσι</span> <span class='ocrx_word' id='word_1_272' title='bbox 3701 788 3844 862; x_wconf 72' lang='grc' dir='ltr'>πρὶς</span> 
     </span>
    </p>
   </div>
   <div class='ocr_carea' id='block_1_39' title="bbox 2192 868 3852 949">
    <p class='ocr_par' dir='ltr' id='par_1_39' title="bbox 2192 868 3852 949">
     <span class='ocr_line' id='line_1_39' title="bbox 2192 868 3852 949; baseline 0.004 -26"><span class='ocrx_word' id='word_1_273' title='bbox 2192 868 2413 945; x_wconf 68' lang='grc' dir='ltr'>Κύριον,</span> <span class='ocrx_word' id='word_1_274' title='bbox 2475 877 2827 946; x_wconf 69' lang='grc' dir='ltr'>περιαιρεῖται</span> <span class='ocrx_word' id='word_1_275' title='bbox 2893 872 3069 928; x_wconf 71' lang='grc' dir='ltr'>αὐτῶν</span> <span class='ocrx_word' id='word_1_276' title='bbox 3123 875 3185 930; x_wconf 88' lang='grc' dir='ltr'>τὸ</span> <span class='ocrx_word' id='word_1_277' title='bbox 3243 873 3531 949; x_wconf 65' lang='grc' dir='ltr'>κάλυμμα.</span> <span class='ocrx_word' id='word_1_278' title='bbox 3593 876 3746 932; x_wconf 84' lang='grc' dir='ltr'>Τότε</span> <span class='ocrx_word' id='word_1_279' title='bbox 3797 873 3852 930; x_wconf 64' lang='lat' dir='ltr'>3‘s</span> 
     </span>
    </p>
   </div>
   <div class='ocr_carea' id='block_1_40' title="bbox 2190 956 3856 1041">
    <p class='ocr_par' dir='ltr' id='par_1_40' title="bbox 2190 956 3856 1041">
     <span class='ocr_line' id='line_1_40' title="bbox 2190 956 3856 1041; baseline 0.004 -29"><span class='ocrx_word' id='word_1_280' title='bbox 2190 956 2597 1038; x_wconf 72' lang='grc' dir='ltr'>ἐπιστρέφουτιν</span> <span class='ocrx_word' id='word_1_281' title='bbox 2633 1004 2648 1022; x_wconf 84' lang='lat'>,</span> <span class='ocrx_word' id='word_1_282' title='bbox 2706 961 2751 1014; x_wconf 86' lang='grc' dir='ltr'>εἰ</span> <span class='ocrx_word' id='word_1_283' title='bbox 2809 960 3027 1041; x_wconf 66' lang='grc' dir='ltr'>ἀφέντες</span> <span class='ocrx_word' id='word_1_284' title='bbox 3077 963 3171 1018; x_wconf 84' lang='grc' dir='ltr'>τὸν</span> <span class='ocrx_word' id='word_1_285' title='bbox 3228 964 3417 1036; x_wconf 86' lang='grc' dir='ltr'>νόμον,</span> <span class='ocrx_word' id='word_1_286' title='bbox 3477 964 3856 1020; x_wconf 67' lang='grc' dir='ltr'>πιστεύσουσι</span> 
     </span>
    </p>
   </div>
   <div class='ocr_carea' id='block_1_41' title="bbox 2191 1047 3854 1128">
    <p class='ocr_par' dir='ltr' id='par_1_41' title="bbox 2191 1047 3854 1128">
     <span class='ocr_line' id='line_1_41' title="bbox 2191 1047 3854 1128; baseline 0.004 -28"><span class='ocrx_word' id='word_1_287' title='bbox 2191 1047 2429 1120; x_wconf 80' lang='grc' dir='ltr'>Χριστῷ,</span> <span class='ocrx_word' id='word_1_288' title='bbox 2469 1047 2684 1119; x_wconf 75' lang='grc' dir='ltr'>καὶ-τήν</span> <span class='ocrx_word' id='word_1_289' title='bbox 2747 1050 2852 1104; x_wconf 82' lang='grc' dir='ltr'>ἀπὸ</span> <span class='ocrx_word' id='word_1_290' title='bbox 2907 1055 3004 1105; x_wconf 87' lang='grc' dir='ltr'>τοῦ</span> <span class='ocrx_word' id='word_1_291' title='bbox 3061 1053 3370 1124; x_wconf 74' lang='grc' dir='ltr'>Πνεῦματος</span> <span class='ocrx_word' id='word_1_292' title='bbox 3430 1049 3648 1109; x_wconf 70' lang='grc' dir='ltr'>λάϐωσι</span> <span class='ocrx_word' id='word_1_293' title='bbox 3680 1055 3854 1128; x_wconf 54' lang='lat' dir='ltr'>ligas</span> 
     </span>
    </p>
   </div>
   <div class='ocr_carea' id='block_1_42' title="bbox 2191 1135 3860 1218">
    <p class='ocr_par' dir='ltr' id='par_1_42' title="bbox 2191 1135 3860 1218">
     <span class='ocr_line' id='line_1_42' title="bbox 2191 1135 3860 1218; baseline 0.004 -26"><span class='ocrx_word' id='word_1_294' title='bbox 2191 1135 2242 1192; x_wconf 74' lang='grc' dir='ltr'>ἐν</span> <span class='ocrx_word' id='word_1_295' title='bbox 2271 1141 2349 1208; x_wconf 82' lang='grc' dir='ltr'>τῷ</span> <span class='ocrx_word' id='word_1_296' title='bbox 2385 1138 2744 1212; x_wconf 74' lang='grc' dir='ltr'>βαπτίσματιο</span> <span class='ocrx_word' id='word_1_297' title='bbox 2805 1139 3004 1215; x_wconf 69' lang='grc' dir='ltr'>Κύριον</span> <span class='ocrx_word' id='word_1_298' title='bbox 3057 1141 3161 1216; x_wconf 86' lang='grc' dir='ltr'>γὰρ</span> <span class='ocrx_word' id='word_1_299' title='bbox 3224 1142 3444 1206; x_wconf 70' lang='grc' dir='ltr'>ενταῦθα</span> <span class='ocrx_word' id='word_1_300' title='bbox 3501 1143 3563 1198; x_wconf 80' lang='grc' dir='ltr'>τὸ</span> <span class='ocrx_word' id='word_1_301' title='bbox 3601 1149 3860 1218; x_wconf 70' lang='grc' dir='ltr'>Πνεῦμα,</span> 
     </span>
    </p>
   </div>
   <div class='ocr_carea' id='block_1_43' title="bbox 2190 1225 3856 1306">
    <p class='ocr_par' dir='ltr' id='par_1_43' title="bbox 2190 1225 3856 1306">
     <span class='ocr_line' id='line_1_43' title="bbox 2190 1225 3856 1306; baseline 0.007 -28"><span class='ocrx_word' id='word_1_302' title='bbox 2190 1225 2368 1306; x_wconf 70' lang='grc' dir='ltr'>φησίν·</span> <span class='ocrx_word' id='word_1_303' title='bbox 2407 1253 2432 1277; x_wconf 76' lang='grc' dir='ltr'>ιι</span> <span class='ocrx_word' id='word_1_304' title='bbox 2467 1230 2526 1284; x_wconf 90' lang='grc' dir='ltr'>Ὁ</span> <span class='ocrx_word' id='word_1_305' title='bbox 2561 1225 2616 1280; x_wconf 72' lang='grc' dir='ltr'>δὲ</span> <span class='ocrx_word' id='word_1_306' title='bbox 2647 1227 2848 1302; x_wconf 66' lang='grc' dir='ltr'>Κύριος</span> <span class='ocrx_word' id='word_1_307' title='bbox 2879 1229 2940 1284; x_wconf 84' lang='grc' dir='ltr'>τὸ</span> <span class='ocrx_word' id='word_1_308' title='bbox 2973 1231 3190 1303; x_wconf 76' lang='grc' dir='ltr'>Πνεῦμα</span> <span class='ocrx_word' id='word_1_309' title='bbox 3223 1231 3381 1288; x_wconf 85' lang='grc' dir='ltr'>ἐστιν.</span> <span class='ocrx_word' id='word_1_310' title='bbox 3419 1259 3440 1286; x_wconf 76' lang='grc' dir='ltr'>ι</span> <span class='ocrx_word' id='word_1_311' title='bbox 3479 1233 3614 1288; x_wconf 71' lang='grc' dir='ltr'>Εἶτα</span> <span class='ocrx_word' id='word_1_312' title='bbox 3647 1234 3736 1288; x_wconf 73' lang='grc' dir='ltr'>ἱνα</span> <span class='ocrx_word' id='word_1_313' title='bbox 3777 1236 3856 1306; x_wconf 69' lang='grc' dir='ltr'>μή</span> 
     </span>
    </p>
   </div>
   <div class='ocr_carea' id='block_1_44' title="bbox 2189 1315 3862 1391">
    <p class='ocr_par' dir='ltr' id='par_1_44' title="bbox 2189 1315 3862 1391">
     <span class='ocr_line' id='line_1_44' title="bbox 2189 1315 3862 1391; baseline 0.004 -19"><span class='ocrx_word' id='word_1_314' title='bbox 2189 1337 2272 1378; x_wconf 87' lang='grc' dir='ltr'>τις</span> <span class='ocrx_word' id='word_1_315' title='bbox 2329 1320 2434 1370; x_wconf 83' lang='grc' dir='ltr'>τῶν</span> <span class='ocrx_word' id='word_1_316' title='bbox 2513 1315 2896 1391; x_wconf 72' lang='grc' dir='ltr'>ἀσθενεστέρων</span> <span class='ocrx_word' id='word_1_317' title='bbox 2983 1319 3314 1390; x_wconf 75' lang='grc' dir='ltr'>ἀκροατῶν,</span> <span class='ocrx_word' id='word_1_318' title='bbox 3372 1321 3610 1385; x_wconf 65' lang='grc' dir='ltr'>ἀκούσας</span> <span class='ocrx_word' id='word_1_319' title='bbox 3673 1321 3768 1378; x_wconf 73' lang='grc' dir='ltr'>ὅτι</span> <span class='ocrx_word' id='word_1_320' title='bbox 3835 1326 3862 1377; x_wconf 78' lang='grc' dir='ltr'>ὁ</span> 
     </span>
    </p>
   </div>
   <div class='ocr_carea' id='block_1_45' title="bbox 2187 1405 3860 1487">
    <p class='ocr_par' dir='ltr' id='par_1_45' title="bbox 2187 1405 3860 1487">
     <span class='ocr_line' id='line_1_45' title="bbox 2187 1405 3860 1487; baseline 0.004 -27"><span class='ocrx_word' id='word_1_321' title='bbox 2187 1409 2394 1472; x_wconf 72' lang='grc' dir='ltr'>Μωσῆς</span> <span class='ocrx_word' id='word_1_322' title='bbox 2479 1405 2611 1480; x_wconf 75' lang='grc' dir='ltr'>πρὸς</span> <span class='ocrx_word' id='word_1_323' title='bbox 2693 1405 2892 1482; x_wconf 73' lang='grc' dir='ltr'>Κύριον</span> <span class='ocrx_word' id='word_1_324' title='bbox 2981 1405 3318 1486; x_wconf 68' lang='grc' dir='ltr'>ἐπιστρέφων</span> <span class='ocrx_word' id='word_1_325' title='bbox 3403 1417 3728 1487; x_wconf 78' lang='grc' dir='ltr'>περῖῃρεῖτο</span> <span class='ocrx_word' id='word_1_326' title='bbox 3797 1413 3860 1466; x_wconf 72' lang='grc' dir='ltr'>τὸ</span> 
     </span>
    </p>
   </div>
   <div class='ocr_carea' id='block_1_46' title="bbox 2189 1491 3860 1576">
    <p class='ocr_par' dir='ltr' id='par_1_46' title="bbox 2189 1491 3860 1576">
     <span class='ocr_line' id='line_1_46' title="bbox 2189 1491 3860 1576; baseline 0.004 -27"><span class='ocrx_word' id='word_1_327' title='bbox 2189 1493 2478 1566; x_wconf 75' lang='grc' dir='ltr'>καλυμμα,</span> <span class='ocrx_word' id='word_1_328' title='bbox 2509 1494 2616 1570; x_wconf 86' lang='grc' dir='ltr'>ἐγὼ</span> <span class='ocrx_word' id='word_1_329' title='bbox 2658 1491 2714 1550; x_wconf 79' lang='grc' dir='ltr'>δὲ</span> <span class='ocrx_word' id='word_1_330' title='bbox 2771 1497 2904 1570; x_wconf 81' lang='grc' dir='ltr'>πρὸς</span> <span class='ocrx_word' id='word_1_331' title='bbox 2964 1497 3025 1552; x_wconf 87' lang='grc' dir='ltr'>τὸ</span> <span class='ocrx_word' id='word_1_332' title='bbox 3085 1503 3301 1572; x_wconf 85' lang='grc' dir='ltr'>Πνεῦμα</span> <span class='ocrx_word' id='word_1_333' title='bbox 3355 1497 3678 1576; x_wconf 74' lang='grc' dir='ltr'>ἐπιστρεψαι</span> <span class='ocrx_word' id='word_1_334' title='bbox 3745 1503 3860 1556; x_wconf 69' lang='grc' dir='ltr'>ὑπὸ</span> 
     </span>
    </p>
   </div>
   <div class='ocr_carea' id='block_1_47' title="bbox 2190 1585 3860 1665">
    <p class='ocr_par' dir='ltr' id='par_1_47' title="bbox 2190 1585 3860 1665">
     <span class='ocr_line' id='line_1_47' title="bbox 2190 1585 3860 1665; baseline 0.005 -27"><span class='ocrx_word' id='word_1_335' title='bbox 2190 1587 2285 1638; x_wconf 94' lang='grc' dir='ltr'>σοῦ</span> <span class='ocrx_word' id='word_1_336' title='bbox 2343 1585 2812 1658; x_wconf 84' lang='grc' dir='ltr'>προτρεπόμενος,</span> <span class='ocrx_word' id='word_1_337' title='bbox 2844 1587 2889 1640; x_wconf 86' lang='grc' dir='ltr'>ὦ</span> <span class='ocrx_word' id='word_1_338' title='bbox 2925 1585 3129 1656; x_wconf 75' lang='grc' dir='ltr'>Παῦλε,</span> <span class='ocrx_word' id='word_1_339' title='bbox 3185 1589 3245 1643; x_wconf 84' lang='grc' dir='ltr'>οῦ</span> <span class='ocrx_word' id='word_1_340' title='bbox 3303 1590 3439 1662; x_wconf 83' lang='grc' dir='ltr'>πρὸς</span> <span class='ocrx_word' id='word_1_341' title='bbox 3494 1591 3585 1644; x_wconf 85' lang='grc' dir='ltr'>τὸν</span> <span class='ocrx_word' id='word_1_342' title='bbox 3637 1591 3860 1665; x_wconf 68' lang='grc' dir='ltr'>Κύριον</span> 
     </span>
    </p>
   </div>
   <div class='ocr_carea' id='block_1_48' title="bbox 2187 1669 3864 1756">
    <p class='ocr_par' dir='ltr' id='par_1_48' title="bbox 2187 1669 3864 1756">
     <span class='ocr_line' id='line_1_48' title="bbox 2187 1669 3864 1756; baseline 0.005 -28"><span class='ocrx_word' id='word_1_343' title='bbox 2187 1669 2494 1752; x_wconf 62' lang='grc' dir='ltr'>ἐπιστρέψω</span> <span class='ocrx_word' id='word_1_344' title='bbox 2530 1718 2543 1742; x_wconf 90' lang='grc'>,</span> <span class='ocrx_word' id='word_1_345' title='bbox 2604 1675 2841 1750; x_wconf 82' lang='grc' dir='ltr'>ἐπάγει.</span> <span class='ocrx_word' id='word_1_346' title='bbox 2909 1703 2929 1728; x_wconf 76' lang='grc' dir='ltr'>α</span> <span class='ocrx_word' id='word_1_347' title='bbox 2986 1678 3048 1734; x_wconf 78' lang='grc' dir='ltr'>Ὀ</span> <span class='ocrx_word' id='word_1_348' title='bbox 3109 1675 3164 1732; x_wconf 69' lang='grc' dir='ltr'>δὲ</span> <span class='ocrx_word' id='word_1_349' title='bbox 3199 1679 3204 1684; x_wconf 79' lang='grc'><em>’</em></span> <span class='ocrx_word' id='word_1_350' title='bbox 3246 1679 3446 1756; x_wconf 77' lang='grc' dir='ltr'>Κόριος</span> <span class='ocrx_word' id='word_1_351' title='bbox 3501 1681 3564 1735; x_wconf 86' lang='grc' dir='ltr'>τὸ</span> <span class='ocrx_word' id='word_1_352' title='bbox 3621 1683 3864 1754; x_wconf 70' lang='grc' dir='ltr'>Πνεῦμα</span> 
     </span>
    </p>
   </div>
   <div class='ocr_carea' id='block_1_49' title="bbox 2187 1759 3864 1846">
    <p class='ocr_par' dir='ltr' id='par_1_49' title="bbox 2187 1759 3864 1846">
     <span class='ocr_line' id='line_1_49' title="bbox 2187 1759 3864 1846; baseline 0.003 -30"><span class='ocrx_word' id='word_1_353' title='bbox 2187 1762 2316 1819; x_wconf 72' lang='grc' dir='ltr'>ἐστι.</span> <span class='ocrx_word' id='word_1_354' title='bbox 2357 1787 2383 1814; x_wconf 84' lang='grc'>››</span> <span class='ocrx_word' id='word_1_355' title='bbox 2416 1765 2506 1834; x_wconf 79' lang='grc' dir='ltr'>Μὴ</span> <span class='ocrx_word' id='word_1_356' title='bbox 2540 1759 2736 1843; x_wconf 78' lang='grc' dir='ltr'>φοϐοῦ,</span> <span class='ocrx_word' id='word_1_357' title='bbox 2797 1766 2953 1846; x_wconf 73' lang='grc' dir='ltr'>φησὶ,</span> <span class='ocrx_word' id='word_1_358' title='bbox 3011 1767 3100 1822; x_wconf 77' lang='grc' dir='ltr'>καὶ</span> <span class='ocrx_word' id='word_1_359' title='bbox 3161 1769 3298 1842; x_wconf 87' lang='grc' dir='ltr'>πρὸς</span> <span class='ocrx_word' id='word_1_360' title='bbox 3353 1769 3414 1824; x_wconf 83' lang='grc' dir='ltr'>τὸ</span> <span class='ocrx_word' id='word_1_361' title='bbox 3475 1775 3701 1842; x_wconf 85' lang='grc' dir='ltr'>Πνεῦμα</span> <span class='ocrx_word' id='word_1_362' title='bbox 3735 1772 3864 1826; x_wconf 78' lang='grc' dir='ltr'>ἐπι-</span> 
     </span>
    </p>
   </div>
   <div class='ocr_carea' id='block_1_50' title="bbox 2191 1850 3862 1934">
    <p class='ocr_par' dir='ltr' id='par_1_50' title="bbox 2191 1850 3862 1934">
     <span class='ocr_line' id='line_1_50' title="bbox 2191 1850 3862 1934; baseline 0.005 -29"><span class='ocrx_word' id='word_1_363' title='bbox 2191 1850 2452 1931; x_wconf 76' lang='grc' dir='ltr'>στρέφων,</span> <span class='ocrx_word' id='word_1_364' title='bbox 2492 1853 2630 1924; x_wconf 81' lang='grc' dir='ltr'>πρὸς</span> <span class='ocrx_word' id='word_1_365' title='bbox 2687 1853 2886 1928; x_wconf 70' lang='grc' dir='ltr'>Κύριον</span> <span class='ocrx_word' id='word_1_366' title='bbox 2943 1853 3308 1933; x_wconf 69' lang='grc' dir='ltr'>ἐπιστρὲφεις.</span> <span class='ocrx_word' id='word_1_367' title='bbox 3366 1856 3563 1929; x_wconf 74' lang='grc' dir='ltr'>Κύριος</span> <span class='ocrx_word' id='word_1_368' title='bbox 3621 1860 3730 1934; x_wconf 78' lang='grc' dir='ltr'>γὰρ</span> <span class='ocrx_word' id='word_1_369' title='bbox 3795 1861 3862 1914; x_wconf 77' lang='grc' dir='ltr'>τὸ</span> 
     </span>
    </p>
   </div>
   <div class='ocr_carea' id='block_1_51' title="bbox 2191 1941 3856 2020">
    <p class='ocr_par' dir='ltr' id='par_1_51' title="bbox 2191 1941 3856 2020">
     <span class='ocr_line' id='line_1_51' title="bbox 2191 1941 3856 2020; baseline 0.005 -26"><span class='ocrx_word' id='word_1_370' title='bbox 2191 1945 2427 2012; x_wconf 79' lang='grc' dir='ltr'>Πνεῦμα,</span> <span class='ocrx_word' id='word_1_371' title='bbox 2485 1942 2574 1996; x_wconf 85' lang='grc' dir='ltr'>καὶ</span> <span class='ocrx_word' id='word_1_372' title='bbox 2632 1941 2968 2018; x_wconf 84' lang='grc' dir='ltr'>ὁμόθρονοπ,</span> <span class='ocrx_word' id='word_1_373' title='bbox 3018 1943 3107 2000; x_wconf 76' lang='grc' dir='ltr'>καὶ</span> <span class='ocrx_word' id='word_1_374' title='bbox 3175 1945 3694 2020; x_wconf 71' lang='grc' dir='ltr'>ὁμοπροσκῦνητον,</span> <span class='ocrx_word' id='word_1_375' title='bbox 3755 1950 3856 2004; x_wconf 77' lang='grc' dir='ltr'>καὶ</span> 
     </span>
    </p>
   </div>
   <div class='ocr_carea' id='block_1_52' title="bbox 2191 2031 3856 2112">
    <p class='ocr_par' dir='ltr' id='par_1_52' title="bbox 2191 2031 3856 2112">
     <span class='ocr_line' id='line_1_52' title="bbox 2191 2031 3856 2112; baseline 0.006 -28"><span class='ocrx_word' id='word_1_376' title='bbox 2191 2031 2484 2104; x_wconf 83' lang='grc' dir='ltr'>ὁμοούσιον</span> <span class='ocrx_word' id='word_1_377' title='bbox 2517 2033 2686 2106; x_wconf 81' lang='grc' dir='ltr'>Πατρί</span> <span class='ocrx_word' id='word_1_378' title='bbox 2719 2033 2805 2086; x_wconf 75' lang='grc' dir='ltr'>καὶ</span> <span class='ocrx_word' id='word_1_379' title='bbox 2841 2031 2970 2106; x_wconf 84' lang='grc' dir='ltr'>Υἰῷ.</span> <span class='ocrx_word' id='word_1_380' title='bbox 3037 2059 3056 2084; x_wconf 73' lang='grc' dir='ltr'>ε</span> <span class='ocrx_word' id='word_1_381' title='bbox 3119 2036 3266 2090; x_wconf 81' lang='grc' dir='ltr'>Ἐκεῖ</span> <span class='ocrx_word' id='word_1_382' title='bbox 3322 2033 3619 2112; x_wconf 81' lang='grc' dir='ltr'>ἐλευθερία.</span> <span class='ocrx_word' id='word_1_383' title='bbox 3663 2063 3692 2088; x_wconf 71' lang='grc' dir='ltr'>υ</span> <span class='ocrx_word' id='word_1_384' title='bbox 3755 2039 3856 2100; x_wconf 86' lang='grc' dir='ltr'>Ὡς</span> 
     </span>
    </p>
   </div>
   <div class='ocr_carea' id='block_1_53' title="bbox 2189 2121 3854 2203">
    <p class='ocr_par' dir='ltr' id='par_1_53' title="bbox 2189 2121 3854 2203">
     <span class='ocr_line' id='line_1_53' title="bbox 2189 2121 3854 2203; baseline 0.003 -28"><span class='ocrx_word' id='word_1_385' title='bbox 2189 2122 2324 2195; x_wconf 83' lang='grc' dir='ltr'>πρὸς</span> <span class='ocrx_word' id='word_1_386' title='bbox 2381 2123 2472 2178; x_wconf 89' lang='grc' dir='ltr'>τὸν</span> <span class='ocrx_word' id='word_1_387' title='bbox 2529 2123 2697 2192; x_wconf 64' lang='grc' dir='ltr'>νόμον</span> <span class='ocrx_word' id='word_1_388' title='bbox 2779 2121 2961 2178; x_wconf 82' lang='grc' dir='ltr'>τοῦτο.</span> <span class='ocrx_word' id='word_1_389' title='bbox 3019 2124 3168 2180; x_wconf 87' lang='grc' dir='ltr'>Ἐκεῖ</span> <span class='ocrx_word' id='word_1_390' title='bbox 3243 2127 3342 2200; x_wconf 62' lang='grc' dir='ltr'>γὰρ</span> <span class='ocrx_word' id='word_1_391' title='bbox 3403 2127 3562 2203; x_wconf 84' lang='grc' dir='ltr'>ζυγὸς</span> <span class='ocrx_word' id='word_1_392' title='bbox 3617 2130 3690 2196; x_wconf 68' lang='grc' dir='ltr'>ἦν</span> <span class='ocrx_word' id='word_1_393' title='bbox 3751 2129 3854 2184; x_wconf 68' lang='grc' dir='ltr'><strong>καί</strong></span> 
     </span>
    </p>
   </div>
   <div class='ocr_carea' id='block_1_54' title="bbox 2190 2207 3854 2290">
    <p class='ocr_par' dir='ltr' id='par_1_54' title="bbox 2190 2207 3854 2290">
     <span class='ocr_line' id='line_1_54' title="bbox 2190 2207 3854 2290; baseline 0.005 -26"><span class='ocrx_word' id='word_1_394' title='bbox 2190 2207 2432 2273; x_wconf 86' lang='grc' dir='ltr'>δουλεία.</span> <span class='ocrx_word' id='word_1_395' title='bbox 2465 2209 2514 2264; x_wconf 86' lang='grc' dir='ltr'>ἐν</span> <span class='ocrx_word' id='word_1_396' title='bbox 2549 2208 2605 2266; x_wconf 72' lang='grc' dir='ltr'>δὲ</span> <span class='ocrx_word' id='word_1_397' title='bbox 2633 2215 2702 2286; x_wconf 78' lang='grc' dir='ltr'>τῇ</span> <span class='ocrx_word' id='word_1_398' title='bbox 2734 2211 2911 2268; x_wconf 81' lang='grc' dir='ltr'>πίστει</span> <span class='ocrx_word' id='word_1_399' title='bbox 2949 2215 3186 2288; x_wconf 87' lang='grc' dir='ltr'>Χριστοῦ</span> <span class='ocrx_word' id='word_1_400' title='bbox 3245 2213 3544 2289; x_wconf 65' lang='grc' dir='ltr'>ἐλευθερία.</span> <span class='ocrx_word' id='word_1_401' title='bbox 3579 2241 3605 2268; x_wconf 86' lang='grc'>‹‹</span> <span class='ocrx_word' id='word_1_402' title='bbox 3645 2218 3854 2290; x_wconf 81' lang='grc' dir='ltr'>Ἡμεῖς</span> 
     </span>
    </p>
   </div>
   <div class='ocr_carea' id='block_1_55' title="bbox 2189 2296 3855 2383">
    <p class='ocr_par' dir='ltr' id='par_1_55' title="bbox 2189 2296 3855 2383">
     <span class='ocr_line' id='line_1_55' title="bbox 2189 2296 3855 2383; baseline 0.005 -30"><span class='ocrx_word' id='word_1_403' title='bbox 2189 2296 2246 2354; x_wconf 75' lang='grc' dir='ltr'>δε</span> <span class='ocrx_word' id='word_1_404' title='bbox 2303 2299 2495 2362; x_wconf 73' lang='grc' dir='ltr'>πάντες</span> <span class='ocrx_word' id='word_1_405' title='bbox 2535 2347 2548 2369; x_wconf 88' lang='grc'>,</span> <span class='ocrx_word' id='word_1_406' title='bbox 2609 2325 2636 2350; x_wconf 76' lang='grc' dir='ltr'>υ</span> <span class='ocrx_word' id='word_1_407' title='bbox 2693 2301 2953 2358; x_wconf 87' lang='grc' dir='ltr'>τοσοῦτόν</span> <span class='ocrx_word' id='word_1_408' title='bbox 3014 2302 3172 2376; x_wconf 81' lang='grc' dir='ltr'>ἐσμεν</span> <span class='ocrx_word' id='word_1_409' title='bbox 3207 2349 3219 2368; x_wconf 89' lang='grc'>,</span> <span class='ocrx_word' id='word_1_410' title='bbox 3280 2305 3466 2383; x_wconf 72' lang='grc' dir='ltr'>φησὶν,</span> <span class='ocrx_word' id='word_1_411' title='bbox 3527 2305 3855 2380; x_wconf 64' lang='grc' dir='ltr'>ἐλευθερίας</span> 
     </span>
    </p>
   </div>
   <div class='ocr_carea' id='block_1_56' title="bbox 2187 2390 3854 2469">
    <p class='ocr_par' dir='ltr' id='par_1_56' title="bbox 2187 2390 3854 2469">
     <span class='ocr_line' id='line_1_56' title="bbox 2187 2390 3854 2469; baseline 0.005 -25"><span class='ocrx_word' id='word_1_412' title='bbox 2187 2391 2276 2444; x_wconf 84' lang='grc' dir='ltr'>καὶ</span> <span class='ocrx_word' id='word_1_413' title='bbox 2307 2390 2574 2466; x_wconf 82' lang='grc' dir='ltr'>εὖγενείας</span> <span class='ocrx_word' id='word_1_414' title='bbox 2641 2392 2808 2458; x_wconf 70' lang='grc' dir='ltr'>ἐντὸς,</span> <span class='ocrx_word' id='word_1_415' title='bbox 2845 2392 2926 2447; x_wconf 76' lang='grc' dir='ltr'>ὅτι</span> <span class='ocrx_word' id='word_1_416' title='bbox 2977 2394 3174 2456; x_wconf 67' lang='grc' dir='ltr'>πέντες</span> <span class='ocrx_word' id='word_1_417' title='bbox 3229 2396 3394 2467; x_wconf 75' lang='grc' dir='ltr'>ἡμεῖς</span> <span class='ocrx_word' id='word_1_418' title='bbox 3453 2395 3854 2469; x_wconf 74' lang='grc' dir='ltr'>ἀνακεκαλυμο</span> 
     </span>
    </p>
   </div>
   <div class='ocr_carea' id='block_1_57' title="bbox 2192 2477 3854 2560">
    <p class='ocr_par' dir='ltr' id='par_1_57' title="bbox 2192 2477 3854 2560">
     <span class='ocr_line' id='line_1_57' title="bbox 2192 2477 3854 2560; baseline 0.004 -26"><span class='ocrx_word' id='word_1_419' title='bbox 2192 2477 2334 2551; x_wconf 77' lang='grc' dir='ltr'>μὲνῳ</span> <span class='ocrx_word' id='word_1_420' title='bbox 2389 2481 2689 2554; x_wconf 82' lang='grc' dir='ltr'>προσώπῳ.</span> <span class='ocrx_word' id='word_1_421' title='bbox 2747 2479 2894 2554; x_wconf 74' lang='grc' dir='ltr'>(οὐδὲ</span> <span class='ocrx_word' id='word_1_422' title='bbox 2951 2483 3055 2560; x_wconf 77' lang='grc' dir='ltr'>γὰρ</span> <span class='ocrx_word' id='word_1_423' title='bbox 3115 2479 3192 2538; x_wconf 81' lang='grc' dir='ltr'>ἔνι</span> <span class='ocrx_word' id='word_1_424' title='bbox 3239 2486 3384 2560; x_wconf 63' lang='lat' dir='ltr'>napi</span> <span class='ocrx_word' id='word_1_425' title='bbox 3449 2491 3568 2550; x_wconf 82' lang='grc' dir='ltr'>τοῖς</span> <span class='ocrx_word' id='word_1_426' title='bbox 3619 2493 3854 2548; x_wconf 76' lang='grc' dir='ltr'>πιστοῖς</span> 
     </span>
    </p>
   </div>
   <div class='ocr_carea' id='block_1_58' title="bbox 2187 2568 3849 2650">
    <p class='ocr_par' dir='ltr' id='par_1_58' title="bbox 2187 2568 3849 2650">
     <span class='ocr_line' id='line_1_58' title="bbox 2187 2568 3849 2650; baseline 0.005 -28"><span class='ocrx_word' id='word_1_427' title='bbox 2187 2568 2500 2642; x_wconf 68' lang='grc' dir='ltr'>κάλυμμα),</span> <span class='ocrx_word' id='word_1_428' title='bbox 2563 2571 2663 2639; x_wconf 81' lang='grc' dir='ltr'>τὴν</span> <span class='ocrx_word' id='word_1_429' title='bbox 2724 2569 2876 2643; x_wconf 81' lang='grc' dir='ltr'>δόξαν</span> <span class='ocrx_word' id='word_1_430' title='bbox 2934 2577 3030 2627; x_wconf 90' lang='grc' dir='ltr'>τοῦ</span> <span class='ocrx_word' id='word_1_431' title='bbox 3091 2575 3287 2647; x_wconf 80' lang='grc' dir='ltr'>Κυρίου</span> <span class='ocrx_word' id='word_1_432' title='bbox 3345 2576 3849 2650; x_wconf 72' lang='grc' dir='ltr'>κατοπτριζόμενοι</span> 
     </span>
    </p>
   </div>
   <div class='ocr_carea' id='block_1_59' title="bbox 2187 2657 3848 2744">
    <p class='ocr_par' dir='ltr' id='par_1_59' title="bbox 2187 2657 3848 2744">
     <span class='ocr_line' id='line_1_59' title="bbox 2187 2657 3848 2744; baseline 0.004 -30"><span class='ocrx_word' id='word_1_433' title='bbox 2187 2657 2658 2734; x_wconf 75' lang='grc' dir='ltr'>ἀναμορφούμεθα</span> <span class='ocrx_word' id='word_1_434' title='bbox 2720 2703 2734 2729; x_wconf 94' lang='grc'>,</span> <span class='ocrx_word' id='word_1_435' title='bbox 2820 2660 2950 2738; x_wconf 78' lang='grc' dir='ltr'>φησί</span> <span class='ocrx_word' id='word_1_436' title='bbox 2987 2704 2998 2717; x_wconf 92' lang='grc'><strong>.</strong></span> <span class='ocrx_word' id='word_1_437' title='bbox 3085 2663 3326 2738; x_wconf 65' lang='grc' dir='ltr'>Καθάπερ</span> <span class='ocrx_word' id='word_1_438' title='bbox 3399 2665 3498 2740; x_wconf 77' lang='grc' dir='ltr'>γὰρ</span> <span class='ocrx_word' id='word_1_439' title='bbox 3595 2665 3848 2744; x_wconf 76' lang='grc' dir='ltr'>ἄργυρος</span> 
     </span>
    </p>
   </div>
   <div class='ocr_carea' id='block_1_60' title="bbox 2188 2747 3850 2826">
    <p class='ocr_par' dir='ltr' id='par_1_60' title="bbox 2188 2747 3850 2826">
     <span class='ocr_line' id='line_1_60' title="bbox 2188 2747 3850 2826; baseline 0.006 -24"><span class='ocrx_word' id='word_1_440' title='bbox 2188 2749 2439 2820; x_wconf 78' lang='grc' dir='ltr'>ἄντικρυς</span> <span class='ocrx_word' id='word_1_441' title='bbox 2495 2747 2662 2818; x_wconf 80' lang='grc' dir='ltr'>ἡλίου</span> <span class='ocrx_word' id='word_1_442' title='bbox 2757 2751 3053 2823; x_wconf 78' lang='grc' dir='ltr'>κείμενος,</span> <span class='ocrx_word' id='word_1_443' title='bbox 3103 2751 3428 2826; x_wconf 81' lang='grc' dir='ltr'>ἀντιπέμπει</span> <span class='ocrx_word' id='word_1_444' title='bbox 3503 2757 3593 2810; x_wconf 72' lang='grc' dir='ltr'>καὶ</span> <span class='ocrx_word' id='word_1_445' title='bbox 3675 2759 3850 2818; x_wconf 75' lang='grc' dir='ltr'>αὗτὸς</span> 
     </span>
    </p>
   </div>
   <div class='ocr_carea' id='block_1_61' title="bbox 2187 2835 3848 2916">
    <p class='ocr_par' dir='ltr' id='par_1_61' title="bbox 2187 2835 3848 2916">
     <span class='ocr_line' id='line_1_61' title="bbox 2187 2835 3848 2916; baseline 0.005 -24"><span class='ocrx_word' id='word_1_446' title='bbox 2187 2837 2409 2899; x_wconf 84' lang='grc' dir='ltr'>ἀκτῖνάς</span> <span class='ocrx_word' id='word_1_447' title='bbox 2467 2859 2613 2900; x_wconf 84' lang='grc' dir='ltr'>τινας</span> <span class='ocrx_word' id='word_1_448' title='bbox 2670 2842 2740 2912; x_wconf 80' lang='grc' dir='ltr'>τῇ</span> <span class='ocrx_word' id='word_1_449' title='bbox 2796 2835 3052 2916; x_wconf 80' lang='grc' dir='ltr'>προϐολῇ</span> <span class='ocrx_word' id='word_1_450' title='bbox 3111 2846 3206 2897; x_wconf 87' lang='grc' dir='ltr'>τοῦ</span> <span class='ocrx_word' id='word_1_451' title='bbox 3265 2841 3454 2913; x_wconf 74' lang='grc' dir='ltr'>ἡλίου,</span> <span class='ocrx_word' id='word_1_452' title='bbox 3515 2844 3689 2908; x_wconf 75' lang='grc' dir='ltr'>οὕτως</span> <span class='ocrx_word' id='word_1_453' title='bbox 3747 2847 3848 2901; x_wconf 75' lang='grc' dir='ltr'>καὶ</span> 
     </span>
    </p>
   </div>
   <div class='ocr_carea' id='block_1_62' title="bbox 2188 2930 3848 3010">
    <p class='ocr_par' dir='ltr' id='par_1_62' title="bbox 2188 2930 3848 3010">
     <span class='ocr_line' id='line_1_62' title="bbox 2188 2930 3848 3010; baseline 0.008 -27"><span class='ocrx_word' id='word_1_454' title='bbox 2188 2931 2350 3001; x_wconf 81' lang='grc' dir='ltr'>ἡμεῖς</span> <span class='ocrx_word' id='word_1_455' title='bbox 2444 2930 2494 2984; x_wconf 88' lang='grc' dir='ltr'>ἐν</span> <span class='ocrx_word' id='word_1_456' title='bbox 2551 2935 2630 3002; x_wconf 83' lang='grc' dir='ltr'>τῷ</span> <span class='ocrx_word' id='word_1_457' title='bbox 2689 2933 3028 3006; x_wconf 79' lang='grc' dir='ltr'>βαπτίσματι</span> <span class='ocrx_word' id='word_1_458' title='bbox 3113 2935 3496 3010; x_wconf 73' lang='grc' dir='ltr'>καθαιρόμενοι</span> <span class='ocrx_word' id='word_1_459' title='bbox 3581 2935 3668 2993; x_wconf 81' lang='grc' dir='ltr'>διὰ</span> <span class='ocrx_word' id='word_1_460' title='bbox 3738 2946 3848 2996; x_wconf 83' lang='grc' dir='ltr'>τοῦ</span> 
     </span>
    </p>
   </div>
   <div class='ocr_carea' id='block_1_63' title="bbox 2191 3021 3852 3106">
    <p class='ocr_par' dir='ltr' id='par_1_63' title="bbox 2191 3021 3852 3106">
     <span class='ocr_line' id='line_1_63' title="bbox 2191 3021 3852 3106; baseline 0.007 -32"><span class='ocrx_word' id='word_1_461' title='bbox 2191 3021 2545 3094; x_wconf 81' lang='grc' dir='ltr'>ΙΙνεόματος,</span> <span class='ocrx_word' id='word_1_462' title='bbox 2605 3022 2692 3075; x_wconf 77' lang='grc' dir='ltr'>καὶ</span> <span class='ocrx_word' id='word_1_463' title='bbox 2750 3027 2868 3084; x_wconf 86' lang='grc' dir='ltr'>ταῖς</span> <span class='ocrx_word' id='word_1_464' title='bbox 2929 3023 3137 3080; x_wconf 78' lang='grc' dir='ltr'>ἐκείνου</span> <span class='ocrx_word' id='word_1_465' title='bbox 3194 3025 3372 3081; x_wconf 82' lang='grc' dir='ltr'>ἀκτῖσι</span> <span class='ocrx_word' id='word_1_466' title='bbox 3433 3035 3852 3106; x_wconf 79' lang='grc' dir='ltr'>καταυγαζομε-</span> 
     </span>
    </p>
   </div>
   <div class='ocr_carea' id='block_1_64' title="bbox 435 3107 2082 3209">
    <p class='ocr_par' dir='ltr' id='par_1_64' title="bbox 435 3107 2082 3196">
     <span class='ocr_line' id='line_1_64' title="bbox 435 3107 2082 3196; baseline 0 -18"><span class='ocrx_word' id='word_1_467' title='bbox 435 3122 652 3178; x_wconf 91' lang='lat' dir='ltr'>ducere</span> <span class='ocrx_word' id='word_1_468' title='bbox 675 3124 737 3178; x_wconf 91' lang='lat' dir='ltr'>in</span> <span class='ocrx_word' id='word_1_469' title='bbox 760 3141 827 3180; x_wconf 90' lang='lat' dir='ltr'>eo</span> <span class='ocrx_word' id='word_1_470' title='bbox 851 3107 1008 3196; x_wconf 89' lang='lat' dir='ltr'>quod</span> <span class='ocrx_word' id='word_1_471' title='bbox 1031 3125 1148 3181; x_wconf 87' lang='lat' dir='ltr'>ait:</span> <span class='ocrx_word' id='word_1_472' title='bbox 1175 3147 1203 3175; x_wconf 87' lang='lat'><strong>«</strong></span> <span class='ocrx_word' id='word_1_473' title='bbox 1227 3127 1341 3181; x_wconf 84' lang='lat' dir='ltr'>Nos</span> <span class='ocrx_word' id='word_1_474' title='bbox 1373 3131 1568 3181; x_wconf 90' lang='lat' dir='ltr'>autem</span> <span class='ocrx_word' id='word_1_475' title='bbox 1598 3141 1806 3181; x_wconf 85' lang='lat' dir='ltr'>omnes</span> <span class='ocrx_word' id='word_1_476' title='bbox 1835 3124 2082 3196; x_wconf 86' lang='lat' dir='ltr'>gloriam</span> 
     </span>
    </p>
   </div>
   <div class='ocr_carea' id='block_1_65' title="bbox 2192 3107 3852 3209">
    <p class='ocr_par' dir='ltr' id='par_1_65' title="bbox 2195 3107 3852 3189">
     <span class='ocr_line' id='line_1_65' title="bbox 2195 3107 3852 3189; baseline 0.005 -25"><span class='ocrx_word' id='word_1_477' title='bbox 2195 3129 2324 3180; x_wconf 88' lang='grc' dir='ltr'>τοι,</span> <span class='ocrx_word' id='word_1_478' title='bbox 2378 3107 2579 3184; x_wconf 70' lang='grc' dir='ltr'>αἴγλην</span> <span class='ocrx_word' id='word_1_479' title='bbox 2629 3114 2748 3166; x_wconf 74' lang='grc' dir='ltr'>τινὰ</span> <span class='ocrx_word' id='word_1_480' title='bbox 2801 3114 3004 3184; x_wconf 75' lang='grc' dir='ltr'>νοητὴν</span> <span class='ocrx_word' id='word_1_481' title='bbox 3059 3113 3514 3189; x_wconf 72' lang='grc' dir='ltr'>ἀντιπέμπομεν.</span> <span class='ocrx_word' id='word_1_482' title='bbox 3573 3117 3852 3175; x_wconf 69' lang='grc' dir='ltr'>Βοόλεται</span> 
     </span>
    </p>
   </div>
   <div class='ocr_carea' id='block_1_66' title="bbox 433 3212 2082 3286">
    <p class='ocr_par' dir='ltr' id='par_1_66' title="bbox 433 3212 2082 3286">
     <span class='ocr_line' id='line_1_66' title="bbox 433 3212 2082 3286; baseline -0.001 -16"><span class='ocrx_word' id='word_1_483' title='bbox 433 3212 669 3270; x_wconf 90' lang='lat' dir='ltr'>Domini</span> <span class='ocrx_word' id='word_1_484' title='bbox 697 3214 758 3267; x_wconf 89' lang='lat' dir='ltr'>in</span> <span class='ocrx_word' id='word_1_485' title='bbox 790 3215 1029 3284; x_wconf 89' lang='lat' dir='ltr'>speculo</span> <span class='ocrx_word' id='word_1_486' title='bbox 1061 3214 1349 3280; x_wconf 85' lang='lat' dir='ltr'>videntes,</span> <span class='ocrx_word' id='word_1_487' title='bbox 1385 3239 1406 3266; x_wconf 75' lang='grc' dir='ltr'>ι</span> <span class='ocrx_word' id='word_1_488' title='bbox 1445 3216 1558 3270; x_wconf 89' lang='lat' dir='ltr'>hoc</span> <span class='ocrx_word' id='word_1_489' title='bbox 1584 3221 1695 3280; x_wconf 87' lang='lat' dir='ltr'>est,</span> <span class='ocrx_word' id='word_1_490' title='bbox 1731 3215 1954 3286; x_wconf 90' lang='lat' dir='ltr'>Spiritu</span> <span class='ocrx_word' id='word_1_491' title='bbox 2011 3213 2082 3269; x_wconf 89' lang='lat' dir='ltr'>il-</span> 
     </span>
    </p>
   </div>
   <div class='ocr_carea' id='block_1_67' title="bbox 435 3302 2084 3376">
    <p class='ocr_par' dir='ltr' id='par_1_67' title="bbox 435 3302 2084 3376">
     <span class='ocr_line' id='line_1_67' title="bbox 435 3302 2084 3376; baseline 0.001 -19"><span class='ocrx_word' id='word_1_492' title='bbox 435 3302 733 3358; x_wconf 89' lang='lat' dir='ltr'>luminati.</span> <span class='ocrx_word' id='word_1_493' title='bbox 769 3322 797 3351; x_wconf 87' lang='grc'>‹‹</span> <span class='ocrx_word' id='word_1_494' title='bbox 830 3305 876 3358; x_wconf 87' lang='grc' dir='ltr'>Α</span> <span class='ocrx_word' id='word_1_495' title='bbox 899 3303 1090 3375; x_wconf 89' lang='lat' dir='ltr'>gloria</span> <span class='ocrx_word' id='word_1_496' title='bbox 1119 3303 1181 3358; x_wconf 90' lang='lat' dir='ltr'>in</span> <span class='ocrx_word' id='word_1_497' title='bbox 1208 3303 1477 3376; x_wconf 86' lang='lat' dir='ltr'>gloriam.</span> <span class='ocrx_word' id='word_1_498' title='bbox 1536 3324 1564 3356; x_wconf 83' lang='lat'>»</span> <span class='ocrx_word' id='word_1_499' title='bbox 1619 3306 1686 3358; x_wconf 94' lang='lat' dir='ltr'>1n</span> <span class='ocrx_word' id='word_1_500' title='bbox 1744 3305 1962 3376; x_wconf 89' lang='lat' dir='ltr'>ipsum,</span> <span class='ocrx_word' id='word_1_501' title='bbox 1999 3303 2084 3358; x_wconf 89' lang='lat' dir='ltr'>in-</span> 
     </span>
    </p>
   </div>
   <div class='ocr_carea' id='block_1_68' title="bbox 439 3389 2082 3466">
    <p class='ocr_par' dir='ltr' id='par_1_68' title="bbox 439 3389 2082 3466">
     <span class='ocr_line' id='line_1_68' title="bbox 439 3389 2082 3466; baseline 0 -20"><span class='ocrx_word' id='word_1_502' title='bbox 439 3389 586 3460; x_wconf 89' lang='lat' dir='ltr'>quit,</span> <span class='ocrx_word' id='word_1_503' title='bbox 621 3389 998 3458; x_wconf 90' lang='lat' dir='ltr'>splendorem</span> <span class='ocrx_word' id='word_1_504' title='bbox 1032 3397 1522 3456; x_wconf 89' lang='lat' dir='ltr'>transmutamur,</span> <span class='ocrx_word' id='word_1_505' title='bbox 1549 3409 1582 3446; x_wconf 87' lang='lat' dir='ltr'>a</span> <span class='ocrx_word' id='word_1_506' title='bbox 1612 3393 1798 3466; x_wconf 83' lang='lat' dir='ltr'>gloria</span> <span class='ocrx_word' id='word_1_507' title='bbox 1831 3393 2082 3464; x_wconf 86' lang='lat' dir='ltr'>Spiritus</span> 
     </span>
    </p>
   </div>
   <div class='ocr_carea' id='block_1_69' title="bbox 437 3477 2082 3548">
    <p class='ocr_par' dir='ltr' id='par_1_69' title="bbox 437 3477 2082 3548">
     <span class='ocr_line' id='line_1_69' title="bbox 437 3477 2082 3548; baseline 0.002 -15"><span class='ocrx_word' id='word_1_508' title='bbox 437 3477 512 3533; x_wconf 80' lang='lat' dir='ltr'>ad</span> <span class='ocrx_word' id='word_1_509' title='bbox 543 3482 806 3530; x_wconf 85' lang='lat' dir='ltr'>nostram</span> <span class='ocrx_word' id='word_1_510' title='bbox 837 3477 1086 3548; x_wconf 85' lang='lat' dir='ltr'>gloriam</span> <span class='ocrx_word' id='word_1_511' title='bbox 1117 3479 1270 3534; x_wconf 87' lang='lat' dir='ltr'>facta</span> <span class='ocrx_word' id='word_1_512' title='bbox 1301 3482 1834 3547; x_wconf 88' lang='lat' dir='ltr'>transmutatione;</span> <span class='ocrx_word' id='word_1_513' title='bbox 1894 3487 1952 3536; x_wconf 91' lang='lat' dir='ltr'>et</span> <span class='ocrx_word' id='word_1_514' title='bbox 2008 3481 2082 3536; x_wconf 87' lang='lat' dir='ltr'>ad</span> 
     </span>
    </p>
   </div>
   <div class='ocr_carea' id='block_1_70' title="bbox 433 3565 2082 3639">
    <p class='ocr_par' dir='ltr' id='par_1_70' title="bbox 433 3565 2082 3639">
     <span class='ocr_line' id='line_1_70' title="bbox 433 3565 2082 3639; baseline 0.001 -18"><span class='ocrx_word' id='word_1_515' title='bbox 433 3565 616 3622; x_wconf 76' lang='lat' dir='ltr'>talem</span> <span class='ocrx_word' id='word_1_516' title='bbox 648 3581 714 3620; x_wconf 91' lang='lat' dir='ltr'>ac</span> <span class='ocrx_word' id='word_1_517' title='bbox 742 3571 988 3628; x_wconf 84' lang='lat' dir='ltr'>tantam,</span> <span class='ocrx_word' id='word_1_518' title='bbox 1020 3567 1236 3639; x_wconf 90' lang='lat' dir='ltr'>inquit,</span> <span class='ocrx_word' id='word_1_519' title='bbox 1267 3568 1516 3638; x_wconf 84' lang='lat' dir='ltr'>gloriam</span> <span class='ocrx_word' id='word_1_520' title='bbox 1550 3571 1949 3639; x_wconf 86' lang='lat' dir='ltr'>pervenimus,</span> <span class='ocrx_word' id='word_1_521' title='bbox 2009 3568 2082 3624; x_wconf 90' lang='lat' dir='ltr'>ad</span> 
     </span>
    </p>
   </div>
   <div class='ocr_carea' id='block_1_71' title="bbox 435 3655 2083 3730">
    <p class='ocr_par' dir='ltr' id='par_1_71' title="bbox 435 3655 2083 3730">
     <span class='ocr_line' id='line_1_71' title="bbox 435 3655 2083 3730; baseline 0.001 -20"><span class='ocrx_word' id='word_1_522' title='bbox 435 3671 614 3728; x_wconf 87' lang='lat' dir='ltr'>quam</span> <span class='ocrx_word' id='word_1_523' title='bbox 645 3655 966 3712; x_wconf 86' lang='lat' dir='ltr'>verisimile</span> <span class='ocrx_word' id='word_1_524' title='bbox 997 3661 1087 3710; x_wconf 90' lang='lat' dir='ltr'>est</span> <span class='ocrx_word' id='word_1_525' title='bbox 1112 3657 1424 3728; x_wconf 89' lang='lat' dir='ltr'>pervenire</span> <span class='ocrx_word' id='word_1_526' title='bbox 1457 3671 1592 3712; x_wconf 90' lang='lat' dir='ltr'>eum</span> <span class='ocrx_word' id='word_1_527' title='bbox 1625 3659 1724 3730; x_wconf 89' lang='lat' dir='ltr'>qui</span> <span class='ocrx_word' id='word_1_528' title='bbox 1756 3657 2083 3713; x_wconf 88' lang='lat' dir='ltr'>aParacle-</span> 
     </span>
    </p>
   </div>
   <div class='ocr_carea' id='block_1_72' title="bbox 436 3745 2082 3820">
    <p class='ocr_par' dir='ltr' id='par_1_72' title="bbox 436 3745 2082 3820">
     <span class='ocr_line' id='line_1_72' title="bbox 436 3745 2082 3820; baseline 0 -17"><span class='ocrx_word' id='word_1_529' title='bbox 436 3751 496 3804; x_wconf 94' lang='lat' dir='ltr'>to</span> <span class='ocrx_word' id='word_1_530' title='bbox 528 3746 922 3810; x_wconf 89' lang='lat' dir='ltr'>illuminatur,</span> <span class='ocrx_word' id='word_1_531' title='bbox 959 3751 1015 3803; x_wconf 86' lang='lat' dir='ltr'>et</span> <span class='ocrx_word' id='word_1_532' title='bbox 1067 3746 1317 3801; x_wconf 89' lang='lat' dir='ltr'>obscura</span> <span class='ocrx_word' id='word_1_533' title='bbox 1375 3745 1632 3817; x_wconf 85' lang='lat' dir='ltr'>imagine</span> <span class='ocrx_word' id='word_1_534' title='bbox 1691 3746 1895 3814; x_wconf 64' lang='lat' dir='ltr'>gloria)</span> <span class='ocrx_word' id='word_1_535' title='bbox 1953 3748 2082 3820; x_wconf 83' lang='lat' dir='ltr'>ejus</span> 
     </span>
    </p>
   </div>
   <div class='ocr_carea' id='block_1_73' title="bbox 436 3834 2080 3908">
    <p class='ocr_par' dir='ltr' id='par_1_73' title="bbox 436 3834 2080 3908">
     <span class='ocr_line' id='line_1_73' title="bbox 436 3834 2080 3908; baseline -0.001 -16"><span class='ocrx_word' id='word_1_536' title='bbox 436 3837 776 3906; x_wconf 79' lang='lat' dir='ltr'>insignitur.</span> <span class='ocrx_word' id='word_1_537' title='bbox 813 3837 957 3891; x_wconf 73' lang='lat'>623</span> <span class='ocrx_word' id='word_1_538' title='bbox 990 3835 1138 3900; x_wconf 89' lang='lat' dir='ltr'>Quid</span> <span class='ocrx_word' id='word_1_539' title='bbox 1173 3834 1248 3890; x_wconf 88' lang='lat' dir='ltr'>ad</span> <span class='ocrx_word' id='word_1_540' title='bbox 1281 3837 1406 3890; x_wconf 71' lang='lat' dir='ltr'>hmo</span> <span class='ocrx_word' id='word_1_541' title='bbox 1437 3835 1632 3892; x_wconf 88' lang='lat' dir='ltr'>dicere</span> <span class='ocrx_word' id='word_1_542' title='bbox 1675 3842 1922 3908; x_wconf 87' lang='lat' dir='ltr'>possunt</span> <span class='ocrx_word' id='word_1_543' title='bbox 1980 3837 2080 3908; x_wconf 87' lang='lat' dir='ltr'>qui</span> 
     </span>
    </p>
   </div>
   <div class='ocr_carea' id='block_1_74' title="bbox 439 3923 2083 3997">
    <p class='ocr_par' dir='ltr' id='par_1_74' title="bbox 439 3923 2083 3997">
     <span class='ocr_line' id='line_1_74' title="bbox 439 3923 2083 3997; baseline 0 -17"><span class='ocrx_word' id='word_1_544' title='bbox 439 3925 722 3995; x_wconf 84' lang='lat' dir='ltr'>Spiritum</span> <span class='ocrx_word' id='word_1_545' title='bbox 755 3925 1106 3996; x_wconf 84' lang='lat' dir='ltr'>impugnant</span> <span class='ocrx_word' id='word_1_546' title='bbox 1137 3923 1164 3978; x_wconf 84' lang='lat'><strong>?</strong></span> <span class='ocrx_word' id='word_1_547' title='bbox 1193 3927 1240 3982; x_wconf 85' lang='lat' dir='ltr'><strong>A</strong></span> <span class='ocrx_word' id='word_1_548' title='bbox 1267 3925 1476 3996; x_wconf 87' lang='lat' dir='ltr'>gloria,</span> <span class='ocrx_word' id='word_1_549' title='bbox 1509 3925 1721 3997; x_wconf 86' lang='lat' dir='ltr'>inquit,</span> <span class='ocrx_word' id='word_1_550' title='bbox 1744 3923 1925 3980; x_wconf 88' lang='lat' dir='ltr'>divini</span> <span class='ocrx_word' id='word_1_551' title='bbox 1952 3925 2083 3995; x_wconf 90' lang='lat' dir='ltr'>Spi-</span> 
     </span>
    </p>
   </div>
   <div class='ocr_carea' id='block_1_75' title="bbox 432 4012 2082 4085">
    <p class='ocr_par' dir='ltr' id='par_1_75' title="bbox 432 4012 2082 4085">
     <span class='ocr_line' id='line_1_75' title="bbox 432 4012 2082 4085; baseline 0.001 -17"><span class='ocrx_word' id='word_1_552' title='bbox 432 4012 585 4068; x_wconf 84' lang='lat' dir='ltr'>ritus</span> <span class='ocrx_word' id='word_1_553' title='bbox 616 4014 676 4066; x_wconf 90' lang='lat' dir='ltr'>in</span> <span class='ocrx_word' id='word_1_554' title='bbox 707 4012 953 4085; x_wconf 89' lang='lat' dir='ltr'>gloriam</span> <span class='ocrx_word' id='word_1_555' title='bbox 983 4019 1267 4070; x_wconf 87' lang='lat' dir='ltr'>nostram.</span> <span class='ocrx_word' id='word_1_556' title='bbox 1303 4015 1385 4072; x_wconf 78' lang='lat' dir='ltr'>Ac</span> <span class='ocrx_word' id='word_1_557' title='bbox 1417 4015 1466 4070; x_wconf 88' lang='lat' dir='ltr'>si</span> <span class='ocrx_word' id='word_1_558' title='bbox 1497 4013 1655 4072; x_wconf 89' lang='lat' dir='ltr'>dicat</span> <span class='ocrx_word' id='word_1_559' title='bbox 1686 4033 1700 4082; x_wconf 88' lang='lat'><strong>;</strong></span> <span class='ocrx_word' id='word_1_560' title='bbox 1735 4014 1878 4071; x_wconf 84' lang='lat' dir='ltr'>Inde</span> <span class='ocrx_word' id='word_1_561' title='bbox 1923 4013 2082 4072; x_wconf 85' lang='lat' dir='ltr'>acci-</span> 
     </span>
    </p>
   </div>
   <div class='ocr_carea' id='block_1_76' title="bbox 433 4116 652 4171">
    <p class='ocr_par' dir='ltr' id='par_1_76' title="bbox 433 4116 652 4171">
     <span class='ocr_line' id='line_1_76' title="bbox 433 4116 652 4171; baseline 0.018 -17"><span class='ocrx_word' id='word_1_562' title='bbox 433 4116 652 4171; x_wconf 72' lang='lat' dir='ltr'>pimus.</span> 
     </span>
    </p>
   </div>
   <div class='ocr_carea' id='block_1_77' title="bbox 1092 4337 1420 4398">
    <p class='ocr_par' dir='ltr' id='par_1_77' title="bbox 1092 4337 1420 4398">
     <span class='ocr_line' id='line_1_77' title="bbox 1092 4337 1420 4398; baseline 0.015 -5"><span class='ocrx_word' id='word_1_563' title='bbox 1092 4337 1318 4397; x_wconf 86' lang='lat' dir='ltr'>CAPUT</span> <span class='ocrx_word' id='word_1_564' title='bbox 1354 4339 1420 4398; x_wconf 78' lang='grc' dir='ltr'>ν.</span> 
     </span>
    </p>
   </div>
   <div class='ocr_carea' id='block_1_78' title="bbox 434 4427 2080 4503">
    <p class='ocr_par' dir='ltr' id='par_1_78' title="bbox 434 4427 2080 4503">
     <span class='ocr_line' id='line_1_78' title="bbox 434 4427 2080 4503; baseline 0.002 -18"><span class='ocrx_word' id='word_1_565' title='bbox 434 4429 509 4486; x_wconf 85' lang='lat' dir='ltr'>De</span> <span class='ocrx_word' id='word_1_566' title='bbox 539 4427 732 4484; x_wconf 75' lang='lat' dir='ltr'>divina</span> <span class='ocrx_word' id='word_1_567' title='bbox 761 4427 944 4500; x_wconf 78' lang='lat' dir='ltr'>gloria</span> <span class='ocrx_word' id='word_1_568' title='bbox 972 4435 1024 4484; x_wconf 88' lang='lat' dir='ltr'>et</span> <span class='ocrx_word' id='word_1_569' title='bbox 1049 4431 1399 4500; x_wconf 80' lang='lat' dir='ltr'>consequenti</span> <span class='ocrx_word' id='word_1_570' title='bbox 1427 4435 1564 4500; x_wconf 77' lang='lat' dir='ltr'>vita,</span> <span class='ocrx_word' id='word_1_571' title='bbox 1596 4431 1744 4503; x_wconf 83' lang='lat' dir='ltr'>quod</span> <span class='ocrx_word' id='word_1_572' title='bbox 1789 4449 1824 4488; x_wconf 92' lang='lat' dir='ltr'>a</span> <span class='ocrx_word' id='word_1_573' title='bbox 1879 4435 2080 4490; x_wconf 63' lang='lat' dir='ltr'>sanctis</span> 
     </span>
    </p>
   </div>
   <div class='ocr_carea' id='block_1_79' title="bbox 507 4507 885 4570">
    <p class='ocr_par' dir='ltr' id='par_1_79' title="bbox 507 4507 885 4570">
     <span class='ocr_line' id='line_1_79' title="bbox 507 4507 885 4570; baseline 0 -15"><span class='ocrx_word' id='word_1_574' title='bbox 507 4507 885 4570; x_wconf 80' lang='lat' dir='ltr'>cognoscatur.</span> 
     </span>
    </p>
   </div>
   <div class='ocr_carea' id='block_1_80' title="bbox 500 4613 2071 4684">
    <p class='ocr_par' dir='ltr' id='par_1_80' title="bbox 500 4613 2071 4684">
     <span class='ocr_line' id='line_1_80' title="bbox 500 4613 2071 4684; baseline 0.001 -15"><span class='ocrx_word' id='word_1_575' title='bbox 500 4613 591 4678; x_wconf 88' lang='lat' dir='ltr'>IV,</span> <span class='ocrx_word' id='word_1_576' title='bbox 615 4617 664 4678; x_wconf 87' lang='grc'>1,</span> <span class='ocrx_word' id='word_1_577' title='bbox 690 4615 740 4668; x_wconf 83' lang='lat'>2.</span> <span class='ocrx_word' id='word_1_578' title='bbox 767 4613 1066 4684; x_wconf 82' lang='lat' dir='ltr'>Propterea</span> <span class='ocrx_word' id='word_1_579' title='bbox 1087 4629 1208 4668; x_wconf 90' lang='lat' dir='ltr'>cum</span> <span class='ocrx_word' id='word_1_580' title='bbox 1231 4613 1597 4667; x_wconf 83' lang='lat' dir='ltr'>ministerium</span> <span class='ocrx_word' id='word_1_581' title='bbox 1619 4613 1718 4668; x_wconf 77' lang='lat' dir='ltr'>hoc</span> <span class='ocrx_word' id='word_1_582' title='bbox 1757 4615 2071 4680; x_wconf 80' lang='lat' dir='ltr'>habeamus,</span> 
     </span>
    </p>
   </div>
   <div class='ocr_carea' id='block_1_81' title="bbox 426 4701 2077 4773">
    <p class='ocr_par' dir='ltr' id='par_1_81' title="bbox 426 4701 2077 4773">
     <span class='ocr_line' id='line_1_81' title="bbox 426 4701 2077 4773; baseline 0.001 -15"><span class='ocrx_word' id='word_1_583' title='bbox 426 4701 760 4758; x_wconf 83' lang='lat' dir='ltr'>sicutnostri</span> <span class='ocrx_word' id='word_1_584' title='bbox 773 4704 1020 4757; x_wconf 80' lang='lat' dir='ltr'>misertus</span> <span class='ocrx_word' id='word_1_585' title='bbox 1059 4709 1138 4758; x_wconf 85' lang='lat' dir='ltr'>est</span> <span class='ocrx_word' id='word_1_586' title='bbox 1171 4703 1332 4770; x_wconf 82' lang='lat' dir='ltr'>Deus,</span> <span class='ocrx_word' id='word_1_587' title='bbox 1365 4701 1517 4756; x_wconf 83' lang='lat' dir='ltr'>haud</span> <span class='ocrx_word' id='word_1_588' title='bbox 1555 4703 1950 4773; x_wconf 74' lang='lat' dir='ltr'>defutigamur,</span> <span class='ocrx_word' id='word_1_589' title='bbox 1982 4703 2077 4759; x_wconf 87' lang='lat' dir='ltr'>sed</span> 
     </span>
    </p>
   </div>
   <div class='ocr_carea' id='block_1_82' title="bbox 429 4792 2077 4866">
    <p class='ocr_par' dir='ltr' id='par_1_82' title="bbox 429 4792 2077 4866">
     <span class='ocr_line' id='line_1_82' title="bbox 429 4792 2077 4866; baseline 0.003 -22"><span class='ocrx_word' id='word_1_590' title='bbox 429 4792 707 4860; x_wconf 47' lang='lat' dir='ltr'>rejicimus</span> <span class='ocrx_word' id='word_1_591' title='bbox 738 4793 1132 4866; x_wconf 85' lang='lat' dir='ltr'>occultamenta</span> <span class='ocrx_word' id='word_1_592' title='bbox 1167 4792 1448 4846; x_wconf 75' lang='lat' dir='ltr'>dedecoris</span> <span class='ocrx_word' id='word_1_593' title='bbox 1469 4809 1491 4855; x_wconf 88' lang='lat'><strong><em>;</em></strong></span> <span class='ocrx_word' id='word_1_594' title='bbox 1521 4807 1631 4845; x_wconf 87' lang='lat' dir='ltr'>non</span> <span class='ocrx_word' id='word_1_595' title='bbox 1679 4798 1950 4847; x_wconf 81' lang='lat' dir='ltr'>versantes</span> <span class='ocrx_word' id='word_1_596' title='bbox 1973 4810 2077 4864; x_wconf 84' lang='lat' dir='ltr'>per</span> 
     </span>
    </p>
   </div>
   <div class='ocr_carea' id='block_1_83' title="bbox 431 4877 2080 4952">
    <p class='ocr_par' dir='ltr' id='par_1_83' title="bbox 431 4877 2080 4952">
     <span class='ocr_line' id='line_1_83' title="bbox 431 4877 2080 4952; baseline 0.003 -20"><span class='ocrx_word' id='word_1_597' title='bbox 431 4877 714 4941; x_wconf 81' lang='lat' dir='ltr'>astutiam,</span> <span class='ocrx_word' id='word_1_598' title='bbox 776 4897 946 4952; x_wconf 87' lang='lat' dir='ltr'>neque</span> <span class='ocrx_word' id='word_1_599' title='bbox 1005 4881 1129 4937; x_wconf 84' lang='lat' dir='ltr'>dolo</span> <span class='ocrx_word' id='word_1_600' title='bbox 1189 4887 1461 4936; x_wconf 84' lang='lat' dir='ltr'>tractante</span> <span class='ocrx_word' id='word_1_601' title='bbox 1511 4881 1733 4935; x_wconf 80' lang='lat' dir='ltr'>verbum</span> <span class='ocrx_word' id='word_1_602' title='bbox 1790 4881 1937 4935; x_wconf 87' lang='lat' dir='ltr'>Dei:</span> <span class='ocrx_word' id='word_1_603' title='bbox 1986 4883 2080 4937; x_wconf 87' lang='lat' dir='ltr'>sed</span> 
     </span>
    </p>
   </div>
   <div class='ocr_carea' id='block_1_84' title="bbox 429 4967 2081 5041">
    <p class='ocr_par' dir='ltr' id='par_1_84' title="bbox 429 4967 2081 5041">
     <span class='ocr_line' id='line_1_84' title="bbox 429 4967 2081 5041; baseline 0.003 -20"><span class='ocrx_word' id='word_1_604' title='bbox 429 4967 879 5035; x_wconf 81' lang='lat' dir='ltr'>manifestatione</span> <span class='ocrx_word' id='word_1_605' title='bbox 903 4969 1159 5026; x_wconf 73' lang='lat' dir='ltr'>veritatis</span> <span class='ocrx_word' id='word_1_606' title='bbox 1215 4969 1530 5024; x_wconf 69' lang='lat' dir='ltr'>exhibentes</span> <span class='ocrx_word' id='word_1_607' title='bbox 1590 4984 1686 5024; x_wconf 86' lang='lat' dir='ltr'>nos</span> <span class='ocrx_word' id='word_1_608' title='bbox 1728 4971 1872 5039; x_wconf 81' lang='lat' dir='ltr'>ipsos</span> <span class='ocrx_word' id='word_1_609' title='bbox 1929 4972 2081 5041; x_wconf 84' lang='lat' dir='ltr'>apud</span> 
     </span>
    </p>
   </div>
   <div class='ocr_carea' id='block_1_85' title="bbox 431 5057 1932 5128">
    <p class='ocr_par' dir='ltr' id='par_1_85' title="bbox 431 5057 1932 5128">
     <span class='ocr_line' id='line_1_85' title="bbox 431 5057 1932 5128; baseline 0.003 -19"><span class='ocrx_word' id='word_1_610' title='bbox 431 5071 644 5111; x_wconf 87' lang='lat' dir='ltr'>omnem</span> <span class='ocrx_word' id='word_1_611' title='bbox 675 5058 1068 5112; x_wconf 74' lang='lat' dir='ltr'>conscientiam</span> <span class='ocrx_word' id='word_1_612' title='bbox 1099 5057 1376 5114; x_wconf 82' lang='lat' dir='ltr'>hominum</span> <span class='ocrx_word' id='word_1_613' title='bbox 1407 5057 1466 5114; x_wconf 84' lang='lat' dir='ltr'>in</span> <span class='ocrx_word' id='word_1_614' title='bbox 1495 5062 1787 5128; x_wconf 87' lang='lat' dir='ltr'>conspectu</span> <span class='ocrx_word' id='word_1_615' title='bbox 1815 5059 1932 5114; x_wconf 82' lang='lat' dir='ltr'>Dei.</span> 
     </span>
    </p>
   </div>
   <div class='ocr_carea' id='block_1_86' title="bbox 504 5239 2083 5313">
    <p class='ocr_par' dir='ltr' id='par_1_86' title="bbox 504 5239 2083 5313">
     <span class='ocr_line' id='line_1_86' title="bbox 504 5239 2083 5313; baseline 0.004 -23"><span class='ocrx_word' id='word_1_616' title='bbox 504 5259 528 5290; x_wconf 70' lang='grc' dir='ltr'>ν</span> <span class='ocrx_word' id='word_1_617' title='bbox 555 5239 893 5310; x_wconf 85' lang='lat' dir='ltr'>Propterea.</span> <span class='ocrx_word' id='word_1_618' title='bbox 921 5261 948 5288; x_wconf 76' lang='grc' dir='ltr'>ι»</span> <span class='ocrx_word' id='word_1_619' title='bbox 970 5239 1346 5310; x_wconf 85' lang='lat' dir='ltr'>Hyperbaton</span> <span class='ocrx_word' id='word_1_620' title='bbox 1366 5245 1472 5296; x_wconf 89' lang='lat' dir='ltr'>est.</span> <span class='ocrx_word' id='word_1_621' title='bbox 1493 5241 1813 5313; x_wconf 87' lang='lat' dir='ltr'>Propterea</span> <span class='ocrx_word' id='word_1_622' title='bbox 1832 5255 1955 5296; x_wconf 89' lang='lat' dir='ltr'>non</span> <span class='ocrx_word' id='word_1_623' title='bbox 1977 5240 2083 5297; x_wconf 85' lang='lat' dir='ltr'>de-</span> 
     </span>
    </p>
   </div>
   <div class='ocr_carea' id='block_1_87' title="bbox 428 5329 2083 5402">
    <p class='ocr_par' dir='ltr' id='par_1_87' title="bbox 428 5329 2083 5402">
     <span class='ocr_line' id='line_1_87' title="bbox 428 5329 2083 5402; baseline 0.002 -20"><span class='ocrx_word' id='word_1_624' title='bbox 428 5329 746 5402; x_wconf 86' lang='lat' dir='ltr'>fatigamur</span> <span class='ocrx_word' id='word_1_625' title='bbox 769 5344 782 5381; x_wconf 90' lang='lat'><strong>:</strong></span> <span class='ocrx_word' id='word_1_626' title='bbox 803 5333 1136 5399; x_wconf 87' lang='lat' dir='ltr'>propterea,</span> <span class='ocrx_word' id='word_1_627' title='bbox 1163 5337 1405 5400; x_wconf 87' lang='lat' dir='ltr'>propter</span> <span class='ocrx_word' id='word_1_628' title='bbox 1426 5329 1608 5400; x_wconf 81' lang='lat' dir='ltr'>quid?</span> <span class='ocrx_word' id='word_1_629' title='bbox 1647 5329 1795 5395; x_wconf 86' lang='lat' dir='ltr'>Quia</span> <span class='ocrx_word' id='word_1_630' title='bbox 1815 5331 1954 5386; x_wconf 89' lang='lat' dir='ltr'>talia</span> <span class='ocrx_word' id='word_1_631' title='bbox 1983 5345 2083 5386; x_wconf 85' lang='lat' dir='ltr'>ac-</span> 
     </span>
    </p>
   </div>
   <div class='ocr_carea' id='block_1_88' title="bbox 432 5419 2078 5491">
    <p class='ocr_par' dir='ltr' id='par_1_88' title="bbox 432 5419 2078 5491">
     <span class='ocr_line' id='line_1_88' title="bbox 432 5419 2078 5491; baseline -0.001 -15"><span class='ocrx_word' id='word_1_632' title='bbox 432 5421 720 5491; x_wconf 63' lang='lat' dir='ltr'>cepimus.</span> <span class='ocrx_word' id='word_1_633' title='bbox 760 5441 786 5468; x_wconf 85' lang='grc'>‹‹</span> <span class='ocrx_word' id='word_1_634' title='bbox 845 5419 990 5474; x_wconf 89' lang='lat' dir='ltr'>Cum</span> <span class='ocrx_word' id='word_1_635' title='bbox 1045 5419 1444 5474; x_wconf 78' lang='lat' dir='ltr'>ministerium</span> <span class='ocrx_word' id='word_1_636' title='bbox 1502 5421 1614 5476; x_wconf 84' lang='lat' dir='ltr'>hoc</span> <span class='ocrx_word' id='word_1_637' title='bbox 1667 5421 2011 5477; x_wconf 83' lang='lat' dir='ltr'>habeamus.</span> <span class='ocrx_word' id='word_1_638' title='bbox 2049 5441 2078 5471; x_wconf 83' lang='lat'><strong>»</strong></span> 
     </span>
    </p>
   </div>
   <div class='ocr_carea' id='block_1_89' title="bbox 429 5508 2082 5582">
    <p class='ocr_par' dir='ltr' id='par_1_89' title="bbox 429 5508 2082 5582">
     <span class='ocr_line' id='line_1_89' title="bbox 429 5508 2082 5582; baseline 0.001 -17"><span class='ocrx_word' id='word_1_639' title='bbox 429 5511 722 5576; x_wconf 86' lang='lat' dir='ltr'>Quoniam</span> <span class='ocrx_word' id='word_1_640' title='bbox 739 5508 925 5564; x_wconf 89' lang='lat' dir='ltr'>multa</span> <span class='ocrx_word' id='word_1_641' title='bbox 938 5524 1004 5564; x_wconf 86' lang='lat' dir='ltr'>ac</span> <span class='ocrx_word' id='word_1_642' title='bbox 1017 5523 1232 5579; x_wconf 82' lang='lat' dir='ltr'>magna</span> <span class='ocrx_word' id='word_1_643' title='bbox 1243 5509 1314 5564; x_wconf 91' lang='lat' dir='ltr'>de</span> <span class='ocrx_word' id='word_1_644' title='bbox 1329 5509 1614 5580; x_wconf 90' lang='lat' dir='ltr'>apostolis</span> <span class='ocrx_word' id='word_1_645' title='bbox 1646 5509 1894 5574; x_wconf 85' lang='lat' dir='ltr'>dixerat,</span> <span class='ocrx_word' id='word_1_646' title='bbox 1939 5516 2082 5582; x_wconf 85' lang='lat' dir='ltr'>puta</span> 
     </span>
    </p>
   </div>
   <div class='ocr_carea' id='block_1_90' title="bbox 433 5597 2078 5672">
    <p class='ocr_par' dir='ltr' id='par_1_90' title="bbox 433 5597 2078 5672">
     <span class='ocr_line' id='line_1_90' title="bbox 433 5597 2078 5672; baseline 0 -16"><span class='ocrx_word' id='word_1_647' title='bbox 433 5623 460 5652; x_wconf 82' lang='lat'><strong>«</strong></span> <span class='ocrx_word' id='word_1_648' title='bbox 491 5597 752 5657; x_wconf 77' lang='lat' dir='ltr'>Gloriam</span> <span class='ocrx_word' id='word_1_649' title='bbox 777 5597 1010 5656; x_wconf 87' lang='lat' dir='ltr'>Domini</span> <span class='ocrx_word' id='word_1_650' title='bbox 1053 5597 1116 5653; x_wconf 92' lang='lat' dir='ltr'>in</span> <span class='ocrx_word' id='word_1_651' title='bbox 1150 5599 1389 5672; x_wconf 87' lang='lat' dir='ltr'>speculo</span> <span class='ocrx_word' id='word_1_652' title='bbox 1414 5597 1677 5658; x_wconf 88' lang='lat' dir='ltr'>videmus</span> <span class='ocrx_word' id='word_1_653' title='bbox 1703 5615 1771 5656; x_wconf 78' lang='lat' dir='ltr'>ac</span> <span class='ocrx_word' id='word_1_654' title='bbox 1793 5600 2078 5658; x_wconf 83' lang='lat' dir='ltr'>transfor-</span> 
     </span>
    </p>
   </div>
   <div class='ocr_carea' id='block_1_91' title="bbox 2107 4505 2154 4570">
    <p class='ocr_par' dir='ltr' id='par_1_91' title="bbox 2107 4505 2154 4570">
     <span class='ocr_line' id='line_1_91' title="bbox 2107 4505 2154 4570; baseline 0 0"><span class='ocrx_word' id='word_1_655' title='bbox 2107 4505 2154 4570; x_wconf 93' lang='lat' dir='ltr'>D</span> 
     </span>
    </p>
   </div>
   <div class='ocr_carea' id='block_1_92' title="bbox 2196 3193 3844 3276">
    <p class='ocr_par' dir='ltr' id='par_1_92' title="bbox 2196 3193 3844 3276">
     <span class='ocr_line' id='line_1_92' title="bbox 2196 3193 3844 3276; baseline 0.01 -24"><span class='ocrx_word' id='word_1_656' title='bbox 2196 3193 2253 3252; x_wconf 76' lang='grc' dir='ltr'>δὲ</span> <span class='ocrx_word' id='word_1_657' title='bbox 2309 3198 2398 3253; x_wconf 84' lang='grc' dir='ltr'>καὶ</span> <span class='ocrx_word' id='word_1_658' title='bbox 2450 3197 2645 3261; x_wconf 77' lang='grc' dir='ltr'>αὑτοὺς</span> <span class='ocrx_word' id='word_1_659' title='bbox 2705 3199 2780 3262; x_wconf 81' lang='grc' dir='ltr'>εἷς</span> <span class='ocrx_word' id='word_1_660' title='bbox 2835 3201 2984 3272; x_wconf 75' lang='grc' dir='ltr'>τάξιν</span> <span class='ocrx_word' id='word_1_661' title='bbox 3047 3203 3263 3276; x_wconf 84' lang='grc' dir='ltr'>ἀγαγεῖν</span> <span class='ocrx_word' id='word_1_662' title='bbox 3321 3209 3430 3258; x_wconf 82' lang='grc' dir='ltr'>τῶν</span> <span class='ocrx_word' id='word_1_663' title='bbox 3493 3207 3844 3268; x_wconf 78' lang='grc' dir='ltr'>ἀποστόλων.</span> 
     </span>
    </p>
   </div>
   <div class='ocr_carea' id='block_1_93' title="bbox 2193 3287 3846 3368">
    <p class='ocr_par' dir='ltr' id='par_1_93' title="bbox 2193 3287 3846 3368">
     <span class='ocr_line' id='line_1_93' title="bbox 2193 3287 3846 3368; baseline 0.007 -27"><span class='ocrx_word' id='word_1_664' title='bbox 2193 3287 2290 3342; x_wconf 83' lang='grc' dir='ltr'>Διὰ</span> <span class='ocrx_word' id='word_1_665' title='bbox 2345 3291 2508 3344; x_wconf 88' lang='grc' dir='ltr'>τοῦτο</span> <span class='ocrx_word' id='word_1_666' title='bbox 2585 3289 2702 3342; x_wconf 80' lang='grc' dir='ltr'>εἷπε</span> <span class='ocrx_word' id='word_1_667' title='bbox 2756 3289 2868 3358; x_wconf 87' lang='grc' dir='ltr'>τὸ,</span> <span class='ocrx_word' id='word_1_668' title='bbox 2957 3315 2985 3340; x_wconf 89' lang='grc'>‹‹</span> <span class='ocrx_word' id='word_1_669' title='bbox 3017 3291 3206 3364; x_wconf 83' lang='grc' dir='ltr'>Ἡμεῖς</span> <span class='ocrx_word' id='word_1_670' title='bbox 3273 3293 3469 3356; x_wconf 78' lang='grc' dir='ltr'>πάντες</span> <span class='ocrx_word' id='word_1_671' title='bbox 3521 3296 3621 3365; x_wconf 70' lang='grc' dir='ltr'>τήν</span> <span class='ocrx_word' id='word_1_672' title='bbox 3681 3294 3846 3368; x_wconf 79' lang='grc' dir='ltr'>δόξαν</span> 
     </span>
    </p>
   </div>
   <div class='ocr_carea' id='block_1_94' title="bbox 2193 3377 3850 3458">
    <p class='ocr_par' dir='ltr' id='par_1_94' title="bbox 2193 3377 3850 3458">
     <span class='ocr_line' id='line_1_94' title="bbox 2193 3377 3850 3458; baseline 0.006 -27"><span class='ocrx_word' id='word_1_673' title='bbox 2193 3377 2391 3450; x_wconf 80' lang='grc' dir='ltr'>Κυρίου</span> <span class='ocrx_word' id='word_1_674' title='bbox 2423 3380 2934 3452; x_wconf 73' lang='grc' dir='ltr'>κατοπτριζόμενοι,</span> <span class='ocrx_word' id='word_1_675' title='bbox 2969 3404 2996 3430; x_wconf 77' lang='grc' dir='ltr'>›ι</span> <span class='ocrx_word' id='word_1_676' title='bbox 3041 3382 3157 3435; x_wconf 81' lang='grc' dir='ltr'>οἷον</span> <span class='ocrx_word' id='word_1_677' title='bbox 3189 3380 3642 3458; x_wconf 78' lang='grc' dir='ltr'>ἐλλαμπρόμενοι</span> <span class='ocrx_word' id='word_1_678' title='bbox 3673 3389 3850 3444; x_wconf 65' lang='grc' dir='ltr'>Πνεῦ-</span> 
     </span>
    </p>
   </div>
   <div class='ocr_carea' id='block_1_95' title="bbox 2196 3465 3842 3551">
    <p class='ocr_par' dir='ltr' id='par_1_95' title="bbox 2196 3465 3842 3551">
     <span class='ocr_line' id='line_1_95' title="bbox 2196 3465 3842 3551; baseline 0.006 -31"><span class='ocrx_word' id='word_1_679' title='bbox 2196 3488 2342 3540; x_wconf 89' lang='grc' dir='ltr'>ματι.</span> <span class='ocrx_word' id='word_1_680' title='bbox 2403 3489 2432 3519; x_wconf 87' lang='grc'>‹‹</span> <span class='ocrx_word' id='word_1_681' title='bbox 2493 3467 2622 3523; x_wconf 85' lang='grc' dir='ltr'>’Λπὸ</span> <span class='ocrx_word' id='word_1_682' title='bbox 2678 3465 2839 3538; x_wconf 80' lang='grc' dir='ltr'>δόξης</span> <span class='ocrx_word' id='word_1_683' title='bbox 2897 3469 2973 3532; x_wconf 76' lang='grc' dir='ltr'>εἷς</span> <span class='ocrx_word' id='word_1_684' title='bbox 3030 3467 3209 3540; x_wconf 82' lang='grc' dir='ltr'>δόξαν.</span> <span class='ocrx_word' id='word_1_685' title='bbox 3243 3497 3270 3524; x_wconf 74' lang='grc' dir='ltr'>»ι</span> <span class='ocrx_word' id='word_1_686' title='bbox 3341 3473 3434 3536; x_wconf 84' lang='grc' dir='ltr'>Εἰς</span> <span class='ocrx_word' id='word_1_687' title='bbox 3493 3477 3592 3544; x_wconf 72' lang='grc' dir='ltr'>τὴν</span> <span class='ocrx_word' id='word_1_688' title='bbox 3643 3477 3842 3551; x_wconf 72' lang='grc' dir='ltr'>αὐτὴν,</span> 
     </span>
    </p>
   </div>
   <div class='ocr_carea' id='block_1_96' title="bbox 2190 3553 3844 3639">
    <p class='ocr_par' dir='ltr' id='par_1_96' title="bbox 2190 3553 3844 3639">
     <span class='ocr_line' id='line_1_96' title="bbox 2190 3553 3844 3639; baseline 0.007 -30"><span class='ocrx_word' id='word_1_689' title='bbox 2190 3557 2347 3636; x_wconf 73' lang='grc' dir='ltr'>φησὶ,</span> <span class='ocrx_word' id='word_1_690' title='bbox 2408 3555 2740 3630; x_wconf 77' lang='grc' dir='ltr'>λαμπηδόνα</span> <span class='ocrx_word' id='word_1_691' title='bbox 2813 3553 3292 3633; x_wconf 71' lang='grc' dir='ltr'>μεταϐαλλόμεθα,</span> <span class='ocrx_word' id='word_1_692' title='bbox 3353 3563 3459 3617; x_wconf 83' lang='grc' dir='ltr'>ἀπὸ</span> <span class='ocrx_word' id='word_1_693' title='bbox 3517 3572 3615 3632; x_wconf 74' lang='grc' dir='ltr'>τῆς</span> <span class='ocrx_word' id='word_1_694' title='bbox 3674 3564 3844 3639; x_wconf 73' lang='grc' dir='ltr'>δόξης</span> 
     </span>
    </p>
   </div>
   <div class='ocr_carea' id='block_1_97' title="bbox 2188 3645 3846 3728">
    <p class='ocr_par' dir='ltr' id='par_1_97' title="bbox 2188 3645 3846 3728">
     <span class='ocr_line' id='line_1_97' title="bbox 2188 3645 3846 3728; baseline 0.002 -29"><span class='ocrx_word' id='word_1_695' title='bbox 2188 3649 2285 3700; x_wconf 90' lang='grc' dir='ltr'>τοῦ</span> <span class='ocrx_word' id='word_1_696' title='bbox 2341 3645 2668 3720; x_wconf 79' lang='grc' dir='ltr'>πνεύματος,</span> <span class='ocrx_word' id='word_1_697' title='bbox 2727 3646 2802 3709; x_wconf 83' lang='grc' dir='ltr'>εἷς</span> <span class='ocrx_word' id='word_1_698' title='bbox 2857 3647 3116 3724; x_wconf 69' lang='grc' dir='ltr'>ἡμετέραν</span> <span class='ocrx_word' id='word_1_699' title='bbox 3177 3647 3330 3722; x_wconf 78' lang='grc' dir='ltr'>δόξαν</span> <span class='ocrx_word' id='word_1_700' title='bbox 3378 3651 3682 3728; x_wconf 75' lang='grc' dir='ltr'>ἐρχομένης</span> <span class='ocrx_word' id='word_1_701' title='bbox 3737 3663 3846 3724; x_wconf 73' lang='grc' dir='ltr'>τῆς</span> 
     </span>
    </p>
   </div>
   <div class='ocr_carea' id='block_1_98' title="bbox 2196 3735 3846 3816">
    <p class='ocr_par' dir='ltr' id='par_1_98' title="bbox 2196 3735 3846 3816">
     <span class='ocr_line' id='line_1_98' title="bbox 2196 3735 3846 3816; baseline 0.008 -29"><span class='ocrx_word' id='word_1_702' title='bbox 2196 3736 2671 3816; x_wconf 65' lang='grc' dir='ltr'>μεταμορφώσεως</span> <span class='ocrx_word' id='word_1_703' title='bbox 2703 3779 2718 3794; x_wconf 92' lang='grc'><strong>.</strong></span> <span class='ocrx_word' id='word_1_704' title='bbox 2773 3735 2879 3793; x_wconf 82' lang='grc' dir='ltr'>Καὶ</span> <span class='ocrx_word' id='word_1_705' title='bbox 2934 3737 3010 3801; x_wconf 85' lang='grc' dir='ltr'>εἷς</span> <span class='ocrx_word' id='word_1_706' title='bbox 3075 3739 3330 3811; x_wconf 74' lang='grc' dir='ltr'>τοιαύτην</span> <span class='ocrx_word' id='word_1_707' title='bbox 3369 3784 3382 3808; x_wconf 91' lang='grc'>,</span> <span class='ocrx_word' id='word_1_708' title='bbox 3447 3743 3578 3816; x_wconf 58' lang='grc' dir='ltr'>ρησῖ</span> <span class='ocrx_word' id='word_1_709' title='bbox 3612 3788 3624 3810; x_wconf 88' lang='grc'>,</span> <span class='ocrx_word' id='word_1_710' title='bbox 3684 3741 3846 3816; x_wconf 79' lang='grc' dir='ltr'>δόξαν</span> 
     </span>
    </p>
   </div>
   <div class='ocr_carea' id='block_1_99' title="bbox 2191 3821 3848 3910">
    <p class='ocr_par' dir='ltr' id='par_1_99' title="bbox 2191 3821 3848 3910">
     <span class='ocr_line' id='line_1_99' title="bbox 2191 3821 3848 3910; baseline 0.008 -34"><span class='ocrx_word' id='word_1_711' title='bbox 2191 3823 2482 3900; x_wconf 73' lang='grc' dir='ltr'>φθάνομεν,</span> <span class='ocrx_word' id='word_1_712' title='bbox 2520 3823 2595 3884; x_wconf 78' lang='grc' dir='ltr'>είς</span> <span class='ocrx_word' id='word_1_713' title='bbox 2627 3821 2742 3878; x_wconf 80' lang='grc' dir='ltr'>ο⁹ίαν</span> <span class='ocrx_word' id='word_1_714' title='bbox 2777 3824 2919 3887; x_wconf 76' lang='grc' dir='ltr'>εἰκὸς</span> <span class='ocrx_word' id='word_1_715' title='bbox 2971 3826 3169 3906; x_wconf 75' lang='grc' dir='ltr'>φθάσαι</span> <span class='ocrx_word' id='word_1_716' title='bbox 3223 3830 3313 3884; x_wconf 88' lang='grc' dir='ltr'>τὸν</span> <span class='ocrx_word' id='word_1_717' title='bbox 3369 3830 3475 3886; x_wconf 82' lang='grc' dir='ltr'>ἀπὸ</span> <span class='ocrx_word' id='word_1_718' title='bbox 3532 3836 3630 3888; x_wconf 90' lang='grc' dir='ltr'>τοῦ</span> <span class='ocrx_word' id='word_1_719' title='bbox 3658 3854 3848 3910; x_wconf 79' lang='grc' dir='ltr'>παρα-</span> 
     </span>
    </p>
   </div>
   <div class='ocr_carea' id='block_1_100' title="bbox 2188 3910 3842 3994">
    <p class='ocr_par' dir='ltr' id='par_1_100' title="bbox 2188 3910 3842 3994">
     <span class='ocr_line' id='line_1_100' title="bbox 2188 3910 3842 3994; baseline 0.007 -28"><span class='ocrx_word' id='word_1_720' title='bbox 2188 3910 2400 3980; x_wconf 66' lang='grc' dir='ltr'>κλήτου</span> <span class='ocrx_word' id='word_1_721' title='bbox 2447 3917 2920 3986; x_wconf 81' lang='grc' dir='ltr'>καταυγαζομενον</span> <span class='ocrx_word' id='word_1_722' title='bbox 2956 3959 2970 3984; x_wconf 89' lang='grc'>,</span> <span class='ocrx_word' id='word_1_723' title='bbox 3045 3915 3132 3970; x_wconf 75' lang='grc' dir='ltr'>καὶ</span> <span class='ocrx_word' id='word_1_724' title='bbox 3193 3915 3376 3974; x_wconf 80' lang='grc' dir='ltr'>εῐνόνα</span> <span class='ocrx_word' id='word_1_725' title='bbox 3434 3917 3676 3994; x_wconf 75' lang='grc' dir='ltr'>ἀμυδρὰν</span> <span class='ocrx_word' id='word_1_726' title='bbox 3733 3929 3842 3994; x_wconf 77' lang='grc' dir='ltr'>τῆς</span> 
     </span>
    </p>
   </div>
   <div class='ocr_carea' id='block_1_101' title="bbox 2190 3995 3840 4083">
    <p class='ocr_par' dir='ltr' id='par_1_101' title="bbox 2190 3995 3840 4083">
     <span class='ocr_line' id='line_1_101' title="bbox 2190 3995 3840 4083; baseline 0.007 -27"><span class='ocrx_word' id='word_1_727' title='bbox 2190 3999 2360 4056; x_wconf 77' lang='grc' dir='ltr'>αὐτοῦ</span> <span class='ocrx_word' id='word_1_728' title='bbox 2399 3995 2560 4071; x_wconf 78' lang='grc' dir='ltr'>δόξης</span> <span class='ocrx_word' id='word_1_729' title='bbox 2620 4000 3102 4079; x_wconf 75' lang='grc' dir='ltr'>ἐνσημαινόμενον.</span> <span class='ocrx_word' id='word_1_730' title='bbox 3134 4005 3194 4060; x_wconf 88' lang='grc' dir='ltr'>Τί</span> <span class='ocrx_word' id='word_1_731' title='bbox 3223 4007 3427 4063; x_wconf 77' lang='grc' dir='ltr'>εἳποιεν</span> <span class='ocrx_word' id='word_1_732' title='bbox 3477 4011 3614 4083; x_wconf 85' lang='grc' dir='ltr'>πρὸς</span> <span class='ocrx_word' id='word_1_733' title='bbox 3669 4017 3840 4067; x_wconf 84' lang='grc' dir='ltr'>ταῦτα</span> 
     </span>
    </p>
   </div>
   <div class='ocr_carea' id='block_1_102' title="bbox 2190 4089 3836 4176">
    <p class='ocr_par' dir='ltr' id='par_1_102' title="bbox 2190 4089 3836 4176">
     <span class='ocr_line' id='line_1_102' title="bbox 2190 4089 3836 4176; baseline 0.01 -34"><span class='ocrx_word' id='word_1_734' title='bbox 2190 4089 2246 4142; x_wconf 75' lang='grc' dir='ltr'>οἱ</span> <span class='ocrx_word' id='word_1_735' title='bbox 2305 4090 2814 4176; x_wconf 70' lang='grc' dir='ltr'>πνευματομπίχοις</span> <span class='ocrx_word' id='word_1_736' title='bbox 2901 4095 3008 4148; x_wconf 86' lang='grc' dir='ltr'>ἀπὸ</span> <span class='ocrx_word' id='word_1_737' title='bbox 3075 4091 3234 4165; x_wconf 77' lang='grc' dir='ltr'>δόξης</span> <span class='ocrx_word' id='word_1_738' title='bbox 3317 4095 3462 4176; x_wconf 83' lang='grc' dir='ltr'>λὲγει</span> <span class='ocrx_word' id='word_1_739' title='bbox 3531 4103 3629 4155; x_wconf 89' lang='grc' dir='ltr'>τοῦ</span> <span class='ocrx_word' id='word_1_740' title='bbox 3685 4102 3836 4158; x_wconf 73' lang='grc' dir='ltr'>θείου</span> 
     </span>
    </p>
   </div>
   <div class='ocr_carea' id='block_1_103' title="bbox 2190 4175 3840 4262">
    <p class='ocr_par' dir='ltr' id='par_1_103' title="bbox 2190 4175 3840 4262">
     <span class='ocr_line' id='line_1_103' title="bbox 2190 4175 3840 4262; baseline 0.007 -31"><span class='ocrx_word' id='word_1_741' title='bbox 2190 4177 2522 4250; x_wconf 52' lang='lat' dir='ltr'>Ilva-3pm“,</span> <span class='ocrx_word' id='word_1_742' title='bbox 2549 4179 2627 4241; x_wconf 77' lang='grc' dir='ltr'>εἷς</span> <span class='ocrx_word' id='word_1_743' title='bbox 2655 4175 2811 4252; x_wconf 78' lang='grc' dir='ltr'>δόξαν</span> <span class='ocrx_word' id='word_1_744' title='bbox 2839 4183 2938 4251; x_wconf 76' lang='grc' dir='ltr'>τήν</span> <span class='ocrx_word' id='word_1_745' title='bbox 2970 4181 3260 4262; x_wconf 76' lang='grc' dir='ltr'>ἡμετέραν.</span> <span class='ocrx_word' id='word_1_746' title='bbox 3311 4175 3457 4244; x_wconf 12' lang='grc' dir='ltr'>Ἀνντὶ</span> <span class='ocrx_word' id='word_1_747' title='bbox 3485 4191 3606 4262; x_wconf 83' lang='grc' dir='ltr'>τοῦ,</span> <span class='ocrx_word' id='word_1_748' title='bbox 3637 4189 3840 4246; x_wconf 81' lang='grc' dir='ltr'>ἐκεῖθεν</span> 
     </span>
    </p>
   </div>
   <div class='ocr_carea' id='block_1_104' title="bbox 2189 4261 2487 4342">
    <p class='ocr_par' dir='ltr' id='par_1_104' title="bbox 2189 4261 2487 4342">
     <span class='ocr_line' id='line_1_104' title="bbox 2189 4261 2487 4342; baseline 0.003 -20"><span class='ocrx_word' id='word_1_749' title='bbox 2189 4261 2487 4342; x_wconf 77' lang='grc' dir='ltr'>δεχόμεθα.</span> 
     </span>
    </p>
   </div>
   <div class='ocr_carea' id='block_1_105' title="bbox 2820 4363 3200 4420">
    <p class='ocr_par' dir='ltr' id='par_1_105' title="bbox 2820 4363 3200 4420">
     <span class='ocr_line' id='line_1_105' title="bbox 2820 4363 3200 4420; baseline 0 0"><span class='ocrx_word' id='word_1_750' title='bbox 2820 4363 3082 4420; x_wconf 79' lang='grc' dir='ltr'>ΚΕΦΑΛ.</span> <span class='ocrx_word' id='word_1_751' title='bbox 3124 4364 3200 4420; x_wconf 80' lang='lat' dir='ltr'>E&#39;.</span> 
     </span>
    </p>
   </div>
   <div class='ocr_carea' id='block_1_106' title="bbox 2189 4443 3836 4540">
    <p class='ocr_par' dir='ltr' id='par_1_106' title="bbox 2189 4443 3836 4540">
     <span class='ocr_line' id='line_1_106' title="bbox 2189 4443 3836 4540; baseline 0.009 -41"><span class='ocrx_word' id='word_1_752' title='bbox 2189 4445 2496 4540; x_wconf 53' lang='grc' dir='ltr'>Πιρξθείας</span> <span class='ocrx_word' id='word_1_753' title='bbox 2537 4443 2699 4540; x_wconf 62' lang='grc' dir='ltr'>δόξῃς</span> <span class='ocrx_word' id='word_1_754' title='bbox 2755 4449 2845 4505; x_wconf 84' lang='grc' dir='ltr'>καὶ</span> <span class='ocrx_word' id='word_1_755' title='bbox 2901 4457 3000 4507; x_wconf 87' lang='grc' dir='ltr'>τοῦ</span> <span class='ocrx_word' id='word_1_756' title='bbox 3055 4450 3363 4511; x_wconf 76' lang='grc' dir='ltr'>ἀκολούθου</span> <span class='ocrx_word' id='word_1_757' title='bbox 3421 4455 3568 4532; x_wconf 77' lang='grc' dir='ltr'>βίου,</span> <span class='ocrx_word' id='word_1_758' title='bbox 3600 4457 3836 4522; x_wconf 63' lang='grc' dir='ltr'>δτιητοῖς</span> 
     </span>
    </p>
   </div>
   <div class='ocr_carea' id='block_1_107' title="bbox 2303 4539 2859 4596">
    <p class='ocr_par' dir='ltr' id='par_1_107' title="bbox 2303 4539 2859 4596">
     <span class='ocr_line' id='line_1_107' title="bbox 2303 4539 2859 4596; baseline 0.007 -23"><span class='ocrx_word' id='word_1_759' title='bbox 2303 4539 2480 4592; x_wconf 88' lang='grc' dir='ltr'>αγιοις</span> <span class='ocrx_word' id='word_1_760' title='bbox 2513 4539 2859 4596; x_wconf 84' lang='grc' dir='ltr'>γινωσκεται.</span> 
     </span>
    </p>
   </div>
   <div class='ocr_carea' id='block_1_108' title="bbox 2256 4607 3836 4688">
    <p class='ocr_par' dir='ltr' id='par_1_108' title="bbox 2256 4607 3836 4688">
     <span class='ocr_line' id='line_1_108' title="bbox 2256 4607 3836 4688; baseline 0.009 -25"><span class='ocrx_word' id='word_1_761' title='bbox 2256 4609 2355 4664; x_wconf 72' lang='grc' dir='ltr'>Διά</span> <span class='ocrx_word' id='word_1_762' title='bbox 2383 4613 2545 4664; x_wconf 90' lang='grc' dir='ltr'>τοῦτο</span> <span class='ocrx_word' id='word_1_763' title='bbox 2603 4607 2820 4683; x_wconf 80' lang='grc' dir='ltr'>ἔχοντες</span> <span class='ocrx_word' id='word_1_764' title='bbox 2878 4614 2978 4682; x_wconf 77' lang='grc' dir='ltr'>τὴν</span> <span class='ocrx_word' id='word_1_765' title='bbox 3039 4611 3316 4671; x_wconf 82' lang='grc' dir='ltr'>διακονίαν</span> <span class='ocrx_word' id='word_1_766' title='bbox 3375 4615 3600 4688; x_wconf 74' lang='grc' dir='ltr'>ταύτην,</span> <span class='ocrx_word' id='word_1_767' title='bbox 3657 4621 3836 4684; x_wconf 82' lang='grc' dir='ltr'>καθὼς</span> 
     </span>
    </p>
   </div>
   <div class='ocr_carea' id='block_1_109' title="bbox 2186 4696 3836 4782">
    <p class='ocr_par' dir='ltr' id='par_1_109' title="bbox 2186 4696 3836 4782">
     <span class='ocr_line' id='line_1_109' title="bbox 2186 4696 3836 4782; baseline 0.009 -31"><span class='ocrx_word' id='word_1_768' title='bbox 2186 4696 2505 4769; x_wconf 78' lang='grc' dir='ltr'>ἠλεήθημεν</span> <span class='ocrx_word' id='word_1_769' title='bbox 2541 4741 2553 4765; x_wconf 91' lang='grc'>,</span> <span class='ocrx_word' id='word_1_770' title='bbox 2644 4699 2743 4756; x_wconf 80' lang='grc' dir='ltr'>οὐκ</span> <span class='ocrx_word' id='word_1_771' title='bbox 2828 4699 3160 4776; x_wconf 75' lang='grc' dir='ltr'>ἐκκακοῦμεν</span> <span class='ocrx_word' id='word_1_772' title='bbox 3191 4750 3204 4774; x_wconf 84' lang='grc'>,</span> <span class='ocrx_word' id='word_1_773' title='bbox 3262 4704 3410 4760; x_wconf 79' lang='grc' dir='ltr'>ἀλλὰ</span> <span class='ocrx_word' id='word_1_774' title='bbox 3493 4707 3836 4782; x_wconf 80' lang='grc' dir='ltr'>ἀπειπάμεθα</span> 
     </span>
    </p>
   </div>
   <div class='ocr_carea' id='block_1_110' title="bbox 2185 4787 3838 4871">
    <p class='ocr_par' dir='ltr' id='par_1_110' title="bbox 2185 4787 3838 4871">
     <span class='ocr_line' id='line_1_110' title="bbox 2185 4787 3838 4871; baseline 0.008 -28"><span class='ocrx_word' id='word_1_775' title='bbox 2185 4787 2254 4843; x_wconf 73' lang='grc' dir='ltr'>τὰ</span> <span class='ocrx_word' id='word_1_776' title='bbox 2353 4790 2567 4863; x_wconf 83' lang='grc' dir='ltr'>κρυπτὰ</span> <span class='ocrx_word' id='word_1_777' title='bbox 2639 4797 2741 4861; x_wconf 77' lang='grc' dir='ltr'>τῆς</span> <span class='ocrx_word' id='word_1_778' title='bbox 2843 4791 3135 4868; x_wconf 78' lang='grc' dir='ltr'>αἰσχύνης,</span> <span class='ocrx_word' id='word_1_779' title='bbox 3240 4800 3314 4866; x_wconf 80' lang='grc' dir='ltr'>μή</span> <span class='ocrx_word' id='word_1_780' title='bbox 3417 4803 3838 4871; x_wconf 72' lang='grc' dir='ltr'>περιπατοῦντες</span> 
     </span>
    </p>
   </div>
   <div class='ocr_carea' id='block_1_111' title="bbox 2187 4875 3834 4966">
    <p class='ocr_par' dir='ltr' id='par_1_111' title="bbox 2187 4875 3834 4966">
     <span class='ocr_line' id='line_1_111' title="bbox 2187 4875 3834 4966; baseline 0.009 -37"><span class='ocrx_word' id='word_1_781' title='bbox 2187 4875 2240 4930; x_wconf 71' lang='grc' dir='ltr'>ἰν</span> <span class='ocrx_word' id='word_1_782' title='bbox 2345 4881 2687 4955; x_wconf 84' lang='grc' dir='ltr'>πανουργίᾳ,</span> <span class='ocrx_word' id='word_1_783' title='bbox 2791 4879 2931 4954; x_wconf 70' lang='grc' dir='ltr'>μηδὲ</span> <span class='ocrx_word' id='word_1_784' title='bbox 3035 4879 3324 4946; x_wconf 81' lang='grc' dir='ltr'>δολοῦντες</span> <span class='ocrx_word' id='word_1_785' title='bbox 3451 4885 3541 4942; x_wconf 87' lang='grc' dir='ltr'>τὸν</span> <span class='ocrx_word' id='word_1_786' title='bbox 3673 4888 3834 4966; x_wconf 87' lang='grc' dir='ltr'>λόγον</span> 
     </span>
    </p>
   </div>
   <div class='ocr_carea' id='block_1_112' title="bbox 2185 4967 3836 5047">
    <p class='ocr_par' dir='ltr' id='par_1_112' title="bbox 2185 4967 3836 5047">
     <span class='ocr_line' id='line_1_112' title="bbox 2185 4967 3836 5047; baseline 0.007 -25"><span class='ocrx_word' id='word_1_787' title='bbox 2185 4971 2283 5022; x_wconf 88' lang='grc' dir='ltr'>τοῦ</span> <span class='ocrx_word' id='word_1_788' title='bbox 2384 4973 2540 5038; x_wconf 84' lang='grc' dir='ltr'>Θεοῦ,</span> <span class='ocrx_word' id='word_1_789' title='bbox 2645 4967 2793 5026; x_wconf 75' lang='grc' dir='ltr'>ἀλλὰ</span> <span class='ocrx_word' id='word_1_790' title='bbox 2865 4975 2933 5045; x_wconf 82' lang='grc' dir='ltr'>τῇ</span> <span class='ocrx_word' id='word_1_791' title='bbox 3027 4973 3324 5047; x_wconf 76' lang='grc' dir='ltr'>φανερώσει</span> <span class='ocrx_word' id='word_1_792' title='bbox 3399 4981 3500 5045; x_wconf 80' lang='grc' dir='ltr'>τῆς</span> <span class='ocrx_word' id='word_1_793' title='bbox 3573 4973 3836 5046; x_wconf 76' lang='grc' dir='ltr'>ἀληθείας</span> 
     </span>
    </p>
   </div>
   <div class='ocr_carea' id='block_1_113' title="bbox 2188 5061 3832 5140">
    <p class='ocr_par' dir='ltr' id='par_1_113' title="bbox 2188 5061 3832 5140">
     <span class='ocr_line' id='line_1_113' title="bbox 2188 5061 3832 5140; baseline 0.005 -26"><span class='ocrx_word' id='word_1_794' title='bbox 2188 5079 2279 5114; x_wconf 90' lang='grc' dir='ltr'>συν</span> <span class='ocrx_word' id='word_1_795' title='bbox 2291 5063 2538 5122; x_wconf 82' lang='grc' dir='ltr'>ιστῶντες</span> <span class='ocrx_word' id='word_1_796' title='bbox 2643 5061 2866 5126; x_wconf 69' lang='grc' dir='ltr'>ἑαυτοὺς</span> <span class='ocrx_word' id='word_1_797' title='bbox 2965 5063 3100 5138; x_wconf 83' lang='grc' dir='ltr'>πρὸς</span> <span class='ocrx_word' id='word_1_798' title='bbox 3226 5067 3398 5122; x_wconf 83' lang='grc' dir='ltr'>πᾶσαν</span> <span class='ocrx_word' id='word_1_799' title='bbox 3527 5063 3832 5140; x_wconf 74' lang='grc' dir='ltr'>συνείδησιν</span> 
     </span>
    </p>
   </div>
   <div class='ocr_carea' id='block_1_114' title="bbox 2187 5148 3249 5224">
    <p class='ocr_par' dir='ltr' id='par_1_114' title="bbox 2187 5148 3249 5224">
     <span class='ocr_line' id='line_1_114' title="bbox 2187 5148 3249 5224; baseline 0.006 -20"><span class='ocrx_word' id='word_1_800' title='bbox 2187 5148 2487 5224; x_wconf 84' lang='grc' dir='ltr'>ἀνθρώπων</span> <span class='ocrx_word' id='word_1_801' title='bbox 2588 5149 2818 5206; x_wconf 64' lang='grc' dir='ltr'>ἐνώπιον</span> <span class='ocrx_word' id='word_1_802' title='bbox 2921 5156 3019 5208; x_wconf 82' lang='grc' dir='ltr'>τοῦ</span> <span class='ocrx_word' id='word_1_803' title='bbox 3095 5157 3249 5212; x_wconf 77' lang='grc' dir='ltr'>Θεοῦ.</span> 
     </span>
    </p>
   </div>
   <div class='ocr_carea' id='block_1_115' title="bbox 2266 5237 3832 5316">
    <p class='ocr_par' dir='ltr' id='par_1_115' title="bbox 2266 5237 3832 5316">
     <span class='ocr_line' id='line_1_115' title="bbox 2266 5237 3832 5316; baseline 0.009 -27"><span class='ocrx_word' id='word_1_804' title='bbox 2266 5262 2286 5288; x_wconf 71' lang='grc' dir='ltr'><strong><em>α</em></strong></span> <span class='ocrx_word' id='word_1_805' title='bbox 2323 5238 2419 5293; x_wconf 86' lang='grc' dir='ltr'>Διᾶ</span> <span class='ocrx_word' id='word_1_806' title='bbox 2447 5243 2630 5296; x_wconf 91' lang='grc' dir='ltr'>τοῦτο.</span> <span class='ocrx_word' id='word_1_807' title='bbox 2665 5264 2694 5294; x_wconf 80' lang='grc'><strong>››</strong></span> <span class='ocrx_word' id='word_1_808' title='bbox 2727 5241 2802 5298; x_wconf 86' lang='grc' dir='ltr'>Τὸ</span> <span class='ocrx_word' id='word_1_809' title='bbox 2836 5237 3158 5316; x_wconf 74' lang='grc' dir='ltr'>ὑπερϐατὸν,</span> <span class='ocrx_word' id='word_1_810' title='bbox 3217 5239 3306 5299; x_wconf 71' lang='grc' dir='ltr'>διὶ</span> <span class='ocrx_word' id='word_1_811' title='bbox 3361 5247 3524 5300; x_wconf 88' lang='grc' dir='ltr'>τοῦτο</span> <span class='ocrx_word' id='word_1_812' title='bbox 3581 5245 3682 5302; x_wconf 77' lang='grc' dir='ltr'>οῦκ</span> <span class='ocrx_word' id='word_1_813' title='bbox 3740 5247 3832 5302; x_wconf 77' lang='grc' dir='ltr'>ἐκ·</span> 
     </span>
    </p>
   </div>
   <div class='ocr_carea' id='block_1_116' title="bbox 2189 5327 3842 5414">
    <p class='ocr_par' dir='ltr' id='par_1_116' title="bbox 2189 5327 3842 5414">
     <span class='ocr_line' id='line_1_116' title="bbox 2189 5327 3842 5414; baseline 0.006 -32"><span class='ocrx_word' id='word_1_814' title='bbox 2189 5327 2484 5400; x_wconf 84' lang='grc' dir='ltr'>κακοῦμεν.</span> <span class='ocrx_word' id='word_1_815' title='bbox 2519 5329 2616 5385; x_wconf 73' lang='grc' dir='ltr'>Διὰ</span> <span class='ocrx_word' id='word_1_816' title='bbox 2672 5333 2834 5385; x_wconf 87' lang='grc' dir='ltr'>τοῦτο</span> <span class='ocrx_word' id='word_1_817' title='bbox 2906 5336 3120 5401; x_wconf 84' lang='grc' dir='ltr'>Ποῖον;</span> <span class='ocrx_word' id='word_1_818' title='bbox 3181 5333 3264 5388; x_wconf 82' lang='grc' dir='ltr'>ὅτι</span> <span class='ocrx_word' id='word_1_819' title='bbox 3319 5333 3605 5405; x_wconf 75' lang='grc' dir='ltr'>τοιοῦτων,</span> <span class='ocrx_word' id='word_1_820' title='bbox 3653 5337 3842 5414; x_wconf 74' lang='grc' dir='ltr'>φησὶν,</span> 
     </span>
    </p>
   </div>
   <div class='ocr_carea' id='block_1_117' title="bbox 2189 5417 3840 5498">
    <p class='ocr_par' dir='ltr' id='par_1_117' title="bbox 2189 5417 3840 5498">
     <span class='ocr_line' id='line_1_117' title="bbox 2189 5417 3840 5498; baseline 0.006 -28"><span class='ocrx_word' id='word_1_821' title='bbox 2189 5417 2472 5489; x_wconf 78' lang='grc' dir='ltr'>ἡξιώμεθα</span> <span class='ocrx_word' id='word_1_822' title='bbox 2507 5459 2519 5472; x_wconf 94' lang='grc'><strong>.</strong></span> <span class='ocrx_word' id='word_1_823' title='bbox 2591 5443 2618 5470; x_wconf 80' lang='grc' dir='ltr'>α</span> <span class='ocrx_word' id='word_1_824' title='bbox 2686 5421 2957 5494; x_wconf 75' lang='grc' dir='ltr'>Ἔχονττς</span> <span class='ocrx_word' id='word_1_825' title='bbox 3043 5421 3140 5492; x_wconf 76' lang='grc' dir='ltr'>τὴν</span> <span class='ocrx_word' id='word_1_826' title='bbox 3201 5419 3470 5478; x_wconf 83' lang='grc' dir='ltr'>διακονίαν</span> <span class='ocrx_word' id='word_1_827' title='bbox 3525 5429 3728 5498; x_wconf 79' lang='grc' dir='ltr'>ταὺτην</span> <span class='ocrx_word' id='word_1_828' title='bbox 3763 5471 3778 5485; x_wconf 88' lang='grc'>,</span> <span class='ocrx_word' id='word_1_829' title='bbox 3813 5452 3840 5480; x_wconf 70' lang='grc' dir='ltr'><strong>κ</strong></span> 
     </span>
    </p>
   </div>
   <div class='ocr_carea' id='block_1_118' title="bbox 2189 5503 3838 5586">
    <p class='ocr_par' dir='ltr' id='par_1_118' title="bbox 2189 5503 3838 5586">
     <span class='ocr_line' id='line_1_118' title="bbox 2189 5503 3838 5586; baseline 0.007 -23"><span class='ocrx_word' id='word_1_830' title='bbox 2189 5503 2411 5576; x_wconf 84' lang='grc' dir='ltr'>Ἐπειδή</span> <span class='ocrx_word' id='word_1_831' title='bbox 2470 5505 2656 5564; x_wconf 72' lang='grc' dir='ltr'>πολλὰ</span> <span class='ocrx_word' id='word_1_832' title='bbox 2735 5509 2825 5563; x_wconf 84' lang='grc' dir='ltr'>καὶ</span> <span class='ocrx_word' id='word_1_833' title='bbox 2911 5508 3120 5583; x_wconf 75' lang='grc' dir='ltr'>μεγάλα</span> <span class='ocrx_word' id='word_1_834' title='bbox 3175 5512 3298 5586; x_wconf 70' lang='grc' dir='ltr'>περὶ</span> <span class='ocrx_word' id='word_1_835' title='bbox 3353 5517 3462 5567; x_wconf 80' lang='grc' dir='ltr'>τῶν</span> <span class='ocrx_word' id='word_1_836' title='bbox 3511 5513 3838 5574; x_wconf 80' lang='grc' dir='ltr'>ἀποστόλων</span> 
     </span>
    </p>
   </div>
   <div class='ocr_carea' id='block_1_119' title="bbox 2193 5595 3838 5682">
    <p class='ocr_par' dir='ltr' id='par_1_119' title="bbox 2193 5595 3838 5682">
     <span class='ocr_line' id='line_1_119' title="bbox 2193 5595 3838 5682; baseline 0 -30"><span class='ocrx_word' id='word_1_837' title='bbox 2193 5597 2426 5672; x_wconf 76' lang='grc' dir='ltr'>εῐρήκεν,</span> <span class='ocrx_word' id='word_1_838' title='bbox 2485 5595 2682 5674; x_wconf 67' lang='grc' dir='ltr'>λέγων,</span> <span class='ocrx_word' id='word_1_839' title='bbox 2745 5623 2773 5650; x_wconf 89' lang='grc'>‹‹</span> <span class='ocrx_word' id='word_1_840' title='bbox 2821 5599 2933 5668; x_wconf 76' lang='grc' dir='ltr'>Τὴν</span> <span class='ocrx_word' id='word_1_841' title='bbox 2995 5595 3150 5670; x_wconf 78' lang='grc' dir='ltr'>δόξαν</span> <span class='ocrx_word' id='word_1_842' title='bbox 3211 5599 3416 5680; x_wconf 87' lang='grc' dir='ltr'>Κυρίου</span> <span class='ocrx_word' id='word_1_843' title='bbox 3475 5606 3838 5682; x_wconf 78' lang='grc' dir='ltr'>κατοπτριζό.</span> 
     </span>
    </p>
   </div>
  </div>
