4158 6194
361 265 482 327 957

1328 262 1736 326 COMMENT.
1782 263 1862 323 IN
1908 259 2157 322 EPIST.
2203 258 2259 320 11
2301 236 2823 322 AD‘CORINTH.

3655 267 3774 329 958

361 410 520 476 μεθα,
584 423 614 451 ι»
672 397 743 468 (εί
800 397 904 476 γὰρ
973 396 1065 453 καὶ
1120 397 1499 468 ἰκοινοποίησε
1556 398 1648 454 τὸν
1711 396 1879 474 λόγον
1937 400 2009 469 τῷ

2126 411 2361 452 mamur
2387 412 2402 464 ;
2436 418 2464 446 ››
2498 396 2860 469 (quanquam
2893 396 3054 452 enim
3087 413 3422 455 sermonem
3456 399 3594 457 fecit
3615 417 3776 458 como

360 487 531 544 εἰπεῖν
592 509 623 540 ‹‹
652 488 843 562 Ἡμεῖς
901 483 960 543 δὶ
1015 486 1233 556 πάντες,
1270 509 1294 539 ν
1346 487 1493 557 πλὴν
1554 487 1630 550 εἲς
1687 487 1814 549 τοὺς
1874 488 2019 541 ἀπο-

361 577 595 641 στόλους
652 576 1030 651 πρωτοτύπως
1087 575 1276 651 ε’ῗρητο
1333 577 1400 631 τὰ
1456 576 1764 651 εἰρημένῃ)
1822 574 2018 632 λοιπὸν

365 667 593 740 κατάγει
621 667 713 722 τὸν
743 667 869 742 περῖ
901 665 1080 722 αὐτῶν
1129 664 1315 741 λόγον.
1351 691 1380 719 ‹‹
1405 669 1672 741 Ἔχοντες
1704 667 1831 739 vis,
1863 663 2016 743 φησὶ,

361 758 460 825 τήν
522 752 821 824 διακονίαν,
854 779 883 807 ››
940 750 1240 821 τουτέστιν,
1296 758 1458 828 ἡμεῖς
1508 754 1675 811 πλέον
1705 751 1856 809 οὐδὲν
1894 751 2019 808 ἀλλ’

360 844 398 916 ἢ
457 840 699 899 διάκονοί
758 843 917 916 ἐσμεν
977 848 1074 899 τοῦ
1133 843 1509 918 κηρύγματος,
1570 845 1722 905 Εἶτα,
1766 866 1793 892 ‹‹
1830 840 2019 905 Καθὼς

359 931 706 1006 ἠλεὴθημεν,
768 956 799 985 »ι
858 929 1069 995 δεικνὺς
1152 933 1234 987 ’ὁτι
1318 932 1408 987 καὶ
1467 930 1599 987 αὐτὸ
1650 932 1713 986 τὸ
1770 929 2013 1007 γενέσθαι

359 1020 624 1094 διάκονοι,
686 1020 785 1077 οὐκ
833 1025 972 1095 ἦμεν
1057 1020 1221 1092 ἄξιοι,
1306 1020 1455 1078 ἀλλὰ
1513 1019 1601 1079 καὶ
1659 1025 1844 1087 τοῦτο,
1898 1020 2017 1075 κατ’

357 1106 515 1169 ἵλεον
543 1115 677 1168 Θεοῦ
719 1110 975 1188 ἔσχομεν.
1024 1136 1051 1164 ‹‹
1086 1111 1205 1169 Οὐκ
1251 1111 1604 1186 ἐκκακοῦμεν.
1641 1133 1669 1163 ››
1699 1110 2013 1177 Τουτόστιν,

359 1200 459 1257 οὐκ
506 1201 916 1277 ἀπαγορεύομεν
975 1202 1113 1277 πρὸς
1166 1200 1264 1261 τὰς
1322 1199 1536 1273 θλίψεις
1590 1200 1682 1255 καὶ
1738 1200 1864 1260 τοὺς
1893 1219 2015 1254 πει-

358 1289 604 1365 ρασμοὺς
631 1291 722 1346 καὶ
779 1290 907 1346 τοὺς
963 1288 1271 1354 κινδύνους.
1325 1314 1353 1343 ‹‹
1384 1288 1557 1347 ’Λλλά
1584 1288 1929 1360 ἀπειπάμεθα
1983 1313 2011 1341 ››

356 1380 501 1455 Πρὸς
535 1380 632 1452 μὶν
664 1380 759 1442 τὰς
792 1378 1005 1453 θλίψεις
1057 1379 1161 1435 οὐκ
1215 1379 1584 1452 ἀπειπάμεθα,
1614 1379 1704 1434 καὶ
1743 1377 2013 1453 ἀπεκρου-

355 1469 570 1541 οάμεθα
655 1468 727 1522 τὰ
811 1467 1022 1543 κρυπτά
1104 1475 1205 1539 τῆς
1289 1467 1582 1548 αἰσχύνης,
1647 1467 1893 1523 τουτέστι
1947 1467 2010 1522 τὸ

351 1562 582 1614 τοιαῦτα
626 1562 804 1613 ποιεῖν
864 1556 916 1613 ἐν
968 1561 1171 1634 τρυφῇ,
1227 1556 1260 1613 ἃ
1317 1557 1690 1635 φανερούμενα
1746 1556 2010 1632 αἰσχύνην

356 1644 527 1725 φέρει.
580 1646 888 1703 Αίνίττεται
949 1643 1008 1701 δὶ
1090 1645 1217 1710 τοὺς
1276 1645 1779 1722 ψευδαποστόλους,
1839 1642 1895 1700 ο⁹ί
1954 1643 2008 1701 ἐν

355 1735 606 1837 σχήματι
662 1730 948 1837 εὐλαϐείας
1003 1735 1163 1804 ἦσαν,
1248 1736 1338 1790 καὶ
1400 1734 1454 1790 ἐν
1513 1739 1691 1816 κρυφῇ
1737 1733 2003 1837 πονηροί.
2042 1772 2087 1837 Β

355 1827 481 1888 Hii):
549 1821 607 1881 δὲ
662 1824 1009 1899 ἀπειπάμεθα
1096 1826 1164 1881 τὰ
1248 1826 1459 1899 κρυπτὰ
1542 1831 1643 1894 τῆς
1698 1823 2009 1899 αίσχύνηςς

358 1913 774 1989 Ἀπανούργως,
832 1913 989 1991 φησὶ,
1043 1913 1132 1968 καὶ
1198 1912 1493 1975 ἀπλάστως
1553 1917 1768 1983 ζῶντες.
1826 1913 1887 1970 Ὀ
1956 1910 2013 1967 δὲ

357 2004 533 2066 οὕτως
594 2001 1081 2081 ἀναστρεφόμενος,
1146 1992 1341 2058 ἀπεῖπε
1395 2002 1532 2078 πρὸς
1609 2002 1672 2056 τὸ
1756 2001 2011 2078 πράττειν

355 2114 408 2148 τι
438 2097 546 2150 τῶν
576 2091 1061 2170 κατεγνωσμένων.
1096 2117 1123 2144 ιι
1157 2092 1237 2149 Τὰ
1275 2093 1487 2167 κρυπτά
1526 2098 1628 2161 τῆς
1658 2091 1946 2167 αἰσχύνης,
1982 2114 2010 2143 ››

353 2184 458 2242 Καὶ
514 2182 580 2237 τὰ
629 2181 841 2257 κρυπτά
895 2188 997 2252 τῆς
1055 2180 1344 2261 αλσχύνης,
1413 2181 1599 2261 φησὶν,
1644 2180 2008 2253 ἀπειπάμεθα,

356 2272 477 2329 οἷον
509 2270 665 2328 οὐδὲν
714 2270 828 2329 οὐδ’
887 2270 942 2328 ἐν
999 2275 1179 2350 κρυφῇ
1239 2270 1503 2346 αἰσχύνης
1534 2270 1682 2344 ἄξιον
1714 2267 2009 2345 διαπραττό

356 2373 512 2436 μεοα,
543 2360 692 2418 ἀλλὰ
727 2363 803 2435 μή
863 2358 1214 2423 ἑκκακοῦντες
1274 2359 1327 2415 ἒν
1382 2366 1502 2422 ταῖς
1536 2359 1784 2435 θλίψεσιν
1813 2360 1888 2424 ὡς
1918 2360 2008 2415 καὶ

353 2452 510 2525 ὑμεῖς
570 2451 750 2523 ὁρᾶτε,
814 2446 942 2505 οὐδὲ
997 2452 1135 2505 κατᾶ
1188 2448 1460 2526 λογισμὸν
1494 2447 1636 2507 ἄλλο
1667 2472 1719 2507 τι
1755 2447 2009 2505 διανοού-

356 2551 496 2615 μεθα
551 2538 819 2615 αἰσχύνης
906 2535 1074 2611 ἄξιον,
1160 2539 1302 2610 οἷον,
1362 2537 1461 2594 οὐκ
1525 2536 1853 2613 ὀλιγωρίαν,
1912 2536 2011 2593 οὐκ

356 2622 720 2711 ἀμφιϐολίαν,
782 2626 845 2683 οὐ
923 2623 1244 2701 δισταγμὸν,
1323 2627 1424 2682 οὐκ
1497 2626 1843 2703 ἀχαριστίαν,
1913 2626 2012 2682 οὐκ

352 2714 496 2773 ἄλλο
552 2738 607 2772 τι
662 2716 798 2771 κατὰ
858 2712 1102 2771 διάνοιαν
1158 2712 1557 2791 ἀναδεχόμεθα.
1619 2714 1774 2773 Ἀλλ’
1825 2713 2007 2790 ὥσπερ

347 2804 407 2863 ἰν
464 2810 543 2879 τῷ
601 2805 818 2886 φανερῷ
876 2804 980 2860 οὐκ
1038 2802 1397 2880 ἐκκακοῦμεν,
1453 2804 1628 2868 οὕτως
1687 2802 1802 2859 οὔδ’
1843 2805 1899 2859 ἓν
1930 2807 2010 2875 τῷ

353 2898 579 2969 κρυπτῷ
633 2893 899 2970 αἰσχύνης
958 2892 1105 2964 ἄξιόν
1160 2914 1213 2948 τι
1271 2892 1630 2969 λογιζόμεθα,
1662 2891 1809 2948 ἀλλά
1836 2892 2008 2948 πάντα

347 2984 416 3040 τὰ
472 2990 574 3053 τῆς
634 2983 907 3058 αἰσχύνης
961 2981 1174 3058 κρυπτά
1224 2983 1590 3058 ἀπειπάμεθα.
1649 2983 1802 3053 Εἶτα,
1849 3007 1875 3033 (ι
1910 2983 2004 3051 Mi;

351 3076 777 3147 περιπατοῦντες
833 3069 887 3127 ἓν
947 3072 1266 3147 πανουργίᾳ,
1332 3096 1357 3122 »ι
1414 3070 1501 3126 καὶ
1557 3071 1701 3142 ἑξῆς.
1758 3075 1999 3149 Πανουρ-

2130 503 2369 543 munem
2385 487 2637 543 dicendo
2655 503 2667 542 :
2685 513 2707 535 ι·
2724 488 2840 543 Nos
2853 495 3050 544 autem
3066 504 3293 555 omnes,
3313 511 3338 535 ιι
3360 490 3433 545 ad
3472 492 3773 562 apostolos

2128 582 2325 632 tamen
2338 577 2518 632 veluti
2537 577 2728 649 prima
2739 593 2902 632 exem
2914 577 3463 647 plariadicebantur
3475 580 3774 653 praidicta)

2128 665 2411 737 deinceps
2426 682 2759 720 sermonem
2778 665 3231 720 dehisdeducit:
3252 687 3273 717 ιι
3310 666 3455 721 Cum
3485 668 3642 722 enim
3668 670 3776 723 mi-

2125 755 3274 826 nisterium.inquit,haheamus.hocest,
3305 780 3324 803 ιι
3345 757 3766 830 nihilamplius

2126 861 2303 917 quam
2335 845 2595 900 ministri
2628 844 3065 916 prmdicationis
3098 845 3304 900 simus.
3364 846 3587 903 Deinde
3640 849 3721 904 ait
3755 864 3767 901 :

2125 958 2153 984 «
2188 935 2349 990 Sicut
2379 934 2565 990 nostri
2593 936 2869 990 misertus
2900 939 2991 989 est
3017 934 3193 999 Deus,
3213 956 3242 984 »
3262 936 3586 991 ostendens
3608 936 3765 1009 quod

2124 1024 2205 1080 Ne
2237 1025 2311 1080 ad
2342 1024 2453 1081 hoc
2486 1024 2725 1097 quidem
2758 1024 2920 1096 digni
2954 1040 3158 1079 sumus
3187 1030 3255 1079 ut
3275 1024 3462 1080 simus
3486 1026 3770 1095 ministri,

2123 1116 2225 1172 sed
2257 1122 2317 1172 et
2345 1117 2457 1173 hoc
2487 1134 2521 1173 a
2546 1115 2649 1172 Dei
2702 1114 3113 1171 misericordia
3167 1112 3475 1169 habemus.
3538 1137 3565 1165 «
3602 1116 3767 1171 Haud

2123 1206 2534 1280 defatigamur.
2568 1208 2688 1261 Hoc
2720 1210 2828 1267 est,
2863 1221 2983 1259 non
3015 1204 3328 1260 deficimus
3358 1204 3431 1259 ad
3490 1203 3770 1261 afﬂictio-

2120 1297 2617 1353 nes.tentationes
2649 1312 2715 1351 ae
2747 1294 3031 1366 pericula.
3069 1317 3095 1343 α
3130 1294 3242 1350 Sed
3273 1295 3591 1366 rejecimus
3637 1318 3661 1343 υ
3686 1296 3772 1352 Ad

2119 1384 2475 1441 afﬂictiones
2493 1384 2734 1457 quidem
2750 1401 2870 1439 non
2898 1382 3312 1455 defatigamur,
3329 1383 3433 1439 sed
3456 1384 3773 1454 rejecimus

2118 1490 2188 1530 ac
2214 1474 2597 1530 refutavimus
2630 1473 3066 1529 occultamenta
3097 1472 3406 1528 dedecoris
3441 1491 3453 1527 :
3487 1474 3598 1528 hoc
3659 1482 3769 1543 est,

2117 1565 2260 1622 talia
2288 1565 2349 1619 in
2380 1563 2611 1620 occulto
2644 1564 2857 1623 facere.
2892 1580 3023 1634 quae
3055 1562 3430 1618 manifestata
3481 1563 3769 1634 pudorem

2116 1655 2417 1711 atTerrent.
2442 1655 2717 1727 Designat
2734 1659 2929 1709 autem
2949 1652 3440 1725 pseudapostolos
3454 1653 3552 1725 qui
3595 1653 3765 1708 habi-

2115 1747 2244 1798 tum
2272 1740 2589 1812 quemdam
2621 1740 2858 1813 pietatis
2890 1740 3212 1807 habebant,
3254 1739 3357 1795 sed
3415 1740 3477 1794 in
3535 1741 3767 1797 occulto

2120 1831 2281 1902 pravi
2295 1829 2791 1895 erant.Quomodo
2806 1834 3003 1885 autem
3017 1829 3100 1900 rej
3112 1829 3770 1885 ecimusoccultamenta

2120 1919 2467 1975 dedecoris?
2488 1920 2625 1976 Sine
2649 1920 2905 1974 versutia
2927 1934 2993 1974 ac
3016 1917 3250 1973 fallacia
3296 1917 3577 1972 viventes.
3625 1920 3769 1973 Nam

2120 2010 2317 2081 quiita
2329 2008 3307 2078 conversatur,recusatquidquam
3332 2006 3524 2063 facere
3563 2024 3769 2063 eorum

2118 2115 2250 2169 quea
2264 2099 2543 2154 damnata
2557 2098 2875 2154 sunt.6‘24
2889 2120 2915 2147 «
2932 2096 3378 2153 Occultamenta
3392 2094 3764 2151 dedecoris.»

2118 2187 2307 2242 Etiam
2321 2183 3332 2256 occultamentis,inquit.dedecoris
3355 2184 3766 2240 iuterdiximus

2116 2275 2176 2333 id
2196 2283 2285 2332 est
2331 2277 2481 2332 nihil
2497 2276 2844 2332 confusione
2861 2275 3103 2348 dignum
3117 2290 3192 2329 ne
3205 2274 3265 2328 in
3281 2273 3510 2329 occulto
3525 2274 3765 2346 quidem

2117 2372 2565 2439 perpetramus:
2601 2365 2702 2421 sed
2735 2366 2796 2420 in
2826 2362 3250 2420 afflictionibus
3281 2379 3401 2417 non
3430 2364 3768 2420 succumbi-

2117 2473 2271 2515 mus.
2297 2460 2361 2509 ut
2381 2461 2553 2510 etvos
2570 2453 2781 2509 videtis
2807 2470 2820 2508 :
2844 2469 3037 2526 neque
3060 2453 3149 2508 vel
3174 2456 3372 2508 mente
3403 2453 3565 2508 aliud
3596 2454 3769 2525 quid-

2117 2562 2293 2618 quam
2326 2546 2652 2617 cogitamus
2683 2543 3035 2599 confusione
3066 2543 3310 2615 dignum
3337 2560 3349 2596 :
3382 2543 3493 2598 hoc
3525 2548 3631 2599 est.
3668 2561 3767 2599 ne-

2115 2652 2229 2706 que
2249 2633 2667 2707 negligentiam
2693 2650 2886 2705 neque
2909 2633 3344 2688 haesitationem
3362 2649 3465 2686 seu
3479 2648 3570 2688 am
3581 2632 3763 2701 bigui-

2114 2724 3041 2797 tatem,nequeingratitudinem,
3061 2738 3254 2793 neque
3271 2721 3435 2777 aliud
3456 2723 3760 2793 quippiam

2116 2813 2455 2886 hujusmodi
2471 2813 2558 2868 vel
2572 2818 2772 2868 mente
2784 2811 3236 2883 recipimuszsed
3256 2811 3760 2882 quemadmodum

2114 2903 2175 2958 in
2202 2902 2514 2958 manifesto
2536 2918 2656 2957 non
2679 2900 3179 2974 defatigamur,ita
3202 2915 3396 2972 neque
3422 2900 3483 2953 in
3533 2900 3763 2957 occulto

2114 2992 2443 3063 quidquam
2493 2990 2906 3046 erubescentia
2958 2989 3201 3062 dignum
3261 2989 3608 3061 cogitamus,
3662 2991 3765 3046 sed

2113 3082 2315 3137 omnia
2343 3080 2578 3137 ruboris
2610 3079 3046 3135 occultamentu
3100 3076 3441 3148 rejecimus.
3488 3079 3713 3137 Deinde
3749 3096 3763 3135 :

348 3141 474 3240 γίας
536 3160 633 3234 μὶν
690 3161 793 3237 γὰρ
847 3159 936 3215 καὶ
998 3141 1191 3231 δόλου,
1226 3141 1394 3217 ’ἄλλα
1454 3162 1548 3236 μὶν
1588 3141 2008 3224 ἕπιδείκνυσθαι,

2119 3194 2143 3222 α
2177 3172 2302 3226 Non
2332 3175 2633 3226 versantes
2661 3185 2769 3241 per
2798 3167 3100 3227 astutiam.
3126 3188 3154 3215 »
3179 3172 3288 3222 etc.
3323 3166 3626 3239 Siquidem
3650 3186 3769 3226 ver-

308 3279 312 3284 ·
352 3248 501 3307 ἄλλα
530 3247 587 3305 δὲ
618 3247 1048 3325 διαλογίζεσθαι,
1083 3273 1110 3302 ‹‹
1143 3246 1300 3321 Μηδὲ
1332 3247 1621 3312 δολοῦντες
1650 3250 1742 3305 τὸν
1777 3248 2005 3326 λόγον.»

344 3348 449 3408 Καὶ
482 3348 546 3404 οὖ
582 3347 763 3422 μόνον,
797 3347 955 3426 φησὶ,
1017 3347 1139 3422 βίον
1193 3347 1285 3402 καὶ
1344 3346 1627 3404 πολιτείαν
1660 3346 2006 3425 ἀπάνουργον

350 3438 771 3514 ἐπιτηδεύομεν,
805 3438 932 3498 ἀλλ’
962 3438 1089 3495 οὐδὲ
1120 3437 1397 3513 δολοῦμεν
1428 3440 1521 3496 τὸν
1551 3439 1715 3514 λόγον
1745 3444 1842 3496 τοῦ
1872 3443 2008 3496 Θεοῦ

348 3530 444 3590 καὶ
472 3531 535 3585 τὸ
566 3531 849 3608 κήρυγμα,
908 3532 943 3603 ἢ
1006 3530 1482 3606 χρηματιζόμενοι
1525 3529 1576 3601 ἐξ
1607 3529 1791 3596 αὐτοῦ,
1824 3530 1859 3600 ἤ
1894 3535 2008 3594 τοῖς

345 3623 561 3695 καιροῖς
606 3619 696 3675 καὶ
738 3624 854 3682 τοῖς
886 3620 1209 3692 προσώποις
1267 3615 1885 3693 συμμεταϐαλλόμενοι,
1916 3620 2008 3675 καί

346 3714 440 3766 νῦν
474 3713 567 3782 μὲν
611 3712 798 3779 τοῦτο,
853 3713 945 3764 νῦν
1018 3705 1076 3765 δῖε
1134 3708 1307 3765 ἐκεῖνο
1368 3706 1732 3779 διδασκοντες,
1793 3709 1924 3783 ὅπερ
1956 3711 2010 3766 οἱ

302 3803 306 3806 ⁴
351 3795 798 3876 ψευδαπόστολοι
854 3797 1095 3856 ἐποίουν.
1158 3824 1185 3850 ι(
1218 3796 1400 3857 Ἀλλά
1453 3803 1522 3874 τῇ
1583 3800 1883 3875 ᾳανερώσει
1910 3808 2012 3872 τῆς

302 3885 632 3960 ’ἀληθείας
670 3911 697 3938 ››
758 3885 955 3956 Οὐδὲν,
1010 3889 1167 3970 φησὶ,
1229 3889 1457 3967 κρύφιον
1512 3896 1642 3965 παρ’
1693 3892 1852 3960 ἡμῖν.
1887 3888 2011 3947 οὐδὲ

354 3975 498 4035 ἄλλο
533 3979 627 4051 μὶν
659 3976 993 4052 κρύπτομεν,
1026 3974 1170 4034 ἄλλο
1200 3974 1258 4034 δὲ
1288 3977 1582 4053 λαλοῦμεν,
1618 3978 1767 4037 ἀλλᾶ
1796 3979 1885 4036 διὰ
1908 3982 2009 4049 τὴν

353 4065 658 4151 ,ανιρωσιν
713 4073 813 4137 τῆς
871 4065 1151 4138 ἀληθείας,
1208 4073 1539 4142 συνιστῶμεν
1592 4071 1678 4125 καὶ
1723 4072 2010 4143 παρατιθέ-

358 4168 494 4229 μεθα
550 4155 777 4217 ἑαυτοὺς
836 4158 951 4212 οἷον
1011 4154 1195 4229 ἐσμὶν,
1252 4156 1397 4230 πάσῃ
1452 4155 1753 4229 συνειδήσει
1800 4160 2014 4232 ἀνθρώ-

349 4266 490 4304 πων.
520 4278 592 4288 -
621 4247 838 4320 [ΦΩΤ.]
895 4246 964 4303 Οἱ
1019 4246 1122 4322 γὰρ
1178 4243 1642 4323 ψευδαπόστολοι,
1694 4249 1758 4304 οὗ
1798 4253 1867 4321 τῇ
1908 4270 2013 4324 φα-

350 4336 578 4411 νερώσει
608 4341 710 4404 τῆς
743 4333 1028 4406 ἀληθείας,
1059 4333 1209 4392 ἀλλά
1263 4339 1343 4409 τῷ
1400 4334 1656 4392 ὑποδῦναι
1714 4337 2008 4412 πρόσωπον

350 4422 641 4495 ἀληθείας,
703 4423 961 4480 συνίστων
1006 4424 1249 4496 ἑαυτοὺς,
1309 4421 1424 4480 οὐδ’
1460 4424 1689 4482 ἴενώπιον
1720 4429 1817 4482 τοῦ
1848 4430 2004 4495 Θεοῦ,

2120 3259 2290 3316 sutiae
2321 3275 2389 3315 ac
2421 3259 2541 3315 doli
2571 3264 2659 3313 est
2688 3258 2850 3314 aliud
2893 3257 3152 3313 exterius
3209 3257 3546 3319 ostendere.
3605 3259 3767 3315 aliud

2120 3352 2317 3402 autem
2350 3347 2623 3418 cogitare.
2665 3367 2689 3396 α
2725 3347 2924 3416 Neque
2948 3344 3081 3400 dolo
3106 3349 3427 3400 tractantes
3446 3344 3712 3401 verbum.
3743 3370 3769 3397 »

2120 3438 2235 3492 Nec
2267 3436 2482 3499 solum.
2515 3434 2727 3506 inquit,
2759 3435 2937 3491 vitam
2969 3450 3037 3489 ac
3068 3434 3583 3489 conversationem
3640 3436 3767 3493 sine

2117 3525 2375 3582 versutia
2403 3524 2791 3586 instituimus.
2854 3523 2958 3579 sed
3016 3539 3210 3594 neque
3264 3522 3398 3580 dolo
3448 3530 3770 3583 tractamus

2118 3614 2362 3670 verbum
2392 3615 2493 3671 Dei
2530 3612 2649 3670 sive
2678 3613 3166 3686 praedicationem
3202 3629 3215 3666 :
3249 3618 3350 3669 aut
3381 3621 3673 3685 quaestum
3700 3632 3771 3669 ex

2118 3713 2248 3786 ipso
2277 3718 2592 3772 sectantes.
2627 3718 2728 3770 aut
2751 3713 2925 3784 juxta
2944 3719 3271 3783 temporum
3295 3726 3362 3767 ac
3380 3727 3769 3783 personarum

2121 3802 2433 3859 varietates
2464 3817 2572 3856 nos
2603 3800 2762 3874 ipsos
2793 3806 3247 3857 commutantes.
3310 3804 3368 3853 et
3419 3814 3577 3853 nunc
3634 3800 3766 3865 hoc,

2120 3909 2282 3949 nunc
2313 3897 2509 3949 autem
2554 3890 2703 3947 illud
2762 3890 3060 3946 docentes.
3118 3886 3275 3959 quod
3323 3887 3769 3959 pseudapostoli

2119 3980 2434 4040 faciebant.
2458 4001 2481 4024 «
2506 3979 2618 4038 Sed
2642 3980 2700 4034 in
2728 3974 3201 4035 manifestatione
3224 3975 3504 4032 veritatis.
3531 3998 3560 4026 η
3588 3977 3766 4046 Nihil,

2122 4071 2337 4143 inquit,
2360 4069 2658 4127 occultum
2683 4067 2838 4139 apud
2861 4083 2966 4121 nos
2989 4070 3098 4127 est,
3134 4080 3329 4137 neque
3374 4065 3536 4123 aliud
3572 4069 3768 4124 occul-

2121 4165 2338 4217 tamus.
2367 4156 2529 4213 aliud
2561 4161 2757 4211 autem
2790 4153 3130 4225 loquimur:
3164 4153 3267 4210 sed
3295 4170 3402 4226 per
3430 4156 3771 4214 manifesta-

2121 4243 2995 4316 tionemveritatisnosipsosin
3013 4242 3270 4298 medium
3312 4243 3668 4316 proferimus
3699 4259 3766 4301 ac

2123 4335 2470 4391 exhibemus
2484 4332 2689 4405 quales
2702 4349 2905 4390 sumus
2918 4332 3073 4405 apud
3087 4349 3325 4387 omnem
3340 4332 3767 4390 conscientiam

2120 4423 2454 4480 hominum.
2485 4452 2556 4465 -—
2583 4422 2728 4479 Nam
2759 4422 3196 4495 pseudapostoli
3230 4436 3352 4478 non
3375 4438 3480 4493 per
3511 4421 3765 4479 manife-

353 4515 485 4574 ἀλλ’
518 4515 595 4581 εἷς
644 4516 919 4588 ἀρέσκειαν
982 4518 1148 4591 μόνον
1206 4521 1315 4572 τῶν
1377 4516 1769 4589 ἀπατωμένων.
1803 4543 1830 4571 ‹‹
1868 4518 2008 4595 Πρὸς

2117 4513 2436 4607 statione?
2470 4512 2753 4581 veritatis,
2786 4510 2890 4567 sed
2920 4511 3255 4568 simulando
3272 4512 3533 4568 veritatis
3557 4528 3762 4585 perso-

350 4612 527 4663 πᾶσαν
610 4602 918 4677 συνείδησιν
1002 4605 1334 4683 ἀνθρώπων.
1400 4631 1429 4659 ››
1493 4607 1645 4682 Diem
1705 4604 2005 4680 συνειδήσει
2054 4612 2069 4665 δ,
2107 4602 2361 4703 Ἠδῲββέ

2060 4698 2065 4703 ’
2116 4697 2325 4775 tumut
2441 4691 2743 4764 placerent
2762 4691 2861 4763 qui
2879 4689 3257 4748 fallebantur.
3284 4713 3311 4740 «
3336 4691 3503 4763 Apud
3525 4707 3764 4749 omnem

2049 4780 2055 4789 ’
2116 4772 2542 4839 conscientiam
2566 4780 2893 4835 hominum.
2927 4804 2946 4830 ιι
2984 4778 3179 4845 Omni,
3216 4780 3426 4853 inquit,
3456 4781 3763 4838 conscien-

353 4694 655 4772 ἀνθρώπων
708 4695 949 4752 ἀπίστων
1001 4716 1060 4753 τε
1109 4696 1201 4752 καὶ
1256 4700 1461 4752 πιστῶν
1492 4695 1715 4759 ἑαυτοὺς
1748 4698 2003 4752 συνιστῶ-

354 4804 470 4855 μεν,
531 4783 583 4855 ἐξ
667 4784 765 4854 ὧν,
846 4784 1033 4855 φησὶν,
1119 4785 1577 4865 ἀναστρεφοίμεθα.
1652 4782 1872 4855 Ἐπειδή
1928 4780 2006 4842 ἶνι

351 4869 538 4935 λαθεῖν
604 4872 732 4936 τοῦς
804 4873 1126 4948 ἀνθρώπους
1207 4874 1298 4929 καὶ
1382 4875 1676 4947 ἀπατῆσαι,
1732 4876 1822 4933 τὸν
1878 4874 2008 4933 Θεὸν

347 4953 547 5040 κερορον
578 4959 828 5041 ἐφίστησι
857 4966 925 5038 τῇ
957 4963 1149 5021 δαυτοῦ
1179 4961 1453 5039 πολιτείᾳ.

417 5222 484 5281 El
552 5218 610 5278 δὶ
664 5222 755 5277 καὶ
833 5213 948 5280 ἔστι
1032 5219 1447 5296 κεκαλυμμένον
1522 5224 1585 5281 τὸ
1666 5223 2002 5302 Εὖαγγὲλιον

344 5310 529 5386 ἡμῶν,
613 5309 664 5366 ἐν
746 5314 866 5373 τοῖς
966 5308 1379 5386 ἀπολλυμένοις
1461 5311 1573 5367 ἐστῖ
1653 5312 2004 5389 κεκαλυμμέ-

339 5420 454 5470 νον,
513 5398 567 5456 iv
627 5402 714 5463 οἷς
773 5398 802 5455 ὁ
862 5398 993 5463 Θεὸς
1048 5405 1146 5456 τοῦ
1197 5402 1396 5465 αἰῶνος
1450 5403 1671 5472 τούτου,
1725 5401 2005 5481 ἐτύφλωσε

344 5490 415 5546 τὰ
466 5491 718 5563 νοήματα
771 5492 882 5543 τῶν
941 5490 1203 5561 ἀπίστων,
1263 5489 1338 5553 εἷς
1393 5492 1455 5547 τὸ
1517 5492 1593 5567 μὴ
1646 5491 1872 5567 αύγάσαι
1906 5494 2001 5549 αὖ·

341 5581 464 5641 ⁴ιιοῖς
541 5578 635 5634 τὸν
722 5579 1004 5658 φωτισμὸν
1083 5583 1180 5636 τοῦ
1269 5579 1609 5659 Εὖαγγελίου
1663 5588 1763 5653 τῆς
1838 5577 2001 5655 δὸεης

2114 4584 2677 4693 ιιᾶῷρεέὲηάθὺᾶηῐ
2697 4602 2924 4675 seipsos
2952 4616 3072 4655 non
3095 4617 3296 4656 coram
3317 4601 3459 4669 Deo,
3493 4584 3596 4657 sed
3628 4606 3764 4657 tan-

2117 4873 2212 4928 tiae
2223 4872 2559 4933 hominum.
2587 4870 2706 4924 sive
2719 4867 3087 4925 credentium
3105 4868 3224 4926 sive
3238 4886 3357 4925 non
3371 4870 3762 4939 credentium,

2116 4963 2391 5035 nosipsos
2418 4977 2486 5016 ex
2514 4964 2717 5015 nostra
2749 4958 3197 5015 conversatione
3256 4960 3764 5030 commendamus,

2115 5053 2404 5119 Quoniam
2436 5048 2709 5105 homines
2744 5046 2927 5103 latere
2959 5049 3252 5123 contingit
3308 5050 3560 5122 illosque
3603 5052 3764 5109 deci-

2115 5158 2276 5216 pere.
2304 5141 2493 5198 Deum
2516 5154 2637 5194 sum
2656 5137 3037 5194 conscientia:
3060 5138 3322 5212 prmfe“cit
3343 5141 3760 5212 inspectorem.

2183 5232 2273 5297 IV,
2308 5231 2424 5283 3-5.
2460 5228 2616 5293 Quod
2658 5228 2707 5282 si
2755 5226 2933 5281 adhuc
2987 5228 3225 5283 velatum
3273 5234 3350 5283 est
3405 5229 3762 5299 Evangelium

2115 5325 2377 5374 nostrum.
2406 5316 2465 5370 in
2496 5316 2577 5370 his
2608 5317 2706 5386 qui
2729 5322 2969 5385 pereunt
2997 5318 3242 5373 velatum
3299 5324 3400 5384 est,
3460 5320 3517 5371 in
3559 5319 3755 5391 quibus

2114 5409 2253 5462 Deus
2284 5405 2445 5477 hujus
2473 5404 2664 5460 saeculi
2692 5408 2986 5461 excavcavil
3013 5422 3199 5461 sensus
3235 5405 3665 5474 incredulorum,
3687 5423 3755 5463 ne

2114 5495 2385 5550 illusceret
2418 5494 2528 5550 illis
2560 5494 2740 5549 lumcn
2798 5496 3087 5565 Evangelii
3151 5495 3342 5566 gloria
3399 5496 3604 5551 Christi
3657 5497 3751 5567 qui

2113 5592 2190 5644 est
2219 5587 2399 5656 imago
2432 5587 2546 5641 Dei.
2581 5587 2697 5643 Non
2728 5589 2869 5642 enim
2901 5601 2999 5644 nos
3028 5588 3172 5660 ipsos
3218 5586 3607 5658 pradicamus,
3657 5583 3751 5641 sed
