4106 6196
537 332 654 392 959

1653 326 2062 390 CECUMENI]
2105 332 2180 390 TI

2295 331 2414 391 CA!
2461 332 2813 396 EPISCOPI
3809 346 3890 405 960

537 465 808 521 Christum
834 464 1016 517 Iesum
1054 461 1366 528 Dominum,
1426 477 1525 518 nos
1576 464 1720 534 ipsos
1778 469 1958 520 autem
2001 480 2180 523 servos

2291 469 2388 520 τοῦ
2447 471 2705 541 Χριστοῦ,
2767 471 2824 534 ὃς
2901 470 3042 529 ἔστιν
3126 473 3289 528 εἰκὼν
3355 475 3458 527 τοῦ
3517 477 3668 529 Θεοῦ.
3720 475 3780 530 Οὐ
3822 481 3893 554 γὰρ

534 561 733 612 vestros
765 558 996 623 propter
1024 553 1227 607 Jesum.

606 807 893 873 Quoniam
925 805 1152 861 dixerat
1183 807 1340 878 quod
1372 805 1525 878 apud
1576 821 1814 861 omnem
1871 807 2182 862 hominum

534 897 960 952 conscientiam
979 913 1038 950 se
1053 897 1735 967 ostendissetperveram
1759 896 2181 952 manifestatio-

531 1006 690 1052 nem,
717 989 825 1044 hoc
845 995 952 1050 est,
976 987 1478 1058 prazdicationem.
1513 985 1933 1040 adversabatur
1980 993 2179 1041 autem

533 1079 644 1151 ipsi
672 1079 826 1150 quod
852 1096 969 1133 non
995 1077 1270 1131 omnibus
1295 1083 1452 1131 esset
1475 1075 1787 1131 manifesta
1816 1075 2179 1147 praedicatio,

534 1168 691 1240 quod
725 1168 966 1239 planum
1000 1173 1090 1222 est
1120 1183 1187 1221 ex
1221 1166 1311 1220 his
1343 1166 1442 1236 qui
1478 1181 1596 1219 non
1627 1164 2026 1227 crediderunt.
2061 1165 2179 1220 ait:

535 1259 684 1314 625
712 1258 837 1311 Non
861 1256 1007 1310 illud
1028 1273 1137 1311 nos
1159 1262 1396 1310 accusat
1416 1261 1519 1310 aut
1567 1254 1862 1326 Evangelii
1915 1255 2184 1309 obscuri-

535 1355 737 1414 tatem,
758 1349 860 1402 sed
891 1348 1124 1402 illorum
1156 1346 1551 1417 perditionem
1582 1361 1648 1399 ac
1681 1346 2025 1401 caecitatem.
2063 1369 2088 1394 ‹‹
2119 1349 2182 1401 In

535 1438 749 1509 quibus
780 1439 934 1491 Deus
967 1437 1143 1506 hujus
1177 1436 1398 1490 saeculi.
1439 1457 1465 1483 »
1500 1436 1713 1490 Eorum
1747 1435 2030 1505 quiextra
2048 1452 2179 1508 gre-

531 1543 659 1599 gem
681 1532 820 1580 sunt
843 1525 1198 1581 Christi.alii
1231 1525 1303 1578 ab
1358 1525 1530 1578 initio
1591 1524 1885 1579 increduli
1945 1524 2184 1580 fuerent

534 1616 794 1672 sermoni
829 1614 1291 1686 praedicationis,
1327 1615 1426 1669 alii
1474 1615 1857 1670 crediderunt
1914 1615 2178 1685 quidem,

533 1705 635 1762 sed
663 1706 801 1775 quia
834 1721 952 1759 non
985 1703 1282 1759 habebant
1311 1711 1484 1758 terra:
1515 1704 1914 1770 altitudinem,
1943 1720 2180 1760 rursum

533 1811 568 1851 a
599 1795 715 1850 ﬁde
746 1795 1108 1859 resilierunt,
1143 1810 1290 1864 quos
1341 1810 1548 1849 omnes
1607 1793 1825 1849 Paulus
1884 1793 2028 1848 dicit
2085 1811 2180 1865 pe-
2211 1836 2257 1900 Β

532 1890 774 1940 reuutes
808 1900 820 1949 ;
853 1900 1012 1938 nunc
1043 1889 1242 1937 tamen
1275 1883 1384 1953 ipsi
1421 1899 1614 1938 sermo
1648 1888 1738 1937 est
1767 1882 1838 1937 de
1869 1883 1959 1938 his
1983 1884 2082 1954 qui
2105 1884 2176 1939 ab

532 1973 702 2028 initio
735 1973 847 2044 ipsi
881 1990 999 2026 non
1033 1972 1432 2027 crediderunt.

602 2063 701 2118 His
733 2063 890 2117 enim
925 2063 1167 2117 omnino
1200 2061 1456 2116 velatum
1520 2066 1610 2116 est
1660 2062 2064 2135 Evangelium,
2125 2068 2183 2118 et

533 2156 613 2210 ait
641 2171 654 2208 :
687 2157 752 2210 In
784 2154 1125 2208 hominibus
1157 2153 1255 2224 qui
1289 2159 1540 2224 pereunt
1569 2169 1677 2208 nec
1711 2154 1956 2209 omnino
1997 2155 2183 2210 credi-

534 2243 1049 2306 derunt,exca-cati
1076 2249 1216 2297 sunt
1246 2259 1559 2306 sensus,ne
1615 2242 1751 2297 ﬁdei
1801 2244 2180 2314 splendorem

535 2334 926 2404 susciperent.
961 2334 1144 2387 Deum
1179 2338 1375 2386 autem
1409 2333 1587 2402 hujus
1619 2332 1822 2386 saeculi
1873 2333 2179 2388 Mauichmi

535 2422 775 2494 quidem
817 2429 876 2477 et
907 2421 1229 2475 Marciones
1278 2421 1446 2475 aiunt
1505 2420 1726 2474 malum
1785 2420 1900 2476 dici
1951 2421 2177 2476 deum:

536 2511 826 2583 siquidem
863 2511 977 2564 duo
1011 2516 1148 2564 sunt
1176 2510 1332 2580 apud
1364 2509 1497 2564 illos
1529 2508 1610 2563 dii
1646 2524 1659 2573 ;
1693 2525 1800 2563 nos
1850 2526 1985 2564 vero
2043 2526 2179 2564 eum

533 2601 786 2656 dicimus
803 2599 902 2671 qui
927 2599 1202 2654 omnibus
1225 2597 1532 2668 praesidet:
1561 2597 1662 2652 sed
1676 2598 2179 2669 quemadmodum

532 2691 686 2746 Deus
717 2690 845 2744 caeli
877 2695 934 2744 et
990 2694 1164 2743 terra)
1222 2686 1413 2742 dictus
1475 2691 1583 2754 est,
1642 2685 1692 2720 ³⁸
1746 2693 1805 2740 et
1853 2687 2003 2741 Deus
2035 2705 2180 2759 pras—

531 2781 717 2835 sentis
749 2779 887 2846 diei,
923 2785 980 2832 et
1009 2779 1163 2832 Deus
1193 2777 1488 2832 Abraham
1520 2782 1578 2832 et
1610 2779 1769 2831 Isaac
1797 2782 1852 2831 et
1884 2777 2060 2831 Jacob
2110 2778 2176 2844 η,

449 2916 464 2924 -
531 2886 641 2924 nec
663 2869 811 2923 obid
836 2874 1184 2923 czeterorum
1208 2867 1362 2921 Deus
1377 2883 1496 2920 non
1527 2873 1644 2921 est:
1688 2865 1768 2920 ita
1809 2865 1918 2920 hoc
1941 2881 2176 2937 quoque

531 2958 816 3030 intellige,
840 2959 994 3013 Deus
1016 2958 1194 3026 hujus
1222 2956 1446 3011 saeculi.
1492 2959 1610 3011 Aut
1663 2971 1796 3010 cum
1849 2955 2175 3027 hyperbato

531 3049 642 3104 hoc
671 3048 847 3103 modo
875 3066 886 3102 :
919 3046 1365 3102 iucredulorum
1398 3046 1574 3117 hujus
1605 3045 1827 3101 saeculi.
1883 3046 2029 3100 Nam
2084 3045 2177 3101 hic

530 3137 823 3193 increduli
860 3141 1018 3203 sunt,
1051 3142 1191 3191 tunc
1222 3141 1416 3192 autem
1451 3152 1627 3190 omne
1659 3152 1813 3207 genu
1846 3152 1907 3190 se
1955 3135 2173 3199 ﬂectet.

2290 553 2511 616 ἑαυτοὺς
2612 557 2980 633 κηρύσσομεν,
3108 559 3255 615 ἀλλὰ
3415 561 3648 631 Χριστὸν
3737 553 3892 632 Ἰησοῦν

2291 643 2510 718 Κύριονο
2615 647 2854 712 ’ἑαυτοὺς
2957 648 3014 705 δὲ
3089 649 3327 712 δούλους
3411 650 3568 722 ὑμῶν
3670 649 3747 707 διὰ
3821 657 3893 726 Ἰη-

2292 753 2441 790 σουν.

2365 822 2584 896 Ἐπειδή
2646 827 2782 894 εἶπε,
2838 831 2973 904 πρὸς
3029 837 3204 886 πᾶσαν
3266 827 3589 898 συνείδησιν
3661 831 3897 907 ἀνθρώπων

2289 913 2633 969 συνίστασθαι
2695 913 2783 972 διὰ
2841 926 2937 987 τῆς
2993 918 3231 989 ἀληθοῦς
3296 921 3898 998 φανερώσεως,τουτέπι

2289 1003 2356 1056 τὰ
2411 1007 2507 1058 τοῦ
2566 1007 2949 1084 κηρύγματος,
3005 1006 3280 1064 ἀντέκειτο
3316 1006 3380 1064 δὲ
3409 1009 3566 1080 αὐτῷ
3597 1011 3656 1064 τὸ
3690 1011 3756 1081 μή
3783 1018 3897 1068 πᾶσιν

2291 1092 2426 1146 εῖναι
2482 1113 2702 1169 φανερον
2759 1097 2821 1150 τὸ
2880 1098 3163 1174 κήρυγμα,
3217 1099 3334 1171 (καὶ
3399 1095 3578 1166 δῆλον
3637 1098 3686 1168 ἐξ
3741 1100 3800 1152 ὧν
3835 1103 3902 1154 οὐκ

2289 1176 2647 1251 ἰπίστευσαν,)
2701 1181 2884 1258 φησίν·
2950 1184 3076 1260 Οὐχ
3132 1187 3166 1255 ἡ
3227 1190 3353 1257 μῶν
3384 1186 3450 1240 τὸ
3483 1180 3751 1259 ἔγκλημα,
3779 1186 3898 1256 ἤτῆς

2290 1267 2544 1345 ἀσαφείας
2575 1274 2670 1324 τοῦ
2701 1271 3040 1345 εὐαγγελίου,
3086 1271 3230 1328 ἀλλὰ
3288 1277 3398 1339 τῆς
3434 1274 3653 1330 ἐκείνων
3685 1275 3901 1338 ἀπωλείας

2288 1356 2378 1410 καὶ
2409 1356 2760 1435 τυφλώσεως.
2796 1385 2823 1411 ‹‹
2858 1362 2944 1417 Ἐν
2975 1363 3060 1424 οἷς
3091 1363 3118 1416 6
3149 1365 3277 1424 Θεὸς
3313 1367 3420 1418 τοῦ
3456 1363 3651 1427 αἰῶνος
3679 1364 3855 1420 τούτου.
3882 1393 3899 1416 n

2289 1448 2408 1501 Τῶν
2443 1443 2542 1518 ἔξω
2574 1455 2671 1517 τῆς
2705 1447 2912 1522 ἀγέλης
2969 1455 3066 1505 τοῦ
3122 1457 3395 1525 Χριστοῦο
3429 1452 3484 1507 οῖ
3519 1454 3613 1524 μὲν
3643 1456 3733 1522 τήν
3763 1455 3905 1532 ἀρχίιν

2289 1535 2592 1606 ἠπίστησαν
2655 1543 2734 1611 τῷ
2790 1538 2944 1613 λόγῳ
2998 1546 3096 1596 τοῦ
3160 1542 3551 1616 κηρύγματος,
3615 1544 3662 1596 οἱ
3719 1540 3767 1597 δὲ
3813 1543 3899 1598 ἐπί-

2290 1645 2508 1680 στευσαν
2546 1627 2664 1700 μὶν,
2717 1625 2807 1683 διὰ
2866 1627 2924 1684 δὲ
2979 1630 3041 1684 τὸ
3104 1632 3179 1703 μή
3243 1628 3401 1705 ἔχειν
3437 1631 3608 1705 βάθος
3639 1633 3898 1705 γῆςμπάλιν

2289 1712 2653 1793 ἂπεφοίτησαν
2710 1721 2808 1786 τῆς
2838 1719 3093 1788 πίστεως,
3128 1720 3218 1782 οῦς
3249 1716 3505 1783 ἅπαντας
3539 1719 3902 1792 ἀπολλυμένους

2289 1804 2316 1858 6
2349 1803 2562 1868 Παῦλος
2592 1805 2771 1864 καλεῖ.
2806 1812 2913 1866 Νῦν
2967 1807 3024 1864 δὲ
3082 1808 3214 1872 τέως
3243 1811 3270 1865 6
3305 1809 3486 1884 λόγος
3520 1811 3664 1881 αὐτῷ
3693 1813 3899 1884 περὶτῶν

2286 1895 2387 1962 τήν
2419 1895 2595 1971 ἀρχὴν
2628 1895 2774 1968 αὐτῷ
2796 1897 3224 1970 ἀπιστησάντων.

2357 2057 2582 2120 Τούτοις
2630 2060 2730 2134 γὰρ
2790 2058 3068 2122 παντελῶς
3126 2059 3476 2117 κεκάλυπται
3510 2061 3573 2116 τὸ
3606 2060 3896 2135 Εὑαγγέλιον,

2287 2146 2374 2202 καί
2409 2168 2592 2220 φησιν,
2625 2147 2677 2202 ἐν
2712 2149 2796 2210 οἷς
2850 2147 3261 2221 ἀπολλυμένοις
3324 2150 3645 2223 ἀνθρώποις
3681 2153 3774 2202 τῶν
3801 2169 3898 2202 παν·

2283 2233 2457 2296 τελῶς
2511 2235 2922 2306 ἀπιστήσαντων
2991 2234 3283 2314 ἐτυιρλώθη
3328 2238 3399 2292 τὸ.
3457 2240 3722 2308 νοήματα,
3771 2235 3831 2297 εἷς
3852 2238 3892 2288 τὸ

2291 2319 2430 2395 μηδέ
2458 2325 2558 2394 τήν
2588 2324 2756 2400 αὖγὴν
2789 2321 3032 2395 δέξασθαι
3093 2333 3193 2394 τῆς
3253 2327 3518 2390 πίστεως.
3577 2326 3700 2380 Θεὸν
3727 2322 3775 2380 δὲ
3800 2324 3898 2378 αἰὼ-

2285 2434 2376 2477 νος
2399 2415 2618 2481 τούτου,
2679 2421 2978 2495 Μανιχαῖοι
3024 2417 3118 2489 μὲν
3175 2416 3266 2472 καὶ
3318 2421 3647 2489 Μαρκίωνες
3697 2415 3804 2488 φασῖ
3834 2415 3898 2466 τὸν

2286 2503 2526 2571 πονηρόν
2586 2501 2770 2576 λέγειν
2828 2505 2976 2567 οαόν.
3040 2504 3144 2558 Δύο
3220 2505 3328 2581 γὰρ
3389 2506 3523 2578 παρ’
3578 2504 3748 2560 αὐτοῖς
3791 2500 3887 2555 θεοί.

2284 2590 2475 2664 Ἡμεῖς
2509 2588 2567 2646 δὲ
2617 2592 2706 2646 τὸν
2767 2592 2853 2646 ἐπὶ
2913 2591 3127 2648 πάντων
3187 2595 3380 2665 θαμέν.
3446 2591 3604 2650 Ἀλλ’
3636 2591 3767 2659 ὥπερ
3793 2590 3890 2649 Θεὸς

2286 2680 2495 2756 εἴρηται
2555 2683 2789 2755 οὐρανοῦ
2847 2684 2937 2737 καὶ
2996 2691 3126 2756 γῆς,
3177 2685 3264 2738 καὶ
3330 2684 3468 2747 Θεὸς
3513 2687 3613 2747 τῆς
3667 2681 3896 2746 παρούσης

2284 2772 2520 2844 ἡμέρας,
2575 2773 2662 2826 καὶ
2721 2773 2849 2833 Θεὸς
2908 2768 3187 2848 Ἀϐρααμ,
3239 2773 3329 2827 καὶ
3389 2773 3594 2839 Ἰσαὰκ,
3631 2770 3714 2824 καὶ
3745 2760 3893 2833 luxui),

2282 2860 2374 2915 καὶ
2406 2858 2468 2914 οὐ
2499 2861 2645 2932 παρὰ
2699 2865 2862 2915 τοῦτο
2918 2865 3026 2915 τῶν
3061 2859 3272 2916 λοιπῶν
3311 2863 3423 2918 οὐκ
3453 2857 3564 2916 ἔστι
3599 2861 3736 2925 Θεὸς,
3765 2857 3893 2914 οὕτως

2286 2979 2380 3032 μοι
2411 2959 2521 3012 νόει
2554 2957 2645 3012 καὶ
2677 2959 2759 3025 τὸ,
2821 2961 2950 3017 Θεὸς
3008 2964 3104 3013 τοῦ
3158 2959 3359 3023 αίῶνος
3393 2959 3612 3015 τούτου.
3642 2959 3705 3013 Ἥ
3743 2954 3895 3021 οὕτως,

2287 3047 2418 3120 μετᾶ
2479 3041 2804 3121 ὑπερϐατοῦ·
2860 3053 2967 3102 τῶν
3032 3047 3271 3102 ἀπίστων
3337 3053 3444 3103 τοῦ
3499 3048 3691 3106 αἰῶνος
3719 3043 3889 3098 τούτου.

2287 3134 2416 3214 ’ῼδε
2445 3135 2539 3211 γὰρ
2606 3137 2910 3203 ἀπιστοῦσι,
2967 3136 3089 3192 τότε
3148 3135 3204 3192 δὲ
3261 3143 3363 3193 πᾶν
3427 3139 3555 3215 γόνυ
3610 3135 3787 3200 κλινεῖ,
3828 3131 3894 3184 καὶ

530 3234 587 3282 et
619 3227 812 3281 omnis
841 3225 1045 3296 lingua
1075 3225 1454 3280 confitebitur
1482 3225 1734 3290 Christo,
1768 3241 1903 3279 cum
1954 3225 2180 3280 venerit

2291 3195 2433 3282 n‘in
2457 3195 2691 3300 ’γλῶσσα
2749 3195 3220 3302 ἐξομολογήσεται
3279 3195 3528 3304 Χριστῷ,
3576 3225 3695 3281 ὅταν
3723 3195 3830 3294 Elim
3854 3217 3891 3272 ἐν

528 3319 588 3372 in
621 3323 867 3387 paterna
893 3315 1096 3387 gloria.
1131 3315 1384 3386 Cyrillus
1414 3331 1547 3369 vero
1580 3315 1760 3386 hujus
1792 3314 1990 3370 sreculi
2039 3315 2183 3370 dicit

531 3407 708 3461 deum
751 3420 884 3458 eum
944 3404 1044 3473 qui
1108 3403 1432 3458 incredulis
1484 3404 1854 3458 existimatus
1913 3411 2004 3460 est
2051 3421 2180 3459 esse

533 3496 698 3558 deus,
733 3509 947 3563 nempe
983 3494 1255 3548 Satanam
1278 3491 1459 3560 (hunc
1485 3493 1641 3546 enim
1667 3493 2181 3565 colebant).primo

535 3583 687 3640 libro
720 3582 1000 3637 adversus
1031 3579 1354 3635 Iulianum.
1389 3611 1455 3620 —
1486 3581 1614 3634 Alio
1644 3582 1824 3636 modo.
1868 3583 1985 3636 Hoc
2044 3589 2134 3636 est
2165 3598 2178 3636 :

535 3672 985 3731 Incredulorum
1001 3670 1178 3740 hujus
1191 3668 1389 3724 saeculi
1407 3670 1717 3724 excmcavit
1744 3671 1896 3724 Deus
1947 3687 2179 3736 sensus,

533 3781 673 3821 nam
709 3764 973 3818 futurum
1009 3759 1291 3815 saeculum
1324 3757 1802 3814 incredulitatem
1823 3775 1942 3813 non
1982 3759 2179 3814 habet.

535 3878 563 3905 ‹‹
597 3853 919 3909 Εχςαξοεινὶι
977 3865 1188 3906 sensus
1246 3847 1712 3903 iucredulorum.
1775 3869 1800 3894 »
1857 3849 1982 3903 Non
2024 3847 2182 3918 quod

535 3945 662 4013 ipse
686 3942 890 3997 iecerit
915 3957 927 3994 :
952 3939 1132 3995 absit!
1159 3938 1262 3994 sed
1293 3937 1448 4009 quod
1500 3937 1626 3992 ﬁeri
1679 3937 2015 4008 permiserit
2044 3954 2182 4008 pro-

537 4036 670 4102 pter
727 4031 979 4084 liberum
1041 4028 1398 4093 arbitrium;
1458 4033 1524 4082 ut
1595 4027 1773 4082 etiam
1850 4026 1991 4081 alibi
2050 4026 2180 4082 ait:

543 4141 571 4167 ‹‹
601 4117 862 4174 Tradidit
893 4117 1028 4172 illos
1059 4119 1210 4173 Deus
1243 4117 1305 4173 in
1347 4118 1594 4172 affectus
1653 4115 1995 4187 ignominiaa
2050 4115 2118 4179 ⁸ο,
2155 4137 2182 4164 ››

539 4225 606 4264 ac
639 4209 685 4263 si
717 4207 987 4263 diceret:
1019 4206 1188 4263 Tradi
1250 4206 1538 4279 permisit.
1596 4205 1884 4270 Quoniam
1943 4205 2101 4260 enim
2150 4221 2186 4261 a

536 4300 767 4357 Christo
790 4303 1182 4360 recesserunt,
1211 4297 1454 4367 reliquit
1500 4313 1600 4350 eos
1627 4312 1638 4349 :
1691 4311 1827 4350 nam
1860 4295 2184 4351 volentium

535 4397 623 4446 est
647 4389 828 4452 salus,
855 4404 972 4443 non
997 4393 1334 4442 coactorum
1363 4402 1375 4438 :
1429 4401 1550 4439 non
1600 4383 1756 4454 quod
1789 4384 1966 4439 etiam
2001 4401 2186 4439 nocu-

535 4486 804 4535 mentum
827 4476 1168 4547 acceperint
1191 4472 1288 4543 qui
1315 4471 1638 4526 inﬁdeliter
1684 4473 1876 4528 affecti
1929 4479 2097 4528 erant
2127 4479 2186 4529 et

2291 3317 2357 3387 τῇ
2394 3314 2624 3387 Πατρῴα
2656 3311 2806 3386 δόξῇ.
2865 3312 3149 3386 Κῦριλλος
3209 3312 3264 3370 δὲ
3319 3314 3474 3394 λέγει
3533 3314 3654 3369 Θεὸν
3685 3314 3768 3366 τοῦ
3795 3309 3888 3360 ald:-

2288 3425 2378 3464 νος
2433 3402 2630 3458 τούτου
2716 3403 2806 3458 τὸν
2894 3404 3219 3475 νομισθέντα
3299 3411 3424 3465 τοῖς
3495 3403 3730 3459 ἆπιστοις
3779 3396 3884 3459 θεὸν,

2291 3493 2457 3568 ἤγουν
2516 3493 2609 3547 τὸν
2674 3498 2912 3547 Σατανᾶν
2974 3493 3173 3566 (τούτῳ
3229 3495 3329 3568 γάρ
3392 3486 3787 3564 ἐλάτρευον).ἐν
3831 3487 3887 3551 τῷ

2291 3583 2430 3637 κατᾶ
2463 3580 2766 3638 Ἰουλιανοῦ
2813 3583 3016 3657 πρώτῳ
3073 3577 3299 3657 βιϐλίῳ.
3341 3617 3408 3626 —
3439 3579 3678 3642 οἌλλως.
3705 3570 3886 3650 [ΙΩΑΝά

2291 3672 2550 3729 Τουτὲστι
2598 3676 2705 3726 τῶν
2767 3671 3005 3727 ἀπίστων
3057 3676 3156 3726 τοῦ
3214 3673 3421 3734 αἳῶνος
3451 3659 3885 3739 το·3του,ἑτύςιλωα

2292 3763 2435 3816 σενὸ
2467 3762 2596 3823 Θεὸς
2652 3761 2717 3815 τὰ
2775 3763 3042 3834 νοήματα.
3103 3762 3164 3818 Ὁ
3219 3762 3322 3836 γαρ
3386 3758 3608 3835 μέλλων
3653 3755 3764 3810 αἱὼν
3792 3751 3884 3804 ἀπιε-

2293 3850 2437 3904 στίαν
2475 3849 2574 3905 οὐκ
2630 3845 2770 3925 ἕχει.
2832 3872 2853 3900 ι
2915 3850 3228 3927 Ἐτυφλωσε
3277 3872 3336 3906 τε
3374 3853 3627 3924 νοήματα
3668 3848 3759 3898 τῶν
3787 3837 3880 3893 ἀπί-

2294 3959 2454 3996 στων.
2491 3963 2510 3990 ι
2543 3938 2619 3995 Οῦ
2676 3943 2836 3994 τοῦτο
2889 3940 3049 4001 αὐτὸς
3109 3944 3305 4009 ποιῶν,
3361 3939 3612 4013 “Atat-{el
3666 3931 3788 3989 ἀλλὰ
3819 3945 3880 4002 γι·

2291 4027 2471 4083 νέσθαι
2530 4030 2914 4103 συγχωρήσας,
2983 4025 3070 4083 διὰ
3149 4029 3211 4084 τὸ
3296 4028 3655 4103 αὐτεξούσιον,
3708 4022 3770 4080 ὡς
3813 4013 3878 4069 διλῖ

2292 4114 2547 4191 ἀλλαχοῦ
2605 4137 2760 4194 φησι,
2821 4142 2847 4168 ‹‹
2884 4115 3201 4190 Παρέόωκεν
3261 4117 3458 4180 αὐτοὺς
3499 4117 3574 4177 εἱς
3622 4113 3749 4178 παοη
3797 4105 3880 4158 ἀτι-

2298 4206 2445 4279 μίας,
2481 4229 2506 4256 ››
2537 4207 2622 4273 τὸ,
2682 4206 2800 4260 οἷον
2863 4207 3247 4281 Συνεχώρησε,
3305 4204 3508 4282 λέγων.
3571 4195 3764 4264 Ἐπειδή
3804 4191 3876 4267 γὰρ

2295 4295 2661 4371 ἁπεφοίτησαν
2701 4301 2798 4350 τοῦ
2855 4297 3114 4371 Χριστοῦ,
3173 4295 3344 4353 εἶάσεν
3401 4295 3616 4356 αὐτούς.
3650 4282 3880 4371 Βουλομὲξ

2293 4409 2398 4442 νων
2442 4387 2544 4463 γαρ
2591 4385 2691 4441 οὐκ
2734 4383 3187 4459 ἀναγκαζομένων
3246 4390 3280 4456 ἡ
3331 4387 3592 4461 σωτηρία,
3625 4380 3692 4456 μή
3721 4366 3874 4430 ὅτικιῖ

2293 4470 2773 4549 προσεϐλάπτοντο
2829 4473 3068 4537 ἀπίστως
3126 4473 3466 4549 διακείμενοι
3533 4472 3618 4530 καὶ
3663 4477 3876 4549 καταυγαξ

534 4567 813 4624 illustrati
837 4545 1127 4622 sunt'luce
1150 4559 1389 4622 Christi,
1419 4559 1598 4614 veluti
1650 4558 1861 4614 debilis
1906 4567 2180 4630 aspectus

2293 4545 2510 4636 ζομενοι
2565 4569 2643 4636 τῷ
2700 4565 2836 4640 φωτὶ
2901 4561 3155 4639 Χριστοῦ,
3218 4545 3400 4641 ὥσπερ
3456 4564 3542 4620 καὶ
3592 4562 3701 4634 ὄψις
3745 4545 3871 4620 σαθρά

533 4657 698 4712 radio
733 4654 931 4712 solari.
969 4675 994 4699 ‹‹
1027 4651 1109 4705 Ne
1141 4647 1515 4703 illucesceret
1544 4645 1683 4699 illis.
1735 4670 1761 4695 ››
1822 4647 1963 4701 Vide
2023 4647 2184 4718 quod

535 4764 656 4802 non
690 4743 950 4801 dixerit:
999 4736 1325 4794 Excmcavit
1381 4751 1482 4790 eos
1539 4751 1614 4790 ne
1667 4735 2000 4802 crederent,
2054 4737 2180 4802 sed,

533 4857 559 4883 «
594 4836 674 4889 Ne
711 4834 1084 4887 illucesceret
1113 4827 1254 4894 illis,
1293 4849 1312 4873 ι
1351 4823 1672 4880 ostendens
1703 4824 1864 4894 ipsos
1921 4824 2182 4895 primum

534 4939 655 4977 non
688 4920 1010 4976 credidisse
1040 4925 1098 4972 et
1129 4918 1210 4972 ita
1241 4921 1445 4988 postea
1476 4914 1749 4987 indignos
1799 4914 2041 4970 effectos
2090 4914 2182 4969 lu-

534 5012 716 5069 mine.
752 5012 892 5065 Nam
918 5009 1109 5080 etipse
1128 5022 1363 5078 quoque
1412 5005 1698 5060 Dominus
1721 5003 1853 5058 aitcc
1900 5019 2016 5057 non
2051 5020 2182 5059 esse

534 5099 938 5176 pr0jiciendas
960 5097 1309 5169 margaritas
1335 5103 1471 5150 ante
1514 5111 1723 5167 porcos
1767 5093 1831 5145 ²¹.
1871 5115 1899 5142 ››
1930 5094 2000 5148 Ει
2031 5093 2181 5148 bene

541 5192 803 5265 ponitur.
838 5189 1206 5244 illucescere.
1239 5185 1392 5240 626
1423 5185 1590 5240 Nunc
1647 5184 1808 5240 enim
1859 5183 2182 5238 obscurum

535 5283 990 5339 habemusverae
1013 5277 1345 5349 cognitions
1389 5275 1714 5338 defluxum.
1751 5281 1809 5329 et
1828 5280 2116 5346 tanquam
2149 5291 2184 5331 a

535 5376 656 5432 sole
672 5371 1038 5430 lucidissimo
1055 5375 1290 5424 tenuem
1309 5368 1709 5438 splendorem.
1736 5368 1854 5424 Hoc
1867 5367 2008 5423 alibi
2033 5384 2149 5439 quo
2163 5398 2180 5408 -

537 5481 650 5538 que
675 5462 969 5536 significat
993 5455 1522 5515 dicens:Videmus
1535 5473 1695 5512 nunc
1728 5473 1833 5529 per
1873 5456 2183 5530 speculum

2291 4651 2341 4724 ἐξ
2374 4653 2612 4722 ἡλιακῆς
2661 4653 2894 4715 ἀκτῖνος.
2945 4679 2970 4704 ‹‹
3027 4653 3120 4716 Εἷς
3170 4655 3233 4709 τὸ
3291 4656 3366 4726 μὴ
3413 4652 3631 4729 αὐγάσαι
3661 4643 3871 4700 αὐτοῖξυν

2291 4742 2448 4813 Ὀρα,
2503 4741 2601 4796 οὐκ
2658 4743 2822 4810 εἶπεν,
2884 4741 3192 4815 ἐτύφλωσεν
3253 4744 3329 4804 εἱς
3385 4744 3446 4798 τὸ
3506 4742 3578 4814 μή
3627 4733 3866 4815 πιστεῦσαι,

2293 4829 2420 4885 ἀλλ’
2468 4832 2543 4892 εἷς
2592 4833 2678 4897 τὸ,
2734 4858 2760 4883 α
2815 4833 2906 4899 Μὴ
2964 4834 3311 4907 καταυγάσαι,
3371 4857 3399 4885 ››
3473 4828 3664 4887 δεικνὺς
3723 4813 3868 4913 αὐτοὺς

2292 4925 2506 4996 πρῶτον
2554 4919 2974 4994 ἀπιστήσαντας,
3025 4923 3135 4977 εἶτα
3185 4921 3430 4992 ἀναξίους
3479 4917 3764 4998 γενομένους
3796 4921 3864 5002 τοξ

2293 5013 2599 5086 φωτισμοῦ,
2661 5011 2757 5064 Καὶ
2819 5011 2923 5085 γὰρ
2979 5012 3066 5066 καὶ
3128 5010 3288 5073 αὐτὸς
3321 5013 3348 5067 6
3383 5010 3570 5087 Κύριός
3601 5022 3734 5083 φησι,
3760 5021 3780 5045 (ί
3811 5009 3861 5062 μη

2293 5098 2500 5174 ῥίπτειν
2549 5093 2854 5172 ἔμπροσθεν
2911 5104 3017 5154 τῶν
3073 5101 3283 5175 χοίρων
3339 5101 3470 5163 τοὺς
3522 5088 3862 5182 “amnisque:

2294 5172 2486 5249 Καλῶς
2538 5183 2593 5240 δὶ
2640 5188 2723 5256 τὸ,
2771 5187 3034 5261 Αῦγάσαι,
3077 5172 3280 5245 κεῖται.
3333 5187 3598 5264 Ἀμυδραν
3626 5180 3712 5258 γᾶρ
3739 5172 3868 5264 ξπόῥ·

2293 5277 2443 5354 ῥοιαν
2501 5282 2600 5344 τῆς
2655 5275 2922 5346 ἀληθινῆς
2977 5279 3228 5350 γνώσεως
3263 5273 3463 5355 ἔχομεν
3491 5282 3597 5344 νῦν,
3626 5269 3701 5326 καὶ
3729 5259 3863 5360 ὥσπερ

2291 5365 2396 5421 ἀπὸ
2447 5363 2613 5433 ἡλίου
2675 5369 2992 5439 παμφαοῦς,
3047 5365 3222 5442 αὐγὴν
3291 5366 3552 5444 ἀμυδράν,
3598 5362 3748 5420 Τοῦτο

2293 5427 2550 5529 ἀλλαχζοῦ
2608 5427 2878 5526 δηλοί,⁸‹‹
2931 5427 3216 5529 Βλιποὲιέν
3274 5427 3375 5532 γάρ
3433 5427 3571 5533 ῥιπὴ
3625 5449 3782 5519 λέγων,
3816 5427 3850 5485 δι

605 5657 652 5692 δ’
683 5655 861 5714 ludit.
895 5671 946 5726 ν,
978 5653 1013 5708 9
1044 5695 1062 5724 ,
1091 5647 1268 5707 Exod.
1301 5652 1388 5718 ιιι,
1418 5647 1507 5704 26.
1541 5645 1588 5682 ²⁹
1618 5642 1873 5716 Philipp.
1908 5659 1972 5717 ιι,
2007 5644 2092 5700 10.
2125 5643 2170 5680 ⁸ο

2291 5659 2365 5700 m.
2401 5660 2438 5714 ι,
2472 5643 2560 5700 Μ.
2592 5642 2637 5681 ⁸¹
2672 5643 2870 5703 Matth.
2905 5661 3000 5714 vn,
3033 5649 3086 5702 6.
