  <div class='ocr_page' id='page_1' title='image "/cluster/home/n/w/nwhite01/storage/ocr_20150623/118/hvd.32044073502247/486.png"; bbox 0 0 4128 6192; ppageno 0'>
   <div class='ocr_carea' id='block_1_1' title="bbox 292 362 404 426">
    <p class='ocr_par' dir='ltr' id='par_1_1' title="bbox 292 362 404 426">
     <span class='ocr_line' id='line_1_1' title="bbox 292 362 404 426; baseline -0.045 0"><span class='ocrx_word' id='word_1_1' title='bbox 292 362 404 426; x_wconf 77' lang='grc'>961</span> 
     </span>
    </p>
   </div>
   <div class='ocr_carea' id='block_1_2' title="bbox 1286 347 2773 418">
    <p class='ocr_par' dir='ltr' id='par_1_2' title="bbox 1286 347 2773 418">
     <span class='ocr_line' id='line_1_2' title="bbox 1286 347 2773 418; baseline -0.007 1"><span class='ocrx_word' id='word_1_2' title='bbox 1286 353 1691 418; x_wconf 78' lang='lat' dir='ltr'>COMMENT.</span> <span class='ocrx_word' id='word_1_3' title='bbox 1740 350 1829 412; x_wconf 87' lang='lat' dir='ltr'>IN</span> <span class='ocrx_word' id='word_1_4' title='bbox 1874 347 2122 411; x_wconf 78' lang='lat' dir='ltr'>EPIST.</span> <span class='ocrx_word' id='word_1_5' title='bbox 2169 347 2221 410; x_wconf 85' lang='grc' dir='ltr'>ΙΙ</span> <span class='ocrx_word' id='word_1_6' title='bbox 2267 349 2366 408; x_wconf 79' lang='grc' dir='ltr'><strong>ΑΒ</strong></span> <span class='ocrx_word' id='word_1_7' title='bbox 2411 351 2773 411; x_wconf 78' lang='lat' dir='ltr'>COBlNTH.</span> 
     </span>
    </p>
   </div>
   <div class='ocr_carea' id='block_1_3' title="bbox 3581 351 3698 413">
    <p class='ocr_par' dir='ltr' id='par_1_3' title="bbox 3581 351 3698 413">
     <span class='ocr_line' id='line_1_3' title="bbox 3581 351 3698 413; baseline 0.017 -2"><span class='ocrx_word' id='word_1_8' title='bbox 3581 351 3698 413; x_wconf 78' lang='lat'>962</span> 
     </span>
    </p>
   </div>
   <div class='ocr_carea' id='block_1_4' title="bbox 294 446 1974 568">
    <p class='ocr_par' dir='ltr' id='par_1_4' title="bbox 294 478 1974 568">
     <span class='ocr_line' id='line_1_4' title="bbox 294 478 1974 568; baseline -0.01 -16"><span class='ocrx_word' id='word_1_9' title='bbox 294 496 565 568; x_wconf 71' lang='grc' dir='ltr'>ἰσόπτρου</span> <span class='ocrx_word' id='word_1_10' title='bbox 594 490 649 548; x_wconf 68' lang='grc' dir='ltr'>ἐν</span> <span class='ocrx_word' id='word_1_11' title='bbox 698 488 998 565; x_wconf 79' lang='grc' dir='ltr'>αἰνίγματι·</span> <span class='ocrx_word' id='word_1_12' title='bbox 1031 512 1060 541; x_wconf 84' lang='lat'><strong><em>»</em></strong></span> <span class='ocrx_word' id='word_1_13' title='bbox 1093 489 1183 542; x_wconf 84' lang='grc' dir='ltr'>καὶ</span> <span class='ocrx_word' id='word_1_14' title='bbox 1218 510 1245 538; x_wconf 87' lang='grc' dir='ltr'>ιι</span> <span class='ocrx_word' id='word_1_15' title='bbox 1275 478 1598 561; x_wconf 71' lang='grc' dir='ltr'>Ἀῥρυὸῶνα</span> <span class='ocrx_word' id='word_1_16' title='bbox 1630 482 1942 555; x_wconf 74' lang='grc' dir='ltr'>Πνεῦματος</span> <span class='ocrx_word' id='word_1_17' title='bbox 1972 542 1974 549; x_wconf 31' lang='grc' dir='ltr'><strong><em>ι</em></strong></span> 
     </span>
    </p>
   </div>
   <div class='ocr_carea' id='block_1_5' title="bbox 2084 446 3729 568">
    <p class='ocr_par' dir='ltr' id='par_1_5' title="bbox 2084 446 3729 556">
     <span class='ocr_line' id='line_1_5' title="bbox 2084 446 3729 556; baseline 0.001 -19"><span class='ocrx_word' id='word_1_18' title='bbox 2084 499 2122 537; x_wconf 93' lang='lat' dir='ltr'>n</span> <span class='ocrx_word' id='word_1_19' title='bbox 2155 483 2465 555; x_wconf 64' lang='lat' dir='ltr'>aenigmate</span> <span class='ocrx_word' id='word_1_20' title='bbox 2488 480 2559 550; x_wconf 74' lang='grc'>³³,</span> <span class='ocrx_word' id='word_1_21' title='bbox 2593 505 2622 533; x_wconf 88' lang='grc'>››</span> <span class='ocrx_word' id='word_1_22' title='bbox 2646 487 2723 550; x_wconf 90' lang='lat' dir='ltr'>et,</span> <span class='ocrx_word' id='word_1_23' title='bbox 2748 504 2774 531; x_wconf 76' lang='grc' dir='ltr'>ιι</span> <span class='ocrx_word' id='word_1_24' title='bbox 2800 481 3053 537; x_wconf 86' lang='lat' dir='ltr'>Arrham</span> <span class='ocrx_word' id='word_1_25' title='bbox 3080 481 3367 537; x_wconf 80' lang='lat' dir='ltr'>habemus</span> <span class='ocrx_word' id='word_1_26' title='bbox 3389 483 3638 556; x_wconf 81' lang='lat' dir='ltr'>Spiritus</span> <span class='ocrx_word' id='word_1_27' title='bbox 3655 446 3729 522; x_wconf 27' lang='grc'>³³.</span> 
     </span>
    </p>
   </div>
   <div class='ocr_carea' id='block_1_6' title="bbox 292 570 1953 656">
    <p class='ocr_par' dir='ltr' id='par_1_6' title="bbox 292 570 1953 656">
     <span class='ocr_line' id='line_1_6' title="bbox 292 570 1953 656; baseline -0.01 -16"><span class='ocrx_word' id='word_1_28' title='bbox 292 584 383 641; x_wconf 85' lang='grc' dir='ltr'>καὶ</span> <span class='ocrx_word' id='word_1_29' title='bbox 416 583 601 656; x_wconf 75' lang='grc' dir='ltr'>ὀσμὴν</span> <span class='ocrx_word' id='word_1_30' title='bbox 631 581 906 656; x_wconf 85' lang='grc' dir='ltr'>γνώσεως.</span> <span class='ocrx_word' id='word_1_31' title='bbox 941 602 969 630; x_wconf 83' lang='grc'><strong>››</strong></span> <span class='ocrx_word' id='word_1_32' title='bbox 998 612 1063 622; x_wconf 88' lang='grc'><strong><em>-</em></strong></span> <span class='ocrx_word' id='word_1_33' title='bbox 1096 601 1123 629; x_wconf 92' lang='grc' dir='ltr'>ιι</span> <span class='ocrx_word' id='word_1_34' title='bbox 1147 577 1260 633; x_wconf 90' lang='grc' dir='ltr'>Τοῦ</span> <span class='ocrx_word' id='word_1_35' title='bbox 1291 572 1630 650; x_wconf 84' lang='grc' dir='ltr'>Εὐαγγελίου</span> <span class='ocrx_word' id='word_1_36' title='bbox 1661 578 1762 641; x_wconf 75' lang='grc' dir='ltr'>τῆς</span> <span class='ocrx_word' id='word_1_37' title='bbox 1795 570 1953 643; x_wconf 80' lang='grc' dir='ltr'>ὸόξης</span> 
     </span>
    </p>
   </div>
   <div class='ocr_carea' id='block_1_7' title="bbox 292 662 1949 751">
    <p class='ocr_par' dir='ltr' id='par_1_7' title="bbox 292 662 1949 751">
     <span class='ocr_line' id='line_1_7' title="bbox 292 662 1949 751; baseline -0.01 -17"><span class='ocrx_word' id='word_1_38' title='bbox 292 682 394 734; x_wconf 88' lang='grc' dir='ltr'>τοῦ</span> <span class='ocrx_word' id='word_1_39' title='bbox 427 678 682 751; x_wconf 85' lang='grc' dir='ltr'>Χριστοῦ.</span> <span class='ocrx_word' id='word_1_40' title='bbox 747 696 775 724; x_wconf 73' lang='grc' dir='ltr'>ι)</span> <span class='ocrx_word' id='word_1_41' title='bbox 833 670 968 741; x_wconf 79' lang='grc' dir='ltr'>Δόξα</span> <span class='ocrx_word' id='word_1_42' title='bbox 1022 670 1123 744; x_wconf 76' lang='grc' dir='ltr'>γὰρ</span> <span class='ocrx_word' id='word_1_43' title='bbox 1180 670 1421 741; x_wconf 82' lang='grc' dir='ltr'>Χριστοῦ</span> <span class='ocrx_word' id='word_1_44' title='bbox 1482 665 1545 721; x_wconf 87' lang='grc' dir='ltr'>τὸ</span> <span class='ocrx_word' id='word_1_45' title='bbox 1602 662 1949 738; x_wconf 65' lang='grc' dir='ltr'>εὐαγγέλιον.</span> 
     </span>
    </p>
   </div>
   <div class='ocr_carea' id='block_1_8' title="bbox 300 749 1951 839">
    <p class='ocr_par' dir='ltr' id='par_1_8' title="bbox 300 749 1951 839">
     <span class='ocr_line' id='line_1_8' title="bbox 300 749 1951 839; baseline -0.011 -17"><span class='ocrx_word' id='word_1_46' title='bbox 300 749 566 838; x_wconf 61' lang='lat' dir='ltr'>scema;</span> <span class='ocrx_word' id='word_1_47' title='bbox 602 763 696 837; x_wconf 80' lang='grc' dir='ltr'>μὶν</span> <span class='ocrx_word' id='word_1_48' title='bbox 757 763 859 839; x_wconf 73' lang='grc' dir='ltr'>γὰρ</span> <span class='ocrx_word' id='word_1_49' title='bbox 892 762 920 815; x_wconf 89' lang='grc' dir='ltr'><strong>ὁ</strong></span> <span class='ocrx_word' id='word_1_50' title='bbox 950 759 1180 835; x_wconf 78' lang='grc' dir='ltr'>Χριστὸς</span> <span class='ocrx_word' id='word_1_51' title='bbox 1232 755 1321 812; x_wconf 71' lang='grc' dir='ltr'>διὰ</span> <span class='ocrx_word' id='word_1_52' title='bbox 1371 755 1556 830; x_wconf 87' lang='grc' dir='ltr'>μυρία,</span> <span class='ocrx_word' id='word_1_53' title='bbox 1602 752 1652 826; x_wconf 72' lang='grc' dir='ltr'>ιε</span> <span class='ocrx_word' id='word_1_54' title='bbox 1701 753 1776 807; x_wconf 81' lang='grc' dir='ltr'>ὧν</span> <span class='ocrx_word' id='word_1_55' title='bbox 1825 749 1951 821; x_wconf 81' lang='grc' dir='ltr'>ἐδη-</span> 
     </span>
    </p>
   </div>
   <div class='ocr_carea' id='block_1_9' title="bbox 304 839 1951 931">
    <p class='ocr_par' dir='ltr' id='par_1_9' title="bbox 304 839 1951 931">
     <span class='ocr_line' id='line_1_9' title="bbox 304 839 1951 931; baseline -0.009 -21"><span class='ocrx_word' id='word_1_56' title='bbox 304 855 664 931; x_wconf 89' lang='grc' dir='ltr'>μιοόργησεν,</span> <span class='ocrx_word' id='word_1_57' title='bbox 714 852 765 922; x_wconf 76' lang='grc' dir='ltr'>ἒξ</span> <span class='ocrx_word' id='word_1_58' title='bbox 826 851 901 905; x_wconf 84' lang='grc' dir='ltr'>ὧν</span> <span class='ocrx_word' id='word_1_59' title='bbox 960 851 1176 922; x_wconf 71' lang='grc' dir='ltr'>συνέχει</span> <span class='ocrx_word' id='word_1_60' title='bbox 1233 848 1301 901; x_wconf 82' lang='grc' dir='ltr'>τὰ</span> <span class='ocrx_word' id='word_1_61' title='bbox 1348 843 1851 919; x_wconf 72' lang='grc' dir='ltr'>δημιουργηθέντα,</span> 
     </span>
    </p>
   </div>
   <div class='ocr_carea' id='block_1_10' title="bbox 301 928 1952 1015">
    <p class='ocr_par' dir='ltr' id='par_1_10' title="bbox 301 928 1952 1015">
     <span class='ocr_line' id='line_1_10' title="bbox 301 928 1952 1015; baseline -0.012 -14"><span class='ocrx_word' id='word_1_62' title='bbox 301 928 377 1001; x_wconf 79' lang='grc' dir='ltr'>ῶν</span> <span class='ocrx_word' id='word_1_63' title='bbox 409 928 681 999; x_wconf 26' lang='grc' dir='ltr'>τᾶνπάντα</span> <span class='ocrx_word' id='word_1_64' title='bbox 732 943 1013 1015; x_wconf 80' lang='grc' dir='ltr'>ζωογονεῖ,</span> <span class='ocrx_word' id='word_1_65' title='bbox 1068 935 1304 1011; x_wconf 70' lang='grc' dir='ltr'>μάλιστα</span> <span class='ocrx_word' id='word_1_66' title='bbox 1352 932 1411 989; x_wconf 88' lang='grc' dir='ltr'>δε</span> <span class='ocrx_word' id='word_1_67' title='bbox 1452 932 1513 988; x_wconf 71' lang='grc' dir='ltr'>ἐκ</span> <span class='ocrx_word' id='word_1_68' title='bbox 1556 935 1654 986; x_wconf 91' lang='grc' dir='ltr'>τοῦ</span> <span class='ocrx_word' id='word_1_69' title='bbox 1699 928 1952 1003; x_wconf 85' lang='grc' dir='ltr'>σταυροῦ,</span> 
     </span>
    </p>
   </div>
   <div class='ocr_carea' id='block_1_11' title="bbox 295 1020 1953 1107">
    <p class='ocr_par' dir='ltr' id='par_1_11' title="bbox 295 1020 1953 1107">
     <span class='ocr_line' id='line_1_11' title="bbox 295 1020 1953 1107; baseline -0.014 -18"><span class='ocrx_word' id='word_1_70' title='bbox 295 1034 357 1090; x_wconf 81' lang='grc' dir='ltr'>οὗ</span> <span class='ocrx_word' id='word_1_71' title='bbox 388 1033 560 1107; x_wconf 78' lang='grc' dir='ltr'>κῆρυξ</span> <span class='ocrx_word' id='word_1_72' title='bbox 589 1031 653 1086; x_wconf 83' lang='grc' dir='ltr'>τὸ</span> <span class='ocrx_word' id='word_1_73' title='bbox 695 1027 1036 1102; x_wconf 69' lang='grc' dir='ltr'>εὐαγγέλιον,</span> <span class='ocrx_word' id='word_1_74' title='bbox 1069 1050 1095 1077; x_wconf 87' lang='grc' dir='ltr'>ιι</span> <span class='ocrx_word' id='word_1_75' title='bbox 1127 1026 1224 1086; x_wconf 86' lang='grc' dir='ltr'>Ὃς</span> <span class='ocrx_word' id='word_1_76' title='bbox 1256 1023 1399 1079; x_wconf 74' lang='grc' dir='ltr'>ἐστιν</span> <span class='ocrx_word' id='word_1_77' title='bbox 1428 1020 1590 1077; x_wconf 77' lang='grc' dir='ltr'>εἷ’κὼν</span> <span class='ocrx_word' id='word_1_78' title='bbox 1614 1023 1712 1074; x_wconf 89' lang='grc' dir='ltr'>τοῦ</span> <span class='ocrx_word' id='word_1_79' title='bbox 1734 1020 1888 1075; x_wconf 84' lang='grc' dir='ltr'>Θεοῦ.</span> <span class='ocrx_word' id='word_1_80' title='bbox 1924 1039 1953 1067; x_wconf 80' lang='grc'><strong>››</strong></span> 
     </span>
    </p>
   </div>
   <div class='ocr_carea' id='block_1_12' title="bbox 293 1107 1954 1196">
    <p class='ocr_par' dir='ltr' id='par_1_12' title="bbox 293 1107 1954 1196">
     <span class='ocr_line' id='line_1_12' title="bbox 293 1107 1954 1196; baseline -0.012 -16"><span class='ocrx_word' id='word_1_81' title='bbox 293 1125 384 1188; x_wconf 76' lang='grc' dir='ltr'>Ὠς</span> <span class='ocrx_word' id='word_1_82' title='bbox 413 1121 464 1177; x_wconf 85' lang='grc' dir='ltr'>ἐν</span> <span class='ocrx_word' id='word_1_83' title='bbox 498 1117 830 1196; x_wconf 71' lang='grc' dir='ltr'>παραδρομῇ</span> <span class='ocrx_word' id='word_1_84' title='bbox 884 1116 1059 1194; x_wconf 74' lang='grc' dir='ltr'>λέγει,</span> <span class='ocrx_word' id='word_1_85' title='bbox 1108 1116 1159 1169; x_wconf 93' lang='grc' dir='ltr'>τί</span> <span class='ocrx_word' id='word_1_86' title='bbox 1204 1113 1314 1168; x_wconf 77' lang='grc' dir='ltr'>ἐστι</span> <span class='ocrx_word' id='word_1_87' title='bbox 1361 1113 1425 1168; x_wconf 87' lang='grc' dir='ltr'>τὸ</span> <span class='ocrx_word' id='word_1_88' title='bbox 1474 1107 1781 1184; x_wconf 83' lang='grc' dir='ltr'>εὐςγγελίου</span> <span class='ocrx_word' id='word_1_89' title='bbox 1816 1128 1954 1196; x_wconf 13' lang='grc' dir='ltr'>,συν-</span> 
     </span>
    </p>
   </div>
   <div class='ocr_carea' id='block_1_13' title="bbox 304 1195 1953 1284">
    <p class='ocr_par' dir='ltr' id='par_1_13' title="bbox 304 1195 1953 1284">
     <span class='ocr_line' id='line_1_13' title="bbox 304 1195 1953 1284; baseline -0.011 -16"><span class='ocrx_word' id='word_1_90' title='bbox 304 1212 656 1284; x_wconf 78' lang='grc' dir='ltr'>εσκιασμένον</span> <span class='ocrx_word' id='word_1_91' title='bbox 705 1213 823 1271; x_wconf 85' lang='grc' dir='ltr'>τοῖς</span> <span class='ocrx_word' id='word_1_92' title='bbox 879 1206 1152 1266; x_wconf 72' lang='grc' dir='ltr'>ἀπίστοις*</span> <span class='ocrx_word' id='word_1_93' title='bbox 1214 1203 1361 1268; x_wconf 85' lang='grc' dir='ltr'>Ὀτι,</span> <span class='ocrx_word' id='word_1_94' title='bbox 1419 1201 1575 1278; x_wconf 73' lang='grc' dir='ltr'>φησὶ,</span> <span class='ocrx_word' id='word_1_95' title='bbox 1628 1200 1757 1259; x_wconf 81' lang='grc' dir='ltr'>Θεός</span> <span class='ocrx_word' id='word_1_96' title='bbox 1810 1195 1953 1251; x_wconf 79' lang='grc' dir='ltr'>ἐστιν</span> 
     </span>
    </p>
   </div>
   <div class='ocr_carea' id='block_1_14' title="bbox 301 1284 1960 1373">
    <p class='ocr_par' dir='ltr' id='par_1_14' title="bbox 301 1284 1960 1373">
     <span class='ocr_line' id='line_1_14' title="bbox 301 1284 1960 1373; baseline -0.011 -16"><span class='ocrx_word' id='word_1_97' title='bbox 301 1302 330 1357; x_wconf 82' lang='lat'>6</span> <span class='ocrx_word' id='word_1_98' title='bbox 362 1299 715 1373; x_wconf 72' lang='grc' dir='ltr'>σταυρωθείς.</span> <span class='ocrx_word' id='word_1_99' title='bbox 772 1294 947 1352; x_wconf 82' lang='grc' dir='ltr'>Είκὼν</span> <span class='ocrx_word' id='word_1_100' title='bbox 994 1293 1097 1370; x_wconf 75' lang='grc' dir='ltr'>γάρ</span> <span class='ocrx_word' id='word_1_101' title='bbox 1147 1290 1259 1346; x_wconf 79' lang='grc' dir='ltr'>ἐστι</span> <span class='ocrx_word' id='word_1_102' title='bbox 1307 1293 1406 1345; x_wconf 89' lang='grc' dir='ltr'>τοῦ</span> <span class='ocrx_word' id='word_1_103' title='bbox 1456 1289 1665 1362; x_wconf 70' lang='grc' dir='ltr'>ιιατρδς</span> <span class='ocrx_word' id='word_1_104' title='bbox 1715 1284 1960 1359; x_wconf 78' lang='grc' dir='ltr'>ἀπαράλ-</span> 
     </span>
    </p>
   </div>
   <div class='ocr_carea' id='block_1_15' title="bbox 300 1373 1958 1461">
    <p class='ocr_par' dir='ltr' id='par_1_15' title="bbox 300 1373 1958 1461">
     <span class='ocr_line' id='line_1_15' title="bbox 300 1373 1958 1461; baseline -0.013 -15"><span class='ocrx_word' id='word_1_105' title='bbox 300 1390 524 1451; x_wconf 87' lang='grc' dir='ltr'>λακτος.</span> <span class='ocrx_word' id='word_1_106' title='bbox 558 1390 683 1445; x_wconf 83' lang='grc' dir='ltr'>’Ότι</span> <span class='ocrx_word' id='word_1_107' title='bbox 715 1386 819 1461; x_wconf 76' lang='grc' dir='ltr'>γὰρ</span> <span class='ocrx_word' id='word_1_108' title='bbox 852 1382 1033 1439; x_wconf 80' lang='grc' dir='ltr'>εἰκόνα</span> <span class='ocrx_word' id='word_1_109' title='bbox 1084 1376 1230 1436; x_wconf 81' lang='grc' dir='ltr'>οἶδεν</span> <span class='ocrx_word' id='word_1_110' title='bbox 1263 1380 1291 1434; x_wconf 98' lang='lat'>6</span> <span class='ocrx_word' id='word_1_111' title='bbox 1319 1375 1659 1439; x_wconf 79' lang='grc' dir='ltr'>Ἀπόστολος</span> <span class='ocrx_word' id='word_1_112' title='bbox 1705 1375 1768 1429; x_wconf 88' lang='grc' dir='ltr'>τὸ</span> <span class='ocrx_word' id='word_1_113' title='bbox 1819 1373 1958 1431; x_wconf 82' lang='grc' dir='ltr'>κατᾶ</span> 
     </span>
    </p>
   </div>
   <div class='ocr_carea' id='block_1_16' title="bbox 295 1460 1954 1547">
    <p class='ocr_par' dir='ltr' id='par_1_16' title="bbox 295 1460 1954 1547">
     <span class='ocr_line' id='line_1_16' title="bbox 295 1460 1954 1547; baseline -0.012 -14"><span class='ocrx_word' id='word_1_114' title='bbox 295 1484 400 1534; x_wconf 83' lang='grc' dir='ltr'>πᾶν</span> <span class='ocrx_word' id='word_1_115' title='bbox 440 1476 559 1531; x_wconf 71' lang='grc' dir='ltr'>ἴσον</span> <span class='ocrx_word' id='word_1_116' title='bbox 589 1475 678 1529; x_wconf 76' lang='grc' dir='ltr'>καὶ</span> <span class='ocrx_word' id='word_1_117' title='bbox 712 1475 930 1547; x_wconf 78' lang='grc' dir='ltr'>ὅμοιον,</span> <span class='ocrx_word' id='word_1_118' title='bbox 972 1471 1074 1546; x_wconf 80' lang='grc' dir='ltr'>δρα</span> <span class='ocrx_word' id='word_1_119' title='bbox 1102 1468 1155 1524; x_wconf 81' lang='grc' dir='ltr'>τί</span> <span class='ocrx_word' id='word_1_120' title='bbox 1184 1488 1350 1546; x_wconf 76' lang='grc' dir='ltr'>φησιν</span> <span class='ocrx_word' id='word_1_121' title='bbox 1393 1463 1673 1539; x_wconf 82' lang='grc' dir='ltr'>ἀλλαχοῦ⁶</span> <span class='ocrx_word' id='word_1_122' title='bbox 1727 1485 1755 1514; x_wconf 85' lang='grc' dir='ltr'>ι(</span> <span class='ocrx_word' id='word_1_123' title='bbox 1788 1460 1954 1515; x_wconf 82' lang='grc' dir='ltr'>Σκιάν</span> 
     </span>
    </p>
   </div>
   <div class='ocr_carea' id='block_1_17' title="bbox 298 1546 1958 1644">
    <p class='ocr_par' dir='ltr' id='par_1_17' title="bbox 298 1546 1958 1644">
     <span class='ocr_line' id='line_1_17' title="bbox 298 1546 1958 1644; baseline -0.013 -21"><span class='ocrx_word' id='word_1_124' title='bbox 298 1568 399 1644; x_wconf 80' lang='grc' dir='ltr'>γὰρ</span> <span class='ocrx_word' id='word_1_125' title='bbox 433 1561 579 1641; x_wconf 78' lang='grc' dir='ltr'>ἔχων</span> <span class='ocrx_word' id='word_1_126' title='bbox 613 1565 642 1619; x_wconf 87' lang='lat'>6</span> <span class='ocrx_word' id='word_1_127' title='bbox 673 1546 843 1637; x_wconf 87' lang='grc' dir='ltr'>νόμος</span> <span class='ocrx_word' id='word_1_128' title='bbox 873 1566 983 1618; x_wconf 88' lang='grc' dir='ltr'>τῶν</span> <span class='ocrx_word' id='word_1_129' title='bbox 1040 1556 1359 1632; x_wconf 83' lang='grc' dir='ltr'>μελλόντων</span> <span class='ocrx_word' id='word_1_130' title='bbox 1412 1554 1650 1644; x_wconf 78' lang='grc' dir='ltr'>ἀγαθῶν,</span> <span class='ocrx_word' id='word_1_131' title='bbox 1702 1551 1804 1606; x_wconf 80' lang='grc' dir='ltr'>οὐκ</span> <span class='ocrx_word' id='word_1_132' title='bbox 1860 1546 1958 1644; x_wconf 68' lang='grc' dir='ltr'>αῦ-</span> 
     </span>
    </p>
   </div>
   <div class='ocr_carea' id='block_1_18' title="bbox 302 1639 1955 1726">
    <p class='ocr_par' dir='ltr' id='par_1_18' title="bbox 302 1639 1955 1726">
     <span class='ocr_line' id='line_1_18' title="bbox 302 1639 1955 1726; baseline -0.013 -14"><span class='ocrx_word' id='word_1_133' title='bbox 302 1657 402 1726; x_wconf 76' lang='grc' dir='ltr'>τὴν</span> <span class='ocrx_word' id='word_1_134' title='bbox 437 1639 536 1724; x_wconf 5' lang='grc' dir='ltr'>τίῆν</span> <span class='ocrx_word' id='word_1_135' title='bbox 571 1653 752 1709; x_wconf 71' lang='grc' dir='ltr'>εἰκόνα</span> <span class='ocrx_word' id='word_1_136' title='bbox 802 1656 912 1706; x_wconf 84' lang='grc' dir='ltr'>τῶν</span> <span class='ocrx_word' id='word_1_137' title='bbox 968 1647 1390 1725; x_wconf 79' lang='grc' dir='ltr'>πραγμάτων.»</span> <span class='ocrx_word' id='word_1_138' title='bbox 1443 1642 1641 1701; x_wconf 74' lang='grc' dir='ltr'>Εἰκόνα</span> <span class='ocrx_word' id='word_1_139' title='bbox 1687 1643 1821 1695; x_wconf 88' lang='grc' dir='ltr'>Θεοῦ</span> <span class='ocrx_word' id='word_1_140' title='bbox 1861 1639 1955 1693; x_wconf 88' lang='grc' dir='ltr'>τὸν</span> 
     </span>
    </p>
   </div>
   <div class='ocr_carea' id='block_1_19' title="bbox 301 1729 1958 1821">
    <p class='ocr_par' dir='ltr' id='par_1_19' title="bbox 301 1729 1958 1821">
     <span class='ocr_line' id='line_1_19' title="bbox 301 1729 1958 1821; baseline -0.013 -20"><span class='ocrx_word' id='word_1_141' title='bbox 301 1747 561 1821; x_wconf 78' lang='grc' dir='ltr'>Χριστὸν,</span> <span class='ocrx_word' id='word_1_142' title='bbox 595 1744 671 1806; x_wconf 84' lang='grc' dir='ltr'>ὡς</span> <span class='ocrx_word' id='word_1_143' title='bbox 703 1742 833 1798; x_wconf 83' lang='grc' dir='ltr'>Θεὸν</span> <span class='ocrx_word' id='word_1_144' title='bbox 863 1741 922 1795; x_wconf 81' lang='grc' dir='ltr'>ἐκ</span> <span class='ocrx_word' id='word_1_145' title='bbox 964 1743 1099 1795; x_wconf 87' lang='grc' dir='ltr'>Θεοῦ</span> <span class='ocrx_word' id='word_1_146' title='bbox 1153 1734 1613 1814; x_wconf 79' lang='grc' dir='ltr'>προσηγόρευσεν.</span> <span class='ocrx_word' id='word_1_147' title='bbox 1672 1731 1759 1788; x_wconf 85' lang='grc' dir='ltr'>Ἐν</span> <span class='ocrx_word' id='word_1_148' title='bbox 1807 1729 1958 1800; x_wconf 83' lang='grc' dir='ltr'>αὐτῷ</span> 
     </span>
    </p>
   </div>
   <div class='ocr_carea' id='block_1_20' title="bbox 301 1816 1955 1911">
    <p class='ocr_par' dir='ltr' id='par_1_20' title="bbox 301 1816 1955 1911">
     <span class='ocr_line' id='line_1_20' title="bbox 301 1816 1955 1911; baseline -0.011 -22"><span class='ocrx_word' id='word_1_149' title='bbox 301 1816 405 1911; x_wconf 66' lang='grc' dir='ltr'>γαρ</span> <span class='ocrx_word' id='word_1_150' title='bbox 438 1831 678 1889; x_wconf 82' lang='grc' dir='ltr'>δείκνυσι</span> <span class='ocrx_word' id='word_1_151' title='bbox 705 1832 797 1887; x_wconf 90' lang='grc' dir='ltr'>τόν</span> <span class='ocrx_word' id='word_1_152' title='bbox 841 1828 1069 1904; x_wconf 77' lang='grc' dir='ltr'>Πατέρα.</span> <span class='ocrx_word' id='word_1_153' title='bbox 1129 1827 1222 1882; x_wconf 87' lang='grc' dir='ltr'>Διό</span> <span class='ocrx_word' id='word_1_154' title='bbox 1282 1845 1469 1903; x_wconf 69' lang='grc' dir='ltr'>φησιν,</span> <span class='ocrx_word' id='word_1_155' title='bbox 1504 1848 1553 1911; x_wconf 14' lang='grc' dir='ltr'>,ιι</span> <span class='ocrx_word' id='word_1_156' title='bbox 1583 1823 1641 1911; x_wconf 82' lang='grc' dir='ltr'>Ὀ</span> <span class='ocrx_word' id='word_1_157' title='bbox 1697 1816 1955 1911; x_wconf 68' lang='grc' dir='ltr'>ἑωρακῶς</span> 
     </span>
    </p>
   </div>
   <div class='ocr_carea' id='block_1_21' title="bbox 302 1905 1957 1997">
    <p class='ocr_par' dir='ltr' id='par_1_21' title="bbox 302 1905 1957 1997">
     <span class='ocr_line' id='line_1_21' title="bbox 302 1905 1957 1997; baseline -0.007 -18"><span class='ocrx_word' id='word_1_158' title='bbox 302 1905 420 1997; x_wconf 60' lang='grc' dir='ltr'>ἔμε,</span> <span class='ocrx_word' id='word_1_159' title='bbox 454 1924 663 1997; x_wconf 73' lang='grc' dir='ltr'>ἑώρακε</span> <span class='ocrx_word' id='word_1_160' title='bbox 710 1921 802 1976; x_wconf 88' lang='grc' dir='ltr'>τὸν</span> <span class='ocrx_word' id='word_1_161' title='bbox 853 1918 1084 1993; x_wconf 82' lang='grc' dir='ltr'>Πατέρα.</span> <span class='ocrx_word' id='word_1_162' title='bbox 1142 1940 1168 1965; x_wconf 75' lang='grc' dir='ltr'>ι)</span> <span class='ocrx_word' id='word_1_163' title='bbox 1228 1948 1295 1957; x_wconf 91' lang='grc'><strong>-</strong></span> <span class='ocrx_word' id='word_1_164' title='bbox 1354 1937 1381 1965; x_wconf 89' lang='grc'>‹‹</span> <span class='ocrx_word' id='word_1_165' title='bbox 1445 1910 1521 1969; x_wconf 80' lang='grc' dir='ltr'>Οὐ</span> <span class='ocrx_word' id='word_1_166' title='bbox 1574 1910 1675 1986; x_wconf 82' lang='grc' dir='ltr'>γὰρ</span> <span class='ocrx_word' id='word_1_167' title='bbox 1734 1905 1957 1997; x_wconf 65' lang='grc' dir='ltr'>ἑαυτοῦς</span> 
     </span>
    </p>
   </div>
   <div class='ocr_carea' id='block_1_22' title="bbox 300 1993 1960 2088">
    <p class='ocr_par' dir='ltr' id='par_1_22' title="bbox 300 1993 1960 2088">
     <span class='ocr_line' id='line_1_22' title="bbox 300 1993 1960 2088; baseline -0.013 -19"><span class='ocrx_word' id='word_1_168' title='bbox 300 2012 671 2088; x_wconf 78' lang='grc' dir='ltr'>κηρύσσομεν.</span> <span class='ocrx_word' id='word_1_169' title='bbox 706 2038 729 2064; x_wconf 78' lang='grc' dir='ltr'><strong><em>ι</em></strong></span> <span class='ocrx_word' id='word_1_170' title='bbox 790 2010 939 2067; x_wconf 78' lang='grc' dir='ltr'>Ἀνω</span> <span class='ocrx_word' id='word_1_171' title='bbox 1005 2009 1144 2071; x_wconf 83' lang='grc' dir='ltr'>εἷπε,</span> <span class='ocrx_word' id='word_1_172' title='bbox 1212 2027 1231 2054; x_wconf 77' lang='grc' dir='ltr'>ι</span> <span class='ocrx_word' id='word_1_173' title='bbox 1294 2004 1383 2071; x_wconf 79' lang='grc' dir='ltr'>Μὴ</span> <span class='ocrx_word' id='word_1_174' title='bbox 1425 2002 1849 2075; x_wconf 72' lang='grc' dir='ltr'>περιπατοῦντες</span> <span class='ocrx_word' id='word_1_175' title='bbox 1907 1993 1960 2050; x_wconf 81' lang='grc' dir='ltr'>ἐν</span> 
     </span>
    </p>
   </div>
   <div class='ocr_carea' id='block_1_23' title="bbox 301 2090 1960 2179">
    <p class='ocr_par' dir='ltr' id='par_1_23' title="bbox 301 2090 1960 2179">
     <span class='ocr_line' id='line_1_23' title="bbox 301 2090 1960 2179; baseline -0.013 -21"><span class='ocrx_word' id='word_1_176' title='bbox 301 2100 627 2179; x_wconf 76' lang='grc' dir='ltr'>πανουργίᾳ,</span> <span class='ocrx_word' id='word_1_177' title='bbox 689 2097 830 2174; x_wconf 81' lang='grc' dir='ltr'>μηδέ</span> <span class='ocrx_word' id='word_1_178' title='bbox 879 2094 1170 2158; x_wconf 76' lang='grc' dir='ltr'>δολοῦντες</span> <span class='ocrx_word' id='word_1_179' title='bbox 1213 2094 1307 2149; x_wconf 87' lang='grc' dir='ltr'>τὸν</span> <span class='ocrx_word' id='word_1_180' title='bbox 1361 2091 1526 2166; x_wconf 90' lang='grc' dir='ltr'>λόγον</span> <span class='ocrx_word' id='word_1_181' title='bbox 1580 2092 1676 2145; x_wconf 93' lang='grc' dir='ltr'>τοῦ</span> <span class='ocrx_word' id='word_1_182' title='bbox 1724 2090 1960 2179; x_wconf 43' lang='grc' dir='ltr'>Θεοῦ.“›3</span> 
     </span>
    </p>
   </div>
   <div class='ocr_carea' id='block_1_24' title="bbox 310 2171 1966 2261">
    <p class='ocr_par' dir='ltr' id='par_1_24' title="bbox 310 2171 1966 2261">
     <span class='ocr_line' id='line_1_24' title="bbox 310 2171 1966 2261; baseline -0.012 -13"><span class='ocrx_word' id='word_1_183' title='bbox 310 2197 436 2253; x_wconf 83' lang='grc' dir='ltr'>Πῶς</span> <span class='ocrx_word' id='word_1_184' title='bbox 457 2171 537 2261; x_wconf 40' lang='grc'>;’‹‹”</span> <span class='ocrx_word' id='word_1_185' title='bbox 561 2171 714 2248; x_wconf 70' lang='grc' dir='ltr'>Ἐπεὶ</span> <span class='ocrx_word' id='word_1_186' title='bbox 766 2189 842 2261; x_wconf 82' lang='grc' dir='ltr'>μή</span> <span class='ocrx_word' id='word_1_187' title='bbox 895 2184 1117 2247; x_wconf 67' lang='grc' dir='ltr'>ἑαυτοὺς</span> <span class='ocrx_word' id='word_1_188' title='bbox 1166 2183 1534 2259; x_wconf 74' lang='grc' dir='ltr'>κηρύσσομεν,</span> <span class='ocrx_word' id='word_1_189' title='bbox 1585 2177 1768 2257; x_wconf 72' lang='grc' dir='ltr'>φησὶν,</span> <span class='ocrx_word' id='word_1_190' title='bbox 1820 2171 1966 2230; x_wconf 81' lang='grc' dir='ltr'>ἀλλᾶ</span> 
     </span>
    </p>
   </div>
   <div class='ocr_carea' id='block_1_25' title="bbox 316 2263 1964 2358">
    <p class='ocr_par' dir='ltr' id='par_1_25' title="bbox 316 2263 1964 2358">
     <span class='ocr_line' id='line_1_25' title="bbox 316 2263 1964 2358; baseline -0.013 -19"><span class='ocrx_word' id='word_1_191' title='bbox 316 2280 546 2358; x_wconf 84' lang='grc' dir='ltr'>Χριστὸν</span> <span class='ocrx_word' id='word_1_192' title='bbox 579 2278 799 2354; x_wconf 74' lang='grc' dir='ltr'>Κύριον·</span> <span class='ocrx_word' id='word_1_193' title='bbox 860 2275 1081 2337; x_wconf 74' lang='grc' dir='ltr'>ἑαυτοὺς</span> <span class='ocrx_word' id='word_1_194' title='bbox 1129 2271 1187 2328; x_wconf 69' lang='grc' dir='ltr'>δὲ</span> <span class='ocrx_word' id='word_1_195' title='bbox 1244 2269 1476 2331; x_wconf 78' lang='grc' dir='ltr'>δούλους</span> <span class='ocrx_word' id='word_1_196' title='bbox 1536 2270 1687 2342; x_wconf 80' lang='grc' dir='ltr'>ὑμῶν</span> <span class='ocrx_word' id='word_1_197' title='bbox 1743 2263 1814 2321; x_wconf 83' lang='grc' dir='ltr'>δι’</span> <span class='ocrx_word' id='word_1_198' title='bbox 1868 2264 1964 2319; x_wconf 81' lang='grc' dir='ltr'>αὖ·</span> 
     </span>
    </p>
   </div>
   <div class='ocr_carea' id='block_1_26' title="bbox 310 2352 1964 2440">
    <p class='ocr_par' dir='ltr' id='par_1_26' title="bbox 310 2352 1964 2440">
     <span class='ocr_line' id='line_1_26' title="bbox 310 2352 1964 2440; baseline -0.012 -13"><span class='ocrx_word' id='word_1_199' title='bbox 310 2352 437 2428; x_wconf 86' lang='grc' dir='ltr'>τόν.</span> <span class='ocrx_word' id='word_1_200' title='bbox 479 2394 508 2422; x_wconf 84' lang='lat'><em>»</em></span> <span class='ocrx_word' id='word_1_201' title='bbox 541 2352 721 2426; x_wconf 77' lang='grc' dir='ltr'>Τοῦτο</span> <span class='ocrx_word' id='word_1_202' title='bbox 754 2365 812 2422; x_wconf 71' lang='grc' dir='ltr'>δὲ</span> <span class='ocrx_word' id='word_1_203' title='bbox 842 2365 1036 2440; x_wconf 85' lang='grc' dir='ltr'>λέγων,</span> <span class='ocrx_word' id='word_1_204' title='bbox 1067 2362 1195 2424; x_wconf 80' lang='grc' dir='ltr'>τοὺς</span> <span class='ocrx_word' id='word_1_205' title='bbox 1250 2357 1609 2420; x_wconf 74' lang='grc' dir='ltr'>διδασκάλους</span> <span class='ocrx_word' id='word_1_206' title='bbox 1648 2355 1827 2412; x_wconf 79' lang='grc' dir='ltr'>αὐτῶν</span> <span class='ocrx_word' id='word_1_207' title='bbox 1871 2352 1964 2407; x_wconf 80' lang='grc' dir='ltr'>αἷ-</span> 
     </span>
    </p>
   </div>
   <div class='ocr_carea' id='block_1_27' title="bbox 316 2443 1968 2531">
    <p class='ocr_par' dir='ltr' id='par_1_27' title="bbox 316 2443 1968 2531">
     <span class='ocr_line' id='line_1_27' title="bbox 316 2443 1968 2531; baseline -0.012 -15"><span class='ocrx_word' id='word_1_208' title='bbox 316 2460 570 2524; x_wconf 85' lang='grc' dir='ltr'>νίττεται,</span> <span class='ocrx_word' id='word_1_209' title='bbox 612 2456 736 2531; x_wconf 79' lang='grc' dir='ltr'>περὶ</span> <span class='ocrx_word' id='word_1_210' title='bbox 768 2456 842 2510; x_wconf 83' lang='grc' dir='ltr'>ὧν</span> <span class='ocrx_word' id='word_1_211' title='bbox 875 2448 1073 2530; x_wconf 74' lang='grc' dir='ltr'>ἔγραφε</span> <span class='ocrx_word' id='word_1_212' title='bbox 1102 2449 1282 2525; x_wconf 74' lang='grc' dir='ltr'>λεγειν</span> <span class='ocrx_word' id='word_1_213' title='bbox 1342 2446 1560 2517; x_wconf 77' lang='grc' dir='ltr'>αὐτοὺς,</span> <span class='ocrx_word' id='word_1_214' title='bbox 1608 2470 1636 2497; x_wconf 89' lang='grc' dir='ltr'>ιι</span> <span class='ocrx_word' id='word_1_215' title='bbox 1670 2444 1813 2518; x_wconf 83' lang='grc' dir='ltr'>Ἐγὼ</span> <span class='ocrx_word' id='word_1_216' title='bbox 1875 2443 1968 2515; x_wconf 73' lang='grc' dir='ltr'>μὲν</span> 
     </span>
    </p>
   </div>
   <div class='ocr_carea' id='block_1_28' title="bbox 312 2530 1963 2622">
    <p class='ocr_par' dir='ltr' id='par_1_28' title="bbox 312 2530 1963 2622">
     <span class='ocr_line' id='line_1_28' title="bbox 312 2530 1963 2622; baseline -0.012 -17"><span class='ocrx_word' id='word_1_217' title='bbox 312 2549 429 2622; x_wconf 78' lang='grc' dir='ltr'>εἶμι</span> <span class='ocrx_word' id='word_1_218' title='bbox 459 2530 706 2613; x_wconf 71' lang='grc' dir='ltr'>Παύλου,</span> <span class='ocrx_word' id='word_1_219' title='bbox 739 2544 851 2622; x_wconf 75' lang='grc' dir='ltr'>ἐγὼ</span> <span class='ocrx_word' id='word_1_220' title='bbox 882 2541 939 2598; x_wconf 69' lang='grc' dir='ltr'>δὲ</span> <span class='ocrx_word' id='word_1_221' title='bbox 965 2538 1257 2610; x_wconf 66' lang='grc' dir='ltr'>Ἀπολλὼ,</span> <span class='ocrx_word' id='word_1_222' title='bbox 1288 2537 1400 2615; x_wconf 70' lang='grc' dir='ltr'>ἕγὼ</span> <span class='ocrx_word' id='word_1_223' title='bbox 1431 2534 1489 2593; x_wconf 77' lang='grc' dir='ltr'>δὶ</span> <span class='ocrx_word' id='word_1_224' title='bbox 1516 2539 1701 2614; x_wconf 77' lang='grc' dir='ltr'>Κηφᾶ,</span> <span class='ocrx_word' id='word_1_225' title='bbox 1734 2556 1764 2586; x_wconf 87' lang='grc'>››</span> <span class='ocrx_word' id='word_1_226' title='bbox 1796 2530 1851 2587; x_wconf 80' lang='grc' dir='ltr'>οἳ</span> <span class='ocrx_word' id='word_1_227' title='bbox 1875 2530 1963 2586; x_wconf 80' lang='grc' dir='ltr'>καὶ</span> 
     </span>
    </p>
   </div>
   <div class='ocr_carea' id='block_1_29' title="bbox 313 2633 931 2713">
    <p class='ocr_par' dir='ltr' id='par_1_29' title="bbox 313 2633 931 2713">
     <span class='ocr_line' id='line_1_29' title="bbox 313 2633 931 2713; baseline -0.01 -17"><span class='ocrx_word' id='word_1_228' title='bbox 313 2637 698 2713; x_wconf 86' lang='grc' dir='ltr'>κατεκυρίευον</span> <span class='ocrx_word' id='word_1_229' title='bbox 732 2633 931 2690; x_wconf 80' lang='grc' dir='ltr'>αὐτῶν.</span> 
     </span>
    </p>
   </div>
   <div class='ocr_carea' id='block_1_30' title="bbox 388 2816 1967 2897">
    <p class='ocr_par' dir='ltr' id='par_1_30' title="bbox 388 2816 1967 2897">
     <span class='ocr_line' id='line_1_30' title="bbox 388 2816 1967 2897; baseline -0.013 -6"><span class='ocrx_word' id='word_1_230' title='bbox 388 2835 517 2892; x_wconf 88' lang='grc' dir='ltr'>Ὅτι</span> <span class='ocrx_word' id='word_1_231' title='bbox 576 2833 604 2887; x_wconf 87' lang='lat'>6</span> <span class='ocrx_word' id='word_1_232' title='bbox 663 2830 792 2892; x_wconf 83' lang='grc' dir='ltr'>Θεὸς</span> <span class='ocrx_word' id='word_1_233' title='bbox 845 2829 874 2883; x_wconf 91' lang='lat'>6</span> <span class='ocrx_word' id='word_1_234' title='bbox 933 2827 1103 2881; x_wconf 84' lang='grc' dir='ltr'>εἰπὼν</span> <span class='ocrx_word' id='word_1_235' title='bbox 1159 2823 1221 2880; x_wconf 77' lang='grc' dir='ltr'>ἐκ</span> <span class='ocrx_word' id='word_1_236' title='bbox 1272 2823 1500 2883; x_wconf 89' lang='grc' dir='ltr'>σκότους</span> <span class='ocrx_word' id='word_1_237' title='bbox 1558 2823 1673 2897; x_wconf 81' lang='grc' dir='ltr'>φῶς</span> <span class='ocrx_word' id='word_1_238' title='bbox 1729 2816 1967 2891; x_wconf 79' lang='grc' dir='ltr'>λάμψαι,</span> 
     </span>
    </p>
   </div>
   <div class='ocr_carea' id='block_1_31' title="bbox 317 2907 1972 2995">
    <p class='ocr_par' dir='ltr' id='par_1_31' title="bbox 317 2907 1972 2995">
     <span class='ocr_line' id='line_1_31' title="bbox 317 2907 1972 2995; baseline -0.013 -16"><span class='ocrx_word' id='word_1_239' title='bbox 317 2924 380 2986; x_wconf 78' lang='grc' dir='ltr'>’ὸς</span> <span class='ocrx_word' id='word_1_240' title='bbox 435 2920 682 2995; x_wconf 69' lang='grc' dir='ltr'>’έλαμψεν</span> <span class='ocrx_word' id='word_1_241' title='bbox 737 2918 789 2973; x_wconf 78' lang='grc' dir='ltr'>ἐν</span> <span class='ocrx_word' id='word_1_242' title='bbox 842 2922 964 2979; x_wconf 82' lang='grc' dir='ltr'>ταῖς</span> <span class='ocrx_word' id='word_1_243' title='bbox 1020 2911 1246 2988; x_wconf 78' lang='grc' dir='ltr'>καρδίας</span> <span class='ocrx_word' id='word_1_244' title='bbox 1302 2914 1487 2985; x_wconf 77' lang='grc' dir='ltr'>ἡμῶν,</span> <span class='ocrx_word' id='word_1_245' title='bbox 1580 2907 1717 2983; x_wconf 87' lang='grc' dir='ltr'>πρὸς</span> <span class='ocrx_word' id='word_1_246' title='bbox 1798 2926 1972 2982; x_wconf 72' lang='grc' dir='ltr'>φωτι-</span> 
     </span>
    </p>
   </div>
   <div class='ocr_carea' id='block_1_32' title="bbox 325 2996 1973 3087">
    <p class='ocr_par' dir='ltr' id='par_1_32' title="bbox 325 2996 1973 3087">
     <span class='ocr_line' id='line_1_32' title="bbox 325 2996 1973 3087; baseline -0.012 -19"><span class='ocrx_word' id='word_1_247' title='bbox 325 3014 461 3087; x_wconf 84' lang='grc' dir='ltr'>σμὸν</span> <span class='ocrx_word' id='word_1_248' title='bbox 494 3018 593 3081; x_wconf 82' lang='grc' dir='ltr'>τῆς</span> <span class='ocrx_word' id='word_1_249' title='bbox 631 3010 885 3084; x_wconf 81' lang='grc' dir='ltr'>γνώσεως</span> <span class='ocrx_word' id='word_1_250' title='bbox 937 3012 1036 3076; x_wconf 82' lang='grc' dir='ltr'>τῆς</span> <span class='ocrx_word' id='word_1_251' title='bbox 1098 3003 1261 3074; x_wconf 78' lang='grc' dir='ltr'>δόξης</span> <span class='ocrx_word' id='word_1_252' title='bbox 1323 3005 1422 3057; x_wconf 89' lang='grc' dir='ltr'>τοῦ</span> <span class='ocrx_word' id='word_1_253' title='bbox 1478 3003 1635 3069; x_wconf 83' lang='grc' dir='ltr'>Θεοῦ,</span> <span class='ocrx_word' id='word_1_254' title='bbox 1693 2996 1747 3052; x_wconf 76' lang='grc' dir='ltr'>ἐν</span> <span class='ocrx_word' id='word_1_255' title='bbox 1804 3015 1973 3071; x_wconf 84' lang='grc' dir='ltr'>προσ-</span> 
     </span>
    </p>
   </div>
   <div class='ocr_carea' id='block_1_33' title="bbox 280 3098 971 3175">
    <p class='ocr_par' dir='ltr' id='par_1_33' title="bbox 280 3098 971 3175">
     <span class='ocr_line' id='line_1_33' title="bbox 280 3098 971 3175; baseline -0.007 -17"><span class='ocrx_word' id='word_1_256' title='bbox 280 3134 283 3139; x_wconf 91' lang='grc'><strong>·</strong></span> <span class='ocrx_word' id='word_1_257' title='bbox 328 3098 466 3175; x_wconf 82' lang='grc' dir='ltr'>ώπῳ</span> <span class='ocrx_word' id='word_1_258' title='bbox 499 3103 678 3171; x_wconf 77' lang='grc' dir='ltr'>Ἰησοῦ</span> <span class='ocrx_word' id='word_1_259' title='bbox 710 3100 971 3173; x_wconf 78' lang='grc' dir='ltr'>Χριστοῦ.</span> 
     </span>
    </p>
   </div>
   <div class='ocr_carea' id='block_1_34' title="bbox 2058 571 3705 645">
    <p class='ocr_par' dir='ltr' id='par_1_34' title="bbox 2058 571 3705 645">
     <span class='ocr_line' id='line_1_34' title="bbox 2058 571 3705 645; baseline 0.001 -18"><span class='ocrx_word' id='word_1_260' title='bbox 2058 588 2126 627; x_wconf 90' lang='lat' dir='ltr'>ac</span> <span class='ocrx_word' id='word_1_261' title='bbox 2147 572 2390 627; x_wconf 89' lang='lat' dir='ltr'>odorem</span> <span class='ocrx_word' id='word_1_262' title='bbox 2413 572 2789 645; x_wconf 82' lang='lat' dir='ltr'>cognitionis.</span> <span class='ocrx_word' id='word_1_263' title='bbox 2814 592 2842 621; x_wconf 83' lang='grc'><strong>››</strong></span> <span class='ocrx_word' id='word_1_264' title='bbox 2867 600 2931 613; x_wconf 82' lang='grc'><strong>--</strong></span> <span class='ocrx_word' id='word_1_265' title='bbox 2965 594 2993 621; x_wconf 84' lang='grc' dir='ltr'>ιι</span> <span class='ocrx_word' id='word_1_266' title='bbox 3013 571 3307 644; x_wconf 83' lang='lat' dir='ltr'>Evangelii</span> <span class='ocrx_word' id='word_1_267' title='bbox 3324 572 3524 643; x_wconf 77' lang='lat' dir='ltr'>gloriae</span> <span class='ocrx_word' id='word_1_268' title='bbox 3545 574 3705 629; x_wconf 89' lang='lat' dir='ltr'>Chri-</span> 
     </span>
    </p>
   </div>
   <div class='ocr_carea' id='block_1_35' title="bbox 2059 660 3706 732">
    <p class='ocr_par' dir='ltr' id='par_1_35' title="bbox 2059 660 3706 732">
     <span class='ocr_line' id='line_1_35' title="bbox 2059 660 3706 732; baseline 0.001 -16"><span class='ocrx_word' id='word_1_269' title='bbox 2059 662 2152 716; x_wconf 88' lang='lat' dir='ltr'>sti.</span> <span class='ocrx_word' id='word_1_270' title='bbox 2181 684 2208 710; x_wconf 82' lang='lat'><strong>»</strong></span> <span class='ocrx_word' id='word_1_271' title='bbox 2234 661 2430 717; x_wconf 84' lang='lat' dir='ltr'>Gloria</span> <span class='ocrx_word' id='word_1_272' title='bbox 2457 662 2614 716; x_wconf 90' lang='lat' dir='ltr'>enim</span> <span class='ocrx_word' id='word_1_273' title='bbox 2640 660 2855 715; x_wconf 78' lang='lat' dir='ltr'>tlhristi</span> <span class='ocrx_word' id='word_1_274' title='bbox 2888 666 2979 715; x_wconf 89' lang='lat' dir='ltr'>est</span> <span class='ocrx_word' id='word_1_275' title='bbox 3007 660 3407 732; x_wconf 78' lang='lat' dir='ltr'>Evangelium.</span> <span class='ocrx_word' id='word_1_276' title='bbox 3441 661 3706 717; x_wconf 76' lang='lat' dir='ltr'>Christus</span> 
     </span>
    </p>
   </div>
   <div class='ocr_carea' id='block_1_36' title="bbox 2058 750 3708 824">
    <p class='ocr_par' dir='ltr' id='par_1_36' title="bbox 2058 750 3708 824">
     <span class='ocr_line' id='line_1_36' title="bbox 2058 750 3708 824; baseline 0.001 -18"><span class='ocrx_word' id='word_1_277' title='bbox 2058 751 2353 821; x_wconf 84' lang='lat' dir='ltr'>siquidem</span> <span class='ocrx_word' id='word_1_278' title='bbox 2401 751 2827 824; x_wconf 85' lang='lat' dir='ltr'>glorificandus</span> <span class='ocrx_word' id='word_1_279' title='bbox 2876 757 2965 805; x_wconf 91' lang='lat' dir='ltr'>est</span> <span class='ocrx_word' id='word_1_280' title='bbox 3013 750 3086 805; x_wconf 93' lang='lat' dir='ltr'>ob</span> <span class='ocrx_word' id='word_1_281' title='bbox 3137 751 3492 806; x_wconf 88' lang='lat' dir='ltr'>innumera:</span> <span class='ocrx_word' id='word_1_282' title='bbox 3548 751 3708 823; x_wconf 89' lang='lat' dir='ltr'>quod</span> 
     </span>
    </p>
   </div>
   <div class='ocr_carea' id='block_1_37' title="bbox 2056 839 3708 915">
    <p class='ocr_par' dir='ltr' id='par_1_37' title="bbox 2056 839 3708 915">
     <span class='ocr_line' id='line_1_37' title="bbox 2056 839 3708 915; baseline -0.001 -19"><span class='ocrx_word' id='word_1_283' title='bbox 2056 842 2360 903; x_wconf 79' lang='lat' dir='ltr'>creaverit,</span> <span class='ocrx_word' id='word_1_284' title='bbox 2397 841 2554 911; x_wconf 89' lang='lat' dir='ltr'>quod</span> <span class='ocrx_word' id='word_1_285' title='bbox 2586 848 2785 896; x_wconf 83' lang='lat' dir='ltr'>creata</span> <span class='ocrx_word' id='word_1_286' title='bbox 2813 845 3139 904; x_wconf 85' lang='lat' dir='ltr'>conservet,</span> <span class='ocrx_word' id='word_1_287' title='bbox 3175 839 3332 910; x_wconf 91' lang='lat' dir='ltr'>quod</span> <span class='ocrx_word' id='word_1_288' title='bbox 3392 842 3593 895; x_wconf 84' lang='lat' dir='ltr'>omnia</span> <span class='ocrx_word' id='word_1_289' title='bbox 3621 841 3708 915; x_wconf 89' lang='lat' dir='ltr'>gi-</span> 
     </span>
    </p>
   </div>
   <div class='ocr_carea' id='block_1_38' title="bbox 2056 930 3705 1003">
    <p class='ocr_par' dir='ltr' id='par_1_38' title="bbox 2056 930 3705 1003">
     <span class='ocr_line' id='line_1_38' title="bbox 2056 930 3705 1003; baseline 0.001 -19"><span class='ocrx_word' id='word_1_290' title='bbox 2056 935 2198 1003; x_wconf 88' lang='lat' dir='ltr'>gnat</span> <span class='ocrx_word' id='word_1_291' title='bbox 2228 947 2296 985; x_wconf 88' lang='lat' dir='ltr'>ac</span> <span class='ocrx_word' id='word_1_292' title='bbox 2326 930 2599 997; x_wconf 86' lang='lat' dir='ltr'>viviﬁcet,</span> <span class='ocrx_word' id='word_1_293' title='bbox 2634 930 2890 985; x_wconf 84' lang='lat' dir='ltr'>maxime</span> <span class='ocrx_word' id='word_1_294' title='bbox 2920 936 3116 984; x_wconf 90' lang='lat' dir='ltr'>autem</span> <span class='ocrx_word' id='word_1_295' title='bbox 3150 936 3391 999; x_wconf 80' lang='lat' dir='ltr'>propter</span> <span class='ocrx_word' id='word_1_296' title='bbox 3448 946 3705 997; x_wconf 88' lang='lat' dir='ltr'>crucem,</span> 
     </span>
    </p>
   </div>
   <div class='ocr_carea' id='block_1_39' title="bbox 2060 1018 3709 1092">
    <p class='ocr_par' dir='ltr' id='par_1_39' title="bbox 2060 1018 3709 1092">
     <span class='ocr_line' id='line_1_39' title="bbox 2060 1018 3709 1092; baseline -0.002 -18"><span class='ocrx_word' id='word_1_297' title='bbox 2060 1022 2230 1091; x_wconf 90' lang='lat' dir='ltr'>cujus</span> <span class='ocrx_word' id='word_1_298' title='bbox 2252 1036 2426 1091; x_wconf 85' lang='lat' dir='ltr'>preco</span> <span class='ocrx_word' id='word_1_299' title='bbox 2450 1026 2542 1075; x_wconf 91' lang='lat' dir='ltr'>est</span> <span class='ocrx_word' id='word_1_300' title='bbox 2574 1018 2969 1092; x_wconf 86' lang='lat' dir='ltr'>Evangelium.</span> <span class='ocrx_word' id='word_1_301' title='bbox 2998 1041 3023 1068; x_wconf 83' lang='lat'><strong>«</strong></span> <span class='ocrx_word' id='word_1_302' title='bbox 3050 1019 3157 1083; x_wconf 87' lang='lat' dir='ltr'>Qui</span> <span class='ocrx_word' id='word_1_303' title='bbox 3192 1023 3280 1071; x_wconf 89' lang='lat' dir='ltr'>est</span> <span class='ocrx_word' id='word_1_304' title='bbox 3305 1018 3497 1090; x_wconf 84' lang='lat' dir='ltr'>imago</span> <span class='ocrx_word' id='word_1_305' title='bbox 3532 1019 3650 1073; x_wconf 91' lang='lat' dir='ltr'>Dei.</span> <span class='ocrx_word' id='word_1_306' title='bbox 3681 1040 3709 1067; x_wconf 88' lang='lat'>»</span> 
     </span>
    </p>
   </div>
   <div class='ocr_carea' id='block_1_40' title="bbox 2058 1106 3711 1179">
    <p class='ocr_par' dir='ltr' id='par_1_40' title="bbox 2058 1106 3711 1179">
     <span class='ocr_line' id='line_1_40' title="bbox 2058 1106 3711 1179; baseline 0.001 -18"><span class='ocrx_word' id='word_1_307' title='bbox 2058 1108 2362 1179; x_wconf 84' lang='lat' dir='ltr'>Tanquam</span> <span class='ocrx_word' id='word_1_308' title='bbox 2397 1108 2458 1162; x_wconf 90' lang='lat' dir='ltr'>in</span> <span class='ocrx_word' id='word_1_309' title='bbox 2498 1114 2842 1163; x_wconf 89' lang='lat' dir='ltr'>transcursu</span> <span class='ocrx_word' id='word_1_310' title='bbox 2872 1106 3035 1173; x_wconf 85' lang='lat' dir='ltr'>dicit,</span> <span class='ocrx_word' id='word_1_311' title='bbox 3060 1106 3310 1177; x_wconf 79' lang='lat' dir='ltr'>quidsit</span> <span class='ocrx_word' id='word_1_312' title='bbox 3341 1107 3497 1177; x_wconf 90' lang='lat' dir='ltr'>quod</span> <span class='ocrx_word' id='word_1_313' title='bbox 3522 1109 3711 1162; x_wconf 87' lang='lat' dir='ltr'>Evan-</span> 
     </span>
    </p>
   </div>
   <div class='ocr_carea' id='block_1_41' title="bbox 2059 1194 3711 1269">
    <p class='ocr_par' dir='ltr' id='par_1_41' title="bbox 2059 1194 3711 1269">
     <span class='ocr_line' id='line_1_41' title="bbox 2059 1194 3711 1269; baseline 0 -18"><span class='ocrx_word' id='word_1_314' title='bbox 2059 1196 2278 1269; x_wconf 89' lang='lat' dir='ltr'>gelium</span> <span class='ocrx_word' id='word_1_315' title='bbox 2303 1202 2576 1269; x_wconf 84' lang='lat' dir='ltr'>contegat</span> <span class='ocrx_word' id='word_1_316' title='bbox 2601 1196 2964 1252; x_wconf 87' lang='lat' dir='ltr'>incredulis:</span> <span class='ocrx_word' id='word_1_317' title='bbox 2997 1194 3163 1261; x_wconf 88' lang='lat' dir='ltr'>Quod</span> <span class='ocrx_word' id='word_1_318' title='bbox 3195 1196 3348 1250; x_wconf 89' lang='lat' dir='ltr'>Deus</span> <span class='ocrx_word' id='word_1_319' title='bbox 3380 1197 3711 1267; x_wconf 89' lang='lat' dir='ltr'>sit,inquit,</span> 
     </span>
    </p>
   </div>
   <div class='ocr_carea' id='block_1_42' title="bbox 2062 1284 3716 1356">
    <p class='ocr_par' dir='ltr' id='par_1_42' title="bbox 2062 1284 3716 1356">
     <span class='ocr_line' id='line_1_42' title="bbox 2062 1284 3716 1356; baseline 0.001 -17"><span class='ocrx_word' id='word_1_320' title='bbox 2062 1285 2161 1356; x_wconf 88' lang='lat' dir='ltr'>qui</span> <span class='ocrx_word' id='word_1_321' title='bbox 2187 1286 2502 1341; x_wconf 83' lang='lat' dir='ltr'>cruciﬁxus</span> <span class='ocrx_word' id='word_1_322' title='bbox 2528 1291 2633 1341; x_wconf 90' lang='lat' dir='ltr'>est.</span> <span class='ocrx_word' id='word_1_323' title='bbox 2670 1287 2811 1340; x_wconf 82' lang='lat' dir='ltr'>Nam</span> <span class='ocrx_word' id='word_1_324' title='bbox 2843 1284 3036 1356; x_wconf 84' lang='lat' dir='ltr'>imago</span> <span class='ocrx_word' id='word_1_325' title='bbox 3070 1285 3259 1339; x_wconf 82' lang='lat' dir='ltr'>Patris</span> <span class='ocrx_word' id='word_1_326' title='bbox 3283 1291 3370 1339; x_wconf 87' lang='lat' dir='ltr'>est</span> <span class='ocrx_word' id='word_1_327' title='bbox 3394 1301 3498 1355; x_wconf 89' lang='lat' dir='ltr'>per</span> <span class='ocrx_word' id='word_1_328' title='bbox 3514 1285 3716 1340; x_wconf 85' lang='lat' dir='ltr'>omnia</span> 
     </span>
    </p>
   </div>
   <div class='ocr_carea' id='block_1_43' title="bbox 2061 1373 3716 1446">
    <p class='ocr_par' dir='ltr' id='par_1_43' title="bbox 2061 1373 3716 1446">
     <span class='ocr_line' id='line_1_43' title="bbox 2061 1373 3716 1446; baseline -0.001 -17"><span class='ocrx_word' id='word_1_329' title='bbox 2061 1373 2116 1429; x_wconf 90' lang='lat' dir='ltr'>ei</span> <span class='ocrx_word' id='word_1_330' title='bbox 2148 1375 2380 1430; x_wconf 89' lang='lat' dir='ltr'>similis.</span> <span class='ocrx_word' id='word_1_331' title='bbox 2415 1375 2563 1440; x_wconf 89' lang='lat' dir='ltr'>Quia</span> <span class='ocrx_word' id='word_1_332' title='bbox 2594 1375 2753 1429; x_wconf 90' lang='lat' dir='ltr'>enim</span> <span class='ocrx_word' id='word_1_333' title='bbox 2786 1374 2947 1429; x_wconf 89' lang='lat' dir='ltr'>novit</span> <span class='ocrx_word' id='word_1_334' title='bbox 2975 1373 3292 1445; x_wconf 87' lang='lat' dir='ltr'>Apostolus</span> <span class='ocrx_word' id='word_1_335' title='bbox 3324 1373 3438 1428; x_wconf 91' lang='lat' dir='ltr'>dici</span> <span class='ocrx_word' id='word_1_336' title='bbox 3502 1374 3716 1446; x_wconf 89' lang='lat' dir='ltr'>imagi-</span> 
     </span>
    </p>
   </div>
   <div class='ocr_carea' id='block_1_44' title="bbox 2061 1462 3714 1535">
    <p class='ocr_par' dir='ltr' id='par_1_44' title="bbox 2061 1462 3714 1535">
     <span class='ocr_line' id='line_1_44' title="bbox 2061 1462 3714 1535; baseline 0.001 -18"><span class='ocrx_word' id='word_1_337' title='bbox 2061 1478 2198 1517; x_wconf 89' lang='lat' dir='ltr'>nem</span> <span class='ocrx_word' id='word_1_338' title='bbox 2234 1463 2390 1534; x_wconf 90' lang='lat' dir='ltr'>quod</span> <span class='ocrx_word' id='word_1_339' title='bbox 2421 1481 2528 1535; x_wconf 90' lang='lat' dir='ltr'>per</span> <span class='ocrx_word' id='word_1_340' title='bbox 2557 1464 2757 1519; x_wconf 86' lang='lat' dir='ltr'>omnia</span> <span class='ocrx_word' id='word_1_341' title='bbox 2796 1463 3024 1534; x_wconf 62' lang='lat' dir='ltr'>aequale</span> <span class='ocrx_word' id='word_1_342' title='bbox 3076 1468 3166 1518; x_wconf 90' lang='lat' dir='ltr'>est</span> <span class='ocrx_word' id='word_1_343' title='bbox 3212 1479 3279 1518; x_wconf 90' lang='lat' dir='ltr'>ac</span> <span class='ocrx_word' id='word_1_344' title='bbox 3321 1462 3535 1530; x_wconf 88' lang='lat' dir='ltr'>simile,</span> <span class='ocrx_word' id='word_1_345' title='bbox 3586 1463 3714 1519; x_wconf 88' lang='lat' dir='ltr'>vide</span> 
     </span>
    </p>
   </div>
   <div class='ocr_carea' id='block_1_45' title="bbox 2063 1551 3716 1622">
    <p class='ocr_par' dir='ltr' id='par_1_45' title="bbox 2063 1551 3716 1622">
     <span class='ocr_line' id='line_1_45' title="bbox 2063 1551 3716 1622; baseline 0.001 -17"><span class='ocrx_word' id='word_1_346' title='bbox 2063 1551 2220 1622; x_wconf 90' lang='lat' dir='ltr'>quod</span> <span class='ocrx_word' id='word_1_347' title='bbox 2251 1552 2391 1607; x_wconf 86' lang='lat' dir='ltr'>alibi</span> <span class='ocrx_word' id='word_1_348' title='bbox 2426 1553 2621 1608; x_wconf 88' lang='lat' dir='ltr'>dicat:</span> <span class='ocrx_word' id='word_1_349' title='bbox 2656 1576 2684 1603; x_wconf 91' lang='grc'>‹‹</span> <span class='ocrx_word' id='word_1_350' title='bbox 2718 1553 2996 1608; x_wconf 86' lang='lat' dir='ltr'>Umbram</span> <span class='ocrx_word' id='word_1_351' title='bbox 3025 1553 3185 1608; x_wconf 89' lang='lat' dir='ltr'>enim</span> <span class='ocrx_word' id='word_1_352' title='bbox 3227 1551 3455 1608; x_wconf 87' lang='lat' dir='ltr'>habens</span> <span class='ocrx_word' id='word_1_353' title='bbox 3484 1552 3582 1606; x_wconf 84' lang='lat' dir='ltr'>lex</span> <span class='ocrx_word' id='word_1_354' title='bbox 3612 1552 3716 1609; x_wconf 86' lang='lat' dir='ltr'>fu-</span> 
     </span>
    </p>
   </div>
   <div class='ocr_carea' id='block_1_46' title="bbox 2065 1641 3713 1714">
    <p class='ocr_par' dir='ltr' id='par_1_46' title="bbox 2065 1641 3713 1714">
     <span class='ocr_line' id='line_1_46' title="bbox 2065 1641 3713 1714; baseline 0 -20"><span class='ocrx_word' id='word_1_355' title='bbox 2065 1644 2333 1695; x_wconf 88' lang='lat' dir='ltr'>turorum</span> <span class='ocrx_word' id='word_1_356' title='bbox 2360 1641 2670 1705; x_wconf 77' lang='lat' dir='ltr'>bonorum,</span> <span class='ocrx_word' id='word_1_357' title='bbox 2696 1659 2815 1696; x_wconf 90' lang='lat' dir='ltr'>non</span> <span class='ocrx_word' id='word_1_358' title='bbox 2840 1642 3026 1712; x_wconf 85' lang='lat' dir='ltr'>ipsam</span> <span class='ocrx_word' id='word_1_359' title='bbox 3052 1658 3251 1695; x_wconf 89' lang='lat' dir='ltr'>rerum</span> <span class='ocrx_word' id='word_1_360' title='bbox 3269 1641 3586 1714; x_wconf 87' lang='lat' dir='ltr'>imaginem</span> <span class='ocrx_word' id='word_1_361' title='bbox 3605 1642 3668 1695; x_wconf 68' lang='lat'>3‘.</span> <span class='ocrx_word' id='word_1_362' title='bbox 3687 1660 3713 1693; x_wconf 74' lang='grc' dir='ltr'>ι</span> 
     </span>
    </p>
   </div>
   <div class='ocr_carea' id='block_1_47' title="bbox 2061 1728 3720 1802">
    <p class='ocr_par' dir='ltr' id='par_1_47' title="bbox 2061 1728 3720 1802">
     <span class='ocr_line' id='line_1_47' title="bbox 2061 1728 3720 1802; baseline 0.001 -19"><span class='ocrx_word' id='word_1_363' title='bbox 2061 1728 2393 1800; x_wconf 88' lang='lat' dir='ltr'>Imaginem</span> <span class='ocrx_word' id='word_1_364' title='bbox 2453 1730 2555 1786; x_wconf 89' lang='lat' dir='ltr'>Dei</span> <span class='ocrx_word' id='word_1_365' title='bbox 2608 1730 2966 1802; x_wconf 88' lang='lat' dir='ltr'>appellando</span> <span class='ocrx_word' id='word_1_366' title='bbox 3053 1730 3373 1798; x_wconf 88' lang='lat' dir='ltr'>Christum,</span> <span class='ocrx_word' id='word_1_367' title='bbox 3434 1736 3720 1799; x_wconf 86' lang='lat' dir='ltr'>tanquam</span> 
     </span>
    </p>
   </div>
   <div class='ocr_carea' id='block_1_48' title="bbox 2066 1818 3718 1890">
    <p class='ocr_par' dir='ltr' id='par_1_48' title="bbox 2066 1818 3718 1890">
     <span class='ocr_line' id='line_1_48' title="bbox 2066 1818 3718 1890; baseline -0.001 -17"><span class='ocrx_word' id='word_1_368' title='bbox 2066 1819 2246 1873; x_wconf 90' lang='lat' dir='ltr'>Deum</span> <span class='ocrx_word' id='word_1_369' title='bbox 2280 1819 2351 1873; x_wconf 90' lang='lat' dir='ltr'>de</span> <span class='ocrx_word' id='word_1_370' title='bbox 2372 1820 2510 1886; x_wconf 92' lang='lat' dir='ltr'>Deo,</span> <span class='ocrx_word' id='word_1_371' title='bbox 2533 1819 2828 1890; x_wconf 89' lang='lat' dir='ltr'>siquidem</span> <span class='ocrx_word' id='word_1_372' title='bbox 2857 1820 2916 1873; x_wconf 90' lang='lat' dir='ltr'>in</span> <span class='ocrx_word' id='word_1_373' title='bbox 2944 1836 3004 1874; x_wconf 91' lang='lat' dir='ltr'>se</span> <span class='ocrx_word' id='word_1_374' title='bbox 3030 1819 3156 1890; x_wconf 90' lang='lat' dir='ltr'>ipso</span> <span class='ocrx_word' id='word_1_375' title='bbox 3181 1818 3440 1874; x_wconf 84' lang='lat' dir='ltr'>ostendit</span> <span class='ocrx_word' id='word_1_376' title='bbox 3461 1819 3718 1887; x_wconf 88' lang='lat' dir='ltr'>Patrem,</span> 
     </span>
    </p>
   </div>
   <div class='ocr_carea' id='block_1_49' title="bbox 2067 1905 3621 1974">
    <p class='ocr_par' dir='ltr' id='par_1_49' title="bbox 2067 1905 3621 1974">
     <span class='ocr_line' id='line_1_49' title="bbox 2067 1905 3621 1974; baseline 0.001 -13"><span class='ocrx_word' id='word_1_377' title='bbox 2067 1908 2200 1964; x_wconf 89' lang='lat' dir='ltr'>ideo</span> <span class='ocrx_word' id='word_1_378' title='bbox 2232 1909 2360 1963; x_wconf 87' lang='lat' dir='ltr'>ait:</span> <span class='ocrx_word' id='word_1_379' title='bbox 2397 1929 2417 1957; x_wconf 80' lang='grc' dir='ltr'>ι</span> <span class='ocrx_word' id='word_1_380' title='bbox 2450 1908 2557 1974; x_wconf 89' lang='lat' dir='ltr'>Qui</span> <span class='ocrx_word' id='word_1_381' title='bbox 2618 1909 2763 1963; x_wconf 89' lang='lat' dir='ltr'>vidit</span> <span class='ocrx_word' id='word_1_382' title='bbox 2821 1925 2937 1971; x_wconf 88' lang='lat' dir='ltr'>me,</span> <span class='ocrx_word' id='word_1_383' title='bbox 2998 1908 3142 1963; x_wconf 83' lang='lat' dir='ltr'>vidit</span> <span class='ocrx_word' id='word_1_384' title='bbox 3190 1910 3422 1963; x_wconf 88' lang='lat' dir='ltr'>Patrem</span> <span class='ocrx_word' id='word_1_385' title='bbox 3473 1905 3539 1962; x_wconf 83' lang='grc'>³⁵.</span> <span class='ocrx_word' id='word_1_386' title='bbox 3594 1930 3621 1956; x_wconf 89' lang='lat'><em>»</em></span> 
     </span>
    </p>
   </div>
   <div class='ocr_carea' id='block_1_50' title="bbox 2069 1995 3724 2070">
    <p class='ocr_par' dir='ltr' id='par_1_50' title="bbox 2069 1995 3724 2070">
     <span class='ocr_line' id='line_1_50' title="bbox 2069 1995 3724 2070; baseline -0.001 -18"><span class='ocrx_word' id='word_1_387' title='bbox 2069 2019 2097 2047; x_wconf 78' lang='grc' dir='ltr'>ιι</span> <span class='ocrx_word' id='word_1_388' title='bbox 2134 1999 2260 2052; x_wconf 87' lang='lat' dir='ltr'>Non</span> <span class='ocrx_word' id='word_1_389' title='bbox 2292 1997 2451 2052; x_wconf 91' lang='lat' dir='ltr'>enim</span> <span class='ocrx_word' id='word_1_390' title='bbox 2482 1998 2758 2070; x_wconf 88' lang='lat' dir='ltr'>nosipsos</span> <span class='ocrx_word' id='word_1_391' title='bbox 2812 1998 3225 2069; x_wconf 73' lang='lat' dir='ltr'>prmdicamus.</span> <span class='ocrx_word' id='word_1_392' title='bbox 3262 2018 3290 2045; x_wconf 71' lang='grc' dir='ltr'>ι»</span> <span class='ocrx_word' id='word_1_393' title='bbox 3324 1996 3604 2068; x_wconf 89' lang='lat' dir='ltr'>Superius</span> <span class='ocrx_word' id='word_1_394' title='bbox 3638 1995 3724 2051; x_wconf 75' lang='lat' dir='ltr'>di—</span> 
     </span>
    </p>
   </div>
   <div class='ocr_carea' id='block_1_51' title="bbox 2069 2085 3722 2158">
    <p class='ocr_par' dir='ltr' id='par_1_51' title="bbox 2069 2085 3722 2158">
     <span class='ocr_line' id='line_1_51' title="bbox 2069 2085 3722 2158; baseline 0 -17"><span class='ocrx_word' id='word_1_395' title='bbox 2069 2087 2191 2141; x_wconf 83' lang='lat' dir='ltr'>xit:</span> <span class='ocrx_word' id='word_1_396' title='bbox 2236 2108 2263 2136; x_wconf 79' lang='grc' dir='ltr'>ι(</span> <span class='ocrx_word' id='word_1_397' title='bbox 2296 2088 2422 2141; x_wconf 77' lang='lat' dir='ltr'>Non</span> <span class='ocrx_word' id='word_1_398' title='bbox 2476 2092 2778 2142; x_wconf 86' lang='lat' dir='ltr'>versantes</span> <span class='ocrx_word' id='word_1_399' title='bbox 2818 2103 2923 2158; x_wconf 90' lang='lat' dir='ltr'>per</span> <span class='ocrx_word' id='word_1_400' title='bbox 2970 2086 3273 2153; x_wconf 87' lang='lat' dir='ltr'>astutiam,</span> <span class='ocrx_word' id='word_1_401' title='bbox 3331 2102 3527 2155; x_wconf 89' lang='lat' dir='ltr'>neque</span> <span class='ocrx_word' id='word_1_402' title='bbox 3585 2085 3722 2141; x_wconf 92' lang='lat' dir='ltr'>dolo</span> 
     </span>
    </p>
   </div>
   <div class='ocr_carea' id='block_1_52' title="bbox 2065 2177 3723 2244">
    <p class='ocr_par' dir='ltr' id='par_1_52' title="bbox 2065 2177 3723 2244">
     <span class='ocr_line' id='line_1_52' title="bbox 2065 2177 3723 2244; baseline 0 -11"><span class='ocrx_word' id='word_1_403' title='bbox 2065 2183 2392 2235; x_wconf 84' lang='lat' dir='ltr'>tractantes</span> <span class='ocrx_word' id='word_1_404' title='bbox 2446 2180 2689 2234; x_wconf 89' lang='lat' dir='ltr'>verbum</span> <span class='ocrx_word' id='word_1_405' title='bbox 2725 2179 2848 2236; x_wconf 90' lang='lat' dir='ltr'>Dei.</span> <span class='ocrx_word' id='word_1_406' title='bbox 2886 2201 2913 2227; x_wconf 84' lang='lat'>»</span> <span class='ocrx_word' id='word_1_407' title='bbox 2972 2178 3278 2244; x_wconf 91' lang='lat' dir='ltr'>Quomodo</span> <span class='ocrx_word' id='word_1_408' title='bbox 3303 2177 3331 2232; x_wconf 68' lang='lat'>‘1</span> <span class='ocrx_word' id='word_1_409' title='bbox 3379 2203 3404 2228; x_wconf 78' lang='grc' dir='ltr'>ιι</span> <span class='ocrx_word' id='word_1_410' title='bbox 3437 2178 3585 2244; x_wconf 89' lang='lat' dir='ltr'>Quia</span> <span class='ocrx_word' id='word_1_411' title='bbox 3613 2194 3723 2233; x_wconf 91' lang='lat' dir='ltr'>nos</span> 
     </span>
    </p>
   </div>
   <div class='ocr_carea' id='block_1_53' title="bbox 2072 2266 3723 2340">
    <p class='ocr_par' dir='ltr' id='par_1_53' title="bbox 2072 2266 3723 2340">
     <span class='ocr_line' id='line_1_53' title="bbox 2072 2266 3723 2340; baseline 0 -18"><span class='ocrx_word' id='word_1_412' title='bbox 2072 2267 2234 2339; x_wconf 89' lang='lat' dir='ltr'>ipsos</span> <span class='ocrx_word' id='word_1_413' title='bbox 2264 2285 2384 2322; x_wconf 90' lang='lat' dir='ltr'>non</span> <span class='ocrx_word' id='word_1_414' title='bbox 2414 2266 2831 2340; x_wconf 64' lang='lat' dir='ltr'>prasdicamus,</span> <span class='ocrx_word' id='word_1_415' title='bbox 2894 2267 2997 2322; x_wconf 90' lang='lat' dir='ltr'>sed</span> <span class='ocrx_word' id='word_1_416' title='bbox 3037 2268 3336 2322; x_wconf 89' lang='lat' dir='ltr'>Christum</span> <span class='ocrx_word' id='word_1_417' title='bbox 3382 2267 3723 2333; x_wconf 85' lang='lat' dir='ltr'>Dominum,</span> 
     </span>
    </p>
   </div>
   <div class='ocr_carea' id='block_1_54' title="bbox 2072 2357 3723 2428">
    <p class='ocr_par' dir='ltr' id='par_1_54' title="bbox 2072 2357 3723 2428">
     <span class='ocr_line' id='line_1_54' title="bbox 2072 2357 3723 2428; baseline 0 -17"><span class='ocrx_word' id='word_1_418' title='bbox 2072 2373 2181 2411; x_wconf 91' lang='lat' dir='ltr'>nos</span> <span class='ocrx_word' id='word_1_419' title='bbox 2212 2357 2372 2428; x_wconf 91' lang='lat' dir='ltr'>ipsos</span> <span class='ocrx_word' id='word_1_420' title='bbox 2403 2363 2599 2412; x_wconf 87' lang='lat' dir='ltr'>autem</span> <span class='ocrx_word' id='word_1_421' title='bbox 2633 2373 2828 2412; x_wconf 89' lang='lat' dir='ltr'>servos</span> <span class='ocrx_word' id='word_1_422' title='bbox 2872 2361 3099 2412; x_wconf 87' lang='lat' dir='ltr'>vestros</span> <span class='ocrx_word' id='word_1_423' title='bbox 3151 2362 3394 2428; x_wconf 88' lang='lat' dir='ltr'>propter</span> <span class='ocrx_word' id='word_1_424' title='bbox 3438 2357 3658 2413; x_wconf 80' lang='lat' dir='ltr'>Jesum.</span> <span class='ocrx_word' id='word_1_425' title='bbox 3695 2378 3723 2405; x_wconf 84' lang='lat'><strong><em>»</em></strong></span> 
     </span>
    </p>
   </div>
   <div class='ocr_carea' id='block_1_55' title="bbox 2074 2445 3723 2517">
    <p class='ocr_par' dir='ltr' id='par_1_55' title="bbox 2074 2445 3723 2517">
     <span class='ocr_line' id='line_1_55' title="bbox 2074 2445 3723 2517; baseline 0 -16"><span class='ocrx_word' id='word_1_426' title='bbox 2074 2446 2194 2501; x_wconf 87' lang='lat' dir='ltr'>Hoc</span> <span class='ocrx_word' id='word_1_427' title='bbox 2223 2461 2359 2501; x_wconf 86' lang='lat' dir='ltr'>vero</span> <span class='ocrx_word' id='word_1_428' title='bbox 2392 2445 2616 2511; x_wconf 88' lang='lat' dir='ltr'>dicens,</span> <span class='ocrx_word' id='word_1_429' title='bbox 2663 2446 2929 2517; x_wconf 87' lang='lat' dir='ltr'>ipsorum</span> <span class='ocrx_word' id='word_1_430' title='bbox 2987 2445 3258 2517; x_wconf 89' lang='lat' dir='ltr'>designat</span> <span class='ocrx_word' id='word_1_431' title='bbox 3309 2452 3723 2517; x_wconf 64' lang='lat' dir='ltr'>praeceptores,</span> 
     </span>
    </p>
   </div>
   <div class='ocr_carea' id='block_1_56' title="bbox 2075 2535 3727 2609">
    <p class='ocr_par' dir='ltr' id='par_1_56' title="bbox 2075 2535 3727 2609">
     <span class='ocr_line' id='line_1_56' title="bbox 2075 2535 3727 2609; baseline 0 -18"><span class='ocrx_word' id='word_1_432' title='bbox 2075 2535 2147 2591; x_wconf 92' lang='lat' dir='ltr'>de</span> <span class='ocrx_word' id='word_1_433' title='bbox 2179 2535 2395 2606; x_wconf 80' lang='lat' dir='ltr'>quibus</span> <span class='ocrx_word' id='word_1_434' title='bbox 2428 2536 2667 2608; x_wconf 88' lang='lat' dir='ltr'>scripsit</span> <span class='ocrx_word' id='word_1_435' title='bbox 2694 2536 3031 2592; x_wconf 88' lang='lat' dir='ltr'>Corinthios</span> <span class='ocrx_word' id='word_1_436' title='bbox 3079 2535 3316 2591; x_wconf 89' lang='lat' dir='ltr'>dicere:</span> <span class='ocrx_word' id='word_1_437' title='bbox 3370 2558 3397 2586; x_wconf 82' lang='grc' dir='ltr'>ιι</span> <span class='ocrx_word' id='word_1_438' title='bbox 3432 2536 3546 2609; x_wconf 86' lang='lat' dir='ltr'>Ego</span> <span class='ocrx_word' id='word_1_439' title='bbox 3594 2536 3727 2607; x_wconf 89' lang='lat' dir='ltr'>qui-</span> 
     </span>
    </p>
   </div>
   <div class='ocr_carea' id='block_1_57' title="bbox 2075 2641 3728 2713">
    <p class='ocr_par' dir='ltr' id='par_1_57' title="bbox 2075 2641 3728 2713">
     <span class='ocr_line' id='line_1_57' title="bbox 2075 2641 3728 2713; baseline -0.001 -16"><span class='ocrx_word' id='word_1_440' title='bbox 2075 2641 2211 2697; x_wconf 89' lang='lat' dir='ltr'>dem</span> <span class='ocrx_word' id='word_1_441' title='bbox 2243 2658 2374 2698; x_wconf 91' lang='lat' dir='ltr'>sum</span> <span class='ocrx_word' id='word_1_442' title='bbox 2405 2643 2593 2709; x_wconf 87' lang='lat' dir='ltr'>Pauli,</span> <span class='ocrx_word' id='word_1_443' title='bbox 2629 2659 2734 2712; x_wconf 84' lang='lat' dir='ltr'>ego</span> <span class='ocrx_word' id='word_1_444' title='bbox 2767 2648 2965 2698; x_wconf 89' lang='lat' dir='ltr'>autem</span> <span class='ocrx_word' id='word_1_445' title='bbox 3005 2642 3239 2713; x_wconf 85' lang='lat' dir='ltr'>Apollo,</span> <span class='ocrx_word' id='word_1_446' title='bbox 3291 2658 3396 2712; x_wconf 90' lang='lat' dir='ltr'>ego</span> <span class='ocrx_word' id='word_1_447' title='bbox 3449 2658 3585 2697; x_wconf 86' lang='lat' dir='ltr'>vero</span> <span class='ocrx_word' id='word_1_448' title='bbox 3629 2642 3728 2696; x_wconf 90' lang='lat' dir='ltr'>Ce-</span> 
     </span>
    </p>
   </div>
   <div class='ocr_carea' id='block_1_58' title="bbox 2076 2730 3345 2804">
    <p class='ocr_par' dir='ltr' id='par_1_58' title="bbox 2076 2730 3345 2804">
     <span class='ocr_line' id='line_1_58' title="bbox 2076 2730 3345 2804; baseline -0.002 -17"><span class='ocrx_word' id='word_1_449' title='bbox 2076 2731 2209 2803; x_wconf 73' lang='lat' dir='ltr'>phaa</span> <span class='ocrx_word' id='word_1_450' title='bbox 2239 2730 2307 2801; x_wconf 83' lang='grc'>³⁷,</span> <span class='ocrx_word' id='word_1_451' title='bbox 2340 2754 2369 2781; x_wconf 88' lang='grc'><strong>››</strong></span> <span class='ocrx_word' id='word_1_452' title='bbox 2400 2732 2502 2804; x_wconf 90' lang='lat' dir='ltr'>qui</span> <span class='ocrx_word' id='word_1_453' title='bbox 2536 2734 2713 2788; x_wconf 89' lang='lat' dir='ltr'>etiam</span> <span class='ocrx_word' id='word_1_454' title='bbox 2747 2731 3213 2788; x_wconf 87' lang='lat' dir='ltr'>dominabantur</span> <span class='ocrx_word' id='word_1_455' title='bbox 3237 2731 3345 2785; x_wconf 92' lang='lat' dir='ltr'>eis.</span> 
     </span>
    </p>
   </div>
   <div class='ocr_carea' id='block_1_59' title="bbox 2148 2835 3731 2911">
    <p class='ocr_par' dir='ltr' id='par_1_59' title="bbox 2148 2835 3731 2911">
     <span class='ocr_line' id='line_1_59' title="bbox 2148 2835 3731 2911; baseline -0.005 -16"><span class='ocrx_word' id='word_1_456' title='bbox 2148 2842 2242 2911; x_wconf 82' lang='grc' dir='ltr'>ιν,</span> <span class='ocrx_word' id='word_1_457' title='bbox 2274 2845 2326 2896; x_wconf 91' lang='lat'>6.</span> <span class='ocrx_word' id='word_1_458' title='bbox 2360 2842 2390 2895; x_wconf 87' lang='lat'>3</span> <span class='ocrx_word' id='word_1_459' title='bbox 2422 2842 2696 2906; x_wconf 82' lang='lat' dir='ltr'>Quoniam</span> <span class='ocrx_word' id='word_1_460' title='bbox 2728 2845 2868 2895; x_wconf 87' lang='lat' dir='ltr'>Deus</span> <span class='ocrx_word' id='word_1_461' title='bbox 2925 2839 3023 2908; x_wconf 86' lang='lat' dir='ltr'>qui</span> <span class='ocrx_word' id='word_1_462' title='bbox 3062 2839 3233 2907; x_wconf 81' lang='lat' dir='ltr'>jussit</span> <span class='ocrx_word' id='word_1_463' title='bbox 3285 2852 3312 2889; x_wconf 75' lang='grc' dir='ltr'><strong><em>θ</em></strong></span> <span class='ocrx_word' id='word_1_464' title='bbox 3360 2837 3592 2890; x_wconf 78' lang='lat' dir='ltr'>tenebris</span> <span class='ocrx_word' id='word_1_465' title='bbox 3648 2835 3731 2888; x_wconf 80' lang='lat' dir='ltr'>lu-</span> 
     </span>
    </p>
   </div>
   <div class='ocr_carea' id='block_1_60' title="bbox 2079 2925 3731 2996">
    <p class='ocr_par' dir='ltr' id='par_1_60' title="bbox 2079 2925 3731 2996">
     <span class='ocr_line' id='line_1_60' title="bbox 2079 2925 3731 2996; baseline -0.005 -10"><span class='ocrx_word' id='word_1_466' title='bbox 2079 2947 2193 2986; x_wconf 85' lang='lat' dir='ltr'>cem</span> <span class='ocrx_word' id='word_1_467' title='bbox 2222 2932 2551 2991; x_wconf 81' lang='lat' dir='ltr'>illucescere,</span> <span class='ocrx_word' id='word_1_468' title='bbox 2585 2935 2662 2983; x_wconf 84' lang='lat' dir='ltr'>est</span> <span class='ocrx_word' id='word_1_469' title='bbox 2720 2930 2786 2991; x_wconf 88' lang='lat' dir='ltr'>is,</span> <span class='ocrx_word' id='word_1_470' title='bbox 2838 2926 2939 2996; x_wconf 87' lang='lat' dir='ltr'>qui</span> <span class='ocrx_word' id='word_1_471' title='bbox 2985 2926 3177 2980; x_wconf 64' lang='lat' dir='ltr'>illuxit</span> <span class='ocrx_word' id='word_1_472' title='bbox 3222 2927 3281 2978; x_wconf 88' lang='lat' dir='ltr'>in</span> <span class='ocrx_word' id='word_1_473' title='bbox 3323 2925 3577 2979; x_wconf 81' lang='lat' dir='ltr'>cordibus</span> <span class='ocrx_word' id='word_1_474' title='bbox 3622 2939 3731 2978; x_wconf 86' lang='lat' dir='ltr'>no-</span> 
     </span>
    </p>
   </div>
   <div class='ocr_carea' id='block_1_61' title="bbox 2078 3012 3730 3083">
    <p class='ocr_par' dir='ltr' id='par_1_61' title="bbox 2078 3012 3730 3083">
     <span class='ocr_line' id='line_1_61' title="bbox 2078 3012 3730 3083; baseline -0.004 -10"><span class='ocrx_word' id='word_1_475' title='bbox 2078 3021 2208 3073; x_wconf 80' lang='lat' dir='ltr'>stris</span> <span class='ocrx_word' id='word_1_476' title='bbox 2257 3018 2333 3071; x_wconf 85' lang='lat' dir='ltr'>ad</span> <span class='ocrx_word' id='word_1_477' title='bbox 2386 3015 2846 3070; x_wconf 73' lang='lat' dir='ltr'>illumnationem</span> <span class='ocrx_word' id='word_1_478' title='bbox 2902 3015 3234 3083; x_wconf 78' lang='lat' dir='ltr'>cognitionis</span> <span class='ocrx_word' id='word_1_479' title='bbox 3290 3012 3481 3081; x_wconf 56' lang='lat' dir='ltr'>gloriae</span> <span class='ocrx_word' id='word_1_480' title='bbox 3523 3013 3620 3067; x_wconf 88' lang='lat' dir='ltr'>Dei</span> <span class='ocrx_word' id='word_1_481' title='bbox 3667 3014 3730 3068; x_wconf 84' lang='lat' dir='ltr'>in</span> 
     </span>
    </p>
   </div>
   <div class='ocr_carea' id='block_1_62' title="bbox 2079 3103 2633 3175">
    <p class='ocr_par' dir='ltr' id='par_1_62' title="bbox 2079 3103 2633 3175">
     <span class='ocr_line' id='line_1_62' title="bbox 2079 3103 2633 3175; baseline -0.005 -14"><span class='ocrx_word' id='word_1_482' title='bbox 2079 3108 2225 3175; x_wconf 80' lang='lat' dir='ltr'>facie</span> <span class='ocrx_word' id='word_1_483' title='bbox 2250 3107 2377 3161; x_wconf 81' lang='lat' dir='ltr'>Jesu</span> <span class='ocrx_word' id='word_1_484' title='bbox 2407 3103 2633 3159; x_wconf 79' lang='lat' dir='ltr'>Christi.</span> 
     </span>
    </p>
   </div>
   <div class='ocr_carea' id='block_1_63' title="bbox 401 3209 1974 3337">
    <p class='ocr_par' dir='ltr' id='par_1_63' title="bbox 401 3246 1971 3337">
     <span class='ocr_line' id='line_1_63' title="bbox 401 3246 1971 3337; baseline -0.014 -17"><span class='ocrx_word' id='word_1_485' title='bbox 401 3264 500 3321; x_wconf 82' lang='grc' dir='ltr'>Διᾶ</span> <span class='ocrx_word' id='word_1_486' title='bbox 523 3263 576 3318; x_wconf 85' lang='grc' dir='ltr'>τί</span> <span class='ocrx_word' id='word_1_487' title='bbox 606 3262 783 3337; x_wconf 80' lang='grc' dir='ltr'>λέγεις</span> <span class='ocrx_word' id='word_1_488' title='bbox 843 3258 1035 3313; x_wconf 86' lang='grc' dir='ltr'>σαυτὸν</span> <span class='ocrx_word' id='word_1_489' title='bbox 1082 3253 1282 3310; x_wconf 89' lang='grc' dir='ltr'>δοῦλον</span> <span class='ocrx_word' id='word_1_490' title='bbox 1327 3255 1525 3325; x_wconf 76' lang='grc' dir='ltr'>ἡμῶν;</span> <span class='ocrx_word' id='word_1_491' title='bbox 1575 3248 1728 3327; x_wconf 80' lang='grc' dir='ltr'>φησί.</span> <span class='ocrx_word' id='word_1_492' title='bbox 1782 3246 1971 3337; x_wconf 74' lang='grc' dir='ltr'>Διατίς</span> 
     </span>
    </p>
   </div>
   <div class='ocr_carea' id='block_1_64' title="bbox 2084 3209 3735 3337">
    <p class='ocr_par' dir='ltr' id='par_1_64' title="bbox 2156 3234 3735 3310">
     <span class='ocr_line' id='line_1_64' title="bbox 2156 3234 3735 3310; baseline -0.004 -16"><span class='ocrx_word' id='word_1_493' title='bbox 2156 3242 2345 3305; x_wconf 89' lang='lat' dir='ltr'>Quare</span> <span class='ocrx_word' id='word_1_494' title='bbox 2377 3239 2631 3310; x_wconf 89' lang='lat' dir='ltr'>teipsum</span> <span class='ocrx_word' id='word_1_495' title='bbox 2661 3238 2810 3293; x_wconf 91' lang='lat' dir='ltr'>dicis</span> <span class='ocrx_word' id='word_1_496' title='bbox 2842 3252 3071 3291; x_wconf 83' lang='lat' dir='ltr'>servum</span> <span class='ocrx_word' id='word_1_497' title='bbox 3126 3241 3398 3291; x_wconf 91' lang='lat' dir='ltr'>nostrum</span> <span class='ocrx_word' id='word_1_498' title='bbox 3419 3234 3448 3289; x_wconf 67' lang='grc' dir='ltr'><strong><em>Ἰ</em></strong></span> <span class='ocrx_word' id='word_1_499' title='bbox 3500 3234 3735 3299; x_wconf 80' lang='lat' dir='ltr'>Quare?</span> 
     </span>
    </p>
   </div>
   <div class='ocr_carea' id='block_1_65' title="bbox 322 3330 1976 3425">
    <p class='ocr_par' dir='ltr' id='par_1_65' title="bbox 322 3330 1976 3425">
     <span class='ocr_line' id='line_1_65' title="bbox 322 3330 1976 3425; baseline -0.014 -14"><span class='ocrx_word' id='word_1_500' title='bbox 322 3357 452 3413; x_wconf 85' lang='grc' dir='ltr'>’Ὁτι</span> <span class='ocrx_word' id='word_1_501' title='bbox 482 3330 791 3425; x_wconf 73' lang='grc' dir='ltr'>πεφίλησθε</span> <span class='ocrx_word' id='word_1_502' title='bbox 817 3349 963 3423; x_wconf 79' lang='grc' dir='ltr'>παρὰ</span> <span class='ocrx_word' id='word_1_503' title='bbox 993 3350 1090 3401; x_wconf 90' lang='grc' dir='ltr'>τοῦ</span> <span class='ocrx_word' id='word_1_504' title='bbox 1149 3347 1285 3399; x_wconf 82' lang='grc' dir='ltr'>θεοῦ</span> <span class='ocrx_word' id='word_1_505' title='bbox 1338 3362 1463 3412; x_wconf 87' lang='grc' dir='ltr'>μου.</span> <span class='ocrx_word' id='word_1_506' title='bbox 1515 3337 1689 3398; x_wconf 85' lang='grc' dir='ltr'>Αὐτὸς</span> <span class='ocrx_word' id='word_1_507' title='bbox 1735 3336 1838 3411; x_wconf 70' lang='grc' dir='ltr'>γὰρ</span> <span class='ocrx_word' id='word_1_508' title='bbox 1867 3335 1895 3389; x_wconf 85' lang='lat'>6</span> <span class='ocrx_word' id='word_1_509' title='bbox 1920 3330 1976 3388; x_wconf 69' lang='grc' dir='ltr'>ἰν</span> 
     </span>
    </p>
   </div>
   <div class='ocr_carea' id='block_1_66' title="bbox 328 3425 1978 3521">
    <p class='ocr_par' dir='ltr' id='par_1_66' title="bbox 328 3425 1978 3521">
     <span class='ocr_line' id='line_1_66' title="bbox 328 3425 1978 3521; baseline -0.015 -22"><span class='ocrx_word' id='word_1_510' title='bbox 328 3443 479 3521; x_wconf 79' lang='grc' dir='ltr'>ἆρχῇ</span> <span class='ocrx_word' id='word_1_511' title='bbox 509 3449 610 3510; x_wconf 73' lang='grc' dir='ltr'>τῆς</span> <span class='ocrx_word' id='word_1_512' title='bbox 638 3440 865 3499; x_wconf 77' lang='grc' dir='ltr'>κτίσεως</span> <span class='ocrx_word' id='word_1_513' title='bbox 907 3436 1097 3502; x_wconf 75' lang='grc' dir='ltr'>εἰπὼν,</span> <span class='ocrx_word' id='word_1_514' title='bbox 1147 3430 1532 3521; x_wconf 32' lang='grc' dir='ltr'>ἀπὸῌσκότους</span> <span class='ocrx_word' id='word_1_515' title='bbox 1568 3425 1791 3521; x_wconf 71' lang='grc' dir='ltr'>λάμψαι</span> <span class='ocrx_word' id='word_1_516' title='bbox 1841 3426 1978 3502; x_wconf 74' lang='grc' dir='ltr'>φῶς,</span> 
     </span>
    </p>
   </div>
   <div class='ocr_carea' id='block_1_67' title="bbox 328 3515 1979 3607">
    <p class='ocr_par' dir='ltr' id='par_1_67' title="bbox 328 3515 1979 3607">
     <span class='ocr_line' id='line_1_67' title="bbox 328 3515 1979 3607; baseline -0.015 -17"><span class='ocrx_word' id='word_1_517' title='bbox 328 3515 661 3607; x_wconf 35' lang='grc' dir='ltr'>ὅς’ἓλαμψε,</span> <span class='ocrx_word' id='word_1_518' title='bbox 689 3526 986 3595; x_wconf 76' lang='grc' dir='ltr'>τουτέστιν,</span> <span class='ocrx_word' id='word_1_519' title='bbox 1044 3522 1209 3586; x_wconf 76' lang='grc' dir='ltr'>οὗτος</span> <span class='ocrx_word' id='word_1_520' title='bbox 1261 3515 1530 3607; x_wconf 58' lang='grc' dir='ltr'>ἔλαμψενΔ</span> <span class='ocrx_word' id='word_1_521' title='bbox 1563 3515 1613 3571; x_wconf 83' lang='grc' dir='ltr'>ἐν</span> <span class='ocrx_word' id='word_1_522' title='bbox 1671 3519 1793 3575; x_wconf 87' lang='grc' dir='ltr'>ταῖς</span> <span class='ocrx_word' id='word_1_523' title='bbox 1847 3531 1979 3607; x_wconf 49' lang='grc' dir='ltr'>καρῖ</span> 
     </span>
    </p>
   </div>
   <div class='ocr_carea' id='block_1_68' title="bbox 330 3600 1982 3693">
    <p class='ocr_par' dir='ltr' id='par_1_68' title="bbox 330 3600 1982 3693">
     <span class='ocr_line' id='line_1_68' title="bbox 330 3600 1982 3693; baseline -0.015 -15"><span class='ocrx_word' id='word_1_524' title='bbox 330 3621 475 3685; x_wconf 82' lang='grc' dir='ltr'>δίαις</span> <span class='ocrx_word' id='word_1_525' title='bbox 502 3600 687 3693; x_wconf 68' lang='grc' dir='ltr'>ημῶν.</span> <span class='ocrx_word' id='word_1_526' title='bbox 727 3616 985 3688; x_wconf 81' lang='grc' dir='ltr'>Ἕλαμψε</span> <span class='ocrx_word' id='word_1_527' title='bbox 1042 3610 1119 3681; x_wconf 72' lang='grc' dir='ltr'>δὲ,</span> <span class='ocrx_word' id='word_1_528' title='bbox 1178 3610 1334 3690; x_wconf 74' lang='grc' dir='ltr'>φησὶ,</span> <span class='ocrx_word' id='word_1_529' title='bbox 1393 3605 1643 3693; x_wconf 79' lang='grc' dir='ltr'>φωτίζων</span> <span class='ocrx_word' id='word_1_530' title='bbox 1700 3605 1835 3677; x_wconf 69' lang='grc' dir='ltr'>ἡμῖν</span> <span class='ocrx_word' id='word_1_531' title='bbox 1890 3600 1982 3655; x_wconf 79' lang='grc' dir='ltr'>καὶ</span> 
     </span>
    </p>
   </div>
   <div class='ocr_carea' id='block_1_69' title="bbox 330 3692 1982 3778">
    <p class='ocr_par' dir='ltr' id='par_1_69' title="bbox 330 3692 1982 3778">
     <span class='ocr_line' id='line_1_69' title="bbox 330 3692 1982 3778; baseline -0.015 -9"><span class='ocrx_word' id='word_1_532' title='bbox 330 3710 715 3769; x_wconf 68' lang='grc' dir='ltr'>ἀποκαλύπτον</span> <span class='ocrx_word' id='word_1_533' title='bbox 775 3708 876 3777; x_wconf 77' lang='grc' dir='ltr'>τὴν</span> <span class='ocrx_word' id='word_1_534' title='bbox 939 3702 1078 3759; x_wconf 78' lang='grc' dir='ltr'>ἰδίαν</span> <span class='ocrx_word' id='word_1_535' title='bbox 1164 3704 1365 3778; x_wconf 88' lang='grc' dir='ltr'>γνῶσιν</span> <span class='ocrx_word' id='word_1_536' title='bbox 1424 3697 1514 3752; x_wconf 76' lang='grc' dir='ltr'>καὶ</span> <span class='ocrx_word' id='word_1_537' title='bbox 1573 3692 1750 3765; x_wconf 79' lang='grc' dir='ltr'>δόξαν.</span> <span class='ocrx_word' id='word_1_538' title='bbox 1812 3717 1840 3744; x_wconf 88' lang='grc' dir='ltr'>ιι</span> <span class='ocrx_word' id='word_1_539' title='bbox 1894 3697 1982 3747; x_wconf 75' lang='grc' dir='ltr'>Ἦν</span> 
     </span>
    </p>
   </div>
   <div class='ocr_carea' id='block_1_70' title="bbox 331 3781 1983 3878">
    <p class='ocr_par' dir='ltr' id='par_1_70' title="bbox 331 3781 1983 3878">
     <span class='ocr_line' id='line_1_70' title="bbox 331 3781 1983 3878; baseline -0.016 -18"><span class='ocrx_word' id='word_1_540' title='bbox 331 3801 618 3878; x_wconf 78' lang='grc' dir='ltr'>προσώπῳ</span> <span class='ocrx_word' id='word_1_541' title='bbox 646 3800 836 3869; x_wconf 87' lang='grc' dir='ltr'>Ἰησοῦ</span> <span class='ocrx_word' id='word_1_542' title='bbox 865 3795 1128 3870; x_wconf 84' lang='grc' dir='ltr'>Χριστοῦ.</span> <span class='ocrx_word' id='word_1_543' title='bbox 1163 3814 1191 3842; x_wconf 86' lang='grc'><strong>››</strong></span> <span class='ocrx_word' id='word_1_544' title='bbox 1221 3786 1505 3850; x_wconf 85' lang='grc' dir='ltr'>Τουτέστι,</span> <span class='ocrx_word' id='word_1_545' title='bbox 1541 3781 1631 3839; x_wconf 69' lang='grc' dir='ltr'>διὰ</span> <span class='ocrx_word' id='word_1_546' title='bbox 1659 3786 1757 3839; x_wconf 82' lang='grc' dir='ltr'>τοῦ</span> <span class='ocrx_word' id='word_1_547' title='bbox 1814 3801 1983 3855; x_wconf 89' lang='grc' dir='ltr'>προσ-</span> 
     </span>
    </p>
   </div>
   <div class='ocr_carea' id='block_1_71' title="bbox 337 3868 1987 3962">
    <p class='ocr_par' dir='ltr' id='par_1_71' title="bbox 337 3868 1987 3962">
     <span class='ocr_line' id='line_1_71' title="bbox 337 3868 1987 3962; baseline -0.016 -14"><span class='ocrx_word' id='word_1_548' title='bbox 337 3868 492 3948; x_wconf 52' lang='grc' dir='ltr'>ιίίπου</span> <span class='ocrx_word' id='word_1_549' title='bbox 520 3868 618 3945; x_wconf 88' lang='grc' dir='ltr'>τοῦ</span> <span class='ocrx_word' id='word_1_550' title='bbox 648 3868 1048 3962; x_wconf 45' lang='grc' dir='ltr'>ΧριστοῦξΔιὰ</span> <span class='ocrx_word' id='word_1_551' title='bbox 1108 3879 1211 3955; x_wconf 71' lang='grc' dir='ltr'>γὰρ</span> <span class='ocrx_word' id='word_1_552' title='bbox 1268 3881 1364 3933; x_wconf 91' lang='grc' dir='ltr'>τοῦ</span> <span class='ocrx_word' id='word_1_553' title='bbox 1422 3875 1552 3962; x_wconf 78' lang='grc' dir='ltr'>Υἱοῦ</span> <span class='ocrx_word' id='word_1_554' title='bbox 1618 3875 1752 3962; x_wconf 46' lang='grc' dir='ltr'>ἡμῖν</span> <span class='ocrx_word' id='word_1_555' title='bbox 1785 3872 1821 3941; x_wconf 76' lang='grc' dir='ltr'>ἡ</span> <span class='ocrx_word' id='word_1_556' title='bbox 1853 3868 1987 3962; x_wconf 72' lang='grc' dir='ltr'>αλη-</span> 
     </span>
    </p>
   </div>
   <div class='ocr_carea' id='block_1_72' title="bbox 336 3959 1986 4057">
    <p class='ocr_par' dir='ltr' id='par_1_72' title="bbox 336 3959 1986 4057">
     <span class='ocr_line' id='line_1_72' title="bbox 336 3959 1986 4057; baseline -0.021 -11"><span class='ocrx_word' id='word_1_557' title='bbox 336 3984 436 4052; x_wconf 67' lang='grc' dir='ltr'>θὴς</span> <span class='ocrx_word' id='word_1_558' title='bbox 466 3983 665 4057; x_wconf 68' lang='grc' dir='ltr'>γνῶσις</span> <span class='ocrx_word' id='word_1_559' title='bbox 697 3959 795 4032; x_wconf 73' lang='grc' dir='ltr'>τοῦ</span> <span class='ocrx_word' id='word_1_560' title='bbox 831 3972 1061 4047; x_wconf 86' lang='grc' dir='ltr'>ΙΙατρὸς,</span> <span class='ocrx_word' id='word_1_561' title='bbox 1092 3969 1272 4033; x_wconf 81' lang='grc' dir='ltr'>καθὼς</span> <span class='ocrx_word' id='word_1_562' title='bbox 1304 3964 1465 4025; x_wconf 79' lang='grc' dir='ltr'>αὐτὸς</span> <span class='ocrx_word' id='word_1_563' title='bbox 1512 3961 1666 4039; x_wconf 69' lang='grc' dir='ltr'>λέγει</span> <span class='ocrx_word' id='word_1_564' title='bbox 1717 3960 1771 4015; x_wconf 74' lang='grc' dir='ltr'>ἰν</span> <span class='ocrx_word' id='word_1_565' title='bbox 1814 3959 1986 4057; x_wconf 71' lang='grc' dir='ltr'>Εὐαγῖ</span> 
     </span>
    </p>
   </div>
   <div class='ocr_carea' id='block_1_73' title="bbox 342 4047 1992 4147">
    <p class='ocr_par' dir='ltr' id='par_1_73' title="bbox 342 4047 1992 4147">
     <span class='ocr_line' id='line_1_73' title="bbox 342 4047 1992 4147; baseline -0.016 -21"><span class='ocrx_word' id='word_1_566' title='bbox 342 4047 554 4147; x_wconf 70' lang='grc' dir='ltr'>γελίόις</span> <span class='ocrx_word' id='word_1_567' title='bbox 620 4066 758 4141; x_wconf 87' lang='grc' dir='ltr'>πρὸς</span> <span class='ocrx_word' id='word_1_568' title='bbox 812 4064 905 4118; x_wconf 85' lang='grc' dir='ltr'>τὸν</span> <span class='ocrx_word' id='word_1_569' title='bbox 966 4059 1196 4133; x_wconf 67' lang='grc' dir='ltr'>Πατέρα,</span> <span class='ocrx_word' id='word_1_570' title='bbox 1259 4079 1287 4107; x_wconf 89' lang='grc' dir='ltr'>ιι</span> <span class='ocrx_word' id='word_1_571' title='bbox 1347 4050 1697 4131; x_wconf 67' lang='grc' dir='ltr'>Ἐφανέρωσά</span> <span class='ocrx_word' id='word_1_572' title='bbox 1780 4068 1876 4102; x_wconf 87' lang='grc' dir='ltr'>σου</span> <span class='ocrx_word' id='word_1_573' title='bbox 1928 4047 1992 4101; x_wconf 84' lang='grc' dir='ltr'>τὸ</span> 
     </span>
    </p>
   </div>
   <div class='ocr_carea' id='block_1_74' title="bbox 345 4138 1993 4235">
    <p class='ocr_par' dir='ltr' id='par_1_74' title="bbox 345 4138 1993 4235">
     <span class='ocr_line' id='line_1_74' title="bbox 345 4138 1993 4235; baseline -0.017 -20"><span class='ocrx_word' id='word_1_574' title='bbox 345 4138 519 4235; x_wconf 64' lang='grc' dir='ltr'>ῦνομα</span> <span class='ocrx_word' id='word_1_575' title='bbox 546 4138 674 4216; x_wconf 79' lang='grc' dir='ltr'>τοῖς</span> <span class='ocrx_word' id='word_1_576' title='bbox 692 4152 1003 4219; x_wconf 79' lang='grc' dir='ltr'>ἀνθρώποις</span> <span class='ocrx_word' id='word_1_577' title='bbox 1032 4148 1124 4204; x_wconf 85' lang='grc' dir='ltr'>καὶ</span> <span class='ocrx_word' id='word_1_578' title='bbox 1153 4143 1377 4215; x_wconf 75' lang='grc' dir='ltr'>ἐδόξασᾶ</span> <span class='ocrx_word' id='word_1_579' title='bbox 1427 4163 1484 4197; x_wconf 90' lang='grc' dir='ltr'>σε</span> <span class='ocrx_word' id='word_1_580' title='bbox 1512 4138 1755 4235; x_wconf 49' lang='lat' dir='ltr'>inin-ni}:</span> <span class='ocrx_word' id='word_1_581' title='bbox 1804 4144 1927 4235; x_wconf 64' lang='grc' dir='ltr'>γῆςΞ</span> <span class='ocrx_word' id='word_1_582' title='bbox 1964 4159 1993 4187; x_wconf 89' lang='grc'><strong>››</strong></span> 
     </span>
    </p>
   </div>
   <div class='ocr_carea' id='block_1_75' title="bbox 347 4226 1996 4323">
    <p class='ocr_par' dir='ltr' id='par_1_75' title="bbox 347 4226 1996 4323">
     <span class='ocr_line' id='line_1_75' title="bbox 347 4226 1996 4323; baseline -0.018 -18"><span class='ocrx_word' id='word_1_583' title='bbox 347 4226 456 4308; x_wconf 58' lang='grc' dir='ltr'>Καί</span> <span class='ocrx_word' id='word_1_584' title='bbox 485 4244 795 4323; x_wconf 79' lang='grc' dir='ltr'>ἐφανερώθη</span> <span class='ocrx_word' id='word_1_585' title='bbox 833 4244 971 4312; x_wconf 76' lang='grc' dir='ltr'>ἡμῖν</span> <span class='ocrx_word' id='word_1_586' title='bbox 1028 4235 1117 4292; x_wconf 83' lang='grc' dir='ltr'>διὰ</span> <span class='ocrx_word' id='word_1_587' title='bbox 1180 4236 1388 4303; x_wconf 81' lang='grc' dir='ltr'>Ἰησοῦ.</span> <span class='ocrx_word' id='word_1_588' title='bbox 1441 4233 1561 4285; x_wconf 79' lang='grc' dir='ltr'>’Ὁτι</span> <span class='ocrx_word' id='word_1_589' title='bbox 1616 4226 1727 4282; x_wconf 77' lang='grc' dir='ltr'>ἔστι</span> <span class='ocrx_word' id='word_1_590' title='bbox 1786 4227 1996 4299; x_wconf 80' lang='grc' dir='ltr'>Πατὴρ,</span> 
     </span>
    </p>
   </div>
   <div class='ocr_carea' id='block_1_76' title="bbox 341 4318 1999 4397">
    <p class='ocr_par' dir='ltr' id='par_1_76' title="bbox 341 4318 1999 4397">
     <span class='ocr_line' id='line_1_76' title="bbox 341 4318 1999 4397; baseline -0.016 -5"><span class='ocrx_word' id='word_1_591' title='bbox 341 4337 432 4393; x_wconf 81' lang='grc' dir='ltr'>καὶ</span> <span class='ocrx_word' id='word_1_592' title='bbox 467 4318 553 4390; x_wconf 72' lang='grc' dir='ltr'>ὅτι</span> <span class='ocrx_word' id='word_1_593' title='bbox 584 4318 655 4388; x_wconf 2' lang='grc' dir='ltr'>οῦδ</span> <span class='ocrx_word' id='word_1_594' title='bbox 706 4329 794 4387; x_wconf 72' lang='grc' dir='ltr'>διὰ</span> <span class='ocrx_word' id='word_1_595' title='bbox 842 4330 1070 4397; x_wconf 88' lang='grc' dir='ltr'>κνίσσης</span> <span class='ocrx_word' id='word_1_596' title='bbox 1124 4322 1217 4380; x_wconf 84' lang='grc' dir='ltr'>καὶ</span> <span class='ocrx_word' id='word_1_597' title='bbox 1274 4321 1522 4393; x_wconf 74' lang='grc' dir='ltr'>αἱμάτων</span> <span class='ocrx_word' id='word_1_598' title='bbox 1582 4318 1999 4389; x_wconf 82' lang='grc' dir='ltr'>προσκυνεῖσθαι</span> 
     </span>
    </p>
   </div>
   <div class='ocr_carea' id='block_1_77' title="bbox 346 4400 2002 4502">
    <p class='ocr_par' dir='ltr' id='par_1_77' title="bbox 346 4400 2002 4502">
     <span class='ocr_line' id='line_1_77' title="bbox 346 4400 2002 4502; baseline -0.018 -20"><span class='ocrx_word' id='word_1_599' title='bbox 346 4423 631 4502; x_wconf 68' lang='grc' dir='ltr'>βούλεται,</span> <span class='ocrx_word' id='word_1_600' title='bbox 663 4421 751 4475; x_wconf 85' lang='grc' dir='ltr'>καὶ</span> <span class='ocrx_word' id='word_1_601' title='bbox 783 4418 867 4474; x_wconf 78' lang='grc' dir='ltr'>ὅτι</span> <span class='ocrx_word' id='word_1_602' title='bbox 897 4417 948 4473; x_wconf 77' lang='grc' dir='ltr'>ἐν</span> <span class='ocrx_word' id='word_1_603' title='bbox 983 4411 1181 4490; x_wconf 83' lang='grc' dir='ltr'>Τριάδι</span> <span class='ocrx_word' id='word_1_604' title='bbox 1244 4406 1527 4502; x_wconf 63' lang='grc' dir='ltr'>ὁμοουσίῳ</span> <span class='ocrx_word' id='word_1_605' title='bbox 1550 4404 1659 4502; x_wconf 54' lang='grc' dir='ltr'>καὶ</span> <span class='ocrx_word' id='word_1_606' title='bbox 1687 4400 2002 4502; x_wconf 50' lang='grc' dir='ltr'>ἷσοδυνξμῳ</span> 
     </span>
    </p>
   </div>
   <div class='ocr_carea' id='block_1_78' title="bbox 347 4490 2005 4588">
    <p class='ocr_par' dir='ltr' id='par_1_78' title="bbox 347 4490 2005 4588">
     <span class='ocr_line' id='line_1_78' title="bbox 347 4490 2005 4588; baseline -0.016 -19"><span class='ocrx_word' id='word_1_607' title='bbox 347 4490 701 4588; x_wconf 69' lang='grc' dir='ltr'>δρησκεῦεται</span> <span class='ocrx_word' id='word_1_608' title='bbox 733 4507 882 4568; x_wconf 90' lang='grc' dir='ltr'>Θεός.</span> <span class='ocrx_word' id='word_1_609' title='bbox 931 4505 1090 4563; x_wconf 82' lang='grc' dir='ltr'>’Ὁθεν</span> <span class='ocrx_word' id='word_1_610' title='bbox 1150 4506 1239 4555; x_wconf 87' lang='grc' dir='ltr'><strong>καί</strong></span> <span class='ocrx_word' id='word_1_611' title='bbox 1303 4494 1551 4571; x_wconf 80' lang='grc' dir='ltr'>μεγάλης</span> <span class='ocrx_word' id='word_1_612' title='bbox 1607 4492 1821 4567; x_wconf 85' lang='grc' dir='ltr'>ε”ρηται</span> <span class='ocrx_word' id='word_1_613' title='bbox 1882 4490 2005 4588; x_wconf 50' lang='lat' dir='ltr'>Eou-</span> 
     </span>
    </p>
   </div>
   <div class='ocr_carea' id='block_1_79' title="bbox 2086 3323 3736 3397">
    <p class='ocr_par' dir='ltr' id='par_1_79' title="bbox 2086 3323 3736 3397">
     <span class='ocr_line' id='line_1_79' title="bbox 2086 3323 3736 3397; baseline -0.004 -13"><span class='ocrx_word' id='word_1_614' title='bbox 2086 3329 2232 3395; x_wconf 89' lang='lat' dir='ltr'>Quia</span> <span class='ocrx_word' id='word_1_615' title='bbox 2253 3328 2436 3384; x_wconf 86' lang='lat' dir='ltr'>amati</span> <span class='ocrx_word' id='word_1_616' title='bbox 2455 3327 2839 3397; x_wconf 88' lang='lat' dir='ltr'>estis,inquit,</span> <span class='ocrx_word' id='word_1_617' title='bbox 2855 3343 2889 3382; x_wconf 90' lang='lat' dir='ltr'>a</span> <span class='ocrx_word' id='word_1_618' title='bbox 2910 3327 3025 3381; x_wconf 91' lang='lat' dir='ltr'>Deo</span> <span class='ocrx_word' id='word_1_619' title='bbox 3051 3341 3183 3380; x_wconf 92' lang='lat' dir='ltr'>meo</span> <span class='ocrx_word' id='word_1_620' title='bbox 3210 3326 3342 3396; x_wconf 87' lang='lat' dir='ltr'>Ipse</span> <span class='ocrx_word' id='word_1_621' title='bbox 3360 3325 3521 3379; x_wconf 90' lang='lat' dir='ltr'>enim</span> <span class='ocrx_word' id='word_1_622' title='bbox 3545 3324 3645 3394; x_wconf 89' lang='lat' dir='ltr'>qui</span> <span class='ocrx_word' id='word_1_623' title='bbox 3662 3323 3736 3378; x_wconf 90' lang='lat' dir='ltr'>ab</span> 
     </span>
    </p>
   </div>
   <div class='ocr_carea' id='block_1_80' title="bbox 2086 3409 3735 3489">
    <p class='ocr_par' dir='ltr' id='par_1_80' title="bbox 2086 3409 3735 3489">
     <span class='ocr_line' id='line_1_80' title="bbox 2086 3409 3735 3489; baseline -0.007 -16"><span class='ocrx_word' id='word_1_624' title='bbox 2086 3418 2259 3473; x_wconf 90' lang='lat' dir='ltr'>initio</span> <span class='ocrx_word' id='word_1_625' title='bbox 2275 3416 2457 3489; x_wconf 86' lang='lat' dir='ltr'>jussit</span> <span class='ocrx_word' id='word_1_626' title='bbox 2478 3422 2542 3470; x_wconf 90' lang='lat' dir='ltr'>ut</span> <span class='ocrx_word' id='word_1_627' title='bbox 2559 3432 2594 3471; x_wconf 92' lang='lat' dir='ltr'>a</span> <span class='ocrx_word' id='word_1_628' title='bbox 2618 3415 2882 3470; x_wconf 86' lang='lat' dir='ltr'>tenebris</span> <span class='ocrx_word' id='word_1_629' title='bbox 2901 3414 3001 3470; x_wconf 80' lang='lat' dir='ltr'>lux</span> <span class='ocrx_word' id='word_1_630' title='bbox 3018 3413 3417 3479; x_wconf 89' lang='lat' dir='ltr'>illucesceret,</span> <span class='ocrx_word' id='word_1_631' title='bbox 3449 3418 3539 3466; x_wconf 90' lang='lat' dir='ltr'>est</span> <span class='ocrx_word' id='word_1_632' title='bbox 3561 3411 3612 3466; x_wconf 91' lang='lat' dir='ltr'>is</span> <span class='ocrx_word' id='word_1_633' title='bbox 3633 3409 3735 3481; x_wconf 91' lang='lat' dir='ltr'>qui</span> 
     </span>
    </p>
   </div>
   <div class='ocr_carea' id='block_1_81' title="bbox 2089 3501 3736 3574">
    <p class='ocr_par' dir='ltr' id='par_1_81' title="bbox 2089 3501 3736 3574">
     <span class='ocr_line' id='line_1_81' title="bbox 2089 3501 3736 3574; baseline -0.005 -11"><span class='ocrx_word' id='word_1_634' title='bbox 2089 3508 2303 3568; x_wconf 82' lang='lat' dir='ltr'>illuxit.</span> <span class='ocrx_word' id='word_1_635' title='bbox 2337 3508 2449 3562; x_wconf 92' lang='lat' dir='ltr'>hoc</span> <span class='ocrx_word' id='word_1_636' title='bbox 2475 3512 2583 3574; x_wconf 87' lang='lat' dir='ltr'>est,</span> <span class='ocrx_word' id='word_1_637' title='bbox 2615 3507 2712 3561; x_wconf 92' lang='lat' dir='ltr'>hic</span> <span class='ocrx_word' id='word_1_638' title='bbox 2742 3506 2937 3561; x_wconf 85' lang='lat' dir='ltr'>illuxit</span> <span class='ocrx_word' id='word_1_639' title='bbox 2965 3505 3027 3559; x_wconf 90' lang='lat' dir='ltr'>in</span> <span class='ocrx_word' id='word_1_640' title='bbox 3058 3504 3336 3561; x_wconf 86' lang='lat' dir='ltr'>cordibus</span> <span class='ocrx_word' id='word_1_641' title='bbox 3353 3501 3736 3558; x_wconf 87' lang='lat' dir='ltr'>nostris.lllu-</span> 
     </span>
    </p>
   </div>
   <div class='ocr_carea' id='block_1_82' title="bbox 2090 3591 3750 3658">
    <p class='ocr_par' dir='ltr' id='par_1_82' title="bbox 2090 3591 3750 3658">
     <span class='ocr_line' id='line_1_82' title="bbox 2090 3591 3750 3658; baseline -0.004 -6"><span class='ocrx_word' id='word_1_642' title='bbox 2090 3598 2176 3653; x_wconf 82' lang='lat' dir='ltr'>xit</span> <span class='ocrx_word' id='word_1_643' title='bbox 2203 3602 2402 3652; x_wconf 91' lang='lat' dir='ltr'>autem</span> <span class='ocrx_word' id='word_1_644' title='bbox 2436 3596 2783 3651; x_wconf 89' lang='lat' dir='ltr'>illuminans</span> <span class='ocrx_word' id='word_1_645' title='bbox 2804 3612 2935 3658; x_wconf 86' lang='lat' dir='ltr'>nos,</span> <span class='ocrx_word' id='word_1_646' title='bbox 2955 3611 3021 3650; x_wconf 91' lang='lat' dir='ltr'>ac</span> <span class='ocrx_word' id='word_1_647' title='bbox 3049 3594 3322 3650; x_wconf 88' lang='lat' dir='ltr'>revelans</span> <span class='ocrx_word' id='word_1_648' title='bbox 3356 3593 3446 3648; x_wconf 88' lang='lat' dir='ltr'>sui</span> <span class='ocrx_word' id='word_1_649' title='bbox 3473 3591 3750 3647; x_wconf 90' lang='lat' dir='ltr'>notitiam</span> 
     </span>
    </p>
   </div>
   <div class='ocr_carea' id='block_1_83' title="bbox 2092 3683 3747 3757">
    <p class='ocr_par' dir='ltr' id='par_1_83' title="bbox 2092 3683 3747 3757">
     <span class='ocr_line' id='line_1_83' title="bbox 2092 3683 3747 3757; baseline -0.005 -15"><span class='ocrx_word' id='word_1_650' title='bbox 2092 3692 2150 3742; x_wconf 90' lang='lat' dir='ltr'>et</span> <span class='ocrx_word' id='word_1_651' title='bbox 2174 3686 2443 3757; x_wconf 86' lang='lat' dir='ltr'>gloriam.</span> <span class='ocrx_word' id='word_1_652' title='bbox 2479 3708 2505 3735; x_wconf 87' lang='grc' dir='ltr'>ιι</span> <span class='ocrx_word' id='word_1_653' title='bbox 2539 3685 2606 3740; x_wconf 94' lang='lat' dir='ltr'>In</span> <span class='ocrx_word' id='word_1_654' title='bbox 2639 3685 2786 3740; x_wconf 88' lang='lat' dir='ltr'>facie</span> <span class='ocrx_word' id='word_1_655' title='bbox 2816 3685 2953 3740; x_wconf 83' lang='lat' dir='ltr'>Jesu</span> <span class='ocrx_word' id='word_1_656' title='bbox 2982 3684 3217 3738; x_wconf 83' lang='lat' dir='ltr'>Christi.</span> <span class='ocrx_word' id='word_1_657' title='bbox 3254 3705 3280 3732; x_wconf 72' lang='grc' dir='ltr'>»ι</span> <span class='ocrx_word' id='word_1_658' title='bbox 3343 3683 3461 3736; x_wconf 84' lang='lat' dir='ltr'>Hoc</span> <span class='ocrx_word' id='word_1_659' title='bbox 3494 3686 3603 3739; x_wconf 87' lang='lat' dir='ltr'>est.</span> <span class='ocrx_word' id='word_1_660' title='bbox 3639 3694 3747 3751; x_wconf 90' lang='lat' dir='ltr'>per</span> 
     </span>
    </p>
   </div>
   <div class='ocr_carea' id='block_1_84' title="bbox 2091 3770 3748 3844">
    <p class='ocr_par' dir='ltr' id='par_1_84' title="bbox 2091 3770 3748 3844">
     <span class='ocr_line' id='line_1_84' title="bbox 2091 3770 3748 3844; baseline -0.005 -14"><span class='ocrx_word' id='word_1_661' title='bbox 2091 3774 2305 3830; x_wconf 86' lang='lat' dir='ltr'>faciem</span> <span class='ocrx_word' id='word_1_662' title='bbox 2336 3774 2565 3829; x_wconf 90' lang='lat' dir='ltr'>Christi.</span> <span class='ocrx_word' id='word_1_663' title='bbox 2604 3776 2748 3829; x_wconf 87' lang='lat' dir='ltr'>Nam</span> <span class='ocrx_word' id='word_1_664' title='bbox 2780 3790 2885 3844; x_wconf 90' lang='lat' dir='ltr'>per</span> <span class='ocrx_word' id='word_1_665' title='bbox 2911 3773 3123 3827; x_wconf 87' lang='lat' dir='ltr'>Filium</span> <span class='ocrx_word' id='word_1_666' title='bbox 3176 3770 3515 3841; x_wconf 89' lang='lat' dir='ltr'>accepimus</span> <span class='ocrx_word' id='word_1_667' title='bbox 3546 3783 3748 3822; x_wconf 90' lang='lat' dir='ltr'>veram</span> 
     </span>
    </p>
   </div>
   <div class='ocr_carea' id='block_1_85' title="bbox 2097 3855 3755 3936">
    <p class='ocr_par' dir='ltr' id='par_1_85' title="bbox 2097 3855 3755 3936">
     <span class='ocr_line' id='line_1_85' title="bbox 2097 3855 3755 3936; baseline -0.008 -15"><span class='ocrx_word' id='word_1_668' title='bbox 2097 3864 2288 3921; x_wconf 88' lang='lat' dir='ltr'>Patris</span> <span class='ocrx_word' id='word_1_669' title='bbox 2319 3863 2741 3936; x_wconf 85' lang='lat' dir='ltr'>cognitionem,</span> <span class='ocrx_word' id='word_1_670' title='bbox 2775 3858 3283 3933; x_wconf 86' lang='lat' dir='ltr'>quemadmodum</span> <span class='ocrx_word' id='word_1_671' title='bbox 3328 3857 3456 3927; x_wconf 89' lang='lat' dir='ltr'>ipse</span> <span class='ocrx_word' id='word_1_672' title='bbox 3506 3856 3651 3910; x_wconf 91' lang='lat' dir='ltr'>dicit</span> <span class='ocrx_word' id='word_1_673' title='bbox 3690 3855 3755 3909; x_wconf 88' lang='lat' dir='ltr'>in</span> 
     </span>
    </p>
   </div>
   <div class='ocr_carea' id='block_1_86' title="bbox 2098 3943 3747 4025">
    <p class='ocr_par' dir='ltr' id='par_1_86' title="bbox 2098 3943 3747 4025">
     <span class='ocr_line' id='line_1_86' title="bbox 2098 3943 3747 4025; baseline -0.006 -18"><span class='ocrx_word' id='word_1_674' title='bbox 2098 3952 2430 4025; x_wconf 88' lang='lat' dir='ltr'>Evangeliis</span> <span class='ocrx_word' id='word_1_675' title='bbox 2460 3950 2716 4022; x_wconf 87' lang='lat' dir='ltr'>loquens</span> <span class='ocrx_word' id='word_1_676' title='bbox 2746 3949 2821 4005; x_wconf 89' lang='lat' dir='ltr'>ad</span> <span class='ocrx_word' id='word_1_677' title='bbox 2870 3951 3106 4003; x_wconf 89' lang='lat' dir='ltr'>Patrem</span> <span class='ocrx_word' id='word_1_678' title='bbox 3133 3963 3145 4000; x_wconf 91' lang='lat'>:</span> <span class='ocrx_word' id='word_1_679' title='bbox 3184 3967 3207 3996; x_wconf 87' lang='grc' dir='ltr'>ιι</span> <span class='ocrx_word' id='word_1_680' title='bbox 3244 3943 3607 4000; x_wconf 84' lang='lat' dir='ltr'>Manifestavi</span> <span class='ocrx_word' id='word_1_681' title='bbox 3640 3960 3747 3998; x_wconf 89' lang='lat' dir='ltr'>no-</span> 
     </span>
    </p>
   </div>
   <div class='ocr_carea' id='block_1_87' title="bbox 2101 4034 3747 4109">
    <p class='ocr_par' dir='ltr' id='par_1_87' title="bbox 2101 4034 3747 4109">
     <span class='ocr_line' id='line_1_87' title="bbox 2101 4034 3747 4109; baseline -0.006 -11"><span class='ocrx_word' id='word_1_682' title='bbox 2101 4059 2239 4098; x_wconf 92' lang='lat' dir='ltr'>men</span> <span class='ocrx_word' id='word_1_683' title='bbox 2269 4048 2438 4096; x_wconf 88' lang='lat' dir='ltr'>tuum</span> <span class='ocrx_word' id='word_1_684' title='bbox 2472 4039 2838 4103; x_wconf 86' lang='lat' dir='ltr'>hominibus,</span> <span class='ocrx_word' id='word_1_685' title='bbox 2873 4044 2930 4091; x_wconf 91' lang='lat' dir='ltr'>et</span> <span class='ocrx_word' id='word_1_686' title='bbox 2957 4034 3279 4109; x_wconf 85' lang='lat' dir='ltr'>gloriﬁcavi</span> <span class='ocrx_word' id='word_1_687' title='bbox 3311 4041 3370 4089; x_wconf 90' lang='lat' dir='ltr'>te</span> <span class='ocrx_word' id='word_1_688' title='bbox 3419 4050 3598 4105; x_wconf 89' lang='lat' dir='ltr'>super</span> <span class='ocrx_word' id='word_1_689' title='bbox 3628 4039 3747 4089; x_wconf 88' lang='lat' dir='ltr'>ter-</span> 
     </span>
    </p>
   </div>
   <div class='ocr_carea' id='block_1_88' title="bbox 2102 4125 3756 4196">
    <p class='ocr_par' dir='ltr' id='par_1_88' title="bbox 2102 4125 3756 4196">
     <span class='ocr_line' id='line_1_88' title="bbox 2102 4125 3756 4196; baseline -0.005 -9"><span class='ocrx_word' id='word_1_690' title='bbox 2102 4148 2230 4187; x_wconf 90' lang='lat' dir='ltr'>ram</span> <span class='ocrx_word' id='word_1_691' title='bbox 2251 4132 2314 4184; x_wconf 81' lang='grc'>³⁷.</span> <span class='ocrx_word' id='word_1_692' title='bbox 2338 4153 2365 4179; x_wconf 73' lang='grc' dir='ltr'>›ι</span> <span class='ocrx_word' id='word_1_693' title='bbox 2390 4130 2536 4185; x_wconf 72' lang='lat'><strong>627</strong></span> <span class='ocrx_word' id='word_1_694' title='bbox 2566 4131 2636 4182; x_wconf 90' lang='lat' dir='ltr'>Et</span> <span class='ocrx_word' id='word_1_695' title='bbox 2658 4127 3099 4182; x_wconf 81' lang='lat' dir='ltr'>manifestatum</span> <span class='ocrx_word' id='word_1_696' title='bbox 3127 4131 3218 4181; x_wconf 88' lang='lat' dir='ltr'>est</span> <span class='ocrx_word' id='word_1_697' title='bbox 3239 4125 3410 4180; x_wconf 91' lang='lat' dir='ltr'>nobis</span> <span class='ocrx_word' id='word_1_698' title='bbox 3429 4141 3535 4196; x_wconf 90' lang='lat' dir='ltr'>per</span> <span class='ocrx_word' id='word_1_699' title='bbox 3556 4125 3756 4179; x_wconf 84' lang='lat' dir='ltr'>Jesum</span> 
     </span>
    </p>
   </div>
   <div class='ocr_carea' id='block_1_89' title="bbox 2106 4214 3762 4291">
    <p class='ocr_par' dir='ltr' id='par_1_89' title="bbox 2106 4214 3762 4291">
     <span class='ocr_line' id='line_1_89' title="bbox 2106 4214 3762 4291; baseline -0.005 -17"><span class='ocrx_word' id='word_1_700' title='bbox 2106 4219 2265 4291; x_wconf 89' lang='lat' dir='ltr'>quod</span> <span class='ocrx_word' id='word_1_701' title='bbox 2295 4219 2371 4273; x_wconf 89' lang='lat' dir='ltr'>sit</span> <span class='ocrx_word' id='word_1_702' title='bbox 2401 4220 2594 4283; x_wconf 89' lang='lat' dir='ltr'>Pater,</span> <span class='ocrx_word' id='word_1_703' title='bbox 2629 4222 2686 4271; x_wconf 90' lang='lat' dir='ltr'>et</span> <span class='ocrx_word' id='word_1_704' title='bbox 2715 4216 2873 4287; x_wconf 90' lang='lat' dir='ltr'>quod</span> <span class='ocrx_word' id='word_1_705' title='bbox 2900 4233 3020 4270; x_wconf 91' lang='lat' dir='ltr'>non</span> <span class='ocrx_word' id='word_1_706' title='bbox 3061 4215 3198 4270; x_wconf 90' lang='lat' dir='ltr'>velit</span> <span class='ocrx_word' id='word_1_707' title='bbox 3247 4214 3455 4269; x_wconf 90' lang='lat' dir='ltr'>nidore</span> <span class='ocrx_word' id='word_1_708' title='bbox 3506 4230 3574 4268; x_wconf 92' lang='lat' dir='ltr'>ac</span> <span class='ocrx_word' id='word_1_709' title='bbox 3620 4228 3762 4267; x_wconf 88' lang='lat' dir='ltr'>san-</span> 
     </span>
    </p>
   </div>
   <div class='ocr_carea' id='block_1_90' title="bbox 2107 4300 3760 4382">
    <p class='ocr_par' dir='ltr' id='par_1_90' title="bbox 2107 4300 3760 4382">
     <span class='ocr_line' id='line_1_90' title="bbox 2107 4300 3760 4382; baseline -0.007 -19"><span class='ocrx_word' id='word_1_710' title='bbox 2107 4310 2285 4382; x_wconf 87' lang='lat' dir='ltr'>guine</span> <span class='ocrx_word' id='word_1_711' title='bbox 2312 4306 2544 4362; x_wconf 84' lang='lat' dir='ltr'>adorari</span> <span class='ocrx_word' id='word_1_712' title='bbox 2595 4311 2697 4361; x_wconf 88' lang='lat' dir='ltr'>aut</span> <span class='ocrx_word' id='word_1_713' title='bbox 2744 4304 2991 4377; x_wconf 87' lang='lat' dir='ltr'>placari,</span> <span class='ocrx_word' id='word_1_714' title='bbox 3039 4304 3318 4375; x_wconf 89' lang='lat' dir='ltr'>quodque</span> <span class='ocrx_word' id='word_1_715' title='bbox 3368 4301 3428 4355; x_wconf 90' lang='lat' dir='ltr'>in</span> <span class='ocrx_word' id='word_1_716' title='bbox 3477 4300 3760 4354; x_wconf 89' lang='lat' dir='ltr'>Trinitate</span> 
     </span>
    </p>
   </div>
   <div class='ocr_carea' id='block_1_91' title="bbox 2110 4387 3766 4469">
    <p class='ocr_par' dir='ltr' id='par_1_91' title="bbox 2110 4387 3766 4469">
     <span class='ocr_line' id='line_1_91' title="bbox 2110 4387 3766 4469; baseline -0.007 -16"><span class='ocrx_word' id='word_1_717' title='bbox 2110 4396 2378 4469; x_wconf 84' lang='lat' dir='ltr'>ejusdem</span> <span class='ocrx_word' id='word_1_718' title='bbox 2437 4396 2711 4450; x_wconf 72' lang='lat' dir='ltr'>essentiaa</span> <span class='ocrx_word' id='word_1_719' title='bbox 2770 4394 3158 4465; x_wconf 84' lang='lat' dir='ltr'>ejusdemque</span> <span class='ocrx_word' id='word_1_720' title='bbox 3208 4389 3491 4462; x_wconf 65' lang='lat' dir='ltr'>potentiae</span> <span class='ocrx_word' id='word_1_721' title='bbox 3548 4387 3766 4444; x_wconf 85' lang='lat' dir='ltr'>colitur</span> 
     </span>
    </p>
   </div>
   <div class='ocr_carea' id='block_1_92' title="bbox 2114 4477 3762 4554">
    <p class='ocr_par' dir='ltr' id='par_1_92' title="bbox 2114 4477 3762 4554">
     <span class='ocr_line' id='line_1_92' title="bbox 2114 4477 3762 4554; baseline -0.008 -12"><span class='ocrx_word' id='word_1_722' title='bbox 2114 4492 2268 4542; x_wconf 89' lang='lat' dir='ltr'>Deus</span> <span class='ocrx_word' id='word_1_723' title='bbox 2323 4486 2485 4542; x_wconf 89' lang='lat' dir='ltr'>Unde</span> <span class='ocrx_word' id='word_1_724' title='bbox 2517 4486 2694 4541; x_wconf 89' lang='lat' dir='ltr'>etiam</span> <span class='ocrx_word' id='word_1_725' title='bbox 2731 4484 2923 4539; x_wconf 89' lang='lat' dir='ltr'>dictus</span> <span class='ocrx_word' id='word_1_726' title='bbox 2953 4489 3044 4538; x_wconf 90' lang='lat' dir='ltr'>est</span> <span class='ocrx_word' id='word_1_727' title='bbox 3072 4480 3269 4554; x_wconf 88' lang='lat' dir='ltr'>magni</span> <span class='ocrx_word' id='word_1_728' title='bbox 3302 4477 3535 4534; x_wconf 90' lang='lat' dir='ltr'>eonsilii</span> <span class='ocrx_word' id='word_1_729' title='bbox 3568 4484 3762 4548; x_wconf 85' lang='lat' dir='ltr'>Ange-</span> 
     </span>
    </p>
   </div>
   <div class='ocr_carea' id='block_1_93' title="bbox 350 4564 1974 4675">
    <p class='ocr_par' dir='ltr' id='par_1_93' title="bbox 350 4564 1970 4675">
     <span class='ocr_line' id='line_1_93' title="bbox 350 4564 1970 4675; baseline -0.019 -15"><span class='ocrx_word' id='word_1_730' title='bbox 488 4564 783 4675; x_wconf 65' lang='grc' dir='ltr'>Ἄγγελος.</span> <span class='ocrx_word' id='word_1_731' title='bbox 820 4564 858 4649; x_wconf 67' lang='grc' dir='ltr'>ιι⁷</span> <span class='ocrx_word' id='word_1_732' title='bbox 884 4594 1025 4669; x_wconf 83' lang='grc' dir='ltr'>Πρὸς</span> <span class='ocrx_word' id='word_1_733' title='bbox 1055 4564 1335 4669; x_wconf 68' lang='grc' dir='ltr'>φωτισμὸν</span> <span class='ocrx_word' id='word_1_734' title='bbox 1363 4564 1463 4654; x_wconf 75' lang='grc' dir='ltr'>τῆς</span> <span class='ocrx_word' id='word_1_735' title='bbox 1494 4564 1769 4675; x_wconf 83' lang='grc' dir='ltr'>γνώσεως.</span> <span class='ocrx_word' id='word_1_736' title='bbox 1809 4603 1836 4631; x_wconf 84' lang='grc'>››</span> <span class='ocrx_word' id='word_1_737' title='bbox 1866 4564 1970 4653; x_wconf 75' lang='lat' dir='ltr'>&quot;Op</span> 
     </span>
    </p>
   </div>
   <div class='ocr_carea' id='block_1_94' title="bbox 2084 4564 3759 4675">
    <p class='ocr_par' dir='ltr' id='par_1_94' title="bbox 2114 4564 3759 4644">
     <span class='ocr_line' id='line_1_94' title="bbox 2114 4564 3759 4644; baseline -0.01 -11"><span class='ocrx_word' id='word_1_738' title='bbox 2114 4577 2206 4633; x_wconf 91' lang='lat' dir='ltr'>lus</span> <span class='ocrx_word' id='word_1_739' title='bbox 2242 4576 2311 4633; x_wconf 82' lang='grc'>³⁸.</span> <span class='ocrx_word' id='word_1_740' title='bbox 2362 4598 2389 4627; x_wconf 91' lang='grc'>‹‹</span> <span class='ocrx_word' id='word_1_741' title='bbox 2422 4575 2508 4631; x_wconf 82' lang='lat' dir='ltr'>Ad</span> <span class='ocrx_word' id='word_1_742' title='bbox 2566 4575 3067 4630; x_wconf 86' lang='lat' dir='ltr'>illuminationem</span> <span class='ocrx_word' id='word_1_743' title='bbox 3126 4568 3567 4644; x_wconf 89' lang='lat' dir='ltr'>cognitionis.»</span> <span class='ocrx_word' id='word_1_744' title='bbox 3616 4564 3759 4620; x_wconf 82' lang='lat' dir='ltr'>Vide</span> 
     </span>
    </p>
   </div>
   <div class='ocr_carea' id='block_1_95' title="bbox 349 4670 2003 4765">
    <p class='ocr_par' dir='ltr' id='par_1_95' title="bbox 349 4670 2003 4765">
     <span class='ocr_line' id='line_1_95' title="bbox 349 4670 2003 4765; baseline -0.018 -16"><span class='ocrx_word' id='word_1_745' title='bbox 349 4670 450 4762; x_wconf 77' lang='grc' dir='ltr'>τῆς</span> <span class='ocrx_word' id='word_1_746' title='bbox 484 4670 642 4765; x_wconf 69' lang='grc' dir='ltr'>ἁγίας</span> <span class='ocrx_word' id='word_1_747' title='bbox 661 4682 887 4761; x_wconf 82' lang='grc' dir='ltr'>Τριάδος</span> <span class='ocrx_word' id='word_1_748' title='bbox 918 4684 980 4739; x_wconf 87' lang='grc' dir='ltr'>τὸ</span> <span class='ocrx_word' id='word_1_749' title='bbox 1006 4682 1149 4754; x_wconf 82' lang='grc' dir='ltr'>ἀπαρ</span> <span class='ocrx_word' id='word_1_750' title='bbox 1163 4675 1431 4733; x_wconf 73' lang='grc' dir='ltr'>ίλλακτον</span> <span class='ocrx_word' id='word_1_751' title='bbox 1462 4673 1553 4727; x_wconf 82' lang='grc' dir='ltr'>καὶ</span> <span class='ocrx_word' id='word_1_752' title='bbox 1585 4670 1854 4765; x_wconf 77' lang='grc' dir='ltr'>ὁμότιμον</span> <span class='ocrx_word' id='word_1_753' title='bbox 1886 4672 2003 4765; x_wconf 80' lang='grc' dir='ltr'>πῶς</span> 
     </span>
    </p>
   </div>
   <div class='ocr_carea' id='block_1_96' title="bbox 350 4758 2000 4847">
    <p class='ocr_par' dir='ltr' id='par_1_96' title="bbox 350 4758 2000 4847">
     <span class='ocr_line' id='line_1_96' title="bbox 350 4758 2000 4847; baseline -0.015 -11"><span class='ocrx_word' id='word_1_754' title='bbox 350 4783 378 4836; x_wconf 88' lang='lat'>6</span> <span class='ocrx_word' id='word_1_755' title='bbox 407 4758 636 4840; x_wconf 64' lang='grc' dir='ltr'>⁷Παῦλος</span> <span class='ocrx_word' id='word_1_756' title='bbox 666 4758 851 4847; x_wconf 76' lang='grc' dir='ltr'>δηλοῖ,</span> <span class='ocrx_word' id='word_1_757' title='bbox 886 4776 1013 4832; x_wconf 83' lang='grc' dir='ltr'>Φῶς</span> <span class='ocrx_word' id='word_1_758' title='bbox 1046 4768 1137 4824; x_wconf 77' lang='grc' dir='ltr'>καὶ</span> <span class='ocrx_word' id='word_1_759' title='bbox 1170 4771 1299 4827; x_wconf 83' lang='grc' dir='ltr'>Φῶς</span> <span class='ocrx_word' id='word_1_760' title='bbox 1328 4763 1420 4818; x_wconf 86' lang='grc' dir='ltr'>καὶ</span> <span class='ocrx_word' id='word_1_761' title='bbox 1452 4767 1580 4823; x_wconf 84' lang='grc' dir='ltr'>Φῶς</span> <span class='ocrx_word' id='word_1_762' title='bbox 1611 4759 1845 4821; x_wconf 80' lang='grc' dir='ltr'>καλέσας</span> <span class='ocrx_word' id='word_1_763' title='bbox 1901 4758 2000 4827; x_wconf 72' lang='grc' dir='ltr'>τήν</span> 
     </span>
    </p>
   </div>
   <div class='ocr_carea' id='block_1_97' title="bbox 354 4848 2003 4944">
    <p class='ocr_par' dir='ltr' id='par_1_97' title="bbox 354 4848 2003 4944">
     <span class='ocr_line' id='line_1_97' title="bbox 354 4848 2003 4944; baseline -0.015 -19"><span class='ocrx_word' id='word_1_764' title='bbox 354 4869 504 4944; x_wconf 34' lang='grc' dir='ltr'>ὁσίαν</span> <span class='ocrx_word' id='word_1_765' title='bbox 553 4862 786 4942; x_wconf 75' lang='grc' dir='ltr'>Τριάδα.</span> <span class='ocrx_word' id='word_1_766' title='bbox 843 4864 992 4918; x_wconf 78' lang='grc' dir='ltr'>’Άνω</span> <span class='ocrx_word' id='word_1_767' title='bbox 1050 4857 1175 4932; x_wconf 85' lang='grc' dir='ltr'>περὶ</span> <span class='ocrx_word' id='word_1_768' title='bbox 1238 4852 1555 4944; x_wconf 62' lang='grc' dir='ltr'>Πνεόματος</span> <span class='ocrx_word' id='word_1_769' title='bbox 1612 4848 2003 4944; x_wconf 36' lang='grc' dir='ltr'>λέγων-φησὶ,</span> 
     </span>
    </p>
   </div>
   <div class='ocr_carea' id='block_1_98' title="bbox 359 4939 2001 5029">
    <p class='ocr_par' dir='ltr' id='par_1_98' title="bbox 359 4939 2001 5029">
     <span class='ocr_line' id='line_1_98' title="bbox 359 4939 2001 5029; baseline -0.013 -17"><span class='ocrx_word' id='word_1_770' title='bbox 359 4984 387 5012; x_wconf 89' lang='grc' dir='ltr'>ιι</span> <span class='ocrx_word' id='word_1_771' title='bbox 413 4960 527 5027; x_wconf 77' lang='grc' dir='ltr'>Την</span> <span class='ocrx_word' id='word_1_772' title='bbox 561 4955 741 5029; x_wconf 80' lang='grc' dir='ltr'>δόξαν,</span> <span class='ocrx_word' id='word_1_773' title='bbox 774 4955 889 5008; x_wconf 85' lang='grc' dir='ltr'>οἷον</span> <span class='ocrx_word' id='word_1_774' title='bbox 926 4951 989 5005; x_wconf 80' lang='grc' dir='ltr'>τὸ</span> <span class='ocrx_word' id='word_1_775' title='bbox 1057 4951 1172 5024; x_wconf 70' lang='grc' dir='ltr'>φῶς</span> <span class='ocrx_word' id='word_1_776' title='bbox 1237 4943 1444 5019; x_wconf 81' lang='grc' dir='ltr'>Κυρίου</span> <span class='ocrx_word' id='word_1_777' title='bbox 1492 4939 2001 5013; x_wconf 79' lang='grc' dir='ltr'>κατοπτριζόμενοι,</span> 
     </span>
    </p>
   </div>
   <div class='ocr_carea' id='block_1_99' title="bbox 358 5025 2005 5115">
    <p class='ocr_par' dir='ltr' id='par_1_99' title="bbox 358 5025 2005 5115">
     <span class='ocr_line' id='line_1_99' title="bbox 358 5025 2005 5115; baseline -0.016 -11"><span class='ocrx_word' id='word_1_778' title='bbox 358 5050 457 5115; x_wconf 69' lang='grc' dir='ltr'>τήν</span> <span class='ocrx_word' id='word_1_779' title='bbox 508 5046 676 5115; x_wconf 67' lang='grc' dir='ltr'>αὐτὴν</span> <span class='ocrx_word' id='word_1_780' title='bbox 730 5041 908 5098; x_wconf 77' lang='grc' dir='ltr'>εἰκόνα</span> <span class='ocrx_word' id='word_1_781' title='bbox 979 5031 1495 5113; x_wconf 69' lang='grc' dir='ltr'>μεταμορφούμεθα.</span> <span class='ocrx_word' id='word_1_782' title='bbox 1554 5052 1582 5081; x_wconf 82' lang='grc'><strong>››</strong></span> <span class='ocrx_word' id='word_1_783' title='bbox 1646 5027 1817 5082; x_wconf 74' lang='grc' dir='ltr'>Πάλιν</span> <span class='ocrx_word' id='word_1_784' title='bbox 1881 5025 2005 5099; x_wconf 85' lang='grc' dir='ltr'>περὶ</span> 
     </span>
    </p>
   </div>
   <div class='ocr_carea' id='block_1_100' title="bbox 358 5114 2003 5206">
    <p class='ocr_par' dir='ltr' id='par_1_100' title="bbox 358 5114 2003 5206">
     <span class='ocr_line' id='line_1_100' title="bbox 358 5114 2003 5206; baseline -0.016 -13"><span class='ocrx_word' id='word_1_785' title='bbox 358 5141 454 5193; x_wconf 87' lang='grc' dir='ltr'>τοῦ</span> <span class='ocrx_word' id='word_1_786' title='bbox 485 5136 636 5206; x_wconf 68' lang='grc' dir='ltr'>Υίοῦ,</span> <span class='ocrx_word' id='word_1_787' title='bbox 668 5159 695 5186; x_wconf 89' lang='grc' dir='ltr'>ιι</span> <span class='ocrx_word' id='word_1_788' title='bbox 729 5131 826 5193; x_wconf 72' lang='grc' dir='ltr'>Εἲς</span> <span class='ocrx_word' id='word_1_789' title='bbox 857 5131 919 5185; x_wconf 90' lang='grc' dir='ltr'>τὸ</span> <span class='ocrx_word' id='word_1_790' title='bbox 969 5127 1045 5200; x_wconf 86' lang='grc' dir='ltr'>μή</span> <span class='ocrx_word' id='word_1_791' title='bbox 1095 5122 1321 5198; x_wconf 80' lang='grc' dir='ltr'>αὐγάσαι</span> <span class='ocrx_word' id='word_1_792' title='bbox 1371 5117 1553 5178; x_wconf 78' lang='grc' dir='ltr'>αὐτοῖς</span> <span class='ocrx_word' id='word_1_793' title='bbox 1591 5115 1683 5171; x_wconf 84' lang='grc' dir='ltr'>τὸν</span> <span class='ocrx_word' id='word_1_794' title='bbox 1725 5114 2003 5192; x_wconf 77' lang='grc' dir='ltr'>φωτισμὸν</span> 
     </span>
    </p>
   </div>
   <div class='ocr_carea' id='block_1_101' title="bbox 355 5203 2004 5300">
    <p class='ocr_par' dir='ltr' id='par_1_101' title="bbox 355 5203 2004 5300">
     <span class='ocr_line' id='line_1_101' title="bbox 355 5203 2004 5300; baseline -0.018 -18"><span class='ocrx_word' id='word_1_795' title='bbox 355 5230 454 5282; x_wconf 92' lang='grc' dir='ltr'>τοῦ</span> <span class='ocrx_word' id='word_1_796' title='bbox 487 5221 829 5300; x_wconf 73' lang='grc' dir='ltr'>Εὖαγγελίου</span> <span class='ocrx_word' id='word_1_797' title='bbox 855 5225 956 5288; x_wconf 76' lang='grc' dir='ltr'>τῆς</span> <span class='ocrx_word' id='word_1_798' title='bbox 990 5213 1151 5285; x_wconf 72' lang='grc' dir='ltr'>δόξης</span> <span class='ocrx_word' id='word_1_799' title='bbox 1199 5214 1297 5266; x_wconf 88' lang='grc' dir='ltr'>τοῦ</span> <span class='ocrx_word' id='word_1_800' title='bbox 1350 5209 1605 5283; x_wconf 84' lang='grc' dir='ltr'>Χριστοῦ.</span> <span class='ocrx_word' id='word_1_801' title='bbox 1647 5228 1675 5257; x_wconf 84' lang='lat'><strong>»</strong></span> <span class='ocrx_word' id='word_1_802' title='bbox 1726 5207 1838 5260; x_wconf 84' lang='grc' dir='ltr'>Νῦν</span> <span class='ocrx_word' id='word_1_803' title='bbox 1883 5203 2004 5278; x_wconf 85' lang='grc' dir='ltr'>περὶ</span> 
     </span>
    </p>
   </div>
   <div class='ocr_carea' id='block_1_102' title="bbox 354 5293 2012 5390">
    <p class='ocr_par' dir='ltr' id='par_1_102' title="bbox 354 5293 2012 5390">
     <span class='ocr_line' id='line_1_102' title="bbox 354 5293 2012 5390; baseline -0.016 -17"><span class='ocrx_word' id='word_1_804' title='bbox 354 5321 455 5373; x_wconf 87' lang='grc' dir='ltr'>τοῦ</span> <span class='ocrx_word' id='word_1_805' title='bbox 497 5293 707 5390; x_wconf 81' lang='grc' dir='ltr'>Πατρός</span> <span class='ocrx_word' id='word_1_806' title='bbox 765 5332 921 5383; x_wconf 79' lang='grc' dir='ltr'>φησι.</span> <span class='ocrx_word' id='word_1_807' title='bbox 991 5329 1011 5358; x_wconf 78' lang='grc' dir='ltr'>ι</span> <span class='ocrx_word' id='word_1_808' title='bbox 1076 5302 1217 5380; x_wconf 80' lang='grc' dir='ltr'>Πρὸς</span> <span class='ocrx_word' id='word_1_809' title='bbox 1275 5297 1553 5378; x_wconf 80' lang='grc' dir='ltr'>φωτισμὸν</span> <span class='ocrx_word' id='word_1_810' title='bbox 1608 5299 1711 5361; x_wconf 78' lang='grc' dir='ltr'>τῆς</span> <span class='ocrx_word' id='word_1_811' title='bbox 1763 5293 2012 5370; x_wconf 85' lang='grc' dir='ltr'>γνώσεως</span> 
     </span>
    </p>
   </div>
   <div class='ocr_carea' id='block_1_103' title="bbox 357 5402 1027 5477">
    <p class='ocr_par' dir='ltr' id='par_1_103' title="bbox 357 5402 1027 5477">
     <span class='ocr_line' id='line_1_103' title="bbox 357 5402 1027 5477; baseline -0.024 -13"><span class='ocrx_word' id='word_1_812' title='bbox 357 5413 461 5477; x_wconf 79' lang='grc' dir='ltr'>τῆς</span> <span class='ocrx_word' id='word_1_813' title='bbox 493 5402 654 5475; x_wconf 79' lang='grc' dir='ltr'>δόξης</span> <span class='ocrx_word' id='word_1_814' title='bbox 682 5405 781 5458; x_wconf 88' lang='grc' dir='ltr'>τοῦ</span> <span class='ocrx_word' id='word_1_815' title='bbox 812 5402 969 5456; x_wconf 87' lang='grc' dir='ltr'>Θεοῦ.</span> <span class='ocrx_word' id='word_1_816' title='bbox 1007 5422 1027 5448; x_wconf 77' lang='grc' dir='ltr'>ι</span> 
     </span>
    </p>
   </div>
   <div class='ocr_carea' id='block_1_104' title="bbox 429 5578 1544 5651">
    <p class='ocr_par' dir='ltr' id='par_1_104' title="bbox 429 5578 1544 5651">
     <span class='ocr_line' id='line_1_104' title="bbox 429 5578 1544 5651; baseline -0.02 2"><span class='ocrx_word' id='word_1_817' title='bbox 429 5595 476 5631; x_wconf 85' lang='grc'><strong><em>³²</em></strong></span> <span class='ocrx_word' id='word_1_818' title='bbox 508 5594 528 5651; x_wconf 94' lang='lat' dir='ltr'>l</span> <span class='ocrx_word' id='word_1_819' title='bbox 558 5594 688 5650; x_wconf 88' lang='lat' dir='ltr'>Cor.</span> <span class='ocrx_word' id='word_1_820' title='bbox 722 5606 846 5651; x_wconf 79' lang='lat' dir='ltr'>xui.</span> <span class='ocrx_word' id='word_1_821' title='bbox 885 5589 967 5643; x_wconf 78' lang='lat'>12.</span> <span class='ocrx_word' id='word_1_822' title='bbox 1061 5584 1107 5619; x_wconf 68' lang='grc'>³³</span> <span class='ocrx_word' id='word_1_823' title='bbox 1139 5582 1188 5639; x_wconf 93' lang='lat' dir='ltr'>lI</span> <span class='ocrx_word' id='word_1_824' title='bbox 1218 5581 1349 5637; x_wconf 90' lang='lat' dir='ltr'>Cor.</span> <span class='ocrx_word' id='word_1_825' title='bbox 1383 5595 1422 5644; x_wconf 84' lang='grc' dir='ltr'>ι,</span> <span class='ocrx_word' id='word_1_826' title='bbox 1455 5578 1544 5633; x_wconf 73' lang='grc'>22.</span> 
     </span>
    </p>
   </div>
   <div class='ocr_carea' id='block_1_105' title="bbox 363 5653 1359 5730">
    <p class='ocr_par' dir='ltr' id='par_1_105' title="bbox 363 5653 1359 5730">
     <span class='ocr_line' id='line_1_105' title="bbox 363 5653 1359 5730; baseline -0.02 -5"><span class='ocrx_word' id='word_1_827' title='bbox 363 5667 551 5723; x_wconf 73' lang='grc'>³³158..</span> <span class='ocrx_word' id='word_1_828' title='bbox 584 5682 661 5730; x_wconf 73' lang='grc' dir='ltr'>ιι,</span> <span class='ocrx_word' id='word_1_829' title='bbox 694 5665 746 5721; x_wconf 85' lang='grc'>6.</span> <span class='ocrx_word' id='word_1_830' title='bbox 821 5659 869 5696; x_wconf 79' lang='grc'>³⁸</span> <span class='ocrx_word' id='word_1_831' title='bbox 900 5660 919 5715; x_wconf 87' lang='grc' dir='ltr'>Ι</span> <span class='ocrx_word' id='word_1_832' title='bbox 950 5658 1082 5713; x_wconf 87' lang='lat' dir='ltr'>Cor.</span> <span class='ocrx_word' id='word_1_833' title='bbox 1113 5671 1239 5725; x_wconf 83' lang='lat' dir='ltr'>xm,</span> <span class='ocrx_word' id='word_1_834' title='bbox 1274 5653 1359 5707; x_wconf 77' lang='lat' dir='ltr'>i2.</span> 
     </span>
    </p>
   </div>
   <div class='ocr_carea' id='block_1_106' title="bbox 1636 5572 2064 5643">
    <p class='ocr_par' dir='ltr' id='par_1_106' title="bbox 1636 5572 2064 5643">
     <span class='ocr_line' id='line_1_106' title="bbox 1636 5572 2064 5643; baseline 0.002 -13"><span class='ocrx_word' id='word_1_835' title='bbox 1636 5572 1686 5609; x_wconf 70' lang='grc' dir='ltr'>ιι</span> <span class='ocrx_word' id='word_1_836' title='bbox 1715 5574 1890 5630; x_wconf 82' lang='lat' dir='ltr'>Hebr.</span> <span class='ocrx_word' id='word_1_837' title='bbox 1921 5592 1977 5643; x_wconf 78' lang='grc' dir='ltr'>ι,</span> <span class='ocrx_word' id='word_1_838' title='bbox 2012 5575 2064 5631; x_wconf 80' lang='grc' dir='ltr'>ι.</span> 
     </span>
    </p>
   </div>
   <div class='ocr_carea' id='block_1_107' title="bbox 2113 4655 3763 4740">
    <p class='ocr_par' dir='ltr' id='par_1_107' title="bbox 2113 4655 3763 4740">
     <span class='ocr_line' id='line_1_107' title="bbox 2113 4655 3763 4740; baseline -0.009 -17"><span class='ocrx_word' id='word_1_839' title='bbox 2113 4666 2409 4740; x_wconf 91' lang='lat' dir='ltr'>quomodo</span> <span class='ocrx_word' id='word_1_840' title='bbox 2442 4665 2660 4720; x_wconf 89' lang='lat' dir='ltr'>Paulus</span> <span class='ocrx_word' id='word_1_841' title='bbox 2691 4670 2910 4720; x_wconf 69' lang='lat' dir='ltr'>sancite</span> <span class='ocrx_word' id='word_1_842' title='bbox 2932 4661 3236 4717; x_wconf 87' lang='lat' dir='ltr'>Trinitatis</span> <span class='ocrx_word' id='word_1_843' title='bbox 3259 4655 3665 4714; x_wconf 87' lang='lat' dir='ltr'>omnimodam</span> <span class='ocrx_word' id='word_1_844' title='bbox 3689 4655 3763 4710; x_wconf 87' lang='lat' dir='ltr'>si-</span> 
     </span>
    </p>
   </div>
   <div class='ocr_carea' id='block_1_108' title="bbox 2114 4748 3766 4824">
    <p class='ocr_par' dir='ltr' id='par_1_108' title="bbox 2114 4748 3766 4824">
     <span class='ocr_line' id='line_1_108' title="bbox 2114 4748 3766 4824; baseline -0.009 -10"><span class='ocrx_word' id='word_1_845' title='bbox 2114 4757 2516 4815; x_wconf 89' lang='lat' dir='ltr'>militudinem</span> <span class='ocrx_word' id='word_1_846' title='bbox 2549 4754 2943 4824; x_wconf 91' lang='lat' dir='ltr'>eumdemque</span> <span class='ocrx_word' id='word_1_847' title='bbox 2974 4753 3263 4807; x_wconf 86' lang='lat' dir='ltr'>honorem</span> <span class='ocrx_word' id='word_1_848' title='bbox 3295 4748 3766 4812; x_wconf 86' lang='lat' dir='ltr'>manifestet,vo-</span> 
     </span>
    </p>
   </div>
   <div class='ocr_carea' id='block_1_109' title="bbox 2113 4836 3763 4905">
    <p class='ocr_par' dir='ltr' id='par_1_109' title="bbox 2113 4836 3763 4905">
     <span class='ocr_line' id='line_1_109' title="bbox 2113 4836 3763 4905; baseline -0.01 -1"><span class='ocrx_word' id='word_1_849' title='bbox 2113 4865 2255 4905; x_wconf 89' lang='lat' dir='ltr'>cans</span> <span class='ocrx_word' id='word_1_850' title='bbox 2285 4852 2551 4902; x_wconf 90' lang='lat' dir='ltr'>sanctam</span> <span class='ocrx_word' id='word_1_851' title='bbox 2582 4844 2929 4898; x_wconf 71' lang='lat' dir='ltr'>Trinitatem</span> <span class='ocrx_word' id='word_1_852' title='bbox 2957 4842 3195 4901; x_wconf 88' lang='lat' dir='ltr'>Lucem,</span> <span class='ocrx_word' id='word_1_853' title='bbox 3226 4840 3462 4902; x_wconf 89' lang='lat' dir='ltr'>Lucem,</span> <span class='ocrx_word' id='word_1_854' title='bbox 3524 4836 3763 4890; x_wconf 86' lang='lat' dir='ltr'>Lucem.</span> 
     </span>
    </p>
   </div>
   <div class='ocr_carea' id='block_1_110' title="bbox 2114 4922 3766 5008">
    <p class='ocr_par' dir='ltr' id='par_1_110' title="bbox 2114 4922 3766 5008">
     <span class='ocr_line' id='line_1_110' title="bbox 2114 4922 3766 5008; baseline -0.01 -15"><span class='ocrx_word' id='word_1_855' title='bbox 2114 4937 2393 5008; x_wconf 90' lang='lat' dir='ltr'>Superius</span> <span class='ocrx_word' id='word_1_856' title='bbox 2425 4935 2496 4989; x_wconf 91' lang='lat' dir='ltr'>de</span> <span class='ocrx_word' id='word_1_857' title='bbox 2555 4933 2770 5003; x_wconf 87' lang='lat' dir='ltr'>Spiritu</span> <span class='ocrx_word' id='word_1_858' title='bbox 2835 4932 3120 5001; x_wconf 88' lang='lat' dir='ltr'>loquens:</span> <span class='ocrx_word' id='word_1_859' title='bbox 3170 4951 3197 4979; x_wconf 84' lang='grc' dir='ltr'>ιι</span> <span class='ocrx_word' id='word_1_860' title='bbox 3233 4927 3512 4991; x_wconf 88' lang='lat' dir='ltr'>Gloriam,</span> <span class='ocrx_word' id='word_1_861' title='bbox 3566 4922 3766 4994; x_wconf 91' lang='lat' dir='ltr'>inquit</span> 
     </span>
    </p>
   </div>
   <div class='ocr_carea' id='block_1_111' title="bbox 2114 5010 3770 5099">
    <p class='ocr_par' dir='ltr' id='par_1_111' title="bbox 2114 5010 3770 5099">
     <span class='ocr_line' id='line_1_111' title="bbox 2114 5010 3770 5099; baseline -0.01 -18"><span class='ocrx_word' id='word_1_862' title='bbox 2114 5028 2246 5099; x_wconf 92' lang='lat' dir='ltr'>(hoc</span> <span class='ocrx_word' id='word_1_863' title='bbox 2278 5030 2387 5092; x_wconf 90' lang='lat' dir='ltr'>est,</span> <span class='ocrx_word' id='word_1_864' title='bbox 2420 5023 2613 5077; x_wconf 89' lang='lat' dir='ltr'>lucem</span> <span class='ocrx_word' id='word_1_865' title='bbox 2646 5018 2924 5090; x_wconf 84' lang='lat' dir='ltr'>Domini),</span> <span class='ocrx_word' id='word_1_866' title='bbox 2967 5018 3029 5072; x_wconf 92' lang='lat' dir='ltr'>in</span> <span class='ocrx_word' id='word_1_867' title='bbox 3087 5016 3328 5088; x_wconf 89' lang='lat' dir='ltr'>speculo</span> <span class='ocrx_word' id='word_1_868' title='bbox 3376 5014 3644 5069; x_wconf 89' lang='lat' dir='ltr'>videntes</span> <span class='ocrx_word' id='word_1_869' title='bbox 3694 5010 3770 5065; x_wconf 86' lang='lat' dir='ltr'>ad</span> 
     </span>
    </p>
   </div>
   <div class='ocr_carea' id='block_1_112' title="bbox 2116 5100 3765 5180">
    <p class='ocr_par' dir='ltr' id='par_1_112' title="bbox 2116 5100 3765 5180">
     <span class='ocr_line' id='line_1_112' title="bbox 2116 5100 3765 5180; baseline -0.011 -10"><span class='ocrx_word' id='word_1_870' title='bbox 2116 5114 2383 5172; x_wconf 88' lang='lat' dir='ltr'>eamdem</span> <span class='ocrx_word' id='word_1_871' title='bbox 2408 5109 2728 5180; x_wconf 88' lang='lat' dir='ltr'>imaginem</span> <span class='ocrx_word' id='word_1_872' title='bbox 2753 5106 3247 5162; x_wconf 82' lang='lat' dir='ltr'>transformamur</span> <span class='ocrx_word' id='word_1_873' title='bbox 3265 5103 3332 5158; x_wconf 73' lang='grc'>⁸9.</span> <span class='ocrx_word' id='word_1_874' title='bbox 3359 5126 3385 5153; x_wconf 73' lang='grc' dir='ltr'>ι)</span> <span class='ocrx_word' id='word_1_875' title='bbox 3411 5105 3668 5159; x_wconf 79' lang='lat' dir='ltr'>Rursum</span> <span class='ocrx_word' id='word_1_876' title='bbox 3692 5100 3765 5153; x_wconf 90' lang='lat' dir='ltr'>de</span> 
     </span>
    </p>
   </div>
   <div class='ocr_carea' id='block_1_113' title="bbox 2115 5189 3766 5265">
    <p class='ocr_par' dir='ltr' id='par_1_113' title="bbox 2115 5189 3766 5265">
     <span class='ocr_line' id='line_1_113' title="bbox 2115 5189 3766 5265; baseline -0.01 -6"><span class='ocrx_word' id='word_1_877' title='bbox 2115 5203 2290 5259; x_wconf 72' lang='lat' dir='ltr'>Filio:</span> <span class='ocrx_word' id='word_1_878' title='bbox 2318 5224 2344 5250; x_wconf 89' lang='grc'><em>‹‹</em></span> <span class='ocrx_word' id='word_1_879' title='bbox 2365 5202 2445 5255; x_wconf 89' lang='lat' dir='ltr'>Ne</span> <span class='ocrx_word' id='word_1_880' title='bbox 2468 5198 2841 5252; x_wconf 88' lang='lat' dir='ltr'>illucesceret</span> <span class='ocrx_word' id='word_1_881' title='bbox 2859 5196 2978 5251; x_wconf 90' lang='lat' dir='ltr'>illis</span> <span class='ocrx_word' id='word_1_882' title='bbox 3004 5196 3206 5251; x_wconf 91' lang='lat' dir='ltr'>lumen</span> <span class='ocrx_word' id='word_1_883' title='bbox 3229 5192 3530 5265; x_wconf 85' lang='lat' dir='ltr'>Evangelii</span> <span class='ocrx_word' id='word_1_884' title='bbox 3561 5189 3766 5263; x_wconf 70' lang='lat' dir='ltr'>glorias</span> 
     </span>
    </p>
   </div>
   <div class='ocr_carea' id='block_1_114' title="bbox 2116 5281 3768 5348">
    <p class='ocr_par' dir='ltr' id='par_1_114' title="bbox 2116 5281 3768 5348">
     <span class='ocr_line' id='line_1_114' title="bbox 2116 5281 3768 5348; baseline -0.011 0"><span class='ocrx_word' id='word_1_885' title='bbox 2116 5291 2350 5348; x_wconf 89' lang='lat' dir='ltr'>Christi.</span> <span class='ocrx_word' id='word_1_886' title='bbox 2385 5310 2411 5338; x_wconf 73' lang='grc' dir='ltr'><strong>η</strong></span> <span class='ocrx_word' id='word_1_887' title='bbox 2446 5289 2611 5344; x_wconf 87' lang='lat' dir='ltr'>Nunc</span> <span class='ocrx_word' id='word_1_888' title='bbox 2641 5287 2714 5342; x_wconf 91' lang='lat' dir='ltr'>de</span> <span class='ocrx_word' id='word_1_889' title='bbox 2747 5289 2913 5342; x_wconf 88' lang='lat' dir='ltr'>Patre</span> <span class='ocrx_word' id='word_1_890' title='bbox 2944 5286 3029 5342; x_wconf 91' lang='lat' dir='ltr'>ait</span> <span class='ocrx_word' id='word_1_891' title='bbox 3057 5302 3070 5340; x_wconf 91' lang='lat'>:</span> <span class='ocrx_word' id='word_1_892' title='bbox 3095 5307 3125 5336; x_wconf 85' lang='lat'>«</span> <span class='ocrx_word' id='word_1_893' title='bbox 3158 5281 3768 5340; x_wconf 76' lang='lat' dir='ltr'>Adilluminationem</span> 
     </span>
    </p>
   </div>
   <div class='ocr_carea' id='block_1_115' title="bbox 2119 5380 2928 5457">
    <p class='ocr_par' dir='ltr' id='par_1_115' title="bbox 2119 5380 2928 5457">
     <span class='ocr_line' id='line_1_115' title="bbox 2119 5380 2928 5457; baseline -0.012 -17"><span class='ocrx_word' id='word_1_894' title='bbox 2119 5382 2477 5457; x_wconf 89' lang='lat' dir='ltr'>cognitionis</span> <span class='ocrx_word' id='word_1_895' title='bbox 2506 5380 2710 5454; x_wconf 65' lang='lat' dir='ltr'>glorias</span> <span class='ocrx_word' id='word_1_896' title='bbox 2742 5380 2859 5435; x_wconf 91' lang='lat' dir='ltr'>Dei.</span> <span class='ocrx_word' id='word_1_897' title='bbox 2901 5402 2928 5430; x_wconf 84' lang='grc'><strong>››</strong></span> 
     </span>
    </p>
   </div>
   <div class='ocr_carea' id='block_1_116' title="bbox 2722 5559 3771 5635">
    <p class='ocr_par' dir='ltr' id='par_1_116' title="bbox 2722 5559 3771 5635">
     <span class='ocr_line' id='line_1_116' title="bbox 2722 5559 3771 5635; baseline -0.014 -10"><span class='ocrx_word' id='word_1_898' title='bbox 2722 5569 2768 5606; x_wconf 76' lang='grc'>⁸⁸</span> <span class='ocrx_word' id='word_1_899' title='bbox 2797 5570 2822 5624; x_wconf 93' lang='grc' dir='ltr'><strong>Ι</strong></span> <span class='ocrx_word' id='word_1_900' title='bbox 2849 5568 2979 5626; x_wconf 91' lang='lat' dir='ltr'>Cor.</span> <span class='ocrx_word' id='word_1_901' title='bbox 3015 5584 3054 5635; x_wconf 89' lang='grc' dir='ltr'>ι,</span> <span class='ocrx_word' id='word_1_902' title='bbox 3088 5569 3178 5624; x_wconf 74' lang='grc'>42.</span> <span class='ocrx_word' id='word_1_903' title='bbox 3276 5563 3324 5600; x_wconf 83' lang='grc'>⁸⁷</span> <span class='ocrx_word' id='word_1_904' title='bbox 3349 5563 3515 5619; x_wconf 83' lang='lat' dir='ltr'>Joan.</span> <span class='ocrx_word' id='word_1_905' title='bbox 3548 5567 3681 5630; x_wconf 78' lang='lat' dir='ltr'>xm,</span> <span class='ocrx_word' id='word_1_906' title='bbox 3718 5559 3771 5611; x_wconf 76' lang='grc'>5·</span> 
     </span>
    </p>
   </div>
   <div class='ocr_carea' id='block_1_117' title="bbox 2155 5572 2623 5640">
    <p class='ocr_par' dir='ltr' id='par_1_117' title="bbox 2155 5572 2623 5640">
     <span class='ocr_line' id='line_1_117' title="bbox 2155 5572 2623 5640; baseline -0.009 -11"><span class='ocrx_word' id='word_1_907' title='bbox 2155 5572 2202 5609; x_wconf 86' lang='grc'><strong>⁸⁸</strong></span> <span class='ocrx_word' id='word_1_908' title='bbox 2230 5572 2397 5628; x_wconf 80' lang='lat' dir='ltr'>Joan.</span> <span class='ocrx_word' id='word_1_909' title='bbox 2425 5587 2538 5640; x_wconf 74' lang='lat' dir='ltr'>xxv,</span> <span class='ocrx_word' id='word_1_910' title='bbox 2571 5572 2623 5625; x_wconf 84' lang='lat'>9.</span> 
     </span>
    </p>
   </div>
  </div>
