4106 6196
435 417 557 478 963

1083 541 1317 598 CAPUT
1349 541 1440 596 VI.

435 639 511 692 De
539 635 862 704 inﬁmitate
890 631 1066 704 juxta
1113 648 1311 702 corpus
1367 637 1419 687 et
1454 633 1698 703 rorporis
1747 630 2084 701 depositione

902 705 1179 775 plenaque
1207 707 1597 774 resumptione.

502 797 595 862 IV,
628 796 774 849 7-10.
810 796 1084 848 Habemus
1117 800 1296 847 autem
1332 793 1649 848 thesaurum
1679 793 1821 847 hunc
1851 791 1909 846 in
1940 790 2084 845 vasis

426 887 693 952 testaceis,
726 891 786 937 ut
815 883 1042 937 virtutis
1072 881 1375 936 eminentia
1415 888 1488 935 διε
1544 882 1638 935 Dei
1666 885 1717 933 et
1744 896 1856 934 non
1884 895 1954 934 ea:
1980 892 2079 933 no-

430 972 549 1026 bis:
581 970 710 1025 dum
734 969 793 1024 in
824 970 1075 1023 omnibus
1094 967 1425 1037 premimur,
1456 973 1515 1020 ut
1545 982 1653 1020 non
1683 967 1848 1021 anxii
1892 964 2080 1020 reddi-

425 1076 589 1115 mur:
624 1060 904 1119 haeremus,
938 1064 995 1111 at
1041 1074 1151 1111 non
1199 1055 1609 1126 deprimimur:
1650 1053 2081 1126 persecutionem

423 1150 697 1222 patimur,
731 1154 789 1203 at
817 1164 929 1202 non
960 1150 1016 1201 in
1050 1163 1111 1200 ea
1144 1147 1445 1201 deserimur
1476 1162 1493 1199 :
1525 1144 1840 1214 dejicimur,
1886 1150 1944 1198 at
1971 1160 2081 1199 non

414 1241 711 1310 perimus:
769 1253 981 1306 semper
1024 1237 1505 1303 morti/irationem
1554 1234 1771 1288 Domini
1821 1233 1948 1288 Jesu
2021 1234 2081 1285 in

423 1344 653 1398 corpore
698 1328 1159 1395 circumferentes,
1213 1330 1275 1378 ut
1323 1331 1375 1379 et
1412 1322 1531 1378 vita
1575 1324 1703 1378 Jesu
1743 1323 1803 1377 in
1853 1337 2082 1393 corpore

425 1427 607 1476 nostro
638 1421 1046 1487 manifestetur.

499 1603 684 1656 Etiam
710 1617 839 1672 qum
863 1616 1022 1656 nunc
1054 1605 1360 1671 ponuntur
1388 1599 1816 1670 consequentia
1845 1602 1986 1653 sunt
2003 1596 2079 1653 ad

424 1709 495 1748 ea
524 1710 657 1764 quae
689 1690 963 1762 superius
993 1689 1363 1745 dicebantur.
1398 1689 1685 1755 Quoniam
1719 1688 2075 1759 nos,inquit,

427 1782 678 1853 apostoli
700 1797 904 1837 sumus
929 1779 1366 1851 praedicationis
1383 1778 1665 1845 ministri,
1690 1795 1822 1834 cum
1848 1777 2077 1850 indigni

427 1879 589 1928 tanta
619 1873 747 1944 ejus
776 1871 965 1944 gloria
995 1870 1202 1937 simus,
1244 1876 1524 1941 tanquam
1583 1886 1794 1924 aurum
1826 1869 1889 1923 in
1920 1868 2069 1923 vasis

2190 1863 2372 1937 ὥσπερ
2443 1867 2646 1941 χρυσὸν
2711 1865 2764 1923 ἒν
2835 1868 3173 1946 ὀστρακίνοις
3268 1868 3551 1949 φέροντες

429 1962 700 2017 testaceis
726 1960 1005 2015 ferentes.
1041 1981 1068 2009 ‹‹
1104 1961 1173 2014 Ει
1196 1976 1316 2014 non
1349 1975 1419 2013 ex
1449 1958 1641 2013 nobis.
1676 1982 1703 2010 ››
1743 1959 1813 2014 Ut
1850 1957 2074 2026 nullus,

424 2051 640 2122 inquit,
675 2050 785 2105 sibi
820 2050 932 2116 ipsi
966 2054 1247 2120 tanquam
1279 2048 1456 2122 digno
1490 2048 1710 2104 tribuat
1734 2047 1892 2118 quod
1918 2063 2079 2103 acce-

426 2140 597 2212 perit.
636 2138 739 2193 sed
772 2142 957 2193 totum
994 2137 1095 2192 Dei
1127 2137 1203 2192 sit
1232 2137 1532 2208 potentias,
1576 2139 1674 2208 qui
1727 2136 1941 2192 idonea
1972 2137 2075 2190 ha-

419 2228 549 2285 buit
578 2245 713 2283 vasa
745 2233 1001 2283 testacea
1030 2228 1103 2281 ad
1134 2228 1260 2282 auri
1294 2227 1751 2298 susceptionem.
1791 2250 1817 2277 (ι
1842 2226 1992 2281 Dum
2014 2225 2077 2281 in

422 2318 698 2375 omnibus
730 2318 1077 2389 premimur.
1114 2339 1141 2367 ››
1173 2317 1355 2382 Adeo,
1390 2316 1607 2387 inquit,
1640 2321 1829 2371 totum
1862 2321 1952 2370 est
1972 2332 2074 2387 po-

423 2409 622 2463 tentia)
654 2407 778 2470 Dei,
812 2406 970 2478 quod
1002 2406 1142 2460 licet
1172 2405 1411 2460 testacei
1437 2405 1641 2471 simus,
1675 2404 1829 2460 628
1861 2405 1922 2460 in
1946 2411 2078 2461 tan-

420 2497 615 2569 tisque
631 2497 1101 2568 circumagamur
1119 2494 1545 2550 tentationibus
1559 2493 2073 2571 etafflictionibus,

423 2603 543 2641 non
566 2586 605 2640 fi
620 2586 916 2657 angimur,
951 2601 1060 2639 nec
1093 2583 1397 2654 perdimus
1426 2599 1560 2637 eum
1592 2583 1773 2655 quiin
1799 2582 1971 2637 nobis
1987 2586 2078 2637 est

427 2674 791 2731 thesaurum.
824 2674 888 2727 In
924 2672 1227 2741 omnibus,
1248 2671 1462 2743 inquit,
1482 2677 1539 2727 et
1562 2672 1705 2727 locis
1726 2671 2073 2744 etnegotiis.

427 2769 571 2823 Eum
606 2783 740 2822 vero
771 2766 870 2837 qui
902 2764 1193 2835 premitur
1239 2781 1360 2819 non
1410 2764 1636 2819 anxiari
1683 2770 1785 2819 aut
1831 2764 2073 2819 anxium

422 2857 619 2916 reddi.
655 2861 743 2911 est
772 2855 872 2910 Dei
906 2854 1127 2927 gratim.
1164 2878 1190 2903 υ
1224 2854 1548 2909 Ηωῐιθιηιιε.
1578 2876 1605 2903 »
1626 2853 1843 2909 Incerti
1867 2870 2074 2909 sumus

424 2945 568 3019 quid
601 2946 793 3002 facere
827 2950 1096 3018 Oporteat
1124 2945 1196 3000 ad
1229 2944 1450 3000 bellum
1484 2961 1550 3000 ac
1593 2945 2071 3016 persecutionem

423 3036 688 3108 undique
722 3037 1167 3108 insurgentem:
1202 3039 1263 3089 at
1290 3051 1410 3090 non
1442 3035 1500 3089 in
1535 3040 1768 3090 tantum
1799 3041 1866 3090 ut
1894 3035 2073 3090 etiam

419 3128 846 3200 opprimemur,
879 3127 989 3181 hoc
1021 3132 1130 3190 est,
1191 3130 1256 3180 ut
1300 3124 1581 3183 cadamus
1629 3141 1696 3181 ac
1741 3125 2069 3184 vincamur.

421 3240 449 3267 ‹‹
482 3216 965 3272 Persecutionem
996 3215 1276 3286 patimur.
1306 3210 1805 3286 n‘Persequuntur
1828 3217 2068 3287 quidem

1552 405 1975 471 mCUMENIl
2020 402 2069 466 T

2184 407 2325 470 ἷϐιΕ
2372 411 2744 478 EPISCOPI.
3771 416 3862 478 964

2119 541 2167 606 A

2840 548 3098 606 ΚΕΦΔΛ.
3140 548 3213 617 ζ’.

2196 629 2324 705 Περὶ
2354 637 2455 703 τῆς
2484 634 2622 713 κατᾶ
2647 640 2808 713 σῷμα
2837 636 3108 713 ἀσθενείας
3153 636 3282 713 καὶ,
3318 640 3433 713 τῇς
3495 637 3598 690 τοῦ
3645 634 3868 711 σώματος

2539 707 2866 779 ἀποθέσεως,
2898 709 2988 765 καὶ
3028 708 3537 781 παναναλῆψεως.

2264 792 2506 868 Ἐχομεν
2564 793 2622 852 δὶ
2681 799 2773 854 τὸν
2838 802 3106 872 6.,σαυρόν
3206 796 3429 853 τοῦτον
3513 795 3569 850 ἐν
3651 795 3869 871 ὀστρακί-

2192 899 2309 942 νοις
2368 884 2627 955 σκεύεσιν,
2685 887 2777 942 ἵνα
2834 891 2868 958 ἡ
2938 883 3233 964 ὑπερϐολὴ
3303 893 3421 957 τῆς
3514 883 3790 953 δυνάμεως
3843 886 3872 962 ᾗ

2190 972 2288 1022 τοῦ
2321 976 2477 1043 Θεοῦ,
2518 975 2607 1029 καὶ
2674 978 2752 1049 μή
2820 976 2870 1047 ἐξ
2930 979 3109 1051 ἡμῶν·
3178 976 3239 1032 ἐν
3309 973 3490 1031 παντί
3551 969 3869 1048 θλιϐόμενοι,

2192 1055 2319 1113 ἀλλ’
2405 1061 2468 1116 οὐ
2568 1066 3094 1142 στενοχωρούμενοι·
3230 1064 3665 1141 ἀπορούμενοι,
3764 1061 3870 1118 ἀλλ’

2194 1147 2299 1203 οὐκ
2356 1147 2806 1228 ἐξαπορούμενοι·
2872 1152 3240 1229 διωκόμενοι,
3310 1150 3457 1210 αλλ’
3556 1150 3657 1207 οὐκ
3735 1150 3867 1228 ἐγκα-

2193 1235 2610 1314 ταλειπόμενοι·
2698 1239 3210 1318 καταϐαλλόμενοι,
3309 1241 3455 1299 ἀλλ’
3546 1241 3649 1297 οὐκ
3723 1240 3869 1296 ἀπολ-

2194 1322 2440 1399 λύμενον
2505 1332 2741 1389 πάντοτε
2815 1335 2916 1404 τήν
2972 1332 3248 1409 νέκρωσιν
3315 1336 3427 1387 τοῦ
3509 1328 3716 1406 Κυρίου
3771 1331 3868 1401 ἰη-

2190 1419 2286 1469 σοῦ
2343 1415 2395 1472 ἐν
2449 1424 2530 1489 τῷ
2588 1422 2804 1495 σώματι
2861 1423 3283 1501 περιφέροντες,
3350 1420 3455 1476 ’ἕνα
3518 1420 3614 1475 καὶ
3682 1421 3716 1489 ἠ
3770 1420 3866 1489 ζωή

2188 1509 2285 1560 τοῦ
2315 1509 2496 1579 Ἰησοῦ
2526 1508 2578 1564 ἐν
2606 1515 2686 1583 τῷ
2727 1513 2941 1586 σώματι
2970 1514 3131 1587 ἡμῶν
3166 1512 3519 1588 φανερωθῇ.

2262 1597 2566 1654 Ἀκόλουθα
2603 1604 2712 1656 τῶν
2743 1599 2856 1656 ἄνω
2894 1602 2987 1657 καὶ
3039 1602 3107 1658 τὰ
3153 1605 3282 1661 νῦν.
3348 1601 3487 1658 Ὀτι
3536 1601 3724 1672 ἡμεῖς.
3768 1619 3864 1676 νη-

2191 1685 2295 1754 σῖν,
2330 1687 2381 1741 οῖ
2412 1686 2742 1759 ἀπόστολοι,
2795 1687 3039 1746 διάκονοι
3100 1694 3200 1748 τοῦ
3267 1686 3659 1765 κηρύγματός
3704 1683 3860 1759 ἐσμεν.

2189 1773 2401 1845 ἀνάξιοι
2429 1784 2530 1847 τῆς
2575 1777 2844 1851 τοσαύτης
2900 1778 3065 1836 αὐτοῦ
3123 1778 3302 1855 δόξης
3365 1779 3745 1857 ὑπάρχοντες.
3789 1775 3863 1830 καὶ

3657 1884 3859 1922 σκευεσι.

2193 1955 2359 2012 «Καὶ
2423 1959 2500 2030 μὴ
2560 1957 2609 2029 ἐξ
2682 1960 2857 2032 ὑμῶν.
2895 1984 2922 2012 υ
2978 1962 3091 2017 Ἵνα
3152 1958 3394 2035 μηδεὶς,
3458 1959 3656 2038 φησὶν,
3710 1956 3860 2026 ἑαυτῷ

2187 2042 2400 2118 ἀποδῷ,
2432 2046 2508 2109 ὡς
2540 2047 2671 2120 ἀξίῳ
2704 2045 2975 2119 δέξασθαι,
3007 2049 3155 2107 ἀλλὰ
3194 2050 3266 2106 τὸ
3318 2054 3435 2104 πᾶν
3489 2045 3580 2118 εἴη
3636 2052 3734 2115 τῆς
3777 2046 3856 2100 τι)ὗ

2184 2138 2321 2189 Θεοῦ
2396 2132 2702 2209 δυνάμεως,
2771 2142 2869 2193 τοῦ
2972 2140 3363 2199 ἱκανώσαντος
3434 2136 3509 2192 τὰ
3593 2135 3862 2209 ὀστράκινα

2186 2223 2373 2296 σκεύη,
2408 2225 2484 2290 εἷς
2513 2227 2752 2306 χρυσίου
2784 2226 3093 2306 ὑποδοχήν.
3137 2254 3166 2283 ‹‹
3222 2234 3324 2287 Ἐν
3390 2227 3571 2285 παντὶ
3618 2218 3862 2298 θλιϐόμε-

2183 2335 2290 2374 νοι.
2324 2339 2352 2367 ››
2377 2315 2478 2372 Καὶ
2500 2321 2781 2389 τοσοῦτον,
2804 2319 2960 2397 φησὶ,
2987 2319 3050 2376 τὰ
3082 2326 3185 2376 πᾶν
3209 2318 3526 2393 δυνάμεώς
3575 2315 3688 2372 ἔστι
3716 2317 3853 2382 Θεοῦ,

2184 2402 2269 2459 ’ὁτι
2302 2404 2506 2460 καίτοι
2538 2404 2853 2480 ὀστράκινοι
2883 2403 3056 2473 ὄντες,
3096 2409 3183 2464 καὶ
3251 2408 3313 2464 ἐν
3379 2407 3680 2468 τοσούτοις
3721 2421 3850 2478 περι-

2185 2494 2542 2572 στρεφόμενοι
2575 2502 2921 2571 πειρασμοῖς,
2971 2497 3035 2553 οὐ
3079 2499 3433 2574 Θραυόμεθα,
3486 2496 3579 2552 καὶ
3626 2490 3850 2549 ἀπόλλυ-

2185 2602 2281 2656 μεν
2309 2582 2404 2637 τὸν
2436 2582 2490 2638 ἐν
2521 2586 2658 2656 ἡμῖν
2688 2587 2982 2659 θησαυρόν.
3017 2589 3107 2642 Ἐν
3136 2587 3334 2655 παντὶ,
3372 2583 3543 2665 φησὶ,
3575 2581 3667 2638 ναὶ
3715 2580 3845 2665 τόπῳ

2192 2671 2283 2725 καὶ
2322 2672 2632 2749 πράγματι.
2667 2674 2745 2729 Τὸ
2778 2670 2835 2728 δὲ
2867 2676 2943 2747 μὴ
2977 2662 3457 2751 στενογωρεῖσόαι
3488 2672 3585 2728 τὸν
3607 2662 3843 2739 ϐλιϐόμι-

2182 2780 2273 2815 νον
2308 2764 2441 2815 Θεοῦ
2474 2761 2703 2836 χάριτός
2736 2761 2899 2820 ἐστιν.
2936 2786 2964 2816 ‹‹
2990 2764 3434 2840 Ἀποροόμενοι.
3463 2786 3493 2815 ››
3523 2757 3842 2833 Ἀποροόμε·

2179 2870 2285 2917 νθιν
2318 2848 2472 2929 φησὶν
2505 2849 2557 2903 τί
2588 2853 2700 2925 χρὴ
2750 2855 2926 2907 ποιεῖν
2967 2853 3104 2927 πρὸς
3152 2853 3245 2908 τὸν
3308 2852 3375 2908 ἐκ
3421 2852 3644 2907 πάντων
3690 2842 3838 2902 πόλε-

2186 2959 2285 3010 μον
2316 2940 2407 2993 καί
2439 2935 2707 3014 διωγμὸν,
2739 2938 2868 2996 ἀλλ’
2899 2940 3001 2996 οὐκ
3029 2940 3117 2997 ἐπὶ
3166 2944 3467 3009 τοσοῦτον,
3526 2939 3664 2994 ὥστε
3707 2937 3837 3006 ἡμᾶς

2179 3026 2272 3082 καὶ
2304 3027 2729 3103 ἐξαπορηθῆναι,
2786 3032 3056 3098 τουτέστι,
3118 3037 3303 3087 πεσεῖν
3374 3030 3472 3086 καὶ
3532 3027 3832 3098 ἡττηθῆναιο

2190 3141 2218 3168 ‹‹
2253 3117 2611 3191 Διωκόμενοι.
2652 3144 2670 3168 ι
2709 3120 2976 3174 Διώκουσι
3011 3122 3107 3192 μὶν
3144 3121 3196 3175 οἱ
3246 3122 3567 3197 ἅνθρωποι,
3618 3116 3714 3171 οὐκ
3757 3111 3837 3185 ἔγ-

2183 3204 2588 3278 καταλιμπάνει
2628 3204 2684 3261 δὲ
2715 3207 2742 3261 ὁ
2784 3208 2933 3269 Θεός.
2967 3207 3045 3266 Οὐ
3103 3208 3213 3284 γὰρ
3256 3210 3405 3286 πρὸς
3462 3209 3629 3278 ἧτταν
3673 3203 3828 3273 ἡμῶν.

483 3267 504 3271 -
1000 3267 1275 3286 ,ν
1361 3267 1380 3269 ν
1416 3267 1793 3286 --πυρῇ-τ-
1835 3267 2068 3287 νην.--

420 3305 718 3370 homines,
750 3309 811 3358 at
840 3304 993 3358 Deus
1020 3302 1081 3358 in
1114 3319 1182 3359 ea
1212 3320 1330 3359 non
1384 3304 1623 3360 deserit.
1670 3307 1869 3376 Neque
1913 3307 2069 3361 enim

2186 3267 2493 3369 ἀλλὰπρὸς
2551 3292 2717 3348 πάλιν
2773 3296 2808 3363 ἡ
2871 3267 3250 3374 συγχώρῆσῖς,
3304 3267 3345 3347 ιι
3388 3267 3832 3360 ’Καταϐαλλόμμ

419 3392 712 3461 permittit
767 3396 834 3444 ut
881 3391 1360 3458 succumbamus,
1409 3391 1513 3446 sed
1561 3399 1626 3447 ut
1671 3411 2074 3465 exerceamur,

416 3503 443 3529 ‹‹
475 3477 819 3550 Dejicimur.
859 3501 884 3525 »ι
919 3480 987 3531 Et.
1016 3479 1175 3548 quod
1207 3479 1281 3533 ad
1311 3479 1809 3551 magnitudinem,
1851 3483 2073 3555 inquit.

415 3566 809 3624 afﬂictionum
853 3566 1083 3633 attinet,
1127 3567 1256 3638 jam
1306 3566 1521 3637 dejecti
1566 3585 1809 3624 sumus:
1861 3577 1922 3625 at
1968 3573 2070 3627 Dei

414 3658 601 3730 gratia
631 3674 751 3712 non
784 3656 1047 3729 perimus
1075 3672 1088 3710 :
1142 3656 1255 3710 hoc
1284 3661 1395 3719 est,
1430 3655 1491 3710 in
1521 3656 1815 3729 ambiguis
1837 3674 1905 3713 ac
1936 3676 2070 3729 per-

412 3747 603 3819 plexis
632 3746 808 3803 rebus
839 3751 1073 3818 portum
1102 3743 1309 3800 salutis
1371 3743 1730 3798 invenimus.
1766 3767 1794 3795 ‹‹
1829 3745 2074 3816 Semper

412 3837 932 3893 mortificationem
964 3833 1216 3890 Domini.
1246 3855 1274 3881 »
1301 3832 2066 3905 Mortiﬁcationem,inquit,

413 3928 647 3983 Domini
686 3944 794 3982 nos
827 3941 1062 3997 quoque
1091 3921 1315 3994 ubique
1347 3922 1845 3991 circumferimus,
1898 3929 1963 3978 ut
2004 3924 2067 3980 in

413 4014 541 4069 dies
571 4015 791 4084 ubique
821 4013 1167 4068 moriamur.
1202 4014 1367 4077 Nam,
1400 4036 1427 4063 ‹‹
1455 4014 1519 4068 In
1552 4012 1679 4068 dies
1712 4014 1955 4075 morior,
1980 4013 2068 4069 in-

410 4101 557 4172 quit,
594 4118 699 4174 per
730 4107 979 4156 vestram
1020 4101 1460 4175 gloriationem,
1521 4108 1587 4158 ut
1638 4103 1816 4159 etiam
1874 4118 2066 4159 resur-

408 4191 593 4246 rectio
628 4191 860 4247 Domini
892 4192 993 4249 flat
1024 4198 1165 4249 nota
1194 4210 1301 4266 per
1349 4211 1563 4267 corpus
1610 4200 1882 4250 nostrum
1930 4194 1994 4248 ‘0.
2034 4214 2062 4243 η

409 4279 552 4334 Nam
605 4279 705 4351 qui
751 4282 1172 4339 resurrectioni
1228 4284 1457 4339 Domini
1506 4299 1627 4339 non
1666 4283 1875 4348 credit,
1926 4298 2062 4339 cum

407 4367 601 4424 videat
629 4385 739 4424 nos
770 4370 832 4425 in
866 4370 995 4427 dies
1023 4372 1350 4428 morientes
1373 4373 1435 4427 in
1468 4371 1593 4428 dies
1625 4378 1826 4428 tamen
1846 4374 2059 4437 vivere,

398 4459 526 4531 jam
560 4475 936 4531 nequaquam
969 4460 1407 4516 rationabiliter
1438 4460 1782 4517 incredulus
1820 4478 2057 4534 permit-

405 4547 591 4605 nebit.

2184 3405 2289 3440 νοι.
2329 3410 2349 3438 ι
2388 3383 2493 3439 Καὶ
2548 3384 2672 3438 ὅσον
2736 3383 2854 3456 μὲν,
2921 3383 3077 3463 φησὶ,
3134 3386 3274 3460 πρὸς
3333 3385 3403 3440 τὸ
3467 3381 3691 3457 μέγεθος
3740 3377 3827 3463 τιῖογ

2185 3478 2526 3547 πειρασμῶν,
2576 3469 2684 3542 ἢδη
2736 3460 3188 3544 καταϐληθέντες,
3241 3474 3398 3530 ἀλλὰ
3445 3476 3519 3545 τῇ
3567 3472 3662 3525 τοῦ
3715 3460 3828 3519 Θεοῦ

2184 3562 2373 3640 χάριτι
2405 3563 2504 3618 οὐκ
2536 3560 2938 3635 ἀπολλύμενοι.
2973 3563 3090 3617 ἀντὶ
3142 3566 3266 3631 τοῦ,
3315 3563 3372 3619 ἓν
3430 3560 3661 3634 ἀπόροις
3706 3548 3825 3627 πρά-

2180 3670 2371 3723 γμασι,
2403 3670 2607 3726 πορους
2638 3649 2979 3725 εὑρίσκοντες
3037 3653 3334 3727 σωτηρίας,
3401 3676 3430 3703 ‹‹
3469 3656 3703 3706 Ηαντοτε
3740 3638 3824 3708 τήν

2181 3738 2441 3813 νέκρωσιν
2478 3744 2573 3795 τοῦ
2606 3739 2824 3813 Κυρίου.
2859 3763 2887 3793 ››
2946 3773 3015 3783 --
3056 3742 3425 3815 ⁸[ΘΕΟΔΩΡ]
3478 3738 3595 3806 Τήν
3642 3733 3819 3805 νέκρω-

2181 3847 2285 3896 σιν,
2319 3830 2476 3907 φησὶ,
2509 3833 2606 3883 τοῦ
2638 3828 2845 3903 Κυρίου
2902 3828 2991 3885 καὶ
3052 3830 3216 3903 ἡμεῖς
3274 3831 3571 3905 πανταχοῦ
3628 3816 3818 3897 περιφε-

2178 3936 2367 3992 Pop-8‘4.
2434 3918 2513 3987 τῷ
2579 3920 2699 3982 καθ’
2766 3918 2977 3995 ἡμέραν
3070 3921 3434 3991 ἀποθνήσκειν
3530 3908 3806 3983 πανταχοῦ.

2190 4030 2216 4055 u
2263 4007 2390 4060 Καθ’
2451 4003 2661 4081 ἡμέραν
2718 4007 2818 4083 γὰρ
2878 4010 3230 4080 ἀποθνήσκω,
3289 4011 3355 4079 vi,
3421 4009 3521 4077 τήν
3578 3997 3806 4077 ὑμετέραν

2173 4093 2466 4169 καύχησιν,
2496 4093 2604 4159 ἳνα,
2661 4097 2815 4175 φησὶ,
2883 4098 2975 4153 καὶ
3032 4099 3066 4168 ἠ
3126 4099 3417 4162 ἀνάστασις
3474 4098 3571 4151 τοῦ
3638 4084 3808 4163 Κυρίου

2175 4181 2438 4255 διάδηλος
2469 4184 2694 4259 γένηται
2726 4183 2814 4241 διὰ
2855 4190 2953 4242 τοῦ
3011 4187 3264 4261 σώματος
3322 4191 3509 4261 ἡμῶν.
3546 4208 3573 4236 ι)
3617 4181 3673 4237 Ὀ
3715 4173 3801 4261 γᾶῆ

2170 4279 2239 4350 τῇ
2270 4273 2552 4330 ἀναστάσει
2594 4279 2692 4331 τοῦ
2750 4277 2954 4351 Κυρίου
3002 4276 3267 4349 ἀπιστῶν,
3318 4278 3473 4353 ἡμᾶς
3518 4275 3653 4349 ὁρων
3698 4254 3800 4353 παρ’

2171 4345 2380 4439 ἡμέραν
2430 4345 2893 4436 ἀποθνήσκοντας,
2941 4366 3062 4431 καθ’
3110 4345 3437 4442 ἡμέραν-’δὶ
3487 4345 3695 4434 ζῶντας,
3740 4345 3792 4405 οὗ

2168 4451 2263 4510 κᾶν
2292 4449 2371 4511 ἔτι
2406 4453 2653 4529 εὐλόγως
2681 4453 2997 4526 ἀπιστήσει.

471 4638 566 4707 IV,
600 4641 688 4703 lt,
724 4641 808 4694 t3.
860 4641 1090 4708 Semper
1117 4639 1263 4692 enim
1291 4654 1388 4694 nos
1416 4640 1516 4709 qui
1542 4638 1795 4697 vivimus.
1821 4640 1882 4695 in
1909 4655 2053 4695 mor-

2232 4631 2341 4690 Ἀεὶ
2372 4631 2473 4705 γὰρ
2505 4631 2670 4703 ἡμεῖς
2728 4630 2779 4686 οἱ
2837 4635 3056 4701 ζῶντες,
3118 4631 3191 4694 εἷς
3247 4628 3469 4690 θάνατον
3523 4613 3785 4702 παραδιδόο

401 4732 503 4781 tem
537 4730 815 4784 tradimur
829 4734 1063 4799 prcpter
1089 4728 1293 4795 Jesum,
1345 4733 1407 4783 ut
1454 4735 1504 4783 et
1546 4730 1664 4783 vita
1699 4730 1826 4783 Jesu
1872 4730 2057 4784 mani-

399 4816 636 4881 festatur
664 4820 720 4870 in
757 4817 981 4871 mortali
1005 4834 1170 4873 carne
1197 4825 1407 4874 nostra.
1439 4819 1634 4888 Itaque
1664 4834 1810 4873 mors
1835 4819 2056 4888 quidem

400 4904 460 4958 in
490 4904 647 4958 nobis
677 4906 812 4974 agit,
846 4908 962 4960 rita
989 4923 1115 4962 vero
1139 4906 1196 4961 in
1218 4908 1387 4963 vobis.
1427 4910 1699 4963 fwterum
1721 4924 1843 4964 cum
1863 4908 2058 4963 habea-

400 5008 521 5047 mus
551 4993 796 5049 eumdem
824 4998 1088 5066 spiritum
1115 4997 1246 5066 ﬁdei
1250 4999 1427 5068 juxta
1448 4997 1593 5053 illud
1613 4998 1763 5067 quod
1788 5000 2056 5068 scriptum

401 5088 518 5137 est:
551 5083 796 5149 Credidi,
829 5086 1033 5142 idcirco
1069 5088 1277 5144 locutus
1319 5104 1438 5144 sum
1468 5105 1486 5143 .'
1522 5095 1576 5142 et
1623 5103 1720 5144 nos
1758 5088 2051 5155 credimus,

400 5171 610 5228 idcirco
641 5172 809 5228 etiam
841 5175 1140 5244 loquimur.

473 5262 549 5317 De
582 5261 790 5318 eodem
850 5281 1087 5319 rursum
1138 5264 1305 5321 dixit.
1364 5268 1707 5338 Propterea,
1759 5266 1973 5337 inquit,
2019 5283 2055 5322 θ.

398 5348 514 5403 Deo
548 5351 951 5421 permittimur
982 5352 1131 5407 tradi
1164 5353 1225 5407 in
1250 5360 1523 5420 mortem,
1553 5360 1619 5410 ut
1641 5355 2054 5410 manifestatur

396 5438 554 5508 quod
587 5441 912 5497 surrexerit
943 5441 1227 5497 Christus.
1272 5442 1382 5507 Qui
1438 5445 1598 5499 enim
1648 5444 1710 5498 in
1764 5444 1893 5500 dies
1941 5460 2052 5500 nos

393 5527 661 5599 suscitat,
694 5535 853 5589 certe
886 5530 1150 5606 seipsum
1181 5546 1419 5603 quoque
1451 5532 1744 5590 excitavit.
1774 5537 1892 5590 Aut
1938 5531 2054 5590 hoc

469 5729 514 5764 ⁴⁰
543 5731 674 5785 Cor.
709 5750 801 5804 xv,
834 5736 920 5789 32.

2169 4722 2301 4796 μεθα
2363 4718 2453 4775 8ιοὶ
2520 4720 2753 4788 Ἰησοῦν,
2813 4716 2903 4775 ’ἱνα
2966 4723 3001 4791 ἡ
3072 4722 3184 4791 ζωή
3251 4726 3349 4778 τοῦ
3426 4719 3598 4788 Ἰησοῦ
3649 4724 3783 4796 qui“?

2166 4790 2318 4883 ρωθῇ
2371 4808 2426 4863 ἐν
2486 4811 2553 4883 τῇ
2613 4810 2781 4883 θνητῇ
2821 4810 2979 4882 σαρκὶ
3034 4790 3216 4883 ἡμῶν.
3275 4813 3438 4867 Ὥστε
3492 4810 3519 4863 ὁ
3577 4803 3661 4878 μὶν
3710 4790 3783 4849 θά“

2163 4919 2321 4959 νατος
2351 4897 2402 4953 ἐν
2440 4899 2578 4971 ἡμῖν
2623 4896 2938 4972 ἐνεργεῖται,
2969 4900 3004 4968 ἡ
3040 4894 3097 4954 δὶ
3146 4899 3261 4970 ζωή
3310 4897 3361 4954 ἐν
3411 4898 3557 4973 ὑμῖν.
3602 4891 3775 4973 “Exor-

2163 5008 2251 5049 τες
2319 4984 2377 5042 δὲ
2436 4987 2498 5041 τὸ
2566 4985 2696 5041 αὐτὸ
2767 4990 2982 5060 πνεῦμα
3046 4990 3146 5060 τῇς
3247 4988 3480 5052 πίστεως
3552 4978 3673 5038 κατά
3720 4966 3771 5024 τδ

2161 5077 2572 5154 γεγραμμένον.
2624 5074 2963 5144 Ἐπίστευσα,
3023 5073 3108 5132 διὸ
3166 5074 3434 5149 ἐλάλησω
3492 5071 3576 5132 καί
3634 5061 3770 5137 ήμί<

2164 5165 2509 5238 πιστεύομεν,
2544 5161 2628 5220 διὸ
2664 5165 2753 5220 καὶ
2788 5163 3088 5238 λαλοῦμεν,

2235 5254 2407 5311 Πάλιν
2439 5254 2690 5329 περὶτοῦ
2722 5253 2889 5310 αὐτοῦ
2938 5254 3075 5311 εἶπε.
3126 5256 3226 5311 Διά
3269 5261 3433 5311 τοῦτο
3475 5253 3594 5333 γὰρ.
3636 5235 3764 5323 φησίν

2163 5342 2602 5423 συγχωρούμεθα
2632 5342 2736 5397 ὑπὸ
2763 5346 2861 5399 τοῦ
2909 5347 3043 5400 Θεοῦ
3091 5329 3498 5421 παραδίδοσθαι
3526 5339 3594 5398 εἷς
3637 5329 3765 5423 θάνα-

2162 5420 2276 5506 τον,
2303 5435 2397 5490 ’ἱνα
2427 5433 2714 5510 φανερωθῇ
2743 5431 2824 5487 ὅτι
2865 5432 3059 5505 ἀνέστη
3093 5420 3350 5509 Χριστός.
3404 5435 3464 5494 Ὀ
3505 5430 3601 5509 γᾶρ
3641 5420 3764 5491 ἡμᾶς

2165 5525 2387 5600 ἰγείρων
2427 5522 2543 5578 καθ’
2603 5519 2835 5597 ἡμέραν,
2882 5521 2974 5578 καὶ
3018 5523 3203 5580 ἑαυτὸν
3257 5520 3510 5596 δηλονότι
3560 5513 3759 5590 ἤγειρεν.
