  <div class='ocr_page' id='page_1' title='image "/cluster/home/n/w/nwhite01/storage/ocr_20150623/118/hvd.32044073502247/488.png"; bbox 0 0 4128 6192; ppageno 0'>
   <div class='ocr_carea' id='block_1_1' title="bbox 272 377 390 438">
    <p class='ocr_par' dir='ltr' id='par_1_1' title="bbox 272 377 390 438">
     <span class='ocr_line' id='line_1_1' title="bbox 272 377 390 438; baseline -0.017 1"><span class='ocrx_word' id='word_1_1' title='bbox 272 377 390 438; x_wconf 77' lang='lat'>965</span> 
     </span>
    </p>
   </div>
   <div class='ocr_carea' id='block_1_2' title="bbox 1194 373 2687 443">
    <p class='ocr_par' dir='ltr' id='par_1_2' title="bbox 1194 373 2687 443">
     <span class='ocr_line' id='line_1_2' title="bbox 1194 373 2687 443; baseline 0.002 -4"><span class='ocrx_word' id='word_1_2' title='bbox 1194 375 1606 440; x_wconf 80' lang='lat' dir='ltr'>OOMMENT.</span> <span class='ocrx_word' id='word_1_3' title='bbox 1653 376 1731 438; x_wconf 87' lang='lat' dir='ltr'>IN</span> <span class='ocrx_word' id='word_1_4' title='bbox 1776 373 2027 437; x_wconf 73' lang='lat' dir='ltr'>EPIBT.</span> <span class='ocrx_word' id='word_1_5' title='bbox 2075 375 2131 436; x_wconf 87' lang='grc' dir='ltr'>Ιῐ</span> <span class='ocrx_word' id='word_1_6' title='bbox 2178 379 2279 439; x_wconf 84' lang='lat' dir='ltr'>AD</span> <span class='ocrx_word' id='word_1_7' title='bbox 2321 379 2687 443; x_wconf 79' lang='lat' dir='ltr'>CORINTH.</span> 
     </span>
    </p>
   </div>
   <div class='ocr_carea' id='block_1_3' title="bbox 3568 387 3684 450">
    <p class='ocr_par' dir='ltr' id='par_1_3' title="bbox 3568 387 3684 450">
     <span class='ocr_line' id='line_1_3' title="bbox 3568 387 3684 450; baseline 0 0"><span class='ocrx_word' id='word_1_8' title='bbox 3568 387 3684 450; x_wconf 81' lang='lat'>966</span> 
     </span>
    </p>
   </div>
   <div class='ocr_carea' id='block_1_4' title="bbox 272 507 1938 594">
    <p class='ocr_par' dir='ltr' id='par_1_4' title="bbox 272 507 1929 588">
     <span class='ocr_line' id='line_1_4' title="bbox 272 507 1929 588; baseline -0.002 -20"><span class='ocrx_word' id='word_1_9' title='bbox 272 514 346 571; x_wconf 85' lang='grc' dir='ltr'>Ἤ</span> <span class='ocrx_word' id='word_1_10' title='bbox 380 507 573 574; x_wconf 66' lang='grc' dir='ltr'>οὕτως’</span> <span class='ocrx_word' id='word_1_11' title='bbox 605 509 703 566; x_wconf 86' lang='grc' dir='ltr'>Διά</span> <span class='ocrx_word' id='word_1_12' title='bbox 729 514 892 567; x_wconf 77' lang='grc' dir='ltr'>τοῦεο</span> <span class='ocrx_word' id='word_1_13' title='bbox 942 509 1166 576; x_wconf 67' lang='grc' dir='ltr'>δαυτοὺς</span> <span class='ocrx_word' id='word_1_14' title='bbox 1220 512 1298 575; x_wconf 82' lang='grc' dir='ltr'>εἷς</span> <span class='ocrx_word' id='word_1_15' title='bbox 1356 513 1579 568; x_wconf 65' lang='grc' dir='ltr'>θάνατον</span> <span class='ocrx_word' id='word_1_16' title='bbox 1630 509 1929 588; x_wconf 61' lang='grc' dir='ltr'>παραδίδο-</span> 
     </span>
    </p>
   </div>
   <div class='ocr_carea' id='block_1_5' title="bbox 2052 507 3687 594">
    <p class='ocr_par' dir='ltr' id='par_1_5' title="bbox 2052 520 3687 594">
     <span class='ocr_line' id='line_1_5' title="bbox 2052 520 3687 594; baseline 0.002 -12"><span class='ocrx_word' id='word_1_17' title='bbox 2052 524 2250 583; x_wconf 78' lang='lat' dir='ltr'>modo:</span> <span class='ocrx_word' id='word_1_18' title='bbox 2283 524 2605 594; x_wconf 88' lang='lat' dir='ltr'>Propterea</span> <span class='ocrx_word' id='word_1_19' title='bbox 2630 537 2738 575; x_wconf 87' lang='lat' dir='ltr'>nos</span> <span class='ocrx_word' id='word_1_20' title='bbox 2770 520 2929 592; x_wconf 89' lang='lat' dir='ltr'>ipsos</span> <span class='ocrx_word' id='word_1_21' title='bbox 2978 522 3039 576; x_wconf 89' lang='lat' dir='ltr'>in</span> <span class='ocrx_word' id='word_1_22' title='bbox 3091 529 3341 579; x_wconf 87' lang='lat' dir='ltr'>mortem</span> <span class='ocrx_word' id='word_1_23' title='bbox 3396 526 3687 585; x_wconf 79' lang='lat' dir='ltr'>tradimus</span> 
     </span>
    </p>
   </div>
   <div class='ocr_carea' id='block_1_6' title="bbox 285 599 1925 681">
    <p class='ocr_par' dir='ltr' id='par_1_6' title="bbox 285 599 1925 681">
     <span class='ocr_line' id='line_1_6' title="bbox 285 599 1925 681; baseline -0.002 -25"><span class='ocrx_word' id='word_1_24' title='bbox 285 623 402 677; x_wconf 88' lang='grc' dir='ltr'>μεν,</span> <span class='ocrx_word' id='word_1_25' title='bbox 433 601 522 656; x_wconf 82' lang='grc' dir='ltr'>ἳνα</span> <span class='ocrx_word' id='word_1_26' title='bbox 552 600 586 670; x_wconf 76' lang='grc' dir='ltr'>ἦ</span> <span class='ocrx_word' id='word_1_27' title='bbox 624 600 739 669; x_wconf 74' lang='grc' dir='ltr'>ζωὴ</span> <span class='ocrx_word' id='word_1_28' title='bbox 769 602 867 655; x_wconf 83' lang='grc' dir='ltr'>τοῦ</span> <span class='ocrx_word' id='word_1_29' title='bbox 925 599 1128 672; x_wconf 83' lang='grc' dir='ltr'>Κυρίου</span> <span class='ocrx_word' id='word_1_30' title='bbox 1186 604 1470 681; x_wconf 63' lang='grc' dir='ltr'>φανερωθῇ</span> <span class='ocrx_word' id='word_1_31' title='bbox 1516 599 1606 656; x_wconf 83' lang='grc' dir='ltr'>καὶ</span> <span class='ocrx_word' id='word_1_32' title='bbox 1662 599 1925 676; x_wconf 67' lang='grc' dir='ltr'>ἐνεργής-ῃ</span> 
     </span>
    </p>
   </div>
   <div class='ocr_carea' id='block_1_7' title="bbox 278 686 1926 765">
    <p class='ocr_par' dir='ltr' id='par_1_7' title="bbox 278 686 1926 765">
     <span class='ocr_line' id='line_1_7' title="bbox 278 686 1926 765; baseline -0.001 -21"><span class='ocrx_word' id='word_1_33' title='bbox 278 691 333 747; x_wconf 78' lang='grc' dir='ltr'>ἐν</span> <span class='ocrx_word' id='word_1_34' title='bbox 365 694 525 765; x_wconf 74' lang='grc' dir='ltr'>ἡμῖν.</span> <span class='ocrx_word' id='word_1_35' title='bbox 580 689 759 758; x_wconf 81' lang='grc' dir='ltr'>Πότε;</span> <span class='ocrx_word' id='word_1_36' title='bbox 818 686 1076 757; x_wconf 63' lang='grc' dir='ltr'>δηλονότι</span> <span class='ocrx_word' id='word_1_37' title='bbox 1135 687 1185 744; x_wconf 77' lang='grc' dir='ltr'>ἐν</span> <span class='ocrx_word' id='word_1_38' title='bbox 1249 691 1329 763; x_wconf 81' lang='grc' dir='ltr'>τῷ</span> <span class='ocrx_word' id='word_1_39' title='bbox 1390 687 1656 763; x_wconf 68' lang='grc' dir='ltr'>μέλλοντι</span> <span class='ocrx_word' id='word_1_40' title='bbox 1711 691 1926 760; x_wconf 86' lang='grc' dir='ltr'>κόσμῳ,</span> 
     </span>
    </p>
   </div>
   <div class='ocr_carea' id='block_1_8' title="bbox 274 775 1931 857">
    <p class='ocr_par' dir='ltr' id='par_1_8' title="bbox 274 775 1931 857">
     <span class='ocr_line' id='line_1_8' title="bbox 274 775 1931 857; baseline -0.002 -21"><span class='ocrx_word' id='word_1_41' title='bbox 274 781 420 836; x_wconf 79' lang='grc' dir='ltr'>Ὠσεὶ</span> <span class='ocrx_word' id='word_1_42' title='bbox 452 780 656 857; x_wconf 84' lang='grc' dir='ltr'>ἔλεγεν·</span> <span class='ocrx_word' id='word_1_43' title='bbox 688 780 879 851; x_wconf 81' lang='grc' dir='ltr'>Ἡμεῖς</span> <span class='ocrx_word' id='word_1_44' title='bbox 911 778 1095 835; x_wconf 83' lang='grc' dir='ltr'>τοίνυν</span> <span class='ocrx_word' id='word_1_45' title='bbox 1127 777 1217 834; x_wconf 87' lang='grc' dir='ltr'>διά</span> <span class='ocrx_word' id='word_1_46' title='bbox 1270 780 1364 834; x_wconf 87' lang='grc' dir='ltr'>τὸν</span> <span class='ocrx_word' id='word_1_47' title='bbox 1421 781 1651 854; x_wconf 77' lang='grc' dir='ltr'>Χριστὸν</span> <span class='ocrx_word' id='word_1_48' title='bbox 1701 775 1931 854; x_wconf 74' lang='grc' dir='ltr'>παραδί-</span> 
     </span>
    </p>
   </div>
   <div class='ocr_carea' id='block_1_9' title="bbox 283 865 1929 944">
    <p class='ocr_par' dir='ltr' id='par_1_9' title="bbox 283 865 1929 944">
     <span class='ocr_line' id='line_1_9' title="bbox 283 865 1929 944; baseline -0.004 -18"><span class='ocrx_word' id='word_1_49' title='bbox 283 869 449 944; x_wconf 75' lang='grc' dir='ltr'>δομεν</span> <span class='ocrx_word' id='word_1_50' title='bbox 479 867 702 929; x_wconf 74' lang='grc' dir='ltr'>ἑαυτοὺς</span> <span class='ocrx_word' id='word_1_51' title='bbox 733 867 810 930; x_wconf 85' lang='grc' dir='ltr'>είς</span> <span class='ocrx_word' id='word_1_52' title='bbox 859 869 1101 937; x_wconf 70' lang='grc' dir='ltr'>θάνατον,</span> <span class='ocrx_word' id='word_1_53' title='bbox 1151 865 1241 922; x_wconf 76' lang='grc' dir='ltr'>’ίνα</span> <span class='ocrx_word' id='word_1_54' title='bbox 1290 868 1318 922; x_wconf 98' lang='lat'>6</span> <span class='ocrx_word' id='word_1_55' title='bbox 1384 869 1615 944; x_wconf 77' lang='grc' dir='ltr'>Χριστὸς</span> <span class='ocrx_word' id='word_1_56' title='bbox 1670 868 1793 921; x_wconf 87' lang='grc' dir='ltr'>τότε</span> <span class='ocrx_word' id='word_1_57' title='bbox 1822 865 1929 921; x_wconf 71' lang='grc' dir='ltr'>ἀτὸ</span> 
     </span>
    </p>
   </div>
   <div class='ocr_carea' id='block_1_10' title="bbox 283 954 1932 1034">
    <p class='ocr_par' dir='ltr' id='par_1_10' title="bbox 283 954 1932 1034">
     <span class='ocr_line' id='line_1_10' title="bbox 283 954 1932 1034; baseline -0.004 -18"><span class='ocrx_word' id='word_1_58' title='bbox 283 964 381 1016; x_wconf 85' lang='grc' dir='ltr'>τοῦ</span> <span class='ocrx_word' id='word_1_59' title='bbox 410 962 615 1027; x_wconf 75' lang='grc' dir='ltr'>νοητοῦ</span> <span class='ocrx_word' id='word_1_60' title='bbox 658 959 890 1013; x_wconf 79' lang='grc' dir='ltr'>θανάτου</span> <span class='ocrx_word' id='word_1_61' title='bbox 947 961 1044 1011; x_wconf 89' lang='grc' dir='ltr'>τοῦ</span> <span class='ocrx_word' id='word_1_62' title='bbox 1101 962 1202 1025; x_wconf 80' lang='grc' dir='ltr'>τῆς</span> <span class='ocrx_word' id='word_1_63' title='bbox 1259 956 1648 1034; x_wconf 74' lang='grc' dir='ltr'>κατακρίσεως,</span> <span class='ocrx_word' id='word_1_64' title='bbox 1705 954 1932 1031; x_wconf 78' lang='grc' dir='ltr'>ῥύσηται</span> 
     </span>
    </p>
   </div>
   <div class='ocr_carea' id='block_1_11' title="bbox 281 1045 1930 1125">
    <p class='ocr_par' dir='ltr' id='par_1_11' title="bbox 281 1045 1930 1125">
     <span class='ocr_line' id='line_1_11' title="bbox 281 1045 1930 1125; baseline -0.003 -21"><span class='ocrx_word' id='word_1_65' title='bbox 281 1053 431 1124; x_wconf 78' lang='grc' dir='ltr'>ἡμᾶς</span> <span class='ocrx_word' id='word_1_66' title='bbox 459 1049 549 1104; x_wconf 81' lang='grc' dir='ltr'>καὶ</span> <span class='ocrx_word' id='word_1_67' title='bbox 581 1048 657 1112; x_wconf 84' lang='grc' dir='ltr'>εἷς</span> <span class='ocrx_word' id='word_1_68' title='bbox 691 1049 834 1117; x_wconf 74' lang='grc' dir='ltr'>ζωὴν</span> <span class='ocrx_word' id='word_1_69' title='bbox 866 1048 1045 1125; x_wconf 76' lang='grc' dir='ltr'>ἀγάγῃ</span> <span class='ocrx_word' id='word_1_70' title='bbox 1074 1049 1172 1118; x_wconf 79' lang='grc' dir='ltr'>τὴν</span> <span class='ocrx_word' id='word_1_71' title='bbox 1196 1049 1419 1119; x_wconf 71' lang='grc' dir='ltr'>νοητήν.</span> <span class='ocrx_word' id='word_1_72' title='bbox 1472 1071 1500 1101; x_wconf 78' lang='grc' dir='ltr'>ι(</span> <span class='ocrx_word' id='word_1_73' title='bbox 1548 1049 1708 1102; x_wconf 76' lang='grc' dir='ltr'>’Ὠστε</span> <span class='ocrx_word' id='word_1_74' title='bbox 1764 1046 1793 1101; x_wconf 90' lang='lat'>6</span> <span class='ocrx_word' id='word_1_75' title='bbox 1835 1045 1930 1117; x_wconf 76' lang='grc' dir='ltr'>μὶν</span> 
     </span>
    </p>
   </div>
   <div class='ocr_carea' id='block_1_12' title="bbox 287 1134 1933 1215">
    <p class='ocr_par' dir='ltr' id='par_1_12' title="bbox 287 1134 1933 1215">
     <span class='ocr_line' id='line_1_12' title="bbox 287 1134 1933 1215; baseline -0.002 -21"><span class='ocrx_word' id='word_1_76' title='bbox 287 1143 527 1205; x_wconf 79' lang='grc' dir='ltr'>θάνατος.</span> <span class='ocrx_word' id='word_1_77' title='bbox 563 1161 591 1191; x_wconf 91' lang='grc'><strong>››</strong></span> <span class='ocrx_word' id='word_1_78' title='bbox 621 1137 709 1200; x_wconf 73' lang='grc' dir='ltr'>Ὠς</span> <span class='ocrx_word' id='word_1_79' title='bbox 743 1137 803 1192; x_wconf 84' lang='grc' dir='ltr'>ὲκ</span> <span class='ocrx_word' id='word_1_80' title='bbox 832 1141 929 1192; x_wconf 88' lang='grc' dir='ltr'>τοῦ</span> <span class='ocrx_word' id='word_1_81' title='bbox 959 1134 1289 1203; x_wconf 67' lang='grc' dir='ltr'>ἀκολούθου,</span> <span class='ocrx_word' id='word_1_82' title='bbox 1349 1135 1504 1215; x_wconf 72' lang='grc' dir='ltr'>φησὶ,</span> <span class='ocrx_word' id='word_1_83' title='bbox 1563 1141 1729 1192; x_wconf 84' lang='grc' dir='ltr'>τοῦτο</span> <span class='ocrx_word' id='word_1_84' title='bbox 1788 1135 1933 1212; x_wconf 71' lang='grc' dir='ltr'>γίνε-</span> 
     </span>
    </p>
   </div>
   <div class='ocr_carea' id='block_1_13' title="bbox 289 1222 1933 1303">
    <p class='ocr_par' dir='ltr' id='par_1_13' title="bbox 289 1222 1933 1303">
     <span class='ocr_line' id='line_1_13' title="bbox 289 1222 1933 1303; baseline -0.003 -19"><span class='ocrx_word' id='word_1_85' title='bbox 289 1230 434 1298; x_wconf 79' lang='grc' dir='ltr'>σθαι,</span> <span class='ocrx_word' id='word_1_86' title='bbox 462 1229 554 1282; x_wconf 86' lang='grc' dir='ltr'>τὸν</span> <span class='ocrx_word' id='word_1_87' title='bbox 621 1227 715 1300; x_wconf 75' lang='grc' dir='ltr'>μὲν</span> <span class='ocrx_word' id='word_1_88' title='bbox 774 1227 998 1281; x_wconf 88' lang='grc' dir='ltr'>θάνατον</span> <span class='ocrx_word' id='word_1_89' title='bbox 1054 1225 1105 1281; x_wconf 74' lang='grc' dir='ltr'>ἐν</span> <span class='ocrx_word' id='word_1_90' title='bbox 1156 1227 1295 1300; x_wconf 75' lang='grc' dir='ltr'>ἡμῖν</span> <span class='ocrx_word' id='word_1_91' title='bbox 1349 1225 1584 1303; x_wconf 73' lang='grc' dir='ltr'>ἆνεργεῖν</span> <span class='ocrx_word' id='word_1_92' title='bbox 1642 1222 1733 1280; x_wconf 84' lang='grc' dir='ltr'>καὶ</span> <span class='ocrx_word' id='word_1_93' title='bbox 1790 1224 1933 1299; x_wconf 78' lang='grc' dir='ltr'>ἐνερ-</span> 
     </span>
    </p>
   </div>
   <div class='ocr_carea' id='block_1_14' title="bbox 285 1313 1931 1398">
    <p class='ocr_par' dir='ltr' id='par_1_14' title="bbox 285 1313 1931 1398">
     <span class='ocr_line' id='line_1_14' title="bbox 285 1313 1931 1398; baseline -0.002 -24"><span class='ocrx_word' id='word_1_94' title='bbox 285 1318 381 1398; x_wconf 84' lang='grc' dir='ltr'>γὸν</span> <span class='ocrx_word' id='word_1_95' title='bbox 407 1317 694 1393; x_wconf 71' lang='grc' dir='ltr'>ὑπάρχειν,</span> <span class='ocrx_word' id='word_1_96' title='bbox 724 1319 823 1387; x_wconf 74' lang='grc' dir='ltr'>τήν</span> <span class='ocrx_word' id='word_1_97' title='bbox 857 1313 915 1371; x_wconf 72' lang='grc' dir='ltr'>δὲ</span> <span class='ocrx_word' id='word_1_98' title='bbox 971 1318 1116 1387; x_wconf 75' lang='grc' dir='ltr'>ζωὴν</span> <span class='ocrx_word' id='word_1_99' title='bbox 1179 1317 1231 1372; x_wconf 75' lang='grc' dir='ltr'>ἐν</span> <span class='ocrx_word' id='word_1_100' title='bbox 1292 1317 1442 1391; x_wconf 84' lang='grc' dir='ltr'>ὑμῖν.</span> <span class='ocrx_word' id='word_1_101' title='bbox 1501 1317 1590 1381; x_wconf 72' lang='grc' dir='ltr'>Ὠς</span> <span class='ocrx_word' id='word_1_102' title='bbox 1648 1315 1695 1371; x_wconf 80' lang='grc' dir='ltr'>εἰ</span> <span class='ocrx_word' id='word_1_103' title='bbox 1726 1314 1931 1391; x_wconf 80' lang='grc' dir='ltr'>ἔλεγεν·</span> 
     </span>
    </p>
   </div>
   <div class='ocr_carea' id='block_1_15' title="bbox 284 1403 1934 1484">
    <p class='ocr_par' dir='ltr' id='par_1_15' title="bbox 284 1403 1934 1484">
     <span class='ocr_line' id='line_1_15' title="bbox 284 1403 1934 1484; baseline -0.005 -18"><span class='ocrx_word' id='word_1_104' title='bbox 284 1409 477 1483; x_wconf 80' lang='grc' dir='ltr'>Ἡμεῖς</span> <span class='ocrx_word' id='word_1_105' title='bbox 536 1405 952 1479; x_wconf 70' lang='grc' dir='ltr'>ἀποθνῄσγομεν</span> <span class='ocrx_word' id='word_1_106' title='bbox 1014 1403 1101 1460; x_wconf 81' lang='grc' dir='ltr'>διὰ</span> <span class='ocrx_word' id='word_1_107' title='bbox 1160 1405 1223 1460; x_wconf 84' lang='grc' dir='ltr'>τὸ</span> <span class='ocrx_word' id='word_1_108' title='bbox 1279 1408 1564 1484; x_wconf 71' lang='grc' dir='ltr'>κήρυγμα,</span> <span class='ocrx_word' id='word_1_109' title='bbox 1632 1403 1725 1460; x_wconf 71' lang='grc' dir='ltr'>’ἱνα</span> <span class='ocrx_word' id='word_1_110' title='bbox 1778 1404 1934 1478; x_wconf 82' lang='grc' dir='ltr'>ὑμεῖς</span> 
     </span>
    </p>
   </div>
   <div class='ocr_carea' id='block_1_16' title="bbox 290 1493 1938 1571">
    <p class='ocr_par' dir='ltr' id='par_1_16' title="bbox 290 1493 1938 1571">
     <span class='ocr_line' id='line_1_16' title="bbox 290 1493 1938 1571; baseline -0.001 -19"><span class='ocrx_word' id='word_1_111' title='bbox 290 1500 491 1568; x_wconf 71' lang='grc' dir='ltr'>ζήσῃτε</span> <span class='ocrx_word' id='word_1_112' title='bbox 545 1493 616 1551; x_wconf 86' lang='grc' dir='ltr'>δι’</span> <span class='ocrx_word' id='word_1_113' title='bbox 671 1495 837 1551; x_wconf 90' lang='grc' dir='ltr'>αὐτοῦ</span> <span class='ocrx_word' id='word_1_114' title='bbox 901 1498 1001 1566; x_wconf 79' lang='grc' dir='ltr'>τήν</span> <span class='ocrx_word' id='word_1_115' title='bbox 1050 1495 1246 1571; x_wconf 72' lang='grc' dir='ltr'>ἀγήρω</span> <span class='ocrx_word' id='word_1_116' title='bbox 1305 1496 1511 1567; x_wconf 73' lang='grc' dir='ltr'>ἐκείνην</span> <span class='ocrx_word' id='word_1_117' title='bbox 1569 1496 1659 1551; x_wconf 80' lang='grc' dir='ltr'>γαὶ</span> <span class='ocrx_word' id='word_1_118' title='bbox 1718 1495 1938 1566; x_wconf 78' lang='grc' dir='ltr'>αἰώνιον</span> 
     </span>
    </p>
   </div>
   <div class='ocr_carea' id='block_1_17' title="bbox 286 1584 1933 1660">
    <p class='ocr_par' dir='ltr' id='par_1_17' title="bbox 286 1584 1933 1660">
     <span class='ocr_line' id='line_1_17' title="bbox 286 1584 1933 1660; baseline -0.002 -18"><span class='ocrx_word' id='word_1_119' title='bbox 286 1589 456 1657; x_wconf 71' lang='grc' dir='ltr'>ζωήν,</span> <span class='ocrx_word' id='word_1_120' title='bbox 488 1586 826 1648; x_wconf 69' lang='grc' dir='ltr'>πιστεύοντες</span> <span class='ocrx_word' id='word_1_121' title='bbox 859 1584 938 1649; x_wconf 71' lang='grc' dir='ltr'>εἲς</span> <span class='ocrx_word' id='word_1_122' title='bbox 966 1585 1231 1660; x_wconf 84' lang='grc' dir='ltr'>Χριστόν.</span> <span class='ocrx_word' id='word_1_123' title='bbox 1266 1618 1332 1627; x_wconf 89' lang='lat'>-—</span> <span class='ocrx_word' id='word_1_124' title='bbox 1385 1586 1604 1660; x_wconf 81' lang='grc' dir='ltr'>[ΦΩΤ.]</span> <span class='ocrx_word' id='word_1_125' title='bbox 1660 1584 1735 1640; x_wconf 63' lang='lat' dir='ltr'>ra</span> <span class='ocrx_word' id='word_1_126' title='bbox 1789 1586 1933 1656; x_wconf 72' lang='grc' dir='ltr'>πάθη</span> 
     </span>
    </p>
   </div>
   <div class='ocr_carea' id='block_1_18' title="bbox 279 1674 1940 1755">
    <p class='ocr_par' dir='ltr' id='par_1_18' title="bbox 279 1674 1940 1755">
     <span class='ocr_line' id='line_1_18' title="bbox 279 1674 1940 1755; baseline -0.002 -22"><span class='ocrx_word' id='word_1_127' title='bbox 279 1677 372 1733; x_wconf 86' lang='grc' dir='ltr'>καὶ</span> <span class='ocrx_word' id='word_1_128' title='bbox 403 1678 457 1732; x_wconf 72' lang='grc' dir='ltr'>αἱ</span> <span class='ocrx_word' id='word_1_129' title='bbox 488 1675 724 1750; x_wconf 80' lang='grc' dir='ltr'>θλίψεις,</span> <span class='ocrx_word' id='word_1_130' title='bbox 758 1675 849 1732; x_wconf 82' lang='grc' dir='ltr'>καὶ</span> <span class='ocrx_word' id='word_1_131' title='bbox 871 1676 925 1731; x_wconf 74' lang='grc' dir='ltr'>αἱ</span> <span class='ocrx_word' id='word_1_132' title='bbox 981 1675 1351 1755; x_wconf 68' lang='grc' dir='ltr'>θανατηφόροι</span> <span class='ocrx_word' id='word_1_133' title='bbox 1415 1674 1715 1754; x_wconf 61' lang='grc' dir='ltr'>συμφοραὶ,</span> <span class='ocrx_word' id='word_1_134' title='bbox 1772 1679 1940 1730; x_wconf 85' lang='grc' dir='ltr'>ταῦτα</span> 
     </span>
    </p>
   </div>
   <div class='ocr_carea' id='block_1_19' title="bbox 287 1763 1939 1844">
    <p class='ocr_par' dir='ltr' id='par_1_19' title="bbox 287 1763 1939 1844">
     <span class='ocr_line' id='line_1_19' title="bbox 287 1763 1939 1844; baseline -0.002 -22"><span class='ocrx_word' id='word_1_135' title='bbox 287 1771 377 1821; x_wconf 85' lang='grc' dir='ltr'>νῦν</span> <span class='ocrx_word' id='word_1_136' title='bbox 437 1766 730 1842; x_wconf 76' lang='grc' dir='ltr'>ἐνεργεῖται</span> <span class='ocrx_word' id='word_1_137' title='bbox 788 1764 840 1821; x_wconf 79' lang='grc' dir='ltr'>ἐν</span> <span class='ocrx_word' id='word_1_138' title='bbox 889 1768 1047 1839; x_wconf 79' lang='grc' dir='ltr'>ἡμῖν,</span> <span class='ocrx_word' id='word_1_139' title='bbox 1106 1766 1294 1844; x_wconf 73' lang='grc' dir='ltr'>φησὶν,</span> <span class='ocrx_word' id='word_1_140' title='bbox 1363 1768 1397 1835; x_wconf 78' lang='grc' dir='ltr'><strong>ἡ</strong></span> <span class='ocrx_word' id='word_1_141' title='bbox 1458 1763 1514 1820; x_wconf 74' lang='grc' dir='ltr'>δὲ</span> <span class='ocrx_word' id='word_1_142' title='bbox 1550 1764 1731 1827; x_wconf 82' lang='grc' dir='ltr'>πίστις</span> <span class='ocrx_word' id='word_1_143' title='bbox 1763 1766 1850 1819; x_wconf 79' lang='grc' dir='ltr'>καὶ</span> <span class='ocrx_word' id='word_1_144' title='bbox 1904 1764 1939 1834; x_wconf 81' lang='grc' dir='ltr'><strong>ἡ</strong></span> 
     </span>
    </p>
   </div>
   <div class='ocr_carea' id='block_1_20' title="bbox 2033 611 3680 685">
    <p class='ocr_par' dir='ltr' id='par_1_20' title="bbox 2033 611 3680 685">
     <span class='ocr_line' id='line_1_20' title="bbox 2033 611 3680 685; baseline 0 -13"><span class='ocrx_word' id='word_1_145' title='bbox 2033 624 2100 672; x_wconf 91' lang='lat' dir='ltr'>ut</span> <span class='ocrx_word' id='word_1_146' title='bbox 2141 617 2259 672; x_wconf 86' lang='lat' dir='ltr'>vita</span> <span class='ocrx_word' id='word_1_147' title='bbox 2312 611 2547 669; x_wconf 87' lang='lat' dir='ltr'>Domini</span> <span class='ocrx_word' id='word_1_148' title='bbox 2608 612 3022 668; x_wconf 87' lang='lat' dir='ltr'>manifestetur</span> <span class='ocrx_word' id='word_1_149' title='bbox 3072 616 3130 667; x_wconf 91' lang='lat' dir='ltr'>et</span> <span class='ocrx_word' id='word_1_150' title='bbox 3186 619 3319 685; x_wconf 85' lang='lat' dir='ltr'>agat</span> <span class='ocrx_word' id='word_1_151' title='bbox 3375 613 3436 668; x_wconf 93' lang='lat' dir='ltr'>in</span> <span class='ocrx_word' id='word_1_152' title='bbox 3490 617 3680 672; x_wconf 90' lang='lat' dir='ltr'>nobis.</span> 
     </span>
    </p>
   </div>
   <div class='ocr_carea' id='block_1_21' title="bbox 2035 701 3691 773">
    <p class='ocr_par' dir='ltr' id='par_1_21' title="bbox 2035 701 3691 773">
     <span class='ocr_line' id='line_1_21' title="bbox 2035 701 3691 773; baseline 0.001 -13"><span class='ocrx_word' id='word_1_153' title='bbox 2035 703 2325 771; x_wconf 81' lang='lat' dir='ltr'>Quando?</span> <span class='ocrx_word' id='word_1_154' title='bbox 2358 717 2572 773; x_wconf 89' lang='lat' dir='ltr'>nempe</span> <span class='ocrx_word' id='word_1_155' title='bbox 2604 701 2665 755; x_wconf 90' lang='lat' dir='ltr'>in</span> <span class='ocrx_word' id='word_1_156' title='bbox 2692 701 2888 756; x_wconf 83' lang='lat' dir='ltr'>futuro</span> <span class='ocrx_word' id='word_1_157' title='bbox 2921 702 3172 757; x_wconf 74' lang='lat' dir='ltr'>swculo:</span> <span class='ocrx_word' id='word_1_158' title='bbox 3206 720 3274 758; x_wconf 90' lang='lat' dir='ltr'>ac</span> <span class='ocrx_word' id='word_1_159' title='bbox 3335 704 3383 757; x_wconf 87' lang='lat' dir='ltr'>si</span> <span class='ocrx_word' id='word_1_160' title='bbox 3416 703 3640 761; x_wconf 80' lang='lat' dir='ltr'>diceret</span> <span class='ocrx_word' id='word_1_161' title='bbox 3671 725 3691 768; x_wconf 86' lang='lat'><strong>:</strong></span> 
     </span>
    </p>
   </div>
   <div class='ocr_carea' id='block_1_22' title="bbox 2036 790 3687 864">
    <p class='ocr_par' dir='ltr' id='par_1_22' title="bbox 2036 790 3687 864">
     <span class='ocr_line' id='line_1_22' title="bbox 2036 790 3687 864; baseline 0.001 -15"><span class='ocrx_word' id='word_1_162' title='bbox 2036 796 2199 849; x_wconf 84' lang='lat' dir='ltr'>Nunc</span> <span class='ocrx_word' id='word_1_163' title='bbox 2238 797 2480 864; x_wconf 78' lang='lat' dir='ltr'>propter</span> <span class='ocrx_word' id='word_1_164' title='bbox 2517 790 2817 845; x_wconf 81' lang='lat' dir='ltr'>Christum</span> <span class='ocrx_word' id='word_1_165' title='bbox 2869 793 3266 864; x_wconf 75' lang='lat' dir='ltr'>nosmetipsos</span> <span class='ocrx_word' id='word_1_166' title='bbox 3315 792 3376 847; x_wconf 92' lang='lat' dir='ltr'>in</span> <span class='ocrx_word' id='word_1_167' title='bbox 3436 802 3687 850; x_wconf 87' lang='lat' dir='ltr'>mortem</span> 
     </span>
    </p>
   </div>
   <div class='ocr_carea' id='block_1_23' title="bbox 2036 879 3688 950">
    <p class='ocr_par' dir='ltr' id='par_1_23' title="bbox 2036 879 3688 950">
     <span class='ocr_line' id='line_1_23' title="bbox 2036 879 3688 950; baseline 0.001 -11"><span class='ocrx_word' id='word_1_168' title='bbox 2036 884 2348 950; x_wconf 74' lang='lat' dir='ltr'>tradimus,</span> <span class='ocrx_word' id='word_1_169' title='bbox 2373 887 2440 936; x_wconf 91' lang='lat' dir='ltr'>ut</span> <span class='ocrx_word' id='word_1_170' title='bbox 2468 879 2731 935; x_wconf 82' lang='lat' dir='ltr'>Christus</span> <span class='ocrx_word' id='word_1_171' title='bbox 2764 887 2904 935; x_wconf 90' lang='lat' dir='ltr'>tunc</span> <span class='ocrx_word' id='word_1_172' title='bbox 2933 880 3005 936; x_wconf 90' lang='lat' dir='ltr'>ab</span> <span class='ocrx_word' id='word_1_173' title='bbox 3051 881 3438 937; x_wconf 86' lang='lat' dir='ltr'>iutellectuali</span> <span class='ocrx_word' id='word_1_174' title='bbox 3499 890 3688 941; x_wconf 89' lang='lat' dir='ltr'>morte</span> 
     </span>
    </p>
   </div>
   <div class='ocr_carea' id='block_1_24' title="bbox 2037 967 3687 1033">
    <p class='ocr_par' dir='ltr' id='par_1_24' title="bbox 2037 967 3687 1033">
     <span class='ocr_line' id='line_1_24' title="bbox 2037 967 3687 1033; baseline 0.001 -6"><span class='ocrx_word' id='word_1_175' title='bbox 2037 970 2551 1027; x_wconf 88' lang='lat' dir='ltr'>condemnationis</span> <span class='ocrx_word' id='word_1_176' title='bbox 2582 986 2689 1023; x_wconf 90' lang='lat' dir='ltr'>nos</span> <span class='ocrx_word' id='word_1_177' title='bbox 2721 967 2955 1033; x_wconf 86' lang='lat' dir='ltr'>liberet.</span> <span class='ocrx_word' id='word_1_178' title='bbox 2988 977 3047 1025; x_wconf 89' lang='lat' dir='ltr'>et</span> <span class='ocrx_word' id='word_1_179' title='bbox 3080 970 3154 1025; x_wconf 89' lang='lat' dir='ltr'>ad</span> <span class='ocrx_word' id='word_1_180' title='bbox 3183 971 3359 1027; x_wconf 86' lang='lat' dir='ltr'>vitam</span> <span class='ocrx_word' id='word_1_181' title='bbox 3391 972 3569 1029; x_wconf 88' lang='lat' dir='ltr'>ducat</span> <span class='ocrx_word' id='word_1_182' title='bbox 3594 974 3687 1029; x_wconf 89' lang='lat' dir='ltr'>in-</span> 
     </span>
    </p>
   </div>
   <div class='ocr_carea' id='block_1_25' title="bbox 2036 1059 3692 1130">
    <p class='ocr_par' dir='ltr' id='par_1_25' title="bbox 2036 1059 3692 1130">
     <span class='ocr_line' id='line_1_25' title="bbox 2036 1059 3692 1130; baseline 0.002 -15"><span class='ocrx_word' id='word_1_183' title='bbox 2036 1060 2458 1117; x_wconf 91' lang='lat' dir='ltr'>tellectualem.</span> <span class='ocrx_word' id='word_1_184' title='bbox 2483 1081 2503 1108; x_wconf 74' lang='grc' dir='ltr'>σ</span> <span class='ocrx_word' id='word_1_185' title='bbox 2532 1059 2733 1128; x_wconf 83' lang='lat' dir='ltr'>Itaque</span> <span class='ocrx_word' id='word_1_186' title='bbox 2758 1075 2916 1113; x_wconf 90' lang='lat' dir='ltr'>mors</span> <span class='ocrx_word' id='word_1_187' title='bbox 2938 1059 3198 1130; x_wconf 87' lang='lat' dir='ltr'>quidem.</span> <span class='ocrx_word' id='word_1_188' title='bbox 3216 1083 3244 1110; x_wconf 83' lang='lat'>»</span> <span class='ocrx_word' id='word_1_189' title='bbox 3271 1062 3466 1117; x_wconf 90' lang='lat' dir='ltr'>Uthoc</span> <span class='ocrx_word' id='word_1_190' title='bbox 3487 1080 3692 1119; x_wconf 85' lang='lat' dir='ltr'>conse-</span> 
     </span>
    </p>
   </div>
   <div class='ocr_carea' id='block_1_26' title="bbox 2040 1147 3690 1225">
    <p class='ocr_par' dir='ltr' id='par_1_26' title="bbox 2040 1147 3690 1225">
     <span class='ocr_line' id='line_1_26' title="bbox 2040 1147 3690 1225; baseline 0.002 -19"><span class='ocrx_word' id='word_1_191' title='bbox 2040 1166 2228 1223; x_wconf 89' lang='lat' dir='ltr'>quens</span> <span class='ocrx_word' id='word_1_192' title='bbox 2259 1150 2356 1217; x_wconf 88' lang='lat' dir='ltr'>sit,</span> <span class='ocrx_word' id='word_1_193' title='bbox 2380 1148 2531 1205; x_wconf 72' lang='lat'>629</span> <span class='ocrx_word' id='word_1_194' title='bbox 2577 1147 2791 1219; x_wconf 84' lang='lat' dir='ltr'>inquit,</span> <span class='ocrx_word' id='word_1_195' title='bbox 2828 1154 3077 1203; x_wconf 90' lang='lat' dir='ltr'>mortem</span> <span class='ocrx_word' id='word_1_196' title='bbox 3109 1151 3351 1220; x_wconf 86' lang='lat' dir='ltr'>quidem</span> <span class='ocrx_word' id='word_1_197' title='bbox 3400 1169 3571 1225; x_wconf 80' lang='lat' dir='ltr'>agere</span> <span class='ocrx_word' id='word_1_198' title='bbox 3621 1170 3690 1209; x_wconf 91' lang='lat' dir='ltr'>ac</span> 
     </span>
    </p>
   </div>
   <div class='ocr_carea' id='block_1_27' title="bbox 2039 1238 3690 1309">
    <p class='ocr_par' dir='ltr' id='par_1_27' title="bbox 2039 1238 3690 1309">
     <span class='ocr_line' id='line_1_27' title="bbox 2039 1238 3690 1309; baseline 0.003 -15"><span class='ocrx_word' id='word_1_199' title='bbox 2039 1240 2155 1294; x_wconf 92' lang='lat' dir='ltr'>vim</span> <span class='ocrx_word' id='word_1_200' title='bbox 2184 1238 2402 1294; x_wconf 84' lang='lat' dir='ltr'>habere</span> <span class='ocrx_word' id='word_1_201' title='bbox 2425 1243 2483 1293; x_wconf 92' lang='lat' dir='ltr'>et</span> <span class='ocrx_word' id='word_1_202' title='bbox 2512 1238 2917 1308; x_wconf 87' lang='lat' dir='ltr'>operationem</span> <span class='ocrx_word' id='word_1_203' title='bbox 2951 1238 3011 1292; x_wconf 90' lang='lat' dir='ltr'>in</span> <span class='ocrx_word' id='word_1_204' title='bbox 3033 1238 3227 1309; x_wconf 53' lang='lat' dir='ltr'>nobia,</span> <span class='ocrx_word' id='word_1_205' title='bbox 3258 1241 3436 1296; x_wconf 88' lang='lat' dir='ltr'>vitam</span> <span class='ocrx_word' id='word_1_206' title='bbox 3467 1259 3603 1299; x_wconf 77' lang='lat' dir='ltr'>vero</span> <span class='ocrx_word' id='word_1_207' title='bbox 3626 1244 3690 1299; x_wconf 89' lang='lat' dir='ltr'>in</span> 
     </span>
    </p>
   </div>
   <div class='ocr_carea' id='block_1_28' title="bbox 2040 1325 3691 1404">
    <p class='ocr_par' dir='ltr' id='par_1_28' title="bbox 2040 1325 3691 1404">
     <span class='ocr_line' id='line_1_28' title="bbox 2040 1325 3691 1404; baseline 0.002 -21"><span class='ocrx_word' id='word_1_208' title='bbox 2040 1328 2223 1384; x_wconf 86' lang='lat' dir='ltr'>vobis.</span> <span class='ocrx_word' id='word_1_209' title='bbox 2261 1332 2338 1382; x_wconf 87' lang='lat' dir='ltr'>Ac</span> <span class='ocrx_word' id='word_1_210' title='bbox 2366 1343 2415 1399; x_wconf 66' lang='lat' dir='ltr'>si</span> <span class='ocrx_word' id='word_1_211' title='bbox 2439 1325 2698 1381; x_wconf 89' lang='lat' dir='ltr'>diceret:</span> <span class='ocrx_word' id='word_1_212' title='bbox 2733 1327 2845 1381; x_wconf 87' lang='lat' dir='ltr'>Nos</span> <span class='ocrx_word' id='word_1_213' title='bbox 2888 1328 3175 1382; x_wconf 87' lang='lat' dir='ltr'>morimur</span> <span class='ocrx_word' id='word_1_214' title='bbox 3202 1336 3445 1402; x_wconf 87' lang='lat' dir='ltr'>propter</span> <span class='ocrx_word' id='word_1_215' title='bbox 3470 1333 3691 1404; x_wconf 64' lang='lat' dir='ltr'>prendi-</span> 
     </span>
    </p>
   </div>
   <div class='ocr_carea' id='block_1_29' title="bbox 2042 1415 3691 1488">
    <p class='ocr_par' dir='ltr' id='par_1_29' title="bbox 2042 1415 3691 1488">
     <span class='ocr_line' id='line_1_29' title="bbox 2042 1415 3691 1488; baseline 0.003 -15"><span class='ocrx_word' id='word_1_216' title='bbox 2042 1419 2359 1485; x_wconf 87' lang='lat' dir='ltr'>cationem,</span> <span class='ocrx_word' id='word_1_217' title='bbox 2393 1422 2458 1470; x_wconf 91' lang='lat' dir='ltr'>ut</span> <span class='ocrx_word' id='word_1_218' title='bbox 2487 1432 2587 1470; x_wconf 93' lang='lat' dir='ltr'>vos</span> <span class='ocrx_word' id='word_1_219' title='bbox 2617 1415 2821 1470; x_wconf 87' lang='lat' dir='ltr'>vivatis</span> <span class='ocrx_word' id='word_1_220' title='bbox 2850 1433 2958 1487; x_wconf 91' lang='lat' dir='ltr'>per</span> <span class='ocrx_word' id='word_1_221' title='bbox 2983 1416 3171 1488; x_wconf 90' lang='lat' dir='ltr'>ipsam</span> <span class='ocrx_word' id='word_1_222' title='bbox 3204 1420 3319 1474; x_wconf 88' lang='lat' dir='ltr'>vita</span> <span class='ocrx_word' id='word_1_223' title='bbox 3366 1420 3470 1476; x_wconf 88' lang='lat' dir='ltr'>illa</span> <span class='ocrx_word' id='word_1_224' title='bbox 3499 1423 3691 1478; x_wconf 86' lang='lat' dir='ltr'>incor-</span> 
     </span>
    </p>
   </div>
   <div class='ocr_carea' id='block_1_30' title="bbox 2040 1504 3692 1579">
    <p class='ocr_par' dir='ltr' id='par_1_30' title="bbox 2040 1504 3692 1579">
     <span class='ocr_line' id='line_1_30' title="bbox 2040 1504 3692 1579; baseline 0.002 -17"><span class='ocrx_word' id='word_1_225' title='bbox 2040 1506 2343 1579; x_wconf 86' lang='lat' dir='ltr'>ruptibilis</span> <span class='ocrx_word' id='word_1_226' title='bbox 2374 1521 2441 1560; x_wconf 87' lang='lat' dir='ltr'>ac</span> <span class='ocrx_word' id='word_1_227' title='bbox 2473 1511 2713 1570; x_wconf 59' lang='lat' dir='ltr'>interna,</span> <span class='ocrx_word' id='word_1_228' title='bbox 2735 1504 3044 1561; x_wconf 88' lang='lat' dir='ltr'>credentes</span> <span class='ocrx_word' id='word_1_229' title='bbox 3075 1506 3136 1561; x_wconf 91' lang='lat' dir='ltr'>in</span> <span class='ocrx_word' id='word_1_230' title='bbox 3162 1508 3481 1565; x_wconf 84' lang='lat' dir='ltr'>Christum.</span> <span class='ocrx_word' id='word_1_231' title='bbox 3504 1543 3568 1551; x_wconf 92' lang='lat'><strong>—</strong></span> <span class='ocrx_word' id='word_1_232' title='bbox 3598 1511 3692 1566; x_wconf 86' lang='lat' dir='ltr'><strong>Af-</strong></span> 
     </span>
    </p>
   </div>
   <div class='ocr_carea' id='block_1_31' title="bbox 2045 1594 3687 1670">
    <p class='ocr_par' dir='ltr' id='par_1_31' title="bbox 2045 1594 3687 1670">
     <span class='ocr_line' id='line_1_31' title="bbox 2045 1594 3687 1670; baseline 0.004 -19"><span class='ocrx_word' id='word_1_233' title='bbox 2045 1596 2340 1651; x_wconf 83' lang='lat' dir='ltr'>ﬂictiones</span> <span class='ocrx_word' id='word_1_234' title='bbox 2370 1601 2429 1649; x_wconf 92' lang='lat' dir='ltr'>et</span> <span class='ocrx_word' id='word_1_235' title='bbox 2456 1594 2804 1662; x_wconf 82' lang='lat' dir='ltr'>anxietates,</span> <span class='ocrx_word' id='word_1_236' title='bbox 2829 1596 3267 1668; x_wconf 71' lang='lat' dir='ltr'>mortiferasque</span> <span class='ocrx_word' id='word_1_237' title='bbox 3299 1600 3687 1670; x_wconf 85' lang='lat' dir='ltr'>calamitates,</span> 
     </span>
    </p>
   </div>
   <div class='ocr_carea' id='block_1_32' title="bbox 2046 1684 3688 1756">
    <p class='ocr_par' dir='ltr' id='par_1_32' title="bbox 2046 1684 3688 1756">
     <span class='ocr_line' id='line_1_32' title="bbox 2046 1684 3688 1756; baseline 0.004 -16"><span class='ocrx_word' id='word_1_238' title='bbox 2046 1686 2257 1756; x_wconf 88' lang='lat' dir='ltr'>inquit.</span> <span class='ocrx_word' id='word_1_239' title='bbox 2306 1684 2432 1741; x_wconf 82' lang='lat' dir='ltr'>haec</span> <span class='ocrx_word' id='word_1_240' title='bbox 2471 1701 2628 1741; x_wconf 89' lang='lat' dir='ltr'>nunc</span> <span class='ocrx_word' id='word_1_241' title='bbox 2660 1691 2982 1752; x_wconf 78' lang='lat' dir='ltr'>aperantur</span> <span class='ocrx_word' id='word_1_242' title='bbox 3011 1687 3071 1740; x_wconf 91' lang='lat' dir='ltr'>in</span> <span class='ocrx_word' id='word_1_243' title='bbox 3102 1688 3313 1744; x_wconf 90' lang='lat' dir='ltr'>nobis:</span> <span class='ocrx_word' id='word_1_244' title='bbox 3351 1690 3496 1745; x_wconf 85' lang='lat' dir='ltr'>ﬁdes</span> <span class='ocrx_word' id='word_1_245' title='bbox 3552 1708 3688 1746; x_wconf 85' lang='lat' dir='ltr'>vero</span> 
     </span>
    </p>
   </div>
   <div class='ocr_carea' id='block_1_33' title="bbox 2047 1774 3692 1846">
    <p class='ocr_par' dir='ltr' id='par_1_33' title="bbox 2047 1774 3692 1846">
     <span class='ocr_line' id='line_1_33' title="bbox 2047 1774 3692 1846; baseline 0.003 -16"><span class='ocrx_word' id='word_1_246' title='bbox 2047 1791 2113 1830; x_wconf 91' lang='lat' dir='ltr'>ac</span> <span class='ocrx_word' id='word_1_247' title='bbox 2146 1775 2332 1846; x_wconf 88' lang='lat' dir='ltr'>pietas</span> <span class='ocrx_word' id='word_1_248' title='bbox 2361 1786 2509 1845; x_wconf 66' lang='lat' dir='ltr'>(quas</span> <span class='ocrx_word' id='word_1_249' title='bbox 2545 1790 2677 1829; x_wconf 87' lang='lat' dir='ltr'>vere</span> <span class='ocrx_word' id='word_1_250' title='bbox 2708 1774 2789 1829; x_wconf 87' lang='lat' dir='ltr'>ita</span> <span class='ocrx_word' id='word_1_251' title='bbox 2823 1778 2929 1845; x_wconf 89' lang='lat' dir='ltr'>est)</span> <span class='ocrx_word' id='word_1_252' title='bbox 2961 1775 3020 1829; x_wconf 91' lang='lat' dir='ltr'>in</span> <span class='ocrx_word' id='word_1_253' title='bbox 3050 1778 3233 1832; x_wconf 83' lang='lat' dir='ltr'>vobis.</span> <span class='ocrx_word' id='word_1_254' title='bbox 3285 1779 3479 1834; x_wconf 89' lang='lat' dir='ltr'>Pietas</span> <span class='ocrx_word' id='word_1_255' title='bbox 3530 1781 3692 1835; x_wconf 91' lang='lat' dir='ltr'>enim</span> 
     </span>
    </p>
   </div>
   <div class='ocr_carea' id='block_1_34' title="bbox 289 1849 1938 1939">
    <p class='ocr_par' dir='ltr' id='par_1_34' title="bbox 289 1849 1934 1927">
     <span class='ocr_line' id='line_1_34' title="bbox 289 1849 1934 1927; baseline 0 -18"><span class='ocrx_word' id='word_1_256' title='bbox 289 1849 533 1911; x_wconf 72' lang='grc' dir='ltr'>εὐσέϐεια</span> <span class='ocrx_word' id='word_1_257' title='bbox 600 1855 747 1927; x_wconf 69' lang='grc' dir='ltr'>(ἣτις</span> <span class='ocrx_word' id='word_1_258' title='bbox 814 1852 955 1909; x_wconf 78' lang='grc' dir='ltr'>ἐστὶν</span> <span class='ocrx_word' id='word_1_259' title='bbox 1017 1856 1052 1923; x_wconf 73' lang='grc' dir='ltr'>ἡ</span> <span class='ocrx_word' id='word_1_260' title='bbox 1137 1850 1373 1924; x_wconf 79' lang='grc' dir='ltr'>ἀληθινή</span> <span class='ocrx_word' id='word_1_261' title='bbox 1448 1854 1609 1924; x_wconf 72' lang='grc' dir='ltr'>ζωήὶ,</span> <span class='ocrx_word' id='word_1_262' title='bbox 1672 1853 1723 1908; x_wconf 80' lang='grc' dir='ltr'>ὲν</span> <span class='ocrx_word' id='word_1_263' title='bbox 1782 1854 1934 1927; x_wconf 78' lang='grc' dir='ltr'>ὑμῖν.</span> 
     </span>
    </p>
   </div>
   <div class='ocr_carea' id='block_1_35' title="bbox 2052 1849 3695 1939">
    <p class='ocr_par' dir='ltr' id='par_1_35' title="bbox 2052 1863 3695 1939">
     <span class='ocr_line' id='line_1_35' title="bbox 2052 1863 3695 1939; baseline 0.003 -20"><span class='ocrx_word' id='word_1_264' title='bbox 2052 1865 2161 1920; x_wconf 74' lang='lat' dir='ltr'>sive</span> <span class='ocrx_word' id='word_1_265' title='bbox 2194 1863 2388 1919; x_wconf 88' lang='lat' dir='ltr'>cultus</span> <span class='ocrx_word' id='word_1_266' title='bbox 2423 1864 2520 1918; x_wconf 91' lang='lat' dir='ltr'>Dei</span> <span class='ocrx_word' id='word_1_267' title='bbox 2552 1864 2669 1919; x_wconf 88' lang='lat' dir='ltr'>vita</span> <span class='ocrx_word' id='word_1_268' title='bbox 2707 1869 2814 1930; x_wconf 81' lang='lat' dir='ltr'>est,</span> <span class='ocrx_word' id='word_1_269' title='bbox 2849 1881 2982 1920; x_wconf 90' lang='lat' dir='ltr'>cum</span> <span class='ocrx_word' id='word_1_270' title='bbox 3031 1866 3567 1939; x_wconf 88' lang='lat' dir='ltr'>incorruptibilem,</span> <span class='ocrx_word' id='word_1_271' title='bbox 3599 1870 3695 1924; x_wconf 86' lang='lat' dir='ltr'>in-</span> 
     </span>
    </p>
   </div>
   <div class='ocr_carea' id='block_1_36' title="bbox 286 1937 1935 2018">
    <p class='ocr_par' dir='ltr' id='par_1_36' title="bbox 286 1937 1935 2018">
     <span class='ocr_line' id='line_1_36' title="bbox 286 1937 1935 2018; baseline -0.001 -19"><span class='ocrx_word' id='word_1_272' title='bbox 286 1945 410 2013; x_wconf 80' lang='grc' dir='ltr'>Ζωὴ</span> <span class='ocrx_word' id='word_1_273' title='bbox 444 1942 501 1999; x_wconf 77' lang='grc' dir='ltr'>δέ</span> <span class='ocrx_word' id='word_1_274' title='bbox 528 1943 669 1999; x_wconf 80' lang='grc' dir='ltr'>ἐστιν</span> <span class='ocrx_word' id='word_1_275' title='bbox 701 1945 735 2013; x_wconf 79' lang='grc' dir='ltr'>ἡ</span> <span class='ocrx_word' id='word_1_276' title='bbox 767 1937 1031 2012; x_wconf 74' lang='grc' dir='ltr'>εὐσέϐεια,</span> <span class='ocrx_word' id='word_1_277' title='bbox 1062 1942 1145 1999; x_wconf 84' lang='grc' dir='ltr'>’ὁτι</span> <span class='ocrx_word' id='word_1_278' title='bbox 1179 1944 1278 2013; x_wconf 72' lang='grc' dir='ltr'>τὴν</span> <span class='ocrx_word' id='word_1_279' title='bbox 1330 1942 1521 2018; x_wconf 67' lang='grc' dir='ltr'>ἀγήρω</span> <span class='ocrx_word' id='word_1_280' title='bbox 1578 1942 1668 1998; x_wconf 82' lang='grc' dir='ltr'>καὶ</span> <span class='ocrx_word' id='word_1_281' title='bbox 1724 1940 1935 1998; x_wconf 78' lang='grc' dir='ltr'>ἄλυπον</span> 
     </span>
    </p>
   </div>
   <div class='ocr_carea' id='block_1_37' title="bbox 285 2030 1932 2109">
    <p class='ocr_par' dir='ltr' id='par_1_37' title="bbox 285 2030 1932 2109">
     <span class='ocr_line' id='line_1_37' title="bbox 285 2030 1932 2109; baseline -0.001 -20"><span class='ocrx_word' id='word_1_282' title='bbox 285 2034 377 2090; x_wconf 82' lang='grc' dir='ltr'>καὶ</span> <span class='ocrx_word' id='word_1_283' title='bbox 424 2031 598 2089; x_wconf 68' lang='grc' dir='ltr'>ἀίδιον</span> <span class='ocrx_word' id='word_1_284' title='bbox 659 2033 710 2088; x_wconf 81' lang='grc' dir='ltr'>ἒν</span> <span class='ocrx_word' id='word_1_285' title='bbox 758 2033 1010 2108; x_wconf 81' lang='grc' dir='ltr'>οὐρανοῖς</span> <span class='ocrx_word' id='word_1_286' title='bbox 1067 2034 1331 2108; x_wconf 82' lang='grc' dir='ltr'>προξενεῖ.</span> <span class='ocrx_word' id='word_1_287' title='bbox 1366 2058 1394 2085; x_wconf 87' lang='grc'><strong>‹‹</strong></span> <span class='ocrx_word' id='word_1_288' title='bbox 1448 2035 1706 2109; x_wconf 84' lang='grc' dir='ltr'>Ἔχοντες</span> <span class='ocrx_word' id='word_1_289' title='bbox 1759 2030 1816 2088; x_wconf 76' lang='grc' dir='ltr'>δὲ</span> <span class='ocrx_word' id='word_1_290' title='bbox 1868 2033 1932 2088; x_wconf 86' lang='grc' dir='ltr'>τὸ</span> 
     </span>
    </p>
   </div>
   <div class='ocr_carea' id='block_1_38' title="bbox 280 2122 1934 2197">
    <p class='ocr_par' dir='ltr' id='par_1_38' title="bbox 280 2122 1934 2197">
     <span class='ocr_line' id='line_1_38' title="bbox 280 2122 1934 2197; baseline -0.001 -18"><span class='ocrx_word' id='word_1_291' title='bbox 280 2123 415 2179; x_wconf 81' lang='grc' dir='ltr'>αὐτὸ</span> <span class='ocrx_word' id='word_1_292' title='bbox 444 2128 655 2197; x_wconf 80' lang='grc' dir='ltr'>πνεῦμα</span> <span class='ocrx_word' id='word_1_293' title='bbox 711 2130 812 2192; x_wconf 74' lang='grc' dir='ltr'>τῆς</span> <span class='ocrx_word' id='word_1_294' title='bbox 874 2122 1129 2184; x_wconf 74' lang='grc' dir='ltr'>πίστεως.</span> <span class='ocrx_word' id='word_1_295' title='bbox 1192 2148 1220 2175; x_wconf 86' lang='grc'><strong>››</strong></span> <span class='ocrx_word' id='word_1_296' title='bbox 1276 2124 1347 2178; x_wconf 78' lang='grc' dir='ltr'>Τὸ</span> <span class='ocrx_word' id='word_1_297' title='bbox 1402 2122 1533 2178; x_wconf 88' lang='grc' dir='ltr'>αὐτὸ</span> <span class='ocrx_word' id='word_1_298' title='bbox 1589 2127 1799 2196; x_wconf 89' lang='grc' dir='ltr'>πνεῦμα</span> <span class='ocrx_word' id='word_1_299' title='bbox 1853 2126 1934 2195; x_wconf 79' lang='grc' dir='ltr'>τῷ</span> 
     </span>
    </p>
   </div>
   <div class='ocr_carea' id='block_1_39' title="bbox 278 2208 1933 2291">
    <p class='ocr_par' dir='ltr' id='par_1_39' title="bbox 278 2208 1933 2291">
     <span class='ocr_line' id='line_1_39' title="bbox 278 2208 1933 2291; baseline -0.002 -21"><span class='ocrx_word' id='word_1_300' title='bbox 278 2210 683 2289; x_wconf 71' lang='grc' dir='ltr'>Δαυῖδ,φησὶν,</span> <span class='ocrx_word' id='word_1_301' title='bbox 723 2208 968 2288; x_wconf 81' lang='grc' dir='ltr'>ἔχοντες,</span> <span class='ocrx_word' id='word_1_302' title='bbox 1026 2213 1093 2268; x_wconf 85' lang='grc' dir='ltr'>τά</span> <span class='ocrx_word' id='word_1_303' title='bbox 1150 2212 1286 2268; x_wconf 64' lang='grc' dir='ltr'>αὐτὰ</span> <span class='ocrx_word' id='word_1_304' title='bbox 1352 2211 1496 2285; x_wconf 87' lang='grc' dir='ltr'>αὐτῷ</span> <span class='ocrx_word' id='word_1_305' title='bbox 1550 2212 1641 2268; x_wconf 83' lang='grc' dir='ltr'>καὶ</span> <span class='ocrx_word' id='word_1_306' title='bbox 1699 2212 1933 2291; x_wconf 67' lang='grc' dir='ltr'>φθεγγό-</span> 
     </span>
    </p>
   </div>
   <div class='ocr_carea' id='block_1_40' title="bbox 281 2298 1933 2376">
    <p class='ocr_par' dir='ltr' id='par_1_40' title="bbox 281 2298 1933 2376">
     <span class='ocr_line' id='line_1_40' title="bbox 281 2298 1933 2376; baseline -0.002 -18"><span class='ocrx_word' id='word_1_307' title='bbox 281 2315 438 2376; x_wconf 81' lang='grc' dir='ltr'>μεθα,</span> <span class='ocrx_word' id='word_1_308' title='bbox 470 2303 558 2372; x_wconf 86' lang='grc' dir='ltr'>τὸ,</span> <span class='ocrx_word' id='word_1_309' title='bbox 596 2329 616 2353; x_wconf 82' lang='grc' dir='ltr'>ι</span> <span class='ocrx_word' id='word_1_310' title='bbox 670 2303 1013 2367; x_wconf 76' lang='grc' dir='ltr'>Ἐπίστευσα,</span> <span class='ocrx_word' id='word_1_311' title='bbox 1075 2299 1161 2356; x_wconf 85' lang='grc' dir='ltr'>διὸ</span> <span class='ocrx_word' id='word_1_312' title='bbox 1218 2298 1485 2373; x_wconf 78' lang='grc' dir='ltr'>ἐλάλησα.</span> <span class='ocrx_word' id='word_1_313' title='bbox 1559 2302 1767 2359; x_wconf 81' lang='grc' dir='ltr'>»Ἀνω</span> <span class='ocrx_word' id='word_1_314' title='bbox 1830 2302 1933 2376; x_wconf 73' lang='grc' dir='ltr'>γὰρ</span> 
     </span>
    </p>
   </div>
   <div class='ocr_carea' id='block_1_41' title="bbox 276 2388 1936 2467">
    <p class='ocr_par' dir='ltr' id='par_1_41' title="bbox 276 2388 1936 2467">
     <span class='ocr_line' id='line_1_41' title="bbox 276 2388 1936 2467; baseline -0.002 -20"><span class='ocrx_word' id='word_1_315' title='bbox 276 2391 383 2447; x_wconf 85' lang='grc' dir='ltr'>ἀπὸ</span> <span class='ocrx_word' id='word_1_316' title='bbox 441 2390 727 2467; x_wconf 81' lang='grc' dir='ltr'>λογισμῶν</span> <span class='ocrx_word' id='word_1_317' title='bbox 800 2392 1154 2466; x_wconf 75' lang='grc' dir='ltr'>παραστήσας</span> <span class='ocrx_word' id='word_1_318' title='bbox 1210 2392 1310 2461; x_wconf 81' lang='grc' dir='ltr'>τήν</span> <span class='ocrx_word' id='word_1_319' title='bbox 1376 2390 1680 2463; x_wconf 82' lang='grc' dir='ltr'>ἀνάστασιν,</span> <span class='ocrx_word' id='word_1_320' title='bbox 1734 2393 1825 2445; x_wconf 89' lang='grc' dir='ltr'>νῦν</span> <span class='ocrx_word' id='word_1_321' title='bbox 1875 2388 1936 2444; x_wconf 75' lang='grc' dir='ltr'>ἐκ</span> 
     </span>
    </p>
   </div>
   <div class='ocr_carea' id='block_1_42' title="bbox 278 2479 1004 2558">
    <p class='ocr_par' dir='ltr' id='par_1_42' title="bbox 278 2479 1004 2558">
     <span class='ocr_line' id='line_1_42' title="bbox 278 2479 1004 2558; baseline -0.001 -21"><span class='ocrx_word' id='word_1_322' title='bbox 278 2480 514 2544; x_wconf 87' lang='grc' dir='ltr'>πίστεως</span> <span class='ocrx_word' id='word_1_323' title='bbox 544 2481 713 2549; x_wconf 78' lang='grc' dir='ltr'>αὐτήν</span> <span class='ocrx_word' id='word_1_324' title='bbox 748 2479 1004 2558; x_wconf 63' lang='grc' dir='ltr'>εἴσφερει.</span> 
     </span>
    </p>
   </div>
   <div class='ocr_carea' id='block_1_43' title="bbox 352 2567 1933 2646">
    <p class='ocr_par' dir='ltr' id='par_1_43' title="bbox 352 2567 1933 2646">
     <span class='ocr_line' id='line_1_43' title="bbox 352 2567 1933 2646; baseline -0.001 -20"><span class='ocrx_word' id='word_1_325' title='bbox 352 2567 576 2634; x_wconf 83' lang='grc' dir='ltr'>Είδότες</span> <span class='ocrx_word' id='word_1_326' title='bbox 627 2569 713 2625; x_wconf 78' lang='grc' dir='ltr'>ὅτι</span> <span class='ocrx_word' id='word_1_327' title='bbox 772 2571 801 2625; x_wconf 88' lang='lat'>6</span> <span class='ocrx_word' id='word_1_328' title='bbox 858 2568 1063 2646; x_wconf 78' lang='grc' dir='ltr'>ἐγείρας</span> <span class='ocrx_word' id='word_1_329' title='bbox 1119 2570 1212 2625; x_wconf 88' lang='grc' dir='ltr'>τὸν</span> <span class='ocrx_word' id='word_1_330' title='bbox 1289 2569 1489 2645; x_wconf 76' lang='grc' dir='ltr'>Κύριον</span> <span class='ocrx_word' id='word_1_331' title='bbox 1554 2570 1785 2640; x_wconf 70' lang='grc' dir='ltr'>Ἰησοῦν,</span> <span class='ocrx_word' id='word_1_332' title='bbox 1842 2568 1933 2625; x_wconf 85' lang='grc' dir='ltr'>καὶ</span> 
     </span>
    </p>
   </div>
   <div class='ocr_carea' id='block_1_44' title="bbox 282 2656 1931 2734">
    <p class='ocr_par' dir='ltr' id='par_1_44' title="bbox 282 2656 1931 2734">
     <span class='ocr_line' id='line_1_44' title="bbox 282 2656 1931 2734; baseline -0.002 -20"><span class='ocrx_word' id='word_1_333' title='bbox 282 2663 431 2734; x_wconf 73' lang='grc' dir='ltr'>ἡμᾶς</span> <span class='ocrx_word' id='word_1_334' title='bbox 523 2656 611 2714; x_wconf 82' lang='grc' dir='ltr'>διὰ</span> <span class='ocrx_word' id='word_1_335' title='bbox 688 2664 871 2731; x_wconf 83' lang='grc' dir='ltr'>Ἰησοῦ</span> <span class='ocrx_word' id='word_1_336' title='bbox 956 2658 1154 2734; x_wconf 72' lang='grc' dir='ltr'>ἰγερεῖ,</span> <span class='ocrx_word' id='word_1_337' title='bbox 1261 2658 1351 2714; x_wconf 87' lang='grc' dir='ltr'>καὶ</span> <span class='ocrx_word' id='word_1_338' title='bbox 1437 2660 1773 2734; x_wconf 66' lang='grc' dir='ltr'>παραστήσει</span> <span class='ocrx_word' id='word_1_339' title='bbox 1838 2658 1931 2712; x_wconf 72' lang='grc' dir='ltr'>σὺν</span> 
     </span>
    </p>
   </div>
   <div class='ocr_carea' id='block_1_45' title="bbox 287 2745 1933 2824">
    <p class='ocr_par' dir='ltr' id='par_1_45' title="bbox 287 2745 1933 2824">
     <span class='ocr_line' id='line_1_45' title="bbox 287 2745 1933 2824; baseline -0.001 -20"><span class='ocrx_word' id='word_1_340' title='bbox 287 2750 436 2823; x_wconf 83' lang='grc' dir='ltr'>ὑμῖν.</span> <span class='ocrx_word' id='word_1_341' title='bbox 470 2750 546 2805; x_wconf 76' lang='lat' dir='ltr'>Ta‘:</span> <span class='ocrx_word' id='word_1_342' title='bbox 603 2750 708 2824; x_wconf 74' lang='grc' dir='ltr'>γὰρ</span> <span class='ocrx_word' id='word_1_343' title='bbox 766 2748 938 2805; x_wconf 77' lang='grc' dir='ltr'>πάντα</span> <span class='ocrx_word' id='word_1_344' title='bbox 997 2745 1066 2802; x_wconf 85' lang='grc' dir='ltr'>δι’</span> <span class='ocrx_word' id='word_1_345' title='bbox 1125 2748 1287 2822; x_wconf 77' lang='grc' dir='ltr'>ὑμᾶς,</span> <span class='ocrx_word' id='word_1_346' title='bbox 1342 2745 1438 2803; x_wconf 74' lang='grc' dir='ltr'>’ίνα</span> <span class='ocrx_word' id='word_1_347' title='bbox 1483 2749 1518 2817; x_wconf 77' lang='grc' dir='ltr'>ἡ</span> <span class='ocrx_word' id='word_1_348' title='bbox 1577 2747 1737 2823; x_wconf 88' lang='grc' dir='ltr'>χάρις</span> <span class='ocrx_word' id='word_1_349' title='bbox 1766 2746 1933 2803; x_wconf 81' lang='grc' dir='ltr'>πλεο-</span> 
     </span>
    </p>
   </div>
   <div class='ocr_carea' id='block_1_46' title="bbox 290 2834 1936 2912">
    <p class='ocr_par' dir='ltr' id='par_1_46' title="bbox 290 2834 1936 2912">
     <span class='ocr_line' id='line_1_46' title="bbox 290 2834 1936 2912; baseline -0.001 -19"><span class='ocrx_word' id='word_1_350' title='bbox 290 2838 518 2910; x_wconf 82' lang='grc' dir='ltr'>νάσασα,</span> <span class='ocrx_word' id='word_1_351' title='bbox 578 2834 667 2892; x_wconf 79' lang='grc' dir='ltr'>διὰ</span> <span class='ocrx_word' id='word_1_352' title='bbox 722 2842 830 2892; x_wconf 87' lang='grc' dir='ltr'>τῶν</span> <span class='ocrx_word' id='word_1_353' title='bbox 895 2835 1167 2893; x_wconf 83' lang='grc' dir='ltr'>πλειόνων</span> <span class='ocrx_word' id='word_1_354' title='bbox 1240 2837 1338 2906; x_wconf 79' lang='grc' dir='ltr'>τήν</span> <span class='ocrx_word' id='word_1_355' title='bbox 1422 2836 1771 2912; x_wconf 78' lang='grc' dir='ltr'>εὐχαριστίαν</span> <span class='ocrx_word' id='word_1_356' title='bbox 1829 2857 1936 2891; x_wconf 84' lang='grc' dir='ltr'>πε-</span> 
     </span>
    </p>
   </div>
   <div class='ocr_carea' id='block_1_47' title="bbox 293 2923 1936 3002">
    <p class='ocr_par' dir='ltr' id='par_1_47' title="bbox 293 2923 1936 3002">
     <span class='ocr_line' id='line_1_47' title="bbox 293 2923 1936 3002; baseline -0.001 -20"><span class='ocrx_word' id='word_1_357' title='bbox 293 2927 541 3002; x_wconf 78' lang='grc' dir='ltr'>ρισσεύσῃ</span> <span class='ocrx_word' id='word_1_358' title='bbox 601 2926 677 2991; x_wconf 52' lang='grc' dir='ltr'>εδς</span> <span class='ocrx_word' id='word_1_359' title='bbox 720 2927 820 2996; x_wconf 78' lang='grc' dir='ltr'>τὴν</span> <span class='ocrx_word' id='word_1_360' title='bbox 880 2923 1037 2997; x_wconf 78' lang='grc' dir='ltr'>δόξαν</span> <span class='ocrx_word' id='word_1_361' title='bbox 1088 2929 1185 2981; x_wconf 89' lang='grc' dir='ltr'>τοῦ</span> <span class='ocrx_word' id='word_1_362' title='bbox 1245 2930 1399 2983; x_wconf 86' lang='grc' dir='ltr'>Θεοῦ.</span> <span class='ocrx_word' id='word_1_363' title='bbox 1461 2927 1555 2981; x_wconf 84' lang='grc' dir='ltr'>Διὸ</span> <span class='ocrx_word' id='word_1_364' title='bbox 1615 2925 1714 2981; x_wconf 87' lang='grc' dir='ltr'>οὐκ</span> <span class='ocrx_word' id='word_1_365' title='bbox 1779 2924 1936 2981; x_wconf 78' lang='grc' dir='ltr'>ἐκκα-</span> 
     </span>
    </p>
   </div>
   <div class='ocr_carea' id='block_1_48' title="bbox 287 3009 1938 3091">
    <p class='ocr_par' dir='ltr' id='par_1_48' title="bbox 287 3009 1938 3091">
     <span class='ocr_line' id='line_1_48' title="bbox 287 3009 1938 3091; baseline -0.003 -19"><span class='ocrx_word' id='word_1_366' title='bbox 287 3021 515 3091; x_wconf 85' lang='grc' dir='ltr'>κοῦμεν,</span> <span class='ocrx_word' id='word_1_367' title='bbox 575 3013 701 3070; x_wconf 85' lang='grc' dir='ltr'>ἀλλ’</span> <span class='ocrx_word' id='word_1_368' title='bbox 763 3016 808 3071; x_wconf 84' lang='grc' dir='ltr'>εἰ</span> <span class='ocrx_word' id='word_1_369' title='bbox 866 3016 955 3070; x_wconf 84' lang='grc' dir='ltr'>καὶ</span> <span class='ocrx_word' id='word_1_370' title='bbox 1013 3016 1042 3071; x_wconf 87' lang='lat'>6</span> <span class='ocrx_word' id='word_1_371' title='bbox 1094 3009 1194 3085; x_wconf 75' lang='grc' dir='ltr'>ἔξω</span> <span class='ocrx_word' id='word_1_372' title='bbox 1254 3016 1414 3088; x_wconf 78' lang='grc' dir='ltr'>ἡμῶν</span> <span class='ocrx_word' id='word_1_373' title='bbox 1486 3014 1769 3090; x_wconf 64' lang='grc' dir='ltr'>ἅνθρωπος</span> <span class='ocrx_word' id='word_1_374' title='bbox 1817 3012 1938 3069; x_wconf 84' lang='grc' dir='ltr'>δια-</span> 
     </span>
    </p>
   </div>
   <div class='ocr_carea' id='block_1_49' title="bbox 286 3103 1936 3185">
    <p class='ocr_par' dir='ltr' id='par_1_49' title="bbox 286 3103 1936 3185">
     <span class='ocr_line' id='line_1_49' title="bbox 286 3103 1936 3185; baseline -0.002 -24"><span class='ocrx_word' id='word_1_375' title='bbox 286 3106 580 3185; x_wconf 76' lang='grc' dir='ltr'>φθείρεται,</span> <span class='ocrx_word' id='word_1_376' title='bbox 640 3103 769 3161; x_wconf 86' lang='grc' dir='ltr'>ἀλλ’</span> <span class='ocrx_word' id='word_1_377' title='bbox 828 3105 856 3160; x_wconf 83' lang='grc' dir='ltr'><strong>ὁ</strong></span> <span class='ocrx_word' id='word_1_378' title='bbox 914 3103 1110 3169; x_wconf 74' lang='grc' dir='ltr'>ἔσωθεν</span> <span class='ocrx_word' id='word_1_379' title='bbox 1156 3103 1540 3161; x_wconf 81' lang='grc' dir='ltr'>ἀνακαινοῦται</span> <span class='ocrx_word' id='word_1_380' title='bbox 1612 3103 1793 3178; x_wconf 69' lang='grc' dir='ltr'>ἡμέρᾳ</span> <span class='ocrx_word' id='word_1_381' title='bbox 1847 3104 1936 3158; x_wconf 83' lang='grc' dir='ltr'>καὶ</span> 
     </span>
    </p>
   </div>
   <div class='ocr_carea' id='block_1_50' title="bbox 277 3195 480 3269">
    <p class='ocr_par' dir='ltr' id='par_1_50' title="bbox 277 3195 480 3269">
     <span class='ocr_line' id='line_1_50' title="bbox 277 3195 480 3269; baseline 0.01 -6"><span class='ocrx_word' id='word_1_382' title='bbox 277 3195 480 3269; x_wconf 66' lang='grc' dir='ltr'>ἡμέρᾳ·</span> 
     </span>
    </p>
   </div>
   <div class='ocr_carea' id='block_1_51' title="bbox 355 3279 1928 3357">
    <p class='ocr_par' dir='ltr' id='par_1_51' title="bbox 355 3279 1928 3357">
     <span class='ocr_line' id='line_1_51' title="bbox 355 3279 1928 3357; baseline -0.003 -19"><span class='ocrx_word' id='word_1_383' title='bbox 355 3280 646 3357; x_wconf 85' lang='grc' dir='ltr'>Λαλοῦμεν</span> <span class='ocrx_word' id='word_1_384' title='bbox 680 3281 737 3338; x_wconf 80' lang='grc' dir='ltr'>δὲ</span> <span class='ocrx_word' id='word_1_385' title='bbox 767 3286 951 3353; x_wconf 85' lang='grc' dir='ltr'>τοῦτο,</span> <span class='ocrx_word' id='word_1_386' title='bbox 985 3280 1187 3345; x_wconf 79' lang='grc' dir='ltr'>εἰδότες</span> <span class='ocrx_word' id='word_1_387' title='bbox 1218 3282 1303 3337; x_wconf 79' lang='grc' dir='ltr'>ὅτι</span> <span class='ocrx_word' id='word_1_388' title='bbox 1335 3282 1363 3337; x_wconf 89' lang='grc' dir='ltr'>ὁ</span> <span class='ocrx_word' id='word_1_389' title='bbox 1391 3281 1480 3336; x_wconf 86' lang='grc' dir='ltr'>τὸν</span> <span class='ocrx_word' id='word_1_390' title='bbox 1536 3281 1730 3355; x_wconf 78' lang='grc' dir='ltr'>Κύριον</span> <span class='ocrx_word' id='word_1_391' title='bbox 1784 3279 1928 3356; x_wconf 81' lang='grc' dir='ltr'>ἐγεί-</span> 
     </span>
    </p>
   </div>
   <div class='ocr_carea' id='block_1_52' title="bbox 287 3366 1944 3449">
    <p class='ocr_par' dir='ltr' id='par_1_52' title="bbox 287 3366 1944 3449">
     <span class='ocr_line' id='line_1_52' title="bbox 287 3366 1944 3449; baseline -0.002 -20"><span class='ocrx_word' id='word_1_392' title='bbox 287 3394 381 3449; x_wconf 90' lang='grc' dir='ltr'>ρας</span> <span class='ocrx_word' id='word_1_393' title='bbox 435 3375 646 3449; x_wconf 77' lang='grc' dir='ltr'>Πατὴρ,</span> <span class='ocrx_word' id='word_1_394' title='bbox 718 3373 807 3428; x_wconf 84' lang='grc' dir='ltr'>καὶ</span> <span class='ocrx_word' id='word_1_395' title='bbox 866 3376 1013 3447; x_wconf 75' lang='grc' dir='ltr'>ἡμᾶς</span> <span class='ocrx_word' id='word_1_396' title='bbox 1073 3371 1270 3447; x_wconf 76' lang='grc' dir='ltr'>ἐγερεῖ.</span> <span class='ocrx_word' id='word_1_397' title='bbox 1333 3370 1501 3426; x_wconf 83' lang='grc' dir='ltr'>Πόθεν</span> <span class='ocrx_word' id='word_1_398' title='bbox 1559 3366 1806 3439; x_wconf 75' lang='grc' dir='ltr'>εἷδότεςς</span> <span class='ocrx_word' id='word_1_399' title='bbox 1883 3367 1944 3425; x_wconf 80' lang='grc' dir='ltr'>ἐκ</span> 
     </span>
    </p>
   </div>
   <div class='ocr_carea' id='block_1_53' title="bbox 282 3457 1940 3535">
    <p class='ocr_par' dir='ltr' id='par_1_53' title="bbox 282 3457 1940 3535">
     <span class='ocr_line' id='line_1_53' title="bbox 282 3457 1940 3535; baseline -0.006 -16"><span class='ocrx_word' id='word_1_400' title='bbox 282 3470 382 3533; x_wconf 80' lang='grc' dir='ltr'>τῆς</span> <span class='ocrx_word' id='word_1_401' title='bbox 412 3463 647 3525; x_wconf 89' lang='grc' dir='ltr'>πίστεως</span> <span class='ocrx_word' id='word_1_402' title='bbox 682 3459 967 3533; x_wconf 77' lang='grc' dir='ltr'>δηλονότι.</span> <span class='ocrx_word' id='word_1_403' title='bbox 998 3488 1027 3514; x_wconf 84' lang='grc'>‹‹</span> <span class='ocrx_word' id='word_1_404' title='bbox 1061 3462 1162 3519; x_wconf 84' lang='grc' dir='ltr'>Καὶ</span> <span class='ocrx_word' id='word_1_405' title='bbox 1193 3457 1444 3535; x_wconf 78' lang='grc' dir='ltr'>ἡμᾶςδιά</span> <span class='ocrx_word' id='word_1_406' title='bbox 1476 3462 1657 3530; x_wconf 75' lang='grc' dir='ltr'>Ἰησοῦ</span> <span class='ocrx_word' id='word_1_407' title='bbox 1684 3458 1880 3534; x_wconf 80' lang='grc' dir='ltr'>ἐγερεῖ.</span> <span class='ocrx_word' id='word_1_408' title='bbox 1912 3482 1940 3510; x_wconf 85' lang='grc'>››</span> 
     </span>
    </p>
   </div>
   <div class='ocr_carea' id='block_1_54' title="bbox 276 3544 1940 3627">
    <p class='ocr_par' dir='ltr' id='par_1_54' title="bbox 276 3544 1940 3627">
     <span class='ocr_line' id='line_1_54' title="bbox 276 3544 1940 3627; baseline -0.004 -19"><span class='ocrx_word' id='word_1_409' title='bbox 276 3552 454 3616; x_wconf 80' lang='grc' dir='ltr'>Αὐτὸς</span> <span class='ocrx_word' id='word_1_410' title='bbox 484 3554 583 3627; x_wconf 68' lang='grc' dir='ltr'>γὰρ</span> <span class='ocrx_word' id='word_1_411' title='bbox 615 3549 734 3622; x_wconf 75' lang='grc' dir='ltr'>ἥξει</span> <span class='ocrx_word' id='word_1_412' title='bbox 765 3551 817 3606; x_wconf 73' lang='grc' dir='ltr'>ἰν</span> <span class='ocrx_word' id='word_1_413' title='bbox 850 3550 1210 3624; x_wconf 72' lang='grc' dir='ltr'>κελεύσματι,</span> <span class='ocrx_word' id='word_1_414' title='bbox 1268 3549 1321 3604; x_wconf 79' lang='grc' dir='ltr'>ἐν</span> <span class='ocrx_word' id='word_1_415' title='bbox 1353 3552 1506 3623; x_wconf 84' lang='grc' dir='ltr'>φωνῇ</span> <span class='ocrx_word' id='word_1_416' title='bbox 1560 3544 1940 3625; x_wconf 80' lang='grc' dir='ltr'>ἀρχαγγέλου,</span> 
     </span>
    </p>
   </div>
   <div class='ocr_carea' id='block_1_55' title="bbox 279 3637 1940 3716">
    <p class='ocr_par' dir='ltr' id='par_1_55' title="bbox 279 3637 1940 3716">
     <span class='ocr_line' id='line_1_55' title="bbox 279 3637 1940 3716; baseline -0.004 -19"><span class='ocrx_word' id='word_1_417' title='bbox 279 3642 336 3698; x_wconf 78' lang='grc' dir='ltr'>ἑν</span> <span class='ocrx_word' id='word_1_418' title='bbox 366 3643 652 3716; x_wconf 68' lang='grc' dir='ltr'>σάλπιγγι,</span> <span class='ocrx_word' id='word_1_419' title='bbox 682 3642 775 3696; x_wconf 72' lang='grc' dir='ltr'>καὶ</span> <span class='ocrx_word' id='word_1_420' title='bbox 808 3641 985 3716; x_wconf 83' lang='grc' dir='ltr'>ἐγερεῖ</span> <span class='ocrx_word' id='word_1_421' title='bbox 1015 3641 1142 3701; x_wconf 74' lang='grc' dir='ltr'>τοὺς</span> <span class='ocrx_word' id='word_1_422' title='bbox 1199 3637 1448 3715; x_wconf 73' lang='grc' dir='ltr'>νεκροὺς,</span> <span class='ocrx_word' id='word_1_423' title='bbox 1510 3637 1601 3693; x_wconf 80' lang='grc' dir='ltr'>καὶ</span> <span class='ocrx_word' id='word_1_424' title='bbox 1649 3638 1940 3711; x_wconf 78' lang='grc' dir='ltr'>παραστή-</span> 
     </span>
    </p>
   </div>
   <div class='ocr_carea' id='block_1_56' title="bbox 285 3724 1942 3805">
    <p class='ocr_par' dir='ltr' id='par_1_56' title="bbox 285 3724 1942 3805">
     <span class='ocr_line' id='line_1_56' title="bbox 285 3724 1942 3805; baseline -0.005 -19"><span class='ocrx_word' id='word_1_425' title='bbox 285 3752 361 3787; x_wconf 89' lang='grc' dir='ltr'>σει</span> <span class='ocrx_word' id='word_1_426' title='bbox 396 3736 476 3805; x_wconf 81' lang='grc' dir='ltr'>τῷ</span> <span class='ocrx_word' id='word_1_427' title='bbox 507 3731 690 3805; x_wconf 80' lang='grc' dir='ltr'>οἰκείῳ</span> <span class='ocrx_word' id='word_1_428' title='bbox 724 3731 957 3805; x_wconf 73' lang='grc' dir='ltr'>βήματι,</span> <span class='ocrx_word' id='word_1_429' title='bbox 1003 3756 1028 3782; x_wconf 74' lang='grc' dir='ltr'>ι(</span> <span class='ocrx_word' id='word_1_430' title='bbox 1062 3730 1145 3787; x_wconf 79' lang='grc' dir='ltr'>Τἀ</span> <span class='ocrx_word' id='word_1_431' title='bbox 1204 3729 1309 3805; x_wconf 84' lang='grc' dir='ltr'>γάρ</span> <span class='ocrx_word' id='word_1_432' title='bbox 1356 3728 1525 3784; x_wconf 80' lang='grc' dir='ltr'>πάντα</span> <span class='ocrx_word' id='word_1_433' title='bbox 1587 3724 1659 3782; x_wconf 84' lang='grc' dir='ltr'>δι’</span> <span class='ocrx_word' id='word_1_434' title='bbox 1712 3727 1873 3801; x_wconf 73' lang='grc' dir='ltr'>ὑμᾶς.</span> <span class='ocrx_word' id='word_1_435' title='bbox 1914 3751 1942 3779; x_wconf 89' lang='grc'><strong>››</strong></span> 
     </span>
    </p>
   </div>
   <div class='ocr_carea' id='block_1_57' title="bbox 283 3816 1944 3897">
    <p class='ocr_par' dir='ltr' id='par_1_57' title="bbox 283 3816 1944 3897">
     <span class='ocr_line' id='line_1_57' title="bbox 283 3816 1944 3897; baseline -0.004 -21"><span class='ocrx_word' id='word_1_436' title='bbox 283 3822 547 3877; x_wconf 77' lang='grc' dir='ltr'>Ἐνταῦθα</span> <span class='ocrx_word' id='word_1_437' title='bbox 577 3816 926 3897; x_wconf 73' lang='grc' dir='ltr'>παιδαγωγεῖ</span> <span class='ocrx_word' id='word_1_438' title='bbox 980 3818 1202 3888; x_wconf 80' lang='grc' dir='ltr'>αὐτοὺς,</span> <span class='ocrx_word' id='word_1_439' title='bbox 1257 3817 1391 3893; x_wconf 75' lang='grc' dir='ltr'>ὑπὲρ</span> <span class='ocrx_word' id='word_1_440' title='bbox 1446 3823 1548 3886; x_wconf 83' lang='grc' dir='ltr'>τῆς</span> <span class='ocrx_word' id='word_1_441' title='bbox 1606 3816 1944 3878; x_wconf 79' lang='grc' dir='ltr'>ἀναστάσεως</span> 
     </span>
    </p>
   </div>
   <div class='ocr_carea' id='block_1_58' title="bbox 296 3902 1944 3984">
    <p class='ocr_par' dir='ltr' id='par_1_58' title="bbox 296 3902 1944 3984">
     <span class='ocr_line' id='line_1_58' title="bbox 296 3902 1944 3984; baseline -0.003 -20"><span class='ocrx_word' id='word_1_442' title='bbox 296 3908 391 3964; x_wconf 79' lang='grc' dir='ltr'>καὶ</span> <span class='ocrx_word' id='word_1_443' title='bbox 446 3913 553 3963; x_wconf 88' lang='grc' dir='ltr'>τῶν</span> <span class='ocrx_word' id='word_1_444' title='bbox 607 3907 815 3963; x_wconf 81' lang='grc' dir='ltr'>λοιπῶν</span> <span class='ocrx_word' id='word_1_445' title='bbox 865 3909 1101 3984; x_wconf 80' lang='grc' dir='ltr'>ἀγαθῶν,</span> <span class='ocrx_word' id='word_1_446' title='bbox 1170 3906 1328 3982; x_wconf 80' lang='grc' dir='ltr'>χάριν</span> <span class='ocrx_word' id='word_1_447' title='bbox 1382 3902 1574 3961; x_wconf 82' lang='grc' dir='ltr'>εἰδέναι</span> <span class='ocrx_word' id='word_1_448' title='bbox 1646 3904 1944 3980; x_wconf 75' lang='grc' dir='ltr'>ἀνθρώπων</span> 
     </span>
    </p>
   </div>
   <div class='ocr_carea' id='block_1_59' title="bbox 303 3992 1942 4072">
    <p class='ocr_par' dir='ltr' id='par_1_59' title="bbox 303 3992 1942 4072">
     <span class='ocr_line' id='line_1_59' title="bbox 303 3992 1942 4072; baseline -0.002 -19"><span class='ocrx_word' id='word_1_449' title='bbox 303 3997 397 4071; x_wconf 80' lang='grc' dir='ltr'>μὲν</span> <span class='ocrx_word' id='word_1_450' title='bbox 433 3994 647 4072; x_wconf 73' lang='grc' dir='ltr'>μηδενὶ,</span> <span class='ocrx_word' id='word_1_451' title='bbox 678 4001 793 4069; x_wconf 86' lang='grc' dir='ltr'>Θεῷ</span> <span class='ocrx_word' id='word_1_452' title='bbox 840 3994 898 4052; x_wconf 69' lang='grc' dir='ltr'>δὲ</span> <span class='ocrx_word' id='word_1_453' title='bbox 956 3998 1124 4070; x_wconf 83' lang='grc' dir='ltr'>μόνῳ.</span> <span class='ocrx_word' id='word_1_454' title='bbox 1193 3996 1260 4052; x_wconf 75' lang='lat' dir='ltr'>Oi.</span> <span class='ocrx_word' id='word_1_455' title='bbox 1318 3995 1422 4071; x_wconf 87' lang='grc' dir='ltr'>γάρ</span> <span class='ocrx_word' id='word_1_456' title='bbox 1480 3992 1942 4071; x_wconf 75' lang='grc' dir='ltr'>ψευδαπόστολοι,</span> 
     </span>
    </p>
   </div>
   <div class='ocr_carea' id='block_1_60' title="bbox 297 4081 1941 4162">
    <p class='ocr_par' dir='ltr' id='par_1_60' title="bbox 297 4081 1941 4162">
     <span class='ocr_line' id='line_1_60' title="bbox 297 4081 1941 4162; baseline -0.003 -19"><span class='ocrx_word' id='word_1_457' title='bbox 297 4088 508 4151; x_wconf 73' lang='grc' dir='ltr'>ἑαυτοῖς</span> <span class='ocrx_word' id='word_1_458' title='bbox 534 4088 634 4158; x_wconf 80' lang='grc' dir='ltr'>τήν</span> <span class='ocrx_word' id='word_1_459' title='bbox 676 4087 839 4162; x_wconf 82' lang='grc' dir='ltr'>χάριν</span> <span class='ocrx_word' id='word_1_460' title='bbox 895 4085 1231 4154; x_wconf 82' lang='grc' dir='ltr'>ἀνετίθεσαν,</span> <span class='ocrx_word' id='word_1_461' title='bbox 1290 4085 1365 4145; x_wconf 85' lang='grc' dir='ltr'>ὡς</span> <span class='ocrx_word' id='word_1_462' title='bbox 1424 4081 1515 4139; x_wconf 70' lang='grc' dir='ltr'>διὰ</span> <span class='ocrx_word' id='word_1_463' title='bbox 1557 4088 1662 4139; x_wconf 88' lang='grc' dir='ltr'>τῶν</span> <span class='ocrx_word' id='word_1_464' title='bbox 1723 4084 1941 4140; x_wconf 80' lang='grc' dir='ltr'>οἰκείων</span> 
     </span>
    </p>
   </div>
   <div class='ocr_carea' id='block_1_61' title="bbox 294 4171 1944 4253">
    <p class='ocr_par' dir='ltr' id='par_1_61' title="bbox 294 4171 1944 4253">
     <span class='ocr_line' id='line_1_61' title="bbox 294 4171 1944 4253; baseline -0.003 -19"><span class='ocrx_word' id='word_1_465' title='bbox 294 4178 429 4253; x_wconf 82' lang='grc' dir='ltr'>πρὸς</span> <span class='ocrx_word' id='word_1_466' title='bbox 517 4177 646 4232; x_wconf 88' lang='grc' dir='ltr'>Θεὸν</span> <span class='ocrx_word' id='word_1_467' title='bbox 706 4175 1124 4249; x_wconf 78' lang='grc' dir='ltr'>παρακλήσεων,</span> <span class='ocrx_word' id='word_1_468' title='bbox 1210 4171 1562 4251; x_wconf 74' lang='grc' dir='ltr'>δωρουμένου</span> <span class='ocrx_word' id='word_1_469' title='bbox 1623 4178 1790 4229; x_wconf 86' lang='grc' dir='ltr'>ταῦτα</span> <span class='ocrx_word' id='word_1_470' title='bbox 1846 4177 1944 4229; x_wconf 85' lang='grc' dir='ltr'>τοῦ</span> 
     </span>
    </p>
   </div>
   <div class='ocr_carea' id='block_1_62' title="bbox 293 4261 1941 4344">
    <p class='ocr_par' dir='ltr' id='par_1_62' title="bbox 293 4261 1941 4344">
     <span class='ocr_line' id='line_1_62' title="bbox 293 4261 1941 4344; baseline -0.004 -21"><span class='ocrx_word' id='word_1_471' title='bbox 293 4272 447 4325; x_wconf 84' lang='grc' dir='ltr'>Θεοῦ.</span> <span class='ocrx_word' id='word_1_472' title='bbox 477 4292 505 4320; x_wconf 85' lang='grc'>‹‹</span> <span class='ocrx_word' id='word_1_473' title='bbox 538 4266 619 4325; x_wconf 84' lang='grc' dir='ltr'>Τὰ</span> <span class='ocrx_word' id='word_1_474' title='bbox 650 4267 753 4344; x_wconf 68' lang='grc' dir='ltr'>γὰρ</span> <span class='ocrx_word' id='word_1_475' title='bbox 787 4265 978 4335; x_wconf 68' lang='grc' dir='ltr'>πάντα,</span> <span class='ocrx_word' id='word_1_476' title='bbox 1009 4265 1286 4321; x_wconf 72' lang='grc' dir='ltr'>τουτέστιν</span> <span class='ocrx_word' id='word_1_477' title='bbox 1333 4264 1528 4341; x_wconf 82' lang='grc' dir='ltr'>ἀγαθὰ,</span> <span class='ocrx_word' id='word_1_478' title='bbox 1588 4261 1659 4318; x_wconf 84' lang='grc' dir='ltr'>δι’</span> <span class='ocrx_word' id='word_1_479' title='bbox 1720 4264 1881 4338; x_wconf 81' lang='grc' dir='ltr'>ὑμᾶς,</span> <span class='ocrx_word' id='word_1_480' title='bbox 1912 4286 1941 4316; x_wconf 67' lang='grc' dir='ltr'>π</span> 
     </span>
    </p>
   </div>
   <div class='ocr_carea' id='block_1_63' title="bbox 295 4350 1946 4431">
    <p class='ocr_par' dir='ltr' id='par_1_63' title="bbox 295 4350 1946 4431">
     <span class='ocr_line' id='line_1_63' title="bbox 295 4350 1946 4431; baseline -0.003 -20"><span class='ocrx_word' id='word_1_481' title='bbox 295 4356 358 4412; x_wconf 91' lang='grc' dir='ltr'>οὐ</span> <span class='ocrx_word' id='word_1_482' title='bbox 391 4355 481 4411; x_wconf 82' lang='grc' dir='ltr'>διά</span> <span class='ocrx_word' id='word_1_483' title='bbox 503 4354 682 4427; x_wconf 84' lang='grc' dir='ltr'>τόνδε,</span> <span class='ocrx_word' id='word_1_484' title='bbox 712 4357 801 4411; x_wconf 79' lang='grc' dir='ltr'>καὶ</span> <span class='ocrx_word' id='word_1_485' title='bbox 834 4353 1013 4426; x_wconf 84' lang='grc' dir='ltr'>τόνδε,</span> <span class='ocrx_word' id='word_1_486' title='bbox 1053 4352 1200 4410; x_wconf 85' lang='grc' dir='ltr'>ἀλλὰ</span> <span class='ocrx_word' id='word_1_487' title='bbox 1259 4350 1349 4407; x_wconf 79' lang='grc' dir='ltr'>8ιά</span> <span class='ocrx_word' id='word_1_488' title='bbox 1403 4352 1464 4406; x_wconf 87' lang='grc' dir='ltr'>τὸ</span> <span class='ocrx_word' id='word_1_489' title='bbox 1522 4356 1677 4426; x_wconf 80' lang='grc' dir='ltr'>κοινῇ</span> <span class='ocrx_word' id='word_1_490' title='bbox 1737 4351 1946 4431; x_wconf 75' lang='grc' dir='ltr'>συμφέ-</span> 
     </span>
    </p>
   </div>
   <div class='ocr_carea' id='block_1_64' title="bbox 299 4441 1945 4524">
    <p class='ocr_par' dir='ltr' id='par_1_64' title="bbox 299 4441 1945 4524">
     <span class='ocr_line' id='line_1_64' title="bbox 299 4441 1945 4524; baseline -0.002 -24"><span class='ocrx_word' id='word_1_491' title='bbox 299 4465 414 4520; x_wconf 90' lang='grc' dir='ltr'>ρον.</span> <span class='ocrx_word' id='word_1_492' title='bbox 446 4448 617 4500; x_wconf 86' lang='grc' dir='ltr'>Τοῦτο</span> <span class='ocrx_word' id='word_1_493' title='bbox 650 4442 728 4515; x_wconf 72' lang='grc' dir='ltr'>δὲ,</span> <span class='ocrx_word' id='word_1_494' title='bbox 761 4445 917 4524; x_wconf 72' lang='grc' dir='ltr'>φησὶ,</span> <span class='ocrx_word' id='word_1_495' title='bbox 952 4445 1196 4522; x_wconf 67' lang='grc' dir='ltr'>γέγονεν,</span> <span class='ocrx_word' id='word_1_496' title='bbox 1234 4443 1326 4497; x_wconf 81' lang='grc' dir='ltr'>ἳνα</span> <span class='ocrx_word' id='word_1_497' title='bbox 1365 4444 1400 4511; x_wconf 79' lang='grc' dir='ltr'>ἡ</span> <span class='ocrx_word' id='word_1_498' title='bbox 1458 4441 1623 4520; x_wconf 87' lang='grc' dir='ltr'>χάρις</span> <span class='ocrx_word' id='word_1_499' title='bbox 1657 4445 1754 4496; x_wconf 89' lang='grc' dir='ltr'>τοῦ</span> <span class='ocrx_word' id='word_1_500' title='bbox 1811 4444 1945 4496; x_wconf 83' lang='grc' dir='ltr'>Θεοῦ</span> 
     </span>
    </p>
   </div>
   <div class='ocr_carea' id='block_1_65' title="bbox 299 4528 1942 4610">
    <p class='ocr_par' dir='ltr' id='par_1_65' title="bbox 299 4528 1942 4610">
     <span class='ocr_line' id='line_1_65' title="bbox 299 4528 1942 4610; baseline -0.002 -21"><span class='ocrx_word' id='word_1_501' title='bbox 299 4533 598 4609; x_wconf 67' lang='grc' dir='ltr'>πλεονάσῃ,</span> <span class='ocrx_word' id='word_1_502' title='bbox 632 4531 869 4595; x_wconf 88' lang='grc' dir='ltr'>πολλοῖς</span> <span class='ocrx_word' id='word_1_503' title='bbox 900 4532 1275 4610; x_wconf 69' lang='grc' dir='ltr'>παρεχομένη.</span> <span class='ocrx_word' id='word_1_504' title='bbox 1327 4530 1539 4600; x_wconf 65' lang='grc' dir='ltr'>Ταύτης</span> <span class='ocrx_word' id='word_1_505' title='bbox 1594 4528 1653 4585; x_wconf 70' lang='grc' dir='ltr'>δὲ</span> <span class='ocrx_word' id='word_1_506' title='bbox 1707 4528 1942 4586; x_wconf 86' lang='grc' dir='ltr'>πλεονα-</span> 
     </span>
    </p>
   </div>
   <div class='ocr_carea' id='block_1_66' title="bbox 303 4618 1942 4696">
    <p class='ocr_par' dir='ltr' id='par_1_66' title="bbox 303 4618 1942 4696">
     <span class='ocr_line' id='line_1_66' title="bbox 303 4618 1942 4696; baseline -0.002 -19"><span class='ocrx_word' id='word_1_507' title='bbox 303 4622 523 4693; x_wconf 69' lang='grc' dir='ltr'>ζούσης,</span> <span class='ocrx_word' id='word_1_508' title='bbox 556 4621 711 4692; x_wconf 73' lang='grc' dir='ltr'>κα“ἠ</span> <span class='ocrx_word' id='word_1_509' title='bbox 771 4620 847 4683; x_wconf 82' lang='grc' dir='ltr'>είς</span> <span class='ocrx_word' id='word_1_510' title='bbox 906 4622 1067 4676; x_wconf 85' lang='grc' dir='ltr'>αὐτὸν</span> <span class='ocrx_word' id='word_1_511' title='bbox 1118 4619 1438 4696; x_wconf 80' lang='grc' dir='ltr'>εὐχαριστία</span> <span class='ocrx_word' id='word_1_512' title='bbox 1495 4618 1942 4692; x_wconf 76' lang='grc' dir='ltr'>συμπλεονασθή-</span> 
     </span>
    </p>
   </div>
   <div class='ocr_carea' id='block_1_67' title="bbox 302 4705 1942 4784">
    <p class='ocr_par' dir='ltr' id='par_1_67' title="bbox 302 4705 1942 4784">
     <span class='ocr_line' id='line_1_67' title="bbox 302 4705 1942 4784; baseline -0.002 -17"><span class='ocrx_word' id='word_1_513' title='bbox 302 4733 473 4770; x_wconf 87' lang='grc' dir='ltr'>σεται.</span> <span class='ocrx_word' id='word_1_514' title='bbox 533 4736 558 4767; x_wconf 73' lang='grc' dir='ltr'>ι</span> <span class='ocrx_word' id='word_1_515' title='bbox 621 4713 715 4768; x_wconf 87' lang='grc' dir='ltr'>Διὸ</span> <span class='ocrx_word' id='word_1_516' title='bbox 773 4710 870 4767; x_wconf 89' lang='grc' dir='ltr'>οὐκ</span> <span class='ocrx_word' id='word_1_517' title='bbox 922 4710 1271 4784; x_wconf 77' lang='grc' dir='ltr'>ἐκκακοῦμεν.</span> <span class='ocrx_word' id='word_1_518' title='bbox 1334 4733 1362 4761; x_wconf 91' lang='grc'><strong>››</strong></span> <span class='ocrx_word' id='word_1_519' title='bbox 1430 4708 1578 4765; x_wconf 73' lang='grc' dir='ltr'>ἐ.πεὶ</span> <span class='ocrx_word' id='word_1_520' title='bbox 1630 4708 1719 4763; x_wconf 84' lang='grc' dir='ltr'>οὗν</span> <span class='ocrx_word' id='word_1_521' title='bbox 1788 4705 1942 4781; x_wconf 66' lang='grc' dir='ltr'>ἴσμεν</span> 
     </span>
    </p>
   </div>
   <div class='ocr_carea' id='block_1_68' title="bbox 300 4798 1944 4876">
    <p class='ocr_par' dir='ltr' id='par_1_68' title="bbox 300 4798 1944 4876">
     <span class='ocr_line' id='line_1_68' title="bbox 300 4798 1944 4876; baseline -0.002 -20"><span class='ocrx_word' id='word_1_522' title='bbox 300 4803 472 4858; x_wconf 77' lang='grc' dir='ltr'>πάντα</span> <span class='ocrx_word' id='word_1_523' title='bbox 523 4803 590 4859; x_wconf 73' lang='grc' dir='ltr'>τὰ</span> <span class='ocrx_word' id='word_1_524' title='bbox 621 4801 698 4864; x_wconf 83' lang='grc' dir='ltr'>εἷς</span> <span class='ocrx_word' id='word_1_525' title='bbox 738 4803 885 4875; x_wconf 74' lang='grc' dir='ltr'>ἡμᾶς</span> <span class='ocrx_word' id='word_1_526' title='bbox 944 4801 1225 4876; x_wconf 86' lang='grc' dir='ltr'>γινόμενα,</span> <span class='ocrx_word' id='word_1_527' title='bbox 1276 4798 1352 4862; x_wconf 75' lang='grc' dir='ltr'>εἷς</span> <span class='ocrx_word' id='word_1_528' title='bbox 1410 4799 1755 4875; x_wconf 83' lang='grc' dir='ltr'>εὐχαριστίαν</span> <span class='ocrx_word' id='word_1_529' title='bbox 1812 4803 1944 4855; x_wconf 88' lang='grc' dir='ltr'>Θεοῦ</span> 
     </span>
    </p>
   </div>
   <div class='ocr_carea' id='block_1_69' title="bbox 299 4887 1945 4965">
    <p class='ocr_par' dir='ltr' id='par_1_69' title="bbox 299 4887 1945 4965">
     <span class='ocr_line' id='line_1_69' title="bbox 299 4887 1945 4965; baseline -0.002 -18"><span class='ocrx_word' id='word_1_530' title='bbox 299 4889 577 4963; x_wconf 72' lang='grc' dir='ltr'>τελευτᾷν,</span> <span class='ocrx_word' id='word_1_531' title='bbox 619 4891 721 4947; x_wconf 85' lang='grc' dir='ltr'>οὐκ</span> <span class='ocrx_word' id='word_1_532' title='bbox 772 4890 1103 4963; x_wconf 77' lang='grc' dir='ltr'>ἐκκακοῦμεν</span> <span class='ocrx_word' id='word_1_533' title='bbox 1161 4887 1285 4945; x_wconf 80' lang='grc' dir='ltr'>οὐδέ</span> <span class='ocrx_word' id='word_1_534' title='bbox 1340 4888 1753 4965; x_wconf 81' lang='grc' dir='ltr'>ἀπαγορεύομεν</span> <span class='ocrx_word' id='word_1_535' title='bbox 1808 4889 1945 4963; x_wconf 84' lang='grc' dir='ltr'>πρὸς</span> 
     </span>
    </p>
   </div>
   <div class='ocr_carea' id='block_1_70' title="bbox 299 4977 1949 5058">
    <p class='ocr_par' dir='ltr' id='par_1_70' title="bbox 299 4977 1949 5058">
     <span class='ocr_line' id='line_1_70' title="bbox 299 4977 1949 5058; baseline -0.002 -23"><span class='ocrx_word' id='word_1_536' title='bbox 299 4980 431 5045; x_wconf 79' lang='grc' dir='ltr'>τοὺς</span> <span class='ocrx_word' id='word_1_537' title='bbox 458 4980 814 5058; x_wconf 69' lang='grc' dir='ltr'>πειρασμούς.</span> <span class='ocrx_word' id='word_1_538' title='bbox 857 4982 1001 5051; x_wconf 77' lang='grc' dir='ltr'>Ἐξω</span> <span class='ocrx_word' id='word_1_539' title='bbox 1039 4977 1097 5034; x_wconf 68' lang='grc' dir='ltr'>δὲ</span> <span class='ocrx_word' id='word_1_540' title='bbox 1162 4980 1466 5055; x_wconf 82' lang='grc' dir='ltr'>ἃνθρωπον,</span> <span class='ocrx_word' id='word_1_541' title='bbox 1522 4979 1585 5033; x_wconf 82' lang='grc' dir='ltr'>τὸ</span> <span class='ocrx_word' id='word_1_542' title='bbox 1643 4984 1804 5053; x_wconf 72' lang='grc' dir='ltr'>σῶμα</span> <span class='ocrx_word' id='word_1_543' title='bbox 1858 4999 1949 5033; x_wconf 85' lang='grc' dir='ltr'>κα-</span> 
     </span>
    </p>
   </div>
   <div class='ocr_carea' id='block_1_71' title="bbox 303 5066 1947 5147">
    <p class='ocr_par' dir='ltr' id='par_1_71' title="bbox 303 5066 1947 5147">
     <span class='ocr_line' id='line_1_71' title="bbox 303 5066 1947 5147; baseline -0.002 -22"><span class='ocrx_word' id='word_1_544' title='bbox 303 5068 413 5138; x_wconf 81' lang='grc' dir='ltr'>λεῖ,</span> <span class='ocrx_word' id='word_1_545' title='bbox 450 5069 583 5146; x_wconf 78' lang='grc' dir='ltr'>ὅπερ</span> <span class='ocrx_word' id='word_1_546' title='bbox 642 5069 944 5147; x_wconf 67' lang='grc' dir='ltr'>φθείρεται,</span> <span class='ocrx_word' id='word_1_547' title='bbox 1004 5069 1424 5142; x_wconf 81' lang='grc' dir='ltr'>μαστιζόμενον,</span> <span class='ocrx_word' id='word_1_548' title='bbox 1466 5066 1823 5140; x_wconf 85' lang='grc' dir='ltr'>διωκόμενον,</span> <span class='ocrx_word' id='word_1_549' title='bbox 1855 5087 1947 5122; x_wconf 87' lang='grc' dir='ltr'>και</span> 
     </span>
    </p>
   </div>
   <div class='ocr_carea' id='block_1_72' title="bbox 304 5155 1946 5232">
    <p class='ocr_par' dir='ltr' id='par_1_72' title="bbox 304 5155 1946 5232">
     <span class='ocr_line' id='line_1_72' title="bbox 304 5155 1946 5232; baseline -0.001 -19"><span class='ocrx_word' id='word_1_550' title='bbox 304 5155 697 5232; x_wconf 74' lang='grc' dir='ltr'>δεσμούμενον.</span> <span class='ocrx_word' id='word_1_551' title='bbox 730 5159 877 5213; x_wconf 82' lang='grc' dir='ltr'>Ἔσω</span> <span class='ocrx_word' id='word_1_552' title='bbox 910 5155 968 5212; x_wconf 79' lang='grc' dir='ltr'>δὲ</span> <span class='ocrx_word' id='word_1_553' title='bbox 1009 5156 1290 5231; x_wconf 77' lang='grc' dir='ltr'>ἃνθρωπον</span> <span class='ocrx_word' id='word_1_554' title='bbox 1345 5158 1444 5225; x_wconf 73' lang='grc' dir='ltr'>τὴν</span> <span class='ocrx_word' id='word_1_555' title='bbox 1502 5158 1711 5232; x_wconf 73' lang='grc' dir='ltr'>ψυχήν,</span> <span class='ocrx_word' id='word_1_556' title='bbox 1768 5158 1803 5227; x_wconf 76' lang='grc' dir='ltr'><strong>ἢ</strong></span> <span class='ocrx_word' id='word_1_557' title='bbox 1861 5177 1946 5220; x_wconf 90' lang='grc' dir='ltr'>τις</span> 
     </span>
    </p>
   </div>
   <div class='ocr_carea' id='block_1_73' title="bbox 302 5242 1947 5326">
    <p class='ocr_par' dir='ltr' id='par_1_73' title="bbox 302 5242 1947 5326">
     <span class='ocr_line' id='line_1_73' title="bbox 302 5242 1947 5326; baseline 0 -24"><span class='ocrx_word' id='word_1_558' title='bbox 302 5247 623 5319; x_wconf 75' lang='grc' dir='ltr'>ἀναθάλλει,</span> <span class='ocrx_word' id='word_1_559' title='bbox 649 5247 938 5326; x_wconf 60' lang='grc' dir='ltr'>φησῗ,καθ’</span> <span class='ocrx_word' id='word_1_560' title='bbox 971 5248 1198 5317; x_wconf 74' lang='grc' dir='ltr'>ἑκάστην</span> <span class='ocrx_word' id='word_1_561' title='bbox 1228 5244 1436 5320; x_wconf 79' lang='grc' dir='ltr'>ἡμέραν</span> <span class='ocrx_word' id='word_1_562' title='bbox 1469 5250 1537 5319; x_wconf 79' lang='grc' dir='ltr'>τῇ</span> <span class='ocrx_word' id='word_1_563' title='bbox 1566 5242 1748 5301; x_wconf 65' lang='grc' dir='ltr'>ἑλπίδι</span> <span class='ocrx_word' id='word_1_564' title='bbox 1769 5247 1857 5301; x_wconf 65' lang='grc' dir='ltr'>καὶ</span> <span class='ocrx_word' id='word_1_565' title='bbox 1878 5248 1947 5320; x_wconf 76' lang='grc' dir='ltr'>τῇ</span> 
     </span>
    </p>
   </div>
   <div class='ocr_carea' id='block_1_74' title="bbox 300 5338 1631 5420">
    <p class='ocr_par' dir='ltr' id='par_1_74' title="bbox 300 5338 1631 5420">
     <span class='ocr_line' id='line_1_74' title="bbox 300 5338 1631 5420; baseline 0 -25"><span class='ocrx_word' id='word_1_566' title='bbox 300 5347 468 5420; x_wconf 77' lang='grc' dir='ltr'>χαρᾷ,</span> <span class='ocrx_word' id='word_1_567' title='bbox 502 5342 594 5398; x_wconf 80' lang='grc' dir='ltr'>καὶ</span> <span class='ocrx_word' id='word_1_568' title='bbox 622 5346 703 5415; x_wconf 77' lang='grc' dir='ltr'>τῷ</span> <span class='ocrx_word' id='word_1_569' title='bbox 732 5338 930 5396; x_wconf 67' lang='grc' dir='ltr'>εἰδέναι</span> <span class='ocrx_word' id='word_1_570' title='bbox 960 5340 1046 5396; x_wconf 81' lang='grc' dir='ltr'>δτι</span> <span class='ocrx_word' id='word_1_571' title='bbox 1080 5339 1214 5413; x_wconf 68' lang='grc' dir='ltr'>ὑπὲρ</span> <span class='ocrx_word' id='word_1_572' title='bbox 1245 5341 1378 5394; x_wconf 87' lang='grc' dir='ltr'>Θεοῦ</span> <span class='ocrx_word' id='word_1_573' title='bbox 1406 5339 1631 5417; x_wconf 79' lang='grc' dir='ltr'>πάσχει.</span> 
     </span>
    </p>
   </div>
   <div class='ocr_carea' id='block_1_75' title="bbox 371 5617 1948 5703">
    <p class='ocr_par' dir='ltr' id='par_1_75' title="bbox 371 5617 1948 5703">
     <span class='ocr_line' id='line_1_75' title="bbox 371 5617 1948 5703; baseline -0.007 -19"><span class='ocrx_word' id='word_1_574' title='bbox 371 5627 450 5687; x_wconf 86' lang='grc' dir='ltr'>Τὸ</span> <span class='ocrx_word' id='word_1_575' title='bbox 482 5627 587 5703; x_wconf 82' lang='grc' dir='ltr'>γὰρ</span> <span class='ocrx_word' id='word_1_576' title='bbox 642 5623 953 5692; x_wconf 83' lang='grc' dir='ltr'>παραυτίκα</span> <span class='ocrx_word' id='word_1_577' title='bbox 1009 5622 1243 5703; x_wconf 70' lang='grc' dir='ltr'>ἑλαφρὸν</span> <span class='ocrx_word' id='word_1_578' title='bbox 1306 5627 1409 5692; x_wconf 82' lang='grc' dir='ltr'>τῆς</span> <span class='ocrx_word' id='word_1_579' title='bbox 1463 5617 1705 5696; x_wconf 83' lang='grc' dir='ltr'>θλίψεως</span> <span class='ocrx_word' id='word_1_580' title='bbox 1763 5621 1948 5693; x_wconf 76' lang='grc' dir='ltr'>ἡμῶν,</span> 
     </span>
    </p>
   </div>
   <div class='ocr_carea' id='block_1_76' title="bbox 298 5705 1952 5791">
    <p class='ocr_par' dir='ltr' id='par_1_76' title="bbox 298 5705 1952 5791">
     <span class='ocr_line' id='line_1_76' title="bbox 298 5705 1952 5791; baseline -0.002 -20"><span class='ocrx_word' id='word_1_581' title='bbox 298 5718 419 5774; x_wconf 80' lang='grc' dir='ltr'>καθ’</span> <span class='ocrx_word' id='word_1_582' title='bbox 505 5708 817 5791; x_wconf 70' lang='grc' dir='ltr'>ὑπερϐολὴν</span> <span class='ocrx_word' id='word_1_583' title='bbox 920 5713 996 5774; x_wconf 78' lang='grc' dir='ltr'>είς</span> <span class='ocrx_word' id='word_1_584' title='bbox 1075 5705 1390 5788; x_wconf 74' lang='grc' dir='ltr'>ὑπερϐολήν</span> <span class='ocrx_word' id='word_1_585' title='bbox 1490 5708 1710 5765; x_wconf 71' lang='grc' dir='ltr'>αἰώνιον</span> <span class='ocrx_word' id='word_1_586' title='bbox 1784 5712 1952 5787; x_wconf 84' lang='grc' dir='ltr'>βάρος</span> 
     </span>
    </p>
   </div>
   <div class='ocr_carea' id='block_1_77' title="bbox 2041 1955 3694 2026">
    <p class='ocr_par' dir='ltr' id='par_1_77' title="bbox 2041 1955 3694 2026">
     <span class='ocr_line' id='line_1_77' title="bbox 2041 1955 3694 2026; baseline 0.002 -16"><span class='ocrx_word' id='word_1_587' title='bbox 2041 1955 2421 2010; x_wconf 83' lang='lat' dir='ltr'>deficientem</span> <span class='ocrx_word' id='word_1_588' title='bbox 2452 1971 2520 2009; x_wconf 93' lang='lat' dir='ltr'>ac</span> <span class='ocrx_word' id='word_1_589' title='bbox 2548 1955 2969 2026; x_wconf 85' lang='lat' dir='ltr'>sempiternam</span> <span class='ocrx_word' id='word_1_590' title='bbox 2998 1956 3176 2012; x_wconf 89' lang='lat' dir='ltr'>vitam</span> <span class='ocrx_word' id='word_1_591' title='bbox 3214 1957 3274 2012; x_wconf 91' lang='lat' dir='ltr'>in</span> <span class='ocrx_word' id='word_1_592' title='bbox 3300 1957 3464 2015; x_wconf 77' lang='lat' dir='ltr'>coelis</span> <span class='ocrx_word' id='word_1_593' title='bbox 3495 1959 3694 2015; x_wconf 88' lang='lat' dir='ltr'>conci-</span> 
     </span>
    </p>
   </div>
   <div class='ocr_carea' id='block_1_78' title="bbox 2043 2044 3690 2120">
    <p class='ocr_par' dir='ltr' id='par_1_78' title="bbox 2043 2044 3690 2120">
     <span class='ocr_line' id='line_1_78' title="bbox 2043 2044 3690 2120; baseline 0.004 -21"><span class='ocrx_word' id='word_1_594' title='bbox 2043 2045 2164 2099; x_wconf 92' lang='lat' dir='ltr'>liet.</span> <span class='ocrx_word' id='word_1_595' title='bbox 2200 2066 2228 2093; x_wconf 84' lang='lat'><strong>«</strong></span> <span class='ocrx_word' id='word_1_596' title='bbox 2262 2045 2552 2099; x_wconf 65' lang='lat' dir='ltr'>Caeterum</span> <span class='ocrx_word' id='word_1_597' title='bbox 2580 2061 2713 2099; x_wconf 90' lang='lat' dir='ltr'>cum</span> <span class='ocrx_word' id='word_1_598' title='bbox 2745 2044 3070 2101; x_wconf 86' lang='lat' dir='ltr'>habeamus</span> <span class='ocrx_word' id='word_1_599' title='bbox 3100 2048 3377 2103; x_wconf 88' lang='lat' dir='ltr'>eumdem</span> <span class='ocrx_word' id='word_1_600' title='bbox 3417 2049 3690 2120; x_wconf 84' lang='lat' dir='ltr'>spiritum</span> 
     </span>
    </p>
   </div>
   <div class='ocr_carea' id='block_1_79' title="bbox 2045 2133 3692 2207">
    <p class='ocr_par' dir='ltr' id='par_1_79' title="bbox 2045 2133 3692 2207">
     <span class='ocr_line' id='line_1_79' title="bbox 2045 2133 3692 2207; baseline 0.004 -18"><span class='ocrx_word' id='word_1_601' title='bbox 2045 2133 2203 2189; x_wconf 82' lang='lat' dir='ltr'>ﬁdei.</span> <span class='ocrx_word' id='word_1_602' title='bbox 2240 2154 2267 2183; x_wconf 80' lang='grc'>››</span> <span class='ocrx_word' id='word_1_603' title='bbox 2295 2135 2440 2189; x_wconf 89' lang='lat' dir='ltr'>Cum</span> <span class='ocrx_word' id='word_1_604' title='bbox 2472 2133 2747 2189; x_wconf 84' lang='lat' dir='ltr'>eumdem</span> <span class='ocrx_word' id='word_1_605' title='bbox 2779 2134 3053 2207; x_wconf 78' lang='lat' dir='ltr'>Spiritum</span> <span class='ocrx_word' id='word_1_606' title='bbox 3086 2153 3221 2192; x_wconf 90' lang='lat' dir='ltr'>cum</span> <span class='ocrx_word' id='word_1_607' title='bbox 3256 2138 3432 2194; x_wconf 84' lang='lat' dir='ltr'>David</span> <span class='ocrx_word' id='word_1_608' title='bbox 3464 2139 3692 2195; x_wconf 90' lang='lat' dir='ltr'>habea-</span> 
     </span>
    </p>
   </div>
   <div class='ocr_carea' id='block_1_80' title="bbox 2043 2223 3698 2299">
    <p class='ocr_par' dir='ltr' id='par_1_80' title="bbox 2043 2223 3698 2299">
     <span class='ocr_line' id='line_1_80' title="bbox 2043 2223 3698 2299; baseline 0.004 -21"><span class='ocrx_word' id='word_1_609' title='bbox 2043 2240 2194 2286; x_wconf 90' lang='lat' dir='ltr'>mus.</span> <span class='ocrx_word' id='word_1_610' title='bbox 2221 2223 2426 2279; x_wconf 83' lang='lat' dir='ltr'>eadem</span> <span class='ocrx_word' id='word_1_611' title='bbox 2460 2224 2637 2278; x_wconf 87' lang='lat' dir='ltr'>etiam</span> <span class='ocrx_word' id='word_1_612' title='bbox 2670 2241 2803 2279; x_wconf 90' lang='lat' dir='ltr'>cum</span> <span class='ocrx_word' id='word_1_613' title='bbox 2827 2224 2955 2295; x_wconf 89' lang='lat' dir='ltr'>ipso</span> <span class='ocrx_word' id='word_1_614' title='bbox 2989 2225 3307 2296; x_wconf 81' lang='lat' dir='ltr'>loquimur.</span> <span class='ocrx_word' id='word_1_615' title='bbox 3331 2234 3472 2299; x_wconf 87' lang='lat' dir='ltr'>puta</span> <span class='ocrx_word' id='word_1_616' title='bbox 3503 2252 3529 2278; x_wconf 90' lang='grc'><em>‹‹</em></span> <span class='ocrx_word' id='word_1_617' title='bbox 3565 2229 3698 2284; x_wconf 85' lang='lat' dir='ltr'>Cre-</span> 
     </span>
    </p>
   </div>
   <div class='ocr_carea' id='block_1_81' title="bbox 2043 2311 3699 2389">
    <p class='ocr_par' dir='ltr' id='par_1_81' title="bbox 2043 2311 3699 2389">
     <span class='ocr_line' id='line_1_81' title="bbox 2043 2311 3699 2389; baseline 0.004 -23"><span class='ocrx_word' id='word_1_618' title='bbox 2043 2312 2187 2379; x_wconf 89' lang='lat' dir='ltr'>didi,</span> <span class='ocrx_word' id='word_1_619' title='bbox 2219 2312 2437 2367; x_wconf 90' lang='lat' dir='ltr'>idcirco</span> <span class='ocrx_word' id='word_1_620' title='bbox 2458 2311 2691 2368; x_wconf 87' lang='lat' dir='ltr'>locutus</span> <span class='ocrx_word' id='word_1_621' title='bbox 2721 2330 2872 2368; x_wconf 91' lang='lat' dir='ltr'>sum.</span> <span class='ocrx_word' id='word_1_622' title='bbox 2909 2336 2936 2364; x_wconf 85' lang='grc'>››</span> <span class='ocrx_word' id='word_1_623' title='bbox 2964 2315 3108 2369; x_wconf 86' lang='lat' dir='ltr'>Nam</span> <span class='ocrx_word' id='word_1_624' title='bbox 3132 2332 3264 2371; x_wconf 90' lang='lat' dir='ltr'>cum</span> <span class='ocrx_word' id='word_1_625' title='bbox 3290 2316 3350 2372; x_wconf 90' lang='lat' dir='ltr'>in</span> <span class='ocrx_word' id='word_1_626' title='bbox 3382 2318 3699 2389; x_wconf 89' lang='lat' dir='ltr'>superiori-</span> 
     </span>
    </p>
   </div>
   <div class='ocr_carea' id='block_1_82' title="bbox 2043 2401 3696 2467">
    <p class='ocr_par' dir='ltr' id='par_1_82' title="bbox 2043 2401 3696 2467">
     <span class='ocr_line' id='line_1_82' title="bbox 2043 2401 3696 2467; baseline 0.004 -11"><span class='ocrx_word' id='word_1_627' title='bbox 2043 2401 2154 2457; x_wconf 89' lang='lat' dir='ltr'>bus</span> <span class='ocrx_word' id='word_1_628' title='bbox 2179 2402 2695 2467; x_wconf 83' lang='lat' dir='ltr'>resurrectionem,</span> <span class='ocrx_word' id='word_1_629' title='bbox 2729 2403 3307 2461; x_wconf 87' lang='lat' dir='ltr'>considerationibus</span> <span class='ocrx_word' id='word_1_630' title='bbox 3347 2424 3414 2462; x_wconf 91' lang='lat' dir='ltr'>ac</span> <span class='ocrx_word' id='word_1_631' title='bbox 3445 2406 3696 2462; x_wconf 89' lang='lat' dir='ltr'>rationi-</span> 
     </span>
    </p>
   </div>
   <div class='ocr_carea' id='block_1_83' title="bbox 2042 2490 3545 2556">
    <p class='ocr_par' dir='ltr' id='par_1_83' title="bbox 2042 2490 3545 2556">
     <span class='ocr_line' id='line_1_83' title="bbox 2042 2490 3545 2556; baseline 0.005 -10"><span class='ocrx_word' id='word_1_632' title='bbox 2042 2490 2155 2546; x_wconf 93' lang='lat' dir='ltr'>bus</span> <span class='ocrx_word' id='word_1_633' title='bbox 2185 2490 2523 2556; x_wconf 83' lang='lat' dir='ltr'>astruxerit,</span> <span class='ocrx_word' id='word_1_634' title='bbox 2557 2490 2826 2546; x_wconf 89' lang='lat' dir='ltr'>eamdem</span> <span class='ocrx_word' id='word_1_635' title='bbox 2858 2509 3017 2547; x_wconf 88' lang='lat' dir='ltr'>nunc</span> <span class='ocrx_word' id='word_1_636' title='bbox 3048 2510 3120 2548; x_wconf 82' lang='lat' dir='ltr'>ex</span> <span class='ocrx_word' id='word_1_637' title='bbox 3153 2494 3269 2550; x_wconf 83' lang='lat' dir='ltr'>fide</span> <span class='ocrx_word' id='word_1_638' title='bbox 3299 2495 3545 2553; x_wconf 91' lang='lat' dir='ltr'>inducit.</span> 
     </span>
    </p>
   </div>
   <div class='ocr_carea' id='block_1_84' title="bbox 2118 2579 3741 2659">
    <p class='ocr_par' dir='ltr' id='par_1_84' title="bbox 2118 2579 3741 2659">
     <span class='ocr_line' id='line_1_84' title="bbox 2118 2579 3741 2659; baseline 0.003 -25"><span class='ocrx_word' id='word_1_639' title='bbox 2118 2580 2206 2649; x_wconf 89' lang='lat' dir='ltr'>lV,</span> <span class='ocrx_word' id='word_1_640' title='bbox 2242 2581 2430 2634; x_wconf 78' lang='grc'>14-16.</span> <span class='ocrx_word' id='word_1_641' title='bbox 2466 2603 2490 2630; x_wconf 76' lang='grc' dir='ltr'>«ι</span> <span class='ocrx_word' id='word_1_642' title='bbox 2526 2579 2791 2636; x_wconf 84' lang='lat' dir='ltr'>Scientes</span> <span class='ocrx_word' id='word_1_643' title='bbox 2822 2581 2980 2652; x_wconf 92' lang='lat' dir='ltr'>quod</span> <span class='ocrx_word' id='word_1_644' title='bbox 3010 2582 3058 2637; x_wconf 87' lang='lat' dir='ltr'>is</span> <span class='ocrx_word' id='word_1_645' title='bbox 3104 2584 3206 2654; x_wconf 92' lang='lat' dir='ltr'>qui</span> <span class='ocrx_word' id='word_1_646' title='bbox 3246 2584 3548 2641; x_wconf 87' lang='lat' dir='ltr'>suscitavit</span> <span class='ocrx_word' id='word_1_647' title='bbox 3582 2585 3696 2639; x_wconf 83' lang='lat' dir='ltr'>Do-</span> <span class='ocrx_word' id='word_1_648' title='bbox 3737 2655 3741 2659; x_wconf 18' lang='grc' dir='ltr'><strong><em>ν</em></strong></span> 
     </span>
    </p>
   </div>
   <div class='ocr_carea' id='block_1_85' title="bbox 2047 2668 3701 2742">
    <p class='ocr_par' dir='ltr' id='par_1_85' title="bbox 2047 2668 3701 2742">
     <span class='ocr_line' id='line_1_85' title="bbox 2047 2668 3701 2742; baseline 0.007 -25"><span class='ocrx_word' id='word_1_649' title='bbox 2047 2690 2076 2718; x_wconf 88' lang='grc'><strong>‹‹</strong></span> <span class='ocrx_word' id='word_1_650' title='bbox 2108 2668 2335 2724; x_wconf 90' lang='lat' dir='ltr'>minum</span> <span class='ocrx_word' id='word_1_651' title='bbox 2366 2670 2587 2738; x_wconf 82' lang='lat' dir='ltr'>Jesum,</span> <span class='ocrx_word' id='word_1_652' title='bbox 2621 2685 2729 2726; x_wconf 89' lang='lat' dir='ltr'>nos</span> <span class='ocrx_word' id='word_1_653' title='bbox 2761 2686 2997 2742; x_wconf 88' lang='lat' dir='ltr'>quoque</span> <span class='ocrx_word' id='word_1_654' title='bbox 3029 2688 3134 2742; x_wconf 89' lang='lat' dir='ltr'>per</span> <span class='ocrx_word' id='word_1_655' title='bbox 3158 2672 3358 2728; x_wconf 88' lang='lat' dir='ltr'>Jesum</span> <span class='ocrx_word' id='word_1_656' title='bbox 3390 2672 3701 2729; x_wconf 87' lang='lat' dir='ltr'>suscitabit</span> 
     </span>
    </p>
   </div>
   <div class='ocr_carea' id='block_1_86' title="bbox 2048 2758 3697 2833">
    <p class='ocr_par' dir='ltr' id='par_1_86' title="bbox 2048 2758 3697 2833">
     <span class='ocr_line' id='line_1_86' title="bbox 2048 2758 3697 2833; baseline 0.001 -20"><span class='ocrx_word' id='word_1_657' title='bbox 2048 2778 2076 2808; x_wconf 85' lang='grc'>‹‹</span> <span class='ocrx_word' id='word_1_658' title='bbox 2109 2763 2169 2813; x_wconf 90' lang='lat' dir='ltr'>et</span> <span class='ocrx_word' id='word_1_659' title='bbox 2198 2758 2518 2814; x_wconf 90' lang='lat' dir='ltr'>constituet</span> <span class='ocrx_word' id='word_1_660' title='bbox 2540 2758 2861 2815; x_wconf 88' lang='lat' dir='ltr'>vobiscum.</span> <span class='ocrx_word' id='word_1_661' title='bbox 2896 2761 3042 2813; x_wconf 89' lang='lat' dir='ltr'>Nam</span> <span class='ocrx_word' id='word_1_662' title='bbox 3073 2761 3273 2816; x_wconf 90' lang='lat' dir='ltr'>omnia</span> <span class='ocrx_word' id='word_1_663' title='bbox 3306 2766 3547 2833; x_wconf 78' lang='lat' dir='ltr'>prepter</span> <span class='ocrx_word' id='word_1_664' title='bbox 3574 2778 3697 2829; x_wconf 86' lang='lat' dir='ltr'>vos,</span> 
     </span>
    </p>
   </div>
   <div class='ocr_carea' id='block_1_87' title="bbox 2049 2847 3697 2922">
    <p class='ocr_par' dir='ltr' id='par_1_87' title="bbox 2049 2847 3697 2922">
     <span class='ocr_line' id='line_1_87' title="bbox 2049 2847 3697 2922; baseline 0.005 -25"><span class='ocrx_word' id='word_1_665' title='bbox 2049 2870 2077 2897; x_wconf 85' lang='grc' dir='ltr'>ι(</span> <span class='ocrx_word' id='word_1_666' title='bbox 2104 2852 2171 2902; x_wconf 88' lang='lat' dir='ltr'>ut</span> <span class='ocrx_word' id='word_1_667' title='bbox 2199 2847 2389 2917; x_wconf 78' lang='lat' dir='ltr'>gratia</span> <span class='ocrx_word' id='word_1_668' title='bbox 2413 2865 2544 2918; x_wconf 82' lang='lat' dir='ltr'>quae</span> <span class='ocrx_word' id='word_1_669' title='bbox 2586 2847 2917 2911; x_wconf 78' lang='lat' dir='ltr'>exundavit,</span> <span class='ocrx_word' id='word_1_670' title='bbox 2952 2847 3225 2918; x_wconf 85' lang='lat' dir='ltr'>pluribus</span> <span class='ocrx_word' id='word_1_671' title='bbox 3274 2850 3491 2922; x_wconf 81' lang='lat' dir='ltr'>gratias</span> <span class='ocrx_word' id='word_1_672' title='bbox 3522 2866 3697 2922; x_wconf 87' lang='lat' dir='ltr'>agen-</span> 
     </span>
    </p>
   </div>
   <div class='ocr_carea' id='block_1_88' title="bbox 2050 2935 3698 3011">
    <p class='ocr_par' dir='ltr' id='par_1_88' title="bbox 2050 2935 3698 3011">
     <span class='ocr_line' id='line_1_88' title="bbox 2050 2935 3698 3011; baseline 0.005 -25"><span class='ocrx_word' id='word_1_673' title='bbox 2050 2957 2079 2986; x_wconf 84' lang='lat'><strong>«</strong></span> <span class='ocrx_word' id='word_1_674' title='bbox 2112 2935 2289 2995; x_wconf 87' lang='lat' dir='ltr'>tibus.</span> <span class='ocrx_word' id='word_1_675' title='bbox 2325 2936 2607 2991; x_wconf 87' lang='lat' dir='ltr'>exuberet</span> <span class='ocrx_word' id='word_1_676' title='bbox 2643 2936 2704 2991; x_wconf 92' lang='lat' dir='ltr'>in</span> <span class='ocrx_word' id='word_1_677' title='bbox 2753 2936 3001 3008; x_wconf 82' lang='lat' dir='ltr'>gloriam</span> <span class='ocrx_word' id='word_1_678' title='bbox 3037 2937 3161 3005; x_wconf 90' lang='lat' dir='ltr'>Dei,</span> <span class='ocrx_word' id='word_1_679' title='bbox 3218 2939 3538 3011; x_wconf 87' lang='lat' dir='ltr'>Propterea</span> <span class='ocrx_word' id='word_1_680' title='bbox 3575 2954 3698 2994; x_wconf 90' lang='lat' dir='ltr'>non</span> 
     </span>
    </p>
   </div>
   <div class='ocr_carea' id='block_1_89' title="bbox 2050 3023 3704 3096">
    <p class='ocr_par' dir='ltr' id='par_1_89' title="bbox 2050 3023 3704 3096">
     <span class='ocr_line' id='line_1_89' title="bbox 2050 3023 3704 3096; baseline 0.004 -21"><span class='ocrx_word' id='word_1_681' title='bbox 2050 3047 2078 3075; x_wconf 79' lang='lat'><strong>«</strong></span> <span class='ocrx_word' id='word_1_682' title='bbox 2114 3023 2524 3096; x_wconf 80' lang='lat' dir='ltr'>defatigamus,</span> <span class='ocrx_word' id='word_1_683' title='bbox 2547 3023 2651 3079; x_wconf 90' lang='lat' dir='ltr'>sed</span> <span class='ocrx_word' id='word_1_684' title='bbox 2683 3025 2952 3095; x_wconf 85' lang='lat' dir='ltr'>quamvis</span> <span class='ocrx_word' id='word_1_685' title='bbox 2984 3032 3262 3082; x_wconf 84' lang='lat' dir='ltr'>externus</span> <span class='ocrx_word' id='word_1_686' title='bbox 3294 3027 3470 3083; x_wconf 89' lang='lat' dir='ltr'>homo</span> <span class='ocrx_word' id='word_1_687' title='bbox 3501 3033 3704 3084; x_wconf 84' lang='lat' dir='ltr'>noster</span> 
     </span>
    </p>
   </div>
   <div class='ocr_carea' id='block_1_90' title="bbox 2052 3111 3705 3183">
    <p class='ocr_par' dir='ltr' id='par_1_90' title="bbox 2052 3111 3705 3183">
     <span class='ocr_line' id='line_1_90' title="bbox 2052 3111 3705 3183; baseline 0.005 -21"><span class='ocrx_word' id='word_1_688' title='bbox 2052 3134 2078 3162; x_wconf 89' lang='grc'><strong>‹‹</strong></span> <span class='ocrx_word' id='word_1_689' title='bbox 2112 3118 2546 3183; x_wconf 88' lang='lat' dir='ltr'>corrumpatur,</span> <span class='ocrx_word' id='word_1_690' title='bbox 2576 3111 2846 3168; x_wconf 88' lang='lat' dir='ltr'>internus</span> <span class='ocrx_word' id='word_1_691' title='bbox 2880 3118 3077 3168; x_wconf 89' lang='lat' dir='ltr'>tamen</span> <span class='ocrx_word' id='word_1_692' title='bbox 3109 3122 3429 3171; x_wconf 85' lang='lat' dir='ltr'>renovatur</span> <span class='ocrx_word' id='word_1_693' title='bbox 3486 3116 3546 3171; x_wconf 88' lang='lat' dir='ltr'>in</span> <span class='ocrx_word' id='word_1_694' title='bbox 3577 3115 3705 3171; x_wconf 91' lang='lat' dir='ltr'>dies</span> 
     </span>
    </p>
   </div>
   <div class='ocr_carea' id='block_1_91' title="bbox 1966 3199 2401 3273">
    <p class='ocr_par' dir='ltr' id='par_1_91' title="bbox 1966 3199 2401 3273">
     <span class='ocr_line' id='line_1_91' title="bbox 1966 3199 2401 3273; baseline 0.005 -22"><span class='ocrx_word' id='word_1_695' title='bbox 1966 3206 2003 3273; x_wconf 56' lang='grc' dir='ltr'><strong>ᾖ</strong></span> <span class='ocrx_word' id='word_1_696' title='bbox 2049 3223 2078 3251; x_wconf 80' lang='grc' dir='ltr'>α</span> <span class='ocrx_word' id='word_1_697' title='bbox 2114 3199 2401 3273; x_wconf 85' lang='lat' dir='ltr'>singulos.</span> 
     </span>
    </p>
   </div>
   <div class='ocr_carea' id='block_1_92' title="bbox 2123 3299 3703 3376">
    <p class='ocr_par' dir='ltr' id='par_1_92' title="bbox 2123 3299 3703 3376">
     <span class='ocr_line' id='line_1_92' title="bbox 2123 3299 3703 3376; baseline 0.003 -23"><span class='ocrx_word' id='word_1_698' title='bbox 2123 3300 2240 3354; x_wconf 84' lang='lat' dir='ltr'>Hoc</span> <span class='ocrx_word' id='word_1_699' title='bbox 2265 3303 2465 3353; x_wconf 89' lang='lat' dir='ltr'>autem</span> <span class='ocrx_word' id='word_1_700' title='bbox 2510 3299 2812 3371; x_wconf 89' lang='lat' dir='ltr'>loquimur</span> <span class='ocrx_word' id='word_1_701' title='bbox 2869 3301 3125 3357; x_wconf 86' lang='lat' dir='ltr'>scientes</span> <span class='ocrx_word' id='word_1_702' title='bbox 3182 3304 3341 3375; x_wconf 89' lang='lat' dir='ltr'>quod</span> <span class='ocrx_word' id='word_1_703' title='bbox 3393 3304 3569 3360; x_wconf 90' lang='lat' dir='ltr'>Pater</span> <span class='ocrx_word' id='word_1_704' title='bbox 3598 3302 3703 3376; x_wconf 88' lang='lat' dir='ltr'>qui</span> 
     </span>
    </p>
   </div>
   <div class='ocr_carea' id='block_1_93' title="bbox 2051 3388 3703 3462">
    <p class='ocr_par' dir='ltr' id='par_1_93' title="bbox 2051 3388 3703 3462">
     <span class='ocr_line' id='line_1_93' title="bbox 2051 3388 3703 3462; baseline 0.004 -19"><span class='ocrx_word' id='word_1_705' title='bbox 2051 3388 2369 3444; x_wconf 89' lang='lat' dir='ltr'>Dominum</span> <span class='ocrx_word' id='word_1_706' title='bbox 2401 3390 2721 3453; x_wconf 88' lang='lat' dir='ltr'>suscitavit,</span> <span class='ocrx_word' id='word_1_707' title='bbox 2756 3406 2864 3446; x_wconf 90' lang='lat' dir='ltr'>nos</span> <span class='ocrx_word' id='word_1_708' title='bbox 2896 3408 3131 3462; x_wconf 89' lang='lat' dir='ltr'>quoque</span> <span class='ocrx_word' id='word_1_709' title='bbox 3161 3392 3490 3448; x_wconf 87' lang='lat' dir='ltr'>suscitabit.</span> <span class='ocrx_word' id='word_1_710' title='bbox 3539 3394 3703 3450; x_wconf 87' lang='lat' dir='ltr'>Unde</span> 
     </span>
    </p>
   </div>
   <div class='ocr_carea' id='block_1_94' title="bbox 2052 3480 3708 3559">
    <p class='ocr_par' dir='ltr' id='par_1_94' title="bbox 2052 3480 3708 3559">
     <span class='ocr_line' id='line_1_94' title="bbox 2052 3480 3708 3559; baseline 0.004 -24"><span class='ocrx_word' id='word_1_711' title='bbox 2052 3480 2164 3537; x_wconf 90' lang='lat' dir='ltr'>hoc</span> <span class='ocrx_word' id='word_1_712' title='bbox 2186 3480 2485 3537; x_wconf 81' lang='lat' dir='ltr'>scientes?</span> <span class='ocrx_word' id='word_1_713' title='bbox 2514 3498 2584 3537; x_wconf 85' lang='lat' dir='ltr'>ex</span> <span class='ocrx_word' id='word_1_714' title='bbox 2616 3481 2731 3538; x_wconf 81' lang='lat' dir='ltr'>fide</span> <span class='ocrx_word' id='word_1_715' title='bbox 2774 3483 3065 3539; x_wconf 87' lang='lat' dir='ltr'>videlicet.</span> <span class='ocrx_word' id='word_1_716' title='bbox 3109 3508 3135 3534; x_wconf 84' lang='lat'><strong>«</strong></span> <span class='ocrx_word' id='word_1_717' title='bbox 3170 3487 3284 3541; x_wconf 80' lang='lat' dir='ltr'>Nos</span> <span class='ocrx_word' id='word_1_718' title='bbox 3316 3503 3552 3558; x_wconf 89' lang='lat' dir='ltr'>quoque</span> <span class='ocrx_word' id='word_1_719' title='bbox 3599 3502 3708 3559; x_wconf 86' lang='lat' dir='ltr'>per</span> 
     </span>
    </p>
   </div>
   <div class='ocr_carea' id='block_1_95' title="bbox 2049 3572 3710 3648">
    <p class='ocr_par' dir='ltr' id='par_1_95' title="bbox 2049 3572 3710 3648">
     <span class='ocr_line' id='line_1_95' title="bbox 2049 3572 3710 3648; baseline 0.002 -20"><span class='ocrx_word' id='word_1_720' title='bbox 2049 3573 2249 3628; x_wconf 89' lang='lat' dir='ltr'>Jesum</span> <span class='ocrx_word' id='word_1_721' title='bbox 2278 3572 2606 3627; x_wconf 90' lang='lat' dir='ltr'>suscitabit.</span> <span class='ocrx_word' id='word_1_722' title='bbox 2650 3595 2678 3622; x_wconf 89' lang='grc'><strong>››</strong></span> <span class='ocrx_word' id='word_1_723' title='bbox 2706 3573 2835 3645; x_wconf 90' lang='lat' dir='ltr'>Ipse</span> <span class='ocrx_word' id='word_1_724' title='bbox 2885 3574 3046 3630; x_wconf 90' lang='lat' dir='ltr'>enim</span> <span class='ocrx_word' id='word_1_725' title='bbox 3094 3576 3290 3631; x_wconf 88' lang='lat' dir='ltr'>veniet</span> <span class='ocrx_word' id='word_1_726' title='bbox 3334 3593 3439 3648; x_wconf 90' lang='lat' dir='ltr'>per</span> <span class='ocrx_word' id='word_1_727' title='bbox 3486 3593 3710 3648; x_wconf 80' lang='lat' dir='ltr'>praece-</span> 
     </span>
    </p>
   </div>
   <div class='ocr_carea' id='block_1_96' title="bbox 2052 3662 3710 3735">
    <p class='ocr_par' dir='ltr' id='par_1_96' title="bbox 2052 3662 3710 3735">
     <span class='ocr_line' id='line_1_96' title="bbox 2052 3662 3710 3735; baseline 0.002 -20"><span class='ocrx_word' id='word_1_728' title='bbox 2052 3667 2243 3734; x_wconf 89' lang='lat' dir='ltr'>ptum.</span> <span class='ocrx_word' id='word_1_729' title='bbox 2269 3677 2378 3732; x_wconf 89' lang='lat' dir='ltr'>per</span> <span class='ocrx_word' id='word_1_730' title='bbox 2406 3677 2608 3717; x_wconf 86' lang='lat' dir='ltr'>vocem</span> <span class='ocrx_word' id='word_1_731' title='bbox 2640 3662 3002 3733; x_wconf 78' lang='lat' dir='ltr'>archangeli,</span> <span class='ocrx_word' id='word_1_732' title='bbox 3035 3680 3142 3735; x_wconf 90' lang='lat' dir='ltr'>per</span> <span class='ocrx_word' id='word_1_733' title='bbox 3170 3665 3373 3720; x_wconf 82' lang='lat' dir='ltr'>tubam</span> <span class='ocrx_word' id='word_1_734' title='bbox 3401 3682 3415 3729; x_wconf 91' lang='lat'><strong>;</strong></span> <span class='ocrx_word' id='word_1_735' title='bbox 3439 3671 3495 3719; x_wconf 89' lang='lat' dir='ltr'>et</span> <span class='ocrx_word' id='word_1_736' title='bbox 3527 3665 3710 3720; x_wconf 87' lang='lat' dir='ltr'>susci-</span> 
     </span>
    </p>
   </div>
   <div class='ocr_carea' id='block_1_97' title="bbox 2050 3750 3705 3822">
    <p class='ocr_par' dir='ltr' id='par_1_97' title="bbox 2050 3750 3705 3822">
     <span class='ocr_line' id='line_1_97' title="bbox 2050 3750 3705 3822; baseline 0 -16"><span class='ocrx_word' id='word_1_737' title='bbox 2050 3750 2202 3806; x_wconf 89' lang='lat' dir='ltr'>tabit</span> <span class='ocrx_word' id='word_1_738' title='bbox 2226 3756 2513 3819; x_wconf 88' lang='lat' dir='ltr'>mortuos,</span> <span class='ocrx_word' id='word_1_739' title='bbox 2536 3768 2761 3822; x_wconf 90' lang='lat' dir='ltr'>suoque</span> <span class='ocrx_word' id='word_1_740' title='bbox 2781 3753 2951 3808; x_wconf 91' lang='lat' dir='ltr'>sistet</span> <span class='ocrx_word' id='word_1_741' title='bbox 2982 3752 3283 3808; x_wconf 87' lang='lat' dir='ltr'>tribunali.</span> <span class='ocrx_word' id='word_1_742' title='bbox 3321 3775 3347 3802; x_wconf 87' lang='grc'><em>‹‹</em></span> <span class='ocrx_word' id='word_1_743' title='bbox 3382 3753 3526 3806; x_wconf 84' lang='lat' dir='ltr'>Nam</span> <span class='ocrx_word' id='word_1_744' title='bbox 3570 3767 3705 3806; x_wconf 88' lang='lat' dir='ltr'>om-</span> 
     </span>
    </p>
   </div>
   <div class='ocr_carea' id='block_1_98' title="bbox 2052 3837 3710 3913">
    <p class='ocr_par' dir='ltr' id='par_1_98' title="bbox 2052 3837 3710 3913">
     <span class='ocr_line' id='line_1_98' title="bbox 2052 3837 3710 3913; baseline 0 -18"><span class='ocrx_word' id='word_1_745' title='bbox 2052 3840 2154 3895; x_wconf 90' lang='lat' dir='ltr'>nia</span> <span class='ocrx_word' id='word_1_746' title='bbox 2182 3845 2426 3913; x_wconf 86' lang='lat' dir='ltr'>propter</span> <span class='ocrx_word' id='word_1_747' title='bbox 2461 3855 2640 3897; x_wconf 87' lang='lat' dir='ltr'>vos.»</span> <span class='ocrx_word' id='word_1_748' title='bbox 2674 3842 2792 3895; x_wconf 83' lang='lat' dir='ltr'>Hoc</span> <span class='ocrx_word' id='word_1_749' title='bbox 2845 3840 2973 3895; x_wconf 92' lang='lat' dir='ltr'>loco</span> <span class='ocrx_word' id='word_1_750' title='bbox 3032 3841 3193 3911; x_wconf 92' lang='lat' dir='ltr'>ipsos</span> <span class='ocrx_word' id='word_1_751' title='bbox 3251 3838 3491 3896; x_wconf 87' lang='lat' dir='ltr'>instruit</span> <span class='ocrx_word' id='word_1_752' title='bbox 3549 3837 3710 3909; x_wconf 87' lang='lat' dir='ltr'>quod</span> 
     </span>
    </p>
   </div>
   <div class='ocr_carea' id='block_1_99' title="bbox 2053 3926 3710 4000">
    <p class='ocr_par' dir='ltr' id='par_1_99' title="bbox 2053 3926 3710 4000">
     <span class='ocr_line' id='line_1_99' title="bbox 2053 3926 3710 4000; baseline -0.001 -15"><span class='ocrx_word' id='word_1_753' title='bbox 2053 3930 2126 3986; x_wconf 89' lang='lat' dir='ltr'>de</span> <span class='ocrx_word' id='word_1_754' title='bbox 2155 3930 2590 3987; x_wconf 86' lang='lat' dir='ltr'>resurrectione</span> <span class='ocrx_word' id='word_1_755' title='bbox 2642 3929 2989 4000; x_wconf 69' lang='lat' dir='ltr'>cmterisque</span> <span class='ocrx_word' id='word_1_756' title='bbox 3044 3928 3375 3991; x_wconf 81' lang='lat' dir='ltr'>beneficiis,</span> <span class='ocrx_word' id='word_1_757' title='bbox 3407 3928 3558 3984; x_wconf 89' lang='lat' dir='ltr'>nulli</span> <span class='ocrx_word' id='word_1_758' title='bbox 3606 3926 3710 3983; x_wconf 87' lang='lat' dir='ltr'>ho-</span> 
     </span>
    </p>
   </div>
   <div class='ocr_carea' id='block_1_100' title="bbox 2055 4016 3709 4092">
    <p class='ocr_par' dir='ltr' id='par_1_100' title="bbox 2055 4016 3709 4092">
     <span class='ocr_line' id='line_1_100' title="bbox 2055 4016 3709 4092; baseline -0.002 -17"><span class='ocrx_word' id='word_1_759' title='bbox 2055 4020 2309 4085; x_wconf 88' lang='lat' dir='ltr'>minum,</span> <span class='ocrx_word' id='word_1_760' title='bbox 2344 4018 2447 4074; x_wconf 90' lang='lat' dir='ltr'>sed</span> <span class='ocrx_word' id='word_1_761' title='bbox 2480 4018 2591 4073; x_wconf 90' lang='lat' dir='ltr'>soli</span> <span class='ocrx_word' id='word_1_762' title='bbox 2622 4019 2741 4073; x_wconf 93' lang='lat' dir='ltr'>Doo</span> <span class='ocrx_word' id='word_1_763' title='bbox 2773 4017 3013 4089; x_wconf 67' lang='lat' dir='ltr'>agenda;</span> <span class='ocrx_word' id='word_1_764' title='bbox 3045 4017 3166 4073; x_wconf 88' lang='lat' dir='ltr'>sint</span> <span class='ocrx_word' id='word_1_765' title='bbox 3200 4019 3423 4092; x_wconf 66' lang='lat' dir='ltr'>gratias.</span> <span class='ocrx_word' id='word_1_766' title='bbox 3488 4016 3709 4074; x_wconf 85' lang='lat' dir='ltr'>Pseud—</span> 
     </span>
    </p>
   </div>
   <div class='ocr_carea' id='block_1_101' title="bbox 2055 4105 3709 4180">
    <p class='ocr_par' dir='ltr' id='par_1_101' title="bbox 2055 4105 3709 4180">
     <span class='ocr_line' id='line_1_101' title="bbox 2055 4105 3709 4180; baseline -0.002 -16"><span class='ocrx_word' id='word_1_767' title='bbox 2055 4108 2305 4180; x_wconf 89' lang='lat' dir='ltr'>apostoli</span> <span class='ocrx_word' id='word_1_768' title='bbox 2330 4107 2491 4162; x_wconf 91' lang='lat' dir='ltr'>enim</span> <span class='ocrx_word' id='word_1_769' title='bbox 2514 4105 2625 4160; x_wconf 89' lang='lat' dir='ltr'>sibi</span> <span class='ocrx_word' id='word_1_770' title='bbox 2648 4106 2793 4177; x_wconf 86' lang='lat' dir='ltr'>ipsis</span> <span class='ocrx_word' id='word_1_771' title='bbox 2829 4106 3078 4177; x_wconf 85' lang='lat' dir='ltr'>gratiam</span> <span class='ocrx_word' id='word_1_772' title='bbox 3109 4106 3513 4163; x_wconf 87' lang='lat' dir='ltr'>attribuebant</span> <span class='ocrx_word' id='word_1_773' title='bbox 3537 4106 3709 4179; x_wconf 90' lang='lat' dir='ltr'>quasi</span> 
     </span>
    </p>
   </div>
   <div class='ocr_carea' id='block_1_102' title="bbox 2055 4194 3709 4269">
    <p class='ocr_par' dir='ltr' id='par_1_102' title="bbox 2055 4194 3709 4269">
     <span class='ocr_line' id='line_1_102' title="bbox 2055 4194 3709 4269; baseline -0.002 -16"><span class='ocrx_word' id='word_1_774' title='bbox 2055 4198 2210 4253; x_wconf 89' lang='lat' dir='ltr'>Deus</span> <span class='ocrx_word' id='word_1_775' title='bbox 2239 4197 2344 4252; x_wconf 90' lang='lat' dir='ltr'>illa</span> <span class='ocrx_word' id='word_1_776' title='bbox 2372 4195 2699 4261; x_wconf 88' lang='lat' dir='ltr'>tribuisset,</span> <span class='ocrx_word' id='word_1_777' title='bbox 2763 4194 3277 4252; x_wconf 79' lang='lat' dir='ltr'>exhortationibus</span> <span class='ocrx_word' id='word_1_778' title='bbox 3327 4198 3593 4269; x_wconf 90' lang='lat' dir='ltr'>ipsorum</span> <span class='ocrx_word' id='word_1_779' title='bbox 3632 4195 3709 4250; x_wconf 87' lang='lat' dir='ltr'>ad</span> 
     </span>
    </p>
   </div>
   <div class='ocr_carea' id='block_1_103' title="bbox 2056 4283 3705 4357">
    <p class='ocr_par' dir='ltr' id='par_1_103' title="bbox 2056 4283 3705 4357">
     <span class='ocr_line' id='line_1_103' title="bbox 2056 4283 3705 4357; baseline -0.002 -16"><span class='ocrx_word' id='word_1_780' title='bbox 2056 4287 2242 4341; x_wconf 90' lang='lat' dir='ltr'>Deum</span> <span class='ocrx_word' id='word_1_781' title='bbox 2291 4283 2666 4339; x_wconf 89' lang='lat' dir='ltr'>ducentibus.</span> <span class='ocrx_word' id='word_1_782' title='bbox 2730 4304 2758 4332; x_wconf 88' lang='grc'>‹‹</span> <span class='ocrx_word' id='word_1_783' title='bbox 2790 4284 2934 4339; x_wconf 86' lang='lat' dir='ltr'>Nam</span> <span class='ocrx_word' id='word_1_784' title='bbox 2990 4286 3191 4340; x_wconf 89' lang='lat' dir='ltr'>omnia</span> <span class='ocrx_word' id='word_1_785' title='bbox 3229 4292 3470 4357; x_wconf 88' lang='lat' dir='ltr'>propter</span> <span class='ocrx_word' id='word_1_786' title='bbox 3520 4301 3641 4338; x_wconf 90' lang='lat' dir='ltr'>vos.</span> <span class='ocrx_word' id='word_1_787' title='bbox 3676 4304 3705 4333; x_wconf 86' lang='lat'><strong>»</strong></span> 
     </span>
    </p>
   </div>
   <div class='ocr_carea' id='block_1_104' title="bbox 2056 4373 3710 4448">
    <p class='ocr_par' dir='ltr' id='par_1_104' title="bbox 2056 4373 3710 4448">
     <span class='ocr_line' id='line_1_104' title="bbox 2056 4373 3710 4448; baseline -0.001 -18"><span class='ocrx_word' id='word_1_788' title='bbox 2056 4376 2216 4430; x_wconf 82' lang='lat' dir='ltr'>Bona</span> <span class='ocrx_word' id='word_1_789' title='bbox 2243 4373 2514 4428; x_wconf 88' lang='lat' dir='ltr'>videlicet</span> <span class='ocrx_word' id='word_1_790' title='bbox 2541 4390 2647 4430; x_wconf 91' lang='lat' dir='ltr'>seu</span> <span class='ocrx_word' id='word_1_791' title='bbox 2671 4373 2982 4444; x_wconf 82' lang='lat' dir='ltr'>beneficia,</span> <span class='ocrx_word' id='word_1_792' title='bbox 3005 4393 3126 4432; x_wconf 91' lang='lat' dir='ltr'>non</span> <span class='ocrx_word' id='word_1_793' title='bbox 3154 4381 3397 4448; x_wconf 81' lang='lat' dir='ltr'>prOpter</span> <span class='ocrx_word' id='word_1_794' title='bbox 3418 4376 3575 4431; x_wconf 90' lang='lat' dir='ltr'>hunc</span> <span class='ocrx_word' id='word_1_795' title='bbox 3606 4378 3710 4431; x_wconf 88' lang='lat' dir='ltr'>aut</span> 
     </span>
    </p>
   </div>
   <div class='ocr_carea' id='block_1_105' title="bbox 2056 4462 3708 4535">
    <p class='ocr_par' dir='ltr' id='par_1_105' title="bbox 2056 4462 3708 4535">
     <span class='ocr_line' id='line_1_105' title="bbox 2056 4462 3708 4535; baseline 0.001 -17"><span class='ocrx_word' id='word_1_796' title='bbox 2056 4464 2227 4519; x_wconf 89' lang='lat' dir='ltr'>illum</span> <span class='ocrx_word' id='word_1_797' title='bbox 2259 4462 2362 4517; x_wconf 89' lang='lat' dir='ltr'>sed</span> <span class='ocrx_word' id='word_1_798' title='bbox 2392 4470 2636 4535; x_wconf 78' lang='lat' dir='ltr'>prepter</span> <span class='ocrx_word' id='word_1_799' title='bbox 2664 4481 3044 4522; x_wconf 89' lang='lat' dir='ltr'>communem</span> <span class='ocrx_word' id='word_1_800' title='bbox 3075 4466 3414 4521; x_wconf 89' lang='lat' dir='ltr'>utilitalem.</span> <span class='ocrx_word' id='word_1_801' title='bbox 3458 4465 3577 4520; x_wconf 89' lang='lat' dir='ltr'>Hoc</span> <span class='ocrx_word' id='word_1_802' title='bbox 3606 4480 3708 4520; x_wconf 77' lang='lat' dir='ltr'>au-</span> 
     </span>
    </p>
   </div>
   <div class='ocr_carea' id='block_1_106' title="bbox 2058 4553 3710 4628">
    <p class='ocr_par' dir='ltr' id='par_1_106' title="bbox 2058 4553 3710 4628">
     <span class='ocr_line' id='line_1_106' title="bbox 2058 4553 3710 4628; baseline 0 -19"><span class='ocrx_word' id='word_1_803' title='bbox 2058 4559 2177 4609; x_wconf 85' lang='lat' dir='ltr'>tem</span> <span class='ocrx_word' id='word_1_804' title='bbox 2206 4553 2429 4607; x_wconf 88' lang='lat' dir='ltr'>factum</span> <span class='ocrx_word' id='word_1_805' title='bbox 2460 4559 2566 4609; x_wconf 89' lang='lat' dir='ltr'>est.</span> <span class='ocrx_word' id='word_1_806' title='bbox 2601 4553 2814 4625; x_wconf 87' lang='lat' dir='ltr'>inquit,</span> <span class='ocrx_word' id='word_1_807' title='bbox 2846 4560 2912 4610; x_wconf 93' lang='lat' dir='ltr'>ut</span> <span class='ocrx_word' id='word_1_808' title='bbox 2952 4556 3141 4628; x_wconf 88' lang='lat' dir='ltr'>gratia</span> <span class='ocrx_word' id='word_1_809' title='bbox 3197 4554 3300 4609; x_wconf 91' lang='lat' dir='ltr'>Dei</span> <span class='ocrx_word' id='word_1_810' title='bbox 3358 4553 3710 4623; x_wconf 83' lang='lat' dir='ltr'>exundaret,</span> 
     </span>
    </p>
   </div>
   <div class='ocr_carea' id='block_1_107' title="bbox 2058 4641 3709 4709">
    <p class='ocr_par' dir='ltr' id='par_1_107' title="bbox 2058 4641 3709 4709">
     <span class='ocr_line' id='line_1_107' title="bbox 2058 4641 3709 4709; baseline 0.001 -11"><span class='ocrx_word' id='word_1_811' title='bbox 2058 4643 2200 4698; x_wconf 91' lang='lat' dir='ltr'>dum</span> <span class='ocrx_word' id='word_1_812' title='bbox 2229 4641 2434 4698; x_wconf 89' lang='lat' dir='ltr'>multis</span> <span class='ocrx_word' id='word_1_813' title='bbox 2464 4643 2762 4707; x_wconf 84' lang='lat' dir='ltr'>tsibuitur.</span> <span class='ocrx_word' id='word_1_814' title='bbox 2792 4644 2902 4700; x_wconf 86' lang='lat' dir='ltr'>hac</span> <span class='ocrx_word' id='word_1_815' title='bbox 2944 4661 3081 4699; x_wconf 85' lang='lat' dir='ltr'>vero</span> <span class='ocrx_word' id='word_1_816' title='bbox 3139 4644 3494 4709; x_wconf 86' lang='lat' dir='ltr'>exundante,</span> <span class='ocrx_word' id='word_1_817' title='bbox 3527 4644 3709 4700; x_wconf 89' lang='lat' dir='ltr'>etiam</span> 
     </span>
    </p>
   </div>
   <div class='ocr_carea' id='block_1_108' title="bbox 2054 4732 3706 4806">
    <p class='ocr_par' dir='ltr' id='par_1_108' title="bbox 2054 4732 3706 4806">
     <span class='ocr_line' id='line_1_108' title="bbox 2054 4732 3706 4806; baseline 0 -18"><span class='ocrx_word' id='word_1_818' title='bbox 2054 4733 2376 4806; x_wconf 89' lang='lat' dir='ltr'>gratiarum</span> <span class='ocrx_word' id='word_1_819' title='bbox 2405 4733 2558 4789; x_wconf 88' lang='lat' dir='ltr'>actio</span> <span class='ocrx_word' id='word_1_820' title='bbox 2589 4732 2663 4787; x_wconf 90' lang='lat' dir='ltr'>ad</span> <span class='ocrx_word' id='word_1_821' title='bbox 2706 4749 2842 4789; x_wconf 90' lang='lat' dir='ltr'>eum</span> <span class='ocrx_word' id='word_1_822' title='bbox 2900 4732 3080 4789; x_wconf 90' lang='lat' dir='ltr'>simul</span> <span class='ocrx_word' id='word_1_823' title='bbox 3127 4733 3471 4790; x_wconf 84' lang='lat' dir='ltr'>exundaret.</span> <span class='ocrx_word' id='word_1_824' title='bbox 3504 4755 3533 4785; x_wconf 86' lang='grc'>‹‹</span> <span class='ocrx_word' id='word_1_825' title='bbox 3565 4735 3706 4788; x_wconf 58' lang='lat' dir='ltr'>Pro.</span> 
     </span>
    </p>
   </div>
   <div class='ocr_carea' id='block_1_109' title="bbox 2054 4821 3707 4897">
    <p class='ocr_par' dir='ltr' id='par_1_109' title="bbox 2054 4821 3707 4897">
     <span class='ocr_line' id='line_1_109' title="bbox 2054 4821 3707 4897; baseline -0.001 -18"><span class='ocrx_word' id='word_1_826' title='bbox 2054 4830 2260 4896; x_wconf 87' lang='lat' dir='ltr'>pterea</span> <span class='ocrx_word' id='word_1_827' title='bbox 2288 4839 2409 4877; x_wconf 90' lang='lat' dir='ltr'>non</span> <span class='ocrx_word' id='word_1_828' title='bbox 2440 4821 2854 4894; x_wconf 83' lang='lat' dir='ltr'>det&#39;atigamur.</span> <span class='ocrx_word' id='word_1_829' title='bbox 2889 4844 2917 4873; x_wconf 85' lang='lat'>»</span> <span class='ocrx_word' id='word_1_830' title='bbox 2949 4824 3240 4889; x_wconf 88' lang='lat' dir='ltr'>Quoniam</span> <span class='ocrx_word' id='word_1_831' title='bbox 3268 4840 3403 4897; x_wconf 83' lang='lat' dir='ltr'>ergo</span> <span class='ocrx_word' id='word_1_832' title='bbox 3435 4824 3707 4878; x_wconf 87' lang='lat' dir='ltr'>novimus</span> 
     </span>
    </p>
   </div>
   <div class='ocr_carea' id='block_1_110' title="bbox 2055 4911 3708 4986">
    <p class='ocr_par' dir='ltr' id='par_1_110' title="bbox 2055 4911 3708 4986">
     <span class='ocr_line' id='line_1_110' title="bbox 2055 4911 3708 4986; baseline -0.001 -18"><span class='ocrx_word' id='word_1_833' title='bbox 2055 4913 2255 4968; x_wconf 90' lang='lat' dir='ltr'>omnia</span> <span class='ocrx_word' id='word_1_834' title='bbox 2285 4928 2416 4981; x_wconf 64' lang='lat' dir='ltr'>quin</span> <span class='ocrx_word' id='word_1_835' title='bbox 2447 4911 2506 4965; x_wconf 92' lang='lat' dir='ltr'>in</span> <span class='ocrx_word' id='word_1_836' title='bbox 2530 4927 2637 4965; x_wconf 90' lang='lat' dir='ltr'>nos</span> <span class='ocrx_word' id='word_1_837' title='bbox 2663 4912 2817 4965; x_wconf 85' lang='lat' dir='ltr'>facta</span> <span class='ocrx_word' id='word_1_838' title='bbox 2848 4919 2986 4967; x_wconf 90' lang='lat' dir='ltr'>sunt</span> <span class='ocrx_word' id='word_1_839' title='bbox 3014 4913 3088 4968; x_wconf 89' lang='lat' dir='ltr'>ad</span> <span class='ocrx_word' id='word_1_840' title='bbox 3117 4914 3334 4986; x_wconf 89' lang='lat' dir='ltr'>gratias</span> <span class='ocrx_word' id='word_1_841' title='bbox 3367 4914 3485 4968; x_wconf 83' lang='lat' dir='ltr'>Deo</span> <span class='ocrx_word' id='word_1_842' title='bbox 3534 4929 3708 4983; x_wconf 77' lang='lat' dir='ltr'>agen-</span> 
     </span>
    </p>
   </div>
   <div class='ocr_carea' id='block_1_111' title="bbox 2056 4999 3708 5074">
    <p class='ocr_par' dir='ltr' id='par_1_111' title="bbox 2056 4999 3708 5074">
     <span class='ocr_line' id='line_1_111' title="bbox 2056 4999 3708 5074; baseline 0.001 -18"><span class='ocrx_word' id='word_1_843' title='bbox 2056 5002 2162 5056; x_wconf 90' lang='lat' dir='ltr'>das</span> <span class='ocrx_word' id='word_1_844' title='bbox 2194 4999 2520 5059; x_wconf 87' lang='lat' dir='ltr'>terminari.</span> <span class='ocrx_word' id='word_1_845' title='bbox 2558 5016 2677 5055; x_wconf 90' lang='lat' dir='ltr'>non</span> <span class='ocrx_word' id='word_1_846' title='bbox 2708 4999 3102 5072; x_wconf 74' lang='lat' dir='ltr'>defatigamur</span> <span class='ocrx_word' id='word_1_847' title='bbox 3130 5019 3325 5074; x_wconf 88' lang='lat' dir='ltr'>neque</span> <span class='ocrx_word' id='word_1_848' title='bbox 3367 5002 3708 5059; x_wconf 89' lang='lat' dir='ltr'>succumbi-</span> 
     </span>
    </p>
   </div>
   <div class='ocr_carea' id='block_1_112' title="bbox 2057 5088 3708 5148">
    <p class='ocr_par' dir='ltr' id='par_1_112' title="bbox 2057 5088 3708 5148">
     <span class='ocr_line' id='line_1_112' title="bbox 2057 5088 3708 5148; baseline 0.001 -3"><span class='ocrx_word' id='word_1_849' title='bbox 2057 5107 2189 5145; x_wconf 88' lang='lat' dir='ltr'>mus</span> <span class='ocrx_word' id='word_1_850' title='bbox 2219 5088 2293 5144; x_wconf 89' lang='lat' dir='ltr'>ad</span> <span class='ocrx_word' id='word_1_851' title='bbox 2314 5088 2684 5144; x_wconf 80' lang='lat' dir='ltr'>afﬂictiones.</span> <span class='ocrx_word' id='word_1_852' title='bbox 2710 5090 3030 5145; x_wconf 81' lang='lat' dir='ltr'>Externum</span> <span class='ocrx_word' id='word_1_853' title='bbox 3062 5100 3257 5147; x_wconf 89' lang='lat' dir='ltr'>autem</span> <span class='ocrx_word' id='word_1_854' title='bbox 3290 5092 3593 5148; x_wconf 87' lang='lat' dir='ltr'>hominem</span> <span class='ocrx_word' id='word_1_855' title='bbox 3615 5109 3708 5147; x_wconf 81' lang='lat' dir='ltr'>vo-</span> 
     </span>
    </p>
   </div>
   <div class='ocr_carea' id='block_1_113' title="bbox 2058 5179 3711 5255">
    <p class='ocr_par' dir='ltr' id='par_1_113' title="bbox 2058 5179 3711 5255">
     <span class='ocr_line' id='line_1_113' title="bbox 2058 5179 3711 5255; baseline 0.001 -20"><span class='ocrx_word' id='word_1_856' title='bbox 2058 5185 2152 5236; x_wconf 91' lang='lat' dir='ltr'>cat</span> <span class='ocrx_word' id='word_1_857' title='bbox 2183 5195 2419 5250; x_wconf 90' lang='lat' dir='ltr'>corpus,</span> <span class='ocrx_word' id='word_1_858' title='bbox 2475 5179 2631 5234; x_wconf 75' lang='lat'>630</span> <span class='ocrx_word' id='word_1_859' title='bbox 2661 5179 2820 5250; x_wconf 87' lang='lat' dir='ltr'>quod</span> <span class='ocrx_word' id='word_1_860' title='bbox 2852 5183 3250 5254; x_wconf 89' lang='lat' dir='ltr'>corrumpitur</span> <span class='ocrx_word' id='word_1_861' title='bbox 3277 5182 3418 5237; x_wconf 89' lang='lat' dir='ltr'>dum</span> <span class='ocrx_word' id='word_1_862' title='bbox 3446 5182 3711 5255; x_wconf 81' lang='lat' dir='ltr'>ﬂagella-</span> 
     </span>
    </p>
   </div>
   <div class='ocr_carea' id='block_1_114' title="bbox 2059 5270 3709 5343">
    <p class='ocr_par' dir='ltr' id='par_1_114' title="bbox 2059 5270 3709 5343">
     <span class='ocr_line' id='line_1_114' title="bbox 2059 5270 3709 5343; baseline 0 -18"><span class='ocrx_word' id='word_1_863' title='bbox 2059 5276 2175 5337; x_wconf 90' lang='lat' dir='ltr'>tur,</span> <span class='ocrx_word' id='word_1_864' title='bbox 2207 5270 2423 5341; x_wconf 89' lang='lat' dir='ltr'>ligatur</span> <span class='ocrx_word' id='word_1_865' title='bbox 2452 5285 2519 5324; x_wconf 89' lang='lat' dir='ltr'>ac</span> <span class='ocrx_word' id='word_1_866' title='bbox 2548 5271 3020 5341; x_wconf 74' lang='lat' dir='ltr'>persecutionem</span> <span class='ocrx_word' id='word_1_867' title='bbox 3060 5274 3331 5343; x_wconf 89' lang='lat' dir='ltr'>susiinet,</span> <span class='ocrx_word' id='word_1_868' title='bbox 3364 5273 3709 5329; x_wconf 89' lang='lat' dir='ltr'>interiorem</span> 
     </span>
    </p>
   </div>
   <div class='ocr_carea' id='block_1_115' title="bbox 2059 5357 3711 5433">
    <p class='ocr_par' dir='ltr' id='par_1_115' title="bbox 2059 5357 3711 5433">
     <span class='ocr_line' id='line_1_115' title="bbox 2059 5357 3711 5433; baseline 0.001 -20"><span class='ocrx_word' id='word_1_869' title='bbox 2059 5374 2195 5415; x_wconf 92' lang='lat' dir='ltr'>vero</span> <span class='ocrx_word' id='word_1_870' title='bbox 2220 5357 2547 5427; x_wconf 89' lang='lat' dir='ltr'>hominem,</span> <span class='ocrx_word' id='word_1_871' title='bbox 2580 5359 2839 5415; x_wconf 88' lang='lat' dir='ltr'>animam</span> <span class='ocrx_word' id='word_1_872' title='bbox 2871 5378 3003 5432; x_wconf 75' lang='lat' dir='ltr'>quas</span> <span class='ocrx_word' id='word_1_873' title='bbox 3061 5379 3317 5427; x_wconf 88' lang='lat' dir='ltr'>rursum,</span> <span class='ocrx_word' id='word_1_874' title='bbox 3378 5363 3590 5433; x_wconf 77' lang='lat' dir='ltr'>inquit,</span> <span class='ocrx_word' id='word_1_875' title='bbox 3626 5358 3711 5414; x_wconf 76' lang='lat' dir='ltr'>vi-</span> 
     </span>
    </p>
   </div>
   <div class='ocr_carea' id='block_1_116' title="bbox 2058 5447 3715 5524">
    <p class='ocr_par' dir='ltr' id='par_1_116' title="bbox 2058 5447 3715 5524">
     <span class='ocr_line' id='line_1_116' title="bbox 2058 5447 3715 5524; baseline -0.001 -20"><span class='ocrx_word' id='word_1_876' title='bbox 2058 5447 2241 5504; x_wconf 88' lang='lat' dir='ltr'>rescit</span> <span class='ocrx_word' id='word_1_877' title='bbox 2270 5447 2522 5519; x_wconf 84' lang='lat' dir='ltr'>singulis</span> <span class='ocrx_word' id='word_1_878' title='bbox 2552 5448 2760 5505; x_wconf 89' lang='lat' dir='ltr'>diebus</span> <span class='ocrx_word' id='word_1_879' title='bbox 2787 5466 2892 5523; x_wconf 86' lang='lat' dir='ltr'>spe</span> <span class='ocrx_word' id='word_1_880' title='bbox 2942 5457 3000 5507; x_wconf 88' lang='lat' dir='ltr'>et</span> <span class='ocrx_word' id='word_1_881' title='bbox 3026 5452 3260 5524; x_wconf 81' lang='lat' dir='ltr'>gaudio,</span> <span class='ocrx_word' id='word_1_882' title='bbox 3296 5458 3354 5509; x_wconf 88' lang='lat' dir='ltr'>et</span> <span class='ocrx_word' id='word_1_883' title='bbox 3383 5452 3526 5524; x_wconf 90' lang='lat' dir='ltr'>quia</span> <span class='ocrx_word' id='word_1_884' title='bbox 3552 5449 3715 5507; x_wconf 88' lang='lat' dir='ltr'>novit</span> 
     </span>
    </p>
   </div>
   <div class='ocr_carea' id='block_1_117' title="bbox 2059 5536 2903 5611">
    <p class='ocr_par' dir='ltr' id='par_1_117' title="bbox 2059 5536 2903 5611">
     <span class='ocr_line' id='line_1_117' title="bbox 2059 5536 2903 5611; baseline 0.004 -18"><span class='ocrx_word' id='word_1_885' title='bbox 2059 5537 2216 5611; x_wconf 89' lang='lat' dir='ltr'>quod</span> <span class='ocrx_word' id='word_1_886' title='bbox 2246 5536 2305 5592; x_wconf 88' lang='lat' dir='ltr'>id</span> <span class='ocrx_word' id='word_1_887' title='bbox 2340 5553 2445 5608; x_wconf 90' lang='lat' dir='ltr'>pro</span> <span class='ocrx_word' id='word_1_888' title='bbox 2477 5538 2595 5595; x_wconf 88' lang='lat' dir='ltr'>Deo</span> <span class='ocrx_word' id='word_1_889' title='bbox 2629 5539 2903 5609; x_wconf 88' lang='lat' dir='ltr'>patiatur.</span> 
     </span>
    </p>
   </div>
   <div class='ocr_carea' id='block_1_118' title="bbox 2130 5624 3710 5697">
    <p class='ocr_par' dir='ltr' id='par_1_118' title="bbox 2130 5624 3710 5697">
     <span class='ocr_line' id='line_1_118' title="bbox 2130 5624 3710 5697; baseline 0.001 -12"><span class='ocrx_word' id='word_1_890' title='bbox 2130 5628 2224 5697; x_wconf 83' lang='lat' dir='ltr'>IV,</span> <span class='ocrx_word' id='word_1_891' title='bbox 2256 5624 2447 5695; x_wconf 74' lang='lat'>17,18.</span> <span class='ocrx_word' id='word_1_892' title='bbox 2472 5649 2502 5681; x_wconf 81' lang='grc' dir='ltr'>α</span> <span class='ocrx_word' id='word_1_893' title='bbox 2528 5629 2675 5687; x_wconf 83' lang='lat' dir='ltr'>Nam</span> <span class='ocrx_word' id='word_1_894' title='bbox 2702 5637 3123 5689; x_wconf 86' lang='lat' dir='ltr'>momentanea</span> <span class='ocrx_word' id='word_1_895' title='bbox 3150 5632 3357 5689; x_wconf 89' lang='lat' dir='ltr'>levitas</span> <span class='ocrx_word' id='word_1_896' title='bbox 3379 5627 3710 5687; x_wconf 77' lang='lat' dir='ltr'>affectionis</span> 
     </span>
    </p>
   </div>
   <div class='ocr_carea' id='block_1_119' title="bbox 2062 5716 3714 5792">
    <p class='ocr_par' dir='ltr' id='par_1_119' title="bbox 2062 5716 3714 5792">
     <span class='ocr_line' id='line_1_119' title="bbox 2062 5716 3714 5792; baseline 0.004 -23"><span class='ocrx_word' id='word_1_897' title='bbox 2062 5739 2090 5768; x_wconf 87' lang='lat'><strong>«</strong></span> <span class='ocrx_word' id='word_1_898' title='bbox 2123 5720 2364 5788; x_wconf 64' lang='lat' dir='ltr'>nostra,</span> <span class='ocrx_word' id='word_1_899' title='bbox 2422 5719 2593 5791; x_wconf 78' lang='lat' dir='ltr'>mire,</span> <span class='ocrx_word' id='word_1_900' title='bbox 2654 5735 2834 5792; x_wconf 77' lang='lat' dir='ltr'>supra</span> <span class='ocrx_word' id='word_1_901' title='bbox 2884 5721 3127 5779; x_wconf 88' lang='lat' dir='ltr'>modum</span> <span class='ocrx_word' id='word_1_902' title='bbox 3180 5727 3469 5777; x_wconf 63' lang='lat' dir='ltr'>maternum</span> <span class='ocrx_word' id='word_1_903' title='bbox 3508 5716 3714 5792; x_wconf 64' lang='lat' dir='ltr'>gloria</span> 
     </span>
    </p>
   </div>
  </div>
