4106 6196
427 343 549 404 967

1514 330 1932 399 (ECUMENII
1977 326 2280 393 ΤΗΝ).οῶ
2326 325 2692 390 EPISCOPI.

3720 335 3844 395 968

426 496 459 527 cc
489 473 723 548 pondus
752 471 907 545 parit
936 469 1129 535 nobis,
1165 467 1305 525 dum
1338 485 1458 524 non
1481 471 1818 541 spectamus
1850 480 1919 519 ea
1947 478 2078 534 quae

2194 455 2356 531 δόξης
2440 460 2826 539 κατεργάζεται
2878 461 3038 534 ἡμῖν·
3116 461 3192 535 μή
3253 463 3599 520 σκοπούντων
3677 465 3849 538 ἡμῶν

420 586 450 615 ‹‹
484 564 774 627 videnlur,
809 558 913 615 sed
946 576 1015 614 ea
1046 575 1179 630 qum
1234 574 1355 615 non
1414 557 1726 612 videntur:
1757 571 1887 626 quae
1920 552 2078 607 enim

423 673 452 703 ι(
482 652 771 717 videntur,
809 650 1172 721 temporaria
1203 654 1379 702 sunt:
1432 654 1493 702 at
1530 663 1662 717 quae
1722 660 1843 699 non
1875 642 2076 697 viden-

420 761 448 792 ‹‹
483 742 596 805 tur,
633 746 876 794 aeterna.

492 830 635 885 Vide
659 828 1127 898 conversionem,
1147 833 1212 882 ut
1244 826 1462 882 audeas
1486 825 1780 881 sustinere
1811 819 2082 877 afflictio-

424 938 533 978 nes
566 926 623 976 et
653 921 711 976 in
742 920 862 975 illis
920 918 1240 974 conﬁdere.
1298 918 1443 972 Nam
1500 919 1939 984 momeutanea,
1973 912 2084 966 hoc

406 1017 530 1075 est,
565 1008 896 1066 brevissimi
927 1008 1232 1078 temporis,
1269 1006 1464 1076 inquit
1499 1021 1512 1059 :
1568 1002 1823 1059 brevitas
1855 1008 2084 1071 tempo-

423 1102 509 1156 ris
541 1107 628 1154 est
658 1099 730 1154 ad
763 1099 872 1152 hoc
904 1104 967 1151 ut
1009 1102 1201 1152 cesset
1230 1095 1493 1151 afﬂictio.
1527 1094 1656 1148 Non
1722 1091 1833 1147 fuit
1885 1096 2084 1145 autem

423 1191 565 1245 satis
590 1188 832 1253 dixisse,
883 1210 909 1236 ‹‹
947 1188 1434 1251 Momentanea,»
1497 1181 1603 1237 sed
1661 1180 1826 1236 addit
1882 1179 2082 1245 etiam,

428 1278 673 1333 Levitas.
704 1299 731 1325 ‹‹
766 1278 1065 1330 Ᾱῐιθτηιιη)
1100 1275 1300 1346 gloriae
1332 1271 1566 1344 pondus
1592 1270 1763 1342 parit.
1801 1291 1827 1319 ››
1862 1270 1976 1323 Nec
2001 1273 2087 1323 ut-

428 1383 664 1438 cunque
699 1367 829 1431 hoc,
866 1364 969 1419 sed
995 1364 1142 1419 mire
1174 1380 1241 1418 ac
1263 1378 1441 1433 supra
1481 1361 1722 1416 modum
1751 1359 1809 1414 id
1828 1358 1985 1414 facit.
2020 1358 2090 1411 Et

432 1456 746 1513 considera
804 1453 1212 1509 retributionis
1281 1451 1725 1507 exundantiam.
1786 1446 2088 1519 Siquidem

432 1553 851 1603 momentaneo
883 1543 1243 1615 rependetur
1266 1547 1579 1607 aeternum,
1610 1540 1831 1595 levitati
1858 1537 2087 1609 pondus

431 1635 739 1692 afflictioni
773 1635 978 1708 gloria.
1015 1635 1084 1688 Et
1123 1649 1234 1688 nec
1269 1633 1327 1686 in
1362 1631 1454 1685 his
1486 1630 1802 1700 quiescunt
1831 1627 2085 1681 retribu-

427 1728 660 1781 tionum
694 1723 1091 1787 exundantim,
1125 1722 1228 1778 sed
1264 1721 1429 1776 addit
1467 1720 1645 1774 etiam
1709 1741 1735 1767 ι(
1772 1717 1935 1783 Mire,
1969 1736 1997 1765 »
2030 1720 2089 1770 et

2183 550 2252 604 τὰ
2330 548 2658 625 βλεπόμενα,
2719 547 2867 606 ἀλλὰ
2920 550 2989 605 τὰ
3050 552 3126 624 μὴ
3193 551 3522 627 βλεπόμενα.
3580 555 3672 612 Ti
3740 555 3848 631 γὰρ

2187 636 2507 714 βλεπόμενα
2563 639 2891 715 πρόσκαιρα,
2945 640 3015 696 τὰ
3067 636 3127 695 δὲ
3186 643 3264 716 μή
3328 638 3648 717 βλεπόμενα
3704 644 3852 699 aid)—

2183 749 2292 785 νια.

2255 818 2396 891 Ὅρα
2424 819 2651 894 τροπῆν,
2698 819 2773 883 εἷς
2828 819 2891 874 τὸ
2946 817 3161 892 τολμᾷν
3213 820 3500 896 καθαρῥεῖν
3557 826 3669 876 τῶν
3721 842 3856 877 πει-

2189 911 2427 982 ρασμῶν.
2462 909 2533 961 Τὸ
2563 907 2665 982 γὰρ
2707 908 3032 983 παραυτίκα,
3092 910 3250 989 φησὶ,
3307 911 3551 966 τουτέστι
3602 912 3669 965 τὸ
3731 907 3859 963 61t-

2186 997 2511 1073 γοχρόνιον,
2539 998 2600 1051 τὸ
2634 998 2838 1077 βραχὺ,
2879 998 2955 1062 εἷς
2985 999 3047 1053 τὸ
3080 1006 3385 1068 παυσθῆναι
3441 1006 3540 1070 τῆς
3574 998 3857 1074 θλέψεως.

2189 1083 2305 1141 Οὐκ
2358 1085 2598 1161 ἠρκέσθη
2658 1084 2717 1140 δὲ
2774 1085 2964 1153 εἰπὼν,
3021 1109 3049 1140 α
3106 1087 3429 1163 παραυτίκα,
3464 1113 3492 1141 η
3548 1089 3701 1145 ἀλλά
3758 1093 3859 1148 καὶ

2190 1200 2219 1227 ‹‹
2250 1174 2542 1255 ’Λιλαιρρὸη
2576 1201 2604 1228 n
2636 1176 2821 1257 ιρησίν.
2855 1204 2881 1229 «
2902 1177 3136 1234 Αἶώνιον
3169 1179 3335 1254 βάρος
3366 1177 3692 1259 φησὶβόξης
3712 1205 3865 1239 κατ’

2190 1268 2496 1344 εργσὶζεται.
2531 1291 2559 1319 »ι
2592 1265 2691 1324 Καῖ
2712 1268 2824 1343 οὐχ
2853 1266 3067 1338 ἀπλῶς,
3094 1267 3239 1325 ἀλλὰ
3264 1271 3382 1325 καθ’
3414 1266 3737 1346 ὑπερϐολήν
3759 1275 3863 1329 καὶ

2221 1355 2239 1378 ν.
2306 1358 2321 1377 ρ
2442 1352 2470 1377 ρ
2563 1357 2576 1373 ι
2716 1360 2740 1372 ~
2971 1361 2999 1373 ~
3172 1358 3185 1376 ι
3243 1357 3251 1374 ι
3392 1362 3421 1375 ~
3514 1360 3529 1377 ο
3777 1363 3791 1382 υ

2191 1377 2268 1418 εις
2302 1354 2614 1431 υπεροολην
2648 1377 2809 1411 τουτο
2839 1378 3054 1414 ποιουν.
3090 1364 3188 1413 Και
3220 1360 3320 1433 ὁρα
3354 1379 3454 1425 της
3504 1364 3864 1435 αντιμισθιας

2188 1448 2251 1502 τὸ
2291 1444 2611 1516 πλεονάζον.
2646 1450 2743 1521 Τῷ
2764 1449 2869 1523 γαρ
2892 1445 3173 1517 αὖτίκα,τὸ
3195 1449 3418 1504 αἰώνιον
3440 1450 3740 1529 ἀντιμετρή
3752 1474 3869 1524 σει,

2187 1539 2268 1607 τῷ
2298 1534 2542 1611 ἐλαφρῷ,
2574 1536 2636 1591 τὸ
2670 1537 2831 1612 βαρὺ,
2862 1540 2933 1610 τῇ
2965 1536 3172 1611 θλίψει,
3209 1539 3308 1609 τήν
3342 1536 3521 1609 δόξαν.
3582 1542 3691 1597 Καὶ
3724 1540 3868 1597 οὖδὶ

2190 1622 2326 1700 ἃχρι
2362 1624 2571 1679 τούτων
2640 1626 2693 1678 οἱ
2742 1622 3083 1699 πλεονασμοὶ
3130 1632 3238 1682 τῶν
3289 1624 3640 1701 ἀντιδόσεων,
3703 1628 3867 1686 ἀλλά

2192 1714 2282 1770 καὶ
2342 1738 2371 1767 ‹‹
2431 1716 2550 1778 καθ’
2609 1709 3007 1789 ὑπερϐολὴν,››
3064 1715 3153 1771 καὶ
3188 1740 3215 1768 ‹‹
3276 1716 3356 1780 εἷς
3447 1715 3796 1793 ὑπερϐολήν.
3830 1744 3862 1773 ιι

425 1836 453 1865 ‹‹
480 1817 664 1886 Supra
708 1814 968 1868 modum.
1015 1834 1042 1861 ››
1082 1843 1141 1852 -
1193 1833 1220 1861 ‹‹
1283 1812 1606 1865 Dum-non
1668 1812 2026 1878 spectamus.
2058 1827 2078 1853 ›ι

2194 1840 2258 1849 --
2292 1832 2318 1858 ι(
2352 1805 2442 1873 Μὴ
2477 1804 2825 1860 σκοποῦντων
2864 1805 3050 1877 ἡμῶν.
3105 1831 3126 1859 ι
3195 1805 3417 1878 Ἐπειδὴ
3474 1811 3701 1886 βαρεῖαν
3762 1809 3868 1865 οὗ·

421 1906 710 1971 Quoniam
746 1905 1131 1960 afﬂictionem
1157 1919 1289 1972 qua)
1334 1900 1525 1973 gravis
1557 1904 1643 1953 est
1676 1897 1825 1952 dixit
1871 1896 2084 1959 levem,

424 2001 662 2051 enarrat
691 1993 990 2065 quomodo
1024 1992 1167 2047 levis
1198 1992 1273 2045 sit
1296 2005 1560 2062 praesens
1590 1987 1857 2043 afﬂictio.
1885 1986 1939 2039 Si
1962 2000 2084 2039 non

424 2083 891 2147 consideremus,
942 2081 1182 2152 inquit,
1244 2097 1374 2149 qua)
1433 2077 1730 2145 videntur,
1791 2074 1894 2130 sed
1953 2090 2084 2145 qua:

423 2185 545 2225 non
571 2170 863 2224 videntur.
900 2170 1040 2223 Nam
1076 2168 1123 2222 si
1158 2168 1353 2221 futura
1373 2165 1769 2238 praesentibus
1791 2178 2081 2234 opponas,

422 2257 572 2313 levia
602 2262 888 2329 apparent
920 2256 1241 2327 praesentia
1268 2273 1281 2310 :
1318 2262 1456 2309 sunt
1486 2254 1645 2308 enim
1690 2250 2081 2323 temporalia;

422 2347 527 2402 illa
559 2364 690 2401 vero
723 2351 966 2400 mterna.

499 2438 557 2503 V,
596 2438 708 2490 1ε4.
747 2458 774 2485 ‹‹
813 2435 1040 2489 Scimus
1092 2434 1250 2488 enim
1312 2434 1470 2503 quod
1520 2434 1568 2487 si
1626 2438 1927 2486 terrenum
1952 2446 2085 2487 nos-

422 2549 451 2577 ιι
486 2532 644 2582 trum
675 2524 1048 2581 domicilium
1076 2522 1258 2594 hujus
1294 2521 1657 2578 tabernaculi
1714 2520 2081 2576 destructum

423 2636 451 2666 «
480 2615 677 2679 fuerii,
716 2613 1171 2669 aedificationem
1197 2628 1265 2665 ex
1321 2611 1439 2667 Deo
1490 2610 1796 2668 habemus.
1830 2607 2083 2664 domici-

425 2726 454 2756 «
488 2705 633 2761 lium
665 2720 783 2759 non
814 2703 1243 2761 manufactum.
1286 2707 1573 2755 aeternum
1624 2699 1686 2753 in
1716 2697 1899 2753 caelis.
1935 2697 2080 2752 Nam

426 2817 454 2849 υ
487 2795 549 2850 in
572 2795 682 2850 hoc
708 2793 999 2867 geminus,
1033 2790 1337 2847 domicilio
1393 2796 1595 2846 nostro
1637 2788 1797 2860 quod
1853 2804 1883 2843 e
1933 2788 2080 2843 caelo

423 2905 453 2935 «
488 2891 576 2939 est
606 2882 953 2956 superindui
980 2881 1406 2938 desiderantes.
1434 2881 1489 2935 Si
1523 2886 1682 2935 certe
1712 2878 1925 2947 induti,
1957 2894 2078 2933 non

423 2994 450 3021 «
486 2972 629 3027 nudi
680 2972 1067 3044 reperiemur.
1102 2970 1333 3025 Etenim
1387 2968 1487 3040 qui
1520 2985 1723 3024 sumus
1756 2968 1816 3021 in
1847 2967 1959 3022 hoc
1988 2973 2077 3022 ta-

419 3081 449 3112 ιι
482 3060 827 3127 bernaculo,
850 3060 1145 3131 gemimus
1176 3057 1427 3119 onerati.
1450 3065 1763 3130 propterea
1785 3055 1943 3127 quod
1975 3072 2076 3110 no-

425 3172 455 3202 ‹‹
487 3149 667 3206 limus
700 3150 854 3218 exui,
885 3148 986 3203 sed
1011 3147 1383 3221 superindui,
1413 3152 1480 3202 ut
1508 3146 1895 3202 absorbeatur
1923 3160 2078 3200 mor-

426 3262 453 3288 ‹‹
486 3240 686 3293 talitas
718 3255 752 3291 a
782 3238 918 3293 vita.

498 3327 786 3389 Quoniam
835 3330 1193 3382 tractaturus
1220 3333 1310 3382 est
1365 3325 1436 3380 de
1492 3325 1927 3380 resurrectione
1959 3339 2082 3379 ser-

424 3412 768 3479 monem,ad
800 3428 976 3481 quem
999 3414 1284 3467 Corinthii
1318 3413 1616 3467 infirmius
1647 3414 1840 3468 affecti
1873 3418 2079 3468 erant:

425 3500 714 3570 anticipat
744 3499 880 3552 illos
902 3498 1144 3554 dicens:
1198 3524 1223 3550 α
1259 3501 1508 3559 Scimus.
1547 3525 1567 3548 ι
1629 3507 1908 3571 tanquam
1968 3500 2081 3572 ipsi

426 3605 663 3661 quoque
696 3588 919 3643 scirent
948 3603 1057 3643 nec
1081 3588 1153 3643 de
1204 3590 1638 3644 resurrectione
1692 3590 2078 3661 ambigerent.

418 3709 490 3721 —-
524 3678 715 3734 Aliud.
761 3677 941 3732 Multa
1006 3678 1067 3732 in
1126 3679 1272 3733 68I
1337 3677 1742 3748 superioribus
1799 3678 2077 3747 narravit,

417 3769 740 3826 ostendens
764 3768 921 3840 quod
943 3768 1122 3823 etiam
1154 3768 1229 3824 ad
1259 3766 1638 3823 commodum
1672 3767 1749 3822 sit
1776 3767 1996 3823 factum
2013 3773 2081 3822 ut

417 3865 476 3914 et
505 3860 865 3915 afflictiones
884 3875 1099 3931 corpus
1133 3864 1526 3914 consumant:
1560 3874 1720 3912 nunc
1752 3856 1911 3928 quod
1944 3856 2077 3928 plus

419 3957 509 4006 est
535 3950 699 4014 dicit,
724 3950 885 4022 quod
907 3950 1085 4005 etiam
1117 3949 1462 4005 omnimoda
1490 3948 1754 4021 corporis
1777 3947 2075 4019 corruptio

417 4054 551 4110 quae
583 4040 647 4093 ﬁt
677 4057 781 4110 per
814 4045 1086 4103 mortem,
1118 4040 1284 4095 utilis
1316 4044 1406 4094 est
1439 4055 1451 4105 ;
1484 4054 1621 4093 nam
1676 4037 2076 4109 incorruptio—

416 4144 557 4183 nem
591 4128 780 4199 ipsam
814 4145 849 4183 a
878 4129 1257 4199 corruptione
1288 4128 1634 4199 accipimus.

493 4216 632 4272 Vide
663 4223 863 4273 autem
887 4224 1169 4288 quantam
1194 4218 1608 4273 excellentiam
1629 4218 2074 4289 comparatione

412 4306 764 4362 ostenderit.
796 4308 940 4361 Nam
994 4306 1103 4361 hoc
1157 4311 1480 4372 terrenum,
1514 4306 1666 4362 illud
1721 4305 1980 4375 caeleste,
2014 4305 2073 4361 id

414 4404 525 4461 est,
558 4415 798 4454 sumens
830 4415 859 4452 e
894 4397 1040 4453 caalo
1073 4398 1580 4469 incorruptionem
1607 4414 1620 4452 :
1672 4397 1784 4453 hoc
1823 4397 2071 4453 domici.

412 4488 564 4543 lium
592 4494 683 4543 est
713 4486 1085 4543 tabernaculi
1113 4486 1295 4560 (quod
1318 4486 1547 4542 facilem
1572 4487 1869 4559 signiﬁcat
1890 4488 2072 4542 disso-

2195 1916 2291 1951 σαν
2320 1896 2420 1965 τὴν
2453 1894 2661 1968 θλίψιν,
2696 1894 2845 1949 εἶπεν
2875 1893 3137 1971 ἐλαφρὰν,
3170 1894 3517 1971 ἐπεξηγεῖται
3546 1904 3668 1963 πῶς
3699 1898 3855 1955 ἐστιν

2193 1983 2403 2061 ἐλαφρᾶ
2431 1984 2465 2054 ἡ
2492 1985 2608 2038 νυνὶ
2644 1982 2847 2058 θλίψις.
2880 1984 3025 2052 Ἐὰν,
3069 1985 3228 2065 φησὶ,
3289 1988 3366 2059 μή
3426 1993 3725 2062 σκοπῶμεν
3785 1990 3859 2044 τὶ

2196 2072 2530 2150 βλεπόμενα,
2561 2068 2709 2127 ἀλλὰ
2733 2072 2799 2127 τὰ
2834 2074 2908 2145 μή
2948 2070 3283 2148 βλεπόμενα.
3318 2077 3444 2132 Ἐἆν
3488 2076 3589 2151 γὰρ
3615 2078 3689 2132 ταὶ
3740 2077 3866 2134 ἐκεῖ

2190 2168 2307 2225 τοῖς
2346 2166 2437 2217 νῦν
2465 2161 2812 2236 ἂντιστήσῃς,
2862 2160 3072 2239 ἔλαφρά
3124 2166 3191 2218 τὰ
3245 2168 3335 2220 νῦν
3397 2171 3668 2243 φανεῖται.
3700 2167 3862 2243 Πρό-

2191 2272 2385 2328 σκαιρα
2416 2252 2519 2329 γάρ
2552 2250 2715 2321 ἐστιν,
2749 2250 2923 2306 ἐκεῖνα
2954 2248 3011 2306 δὲ
3054 2250 3266 2312 αἶ’ώνια.

2262 2433 2501 2508 Οῗδαμεν
2531 2435 2631 2510 γὰρ
2666 2433 2747 2490 ὅτι
2804 2434 2891 2491 ἐὰν
2948 2436 2982 2506 ἠ
3044 2433 3284 2511 ἆπίγειος
3312 2435 3475 2508 ἡμῶν
3531 2435 3687 2492 οἰκία
3735 2441 3849 2494 τοῦ

2189 2522 2445 2610 σκήνους,
2508 2518 2812 2610 καταλυθῇ,
2865 2517 3167 2610 οἰκοδομὴν
3257 2520 3319 2610 εκ
3392 2524 3525 2577 Θεοῦ
3607 2515 3860 2610 ξ’Ᾱομεν⁹

2189 2608 2362 2663 οἰκίαν
2422 2607 2876 2684 ἀχειροποίητον,
2930 2609 3154 2665 αἰώνιον
3250 2609 3301 2665 ἐν
3363 2615 3481 2675 τοῖς
3563 2607 3857 2687 οὖρανοῖςξ

2187 2697 2291 2754 Καὶ
2366 2699 2469 2773 γὰρ
2553 2698 2603 2753 ἐν
2685 2699 2865 2772 τούτῳ
2944 2700 3294 2772 στενάζομεν,
3379 2699 3443 2755 τὸ
3520 2698 3862 2776 οἰκητήριον

2185 2788 2347 2859 ἡμῶν
2441 2788 2503 2843 τὸ
2604 2787 2653 2861 ἐξ
2757 2787 2986 2864 οὐρανοῦ
3058 2786 3449 2853 ἐπενδύσασθαι
3508 2788 3860 2855 ἔπιποθουν-

2184 2895 2292 2938 τες.
2355 2876 2483 2950 Εἲγε
2529 2876 2621 2931 καὶ
2677 2873 3057 2950 ἐνδυσάμενοι,
3139 2878 3204 2933 οὐ
3270 2878 3472 2953 γυμνοὶ
3559 2880 3865 2954 εὑρεθησόο

2190 2965 2344 3038 μεθα.
2381 2965 2482 3022 Καὶ
2528 2966 2635 3041 γὰρ
2692 2965 2743 3020 οἱ
2802 2963 2951 3028 ὄντες
3004 2964 3056 3021 ἐν
3110 2969 3190 3037 τῷ
3238 2968 3445 3037 σκήνει,
3514 2970 3857 3040 στενάζομεν

2187 3052 2541 3129 βαρούμενοι,
2610 3052 2694 3131 ἐφ’
2751 3052 2796 3126 ᾦ
2855 3054 2920 3109 οὗ
3005 3050 3237 3128 θέλομεν
3296 3051 3636 3126 ἐκδύσασθαι,
3718 3057 3859 3113 ἀλλ’

2189 3139 2596 3212 ἐπενδύσασθαι,
2649 3140 2738 3198 ἵνα
2792 3146 3078 3219 καταποθῇ
3159 3144 3222 3199 τὸ
3309 3146 3505 3217 θνητὸν
3580 3146 3687 3201 ὑπό
3743 3153 3859 3219 τῆς

2190 3237 2359 3300 ζωῆς.

2261 3319 2485 3391 Ἐπειδὴ
2542 3323 2634 3376 τὸν
2690 3322 2813 3395 περί
2859 3320 3205 3387 ἀναστάσεως
3278 3322 3576 3399 γυμνάζειν
3641 3320 3849 3397 μέλλει

2189 3409 2382 3485 λόγον,
2413 3411 2548 3486 πρὸς
2581 3410 2638 3466 ’ὀν
2674 3410 2723 3466 οἱ
2781 3411 3055 3486 Κορῖνθιοι
3109 3410 3491 3487 ἀσθενέστερον
3549 3408 3845 3483 διέκειντο,

2186 3500 2582 3576 προκατασῦρει
2610 3499 2806 3562 αὐτοὺς
2840 3497 2929 3555 διὰ
2978 3505 3098 3571 τοῦ,
3152 3525 3179 3553 α
3241 3497 3507 3575 Οῗδαμεν,
3554 3526 3582 3553 »ι
3615 3503 3692 3566 ὡς
3750 3500 3854 3559 καὶ

2185 3588 2358 3642 αὐτῶν
2417 3586 2809 3662 ἐπισταμένων,
2872 3589 2962 3643 καὶ
3042 3589 3141 3646 οὐκ
3195 3584 3658 3667 ἀμφιϐαλλόντων
3716 3591 3851 3668 περὶ

2185 3678 2287 3747 τήν
2319 3679 2628 3736 ἀνάστασιν.
2668 3712 2728 3721 -
2759 3676 2958 3735 "A110.
2993 3681 3201 3753 [$912]
3237 3677 3431 3736 Πολλά
3468 3679 3522 3735 ἐν
3575 3686 3693 3742 τοῖς
3727 3680 3851 3738 ἄνω

2183 3765 2456 3837 διεξῆλθε,
2514 3766 2724 3831 δεικνὺς
2783 3766 2911 3830 τοὺς
2997 3768 3337 3845 πειρασμοὺς
3392 3769 3484 3824 καὶ
3556 3770 3620 3825 τὸ
3677 3775 3853 3843 σῶμα

2180 3857 2487 3935 φθεῖρεσθαι
2533 3858 2669 3928 πρὸς
2727 3857 2997 3936 ὠφέλειαν
3053 3859 3362 3933 γινόμενον,
3414 3863 3505 3913 νῦν
3547 3860 3610 3915 τὸ
3667 3858 3849 3916 πλέον

2182 3946 2353 4019 λέγει,
2388 3944 2472 4000 ὅτι
2501 3946 2590 4000 καὶ
2622 3948 2656 4016 ἠ
2691 3945 2966 4016 παντελὴς
2997 3951 3095 4002 τοῦ
3157 3948 3412 4021 σώματος
3444 3950 3607 4022 ἡμῶν
3639 3950 3853 4026 φθορὰ,

2177 4036 2211 4105 ἠ
2247 4033 2335 4089 δια
2391 4032 2489 4089 τοῦ
2547 4035 2795 4103 θανάτου,
2854 4036 3158 4115 ὠφέλιμος.
3214 4040 3348 4095 Ἀπὸ
3406 4039 3512 4117 γὰρ
3570 4041 3847 4117 ιρθαρτοῦ,

2178 4124 2359 4202 φησὶν,
2394 4121 2665 4201 ἃφθαρτον
2694 4124 2826 4180 αὐτὸ
2847 4121 3222 4200 λαμϐάνομεν.
3740 4192 3753 4201 _

2246 4215 2389 4289 ’Ὀρα
2419 4210 2496 4279 δὲ,
2530 4218 2599 4288 τῇ
2638 4212 2931 4288 παραθέσει
2986 4216 3154 4271 πόσον
3209 4212 3375 4288 ἔδειξε
3427 4217 3492 4272 τὸ
3549 4210 3847 4297 διάφορον,

2178 4306 2356 4361 Τοῦτο
2388 4300 2643 4379 ἐπίγειον,
2676 4301 2847 4359 ἐκεῖνο
2879 4304 3149 4378 οὐράνιον,
3208 4304 3486 4362 τουτέστιν
3549 4306 3602 4378 ἐξ
3660 4308 3843 4383 οὐρα-

2177 4396 2275 4446 νοῦ
2304 4393 2403 4460 τήν
2438 4391 2737 4468 ἀφθαρσίον
2788 4388 3088 4467 λαμϐάνον·
3145 4399 3314 4450 τοῦτο
3381 4393 3526 4452 οῗκία
3580 4399 3843 4469 σκήνους,

2177 4482 2310 4555 ὅπερ
2340 4481 2404 4537 τὸ
2435 4479 2756 4536 εὐδιαλυτον
2798 4479 2988 4552 δηλοῖ,
3021 4482 3197 4539 ἐκεῖνο
3249 4484 3489 4541 αἰώνιον.
3546 4486 3678 4544 Εἶτα
3739 4484 3841 4542 λι-

409 4575 746 4646 lutionem),
773 4576 922 4631 illud
950 4581 1261 4630 aeternum.
1291 4575 1513 4630 Deinde
1538 4576 1716 4630 etiam
1762 4576 1909 4631 illud
1933 4575 2077 4631 dicit

2190 4593 2263 4646 γει
2295 4572 2467 4627 ἐκεῖνο
2495 4573 2587 4626 καὶ
2621 4572 3073 4648 ἀχειροποίητον.
3108 4574 3187 4633 Οὐ
3233 4579 3396 4633 τοῦτο
3451 4574 3709 4648 δηλονότι
3767 4576 3849 4634 τὸί

413 4680 535 4719 non
568 4665 974 4720 manufactum
1004 4682 1016 4719 :
1042 4682 1152 4719 nec
1182 4665 1293 4719 hoc
1316 4670 1473 4719 certe
1505 4681 1720 4735 corpus
1754 4665 2068 4720 manufac-

411 4758 539 4808 tum
570 4756 883 4826 vituperat,
920 4754 1021 4809 sed
1050 4754 1210 4810 illius
1242 4760 1415 4827 auget
1463 4753 1753 4809 encomia.
1809 4775 1835 4803 ιι
1861 4752 1919 4807 Si
1950 4759 2068 4808 ter-

410 4856 623 4896 renum
655 4851 926 4899 nostrum
960 4844 1349 4899 domicilium.
1389 4865 1417 4892 ››
1474 4845 1797 4898 Terrenum
1829 4840 2069 4912 quidem

413 4926 786 4985 domicilium
817 4938 906 4985 est
936 4932 1129 4987 brevis
1160 4949 1291 5003 qum
1324 4931 1419 4987 hic
1455 4931 1648 5002 agitur
1678 4930 1812 4986 vita.
1845 4929 2069 5001 Corpus

411 5034 549 5074 vero
582 5019 1034 5075 tabernaculum
1053 5027 1491 5076 estnostrarum
1522 5018 2069 5075 animarum.Aliud

415 5110 499 5162 esi
532 5108 690 5162 enim
718 5108 1088 5163 domicilium
1123 5115 1179 5163 et
1207 5109 1369 5165 aliud
1419 5109 1867 5165 tabernaculum
1898 5108 2069 5180 cujus

414 5201 503 5252 est
532 5196 924 5265 domicilium,
958 5203 1017 5252 et
1045 5197 1208 5253 aliud
1240 5215 1348 5253 nos
1381 5215 1635 5269 quorum
1693 5204 1782 5253 est
1830 5199 2068 5270 pr0prie

412 5285 886 5342 tabernaculum.
921 5287 975 5340 Si
1008 5286 1188 5358 igitur
1218 5287 1611 5356 domicilium,
1645 5288 1857 5360 inquit,
1881 5287 2070 5343 taber-

411 5378 610 5433 naculi
644 5376 829 5432 nostri
863 5376 1240 5436 dissolvatur.
1272 5376 1384 5431 hoc
1416 5383 1526 5444 est,
1560 5378 1753 5433 brevis
1784 5394 1914 5448 qua?
1973 5377 2070 5434 hic

412 5467 609 5540 agitur
636 5468 773 5532 vita,
805 5466 1159 5522 habebimus
1190 5464 1558 5522 domicilium
1589 5485 1709 5524 non
1762 5468 2069 5524 manufac—

412 5562 560 5624 tum,
594 5556 654 5612 id
686 5562 794 5624 est,
827 5556 1006 5612 vitam
1037 5561 1342 5624 aeternam,
1372 5572 1504 5627 qum
1534 5574 1656 5613 non
1687 5574 1836 5630 opus
1856 5558 2074 5614 habeat

412 5648 617 5703 nostra
647 5664 828 5719 opera
856 5653 959 5704 aut
988 5645 1210 5703 nostris
1241 5644 1517 5702 manibus
1545 5645 1618 5701 ad
1649 5647 1740 5701 sui
1781 5647 2069 5702 constitu-

2177 4661 2348 4736 παρὸν
2382 4665 2541 4734 σῶμα
2584 4660 2975 4736 χειροποίητόν
3036 4663 3202 4735 ἐστιν,
3255 4664 3404 4721 ἀλλὰ
3454 4667 3521 4722 τὰ
3577 4664 3839 4745 ἐγκώμια

2180 4747 2323 4821 αὔξει
2347 4749 2574 4807 ἐκείνου.
2604 4774 2633 4803 ‹‹
2666 4752 2789 4807 Ἐὰν
2821 4752 2856 4822 ἠ
2889 4751 3124 4828 ἐπίγειος
3153 4753 3314 4828 ἧμῶν
3367 4754 3532 4811 οἰκία.
3592 4780 3620 4809 ιι
3670 4755 3835 4813 Ἐπί-

2177 4860 2323 4913 γειος
2360 4839 2456 4912 μὶν
2513 4837 2681 4912 οῗκία,
2734 4840 2769 4910 ἠ
2829 4839 3054 4897 ἐνταῦθα
3111 4838 3417 4919 βραχύϐιος
3458 4847 3595 4915 ζωή·
3630 4852 3835 4916 σκῆνος

2180 4925 2258 4997 δὲ,
2289 4927 2351 4982 τὸ
2385 4931 2544 5000 σῶμα
2573 4928 2735 5001 ἡμῶν
2766 4934 2873 4984 τῶν
2905 4934 3121 5006 ψυχῶν.
3152 4931 3332 4989 ’Άλλο
3376 4934 3478 5008 γὰρ
3538 4933 3703 5004 οἰκία,
3735 4932 3833 4990 καὶ

2179 5014 2321 5071 ἄλλο
2347 5016 2409 5071 τὸ
2436 5023 2634 5085 σκῆνος
2663 5017 2725 5073 οὗ
2750 5016 2896 5074 ἐστιν
2926 5020 2960 5089 ἠ
2994 5019 3164 5088 οἳκία,
3195 5021 3285 5076 καὶ
3333 5019 3476 5077 ἄλλο
3529 5024 3719 5095 ἡμεῖς,
3749 5024 3824 5077 ὧν

2179 5104 2377 5160 ἔστιτὸ
2410 5112 2609 5175 σκῆνος
2635 5104 2796 5164 ἲδιον.
2862 5107 2979 5162 Ἐὰν
3038 5106 3154 5176 οὖν,
3221 5108 3405 5189 φησὶν,
3463 5109 3671 5180 ἠοῖκία
3725 5114 3827 5167 τοῦ

2179 5196 2411 5265 σκήνους
2441 5195 2601 5266 ἡμῶν
2647 5193 2952 5271 καταλυθῇ.
3010 5196 3285 5253 τουτέστιν
3333 5199 3369 5269 ἠ
3429 5199 3653 5264 ἐνταῦθα
3686 5200 3831 5275 βρασ

2179 5280 2377 5361 χῦὄιος
2410 5285 2548 5353 ζωὴ,
2582 5278 2768 5358 ἕξομεν
2821 5284 2994 5340 οἰκίαν
3051 5286 3501 5365 ἀχειροποίητον,
3556 5284 3845 5362 τουτέπιξ

2182 5374 2327 5443 ζωὴν
2360 5371 2603 5441 αἷώνιον,
2638 5372 2702 5427 οὗ
2751 5371 3158 5448 προσδεομένην
3213 5382 3314 5446 τῆς
3368 5377 3639 5452 ἡμετέρας
3668 5368 3853 5453 ἑργιῖἡ.

2180 5462 2297 5525 σίας
2327 5462 2412 5517 καὶ
2444 5465 2555 5516 τῶν
2585 5461 2868 5533 ἡμετέρων
2896 5466 3100 5538 χειρῶν
3141 5465 3276 5540 πρὸς
3325 5465 3592 5520 σύστασιν.
3627 5464 3831 5528 Καλῶς

2181 5550 2239 5609 δὶ
2272 5552 2347 5615 ὡς
2379 5550 2516 5627 πρὸς
2549 5546 2968 5621 ἀντιδιαστολὴν
3025 5555 3125 5623 τῆς
3160 5554 3442 5631 παρούσης
3498 5557 3666 5623 ζωῆς,
3721 5555 3827 5625 τὴν

2184 5640 2493 5717 μέλλουσαν
2542 5639 2973 5717 ἀχειροποίητον
3032 5643 3201 5704 εἶπεν.
3250 5644 3317 5700 Ἦ
3393 5643 3498 5719 γὰρ
3557 5647 3806 5723 παροῦσα
