  <div class='ocr_page' id='page_1' title='image "/cluster/home/n/w/nwhite01/storage/ocr_20150623/118/hvd.32044073502247/490.png"; bbox 0 0 4128 6192; ppageno 0'>
   <div class='ocr_carea' id='block_1_1' title="bbox 294 285 417 355">
    <p class='ocr_par' dir='ltr' id='par_1_1' title="bbox 294 285 417 355">
     <span class='ocr_line' id='line_1_1' title="bbox 294 285 417 355; baseline -0.081 1"><span class='ocrx_word' id='word_1_1' title='bbox 294 285 417 355; x_wconf 64' lang='lat'><strong><em>909</em></strong></span> 
     </span>
    </p>
   </div>
   <div class='ocr_carea' id='block_1_2' title="bbox 1256 282 2754 352">
    <p class='ocr_par' dir='ltr' id='par_1_2' title="bbox 1256 282 2754 352">
     <span class='ocr_line' id='line_1_2' title="bbox 1256 282 2754 352; baseline 0.003 -7"><span class='ocrx_word' id='word_1_2' title='bbox 1256 284 1651 346; x_wconf 82' lang='lat' dir='ltr'><strong><em>CUMMENT.</em></strong></span> <span class='ocrx_word' id='word_1_3' title='bbox 1700 282 1786 345; x_wconf 89' lang='lat' dir='ltr'><strong>IN</strong></span> <span class='ocrx_word' id='word_1_4' title='bbox 1836 283 2078 344; x_wconf 83' lang='lat' dir='ltr'><strong><em>EPIST.</em></strong></span> <span class='ocrx_word' id='word_1_5' title='bbox 2125 284 2183 345; x_wconf 87' lang='lat' dir='ltr'><strong><em>II</em></strong></span> <span class='ocrx_word' id='word_1_6' title='bbox 2226 286 2338 347; x_wconf 84' lang='lat' dir='ltr'><strong><em>AD</em></strong></span> <span class='ocrx_word' id='word_1_7' title='bbox 2378 287 2754 352; x_wconf 84' lang='lat' dir='ltr'><strong><em>CORINTH.</em></strong></span> 
     </span>
    </p>
   </div>
   <div class='ocr_carea' id='block_1_3' title="bbox 3592 296 3716 358">
    <p class='ocr_par' dir='ltr' id='par_1_3' title="bbox 3592 296 3716 358">
     <span class='ocr_line' id='line_1_3' title="bbox 3592 296 3716 358; baseline 0.016 -3"><span class='ocrx_word' id='word_1_8' title='bbox 3592 296 3716 358; x_wconf 84' lang='lat'><strong><em>9&#39;70</em></strong></span> 
     </span>
    </p>
   </div>
   <div class='ocr_carea' id='block_1_4' title="bbox 295 411 1953 499">
    <p class='ocr_par' dir='ltr' id='par_1_4' title="bbox 295 411 1943 496">
     <span class='ocr_line' id='line_1_4' title="bbox 295 411 1943 496; baseline -0.002 -22"><span class='ocrx_word' id='word_1_9' title='bbox 295 417 404 474; x_wconf 81' lang='grc' dir='ltr'><strong><em>ἀπὸ</em></strong></span> <span class='ocrx_word' id='word_1_10' title='bbox 431 420 544 474; x_wconf 80' lang='grc' dir='ltr'>τῶν</span> <span class='ocrx_word' id='word_1_11' title='bbox 585 420 790 496; x_wconf 81' lang='grc' dir='ltr'>χειρῶν</span> <span class='ocrx_word' id='word_1_12' title='bbox 835 411 955 492; x_wconf 79' lang='grc' dir='ltr'>ἔχει</span> <span class='ocrx_word' id='word_1_13' title='bbox 1010 417 1115 487; x_wconf 71' lang='grc' dir='ltr'>τήν</span> <span class='ocrx_word' id='word_1_14' title='bbox 1171 416 1448 488; x_wconf 84' lang='grc' dir='ltr'>σύστασιν,</span> <span class='ocrx_word' id='word_1_15' title='bbox 1508 415 1693 494; x_wconf 76' lang='grc' dir='ltr'>ἄρτου,</span> <span class='ocrx_word' id='word_1_16' title='bbox 1752 420 1943 485; x_wconf 88' lang='grc' dir='ltr'>ποτοῦ,</span> 
     </span>
    </p>
   </div>
   <div class='ocr_carea' id='block_1_5' title="bbox 2064 411 3715 499">
    <p class='ocr_par' dir='ltr' id='par_1_5' title="bbox 2064 418 3715 499">
     <span class='ocr_line' id='line_1_5' title="bbox 2064 418 3715 499; baseline 0.006 -26"><span class='ocrx_word' id='word_1_17' title='bbox 2064 418 2306 476; x_wconf 78' lang='lat' dir='ltr'><strong><em>tionem.</em></strong></span> <span class='ocrx_word' id='word_1_18' title='bbox 2335 420 2490 481; x_wconf 85' lang='lat' dir='ltr'><strong><em>Bene</em></strong></span> <span class='ocrx_word' id='word_1_19' title='bbox 2521 429 2720 481; x_wconf 90' lang='lat' dir='ltr'><strong><em>autem</em></strong></span> <span class='ocrx_word' id='word_1_20' title='bbox 2749 424 2824 480; x_wconf 92' lang='lat' dir='ltr'><strong><em>ad</em></strong></span> <span class='ocrx_word' id='word_1_21' title='bbox 2850 424 3165 496; x_wconf 63' lang='lat' dir='ltr'><strong><em>prasentis</em></strong></span> <span class='ocrx_word' id='word_1_22' title='bbox 3220 426 3352 482; x_wconf 63' lang='lat' dir='ltr'><strong><em>vita;</em></strong></span> <span class='ocrx_word' id='word_1_23' title='bbox 3410 441 3715 499; x_wconf 87' lang='lat' dir='ltr'><strong><em>compara-</em></strong></span> 
     </span>
    </p>
   </div>
   <div class='ocr_carea' id='block_1_6' title="bbox 295 504 1955 584">
    <p class='ocr_par' dir='ltr' id='par_1_6' title="bbox 295 504 1955 584">
     <span class='ocr_line' id='line_1_6' title="bbox 295 504 1955 584; baseline -0.004 -20"><span class='ocrx_word' id='word_1_24' title='bbox 295 508 387 564; x_wconf 83' lang='grc' dir='ltr'><strong><em>καὶ</em></strong></span> <span class='ocrx_word' id='word_1_25' title='bbox 418 504 738 580; x_wconf 70' lang='grc' dir='ltr'><strong><em>ἐνδύματος.</em></strong></span> <span class='ocrx_word' id='word_1_26' title='bbox 773 505 964 569; x_wconf 72' lang='grc' dir='ltr'>Οὕτως</span> <span class='ocrx_word' id='word_1_27' title='bbox 998 508 1026 562; x_wconf 84' lang='grc' dir='ltr'>ὁ</span> <span class='ocrx_word' id='word_1_28' title='bbox 1057 506 1215 584; x_wconf 80' lang='grc' dir='ltr'>ἅγιος</span> <span class='ocrx_word' id='word_1_29' title='bbox 1252 506 1546 575; x_wconf 86' lang='grc' dir='ltr'>Μεθόδιος,</span> <span class='ocrx_word' id='word_1_30' title='bbox 1597 506 1649 561; x_wconf 83' lang='lat' dir='ltr'><strong><em>iv</em></strong></span> <span class='ocrx_word' id='word_1_31' title='bbox 1694 511 1774 579; x_wconf 83' lang='grc' dir='ltr'>τῷ</span> <span class='ocrx_word' id='word_1_32' title='bbox 1826 505 1955 580; x_wconf 81' lang='grc' dir='ltr'>Περὶ</span> 
     </span>
    </p>
   </div>
   <div class='ocr_carea' id='block_1_7' title="bbox 303 594 1956 675">
    <p class='ocr_par' dir='ltr' id='par_1_7' title="bbox 303 594 1956 675">
     <span class='ocr_line' id='line_1_7' title="bbox 303 594 1956 675; baseline -0.002 -22"><span class='ocrx_word' id='word_1_33' title='bbox 303 597 643 659; x_wconf 75' lang='grc' dir='ltr'><strong><em>ἀναστάσεως</em></strong></span> <span class='ocrx_word' id='word_1_34' title='bbox 678 594 857 675; x_wconf 82' lang='grc' dir='ltr'>λόγῳ.</span> <span class='ocrx_word' id='word_1_35' title='bbox 917 629 987 641; x_wconf 89' lang='lat'><strong><em>--</em></strong></span> <span class='ocrx_word' id='word_1_36' title='bbox 1042 595 1245 652; x_wconf 80' lang='grc' dir='ltr'>Ἀλλο.</span> <span class='ocrx_word' id='word_1_37' title='bbox 1298 598 1569 674; x_wconf 84' lang='grc' dir='ltr'>Ἐπίγειον</span> <span class='ocrx_word' id='word_1_38' title='bbox 1628 596 1804 652; x_wconf 74' lang='grc' dir='ltr'>οἲκίαν</span> <span class='ocrx_word' id='word_1_39' title='bbox 1856 596 1956 664; x_wconf 72' lang='grc' dir='ltr'><strong><em>τὴν</em></strong></span> 
     </span>
    </p>
   </div>
   <div class='ocr_carea' id='block_1_8' title="bbox 305 682 1956 763">
    <p class='ocr_par' dir='ltr' id='par_1_8' title="bbox 305 682 1956 763">
     <span class='ocr_line' id='line_1_8' title="bbox 305 682 1956 763; baseline -0.002 -20"><span class='ocrx_word' id='word_1_40' title='bbox 305 689 443 743; x_wconf 86' lang='grc' dir='ltr'>κατὰ</span> <span class='ocrx_word' id='word_1_41' title='bbox 470 687 564 743; x_wconf 86' lang='grc' dir='ltr'><strong><em>τὸν</em></strong></span> <span class='ocrx_word' id='word_1_42' title='bbox 595 686 835 761; x_wconf 86' lang='grc' dir='ltr'>παρόντα</span> <span class='ocrx_word' id='word_1_43' title='bbox 891 686 1012 762; x_wconf 87' lang='grc' dir='ltr'>βίον</span> <span class='ocrx_word' id='word_1_44' title='bbox 1072 684 1223 763; x_wconf 73' lang='grc' dir='ltr'>λέγει</span> <span class='ocrx_word' id='word_1_45' title='bbox 1279 683 1581 763; x_wconf 72' lang='grc' dir='ltr'>διαγωγὴν,</span> <span class='ocrx_word' id='word_1_46' title='bbox 1651 693 1851 756; x_wconf 77' lang='grc' dir='ltr'>σκῆνος</span> <span class='ocrx_word' id='word_1_47' title='bbox 1897 682 1956 740; x_wconf 70' lang='grc' dir='ltr'><strong>δί</strong></span> 
     </span>
    </p>
   </div>
   <div class='ocr_carea' id='block_1_9' title="bbox 304 771 1954 852">
    <p class='ocr_par' dir='ltr' id='par_1_9' title="bbox 304 771 1954 852">
     <span class='ocr_line' id='line_1_9' title="bbox 304 771 1954 852; baseline -0.002 -18"><span class='ocrx_word' id='word_1_48' title='bbox 304 778 369 834; x_wconf 87' lang='grc' dir='ltr'>τὸ</span> <span class='ocrx_word' id='word_1_49' title='bbox 400 782 579 852; x_wconf 81' lang='grc' dir='ltr'>σῶμα.</span> <span class='ocrx_word' id='word_1_50' title='bbox 612 777 736 834; x_wconf 73' lang='grc' dir='ltr'>Ἐὰν</span> <span class='ocrx_word' id='word_1_51' title='bbox 783 776 958 832; x_wconf 88' lang='grc' dir='ltr'>τοίνυν</span> <span class='ocrx_word' id='word_1_52' title='bbox 1018 771 1162 851; x_wconf 75' lang='grc' dir='ltr'>λάϐῃ</span> <span class='ocrx_word' id='word_1_53' title='bbox 1211 773 1372 840; x_wconf 68' lang='grc' dir='ltr'>τέλος</span> <span class='ocrx_word' id='word_1_54' title='bbox 1424 778 1492 832; x_wconf 74' lang='grc' dir='ltr'>τὰ</span> <span class='ocrx_word' id='word_1_55' title='bbox 1536 777 1799 851; x_wconf 86' lang='grc' dir='ltr'>παρόντα,</span> <span class='ocrx_word' id='word_1_56' title='bbox 1856 777 1954 845; x_wconf 78' lang='grc' dir='ltr'><strong><em>τήν</em></strong></span> 
     </span>
    </p>
   </div>
   <div class='ocr_carea' id='block_1_10' title="bbox 304 862 1952 943">
    <p class='ocr_par' dir='ltr' id='par_1_10' title="bbox 304 862 1952 943">
     <span class='ocr_line' id='line_1_10' title="bbox 304 862 1952 943; baseline -0.002 -20"><span class='ocrx_word' id='word_1_57' title='bbox 304 866 730 943; x_wconf 68' lang='grc' dir='ltr'>ἀχειροποίητον</span> <span class='ocrx_word' id='word_1_58' title='bbox 762 862 965 942; x_wconf 76' lang='grc' dir='ltr'>ἔχομεν</span> <span class='ocrx_word' id='word_1_59' title='bbox 1014 865 1213 940; x_wconf 80' lang='grc' dir='ltr'>οῗκίαν,</span> <span class='ocrx_word' id='word_1_60' title='bbox 1270 869 1372 935; x_wconf 73' lang='grc' dir='ltr'>τὴν</span> <span class='ocrx_word' id='word_1_61' title='bbox 1433 866 1651 922; x_wconf 81' lang='grc' dir='ltr'>αἰὼνίον</span> <span class='ocrx_word' id='word_1_62' title='bbox 1708 864 1800 922; x_wconf 77' lang='grc' dir='ltr'>καὶ</span> <span class='ocrx_word' id='word_1_63' title='bbox 1857 863 1952 920; x_wconf 78' lang='grc' dir='ltr'>ού-</span> 
     </span>
    </p>
   </div>
   <div class='ocr_carea' id='block_1_11' title="bbox 305 954 1955 1033">
    <p class='ocr_par' dir='ltr' id='par_1_11' title="bbox 305 954 1955 1033">
     <span class='ocr_line' id='line_1_11' title="bbox 305 954 1955 1033; baseline -0.002 -21"><span class='ocrx_word' id='word_1_64' title='bbox 305 957 507 1033; x_wconf 87' lang='grc' dir='ltr'>ράνιον.</span> <span class='ocrx_word' id='word_1_65' title='bbox 538 990 610 1000; x_wconf 88' lang='grc'><strong><em>-</em></strong></span> <span class='ocrx_word' id='word_1_66' title='bbox 638 954 841 1014; x_wconf 82' lang='grc' dir='ltr'>Ἄλλο.</span> <span class='ocrx_word' id='word_1_67' title='bbox 878 956 1148 1031; x_wconf 85' lang='grc' dir='ltr'>Ἐπίγειον</span> <span class='ocrx_word' id='word_1_68' title='bbox 1181 956 1354 1011; x_wconf 85' lang='grc' dir='ltr'>οἰκίαν</span> <span class='ocrx_word' id='word_1_69' title='bbox 1387 958 1643 1027; x_wconf 76' lang='grc' dir='ltr'>σκήνους,</span> <span class='ocrx_word' id='word_1_70' title='bbox 1672 956 1734 1010; x_wconf 87' lang='grc' dir='ltr'>τὸ</span> <span class='ocrx_word' id='word_1_71' title='bbox 1793 958 1955 1027; x_wconf 80' lang='grc' dir='ltr'>σῶμα</span> 
     </span>
    </p>
   </div>
   <div class='ocr_carea' id='block_1_12' title="bbox 298 1042 1950 1121">
    <p class='ocr_par' dir='ltr' id='par_1_12' title="bbox 298 1042 1950 1121">
     <span class='ocr_line' id='line_1_12' title="bbox 298 1042 1950 1121; baseline -0.001 -20"><span class='ocrx_word' id='word_1_72' title='bbox 298 1042 480 1101; x_wconf 88' lang='grc' dir='ltr'>καλεῖ.</span> <span class='ocrx_word' id='word_1_73' title='bbox 512 1070 541 1099; x_wconf 88' lang='grc'><em>‹‹</em></span> <span class='ocrx_word' id='word_1_74' title='bbox 575 1042 892 1119; x_wconf 73' lang='grc' dir='ltr'>Οἰκοδομήν</span> <span class='ocrx_word' id='word_1_75' title='bbox 924 1043 983 1100; x_wconf 79' lang='grc' dir='ltr'>ἐκ</span> <span class='ocrx_word' id='word_1_76' title='bbox 1012 1049 1147 1101; x_wconf 88' lang='grc' dir='ltr'>Θεοῦ</span> <span class='ocrx_word' id='word_1_77' title='bbox 1175 1042 1396 1121; x_wconf 81' lang='grc' dir='ltr'>ἔχομεν.</span> <span class='ocrx_word' id='word_1_78' title='bbox 1432 1068 1461 1098; x_wconf 81' lang='grc'><strong>››</strong></span> <span class='ocrx_word' id='word_1_79' title='bbox 1499 1045 1632 1104; x_wconf 81' lang='grc' dir='ltr'>Οἶον</span> <span class='ocrx_word' id='word_1_80' title='bbox 1679 1046 1779 1116; x_wconf 76' lang='grc' dir='ltr'>τὴν</span> <span class='ocrx_word' id='word_1_81' title='bbox 1828 1044 1950 1099; x_wconf 89' lang='grc' dir='ltr'>ἀνα-</span> 
     </span>
    </p>
   </div>
   <div class='ocr_carea' id='block_1_13' title="bbox 302 1132 1948 1209">
    <p class='ocr_par' dir='ltr' id='par_1_13' title="bbox 302 1132 1948 1209">
     <span class='ocr_line' id='line_1_13' title="bbox 302 1132 1948 1209; baseline -0.001 -18"><span class='ocrx_word' id='word_1_82' title='bbox 302 1133 514 1207; x_wconf 83' lang='grc' dir='ltr'>νέωσιν,</span> <span class='ocrx_word' id='word_1_83' title='bbox 543 1136 643 1204; x_wconf 84' lang='grc' dir='ltr'><strong><em>τήν</em></strong></span> <span class='ocrx_word' id='word_1_84' title='bbox 672 1134 897 1209; x_wconf 77' lang='grc' dir='ltr'>ἔγερσιν.</span> <span class='ocrx_word' id='word_1_85' title='bbox 931 1160 961 1188; x_wconf 79' lang='grc' dir='ltr'>ι(</span> <span class='ocrx_word' id='word_1_86' title='bbox 1016 1138 1104 1192; x_wconf 88' lang='grc' dir='ltr'>Ἐν</span> <span class='ocrx_word' id='word_1_87' title='bbox 1162 1135 1279 1197; x_wconf 77' lang='grc' dir='ltr'>τοῖς</span> <span class='ocrx_word' id='word_1_88' title='bbox 1328 1134 1599 1209; x_wconf 80' lang='grc' dir='ltr'>οὐρανοῖς.</span> <span class='ocrx_word' id='word_1_89' title='bbox 1634 1157 1662 1186; x_wconf 84' lang='grc'><strong>›)</strong></span> <span class='ocrx_word' id='word_1_90' title='bbox 1714 1134 1847 1192; x_wconf 81' lang='grc' dir='ltr'>Οἷον</span> <span class='ocrx_word' id='word_1_91' title='bbox 1896 1132 1948 1189; x_wconf 98' lang='lat' dir='ltr'><strong><em>iv</em></strong></span> 
     </span>
    </p>
   </div>
   <div class='ocr_carea' id='block_1_14' title="bbox 298 1224 1952 1306">
    <p class='ocr_par' dir='ltr' id='par_1_14' title="bbox 298 1224 1952 1306">
     <span class='ocr_line' id='line_1_14' title="bbox 298 1224 1952 1306; baseline -0.001 -24"><span class='ocrx_word' id='word_1_92' title='bbox 298 1231 415 1288; x_wconf 90' lang='grc' dir='ltr'>τοῖς</span> <span class='ocrx_word' id='word_1_93' title='bbox 474 1225 726 1302; x_wconf 74' lang='grc' dir='ltr'>οὐρανοῖς</span> <span class='ocrx_word' id='word_1_94' title='bbox 780 1229 1296 1283; x_wconf 56' lang='grc' dir='ltr'>κατασκευασθεῖσαν</span> <span class='ocrx_word' id='word_1_95' title='bbox 1353 1224 1644 1306; x_wconf 77' lang='grc' dir='ltr'>ἄφθαρτον,</span> <span class='ocrx_word' id='word_1_96' title='bbox 1707 1224 1952 1281; x_wconf 83' lang='grc' dir='ltr'>τουτέστι</span> 
     </span>
    </p>
   </div>
   <div class='ocr_carea' id='block_1_15' title="bbox 299 1311 1949 1394">
    <p class='ocr_par' dir='ltr' id='par_1_15' title="bbox 299 1311 1949 1394">
     <span class='ocr_line' id='line_1_15' title="bbox 299 1311 1949 1394; baseline -0.001 -24"><span class='ocrx_word' id='word_1_97' title='bbox 299 1311 391 1370; x_wconf 78' lang='grc' dir='ltr'><strong><em>διὰ</em></strong></span> <span class='ocrx_word' id='word_1_98' title='bbox 418 1314 649 1394; x_wconf 87' lang='grc' dir='ltr'>χάριτος</span> <span class='ocrx_word' id='word_1_99' title='bbox 679 1313 954 1389; x_wconf 84' lang='grc' dir='ltr'>οὐρανίοῦ.</span> <span class='ocrx_word' id='word_1_100' title='bbox 987 1313 1089 1371; x_wconf 84' lang='grc' dir='ltr'>Καὶ</span> <span class='ocrx_word' id='word_1_101' title='bbox 1135 1315 1260 1389; x_wconf 79' lang='grc' dir='ltr'>γὰρ,</span> <span class='ocrx_word' id='word_1_102' title='bbox 1310 1314 1365 1370; x_wconf 89' lang='lat' dir='ltr'><strong><em>iv</em></strong></span> <span class='ocrx_word' id='word_1_103' title='bbox 1412 1314 1616 1387; x_wconf 82' lang='grc' dir='ltr'>τούτῳ,</span> <span class='ocrx_word' id='word_1_104' title='bbox 1665 1312 1782 1370; x_wconf 85' lang='grc' dir='ltr'>ἀντὶ</span> <span class='ocrx_word' id='word_1_105' title='bbox 1829 1317 1949 1380; x_wconf 90' lang='grc' dir='ltr'>τοῦ,</span> 
     </span>
    </p>
   </div>
   <div class='ocr_carea' id='block_1_16' title="bbox 302 1401 1949 1480">
    <p class='ocr_par' dir='ltr' id='par_1_16' title="bbox 302 1401 1949 1480">
     <span class='ocr_line' id='line_1_16' title="bbox 302 1401 1949 1480; baseline -0.001 -21"><span class='ocrx_word' id='word_1_106' title='bbox 302 1401 393 1459; x_wconf 74' lang='grc' dir='ltr'><strong><em>δια</em></strong></span> <span class='ocrx_word' id='word_1_107' title='bbox 437 1408 619 1462; x_wconf 90' lang='grc' dir='ltr'>τοῦτο.</span> <span class='ocrx_word' id='word_1_108' title='bbox 652 1434 678 1460; x_wconf 69' lang='grc' dir='ltr'><strong><em>α</em></strong></span> <span class='ocrx_word' id='word_1_109' title='bbox 716 1404 1077 1477; x_wconf 83' lang='grc' dir='ltr'>Στενάζομεν.</span> <span class='ocrx_word' id='word_1_110' title='bbox 1113 1426 1140 1455; x_wconf 83' lang='lat'><strong>»</strong></span> <span class='ocrx_word' id='word_1_111' title='bbox 1189 1403 1392 1477; x_wconf 80' lang='grc' dir='ltr'><strong><em>Ὑμεῖς,</em></strong></span> <span class='ocrx_word' id='word_1_112' title='bbox 1440 1403 1596 1480; x_wconf 79' lang='grc' dir='ltr'>φησὶ,</span> <span class='ocrx_word' id='word_1_113' title='bbox 1654 1401 1949 1475; x_wconf 81' lang='grc' dir='ltr'>στενάζετε,</span> 
     </span>
    </p>
   </div>
   <div class='ocr_carea' id='block_1_17' title="bbox 300 1491 1949 1571">
    <p class='ocr_par' dir='ltr' id='par_1_17' title="bbox 300 1491 1949 1571">
     <span class='ocr_line' id='line_1_17' title="bbox 300 1491 1949 1571; baseline -0.001 -22"><span class='ocrx_word' id='word_1_114' title='bbox 300 1494 376 1556; x_wconf 81' lang='grc' dir='ltr'>ὡς</span> <span class='ocrx_word' id='word_1_115' title='bbox 430 1493 596 1563; x_wconf 74' lang='grc' dir='ltr'>εἲκὸς,</span> <span class='ocrx_word' id='word_1_116' title='bbox 645 1492 1007 1571; x_wconf 67' lang='grc' dir='ltr'>φθειρομένου</span> <span class='ocrx_word' id='word_1_117' title='bbox 1055 1497 1153 1550; x_wconf 89' lang='grc' dir='ltr'><strong><em>τοῦ</em></strong></span> <span class='ocrx_word' id='word_1_118' title='bbox 1208 1495 1463 1569; x_wconf 83' lang='grc' dir='ltr'>σώματος</span> <span class='ocrx_word' id='word_1_119' title='bbox 1522 1494 1675 1567; x_wconf 81' lang='grc' dir='ltr'>ὑμῶν</span> <span class='ocrx_word' id='word_1_120' title='bbox 1733 1491 1786 1548; x_wconf 88' lang='lat' dir='ltr'><strong><em>iv</em></strong></span> <span class='ocrx_word' id='word_1_121' title='bbox 1831 1497 1949 1555; x_wconf 84' lang='grc' dir='ltr'>ταῖς</span> 
     </span>
    </p>
   </div>
   <div class='ocr_carea' id='block_1_18' title="bbox 302 1580 1951 1660">
    <p class='ocr_par' dir='ltr' id='par_1_18' title="bbox 302 1580 1951 1660">
     <span class='ocr_line' id='line_1_18' title="bbox 302 1580 1951 1660; baseline 0.001 -23"><span class='ocrx_word' id='word_1_122' title='bbox 302 1581 571 1657; x_wconf 79' lang='grc' dir='ltr'>θλίψεσιν.</span> <span class='ocrx_word' id='word_1_123' title='bbox 602 1584 795 1657; x_wconf 77' lang='grc' dir='ltr'>Ἡμεῖς</span> <span class='ocrx_word' id='word_1_124' title='bbox 856 1580 937 1655; x_wconf 74' lang='grc' dir='ltr'>δὲ,</span> <span class='ocrx_word' id='word_1_125' title='bbox 996 1584 1079 1645; x_wconf 77' lang='grc' dir='ltr'>οἶς</span> <span class='ocrx_word' id='word_1_126' title='bbox 1121 1582 1351 1660; x_wconf 74' lang='grc' dir='ltr'>ἐναργὴς</span> <span class='ocrx_word' id='word_1_127' title='bbox 1377 1586 1412 1653; x_wconf 75' lang='grc' dir='ltr'><strong>ἡ</strong></span> <span class='ocrx_word' id='word_1_128' title='bbox 1446 1584 1629 1647; x_wconf 79' lang='grc' dir='ltr'>πίστις</span> <span class='ocrx_word' id='word_1_129' title='bbox 1674 1590 1776 1653; x_wconf 82' lang='grc' dir='ltr'><strong><em>τῆς</em></strong></span> <span class='ocrx_word' id='word_1_130' title='bbox 1820 1581 1951 1638; x_wconf 84' lang='grc' dir='ltr'>ἀνα-</span> 
     </span>
    </p>
   </div>
   <div class='ocr_carea' id='block_1_19' title="bbox 300 1670 1949 1751">
    <p class='ocr_par' dir='ltr' id='par_1_19' title="bbox 300 1670 1949 1751">
     <span class='ocr_line' id='line_1_19' title="bbox 300 1670 1949 1751; baseline 0.001 -24"><span class='ocrx_word' id='word_1_131' title='bbox 300 1671 560 1740; x_wconf 89' lang='grc' dir='ltr'>στάσεως,</span> <span class='ocrx_word' id='word_1_132' title='bbox 615 1670 936 1745; x_wconf 72' lang='grc' dir='ltr'>στενάζομεν</span> <span class='ocrx_word' id='word_1_133' title='bbox 993 1673 1078 1727; x_wconf 81' lang='grc' dir='ltr'><strong><em>δτι</em></strong></span> <span class='ocrx_word' id='word_1_134' title='bbox 1139 1675 1215 1746; x_wconf 78' lang='grc' dir='ltr'>μὴ</span> <span class='ocrx_word' id='word_1_135' title='bbox 1305 1670 1588 1734; x_wconf 80' lang='grc' dir='ltr'>παντελῶς</span> <span class='ocrx_word' id='word_1_136' title='bbox 1653 1671 1949 1751; x_wconf 77' lang='grc' dir='ltr'>φθείρεται.</span> 
     </span>
    </p>
   </div>
   <div class='ocr_carea' id='block_1_20' title="bbox 302 1759 2026 1860">
    <p class='ocr_par' dir='ltr' id='par_1_20' title="bbox 302 1759 2026 1860">
     <span class='ocr_line' id='line_1_20' title="bbox 302 1759 2026 1860; baseline -0.002 -42"><span class='ocrx_word' id='word_1_137' title='bbox 302 1761 472 1822; x_wconf 85' lang='grc' dir='ltr'>Διατί.</span> <span class='ocrx_word' id='word_1_138' title='bbox 532 1764 656 1819; x_wconf 82' lang='grc' dir='ltr'>Ὀτι</span> <span class='ocrx_word' id='word_1_139' title='bbox 713 1761 1078 1834; x_wconf 81' lang='grc' dir='ltr'>ἐπιποθοῦμεν</span> <span class='ocrx_word' id='word_1_140' title='bbox 1128 1762 1191 1816; x_wconf 88' lang='grc' dir='ltr'>τὸ</span> <span class='ocrx_word' id='word_1_141' title='bbox 1249 1759 1516 1840; x_wconf 77' lang='grc' dir='ltr'>ἄφθαρτον</span> <span class='ocrx_word' id='word_1_142' title='bbox 1568 1763 1729 1835; x_wconf 77' lang='grc' dir='ltr'>ἡμῶν</span> <span class='ocrx_word' id='word_1_143' title='bbox 1791 1766 2026 1860; x_wconf 78' lang='grc' dir='ltr'>σῶμαΒ</span> 
     </span>
    </p>
   </div>
   <div class='ocr_carea' id='block_1_21' title="bbox 296 1848 1950 1922">
    <p class='ocr_par' dir='ltr' id='par_1_21' title="bbox 296 1848 1950 1922">
     <span class='ocr_line' id='line_1_21' title="bbox 296 1848 1950 1922; baseline -0.001 -16"><span class='ocrx_word' id='word_1_144' title='bbox 296 1848 707 1909; x_wconf 75' lang='grc' dir='ltr'>ἐπενδύσασθαι.</span> <span class='ocrx_word' id='word_1_145' title='bbox 740 1850 931 1914; x_wconf 80' lang='grc' dir='ltr'>Καλῶς</span> <span class='ocrx_word' id='word_1_146' title='bbox 992 1850 1051 1907; x_wconf 62' lang='grc' dir='ltr'>δὲ</span> <span class='ocrx_word' id='word_1_147' title='bbox 1103 1852 1189 1922; x_wconf 87' lang='grc' dir='ltr'>τὸ,</span> <span class='ocrx_word' id='word_1_148' title='bbox 1250 1876 1277 1903; x_wconf 77' lang='grc' dir='ltr'><strong><em>κ</em></strong></span> <span class='ocrx_word' id='word_1_149' title='bbox 1313 1848 1751 1917; x_wconf 83' lang='grc' dir='ltr'>Ἐπενδύσασθαι.</span> <span class='ocrx_word' id='word_1_150' title='bbox 1785 1874 1813 1904; x_wconf 79' lang='lat'><strong>»</strong></span> <span class='ocrx_word' id='word_1_151' title='bbox 1869 1851 1950 1908; x_wconf 87' lang='grc' dir='ltr'>Τό</span> 
     </span>
    </p>
   </div>
   <div class='ocr_carea' id='block_1_22' title="bbox 297 1936 1944 2016">
    <p class='ocr_par' dir='ltr' id='par_1_22' title="bbox 297 1936 1944 2016">
     <span class='ocr_line' id='line_1_22' title="bbox 297 1936 1944 2016; baseline 0.001 -23"><span class='ocrx_word' id='word_1_152' title='bbox 297 1939 398 2016; x_wconf 73' lang='grc' dir='ltr'><strong><em>γὰρ</em></strong></span> <span class='ocrx_word' id='word_1_153' title='bbox 426 1939 621 2009; x_wconf 83' lang='grc' dir='ltr'>θνητὸν</span> <span class='ocrx_word' id='word_1_154' title='bbox 670 1943 832 1995; x_wconf 90' lang='grc' dir='ltr'>τοῦτο</span> <span class='ocrx_word' id='word_1_155' title='bbox 890 1943 1049 2012; x_wconf 83' lang='grc' dir='ltr'>σῶμα</span> <span class='ocrx_word' id='word_1_156' title='bbox 1105 1936 1415 1994; x_wconf 75' lang='grc' dir='ltr'>ἐπενδύεται</span> <span class='ocrx_word' id='word_1_157' title='bbox 1470 1939 1569 2007; x_wconf 83' lang='grc' dir='ltr'><strong><em>τήν</em></strong></span> <span class='ocrx_word' id='word_1_158' title='bbox 1629 1936 1944 2015; x_wconf 89' lang='grc' dir='ltr'>ἀφθαρσίαν.</span> 
     </span>
    </p>
   </div>
   <div class='ocr_carea' id='block_1_23' title="bbox 299 2018 1951 2102">
    <p class='ocr_par' dir='ltr' id='par_1_23' title="bbox 299 2018 1951 2102">
     <span class='ocr_line' id='line_1_23' title="bbox 299 2018 1951 2102; baseline -0.002 -17"><span class='ocrx_word' id='word_1_159' title='bbox 299 2051 327 2081; x_wconf 74' lang='grc' dir='ltr'><strong><em>ιι</em></strong></span> <span class='ocrx_word' id='word_1_160' title='bbox 358 2029 436 2085; x_wconf 86' lang='grc' dir='ltr'>Τὸ</span> <span class='ocrx_word' id='word_1_161' title='bbox 457 2027 778 2102; x_wconf 70' lang='grc' dir='ltr'>οἰκητήριον</span> <span class='ocrx_word' id='word_1_162' title='bbox 801 2029 985 2101; x_wconf 80' lang='grc' dir='ltr'>ἡμῶν.</span> <span class='ocrx_word' id='word_1_163' title='bbox 1012 2052 1039 2080; x_wconf 86' lang='grc'><strong>››</strong></span> <span class='ocrx_word' id='word_1_164' title='bbox 1068 2026 1184 2084; x_wconf 83' lang='grc' dir='ltr'><strong><em>Ούκ</em></strong></span> <span class='ocrx_word' id='word_1_165' title='bbox 1211 2018 1350 2098; x_wconf 76' lang='grc' dir='ltr'>εἶπε,</span> <span class='ocrx_word' id='word_1_166' title='bbox 1375 2035 1607 2099; x_wconf 79' lang='grc' dir='ltr'>Σκῆνος,</span> <span class='ocrx_word' id='word_1_167' title='bbox 1628 2027 1778 2095; x_wconf 84' lang='grc' dir='ltr'>ἀλλ’,</span> <span class='ocrx_word' id='word_1_168' title='bbox 1808 2052 1835 2081; x_wconf 88' lang='grc'><strong><em>‹‹</em></strong></span> <span class='ocrx_word' id='word_1_169' title='bbox 1860 2028 1951 2086; x_wconf 75' lang='grc' dir='ltr'><strong><em>Οἱ-</em></strong></span> 
     </span>
    </p>
   </div>
   <div class='ocr_carea' id='block_1_24' title="bbox 299 2116 1947 2197">
    <p class='ocr_par' dir='ltr' id='par_1_24' title="bbox 299 2116 1947 2197">
     <span class='ocr_line' id='line_1_24' title="bbox 299 2116 1947 2197; baseline 0.002 -26"><span class='ocrx_word' id='word_1_170' title='bbox 299 2118 589 2192; x_wconf 81' lang='grc' dir='ltr'>κητήριον,</span> <span class='ocrx_word' id='word_1_171' title='bbox 621 2141 650 2170; x_wconf 92' lang='grc'><strong>››</strong></span> <span class='ocrx_word' id='word_1_172' title='bbox 679 2120 777 2188; x_wconf 73' lang='grc' dir='ltr'>τὴν</span> <span class='ocrx_word' id='word_1_173' title='bbox 807 2117 884 2179; x_wconf 80' lang='grc' dir='ltr'>εἷς</span> <span class='ocrx_word' id='word_1_174' title='bbox 932 2117 1063 2173; x_wconf 83' lang='grc' dir='ltr'><strong><em>αύτὸ</em></strong></span> <span class='ocrx_word' id='word_1_175' title='bbox 1099 2116 1318 2197; x_wconf 83' lang='grc' dir='ltr'>ἀσφαλῆ</span> <span class='ocrx_word' id='word_1_176' title='bbox 1373 2119 1544 2191; x_wconf 80' lang='grc' dir='ltr'>μονὴν</span> <span class='ocrx_word' id='word_1_177' title='bbox 1592 2117 1681 2173; x_wconf 83' lang='grc' dir='ltr'><strong><em>καὶ</em></strong></span> <span class='ocrx_word' id='word_1_178' title='bbox 1732 2117 1947 2189; x_wconf 72' lang='grc' dir='ltr'>οἴκησιν</span> 
     </span>
    </p>
   </div>
   <div class='ocr_carea' id='block_1_25' title="bbox 302 2203 1947 2283">
    <p class='ocr_par' dir='ltr' id='par_1_25' title="bbox 302 2203 1947 2283">
     <span class='ocr_line' id='line_1_25' title="bbox 302 2203 1947 2283; baseline 0.002 -23"><span class='ocrx_word' id='word_1_179' title='bbox 302 2203 512 2277; x_wconf 83' lang='grc' dir='ltr'>δηλῶν.</span> <span class='ocrx_word' id='word_1_180' title='bbox 546 2239 608 2248; x_wconf 91' lang='lat'><strong>—</strong></span> <span class='ocrx_word' id='word_1_181' title='bbox 640 2205 841 2265; x_wconf 70' lang='grc' dir='ltr'>Άλλο.</span> <span class='ocrx_word' id='word_1_182' title='bbox 875 2210 1202 2282; x_wconf 75' lang='grc' dir='ltr'><strong><em>[ΘΕΟΔΩΡ.]</em></strong></span> <span class='ocrx_word' id='word_1_183' title='bbox 1233 2208 1567 2283; x_wconf 74' lang='grc' dir='ltr'>Οἷκητήριον</span> <span class='ocrx_word' id='word_1_184' title='bbox 1596 2207 1818 2265; x_wconf 82' lang='grc' dir='ltr'>ἐνταῦθα</span> <span class='ocrx_word' id='word_1_185' title='bbox 1846 2211 1947 2279; x_wconf 79' lang='grc' dir='ltr'><strong><em>τήν</em></strong></span> 
     </span>
    </p>
   </div>
   <div class='ocr_carea' id='block_1_26' title="bbox 299 2295 1946 2374">
    <p class='ocr_par' dir='ltr' id='par_1_26' title="bbox 299 2295 1946 2374">
     <span class='ocr_line' id='line_1_26' title="bbox 299 2295 1946 2374; baseline 0.002 -24"><span class='ocrx_word' id='word_1_186' title='bbox 299 2295 597 2374; x_wconf 83' lang='grc' dir='ltr'>ἀφθαρσίαν</span> <span class='ocrx_word' id='word_1_187' title='bbox 630 2295 900 2354; x_wconf 76' lang='grc' dir='ltr'>ἐκάλεσεν.</span> <span class='ocrx_word' id='word_1_188' title='bbox 936 2298 1047 2353; x_wconf 83' lang='grc' dir='ltr'><strong><em>Ούκ</em></strong></span> <span class='ocrx_word' id='word_1_189' title='bbox 1069 2298 1193 2353; x_wconf 83' lang='grc' dir='ltr'>εἶπε</span> <span class='ocrx_word' id='word_1_190' title='bbox 1241 2295 1321 2367; x_wconf 74' lang='grc' dir='ltr'>δὲ,</span> <span class='ocrx_word' id='word_1_191' title='bbox 1366 2295 1746 2368; x_wconf 78' lang='grc' dir='ltr'>Ἐνδύσασθαι,</span> <span class='ocrx_word' id='word_1_192' title='bbox 1795 2296 1946 2371; x_wconf 83' lang='grc' dir='ltr'>ἀλλ’,</span> 
     </span>
    </p>
   </div>
   <div class='ocr_carea' id='block_1_27' title="bbox 301 2384 1945 2464">
    <p class='ocr_par' dir='ltr' id='par_1_27' title="bbox 301 2384 1945 2464">
     <span class='ocr_line' id='line_1_27' title="bbox 301 2384 1945 2464; baseline 0.004 -27"><span class='ocrx_word' id='word_1_193' title='bbox 301 2410 329 2438; x_wconf 76' lang='grc' dir='ltr'><strong><em>α</em></strong></span> <span class='ocrx_word' id='word_1_194' title='bbox 365 2384 804 2451; x_wconf 71' lang='grc' dir='ltr'>Ἐπειδύσασθαι.</span> <span class='ocrx_word' id='word_1_195' title='bbox 840 2410 869 2440; x_wconf 82' lang='grc'><strong>››</strong></span> <span class='ocrx_word' id='word_1_196' title='bbox 898 2386 1050 2445; x_wconf 81' lang='grc' dir='ltr'>Ἐπεὶ</span> <span class='ocrx_word' id='word_1_197' title='bbox 1082 2387 1192 2462; x_wconf 79' lang='grc' dir='ltr'><strong><em>οὐχ</em></strong></span> <span class='ocrx_word' id='word_1_198' title='bbox 1216 2384 1396 2463; x_wconf 76' lang='grc' dir='ltr'>ἓτερον</span> <span class='ocrx_word' id='word_1_199' title='bbox 1426 2386 1727 2464; x_wconf 78' lang='grc' dir='ltr'>ἐνδυόμεθα</span> <span class='ocrx_word' id='word_1_200' title='bbox 1763 2394 1945 2463; x_wconf 82' lang='grc' dir='ltr'>σῶμα,</span> 
     </span>
    </p>
   </div>
   <div class='ocr_carea' id='block_1_28' title="bbox 301 2475 1947 2559">
    <p class='ocr_par' dir='ltr' id='par_1_28' title="bbox 301 2475 1947 2559">
     <span class='ocr_line' id='line_1_28' title="bbox 301 2475 1947 2559; baseline 0.002 -27"><span class='ocrx_word' id='word_1_201' title='bbox 301 2475 447 2533; x_wconf 87' lang='grc' dir='ltr'><strong><em>ἀλλά</em></strong></span> <span class='ocrx_word' id='word_1_202' title='bbox 473 2478 536 2533; x_wconf 88' lang='grc' dir='ltr'>τὸ</span> <span class='ocrx_word' id='word_1_203' title='bbox 581 2479 816 2553; x_wconf 83' lang='grc' dir='ltr'>φθαρτὸν</span> <span class='ocrx_word' id='word_1_204' title='bbox 868 2483 1053 2549; x_wconf 91' lang='grc' dir='ltr'>τοῦτο,</span> <span class='ocrx_word' id='word_1_205' title='bbox 1108 2480 1211 2549; x_wconf 83' lang='grc' dir='ltr'><strong><em>τήν</em></strong></span> <span class='ocrx_word' id='word_1_206' title='bbox 1267 2480 1560 2559; x_wconf 75' lang='grc' dir='ltr'>ἀφθαρσίαν</span> <span class='ocrx_word' id='word_1_207' title='bbox 1616 2478 1947 2542; x_wconf 76' lang='grc' dir='ltr'>ἐπενδύεται.</span> 
     </span>
    </p>
   </div>
   <div class='ocr_carea' id='block_1_29' title="bbox 296 2565 1946 2645">
    <p class='ocr_par' dir='ltr' id='par_1_29' title="bbox 296 2565 1946 2645">
     <span class='ocr_line' id='line_1_29' title="bbox 296 2565 1946 2645; baseline 0.005 -27"><span class='ocrx_word' id='word_1_208' title='bbox 296 2589 326 2619; x_wconf 87' lang='grc'><strong>‹‹</strong></span> <span class='ocrx_word' id='word_1_209' title='bbox 358 2567 436 2625; x_wconf 88' lang='grc' dir='ltr'><strong><em>Τὸ</em></strong></span> <span class='ocrx_word' id='word_1_210' title='bbox 463 2567 519 2638; x_wconf 78' lang='grc' dir='ltr'><strong><em>ἐξ</em></strong></span> <span class='ocrx_word' id='word_1_211' title='bbox 550 2568 809 2642; x_wconf 82' lang='grc' dir='ltr'>ούρανοῦ.</span> <span class='ocrx_word' id='word_1_212' title='bbox 845 2594 868 2622; x_wconf 73' lang='grc' dir='ltr'><strong><em>ε</em></strong></span> <span class='ocrx_word' id='word_1_213' title='bbox 904 2568 1020 2639; x_wconf 76' lang='grc' dir='ltr'><strong><em>Ούκ</em></strong></span> <span class='ocrx_word' id='word_1_214' title='bbox 1067 2565 1256 2638; x_wconf 71' lang='grc' dir='ltr'>ἐπειδή</span> <span class='ocrx_word' id='word_1_215' title='bbox 1306 2570 1356 2643; x_wconf 71' lang='grc' dir='ltr'><strong><em>ἐξ</em></strong></span> <span class='ocrx_word' id='word_1_216' title='bbox 1407 2569 1655 2645; x_wconf 81' lang='grc' dir='ltr'>ούρανοῦ,</span> <span class='ocrx_word' id='word_1_217' title='bbox 1683 2572 1946 2643; x_wconf 80' lang='grc' dir='ltr'>κάτεισιν,</span> 
     </span>
    </p>
   </div>
   <div class='ocr_carea' id='block_1_30' title="bbox 303 2653 1943 2736">
    <p class='ocr_par' dir='ltr' id='par_1_30' title="bbox 303 2653 1943 2736">
     <span class='ocr_line' id='line_1_30' title="bbox 303 2653 1943 2736; baseline 0.003 -26"><span class='ocrx_word' id='word_1_218' title='bbox 303 2653 430 2711; x_wconf 84' lang='grc' dir='ltr'>ἀλλ’</span> <span class='ocrx_word' id='word_1_219' title='bbox 486 2653 674 2726; x_wconf 78' lang='grc' dir='ltr'>ἐπειδή</span> <span class='ocrx_word' id='word_1_220' title='bbox 734 2657 794 2713; x_wconf 76' lang='grc' dir='ltr'>ἐκ</span> <span class='ocrx_word' id='word_1_221' title='bbox 849 2661 982 2714; x_wconf 83' lang='grc' dir='ltr'>Θεοῦ</span> <span class='ocrx_word' id='word_1_222' title='bbox 1034 2658 1136 2727; x_wconf 80' lang='grc' dir='ltr'><strong><em>τὴν</em></strong></span> <span class='ocrx_word' id='word_1_223' title='bbox 1188 2657 1480 2736; x_wconf 78' lang='grc' dir='ltr'>ἀφθαρσίαν</span> <span class='ocrx_word' id='word_1_224' title='bbox 1568 2655 1856 2733; x_wconf 78' lang='grc' dir='ltr'>λαμϐάνει.</span> <span class='ocrx_word' id='word_1_225' title='bbox 1916 2683 1943 2715; x_wconf 69' lang='grc' dir='ltr'>ι</span> 
     </span>
    </p>
   </div>
   <div class='ocr_carea' id='block_1_31' title="bbox 302 2742 1946 2824">
    <p class='ocr_par' dir='ltr' id='par_1_31' title="bbox 302 2742 1946 2824">
     <span class='ocr_line' id='line_1_31' title="bbox 302 2742 1946 2824; baseline 0.001 -22"><span class='ocrx_word' id='word_1_226' title='bbox 302 2742 427 2821; x_wconf 75' lang='grc' dir='ltr'>Εἴγε</span> <span class='ocrx_word' id='word_1_227' title='bbox 456 2745 546 2801; x_wconf 83' lang='grc' dir='ltr'><strong><em>καὶ</em></strong></span> <span class='ocrx_word' id='word_1_228' title='bbox 577 2744 922 2821; x_wconf 72' lang='grc' dir='ltr'>ἐνδυσάμενοι</span> <span class='ocrx_word' id='word_1_229' title='bbox 964 2746 1026 2802; x_wconf 82' lang='grc' dir='ltr'><strong><em>ού</em></strong></span> <span class='ocrx_word' id='word_1_230' title='bbox 1083 2747 1284 2824; x_wconf 81' lang='grc' dir='ltr'>γυμνοὶ</span> <span class='ocrx_word' id='word_1_231' title='bbox 1340 2747 1763 2823; x_wconf 79' lang='grc' dir='ltr'>εὑρεθησόμεθα.</span> <span class='ocrx_word' id='word_1_232' title='bbox 1816 2774 1846 2804; x_wconf 80' lang='lat'><strong>»</strong></span> <span class='ocrx_word' id='word_1_233' title='bbox 1882 2782 1946 2794; x_wconf 90' lang='lat'><strong>-</strong></span> 
     </span>
    </p>
   </div>
   <div class='ocr_carea' id='block_1_32' title="bbox 302 2834 1946 2913">
    <p class='ocr_par' dir='ltr' id='par_1_32' title="bbox 302 2834 1946 2913">
     <span class='ocr_line' id='line_1_32' title="bbox 302 2834 1946 2913; baseline 0.003 -24"><span class='ocrx_word' id='word_1_234' title='bbox 302 2836 540 2908; x_wconf 57' lang='grc' dir='ltr'><strong><em>[ΙΩΑΝ]</em></strong></span> <span class='ocrx_word' id='word_1_235' title='bbox 598 2836 859 2893; x_wconf 77' lang='grc' dir='ltr'>Τουτὲστι</span> <span class='ocrx_word' id='word_1_236' title='bbox 940 2834 1035 2892; x_wconf 76' lang='grc' dir='ltr'><strong><em>κᾶν</em></strong></span> <span class='ocrx_word' id='word_1_237' title='bbox 1118 2836 1450 2911; x_wconf 82' lang='grc' dir='ltr'>ἀποθώμεθα</span> <span class='ocrx_word' id='word_1_238' title='bbox 1510 2839 1575 2893; x_wconf 84' lang='grc' dir='ltr'>τὸ</span> <span class='ocrx_word' id='word_1_239' title='bbox 1642 2843 1823 2913; x_wconf 79' lang='grc' dir='ltr'>σῶμα,</span> <span class='ocrx_word' id='word_1_240' title='bbox 1884 2837 1946 2894; x_wconf 80' lang='grc' dir='ltr'><strong><em>οῦ</em></strong></span> 
     </span>
    </p>
   </div>
   <div class='ocr_carea' id='block_1_33' title="bbox 304 2924 1948 3002">
    <p class='ocr_par' dir='ltr' id='par_1_33' title="bbox 304 2924 1948 3002">
     <span class='ocr_line' id='line_1_33' title="bbox 304 2924 1948 3002; baseline 0.002 -23"><span class='ocrx_word' id='word_1_241' title='bbox 304 2924 482 3000; x_wconf 74' lang='grc' dir='ltr'>χωρὶς</span> <span class='ocrx_word' id='word_1_242' title='bbox 513 2926 767 3000; x_wconf 80' lang='grc' dir='ltr'>σώματος</span> <span class='ocrx_word' id='word_1_243' title='bbox 798 2924 910 2982; x_wconf 76' lang='grc' dir='ltr'>ἐκεῖ</span> <span class='ocrx_word' id='word_1_244' title='bbox 938 2927 1420 3002; x_wconf 81' lang='grc' dir='ltr'>παραστησόμεθα,</span> <span class='ocrx_word' id='word_1_245' title='bbox 1464 2926 1610 2984; x_wconf 85' lang='grc' dir='ltr'><strong><em>ἀλλά</em></strong></span> <span class='ocrx_word' id='word_1_246' title='bbox 1643 2930 1757 3001; x_wconf 82' lang='grc' dir='ltr'>μετ’</span> <span class='ocrx_word' id='word_1_247' title='bbox 1786 2928 1948 2985; x_wconf 79' lang='grc' dir='ltr'>αὐτοῦ</span> 
     </span>
    </p>
   </div>
   <div class='ocr_carea' id='block_1_34' title="bbox 301 3014 1949 3097">
    <p class='ocr_par' dir='ltr' id='par_1_34' title="bbox 301 3014 1949 3097">
     <span class='ocr_line' id='line_1_34' title="bbox 301 3014 1949 3097; baseline 0.001 -27"><span class='ocrx_word' id='word_1_248' title='bbox 301 3014 581 3093; x_wconf 75' lang='grc' dir='ltr'>ἀφθάρτου</span> <span class='ocrx_word' id='word_1_249' title='bbox 638 3017 956 3092; x_wconf 74' lang='grc' dir='ltr'>γενομένου.</span> <span class='ocrx_word' id='word_1_250' title='bbox 1049 3017 1199 3080; x_wconf 74' lang='grc' dir='ltr'>Τινὲς</span> <span class='ocrx_word' id='word_1_251' title='bbox 1279 3015 1337 3073; x_wconf 76' lang='grc' dir='ltr'>δὲ</span> <span class='ocrx_word' id='word_1_252' title='bbox 1392 3037 1574 3097; x_wconf 87' lang='grc' dir='ltr'>φασιν,</span> <span class='ocrx_word' id='word_1_253' title='bbox 1630 3015 1802 3093; x_wconf 71' lang='grc' dir='ltr'>Ε’ίπερ</span> <span class='ocrx_word' id='word_1_254' title='bbox 1857 3016 1949 3073; x_wconf 87' lang='grc' dir='ltr'><strong><em>καὶ</em></strong></span> 
     </span>
    </p>
   </div>
   <div class='ocr_carea' id='block_1_35' title="bbox 300 3101 1949 3183">
    <p class='ocr_par' dir='ltr' id='par_1_35' title="bbox 300 3101 1949 3183">
     <span class='ocr_line' id='line_1_35' title="bbox 300 3101 1949 3183; baseline 0.001 -24"><span class='ocrx_word' id='word_1_255' title='bbox 300 3101 744 3179; x_wconf 77' lang='grc' dir='ltr'>ἐπενδυσάμενοι,</span> <span class='ocrx_word' id='word_1_256' title='bbox 801 3104 865 3160; x_wconf 78' lang='grc' dir='ltr'><strong><em>οὐ</em></strong></span> <span class='ocrx_word' id='word_1_257' title='bbox 919 3105 1117 3182; x_wconf 84' lang='grc' dir='ltr'>γυμνοί</span> <span class='ocrx_word' id='word_1_258' title='bbox 1210 3107 1636 3182; x_wconf 75' lang='grc' dir='ltr'>εὑρεθησόμεθα.</span> <span class='ocrx_word' id='word_1_259' title='bbox 1693 3111 1804 3164; x_wconf 79' lang='grc' dir='ltr'>*Ινα</span> <span class='ocrx_word' id='word_1_260' title='bbox 1846 3107 1949 3183; x_wconf 80' lang='grc' dir='ltr'>γὰρ</span> 
     </span>
    </p>
   </div>
   <div class='ocr_carea' id='block_1_36' title="bbox 306 3194 1946 3273">
    <p class='ocr_par' dir='ltr' id='par_1_36' title="bbox 306 3194 1946 3273">
     <span class='ocr_line' id='line_1_36' title="bbox 306 3194 1946 3273; baseline 0.001 -24"><span class='ocrx_word' id='word_1_261' title='bbox 306 3195 382 3268; x_wconf 76' lang='grc' dir='ltr'>μὴ</span> <span class='ocrx_word' id='word_1_262' title='bbox 443 3194 548 3249; x_wconf 89' lang='grc' dir='ltr'>ἀπὸ</span> <span class='ocrx_word' id='word_1_263' title='bbox 602 3202 705 3265; x_wconf 81' lang='grc' dir='ltr'><strong><em>τῆς</em></strong></span> <span class='ocrx_word' id='word_1_264' title='bbox 759 3194 1098 3259; x_wconf 80' lang='grc' dir='ltr'>ἀναστάσεως</span> <span class='ocrx_word' id='word_1_265' title='bbox 1150 3196 1347 3259; x_wconf 88' lang='grc' dir='ltr'>πάντες</span> <span class='ocrx_word' id='word_1_266' title='bbox 1432 3194 1695 3273; x_wconf 77' lang='grc' dir='ltr'>θαρῥῶσι,</span> <span class='ocrx_word' id='word_1_267' title='bbox 1758 3197 1946 3273; x_wconf 78' lang='grc' dir='ltr'>φησὶν,</span> 
     </span>
    </p>
   </div>
   <div class='ocr_carea' id='block_1_37' title="bbox 305 3281 1950 3364">
    <p class='ocr_par' dir='ltr' id='par_1_37' title="bbox 305 3281 1950 3364">
     <span class='ocr_line' id='line_1_37' title="bbox 305 3281 1950 3364; baseline 0.002 -28"><span class='ocrx_word' id='word_1_268' title='bbox 305 3308 333 3336; x_wconf 79' lang='grc' dir='ltr'><strong><em>α</em></strong></span> <span class='ocrx_word' id='word_1_269' title='bbox 366 3281 494 3359; x_wconf 71' lang='grc' dir='ltr'>Εἴγε</span> <span class='ocrx_word' id='word_1_270' title='bbox 538 3283 629 3340; x_wconf 82' lang='grc' dir='ltr'><strong><em>καὶ</em></strong></span> <span class='ocrx_word' id='word_1_271' title='bbox 688 3281 1057 3359; x_wconf 77' lang='grc' dir='ltr'>ἐνδυσάμενοι,</span> <span class='ocrx_word' id='word_1_272' title='bbox 1090 3308 1121 3337; x_wconf 87' lang='grc'><strong>››</strong></span> <span class='ocrx_word' id='word_1_273' title='bbox 1176 3285 1472 3355; x_wconf 81' lang='grc' dir='ltr'>τουτέστιν,</span> <span class='ocrx_word' id='word_1_274' title='bbox 1521 3286 1818 3364; x_wconf 78' lang='grc' dir='ltr'>ἀφθαρσίαν</span> <span class='ocrx_word' id='word_1_275' title='bbox 1858 3286 1950 3341; x_wconf 83' lang='grc' dir='ltr'><strong><em>καὶ</em></strong></span> 
     </span>
    </p>
   </div>
   <div class='ocr_carea' id='block_1_38' title="bbox 302 3368 1948 3451">
    <p class='ocr_par' dir='ltr' id='par_1_38' title="bbox 302 3368 1948 3451">
     <span class='ocr_line' id='line_1_38' title="bbox 302 3368 1948 3451; baseline 0 -24"><span class='ocrx_word' id='word_1_276' title='bbox 302 3377 461 3446; x_wconf 86' lang='grc' dir='ltr'>σῶμα</span> <span class='ocrx_word' id='word_1_277' title='bbox 486 3371 755 3449; x_wconf 78' lang='grc' dir='ltr'>ἄφθαρτον</span> <span class='ocrx_word' id='word_1_278' title='bbox 783 3368 1065 3445; x_wconf 77' lang='grc' dir='ltr'>λαϐόντες,</span> <span class='ocrx_word' id='word_1_279' title='bbox 1098 3399 1128 3427; x_wconf 88' lang='grc'><strong>‹‹</strong></span> <span class='ocrx_word' id='word_1_280' title='bbox 1161 3375 1226 3431; x_wconf 85' lang='grc' dir='ltr'><strong><em>ού</em></strong></span> <span class='ocrx_word' id='word_1_281' title='bbox 1255 3375 1456 3451; x_wconf 87' lang='grc' dir='ltr'>γυμνοὶ</span> <span class='ocrx_word' id='word_1_282' title='bbox 1486 3373 1890 3449; x_wconf 83' lang='grc' dir='ltr'>εύρεθησόμεθα</span> <span class='ocrx_word' id='word_1_283' title='bbox 1919 3396 1948 3426; x_wconf 82' lang='grc'><strong>››</strong></span> 
     </span>
    </p>
   </div>
   <div class='ocr_carea' id='block_1_39' title="bbox 302 3460 1952 3541">
    <p class='ocr_par' dir='ltr' id='par_1_39' title="bbox 302 3460 1952 3541">
     <span class='ocr_line' id='line_1_39' title="bbox 302 3460 1952 3541; baseline 0 -23"><span class='ocrx_word' id='word_1_284' title='bbox 302 3461 485 3532; x_wconf 81' lang='grc' dir='ltr'>δόξης.</span> <span class='ocrx_word' id='word_1_285' title='bbox 545 3464 606 3518; x_wconf 86' lang='grc' dir='ltr'><strong>Ἡ</strong></span> <span class='ocrx_word' id='word_1_286' title='bbox 670 3462 766 3536; x_wconf 75' lang='grc' dir='ltr'>μὲν</span> <span class='ocrx_word' id='word_1_287' title='bbox 823 3464 928 3541; x_wconf 75' lang='grc' dir='ltr'><strong><em>γὰρ</em></strong></span> <span class='ocrx_word' id='word_1_288' title='bbox 992 3465 1276 3527; x_wconf 87' lang='grc' dir='ltr'>ἀνάστασις</span> <span class='ocrx_word' id='word_1_289' title='bbox 1334 3465 1490 3533; x_wconf 85' lang='grc' dir='ltr'>κοινὴ</span> <span class='ocrx_word' id='word_1_290' title='bbox 1549 3464 1784 3535; x_wconf 78' lang='grc' dir='ltr'>πάντων,</span> <span class='ocrx_word' id='word_1_291' title='bbox 1824 3465 1859 3533; x_wconf 75' lang='grc' dir='ltr'>ἡ</span> <span class='ocrx_word' id='word_1_292' title='bbox 1893 3460 1952 3518; x_wconf 67' lang='lat' dir='ltr'><strong><em>Si</em></strong></span> 
     </span>
    </p>
   </div>
   <div class='ocr_carea' id='block_1_40' title="bbox 302 3546 1950 3629">
    <p class='ocr_par' dir='ltr' id='par_1_40' title="bbox 302 3546 1950 3629">
     <span class='ocr_line' id='line_1_40' title="bbox 302 3546 1950 3629; baseline 0.001 -22"><span class='ocrx_word' id='word_1_293' title='bbox 302 3549 432 3622; x_wconf 80' lang='grc' dir='ltr'>δόξα</span> <span class='ocrx_word' id='word_1_294' title='bbox 460 3552 561 3609; x_wconf 79' lang='grc' dir='ltr'><strong><em>οὐκ</em></strong></span> <span class='ocrx_word' id='word_1_295' title='bbox 590 3546 670 3609; x_wconf 81' lang='grc' dir='ltr'>ἔτι</span> <span class='ocrx_word' id='word_1_296' title='bbox 696 3551 818 3624; x_wconf 65' lang='grc' dir='ltr'>Ἱση,</span> <span class='ocrx_word' id='word_1_297' title='bbox 850 3552 977 3610; x_wconf 83' lang='grc' dir='ltr'>ἀλλ’</span> <span class='ocrx_word' id='word_1_298' title='bbox 1006 3555 1059 3610; x_wconf 77' lang='grc' dir='ltr'>οἱ</span> <span class='ocrx_word' id='word_1_299' title='bbox 1093 3554 1187 3627; x_wconf 83' lang='grc' dir='ltr'>μέν</span> <span class='ocrx_word' id='word_1_300' title='bbox 1216 3552 1269 3609; x_wconf 79' lang='grc' dir='ltr'>ἐν</span> <span class='ocrx_word' id='word_1_301' title='bbox 1300 3558 1463 3629; x_wconf 78' lang='grc' dir='ltr'>τιμῇ,</span> <span class='ocrx_word' id='word_1_302' title='bbox 1515 3553 1568 3607; x_wconf 82' lang='grc' dir='ltr'>οἱ</span> <span class='ocrx_word' id='word_1_303' title='bbox 1620 3550 1678 3609; x_wconf 76' lang='grc' dir='ltr'>δὶ</span> <span class='ocrx_word' id='word_1_304' title='bbox 1725 3552 1777 3608; x_wconf 84' lang='lat' dir='ltr'><strong><em>iv</em></strong></span> <span class='ocrx_word' id='word_1_305' title='bbox 1824 3554 1950 3608; x_wconf 85' lang='grc' dir='ltr'>ἀτι-</span> 
     </span>
    </p>
   </div>
   <div class='ocr_carea' id='block_1_41' title="bbox 307 3641 1950 3719">
    <p class='ocr_par' dir='ltr' id='par_1_41' title="bbox 307 3641 1950 3719">
     <span class='ocr_line' id='line_1_41' title="bbox 307 3641 1950 3719; baseline 0 -23"><span class='ocrx_word' id='word_1_306' title='bbox 307 3641 425 3717; x_wconf 78' lang='grc' dir='ltr'>μίᾳ.</span> <span class='ocrx_word' id='word_1_307' title='bbox 459 3666 488 3695; x_wconf 77' lang='grc' dir='ltr'><strong><em>κ</em></strong></span> <span class='ocrx_word' id='word_1_308' title='bbox 541 3643 622 3700; x_wconf 83' lang='grc' dir='ltr'>Ού</span> <span class='ocrx_word' id='word_1_309' title='bbox 674 3642 875 3719; x_wconf 81' lang='grc' dir='ltr'>γὺμνοὶ</span> <span class='ocrx_word' id='word_1_310' title='bbox 924 3643 1347 3718; x_wconf 77' lang='grc' dir='ltr'>εύρεθησόμεθα.</span> <span class='ocrx_word' id='word_1_311' title='bbox 1384 3667 1411 3694; x_wconf 90' lang='grc'><strong>››</strong></span> <span class='ocrx_word' id='word_1_312' title='bbox 1460 3646 1571 3699; x_wconf 81' lang='grc' dir='ltr'>Ἵνα</span> <span class='ocrx_word' id='word_1_313' title='bbox 1622 3644 1698 3716; x_wconf 82' lang='grc' dir='ltr'>μὴ</span> <span class='ocrx_word' id='word_1_314' title='bbox 1750 3642 1809 3698; x_wconf 80' lang='grc' dir='ltr'>ὲκ</span> <span class='ocrx_word' id='word_1_315' title='bbox 1849 3648 1950 3712; x_wconf 83' lang='grc' dir='ltr'><strong><em>τῆς</em></strong></span> 
     </span>
    </p>
   </div>
   <div class='ocr_carea' id='block_1_42' title="bbox 306 3727 1949 3804">
    <p class='ocr_par' dir='ltr' id='par_1_42' title="bbox 306 3727 1949 3804">
     <span class='ocr_line' id='line_1_42' title="bbox 306 3727 1949 3804; baseline 0.001 -19"><span class='ocrx_word' id='word_1_316' title='bbox 306 3729 642 3793; x_wconf 72' lang='grc' dir='ltr'>ἀναστάσεως</span> <span class='ocrx_word' id='word_1_317' title='bbox 675 3731 848 3804; x_wconf 87' lang='grc' dir='ltr'>μόνης</span> <span class='ocrx_word' id='word_1_318' title='bbox 878 3731 970 3787; x_wconf 81' lang='grc' dir='ltr'><strong><em>καὶ</em></strong></span> <span class='ocrx_word' id='word_1_319' title='bbox 1009 3729 1069 3786; x_wconf 78' lang='grc' dir='ltr'>ἐκ</span> <span class='ocrx_word' id='word_1_320' title='bbox 1108 3737 1209 3800; x_wconf 80' lang='grc' dir='ltr'><strong><em>τῆς</em></strong></span> <span class='ocrx_word' id='word_1_321' title='bbox 1265 3734 1362 3785; x_wconf 91' lang='grc' dir='ltr'><strong><em>τοῦ</em></strong></span> <span class='ocrx_word' id='word_1_322' title='bbox 1420 3730 1675 3803; x_wconf 79' lang='grc' dir='ltr'>σώματος</span> <span class='ocrx_word' id='word_1_323' title='bbox 1719 3727 1949 3786; x_wconf 79' lang='grc' dir='ltr'>ἐναλλα-</span> 
     </span>
    </p>
   </div>
   <div class='ocr_carea' id='block_1_43' title="bbox 308 3816 1955 3897">
    <p class='ocr_par' dir='ltr' id='par_1_43' title="bbox 308 3816 1955 3897">
     <span class='ocr_line' id='line_1_43' title="bbox 308 3816 1955 3897; baseline 0.001 -23"><span class='ocrx_word' id='word_1_324' title='bbox 308 3827 415 3897; x_wconf 78' lang='grc' dir='ltr'><strong><em>γῆς</em></strong></span> <span class='ocrx_word' id='word_1_325' title='bbox 472 3820 739 3893; x_wconf 84' lang='grc' dir='ltr'>νομίσωσι</span> <span class='ocrx_word' id='word_1_326' title='bbox 794 3822 857 3876; x_wconf 88' lang='grc' dir='ltr'>τὸ</span> <span class='ocrx_word' id='word_1_327' title='bbox 914 3827 1016 3877; x_wconf 82' lang='grc' dir='ltr'><strong><em>πᾶν</em></strong></span> <span class='ocrx_word' id='word_1_328' title='bbox 1075 3824 1492 3894; x_wconf 77' lang='grc' dir='ltr'>κατορθοῦσθαι,</span> <span class='ocrx_word' id='word_1_329' title='bbox 1552 3819 1764 3895; x_wconf 74' lang='grc' dir='ltr'>ἐπάγει*</span> <span class='ocrx_word' id='word_1_330' title='bbox 1828 3816 1955 3897; x_wconf 78' lang='grc' dir='ltr'>Ε”γε</span> 
     </span>
    </p>
   </div>
   <div class='ocr_carea' id='block_1_44' title="bbox 309 3906 1951 3987">
    <p class='ocr_par' dir='ltr' id='par_1_44' title="bbox 309 3906 1951 3987">
     <span class='ocr_line' id='line_1_44' title="bbox 309 3906 1951 3987; baseline -0.002 -21"><span class='ocrx_word' id='word_1_331' title='bbox 309 3909 401 3966; x_wconf 82' lang='grc' dir='ltr'>καὶ</span> <span class='ocrx_word' id='word_1_332' title='bbox 460 3907 726 3987; x_wconf 79' lang='grc' dir='ltr'>ἄφθαρτον</span> <span class='ocrx_word' id='word_1_333' title='bbox 785 3910 915 3966; x_wconf 80' lang='grc' dir='ltr'>αὐτὸ</span> <span class='ocrx_word' id='word_1_334' title='bbox 970 3906 1342 3983; x_wconf 75' lang='grc' dir='ltr'>ἐνδυσάμενοι,</span> <span class='ocrx_word' id='word_1_335' title='bbox 1397 3908 1459 3965; x_wconf 80' lang='grc' dir='ltr'><strong><em>οὐ</em></strong></span> <span class='ocrx_word' id='word_1_336' title='bbox 1532 3910 1727 3986; x_wconf 82' lang='grc' dir='ltr'>γυμνοὶ</span> <span class='ocrx_word' id='word_1_337' title='bbox 1791 3907 1951 3979; x_wconf 78' lang='grc' dir='ltr'>δόξης</span> 
     </span>
    </p>
   </div>
   <div class='ocr_carea' id='block_1_45' title="bbox 309 3997 1951 4079">
    <p class='ocr_par' dir='ltr' id='par_1_45' title="bbox 309 3997 1951 4079">
     <span class='ocr_line' id='line_1_45' title="bbox 309 3997 1951 4079; baseline -0.001 -24"><span class='ocrx_word' id='word_1_338' title='bbox 309 3998 401 4055; x_wconf 83' lang='grc' dir='ltr'><strong><em>καὶ</em></strong></span> <span class='ocrx_word' id='word_1_339' title='bbox 438 4005 608 4072; x_wconf 78' lang='grc' dir='ltr'>τιμῆς</span> <span class='ocrx_word' id='word_1_340' title='bbox 666 3998 992 4073; x_wconf 80' lang='grc' dir='ltr'>εύρεθῶμεν.</span> <span class='ocrx_word' id='word_1_341' title='bbox 1054 4000 1115 4055; x_wconf 87' lang='lat' dir='ltr'><strong><em>&#39;ll</em></strong></span> <span class='ocrx_word' id='word_1_342' title='bbox 1171 4000 1273 4075; x_wconf 75' lang='grc' dir='ltr'>γὰρ</span> <span class='ocrx_word' id='word_1_343' title='bbox 1331 3998 1619 4079; x_wconf 85' lang='grc' dir='ltr'>ἀφθαρσία,</span> <span class='ocrx_word' id='word_1_344' title='bbox 1677 4004 1795 4061; x_wconf 87' lang='grc' dir='ltr'>τοῖς</span> <span class='ocrx_word' id='word_1_345' title='bbox 1857 3997 1951 4073; x_wconf 72' lang='grc' dir='ltr'><strong><em>μὶν</em></strong></span> 
     </span>
    </p>
   </div>
   <div class='ocr_carea' id='block_1_46' title="bbox 312 4085 1958 4163">
    <p class='ocr_par' dir='ltr' id='par_1_46' title="bbox 312 4085 1958 4163">
     <span class='ocr_line' id='line_1_46' title="bbox 312 4085 1958 4163; baseline 0 -19"><span class='ocrx_word' id='word_1_346' title='bbox 312 4087 390 4151; x_wconf 80' lang='grc' dir='ltr'>εἷς</span> <span class='ocrx_word' id='word_1_347' title='bbox 445 4088 668 4163; x_wconf 85' lang='grc' dir='ltr'>ἀγαθὸν,</span> <span class='ocrx_word' id='word_1_348' title='bbox 724 4093 846 4152; x_wconf 90' lang='grc' dir='ltr'>τοῖς</span> <span class='ocrx_word' id='word_1_349' title='bbox 896 4087 953 4144; x_wconf 75' lang='grc' dir='ltr'>δὶ</span> <span class='ocrx_word' id='word_1_350' title='bbox 1009 4088 1085 4150; x_wconf 85' lang='grc' dir='ltr'><strong><em>εἰς</em></strong></span> <span class='ocrx_word' id='word_1_351' title='bbox 1148 4088 1311 4144; x_wconf 87' lang='grc' dir='ltr'>κακὸν</span> <span class='ocrx_word' id='word_1_352' title='bbox 1375 4086 1544 4159; x_wconf 85' lang='grc' dir='ltr'>ἔσται,</span> <span class='ocrx_word' id='word_1_353' title='bbox 1629 4085 1958 4158; x_wconf 87' lang='grc' dir='ltr'>διαιωνίζειν</span> 
     </span>
    </p>
   </div>
   <div class='ocr_carea' id='block_1_47' title="bbox 309 4177 1958 4255">
    <p class='ocr_par' dir='ltr' id='par_1_47' title="bbox 309 4177 1958 4255">
     <span class='ocr_line' id='line_1_47' title="bbox 309 4177 1958 4255; baseline 0 -22"><span class='ocrx_word' id='word_1_354' title='bbox 309 4183 561 4249; x_wconf 87' lang='grc' dir='ltr'>ποιοῦσα,</span> <span class='ocrx_word' id='word_1_355' title='bbox 591 4180 682 4234; x_wconf 86' lang='grc' dir='ltr'><strong><em>καὶ</em></strong></span> <span class='ocrx_word' id='word_1_356' title='bbox 710 4179 807 4243; x_wconf 81' lang='grc' dir='ltr'>τὰς</span> <span class='ocrx_word' id='word_1_357' title='bbox 851 4178 1038 4253; x_wconf 72' lang='grc' dir='ltr'>τιμὰς,</span> <span class='ocrx_word' id='word_1_358' title='bbox 1096 4178 1187 4234; x_wconf 87' lang='grc' dir='ltr'><strong><em>καὶ</em></strong></span> <span class='ocrx_word' id='word_1_359' title='bbox 1228 4179 1325 4240; x_wconf 80' lang='grc' dir='ltr'><strong><em>τὰς</em></strong></span> <span class='ocrx_word' id='word_1_360' title='bbox 1373 4177 1645 4255; x_wconf 88' lang='grc' dir='ltr'>τιμωρίας</span> <span class='ocrx_word' id='word_1_361' title='bbox 1703 4178 1958 4247; x_wconf 82' lang='grc' dir='ltr'>στενάζο-</span> 
     </span>
    </p>
   </div>
   <div class='ocr_carea' id='block_1_48' title="bbox 312 4265 1959 4344">
    <p class='ocr_par' dir='ltr' id='par_1_48' title="bbox 312 4265 1959 4344">
     <span class='ocr_line' id='line_1_48' title="bbox 312 4265 1959 4344; baseline -0.002 -20"><span class='ocrx_word' id='word_1_362' title='bbox 312 4288 430 4342; x_wconf 87' lang='grc' dir='ltr'>μεν.</span> <span class='ocrx_word' id='word_1_363' title='bbox 494 4289 518 4317; x_wconf 78' lang='grc' dir='ltr'>ι</span> <span class='ocrx_word' id='word_1_364' title='bbox 578 4265 872 4342; x_wconf 79' lang='grc' dir='ltr'>Στένομεν,</span> <span class='ocrx_word' id='word_1_365' title='bbox 932 4290 962 4321; x_wconf 71' lang='grc' dir='ltr'><strong><em>ιι</em></strong></span> <span class='ocrx_word' id='word_1_366' title='bbox 1019 4268 1205 4344; x_wconf 79' lang='grc' dir='ltr'>φησὶν,</span> <span class='ocrx_word' id='word_1_367' title='bbox 1263 4267 1363 4323; x_wconf 85' lang='grc' dir='ltr'><strong><em>ούκ</em></strong></span> <span class='ocrx_word' id='word_1_368' title='bbox 1417 4265 1806 4342; x_wconf 73' lang='grc' dir='ltr'>ἀπαλλαγῆναι</span> <span class='ocrx_word' id='word_1_369' title='bbox 1860 4271 1959 4323; x_wconf 90' lang='grc' dir='ltr'><strong><em>τοῦ</em></strong></span> 
     </span>
    </p>
   </div>
   <div class='ocr_carea' id='block_1_49' title="bbox 311 4354 1960 4435">
    <p class='ocr_par' dir='ltr' id='par_1_49' title="bbox 311 4354 1960 4435">
     <span class='ocr_line' id='line_1_49' title="bbox 311 4354 1960 4435; baseline -0.001 -24"><span class='ocrx_word' id='word_1_370' title='bbox 311 4358 564 4430; x_wconf 84' lang='grc' dir='ltr'>σώματος</span> <span class='ocrx_word' id='word_1_371' title='bbox 596 4354 889 4435; x_wconf 71' lang='grc' dir='ltr'>ἐφιέμενοι,</span> <span class='ocrx_word' id='word_1_372' title='bbox 928 4355 1074 4413; x_wconf 81' lang='grc' dir='ltr'>ἀλλὰ</span> <span class='ocrx_word' id='word_1_373' title='bbox 1101 4361 1210 4413; x_wconf 83' lang='grc' dir='ltr'><strong><em>τῶν</em></strong></span> <span class='ocrx_word' id='word_1_374' title='bbox 1240 4359 1426 4413; x_wconf 83' lang='grc' dir='ltr'>παθῶν</span> <span class='ocrx_word' id='word_1_375' title='bbox 1476 4355 1641 4411; x_wconf 79' lang='grc' dir='ltr'>αὐτοῦ</span> <span class='ocrx_word' id='word_1_376' title='bbox 1684 4354 1960 4430; x_wconf 75' lang='grc' dir='ltr'>ἰλεύθεροι</span> 
     </span>
    </p>
   </div>
   <div class='ocr_carea' id='block_1_50' title="bbox 308 4442 1957 4522">
    <p class='ocr_par' dir='ltr' id='par_1_50' title="bbox 308 4442 1957 4522">
     <span class='ocr_line' id='line_1_50' title="bbox 308 4442 1957 4522; baseline -0.002 -19"><span class='ocrx_word' id='word_1_377' title='bbox 308 4446 551 4522; x_wconf 85' lang='grc' dir='ltr'>γενέσθαι</span> <span class='ocrx_word' id='word_1_378' title='bbox 606 4447 925 4509; x_wconf 85' lang='grc' dir='ltr'>ποθοῦντες.</span> <span class='ocrx_word' id='word_1_379' title='bbox 967 4447 1046 4505; x_wconf 81' lang='grc' dir='ltr'>Οὐ</span> <span class='ocrx_word' id='word_1_380' title='bbox 1094 4448 1200 4522; x_wconf 78' lang='grc' dir='ltr'><strong><em>γὰρ</em></strong></span> <span class='ocrx_word' id='word_1_381' title='bbox 1247 4442 1617 4510; x_wconf 77' lang='grc' dir='ltr'>ἀποδύσασθαι</span> <span class='ocrx_word' id='word_1_382' title='bbox 1665 4447 1727 4500; x_wconf 87' lang='grc' dir='ltr'><strong><em>τὸ</em></strong></span> <span class='ocrx_word' id='word_1_383' title='bbox 1776 4449 1957 4518; x_wconf 78' lang='grc' dir='ltr'>σῶμα,</span> 
     </span>
    </p>
   </div>
   <div class='ocr_carea' id='block_1_51' title="bbox 2070 508 3711 572">
    <p class='ocr_par' dir='ltr' id='par_1_51' title="bbox 2070 508 3711 572">
     <span class='ocr_line' id='line_1_51' title="bbox 2070 508 3711 572; baseline 0.007 -11"><span class='ocrx_word' id='word_1_384' title='bbox 2070 508 2293 565; x_wconf 81' lang='lat' dir='ltr'><strong><em>tionem</em></strong></span> <span class='ocrx_word' id='word_1_385' title='bbox 2330 510 2479 566; x_wconf 85' lang='lat' dir='ltr'><strong><em>dixit</em></strong></span> <span class='ocrx_word' id='word_1_386' title='bbox 2508 512 2768 569; x_wconf 83' lang='lat' dir='ltr'><strong><em>futuram</em></strong></span> <span class='ocrx_word' id='word_1_387' title='bbox 2801 531 2922 569; x_wconf 89' lang='lat' dir='ltr'><strong><em>non</em></strong></span> <span class='ocrx_word' id='word_1_388' title='bbox 2954 531 3083 570; x_wconf 91' lang='lat' dir='ltr'><strong><em>esse</em></strong></span> <span class='ocrx_word' id='word_1_389' title='bbox 3114 514 3390 569; x_wconf 89' lang='lat' dir='ltr'><strong><em>manibus</em></strong></span> <span class='ocrx_word' id='word_1_390' title='bbox 3445 515 3663 572; x_wconf 83' lang='lat' dir='ltr'><strong><em>factam</em></strong></span> <span class='ocrx_word' id='word_1_391' title='bbox 3697 532 3711 572; x_wconf 89' lang='lat'><strong>:</strong></span> 
     </span>
    </p>
   </div>
   <div class='ocr_carea' id='block_1_52' title="bbox 2066 602 3716 678">
    <p class='ocr_par' dir='ltr' id='par_1_52' title="bbox 2066 602 3716 678">
     <span class='ocr_line' id='line_1_52' title="bbox 2066 602 3716 678; baseline 0.006 -27"><span class='ocrx_word' id='word_1_392' title='bbox 2066 612 2199 653; x_wconf 90' lang='lat' dir='ltr'><strong><em>nam</em></strong></span> <span class='ocrx_word' id='word_1_393' title='bbox 2234 616 2497 670; x_wconf 75' lang='lat' dir='ltr'><strong><em>praasens</em></strong></span> <span class='ocrx_word' id='word_1_394' title='bbox 2529 602 2805 658; x_wconf 89' lang='lat' dir='ltr'><strong><em>manibus</em></strong></span> <span class='ocrx_word' id='word_1_395' title='bbox 2836 603 3014 660; x_wconf 89' lang='lat' dir='ltr'><strong><em>habet</em></strong></span> <span class='ocrx_word' id='word_1_396' title='bbox 3043 603 3344 668; x_wconf 78' lang='lat' dir='ltr'><strong><em>constitui,</em></strong></span> <span class='ocrx_word' id='word_1_397' title='bbox 3370 620 3585 675; x_wconf 87' lang='lat' dir='ltr'><strong><em>nempe</em></strong></span> <span class='ocrx_word' id='word_1_398' title='bbox 3610 621 3716 678; x_wconf 92' lang='lat' dir='ltr'><strong><em>per</em></strong></span> 
     </span>
    </p>
   </div>
   <div class='ocr_carea' id='block_1_53' title="bbox 2066 686 3715 761">
    <p class='ocr_par' dir='ltr' id='par_1_53' title="bbox 2066 686 3715 761">
     <span class='ocr_line' id='line_1_53' title="bbox 2066 686 3715 761; baseline 0.005 -21"><span class='ocrx_word' id='word_1_399' title='bbox 2066 686 2284 753; x_wconf 88' lang='lat' dir='ltr'><strong><em>cibum,</em></strong></span> <span class='ocrx_word' id='word_1_400' title='bbox 2320 696 2547 761; x_wconf 88' lang='lat' dir='ltr'><strong><em>potum,</em></strong></span> <span class='ocrx_word' id='word_1_401' title='bbox 2580 692 3019 749; x_wconf 87' lang='lat' dir='ltr'><strong><em>indumentum.</em></strong></span> <span class='ocrx_word' id='word_1_402' title='bbox 3062 696 3147 749; x_wconf 88' lang='lat' dir='ltr'><strong><em>Ita</em></strong></span> <span class='ocrx_word' id='word_1_403' title='bbox 3174 693 3341 749; x_wconf 84' lang='lat' dir='ltr'><strong><em>divus</em></strong></span> <span class='ocrx_word' id='word_1_404' title='bbox 3373 692 3553 748; x_wconf 85' lang='lat' dir='ltr'><strong><em>habet</em></strong></span> <span class='ocrx_word' id='word_1_405' title='bbox 3596 696 3715 748; x_wconf 82' lang='lat' dir='ltr'><strong><em>Me-</em></strong></span> 
     </span>
    </p>
   </div>
   <div class='ocr_carea' id='block_1_54' title="bbox 2066 776 3715 839">
    <p class='ocr_par' dir='ltr' id='par_1_54' title="bbox 2066 776 3715 839">
     <span class='ocr_line' id='line_1_54' title="bbox 2066 776 3715 839; baseline 0.005 -9"><span class='ocrx_word' id='word_1_406' title='bbox 2066 776 2304 834; x_wconf 88' lang='lat' dir='ltr'><strong><em>tbodius</em></strong></span> <span class='ocrx_word' id='word_1_407' title='bbox 2332 779 2436 834; x_wconf 88' lang='lat' dir='ltr'><strong><em>lib.</em></strong></span> <span class='ocrx_word' id='word_1_408' title='bbox 2469 782 2545 836; x_wconf 87' lang='lat' dir='ltr'><strong><em>De</em></strong></span> <span class='ocrx_word' id='word_1_409' title='bbox 2585 785 2995 839; x_wconf 81' lang='lat' dir='ltr'><strong><em>resurrectione.</em></strong></span> <span class='ocrx_word' id='word_1_410' title='bbox 3018 813 3089 824; x_wconf 95' lang='lat'>—</span> <span class='ocrx_word' id='word_1_411' title='bbox 3142 783 3337 839; x_wconf 78' lang='lat' dir='ltr'><strong><em>Aliud.</em></strong></span> <span class='ocrx_word' id='word_1_412' title='bbox 3396 784 3715 838; x_wconf 81' lang='lat' dir='ltr'><strong><em>Terrenum</em></strong></span> 
     </span>
    </p>
   </div>
   <div class='ocr_carea' id='block_1_55' title="bbox 2065 863 3712 943">
    <p class='ocr_par' dir='ltr' id='par_1_55' title="bbox 2065 863 3712 943">
     <span class='ocr_line' id='line_1_55' title="bbox 2065 863 3712 943; baseline 0.005 -24"><span class='ocrx_word' id='word_1_413' title='bbox 2065 863 2432 924; x_wconf 80' lang='lat' dir='ltr'><strong><em>domicilium</em></strong></span> <span class='ocrx_word' id='word_1_414' title='bbox 2464 870 2608 926; x_wconf 89' lang='lat' dir='ltr'><strong><em>dicit</em></strong></span> <span class='ocrx_word' id='word_1_415' title='bbox 2649 873 2960 943; x_wconf 70' lang='lat' dir='ltr'><strong><em>praesentis</em></strong></span> <span class='ocrx_word' id='word_1_416' title='bbox 2990 872 3119 927; x_wconf 73' lang='lat' dir='ltr'><strong><em>vitm</em></strong></span> <span class='ocrx_word' id='word_1_417' title='bbox 3178 872 3712 942; x_wconf 78' lang='lat' dir='ltr'><strong><em>conservationem,</em></strong></span> 
     </span>
    </p>
   </div>
   <div class='ocr_carea' id='block_1_56' title="bbox 2064 955 3715 1034">
    <p class='ocr_par' dir='ltr' id='par_1_56' title="bbox 2064 955 3715 1034">
     <span class='ocr_line' id='line_1_56' title="bbox 2064 955 3715 1034; baseline 0.004 -22"><span class='ocrx_word' id='word_1_418' title='bbox 2064 955 2516 1017; x_wconf 78' lang='lat' dir='ltr'><strong><em>tabernaculum</em></strong></span> <span class='ocrx_word' id='word_1_419' title='bbox 2537 978 2673 1017; x_wconf 89' lang='lat' dir='ltr'><strong><em>vero</em></strong></span> <span class='ocrx_word' id='word_1_420' title='bbox 2694 964 2997 1034; x_wconf 89' lang='lat' dir='ltr'><strong><em>corpus.Si</em></strong></span> <span class='ocrx_word' id='word_1_421' title='bbox 3019 980 3179 1019; x_wconf 89' lang='lat' dir='ltr'><strong><em>nunc</em></strong></span> <span class='ocrx_word' id='word_1_422' title='bbox 3202 962 3382 1018; x_wconf 79' lang='lat' dir='ltr'><strong><em>finem</em></strong></span> <span class='ocrx_word' id='word_1_423' title='bbox 3405 962 3715 1034; x_wconf 86' lang='lat' dir='ltr'><strong><em>accipiunt</em></strong></span> 
     </span>
    </p>
   </div>
   <div class='ocr_carea' id='block_1_57' title="bbox 2062 1048 3713 1116">
    <p class='ocr_par' dir='ltr' id='par_1_57' title="bbox 2062 1048 3713 1116">
     <span class='ocr_line' id='line_1_57' title="bbox 2062 1048 3713 1116; baseline 0.004 -16"><span class='ocrx_word' id='word_1_424' title='bbox 2062 1048 2400 1116; x_wconf 79' lang='lat' dir='ltr'><strong><em>praesentia,</em></strong></span> <span class='ocrx_word' id='word_1_425' title='bbox 2430 1050 2801 1107; x_wconf 90' lang='lat' dir='ltr'><strong><em>domicilium</em></strong></span> <span class='ocrx_word' id='word_1_426' title='bbox 2836 1052 3123 1109; x_wconf 86' lang='lat' dir='ltr'><strong><em>habemus</em></strong></span> <span class='ocrx_word' id='word_1_427' title='bbox 3152 1069 3274 1108; x_wconf 91' lang='lat' dir='ltr'><strong><em>non</em></strong></span> <span class='ocrx_word' id='word_1_428' title='bbox 3304 1052 3713 1108; x_wconf 83' lang='lat' dir='ltr'><strong><em>manufactum</em></strong></span> 
     </span>
    </p>
   </div>
   <div class='ocr_carea' id='block_1_58' title="bbox 2065 1141 3714 1198">
    <p class='ocr_par' dir='ltr' id='par_1_58' title="bbox 2065 1141 3714 1198">
     <span class='ocr_line' id='line_1_58' title="bbox 2065 1141 3714 1198; baseline 0.004 -6"><span class='ocrx_word' id='word_1_429' title='bbox 2065 1143 2353 1195; x_wconf 73' lang='lat' dir='ltr'><strong><em>aeternum</em></strong></span> <span class='ocrx_word' id='word_1_430' title='bbox 2384 1158 2453 1197; x_wconf 91' lang='lat' dir='ltr'><strong><em>ac</em></strong></span> <span class='ocrx_word' id='word_1_431' title='bbox 2473 1141 2731 1198; x_wconf 62' lang='lat' dir='ltr'><strong><em>caeleste.</em></strong></span> <span class='ocrx_word' id='word_1_432' title='bbox 2757 1174 2825 1183; x_wconf 95' lang='lat'><strong>—</strong></span> <span class='ocrx_word' id='word_1_433' title='bbox 2854 1142 3046 1198; x_wconf 80' lang='lat' dir='ltr'><strong><em>Aliud.</em></strong></span> <span class='ocrx_word' id='word_1_434' title='bbox 3081 1144 3404 1198; x_wconf 87' lang='lat' dir='ltr'><strong><em>Terrenum</em></strong></span> <span class='ocrx_word' id='word_1_435' title='bbox 3437 1142 3714 1198; x_wconf 88' lang='lat' dir='ltr'><strong><em>taberna-</em></strong></span> 
     </span>
    </p>
   </div>
   <div class='ocr_carea' id='block_1_59' title="bbox 2062 1226 3718 1304">
    <p class='ocr_par' dir='ltr' id='par_1_59' title="bbox 2062 1226 3718 1304">
     <span class='ocr_line' id='line_1_59' title="bbox 2062 1226 3718 1304; baseline 0.007 -23"><span class='ocrx_word' id='word_1_436' title='bbox 2062 1227 2181 1282; x_wconf 89' lang='lat' dir='ltr'><strong><em>culi</em></strong></span> <span class='ocrx_word' id='word_1_437' title='bbox 2202 1226 2573 1288; x_wconf 90' lang='lat' dir='ltr'><strong><em>domicilium</em></strong></span> <span class='ocrx_word' id='word_1_438' title='bbox 2604 1237 2771 1288; x_wconf 87' lang='lat' dir='ltr'><strong><em>vocat</em></strong></span> <span class='ocrx_word' id='word_1_439' title='bbox 2798 1249 3034 1304; x_wconf 88' lang='lat' dir='ltr'><strong><em>corpus.</em></strong></span> <span class='ocrx_word' id='word_1_440' title='bbox 3069 1253 3099 1282; x_wconf 82' lang='lat'><strong>»</strong></span> <span class='ocrx_word' id='word_1_441' title='bbox 3128 1232 3601 1288; x_wconf 56' lang='lat' dir='ltr'><strong><em>IEdiﬁcationem</em></strong></span> <span class='ocrx_word' id='word_1_442' title='bbox 3646 1247 3718 1288; x_wconf 74' lang='lat' dir='ltr'><strong><em>ex</em></strong></span> 
     </span>
    </p>
   </div>
   <div class='ocr_carea' id='block_1_60' title="bbox 2064 1315 3722 1390">
    <p class='ocr_par' dir='ltr' id='par_1_60' title="bbox 2064 1315 3722 1390">
     <span class='ocr_line' id='line_1_60' title="bbox 2064 1315 3722 1390; baseline 0.005 -21"><span class='ocrx_word' id='word_1_443' title='bbox 2064 1315 2183 1371; x_wconf 93' lang='lat' dir='ltr'><strong><em>Deo</em></strong></span> <span class='ocrx_word' id='word_1_444' title='bbox 2215 1317 2525 1386; x_wconf 85' lang='lat' dir='ltr'><strong><em>habemus,</em></strong></span> <span class='ocrx_word' id='word_1_445' title='bbox 2561 1342 2589 1371; x_wconf 87' lang='grc'><strong>››</strong></span> <span class='ocrx_word' id='word_1_446' title='bbox 2622 1321 2732 1377; x_wconf 88' lang='lat' dir='ltr'><strong><em>hoc</em></strong></span> <span class='ocrx_word' id='word_1_447' title='bbox 2791 1327 2901 1390; x_wconf 90' lang='lat' dir='ltr'><strong><em>est,</em></strong></span> <span class='ocrx_word' id='word_1_448' title='bbox 2932 1321 3383 1378; x_wconf 88' lang='lat' dir='ltr'><strong><em>renovationem</em></strong></span> <span class='ocrx_word' id='word_1_449' title='bbox 3415 1338 3722 1379; x_wconf 88' lang='lat' dir='ltr'><strong><em>resurrec-</em></strong></span> 
     </span>
    </p>
   </div>
   <div class='ocr_carea' id='block_1_61' title="bbox 2063 1404 3715 1484">
    <p class='ocr_par' dir='ltr' id='par_1_61' title="bbox 2063 1404 3715 1484">
     <span class='ocr_line' id='line_1_61' title="bbox 2063 1404 3715 1484; baseline 0.005 -25"><span class='ocrx_word' id='word_1_450' title='bbox 2063 1404 2309 1462; x_wconf 87' lang='lat' dir='ltr'><strong><em>tionem.</em></strong></span> <span class='ocrx_word' id='word_1_451' title='bbox 2349 1431 2377 1458; x_wconf 80' lang='lat'><strong>«</strong></span> <span class='ocrx_word' id='word_1_452' title='bbox 2411 1410 2476 1464; x_wconf 93' lang='lat' dir='ltr'>In</span> <span class='ocrx_word' id='word_1_453' title='bbox 2508 1410 2694 1479; x_wconf 72' lang='lat' dir='ltr'><strong><em>cmlis,</em></strong></span> <span class='ocrx_word' id='word_1_454' title='bbox 2728 1433 2755 1460; x_wconf 89' lang='grc'><strong>››</strong></span> <span class='ocrx_word' id='word_1_455' title='bbox 2791 1411 2850 1467; x_wconf 89' lang='lat' dir='ltr'><strong><em>id</em></strong></span> <span class='ocrx_word' id='word_1_456' title='bbox 2884 1418 2973 1471; x_wconf 89' lang='lat' dir='ltr'><strong><em>est</em></strong></span> <span class='ocrx_word' id='word_1_457' title='bbox 3006 1419 3403 1484; x_wconf 66' lang='lat' dir='ltr'><strong><em>praeparatam</em></strong></span> <span class='ocrx_word' id='word_1_458' title='bbox 3438 1411 3498 1467; x_wconf 95' lang='lat' dir='ltr'><strong><em>in</em></strong></span> <span class='ocrx_word' id='word_1_459' title='bbox 3531 1412 3715 1484; x_wconf 65' lang='lat' dir='ltr'><strong><em>caelis,</em></strong></span> 
     </span>
    </p>
   </div>
   <div class='ocr_carea' id='block_1_62' title="bbox 2060 1493 3712 1575">
    <p class='ocr_par' dir='ltr' id='par_1_62' title="bbox 2060 1493 3712 1575">
     <span class='ocr_line' id='line_1_62' title="bbox 2060 1493 3712 1575; baseline 0.009 -28"><span class='ocrx_word' id='word_1_460' title='bbox 2060 1493 2597 1570; x_wconf 91' lang='lat' dir='ltr'><strong><em>incorruptibilem,</em></strong></span> <span class='ocrx_word' id='word_1_461' title='bbox 2647 1517 2863 1574; x_wconf 88' lang='lat' dir='ltr'><strong><em>nempe</em></strong></span> <span class='ocrx_word' id='word_1_462' title='bbox 2920 1518 3027 1574; x_wconf 90' lang='lat' dir='ltr'><strong><em>per</em></strong></span> <span class='ocrx_word' id='word_1_463' title='bbox 3078 1502 3329 1575; x_wconf 88' lang='lat' dir='ltr'><strong><em>gratiam</em></strong></span> <span class='ocrx_word' id='word_1_464' title='bbox 3388 1500 3712 1562; x_wconf 77' lang='lat' dir='ltr'><strong><em>ccelestem.</em></strong></span> 
     </span>
    </p>
   </div>
   <div class='ocr_carea' id='block_1_63' title="bbox 2062 1583 3712 1664">
    <p class='ocr_par' dir='ltr' id='par_1_63' title="bbox 2062 1583 3712 1664">
     <span class='ocr_line' id='line_1_63' title="bbox 2062 1583 3712 1664; baseline 0.005 -28"><span class='ocrx_word' id='word_1_465' title='bbox 2062 1584 2204 1638; x_wconf 90' lang='lat' dir='ltr'><strong><em>Nam</em></strong></span> <span class='ocrx_word' id='word_1_466' title='bbox 2237 1583 2289 1638; x_wconf 79' lang='grc' dir='ltr'>ἐν</span> <span class='ocrx_word' id='word_1_467' title='bbox 2318 1586 2520 1659; x_wconf 85' lang='grc' dir='ltr'>τούτῳ,</span> <span class='ocrx_word' id='word_1_468' title='bbox 2552 1589 2613 1645; x_wconf 92' lang='lat' dir='ltr'><strong><em>id</em></strong></span> <span class='ocrx_word' id='word_1_469' title='bbox 2644 1597 2753 1658; x_wconf 87' lang='lat' dir='ltr'><strong><em>est,</em></strong></span> <span class='ocrx_word' id='word_1_470' title='bbox 2788 1590 2849 1646; x_wconf 91' lang='lat' dir='ltr'><strong><em>in</em></strong></span> <span class='ocrx_word' id='word_1_471' title='bbox 2874 1592 3006 1660; x_wconf 89' lang='lat' dir='ltr'><strong><em>hoc,</em></strong></span> <span class='ocrx_word' id='word_1_472' title='bbox 3040 1592 3273 1663; x_wconf 80' lang='lat' dir='ltr'><strong><em>capitur</em></strong></span> <span class='ocrx_word' id='word_1_473' title='bbox 3322 1609 3431 1664; x_wconf 90' lang='lat' dir='ltr'><strong><em>pro</em></strong></span> <span class='ocrx_word' id='word_1_474' title='bbox 3463 1588 3552 1645; x_wconf 85' lang='grc' dir='ltr'><strong><em>διὰ</em></strong></span> <span class='ocrx_word' id='word_1_475' title='bbox 3582 1589 3712 1645; x_wconf 87' lang='grc' dir='ltr'>τού-</span> 
     </span>
    </p>
   </div>
   <div class='ocr_carea' id='block_1_64' title="bbox 2058 1674 3707 1753">
    <p class='ocr_par' dir='ltr' id='par_1_64' title="bbox 2058 1674 3707 1753">
     <span class='ocr_line' id='line_1_64' title="bbox 2058 1674 3707 1753; baseline 0.016 -29"><span class='ocrx_word' id='word_1_476' title='bbox 2058 1690 2174 1741; x_wconf 84' lang='grc' dir='ltr'>του,</span> <span class='ocrx_word' id='word_1_477' title='bbox 2210 1674 2265 1731; x_wconf 91' lang='lat' dir='ltr'><strong><em>id</em></strong></span> <span class='ocrx_word' id='word_1_478' title='bbox 2300 1682 2408 1743; x_wconf 89' lang='lat' dir='ltr'><strong><em>est,</em></strong></span> <span class='ocrx_word' id='word_1_479' title='bbox 2441 1694 2548 1748; x_wconf 90' lang='lat' dir='ltr'><strong><em>per</em></strong></span> <span class='ocrx_word' id='word_1_480' title='bbox 2599 1679 2731 1735; x_wconf 90' lang='lat' dir='ltr'><strong><em>hoc.</em></strong></span> <span class='ocrx_word' id='word_1_481' title='bbox 2763 1701 2793 1731; x_wconf 85' lang='grc'><strong><em>‹‹</em></strong></span> <span class='ocrx_word' id='word_1_482' title='bbox 2854 1681 3177 1737; x_wconf 88' lang='lat' dir='ltr'><strong><em>Gemimus.</em></strong></span> <span class='ocrx_word' id='word_1_483' title='bbox 3202 1701 3232 1731; x_wconf 82' lang='lat'><strong>»</strong></span> <span class='ocrx_word' id='word_1_484' title='bbox 3292 1682 3424 1749; x_wconf 81' lang='lat' dir='ltr'><strong><em>VOS.</em></strong></span> <span class='ocrx_word' id='word_1_485' title='bbox 3492 1681 3707 1753; x_wconf 58' lang='lat' dir='ltr'><strong><em>inqu“:</em></strong></span> 
     </span>
    </p>
   </div>
   <div class='ocr_carea' id='block_1_65' title="bbox 2059 1763 3710 1841">
    <p class='ocr_par' dir='ltr' id='par_1_65' title="bbox 2059 1763 3710 1841">
     <span class='ocr_line' id='line_1_65' title="bbox 2059 1763 3710 1841; baseline 0.005 -26"><span class='ocrx_word' id='word_1_486' title='bbox 2059 1763 2295 1832; x_wconf 82' lang='lat' dir='ltr'><strong><em>gemitis</em></strong></span> <span class='ocrx_word' id='word_1_487' title='bbox 2327 1769 2390 1820; x_wconf 91' lang='lat' dir='ltr'><strong><em>ut</em></strong></span> <span class='ocrx_word' id='word_1_488' title='bbox 2416 1766 2740 1822; x_wconf 84' lang='lat' dir='ltr'><strong><em>verisimile</em></strong></span> <span class='ocrx_word' id='word_1_489' title='bbox 2763 1772 2852 1823; x_wconf 90' lang='lat' dir='ltr'><strong><em>est</em></strong></span> <span class='ocrx_word' id='word_1_490' title='bbox 2875 1767 3033 1839; x_wconf 90' lang='lat' dir='ltr'><strong><em>quod</em></strong></span> <span class='ocrx_word' id='word_1_491' title='bbox 3065 1785 3280 1841; x_wconf 87' lang='lat' dir='ltr'><strong><em>corpus</em></strong></span> <span class='ocrx_word' id='word_1_492' title='bbox 3331 1774 3589 1825; x_wconf 81' lang='lat' dir='ltr'><strong><em>vestrum</em></strong></span> <span class='ocrx_word' id='word_1_493' title='bbox 3621 1769 3710 1824; x_wconf 85' lang='lat' dir='ltr'><strong><em>af-</em></strong></span> 
     </span>
    </p>
   </div>
   <div class='ocr_carea' id='block_1_66' title="bbox 2057 1849 3709 1929">
    <p class='ocr_par' dir='ltr' id='par_1_66' title="bbox 2057 1849 3709 1929">
     <span class='ocr_line' id='line_1_66' title="bbox 2057 1849 3709 1929; baseline 0.005 -25"><span class='ocrx_word' id='word_1_494' title='bbox 2057 1849 2419 1909; x_wconf 81' lang='lat' dir='ltr'><strong><em>flictionibus</em></strong></span> <span class='ocrx_word' id='word_1_495' title='bbox 2453 1861 2903 1928; x_wconf 86' lang='lat' dir='ltr'><strong><em>corrumpatur:</em></strong></span> <span class='ocrx_word' id='word_1_496' title='bbox 2938 1873 3046 1913; x_wconf 92' lang='lat' dir='ltr'><strong><em>nos</em></strong></span> <span class='ocrx_word' id='word_1_497' title='bbox 3078 1862 3276 1913; x_wconf 88' lang='lat' dir='ltr'><strong><em>autem</em></strong></span> <span class='ocrx_word' id='word_1_498' title='bbox 3301 1857 3516 1929; x_wconf 84' lang='lat' dir='ltr'><strong><em>quibus</em></strong></span> <span class='ocrx_word' id='word_1_499' title='bbox 3547 1864 3709 1913; x_wconf 86' lang='lat' dir='ltr'><strong><em>certa</em></strong></span> 
     </span>
    </p>
   </div>
   <div class='ocr_carea' id='block_1_67' title="bbox 2057 1947 3708 2021">
    <p class='ocr_par' dir='ltr' id='par_1_67' title="bbox 2057 1947 3708 2021">
     <span class='ocr_line' id='line_1_67' title="bbox 2057 1947 3708 2021; baseline 0.002 -23"><span class='ocrx_word' id='word_1_500' title='bbox 2057 1947 2147 1998; x_wconf 89' lang='lat' dir='ltr'><strong><em>est</em></strong></span> <span class='ocrx_word' id='word_1_501' title='bbox 2176 1961 2313 2016; x_wconf 83' lang='lat' dir='ltr'><strong><em>spes</em></strong></span> <span class='ocrx_word' id='word_1_502' title='bbox 2342 1948 3114 2021; x_wconf 82' lang='lat' dir='ltr'><strong><em>resurrectionis,gemimus</em></strong></span> <span class='ocrx_word' id='word_1_503' title='bbox 3138 1948 3296 2019; x_wconf 90' lang='lat' dir='ltr'><strong><em>quod</em></strong></span> <span class='ocrx_word' id='word_1_504' title='bbox 3318 1965 3440 2004; x_wconf 93' lang='lat' dir='ltr'><strong><em>non</em></strong></span> <span class='ocrx_word' id='word_1_505' title='bbox 3470 1948 3708 2019; x_wconf 88' lang='lat' dir='ltr'><strong><em>penitus</em></strong></span> 
     </span>
    </p>
   </div>
   <div class='ocr_carea' id='block_1_68' title="bbox 2057 2037 3708 2109">
    <p class='ocr_par' dir='ltr' id='par_1_68' title="bbox 2057 2037 3708 2109">
     <span class='ocr_line' id='line_1_68' title="bbox 2057 2037 3708 2109; baseline 0.004 -22"><span class='ocrx_word' id='word_1_506' title='bbox 2057 2041 2491 2106; x_wconf 89' lang='lat' dir='ltr'><strong><em>corrumpatur.</em></strong></span> <span class='ocrx_word' id='word_1_507' title='bbox 2516 2038 2906 2102; x_wconf 84' lang='lat' dir='ltr'><strong><em>Quamobrem</em></strong></span> <span class='ocrx_word' id='word_1_508' title='bbox 2927 2038 2955 2092; x_wconf 58' lang='grc' dir='ltr'><strong><em>εἶ</em></strong></span> <span class='ocrx_word' id='word_1_509' title='bbox 2974 2038 3120 2103; x_wconf 86' lang='lat' dir='ltr'><strong><em>Quia</em></strong></span> <span class='ocrx_word' id='word_1_510' title='bbox 3142 2037 3413 2109; x_wconf 90' lang='lat' dir='ltr'><strong><em>cupimus</em></strong></span> <span class='ocrx_word' id='word_1_511' title='bbox 3436 2042 3708 2093; x_wconf 86' lang='lat' dir='ltr'><strong><em>nostrum</em></strong></span> 
     </span>
    </p>
   </div>
   <div class='ocr_carea' id='block_1_69' title="bbox 2056 2125 3706 2198">
    <p class='ocr_par' dir='ltr' id='par_1_69' title="bbox 2056 2125 3706 2198">
     <span class='ocr_line' id='line_1_69' title="bbox 2056 2125 3706 2198; baseline 0.002 -21"><span class='ocrx_word' id='word_1_512' title='bbox 2056 2138 2270 2194; x_wconf 91' lang='lat' dir='ltr'><strong><em>corpus</em></strong></span> <span class='ocrx_word' id='word_1_513' title='bbox 2302 2126 2648 2196; x_wconf 89' lang='lat' dir='ltr'><strong><em>superindui</em></strong></span> <span class='ocrx_word' id='word_1_514' title='bbox 2702 2125 3284 2198; x_wconf 89' lang='lat' dir='ltr'><strong><em>incorruptibilitate.</em></strong></span> <span class='ocrx_word' id='word_1_515' title='bbox 3319 2127 3474 2181; x_wconf 84' lang='lat' dir='ltr'><strong><em>Bene</em></strong></span> <span class='ocrx_word' id='word_1_516' title='bbox 3505 2132 3706 2181; x_wconf 90' lang='lat' dir='ltr'><strong><em>autem</em></strong></span> 
     </span>
    </p>
   </div>
   <div class='ocr_carea' id='block_1_70' title="bbox 2056 2212 3711 2286">
    <p class='ocr_par' dir='ltr' id='par_1_70' title="bbox 2056 2212 3711 2286">
     <span class='ocr_line' id='line_1_70' title="bbox 2056 2212 3711 2286; baseline 0.002 -20"><span class='ocrx_word' id='word_1_517' title='bbox 2056 2233 2083 2261; x_wconf 83' lang='lat'><strong>«</strong></span> <span class='ocrx_word' id='word_1_518' title='bbox 2118 2212 2475 2284; x_wconf 88' lang='lat' dir='ltr'><strong><em>Superindui</em></strong></span> <span class='ocrx_word' id='word_1_519' title='bbox 2502 2231 2515 2282; x_wconf 92' lang='lat'><strong>;</strong></span> <span class='ocrx_word' id='word_1_520' title='bbox 2547 2237 2575 2264; x_wconf 70' lang='grc' dir='ltr'><strong>η</strong></span> <span class='ocrx_word' id='word_1_521' title='bbox 2611 2231 2748 2271; x_wconf 90' lang='lat' dir='ltr'><strong><em>nam</em></strong></span> <span class='ocrx_word' id='word_1_522' title='bbox 2780 2215 3031 2270; x_wconf 89' lang='lat' dir='ltr'><strong><em>mortale</em></strong></span> <span class='ocrx_word' id='word_1_523' title='bbox 3058 2215 3168 2270; x_wconf 88' lang='lat' dir='ltr'><strong><em>hoc</em></strong></span> <span class='ocrx_word' id='word_1_524' title='bbox 3190 2231 3404 2286; x_wconf 90' lang='lat' dir='ltr'><strong><em>corpus</em></strong></span> <span class='ocrx_word' id='word_1_525' title='bbox 3436 2214 3711 2286; x_wconf 86' lang='lat' dir='ltr'><strong><em>superin-</em></strong></span> 
     </span>
    </p>
   </div>
   <div class='ocr_carea' id='block_1_71' title="bbox 2053 2301 3707 2378">
    <p class='ocr_par' dir='ltr' id='par_1_71' title="bbox 2053 2301 3707 2378">
     <span class='ocr_line' id='line_1_71' title="bbox 2053 2301 3707 2378; baseline 0.004 -21"><span class='ocrx_word' id='word_1_526' title='bbox 2053 2301 2183 2358; x_wconf 90' lang='lat' dir='ltr'><strong><em>duit</em></strong></span> <span class='ocrx_word' id='word_1_527' title='bbox 2210 2304 2855 2378; x_wconf 89' lang='lat' dir='ltr'><strong><em>incorruplibilitatem.</em></strong></span> <span class='ocrx_word' id='word_1_528' title='bbox 2878 2330 2905 2357; x_wconf 83' lang='lat'><strong>«</strong></span> <span class='ocrx_word' id='word_1_529' title='bbox 2931 2306 3242 2362; x_wconf 79' lang='lat' dir='ltr'><strong><em>Ilomicilio</em></strong></span> <span class='ocrx_word' id='word_1_530' title='bbox 3274 2312 3497 2361; x_wconf 88' lang='lat' dir='ltr'><strong><em>nostro.</em></strong></span> <span class='ocrx_word' id='word_1_531' title='bbox 3529 2328 3555 2355; x_wconf 87' lang='grc'><strong><em>››</em></strong></span> <span class='ocrx_word' id='word_1_532' title='bbox 3579 2308 3707 2362; x_wconf 88' lang='lat' dir='ltr'><strong><em>Non</em></strong></span> 
     </span>
    </p>
   </div>
   <div class='ocr_carea' id='block_1_72' title="bbox 2055 2391 3705 2468">
    <p class='ocr_par' dir='ltr' id='par_1_72' title="bbox 2055 2391 3705 2468">
     <span class='ocr_line' id='line_1_72' title="bbox 2055 2391 3705 2468; baseline 0.004 -23"><span class='ocrx_word' id='word_1_533' title='bbox 2055 2391 2239 2448; x_wconf 84' lang='lat' dir='ltr'><strong><em>dixit:</em></strong></span> <span class='ocrx_word' id='word_1_534' title='bbox 2273 2395 2696 2464; x_wconf 69' lang='lat' dir='ltr'><strong><em>Tabernaculo,</em></strong></span> <span class='ocrx_word' id='word_1_535' title='bbox 2730 2395 2855 2462; x_wconf 89' lang='lat' dir='ltr'><strong><em>sed,</em></strong></span> <span class='ocrx_word' id='word_1_536' title='bbox 2897 2418 2921 2448; x_wconf 77' lang='grc' dir='ltr'><strong><em>α</em></strong></span> <span class='ocrx_word' id='word_1_537' title='bbox 2953 2396 3287 2461; x_wconf 90' lang='lat' dir='ltr'><strong><em>Domicilio,</em></strong></span> <span class='ocrx_word' id='word_1_538' title='bbox 3314 2418 3342 2446; x_wconf 88' lang='grc'><strong><em>››</em></strong></span> <span class='ocrx_word' id='word_1_539' title='bbox 3362 2395 3705 2468; x_wconf 78' lang='lat' dir='ltr'><strong><em>significans</em></strong></span> 
     </span>
    </p>
   </div>
   <div class='ocr_carea' id='block_1_73' title="bbox 2055 2481 3700 2541">
    <p class='ocr_par' dir='ltr' id='par_1_73' title="bbox 2055 2481 3700 2541">
     <span class='ocr_line' id='line_1_73' title="bbox 2055 2481 3700 2541; baseline 0.004 -6"><span class='ocrx_word' id='word_1_540' title='bbox 2055 2481 2289 2538; x_wconf 78' lang='lat' dir='ltr'><strong><em>ﬁrmam</em></strong></span> <span class='ocrx_word' id='word_1_541' title='bbox 2325 2485 2695 2541; x_wconf 88' lang='lat' dir='ltr'><strong><em>mansionem</em></strong></span> <span class='ocrx_word' id='word_1_542' title='bbox 2745 2502 2813 2541; x_wconf 92' lang='lat' dir='ltr'><strong><em>ac</em></strong></span> <span class='ocrx_word' id='word_1_543' title='bbox 2870 2484 3323 2541; x_wconf 87' lang='lat' dir='ltr'><strong><em>habitationem.</em></strong></span> <span class='ocrx_word' id='word_1_544' title='bbox 3382 2515 3450 2525; x_wconf 92' lang='lat'><strong><em>—</em></strong></span> <span class='ocrx_word' id='word_1_545' title='bbox 3516 2485 3700 2541; x_wconf 81' lang='lat' dir='ltr'><strong><em>Aliud.</em></strong></span> 
     </span>
    </p>
   </div>
   <div class='ocr_carea' id='block_1_74' title="bbox 2052 2571 3705 2644">
    <p class='ocr_par' dir='ltr' id='par_1_74' title="bbox 2052 2571 3705 2644">
     <span class='ocr_line' id='line_1_74' title="bbox 2052 2571 3705 2644; baseline 0.001 -19"><span class='ocrx_word' id='word_1_546' title='bbox 2052 2571 2432 2629; x_wconf 89' lang='lat' dir='ltr'><strong><em>Domicilium</em></strong></span> <span class='ocrx_word' id='word_1_547' title='bbox 2467 2574 2576 2629; x_wconf 90' lang='lat' dir='ltr'><strong><em>hoc</em></strong></span> <span class='ocrx_word' id='word_1_548' title='bbox 2601 2574 2729 2631; x_wconf 92' lang='lat' dir='ltr'><strong><em>loco</em></strong></span> <span class='ocrx_word' id='word_1_549' title='bbox 2764 2575 2918 2630; x_wconf 73' lang='lat'><strong><em>632</em></strong></span> <span class='ocrx_word' id='word_1_550' title='bbox 2959 2574 3184 2630; x_wconf 89' lang='lat' dir='ltr'><strong><em>vocavit</em></strong></span> <span class='ocrx_word' id='word_1_551' title='bbox 3240 2572 3705 2644; x_wconf 84' lang='lat' dir='ltr'><strong><em>incorruptibili-</em></strong></span> 
     </span>
    </p>
   </div>
   <div class='ocr_carea' id='block_1_75' title="bbox 2053 2661 3700 2733">
    <p class='ocr_par' dir='ltr' id='par_1_75' title="bbox 2053 2661 3700 2733">
     <span class='ocr_line' id='line_1_75' title="bbox 2053 2661 3700 2733; baseline -0.001 -18"><span class='ocrx_word' id='word_1_552' title='bbox 2053 2664 2256 2716; x_wconf 86' lang='lat' dir='ltr'><strong><em>tatem.</em></strong></span> <span class='ocrx_word' id='word_1_553' title='bbox 2292 2663 2415 2717; x_wconf 87' lang='lat' dir='ltr'><strong><em>Non</em></strong></span> <span class='ocrx_word' id='word_1_554' title='bbox 2447 2662 2597 2718; x_wconf 82' lang='lat' dir='ltr'><strong><em>dixit</em></strong></span> <span class='ocrx_word' id='word_1_555' title='bbox 2624 2670 2844 2729; x_wconf 87' lang='lat' dir='ltr'><strong><em>autem,</em></strong></span> <span class='ocrx_word' id='word_1_556' title='bbox 2877 2663 3071 2728; x_wconf 88' lang='lat' dir='ltr'><strong><em>Indui,</em></strong></span> <span class='ocrx_word' id='word_1_557' title='bbox 3102 2662 3203 2717; x_wconf 89' lang='lat' dir='ltr'><strong><em>sed</em></strong></span> <span class='ocrx_word' id='word_1_558' title='bbox 3224 2685 3251 2712; x_wconf 83' lang='grc'><strong><em>››</em></strong></span> <span class='ocrx_word' id='word_1_559' title='bbox 3285 2661 3700 2733; x_wconf 80' lang='lat' dir='ltr'><strong><em>Superindui;»</em></strong></span> 
     </span>
    </p>
   </div>
   <div class='ocr_carea' id='block_1_76' title="bbox 2055 2751 3700 2823">
    <p class='ocr_par' dir='ltr' id='par_1_76' title="bbox 2055 2751 3700 2823">
     <span class='ocr_line' id='line_1_76' title="bbox 2055 2751 3700 2823; baseline -0.001 -17"><span class='ocrx_word' id='word_1_560' title='bbox 2055 2751 2540 2823; x_wconf 88' lang='lat' dir='ltr'><strong><em>quandoquidem</em></strong></span> <span class='ocrx_word' id='word_1_561' title='bbox 2572 2769 2694 2808; x_wconf 91' lang='lat' dir='ltr'><strong><em>non</em></strong></span> <span class='ocrx_word' id='word_1_562' title='bbox 2726 2752 2889 2808; x_wconf 88' lang='lat' dir='ltr'><strong><em>aliud</em></strong></span> <span class='ocrx_word' id='word_1_563' title='bbox 2937 2753 3245 2807; x_wconf 90' lang='lat' dir='ltr'><strong><em>induimus</em></strong></span> <span class='ocrx_word' id='word_1_564' title='bbox 3299 2769 3533 2822; x_wconf 91' lang='lat' dir='ltr'><strong><em>corpus,</em></strong></span> <span class='ocrx_word' id='word_1_565' title='bbox 3594 2751 3700 2806; x_wconf 85' lang='lat' dir='ltr'><strong><em>sed</em></strong></span> 
     </span>
    </p>
   </div>
   <div class='ocr_carea' id='block_1_77' title="bbox 2055 2840 3713 2913">
    <p class='ocr_par' dir='ltr' id='par_1_77' title="bbox 2055 2840 3713 2913">
     <span class='ocr_line' id='line_1_77' title="bbox 2055 2840 3713 2913; baseline -0.001 -19"><span class='ocrx_word' id='word_1_566' title='bbox 2055 2840 2440 2912; x_wconf 88' lang='lat' dir='ltr'><strong><em>corruptibile</em></strong></span> <span class='ocrx_word' id='word_1_567' title='bbox 2467 2843 2578 2897; x_wconf 88' lang='lat' dir='ltr'><strong><em>hoc</em></strong></span> <span class='ocrx_word' id='word_1_568' title='bbox 2619 2840 2998 2913; x_wconf 89' lang='lat' dir='ltr'><strong><em>superinduit</em></strong></span> <span class='ocrx_word' id='word_1_569' title='bbox 3056 2840 3713 2911; x_wconf 86' lang='lat' dir='ltr'><strong><em>incorruptibilitatem.</em></strong></span> 
     </span>
    </p>
   </div>
   <div class='ocr_carea' id='block_1_78' title="bbox 2059 2928 3711 3000">
    <p class='ocr_par' dir='ltr' id='par_1_78' title="bbox 2059 2928 3711 3000">
     <span class='ocr_line' id='line_1_78' title="bbox 2059 2928 3711 3000; baseline 0.001 -19"><span class='ocrx_word' id='word_1_570' title='bbox 2059 2950 2084 2981; x_wconf 77' lang='grc' dir='ltr'><strong><em>σ</em></strong></span> <span class='ocrx_word' id='word_1_571' title='bbox 2117 2929 2283 2995; x_wconf 88' lang='lat' dir='ltr'><strong><em>Quod</em></strong></span> <span class='ocrx_word' id='word_1_572' title='bbox 2316 2946 2346 2986; x_wconf 89' lang='lat' dir='ltr'><strong><em>e</em></strong></span> <span class='ocrx_word' id='word_1_573' title='bbox 2378 2931 2526 2986; x_wconf 66' lang='lat' dir='ltr'><strong><em>caelo</em></strong></span> <span class='ocrx_word' id='word_1_574' title='bbox 2558 2937 2666 2988; x_wconf 91' lang='lat' dir='ltr'><strong><em>est.</em></strong></span> <span class='ocrx_word' id='word_1_575' title='bbox 2704 2952 2732 2979; x_wconf 83' lang='lat'><strong>»</strong></span> <span class='ocrx_word' id='word_1_576' title='bbox 2764 2933 2889 2985; x_wconf 87' lang='lat' dir='ltr'><strong><em>Non</em></strong></span> <span class='ocrx_word' id='word_1_577' title='bbox 2923 2930 3081 3000; x_wconf 89' lang='lat' dir='ltr'><strong><em>quod</em></strong></span> <span class='ocrx_word' id='word_1_578' title='bbox 3126 2945 3156 2983; x_wconf 91' lang='lat' dir='ltr'><strong><em>e</em></strong></span> <span class='ocrx_word' id='word_1_579' title='bbox 3188 2929 3334 2984; x_wconf 69' lang='lat' dir='ltr'><strong><em>cmlo</em></strong></span> <span class='ocrx_word' id='word_1_580' title='bbox 3363 2928 3711 2994; x_wconf 86' lang='lat' dir='ltr'><strong><em>descendat,</em></strong></span> 
     </span>
    </p>
   </div>
   <div class='ocr_carea' id='block_1_79' title="bbox 2058 3016 3711 3089">
    <p class='ocr_par' dir='ltr' id='par_1_79' title="bbox 2058 3016 3711 3089">
     <span class='ocr_line' id='line_1_79' title="bbox 2058 3016 3711 3089; baseline -0.001 -16"><span class='ocrx_word' id='word_1_581' title='bbox 2058 3017 2163 3073; x_wconf 89' lang='lat' dir='ltr'><strong><em>sed</em></strong></span> <span class='ocrx_word' id='word_1_582' title='bbox 2195 3018 2353 3088; x_wconf 89' lang='lat' dir='ltr'><strong><em>quod</em></strong></span> <span class='ocrx_word' id='word_1_583' title='bbox 2379 3036 2414 3074; x_wconf 91' lang='lat' dir='ltr'><strong><em>a</em></strong></span> <span class='ocrx_word' id='word_1_584' title='bbox 2453 3019 2570 3074; x_wconf 87' lang='lat' dir='ltr'><strong><em>Deo</em></strong></span> <span class='ocrx_word' id='word_1_585' title='bbox 2620 3017 3247 3089; x_wconf 86' lang='lat' dir='ltr'><strong><em>incorruptibilitatem</em></strong></span> <span class='ocrx_word' id='word_1_586' title='bbox 3279 3016 3553 3088; x_wconf 89' lang='lat' dir='ltr'><strong><em>accipiat.</em></strong></span> <span class='ocrx_word' id='word_1_587' title='bbox 3589 3039 3617 3067; x_wconf 87' lang='lat'><strong>«</strong></span> <span class='ocrx_word' id='word_1_588' title='bbox 3651 3016 3711 3088; x_wconf 67' lang='lat' dir='ltr'><strong><em>Si</em></strong></span> 
     </span>
    </p>
   </div>
   <div class='ocr_carea' id='block_1_80' title="bbox 2063 3107 3710 3179">
    <p class='ocr_par' dir='ltr' id='par_1_80' title="bbox 2063 3107 3710 3179">
     <span class='ocr_line' id='line_1_80' title="bbox 2063 3107 3710 3179; baseline -0.001 -18"><span class='ocrx_word' id='word_1_589' title='bbox 2063 3112 2220 3162; x_wconf 90' lang='lat' dir='ltr'><strong><em>certe</em></strong></span> <span class='ocrx_word' id='word_1_590' title='bbox 2281 3108 2473 3163; x_wconf 90' lang='lat' dir='ltr'><strong><em>induti</em></strong></span> <span class='ocrx_word' id='word_1_591' title='bbox 2522 3125 2641 3163; x_wconf 90' lang='lat' dir='ltr'><strong><em>non</em></strong></span> <span class='ocrx_word' id='word_1_592' title='bbox 2703 3107 2847 3163; x_wconf 90' lang='lat' dir='ltr'><strong><em>nudi</em></strong></span> <span class='ocrx_word' id='word_1_593' title='bbox 2906 3108 3297 3179; x_wconf 88' lang='lat' dir='ltr'><strong><em>reperiemur.</em></strong></span> <span class='ocrx_word' id='word_1_594' title='bbox 3360 3131 3388 3157; x_wconf 86' lang='grc'><strong><em>››</em></strong></span> <span class='ocrx_word' id='word_1_595' title='bbox 3426 3109 3543 3162; x_wconf 82' lang='grc' dir='ltr'>Ηοο</span> <span class='ocrx_word' id='word_1_596' title='bbox 3600 3110 3710 3174; x_wconf 89' lang='lat' dir='ltr'><strong><em>est,</em></strong></span> 
     </span>
    </p>
   </div>
   <div class='ocr_carea' id='block_1_81' title="bbox 2062 3197 3717 3269">
    <p class='ocr_par' dir='ltr' id='par_1_81' title="bbox 2062 3197 3717 3269">
     <span class='ocr_line' id='line_1_81' title="bbox 2062 3197 3717 3269; baseline 0 -18"><span class='ocrx_word' id='word_1_597' title='bbox 2062 3213 2404 3268; x_wconf 87' lang='lat' dir='ltr'><strong><em>quanquam</em></strong></span> <span class='ocrx_word' id='word_1_598' title='bbox 2435 3197 2661 3253; x_wconf 88' lang='lat' dir='ltr'><strong><em>anobis</em></strong></span> <span class='ocrx_word' id='word_1_599' title='bbox 2684 3213 2896 3269; x_wconf 88' lang='lat' dir='ltr'><strong><em>corpus</em></strong></span> <span class='ocrx_word' id='word_1_600' title='bbox 2926 3197 3249 3264; x_wconf 82' lang='lat' dir='ltr'><strong><em>auferatur,</em></strong></span> <span class='ocrx_word' id='word_1_601' title='bbox 3281 3213 3403 3251; x_wconf 92' lang='lat' dir='ltr'><strong><em>non</em></strong></span> <span class='ocrx_word' id='word_1_602' title='bbox 3434 3197 3562 3251; x_wconf 88' lang='lat' dir='ltr'><strong><em>sine</em></strong></span> <span class='ocrx_word' id='word_1_603' title='bbox 3586 3213 3717 3251; x_wconf 88' lang='lat' dir='ltr'><strong><em>cor-</em></strong></span> 
     </span>
    </p>
   </div>
   <div class='ocr_carea' id='block_1_82' title="bbox 2061 3285 3710 3358">
    <p class='ocr_par' dir='ltr' id='par_1_82' title="bbox 2061 3285 3710 3358">
     <span class='ocr_line' id='line_1_82' title="bbox 2061 3285 3710 3358; baseline 0.001 -18"><span class='ocrx_word' id='word_1_604' title='bbox 2061 3302 2204 3358; x_wconf 89' lang='lat' dir='ltr'><strong><em>pore</em></strong></span> <span class='ocrx_word' id='word_1_605' title='bbox 2235 3285 2316 3341; x_wconf 89' lang='lat' dir='ltr'><strong><em>ibi</em></strong></span> <span class='ocrx_word' id='word_1_606' title='bbox 2350 3287 2650 3355; x_wconf 89' lang='lat' dir='ltr'><strong><em>sistemur,</em></strong></span> <span class='ocrx_word' id='word_1_607' title='bbox 2684 3285 2789 3342; x_wconf 91' lang='lat' dir='ltr'><strong><em>sed</em></strong></span> <span class='ocrx_word' id='word_1_608' title='bbox 2819 3303 2955 3342; x_wconf 91' lang='lat' dir='ltr'><strong><em>cum</em></strong></span> <span class='ocrx_word' id='word_1_609' title='bbox 2984 3286 3193 3341; x_wconf 89' lang='lat' dir='ltr'><strong><em>eodem</em></strong></span> <span class='ocrx_word' id='word_1_610' title='bbox 3251 3285 3404 3340; x_wconf 81' lang='lat' dir='ltr'><strong><em>facto</em></strong></span> <span class='ocrx_word' id='word_1_611' title='bbox 3437 3285 3710 3341; x_wconf 87' lang='lat' dir='ltr'><strong><em>incorru-</em></strong></span> 
     </span>
    </p>
   </div>
   <div class='ocr_carea' id='block_1_83' title="bbox 2061 3373 3714 3446">
    <p class='ocr_par' dir='ltr' id='par_1_83' title="bbox 2061 3373 3714 3446">
     <span class='ocr_line' id='line_1_83' title="bbox 2061 3373 3714 3446; baseline -0.001 -17"><span class='ocrx_word' id='word_1_612' title='bbox 2061 3374 2539 3446; x_wconf 89' lang='lat' dir='ltr'><strong><em>ptibili.Quidam</em></strong></span> <span class='ocrx_word' id='word_1_613' title='bbox 2559 3381 2758 3433; x_wconf 91' lang='lat' dir='ltr'><strong><em>tamen</em></strong></span> <span class='ocrx_word' id='word_1_614' title='bbox 2789 3374 2997 3431; x_wconf 88' lang='lat' dir='ltr'><strong><em>dicunt</em></strong></span> <span class='ocrx_word' id='word_1_615' title='bbox 3023 3392 3037 3432; x_wconf 88' lang='lat'><strong>:</strong></span> <span class='ocrx_word' id='word_1_616' title='bbox 3062 3375 3117 3430; x_wconf 89' lang='lat' dir='ltr'><strong><em>Si</em></strong></span> <span class='ocrx_word' id='word_1_617' title='bbox 3147 3380 3306 3430; x_wconf 89' lang='lat' dir='ltr'><strong><em>certe</em></strong></span> <span class='ocrx_word' id='word_1_618' title='bbox 3339 3373 3714 3446; x_wconf 88' lang='lat' dir='ltr'><strong><em>superinduti</em></strong></span> 
     </span>
    </p>
   </div>
   <div class='ocr_carea' id='block_1_84' title="bbox 2060 3463 3714 3537">
    <p class='ocr_par' dir='ltr' id='par_1_84' title="bbox 2060 3463 3714 3537">
     <span class='ocr_line' id='line_1_84' title="bbox 2060 3463 3714 3537; baseline -0.001 -18"><span class='ocrx_word' id='word_1_619' title='bbox 2060 3480 2183 3520; x_wconf 92' lang='lat' dir='ltr'><strong><em>non</em></strong></span> <span class='ocrx_word' id='word_1_620' title='bbox 2214 3464 2358 3520; x_wconf 91' lang='lat' dir='ltr'><strong><em>nudi</em></strong></span> <span class='ocrx_word' id='word_1_621' title='bbox 2389 3463 3090 3537; x_wconf 87' lang='lat' dir='ltr'><strong><em>reperiemur.Siquidem</em></strong></span> <span class='ocrx_word' id='word_1_622' title='bbox 3124 3479 3200 3518; x_wconf 91' lang='lat' dir='ltr'><strong><em>ne</em></strong></span> <span class='ocrx_word' id='word_1_623' title='bbox 3233 3480 3441 3521; x_wconf 91' lang='lat' dir='ltr'><strong><em>omnes</em></strong></span> <span class='ocrx_word' id='word_1_624' title='bbox 3473 3478 3714 3519; x_wconf 88' lang='lat' dir='ltr'><strong><em>aresur-</em></strong></span> 
     </span>
    </p>
   </div>
   <div class='ocr_carea' id='block_1_85' title="bbox 2061 3551 3712 3620">
    <p class='ocr_par' dir='ltr' id='par_1_85' title="bbox 2061 3551 3712 3620">
     <span class='ocr_line' id='line_1_85' title="bbox 2061 3551 3712 3620; baseline -0.002 -12"><span class='ocrx_word' id='word_1_625' title='bbox 2061 3554 2326 3611; x_wconf 89' lang='lat' dir='ltr'><strong><em>rectione</em></strong></span> <span class='ocrx_word' id='word_1_626' title='bbox 2359 3554 2636 3610; x_wconf 82' lang='lat' dir='ltr'><strong><em>fiduciam</em></strong></span> <span class='ocrx_word' id='word_1_627' title='bbox 2669 3553 3017 3612; x_wconf 89' lang='lat' dir='ltr'><strong><em>sumant.ait</em></strong></span> <span class='ocrx_word' id='word_1_628' title='bbox 3048 3570 3061 3609; x_wconf 94' lang='lat'><strong>:</strong></span> <span class='ocrx_word' id='word_1_629' title='bbox 3088 3576 3115 3603; x_wconf 82' lang='lat'><strong><em>«</em></strong></span> <span class='ocrx_word' id='word_1_630' title='bbox 3143 3553 3199 3607; x_wconf 89' lang='lat' dir='ltr'><strong><em>Si</em></strong></span> <span class='ocrx_word' id='word_1_631' title='bbox 3245 3558 3404 3608; x_wconf 90' lang='lat' dir='ltr'><strong><em>certe</em></strong></span> <span class='ocrx_word' id='word_1_632' title='bbox 3437 3551 3651 3620; x_wconf 88' lang='lat' dir='ltr'><strong><em>induti,</em></strong></span> <span class='ocrx_word' id='word_1_633' title='bbox 3684 3572 3712 3602; x_wconf 68' lang='grc' dir='ltr'><strong>η</strong></span> 
     </span>
    </p>
   </div>
   <div class='ocr_carea' id='block_1_86' title="bbox 2060 3642 3717 3716">
    <p class='ocr_par' dir='ltr' id='par_1_86' title="bbox 2060 3642 3717 3716">
     <span class='ocr_line' id='line_1_86' title="bbox 2060 3642 3717 3716; baseline -0.001 -18"><span class='ocrx_word' id='word_1_634' title='bbox 2060 3644 2173 3699; x_wconf 90' lang='lat' dir='ltr'><strong><em>hoc</em></strong></span> <span class='ocrx_word' id='word_1_635' title='bbox 2203 3648 2312 3712; x_wconf 88' lang='lat' dir='ltr'><strong><em>est,</em></strong></span> <span class='ocrx_word' id='word_1_636' title='bbox 2346 3649 2587 3716; x_wconf 89' lang='lat' dir='ltr'><strong><em>accepta</em></strong></span> <span class='ocrx_word' id='word_1_637' title='bbox 2644 3642 3204 3714; x_wconf 89' lang='lat' dir='ltr'><strong><em>incorruptibilitate</em></strong></span> <span class='ocrx_word' id='word_1_638' title='bbox 3238 3648 3295 3697; x_wconf 92' lang='lat' dir='ltr'><strong><em>et</em></strong></span> <span class='ocrx_word' id='word_1_639' title='bbox 3324 3658 3570 3713; x_wconf 90' lang='lat' dir='ltr'><strong><em>corpore</em></strong></span> <span class='ocrx_word' id='word_1_640' title='bbox 3624 3642 3717 3697; x_wconf 93' lang='lat' dir='ltr'><strong><em>in-</em></strong></span> 
     </span>
    </p>
   </div>
   <div class='ocr_carea' id='block_1_87' title="bbox 2061 3730 3720 3805">
    <p class='ocr_par' dir='ltr' id='par_1_87' title="bbox 2061 3730 3720 3805">
     <span class='ocr_line' id='line_1_87' title="bbox 2061 3730 3720 3805; baseline -0.003 -18"><span class='ocrx_word' id='word_1_641' title='bbox 2061 3732 2455 3805; x_wconf 90' lang='lat' dir='ltr'><strong><em>corruptibili,</em></strong></span> <span class='ocrx_word' id='word_1_642' title='bbox 2482 3750 2601 3788; x_wconf 91' lang='lat' dir='ltr'><strong><em>non</em></strong></span> <span class='ocrx_word' id='word_1_643' title='bbox 2624 3732 2812 3805; x_wconf 80' lang='lat' dir='ltr'><strong><em>gloria</em></strong></span> <span class='ocrx_word' id='word_1_644' title='bbox 2842 3730 3048 3787; x_wconf 86' lang='lat' dir='ltr'><strong><em>nudati</em></strong></span> <span class='ocrx_word' id='word_1_645' title='bbox 3081 3730 3469 3801; x_wconf 89' lang='lat' dir='ltr'><strong><em>reperiemur.</em></strong></span> <span class='ocrx_word' id='word_1_646' title='bbox 3498 3731 3720 3783; x_wconf 83' lang='lat' dir='ltr'><strong><em>Resur-</em></strong></span> 
     </span>
    </p>
   </div>
   <div class='ocr_carea' id='block_1_88' title="bbox 2063 3817 3719 3894">
    <p class='ocr_par' dir='ltr' id='par_1_88' title="bbox 2063 3817 3719 3894">
     <span class='ocr_line' id='line_1_88' title="bbox 2063 3817 3719 3894; baseline -0.003 -17"><span class='ocrx_word' id='word_1_647' title='bbox 2063 3822 2244 3878; x_wconf 90' lang='lat' dir='ltr'><strong><em>rectio</em></strong></span> <span class='ocrx_word' id='word_1_648' title='bbox 2276 3838 2534 3894; x_wconf 87' lang='lat' dir='ltr'><strong><em>namque</em></strong></span> <span class='ocrx_word' id='word_1_649' title='bbox 2589 3821 2925 3878; x_wconf 90' lang='lat' dir='ltr'><strong><em>communis</em></strong></span> <span class='ocrx_word' id='word_1_650' title='bbox 2957 3821 3069 3875; x_wconf 86' lang='lat' dir='ltr'><strong><em>erit</em></strong></span> <span class='ocrx_word' id='word_1_651' title='bbox 3121 3818 3412 3884; x_wconf 90' lang='lat' dir='ltr'><strong><em>omnium,</em></strong></span> <span class='ocrx_word' id='word_1_652' title='bbox 3444 3822 3505 3872; x_wconf 91' lang='lat' dir='ltr'><strong><em>at</em></strong></span> <span class='ocrx_word' id='word_1_653' title='bbox 3529 3817 3719 3889; x_wconf 80' lang='lat' dir='ltr'><strong><em>gloria</em></strong></span> 
     </span>
    </p>
   </div>
   <div class='ocr_carea' id='block_1_89' title="bbox 2063 3906 3719 3984">
    <p class='ocr_par' dir='ltr' id='par_1_89' title="bbox 2063 3906 3719 3984">
     <span class='ocr_line' id='line_1_89' title="bbox 2063 3906 3719 3984; baseline -0.004 -15"><span class='ocrx_word' id='word_1_654' title='bbox 2063 3930 2184 3969; x_wconf 91' lang='lat' dir='ltr'><strong><em>non</em></strong></span> <span class='ocrx_word' id='word_1_655' title='bbox 2216 3913 2356 3969; x_wconf 88' lang='lat' dir='ltr'><strong><em>item</em></strong></span> <span class='ocrx_word' id='word_1_656' title='bbox 2375 3912 2621 3984; x_wconf 58' lang='lat' dir='ltr'><strong><em>aqualis</em></strong></span> <span class='ocrx_word' id='word_1_657' title='bbox 2641 3930 2654 3966; x_wconf 88' lang='lat'><strong>:</strong></span> <span class='ocrx_word' id='word_1_658' title='bbox 2672 3912 2774 3967; x_wconf 92' lang='lat' dir='ltr'><strong><em>sed</em></strong></span> <span class='ocrx_word' id='word_1_659' title='bbox 2798 3910 2898 3965; x_wconf 91' lang='lat' dir='ltr'><strong><em>alii</em></strong></span> <span class='ocrx_word' id='word_1_660' title='bbox 2925 3909 3166 3981; x_wconf 89' lang='lat' dir='ltr'><strong><em>quidem</em></strong></span> <span class='ocrx_word' id='word_1_661' title='bbox 3189 3913 3363 3962; x_wconf 88' lang='lat' dir='ltr'><strong><em>erunt</em></strong></span> <span class='ocrx_word' id='word_1_662' title='bbox 3384 3906 3445 3960; x_wconf 90' lang='lat' dir='ltr'><strong><em>in</em></strong></span> <span class='ocrx_word' id='word_1_663' title='bbox 3471 3906 3719 3975; x_wconf 89' lang='lat' dir='ltr'><strong><em>honore,</em></strong></span> 
     </span>
    </p>
   </div>
   <div class='ocr_carea' id='block_1_90' title="bbox 2064 3997 3715 4069">
    <p class='ocr_par' dir='ltr' id='par_1_90' title="bbox 2064 3997 3715 4069">
     <span class='ocr_line' id='line_1_90' title="bbox 2064 3997 3715 4069; baseline -0.005 -10"><span class='ocrx_word' id='word_1_664' title='bbox 2064 4005 2166 4059; x_wconf 88' lang='lat' dir='ltr'><strong><em>alii</em></strong></span> <span class='ocrx_word' id='word_1_665' title='bbox 2198 4019 2333 4059; x_wconf 88' lang='lat' dir='ltr'><strong><em>vero</em></strong></span> <span class='ocrx_word' id='word_1_666' title='bbox 2364 4004 2425 4057; x_wconf 90' lang='lat' dir='ltr'><strong><em>in</em></strong></span> <span class='ocrx_word' id='word_1_667' title='bbox 2457 4001 2839 4057; x_wconf 89' lang='lat' dir='ltr'><strong><em>contumelia.</em></strong></span> <span class='ocrx_word' id='word_1_668' title='bbox 2874 4021 2902 4049; x_wconf 87' lang='lat'><strong><em>«</em></strong></span> <span class='ocrx_word' id='word_1_669' title='bbox 2936 4000 3063 4053; x_wconf 89' lang='lat' dir='ltr'><strong><em>Non</em></strong></span> <span class='ocrx_word' id='word_1_670' title='bbox 3114 3997 3259 4052; x_wconf 90' lang='lat' dir='ltr'><strong><em>nudi</em></strong></span> <span class='ocrx_word' id='word_1_671' title='bbox 3292 3997 3715 4069; x_wconf 82' lang='lat' dir='ltr'><strong><em>reperiemur.»</em></strong></span> 
     </span>
    </p>
   </div>
   <div class='ocr_carea' id='block_1_91' title="bbox 2065 4087 3720 4159">
    <p class='ocr_par' dir='ltr' id='par_1_91' title="bbox 2065 4087 3720 4159">
     <span class='ocr_line' id='line_1_91' title="bbox 2065 4087 3720 4159; baseline -0.004 -10"><span class='ocrx_word' id='word_1_672' title='bbox 2065 4095 2145 4149; x_wconf 87' lang='lat' dir='ltr'><strong><em>Ne</em></strong></span> <span class='ocrx_word' id='word_1_673' title='bbox 2160 4110 2226 4148; x_wconf 87' lang='lat' dir='ltr'><strong><em>ex</em></strong></span> <span class='ocrx_word' id='word_1_674' title='bbox 2242 4092 2368 4147; x_wconf 91' lang='lat' dir='ltr'><strong><em>sola</em></strong></span> <span class='ocrx_word' id='word_1_675' title='bbox 2389 4091 2823 4157; x_wconf 60' lang='lat' dir='ltr'><strong><em>resurreciione</em></strong></span> <span class='ocrx_word' id='word_1_676' title='bbox 2840 4103 3276 4159; x_wconf 88' lang='lat' dir='ltr'><strong><em>corporumque</em></strong></span> <span class='ocrx_word' id='word_1_677' title='bbox 3301 4087 3720 4143; x_wconf 88' lang='lat' dir='ltr'><strong><em>immutatione</em></strong></span> 
     </span>
    </p>
   </div>
   <div class='ocr_carea' id='block_1_92' title="bbox 2066 4176 3715 4250">
    <p class='ocr_par' dir='ltr' id='par_1_92' title="bbox 2066 4176 3715 4250">
     <span class='ocr_line' id='line_1_92' title="bbox 2066 4176 3715 4250; baseline -0.005 -11"><span class='ocrx_word' id='word_1_678' title='bbox 2066 4182 2409 4239; x_wconf 79' lang='lat' dir='ltr'><strong><em>existiment</em></strong></span> <span class='ocrx_word' id='word_1_679' title='bbox 2436 4196 2561 4235; x_wconf 89' lang='lat' dir='ltr'><strong><em>rem</em></strong></span> <span class='ocrx_word' id='word_1_680' title='bbox 2585 4194 2825 4235; x_wconf 89' lang='lat' dir='ltr'><strong><em>omnem</em></strong></span> <span class='ocrx_word' id='word_1_681' title='bbox 2857 4182 3162 4250; x_wconf 86' lang='lat' dir='ltr'><strong><em>peractam</em></strong></span> <span class='ocrx_word' id='word_1_682' title='bbox 3194 4193 3346 4245; x_wconf 91' lang='lat' dir='ltr'><strong><em>esse,</em></strong></span> <span class='ocrx_word' id='word_1_683' title='bbox 3383 4176 3715 4247; x_wconf 87' lang='lat' dir='ltr'><strong><em>subjungit:</em></strong></span> 
     </span>
    </p>
   </div>
   <div class='ocr_carea' id='block_1_93' title="bbox 2067 4264 3722 4339">
    <p class='ocr_par' dir='ltr' id='par_1_93' title="bbox 2067 4264 3722 4339">
     <span class='ocr_line' id='line_1_93' title="bbox 2067 4264 3722 4339; baseline -0.005 -13"><span class='ocrx_word' id='word_1_684' title='bbox 2067 4272 2124 4326; x_wconf 92' lang='lat' dir='ltr'><strong><em>Si</em></strong></span> <span class='ocrx_word' id='word_1_685' title='bbox 2157 4276 2315 4326; x_wconf 88' lang='lat' dir='ltr'><strong><em>certe</em></strong></span> <span class='ocrx_word' id='word_1_686' title='bbox 2366 4267 2929 4339; x_wconf 87' lang='lat' dir='ltr'><strong><em>incorruptibilitate</em></strong></span> <span class='ocrx_word' id='word_1_687' title='bbox 2980 4267 3111 4339; x_wconf 89' lang='lat' dir='ltr'><strong><em>ipsa</em></strong></span> <span class='ocrx_word' id='word_1_688' title='bbox 3142 4266 3484 4333; x_wconf 87' lang='lat' dir='ltr'><strong><em>induti,non</em></strong></span> <span class='ocrx_word' id='word_1_689' title='bbox 3515 4264 3722 4319; x_wconf 90' lang='lat' dir='ltr'><strong><em>nudati</em></strong></span> 
     </span>
    </p>
   </div>
   <div class='ocr_carea' id='block_1_94' title="bbox 2068 4351 3723 4431">
    <p class='ocr_par' dir='ltr' id='par_1_94' title="bbox 2068 4351 3723 4431">
     <span class='ocr_line' id='line_1_94' title="bbox 2068 4351 3723 4431; baseline -0.006 -17"><span class='ocrx_word' id='word_1_690' title='bbox 2068 4358 2440 4431; x_wconf 88' lang='lat' dir='ltr'><strong><em>reperiamur</em></strong></span> <span class='ocrx_word' id='word_1_691' title='bbox 2468 4356 2657 4428; x_wconf 80' lang='lat' dir='ltr'><strong><em>gloria</em></strong></span> <span class='ocrx_word' id='word_1_692' title='bbox 2685 4361 2744 4411; x_wconf 89' lang='lat' dir='ltr'><strong><em>et</em></strong></span> <span class='ocrx_word' id='word_1_693' title='bbox 2768 4353 3328 4426; x_wconf 88' lang='lat' dir='ltr'><strong><em>honore.Siquidem</em></strong></span> <span class='ocrx_word' id='word_1_694' title='bbox 3356 4351 3723 4422; x_wconf 90' lang='lat' dir='ltr'><strong><em>incorruptio</em></strong></span> 
     </span>
    </p>
   </div>
   <div class='ocr_carea' id='block_1_95' title="bbox 2070 4440 3720 4518">
    <p class='ocr_par' dir='ltr' id='par_1_95' title="bbox 2070 4440 3720 4518">
     <span class='ocr_line' id='line_1_95' title="bbox 2070 4440 3720 4518; baseline -0.004 -15"><span class='ocrx_word' id='word_1_695' title='bbox 2070 4448 2164 4503; x_wconf 86' lang='lat' dir='ltr'><strong><em>his</em></strong></span> <span class='ocrx_word' id='word_1_696' title='bbox 2213 4446 2454 4518; x_wconf 87' lang='lat' dir='ltr'><strong><em>quidem</em></strong></span> <span class='ocrx_word' id='word_1_697' title='bbox 2514 4447 2577 4500; x_wconf 91' lang='lat' dir='ltr'><strong><em>in</em></strong></span> <span class='ocrx_word' id='word_1_698' title='bbox 2615 4445 2863 4513; x_wconf 89' lang='lat' dir='ltr'><strong><em>malum,</em></strong></span> <span class='ocrx_word' id='word_1_699' title='bbox 2898 4445 3021 4500; x_wconf 88' lang='lat' dir='ltr'><strong><em>illis</em></strong></span> <span class='ocrx_word' id='word_1_700' title='bbox 3054 4460 3188 4500; x_wconf 86' lang='lat' dir='ltr'><strong><em>vero</em></strong></span> <span class='ocrx_word' id='word_1_701' title='bbox 3212 4444 3275 4497; x_wconf 91' lang='lat' dir='ltr'><strong><em>in</em></strong></span> <span class='ocrx_word' id='word_1_702' title='bbox 3305 4442 3528 4497; x_wconf 88' lang='lat' dir='ltr'><strong><em>bonum</em></strong></span> <span class='ocrx_word' id='word_1_703' title='bbox 3565 4440 3720 4496; x_wconf 91' lang='lat' dir='ltr'><strong><em>erit:</em></strong></span> 
     </span>
    </p>
   </div>
   <div class='ocr_carea' id='block_1_96' title="bbox 311 4528 1953 4612">
    <p class='ocr_par' dir='ltr' id='par_1_96' title="bbox 311 4534 1953 4612">
     <span class='ocr_line' id='line_1_96' title="bbox 311 4534 1953 4612; baseline -0.001 -21"><span class='ocrx_word' id='word_1_704' title='bbox 311 4534 440 4593; x_wconf 82' lang='grc' dir='ltr'>ἀλλ’</span> <span class='ocrx_word' id='word_1_705' title='bbox 487 4534 873 4592; x_wconf 73' lang='grc' dir='ltr'>ἐπενδύσασθαι</span> <span class='ocrx_word' id='word_1_706' title='bbox 922 4538 1022 4606; x_wconf 76' lang='grc' dir='ltr'>τὴν</span> <span class='ocrx_word' id='word_1_707' title='bbox 1067 4535 1365 4610; x_wconf 77' lang='grc' dir='ltr'>ἀφθαρσίαν</span> <span class='ocrx_word' id='word_1_708' title='bbox 1421 4534 1747 4612; x_wconf 83' lang='grc' dir='ltr'>ὀρεγόμεθα.</span> <span class='ocrx_word' id='word_1_709' title='bbox 1794 4558 1823 4587; x_wconf 79' lang='grc' dir='ltr'><strong><em>α</em></strong></span> <span class='ocrx_word' id='word_1_710' title='bbox 1858 4536 1953 4591; x_wconf 83' lang='grc' dir='ltr'><strong><em>Βα-</em></strong></span> 
     </span>
    </p>
   </div>
   <div class='ocr_carea' id='block_1_97' title="bbox 2064 4528 3721 4612">
    <p class='ocr_par' dir='ltr' id='par_1_97' title="bbox 2074 4528 3721 4610">
     <span class='ocr_line' id='line_1_97' title="bbox 2074 4528 3721 4610; baseline -0.005 -17"><span class='ocrx_word' id='word_1_711' title='bbox 2074 4542 2361 4610; x_wconf 89' lang='lat' dir='ltr'><strong><em>perpetuo</em></strong></span> <span class='ocrx_word' id='word_1_712' title='bbox 2389 4534 2601 4591; x_wconf 88' lang='lat' dir='ltr'><strong><em>durare</em></strong></span> <span class='ocrx_word' id='word_1_713' title='bbox 2642 4535 2864 4591; x_wconf 85' lang='lat' dir='ltr'><strong><em>faciens</em></strong></span> <span class='ocrx_word' id='word_1_714' title='bbox 2897 4540 2954 4590; x_wconf 89' lang='lat' dir='ltr'><strong><em>et</em></strong></span> <span class='ocrx_word' id='word_1_715' title='bbox 2986 4535 3246 4590; x_wconf 89' lang='lat' dir='ltr'><strong><em>honores</em></strong></span> <span class='ocrx_word' id='word_1_716' title='bbox 3301 4538 3358 4587; x_wconf 88' lang='lat' dir='ltr'><strong><em>et</em></strong></span> <span class='ocrx_word' id='word_1_717' title='bbox 3412 4528 3721 4603; x_wconf 89' lang='lat' dir='ltr'><strong><em>supplicia.</em></strong></span> 
     </span>
    </p>
   </div>
   <div class='ocr_carea' id='block_1_98' title="bbox 313 4623 1960 4701">
    <p class='ocr_par' dir='ltr' id='par_1_98' title="bbox 313 4623 1960 4701">
     <span class='ocr_line' id='line_1_98' title="bbox 313 4623 1960 4701; baseline -0.002 -19"><span class='ocrx_word' id='word_1_718' title='bbox 313 4626 593 4701; x_wconf 85' lang='grc' dir='ltr'>ρούμενοι.</span> <span class='ocrx_word' id='word_1_719' title='bbox 642 4651 670 4679; x_wconf 82' lang='grc'><strong><em>››</em></strong></span> <span class='ocrx_word' id='word_1_720' title='bbox 730 4623 953 4696; x_wconf 78' lang='grc' dir='ltr'>Ἐπειδή</span> <span class='ocrx_word' id='word_1_721' title='bbox 1011 4624 1284 4682; x_wconf 78' lang='grc' dir='ltr'>ἀντέκειτο</span> <span class='ocrx_word' id='word_1_722' title='bbox 1341 4624 1490 4693; x_wconf 82' lang='grc' dir='ltr'>αύτῷ</span> <span class='ocrx_word' id='word_1_723' title='bbox 1546 4626 1582 4694; x_wconf 81' lang='grc' dir='ltr'>ἡ</span> <span class='ocrx_word' id='word_1_724' title='bbox 1640 4625 1794 4693; x_wconf 89' lang='grc' dir='ltr'>κοινή</span> <span class='ocrx_word' id='word_1_725' title='bbox 1851 4627 1960 4679; x_wconf 80' lang='grc' dir='ltr'><strong><em>τῶν</em></strong></span> 
     </span>
    </p>
   </div>
   <div class='ocr_carea' id='block_1_99' title="bbox 312 4713 1964 4791">
    <p class='ocr_par' dir='ltr' id='par_1_99' title="bbox 312 4713 1964 4791">
     <span class='ocr_line' id='line_1_99' title="bbox 312 4713 1964 4791; baseline 0 -22"><span class='ocrx_word' id='word_1_726' title='bbox 312 4715 616 4789; x_wconf 86' lang='grc' dir='ltr'>ἀνθρώπων</span> <span class='ocrx_word' id='word_1_727' title='bbox 659 4713 807 4786; x_wconf 77' lang='grc' dir='ltr'>δόξα,</span> <span class='ocrx_word' id='word_1_728' title='bbox 845 4715 927 4785; x_wconf 85' lang='grc' dir='ltr'>Τί,</span> <span class='ocrx_word' id='word_1_729' title='bbox 986 4714 1142 4791; x_wconf 78' lang='grc' dir='ltr'>φησὶ,</span> <span class='ocrx_word' id='word_1_730' title='bbox 1197 4715 1489 4785; x_wconf 83' lang='grc' dir='ltr'>στενάζεις,</span> <span class='ocrx_word' id='word_1_731' title='bbox 1537 4714 1626 4769; x_wconf 84' lang='grc' dir='ltr'>ἳνα</span> <span class='ocrx_word' id='word_1_732' title='bbox 1672 4714 1851 4789; x_wconf 82' lang='grc' dir='ltr'>ἀποθῇ</span> <span class='ocrx_word' id='word_1_733' title='bbox 1900 4713 1964 4769; x_wconf 85' lang='grc' dir='ltr'>τὸ</span> 
     </span>
    </p>
   </div>
   <div class='ocr_carea' id='block_1_100' title="bbox 315 4803 1960 4882">
    <p class='ocr_par' dir='ltr' id='par_1_100' title="bbox 315 4803 1960 4882">
     <span class='ocr_line' id='line_1_100' title="bbox 315 4803 1960 4882; baseline -0.001 -23"><span class='ocrx_word' id='word_1_734' title='bbox 315 4808 512 4878; x_wconf 55' lang='lat' dir='ltr'><strong><em>caput;</em></strong></span> <span class='ocrx_word' id='word_1_735' title='bbox 544 4804 737 4861; x_wconf 81' lang='grc' dir='ltr'>Καίτοι</span> <span class='ocrx_word' id='word_1_736' title='bbox 766 4803 962 4869; x_wconf 85' lang='grc' dir='ltr'>πάντες</span> <span class='ocrx_word' id='word_1_737' title='bbox 1016 4804 1293 4882; x_wconf 81' lang='grc' dir='ltr'>ἂνθρωποι</span> <span class='ocrx_word' id='word_1_738' title='bbox 1347 4806 1692 4874; x_wconf 80' lang='grc' dir='ltr'>στενάζουσιν</span> <span class='ocrx_word' id='word_1_739' title='bbox 1733 4803 1825 4858; x_wconf 86' lang='grc' dir='ltr'>’ἱνα</span> <span class='ocrx_word' id='word_1_740' title='bbox 1883 4804 1960 4876; x_wconf 87' lang='grc' dir='ltr'>μή</span> 
     </span>
    </p>
   </div>
   <div class='ocr_carea' id='block_1_101' title="bbox 316 4890 1968 4974">
    <p class='ocr_par' dir='ltr' id='par_1_101' title="bbox 316 4890 1968 4974">
     <span class='ocr_line' id='line_1_101' title="bbox 316 4890 1968 4974; baseline 0 -26"><span class='ocrx_word' id='word_1_741' title='bbox 316 4891 645 4962; x_wconf 86' lang='grc' dir='ltr'>ἀποθάνωσι,</span> <span class='ocrx_word' id='word_1_742' title='bbox 675 4894 858 4974; x_wconf 78' lang='grc' dir='ltr'>φησίν.</span> <span class='ocrx_word' id='word_1_743' title='bbox 889 4891 1032 4951; x_wconf 66' lang='grc' dir='ltr'>Οὐδὲ</span> <span class='ocrx_word' id='word_1_744' title='bbox 1083 4896 1250 4967; x_wconf 77' lang='grc' dir='ltr'>ἡμεῖς</span> <span class='ocrx_word' id='word_1_745' title='bbox 1298 4895 1644 4966; x_wconf 80' lang='grc' dir='ltr'>στενάζομεν,</span> <span class='ocrx_word' id='word_1_746' title='bbox 1689 4890 1782 4948; x_wconf 67' lang='grc' dir='ltr'>’ίνα</span> <span class='ocrx_word' id='word_1_747' title='bbox 1827 4893 1968 4948; x_wconf 74' lang='grc' dir='ltr'>ἀπο-</span> 
     </span>
    </p>
   </div>
   <div class='ocr_carea' id='block_1_102' title="bbox 318 4979 1968 5057">
    <p class='ocr_par' dir='ltr' id='par_1_102' title="bbox 318 4979 1968 5057">
     <span class='ocr_line' id='line_1_102' title="bbox 318 4979 1968 5057; baseline -0.001 -19"><span class='ocrx_word' id='word_1_748' title='bbox 318 4983 542 5056; x_wconf 85' lang='grc' dir='ltr'>θώμεθα</span> <span class='ocrx_word' id='word_1_749' title='bbox 570 4984 632 5040; x_wconf 85' lang='grc' dir='ltr'>τὸ</span> <span class='ocrx_word' id='word_1_750' title='bbox 663 4989 824 5057; x_wconf 80' lang='grc' dir='ltr'>σῶμα</span> <span class='ocrx_word' id='word_1_751' title='bbox 852 4983 963 5043; x_wconf 68' lang='grc' dir='ltr'>ικαὶ</span> <span class='ocrx_word' id='word_1_752' title='bbox 1012 4981 1382 5057; x_wconf 73' lang='grc' dir='ltr'>ἑκδυσώμεθα,</span> <span class='ocrx_word' id='word_1_753' title='bbox 1432 4980 1560 5038; x_wconf 86' lang='grc' dir='ltr'>ἀλλ’</span> <span class='ocrx_word' id='word_1_754' title='bbox 1604 4984 1696 5037; x_wconf 81' lang='grc' dir='ltr'>’ἱνα</span> <span class='ocrx_word' id='word_1_755' title='bbox 1751 4979 1968 5037; x_wconf 68' lang='grc' dir='ltr'>ἐπενδυ-</span> 
     </span>
    </p>
   </div>
   <div class='ocr_carea' id='block_1_103' title="bbox 320 5068 1968 5150">
    <p class='ocr_par' dir='ltr' id='par_1_103' title="bbox 320 5068 1968 5150">
     <span class='ocr_line' id='line_1_103' title="bbox 320 5068 1968 5150; baseline -0.001 -24"><span class='ocrx_word' id='word_1_756' title='bbox 320 5072 542 5146; x_wconf 84' lang='grc' dir='ltr'>σώμεθα</span> <span class='ocrx_word' id='word_1_757' title='bbox 578 5075 676 5144; x_wconf 79' lang='grc' dir='ltr'><strong><em>τήν</em></strong></span> <span class='ocrx_word' id='word_1_758' title='bbox 708 5072 1026 5149; x_wconf 72' lang='grc' dir='ltr'>ἀφθαρσίαν.</span> <span class='ocrx_word' id='word_1_759' title='bbox 1062 5074 1143 5130; x_wconf 84' lang='grc' dir='ltr'><strong><em>Οὐ</em></strong></span> <span class='ocrx_word' id='word_1_760' title='bbox 1182 5073 1284 5147; x_wconf 73' lang='grc' dir='ltr'><strong><em>γὰρ</em></strong></span> <span class='ocrx_word' id='word_1_761' title='bbox 1337 5068 1549 5142; x_wconf 75' lang='grc' dir='ltr'>ἐπειδὴ,</span> <span class='ocrx_word' id='word_1_762' title='bbox 1598 5069 1753 5150; x_wconf 82' lang='grc' dir='ltr'>φησὶ,</span> <span class='ocrx_word' id='word_1_763' title='bbox 1807 5071 1968 5144; x_wconf 84' lang='grc' dir='ltr'>σῶμά</span> 
     </span>
    </p>
   </div>
   <div class='ocr_carea' id='block_1_104' title="bbox 316 5157 1963 5237">
    <p class='ocr_par' dir='ltr' id='par_1_104' title="bbox 316 5157 1963 5237">
     <span class='ocr_line' id='line_1_104' title="bbox 316 5157 1963 5237; baseline -0.001 -21"><span class='ocrx_word' id='word_1_764' title='bbox 316 5159 452 5231; x_wconf 74' lang='grc' dir='ltr'>ἐστι,</span> <span class='ocrx_word' id='word_1_765' title='bbox 488 5161 824 5237; x_wconf 86' lang='grc' dir='ltr'>βαρούμεθα,</span> <span class='ocrx_word' id='word_1_766' title='bbox 874 5160 1003 5217; x_wconf 80' lang='grc' dir='ltr'>ἁλλ’</span> <span class='ocrx_word' id='word_1_767' title='bbox 1051 5159 1237 5231; x_wconf 77' lang='grc' dir='ltr'>ἐπειδὴ</span> <span class='ocrx_word' id='word_1_768' title='bbox 1288 5160 1486 5232; x_wconf 80' lang='grc' dir='ltr'>θνητὸν</span> <span class='ocrx_word' id='word_1_769' title='bbox 1533 5160 1625 5215; x_wconf 85' lang='grc' dir='ltr'><strong><em>καὶ</em></strong></span> <span class='ocrx_word' id='word_1_770' title='bbox 1672 5157 1963 5237; x_wconf 77' lang='grc' dir='ltr'>ἄφθαρτον.</span> 
     </span>
    </p>
   </div>
   <div class='ocr_carea' id='block_1_105' title="bbox 317 5247 1967 5330">
    <p class='ocr_par' dir='ltr' id='par_1_105' title="bbox 317 5247 1967 5330">
     <span class='ocr_line' id='line_1_105' title="bbox 317 5247 1967 5330; baseline -0.001 -25"><span class='ocrx_word' id='word_1_771' title='bbox 317 5275 346 5305; x_wconf 79' lang='grc' dir='ltr'>ι(</span> <span class='ocrx_word' id='word_1_772' title='bbox 379 5253 497 5330; x_wconf 82' lang='grc' dir='ltr'><strong><em>Ἐφ’</em></strong></span> <span class='ocrx_word' id='word_1_773' title='bbox 527 5254 573 5326; x_wconf 81' lang='grc' dir='ltr'>ᾧ</span> <span class='ocrx_word' id='word_1_774' title='bbox 605 5253 669 5307; x_wconf 80' lang='grc' dir='ltr'><strong><em>ού</em></strong></span> <span class='ocrx_word' id='word_1_775' title='bbox 699 5251 930 5327; x_wconf 80' lang='grc' dir='ltr'>σὲλομεν</span> <span class='ocrx_word' id='word_1_776' title='bbox 987 5249 1329 5307; x_wconf 75' lang='grc' dir='ltr'>ἐκδύσασθαι.</span> <span class='ocrx_word' id='word_1_777' title='bbox 1364 5275 1394 5302; x_wconf 87' lang='grc'><strong><em>››</em></strong></span> <span class='ocrx_word' id='word_1_778' title='bbox 1443 5250 1544 5319; x_wconf 84' lang='grc' dir='ltr'>Τὸ,</span> <span class='ocrx_word' id='word_1_779' title='bbox 1601 5247 1682 5326; x_wconf 81' lang='grc' dir='ltr'><strong><em>ἐφ’</em></strong></span> <span class='ocrx_word' id='word_1_780' title='bbox 1740 5250 1807 5321; x_wconf 82' lang='grc' dir='ltr'><strong><em>ᾧ,</em></strong></span> <span class='ocrx_word' id='word_1_781' title='bbox 1850 5248 1967 5304; x_wconf 84' lang='grc' dir='ltr'>ἀντὶ</span> 
     </span>
    </p>
   </div>
   <div class='ocr_carea' id='block_1_106' title="bbox 311 5339 1970 5416">
    <p class='ocr_par' dir='ltr' id='par_1_106' title="bbox 311 5339 1970 5416">
     <span class='ocr_line' id='line_1_106' title="bbox 311 5339 1970 5416; baseline -0.002 -19"><span class='ocrx_word' id='word_1_782' title='bbox 311 5346 413 5397; x_wconf 89' lang='grc' dir='ltr'><strong><em>τοῦ</em></strong></span> <span class='ocrx_word' id='word_1_783' title='bbox 471 5339 687 5413; x_wconf 71' lang='grc' dir='ltr'>ἐπειδή.</span> <span class='ocrx_word' id='word_1_784' title='bbox 761 5366 782 5394; x_wconf 81' lang='grc' dir='ltr'>ι</span> <span class='ocrx_word' id='word_1_785' title='bbox 827 5345 946 5397; x_wconf 84' lang='grc' dir='ltr'>Ἵνα</span> <span class='ocrx_word' id='word_1_786' title='bbox 996 5344 1286 5416; x_wconf 79' lang='grc' dir='ltr'>καταποθῇ</span> <span class='ocrx_word' id='word_1_787' title='bbox 1343 5340 1406 5394; x_wconf 85' lang='grc' dir='ltr'>τὸ</span> <span class='ocrx_word' id='word_1_788' title='bbox 1459 5339 1651 5410; x_wconf 82' lang='grc' dir='ltr'>θνητὸν</span> <span class='ocrx_word' id='word_1_789' title='bbox 1714 5339 1815 5394; x_wconf 82' lang='grc' dir='ltr'>ὑπὸ</span> <span class='ocrx_word' id='word_1_790' title='bbox 1870 5345 1970 5410; x_wconf 84' lang='grc' dir='ltr'><strong><em>τῆς</em></strong></span> 
     </span>
    </p>
   </div>
   <div class='ocr_carea' id='block_1_107' title="bbox 317 5425 1970 5510">
    <p class='ocr_par' dir='ltr' id='par_1_107' title="bbox 317 5425 1970 5510">
     <span class='ocr_line' id='line_1_107' title="bbox 317 5425 1970 5510; baseline -0.002 -24"><span class='ocrx_word' id='word_1_791' title='bbox 317 5434 483 5501; x_wconf 74' lang='grc' dir='ltr'>ζωῆς.</span> <span class='ocrx_word' id='word_1_792' title='bbox 520 5456 550 5484; x_wconf 81' lang='grc'><strong><em>››</em></strong></span> <span class='ocrx_word' id='word_1_793' title='bbox 597 5428 1041 5501; x_wconf 84' lang='grc' dir='ltr'>Ἐπενδύσασθαι,</span> <span class='ocrx_word' id='word_1_794' title='bbox 1092 5431 1247 5510; x_wconf 76' lang='grc' dir='ltr'>φησὶ,</span> <span class='ocrx_word' id='word_1_795' title='bbox 1298 5425 1619 5503; x_wconf 87' lang='grc' dir='ltr'>σπεύδομεν,</span> <span class='ocrx_word' id='word_1_796' title='bbox 1664 5426 1757 5483; x_wconf 72' lang='grc' dir='ltr'>’ίνα</span> <span class='ocrx_word' id='word_1_797' title='bbox 1801 5449 1970 5484; x_wconf 82' lang='grc' dir='ltr'>κατα-</span> 
     </span>
    </p>
   </div>
   <div class='ocr_carea' id='block_1_108' title="bbox 314 5519 1973 5600">
    <p class='ocr_par' dir='ltr' id='par_1_108' title="bbox 314 5519 1973 5600">
     <span class='ocr_line' id='line_1_108' title="bbox 314 5519 1973 5600; baseline -0.001 -24"><span class='ocrx_word' id='word_1_798' title='bbox 314 5523 459 5596; x_wconf 84' lang='grc' dir='ltr'>ποθῇ</span> <span class='ocrx_word' id='word_1_799' title='bbox 514 5522 579 5578; x_wconf 88' lang='grc' dir='ltr'>τὸ</span> <span class='ocrx_word' id='word_1_800' title='bbox 635 5526 727 5577; x_wconf 90' lang='grc' dir='ltr'><strong><em>νῦν</em></strong></span> <span class='ocrx_word' id='word_1_801' title='bbox 787 5521 985 5592; x_wconf 83' lang='grc' dir='ltr'>θνητὸν</span> <span class='ocrx_word' id='word_1_802' title='bbox 1038 5521 1129 5577; x_wconf 84' lang='grc' dir='ltr'><strong><em>καὶ</em></strong></span> <span class='ocrx_word' id='word_1_803' title='bbox 1189 5519 1421 5600; x_wconf 85' lang='grc' dir='ltr'>φθαρτὸν</span> <span class='ocrx_word' id='word_1_804' title='bbox 1497 5523 1658 5594; x_wconf 84' lang='grc' dir='ltr'>σῶμα</span> <span class='ocrx_word' id='word_1_805' title='bbox 1712 5519 1815 5575; x_wconf 78' lang='grc' dir='ltr'>ὑπὸ</span> <span class='ocrx_word' id='word_1_806' title='bbox 1869 5524 1973 5589; x_wconf 84' lang='grc' dir='ltr'><strong><em>τῆς</em></strong></span> 
     </span>
    </p>
   </div>
   <div class='ocr_carea' id='block_1_109' title="bbox 315 5609 1082 5689">
    <p class='ocr_par' dir='ltr' id='par_1_109' title="bbox 315 5609 1082 5689">
     <span class='ocr_line' id='line_1_109' title="bbox 315 5609 1082 5689; baseline 0.004 -23"><span class='ocrx_word' id='word_1_807' title='bbox 315 5609 614 5689; x_wconf 85' lang='grc' dir='ltr'>ἀφθαρσίας</span> <span class='ocrx_word' id='word_1_808' title='bbox 648 5609 740 5667; x_wconf 85' lang='grc' dir='ltr'><strong><em>καὶ</em></strong></span> <span class='ocrx_word' id='word_1_809' title='bbox 771 5609 1082 5677; x_wconf 87' lang='grc' dir='ltr'>ἀθανασίας.</span> 
     </span>
    </p>
   </div>
   <div class='ocr_carea' id='block_1_110' title="bbox 2074 4620 3730 4694">
    <p class='ocr_par' dir='ltr' id='par_1_110' title="bbox 2074 4620 3730 4694">
     <span class='ocr_line' id='line_1_110' title="bbox 2074 4620 3730 4694; baseline -0.006 -11"><span class='ocrx_word' id='word_1_810' title='bbox 2074 4650 2102 4678; x_wconf 87' lang='grc'><strong><em>‹‹</em></strong></span> <span class='ocrx_word' id='word_1_811' title='bbox 2136 4626 2458 4683; x_wconf 88' lang='lat' dir='ltr'><strong><em>Gemimus.</em></strong></span> <span class='ocrx_word' id='word_1_812' title='bbox 2483 4648 2512 4676; x_wconf 89' lang='grc'><strong><em>››</em></strong></span> <span class='ocrx_word' id='word_1_813' title='bbox 2546 4624 2869 4694; x_wconf 84' lang='lat' dir='ltr'><strong><em>Gemimus,</em></strong></span> <span class='ocrx_word' id='word_1_814' title='bbox 2904 4623 3120 4694; x_wconf 88' lang='lat' dir='ltr'><strong><em>inquit,</em></strong></span> <span class='ocrx_word' id='word_1_815' title='bbox 3148 4639 3269 4677; x_wconf 91' lang='lat' dir='ltr'><strong><em>non</em></strong></span> <span class='ocrx_word' id='word_1_816' title='bbox 3328 4620 3638 4692; x_wconf 87' lang='lat' dir='ltr'><strong><em>cupientes</em></strong></span> <span class='ocrx_word' id='word_1_817' title='bbox 3694 4633 3730 4673; x_wconf 91' lang='lat' dir='ltr'><strong><em>a</em></strong></span> 
     </span>
    </p>
   </div>
   <div class='ocr_carea' id='block_1_111' title="bbox 2073 4708 3725 4789">
    <p class='ocr_par' dir='ltr' id='par_1_111' title="bbox 2073 4708 3725 4789">
     <span class='ocr_line' id='line_1_111' title="bbox 2073 4708 3725 4789; baseline -0.006 -17"><span class='ocrx_word' id='word_1_818' title='bbox 2073 4733 2317 4789; x_wconf 90' lang='lat' dir='ltr'><strong><em>corpore</em></strong></span> <span class='ocrx_word' id='word_1_819' title='bbox 2347 4714 2604 4779; x_wconf 83' lang='lat' dir='ltr'><strong><em>liberari,</em></strong></span> <span class='ocrx_word' id='word_1_820' title='bbox 2642 4714 2744 4770; x_wconf 89' lang='lat' dir='ltr'><strong><em>sed</em></strong></span> <span class='ocrx_word' id='word_1_821' title='bbox 2768 4714 2840 4769; x_wconf 92' lang='lat' dir='ltr'><strong><em>ab</em></strong></span> <span class='ocrx_word' id='word_1_822' title='bbox 2868 4714 2998 4785; x_wconf 88' lang='lat' dir='ltr'><strong><em>ejus</em></strong></span> <span class='ocrx_word' id='word_1_823' title='bbox 3029 4710 3454 4768; x_wconf 85' lang='lat' dir='ltr'><strong><em>afﬂictionibus</em></strong></span> <span class='ocrx_word' id='word_1_824' title='bbox 3486 4714 3545 4763; x_wconf 89' lang='lat' dir='ltr'><strong><em>et</em></strong></span> <span class='ocrx_word' id='word_1_825' title='bbox 3572 4708 3725 4763; x_wconf 79' lang='lat' dir='ltr'><strong><em>ali‘e-</em></strong></span> 
     </span>
    </p>
   </div>
   <div class='ocr_carea' id='block_1_112' title="bbox 2074 4800 3726 4875">
    <p class='ocr_par' dir='ltr' id='par_1_112' title="bbox 2074 4800 3726 4875">
     <span class='ocr_line' id='line_1_112' title="bbox 2074 4800 3726 4875; baseline -0.007 -11"><span class='ocrx_word' id='word_1_826' title='bbox 2074 4808 2369 4864; x_wconf 90' lang='lat' dir='ltr'><strong><em>ctionibus</em></strong></span> <span class='ocrx_word' id='word_1_827' title='bbox 2432 4805 2675 4861; x_wconf 87' lang='lat' dir='ltr'><strong><em>liberari</em></strong></span> <span class='ocrx_word' id='word_1_828' title='bbox 2735 4804 3061 4875; x_wconf 86' lang='lat' dir='ltr'><strong><em>cupientes.</em></strong></span> <span class='ocrx_word' id='word_1_829' title='bbox 3110 4802 3239 4856; x_wconf 92' lang='lat' dir='ltr'><strong><em>Non</em></strong></span> <span class='ocrx_word' id='word_1_830' title='bbox 3296 4800 3456 4855; x_wconf 90' lang='lat' dir='ltr'><strong><em>enim</em></strong></span> <span class='ocrx_word' id='word_1_831' title='bbox 3511 4813 3726 4869; x_wconf 88' lang='lat' dir='ltr'><strong><em>corpus</em></strong></span> 
     </span>
    </p>
   </div>
   <div class='ocr_carea' id='block_1_113' title="bbox 2074 4889 3726 4966">
    <p class='ocr_par' dir='ltr' id='par_1_113' title="bbox 2074 4889 3726 4966">
     <span class='ocr_line' id='line_1_113' title="bbox 2074 4889 3726 4966; baseline -0.007 -12"><span class='ocrx_word' id='word_1_832' title='bbox 2074 4914 2310 4966; x_wconf 86' lang='lat' dir='ltr'><strong><em>exuere,</em></strong></span> <span class='ocrx_word' id='word_1_833' title='bbox 2343 4896 2447 4952; x_wconf 90' lang='lat' dir='ltr'><strong><em>sed</em></strong></span> <span class='ocrx_word' id='word_1_834' title='bbox 2495 4893 2925 4966; x_wconf 88' lang='lat' dir='ltr'><strong><em>superinduere</em></strong></span> <span class='ocrx_word' id='word_1_835' title='bbox 2966 4889 3477 4962; x_wconf 80' lang='lat' dir='ltr'><strong><em>incorruptionem</em></strong></span> <span class='ocrx_word' id='word_1_836' title='bbox 3508 4904 3726 4944; x_wconf 89' lang='lat' dir='ltr'><strong><em>concu-</em></strong></span> 
     </span>
    </p>
   </div>
   <div class='ocr_carea' id='block_1_114' title="bbox 2075 4977 3724 5060">
    <p class='ocr_par' dir='ltr' id='par_1_114' title="bbox 2075 4977 3724 5060">
     <span class='ocr_line' id='line_1_114' title="bbox 2075 4977 3724 5060; baseline -0.006 -18"><span class='ocrx_word' id='word_1_837' title='bbox 2075 4988 2382 5060; x_wconf 90' lang='lat' dir='ltr'><strong><em>piscimus.</em></strong></span> <span class='ocrx_word' id='word_1_838' title='bbox 2418 5008 2446 5038; x_wconf 86' lang='lat'><strong>«</strong></span> <span class='ocrx_word' id='word_1_839' title='bbox 2477 4985 2739 5041; x_wconf 89' lang='lat' dir='ltr'><strong><em>Onerati.</em></strong></span> <span class='ocrx_word' id='word_1_840' title='bbox 2780 5006 2808 5035; x_wconf 88' lang='lat'>»</span> <span class='ocrx_word' id='word_1_841' title='bbox 2842 4982 3132 5049; x_wconf 88' lang='lat' dir='ltr'><strong><em>Quoniam</em></strong></span> <span class='ocrx_word' id='word_1_842' title='bbox 3166 4980 3579 5054; x_wconf 90' lang='lat' dir='ltr'><strong><em>opponebatur</em></strong></span> <span class='ocrx_word' id='word_1_843' title='bbox 3610 4977 3724 5051; x_wconf 88' lang='lat' dir='ltr'><strong><em>ipsi</em></strong></span> 
     </span>
    </p>
   </div>
   <div class='ocr_carea' id='block_1_115' title="bbox 2077 5070 3727 5146">
    <p class='ocr_par' dir='ltr' id='par_1_115' title="bbox 2077 5070 3727 5146">
     <span class='ocr_line' id='line_1_115' title="bbox 2077 5070 3727 5146; baseline -0.007 -13"><span class='ocrx_word' id='word_1_844' title='bbox 2077 5076 2410 5133; x_wconf 89' lang='lat' dir='ltr'><strong><em>communis</em></strong></span> <span class='ocrx_word' id='word_1_845' title='bbox 2441 5074 2753 5130; x_wconf 89' lang='lat' dir='ltr'><strong><em>hominum</em></strong></span> <span class='ocrx_word' id='word_1_846' title='bbox 2783 5070 3169 5146; x_wconf 87' lang='lat' dir='ltr'><strong><em>gloria.Quid,</em></strong></span> <span class='ocrx_word' id='word_1_847' title='bbox 3195 5071 3407 5143; x_wconf 90' lang='lat' dir='ltr'><strong><em>inquit,</em></strong></span> <span class='ocrx_word' id='word_1_848' title='bbox 3430 5070 3636 5143; x_wconf 81' lang='lat' dir='ltr'><strong><em>gemis,</em></strong></span> <span class='ocrx_word' id='word_1_849' title='bbox 3661 5072 3727 5122; x_wconf 90' lang='lat' dir='ltr'><strong><em>ut</em></strong></span> 
     </span>
    </p>
   </div>
   <div class='ocr_carea' id='block_1_116' title="bbox 2078 5161 3724 5235">
    <p class='ocr_par' dir='ltr' id='par_1_116' title="bbox 2078 5161 3724 5235">
     <span class='ocr_line' id='line_1_116' title="bbox 2078 5161 3724 5235; baseline -0.006 -13"><span class='ocrx_word' id='word_1_850' title='bbox 2078 5167 2379 5222; x_wconf 77' lang='lat' dir='ltr'><strong><em>auferatur</em></strong></span> <span class='ocrx_word' id='word_1_851' title='bbox 2407 5162 2666 5235; x_wconf 84' lang='lat' dir='ltr'><strong><em>corpus?</em></strong></span> <span class='ocrx_word' id='word_1_852' title='bbox 2694 5165 2765 5217; x_wconf 85' lang='lat' dir='ltr'><strong><em>At</em></strong></span> <span class='ocrx_word' id='word_1_853' title='bbox 2813 5179 3022 5218; x_wconf 92' lang='lat' dir='ltr'><strong><em>omnes</em></strong></span> <span class='ocrx_word' id='word_1_854' title='bbox 3050 5161 3325 5217; x_wconf 90' lang='lat' dir='ltr'><strong><em>homines</em></strong></span> <span class='ocrx_word' id='word_1_855' title='bbox 3354 5164 3598 5233; x_wconf 84' lang='lat' dir='ltr'><strong><em>gemunt</em></strong></span> <span class='ocrx_word' id='word_1_856' title='bbox 3652 5174 3724 5212; x_wconf 89' lang='lat' dir='ltr'><strong><em>ne</em></strong></span> 
     </span>
    </p>
   </div>
   <div class='ocr_carea' id='block_1_117' title="bbox 2082 5249 3729 5327">
    <p class='ocr_par' dir='ltr' id='par_1_117' title="bbox 2082 5249 3729 5327">
     <span class='ocr_line' id='line_1_117' title="bbox 2082 5249 3729 5327; baseline -0.005 -15"><span class='ocrx_word' id='word_1_857' title='bbox 2082 5258 2431 5313; x_wconf 89' lang='lat' dir='ltr'><strong><em>moriantur.</em></strong></span> <span class='ocrx_word' id='word_1_858' title='bbox 2457 5257 2656 5326; x_wconf 84' lang='lat' dir='ltr'><strong><em>Neque</em></strong></span> <span class='ocrx_word' id='word_1_859' title='bbox 2679 5271 2787 5310; x_wconf 90' lang='lat' dir='ltr'><strong><em>nos</em></strong></span> <span class='ocrx_word' id='word_1_860' title='bbox 2818 5254 3110 5327; x_wconf 85' lang='lat' dir='ltr'><strong><em>gemimus</em></strong></span> <span class='ocrx_word' id='word_1_861' title='bbox 3142 5258 3208 5308; x_wconf 90' lang='lat' dir='ltr'><strong><em>ut</em></strong></span> <span class='ocrx_word' id='word_1_862' title='bbox 3235 5252 3464 5308; x_wconf 81' lang='lat' dir='ltr'><strong><em>auferat</em></strong></span> <span class='ocrx_word' id='word_1_863' title='bbox 3492 5269 3526 5307; x_wconf 91' lang='lat' dir='ltr'><strong><em>a</em></strong></span> <span class='ocrx_word' id='word_1_864' title='bbox 3556 5249 3729 5306; x_wconf 90' lang='lat' dir='ltr'><strong><em>nobis</em></strong></span> 
     </span>
    </p>
   </div>
   <div class='ocr_carea' id='block_1_118' title="bbox 2081 5341 3731 5417">
    <p class='ocr_par' dir='ltr' id='par_1_118' title="bbox 2081 5341 3731 5417">
     <span class='ocr_line' id='line_1_118' title="bbox 2081 5341 3731 5417; baseline -0.005 -16"><span class='ocrx_word' id='word_1_865' title='bbox 2081 5361 2294 5417; x_wconf 89' lang='lat' dir='ltr'><strong><em>corpus</em></strong></span> <span class='ocrx_word' id='word_1_866' title='bbox 2326 5349 2383 5399; x_wconf 89' lang='lat' dir='ltr'><strong><em>et</em></strong></span> <span class='ocrx_word' id='word_1_867' title='bbox 2409 5360 2715 5412; x_wconf 87' lang='lat' dir='ltr'><strong><em>exuamur,</em></strong></span> <span class='ocrx_word' id='word_1_868' title='bbox 2742 5342 2846 5399; x_wconf 92' lang='lat' dir='ltr'><strong><em>sed</em></strong></span> <span class='ocrx_word' id='word_1_869' title='bbox 2879 5348 2944 5397; x_wconf 89' lang='lat' dir='ltr'><strong><em>ut</em></strong></span> <span class='ocrx_word' id='word_1_870' title='bbox 2972 5342 3478 5414; x_wconf 89' lang='lat' dir='ltr'><strong><em>superinduamus</em></strong></span> <span class='ocrx_word' id='word_1_871' title='bbox 3531 5341 3731 5395; x_wconf 81' lang='lat' dir='ltr'><strong><em>incor-</em></strong></span> 
     </span>
    </p>
   </div>
   <div class='ocr_carea' id='block_1_119' title="bbox 2080 5426 3735 5506">
    <p class='ocr_par' dir='ltr' id='par_1_119' title="bbox 2080 5426 3735 5506">
     <span class='ocr_line' id='line_1_119' title="bbox 2080 5426 3735 5506; baseline -0.005 -17"><span class='ocrx_word' id='word_1_872' title='bbox 2080 5434 2575 5506; x_wconf 87' lang='lat' dir='ltr'><strong><em>rnptionem.Non</em></strong></span> <span class='ocrx_word' id='word_1_873' title='bbox 2608 5432 2766 5488; x_wconf 91' lang='lat' dir='ltr'><strong><em>enim</em></strong></span> <span class='ocrx_word' id='word_1_874' title='bbox 2795 5431 2951 5495; x_wconf 82' lang='lat' dir='ltr'><strong><em>ideo,</em></strong></span> <span class='ocrx_word' id='word_1_875' title='bbox 2984 5432 3198 5503; x_wconf 90' lang='lat' dir='ltr'><strong><em>inquit,</em></strong></span> <span class='ocrx_word' id='word_1_876' title='bbox 3230 5446 3545 5505; x_wconf 86' lang='lat' dir='ltr'><strong><em>gravamur</em></strong></span> <span class='ocrx_word' id='word_1_877' title='bbox 3574 5426 3735 5499; x_wconf 91' lang='lat' dir='ltr'><strong><em>quod</em></strong></span> 
     </span>
    </p>
   </div>
   <div class='ocr_carea' id='block_1_120' title="bbox 2082 5515 3736 5595">
    <p class='ocr_par' dir='ltr' id='par_1_120' title="bbox 2082 5515 3736 5595">
     <span class='ocr_line' id='line_1_120' title="bbox 2082 5515 3736 5595; baseline -0.007 -15"><span class='ocrx_word' id='word_1_878' title='bbox 2082 5523 2238 5580; x_wconf 89' lang='lat' dir='ltr'><strong><em>adsit</em></strong></span> <span class='ocrx_word' id='word_1_879' title='bbox 2258 5539 2494 5595; x_wconf 85' lang='lat' dir='ltr'><strong><em>corpus,</em></strong></span> <span class='ocrx_word' id='word_1_880' title='bbox 2529 5521 2632 5578; x_wconf 92' lang='lat' dir='ltr'><strong><em>sed</em></strong></span> <span class='ocrx_word' id='word_1_881' title='bbox 2654 5520 2813 5594; x_wconf 91' lang='lat' dir='ltr'><strong><em>quod</em></strong></span> <span class='ocrx_word' id='word_1_882' title='bbox 2847 5520 3095 5577; x_wconf 89' lang='lat' dir='ltr'><strong><em>mortale</em></strong></span> <span class='ocrx_word' id='word_1_883' title='bbox 3126 5525 3186 5575; x_wconf 93' lang='lat' dir='ltr'><strong><em>et</em></strong></span> <span class='ocrx_word' id='word_1_884' title='bbox 3225 5516 3612 5590; x_wconf 87' lang='lat' dir='ltr'><strong><em>corruptibile</em></strong></span> <span class='ocrx_word' id='word_1_885' title='bbox 3640 5515 3736 5570; x_wconf 90' lang='lat' dir='ltr'><strong><em>sit.</em></strong></span> 
     </span>
    </p>
   </div>
   <div class='ocr_carea' id='block_1_121' title="bbox 2082 5600 3740 5684">
    <p class='ocr_par' dir='ltr' id='par_1_121' title="bbox 2082 5600 3740 5684">
     <span class='ocr_line' id='line_1_121' title="bbox 2082 5600 3740 5684; baseline -0.006 -16"><span class='ocrx_word' id='word_1_886' title='bbox 2082 5634 2111 5662; x_wconf 75' lang='grc' dir='ltr'><strong><em>κ</em></strong></span> <span class='ocrx_word' id='word_1_887' title='bbox 2145 5613 2467 5684; x_wconf 86' lang='lat' dir='ltr'><strong><em>Propterea</em></strong></span> <span class='ocrx_word' id='word_1_888' title='bbox 2510 5610 2669 5683; x_wconf 90' lang='lat' dir='ltr'><strong><em>quod</em></strong></span> <span class='ocrx_word' id='word_1_889' title='bbox 2719 5611 2978 5667; x_wconf 89' lang='lat' dir='ltr'><strong><em>nolimus</em></strong></span> <span class='ocrx_word' id='word_1_890' title='bbox 3006 5609 3163 5666; x_wconf 84' lang='lat' dir='ltr'><strong><em>exui.</em></strong></span> <span class='ocrx_word' id='word_1_891' title='bbox 3199 5629 3229 5660; x_wconf 84' lang='lat'>»</span> <span class='ocrx_word' id='word_1_892' title='bbox 3259 5610 3406 5664; x_wconf 88' lang='lat' dir='ltr'><strong><em>Nam</em></strong></span> <span class='ocrx_word' id='word_1_893' title='bbox 3436 5604 3515 5680; x_wconf 78' lang='grc' dir='ltr'><strong><em>ἐφ’</em></strong></span> <span class='ocrx_word' id='word_1_894' title='bbox 3545 5600 3592 5675; x_wconf 83' lang='grc' dir='ltr'>ᾧ</span> <span class='ocrx_word' id='word_1_895' title='bbox 3639 5617 3740 5658; x_wconf 86' lang='lat' dir='ltr'><strong><em>ca-</em></strong></span> 
     </span>
    </p>
   </div>
   <div class='ocr_carea' id='block_1_122' title="bbox 314 5693 3736 5779">
    <p class='ocr_par' dir='ltr' id='par_1_122' title="bbox 314 5693 3736 5779">
     <span class='ocr_line' id='line_1_122' title="bbox 314 5693 3736 5779; baseline -0.004 -20"><span class='ocrx_word' id='word_1_896' title='bbox 314 5705 477 5776; x_wconf 88' lang='lat' dir='ltr'><strong><em>pitur</em></strong></span> <span class='ocrx_word' id='word_1_897' title='bbox 533 5722 640 5779; x_wconf 90' lang='lat' dir='ltr'><strong><em>pro</em></strong></span> <span class='ocrx_word' id='word_1_898' title='bbox 699 5701 911 5775; x_wconf 74' lang='grc' dir='ltr'>ἐπειδὴ,</span> <span class='ocrx_word' id='word_1_899' title='bbox 971 5705 1031 5760; x_wconf 90' lang='lat' dir='ltr'><strong><em>id</em></strong></span> <span class='ocrx_word' id='word_1_900' title='bbox 1062 5708 1154 5761; x_wconf 89' lang='lat' dir='ltr'><strong><em>est</em></strong></span> <span class='ocrx_word' id='word_1_901' title='bbox 1207 5704 1654 5776; x_wconf 80' lang='lat' dir='ltr'><strong><em>quandoquidem</em></strong></span> <span class='ocrx_word' id='word_1_902' title='bbox 1712 5707 1813 5760; x_wconf 91' lang='lat' dir='ltr'><strong><em>aut</em></strong></span> <span class='ocrx_word' id='word_1_903' title='bbox 1870 5705 2022 5774; x_wconf 81' lang='lat' dir='ltr'><strong><em>quia.</em></strong></span> <span class='ocrx_word' id='word_1_904' title='bbox 2059 5722 2083 5753; x_wconf 77' lang='grc' dir='ltr'>ει</span> <span class='ocrx_word' id='word_1_905' title='bbox 2134 5706 2207 5760; x_wconf 90' lang='lat' dir='ltr'><strong><em>Ut</em></strong></span> <span class='ocrx_word' id='word_1_906' title='bbox 2236 5702 2624 5760; x_wconf 90' lang='lat' dir='ltr'><strong><em>absorbeatur</em></strong></span> <span class='ocrx_word' id='word_1_907' title='bbox 2654 5703 2984 5760; x_wconf 87' lang='lat' dir='ltr'><strong><em>mortalitas</em></strong></span> <span class='ocrx_word' id='word_1_908' title='bbox 3015 5718 3050 5756; x_wconf 92' lang='lat' dir='ltr'><strong><em>a</em></strong></span> <span class='ocrx_word' id='word_1_909' title='bbox 3103 5700 3306 5755; x_wconf 85' lang='lat' dir='ltr'><strong><em>vita.»</em></strong></span> <span class='ocrx_word' id='word_1_910' title='bbox 3338 5693 3736 5771; x_wconf 65' lang='lat' dir='ltr'><strong><em>Superinduis</em></strong></span> 
     </span>
    </p>
   </div>
   <div class='ocr_carea' id='block_1_123' title="bbox 645 5822 1362 5885">
    <p class='ocr_par' dir='ltr' id='par_1_123' title="bbox 645 5822 1362 5885">
     <span class='ocr_line' id='line_1_123' title="bbox 645 5822 1362 5885; baseline 0 0"><span class='ocrx_word' id='word_1_911' title='bbox 645 5826 899 5885; x_wconf 72' lang='grc' dir='ltr'>ΡΑτκοι.</span> <span class='ocrx_word' id='word_1_912' title='bbox 949 5824 1061 5884; x_wconf 75' lang='lat' dir='ltr'><strong><em>Gn.</em></strong></span> <span class='ocrx_word' id='word_1_913' title='bbox 1093 5822 1362 5885; x_wconf 81' lang='lat' dir='ltr'>CXVIII.</span> 
     </span>
    </p>
   </div>
   <div class='ocr_carea' id='block_1_124' title="bbox 3368 5817 3443 5879">
    <p class='ocr_par' dir='ltr' id='par_1_124' title="bbox 3368 5817 3443 5879">
     <span class='ocr_line' id='line_1_124' title="bbox 3368 5817 3443 5879; baseline -0.027 0"><span class='ocrx_word' id='word_1_914' title='bbox 3368 5817 3443 5879; x_wconf 81' lang='lat'><strong><em>81</em></strong></span> 
     </span>
    </p>
   </div>
  </div>
