4106 6196
541 277 654 336 971

543 512 603 561 et
632 500 1213 572 incorruptibilitate.

606 595 672 662 V,
707 595 823 645 5-9.
860 593 1030 645 Porro
1059 592 1157 659 qui
1184 590 1449 658 formavit
1487 603 1586 642 nos
1607 586 1668 642 in
1695 586 1799 642 hoc
1827 587 2008 655 ipsum
2041 588 2179 639 Deus

2368 578 2431 634 Ὀ
2496 573 2553 631 δὲ
2617 575 3089 650 κατεργασάμενος
3156 574 3319 646 ἡμᾶς

534 690 648 739 est:
682 680 781 751 qui
811 687 976 735 etiam
1030 680 1183 734 dedit
1222 680 1378 734 nobis
1409 677 1636 732 arrham
1681 676 1933 746 spiritus.
1992 676 2187 743 Itaque

532 772 679 841 ﬁrmi
708 786 921 839 semper
948 784 1013 823 ac
1040 769 1270 823 scientes
1314 768 1464 838 quod
1512 781 1633 821 cum
1669 769 1971 835 presentes
2005 776 2188 817 sumus

533 864 591 915 in
622 876 850 931 corpore
878 858 1310 929 peregrinamur
1341 875 1375 912 a
1404 859 1635 911 Domino
1665 856 1790 925 (per
1836 853 1995 922 ﬁdem
2042 853 2187 906 enim

535 950 690 1005 633
746 949 1089 1004 ambulamus
1141 956 1192 1003 et
1258 963 1369 1001 non
1415 962 1516 1015 per
1550 944 1821 1015 speciem).
1855 941 2187 1011 Conﬁdimus

536 1045 721 1094 autem
752 1044 804 1093 et
833 1041 1086 1108 cupimus
1114 1036 1292 1107 magis
1338 1038 1477 1104 foris
1506 1049 1670 1104 agere
1698 1038 1857 1087 extra
1884 1044 2103 1101 corpus,
2136 1033 2188 1084 et

525 1135 825 1199 prasentes
858 1142 968 1182 esse
996 1127 1150 1196 apud
1181 1128 1374 1181 Deum.
1434 1126 1509 1179 Et
1565 1122 1776 1177 idcirco
1806 1118 2187 1176 contendimus

531 1220 644 1272 sive
673 1218 820 1272 domi
864 1221 1181 1287 praesentes,
1240 1217 1351 1269 sive
1398 1215 1538 1282 foris
1575 1227 1808 1283 peregre
1852 1215 2074 1279 agentes
2122 1212 2187 1263 ut

530 1306 621 1361 illi
638 1306 977 1376 placeamus.

550 1524 553 1527 λ
601 1493 765 1559 Quis,
817 1493 1029 1563 inquit,
1084 1493 1236 1548 hanc
1285 1492 1464 1546 faciet
1511 1488 1778 1560 corporis
1825 1485 2185 1541 immutatio-

531 1589 669 1627 nem
685 1574 713 1627 ‘l
730 1573 912 1637 Quis?
935 1574 1109 1640 Deus,
1134 1573 1234 1643 qui
1259 1572 1318 1626 in
1343 1572 1451 1625 hoc
1476 1571 1671 1642 ipsum
1699 1585 1809 1623 nos
1826 1566 2100 1622 formavit
2121 1570 2184 1619 ut

534 1654 719 1709 simus
750 1654 1079 1725 incorrupti
1121 1659 1181 1708 et
1230 1654 1620 1708 immortales.
1666 1650 1936 1707 Ostendit
1983 1654 2181 1703 autem

534 1735 644 1789 hoc
685 1735 862 1791 modo
894 1752 1015 1789 non
1048 1740 1349 1790 recentem
1380 1750 1510 1789 esse
1556 1732 1628 1787 de
1664 1733 1775 1787 hoc
1816 1730 2182 1802 opinionem,

534 1814 637 1869 sed
671 1831 781 1870 nos
812 1815 888 1870 ad
919 1815 1431 1871 immortalitatem
1466 1812 1710 1884 quidem
1758 1816 1988 1867 creatos
2019 1826 2180 1866 esse:

531 1918 708 1973 porro
740 1903 1023 1973 quoniam
1057 1902 1277 1958 diaboli
1309 1902 1534 1957 invidia
1564 1918 1723 1957 mors
1757 1900 1819 1954 in
1852 1897 2057 1954 orbem
2089 1897 2184 1951 in-

529 2007 732 2063 gressa
780 1991 934 2059 est“,
986 2008 1224 2047 rursum
1274 1991 1522 2046 alteram
1580 1989 1752 2045 nobis
1811 1988 1964 2043 viam
2031 1987 2184 2041 Deus

530 2072 755 2126 invenit
782 2071 856 2127 ad
887 2072 1418 2128 immortalitatem.
1450 2071 1590 2137 «Qui
1622 2071 1800 2125 etiam
1829 2067 1994 2124 dedit
2012 2065 2184 2122 nobis

525 2163 784 2217 arrham.
820 2183 848 2212 »
878 2164 942 2216 Et
977 2162 1136 2234 quod
1156 2160 1231 2217 ad
1262 2161 1374 2217 hoc
1403 2168 1469 2217 ut
1514 2159 1883 2217 immortales
1914 2158 2179 2214 efficere-

526 2267 660 2305 mur
688 2251 1027 2307 formaverit
1076 2269 1208 2321 nos,
1242 2268 1313 2307 ex
1342 2268 1410 2307 eo
1441 2251 1823 2307 manifestum
1873 2254 1981 2314 est,
2023 2246 2183 2319 quod

528 2340 811 2410 Spiritum
846 2340 1480 2412 dederit,nequaquam
1509 2340 1629 2396 illis
1647 2340 1893 2395 daturus
1912 2337 2012 2409 qui
2033 2337 2183 2392 tales

525 2427 707 2483 futuri
741 2446 861 2484 non
886 2436 1102 2485 essent.
1115 2430 1343 2501 Ubique
1365 2435 1564 2486 autem
1578 2429 1815 2485 arrham
1830 2427 2085 2499 Spiritus
2099 2424 2181 2481 di-

525 2518 629 2587 cit,
663 2518 992 2574 debitorem
1010 2520 1209 2591 ipsum
1222 2519 1477 2575 reddens
1489 2525 1551 2574 ut
1566 2519 1745 2573 etiam
1762 2517 1858 2572 det
1872 2516 2030 2588 quod
2043 2531 2178 2587 per-

526 2606 749 2662 fectum
784 2613 892 2664 est.
924 2608 1236 2680 uSpiritus.
1264 2629 1292 2658 ››
1324 2604 2180 2680 lpse,inquit,immutationem

523 2696 701 2752 faciet
757 2697 831 2752 ad
863 2697 1395 2753 immortalitatem.
1452 2698 1595 2751 Nam
1647 2696 1760 2751 hoc
1809 2694 2180 2751 extrinsecus

524 2785 1005 2842 subaudiendum
1036 2793 1144 2842 est.
1178 2808 1205 2837 ι(
1237 2785 1401 2852 Quod
1424 2802 1561 2842 cum
1590 2789 1919 2857 prmsentes
1972 2797 2179 2838 sumus

523 2864 585 2929 in
617 2892 881 2948 corpore.
928 2898 954 2924 ››
999 2878 1196 2944 Recte,
1228 2898 1256 2926 »
1308 2892 1443 2931 cum
1504 2880 1827 2947 praesentes
1888 2888 2116 2938 sumus,
2148 2892 2177 2920 »

524 2970 806 3038 tanquam
838 2967 897 3021 in
929 2965 1127 3022 aliena
1158 2966 1349 3038 patria
1377 2970 1703 3020 versantes.
1727 2963 1981 3018 Advenaa
2013 2961 2177 3016 enim

526 3074 730 3114 sumus
765 3063 821 3112 et
850 3058 1300 3131 peregriniJloc
1324 3062 1520 3113 autem
1556 3055 1679 3111 vult
1704 3055 1933 3110 dicere:
1969 3052 2179 3108 Firmi-

527 3153 617 3201 ter
647 3148 903 3203 scientes
947 3147 1107 3218 quod
1164 3148 1225 3202 in
1274 3145 1567 3219 corporali
1623 3145 1741 3200 vita
1798 3157 2175 3217 permanere,

521 3242 682 3290 arcet
713 3251 822 3289 nos
853 3252 888 3289 a
917 3236 1365 3291 conversatione
1399 3252 1533 3289 cum
1565 3234 1796 3288 Christo
1831 3250 1846 3299 ;
1896 3232 2171 3303 cupimus

520 3322 709 3392 magis
740 3321 884 3375 foris
914 3322 1157 3392 quidem
1205 3339 1380 3392 agere
1438 3328 1604 3377 extra
1636 3338 1871 3392 corpus,
1910 3319 2015 3375 sed
2045 3335 2175 3374 esse
2216 3318 2259 3384 C

521 3424 661 3462 cum
686 3408 939 3465 Christo.
975 3432 1001 3458 «
1054 3411 1166 3463 Per
1194 3410 1368 3464 fidem
1406 3410 1562 3464 enim
1623 3409 2018 3464 ambulamus.
2043 3412 2174 3462 nNe

524 3496 659 3565 quis
690 3494 884 3549 dicat:
917 3496 1066 3561 Quid
1109 3512 1244 3564 ergo
1274 3497 1301 3551 εἶ
1332 3498 1477 3550 Cum
1537 3513 1743 3551 sumus
1794 3497 1855 3550 in
1906 3512 2177 3566 corpore,

528 3583 707 3637 alieni
740 3599 943 3639 sumus
966 3600 1000 3638 a
1024 3583 1292 3639 Christo?
1316 3583 1648 3656 subjungit:
1671 3586 1780 3639 Per
1805 3584 1983 3639 fidem
2017 3583 2180 3638 enim

536 3672 910 3729 ambulamus
943 3678 1002 3729 et
1031 3689 1153 3728 non
1185 3688 1292 3743 per
1321 3673 1601 3744 speciem.
1639 3694 1666 3721 »
1718 3674 1799 3727 Ac
1829 3672 1877 3726 si
1908 3671 2135 3726 diceret
2165 3687 2179 3726 :

534 3765 854 3835 Propterea
885 3763 1028 3833 dixi,
1069 3781 1090 3812 ι
1154 3763 1608 3835 Peregrinamur
1650 3778 1685 3817 a
1714 3761 1965 3817 Domino
1994 3778 2007 3817 :
2041 3775 2181 3816 nam

537 3853 733 3924 ipsum
765 3869 923 3909 nunc
955 3870 1061 3926 per
1090 3852 1269 3909 ﬁdem
1299 3852 1587 3908 videmus.
1620 3853 1733 3906 Per
1787 3851 1977 3923 ipsam
2022 3850 2180 3904 enim

539 3942 915 3998 ambulamus
938 3949 997 3997 et
1026 3942 1205 3998 veluti
1232 3941 1585 3998 deducimur
1636 3942 1710 3997 ad
1740 3941 1871 4012 ejus
1901 3938 2183 4013 cognitio-

535 4046 696 4095 nem,
731 4035 869 4085 tunc
900 4036 1099 4087 autem
1141 4050 1248 4104 per
1302 4030 1581 4104 speciem,
1614 4030 1724 4087 hoc
1780 4034 1887 4099 est,
1942 4027 2181 4101 proprio

532 4119 773 4175 intuitu.
807 4120 971 4184 Quod
994 4121 1173 4176 etiam
1204 4121 1347 4176 alibi
1372 4120 1558 4175 dixit:
1594 4142 1621 4170 «
1668 4118 1980 4175 Cernimus
2021 4132 2181 4172 nunc

531 4224 637 4278 per
668 4208 979 4280 speculum
1012 4209 1075 4264 in
1103 4210 1415 4281 mnigmate
1444 4226 1456 4265 :
1498 4213 1641 4264 tunc
1698 4213 1897 4264 autem
1929 4204 2079 4261 facie
2109 4204 2182 4260 ad

528 4296 740 4352 faciem
772 4296 839 4353 ⁴².
878 4321 904 4348 »ι
936 4299 1305 4354 Confidimus
1336 4303 1553 4354 autem.
1591 4320 1614 4349 ν
1640 4292 1718 4365 δὲ,
1752 4297 1810 4352 id
1844 4299 2180 4361 est,autem,

529 4387 807 4455 parelcon
843 4394 931 4444 est
963 4395 1021 4443 et
1049 4388 1331 4444 abundat.
1366 4410 1393 4437 ‹‹
1426 4389 1497 4442 Ει
1525 4387 1798 4459 cupimus
1828 4385 2016 4457 magis
2039 4383 2182 4439 foris

526 4490 699 4547 agere
744 4484 908 4533 extra
955 4495 1188 4551 corpus.
1252 4500 1280 4528 »
1341 4478 1488 4543 Quia
1534 4477 1712 4549 igitur
1767 4475 1988 4531 scimus
2040 4472 2181 4543 quid

524 4561 703 4619 faciat
755 4574 1079 4637 praesentes
1124 4584 1253 4622 esse
1284 4566 1358 4622 ad
1412 4566 1754 4630 Dominum,
1810 4561 2180 4618 conﬁdenter

1660 264 2082 331 (ΈῡυΜΕΝΠ
2125 259 2432 327 TlllCC/E
2474 259 2832 324 EPISCOPI

542 413 758 486 inquit,
787 410 1114 475 studemus,
1146 412 1214 463 ut
1242 407 1403 478 quod
1451 421 1609 462 nunc
1664 404 1915 460 mortale
1947 409 2006 458 et
2059 398 2442 472 corruptibile
2500 415 2714 470 corpus
2775 401 2885 465 est,
2941 392 3349 450 absorbeatur
3396 390 3470 446 ab
3517 389 3884 450 immortalitate

3939 19 3960 223 ἓ

3799 259 3881 321 972

3416 569 3493 631 εἷς
3582 571 3701 626 αὐτὸ
3767 576 3883 629 τοῦτο

2291 668 2448 731 Θεὸς,
2508 667 2536 721 ὁ
2593 666 2684 720 καὶ
2744 662 2873 727 δοὺς
2927 667 3064 734 ἡμῖν
3112 663 3216 719 τὸν
3302 656 3601 737 ἀρῥαὸὦνα
3658 664 3744 715 τοῦ
3786 664 3893 717 πνεό-

2304 775 2493 827 ματος.
2554 754 2887 831 Θαρῥοῦντες
2940 753 3033 809 οὗν
3091 753 3342 807 πάντοτε
3415 750 3506 804 καὶ
3588 746 3785 821 εἰδότες,
3837 750 3892 806 δτι

2290 839 2652 917 ἐνδημοῦντες
2706 840 2759 896 ἐν
2826 840 2907 915 τῷ
2966 843 3191 915 σώματι
3255 836 3610 911 ἐκδημοῦμεν
3670 838 3762 892 ἀπὸ
3827 844 3892 893 τοῦ

2292 932 2519 1005 Κυρίου.
2577 931 2700 1005 (Διὰ
2763 930 2998 993 πίστεως
3062 931 3170 1006 γὰρ
3241 931 3669 1003 περιπατοῦμεν,
3728 926 3779 982 οὐ
3830 924 3891 981 διὰ

2291 1018 2519 1093 εἳδους.)
2621 1018 2937 1095 Θαῤῥοῦμεν
3014 1015 3073 1073 δί
3144 1016 3246 1073 καὶ
3327 1012 3657 1088 εὐδοκοῦμεν
3733 1014 3892 1086 μᾶλλον

2291 1109 2605 1184 ἐκδημῆσαι
2668 1108 2728 1164 ἐκ
2792 1113 2890 1165 τοῦ
2955 1108 3222 1181 σώματος
3288 1106 3386 1161 καὶ
3453 1102 3741 1179 ἐνδημῆσαι
3793 1106 3891 1180 πρὸς

2289 1201 2383 1255 τὸν
2452 1199 2680 1272 Κύριον.
2750 1198 2846 1253 Διὸ
2911 1197 3001 1253 καὶ
3068 1193 3557 1275 φιλοτιμούμεθα,
3630 1194 3727 1248 εἶτε
3779 1191 3894 1264 ἐνδη-

2293 1292 2542 1362 μοῦντες,
2645 1285 2754 1343 εἴτε
2855 1283 3257 1362 ἐκδημοῦντες,
3399 1283 3686 1358 εὐάρεστοι
3790 1282 3895 1355 αὖτῷ

2291 1379 2451 1435 εἶναι.

2359 1466 2455 1530 Τίς
2503 1467 2706 1538 ταύτην
2763 1467 2867 1535 τήν
2922 1464 3264 1542 ἐναλλαγὴν,
3331 1462 3496 1543 φησὶ,
3554 1466 3649 1517 τοῦ
3701 1462 3895 1534 σώματος

2288 1558 2557 1628 ποιήσει;
2618 1556 2771 1625 Τίςς
2828 1557 2889 1614 Ὀ
2938 1556 3014 1618 εἰς
3070 1558 3237 1611 τοῦτο
3300 1553 3439 1609 αὐτὸ
3498 1552 3893 1627 κατεργασάμενος

2288 1649 2436 1719 ἡμᾶς
2466 1647 2619 1715 Θεὸς,
2664 1644 2760 1700 ’ίνα
2816 1646 2967 1718 ὦμεν
3025 1644 3299 1722 ἄφθαρτοι
3359 1641 3454 1698 καὶ
3511 1641 3766 1705 ἀθάνατοι.
3812 1640 3895 1693 Δεί-

2287 1756 2441 1791 κνυσι
2474 1733 2530 1791 δὲ
2559 1736 2734 1797 οὕτως
2766 1734 2829 1790 οὐ
2874 1732 3135 1809 νεωτέραν
3191 1734 3301 1803 τήν
3351 1732 3443 1788 ἐπὶ
3490 1729 3664 1803 τούτῳ
3701 1726 3890 1797 δόκησιν,

2288 1825 2416 1883 ἀλλ’
2446 1826 2534 1883 ἐπὶ
2565 1826 2827 1901 ἀθανασίᾳ
2858 1826 2952 1901 μὶν
3008 1828 3159 1900 ἡμᾶς
3215 1822 3649 1888 διαπεπλάσθαι·
3700 1820 3822 1877 Ἐπεὶ
3855 1817 3893 1873 δὲ

2215 1953 2260 2018 Β
2499 1912 2766 2018 διαςόλου
2825 1919 3068 2018 θάνατοςΔ
3111 1914 3189 1979 εἷς
3255 1914 3357 1969 τὸν
3406 1912 3622 2018 ’κόσμον
3676 1906 3891 2018 εἰσῆλθεν,

2298 2004 2477 2076 ἄλλην
2521 2005 2690 2062 πάλιν
2740 2006 2945 2080 ἐξεῦρεν
3005 2002 3131 2061 ὁδὸν
3190 2006 3338 2078 ἡμῖν
3394 2001 3675 2062 ἀθανασίας
3724 2001 3750 2055 ὁ
3781 1999 3893 2058 Θεός.

2300 2120 2329 2149 ‹‹
2358 2098 2464 2154 Καὶ
2494 2094 2621 2160 δοὺς
2662 2099 2800 2169 ἡμῖν
2858 2098 2949 2152 τὸν
3007 2090 3323 2173 ἀρραϐῶνα.
3363 2118 3394 2146 ››
3452 2093 3551 2148 Καὶ
3607 2092 3705 2161 ὃτι,
3753 2087 3892 2162 ᾳησὲν,

2297 2182 2497 2260 ἐπὶγῷ
2550 2184 2793 2261 γενέσθαι
2856 2185 3154 2247 ἀθανάτους
3212 2184 3634 2258 κατειργάσατο,
3680 2176 3821 2247 δῆλον
3859 2173 3894 2245 ἒξ

2296 2275 2371 2329 ὧν
2402 2272 2571 2330 ἔδωκε
2598 2275 2662 2329 τὸ
2723 2274 2960 2348 Πνεῦμα,
3019 2274 3119 2329 οὐκ
3169 2272 3232 2328 ἃν
3296 2270 3432 2333 δοὺς
3488 2275 3605 2331 τοῖς
3661 2268 3728 2340 μή
3775 2268 3891 2319 τοῦτο

2300 2362 2564 2437 μέλλουσι
2624 2364 2890 2440 γίνεσθαι.
2971 2366 3269 2439 Ηανταχοῦ
3330 2359 3392 2417 δὲ
3452 2352 3727 2434 ἆρῥαϐῶνα
3773 2352 3892 2407 1M6-

2297 2472 2466 2524 ματος
2499 2451 2665 2527 λέγει,
2697 2451 2988 2529 ὀφειλέτην
3020 2450 3180 2527 αὐτὸν
3243 2454 3426 2506 ποιῶν
3481 2451 3579 2504 τοῦ
3629 2444 3790 2500 δοῦναι
3826 2440 3888 2494 καὶ

2289 2540 2354 2596 τὸ
2383 2538 2614 2600 τέλειον.
2652 2563 2674 2591 ι
2707 2544 2821 2599 Τοῦ
2852 2539 3193 2614 ΙΙνεῦματος.
3228 2564 3258 2592 ››
3315 2539 3466 2610 Ἐξω
3512 2536 3667 2597 αὐτὸς
3707 2534 3792 2602 τὴν
3826 2527 3889 2583 ἐπὶ

2292 2631 2563 2709 ἀφθαρσίᾳ
2618 2627 2950 2707 ἐναλλαγήν,
3019 2630 3177 2709 φησὶ,
3266 2630 3520 2699 ποιήσει.
3613 2625 3767 2682 Τοῦτο
3813 2619 3889 2694 γὰρ

2290 2720 2823 2794 προσυπακουστέον.
2885 2741 2911 2774 ε
2941 2708 3062 2776 *Οτι
3121 2714 3491 2791 ἐνδημοῦντες
3538 2713 3590 2769 ἐν
3631 2716 3701 2782 τῷ
3741 2708 3887 2778 σώμα-

2287 2828 2362 2864 τι.
2397 2832 2426 2861 ω
2486 2806 2678 2870 Καλῶς
2730 2808 2814 2878 τὸ,
2875 2832 2904 2859 ‹‹
2935 2804 3372 2880 Ἐνδημοῦντες,
3408 2828 3439 2858 ι)
3507 2803 3581 2864 ὡς
3636 2801 3710 2855 ἐπ’
3761 2795 3887 2852 ἄλλο·

2288 2897 2465 2972 τρὶας.
2502 2896 2769 2971 Πάροικοι
2799 2896 2904 2974 γάρ
2963 2894 3120 2969 ἐσμεν
3179 2896 3267 2950 καὶ
3321 2888 3712 2969 παρεπίδημοι.
3752 2886 3887 2943 Τοῦτο

2291 2983 2349 3042 δὲ
2380 2988 2526 3051 θέΑει
2558 2986 2749 3041 εἰπεῖν·
2783 2984 3139 3061 Θαῤῥούντως
3167 2982 3405 3050 εἰδότες,
3439 2984 3526 3038 ’ὁτι
3555 2980 3617 3035 τὸ
3642 2982 3703 3051 τῇ
3746 2991 3887 3061 σωμα-

2290 3078 2417 3149 τικῇ
2483 3074 2805 3148 προσμένειν
3065 3070 3393 3149 διατειχίζει
3449 3073 3597 3143 ἡμᾶς
3646 3072 3736 3134 τῆς
3783 3058 3881 3135 μιτά

2289 3167 2526 3234 Χριστοῦ
2586 3163 2887 3240 διαγωγῆς,
2949 3162 3266 3238 βουλόμεθα
3357 3159 3573 3236 μᾶλλον
3634 3152 3883 3240 ἐκδημῆσξι

2295 3254 2389 3329 μὶν
2421 3257 2517 3309 τοῦ
2549 3254 2827 3328 σώματος,
2862 3252 2953 3307 σὺν
3010 3255 3232 3327 Χριστῷ
3294 3248 3357 3307 δὲ
3415 3251 3601 3306 εἶναιμ
3642 3271 3661 3295 4
3692 3241 3773 3299 Διᾶ
3817 3235 3884 3329 ei:

2289 3324 2456 3405 στεως
2513 3324 3095 3418 γὰρ-περιπατοῦμεν.
3136 3366 3164 3393 n
3219 3343 3340 3399 Ἵνα
3401 3341 3481 3415 μή
3538 3356 3619 3397 τις
3666 3324 3881 3418 ciant“

2287 3432 2426 3501 06v;
2476 3428 2621 3494 ὄντες
2678 3430 2730 3486 ἐν
2783 3431 3021 3505 σώματι,
3078 3428 3379 3505 ἀλλότριοι
3439 3428 3594 3502 ἐσμεν
3646 3425 3733 3479 τοῦ
3779 3417 3879 3490 Χρι·

2288 3526 2465 3589 στοῦ;
2535 3521 2742 3595 ἐπάγει’
2811 3544 2840 3574 ε(
2886 3522 2984 3577 Διὰ
3047 3522 3282 3581 πίστεως
3351 3521 3461 3599 γὰρ
3523 3512 3880 3599 περιπατοῖιμενν

2286 3610 2376 3666 καὶ
2409 3610 2476 3665 οὐ
2508 3610 2598 3666 διὰ
2656 3608 2855 3677 εἷ’δους,
2889 3634 2918 3663 ››
2967 3608 3041 3672 ὠς
3089 3611 3134 3665 εἰ
3194 3610 3365 3667 εἶπεν·
3423 3609 3521 3664 Διὰ
3563 3607 3711 3660 τοῦτο
3744 3597 3877 3663 εἷπον,

2294 3723 2316 3752 ι
2375 3696 2759 3773 Ἐκδημοῦμεν
2818 3698 2925 3754 ἀπὸ
2983 3703 3081 3754 τοῦ
3138 3699 3361 3774 Κυρίου,
3399 3722 3428 3750 ιο
3476 3693 3657 3762 ἐπειδή
3701 3685 3778 3743 διὰ
3819 3680 3885 3774 τί·

2287 3808 2455 3851 στεως
2487 3787 2648 3843 αὐτὸν
2676 3791 2766 3843 νῦν
2815 3788 3053 3863 ὁρῶμεν.
3114 3792 3193 3843 Δι’
3241 3787 3415 3858 αὐτῆς
3465 3785 3567 3861 γὰρ
3610 3772 3884 3854 περιπατοῦ-

2296 3898 2416 3949 μεν,
2447 3876 2539 3931 καὶ
2570 3876 2738 3931 οἱονεὶ
2798 3874 3155 3952 ὁδηγούμεθα
3210 3877 3287 3940 εἰς
3346 3878 3449 3945 τῆν
3506 3871 3662 3929 αὐτοῦ
3711 3867 3884 3940 γνῶσιν·

2288 3964 2421 4021 Τότε
2453 3963 2512 4020 δὲ
2542 3963 2631 4019 διὰ
2675 3962 2884 4033 εἷ’δους,
2935 3968 3212 4022 τουτέστιν
3265 3964 3512 4040 αὐτοψεὶ,
3557 3963 3585 4016 ὃ
3628 3957 3707 4014 καὶ
3750 3949 3885 4040 illi?

2292 4059 2398 4131 χοῦ
2428 4076 2585 4130 φησι.
2619 4079 2647 4107 ι(
2678 4052 2964 4127 Βλέπομεν
2995 4057 3097 4132 γὰρ
3128 4054 3252 4131 ἄρτι
3284 4053 3357 4110 δι’
3390 4036 3649 4128 ἐσόπτρου
3695 4044 3742 4100 ἐν
3780 4036 3883 4095 αἰνί-

2292 4165 2486 4221 γματι,
2559 4145 2683 4200 τότε
2758 4141 2817 4199 δὶ
2908 4147 3201 4222 πρόσωπον
3295 4147 3437 4222 πρὸς
3527 4138 3883 4229 πρόσωπονζιξ

2291 4266 2354 4280 --
2389 4258 2418 4286 α
2472 4233 2786 4310 Θαῤῥοῦμεν
2846 4233 2921 4291 δέ.
2976 4261 3004 4286 n
3064 4235 3164 4308 Τὸ,
3232 4232 3311 4305 δὲ,
3371 4231 3702 4311 παρέλκεται.
3742 4246 3765 4272 ιι
3811 4222 3885 4271 Καὶ

2291 4321 2621 4395 εὐδοκοῦμεν
2685 4322 2902 4397 μᾶλλον
2958 4321 3267 4397 ἐκδημῆσαι
3337 4323 3399 4381 ἐκ
3451 4325 3548 4379 τοῦ
3602 4317 3877 4397 σώματοςςν

2287 4413 2439 4471 Ἐπεὶ
2483 4413 2574 4467 οὗν
2626 4410 2778 4486 ἴσμεν
2836 4413 2887 4469 τί
2949 4419 3099 4468 ποιεῖ
3143 4415 3242 4483 τήν
3288 4413 3427 4489 πρὸς
3467 4412 3558 4467 τὸν
3604 4405 3773 4479 Κύριον
3818 4391 3880 4492 ίνς

2289 4498 2518 4574 δημίαν,
2579 4498 2910 4575 θαῤῥούντος
2975 4498 3308 4574 εὐδοκοῦμεν
3399 4496 3757 4581 ἀποδημῆσαι-
3800 4499 3872 4581 τοξυ

2288 4590 2566 4662 σώματος,
2595 4589 2900 4659 καὶτοῦτο,
2956 4590 3143 4666 φησὶν,
3192 4588 3581 4665 ἐπιποθοῦμενο
3629 4609 3654 4634 ιι
3686 4576 3869 4666 Atii-15‘

528 4655 803 4723 cupimus
834 4657 976 4712 foris
1008 4673 1178 4731 agere
1211 4662 1376 4711 extra
1403 4672 1652 4726 corpus:
1685 4659 1744 4708 et
1791 4652 1923 4719 hoc,
1957 4651 2170 4722 inquit,

2288 4651 2746 4755 thOttpOt'tpeﬂa'
2786 4702 2813 4731 n
2873 4651 2978 4736 ’l‘é.
3010 4651 3479 4756 ιριλέτιμούμεθαξ
3536 4674 3570 4744 ἢ
3624 4659 3868 4756 σπουδάζο-

527 4738 993 4813 desideramus,“
1028 4750 1097 4802 Et
1128 4746 1347 4803 idcirco
1393 4743 1832 4801 contendimus.
1859 4739 2059 4805 »Ουοὰ
2090 4738 2172 4793 ait

525 4824 964 4902 φιλοτιμούμεθα
993 4843 1095 4891 aut
1125 4837 1277 4891 idem
1310 4834 1604 4907 signiﬁcat
1633 4830 1789 4904 quod
1820 4829 2168 4898 annitimur,

522 4922 619 4969 aut
653 4920 828 4974 etiam
860 4922 1236 4993 gloriamur...
1275 4926 1347 4980 Ut
1378 4924 1462 4979 illi
1497 4920 2066 4996 placeamus.»634
2091 4920 2169 4974 Ne

522 5005 679 5061 enim
730 5010 1067 5067 existiment
1119 5015 1229 5069 sibi
1290 5014 1565 5069 sufficere
1626 5013 1771 5068 loris
1827 5025 2002 5083 agere
2036 5025 2171 5082 erga

519 5093 1282 5171 Christum,subjungit,«Ut
1307 5101 1391 5155 illi
1416 5098 1885 5173 placeamus.»ld
1910 5114 2168 5169 namque

517 5190 620 5239 aut
651 5184 882 5241 beatam
941 5188 1122 5244 efﬁcit
1178 5191 1336 5261 apud
1369 5192 1561 5263 ipsum
1611 5190 1993 5264 przesentiam
2022 5206 2034 5243 :
2068 5193 2170 5244 aut

519 5273 942 5344 miserrimam,
979 5276 1028 5330 si
1061 5278 1112 5332 ei
1146 5295 1263 5333 non
1296 5279 1658 5351 placeamus.

585 5364 646 5433 V,
700 5368 787 5438 lo,
836 5365 921 5422 11.
984 5367 1176 5424 Omnes
1221 5367 1366 5425 enim
1413 5386 1509 5426 nos
1548 5371 1901 5440 manifestari
1952 5376 2166 5440 oportet

579 5594 623 5630 ἰι
659 5594 792 5666 Sap.
825 5609 885 5664 ιι,
907 5596 995 5650 24.
1070 5592 1118 5629 ιε
1142 5596 1168 5649 1
1202 5594 1329 5648 Cor.
1368 5608 1484 5660 xm,
1519 5597 1604 5649 t2.

2284 4742 2378 4840 μεν
2410 4767 2444 4837 ἦ
2505 4768 2846 4843 καυχώμεθα
2901 4742 3037 4839 νόει,
3097 4768 3174 4830 εἰς
3206 4742 3331 4836 ’τὸξ
3380 4793 3409 4822 ‹‹
3443 4742 3591 4826 Εἶναι
3639 4756 3762 4824 αὖτῷ
3804 4742 3866 4843 ‘5"

2278 4835 2517 4932 ἀρεστήοι,
2553 4880 2580 4907 ››
2614 4835 2801 4934 qna-iv.
2853 4858 2965 4913 ἰνα
3022 4835 3128 4932 νὰρ
3190 4858 3265 4929 μὴ
3315 4857 3609 4930 νομίσωσιν
3659 4835 3863 4940 ἀπ⁰χ⁵ῖλν

2278 4945 2464 5007 αὐτοῖς
2494 4947 2596 5015 τήν
2619 4946 2755 5019 πρὸς
2789 4946 3023 5020 Χριστὸν
3057 4942 3350 5019 ἐκδημίαν,
3394 4946 3457 5002 τὸ
3509 4941 3751 5014 εὐάρεστοι

2274 5040 2354 5108 τῷ
2413 5035 2551 5090 εἶναι
2610 5035 2820 5112 ἐπάγει.
2878 5033 3049 5091 Τοῦτο
3104 5034 3209 5111 γὰρ
3238 5035 3273 5105 ἤ
3311 5034 3571 5113 μακαρίαν
3616 5027 3705 5094 τὴν
3749 5027 3855 5113 προς

2277 5107 2435 5181 αὐτὸν
2497 5107 2761 5198 ἐνδημίαν
2814 5130 2985 5193 ποιεῖ,
3038 5125 3073 5195 ἢ
3118 5107 3468 5200 γτρισαθνλίαν,
3509 5121 3592 5178 ἐὰν
3635 5113 3702 5189 μὴ
3742 5107 3853 5176 ὧμίν

2276 5214 2574 5291 εὐάρεστοι.

2342 5365 2478 5430 Τοὺς
2532 5366 2637 5442 γὰρ
2696 5367 2896 5429 πάντας
2955 5366 3102 5438 ἡμᾶς
3189 5367 3559 5445 φανερωθῆναι
3635 5351 3706 5411 δεῖ
3762 5335 3849 5414 ἦν
