4128 6192
391 279 508 342 973

1388 287 1796 350 COMMENT.
1847 289 1921 349 IN
1973 288 2208 351 EPIST.
2261 289 2312 351 ll
2359 294 2463 353 AD
2507 292 2871 354 CORlNTH.

3686 295 3810 356 974

386 414 615 502 προσβεν
674 420 773 471 τοῦ
859 418 1111 491 βήματος
1186 421 1284 473 τοῦ
1344 423 1600 495 Χριστοῦ,
1665 416 1754 477 ἵνα
1809 418 2031 494 κομίση-

2160 440 2344 481 coram
2393 429 2664 485 tribunali
2688 430 2914 499 Christi,
2940 437 3000 485 ut
3053 430 3263 498 referat
3331 432 3704 502 unusquisque
3744 449 3810 489 ea

390 522 482 558 ται
539 498 765 566 ἕκαστος
821 506 890 561 τὰ
942 501 1033 561 διὰ
1088 509 1185 562 τοῦ
1245 507 1502 580 σώματος
1563 508 1700 573 πρός
1761 507 1791 563 6'
1832 503 2053 585 ἔπραξεν

2164 530 2294 585 qua:
2318 519 2472 584 facta
2522 524 2652 574 sunt
2698 535 2804 588 per
2850 535 3047 590 corpus
3077 520 3250 589 juxta
3290 519 3351 573 id
3370 519 3514 589 quod
3534 522 3672 587 fecit
3701 524 3812 578 sive

392 592 510 648 εἳτε
564 593 792 670 ἀγαθὸν,
847 592 957 652 εἴτε
1029 596 1217 653 κακόν.
1285 594 1506 661 Εἶδότες
1592 599 1684 653 οὗν
1739 599 1830 655 τὸν
1888 595 2031 677 φόϐον

2161 604 2363 660 bonum
2394 609 2505 663 sive
2549 609 2778 664 malum.
2838 610 3082 665 Scientes
3132 609 3307 681 igitur
3354 615 3616 664 terrorem
3654 609 3813 666 illum

383 684 493 737 τοῦ
578 683 802 756 Κυρίου,

381 771 763 847 φανερώμεθα.

394 879 538 915 σεσιν
575 860 724 934 ὑμῶν
755 866 1182 943 πεφανερωσθαι.

891 683 1213 757 ἀνθρώπους
1298 686 1576 759 πείθομεν,

463 952 670 1006 Λοιπὸν
703 952 795 1006 καὶ
853 951 961 1007 ἀπὸ
1018 956 1128 1008 τῶν
1187 954 1650 1030 σκυθρωποτὲρών
1682 959 1858 1012 πτοεῖ.
1893 953 2047 1025 Πλὴν

393 1038 479 1093 ὅτι
535 1038 851 1113 ἀναμνήσας
910 1045 1008 1096 τοῦ
1067 1035 1303 1120 φοϐεροῦ
1362 1044 1634 1116 βήματος,
1691 1042 1754 1098 ού
1787 1043 2052 1117 μόνοντά

391 1129 689 1204 σκυθρωπά
740 1128 888 1186 ἀλλά
945 1131 1036 1186 καὶ
1094 1131 1158 1186 τὰ
1208 1134 1554 1207 χρηστοτέρα
1593 1138 1699 1188 τῶν
1733 1132 1843 1188 ἐκεῖ
1873 1129 2044 1210 λέγει.

388 1239 420 1269 ις
451 1218 531 1274 Τὰ
561 1215 649 1273 διὰ
681 1224 778 1274 τοῦ
810 1220 1085 1293 σώματος.
1126 1246 1148 1273 ι
1208 1254 1277 1264 --
1328 1223 1666 1295 [ΘΕΟΔΩΡ.]
1717 1223 1799 1280 Τὰ
1833 1219 1923 1278 διά
1948 1227 2047 1278 τοῦ

393 1306 649 1379 σώματος
706 1307 852 1381 αύτῷ
911 1308 1345 1384 πεπολιτευμένα
1400 1310 1489 1365 καὶ
1546 1312 1900 1387 πεπραγμένα
1939 1333 2048 1390 φη-

396 1395 473 1452 σί.
507 1397 799 1471 Κομίσεται
853 1395 911 1455 δὶ
966 1401 1103 1475 πρὸς
1162 1394 1195 1454 ἆ
1252 1395 1495 1475 ἔπραξεν,
1554 1398 1663 1456 εἴτε
1708 1400 1905 1479 ἀγαθὰ,
1938 1400 2049 1458 εἴτε

387 1486 548 1545 κακὰ.
586 1486 810 1557 Ἐπειδή
856 1490 961 1566 γὰρ
1001 1490 1137 1564 πρὸς
1193 1511 1252 1545 τε
1279 1493 1347 1545 τὰ
1399 1490 1541 1546 καλά
1569 1491 1658 1546 καὶ
1693 1493 1770 1565 μὴ
1800 1496 2046 1561 τοιαῦτα,

388 1575 451 1629 τὸ
484 1581 644 1650 σῶμα
696 1576 1006 1652 ὑπηρέτησε
1052 1581 1120 1653 τῇ
1173 1581 1354 1654 ψυχῇ,
1401 1579 1490 1635 καὶ
1530 1581 1626 1643 τὰς
1665 1577 1902 1654 ἀμοιϐὰς
1931 1603 2048 1655 μετ»

383 1663 553 1735 αὐτῆς
585 1663 986 1740 ἃπολαμϐἀνει·
1019 1673 1192 1724 Τοῦτο
1249 1674 1355 1725 τῶν
1406 1669 1682 1745 λεγόντων
1714 1669 1856 1727 ἄλλο
1886 1677 2046 1745 σῶμα

380 1752 504 1864 τότε
533 1753 834 1864 ἐγείρεσθαι
889 1755 1182 1834 ἐμφράττει
1241 1758 1310 1813 τὰ
1367 1760 1633 1832 στόματα.
1693 1759 1771 1817 Ού
1827 1759 1929 1836 γὰρ
1976 1759 2037 1819 ἃν
2071 1799 2117 1864 Β

375 1836 553 1896 ἄλλου
585 1843 840 1917 σώματος
896 1846 1334 1921 ἁμαρτήσαντος,
1389 1844 1530 1901 ἄλλο
1561 1845 1909 1924 ἐτιμωρεῖτο,
1945 1847 2039 1902 ού-

385 1925 441 1984 δὶ
468 1928 646 1987 ἄλλου
685 1934 1162 2008 κατορθώσαντος,
1222 1932 1365 1991 ἀλλο
1422 1933 1799 2014 ἐστεφανοῦτο.
1833 1962 1862 1989 ι(
1896 1937 2041 2012 Πρὸς

383 2016 689 2095 ὅέπραξεν.
723 2047 752 2075 ››
811 2021 951 2079 Οὐδὲ
1006 2025 1111 2102 γὰρ
1170 2028 1349 2102 γυμνὴ
1412 2028 1447 2095 ἡ
1508 2028 1688 2101 ψυχή,
1744 2024 1892 2084 ἀλλά
1949 2023 2039 2081 διὰ

377 2112 477 2163 τοῦ
536 2111 790 2185 σώματος
871 2115 1152 2187 κομίζεται
1236 2115 1426 2186 ταῦτα,
1481 2118 1748 2186 τουτέστι,
1809 2116 1947 2193 πρὸς
2004 2116 2037 2171 ἃ

370 2190 587 2275 ἔπραξε,
620 2204 1025 2279 συμπάσχουσα
1082 2205 1173 2260 καὶ
1228 2201 1658 2278 συνδοξαζομένη
1710 2210 1791 2279 τῷ
1821 2190 2035 2281 συζύγῳ

377 2291 613 2363 σώματι.
673 2292 860 2356 Οὕτως
918 2295 946 2349 ὁ
1005 2296 1058 2350 ἐν
1116 2296 1294 2371 ἁγίοις
1351 2294 1619 2359 Μεθόδιος
1668 2294 1721 2351 έν
1768 2300 1848 2368 τῷ
1903 2295 2034 2371 Περῖ

367 2376 711 2444 ἀναστάσεως
767 2383 943 2460 λόγῳ.
1005 2408 1032 2435 ‹‹
1079 2382 1300 2447 Εἰδότες
1374 2384 1464 2441 οῦν
1549 2387 1642 2441 τὸν
1705 2380 1875 2463 φόϐον
1937 2388 2035 2441 τοῦ

370 2470 593 2546 Κυρίου.
626 2495 654 2524 »
710 2473 787 2530 Τὸ
844 2472 1221 2549 δικαστήριον,
1276 2475 1467 2552 φησὶν,
1524 2475 1723 2546 ἐκεῖνο,
1784 2476 1875 2530 καὶ
1933 2477 2031 2543 τήν

370 2562 489 2616 κατ’
518 2562 666 2632 ἀξίαν
722 2562 1003 2621 ἀπόδοσιν.
1069 2592 1091 2618 ι
1126 2566 1476 2642 Ἀνθρώπους
1506 2568 1795 2640 πείθομεν.
1829 2590 1857 2618 ››
1907 2566 2031 2621 llat-

372 2660 536 2723 θομεν
562 2648 653 2707 διὰ
679 2655 863 2723 τοῦτο,
893 2652 989 2710 ’ἕνα
1048 2657 1123 2728 μή
1181 2676 1300 2711 τινα
1361 2658 1515 2730 ὑμῶν
1560 2653 2028 2728 σκανδαλίσωμεν.

368 2737 443 2791 Οὐ
498 2739 599 2815 γάρ
656 2742 849 2816 πρᾶξαί
908 2764 960 2799 τι
1011 2748 1118 2799 τῶν
1174 2743 1400 2823 φαύλων
1464 2744 1631 2818 μόνον
1690 2744 2030 2819 κατακρίνει,

370 2825 636 2883 ἀλλὰκαὶ
687 2831 750 2885 τὸ
800 2831 1119 2905 νομίζεσθαι
1175 2832 1431 2907 πράττειν
1480 2831 1728 2905 κολάζει,
1759 2831 1846 2888 ἐὰν
1881 2829 2031 2888 δυνά-

374 2938 531 2990 μενοι
586 2919 685 2988 τήν
746 2921 1006 2993 τοιαύτην
1065 2921 1301 2996 ὑποψίαν
1361 2922 1544 2993 λῦσαι,
1601 2924 2027 3000 καταφρονήσω-

376 3026 569 3080 μεν.-
600 3008 848 3073 Ἀλλως.
894 3006 1232 3086 Συμϐουλῆς
1271 3011 1363 3068 καὶ
1393 3013 1763 3087 παραινέσεως
1794 3010 1879 3081 τὸ,
1910 3010 2026 3067 πεί-

374 3106 579 3169 θωμεν,
614 3094 700 3153 διὸ
755 3100 844 3154 καὶ
903 3098 995 3156 διὰ
1054 3105 1266 3177 μακροῦ
1323 3105 1421 3156 τοῦ
1451 3123 1497 3155 ω
1528 3099 1817 3179 γραπτέον.
1856 3121 1882 3155 ι
1912 3103 2028 3172 Θεῷ

371 3182 432 3240 δὲ
488 3188 998 3266 πεφανερώμεθα.»
1056 3192 1157 3248 Τὸν
1213 3191 1316 3266 γὰρ
1371 3187 1552 3245 εἰδότα
1617 3190 1764 3261 Θεὸν,
1823 3188 2026 3253 πείθειν

371 3270 436 3327 οὗ
495 3272 595 3331 δεῖ.
658 3301 686 3329 ‹‹
744 3276 990 3348 Ἐλπίζω
1049 3275 1127 3347 δὲ,
1187 3278 1277 3334 καὶ
1360 3278 1412 3334 ὲν
1488 3283 1607 3339 ταῖς
1667 3274 2029 3348 συνειδήσεσιν

369 3361 523 3436 ὑμῶν
550 3369 980 3444 πεφανερῶσθαι.
1039 3391 1070 3420 »
1131 3365 1377 3439 Ἐλπιζω
1436 3364 1516 3437 δὲ,
1577 3367 1766 3445 φησὶν,
1816 3366 1901 3421 ὅτι
1933 3367 2023 3422 καὶ

372 3452 512 3525 ὑμᾶς
572 3456 635 3510 οὑ
685 3452 1138 3529 σκανδαλίσομεν,
1192 3455 1321 3512 ἀλλ’
1381 3457 1490 3511 οἷοί
1548 3454 1733 3529 ἐσμεν,
1778 3455 2024 3512 τοιοῦτοί

365 3538 523 3615 ἐσμεν
556 3542 608 3598 ἐν
641 3548 708 3619 τῇ
740 3547 938 3622 γνώσει
976 3545 1152 3619 ὑμῶν.
1188 3548 1365 3603 Τοῦτο
1422 3544 1526 3622 γὰρ
1574 3546 1659 3618 τὸ,
1702 3568 1731 3596 ‹‹
1763 3550 1854 3602 Ἐν
1899 3548 2021 3608 ταῖς

368 3628 757 3703 συνειδήσεσιν.
792 3657 820 3688 ι

1665 691 1782 759 Θεῷ
1840 685 1899 742 δὲ
1956 709 2051 744 πε-

862 771 1110 844 Ἒλπίζω
1190 773 1250 828 δὲ
1327 774 1416 828 καὶ
1502 774 1554 830 ἰν
1615 781 1735 838 ταῖς
1803 774 2051 848 συνειδή-

2159 694 2403 762 Domini,
2454 698 2744 754 suademus
2798 699 3129 763 hominibus,
3183 699 3292 754 Deo
3339 714 3467 754 vero
3530 700 3810 767 manifesti

2155 798 2360 840 sumus.
2402 787 2575 857 Spero
2641 794 2828 843 autem
2875 804 2972 844 nos
3025 794 3077 843 et
3123 789 3184 843 in
3231 786 3574 844 conscientiis
3614 787 3806 845 vestris

2157 875 2473 942 manifestos
2500 891 2627 932 esse.

2227 964 2516 1036 Deinceps
2569 966 2748 1022 etiam
2801 984 2837 1023 a
2885 966 3247 1022 tristioribus
3290 970 3493 1021 terret.
3527 967 3805 1022 Attamen

2152 1050 2308 1109 facta
2347 1055 2651 1110 mentione
2706 1055 3001 1111 tremendi
3061 1054 3375 1110 tribunalis
3435 1071 3555 1109 non
3609 1056 3804 1130 solum

2153 1141 2368 1211 tristia,
2400 1143 2504 1198 sed
2553 1149 2613 1200 et
2648 1145 3054 1201 commodiera
3100 1143 3300 1209 refert,
3335 1160 3407 1199 ex
3436 1143 3528 1198 his
3558 1159 3689 1215 qum
3720 1142 3804 1197 ibi

2151 1230 2443 1286 accident.
2478 1256 2505 1282 ‹‹
2540 1232 2678 1297 Qua)
2702 1250 2808 1306 per
2838 1251 3072 1306 corpus-
3098 1252 3121 1276 »ι
3151 1264 3218 1272 -
3244 1234 3323 1288 Ea
3348 1248 3480 1303 quas
3520 1248 3626 1303 per
3673 1248 3804 1286 cor-

2151 1336 2264 1391 pus
2293 1320 2365 1375 ab
2397 1321 2528 1393 ipso
2558 1322 2976 1379 administrata
3007 1339 3111 1378 seu
3135 1328 3373 1394 peracta
3403 1326 3560 1383 sunt.
3587 1319 3804 1391 inquit.

2151 1408 2386 1465 Referet
2432 1417 2631 1466 autem
2667 1412 2844 1484 juxta
2893 1428 2963 1468 ea
3018 1428 3149 1483 quae
3182 1411 3320 1467 fecit
3350 1411 3468 1466 sive
3499 1409 3655 1466 bona
3685 1410 3803 1465 sive

2150 1498 2327 1554 mala.
2382 1499 2674 1564 Quoniam
2732 1503 2892 1557 enim
2924 1501 2997 1557 ad
3055 1502 3307 1556 honesta
3333 1505 3389 1555 et
3420 1500 3600 1556 etiam
3631 1499 3706 1555 ad
3737 1517 3805 1556 ea

2150 1604 2282 1658 quos
2331 1605 2453 1645 non
2499 1596 2640 1645 sunt
2688 1591 3054 1663 hujusmodi,
3087 1591 3437 1646 obsecutum
3467 1596 3558 1645 est
3587 1606 3803 1662 corpus

2148 1677 2386 1746 animos,
2420 1695 2540 1734 una
2570 1681 2749 1736 etiam
2771 1697 2907 1737 cum
2930 1681 3059 1753 ipsa
3084 1680 3540 1736 retributionem
3562 1679 3797 1751 accipit.

2149 1767 2217 1820 Et
2245 1766 2357 1821 hoc
2413 1785 2518 1824 ora
2564 1770 2819 1825 obstruit
2864 1770 3187 1825 dicentium
3238 1768 3403 1825 aliud
3434 1773 3574 1824 tunc
3619 1768 3799 1824 susci-

2150 1855 2261 1910 tari
2292 1873 2527 1928 corpus.
2589 1860 2787 1931 Neque
2847 1860 3006 1915 enim
3035 1876 3169 1915 cum
3218 1858 3381 1914 aliud
3412 1874 3629 1930 corpus
3658 1873 3799 1929 pec-

2145 1946 2383 2015 caverit,
2458 1946 2622 2003 aliud
2697 1949 2989 2021 supplicio
3060 1948 3217 2004 afﬁci
3300 1946 3541 2003 debet:
3602 1964 3797 2019 neque

2144 2050 2280 2089 cum
2313 2035 2477 2091 aliud
2533 2038 2766 2110 egregia
2805 2038 3168 2109 praestiterit,
3202 2036 3365 2092 aliud
3394 2035 3667 2091 coronari
3697 2041 3801 2091 aut

2144 2126 2441 2196 prmmiari
2475 2133 2727 2199 oportet.
2757 2151 2784 2178 ‹‹
2817 2129 2991 2183 Juxta
3038 2127 3100 2182 id
3140 2126 3298 2198 quod
3329 2126 3468 2180 fecit
3503 2142 3515 2178 :
3543 2148 3570 2174 υ
3602 2123 3738 2198 πρὸς
3766 2121 3798 2177 ὃ

2142 2205 2382 2287 ἔπραξεν.
2411 2216 2543 2287 Vel,
2574 2216 2663 2272 Ad
2694 2216 2777 2285 id,
2809 2218 2929 2273 sive
2955 2233 3091 2273 cum
3124 2233 3215 2282 eo,
3277 2216 3438 2286 quod
3486 2219 3798 2287 operatum

2145 2309 2252 2358 est.
2289 2304 2593 2375 Siquidem
2623 2324 2745 2363 non
2785 2308 2988 2363 anima
3045 2305 3206 2362 nuda
3251 2306 3378 2360 haec
3436 2304 3637 2372 refert,
3694 2302 3797 2359 sed

2144 2407 2357 2461 corpus
2389 2411 2404 2462 ;
2438 2393 2551 2449 hoc
2579 2399 2687 2461 est,
2714 2394 2886 2465 juxta
2917 2410 2987 2450 ea
3033 2410 3164 2465 quae
3213 2397 3449 2464 operate
3512 2396 3621 2461 est,
3679 2406 3800 2445 una

2140 2481 2375 2551 patiens
2423 2498 2662 2554 unaque
2710 2483 2959 2556 gloriam
3010 2482 3344 2554 suscipiens
3394 2498 3529 2537 eum
3571 2481 3798 2551 collega

2140 2586 2412 2643 corpore.
2444 2574 2530 2629 Ita
2560 2573 2742 2630 habet
2769 2575 2938 2631 divus
2960 2572 3294 2629 Metliodius
3326 2571 3477 2626 libro
3509 2572 3581 2627 De
3608 2587 3795 2626 resur-

2138 2663 2394 2717 rectione.
2434 2686 2453 2712 ι
2490 2662 2756 2719 Scientes
2787 2664 2967 2736 igitur
2993 2670 3279 2718 terrorem
3304 2661 3474 2716 illum
3498 2660 3794 2714 Domini.»

2138 2750 2291 2806 Illud
2322 2752 2427 2819 ait,
2460 2753 2725 2809 tribunal
2749 2760 2807 2808 et
2835 2753 3074 2821 dignam
3094 2748 3793 2822 repensionem.«Suade-

2136 2855 2270 2895 mus
2315 2841 2677 2896 hominibus.
2733 2863 2760 2893 ››
2797 2843 3117 2913 Propterea
3148 2839 3468 2895 suademus
3494 2854 3570 2892 ne
3611 2853 3790 2909 quem

2136 2934 2396 2984 vestrum
2449 2930 2842 2985 offendamus.
2894 2934 3092 3000 Neque
3149 2927 3306 2982 enim
3376 2926 3571 2981 solum
3621 2928 3794 2981 affert

2137 3018 2581 3074 damnationem
2593 3018 2840 3090 ,aliquid
2861 3025 3233 3090 perpetrasse
3251 3032 3456 3072 eorum
3472 3032 3602 3085 quae
3617 3030 3792 3086 prava

2142 3112 2299 3175 sunt,
2333 3123 2535 3162 verum
2565 3108 2745 3163 etiam
2780 3107 3106 3162 existimari
3155 3106 3373 3173 facere,
3432 3103 3793 3176 supplicium

2139 3194 2399 3264 adducit,
2428 3195 2476 3250 si
2507 3212 2642 3250 cum
2665 3211 2976 3267 possemus
2997 3192 3343 3267 hujusmodi
3364 3192 3576 3248 tollere
3600 3191 3794 3264 suspi-

2139 3283 2392 3349 cionem,
2455 3285 2912 3340 contemnimus.
2972 3284 3188 3339 ——Alio
3247 3282 3429 3337 modo.
3459 3280 3706 3336 Consilii
3733 3285 3793 3336 et

2136 3372 2565 3428 exhortationis
2589 3378 2678 3428 est
2693 3371 2852 3445 quod
2873 3372 2977 3439 ait,
3002 3371 3295 3442 πείθωμεν,
3328 3369 3388 3425 id
3413 3374 3522 3435 est,
3545 3368 3791 3426 suadea-

2132 3478 2287 3530 mus,
2320 3461 2453 3518 ideo
2498 3462 2676 3517 etiam
2723 3479 2830 3534 per
2859 3482 2902 3515 ω
2951 3462 3196 3534 longum
3239 3457 3622 3514 scribendum
3676 3462 3784 3514 est.

2130 3571 2159 3600 ιι
2208 3551 2325 3605 Deo
2384 3567 2519 3607 vero
2572 3550 2868 3606 manifesti
2927 3566 3151 3606 sumus.
3210 3570 3239 3598 »
3294 3548 3413 3603 Deo
3462 3546 3621 3602 enim
3681 3545 3784 3617 qui

2126 3644 2340 3695 cuncta
2369 3640 2532 3695 novit
2561 3640 2809 3696 suadere
2850 3656 2969 3695 non
3014 3642 3268 3711 oportet.
3301 3659 3329 3686 ι(
3365 3636 3546 3705 Spero
3578 3640 3776 3689 autem

367 3736 479 3778 nos
511 3729 600 3778 est
620 3725 681 3780 in
702 3725 1085 3781 conscientiis
1098 3725 1308 3781 vestris
1336 3723 1686 3781 manifestos
1717 3741 1903 3781 esse.»
1923 3732 2107 3798 Spero
2130 3734 2329 3784 autem
2355 3729 2511 3801 quod
2541 3746 2735 3801 neque
2767 3747 2866 3785 vos
2895 3723 3396 3793 oﬁ‘endemus,sed
3430 3722 3640 3794 quales
3674 3737 3772 3775 su-

366 3826 523 3883 mus,
556 3813 703 3870 tales
731 3820 788 3870 et
813 3816 877 3871 in
907 3816 1243 3888 cognitione
1282 3820 1476 3871 vestra
1506 3831 1734 3871 sumus.
1764 3819 1909 3872 Nam
1940 3815 2051 3872 hoc
2074 3824 2183 3886 est,
2217 3817 2374 3891 quod
2406 3820 2490 3874 ait

994 3932 1256 3988 ΚΕΦΑΚ.
1313 3932 1385 3987 Ζ’.

371 4020 502 4096 Περὶ
558 4028 659 4092 τῆς
704 4021 873 4077 αὐτοῦ
925 4020 1319 4100 φιλοθμεότῃτος
1352 4020 1452 4100 ’καὶ
1500 4017 1863 4100 φιλαδελφίας
1919 4028 2022 4091 τῆς

972 4094 1110 4149 κατά
1155 4094 1412 4168 Χριστόν.

438 4182 516 4242 Ού
598 4184 701 4258 γὰρ
796 4182 963 4239 πάλιν

370 4271 515 4330 ἀλλὰ
597 4272 857 4353 ἀφορμὴν
945 4270 1188 4333 διδόντες
1274 4271 1403 4345 ὑμῖν
1464 4272 1827 4345 καυχήματος
1891 4270 2024 4344 ὑπὲρ

369 4363 555 4435 ἡμῶν,
607 4359 699 4416 ἵνα
757 4356 926 4440 ἔχητε
980 4362 1115 4437 πρὸς
1169 4360 1298 4424 τοὺς
1352 4360 1406 4415 ὲν
1467 4359 1749 4435 προσώπῳ
1797 4378 2025 4435 καυχω-

373 4450 585 4525 μένους,
642 4452 731 4507 καὶ
787 4451 855 4506 οὗ
904 4447 1118 4526 καρδίᾳ.
1178 4447 1312 4509 Εἴτε
1365 4449 1470 4526 γὰρ
1521 4446 1832 4521 ἐξέστημεν,
1882 4452 2019 4520 Θεῷο

371 4538 481 4597 εἴτε
502 4545 920 4620 σωφρονοῦμεν,
945 4540 1095 4614 ὑμῖν.

440 4724 700 4800 Συνεχῶς
730 4715 1087 4796 ἀποτρίϐεται
1141 4721 1242 4789 τὴν
1298 4724 1402 4775 τοῦ
1462 4719 1538 4793 μή
1600 4714 1778 4773 δοκεῖν
1807 4723 2020 4793 καυχᾶ-

370 4817 491 4871 σθαι
525 4808 804 4877 ὑπόνοιαν,
858 4808 947 4863 καὶ
996 4826 1182 4884 φησιν’
1237 4806 1331 4868 Εἰς
1381 4804 1610 4867 τούτους
1648 4805 1775 4867 τοὺς
1819 4804 2024 4883 λόγους

370 4894 642 4969 ἤλθομεν,
677 4897 788 4972 οὐχ
833 4895 1060 4958 ἑαυτοὺς
1108 4899 1487 4965 συνιστῶντες,
1532 4893 1829 4960 τουτέστιν,
1871 4892 2021 4949 ἐπαί-

376 5005 560 5059 ροντες
610 4984 647 5055 ἢ
723 4984 1173 5063 ἐγκωμιάζοντες,
1260 4982 1388 5042 ἀλλ’
1452 4985 1581 5057 ὑμῖν
1662 4984 2021 5062 παρέχοντες,

372 5075 561 5150 φησὶν,
621 5075 898 5152 ἀφορμὴν,
957 5076 1090 5151 ὑπὲρ
1145 5077 1307 5148 ἡμῶν
1360 5078 1666 5147 καυχᾶσθαι
1722 5072 1858 5147 πρὸς
1898 5073 2023 5136 τοὺς

370 5161 873 5238 ψευδαπόστόλους.
922 5162 1151 5234 Ἐπειδή
1232 5164 1337 5239 γὰρ
1422 5161 1620 5216 ἐκεῖνοι
1676 5158 2019 5236 διασύρουσιν

367 5254 537 5330 ἡμᾶς,
596 5256 690 5311 ἳνα
748 5256 905 5330 ὑμεῖς
961 5252 1134 5331 ’έχητε
1191 5255 1326 5329 ὑπὲρ
1381 5255 1543 5326 ἡμῶν
1585 5255 1912 5327 καυχᾶσθαι,
1945 5254 2023 5317 εἰς

363 5345 591 5409 τούτους
649 5344 843 5415 ἦλθον,
902 5345 1059 5423 φησὶ,
1118 5345 1243 5407 τοὺς
1302 5342 1519 5417 λόγους.
1555 5365 1584 5395 (ι
1614 5344 1732 5398 Ἵνα
1770 5337 1957 5417 ἔχητε.
1994 5365 2016 5396 ι

364 5435 510 5504 Ἔξω
590 5456 645 5490 τι
727 5433 1156 5509 ἀπολογεῖσθαι,
1213 5433 1268 5488 τὶ
1326 5430 1524 5505 λέγειν,
1584 5430 1638 5486 τὶ
1695 5434 2019 5505 καυχᾶσθαι.

366 5546 396 5576 ‹‹
427 5523 577 5600 Πρὸς
605 5523 735 5587 τοὺς
792 5523 845 5578 ἐν
899 5523 1181 5600 προσώπῳ
1227 5517 1646 5597 καυχωμένους.
1677 5541 1706 5572 ››
1756 5520 1884 5595 Περὶ
1912 5525 2017 5576 τῶν

364 5609 831 5688 ψευδαποστόλων
889 5613 1073 5692 φησὶν,
1133 5611 1331 5674 οἳτινες
1386 5608 1558 5666 πάντα
1612 5606 1750 5684 πρὸς
1808 5606 2019 5685 ἀνθρω-

2550 3835 2563 3873 :
2599 3842 2627 3870 ‹‹
2662 3816 3112 3874 Inconscientiis
3154 3812 3385 3869 vestris.
3422 3833 3451 3860 ››

2676 3935 2829 3992 685
2861 3933 3090 3988 CAPUT
3123 3931 3238 3985 VII.

2132 4026 2205 4080 De
2230 4026 2397 4081 Pauli
2425 4041 2558 4094 erga
2606 4026 2779 4078 Deum
2834 4037 3015 4094 amore
3058 4035 3121 4094 ac
3176 4021 3434 4087 fraterna
3480 4017 3779 4073 secundum

2693 4095 2862 4149 Deum
2916 4092 3229 4147 dilectione.

1078 4181 1303 4246 hocab;
1395 4182 1780 4255 συνιστάνομεν
1869 4182 2022 4255 ὑμῖν,

2204 4187 2269 4252 ν,
2334 4189 2420 4254 12,
2471 4185 2558 4239 13.
2621 4186 2741 4239 Νοη
2802 4183 2949 4237 enim
3004 4196 3223 4236 rursum
3278 4195 3376 4235 nos
3430 4182 3578 4250 ipsos
3635 4193 3781 4233 com—

2133 4274 2456 4330 mendamus
2496 4273 2680 4328 vobis:
2721 4272 2819 4327 sed
2859 4272 3194 4326 occasionem
3249 4269 3444 4324 damus
3480 4268 3628 4322 vobis
3662 4266 3778 4335 glo-

2134 4363 2324 4418 riandi
2366 4362 2433 4417 de
2482 4362 2657 4427 nobis,
2697 4367 2758 4415 ut
2797 4359 3017 4431 aliquid
3078 4359 3325 4414 habeatis
3375 4357 3632 4412 adversus
3690 4368 3781 4408 eos

2132 4453 2230 4521 qui
2252 4453 2310 4506 in
2335 4453 2484 4521 facie
2521 4451 2859 4521 gloriantur,
2883 4455 2936 4505 et
2983 4464 3096 4504 non
3134 4450 3194 4503 in
3251 4446 3430 4503 corde.
3488 4446 3631 4499 Nam
3676 4444 3788 4498 sive

2133 4542 2456 4608 insanimus,
2502 4540 2609 4596 Deo
2664 4537 3009 4595 insanimus:
3042 4537 3154 4593 sive
3199 4534 3326 4591 sani
3379 4548 3585 4601 sumus,
3631 4529 3784 4587 vobis

2131 4632 2255 4686 sani
2279 4645 2482 4686 sumus.

2204 4720 2495 4776 Continue
2528 4719 2930 4792 suspicionem
2956 4720 3166 4789 purgat
3197 4714 3339 4786 quia
3367 4711 3553 4767 videri
3584 4713 3785 4782 posset

2131 4808 2393 4880 gloriari,
2428 4815 2488 4864 et
2515 4809 2630 4864 ait:
2680 4807 2771 4863 Ad
2802 4807 2912 4863 hos
2958 4819 3264 4861 sermones
3306 4801 3600 4866 venimus,
3660 4812 3782 4853 non

2132 4915 2243 4953 nos
2268 4899 2428 4969 ipsos
2459 4897 2968 4962 commendantes,
2997 4895 3109 4949 hoc
3157 4898 3267 4960 est,
3302 4889 3654 4947 extollentes
3683 4890 3787 4941 aut

2132 4987 2674 5055 collaudantes,sed
2707 4986 2868 5041 vobis
2899 4983 3274 5040 occasionem
3312 4980 3646 5054 praebentes
3668 4974 3787 5049 glo-

2133 5075 2324 5131 riandi
2341 5076 2412 5131 de
2427 5076 2600 5131 nobis
2614 5075 2894 5131 adversus
2924 5069 3626 5146 pseudoapostolos.Nam
3651 5063 3790 5135 quia

2133 5165 2220 5220 illi
2254 5164 2575 5220 detrahunt
2604 5164 2798 5228 nobis,
2831 5169 2896 5218 ut
2938 5180 3040 5218 vos
3078 5160 3320 5234 possitis
3354 5158 3425 5214 de
3458 5155 3632 5213 nobis
3658 5153 3787 5226 glo-

2132 5254 2298 5309 riari.
2331 5253 2420 5308 Ad
2450 5255 2578 5318 hos,
2614 5253 2829 5323 inquit,
2861 5253 2989 5308 veni
3016 5266 3360 5307 sermones:
3396 5272 3422 5299 α
3459 5248 3532 5302 Ut
3562 5240 3793 5316 aliquid

2131 5343 2419 5399 habeatis.
2481 5365 2509 5393 ››
2560 5342 2968 5399 Exstrinsecus
3000 5339 3476 5397 subaudiendum
3508 5340 3619 5391 est.
3653 5331 3788 5387 Ali-

2133 5432 2274 5504 quid
2307 5430 2467 5503 quod
2506 5431 2568 5487 in
2623 5432 2812 5488 nostri
2871 5430 3282 5488 defensionem
3338 5421 3782 5497 respondeatis,

2131 5522 2359 5596 aliquid
2428 5523 2587 5595 quod
2634 5523 2865 5594 dicatis,
2919 5521 3146 5594 aliquid
3203 5518 3362 5593 quod
3420 5509 3787 5590 gloriemini.

2131 5613 2461 5671 «Adversus
2472 5630 2573 5670 eos
2591 5631 2692 5671 eos
2705 5614 2807 5686 qui
2820 5613 2884 5670 in
2894 5611 3043 5669 facie
3054 5607 3525 5684 gloriantur.»De
3539 5597 3792 5677 pseudo-
