4106 6196
540 284 657 342 975

1660 270 2082 335 ἝΕΟΜΕΝΙΙ
2123 270 2432 335 ’ῙἪΙΟΩΕ
2474 274 2825 340 EPlSCOPl

3792 288 3877 352 978

543 415 830 490 apostolis
858 415 1020 485 dicit,
1047 414 1148 487 qui
1206 411 1408 470 omnia
1433 409 1509 468 ad
1554 404 1914 482 placendum
1938 403 2183 462 homini-

2302 406 2593 484 παρεσκίαν
2627 391 2721 465 καῖ’
2761 407 3079 487 φιλοτιμίαν
3139 408 3397 469 ἐποίουν.
3455 410 3560 469 Καὶ
3609 418 3881 491 προσωπεῖον

541 506 653 561 bus
684 510 742 559 et
761 505 833 560 ad
862 503 1064 577 glorias
1116 519 1381 560 amorem
1421 498 1738 567 faciebant,
1782 502 1841 552 et
1871 511 2192 568 personam

542 594 781 666 quidem
814 593 1115 650 habebant
1141 592 1379 666 pietatis
1431 607 1501 647 ac
1552 586 1986 655 sanctimoniae,
2016 585 2194 641 bonis

541 690 740 740 autem
771 684 1051 756 operibus
1080 685 1247 741 vacui
1279 688 1469 740 erant.
1503 683 1622 736 Hoc
1668 677 1831 734 enim
1889 681 1980 733 est
2034 675 2195 748 quod

542 781 744 837 addit:
779 805 807 833 «
839 785 908 837 Et
936 800 1057 839 non
1116 783 1178 837 in
1228 781 1426 849 corde,
1461 800 1490 829 »
1521 795 1590 834 eo
1650 776 1807 851 quod
1849 776 2010 831 intus
2040 772 2195 829 nihil

544 871 834 926 haberent
860 872 1022 927 boni.
1058 894 1085 921 ‹‹
1124 873 1267 927 Nam
1296 871 1417 926 sive
1453 868 1809 933 insanimus,
1844 887 1872 917 »
1927 864 2076 928 Sive,
2109 863 2198 917 in-

543 961 695 1030 buit,
727 961 1045 1034 magniﬁca
1064 961 1366 1032 loquimur
1398 974 1412 1024 ;
1439 958 1552 1014 hoc
1607 960 1698 1013 est
1722 969 1980 1026 namque
2039 951 2197 1023 quod

545 1051 673 1108 ait':
708 1076 734 1103 ‹‹
768 1053 1128 1117 Insanimus,
1164 1074 1192 1101 »
1222 1051 1341 1107 sive
1374 1055 1538 1105 extra
1561 1065 1671 1103 nos
1699 1046 1952 1102 ferimur
1979 1043 2193 1115 (Siqui-

546 1141 681 1197 dem
713 1142 1143 1197 insanientium
1169 1146 1258 1196 est
1302 1138 1619 1212 magniﬁca
1648 1142 1706 1192 et
1730 1136 1994 1191 fastuosa
2010 1132 2196 1204 loqui)

546 1237 791 1304 propter
821 1233 1006 1287 Deum
1042 1231 1152 1286 hoc
1186 1230 1455 1285 facimus.
1516 1224 1822 1293 Quomodo
1851 1224 1880 1279 Ἰ
1936 1225 2017 1279 Ne
2070 1237 2195 1290 vos,

544 1321 953 1376 existimantes
982 1337 1092 1375 nos
1116 1319 1285 1389 viles,
1318 1316 1661 1389 despiciatis
1693 1319 1959 1369 nostram
1988 1309 2199 1384 praedi-

543 1411 860 1467 cationem.
930 1409 1059 1464 Sive
1121 1408 1453 1463 modestum
1538 1403 1766 1476 aliquid
1850 1401 2194 1471 dixerimus,

542 1506 785 1572 prOpter
813 1516 913 1554 vos
945 1499 1054 1553 hoc
1087 1498 1359 1565 facimus,
1390 1501 1457 1551 ut
1492 1512 1596 1551 vos
1638 1494 1837 1549 animo
1896 1491 2194 1547 modestos

543 1606 672 1645 esse
732 1589 1069 1644 doceamus.
1129 1588 1246 1642 Aut
1304 1586 1401 1641 hoc
1476 1585 1663 1640 modo.
1743 1584 1801 1637 Si
1897 1581 2195 1653 quispiam

538 1678 802 1733 insanire
835 1694 943 1732 nos
975 1675 1454 1731 existimetaDeo
1469 1670 1803 1728 mercedem
1825 1669 2191 1741 accepimus;

448 1784 449 1789 ‘
540 1772 785 1839 propter
815 1782 991 1838 quem
1022 1764 1173 1820 tales
1192 1764 1479 1819 habemur
1503 1780 1516 1828 ;
1542 1761 1589 1817 si
1617 1777 1756 1816 vero
1787 1759 2017 1815 sobrios
2040 1774 2191 1828 esse,
2223 1780 2270 1845 Β

544 1856 671 1928 ipse
721 1854 1034 1911 commodo
1093 1854 1343 1921 fruatur,
1404 1851 1563 1923 quod
1595 1866 1664 1906 ex
1697 1848 1891 1905 sobrie
1920 1847 2186 1921 degendo

540 1945 829 2018 provenit.
865 1946 979 1999 Aut
1009 1944 1118 1998 alio
1157 1943 1315 1998 modo
1348 1958 1362 1997 :
1402 1961 1424 1990 ι
1469 1941 1527 1997 Si
1585 1939 1937 2007 insanimus,
1970 1936 2186 2008 inquit,

540 2041 784 2108 propter
813 2035 997 2089 Deum
1029 2033 1382 2088 insanimus.
1417 2052 1445 2081 η
1477 2031 1622 2086 Nam
1644 2034 1886 2101 propter
1932 2031 2185 2082 vestram

542 2125 794 2180 salutem
829 2141 841 2190 ;
875 2123 1029 2178 636
1089 2139 1219 2192 quae
1278 2121 1397 2176 Deo
1452 2135 1610 2174 curaa
1671 2124 1780 2185 est,
1840 2115 2188 2189 hujusmodi

538 2214 861 2285 loquimur,
895 2217 961 2267 ut
978 2210 1081 2267 ubi
1113 2208 1505 2283 cognoveritis
1536 2207 1778 2279 quinam
1804 2206 2011 2275 simus,
2046 2203 2190 2260 salvi

540 2302 690 2369 sitis,
726 2302 1036 2357 credentes
1067 2300 1161 2354 his
1192 2316 1322 2371 qum
1371 2315 1405 2353 a
1454 2296 1629 2353 nobis
1676 2295 2095 2368 praadicantur.
2130 2294 2188 2348 Si

537 2397 737 2448 autem
778 2391 1064 2463 sapimus,
1127 2388 1368 2445 credite.
1402 2419 1472 2427 —
1499 2387 1628 2441 Alio
1686 2386 1864 2441 modo.
1927 2386 2083 2439 Bene
2115 2382 2188 2438 ad

536 2484 822 2556 praadicta
881 2481 1237 2554 subjunxit:
1299 2501 1326 2529 ‹‹
1385 2479 1513 2535 Sive
1570 2478 1924 2543 insanimus,
1985 2497 2012 2527 »
2074 2480 2186 2531 etc.

535 2574 775 2629 Dixerat
804 2573 964 2628 enim
1001 2588 1013 2624 :
1055 2593 1081 2620 ι(
1112 2571 1293 2641 Spero
1339 2574 1538 2624 autem
1590 2571 1649 2622 et
1693 2566 1756 2621 in
1807 2563 2188 2621 conscientiis

538 2662 748 2717 vestris
778 2660 1127 2716 manifestos
1160 2674 1269 2712 nos
1303 2673 1469 2725 esse;
1504 2676 1530 2706 ι
1568 2671 1688 2710 non
1733 2654 1893 2709 enim
1950 2669 2188 2709 rursum

538 2767 649 2807 nos
679 2751 840 2822 ipsos
874 2747 1382 2814 commendamus,
1425 2744 1719 2816 siquidem
1776 2760 1898 2799 non
1948 2758 2188 2815 egemus

538 2840 1055 2897 commendatione
1090 2855 1227 2911 erga
1256 2853 1377 2892 vos.
1403 2836 1529 2890 Sive
1562 2834 1724 2890 enim
1757 2832 2051 2905 quispiam
2104 2832 2191 2886 in-

538 2929 736 2986 sanire
768 2946 877 2984 nos
904 2928 1137 2998 dixerit,
1162 2926 1236 2982 ad
1259 2927 1443 2982 Deum
1475 2925 1586 2979 hoc
1617 2922 1964 2989 refertur,ac
1991 2921 2187 2976 futuro

537 3025 667 3093 eget
687 3018 1069 3091 judicio,non
1100 3022 1293 3073 vestro
1328 3033 1341 3070 :
1373 3014 1532 3086 quod
1579 3013 1758 3070 etiam
1816 3010 1958 3068 alibi
2000 3009 2183 3066 dixit:

540 3133 561 3159 ιι
598 3109 734 3163 Mihi
762 3113 961 3164 autem
993 3106 1477 3179 indignissimum
1537 3102 1786 3169 videtur,
1820 3107 1887 3157 ut
1928 3118 1962 3157 a
2019 3099 2183 3155 vobis

525 3199 894 3271 judicer,sed
924 3198 1023 3268 qui
1046 3197 1278 3268 judicat
1306 3211 1400 3251 me
1433 3193 1718 3248 Dominus
1748 3196 1840 3247 est
1867 3191 1958 3248 η’.
1994 3213 2023 3241 ››
2056 3191 2182 3245 Sive

531 3288 709 3361 igitur
737 3285 1329 3356 insanimus,inquit,
1362 3283 1435 3338 ad
1467 3283 1652 3337 Deum
1686 3297 1803 3336 non
1840 3280 1912 3336 ad
1935 3297 2034 3336 vos
2082 3296 2181 3335 re-

530 3377 844 3434 ferendum
878 3382 967 3431 est
992 3373 1337 3445 hujusmodi
1385 3371 1705 3442 judicium,
1741 3371 1868 3425 Sive
1899 3370 2179 3441 cuiquam

532 3467 775 3522 omnino
808 3479 1015 3536 sapere
1046 3462 1337 3521 videmur,
1362 3459 1529 3513 vobis
1587 3458 1786 3530 potius
1847 3468 2025 3529 quam
2058 3458 2183 3530 qui-

535 3556 733 3612 busvis
764 3555 898 3610 aliis
931 3548 1395 3607 existimandum
1444 3553 1532 3602 est
1562 3563 1671 3601 nos
1696 3563 1923 3618 sapere.
1950 3568 1979 3596 ‹‹
2038 3549 2183 3601 Nam

541 3646 799 3719 sigillum
832 3640 1196 3715 apostolatus
1228 3637 1366 3701 mei,
1390 3636 1473 3690 ait
1502 3636 1644 3691 alibi
1674 3633 1743 3703 ‘3,
1776 3652 1877 3691 vos
1909 3634 2050 3690 estis
2080 3651 2188 3707 per

2308 497 2403 569 μὶν
2431 497 2584 578 εἶχον
2644 494 2927 585 εὐλαϐείας
2985 501 3073 558 καὶ
3131 502 3499 576 σεμνότητος,
3540 497 3699 578 ἔργων
3724 504 3771 562 δὲ

2304 591 2412 650 θῶν
2470 587 2768 665 ἐτύγχανον
2818 584 3042 665 ἔρημοι.
3095 595 3277 647 Τοῦτο
3337 591 3445 670 γὰρ
3499 589 3625 649 ἐστι’
3669 620 3694 647 «ι
3725 599 3807 654 Καὶ
3826 584 3881 671 μὴ

2303 673 2356 731 ἐν
2407 674 2622 752 καρδίᾳ,
2656 676 2805 735 »δια
2858 680 2923 736 τὸ
2984 681 3061 754 μή
3116 677 3276 756 ἔχειν
3309 676 3467 737 ἔνδον
3519 682 3722 760 ἀγαθόν.
3750 711 3773 737 ‹‹
3799 687 3886 745 Birt

2303 764 2409 842 γὰρ
2463 764 2775 841 ἐξέστημεν.
2811 792 2840 820 »
2897 770 2997 825 Ἀν
3050 791 3128 840 τε,
3192 769 3356 844 φησὶ,
3419 771 3555 846 μέγα
3598 776 3887 852 φθεγγώμεθα

2305 858 2486 928 (τοῦτο
2543 858 2649 933 γὰρ
2706 858 2768 913 τὸ
2827 882 2858 913 α
2913 856 3272 934 Ἐξέστημεν·
3341 861 3674 935 μαινομένων
3722 865 3806 941 γὰρ
3845 869 3888 923 τὸ

2308 943 2522 1021 μεγάλα
2576 946 2899 1022 φθέγγεσθαι
2978 950 3069 1005 καὶ
3128 950 3461 1025 ὑπέρογκα),
3519 948 3607 1008 διὰ
3653 953 3735 1008 τὸν
3781 958 3889 1027 Θεὸν,

2304 1036 2459 1114 φησὶ,
2492 1040 2653 1093 τοῦτο
2683 1041 2971 1112 ποιοῦμεν.
3005 1043 3128 1103 Πῶς
3159 1062 3177 1109 ς
3209 1041 3329 1095 Ἳνα
3392 1044 3468 1115 μή
3522 1041 3668 1115 ὑμεῖς
3695 1045 3891 1117 νομίσαν-

2301 1145 2389 1187 τες
2446 1127 2595 1199 ἡμᾶς
2660 1124 2896 1190 εὐτελεῖς
2979 1131 3448 1208 καταφρονήσητε
3514 1135 3607 1186 τοῦ
3661 1132 3737 1209 ὑφ’
3782 1133 3891 1207 ὑμῶν

2302 1212 2683 1291 κηρύγματος.
2733 1217 2828 1274 "Av
2882 1237 2942 1273 τε
2997 1216 3221 1293 μέτριόν
3282 1239 3336 1274 τι
3413 1218 3667 1293 εἴπωμεν,
3712 1219 3771 1276 δι’
3795 1222 3893 1294 ὑμᾶς

2302 1308 2466 1361 τοῦτο
2539 1309 2829 1379 ποιοῦμεν,
2902 1305 2990 1363 ἳνα
3059 1314 3515 1387 ταπεινοφρονεῖν
3598 1309 3725 1383 ὑμᾶς
3782 1308 3891 1367 διδᾶ-

2303 1395 2502 1467 ξωμεν.
2538 1395 2606 1452 ἸΙ
2666 1395 2859 1458 οὕτως⁹
2920 1396 2982 1452 Εἰ
3045 1397 3139 1471 μὲν
3196 1419 3288 1461 τις
3348 1399 3501 1470 ἡμᾶς
3561 1399 3805 1470 μαίνεσθαι
3827 1421 3893 1454 ιο-

2308 1484 2477 1557 μίξει,
2535 1484 2682 1561 παρά
2747 1488 2881 1540 Θεοῦ
2928 1485 3024 1541 τὸν
3083 1487 3281 1559 μισθὸν
3340 1481 3705 1560 λαμϐάνομεν,
3756 1486 3814 1543 δι’
3851 1491 3892 1543 δν

2301 1576 2547 1628 τοιοῦτοι
2578 1574 2936 1648 νομιζόμεθα.
2996 1575 3060 1632 Εἰ
3116 1572 3175 1632 δὲ
3206 1577 3432 1655 νήφειν,
3464 1576 3621 1639 αὐτὸς
3648 1584 3736 1647 τῆς
3761 1576 3890 1632 ἐκτοῦ

2302 1664 2497 1737 νήφειν
2561 1661 2778 1726 ὠλείας
2825 1662 3170 1723 ἀπολαυέτω.
3223 1666 3299 1723 Ἥ
3357 1666 3557 1729 οὓτως·
3590 1688 3618 1719 ιι
3649 1666 3705 1723 Εἰ
3752 1666 3891 1738 pmi-

2305 1754 2459 1825 μεθα,
2492 1753 2648 1831 φησὶ,
2695 1750 2784 1808 διὰ
2839 1754 2932 1810 τὸν
2987 1754 3115 1811 Θεὸν
3178 1756 3511 1830 μαινόμεθα.
3548 1780 3576 1807 ››
3606 1756 3696 1811 Διὰ
3720 1756 3801 1831 γὰρ
3824 1757 3892 1823 τήν

2301 1841 2454 1915 ὑμῶν
2489 1842 2762 1919 σωτηρίαν
2814 1846 2881 1913 ἧς
2933 1842 3157 1915 κήδεται
3189 1846 3219 1900 ὁ
3253 1846 3415 1915 Θεὸς,
3470 1849 3685 1901 τοιαῦτα
3711 1843 3891 1924 φθεγγό-

2298 1931 2455 2003 μεθα,
2507 1929 2599 1986 ’ἱνα
2654 1932 2868 2009 γνόντες
2925 1936 3074 2007 ἡμᾶς
3129 1935 3278 1998 τίνες
3355 1933 3537 2010 ἐσμὲν,
3597 1937 3782 2000 σωθῆτε
3824 1954 3889 1987 τι·

2296 2018 2609 2082 στεύσαντες
2669 2025 2778 2082 τοῖς
2837 2024 2966 2097 παρ’
3018 2024 3178 2097 ἡμῶν
3255 2022 3707 2100 κηρυσσομένοις.
3758 2020 3808 2075 Εἴ
3848 2018 3890 2074 δὲ

2296 2122 2707 2195 σωφρονοῦμεν,
2792 2121 3070 2190 πεισθῆτε.
3128 2152 3199 2164 —
3258 2119 3514 2183 Ἄλλως.
3595 2118 3778 2192 [ΦΩΓ.]
3817 2116 3888 2183 Τὸ,

2297 2230 2326 2259 ι(
2358 2204 2485 2264 Εἴτε
2513 2206 2826 2282 ἐξέστημεν,
2868 2233 2898 2262 ››
2956 2208 3045 2264 καὶ
3103 2209 3253 2280 ἑξῆς,
3313 2207 3503 2271 καλῶς
3555 2206 3787 2282 ἐπήνεγκε
3809 2209 3893 2259 rei:

2296 2297 2740 2373 προειρημένοις*
2801 2321 2830 2351 ‹‹
2866 2297 3107 2369 Ἐλπίζω
3166 2296 3226 2354 δὲ
3283 2301 3378 2355 καὶ
3432 2299 3485 2354 ἐν
3533 2303 3646 2358 ταῖς
3696 2291 3890 2363 συνειδῆ-

2298 2406 2440 2441 σεσιν
2490 2386 2644 2461 ὑμῶν
2702 2391 3133 2466 πεφανερῶσθαι.
3164 2410 3192 2442 ο
3259 2387 3338 2442 Οὐ
3399 2387 3506 2463 γὰρ
3534 2383 3691 2442 πάλιν
3719 2382 3893 2442 tat-Stoic

2297 2476 2653 2549 συστάνομεν.
2736 2475 2816 2533 Οὐ
2872 2476 2979 2551 γὰρ
3058 2472 3297 2549 δεόμεθα
3383 2477 3523 2552 πρὸς
3579 2475 3726 2547 ὑμᾶς.
3774 2468 3889 2548 φησὶ,

2297 2562 2622 2626 συστάσεως.
2683 2569 2785 2621 "Av
2841 2585 2903 2621 τε
2960 2564 3067 2641 γὰρ
3119 2564 3484 2639 ἐξεστηκότας
3529 2584 3608 2625 τις
3636 2564 3767 2636 ἡμᾶς
3791 2558 3888 2633 ἐρεῖ.

2296 2657 2413 2725 Θεῷ
2472 2653 2584 2708 ἐστι
2642 2657 2804 2710 τοῦτο
2864 2654 3238 2728 ἀνακείμενον,
3287 2655 3381 2711 καὶ
3442 2660 3542 2722 τῆς
3595 2651 3769 2707 ἐκεῖθεν
3796 2647 3890 2721 κρε-

2298 2762 2432 2805 σεως
2466 2739 2748 2816 δεόμενον,
2782 2742 2893 2819 οὐχ
2952 2743 3126 2816 ὑμῶν.
3184 2746 3254 2802 “0
3312 2744 3407 2799 καὶ
3461 2740 3704 2815 ἀλλαχοῦ
3731 2732 3887 2812 ἔλεγεν.

2296 2855 2326 2884 ‹‹
2360 2832 2516 2905 Ἐμοὶ
2552 2831 2611 2887 δὲ
2640 2832 2717 2895 εἰς
2747 2830 3042 2908 ἐλαχιστόν
3101 2831 3236 2903 ἐστι,
3263 2830 3361 2888 ’ίνα
3421 2832 3510 2906 ὑφ’
3550 2830 3690 2904 ὑμῶν
3718 2826 3891 2895 in?"

2297 2924 2396 2985 οῶ.
2451 2922 2512 2979 Ὁ
2568 2918 2627 2976 δὶ
2681 2920 2981 2997 ἀνακρίνων
3040 2942 3107 2995 με
3165 2922 3370 2998 Κύριός
3422 2919 3639 2975 ἐστιν.»
3671 2913 3777 2973 Εἴτε
3804 2909 3889 2980 οὖν,

2296 3010 2481 3088 φησὶν,
2541 3010 2851 3085 ἐξέστημεν,
2910 3016 3029 3085 Θεῷ
3079 3013 3113 3081 ἡ
3167 3011 3401 3083 τοιαύτη
3456 3008 3627 3085 κρίσις
3650 3006 3888 3068 ἀνάκειται,

2295 3102 2407 3181 οὐχ
2442 3102 2591 3174 ὑμῖν,
2626 3100 2755 3159 Εἴτε
2799 3100 2903 3157 τινὶ
2961 3100 3108 3163 ὅλως
3167 3099 3442 3176 δοκοῦμεν
3475 3100 3767 3175 σωφρονεῖν,
3793 3090 3888 3162 ὑμῖν

2297 3189 2510 3264 μᾶλλον
2572 3191 2701 3268 ὑπὲρ
2759 3189 2887 3253 τοὺς
2944 3188 3150 3255 ἄλλους
3207 3192 3417 3254 πάντας
3476 3185 3740 3262 νομιστέον
3773 3181 3880 3251 ἡμᾶς

2289 3285 2608 3355 σωφρονεῖν.
2641 3305 2672 3335 «
2728 3282 2794 3338 Ἥ
2832 3282 2938 3357 γὰρ
2996 3282 3228 3360 σφραγὶς
3274 3289 3383 3351 τῆς
3441 3279 3577 3353 ἐμῆς
3608 3268 3881 3360 ἀποστολῆξ,

2289 3369 2455 3445 φησὶν
2517 3368 2793 3445 ἀλλαχοῦ,
2857 3356 3191 3445 ὑμεῖςνέστε
3237 3369 3289 3426 ἐν
3360 3368 3565 3445 Κυρίῳ.
3620 3389 3640 3417 ι
3695 3364 3773 3417 Δεῖ
3814 3356 3883 3445 οδῨ

2293 3442 2433 3532 ὗμᾶς
2464 3459 2638 3523 οὕτως
2669 3442 2818 3535 *περὶ
2872 3442 3034 3532 ημῶν
3093 3464 3311 3534 φρονεῖν
3361 3442 3458 3516 καῖ
3497 3456 3800 3532 λογίζεσθαι·
3824 3442 3882 3535 ί)Ϊέ

2297 3527 2462 3620 μόνον
2493 3546 2570 3614 δὲ,
2602 3527 2866 3605 ἀλλά-καὶ
2898 3527 3051 3625 πρὸς
3093 3527 3221 3612 τοὺς
3255 3548 3310 3605 ἐν
3341 3527 3618 3626 προσώπω
3647 3527 3883 3613 καυχωμέ-

2291 3657 2435 3707 νους,
2461 3637 2529 3692 τὰ
2558 3636 2692 3694 αὐτὰ
2723 3638 2854 3714 ὑπὲρ
2886 3640 3046 3711 ἡμῶν
3098 3639 3189 3694 καὶ
3231 3638 3417 3715 λέγειν
3449 3637 3537 3694 καὶ
3569 3626 3880 3690 διατείνεσθαι.

540 3717 876 3790 Dominum.
914 3753 941 3781 »
974 3730 1218 3800 Oportet
1245 3727 1443 3796 itaque
1479 3740 1580 3778 vos
1610 3724 1693 3779 ita
1723 3724 1793 3779 de
1826 3724 1998 3779 nobis
2021 3725 2241 3780 sentire
2272 3743 2340 3782 ac
2372 3729 2729 3787 existimare.
2758 3735 2871 3785 Nec
2909 3730 2968 3786 id
3002 3730 3216 3797 solum,
3250 3747 3456 3788 verum
3518 3727 3683 3784 etiam
3721 3717 3881 3775 advers

534 3840 634 3878 sus
665 3838 764 3876 eos
796 3819 895 3889 qui
928 3818 990 3870 in
1035 3816 1182 3870 facie
1213 3813 1563 3886 gloriantur,
1596 3812 1804 3868 eadem
1844 3813 1917 3868 de
1952 3812 2123 3868 nobis
2154 3818 2211 3869 et
2236 3814 2433 3872 dicere
2467 3823 2525 3872 et
2553 3818 2968 3874 contendendo
2999 3835 3360 3876 asseverare.

610 3910 890 3973 ν,14-16.
955 3904 1214 3960 Charitas
1274 3904 1419 3958 enim
1450 3903 1654 3958 Christi
1708 3904 2011 3972 contringit
2060 3918 2179 3971 nos,

520 3998 842 4068 judicantes
869 3995 1034 4060 illud,
1063 3995 1211 4065 quod
1237 3995 1286 4050 si
1314 4009 1456 4049 unus
1478 4009 1584 4063 pro
1632 3993 1886 4048 omnibus
1932 3998 2181 4049 mortuus

527 4087 663 4156 fuit,
722 4101 851 4155 ergo
905 4100 1086 4141 omnes
1142 4086 1348 4140 mortui
1400 4086 1655 4152 fuerunt,
1679 4088 1730 4137 et
1788 4098 1891 4154 pro
1931 4082 2180 4138 omnibus

528 4180 773 4230 mortuus
804 4180 902 4245 est,
933 4180 994 4229 ut
1052 4172 1153 4244 qui
1179 4176 1391 4241 vivunt,
1419 4170 1652 4242 posthac
1680 4188 1789 4227 non
1835 4173 1946 4228 sibi
1971 4174 2177 4240 vivant,

525 4263 616 4320 sed
646 4263 700 4319 ei
746 4266 845 4335 qui
884 4279 993 4335 pro
1034 4263 1287 4318 omnibus
1341 4266 1586 4316 mortuus
1634 4267 1713 4317 est
1759 4267 1813 4316 et
1851 4263 2195 4317 resurrexit-

521 4355 718 4424 Itaque
768 4368 865 4408 nos
915 4351 1147 4422 posthac
1216 4351 1486 4405 neminem
1537 4352 1787 4405 novimus
1872 4350 2176 4406 secundum

520 4459 757 4498 carnem.
789 4442 962 4497 Porro
993 4444 1161 4496 etiam
1180 4442 1229 4496 si
1258 4441 1607 4509 cognovimus
1656 4438 1931 4495 Christum
1979 4456 2172 4496 secuno

520 4550 651 4604 pum
683 4548 923 4597 carnem,
954 4547 1103 4586 nunc
1152 4535 1332 4585 tamen
1354 4544 1466 4583 non
1496 4529 1734 4597 amplius
1761 4531 2030 4585 novimus.

595 4617 1303 4690 Christi,inquit,dilectio
1334 4616 1597 4672 continet
1632 4633 1740 4671 nos
1766 4617 1827 4670 in
1886 4617 2082 4672 ofﬁcio
2115 4622 2173 4673 et

524 4713 915 4783 impellit,nec
946 4725 1155 4781 segnes
1179 4725 1308 4765 esse
1341 4708 1483 4763 sinit
1511 4706 1582 4762 ad
1614 4706 1850 4763 labores
1871 4725 1976 4779 pro
2006 4706 2169 4764 vobis

527 4806 853 4871 susceptos.
878 4799 1014 4855 Ideo
1043 4799 1220 4854 etiam
1252 4798 1380 4853 hmo
1407 4796 1693 4867 loquitur,
1724 4795 1939 4867 inquit,
1983 4802 2049 4852 ut
2068 4814 2168 4854 vos

528 4888 670 4942 salvi
703 4887 1257 4957 sitis,existimando
1289 4904 1400 4942 nos
1430 4886 1546 4941 fide
1578 4884 1786 4958 dignos
1816 4902 1968 4943 esse.
2002 4887 2170 4942 Novit

522 4977 682 5031 enim
712 4975 959 5032 suadere
991 4975 1300 5048 discipulis
1331 4980 1662 5046 praeceptor
1708 4973 1951 5046 probus.
1983 4996 2039 5031 ‹‹,
2065 4976 2167 5032 Ju-

520 5064 787 5120 dicanles
820 5065 992 5119 illud.
1029 5087 1057 5114 »
1089 5064 1382 5134 Continet,
1414 5064 1629 5134 inquit.
1664 5080 1774 5118 nos
1806 5070 1863 5119 et
1912 5064 2166 5136 impellit

511 5153 725 5210 Christi
768 5153 1517 5225 dilectio.quandoquidem
1549 5154 1661 5208 hoc
1686 5170 1885 5208 verum
1918 5155 2164 5226 esseju-

508 5243 856 5311 dicavimus,
901 5244 1189 5315 quidnam
1221 5245 1249 5298 ?
1284 5264 1305 5294 ι
1340 5241 1506 5307 Quod
1537 5259 1691 5297 unus
1744 5259 1850 5314 pro
1883 5244 2160 5300 omnibus

503 5342 775 5391 mortuus
806 5334 936 5389 fuit.
971 5356 999 5386 ››
1034 5334 1326 5399 Quoniam
1357 5350 1567 5389 omnes
1610 5333 1882 5389 homines
1939 5336 2157 5390 mortui

505 5431 695 5497 erant,
719 5425 852 5482 ideo
881 5424 1060 5481 etiam
1092 5441 1198 5497 pro
1230 5424 1512 5480 omnibus
1552 5430 1823 5481 mortuus
1878 5430 1987 5482 est.
2019 5448 2047 5477 «
2088 5428 2160 5483 Ut

586 5611 659 5647 η’
686 5611 711 5664 Ι
741 5610 871 5667 Cor.
901 5627 973 5666 1v.
1010 5613 1060 5666 3.
1094 5610 1187 5665 ‘31
1219 5609 1349 5665 Cor.
1383 5624 1461 5675 1x,
1494 5608 1545 5663 3.

2357 3903 2419 3958 Ἦ
2476 3904 2581 3980 γὰρ
2635 3904 2821 3979 ἀγάπη
2875 3911 2973 3961 τοῦ
3031 3907 3266 3983 Χριστοῦ
3326 3907 3537 3980 συνέχει
3593 3902 3743 3972 ἡμᾶς.
3784 3887 3878 3964 κρέ’

2286 4012 2479 4057 ναντας
2537 3998 2725 4066 τοῦτο,
2776 3994 2861 4050 ὅτι
2927 3995 2974 4050 εἰ
3042 3997 3117 4060 εἷς
3175 3996 3305 4071 ὑπὲρ
3375 3996 3588 4053 πάντων
3645 3986 3875 4047 ἀπέθανεν,

2287 4081 2390 4145 ἄρα
2448 4085 2499 4139 οἱ
2557 4083 2751 4147 πάντες
2809 4084 3099 4143 ἀπέθανον.
3182 4087 3285 4143 Καὶ
3371 4085 3505 4160 ὑπὲρ
3560 4080 3755 4136 πάντων
3798 4069 3878 4123 ἄπ-

2287 4172 2481 4243 ἐθανεν,
2529 4171 2623 4229 ἵνα
2671 4174 2722 4229 οἱ
2772 4179 2970 4245 ζῶντες
3027 4176 3223 4249 μηκέτι
3274 4153 3490 4236 ἑαυτοῖς
3556 4174 3724 4240 ζῶσιν,
3764 4153 3875 4249 ἀλλά

2283 4267 2363 4335 τῷ
2411 4263 2544 4340 ὗπὶρ
2593 4262 2809 4319 πάντων
2868 4245 3209 4335 ἀποθανόντι,
3258 4266 3352 4320 καὶ
3417 4258 3686 4339 ἐγερθέντι.
3728 4245 3877 4340 Ἦμεέ

2286 4328 2392 4409 ἀπὸ
2449 4328 2548 4408 τοῦ
2612 4352 2724 4423 νῦν,
2793 4350 2983 4409 οὐδένα
3048 4328 3276 4426 οἴδαμεν
3341 4328 3480 4410 κατά
3507 4328 3516 4337 ¹
3544 4348 3713 4421 σάρκα·
3757 4328 3877 4426 EE“

2284 4442 2372 4497 καὶ
2404 4441 2715 4520 ἐγνώκαμεν
2742 4442 2880 4499 κατὶ
2929 4443 3097 4518 σάρκα
3143 4443 3404 4518 Χριστὸν,
3439 4438 3583 4499 ἀλλὰ
3606 4439 3688 4492 νῦν
3714 4426 3797 4484 οὔκ
3818 4414 3878 4475 ἔτι

2283 4530 2642 4610 γινώσκομεν.

2351 4619 2413 4675 εΗ
2457 4618 2642 4697 ἀγάπη
2708 4624 2806 4675 τοῦ
2872 4621 3130 4696 Χριστοῦ,
3196 4620 3352 4699 φησὶ,
3414 4614 3622 4690 συνέχει
3675 4603 3872 4700 xui-cos.

2246 4709 2411 4763 ’ωθεῖ
2464 4687 2640 4781 ἡμᾶς’
2670 4710 2758 4764 καὶ
2820 4687 3080 4783 ῥᾳθὸμεῖν
3116 4687 3373 4779 ὀεέιίξῃ
3433 4687 3575 4783 πρὸς
3618 4715 3734 4783 τους,
3764 4687 3866 4754 ὑπὲρ

2277 4799 2437 4870 ἡμῶν
2478 4796 2700 4860 πόνους.
2762 4781 2877 4869 Διὸ,
2917 4798 3076 4877 φησὶ,
3132 4797 3223 4853 καὶ
3276 4781 3504 4853 τοιαῦτα
3558 4781 3863 4877 φθεγγόμεθα,

2270 4884 2361 4940 ἵνα
2431 4886 2590 4960 ὑμεῖς
2654 4888 2889 4957 σωθῆτε,
2931 4874 3311 4959 *ἀξιοπίστους
3367 4890 3515 4960 ἡμᾶς
3577 4874 3856 4960 νομίσαντες·

2273 4954 2485 5040 Πείθων
2540 4975 2642 5051 γὰρ
2683 4974 2797 5033 οἶδε
2840 4954 3107 5051 μαθητὰς,
3172 4978 3201 5032 ὁ
3257 4954 3505 5053 ἐνάρετος
3567 4954 3857 5026 διδάσκαλος.

2277 5091 2305 5120 ‹‹
2353 5066 2637 5142 Κρίναντες
2674 5072 2855 5124 τοῦτο.
2901 5091 2929 5119 »
2971 5068 3200 5144 Συνξχει
3242 5070 3414 5141 ἡμᾶς,
3454 5062 3601 5147 φησὶ,
3637 5052 3715 5111 καίἶ
3770 5060 3857 5147 3""

2272 5133 2471 5227 0.0:”;
2521 5158 2700 5234 ἀγάπη
2760 5162 2858 5214 τοῦ
2905 5133 3158 5234 χριστοῦ,
3209 5133 3397 5229 ἐπειδὴ
3431 5133 3728 5234 κεκρίκαμεῗ
3750 5133 3856 5234 εἶξαι

2268 5250 2428 5302 τοῦτο
2458 5245 2680 5317 ἀληθές.
2716 5253 2914 5317 Ποῖον;
2948 5272 2977 5301 cc
3008 5251 3132 5306 ’Ότι
3164 5249 3246 5309 εἷς
3289 5248 3425 5322 ὑπὲρ
3471 5244 3671 5302 πάντων
3706 5221 3857 5284 ἆπέθτ

2267 5357 2375 5393 νεν.
2429 5359 2460 5388 κ
2525 5316 2751 5406 Ἐπειδή
2820 5338 2872 5392 οἱ
2902 5316 3106 5400 πάντες
3141 5338 3277 5407 ἦσαν
3317 5316 3656 5393 ἀποθανοντες
3691 5316 3852 5407 amt?"

2265 5447 2383 5483 ποι.
2434 5426 2529 5482 Διὸ
2579 5426 2669 5482 καὶ
2717 5427 2851 5503 ὑπέρ
2897 5427 3111 5484 πάντων
3163 5425 3440 5484 ἀπέθανιν.
3488 5449 3510 5478 ι
3559 5422 3661 5479 Ἵνα
3685 5408 3726 5465 οἳ
3756 5403 3853 5472 (ὤν’
