4106 6196
244 387 365 451 977

1210 382 1623 445 COMMENT.
1668 383 1749 444 lN
1794 383 2035 446 EPIST.
2082 384 2131 444 Il
2176 387 2285 446 AD
2326 386 2693 449 CORINTH.

3537 398 3657 459 978

240 541 334 585 τες
366 513 563 593 μηκέτι
592 516 809 579 ἑαυτοῖς
842 518 1029 605 ζῶσιν.
1060 536 1088 570 ε
1120 514 1185 574 Ei
1213 513 1305 571 οῦν
1337 514 1400 571 οὗ
1442 513 1523 573 δεῖ
1574 517 1725 591 ἡμᾶς
1774 515 1892 572 δαυ-

2010 519 2111 592 qui
2143 519 2367 589 vivunt,
2397 522 2646 594 posthac
2672 539 2794 580 non
2826 525 2938 581 sibi
2969 527 3184 584 vivant.
3218 550 3247 578 »
3280 530 3339 585 Si
3372 546 3507 605 ergo
3535 551 3657 592 non

238 615 360 675 τοῖς
387 613 506 683 ζῇν,
542 608 768 671 εἰκότως
827 603 1202 681 σπουδάζομεν
1258 610 1350 663 καὶ
1403 609 1591 681 ἡμεῖς.
1654 605 1897 670 Εῗκότως

247 697 295 756 δ’
326 701 388 755 ἄν
440 699 525 755 καὶ
589 699 746 771 ὑμεῖς
798 702 907 753 τῶν
959 696 1223 753 ἐπιόντων
1277 698 1725 777 καταφρονήσητε
1779 718 1896 752 πει-

247 793 492 864 ρασμῶν.
530 785 708 845 Ἀλλά
757 791 838 860 τῷ
894 788 1026 863 ὑπὲρ
1086 789 1297 843 πάντων
1351 786 1691 845 ἀποθανόντι.
1736 788 1899 863 Τρεῖς

246 879 379 935 εἰσιν
415 876 645 957 ὀφειλῆς
675 876 943 955 ἀφορμαὶ,
995 873 1066 931 δι’
1114 877 1177 940 ἅς
1209 874 1291 932 δεῖ
1345 875 1665 946 σπουδάζειν
1723 877 1896 950 ἡμᾶς,

241 970 419 1027 πάντα
451 966 540 1024 διὰ
565 969 658 1023 τὸν
689 967 889 1043 Κύριον
943 972 1141 1027 ποιεῖν,
1199 965 1331 1037 Μία,
1390 964 1473 1022 ὅτι
1530 964 1690 1029 αὐτὸς
1746 967 1895 1039 ἡμᾶς

239 1057 484 1127 ἰποίησε’
520 1054 767 1132 δευτέρα,
799 1056 882 1111 ’ὁτι
917 1052 989 1110 δι’
1018 1057 1171 1128 ἡμᾶς
1221 1054 1507 1119 ἀπέθανεν·
1567 1054 1751 1129 τρίτη,
1810 1055 1894 1109 ὅτι

237 1147 338 1217 τήν
368 1146 628 1222 ἀπαρχὴν
662 1147 848 1218 ἡμῶν,
898 1143 1166 1216 τουτέστι,
1221 1145 1324 1214 τήν
1379 1141 1518 1199 ἰδίαν
1577 1144 1749 1221 σάρκα
1804 1142 1896 1197 ἆν-

238 1238 433 1306 ἑστησε
464 1233 537 1292 δι’
567 1237 715 1309 ἡμᾶς
749 1234 838 1290 καὶ
866 1232 945 1297 εἷς
1002 1233 1272 1308 οὐρανοὺς
1331 1233 1614 1310 ἀνήγαγεν,
1656 1230 1750 1288 ’ἱνα
1804 1232 1894 1288 καὶ

239 1347 298 1382 σε
327 1324 595 1402 ἀναγάγῃ,
618 1324 820 1395 ὅπουὴ
873 1324 1098 1399 ἀπαρχή
1149 1344 1245 1378 σου
1291 1322 1574 1399 τυγχάνει.
1605 1324 1742 1399 Ὅρα
1788 1326 1894 1377 ποῦ

234 1416 476 1493 ἀνήγαγε
503 1415 596 1470 τὸν
629 1411 818 1490 λόγον.
853 1412 948 1477 Τίς
976 1414 1079 1491 γάρ
1106 1411 1255 1478 ὅλως
1299 1413 1367 1484 ἦν
1422 1412 1585 1488 χρεία
1641 1411 1896 1484 ἐνανθρω-

234 1507 459 1576 πήσεως
490 1503 579 1559 καὶ
612 1504 936 1579 σαρκώσεως
965 1508 1043 1575 τῷ
1073 1507 1189 1575 Θεῷ
1238 1502 1421 1580 Λόγῳ,
1478 1501 1525 1558 εἰ
1587 1503 1662 1576 μὴ
1726 1505 1891 1558 τοῦτο

232 1592 571 1667 ᾠκονομεῖτο
646 1591 680 1662 ἡ
753 1592 914 1664 ἡμῶν
985 1589 1290 1653 ἀνάπλασις
1374 1590 1466 1645 καὶ
1553 1589 1889 1659 ἀνάστασις;

355 1679 435 1709 νει
577 1676 628 1697 ws
717 1700 735 1710 _
943 1679 955 1696 ι
1065 1678 1076 1695 ρ
1350 1679 1362 1702 ι
1480 1678 1496 1697 \
1588 1678 1613 1712 ,ρ
1756 1676 1766 1696 ρ

237 1702 265 1734 ε
297 1681 503 1738 Ουοενα
541 1692 765 1752 ο.οαμς.ν
830 1699 966 1734 κατα
1015 1699 1206 1735 σαοκα.
1269 1699 1295 1732 ε
1367 1680 1499 1735 Emi
1556 1699 1646 1733 ουν
1696 1697 1892 1740 παντες

234 1769 500 1827 ἀπέθανον
558 1773 627 1842 τῇ
684 1768 926 1844 ἁμαρτίᾳ
983 1768 1074 1823 καὶ
1135 1773 1267 1839 ζῶσι
1325 1765 1415 1823 διὰ
1478 1766 1571 1823 τὸν
1632 1768 1887 1842 Χριστὸν,

240 1856 430 1915 οῦδὲνα
488 1856 645 1932 ἴσμεν
730 1857 868 1913 κατὰ
916 1856 1087 1936 σάρκα
1158 1861 1356 1929 ζῶντα,
1401 1854 1673 1928 τουτέστι,
1754 1858 1891 1913 κατὰ

240 1951 343 2020 τήν
400 1945 574 2003 πάλαι
632 1946 938 2016 πολιτείαν,
995 1948 1094 2017 τήν
1150 1947 1203 2004 ἐν
1259 1946 1574 2025 ἁμαρτίαις.
1658 1951 1729 2003 Τὸ
1785 1947 1888 2025 γάρ

239 2042 516 2111 τοιοῦτον,
550 2037 774 2103 θάνατός
818 2036 952 2107 ἐστι,
1006 2038 1097 2094 καὶ
1154 2037 1217 2093 οὐ
1271 2040 1408 2110 ζωή.
1468 2036 1647 2098 Ἀλλὰ
1695 2042 1787 2094 νῦν
1837 2039 1889 2092 οἱ

239 2123 411 2191 ὅντως
459 2132 680 2200 ζῶντες,
732 2129 871 2184 κατᾶ
926 2133 1138 2202 πνεῦμα
1182 2132 1366 2200 ζῶσιν.
1426 2130 1887 2206 ’Δνεγεννήθησαν

232 2217 339 2294 γὰρ
372 2216 426 2272 ἐν
455 2222 533 2290 τῷ
565 2216 924 2293 βαπτίσματι.
958 2219 1051 2274 Διὸ
1080 2218 1169 2274 καὶ
1194 2218 1311 2274 νέαν
1342 2211 1535 2294 ἔχουσι
1593 2220 1764 2290 ζωὴν,
1795 2216 1886 2274 καὶ

237 2305 300 2361 οὗ
358 2305 617 2364 παλαιάν.
663 2329 691 2359 α
750 2306 899 2364 Κατὰ
955 2305 1143 2381 σάρκα.
1232 2330 1261 2359 ››
1316 2307 1446 2365 Οἷον
1532 2312 1726 2378 ζῷντα.
1787 2308 1883 2363 Καὶ

240 2399 522 2467 τοσοῦτον,
555 2395 740 2475 φησὶν,
791 2393 969 2458 οὐδεὶς
1022 2389 1101 2452 ἔτι
1152 2396 1289 2452 κατὰ
1342 2397 1514 2473 σάρκα
1571 2401 1637 2472 ζῇ
1690 2396 1882 2470 (ἐκείνη

244 2487 348 2562 γὰρ
379 2484 479 2540 οὐκ
506 2478 617 2540 ἔστι
652 2485 790 2555 ζωὴ,
823 2484 968 2541 ἀλλὰ
999 2485 1273 2561 θάνατος),
1304 2485 1389 2543 ὅτι
1418 2487 1510 2544 καὶ
1569 2488 1597 2543 ὁ
1653 2482 1883 2563 Χριστὸς

225 2573 318 2630 ’ίνα
348 2572 490 2650 δείξῃ
539 2574 626 2630 ὅτι
682 2575 745 2630 τὸ
801 2576 938 2631 κατᾶ
996 2575 1167 2651 σάρκα
1222 2581 1318 2652 ζῇν
1381 2572 1733 2650 ἐκϐέϐληται,
1791 2579 1883 2634 καὶ

230 2669 321 2720 νῦν
351 2665 490 2721 κατὰ
509 2668 725 2740 πνεῦμα
758 2669 959 2739 ζῶμεν,
1019 2666 1107 2721 καὶ
1165 2664 1324 2730 αὐτὸς
1370 2672 1467 2723 τοῦ
1520 2669 1658 2724 κατά
1714 2669 1885 2744 σάρκα

244 2759 341 2830 ζῇν
393 2753 686 2812 ἐπαύσατο.
748 2759 921 2826 Ιιῶςς
979 2756 1058 2813 Οὐ
1115 2755 1179 2811 τὸ
1244 2761 1405 2831 σῶμα
1459 2757 1611 2830 ἀφεὶς
1651 2754 1880 2832 (ἄπαγεί

244 2845 362 2918 μετ’
418 2843 587 2899 αὐτοῦ
641 2843 745 2922 γὰρ
785 2843 900 2915 ἣξει
959 2845 1036 2908 ὡς
1096 2843 1258 2917 ἰδίου,
1315 2848 1511 2921 κριτὴς
1589 2848 1881 2921 ἁπάντων),

239 2931 385 2989 ἀλλὰ
415 2938 521 2989 τῶν
556 2939 793 3013 φυσικῶν
836 2933 1172 3010 ἀπαλλαγεὶς
1231 2939 1437 3009 παθῶν,
1493 2939 1610 2993 οἷον
1670 2939 1882 3008 πείνης,

237 3023 328 3078 καί
361 3020 546 3099 δίψης,
590 3025 679 3079 καὶ
727 3024 921 3095 ὕπνου,
977 3026 1068 3082 καὶ
1123 3027 1320 3086 κόπου.
1368 3031 1479 3087 Νῦν
1527 3029 1631 3105 γὰρ
1688 3027 1885 3089 ἀπαθὲς

238 3112 327 3166 καὶ
350 3111 623 3189 ἀκήρατον
653 3108 771 3190 ἔχει
797 3116 859 3170 τὸ
894 3119 1076 3189 σῶμα.
1108 3140 1139 3170 ‹‹
1193 3116 1261 3174 Ei
1312 3115 1370 3172 δί
1424 3119 1514 3173 καὶ
1568 3117 1880 3193 ἐγνώκαμεν

234 3202 370 3256 κατὰ
398 3203 569 3279 σάρκα
599 3203 852 3278 Χριστόν.
888 3230 911 3261 ι
957 3206 1159 3280 Ὠσπερ
1199 3208 1359 3279 ἡμῶν
1413 3207 1476 3263 τὸ
1531 3208 1669 3263 κατὰ
1711 3205 1881 3283 σάρκα

240 3289 350 3346 ἐστὶ
380 3292 443 3347 τὸ
476 3292 528 3347 ἐν
587 3293 902 3370 ἁμαρτίαις,
959 3295 1050 3350 καὶ
1103 3295 1167 3350 τὸ
1216 3293 1319 3366 ἔξω
1373 3294 1579 3352 τούτων
1627 3295 1689 3351 οὐ
1744 3295 1884 3353 κατὰ

237 3379 428 3456 σάρκα,
462 3380 607 3437 οὕτω
634 3384 725 3438 καὶ
753 3388 852 3439 τοῦ
880 3386 1117 3459 Χριστοῦ
1145 3385 1209 3441 τὸ
1256 3385 1394 3440 κατὰ
1449 3384 1639 3461 σάρκα,
1695 3386 1758 3440 τὸ
1814 3384 1886 3439 εἷ’-

235 3491 348 3527 κειν
373 3477 490 3536 τοῖς
520 3479 773 3553 φυσικοῖς
802 3475 1014 3532 πάθεσι.
1047 3476 1119 3531 Τὸ
1174 3476 1252 3550 μὴ
1310 3473 1473 3532 εἷ’κειν
1507 3474 1585 3545 δὶ,
1623 3477 1689 3532 οὐ
1746 3478 1889 3533 κατὰ

236 3563 428 3637 σάρκα,
461 3561 589 3620 ἁλλ’
630 3563 836 3640 ὥσπερ,
868 3565 1054 3645 φησὶν,
1112 3563 1313 3628 ἐκεῖνος
1372 3564 1696 3641 ἀπηλλάγη,
1743 3564 1887 3622 οὕτω

236 3649 328 3707 καὶ
358 3652 543 3725 ἡμεῖς.
571 3654 757 3718 Οὕτως
787 3655 815 3711 ὁ
846 3653 1086 3728 Κλήμης
1118 3652 1171 3710 ἐν
1225 3656 1468 3730 τετάρτῳ
1520 3659 1629 3711 τῶν
1660 3656 1891 3711 Ὑποτυ-

240 3741 495 3800 πώσεων.

2005 614 2233 681 oportet
2264 626 2373 665 nos
2403 610 2594 667 vivere
2624 612 2796 669 nobis
2827 615 2993 686 ipsis,
3027 618 3238 673 merito
3269 618 3380 676 hoc
3404 622 3657 679 nitimur

2006 704 2066 755 et
2093 715 2202 754 nos
2230 698 2425 755 facere
2456 716 2524 756 ac
2548 703 2943 773 persuadere;
2977 707 3187 762 merito
3212 714 3412 764 autem
3460 716 3517 766 et
3556 730 3654 768 vos

2003 787 2350 844 accedentes
2372 790 2467 845 67
2484 792 2526 845 3
2547 790 2853 863 despicere
2875 794 3103 850 debetis
3126 795 3502 856 afflictioues.
3536 801 3651 856 Sed

2002 876 2056 933 ei
2088 877 2189 949 qui
2220 894 2325 949 pro
2355 878 2633 935 omnibus
2663 887 2934 938 mortuus
2966 889 3073 940 est.
3108 887 3246 941 Tres
3283 892 3424 942 sunt
3463 888 3650 945 debiti

2003 966 2365 1035 occasiones,
2398 975 2642 1041 propter
2671 988 2818 1042 quas
2874 979 3106 1045 Oportet
3163 991 3272 1030 nos
3329 978 3535 1032 conari
3585 985 3654 1035 ut

2002 1060 2203 1116 omnia
2222 1066 2463 1133 propter
2481 1063 2799 1119 Dominum
2820 1064 3106 1121 faciamus
3135 1084 3312 1134 :uua,
3365 1071 3648 1140 quoniam

2001 1149 2128 1221 ipse
2161 1166 2269 1205 nos
2299 1150 2604 1220 formavit;
2638 1152 2844 1216 altera,
2877 1156 3018 1226 quia
3046 1162 3291 1229 propter
3318 1174 3426 1214 nos
3488 1177 3650 1215 mor-

2001 1242 2139 1296 tuus
2170 1245 2297 1306 est;
2330 1241 2505 1296 tertia
2534 1242 2673 1312 quia
2703 1242 2995 1314 primitias
3052 1251 3307 1310 nostras,
3368 1247 3481 1303 hoc
3530 1254 3645 1318 est,

2002 1345 2171 1385 suam
2202 1330 2506 1401 propriam
2537 1347 2800 1396 carnem,
2834 1339 3077 1405 propter
3118 1351 3226 1390 nos
3279 1338 3652 1393 resuscitavit

2001 1419 2135 1474 etin
2153 1418 2332 1475 cmlos
2350 1419 2697 1487 introduxit,
2730 1427 2797 1477 ut
2825 1428 2884 1477 et
2922 1428 2979 1478 te
3038 1424 3181 1480 illuc
3240 1425 3650 1484 introduceret

1998 1507 2099 1563 ubi
2130 1513 2266 1565 sunt
2301 1509 2575 1581 primitias
2636 1516 2770 1567 tum.
2805 1512 2947 1568 Vide
3007 1530 3123 1584 quo
3187 1532 3525 1571 sermonem
3573 1518 3644 1573 de

1998 1597 2250 1654 duxerit.
2280 1600 2425 1653 Nam
2456 1616 2588 1670 qua
2618 1600 2863 1656 omnino
2918 1601 3129 1659 fuisset
3185 1604 3389 1660 divino
3452 1607 3641 1661 Verbo

1994 1687 2322 1743 necessitas
2350 1693 2417 1742 ut
2439 1688 2870 1746 humanitatem
2901 1698 3232 1748 assumeret
3255 1709 3322 1748 ac
3370 1695 3645 1751 incarna-

1995 1780 2180 1847 retur,
2212 1776 2328 1832 nisi
2357 1776 2471 1833 hoc
2500 1777 2741 1849 provide
2773 1780 3064 1851 exegisset
3088 1785 3146 1838 et
3175 1798 3280 1852 per
3336 1783 3447 1839 hoc
3503 1802 3642 1855 pro-

1921 1870 2201 1951 Bcurata
2258 1865 2468 1921 fuisset
2525 1872 2729 1923 nostra
2781 1871 3075 1942 reparatio
3134 1887 3202 1926 ac
3259 1875 3639 1930 resurrectio.

1996 1976 2025 2005 «
2055 1955 2363 2011 Neminem
2392 1956 2663 2012 novimus
2693 1957 3020 2014 secundum
3077 1976 3340 2015 carnem.
3399 1983 3427 2011 »
3487 1963 3642 2028 Quo-

1994 2043 2158 2100 niam
2188 2044 2367 2117 igitur
2395 2060 2604 2100 omues
2633 2048 2852 2101 mortui
2885 2053 3057 2103 erant
3080 2055 3345 2120 peccato,
3364 2057 3421 2105 et
3442 2051 3647 2106 vivunt

1993 2138 2236 2206 propter
2264 2133 2589 2204 Christum,
2618 2136 2922 2192 neminem
2955 2138 3329 2210 agnoscimus
3366 2139 3468 2210 qui
3489 2141 3645 2197 vivat

1993 2224 2322 2281 secundum
2352 2242 2614 2292 carnem,
2638 2227 2750 2282 hoc
2772 2232 2881 2297 est,
2899 2227 3070 2299 juxta
3104 2234 3363 2284 veterem
3406 2247 3644 2286 conver-

1992 2315 2284 2373 sationem
2314 2332 2446 2387 qum
2476 2322 2603 2372 erat
2633 2316 2696 2372 in
2726 2318 2984 2389 peccatis
3017 2336 3031 2386 ;
3075 2319 3416 2390 hujusmodi
3476 2321 3637 2376 enim

1991 2421 2154 2460 mors
2170 2409 2260 2460 est
2280 2410 2338 2460 et
2359 2421 2481 2460 non
2501 2405 2634 2461 vita.
2659 2411 2733 2461 At
2762 2422 2920 2462 nunc
2961 2407 3062 2478 qui
3111 2423 3244 2463 vere
3293 2408 3511 2477 vivunt,
3542 2426 3634 2464 se-

1992 2493 2256 2551 cundum
2285 2494 2560 2566 spiritum
2589 2494 2810 2566 vivunt,
2840 2498 3169 2569 regenerati
3200 2514 3459 2570 namque
3492 2504 3632 2554 sunt

1990 2599 2098 2656 per
2112 2583 2476 2656 baptismum
2501 2600 2514 2639 :
2540 2583 2671 2640 ideo
2694 2602 2931 2657 quoque
2948 2602 3158 2641 novam
3200 2587 3421 2643 habent
3458 2588 3636 2643 vitam

1992 2677 2048 2729 et
2079 2689 2201 2728 non
2230 2676 2510 2729 veterem.
2546 2694 2574 2723 «
2607 2674 2948 2730 Secundum
2977 2691 3240 2743 carnem,
3276 2696 3300 2727 α
3326 2692 3540 2747 nempe
3563 2676 3643 2729 vi-

1990 2769 2244 2821 ventem.
2277 2765 2347 2818 Et
2375 2763 2544 2831 adeo,
2577 2763 2793 2835 inquit,
2818 2763 3021 2820 nullus
3043 2765 3289 2835 posthac
3308 2764 3639 2820 secundum

1991 2869 2230 2910 carnem
2261 2853 2398 2908 vivit
2430 2852 2557 2926 (illa
2588 2852 2748 2908 enim
2805 2869 2926 2907 non
2986 2857 3077 2908 est
3131 2853 3269 2922 vita,
3323 2853 3426 2909 sed
3461 2856 3644 2926 mors)

1992 2942 2149 3014 quod
2161 2941 2513 3006 etChristus,
2533 2941 3139 2996 utostenderetvitam
3161 2942 3487 2998 secundum
3510 2961 3640 3000 car-

1990 3049 2128 3088 nem
2158 3032 2409 3104 ejectam
2441 3046 2593 3099 esse,
2625 3034 2684 3085 et
2713 3047 2872 3087 nunc
2901 3048 3036 3098 nos,
3070 3032 3399 3088 secundum
3460 3034 3641 3106 spiri-

1990 3126 2117 3177 tum
2147 3120 2358 3188 vivere,
2388 3120 2513 3191 ipse
2544 3136 2781 3191 quoque
2812 3119 2989 3175 desiit
3016 3121 3347 3177 secundum
3396 3139 3639 3179 carnem
3734 3186 3739 3193 η

1990 3208 2693 3274 vivere.Quomodo?Non
2711 3208 2869 3280 quod
2908 3226 3125 3282 corpus
3160 3210 3492 3278 dimiserit;
3525 3213 3641 3267 mi-

1993 3299 2737 3372 nime.Cumipsoenim,ut
2775 3299 2887 3355 sibi
2926 3300 3188 3371 proprio,
3229 3307 3513 3357 venturus
3554 3308 3647 3357 est

1994 3389 2261 3445 omnium
2277 3388 2487 3460 judex,
2520 3388 2625 3445 sed
2654 3388 2807 3444 liber
2833 3388 2907 3445 ab
2948 3388 3396 3457 afflictionibus,
3438 3395 3644 3462 utpote

1995 3480 2150 3536 fame
2178 3494 2247 3535 ac
2277 3477 2397 3546 siti,
2430 3494 2639 3535 somno
2670 3494 2739 3533 ac
2763 3477 2966 3534 labore
2994 3495 3007 3534 :
3033 3495 3192 3535 nunc
3216 3478 3376 3535 enim
3403 3479 3640 3552 impati-

1995 3568 2117 3624 bile
2147 3584 2217 3624 ac
2238 3567 2573 3624 immortale
2603 3584 2816 3640 corpus
2840 3567 3038 3625 habet.
3072 3590 3101 3619 «
3134 3571 3316 3625 Porro
3351 3570 3530 3626 etiam
3593 3570 3645 3624 si

1999 3656 2380 3732 cognovimus
2400 3657 2698 3714 Christum
2720 3658 3052 3714 secundum
3075 3674 3336 3714 carnem.
3363 3680 3392 3708 »
3438 3659 3654 3723 Quem-

2001 3747 3207 3821 admodumapudnossecundumcarnem
3248 3763 3399 3813 esse,
3433 3747 3653 3801 dicitur

245 3846 376 3890 esse
408 3832 468 3887 in
494 3834 752 3905 peccatis
779 3852 793 3892 :
828 3840 887 3892 et
915 3836 1044 3894 sine
1075 3837 1167 3893 bis
1198 3854 1348 3901 esse,
1380 3837 1597 3895 dicitur
1624 3854 1755 3895 esse
1786 3854 1905 3895 non
1939 3837 2267 3895 secundum
2297 3854 2539 3895 carnem
2568 3854 2583 3893 :
2615 3838 2697 3894 ita
2727 3854 2963 3909 quoque
2996 3834 3154 3906 apud
3202 3835 3501 3890 Christum
3555 3850 3652 3890 se-

246 3920 511 3980 cundum
542 3938 779 3980 carnem
813 3942 943 3982 esse
976 3926 1215 3996 dicitur,
1246 3927 1620 3985 naturalibus
1648 3926 1864 4001 subjici
1894 3927 2318 3985 afﬂictionibus
2352 3944 2365 3983 :
2427 3943 2550 3984 non
2602 3927 2814 3999 subjici
2872 3942 3028 3992 vero,
3088 3940 3219 3981 esse
3271 3941 3393 3980 non
3438 3941 3655 3980 secun-

246 4008 390 4067 dum
421 4026 681 4068 carnem.
718 4012 829 4069 Sed
861 4014 1366 4087 quemadmodum
1397 4016 1521 4086 ille,
1554 4016 1770 4089 inquit,
1802 4015 2089 4074 liberatus
2119 4022 2228 4087 est,
2257 4017 2341 4071 sic
2372 4020 2432 4072 et
2459 4032 2585 4071 nos.
2618 4017 2705 4071 Ita
2728 4013 2907 4070 habet
2963 4012 3237 4070 Clemens
3295 4017 3505 4084 quarto
3558 4014 3657 4068 1n-

242 4102 642 4171 formationum
671 4101 843 4159 libro.

312 4190 475 4245 Ὥστε
505 4185 559 4244 εἷ’
588 4210 670 4251 τις
727 4189 778 4246 ἐν
813 4192 1057 4268 Χριστῷ,
1114 4194 1277 4264 καινή
1334 4194 1531 4257 κτίσις.
1563 4195 1640 4250 Τὰ
1689 4193 1895 4269 ἀρχαῖα

243 4275 551 4354 παρῆλθεν,
633 4276 753 4334 ἰδοὺ
834 4279 1019 4359 γὲγονε
1074 4282 1234 4337 καινὰ
1310 4282 1378 4338 τὰ
1458 4283 1648 4341 πάντα.
1703 4283 1784 4340 Τὰ
1839 4278 1897 4337 δὲ

243 4368 417 4426 πάντα
447 4368 508 4424 ἐκ
534 4372 632 4424 τοῦ
665 4374 822 4441 Θεοῦ,
864 4376 963 4427 τοῦ
1019 4370 1458 4444 καταλλάξάντος
1512 4374 1663 4446 ἡμᾶς
1720 4373 1897 4444 ἑαυτῷ

249 4456 339 4515 διὰ
368 4459 552 4531 Ἰησοῦ
581 4462 845 4537 Χριστοῦ,
877 4460 968 4517 καὶ
1026 4459 1213 4526 δόντος
1269 4465 1406 4537 ἡμῖν
1461 4466 1564 4534 τήν
1619 4461 1895 4520 διακονίαν

248 4554 348 4621 τῆς
378 4546 755 4656 καταλλαγῆς,
785 4551 860 4614 ὡς
892 4552 976 4608 ὅτι
1008 4552 1139 4656 Θεὸς
1175 4555 1260 4656 ,ἦν
1309 4551 1367 4656 ἐν
1414 4554 1652 4656 Χριστῷ.
1689 4553 1898 4656 κόσμον
1927 4589 1982 4656 D

249 4636 644 4697 καταλλάσσων
725 4640 923 4713 ἑαυτῷ,
1011 4644 1086 4718 μὴ
1175 4641 1533 4719 λογιζόμενος
1593 4642 1780 4708 αὐτοῖς
1831 4644 1899 4700 τὰ

251 4731 672 4805 παραπτώματα
697 4731 898 4807 αὐτῶν,
921 4733 1012 4789 καὶ
1046 4732 1273 4808 θέμενος
1297 4735 1432 4809 ἡμῖν
1464 4735 1556 4791 τὸν
1603 4732 1771 4811 λόγον
1800 4742 1902 4806 τῆς

250 4818 632 4896 καταλλαγῆς.

326 4906 398 4963 Ei
420 4929 505 4971 τις
534 4908 587 4964 ἐν
615 4911 837 4986 Χριστῷ
869 4916 959 4986 ζῇ,
1019 4914 1176 4991 φησὶ,
1233 4915 1510 4971 τουτέστιν
1555 4914 1608 4970 ἰν
1664 4920 1734 4990 τῇ
1814 4912 1909 4971 πί·-

257 5018 367 5053 στει
399 4997 589 5070 αὐτοῦ,
619 5003 780 5072 καινὴ
811 5004 987 5066 κτίσις
1026 5004 1190 5064 ἐστίν.
1223 5004 1315 5068 Εἲς
1368 5005 1556 5074 καινὴν
1608 5006 1710 5081 γὰρ
1766 5002 1906 5074 ἦλθε

251 5087 343 5143 καὶ
399 5088 521 5144 νέαν
570 5092 716 5162 ζωὴν
772 5093 886 5167 (καὶ
932 5093 1035 5170 γὰρ
1113 5092 1311 5151 ἄνωθεν
1391 5092 1755 5170 ἐγεννήθημεν
1816 5090 1906 5149 δια

252 5180 351 5233 τοῦ
380 5178 738 5256 Πνεῦματος),
769 5187 867 5239 τοῦ
902 5187 997 5257 ζῇν
1035 5182 1097 5239 οὗ
1150 5185 1252 5255 τήν
1284 5183 1336 5239 ἐν
1395 5183 1691 5259 ἁμαρτίαις
1735 5184 1903 5254 ζωὴν,

253 5262 401 5323 ἄλλα
446 5267 549 5338 τήν
607 5267 660 5324 ἐν
714 5272 1003 5345 πνεύματι.
1055 5296 1084 5326 ‹‹
1144 5274 1226 5330 Τα
1265 5273 1474 5352 ἀρχαῖα
1537 5270 1840 5350 παρῆλθεν.
1878 5294 1901 5326 ε

229 5360 393 5442 ’Ποῖα
421 5356 674 5433 ἀρχαῖας
728 5360 856 5430 ἤτοι
904 5363 972 5416 τά
1025 5362 1399 5438 ἁμαρτήματά
1459 5384 1593 5442 φησι
1666 5363 1758 5418 καὶ
1813 5360 1908 5425 τάς

255 5439 587 5517 ἁσεϐείας,ἤ
629 5449 698 5504 τά
754 5446 1025 5505 Ἰουδαϊκά
1082 5449 1276 5508 πάντα.
1341 5485 1408 5495 -
1463 5439 1713 5516 Ἄλλως.
1783 5455 1907 5514 Πῶς

259 5532 317 5593 δὲ
342 5558 409 5594 τα
438 5537 646 5614 ἀρχαῖα
675 5539 927 5614 παρῆλθε
958 5560 971 5610 ;
1008 5542 1177 5615 Ψυχὴ
1209 5540 1300 5597 καὶ
1368 5548 1531 5617 σῶμα
1582 5543 1719 5615 ἡμῖν
1785 5562 1905 5598 και-

257 5626 350 5685 νὸν
382 5626 673 5704 (ἐκαθάρθη
703 5649 805 5706 γαρ
852 5633 932 5703 τῷ
992 5628 1368 5705 βαπτίσματι),
1402 5632 1643 5702 Διαθήκη
1704 5631 1904 5700 Καινή.

264 5715 416 5775 ’Λντὶ
471 5726 572 5791 τῆς
632 5718 870 5794 ἐπιγείου
927 5718 1312 5794 Ἰερουσαλήμ,
1367 5721 1395 5774 ὁ
1479 5718 1724 5798 οὐρανός,
1758 5720 1906 5780 Ἀντὶ

2079 4195 2367 4264 ν,1“1-19.
2401 4192 2639 4249 Proinde
2666 4195 2715 4250 si
2741 4194 2864 4265 quis
2908 4192 3053 4249 vivit
3105 4193 3165 4247 in
3223 4193 3459 4262 Christo,
3510 4209 3656 4247 nova

2006 4288 2262 4341 creatura
2288 4289 2386 4338 est.
2424 4284 2618 4338 Vetera
2640 4284 3067 4354 praeterierunt,
3124 4298 3242 4337 ecce
3298 4296 3442 4335 nova
3491 4283 3653 4349 facta

2003 4378 2134 4430 sunt
2162 4373 2365 4428 omnia.
2398 4373 2596 4429 Omnia
2625 4379 2809 4428 autem
2847 4389 2915 4429 ea:
2971 4373 3078 4428 Deo
3121 4372 3220 4442 qui
3274 4368 3662 4425 reconciliavit

2006 4478 2107 4519 nos
2131 4462 2238 4518 sibi
2256 4478 2363 4534 per
2390 4463 2572 4518 Iesum
2602 4462 2881 4519 Christum
2909 4479 2929 4516 :
2957 4462 3220 4531 deditque
3249 4458 3402 4515 nobis
3457 4460 3655 4513 minis-

2011 4554 2215 4609 terium
2239 4552 2725 4622 reconciliationis,
2740 4551 3186 4624 quandoquidem
3208 4552 3347 4605 Deus
3371 4564 3475 4619 per
3492 4547 3652 4603 Chri-

2009 4650 2154 4701 stum
2181 4642 2575 4701 reconciliabat
2606 4642 2867 4699 mundum
2920 4642 3045 4709 sibi,
3104 4656 3214 4695 non
3270 4644 3532 4709 reputans
3580 4640 3657 4693 eis

2002 4741 2233 4807 peccata
2259 4751 2361 4792 sua
2389 4753 2409 4791 :
2439 4741 2491 4790 et
2506 4735 2696 4805 posuit
2726 4736 2785 4790 in
2812 4733 2966 4789 nobis
2995 4746 3294 4788 sermonem
3321 4729 3652 4785 reconcilia-

2013 4828 2199 4882 tionis.

2082 4914 2234 4973 088
2266 4915 2325 4972 Si
2356 4913 2491 4986 quis
2521 4913 2662 4968 vivit
2694 4913 2757 4968 in
2783 4911 3036 4977 Christo,
3096 4910 3313 4981 inquit,
3373 4909 3485 4965 hoc
3545 4912 3656 4977 est,

2012 5005 2074 5061 in
2107 5004 2221 5061 ﬁde
2254 5004 2343 5060 vel
2374 5019 2480 5075 per
2502 5001 2679 5058 fidem
2702 5000 2909 5074 ipsius,
2942 5016 3091 5057 nova
3119 5006 3391 5056 creatura
3422 5003 3532 5066 est,
3583 4998 3658 5053 ad

2012 5110 2222 5151 novam
2250 5094 2410 5149 enim
2439 5110 2508 5149 ac
2529 5090 2858 5164 juvenilem
2889 5091 3048 5147 venit
3093 5090 3273 5145 vitam
3331 5087 3651 5161 (siquidem

2014 5200 2268 5256 superne
2299 5183 2423 5239 nati
2454 5198 2660 5238 sumus
2690 5198 2797 5253 per
2826 5179 3156 5252 Spiritum),
3188 5184 3255 5235 ut
3310 5178 3481 5241 vivat,
3532 5192 3655 5231 non

2012 5272 2131 5328 vita
2159 5288 2289 5343 quae
2319 5272 2381 5326 in
2413 5270 2673 5342 peccatis
2701 5269 2915 5342 agitur,
2943 5268 3048 5324 sed
3106 5283 3236 5339 quae
3290 5267 3354 5322 in
3413 5265 3654 5338 Spiritu.

2014 5363 2224 5417 Vetera
2253 5360 2687 5433 praeterierunt.
2722 5380 2751 5409 »
2783 5360 3066 5425 Qumnam
3096 5355 3336 5413 vetera?
3382 5357 3497 5410 Aut
3524 5369 3660 5426 pec-

2014 5455 2145 5507 cata
2164 5450 2307 5506 dicit
2332 5455 2391 5505 et
2409 5449 2764 5521 impietates.
2788 5454 2891 5504 aut
2911 5453 3125 5504 cuncta
3147 5446 3411 5502 Iudaica.
3436 5473 3505 5485 —-
3526 5441 3658 5497 Alio

2013 5541 2192 5597 modo.
2216 5540 2521 5606 Quomodo
2546 5545 2745 5595 autem
2767 5542 2964 5594 vetera
3003 5532 3465 5609 praeterierunt?
3510 5530 3657 5586 Ani-

2012 5646 2111 5687 ma
2139 5647 2208 5687 ac
2229 5647 2443 5703 corpus
2471 5628 2642 5685 nobis
2665 5628 2942 5684 iunovata
2966 5631 3124 5697 sunt,
3143 5639 3356 5695 nempe
3376 5620 3661 5695 purifica-

2017 5724 2074 5776 ta
2102 5737 2209 5793 per
2236 5720 2598 5793 baptismum
2617 5736 2627 5773 :
2645 5718 2849 5774 datum
2871 5722 2960 5773 est
2980 5718 3201 5771 Novum
3218 5713 3659 5768 Testamentum
