4128 6192
423 427 544 490 979

1538 419 1963 480 (ECUMENEI
2009 417 2310 477 TRECCAE
2355 417 2708 478 EPISCOPI

3711 415 3832 476 980

424 582 530 638 pro
561 561 789 618 Veteri:
823 575 925 631 pre
975 563 1226 627 terrena,
1276 557 1602 614 Jerusalem
1627 555 1883 612 caalestis
1917 572 1931 622 ;
1964 570 2059 626 prc

2182 555 2312 606 ναοῦ
2343 547 2626 622 αἰσθητοῦ,
2657 549 2785 615 ναὸς
2813 549 3195 624 πνευματικός.
3247 549 3392 608 Ἀντῖ
3449 550 3678 607 πλακῶν
3737 549 3832 605 λι-

421 652 642 723 templo
675 649 968 708 sensibili.
1001 648 1288 720 templum
1321 648 1666 720 spirituale;
1702 663 1806 718 pro
1847 645 2067 700 tabulis

419 740 691 813 lapideis,
726 755 958 794 carnem
993 739 1210 792 tabulae
1246 755 1258 804 ;
1295 756 1399 810 pro
1442 736 1915 798 circumcisione.
1973 733 2069 789 ba—

419 830 670 901 ptismus
695 870 708 894 ,
733 845 838 899 pro
861 843 1327 898 manna,corpus
1353 825 1723 880 Dominicum
1747 841 1759 888 ;
1787 841 1890 895 pro
1913 839 2068 894 aqua

417 919 554 974 data
575 935 644 973 ex
669 924 854 988 petra,
879 918 1118 990 sanguis
1139 917 1485 970 Dominicus
1512 932 1524 979 ;
1547 933 1649 986 pro
1703 915 1860 985 virga
1901 914 2062 980 Mosi,

419 1025 562 1066 crux
595 1024 608 1074 ;
643 1023 746 1078 pro
779 1011 936 1062 terra
974 1006 1410 1078 promissionis,
1471 1021 1716 1076 regnum
1777 1002 2014 1056 cmleste
2051 1017 2064 1066 ;

416 1115 522 1171 pro
557 1096 890 1154 innumeris
923 1095 1246 1150 sacerdotis
1291 1099 1452 1163 juxta
1513 1093 1700 1164 legem
1755 1091 2063 1154 institutis,

417 1205 572 1244 unus
593 1187 854 1259 pontifex
879 1185 1181 1249 Christus;
1225 1199 1330 1254 pro
1381 1181 1764 1236 immaculata
1812 1197 1912 1234 ove
1947 1180 2065 1234 sive

418 1295 590 1351 agno,
611 1277 792 1332 Filius
811 1275 908 1330 Dei
937 1290 950 1338 ;
977 1291 1080 1344 pro
1098 1271 1256 1326 nudo
1285 1271 1526 1324 nomine
1549 1269 1904 1340 ad0ptionis,
1931 1285 2068 1322 vera

417 1365 678 1438 adoptio.
706 1367 860 1419 Nova
892 1361 1186 1434 siquidem
1212 1365 1484 1415 creatura
1505 1359 1663 1412 dicta
1686 1365 1793 1424 est,
1828 1363 1884 1411 et
1932 1373 2066 1411 con-

417 1455 658 1511 ferendo
681 1453 754 1508 ad
773 1453 952 1507 vitam
977 1469 1106 1522 quas
1131 1451 1188 1504 in
1215 1449 1471 1520 peccatis
1518 1449 1822 1520 agebatur,
1884 1453 1941 1500 et
1993 1444 2066 1500 ad

419 1561 615 1601 mores
656 1561 724 1598 ac
757 1549 1048 1613 praecepta
1071 1539 1397 1594 secundum
1417 1538 1605 1608 legem
1631 1537 1784 1591 data.
1804 1559 1829 1586 «
1856 1536 2066 1590 Omnia

421 1639 617 1690 autem
643 1649 712 1686 ex
739 1632 878 1686 Deo.
905 1652 932 1679 »
961 1629 1089 1683 Haec
1113 1633 1311 1683 autem
1329 1627 1551 1692 omnia,
1577 1625 1792 1695 inquit.
1845 1641 1912 1678 ex
1949 1625 2062 1678 Deo

421 1724 624 1779 datum
639 1727 798 1787 sunt,
821 1719 920 1791 qui
938 1735 1044 1773 nos
1061 1717 1168 1772 sibi
1187 1717 1297 1788 ipsi
1315 1715 1712 1770 reconciliavit
1734 1729 1839 1786 per
1851 1713 2064 1767 Filium

421 1831 594 1871 suum
617 1813 1024 1868 mediatorem.
1053 1811 1250 1879 Neque
1272 1807 1430 1860 enim
1455 1822 1562 1860 nos
1581 1803 1652 1859 ad
1693 1821 1826 1858 eum
1859 1819 2034 1857 accur

2175 642 2636 716 θίνων,σάρκινοι
2669 639 2897 702 πλάκες·
2955 639 3072 694 ἀντὶ
3131 647 3462 716 περιτομῆς,
3523 642 3832 716 βάπτισμα.

2177 729 2324 789 Ἀντὶ
2362 731 2555 803 μάννα,
2591 734 2750 802 σῶμα
2781 729 3128 785 Δεσποτικὸψ
3162 729 3282 785 ἀντὶ
3339 733 3458 800 τοῦ,
3516 729 3576 784 ἐκ
3627 731 3832 806 πέτρας

2177 817 2391 888 ὓδατος,
2425 819 2562 893 αἷμα
2596 821 2942 874 Δεσποτικόν·
2977 820 3094 875 ἀντὶ
3143 826 3242 888 τῆς
3303 814 3505 894 ῥάϐδου
3565 822 3826 891 Μωσέως,

2177 910 2481 984 ὁσταυρὸς⁶
2517 909 2638 965 ἀντῖ
2687 917 2788 984 γῆς
2841 908 3188 984 ἐπαγγελίας,
3251 907 3502 984 βασιλεία
3563 909 3832 982 οὐρανῶν.

2179 999 2332 1053 Ἀντὶ
2369 997 2578 1074 μυρίων
2610 1003 2718 1052 τῶν
2747 999 2886 1054 κατά
2915 999 3005 1052 τὸν
3035 999 3203 1070 νόμον
3263 999 3472 1074 ἱερέων,
3536 1000 3615 1058 εἷς
3647 997 3834 1072 ἀρχιε-

2183 1089 2302 1163 ρεὺς
2341 1090 2368 1142 6
2404 1089 2656 1162 Χριστός·
2693 1089 2808 1142 ἀντὶ
2842 1087 3080 1162 ἀμώμου
3127 1083 3425 1160 προϐάτου,
3477 1089 3504 1142 6
3559 1089 3684 1148 Υἱὸς
3733 1093 3830 1142 τοῦ

2177 1181 2330 1232 Θεοῦ’
2363 1177 2480 1232 ἀντῖ
2513 1177 2679 1252 ψιλοῦ
2711 1177 2981 1250 ὀνόματος
3035 1177 3329 1246 υἱοθεσίας,
3387 1177 3604 1248 ἀληθής
3653 1179 3830 1232 υἱοθε-

2176 1267 2283 1323 σία.
2309 1269 2366 1323 ἸΙ
2404 1269 2508 1342 γάρ
2539 1269 2696 1336 καινὴ
2738 1267 2936 1334 κτίσις,
2971 1268 3058 1322 καῖ
3091 1267 3164 1329 ὡς
3204 1268 3340 1341 πρὸς
3398 1269 3496 1337 την
3553 1267 3606 1322 ἐν
3665 1269 3844 1342 ἁμαρ-

2173 1357 2314 1420 τίαις
2347 1359 2462 1426 ζωή
2489 1356 2723 1431 εἶ’ρηται,
2753 1358 2844 1411 καὶ
2875 1358 2948 1417 ὡς
2981 1357 3116 1431 πρὸς
3174 1357 3242 1410 τά
3303 1357 3439 1412 κατὰ
3495 1358 3662 1429 νόμον
3720 1357 3832 1428 ἤθη

2176 1447 2266 1502 καὶ
2332 1447 2688 1522 ἐπιτάγματα.
2749 1471 2778 1499 (ι
2837 1447 2917 1503 Τὰ
2965 1444 3022 1501 δὲ
3105 1447 3278 1501 πάντα
3330 1445 3390 1501 ἐκ
3461 1449 3557 1501 τοῦ
3613 1450 3769 1503 Θεοῦ.
3803 1469 3836 1500 n

2177 1541 2362 1595 Ταῦ-α
2421 1534 2476 1591 δέ
2534 1536 2624 1590 πα
2908 1535 2922 1552 “
3029 1534 3052 1591 έ
3221 1539 3246 1550 “
3392 1541 3414 1552 ’⁸
3505 1533 3530 1552 ”“
3617 1538 3629 1556 ’

2307 1573 2322 1592 ι.
2577 1557 2724 1602 αντα,
2793 1558 2979 1612 φησιν,
3055 1542 3250 1591 κΘεου
3305 1538 3442 1608 ἡμιν
3502 1533 3829 1611 οεδωρηται,

2175 1629 2272 1680 τοῦ
2306 1623 2394 1679 διά
2428 1625 2648 1698 μεσίτου
2685 1627 2782 1678 τοῦ
2837 1625 2966 1678 Υἱοῦ
3023 1623 3213 1688 αὐτοῦ,
3281 1622 3832 1694 ἀποκαταλλάξαντος

2176 1719 2324 1788 ἡμᾶς
2377 1715 2562 1786 ἑαυτῇ.
2625 1715 2705 1770 Οὐ
2765 1713 2869 1788 γὰρ
2929 1715 3093 1787 ἡμεῖς
3153 1713 3300 1786 αὐτῷ
3357 1709 3836 1788 προσεδράμομεν,

2175 1803 2306 1861 ἀλλ’
2339 1804 2498 1865 αὐτὸς
2525 1805 2674 1875 ἡμᾶς
2703 1801 2946 1870 ἐκάλεσε,
2973 1801 3063 1856 διά
3117 1810 3216 1870 τῆς
3282 1809 3492 1876 σφαγῆς
3549 1808 3648 1857 τοῦ
3703 1805 3839 1859 Υἱοῦ

421 1907 630 1970 rimus,
653 1905 756 1960 sed
779 1903 904 1975 ipse
929 1919 1036 1956 nos
1063 1901 1282 1955 vocavit
1305 1915 1409 1970 per
1435 1897 1656 1952 caedem
1679 1911 1744 1950 ac
1797 1894 2059 1948 immola-

2179 1894 2364 1950 αὐτοῦ.
2399 1917 2426 1946 ι(
2463 1893 2566 1948 Καὶ
2599 1889 2789 1953 δόντος
2830 1893 2966 1964 ἡμῖν
3021 1893 3120 1959 τήν
3181 1889 3452 1946 διακονίαν
3506 1898 3608 1961 τῆς
3642 1891 3845 1947 καταλ-

419 1997 640 2051 tionem
673 1993 802 2048 Filii
835 1993 944 2047 sui.
1007 2013 1034 2038 ‹‹
1091 1989 1378 2059 Deditque
1439 1988 1609 2041 nobis
1661 1984 2062 2040 ministerium

417 2081 945 2140 reconciliationis.
983 2101 1010 2128 »
1036 2079 1078 2134 Ο
1101 2078 1452 2149 profundam
1475 2077 1948 2144 immensamque
1970 2073 2062 2127 be-

419 2173 770 2246 nignitatem
803 2187 868 2226 ac
901 2167 1332 2223 humanitatem
1361 2165 1372 2219 !
1409 2167 1532 2220 Non
1556 2164 1714 2218 enim
1747 2169 2060 2234 postquam

417 2261 633 2318 Filium
659 2276 830 2316 suum
851 2258 1105 2330 legatum
1129 2255 1202 2310 ad
1225 2253 1774 2310 reconciliationem
1801 2253 2062 2320 miserat,

419 2357 479 2407 et
507 2350 606 2405 ille
629 2351 1024 2418 interemptus
1053 2345 1264 2414 fuerat,
1300 2344 1580 2413 deinceps
1617 2359 1723 2396 nos
1781 2341 2060 2412 neglexit,

419 2441 524 2497 sed
555 2440 702 2494 Filio
735 2453 968 2509 quoque
1001 2441 1234 2490 mortuo
1267 2433 1441 2488 nobis
1491 2433 1774 2504 apostolis
1823 2447 2060 2486 rursum

417 2529 667 2587 credidit
687 2523 1086 2583 ministerium
1103 2523 1624 2579 reconciliationis.
1639 2545 1656 2568 α
1681 2520 2062 2590 Quandoqui-

417 2621 552 2677 dem
575 2621 728 2674 Deus
751 2633 855 2688 per
875 2615 1196 2670 Christum.
1225 2635 1252 2662 n
1275 2611 1506 2667 Etenim
1534 2611 1814 2682 primum.
1847 2609 2058 2680 inquit,

416 2710 476 2766 id
509 2715 615 2775 est,
651 2713 785 2762 ante
817 2705 1179 2778 passionem,
1207 2703 1382 2770 Deus,
1445 2719 1657 2772 nempe
1717 2703 1908 2766 Pater,
1961 2717 2066 2771 per

415 2801 712 2856 Christum
745 2797 1008 2852 medium
1041 2795 1160 2850 sive
1195 2793 1606 2856 mediatorcm,
1639 2790 1927 2846 mundum
1951 2789 2064 2845 sibi

415 2887 859 2948 reconciliabat.
895 2909 922 2936 ‹‹
958 2888 1082 2942 Non
1113 2891 1396 2956 reputans
1428 2883 1513 2938 eis
1570 2887 1811 2954 peccata
1871 2898 1996 2936 sua.
2037 2903 2064 2929 »

417 2981 504 3036 Ita
526 2980 684 3035 enim
708 2983 766 3032 et
787 2995 905 3032 non
920 2976 1034 3032 alio
1055 2975 1228 3030 modo
1249 2979 1476 3046 poterat
1496 2973 1620 3026 fieri
1639 2971 2064 3038 reconciliatio,

413 3076 479 3127 ut
497 3071 758 3142 primum
783 3067 1227 3122 remitterentur
1249 3067 1509 3134 peccata,
1540 3077 1607 3116 ac
1631 3061 1679 3116 si
1705 3061 1786 3115 ita
1832 3078 2068 3132 pmnam

413 3161 734 3232 expetisset
765 3161 1165 3228 peccatorum,
1217 3157 1274 3205 et
1324 3152 1408 3206 sic
1463 3150 1666 3206 nullus
1704 3151 1948 3206 relictus
1981 3157 2070 3206 est

411 3251 650 3321 quijam
673 3245 1113 3302 reconcilietur.
1141 3267 1166 3290 ει
1193 3244 1263 3294 Et
1283 3241 1481 3312 posuit
1503 3241 1562 3294 in
1605 3241 1778 3295 nobis
1831 3257 2060 3295 sermo-

413 3353 572 3394 nem.
611 3359 638 3385 ››
659 3339 834 3390 Pater
863 3334 1060 3404 itaque
1091 3331 1270 3386 etiam
1303 3335 1438 3385 ante
1471 3330 1810 3401 passionem
1841 3346 1946 3400 per
1966 3331 2059 3384 Fi-

412 3425 560 3480 lium
587 3421 1012 3478 reconciliabat
1033 3419 1142 3472 sibi
1161 3417 1472 3484 mundum,
1497 3418 1596 3487 qui
1621 3433 1780 3472 nunc
1823 3433 2059 3488 quoque

411 3511 610 3584 posuit
641 3511 702 3564 in
733 3509 904 3562 nobis
935 3521 1271 3562 sermonem
1303 3521 1369 3560 ac
1401 3507 1800 3560 ministerium
1857 3523 2058 3560 recon-

414 3599 750 3656 ciliationis.
787 3597 938 3654 039
971 3597 1114 3650 Nam
1137 3595 1416 3665 quoniam
1447 3595 1628 3648 Filius
1655 3611 1796 3648 suus
1815 3596 2056 3649 cruciﬁ-
2099 3623 2109 3626 -

411 3707 519 3745 xus
542 3693 650 3757 est,
677 3705 784 3743 nos
805 3685 1046 3756 reliquit
1069 3683 1166 3754 qui
1192 3681 1640 3736 exhortaremur
1658 3683 1730 3736 ad
1779 3685 2053 3738 reconci-

411 3779 718 3835 liationem
773 3793 874 3832 eos
933 3773 1032 3845 qui
1093 3777 1232 3826 sunt
1289 3787 1468 3841 super
1533 3775 1770 3826 terram.
1843 3771 2054 3826 Vidisti

483 3871 547 3934 ν,
581 3871 668 3936 20,
703 3871 791 3922 2t.
826 3869 932 3922 Pro
963 3864 1176 3920 Christo
1205 3863 1392 3931 itaque
1438 3861 1710 3928 legatione
1763 3863 2057 3930 fungimur

411 3965 676 4027 tanquam
735 3959 842 4010 Deo
889 3971 990 4024 per
1045 3968 1144 4007 nos
1201 3952 1550 4016 exhortante,
1617 3967 1872 4020 rogamus
1949 3969 2054 4022 pro

411 4046 648 4110 Christo,
681 4041 1108 4098 reconciliemini
1141 4045 1266 4096 Deo.
1305 4043 1442 4096 Eum
1473 4057 1710 4111 namque
1740 4043 1837 4112 qui
1859 4058 2053 4111 pecca-

410 4140 524 4188 tum
553 4149 662 4186 non
689 4137 936 4198 noverat,
965 4147 1070 4201 pro
1099 4132 1252 4184 nobis
1303 4137 1592 4200 peccatum
1650 4132 1806 4198 fecit,
1865 4137 1928 4186 ut
1956 4147 2054 4186 nos

408 4226 752 4293 efﬁceremur
765 4219 996 4292 justitia
1027 4221 1120 4276 Dei
1141 4237 1246 4290 per
1275 4221 1453 4275 illum.

2177 1981 2373 2058 λαγῆς.
2413 2005 2439 2032 ››
2470 1983 2536 2034 ’Ὠ
2567 1979 2772 2056 βάθους
2827 1979 3286 2054 φιλανθρωπίαςί
3341 1980 3416 2038 Οὗ
3479 1981 3582 2056 γὰρ
3645 1980 3840 2050 ἐπειδὴ

2167 2067 2402 2147 πρέσϐυν
2437 2070 2523 2125 ἐπὶ
2555 2069 2913 2146 καταλλαγὴν
2967 2065 3176 2144 ἔπεμψε
3215 2070 3306 2124 τὸν
3341 2071 3487 2140 Υἱὸν,
3547 2071 3714 2133 αὐτὸς
3779 2069 3840 2127 δὲ

2168 2165 2400 2240 ἐσφάγη,
2429 2161 2623 2218 λοιπὸν
2657 2161 2936 2234 ἠμέλησεν
2967 2163 3153 2234 ἡμῶν,
3183 2159 3332 2217 ἀλλά
3387 2162 3476 2216 καὶ
3533 2167 3628 2216 τοῦ
3685 2164 3838 2224 rem},

2168 2255 2557 2322 ἀποθανόντος,
2615 2255 2754 2325 ἡμῖν
2806 2253 2904 2322 τήν
2968 2251 3238 2307 διακονίαν
3297 2259 3398 2322 τῆς
3475 2251 3848 2328 καταλλαγῆς

2169 2342 2333 2399 πάλιν
2371 2342 2649 2398 ἐπίστευσε
2677 2347 2794 2402 τοῖς
2825 2340 3178 2404 ἀποστόλοις,
3239 2367 3258 2392 α
3297 2343 3384 2404 Ὠς
3439 2341 3523 2397 ὅτι
3583 2344 3712 2406 Θεὸς
3769 2344 3838 2412 ἦν

2169 2431 2548 2506 ένΧριστῷ,›ι
2585 2431 2682 2487 Καὶ
2738 2432 2861 2504 γὰρ,
2923 2431 3078 2507 φησὶ,
3127 2431 3189 2484 τὸ
3249 2437 3488 2506 πρῶτον,
3547 2433 3664 2486 οἷον
3722 2433 3834 2508 πρὸ

2169 2525 2266 2578 τοῦ
2297 2523 2553 2595 σταυροῦ,
2587 2521 2715 2581 Θεὸς
2746 2520 2838 2591 ἦν,
2869 2520 3169 2589 τουτέστιν,
3197 2521 3224 2574 6
3269 2521 3476 2594 Πατῆρ,
3511 2517 3600 2574 διὰ
3659 2520 3829 2594 μέσου

2169 2613 2403 2686 Χριστοῦ
2445 2611 2520 2670 ὡς
2549 2608 2794 2682 μεσίτου,
2830 2606 3225 2663 καταλλάσσων
3255 2610 3432 2682 ἑαυτῷ
3465 2609 3552 2663 τὸν
3617 2611 3846 2684 κόσμον

2171 2725 2198 2752 (ι
2237 2703 2322 2770 Μὴ
2353 2697 2712 2774 λογιζτῖμενος
2737 2697 2944 2756 αὐτοῖς.
2981 2721 3008 2748 ιι
3041 2696 3201 2754 Οῦτω
3240 2698 3344 2774 γάρ
3379 2697 3470 2752 καὶ
3511 2697 3610 2753 οῦκ
3641 2697 3840 2760 ἄλλως

2173 2787 2295 2858 ἐνῆν
2329 2789 2426 2856 τήν
2467 2785 2822 2862 καταλλαγὴν
2887 2785 3152 2862 γενέσθαι,
3209 2787 3288 2860 τῷ
3347 2793 3566 2862 πρῶτον
3619 2788 3839 2864 ἀφεῖναι

2173 2879 2240 2932 τὰ
2296 2875 2786 2950 πλημμελήματα,
2849 2877 2923 2938 ὡς
2982 2878 3094 2951 εἴγε
3179 2873 3335 2946 δίκην
3413 2876 3660 2950 ἀπῄτησε
3713 2881 3826 2932 τῶν

2175 2969 2482 3042 ἁμαρτιῶν,
2517 2965 2615 3020 οὐκ
2644 2963 2703 3020 ἄν
2732 2985 2838 3032 τις,
2884 2964 3038 3043 φησὶ,
3095 2961 3448 3042 περιελείφθη
3510 2963 3568 3026 ὅς
3615 2965 3828 3020 καταλο

2175 3055 2394 3131 λαγείη.
2431 3081 2458 3107 ‹‹
2493 3055 2592 3110 Καὶ
2627 3053 2850 3128 θέμενος
2879 3053 2929 3109 ἐν
2963 3056 3099 3128 ἡμῖν
3131 3055 3221 3110 τὸν
3257 3053 3442 3128 λόγον.
3476 3078 3504 3108 ››
3538 3055 3600 3111 Ὀ
3635 3057 3825 3131 Πατὴρ

2177 3147 2388 3216 οῦνῆν,
2450 3147 2538 3200 καὶ
2598 3147 2702 3220 πρὸ
2763 3149 2858 3200 τοῦ
2919 3149 3172 3220 σταυροῦ,
3222 3144 3376 3220 φησὶ,
3433 3142 3521 3200 διά
3548 3148 3646 3200 τοῦ
3703 3145 3842 3200 Υἱοῦ

2174 3235 2338 3292 αὐτοῦ
2416 3233 2806 3290 καταλλάσσων
2865 3237 3036 3306 ἑαυτῷ
3091 3235 3182 3289 τὸν
3238 3234 3468 3308 κόσμον,
3529 3235 3558 3290 6
3613 3237 3700 3290 καῖ
3744 3239 3841 3290 νῦν

2179 3324 2404 3397 θέμενος
2437 3323 2490 3378 ἐν
2533 3325 2668 3397 ἡμῖν
2721 3324 2814 3378 τὸν
2871 3321 3035 3398 λόγον
3091 3324 3178 3378 καὶ
3237 3324 3336 3392 τήν
3397 3320 3674 3378 διακονίαν
3733 3333 3842 3395 τῆς

2170 3411 2547 3487 καταλλαγῆς.
2633 3409 2859 3481 Ἐπειδὴ
2911 3411 3035 3487 γὰρ,
3095 3411 3279 3490 φησὶν,
3355 3413 3384 3466 6
3461 3413 3583 3474 Υἶὸς
3665 3415 3839 3468 αὐτοῦ

2170 3499 2654 3574 έσταυρώθη,ἡμ’άς
2687 3500 2830 3555 εἴασε
2845 3498 3286 3576 παρακαλοῦντας
3309 3502 3444 3576 πρὸς
3473 3501 3832 3577 καταλλαγήν

2165 3593 2294 3653 τοὺς
2353 3591 2440 3645 ἐπὶ
2497 3598 2620 3666 γῆς.
2673 3589 2830 3652 Εἶδες
2887 3589 3115 3666 μέγεθος
3173 3589 3385 3667 ἀφάτου
3437 3591 3831 3666 ἀγαθότητοςς

2167 3675 2336 3736 Οὗδὶν
2364 3684 2648 3753 τοιγαροῦν
2677 3681 2932 3756 φορτικὸν
2969 3680 3092 3752 ὑμῖν
3121 3675 3366 3753 ¹ἤλθομεν
3399 3688 3650 3750 ποιῆσαι,
3677 3681 3828 3738 ἀλλὰ

2167 3768 2361 3846 φίλους
2393 3775 2622 3836 ποιῆσαι
2657 3770 2793 3841 ὑμᾶς
2827 3769 2961 3842 πρὸς
2992 3769 3083 3822 τὸν
3110 3769 3264 3825 Θεόν.

2233 3859 2394 3932 Ὑπὲρ
2429 3862 2661 3926 Χριστοῦ
2684 3859 2778 3912 οῦν
2812 3853 3207 3933 πρεσϐεύομεν,
3269 3859 3342 3922 ὡς
3390 3865 3486 3914 τοῦ
3549 3867 3685 3918 Θεοῦ
3717 3885 3831 3918 πα-

2165 3946 2533 4023 ρακαλοῦντος
2569 3946 2639 4002 δι’
2667 3951 2848 4018 ἡμῶν.
2887 3947 3126 4020 Δεόμεθα
3155 3949 3286 4022 ῦπέρ
3320 3951 3582 4024 Χριστοῦ,
3617 3953 3824 4008 καταλ-

2165 4037 2368 4112 λάγητε
2397 4041 2476 4108 τῷ
2507 4041 2643 4108 Θεῷ.
2691 4037 2800 4093 Τὸν
2835 4039 2938 4114 γὰρ
2973 4039 3049 4110 μὴ
3107 4039 3299 4113 γνόντα
3355 4039 3642 4114 ἁμαρτίαν,
3681 4043 3816 4118 ὑπὲρ

2161 4131 2325 4202 ἡμῶν
2359 4127 2624 4202 ἁμαρτίαν
2661 4126 2940 4197 ἐποίησεν,
2966 4125 3058 4182 ’ίνα
3088 4129 3252 4202 ἡμεῖς
3299 4131 3580 4207 γενώμεθα
3639 4129 3820 4188 δικαι-

2165 4218 2330 4284 οσῦνη
2363 4221 2502 4272 Θεοῦ
2533 4215 2586 4271 έν
2609 4216 2778 4289 αὐτῷ.

411 4309 882 4385 magnitudinem
911 4309 1228 4364 inetiabilis
1257 4309 1540 4364 bonitatis
1569 4309 1596 4363 ?
1627 4309 1780 4364 Nihil
1813 4311 1992 4382 igitur
2009 4325 2178 4382 grave
2207 4307 2481 4363 venimus
2513 4307 2586 4362 ad
2617 4307 3045 4378 imponendum
3077 4307 3258 4376 vobis,
3289 4309 3392 4366 sed
3425 4316 3488 4366 ut
3518 4328 3622 4368 vos
3683 4329 3826 4386 erga

409 4403 596 4458 Deum
627 4401 850 4456 amicos
883 4399 1272 4454 efﬁceremus.

482 4496 668 4546 Deum
721 4488 1120 4544 immortalem
1181 4503 1296 4557 quo
1353 4503 1478 4542 rem
1551 4488 1740 4558 ipsam
1800 4487 2056 4543 extulit!

409 4580 647 4644 Christi,
681 4579 897 4650 inquit,
931 4577 1174 4632 nomine
1197 4575 1492 4648 legatione
1552 4576 1894 4648 fungimur;
1947 4593 2054 4631 nos

411 4671 570 4724 enim
603 4669 732 4738 ejus
791 4683 940 4738 opus
975 4666 1032 4720 in
1091 4681 1199 4719 nos
1253 4665 1607 4735 recepimus.
1669 4665 1818 4720 Loco
1877 4667 2056 4738 igitur

410 4757 620 4811 Christi
643 4757 932 4828 legatione
953 4755 1564 4826 fungimur,tanquam
1586 4755 1758 4808 Patre
1805 4771 1911 4824 per
1941 4771 2050 4810 nos

412 4845 856 4900 exhortante.Si
878 4843 1118 4915 quidem
1165 4843 1266 4896 ille
1315 4859 1434 4897 non
1487 4847 1712 4897 tantum
1745 4859 1848 4912 per
1877 4843 2044 4896 Chri-

2237 4487 2304 4538 ’Ὠ
2333 4488 2439 4538 ποῦ
2493 4483 2646 4559 ἐξῆρε
2701 4483 2764 4538 τὸ
2821 4489 3045 4558 πρᾶγμα
3081 4485 3093 4541 !
3125 4485 3286 4560 Ὑπὲρ
3325 4489 3590 4560 Χριστοῦ,
3651 4493 3816 4568 φησί,

2165 4569 2558 4646 πρεσϐεύομεν.
2620 4571 2697 4630 Τὸ
2755 4573 2858 4647 γὰρ
2917 4571 3079 4627 αὐτοῦ
3133 4571 3286 4648 ἔργον
3345 4577 3508 4648 ἡμεῖς
3566 4577 3814 4652 ὀνεδεξά.

2167 4674 2320 4734 μεθα.
2355 4663 2494 4720 Ἀντῖ
2531 4665 2766 4736 Χριστοῦ
2799 4663 2888 4716 οὖν
2923 4665 3086 4734 ἡμεῖς
3128 4660 3520 4738 πρεσϐεὗομεν,
3579 4670 3652 4731 ὡς
3707 4675 3807 4725 τοῦ

2165 4753 2372 4820 ΙΙατρὸς
2407 4750 2852 4824 παρακαλοῦντος
2885 4749 3161 4823 δι’ἡμῶν.
3217 4751 3356 4811 Οῦτε
3412 4757 3518 4831 γὰρ
3567 4755 3654 4813 διὰ
3710 4765 3812 4815 τοῦ

2157 4842 2392 4913 Χριστοῦ
2423 4841 2587 4914 μόνον
2619 4839 2946 4914 παρακαλεῖ,
2981 4839 3126 4896 ἀλλά
3151 4843 3347 4896 τούτου
3405 4847 3810 4920 σταυριυθέντος

413 4941 568 4990 stum
591 4936 952 5000 exhortatur,
977 4933 1078 4989 sed
1099 4933 1200 4988 illo
1222 4933 1400 4988 etiam
1424 4933 1704 4987 cruciﬂxo
1757 4949 1913 4988 nunc
1943 4949 2050 5004 per

2171 4926 2416 5003 Ξι¹ἡμῶν
2442 4935 2534 4984 νῦν
2593 4930 2914 5004 παρακαλεῖ.
2976 4955 3003 4982 ‹‹
3065 4931 3305 5002 Δεόμεθα
3360 4935 3491 5010 ὑπὲρ
3543 4917 3818 5010 -Χριστοῦ,

413 5041 520 5080 nos
545 5025 903 5080 exhortatur.
926 5047 950 5070 «ο
979 5025 1273 5093 Rogamus
1295 5039 1400 5092 pro
1433 5021 1662 5076 Christo
1705 5023 2058 5078 reconcilie—

407 5113 560 5169 mini
586 5115 720 5167 Deo.
749 5134 776 5162 »
801 5115 912 5166 Pro
937 5111 1168 5166 Christo
1193 5112 1388 5182 itaque
1413 5111 1704 5182 legatione
1745 5111 2055 5185 fungentes

411 5202 588 5258 etiam
615 5219 718 5271 pro
739 5201 968 5256 Christo
1003 5199 1386 5254 exhortamur
1415 5205 1472 5254 el.
1503 5216 1798 5272 rogamus,
1837 5216 2052 5256 recon-

407 5292 692 5350 ciliemini
727 5292 863 5346 Deo.
897 5291 1008 5345 Vos
1038 5291 1198 5344 enim
1231 5291 1430 5344 hostes
1463 5290 1624 5346 estis.
1659 5295 1718 5344 et
1767 5291 1864 5362 qui
1917 5291 2052 5346 odio

408 5383 658 5446 habetis,
691 5397 790 5435 vos
825 5381 1022 5451 itaque
1075 5378 1569 5440 reconciliemini,
1598 5379 1670 5434 ad
1731 5380 2052 5435 amicitiam

404 5471 803 5530 revertamini.
849 5491 877 5521 ››
929 5471 1074 5526 Eum
1133 5485 1346 5538 nampe
1406 5467 1506 5539 qui
1565 5475 1872 5538 peccatum
1931 5485 2052 5524 non

405 5567 668 5620 noverat.
696 5581 720 5611 ιο
749 5557 1160 5614 Animadverte
1185 5557 1346 5610 Pauli
1367 5555 1685 5610 artificium
1723 5571 1788 5612 ac
1815 5559 2052 5628 sapien-

405 5653 571 5708 tiam.
605 5649 892 5720 Deinceps
921 5653 1205 5718 tanquam
1235 5644 1460 5716 legatus
1517 5659 1756 5699 causam
1814 5662 2050 5718 quoque

409 5735 1062 5812 ponitquapersuaderi
1087 5733 1336 5804 possint.
1375 5731 1630 5798 ['tnihil,
1665 5733 2052 5804 inquit,prio-

2161 5019 2544 5097 καταλλάγητε
2571 5025 2648 5092 τῷ
2681 5025 2848 5091 Θεῷ.»
2885 5021 3044 5094 Ὑπὲρ
3079 5023 3309 5096 Χριστοῦ
3341 5025 3432 5078 οὗν
3483 5027 3816 5102 πρεσϐεῦον-

2155 5129 2262 5176 τες,
2295 5110 2383 5164 καὶ
2416 5111 2546 5186 ὑπὲρ
2593 5113 2826 5183 Χριστοῦ
2879 5110 3044 5181 ἡμεῖς
3103 5110 3551 5188 παρακαλοῦμεν,
3605 5117 3814 5174 καταλ-

2161 5199 2367 5276 λάγητε
2396 5205 2475 5272 τῷ
2506 5205 2644 5272 Θεῷ.
2678 5200 2860 5272 Ὑμεῖς
2915 5198 3019 5274 γάρ
3075 5197 3192 5256 ἐστε
3245 5203 3296 5256 oi
3355 5203 3545 5280 ἐχθροὶ
3605 5208 3696 5262 καὶ
3757 5212 3812 5265 οἱ

2163 5293 2459 5360 μισοῦντες,
2547 5291 2732 5362 Ὑμεῖς
2821 5286 2913 5342 οῦν
2993 5287 3400 5366 καταλλάγητε,
3481 5294 3810 5372 φιλιώθητε.

2160 5401 2188 5430 ‹‹
2214 5379 2314 5433 Τὸν
2343 5380 2442 5454 γὰρ
2478 5382 2550 5452 μὴ
2581 5379 2782 5454 γνόντα
2812 5377 3103 5452 ἁμαρτίαν.
3169 5403 3198 5429 υ
3252 5385 3384 5444 Ὃρα
3439 5383 3501 5438 τὸ
3558 5382 3812 5461 ἔντεχνον

2157 5467 2247 5523 καὶ
2281 5469 2445 5541 σοφὸν
2479 5467 2663 5524 αὐτοῦ.
2729 5469 2936 5523 Λοιπὸν
2991 5467 3068 5528 ὡς
3123 5463 3458 5542 πρεσϐευτὴς
3515 5473 3818 5532 καὶαῗτίαν

2158 5553 2228 5610 δι’
2283 5555 2350 5624 ἧς
2407 5551 2466 5608 ἄν
2527 5559 2791 5619 πεισθεῖεν
2851 5553 3019 5628 λέγει.
3081 5555 3194 5610 Ἵνα
3253 5555 3379 5632 γὰρ,
3433 5559 3590 5636 ρησὶ,
3637 5559 3814 5634 μηδὲν

2155 5645 2292 5700 ε’ἰπω
2322 5647 2428 5698 τῶν
2455 5643 2710 5718 πρώτων,
2743 5645 2826 5700 ὃτι
2891 5637 3165 5717 ὑϐρίσατε,
3225 5645 3310 5699 ὅτι
3367 5646 3672 5724 εὐεργέτην,
3723 5653 3814 5710 ὅτι

2157 5731 2310 5804 δίκην
2347 5734 2444 5788 οὐκ
2495 5735 2793 5806 ἀπῄτησεν,
2853 5731 2934 5788 ὅτι
2995 5737 3208 5808 πρῶτος
3271 5734 3686 5814 καταλλαγῆναι
3751 5743 3808 5800 εἴ
