4128 6192
309 461 426 523 981

1253 458 1654 519 COMMENT.
1701 457 1778 517 IN
1825 457 2075 517 EPIST.
2121 454 2175 516 ll
2224 456 2327 515 AD
2372 457 2736 517 CORINTH.

3607 461 3727 522 982

315 590 471 662 λετο,
503 593 600 647 κᾶν
642 589 728 646 διὸ
754 590 979 661 ἐποίησε
1002 594 1115 659 νῦν,
1151 589 1336 668 φησὶν,
1384 589 1446 644 οὐ
1505 588 1706 645 δίκαιοι
1763 599 1960 644 καταλ-

2082 607 2214 644 rum
2244 590 2622 661 dicam,quod
2637 591 2999 646 contumelia
3019 591 3338 646 aﬁ‘eceritis
3375 591 3553 646 etiam
3576 591 3728 647 bene

317 681 548 758 λαγῆναι
590 681 862 756 ὐπάρχετε
893 699 906 748 ;
942 684 1107 736 ΙΙοῖον
1137 683 1297 734 τοῦτο
1325 699 1338 749 ;
1368 679 1460 734 τὸν
1495 679 1598 754 γὰρ
1641 682 1715 752 μή
1768 679 1966 754 γνόντα

312 771 605 846 ἇμαρτίαν,
638 770 793 846 φησὶ,
852 768 1118 838 τουτέστι,
1175 768 1266 823 τὸν
1327 765 1806 837 αὐτοδικαιοσύνην
1837 764 1966 822 ὄντα

311 861 402 916 καὶ
434 861 729 938 ἀγιασμὸν,
778 860 871 914 τὸν
928 859 1049 913 Υἱὸν
1111 858 1301 927 αὐτοῦ,
1362 859 1390 912 6
1431 859 1639 932 Πατὴρ,
1697 856 1962 931 ἁμαρτίαν

305 948 552 1021 ἆποίησε,
585 949 886 1018 τουτέστιν,
919 949 992 1007 ὡς
1026 946 1368 1023 ἁμαρτωλόν
1424 968 1541 1001 τινα
1597 948 1687 1001 καὶ
1742 943 1967 1001 κατάδι-

307 1063 401 1098 κον
464 1041 608 1097 εἷάσε
673 1046 1073 1115 σταυρωθῆναι.
1147 1039 1262 1094 Οὔκ
1321 1039 1436 1092 εἶπε
1493 1035 1548 1092 δὲ
1607 1035 1966 1110 ἁμαρτωλὸν,

310 1130 440 1187 ἀλλ’
472 1130 766 1206 ἁμαρτίαν,
817 1130 952 1204 ὅπερ
1007 1130 1192 1200 μεῖζόν
1253 1126 1416 1182 ἐστιν’
1487 1127 1718 1181 ἀπέθανε
1763 1123 1822 1180 δὲ
1861 1147 1964 1204 φη-

311 1219 416 1288 σὶν,
447 1221 474 1274 6
505 1220 736 1294 Χριστὸς
789 1218 890 1274 οὐκ
928 1218 1070 1287 εἰκῆ,
1130 1215 1247 1272 οὐδ’
1305 1214 1463 1270 οὐδὲν
1532 1215 1763 1292 ὠφελῶν
1791 1217 1961 1288 ἡμᾶς.

314 1308 440 1366 ἀλλ’
469 1307 564 1363 ’ίνα
595 1306 836 1370 δικαίους
866 1307 1266 1382 ἀπεργάσηται,
1307 1304 1510 1362 Ἀλλοι
1545 1305 1719 1366 οὕτως
1778 1307 1967 1380 ἡρμή-

312 1419 525 1455 νευσαν.
585 1430 652 1440 —-
704 1399 1044 1471 [ΟΙΚΟΥΜ.]
1093 1395 1366 1471 Ἀμαρτία
1441 1393 1677 1469 λέγεται,
1736 1394 1798 1447 τὸ
1832 1393 1965 1468 ὑπὲρ

312 1488 597 1562 ἁμαρτιῶν
641 1488 803 1560 θῦμα,
873 1487 949 1548 ὡς
1006 1486 1096 1541 καὶ
1155 1487 1184 1540 6
1238 1487 1542 1560 πεοφῆτηςο
1613 1509 1632 1533 ι
1671 1483 1966 1558 Ἀμαρτίας

309 1575 446 1632 λαοῦ
478 1597 582 1648 μου
631 1578 911 1654 φάγονται.
949 1600 976 1626 ››
1032 1574 1301 1643 τουτέστι,
1354 1573 1422 1628 τά
1481 1572 1615 1646 ὑπὶρ
1681 1574 1966 1646 ἁμαρτιῶν

313 1665 525 1738 θύματα
609 1669 764 1738 Θῦμα
823 1663 914 1720 οῦν
977 1665 1108 1739 ὑπὲρ
1169 1665 1448 1737 ἁμαρτιῶν
1500 1661 1748 1730 ἐποίησεν
1792 1661 1820 1716 ὁ
1858 1667 1966 1716 111-

309 1755 414 1829 τὴρ
444 1753 538 1808 τὸν
571 1751 746 1812 Υἱοόν.
800 1777 828 1805 ‹‹
863 1753 1158 1828 Ἀμαρτίαν
1209 1751 1452 1822 ἐποίησε,
1486 1773 1512 1802 »ι
1563 1749 1862 1817 τουτέστιν,
1894 1749 1968 1810 ὡς

319 1843 652 1918 ἁμαρτωλὸν
711 1846 1101 1918 κατακριθῆναι
1136 1885 1150 1899 .
1213 1864 1234 1893 ε
1292 1843 1405 1898 Ἵνα
1461 1842 1625 1913 ἡμεῖς
1683 1841 1969 1917 γενώμεθα

2077 678 2149 732 de
2164 678 2810 749 vobismeritum,quod
2827 697 3029 750 pmnas
3053 698 3171 735 non
3207 680 3540 751 expetierit,
3569 682 3727 750 quod

2076 767 2240 839 prior
2263 769 2633 824 reconciliari
2655 769 2944 839 cupierit:
2999 775 3057 823 at
3108 770 3180 823 ob
3233 769 3291 823 id
3326 769 3534 823 saltem
3568 769 3725 838 quod

2076 857 2864 928 nuncfecitnonneazquum
2910 863 2999 912 est
3040 864 3104 912 ut
3155 859 3264 928 ipsi
3297 858 3725 912 reconciliemi-

2075 946 2430 1016 ni‘2thuid
2473 947 2621 1001 illud
2670 948 2796 1001 est?
2836 949 3004 1006 Eum.
3051 948 3263 1017 inquit.
3289 947 3386 1018 qui
3417 955 3722 1017 peccatum

2077 1040 2935 1108 nonnoverat,hocest,Filium
2980 1056 3151 1093 suum
3195 1040 3294 1108 qui
3337 1039 3464 1109 ipsa
3513 1039 3721 1109 estju-

2078 1128 2240 1183 stitia
2273 1134 2329 1183 et
2389 1130 2782 1184 sanctiﬁcatio
2841 1128 2904 1182 ⁴⁴.
2969 1131 3143 1183 Pater
3199 1129 3337 1182 fecit
3393 1136 3719 1198 peccatum,

2077 1216 2186 1272 hoc
2219 1224 2325 1278 est,
2362 1224 2642 1288 tanquam
2677 1224 3046 1289 peccatorem
3098 1217 3358 1287 aliquem
3418 1217 3723 1286 poenisque

2078 1305 2424 1374 obnoxium,
2459 1308 2718 1378 cruciﬁgi
2773 1306 3065 1378 permisit.
3125 1306 3250 1359 Non
3312 1305 3460 1359 dixit
3505 1312 3726 1373 autem,

2075 1397 2479 1464 Peccatorem,
2514 1396 2639 1461 sed,
2669 1397 2826 1468 quod
2858 1397 3052 1467 majus
3085 1402 3196 1459 est,
3239 1417 3264 1443 ‹‹
3326 1397 3659 1449 Peccatum.
3697 1416 3724 1442 »

2078 1486 2342 1539 Mortuus
2401 1492 2491 1540 est
2546 1492 2743 1540 autem
2803 1486 3070 1540 Christus
3130 1501 3248 1538 non
3304 1484 3408 1538 abs
3477 1500 3560 1552 re,
3623 1488 3726 1538 aut

2078 1575 2305 1630 nullam
2330 1575 2502 1630 nobis
2527 1577 2782 1630 afferens
2804 1576 3144 1640 utilitatem,
3171 1574 3274 1628 sed
3296 1581 3363 1628 ut
3398 1592 3506 1629 nos
3529 1575 3726 1645 justos

2079 1669 2362 1724 efﬁceret.
2385 1670 2693 1725 —Aliihoc
2714 1671 2878 1724 modo
2923 1673 3374 1740 interpretantur.
3412 1672 3723 1725 Peccatum

2078 1758 2295 1814 dicitur
2313 1759 2547 1814 victima
2565 1777 2693 1830 quae
2711 1777 2812 1831 pro
2829 1759 3084 1831 peccatis
3117 1759 3478 1824 immolatur,
3513 1775 3723 1828 quem-

2077 1846 2402 1903 admodum
2461 1849 2544 1903 ait
2602 1850 2890 1920 propheta
2943 1867 2954 1903 :
3045 1849 3287 1903 Peccata
3345 1849 3544 1919 populi
3605 1848 3720 1901 mei

314 1929 630 2003 δικαιοσύνη
667 1936 800 1986 Θεοῦ
831 1930 882 1987 ἐν
915 1933 1084 2002 αὐτῷ,
1116 1955 1145 1982 ››
1175 1931 1290 1986 Οὐκ
1318 1931 1453 2000 εἶπε,
1498 1929 1705 1985 Δίκαιοι
1726 1932 1960 2004 γενώμε-

2075 1937 2482 2004 comedent“,
2519 1961 2546 1986 ››
2581 1939 2640 1993 id
2671 1945 2780 2005 est,
2831 1939 3098 1993 victimas
3153 1955 3256 2008 pro
3315 1938 3590 2009 peccatis.
3636 1937 3725 1990 Υἱ-

314 2022 399 2087 θα,
428 2018 578 2089 ἀλλ’,
609 2047 629 2071 ι
668 2018 1158 2090 Αὐτοδικαιοσύνη,
1196 2043 1223 2070 ››
1255 2017 1389 2093 ὅπερ
1421 2017 1964 2092 μεῖζονῆν.καὶΘεοῦ

315 2107 652 2181 δικαιοσύνη.
684 2115 818 2165 Θεοῦ
849 2107 904 2164 δὶ
937 2107 1274 2178 δικαιοσύνη,
1316 2107 1376 2162 τὸ
1405 2109 1479 2181 μή
1515 2106 1564 2177 ἐξ
1588 2103 1783 2182 ἔργων,
1820 2106 1966 2162 ἀλλά

313 2196 404 2253 διά
439 2201 850 2278 συγχωρήσεως
879 2197 1260 2267 δικαιωθῆναι,
1292 2195 1345 2252 ἐν
1374 2195 1541 2267 αὐτῷ,
1569 2193 1637 2250 δι’
1660 2197 1852 2254 αὐτοῦ.

2076 2027 2511 2097 ctimamigitur
2525 2044 2655 2098 quae
2672 2045 2779 2098 pro
2804 2028 3062 2098 peccatis
3097 2029 3408 2081 oﬁ‘erretur
3441 2027 3581 2080 fecit
3611 2028 3720 2080 Pa-

2075 2120 2166 2168 ter
2186 2115 2417 2170 Filium.
2445 2139 2470 2165 «
2489 2117 2798 2170 Peccatum
2823 2117 2982 2170 fecit.
3010 2138 3037 2164 »
3063 2117 3179 2170 Hoc
3199 2122 3305 2180 est,
3325 2122 3389 2168 ut
3435 2123 3716 2185 tanquam

2076 2210 2353 2274 peccator
2409 2204 2928 2259 condemnaretur.
2991 2227 3018 2253 ‹‹
3073 2207 3143 2259 Ut
3195 2221 3302 2258 nos
3351 2205 3722 2258 efﬁcercmur

299 2289 540 2362 justitia
569 2290 671 2345 Dei
703 2305 810 2361 per
839 2289 1028 2345 illum.
1066 2310 1094 2337 »
1126 2289 1279 2343 040
1308 2289 1435 2342 Non
1467 2286 1636 2352 dixit,
1664 2288 1811 2342 Justi
1846 2287 2241 2360 efﬁceremur,
2275 2293 2398 2358 sed,
2454 2313 2481 2343 α
2540 2296 2671 2363 Ipsa
2709 2292 2965 2363 justitia,
3029 2315 3055 2340 »
3116 2292 3271 2362 quod
3334 2292 3524 2362 majus
3573 2298 3722 2359 erat,

310 2379 533 2450 Deique
565 2379 758 2451 ipsius
779 2379 1034 2450 justitia.
1070 2377 1173 2432 Dei
1207 2383 1404 2432 autem
1429 2376 1684 2447 justitia,
1718 2393 1840 2431 non
1871 2395 2001 2448 quae
2036 2387 2192 2436 esset
2215 2398 2284 2436 ex
2315 2382 2616 2453 operibus,
2648 2381 2752 2436 sed
2783 2388 2848 2434 ut
2877 2398 2945 2436 eo
2977 2381 3315 2434 remittente
3365 2397 3433 2434 ac
3495 2380 3722 2434 veniam

304 2466 480 2524 dante
499 2468 971 2539 justiﬁcaremur
1000 2464 1052 2520 ἐν
1086 2466 1241 2537 ἀυτῷ
1277 2467 1388 2521 hoc
1422 2472 1534 2532 est,
1565 2460 1635 2518 δι’
1663 2462 1848 2533 αὐτοῦ,
1882 2467 1941 2521 id

2074 2512 2082 2538 ,
2108 2488 2213 2540 per
2233 2473 2430 2540 ipsum.

372 2561 768 2631 Συνεργοῦντες
855 2553 913 2611 δε
994 2555 1084 2610 καὶ
1175 2553 1639 2628 παρακαλοῦμεν,
1725 2555 1802 2626 μή
1889 2554 1967 2618 εἷς

306 2647 460 2701 κενὸν
518 2649 618 2715 τὴν
681 2646 842 2720 χάριν
900 2649 1000 2700 τοῦ
1057 2649 1192 2700 Θεοῦ
1253 2640 1498 2716 δέξασθαι
1577 2644 1760 2716 ὑμᾶς.
1802 2643 1958 2716 Λέγει

303 2734 429 2810 γάρ·
490 2737 677 2810 Καιρῷ
749 2731 921 2805 δεκτῷ
981 2733 1261 2804 ἐπήκουσά
1318 2753 1438 2799 σου,
1505 2732 1595 2785 καὶ
1655 2730 1710 2786 ἐν
1777 2731 1960 2806 ἡμέρᾳ

306 2823 579 2898 σωτηρίας
647 2819 1012 2892 ἐϐοήθησάσοι
1046 2866 1062 2882 .
1139 2820 1280 2876 Ἰδοὺ
1337 2825 1430 2875 νῦν
1488 2821 1676 2894 καιρὸς
1734 2819 1961 2895 εὐπρόσ-

309 2911 516 2981 δεκτος,
579 2910 696 2967 ἰδοὺ
783 2917 877 2967 νῦν
958 2911 1139 2986 ἡμέρα
1207 2911 1501 2984 σωτηρίας.
1559 2907 1844 2981 Μηδεμίαν
1904 2909 1956 2965 ἐν

310 2998 502 3075 μηδενὶ
561 2997 798 3062 διδόντες
878 3001 1201 3074 προσκοπήν
1235 3041 1250 3064 ,
1323 3000 1410 3053 ἳνα
1485 3000 1561 3071 μή
1625 2999 1872 3072 μωμηθῇ
1921 3000 1956 3067 ἡ

306 3088 568 3147 διακονία.

375 3182 557 3235 Ταῦτα
613 3178 708 3251 μὲν
769 3177 971 3255 φησὶν,
1031 3178 1058 3233 6
1117 3177 1247 3238 Θεὸς
1305 3173 1394 3231 διὰ
1447 3180 1543 3231 τοῦ
1599 3176 1728 3231 Υἱοῦ
1792 3174 1958 3231 αὐτοῦ

302 3267 610 3337 πεποίηκε,
663 3267 749 3322 καὶ
810 3269 977 3340 ἡμεῖς
1032 3263 1090 3321 δὲ
1142 3269 1514 3340 συνεργοῦντες
1571 3265 1662 3319 καὶ
1719 3285 1958 3340 παρακα-

305 3355 529 3420 λοῦντες
607 3352 961 3429 διατελοῦμεν
993 3399 1007 3425 ,
1061 3355 1499 3429 παρακαλοῦντες
1576 3355 1670 3426 μὶν
1761 3355 1902 3426 ὑμᾶς
1937 3396 1952 3421 ,

305 3451 692 3526 συνεργοῦντες
741 3445 799 3502 δὲ
848 3451 928 3520 τῷ
980 3451 1114 3516 Θεῷ.
1149 3450 1320 3504 Τοῦτο
1388 3446 1492 3522 γάρ
1537 3445 1683 3517 αὐτῷ
1741 3443 1952 3514 σπουδὴ

301 3538 364 3593 τὸ
395 3539 638 3606 σωθῆναι
680 3538 844 3611 ὑμᾶς,
877 3536 906 3592 ὃ
935 3537 1022 3591 καὶ
1057 3535 1312 3610 ἀλλαχοῦ
1343 3556 1496 3611 φησι,
1532 3559 1559 3586 ‹‹
1594 3538 1727 3590 Θεοῦ
1772 3555 1958 3610 συνερ-

298 3627 388 3702 γοί
420 3625 601 3699 ἐσμεν,
638 3652 660 3680 ι
726 3625 775 3698 ἐξ
811 3627 884 3680 ὧν
915 3622 1301 3697 διατελοῦμεν,
1359 3623 1510 3703 φησί.
1572 3647 1602 3676 α
1637 3624 1728 3692 Mi,
1763 3623 1838 3684 εἷς
1867 3645 1956 3678 κε·-

300 3716 392 3770 νὸν
419 3717 519 3784 τήν
573 3717 736 3794 χάριν
767 3719 866 3769 τοῦ
919 3719 1054 3770 Θεοῦ
1123 3711 1366 3784 δέξασθαι
1425 3715 1585 3786 ὑμᾶς.
1628 3737 1656 3764 ››
1708 3718 1959 3787 Παρακα-

307 3803 514 3879 λοῦμεν
557 3803 615 3859 δὲ
639 3807 804 3878 ἡμεῖς
865 3806 918 3859 οἱ
974 3803 1302 3875 ἀπόστολοι,
1355 3804 1446 3858 ἳνα
1503 3804 1602 3872 τήν
1658 3801 1960 3878 εὐεργεσίαν

302 3893 402 3949 τοῦ
443 3898 576 3948 Θεοῦ
599 3891 836 3964 δέξησθε,
879 3893 969 3949 καὶ
1032 3895 1108 3965 μή
1152 3893 1566 3968 ἀποκρούσησθε
1623 3892 1810 3963 αὐτην,
1850 3913 1960 3964 μη-

309 3980 368 4037 δὶ
398 3979 473 4044 εἷς
505 3983 652 4037 κενὸν
706 3983 795 4037 καὶ
852 3983 1130 4059 ἀνωφελὲς
1181 3983 1281 4052 τήν
1343 3983 1506 4058 χάριν
1566 3984 1811 4057 γενέσθαι
1871 3981 1960 4036 καὶ

311 4071 592 4148 δεχθῆναι.
650 4073 724 4129 Τὸ
752 4073 854 4147 γὰρ
912 4071 1349 4146 καταλλαγέντας
1405 4077 1484 4143 τῷ
1540 4077 1656 4143 Θεῷ
1712 4070 1801 4126 διὰ
1859 4078 1959 4140 τῆς

307 4161 539 4224 πίστεως
577 4207 590 4231 ,
639 4159 915 4234 ἐπιμένειν
971 4165 1051 4233 τῷ
1109 4161 1361 4235 προτέρῳ
1421 4161 1528 4235 βίῳ
1578 4157 1728 4216 οὐδὲν
1775 4160 1956 4235 ’ἑτερόν

303 4251 471 4321 ἐστιν,
527 4253 560 4320 ἢ
631 4250 709 4313 εἷς
769 4251 917 4306 νενὸν
970 4250 1058 4306 καὶ
1110 4252 1287 4324 μάτην
1343 4250 1580 4325 γενέσθαι
1633 4252 1731 4318 τήν
1796 4251 1956 4324 χάριν

299 4345 396 4396 τοῦ
482 4339 638 4410 Θεοῦ,
705 4341 796 4394 καὶ
854 4337 1006 4394 οὐδὲν
1049 4338 1405 4417 ὠφεληθῆναι
1460 4338 1587 4400 τοὺς
1643 4335 1959 4410 δεξαμένους

307 4429 500 4501 αὑτήν.
545 4430 611 4487 Εἰ
660 4431 763 4505 γὰρ
819 4430 978 4493 αὐτὸς
1024 4428 1292 4504 ἁμαρτίας
1352 4427 1754 4502 συνεχώρησεν,
1795 4430 1959 4499 ἡμεῖς

308 4517 366 4575 δὶ
395 4519 563 4576 πάλιν
585 4519 798 4575 τούτων
831 4518 1212 4594 πληρούμεθα,
1237 4517 1289 4572 τί
1310 4518 1372 4572 τὸ
1404 4513 1594 4591 κέρδος
1620 4537 1634 4586 ;
1657 4541 1684 4568 ιι
1714 4517 1825 4572 Νῦν
1850 4537 1963 4571 και-

311 4608 404 4683 ρὸς
465 4605 882 4682 εὐπρόσδεκτος.
932 4631 959 4660 ι»
1009 4607 1112 4665 Καὶ
1163 4606 1324 4668 ποῖός
1382 4605 1522 4662 ἐστιν
1585 4607 1612 4660 ὁ
1671 4601 1962 4676 εὐπρόσδε-

2154 2561 2240 2623 Vl,
2298 2563 2415 2617 1-3.
2467 2562 2829 2631 Cooperantes
2884 2567 3065 2614 autem
3119 2562 3281 2614 etiam
3343 2559 3722 2625 exhortamur,

2071 2666 2140 2704 ne
2168 2653 2226 2704 in
2255 2667 2491 2705 vacuum
2521 2653 2767 2720 gratiam
2799 2652 2898 2704 Dei
2926 2649 3231 2719 recipiatis.
3269 2651 3358 2702 Ait
3415 2651 3558 2703 enim
3591 2665 3607 2702 :
3657 2650 3721 2702 1n

2072 2744 2313 2808 tempore
2341 2747 2565 2809 accepto
2596 2739 2861 2794 exaudiui
2891 2745 2960 2805 te,
2993 2745 3045 2792 et
3094 2741 3152 2792 in
3212 2738 3301 2792 die
3347 2736 3544 2791 salutis
3600 2753 3724 2790 sun-

2069 2833 2221 2884 curri
2251 2831 2368 2884 tibi.
2403 2832 2534 2884 Ecce
2564 2846 2716 2883 nunc
2749 2837 2958 2898 tempus
2990 2829 3342 2899 acceptabile,
3401 2844 3517 2881 ecce
3573 2843 3722 2881 nunc

2069 2918 2184 2974 dies
2213 2919 2427 2973 salutis.
2455 2920 2673 2972 Nullam
2706 2921 2763 2971 in
2811 2934 2870 2971 re
2923 2919 3039 2971 ulla
3095 2917 3282 2972 demus
3329 2917 3712 2985 offensionem,

2067 3025 2135 3062 ne
2172 3008 2613 3078 reprehendatur
2641 3005 3030 3061 ministerium.

2141 3189 2272 3241 Haac
2292 3186 2530 3257 quidem
2551 3187 2690 3240 fecit
2711 3188 2884 3253 Deus,
2910 3186 3122 3256 inquit,
3148 3201 3254 3256 per
3276 3187 3486 3241 Filium
3513 3199 3706 3252 suum,

1985 3309 2027 3376 C
2067 3294 2175 3332 nos
2212 3293 2346 3331 vero
2369 3277 2546 3330 etiam
2571 3283 2958 3348 cooperantes
3007 3284 3064 3332 et
3107 3277 3484 3332 exhortantes
3522 3277 3707 3349 persio

2068 3367 2423 3430 stimus,vos
2447 3365 3110 3436 quidemexhortantes,
3167 3368 3280 3420 Deo
3331 3373 3528 3421 autem
3581 3383 3713 3421 coo-

2065 3462 2340 3528 perantes
2375 3472 2388 3510 :
2423 3455 2643 3509 etenim
2677 3455 2787 3510 hoc
2815 3456 2927 3526 ipsi
2961 3456 3224 3510 studium
3257 3461 3346 3510 est
3375 3461 3440 3509 ut
3466 3472 3567 3510 vos
3591 3455 3712 3509 sal-

2065 3547 2120 3600 vi
2155 3545 2329 3601 sitis?
2353 3545 2516 3610 Quod
2550 3545 2726 3600 etiam
2758 3545 2900 3601 alibi
2932 3545 3106 3601 dicit:
3142 3569 3167 3595 ‹‹
3205 3545 3304 3601 Dei
3366 3550 3714 3616 cooperato-

2065 3656 2161 3695 res
2194 3655 2400 3694 sumus
2433 3640 2498 3704 ‘“,
2534 3661 2561 3686 ››
2594 3643 2653 3693 et
2682 3639 2821 3693 hinc
2855 3645 2944 3694 est
2974 3643 3038 3693 ut
3069 3639 3128 3693 in
3161 3639 3272 3693 hoc
3328 3639 3714 3709 persistamus

2065 3726 2283 3796 inquit,
2318 3748 2345 3772 «
2378 3726 2459 3779 Ne
2491 3725 2551 3779 in
2584 3741 2830 3779 vacuum
2862 3726 3110 3795 gratiam
3171 3725 3269 3778 Dei
3333 3723 3648 3793 recipiatis.
3688 3745 3708 3769 ι

2065 3812 2461 3867 Exhortamur
2492 3829 2600 3866 nos
2626 3812 2876 3882 apostoli
2911 3817 2976 3864 ut
3005 3811 3107 3864 Dei
3152 3809 3507 3864 beneﬁcium
3567 3807 3714 3860 reci-

2065 3901 2242 3972 piatis
2268 3905 2327 3955 et
2355 3916 2477 3954 non
2495 3900 2800 3970 repellatis
2825 3899 2972 3952 illud
2999 3915 3011 3952 :
3047 3904 3104 3952 et
3136 3913 3253 3950 non
3301 3896 3605 3963 contingat
3651 3899 3717 3947 ut

2066 3990 2126 4044 in
2151 4005 2399 4045 vacuum
2422 3992 2524 4043 aut
2541 3988 2668 4042 sine
2691 3987 2947 4042 utilitate
2969 3986 3157 4056 gratia
3181 3984 3425 4040 accedat
3462 4000 3530 4038 ac
3561 3983 3714 4038 reci-

2065 4079 2281 4150 piatur.
2315 4080 2434 4134 Deo
2469 4076 2760 4146 siquidem
2796 4091 2902 4146 per
2951 4073 3129 4129 ﬁdem
3187 4073 3604 4129 reconciliatos
3655 4073 3714 4127 in

2064 4168 2762 4240 priorivitapermanere,
2797 4164 2949 4219 nihil
2993 4163 3156 4220 aliud
3197 4170 3287 4219 est
3324 4181 3501 4234 quam
3542 4165 3600 4218 in
3632 4179 3716 4217 va-

2066 4273 2242 4314 cuum
2263 4273 2329 4311 ac
2351 4255 2571 4309 frustra
2599 4253 2698 4308 Dei
2725 4254 2973 4324 gratiam
3022 4253 3325 4320 accedere,
3360 4259 3419 4308 et
3460 4270 3562 4308 eos
3613 4253 3712 4323 qui

2067 4345 2232 4400 illam
2249 4343 2676 4412 acceperantin
2690 4341 3228 4411 nullojuvari.l\'am
3245 4342 3292 4395 si
3314 4343 3442 4412 ipse
3474 4340 3714 4410 quidem

2067 4437 2308 4505 peccata
2333 4430 2773 4494 condonaverit,
2807 4447 2916 4485 nos
2939 4448 3073 4486 vero
3097 4447 3331 4486 rursum
3357 4429 3578 4484 eisdem
3604 4428 3718 4482 im-

2067 4522 2320 4593 plemur,
2347 4519 2505 4590 quod
2527 4519 2770 4575 accedet
2791 4519 2928 4574 inde
2979 4519 3209 4574 lucrum
3232 4519 3259 4572 ’ἶ
3309 4542 3329 4566 ι
3384 4521 3528 4572 Ecce
3560 4533 3717 4571 nunc

2071 4616 2303 4680 tempus
2321 4608 2702 4680 acceptabile.
2732 4631 2758 4657 ››
2787 4611 2853 4663 Et
2871 4608 3045 4678 quale
3069 4613 3158 4662 est
3202 4613 3434 4678 tempus
3451 4609 3718 4676 accepta-

305 4679 432 4760 κτος
459 4679 672 4774 καιρὸς,
705 4698 795 4752 καὶ
828 4700 862 4767 ἡ
895 4696 1074 4772 ἡμέρα
1102 4705 1202 4767 τῆς
1251 4695 1526 4772 σωτηρίας
1561 4714 1574 4764 ;
1606 4697 1668 4752 Ἢ
1719 4701 1818 4764 τῆς
1849 4692 1957 4749 δω-

2074 4698 2184 4754 bile
2202 4679 2305 4753 aut
2322 4697 2447 4752 dies
2470 4679 2682 4752 salutis
2705 4698 2731 4752 ‘I
2753 4697 2878 4752 dies
2901 4697 3039 4752 doni
3060 4713 3126 4752 ac
3157 4697 3378 4768 gratiae.
3427 4698 3717 4759 Praesens,

307 4793 451 4862 ρεᾶς,
482 4789 518 4856 ἡ
549 4793 653 4855 τῆς
697 4787 946 4862 χάριτος.
994 4791 1046 4839 '0
1104 4784 1216 4854 νῦν,
1277 4787 1440 4856 φησὶν
1498 4785 1762 4860 ὑπάρχων
1835 4805 1954 4839 και-

313 4878 428 4951 ρός,
483 4874 535 4931 ἐν
701 4875 1114 4950 ἁμαρτημάτων
1176 4876 1268 4948 μὶν
1325 4874 1511 4952 ἄφεσις
1567 4873 1888 4948 πρόκειται,
1921 4876 1954 4944 ἡ

313 4963 374 5020 δὶ
439 4962 755 5036 δικαιοσύνη
807 4964 1012 5040 δωρεὰν
1095 4963 1328 5020 δίδοται.
1389 4964 1540 5022 Ἐπεὶ
1592 4965 1682 5019 οὖν
1713 4965 1740 5018 ὁ
1770 4966 1958 5040 καιρὸς

307 5055 562 5130 χάριτος,
596 5053 839 5124 εἰκότως,
875 5054 1064 5131 φησὶν,
1097 5053 1376 5123 ἐπήκουσά
1401 5075 1499 5108 σου
1548 5053 1599 5108 ἐν
1653 5053 1856 5125 τούτῳ,
1885 5055 1960 5114 ὠς

311 5146 422 5220 εἴγε
453 5143 603 5198 ἔλθοι
635 5145 663 5198 6
693 5151 791 5213 τῆς
822 5143 1055 5218 κρίσεως
1085 5143 1298 5217 καιρὸς,
1360 5143 1459 5198 οῦκ
1502 5140 1580 5198 ἔτι
1612 5141 1802 5204 ἁπλῶς
1850 5142 1960 5197 εἷσ-

303 5232 594 5290 ακούσεται
629 5277 642 5290 .
691 5238 756 5304 Ὀ,
806 5233 898 5287 οὖν
961 5232 1015 5288 ἐν
1067 5237 1243 5306 καιρῷ
1337 5231 1566 5306 χάριτος
1621 5227 1956 5299 ἐπιτηδεύων

304 5321 589 5378 πολιτείαν
647 5323 924 5398 χρηστὴν,
983 5321 1227 5396 εὐχερῶς
1282 5319 1611 5389 ἐπιτεύξεται
1669 5323 1776 5373 τῶν
1829 5320 1959 5392 βρα-

307 5407 494 5482 ϐείων,
543 5411 637 5465 καὶ
683 5411 1079 5480 ἀκουσθήσεται
1113 5409 1217 5463 ὑπὸ
1248 5413 1402 5466 Θεοῦ.
1457 5403 1678 5477 Ἐπειδὴ
1711 5407 1801 5462 καὶ
1831 5407 1959 5468 τοὺς

308 5500 476 5576 μυρία
549 5499 1063 5573 πλημμελήσαντας
1121 5495 1357 5577 δέχεται,
1448 5496 1596 5573 ἀφεὶς
1653 5497 1839 5558 αὐτοῖς
1896 5497 1961 5550 τά

309 5590 680 5664 ἁμαρτήματα
711 5588 908 5644 αὐτῶν.
950 5613 970 5639 ι
1005 5584 1293 5660 Μηδεμίαν
1325 5583 1377 5640 ἐν
1413 5583 1626 5659 μηδενί.
1664 5609 1692 5636 ››
1723 5585 1798 5643 Τὸ
1837 5586 1965 5655 νόη-

382 5785 430 5822 ⁴⁴
461 5788 482 5844 Ι
513 5789 648 5844 Coa.
683 5804 722 5855 ι,
754 5789 842 5844 30.
875 5787 920 5824 ⁸⁵
951 5788 1099 5844 Osco
1128 5801 1168 5856 ι,
1197 5787 1250 5842 8.
1286 5784 1329 5820 ⁴⁶
1360 5783 1384 5838 I
1413 5787 1539 5840 Cor.
1574 5800 1638 5853 ιι,
1671 5786 1726 5839 9.

2071 4787 2284 4858 inquit,
2325 4793 2558 4857 tempus
2592 4793 2682 4841 est
2711 4786 2769 4840 in
2803 4803 2919 4856 quo
2950 4792 3326 4857 peccatorum
3373 4783 3721 4839 conceditur

2068 4875 2676 4947 remissio,etjustitia
2697 4875 2878 4947 gratis
2931 4875 3502 4941 donatur.Quoniam
3541 4873 3719 4946 igitur

2070 4971 2302 5037 tempus
2327 4968 2418 5020 est
2437 4965 2662 5036 gratiae,
2695 4965 2907 5020 merito
2933 4965 2994 5020 in
3016 4965 3147 5024 hoc.
3205 4964 3416 5034 inquit,
3451 4963 3716 5020 exaudiri

2071 5060 2235 5112 te.Ac
2260 5056 2307 5109 si
2332 5055 2557 5109 diceret
2583 5071 2596 5107 :
2623 5054 2727 5109 Ubi
2779 5055 3006 5110 venerit
3045 5054 3257 5124 judicii
3304 5059 3556 5124 tempus,
3591 5053 3717 5124 jam

2072 5159 2190 5196 non
2208 5141 2379 5197 facile
2403 5143 2536 5211 quis
2551 5141 2920 5198 exaudiatur.
2942 5143 3047 5206 Qui
3072 5142 3252 5212 igitur
3302 5146 3566 5211 tempore
3597 5155 3722 5212 gra-

2072 5232 2244 5286 tiaain
2269 5231 2422 5286 bona
2456 5233 2902 5287 conversatione
2947 5231 3185 5286 sudiose
3241 5246 3303 5284 se
3346 5231 3514 5301 gerit,
3546 5230 3717 5284 facile

2071 5321 2274 5374 bravia
2303 5327 2656 5392 assequetur
2687 5327 2744 5374 et
2772 5339 2804 5375 a
2837 5323 2952 5375 Deo
2984 5319 3354 5374 exaudietur.
3389 5319 3501 5372 Eos
3559 5319 3719 5372 enim

2075 5410 2174 5481 qui
2209 5410 2386 5463 etiam
2420 5410 2478 5463 in
2512 5409 2786 5479 plurimis
2818 5408 3200 5479 deliquerunt
3230 5407 3495 5478 suscipit,
3522 5406 3722 5460 remit-

2073 5505 2202 5554 tens
2226 5499 2372 5569 ipsis
2405 5503 2647 5570 peccata
2673 5514 2797 5552 sua.
2833 5520 2858 5546 ‹‹
2892 5498 3127 5553 Nullam
3160 5499 3220 5552 in
3251 5514 3312 5552 re
3343 5496 3488 5552 ulla.
3524 5517 3552 5544 ››
3575 5496 3717 5549 Sen-

2072 5588 2256 5642 tentia
2281 5587 2391 5642 hoc
2415 5587 2587 5642 modo
2610 5587 3008 5644 connectitur:
3045 5588 3460 5658 Cooperantes,
3495 5584 3713 5654 inquit,
