4128 6192
421 383 540 444 oss
1424 452 1427 461 π
1486 388 1489 391 ν
1540 380 1962 443 (ECUMENII
2009 383 2079 443 TI

2186 381 2315 442 lCE
2358 381 2711 445 EPISCOPI
3708 383 3830 443 984

427 525 486 579 et
513 515 1531 588 exhortantespersistimus,nullam
1545 517 1823 590 cuiquam
1856 516 2064 574 dantes

2186 536 2261 589 μα
2318 516 2492 580 οὕτως
2551 515 2870 594 συνείρεται·
2933 520 3320 594 Συνεργοῦντες
3380 513 3460 584 δὲ,
3516 515 3674 596 ιρησὶ,
3731 518 3833 574 καὶ

425 607 1407 667 oﬂ‘ensionem.Consideraveroin
1458 609 1665 665 ordine
1710 608 2070 665 narrationis

2186 604 2612 682 παρακαλοῦντες
2643 604 3026 679 διατελοῦμεν,
3088 604 3361 680 μηδεμίαν
3418 602 3611 678 μηδενί
3644 603 3829 663 διδόν-

420 698 1053 769 οοηςὶιὶιιω,ιειῐιιιιιειηι
1075 697 1320 753 diceret.
1356 700 1441 753 Ita
1484 699 1545 754 in
1568 698 1847 754 omnibus
1879 714 2073 754 meam

421 789 680 844 vitamac
715 788 1225 844 conversationem
1270 787 1480 860 dirigo,
1526 788 1669 843 6“
1702 794 1909 843 utnon
1941 788 2071 844 dico

423 879 836 939 accusationis.
862 878 967 933 sed
989 894 1097 933 nec
1124 878 1550 949 indignationis
1575 879 1770 933 locum
1796 878 2074 949 cuiquam

422 966 721 1022 tribuam:
757 966 990 1037 nequis
1021 965 1421 1021 ministerium
1478 982 1545 1020 ac
1603 981 1750 1037 opus
1803 972 2074 1021 nostrum

425 1055 844 1129 reprehendat.
878 1055 1024 1127 Ipsis
1047 1055 1206 1110 enim
1230 1055 1442 1125 pedem
1485 1055 2076 1119 oliendentibus,me~

427 1145 957 1219 ritoiudignatioin
981 1144 1464 1216 prmdicationem
1484 1150 1834 1199 recurreret.
1868 1145 2075 1201 Dicere

432 1235 593 1291 enim
624 1240 898 1306 poterant
925 1232 1199 1305 apostoli,
1232 1233 1346 1288 nisi
1380 1233 1685 1305 quippiam
1714 1233 1855 1289 boni
1915 1250 2073 1290 com-

429 1325 590 1380 modi
608 1323 1142 1395 essetprmdicatio,
1158 1323 1331 1377 malis
1353 1322 1531 1377 etiam
1554 1322 1898 1377 hominibus
1927 1323 2077 1379 illud

430 1414 879 1469 concederetur.
902 1412 1115 1468 Diceus
1146 1417 1343 1466 autem
1369 1412 1502 1477 hoc,
1535 1411 1965 1483 prOpemodum
1996 1413 2080 1468 ait

426 1502 548 1557 illis
582 1519 596 1557 :
625 1503 868 1573 Oportet
899 1518 1008 1556 nos
1039 1517 1241 1556 curam
1295 1506 1471 1556 rectas
1529 1501 1660 1556 vitea
1715 1502 1953 1569 habere,
2001 1520 2076 1558 ne

426 1590 501 1648 ad
528 1591 706 1647 fidem
738 1590 1065 1663 indignatio
1098 1596 1155 1645 et
1204 1590 1500 1646 accusatio
1558 1597 1844 1646 recurrat.
1909 1593 2074 1659 Nam,

430 1702 459 1731 ιι
483 1682 564 1735 Ex
586 1678 897 1747 fructibus,
921 1679 1137 1750 inquit,
1162 1696 1369 1735 eorum
1390 1680 1759 1751 cognoscetis
1799 1696 1900 1735 eos
1948 1679 2012 1733 ‘7.
2047 1703 2078 1731 »

2173 715 2260 757 τες
2292 698 2638 770 προσκοπήν.
2696 698 2835 769 Ὀρα
2891 693 2949 753 δὲ
3000 693 3052 751 ἐν
3111 696 3254 765 τάξει
3315 692 3623 771 διηγήσεως
3676 717 3820 770 συμ-

2177 780 2411 857 ϐουλὴν,
2445 786 2572 842 ὡσεὶ
2604 784 2777 862 ἔλεγεο
2832 787 2932 843 Διά
2988 787 3203 842 πάντων
3261 784 3542 841 ἀπευθύνω
3576 807 3680 860 μου
3729 787 3822 843 τὸν

2179 874 2297 949 βίον
2327 874 2417 930 καὶ
2454 877 2553 945 τήν
2608 874 2914 935 πολιτείαν.
2974 878 3135 931 Ὥστε
3164 874 3229 930 οὐ
3262 873 3410 950 λέγω
3464 876 3818 952 κατηγορίας,

2176 964 2303 1023 ἀλλ’
2332 966 2418 1021 ἳνα
2455 964 2595 1040 μηδὲ
2628 967 2889 1042 μέμψεώς
2919 988 3027 1022 τινι
3079 964 3158 1022 δῶ
3187 966 3398 1042 χώραν.
3432 968 3547 1024 Ἵνα
3595 970 3671 1040 μή
3714 989 3822 1037 τις,

2177 1057 2361 1137 φησὶν,
2402 1053 2732 1130 ἐπιλάϐηται
2761 1064 2863 1128 τῆς
2911 1055 3188 1121 διακονίας
3232 1059 3393 1130 ἡμῶν
3454 1059 3545 1112 καὶ
3600 1061 3698 1113 τοῦ
3726 1051 3825 1133 ἔρ-

2174 1169 2296 1224 γου.
2345 1147 2537 1205 Αὐτῶν
2578 1148 2681 1223 γάρ
2738 1146 3157 1220 σφαλλομὲνων,
3225 1146 3452 1210 εἰκότως
3518 1150 3554 1216 ἡ
3614 1147 3823 1221 μέμψις

2178 1236 2255 1299 εἷς
2290 1238 2352 1293 τὸ
2382 1240 2644 1313 κήρυγμα
2675 1234 2957 1312 ἀνέτρεχεν
3019 1241 3170 1292 εἶπον
3204 1236 3308 1312 γὰρ
3365 1234 3427 1291 ἂν
3481 1236 3535 1292 οἱ
3588 1235 3825 1291 ἀπόστο-

2179 1325 2291 1397 λοι,
2334 1327 2379 1382 εἶ
2413 1328 2490 1401 μὴ
2519 1330 2586 1396 ἦν
2611 1348 2663 1381 τι
2696 1326 2938 1403 χρηστὸν
2969 1326 3034 1382 τὸ
3072 1328 3354 1401 κήρυγμα,
3412 1324 3663 1399 ἤμελλον
3694 1325 3826 1381 αὐτὸ

2178 1415 2455 1493 ἅνθρωποι
2521 1418 2906 1472 πεπιστεῦσθαι
2957 1416 3194 1491 πονηροί
3223 1459 3237 1473 .
3295 1417 3471 1473 Τοῦτο
3525 1413 3583 1471 δὲ
3635 1415 3826 1486 εἰπὼν,

2180 1506 2482 1582 μονονουχὶ
2514 1506 2660 1583 λέγει
2690 1506 2901 1573 αὐτοῖς,
2933 1505 3017 1560 ὅτι
3070 1510 3161 1561 Δεῖ
3215 1507 3364 1578 ἡμᾶς
3422 1507 3587 1580 ὀρθοῦ
3640 1504 3827 1578 ἐπιμε-

2179 1595 2388 1652 λεῖσθαι
2423 1596 2569 1673 βίου,
2595 1597 2687 1651 ἳνα
2722 1597 2797 1669 μὴ
2857 1594 2934 1657 εἰς
2989 1595 3091 1665 τὴν
3151 1594 3333 1650 πίστιν
3362 1596 3396 1664 ἡ
3432 1594 3640 1670 μέμψις
3691 1596 3829 1649 ἀνα-

2180 1683 2379 1761 δράμῃ.
2413 1708 2443 1738 ιι
2478 1687 2574 1743 Ἐκ
2628 1685 2734 1761 γάρ
2800 1689 2908 1740 τῶν
2961 1688 3185 1761 καρπῶν
3243 1684 3419 1740 αὐτῶν
3460 1684 3830 1761 ἐπιγνώσεσθε

2180 1775 2399 1837 αὐτοὺς.
2434 1797 2466 1827 ››

509 1862 603 1931 VI,
634 1865 787 1919 4-10,
819 1862 927 1918 Sed
980 1866 1039 1918 in
1068 1863 1319 1918 omnibus
1375 1863 1728 1919 exhibeamus
1782 1880 1878 1920 nos
1934 1864 2078 1936 ipsos

2256 1862 2415 1920 Ἀλλ’
2470 1863 2524 1918 ἰν
2582 1863 2741 1919 παντὶ
2811 1866 3163 1926 συνιστῶντες
3250 1863 3496 1933 ἑαυτοὺς,
3555 1863 3631 1926 ὡς
3684 1865 3828 1920 Θεοῦ

436 1959 498 2008 ut
528 1953 626 2007 Dei
653 1953 936 2007 ministros
962 1954 1023 2007 in
1055 1952 1353 2007 tolerantia
1381 1953 1577 2017 multa,
1638 1955 1695 2008 in
1754 1956 2079 2023 afﬂictioni-

440 2043 553 2110 bus,
588 2044 644 2095 in
674 2040 1105 2108 necessitatibus,
1135 2044 1195 2095 in
1224 2043 1620 2110 anmictatibus,
1666 2045 1724 2098 in
1761 2042 1971 2114 plagis,
2021 2046 2082 2098 in

439 2131 770 2197 carceribus,
820 2134 878 2187 in
935 2132 1321 2199 instabilitate,
1382 2135 1440 2187 in
1498 2133 1795 2201 laboribus,
1846 2136 1904 2189 in
1934 2137 2079 2204 vigi-

434 2223 547 2291 liis,
580 2222 641 2277 in
655 2224 913 2294 jejuniis,
940 2220 1001 2276 in
1029 2222 1361 2287 sinceritate,
1412 2224 1471 2276 in
1527 2226 1778 2289 scientia,
1835 2228 1896 2279 in
1956 2225 2078 2280 lon-

432 2313 782 2383 ganimitate,
840 2313 897 2366 in
958 2312 1311 2380 benignitate,
1369 2313 1429 2365 in
1485 2311 1702 2383 Spiritu
1761 2321 1969 2381 sancto,
2019 2316 2077 2367 in

433 2402 707 2457 charitate
764 2418 876 2456 non
932 2400 1219 2467 simulata,
1279 2400 1341 2456 in
1397 2417 1642 2458 sermone
1698 2406 1967 2469 veritatis,
2017 2405 2079 2458 in

419 2494 675 2562 potentia
704 2489 825 2558 Dei,
851 2506 955 2561 per
983 2506 1141 2544 arma
1160 2490 1407 2559 justitia‘:
1454 2491 1651 2546 dextra
1707 2510 1771 2548 ac
1824 2496 2076 2563 sinistra,

423 2597 529 2653 per
557 2581 796 2650 gloriam
827 2585 880 2635 et
908 2581 1295 2649 ignominiam,
1322 2596 1426 2650 per
1456 2584 1701 2637 convicia
1730 2588 1783 2637 et
1841 2583 2028 2639 laudes
2061 2600 2075 2638 :

431 2672 591 2742 quasi
642 2671 985 2740 impostores,
1034 2670 1131 2725 sed
1181 2684 1437 2724 veraces:
1496 2673 1656 2741 quasi
1720 2674 1915 2742 ignoti,
1985 2674 2080 2728 sed

430 2763 595 2817 noti:
654 2760 817 2832 quasi
872 2763 1183 2830 morientes,
1243 2762 1339 2816 sed
1394 2779 1511 2817 ecce
1568 2763 1856 2819 vivimus:
1919 2765 2080 2835 quasi

434 2852 689 2917 correpti,
722 2850 816 2905 sed
842 2867 953 2905 non
979 2852 1145 2906 occisi
1178 2866 1190 2903 :
1223 2849 1386 2921 quasi
1413 2850 1678 2915 dolentes,
1712 2852 1807 2908 sed
1823 2856 2081 2909 continue

433 2939 775 3008 gaudentes:
826 2941 987 3009 quasi
1029 2955 1326 3009 pauperes,
1383 2940 1477 2994 sed
1538 2941 1735 2996 multos
1790 2942 2079 3000 ditantes:

430 3029 591 3099 quasi
616 3028 762 3083 nihil
792 3028 1065 3097 habentes,
1096 3028 1191 3084 sed
1220 3031 1411 3084 omnia
1431 3030 1789 3100 possidentes.

502 3212 629 3266 Non
651 3209 867 3279 solum,
890 3209 1107 3280 inquit,
1130 3209 1440 3265 studemus
1461 3212 1595 3283 puri
1618 3228 1750 3268 esse
1797 3212 1870 3268 ab
1911 3229 2079 3270 accu-

433 3300 761 3357 sationibus
783 3315 849 3354 ac
872 3298 1380 3371 indignationibus
1402 3299 1521 3354 sive
1543 3301 1803 3371 querelis
1828 3318 1841 3357 :
1876 3319 2077 3359 verum

434 3389 609 3445 etiam
633 3389 909 3445 omnibus
931 3387 1214 3458 nosipsos
1232 3386 1610 3443 exhibuimus
1622 3406 1689 3445 ac
1712 3392 2085 3448 ostendimus

433 3485 499 3535 ut
531 3480 631 3535 Dei
662 3479 988 3535 ministros.
1012 3476 1316 3541 Quomodo
1339 3481 1540 3532 autem
1565 3478 1623 3532 id
1673 3480 1801 3534 fleri
1833 3487 2029 3551 potest
2057 3482 2085 3536 ?

436 3574 494 3625 et
515 3567 811 3641 quomodo
830 3564 1093 3622 ostendit
1112 3579 1241 3619 sese
1264 3565 1563 3634 quispiam
1596 3568 1697 3621 Dei
1742 3568 2085 3625 ministrum

437 3659 675 3730 nisiper
689 3654 1197 3713 conversationem
1215 3669 1283 3708 ac
1299 3652 1477 3708 vitam
1494 3653 1522 3707 ?
1552 3654 1691 3710 Vide
1734 3672 1875 3711 sane
1927 3660 2086 3728 quod

439 3765 560 3804 non
582 3745 1273 3813 dixerit:Appareamus,
1324 3740 1468 3797 sed:
1513 3765 1540 3792 «
1602 3743 2023 3813 Exhibeamus,
2056 3770 2086 3797 υ

441 3839 558 3895 sive
580 3833 1252 3905 Demonstremus,quod
1267 3833 1669 3889 ostensionem
1711 3835 1773 3890 iu
1807 3851 1869 3890 se
1902 3839 2087 3893 conti-

438 3923 1255 3994 netperoperaetveritatem.
1307 3942 1329 3970 ι
1358 3924 1423 3978 In
1465 3923 1783 3980 tolerantia
1811 3926 2021 3982 multa.
2053 3949 2081 3977 ››

438 4012 649 4068 Omnia
676 4010 831 4065 virili
862 4013 1062 4066 animo
1123 4011 1377 4067 ferentes
1435 4029 1807 4085 qumcunque
1867 4016 1928 4071 in
1977 4033 2084 4072 nos

436 4101 593 4155 dicta
609 4099 831 4156 fuerint
853 4119 865 4156 :
884 4100 1016 4156 ideo
1032 4101 1209 4156 etiam
1224 4100 1416 4157 addit:
1439 4121 1459 4149 ι
1487 4104 1693 4169 Multa;
1721 4125 1749 4154 »
1784 4110 1842 4159 et
1871 4122 2082 4162 conse-

436 4194 689 4263 quenter
716 4197 989 4246 recenset
1018 4192 1079 4246 in
1110 4191 1326 4262 quibus
1355 4193 1528 4262 positi
1564 4199 1621 4247 et
1651 4194 1900 4250 viriliter
1954 4213 2083 4253 sese

434 4280 721 4337 habentes
739 4280 1119 4336 exhibuerint
1139 4297 1267 4335 sese
1316 4282 1417 4337 Dei
1464 4283 1787 4339 ministros.
1834 4306 1862 4333 ιι
1897 4288 1959 4341 In
1986 4303 2086 4342 ne-

432 4369 829 4427 cessitatibus.
864 4390 892 4419 »
912 4368 1310 4424 Afllictionum
1336 4371 1739 4429 intensionem
1770 4373 2085 4448 designant

434 4460 843 4525 necessitates,
878 4474 1091 4529 nempe
1148 4458 1384 4530 quando
1424 4460 1804 4518 inevitabiles
1859 4463 2085 4519 fuerint

434 4556 536 4605 aut
566 4566 813 4621 magum.
848 4569 876 4597 «
910 4549 976 4602 In
1008 4547 1424 4603 anxietatibus.
1463 4569 1492 4598 ››
1551 4550 1823 4606 Difﬁcilis
1884 4551 2085 4609 admo-

2186 1950 2449 2011 διάκονοι.
2526 1952 2616 2009 Ἐν
2697 1952 2948 2025 ὑπομονῇ
3033 1949 3249 2025 πολλῇ,
3336 1951 3388 2007 ὲν
3444 1950 3713 2027 θλίψεσιν,
3769 1952 3826 2007 ἐν

2184 2042 2446 2118 ἀνάγκαις
2481 2085 2495 2111 ,
2552 2040 2605 2096 ἐν
2674 2042 3061 2118 στενοχωρίαις
3095 2084 3111 2111 ,
3168 2041 3223 2097 ἒν
3297 2041 3562 2117 πληγαῖς,
3617 2042 3671 2097 ἐν
3729 2065 3833 2123 φυ-

2184 2138 2325 2201 καῖς,
2368 2130 2423 2186 ἐν
2481 2130 2922 2201 ἀκαταστασίαις,
2986 2130 3039 2185 ἂν
3098 2130 3313 2201 κόποις,
3373 2129 3427 2187 ἐν
3485 2131 3831 2207 ἀγρυπνίαις,

2183 2221 2236 2277 ἐν
2267 2223 2563 2293 νηστείαις,
2612 2221 2664 2277 ἐν
2713 2222 2999 2299 ἀγνότητι,
3063 2220 3115 2277 ἐν
3178 2221 3403 2296 γνώσει,
3470 2223 3523 2277 ἓν
3555 2224 3834 2297 μακροθυ-

2187 2312 2306 2385 μίᾳ,
2357 2312 2412 2368 ἐν
2469 2312 2860 2388 χρηστότητι,
2914 2311 2966 2367 ἐν
3029 2312 3296 2385 υνεύματι
3353 2311 3520 2385 ἀγίῳ,
3552 2312 3603 2367 ὲν
3637 2313 3827 2387 ἀγάπῃ

2182 2402 2558 2475 ἀνυποκρίτῳ,
2618 2400 2670 2457 ἐν
2731 2400 2884 2477 λόγῳ
2939 2400 3226 2471 ἀληθείας,
3280 2399 3333 2456 ἐν
3386 2398 3612 2473 δυνάμει
3665 2407 3828 2460 Θεοῦ.

2183 2492 2283 2548 Διά
2332 2496 2440 2548 τῶν
2495 2490 2682 2546 ὅπλων
2748 2498 2851 2560 τῆς
2900 2487 3275 2562 δικαιοσύνης,
3331 2494 3440 2547 τῶν
3494 2488 3680 2562 δεξιῶν
3734 2492 3828 2546 καὶ

2183 2580 2498 2656 ἀριστερῶν,
2561 2577 2650 2635 διά
2709 2578 2871 2651 δόξης
2927 2580 3017 2633 καὶ
3064 2579 3306 2652 ἀτιμίας,
3367 2576 3456 2634 διὰ
3513 2577 3831 2659 δυσφημίας

2182 2670 2272 2726 καὶ
2321 2669 2610 2745 εὐφημίας·
2661 2670 2735 2732 ὡς
2792 2667 2994 2725 πλάνοι
3030 2669 3121 2724 καὶ
3176 2668 3425 2739 ἀληθεῖς,
3468 2669 3546 2731 ὡς
3594 2669 3831 2744 ἀγνοού-

2187 2780 2335 2833 μενοι
2421 2759 2512 2814 καὶ
2608 2757 3126 2833 ἐπιγινωσκόμενοι,
3217 2759 3293 2823 ὡς
3371 2758 3830 2829 ἀποθνήσκοντες,

2182 2849 2273 2903 καὶ
2329 2846 2448 2903 ίδοὺ
2506 2851 2687 2920 ζῶμεν
2721 2889 2736 2916 ,
2796 2847 2873 2908 ὡς
2929 2844 3316 2920 παιδευόμενοι
3369 2847 3462 2902 καὶ
3532 2847 3609 2920 μή
3665 2850 3833 2902 θανασ-

2182 2935 2443 3010 τούμενοι
2478 2980 2492 3007 ,
2552 2937 2627 3000 ὡς
2683 2934 3045 3008 λυπούμενοι,
3105 2935 3185 2990 ἀεὶ
3242 2931 3300 2989 δὲ
3367 2934 3692 3012 χαίροντες,
3753 2935 3833 2995 ὡς

2185 3025 2405 3102 πτωχοί
2437 3070 2456 3100 ,
2509 3024 2762 3089 πολλοὺς
2843 3022 2901 3081 δὲ
2973 3026 3361 3095 πλουτίζοντες
3394 3071 3410 3099 ,
3498 3026 3571 3088 ὡς
3662 3022 3835 3100 μηδὶν

2187 3111 2430 3193 ἔχοντες,
2460 3116 2550 3171 καὶ
2580 3116 2754 3171 πάντα
2772 3116 3116 3191 κατέχοντες.

2260 3207 2337 3265 Ού
2400 3208 2563 3280 μόναν
2624 3204 2788 3283 φησὶν
2846 3202 3255 3277 ἐσπουδάσαμεν
3336 3209 3679 3281 κατηγοριῶν
3740 3204 3837 3259 καὶ

2196 3297 2453 3372 μέμψεων
2487 3296 2627 3350 εἶναι
2656 3294 2904 3369 καθαροὶ,
2937 3292 3084 3350 ἀλλά
3111 3294 3202 3349 καὶ
3232 3293 3284 3349 ἐν
3316 3294 3478 3349 παντὶ
3509 3296 3841 3364 συνεστήσα-

2195 3406 2289 3459 μεν
2322 3385 2414 3441 καὶ
2442 3380 2791 3458 ἀπεδείξαμεν
2835 3381 3058 3447 ἑαυτοὺς
3082 3381 3157 3445 ὠς
3187 3387 3321 3438 Θεοῦ
3372 3380 3680 3446 διακόνους.
3712 3388 3844 3443 Πῶς

2193 3472 2239 3529 δ’
2271 3473 2331 3529 ἃν
2375 3471 2459 3545 ε’ίη
2515 3476 2699 3540 τοῦτο,
2744 3472 2835 3528 καὶ
2902 3477 3019 3535 πῶς
3075 3493 3159 3534 τις
3225 3469 3600 3527 ἀποδείκνυσιν
3652 3473 3843 3527 ἑαυτὸν

2194 3568 2329 3618 Θεοῦ
2360 3560 2631 3631 διάκονον,
2662 3562 2698 3632 ἢ
2732 3558 2799 3616 δι’
2829 3566 2903 3616 ῶν
2963 3560 3309 3617 πολιτεύεται
3348 3561 3438 3617 καὶ
3474 3562 3591 3637 βιοῖ
3625 3581 3640 3629 ;
3698 3564 3845 3637 ’Όρα

2192 3650 2269 3720 δὲ,
2304 3654 2405 3709 οὐκ
2435 3654 2579 3721 εἶπε,
2613 3653 2967 3726 Φαινόμενοι,
3025 3649 3194 3722 ἀλλὰ,
3232 3674 3259 3706 α
3289 3656 3677 3714 Συνιστῶντες.
3713 3674 3742 3703 ιι
3771 3653 3842 3709 Ὃ

2194 3740 2826 3814 ἐστιν,ἀποδεικνύντες.
2881 3746 3057 3797 Τοῦτο
3116 3740 3175 3797 δὲ
3228 3742 3329 3810 τήν
3389 3738 3457 3795 δι’
3518 3735 3691 3817 ἔργων
3744 3741 3838 3795 καὶ

2191 3830 2451 3901 ἀληθείας
2509 3829 2781 3902 ἀπόδειξιν
2843 3829 2983 3905 ἔχει.
3051 3855 3071 3881 ι
3109 3833 3197 3888 ’Ev
3259 3830 3513 3906 ὑπομονῇ
3557 3828 3773 3904 πολλῇ.
3810 3853 3841 3882 »ε

2193 3922 2367 3977 Ηάντα
2394 3920 2651 3995 γενναίως
2709 3922 2961 4000 φέροντες
3014 3920 3082 3975 τὰ
3140 3918 3508 3995 ῥηθησόμενα.
3579 3920 3672 3976 Διό
3701 3941 3838 3998 φησι

2261 4010 2277 4029 \
2566 4013 2590 4024 ε-
2980 4011 2993 4025 ι
3026 4032 3029 4035 _
3244 4010 3262 4041 ι
3394 4009 3408 4025 ς
3692 4005 3713 4026 ν

2188 4029 2300 4079 και,
2336 4034 2364 4063 ι(
2399 4006 2615 4083 ηολλῃ.
2648 4032 2671 4063 ιι
2708 4017 2807 4065 Kal.
2837 4008 3027 4065 λοιποι
3063 4009 3351 4086 καταλεγει
3390 4030 3442 4064 εν
3487 4010 3629 4066 τίσιν
3683 4029 3839 4072 οντες

2188 4100 2272 4154 καὶ
2329 4098 2589 4175 γενναίως
2656 4096 3034 4175 διαγενομενοι
3071 4144 3086 4169 ,
3145 4100 3546 4172 συνεστήσαμεν
3614 4097 3844 4162 ἑαυτοὺς

2188 4192 2322 4244 Θεοῦ
2380 4187 2714 4249 διακόνους.
2780 4213 2808 4241 ιι
2840 4191 2926 4245 Ἐν
2986 4189 3261 4262 ἀνάγκαις.
3297 4211 3325 4240 ››
3379 4187 3657 4245 Ἐπίτασιν
3714 4187 3838 4251 ολί-

2187 4282 2333 4353 ψεως
2361 4276 2624 4348 δηλοῦσιν
2673 4279 2730 4333 αἱ
2787 4278 3036 4355 ἀνάγκαι.
3070 4278 3233 4335 Ὅταν
3292 4276 3500 4354 ἄφυκτα
3556 4283 3593 4353 ᾖ
3643 4278 3711 4332 τά
3738 4298 3839 4332 κα-

2186 4369 2273 4424 κά.
2313 4390 2335 4418 ι
2366 4369 2453 4425 Ἐν
2492 4368 2904 4444 στενοχωρίαις,
2941 4391 2970 4418 ››
3023 4364 3463 4437 Δυσδιεεόδευτος
3519 4367 3611 4436 ἦν,
3641 4366 3836 4446 φησὶν,

2186 4460 2221 4528 ἡ
2279 4456 2621 4536 ἀπαλλαγήν
2663 4483 2690 4510 κ
2726 4460 2814 4514 Ἐν
2873 4454 3163 4537 φυλακαῖς.
3207 4480 3237 4509 ››
3293 4458 3461 4514 τοῦτο
3516 4456 3609 4511 καὶ
3668 4453 3722 4511 ἓν
3780 4477 3837 4511 τι

2187 4547 2462 4623 ἀφόρητόν
2492 4546 2625 4619 ἐστι,
2656 4548 2819 4605 Ὅταν
2866 4543 2924 4601 δὲ
2987 4546 3077 4601 καὶ
3133 4546 3309 4601 πάντα
3361 4547 3530 4621 ὁμοῦ,
3591 4544 3684 4609 θέα
3736 4546 3835 4601 τὸν

435 4640 599 4705 dum,
631 4617 847 4709 inquit,
882 4641 1010 4692 erat
1038 4636 1335 4693 liberatio.
1369 4659 1396 4687 ιι
1432 4636 1498 4693 In
1530 4640 1888 4695 carceribus.
1937 4661 1965 4693 ι
2015 4643 2079 4698 Id

2187 4617 2390 4713 ἀγῶνα.
2450 4661 2479 4689 ιι
2518 4617 2617 4694 Ἐν
2661 4636 3099 4699 ἀκαταστασίαις.
3143 4660 3172 4690 ››
3229 4617 3407 4694 Ὅταν.
3451 4633 3836 4707 ἐλαυνόμενος,

435 4730 613 4784 etiam
640 4729 833 4785 solum
856 4727 1053 4794 fuerit,
1078 4726 1397 4784 molestum
1422 4728 1600 4784 nimis
1640 4735 1730 4784 est
1759 4745 1772 4784 :
1805 4747 1941 4787 cum
1973 4749 2080 4789 au-

436 4823 553 4872 tem
587 4817 766 4872 simul
796 4817 998 4873 omnia
1023 4823 1409 4885 concurrunt,
1468 4817 1597 4873 vide
1654 4825 1942 4890 quantum
2005 4824 2082 4879 sit

435 4910 795 4960 certamen.«
811 4906 876 4960 in
892 4906 1277 4962 instabilitate
1296 4923 1308 4962 :
1326 4908 1522 4964 »642
1537 4908 1775 4979 quando
1822 4912 2078 4981 exagita-

435 4993 1504 5069 tusnonhabebatubipedemﬁgeret.
1528 5018 1554 5050 ι
1582 4999 1647 5054 In
1688 4998 2011 5057 laboribus.
2047 5024 2076 5052 »

431 5087 569 5151 Qua:
604 5084 892 5141 hactenus
948 5085 1106 5141 dicta
1145 5092 1303 5155 sunt,
1341 5088 1413 5143 ab
1453 5089 1715 5145 inimicis
1768 5091 1832 5145 in
1881 5092 2077 5164 ipsum

433 5176 660 5229 invecta
682 5178 818 5229 sunt
848 5190 861 5226 :
894 5181 1329 5245 consequenter
1353 5193 1422 5232 eo
1454 5193 1690 5249 quoque
1745 5178 1888 5234 dicit
1945 5197 2076 5252 quas

429 5263 669 5319 sibimet
699 5262 822 5333 ipse
856 5261 1169 5329 inferebat,
1203 5266 1371 5337 quasi
1402 5282 1523 5322 non
1555 5267 1659 5322 illa
1680 5269 2073 5325 suffecissent.

433 5351 683 5406 Labores
713 5357 911 5406 autem
942 5351 1104 5419 dicit,
1138 5359 1195 5408 et
1224 5355 1383 5426 quod
1411 5357 1689 5414 manibus
1722 5358 1847 5429 ipse
1873 5376 2079 5432 operae

430 5446 613 5508 retur,
647 5444 706 5494 et
734 5439 1107 5512 fatigationes
1137 5457 1286 5511 quas
1316 5449 1561 5514 propter
1588 5445 2075 5517 praedicationem

433 5528 687 5585 subibat.
755 5551 780 5582 ιι
845 5529 909 5584 ln
970 5530 1330 5586 sinceritate.
1390 5553 1419 5581 »
1479 5533 1826 5592 Sinceritate
1910 5544 2078 5593 vocat

505 5700 550 5737 ⁸⁷
581 5702 780 5757 Matth.
814 5705 911 5769 γει,
950 5706 1034 5756 l6.

2189 4725 2316 4782 οὐδὲ
2344 4725 2481 4782 ὅπου
2522 4730 2624 4800 στῇ
2657 4726 2827 4801 εἶχεν.
2869 4751 2897 4778 ιι
2932 4728 3017 4781 Ἐν
3072 4724 3284 4790 κόποις.
3324 4747 3346 4777 ι
3408 4725 3490 4782 Τὰ
3550 4724 3646 4798 μὶν
3680 4723 3835 4799 ετρη-

2191 4819 2324 4893 μὲνα
2349 4822 2495 4892 παρᾶ
2523 4821 2630 4872 τῶν
2661 4815 2947 4892 πολεμίων
2981 4816 3213 4892 ὶπήγέτο
3273 4816 3444 4886 αὐτῷ.
3506 4814 3710 4870 Λοιπὸν
3738 4814 3835 4868 καὶ

2184 4909 2254 4964 τά
2280 4908 2407 4983 παρ’
2464 4907 2655 4963 ἑαυτοῦ
2712 4905 3078 4983 εἶσενεχθὲντα
3135 4905 3302 4981 λέγει,
3335 4906 3412 4968 ὠς
3472 4905 3550 4978 μή
3608 4903 3837 4980 ἀρκούν-

2182 5020 2291 5055 των
2322 4996 2561 5054 ἰκείνων.
2596 4997 2811 5059 Κόπους
2852 4995 2910 5053 δέ
2962 5018 3113 5073 φησι,
3148 4995 3236 5053 καὶ
3296 4997 3393 5057 τὰς
3439 4994 3501 5051 ἐκ
3556 4999 3665 5051 τῶν
3698 5014 3833 5069 χει-

2185 5088 2294 5163 ρῶν
2322 5086 2599 5164 ἐργασίας,
2656 5087 2869 5148 καὶτὰς
2926 5083 3016 5142 διὰ
3077 5087 3141 5142 τὸ
3196 5086 3460 5163 κήρυγμα
3517 5079 3834 5159 συντριϐάς.

2186 5203 2214 5231 ι(
2245 5179 2331 5235 Ἐν
2351 5179 2628 5253 ἁγνότητι.
2656 5201 2683 5229 »
2710 5176 3013 5254 Ἀγνότητά
3034 5197 3218 5255 φησιν.
3240 5177 3342 5246 τήν
3367 5194 3428 5230 τε
3448 5173 3835 5251 σωφροσύνην,

2183 5268 2273 5324 καὶ
2303 5268 2366 5324 τὸ
2397 5265 2667 5323 ἀδάπανον
2695 5266 3050 5343 Εύαγγὲλιον,
3081 5265 3172 5322 καὶ
3202 5265 3265 5321 τὸ
3293 5263 3347 5321 ἐν
3382 5266 3547 5319 ἅπασι
3568 5265 3833 5340 καθαρόν.

2190 5379 2213 5407 ι
2244 5360 2334 5414 Ἐν
2362 5358 2560 5432 γνώσει
2611 5354 2689 5414 δέ.
2738 5380 2766 5408 ››
2805 5360 2895 5412 Ἐν
2925 5356 3086 5433 σοφία
3112 5356 3271 5421 Θεοῦ,
3300 5358 3371 5429 τῇ
3404 5350 3577 5417 ὅντως
3604 5352 3838 5428 γνώσει,

2184 5447 2246 5502 ού
2276 5447 2514 5523 καθάπερ
2540 5448 2591 5501 οἱ
2648 5443 3106 5520 ψευδαπόστολοι,
3163 5449 3233 5518 τῇ
3291 5443 3603 5520 ἀνθρωπίνῃ
3662 5442 3837 5519 σοφίᾳ

2181 5538 2570 5612 κομπάζοντες.
2602 5568 2672 5579 -
2691 5534 2867 5592 Ἀλλο
2890 5536 3232 5611 [ΘΕΟΔΩΑ.]
3253 5536 3368 5593 Ἵνα
3397 5532 3550 5606 εἴπῃ,
3580 5530 3678 5591 Καὶ
3702 5531 3838 5607 περὶ
