4106 6196
315 375 433 436 985

1279 379 1688 438 COMMENT.
1735 381 1811 439 IN
1865 380 2108 441 EPIST.
2157 380 2208 440 Il
2253 382 2354 440 AD
2399 379 2767 440 CORINTH.

3613 378 3731 438 986

314 505 444 569 τοὺς
475 503 789 582 γνωρίμους
819 509 909 563 καὶ
939 508 1062 584 περὶ
1094 507 1224 573 τοὺς
1272 510 1584 584 ἀγνώστους
1635 509 1954 582 σπουδάζον·

2080 511 2883 578 modestiam,etexibibitum
2917 510 3044 566 sine
3068 516 3308 583 sumptu
3339 513 3728 586 evangelium,

320 617 408 660 τες
472 597 609 651 εἶναι
674 597 1019 672 μακρόθυμοι
1069 599 1157 652 καὶ
1223 600 1480 673 χρηστοί.
1533 601 1610 656 Τὸ
1666 602 1770 677 γάρ
1812 602 1973 678 ἀγνό-

317 706 469 757 τητι,
496 688 687 762 ἀγνοιᾳ
719 685 885 763 λέγει,
920 687 1048 743 ούχί
1081 687 1286 762 ἀγνείᾳ.
1321 721 1389 730 —
1414 688 1621 745 ’¹Αλλο.
1671 690 1973 766 Ἀγνότητα

320 775 494 854 λέγει,
522 778 622 846 τὴν
654 782 761 832 τῶν
793 777 1098 852 χρημάτων
1134 779 1452 853 ὑπεροψίαν.
1523 777 1664 838 Οὐδὲ
1715 782 1818 857 γάρ
1875 783 1971 845 τὰς

321 865 610 941 ἀναγκαίας
653 866 843 946 χρείας
872 867 1015 941 παρά
1048 868 1347 942 Κορινθίων
1379 865 1611 938 ἐδέξατο.
1662 874 1862 924 Γνῶσιν
1892 868 1968 942 δὲ,

319 956 396 1017 ὡς
423 957 607 1028 οἶμαι,
639 957 739 1024 τήν
769 953 1140 1013 διδασκαλίαν.
1174 982 1201 1010 ι(
1226 959 1312 1012 Ἐν
1345 959 1710 1034 μακροθυμίᾳ.
1745 983 1773 1010 ››
1809 958 1969 1016 Ἀδα-

321 1045 579 1120 μαντίνης
613 1043 782 1100 δεῖται
815 1050 1025 1122 ψυχῆς,
1066 1048 1128 1103 τὸ
1185 1046 1444 1112 πάντοθεν
1505 1047 1825 1122 νυσσόμενον
1889 1052 1965 1124 μή

319 1136 487 1210 μόνον
525 1137 923 1211 μακροθυμεῖς,
955 1135 1102 1192 ἀλλά
1129 1136 1219 1192 καὶ
1269 1137 1684 1211 χρηστεύεσθαι.
1718 1162 1746 1190 α
1777 1134 1966 1214 Ὑϐρι-

317 1223 536 1298 ζόμενοι
572 1225 700 1300 γάρ,
731 1225 917 1302 φησὶν,
951 1222 1310 1301 εύλογοῦμεν.
1343 1250 1372 1278 ››
1404 1259 1475 1269 -
1505 1250 1534 1278 ‹‹
1577 1227 1664 1284 Ἐν
1695 1229 1966 1303 Πνεύματι

315 1313 478 1388 ἁγίῳ.
514 1338 542 1366 ››
609 1314 742 1369 Εἶτα
794 1312 1025 1369 δείκνυσι
1084 1315 1244 1371 πόθεν
1301 1321 1550 1380 τοιοῦτος
1596 1319 1841 1394 γέγονεν.
1879 1320 1968 1375 Ἑν

316 1402 610 1476 Πνεύματι,
671 1404 862 1481 φησὶν,
920 1403 1066 1468 ὄντες
1127 1401 1529 1479 διετελέσαμεν.
1589 1408 1726 1465 Τότε
1783 1405 1840 1463 δὲ
1867 1411 1966 1479 την

311 1495 410 1546 τοῦ
443 1493 750 1566 ῐΙνεύματος
777 1494 984 1548 τέθεικε
1038 1495 1314 1569 βοήθειαν,
1375 1495 1500 1551 ὅταν
1547 1497 1612 1551 τὰ
1664 1499 1791 1572 παρ’
1843 1499 1963 1553 ὲαυυ

311 1585 409 1637 τοῦ
441 1584 865 1659 συνεισήνεγκεν.
909 1609 936 1638 ι
975 1584 1062 1640 Ἑν
1096 1581 1278 1660 ἀγάπῃ
1321 1586 1690 1661 ἀνυποκρίτῳ.
1726 1611 1754 1639 ))
1786 1590 1963 1645 Τοῦτο

311 1669 375 1724 τὸ
403 1670 615 1726 πάντων
645 1669 822 1727 αἴτιον
859 1678 970 1728 τῶν
1003 1673 1246 1750 ἀγαθῶν.
1288 1677 1466 1731 Τοῦτο
1521 1681 1771 1731 τοιοῦτον
1801 1677 1961 1732 αὐτὸν

312 1759 616 1836 εἰργάσατο,
671 1766 833 1817 τοῦτο
881 1762 945 1817 τὸ
1004 1765 1218 1837 Πνεῦμα
1279 1761 1456 1837 μένειν
1499 1765 1770 1836 ἐποίησεν.
1810 1789 1836 1820 α
1873 1768 1960 1824 Ἐν

2078 608 2486 674 servatamque
2509 603 2570 656 in
2590 602 2873 657 omnibus
2892 603 3230 672 puritatem.
3260 623 3286 650 «ι
3320 602 3381 656 1η
3406 603 3670 658 scientia.
3701 627 3727 654 »

2079 693 2146 748 In
2177 693 2276 749 Dei
2310 693 2603 763 sapientia
2634 709 2765 762 quas
2799 708 2934 746 vera
2966 696 3057 746 est
3087 692 3376 747 scientia:
3412 708 3532 746 non
3580 693 3732 747 sicut

2079 782 2558 854 pseudoapostoli
2582 783 2681 852 qui
2701 783 2773 836 ob
2801 783 3125 836 humanam
3150 782 3501 852 sapientiem
3520 783 3729 839 cristas

2077 873 2483 945 erigebant.—
2503 872 2691 926 Aliud.
2718 876 2797 926 Ac
2822 872 2869 924 si
2903 871 3059 925 dicat
3089 887 3100 923 :
3155 873 3224 924 Et
3265 871 3422 925 circa
3469 878 3640 927 notos
3669 878 3726 926 et

2077 963 2234 1017 circa
2263 963 2495 1034 ignotos
2529 962 2793 1016 nitamur
2822 977 2930 1014 nos
2960 960 3238 1015 exhibere
3258 959 3629 1033 longanimes
3656 978 3722 1016 ac

2075 1053 2272 1108 utiles.
2329 1054 2474 1108 Nam
2526 1051 2686 1123 quod
2742 1051 2843 1115 ait,
2901 1048 2951 1103 ἐν
3009 1048 3286 1125 ἁγνότητι,
3343 1051 3455 1105 hoc
3513 1057 3621 1116 est,
3672 1049 3722 1104 ἐν

2075 1139 2284 1216 ἀγνοίᾳ,
2318 1142 2376 1197 id
2407 1147 2518 1209 est,
2553 1144 2608 1196 in
2638 1142 2984 1211 ignorantia,
3017 1147 3073 1194 et
3104 1156 3226 1193 non
3257 1139 3460 1211 ἁγνείᾳ,
3491 1140 3551 1194 id
3610 1147 3718 1209 est,

2075 1225 3322 1302 οαειίεαιενοιριινὶτητε.-Αιίιιά,ἁγνότητα,
3358 1228 3416 1282 id
3459 1234 3566 1296 est,
3601 1230 3720 1284 sin-

2073 1322 2380 1377 ceritatem
2403 1321 2545 1376 dicit
2561 1319 2946 1392 pecuniarum
2963 1319 3303 1389 despectum
3323 1334 3536 1388 ;neque
3560 1319 3719 1372 enim

2072 1428 2108 1466 a
2137 1410 2459 1466 Corinthiis
2491 1411 2550 1464 in
2582 1409 2951 1464 necessarios
2981 1425 3124 1462 usus
3155 1414 3481 1478 acceperat.
3517 1408 3721 1462 Scien-

2073 1501 2216 1557 tiam
2246 1518 2404 1567 vero,
2437 1500 2790 1561 doctrinam,
2823 1504 2888 1554 ut
2919 1499 3147 1569 opinor.
3185 1519 3212 1548 ‹‹
3243 1499 3309 1552 ΙΙΙ
3358 1497 3718 1569 longanimi-

2073 1596 2209 1646 tate.
2249 1613 2269 1639 ο
2307 1589 2702 1644 Adamantino
2729 1605 2877 1659 opus
2908 1593 3035 1642 erat
3066 1587 3286 1655 animo,
3338 1593 3403 1640 ut
3453 1587 3717 1656 undique

2071 1697 2260 1736 caesus
2277 1695 2397 1734 non
2414 1685 2642 1734 tantum
2658 1677 3151 1749 longanimis,sed
3166 1683 3223 1731 et
3236 1677 3526 1748 benignus
3541 1683 3716 1732 esset.

2072 1771 2378 1842 Siquidem
2417 1769 2852 1832 maledicimur,
2887 1769 3100 1840 inquit,
3135 1769 3238 1823 sed
3294 1767 3668 1822 bendicimus
3702 1784 3716 1820 :

311 1847 769 1945 λόγῳάληρείας.
804 1875 834 1902 ››
863 1854 1036 1926 ’Ὁπερ
1065 1852 1322 1928 ἀλλαχοῦ
1353 1876 1538 1931 φησιν,
1565 1881 1592 1908 ‹‹
1627 1855 1703 1913 Οὐ
1731 1852 1954 1910 δολοῦν-

2073 1882 2101 1910 ‹‹
2134 1863 2197 1915 In
2229 1860 2448 1932 Spiritu
2483 1864 2706 1913 sancto.
2743 1880 2770 1907 n
2804 1857 3027 1913 Deinde
3081 1856 3341 1912 ostendit
3396 1854 3557 1910 unde
3607 1856 3719 1909 hu-

308 1959 394 2001 τες
423 1939 514 1994 τὸν
557 1938 723 2015 λόγον
755 1946 856 1996 τοῦ
889 1946 1045 1998 Θεοῦ.
1081 1965 1109 1994 n
1160 1943 1294 1998 Εἶτα
1347 1945 1462 2011 καὶ,
1497 1969 1526 1997 (ι
1581 1946 1668 2002 Ἐν
1735 1943 1960 2019 δυνάμει

310 2033 468 2098 Θεοῦ,
526 2051 548 2082 ι
609 2027 681 2084 δι’
729 2030 820 2101 ἧς,
876 2032 1033 2106 φησὶ,
1090 2032 1261 2088 πάντα
1345 2035 1732 2110 πεπράχαμεν
1791 2035 1961 2092 πάντα

305 2117 408 2193 γάρ
435 2121 517 2191 τῷ
545 2123 660 2191 Θεῷ
690 2119 994 2191 ἀνατίθησι.
1029 2143 1052 2172 α
1085 2122 1184 2177 Διά
1212 2129 1319 2178 τῶν
1361 2122 1552 2178 ὅπλων
1598 2131 1700 2194 τῆς
1757 2123 1962 2181 δικαιο-

307 2206 496 2278 σύνης,
537 2212 645 2263 τῶν
677 2206 863 2280 δεξιῶν
891 2211 979 2266 καὶ
1003 2211 1320 2288 ἀριστερῶν.
1358 2238 1386 2265 ››
1432 2214 1496 2269 Εἰ
1562 2211 1823 2276 Βούλεσθε
1857 2236 1960 2288 μασ-

308 2297 439 2366 Θεῖν,
497 2297 654 2377 φησὶ,
712 2301 872 2354 πόθεν
923 2305 1094 2356 ταῦτα
1157 2304 1627 2376 κατωρθώσαμεν,
1676 2303 1959 2364 ἀκούσατε.

308 2386 406 2440 Διὰ
435 2390 544 2440 τῶν
583 2385 794 2457 ὅπλων,
853 2390 1008 2467 φησὶ,
1072 2395 1178 2446 τῶν
1249 2389 1434 2462 δεξιῶν
1493 2393 1582 2447 καὶ
1641 2393 1960 2469 ἀριστερῶν,

307 2469 460 2529 ἅτινα
491 2473 536 2529 εἰ
582 2475 669 2530 καὶ
720 2473 871 2532 δοκεῖ
926 2481 1066 2534 εἶναι
1115 2479 1325 2536 ἐναντία
1375 2481 1511 2556 πρὸς
1567 2483 1750 2550 ἑαυτὰ,
1809 2481 1959 2552 πλὴν

307 2563 453 2619 ὅπλα
484 2562 831 2638 δικαιοσύνης
862 2567 982 2626 είσί.
1017 2571 1168 2639 Δεξιά
1211 2567 1270 2624 δὲ
1327 2569 1492 2646 λὲγει,
1545 2573 1612 2626 τὰ
1669 2573 1787 2627 οἷον
1837 2571 1960 2628 ἐπι-

308 2650 453 2724 δέξια
484 2651 767 2725 δοκοῦντα,
808 2657 1053 2712 τουτέστι
1108 2660 1204 2722 τὰς
1245 2661 1388 2736 παρὰ
1439 2661 1742 2737 ἀνθρώπων
1791 2662 1959 2735 τιμὰς

306 2744 394 2798 καὶ
431 2741 607 2816 δόξας,
666 2747 757 2809 αῖς
795 2745 892 2801 οὐκ
948 2746 1318 2825 ἐφυστςθημεν,
1352 2757 1539 2830 φησίν,
1601 2749 1726 2808 οὐδὲ
1781 2751 1958 2828 ἐπήρ-

306 2843 480 2905 θημεν
511 2835 648 2909 πρὸς
680 2832 834 2906 δόξαν
863 2840 1043 2908 κενήν.
1076 2838 1174 2894 Διά
1200 2844 1360 2896 τοῦτο
1403 2842 1504 2919 γάρ
1564 2841 1710 2898 ὃπλα
1742 2840 1955 2898 δικαιο-

305 2944 470 2993 συνης
523 2925 762 3000 γέγονεν.
816 2927 1098 3004 Ἀριστερὰ
1167 2926 1242 3000 δὲ,
1303 2932 1369 2986 τὰ
1441 2933 1660 2995 τούτοις
1715 2932 1946 2991 ἐναντία.

303 3014 440 3072 Οῖον
472 3013 599 3075 τοὺς
631 3017 990 3091 πειρασμοὺς,
1049 3019 1176 3081 τοὺς
1235 3017 1536 3095 διωγμοὺς,
1595 3023 1691 3084 τὰς
1747 3019 1952 3097 ὕϐρεις,

305 3104 393 3166 οἷς
426 3103 488 3158 οὐ
519 3103 880 3178 κατεπέσαμεν
941 3103 1066 3162 οὐδὲ
1128 3110 1471 3183 ἡττήθημεν,
1529 3111 1603 3173 ὡς
1659 3111 1709 3167 εἴ
1755 3106 1954 3188 ἔλεγενο

301 3193 417 3251 Ἀεὶ
448 3193 501 3247 οἱ
530 3193 683 3249 αὐτοὶ
714 3193 1028 3270 ἐμείναμεν,
1065 3199 1204 3271 μήτε
1231 3204 1350 3262 τοῖς
1403 3199 1598 3264 καλοῖς
1653 3200 1952 3276 ἐπαιρόμε-

302 3303 409 3354 νοι,
446 3285 588 3358 μήτε
617 3290 734 3347 τοῖς
765 3293 954 3348 κακοῖς
990 3285 1420 3362 μαλακιζόμενοι
1456 3289 1700 3353 Ἄλλως.
1729 3293 1959 3365 [ΙΩΕΝ.]

304 3373 591 3448 Ἀριστερά
617 3373 779 3431 καλεῖ
826 3375 892 3430 τά
942 3373 1206 3434 δοκοῦντα
1271 3379 1401 3433 εἶναι
1461 3379 1702 3456 λυπηρά.
1775 3381 1958 3438 Καίτοι

303 3465 473 3517 ταῦτά
502 3462 614 3518 ἐστι
643 3465 709 3520 τά
763 3465 856 3520 τὸν
922 3468 1110 3539 μισθὸν
1174 3461 1396 3544 ἔχοντα.
1459 3470 1556 3525 Καὶ
1605 3470 1750 3533 τίνος
1780 3468 1956 3526 ἕνεκεν

304 3554 478 3616 οὕτως
510 3555 645 3610 αύτᾶ
673 3556 834 3612 καλεῖ
865 3577 879 3626 ;
910 3559 978 3615 Ἢ
1011 3560 1144 3614 κατά
1173 3562 1272 3630 τήν
1330 3561 1608 3637 ὑπόληψιν
1664 3568 1772 3618 τῶν
1814 3562 1959 3618 πολ-

305 3641 442 3714 λῶν,
474 3641 509 3712 ἤ
542 3643 728 3715 ἐπειδὴ
762 3645 1034 3703 ἐκέλευσεν
1082 3649 1109 3703 ὁ
1171 3650 1318 3718 Θεὸς,
1352 3647 1601 3726 εὔχεσθαι
1663 3654 1738 3726 μή
1783 3651 1955 3708 εἰσελ-

303 3735 412 3787 Θεῖν
446 3733 521 3793 εἰς
545 3735 866 3808 πειρασμόν.
903 3761 930 3789 ‹‹
961 3738 1058 3792 Διά
1089 3735 1252 3811 δόξης
1293 3740 1384 3795 καὶ
1449 3741 1690 3813 ἀτιμίας.
1729 3765 1754 3796 ν
1822 3744 1956 3801 Εἶτα

304 3819 450 3895 λέγει
509 3822 762 3898 ἀριστερά
815 3827 902 3881 καὶ
960 3824 1123 3901 δεξιά.
1187 3831 1287 3886 Καὶ
1355 3828 1476 3904 δρα,
1529 3831 1624 3894 τὰς
1665 3833 1809 3907 παρά
1860 3832 1958 3886 ἀν-

304 3909 537 3986 θρώπων
570 3911 744 3968 αὐτῶν
799 3918 1214 3993 προσαγομένας
1270 3920 1456 3992 τιμὰς,
1517 3919 1595 3982 εἷς
1635 3921 1837 3977 οἶκεῖον
1868 3924 1954 3978 τὲ·

303 4009 445 4064 θεικε
477 4003 826 4078 κατόρθωμα.
859 4003 992 4062 Οἵδε
1022 4007 1125 4084 γάρ
1157 4006 1218 4062 ὅν
1280 4007 1415 4085 μέγα
1477 4013 1552 4083 μή
1597 4010 1800 4066 ἁλῶναι
1857 4012 1951 4067 τύ-

299 4110 383 4169 φῳ
413 4085 503 4145 διὰ
534 4092 630 4152 τὰς
659 4095 848 4166 τιμάς.
883 4119 912 4146 ‹‹
942 4097 1031 4157 Ὦς
1060 4095 1282 4165 πλάνοι,
1316 4100 1403 4154 καὶ
1435 4098 1682 4170 ἀληθεῖς,
1720 4125 1747 4152 ››
1780 4099 1952 4157 Αὖται

298 4180 350 4234 αί
384 4179 651 4258 εὐφημίαι
683 4182 775 4238 καὶ
819 4181 1144 4264 δυσφημίαι.
1208 4208 1239 4242 ιι
1288 4193 1373 4250 Ὡς
1429 4189 1807 4265 ἀγνοούμενοι,
1862 4191 1951 4246 καὶ

297 4266 807 4344 ἆπιγινωσκόμενοι.
845 4297 871 4324 ››
924 4277 1098 4331 Τοῦτό
1157 4276 1266 4331 ἐστι
1323 4277 1414 4332 καὶ
1473 4276 1634 4350 δόξης
1684 4280 1776 4334 καὶ
1836 4281 1953 4334 ἀτι-

300 4359 451 4432 μίας.
510 4362 643 4423 Τοῖς
702 4362 798 4436 μὶν
856 4364 959 4438 γὰρ
1018 4364 1287 4440 γνώριμοί
1344 4385 1403 4419 τε
1452 4367 1588 4435 ἦσαν
1662 4368 1751 4422 καὶ
1803 4387 1953 4444 περι-

297 4448 651 4519 σπούδαστοι,
686 4452 739 4506 οἱ
771 4448 828 4507 δὲ
875 4450 1005 4509 οὐδὲ
1062 4452 1254 4508 εἰδέναι
1312 4453 1506 4516 αὐτοὺς
1563 4455 1768 4526 ἠξίουν.
1808 4482 1827 4506 α
1862 4458 1951 4520 Ὠς

293 4538 749 4610 ἀποθνήσκοντες.
817 4565 844 4592 ››
905 4543 1053 4598 Κατά
1120 4544 1218 4612 τὴν
1279 4541 1623 4619 σφοδρότητα
1679 4546 1767 4600 καὶ
1849 4547 1948 4615 τήν

2061 1950 2326 2022 jusmodi
2357 1949 2536 2004 fuerit
2565 1949 2820 2003 animus.
2853 1948 2920 2001 In
2951 1946 3190 2017 Spiritu,
3215 1945 3429 2015 inquit,
3463 1945 3581 1999 sive
3614 1962 3719 2016 per

2070 2039 2350 2110 Spiritum
2409 2037 2932 2110 perseveravimus.
2992 2037 3153 2090 Tunc
3213 2042 3412 2089 autem
3466 2035 3717 2106 Spiritus

2068 2129 2351 2184 auxilium
2382 2128 2597 2200 posuit,
2631 2143 2766 2182 cum
2799 2142 2867 2181 ea
2897 2125 3144 2180 adduxit
3174 2141 3305 2194 quae
3365 2140 3470 2178 sua
3527 2130 3711 2179 erant.

2068 2241 2097 2270 «
2131 2219 2197 2273 In
2227 2218 2514 2273 charitate
2545 2233 2666 2272 non
2699 2215 2996 2271 simulata.
3031 2240 3054 2264 ››
3089 2215 3205 2268 Hoc
3234 2219 3586 2268 cunctorum
3628 2218 3719 2268 est

2067 2328 2246 2368 causa
2275 2311 2588 2377 honorum,
2624 2310 2735 2364 hoc
2767 2309 2946 2363 talem
3008 2307 3204 2378 ipsum
3267 2305 3542 2370 reddidit,
3605 2306 3716 2361 hoc

2067 2401 2351 2472 Spiritum
2381 2415 2624 2453 manere
2655 2398 2813 2452 fecit.
2850 2419 2877 2446 «
2906 2399 2969 2450 In
3002 2412 3278 2450 sermone
3340 2395 3620 2449 veritatis.
3686 2416 3713 2443 »

2066 2489 2234 2554 Quod
2289 2488 2430 2543 alibi
2489 2487 2676 2544 dicit:
2737 2489 2863 2542 Non
2920 2485 3056 2540 dolo
3116 2489 3442 2539 tractantes
3472 2483 3711 2538 verbum

2066 2579 2167 2634 Dei
2198 2577 2263 2634 ‘3.
2299 2599 2328 2627 »
2360 2577 2580 2633 Deinde
2613 2577 2790 2631 etiam
2826 2593 2838 2629 :
2873 2599 2898 2624 «
2938 2575 3002 2630 In
3031 2575 3296 2646 potentia
3356 2573 3477 2638 Dei,
3530 2595 3558 2622 ››
3610 2591 3715 2642 per

2066 2683 2244 2738 quam
2277 2668 2498 2734 omnia,
2531 2666 2744 2736 inquit,
2781 2665 3006 2735 operati
3040 2680 3265 2728 sumus,
3300 2663 3502 2716 omnia
3550 2662 3710 2714 enim

2066 2759 2183 2814 Deo
2214 2758 2503 2814 attribuit.
2544 2775 2565 2804 ι
2599 2758 2710 2810 Per
2738 2771 2903 2808 arma
2951 2754 3201 2823 justitiaa
3259 2751 3464 2806 dextra
3522 2767 3588 2804 ac
3638 2750 3712 2803 si-

2062 2848 2269 2903 nistra.
2309 2870 2330 2897 ι
2368 2847 2424 2900 Si
2455 2845 2650 2910 vultis,
2677 2845 2891 2915 inquit,
2924 2843 3150 2897 discere
3180 2840 3338 2895 unde
3369 2845 3470 2895 aut
3492 2839 3707 2910 quibus

2061 2937 2274 2992 mediis
2306 2937 2430 2991 hinc
2462 2935 2616 2989 bona
2673 2933 3029 3004 peregimus,
3090 2930 3308 2985 audite.
3372 2931 3482 2984 Per
3541 2944 3708 2984 arma

2054 3026 2304 3098 justitiaa
2333 3025 2535 3080 dextra
2558 3039 2626 3078 ac
2652 3022 2896 3077 sinistaa
2924 3037 3088 3090 :qua:
3113 3019 3220 3074 etsi
3246 3019 3404 3073 inter
3425 3036 3485 3073 se
3505 3019 3711 3072 viden-

2061 3120 2158 3170 tur
2187 3113 2507 3178 contraria,
2543 3118 2740 3167 tamen
2771 3126 2936 3166 arma
2966 3109 3216 3179 justitim
3279 3114 3436 3164 sunt.
3498 3110 3713 3162 Dextra

2065 3204 2564 3276 autemdicitquaa
2583 3209 2866 3272 tanquam
2882 3200 3089 3255 dextra
3127 3199 3418 3266 videntur,
3465 3200 3575 3252 hoc
3607 3205 3714 3265 est,

2065 3296 2326 3350 honores
2359 3299 2418 3348 et
2446 3291 2916 3349 existimationes
2947 3289 3103 3361 apud
3135 3288 3408 3343 homines
3437 3305 3448 3341 :
3483 3288 3554 3342 ob
3587 3306 3717 3358 qua)

2065 3402 2186 3441 non
2208 3384 2684 3447 intumescimus,
2706 3381 2920 3452 inquit,
2946 3395 3140 3450 neque
3159 3378 3296 3432 elati
3316 3383 3418 3433 aut
3437 3394 3718 3449 arrogan-

2066 3481 2153 3530 tes
2177 3475 2315 3530 facti
2335 3490 2540 3528 sumus
2563 3473 2637 3528 ad
2662 3473 2902 3527 inanem
2920 3469 3186 3541 gloriam.
3217 3470 3536 3538 Propterea
3579 3483 3716 3538 ergo

2062 3581 2229 3621 arma
2247 3563 2496 3635 justitim
2527 3563 2680 3618 facta
2711 3565 2848 3616 sunt
2883 3576 2896 3624 ;
2931 3559 3174 3614 sinistra
3229 3573 3362 3611 vero
3423 3573 3555 3627 qua)
3622 3556 3716 3610 his

2063 3655 2364 3711 contraria
2394 3659 2553 3720 sunt,
2584 3657 2788 3723 utpote
2820 3649 3203 3710 tentationes,
3247 3665 3334 3717 po:
3387 3647 3713 3713 ecutionr‘s,

2062 3745 2315 3817 injurias
2349 3744 2564 3812 quibus
2587 3758 2707 3797 non
2740 3756 2945 3795 sumus
2978 3736 3338 3792 consternati
3373 3749 3564 3803 neque
3612 3734 3714 3786 de-

2059 3836 2218 3902 victi,
2241 3851 2309 3890 ac
2333 3835 2381 3889 si
2405 3834 2659 3890 diceret:
2713 3831 2956 3900 Semper
2993 3826 3172 3879 iidem
3224 3823 3575 3885 mansimus,
3607 3837 3714 3875 ne-

2059 3942 2174 3997 que
2191 3924 2492 3997 prosperis
2507 3921 2866 3989 elati,neque
2882 3914 3144 3970 adversis
3158 3911 3460 3966 molliores
3497 3910 3711 3979 eﬂ‘ecti,

2057 4011 2603 4070 —Aliomod0648
2619 4009 2866 4066 Sinistra
2905 4009 3073 4059 vocat
3110 4019 3242 4074 qua)
3286 4001 3561 4056 videntur
3583 4016 3711 4056 esse

2060 4107 2270 4162 tristia.
2305 4104 2415 4159 Sed
2447 4119 2582 4158 cum
2610 4101 2737 4155 hinc
2770 4095 3104 4153 mercedem
3167 4094 3447 4160 habeant,
3509 4111 3615 4148 cur
3645 4109 3714 4148 ea

2058 4197 2170 4251 hoc
2182 4193 2360 4250 modo
2377 4191 2676 4264 appellat?
2690 4190 2980 4260 Autjuxta
3002 4185 3324 4240 multorum
3341 4183 3684 4254 opinionem
3698 4223 3712 4248 ,

2057 4276 3029 4354 autquiajussitnosDeusprecari
3077 4293 3153 4329 ne
3193 4272 3616 4328 induceremur
3648 4271 3711 4324 in

2054 4378 2444 4429 tentatlonem
2455 4371 2518 4423 ‘9.
2535 4368 2936 4441 «Pergloriam
2953 4361 3435 4437 etignominiam.
3448 4358 3704 4415 nDeinde

2055 4461 2543 4518 recensetdextra
2555 4477 2621 4515 ac
2637 4459 2897 4514 sinistra.
2912 4459 2980 4510 Et
2994 4453 3306 4510 considera
3325 4450 3483 4522 quod
3515 4450 3705 4504 hono-

2055 4567 2150 4608 res
2181 4553 2279 4624 qui
2315 4551 2386 4607 ab
2419 4549 2764 4607 hominibus
2795 4547 3145 4606 afferuntur,
3179 4543 3240 4598 in
3273 4541 3580 4613 proprium
3605 4538 3704 4593 bo-

291 4627 533 4697 σπουδήν
560 4634 670 4684 τῶν
702 4629 1092 4704 πολεμούντων
1121 4635 1274 4704 ἡμῖν.
1313 4657 1341 4686 «
1373 4634 1478 4690 Καὶ
1529 4631 1650 4690 ἰδοὺ
1679 4640 1878 4711 ζῶμεν.
1914 4662 1936 4691 ι

2063 4659 2194 4698 num
2229 4659 2375 4714 opus
2406 4647 2699 4698 numerat.
2734 4637 2906 4694 Novit
2936 4636 3097 4690 enim
3129 4638 3351 4704 quanta
3381 4647 3474 4685 res
3490 4630 3702 4684 sitnon

290 4720 434 4774 Κατά
461 4722 563 4790 τήν
595 4716 823 4795 δύναμιν
871 4726 968 4777 τοῦ
1023 4727 1178 4780 Θεοῦ.
1237 4748 1265 4777 ‹‹
1321 4730 1409 4788 Ὠς
1466 4723 1938 4802 παιδευόμενοι.»

288 4808 466 4863 Ταῦτα
500 4805 768 4886 δὲ,φησέ,
827 4813 1128 4887 συνεχώρει
1179 4815 1208 4869 ὁ
1266 4814 1419 4880 Θεὸς,
1478 4813 1752 4872 παιδεύων
1818 4817 1936 4890 μὶν,

292 4893 352 4949 οὗ
396 4897 503 4969 μὴν
536 4896 672 4973 ἄχρι
701 4899 932 4964 θανᾶτου
966 4901 1479 4978 ἐγκαταλιμπάνων,
1517 4929 1538 4957 ι
1597 4910 1684 4968 Ὦς
1730 4905 1937 4961 λυπού.

295 5002 466 5076 μενοι.
514 5009 544 5039 »
601 4990 755 5063 Παρά
814 4990 908 5063 μὲν
962 4997 1083 5054 τοῖς
1137 4990 1326 5064 ἔξωθεν
1382 4992 1435 5065 ἐξ
1501 4997 1574 5050 ὧν
1624 4995 1935 5076 πάσχομεν,

290 5071 516 5147 ἀθυμεῖν
547 5079 908 5152 νομιζόμεθα,
942 5081 1023 5136 ἀεὶ
1056 5079 1113 5136 δὲ
1161 5083 1249 5137 καὶ
1290 5081 1374 5158 ἐφ’
1429 5084 1658 5158 ἑκάστῳ,
1691 5071 1940 5141 ἀδίαλεί-

290 5184 438 5255 πτως
468 5165 776 5241 χαίροντες.
813 5171 954 5245 Ὀρα
996 5174 1095 5242 τήν
1155 5173 1314 5247 ἁγίαν
1370 5176 1579 5255 ψυχήν.
1635 5176 1712 5234 Οὐ
1769 5179 1934 5252 μόνον

288 5251 441 5332 ἔφερε
469 5257 598 5317 τοὺς
630 5258 966 5332 πειρασμοὺς
1024 5262 1306 5337 γενναίως,
1365 5251 1510 5320 ἀλλά
1567 5266 1655 5320 καὶ
1717 5259 1934 5342 ἔχαιρεν

287 5341 368 5398 ἐπ’
419 5345 630 5418 αὐτοῖς,
686 5345 846 5409 εἰδὼς
907 5346 996 5405 διά
1049 5352 1140 5407 τὸν
1197 5353 1430 5429 Χριστὸν
1479 5355 1731 5430 πάσχειν.
1791 5380 1812 5407 ι
1847 5341 1936 5418 Ὦς

286 5434 528 5522 πτωχοί.
549 5459 576 5486 ››
608 5435 993 5510 Διετελὲσαμεν
1023 5439 1098 5502 ὡς
1127 5443 1372 5522 πτωχοὶ,
1390 5442 1638 5507 πολλοὺς
1662 5444 1716 5500 δὲ
1736 5443 1933 5500 ἄπλους

288 5521 513 5598 τίσαμεν
551 5525 586 5594 ἢ
616 5531 960 5600 πνευματικῷ
1017 5521 1334 5602 πλούτῳ
1393 5533 1484 5587 καὶ
1537 5531 1798 5610 σαρκικῷ.
1849 5536 1932 5594 Εἴ.

356 5694 398 5730 ⁵⁸
427 5696 474 5750 II
507 5697 636 5753 Cor.
671 5714 742 5766 ιν,
777 5701 828 5752 2.
864 5697 906 5733 ‘9
937 5698 1135 5756 Matth.
1171 5715 1240 5770 γι,
1273 5703 1325 5755 9.

2054 4734 2181 4805 capi
2213 4733 2369 4790 fastu
2401 4731 2474 4787 ob
2506 4729 2804 4786 exhibitos
2836 4727 3112 4781 honores.
3156 4747 3172 4770 α
3207 4722 3380 4786 Quasi
3415 4720 3704 4790 imposte-

2050 4841 2167 4889 res,
2202 4822 2303 4879 sed
2333 4837 2591 4877 veraces.
2623 4841 2649 4869 »
2684 4833 2901 4888 nempe
2933 4831 3038 4887 per
3069 4812 3275 4868 la'u‘les
3303 4817 3361 4866 et
3397 4809 3698 4865 infamias.

2050 4911 2269 4977 «Quasi
2300 4910 2504 4982 ignoti,
2527 4908 2625 4964 sed
2647 4908 2792 4962 noli.
2820 4928 2846 4954 ››
2873 4907 2990 4960 Hoc
3041 4903 3217 4957 etiam
3269 4906 3358 4955 est
3411 4899 3612 4971 gloriae
3647 4905 3705 4952 et

2049 4998 2778 5076 ignominiar.Quibusdum
2796 4997 2955 5051 enim
2973 4994 3094 5049 noti
3111 5009 3163 5048 e:
3183 4998 3360 5047 tintac
3375 4991 3699 5063 plurimum

2049 5073 2121 5148 ab
2154 5093 2274 5147 illis
2307 5089 2807 5154 observabantur;
2841 5087 2942 5142 alii
2974 5101 3107 5141 vero
3137 5099 3212 5139 ne
3246 5098 3419 5138 nosse
3457 5073 3726 5152 quidem‘

2050 5182 2210 5254 ipsos
2242 5180 2656 5254 dignabantur.
2695 5199 2722 5228 ιι
2753 5177 2928 5242 Quasi
2961 5174 3307 5230 morientes.
3344 5197 3366 5226 ι
3406 5172 3462 5226 Si
3521 5171 3698 5226 vehe-

2048 5269 2330 5325 mentiam
2364 5268 2638 5323 videlicet
2663 5282 2729 5322 ac
2762 5270 3039 5321 conatum
3071 5268 3302 5334 spectes
3335 5276 3540 5315 eorum
3595 5257 3695 5328 qui

2046 5359 2219 5414 nobis
2250 5359 2656 5414 adversantur.
2693 5378 2720 5405 «
2758 5355 2867 5410 Sed
2899 5370 3034 5409 ecce
3059 5353 3320 5406 vivimus.
3351 5378 3374 5401 ››
3398 5351 3475 5403 Ex
3497 5348 3698 5403 divina

2046 5449 2332 5521 potentia.
2367 5471 2394 5498 ‹‹
2432 5448 2607 5514 Quasi
2639 5445 2914 5517 correpti.
2950 5466 2978 5493 »
3011 5445 3143 5498 Haec
3175 5449 3374 5497 autem
3405 5436 3697 5511 permittit

2046 5538 2557 5612 Deus,corripiens
2575 5537 2813 5610 quidem
2827 5553 2893 5592 ac
2906 5533 3185 5590 erudiens
3206 5547 3336 5598 nos,
3361 5544 3478 5584 non
3492 5534 3690 5582 tamen
