4106 6196
397 416 514 477 987

1534 409 1948 472 (ECUMENII
1994 411 2296 472 TBlCC/E
2340 412 2692 474 EPISCOPI

3695 413 3827 474 988

399 565 588 621 usque
619 546 692 602 ad
724 547 974 600 mortem
1008 541 1452 614 derelinquens.
1476 565 1500 592 ‹‹
1523 542 2042 608 Quasidolentes.»

2161 561 2262 617 χον
2295 543 2398 619 γάρ
2425 544 2522 605 τὰς
2572 543 2822 599 ἁπάντων
2880 541 3228 618 ἀνεῳγμένας
3289 543 3483 612 οίκίας,
3545 546 3824 608 ποιούσας

399 635 570 709 Apud
600 640 911 689 extraneos
943 631 1180 704 quidem
1213 639 1456 704 propter
1485 632 1588 688 illa
1617 651 1748 704 quae
1796 633 2056 706 patimur

397 728 596 784 dolere
615 725 1310 794 existimamur:semper
1350 729 1548 778 tamen
1590 731 1648 779 et
1686 726 1745 780 in
1773 725 2050 780 omnibus

397 815 678 873 continue
710 813 1058 886 gaudemus.
1096 813 1234 868 Vide
1265 819 1526 868 sanctam
1567 815 1732 869 Pauli
1755 815 2043 870 animam.

395 909 521 963 Non
536 906 728 961 solum
746 905 1102 961 tentationes
1126 904 1842 964 vixiliterfcrebat.verum
1871 907 2048 961 etiam

399 999 459 1052 in
474 997 620 1068 ipsis
639 995 1152 1067 gaudebat,sciens
1165 993 1323 1064 quod
1337 1001 1578 1066 propter
1597 994 1896 1050 Christum
1946 995 2050 1050 illa

396 1092 718 1158 pateretur.
743 1109 767 1134 α
804 1084 978 1149 Quasi
1003 1100 1314 1155 pauperes.
1347 1106 1366 1132 ο
1395 1083 1851 1138 Perduravimus
1879 1085 2048 1156 quasi

2163 633 2196 686 ἅ
2236 631 2554 707 βούλονται.
2589 659 2615 686 ‹‹
2644 637 2735 695 Ὠς
2778 629 2948 707 μηδὲν
2983 631 3232 707 ἔχοντες.
3261 653 3292 686 ι)
3325 630 3496 690 Οὐδὲν
3530 635 3632 709 γάρ
3668 633 3829 708 ἔχων

2158 721 2225 776 τά
2263 723 2478 778 πάντων
2523 723 2663 798 εἶχε.
2710 726 2792 796 Τῇ
2847 723 2950 798 γὰρ
3007 723 3316 797 οὐκουμένῃ
3378 721 3686 780 ἐπέταττεν.
3753 723 3826 780 ΕΞ

2161 807 2384 866 δυνατὸν
2413 811 2540 886 γὰρ,
2573 812 2729 890 φησὶ,
2775 812 2901 873 τοὺς
2968 810 3286 890 ὀφθαλμοὺς
3346 810 3684 882 ἐξορύξαντες
3748 811 3822 866 ἂν

2159 899 2396 958 ἐδώκατὲ
2440 925 2553 976 μοι.
2633 905 2749 960 Ἐνι
2783 900 2840 958 δὲ
2887 904 2975 958 καὶ
3035 904 3160 979 περὶ
3212 909 3591 975 πνευματικῶν
3641 909 3827 958 ταῦτα

2158 1000 2371 1064 νοῆσαι.
2402 996 2464 1052 Ὀ
2513 994 2616 1072 γὰρ
2673 994 3000 1068 ἀπορρήτων
3059 994 3270 1049 ἀκούων
3338 993 3624 1071 ῥημάτων,
3694 999 3828 1056 πῶς

2162 1084 2294 1158 οὐχὶ
2323 1085 2540 1139 πάντων
2568 1084 2979 1158 πλουσιώτερος
3010 1085 3076 1153 ἦν
3111 1102 3124 1152 ;

395 1175 654 1232 mendici
687 1192 699 1229 :
733 1174 836 1230 sed
864 1174 1082 1229 multos
1114 1173 1450 1234 ditavimus.
1481 1179 1580 1228 aut
1609 1173 2020 1244 spiritualibus
2052 1174 2293 1237 divitiis.
2327 1181 2428 1231 aut
2459 1177 2636 1230 etiam
2686 1175 2958 1231 terrenis.
3020 1174 3322 1246 Siquidem
3376 1175 3645 1232 omnium
3703 1177 3824 1231 ha-

395 1265 616 1320 bebant
644 1270 878 1336 apertas
910 1264 1119 1319 domos
1151 1263 1268 1317 sive
1299 1261 1577 1329 familias,
1607 1279 1737 1334 qua)
1770 1262 2068 1318 faciebant
2097 1265 2388 1336 quidquid
2413 1265 2695 1336 juberent
2721 1265 2996 1336 apostoli.
3037 1283 3059 1312 ι
3095 1265 3272 1331 Quasi
3293 1265 3443 1320 nihil
3464 1265 3826 1321 habentes.»

393 1358 537 1411 Nam
569 1354 717 1409 nihil
751 1353 966 1408 habeat
999 1369 1012 1407 :
1048 1357 1344 1423 praecepta
1375 1351 1534 1406 enim
1568 1351 1696 1406 orbi
1727 1351 1925 1408 dabat.
1956 1353 2188 1408 Etenim
2221 1354 2267 1408 si
2302 1354 2450 1422 fieri,
2479 1355 2692 1426 inquit,
2721 1355 3034 1426 potuisset,
3063 1355 3266 1410 oculos
3297 1360 3523 1410 vestros
3553 1356 3819 1410 effossos

396 1443 709 1499 dedissetis
739 1441 908 1496 mihi.
942 1440 1100 1495 Licet
1131 1446 1329 1495 autem
1363 1446 1420 1494 et
1451 1441 1576 1494 haec
1605 1439 1676 1494 de
1709 1440 2118 1511 spiritualibus
2149 1442 2438 1514 accipere.
2471 1444 2580 1509 Qui
2611 1443 2772 1498 enim
2803 1459 3023 1499 arcana
3055 1443 3232 1498 verba
3265 1442 3534 1498 audierat
3587 1442 3656 1512 5°,
3713 1461 3832 1499 an-

394 1549 513 1588 non
547 1531 812 1586 omnium
844 1530 1175 1585 ditissimus
1202 1535 1330 1585 erat
1350 1530 1377 1584 Ἰ

470 1620 556 1682 Vl,
596 1621 659 1672 14
698 1621 780 1672 16.
818 1618 884 1673 Os
914 1623 1160 1672 nostrum
1215 1623 1469 1687 apertum
1528 1623 1604 1672 est
1665 1633 1800 1686 erga
1856 1633 1966 1684 vos,
2016 1633 2050 1671 o

396 1708 689 1770 Corinthii,
723 1722 813 1761 cor
842 1711 1088 1760 nostrum
1120 1706 1418 1760 dilatatum
1450 1711 1528 1760 est
1560 1723 1580 1758 .·
1608 1721 1722 1760 ηοη
1778 1707 1902 1760 estis
1944 1722 2048 1760 an-

393 1797 812 1868 gustiinnobis,
848 1797 942 1851 sed
962 1797 1183 1865 angusti
1235 1797 1362 1850 estis
1407 1795 1465 1848 in
1509 1796 1804 1849 visceribus
1833 1797 2044 1851 vestris.

392 1887 657 1944 Eamdem
685 1892 864 1940 autem
892 1886 1409 1952 remunerationem,
1435 1890 1495 1938 ut
1517 1883 1650 1952 ﬁliis
1691 1884 1814 1939 dico
1839 1901 1851 1938 :
1887 1884 2046 1938 Dila-

2231 1617 2308 1675 Τὸ
2357 1617 2531 1690 στόμα
2597 1619 2758 1689 ἡμῶν
2815 1616 3022 1695 ἀνέῳγε
3077 1619 3215 1692 πρὸς
3274 1619 3435 1692 ὑμᾶς,
3504 1616 3822 1692 Κορίνθιοι,

2157 1707 2192 1774 ἡ
2296 1703 2492 1779 καρδία
2591 1708 2753 1780 ἡμῶν
2786 1704 3180 1765 πεπλάτυνται.
3232 1707 3309 1764 Οὐ
3387 1711 3828 1782 στενοχωρεῖσθε

2158 1793 2209 1849 ἐν
2251 1797 2407 1870 ἡμῖν,
2482 1795 2904 1867 στενοχωρεῖσθε
3007 1793 3064 1850 δὲ
3168 1795 3221 1850 ἐν
3281 1802 3397 1858 τοῖς
3467 1797 3828 1872 σπλάγχνοις

2160 1884 2336 1957 ὑμῶν.
2405 1886 2522 1954 Τὴν
2583 1882 2639 1939 δὲ
2686 1884 2855 1953 αὐτὴν
2912 1885 3250 1956 ἀντιμισθίαν
3309 1885 3384 1948 ὡς
3444 1887 3658 1950 τεκνοις
3723 1885 3829 1941 λέ-

395 1976 588 2032 temini
617 1983 670 2030 et
699 1991 811 2040 vos,
842 1991 911 2030 ne
943 1974 1227 2030 declinetis
1257 1975 1329 2028 ad
1360 1975 1688 2030 incredulos.
1717 1975 1870 2038 Quod
1899 1976 2042 2029 enim

2157 1996 2261 2052 γω,
2347 1972 2694 2045 πλατύνθητε
2777 1975 2867 2030 καὶ
2927 1975 3103 2047 ὑμεῖς,
3165 1977 3240 2050 μή
3304 1975 3512 2052 γίνεσθε
3568 1977 3832 2046 ἑτεροζυ-

395 2068 729 2122 consortium
749 2067 986 2135 justitiae
1017 2080 1135 2119 cum
1163 2063 1460 2132 iniquitate
1479 2065 1507 2117 ἶ)
1536 2070 1633 2118 aut
1661 2078 1790 2134 quae
1807 2079 2050 2118 commu-

392 2158 488 2210 nio
520 2156 629 2210 luci
659 2155 732 2208 ad
759 2155 1006 2209 tenebras
1037 2157 1065 2208 ?
1095 2161 1192 2207 aut
1223 2169 1344 2222 qua
1374 2154 1674 2209 concordia
1706 2153 1920 2208 Christo
1973 2154 2048 2208 ad

395 2244 574 2299 Belial
600 2246 628 2298 ?
658 2249 753 2298 aut
783 2260 905 2313 quer
930 2258 1064 2313 pars
1093 2243 1170 2312 ﬁd
1184 2242 1254 2296 eli
1279 2259 1402 2296 cum
1435 2243 1648 2311 inﬁdeli
1674 2245 1702 2296 ?
1758 2249 1855 2297 aut
1911 2241 2051 2312 quid

392 2335 644 2389 convenit
676 2332 878 2403 templo
901 2333 999 2386 Dei
1025 2348 1146 2386 cum
1177 2331 1338 2386 idolis
1359 2333 1386 2384 ?

466 2519 621 2573 644
656 2518 761 2573 Ubi
792 2519 1033 2590 propria
1066 2515 1358 2588 percurrit
1386 2514 1731 2578 certamina,
1766 2514 1926 2568 venit
1970 2513 2046 2569 ad

391 2623 723 2663 sermonem
756 2607 827 2663 de
855 2604 1323 2669 conversatione,
1364 2603 1612 2674 vitasque
1644 2602 1892 2656 ratione.
1920 2602 2043 2656 Pri-

389 2714 553 2754 mum
584 2703 784 2754 autem
815 2696 1027 2750 nititur
1056 2691 1414 2765 persuadere
1445 2690 1605 2763 quod
1629 2691 1886 2764 amplius
1906 2691 2042 2747 illos

396 2786 670 2860 diligens.
707 2786 905 2840 minus
935 2782 1234 2853 diligatur,
1269 2786 1329 2836 et
1357 2780 1441 2835 ait
1471 2797 1486 2835 :
1548 2803 1575 2830 ‹‹
1637 2781 1712 2836 Os
1769 2787 2041 2836 nostrum

393 2883 664 2948 apertum
697 2878 802 2927 est.
838 2893 867 2920 »
902 2872 1020 2926 Hoc
1051 2876 1160 2937 est,
1192 2887 1312 2926 non
1336 2887 1653 2942 possumus
1693 2869 1870 2926 silere
1904 2886 2042 2943 erga

389 2982 512 3030 vos,
571 2977 807 3031 semper
867 2959 1028 3015 vobis
1086 2960 1408 3032 cupimus:
1468 2959 1627 3032 quod
1702 2960 2039 3015 amantium

389 3051 698 3124 proprium
721 3054 830 3118 est,
856 3055 915 3105 et
957 3050 1216 3122 ingenua
1260 3049 1531 3104 libertate
1579 3048 1975 3120 loquentium.
2009 3070 2038 3100 »

393 3139 524 3198 Alio
553 3139 730 3194 modo.
767 3141 884 3195 Hoc
915 3146 1026 3206 est,
1060 3139 1399 3195 facultatem
1423 3146 1482 3194 et
1502 3139 1811 3195 audaciam
1868 3138 2040 3195 nobis

387 3228 666 3294 tribuitis,
722 3235 785 3284 ut
816 3245 882 3284 os
912 3229 1069 3300 apud
1130 3247 1229 3284 vos
1287 3229 1678 3300 aperiremus.
1733 3228 2037 3299 Siquidem

389 3317 624 3390 quando
641 3318 935 3390 quispiam
951 3318 1247 3372 ferventer
1270 3317 1558 3378 amat,alii
1582 3334 1716 3373 vero
1760 3334 1884 3374 non
1909 3319 2038 3391 pari
2071 3341 2114 3408 ο

390 3409 566 3465 modo
599 3408 930 3475 redamant,
955 3408 1324 3464 occasionem
1346 3424 1414 3462 ac
1431 3407 1776 3463 facultatem
1815 3411 2040 3465 amanti

389 3496 748 3570 praebent,ut
763 3496 1034 3568 pluribus
1055 3512 1222 3551 suam
1244 3511 1483 3551 causam
1504 3511 1640 3568 erga
1673 3496 1831 3568 ipsos
1854 3498 2042 3568 justi-

389 3586 523 3642 ficet
547 3603 613 3641 ac
635 3585 846 3657 probet
871 3602 883 3638 :
907 3590 1177 3656 apertum
1206 3590 1314 3650 est,
1349 3585 1956 3655 inquit.multitudine
1976 3602 2045 3642 ac

386 3676 466 3748 vij
479 3674 954 3730 ustiﬁcationum,
970 3672 1267 3743 Nobisque
1282 3673 1473 3727 facere
1487 3672 2040 3745 volentibus,ipsum

391 3771 609 3828 tamen,
637 3763 756 3819 illis
782 3763 944 3818 intus
978 3761 1558 3818 subscalurientibus
1588 3778 1656 3817 ac
1683 3779 1918 3818 sursum
1975 3780 2043 3819 ac

387 3852 692 3918 lientibus,
728 3857 1001 3923 apertum
1036 3855 1168 3904 est:
1207 3853 1265 3904 et
1326 3848 1488 3904 labia
1544 3849 1617 3906 ad
1674 3849 2042 3921 loquendum

387 3943 577 4014 aperit
597 3958 664 3997 ac
680 3939 1082 4010 distendit,etj
1094 3937 1463 3993 ustificantes
1481 3938 1743 3993 rationes
1776 3939 2039 4011 aggredi-

387 4038 500 4087 tur.
531 4031 908 4091 Deamamus,
942 4027 1158 4099 inquit.
1195 4034 1255 4083 et
1287 4026 1484 4083 cordis
1512 4027 1779 4100 patimur
1811 4027 2043 4084 inﬂam-

389 4121 684 4177 mationes
709 4136 722 4174 :
749 4118 1068 4173 dilatamur
1085 4117 1260 4174 corde
1282 4123 1339 4174 et
1361 4117 1710 4188 gaudemus,
1733 4118 2043 4191 amorique

391 4209 720 4267 subdimur.
750 4210 858 4264 Vos
876 4214 1075 4263 autem
1097 4207 1257 4264 velut
1280 4207 1512 4280 angusti
1545 4209 1707 4263 estis.
1754 4208 1809 4264 Si
1841 4225 1950 4264 nos
1981 4210 2043 4266 in

391 4299 713 4355 visceribus
741 4297 949 4353 vestris
967 4297 1368 4368 susceperitis,
1395 4313 1514 4352 non
1529 4297 1912 4354 continebitis
1933 4315 2042 4354 nos

389 4390 451 4445 in
477 4389 620 4462 ipsis
646 4405 660 4456 ;
686 4387 791 4444 sed
819 4405 1014 4459 neque
1034 4403 1134 4442 vos
1153 4385 1400 4442 exibetis
1443 4393 1725 4458 tanquam
1773 4405 2044 4444 remune-

388 4479 684 4536 rationem
709 4477 1018 4550 explentes
1050 4493 1184 4532 cum
1219 4476 1310 4531 his
1358 4476 1459 4547 qui
1509 4493 1789 4550 magnum
1819 4479 2043 4534 amoris

392 4570 672 4626 affectum
703 4584 838 4641 erga
860 4583 958 4622 vos
982 4565 1271 4637 auspicati
1292 4571 1449 4634 sunt,
1476 4565 1578 4620 sed
1611 4566 1768 4638 quod
1810 4568 2042 4638 gravius

393 4657 955 4724 est,incredulorum
985 4670 1244 4709 amorem
1271 4655 1617 4728 prmponitis
1637 4657 2041 4713 amorinostro

394 4716 606 4821 qui'vos
622 4745 803 4818 ampli
816 4762 882 4799 us
898 4716 1343 4816 diligimusEigu
1360 4716 1558 4800 autem
1578 4744 1738 4800 vobis
1757 4751 2037 4817 tanquam
2076 4716 2118 4780 θ

391 4833 906 4896 tlliisdico,saltem
949 4831 1109 4888 velut
1152 4831 1633 4888 remuneratione
1681 4848 1748 4888 ac
1777 4833 2036 4891 retribu-

389 4927 609 4982 tionem
643 4922 1008 4989 exhibentes,
1047 4922 1378 4978 dilatemini
1412 4927 1472 4978 et
1495 4938 1595 4976 vos
1627 4939 1694 4978 ac
1752 4924 2034 4997 suscipite

389 5013 681 5079 nos,sicut
698 5019 753 5068 et
781 5029 888 5069 nos
929 5014 1300 5085 suscepimus
1350 5029 1449 5068 vos
1491 5013 1554 5068 in
1581 5013 1906 5070 visceribus
1938 5030 2037 5071 no-

391 5103 551 5166 stris,
609 5119 677 5158 ac
720 5102 946 5176 diligite
965 5109 1289 5158 eximentes
1302 5104 1572 5177 vosipsos
1591 5109 1649 5160 et
1669 5109 1941 5160 arcentes
1962 5103 2034 5160 ab

387 5208 588 5248 amore
607 5191 1472 5264 inﬁdelium,quemadmodum
1487 5194 1838 5249 naturaliter
1850 5193 2036 5250 direm

387 5278 488 5345 pta
509 5288 575 5329 ac
599 5279 870 5345 separata
887 5281 1024 5328 sunt
1044 5289 1077 5328 a
1099 5289 1160 5328 se
1185 5273 1433 5328 invicem
1461 5274 1608 5330 ﬁdes
1627 5274 1698 5330 ab
1715 5274 2034 5330 inﬁdelita-

386 5367 462 5431 te,
487 5363 722 5434 justitia
751 5363 822 5418 ab
857 5362 1167 5434 injustitia,
1201 5361 1298 5416 lux
1330 5363 1942 5425 atenebris,Christus
1959 5365 2033 5420 ab

384 5453 769 5521 Antichristo,
801 5452 925 5524 ipse
959 5451 1152 5508 ﬁdelis
1181 5450 1254 5507 ab
1287 5451 1534 5523 infideli,
1593 5455 1880 5527 templum
1928 5453 2032 5510 Dei

383 5561 418 5602 a
448 5543 668 5620 templo
699 5543 1016 5599 idolorum.
1047 5542 1103 5597 Si
1135 5541 1278 5598 estis
1337 5557 1474 5616 ergo
1523 5543 1794 5615 justitiae,
1855 5545 2027 5608 lucis,

457 5740 504 5778 ‘°
530 5742 582 5801 Π
604 5742 732 5802 Cor.
768 5755 868 5808 ιιι,
899 5739 954 5797 ι.

2160 2068 2383 2140 γοῦντες
2427 2063 2701 2126 ἀπίστοις.
2784 2063 2851 2122 Τί
2915 2065 3016 2140 γάρ
3079 2066 3290 2139 μετοχή
3351 2063 3668 2140 δικαιοσύνῃ
3725 2066 3831 2121 καὶ

2159 2155 2363 2228 ἀνομίᾳ
2405 2175 2419 2223 ;
2453 2155 2545 2217 Τίς
2579 2153 2637 2209 δὲ
2665 2155 2926 2210 κοινωνία
2954 2155 3095 2235 φωτὶ
3144 2153 3281 2230 πρὸς
3340 2156 3530 2218 σκότος
3565 2176 3578 2224 ς
3610 2156 3708 2220 Τίς
3757 2153 3826 2211 δὲ

2160 2246 2512 2320 συμφώνησις
2567 2248 2783 2320 Χριστῷ
2841 2244 2979 2317 πρὸς
3039 2241 3240 2319 Βελίαρ
3292 2262 3306 2312 ;
3365 2250 3440 2301 ’Ἡ
3513 2245 3594 2307 τίς
3655 2247 3823 2320 μερὶς

2157 2333 2336 2404 πιστῷ
2371 2333 2506 2404 μετὰ
2530 2332 2760 2388 ἀπίστου
2795 2333 2923 2401 ςτίς
2964 2330 3020 2388 δὲ
3078 2334 3467 2409 συγκατάθεσις
3522 2340 3636 2408 ναῷ
3676 2341 3822 2391 Θεοῦ

2161 2421 2296 2495 μετά
2322 2419 2568 2476 εἰδώλων
2604 2440 2618 2490 ;

2228 2511 2304 2568 Τὰ
2329 2515 2435 2565 τῶν
2469 2508 2624 2566 ἰδίων
2657 2510 2880 2584 ἀγώνων
2911 2507 3173 2577 διελθὼν,
3204 2512 3280 2573 είς
3321 2511 3414 2566 τὸν
3471 2511 3593 2584 περῖ
3649 2512 3822 2568 πολι-

2156 2598 2300 2660 τείας
2333 2597 2552 2678 ἔρχεται
2585 2598 2777 2674 λόγον.
2840 2595 3110 2675 Πρότερον
3170 2597 3228 2655 δὲ
3284 2606 3464 2655 πεῖσαι
3523 2599 3668 2657 θὲλει
3728 2601 3824 2657 ὅτι

2157 2687 2382 2763 ἀγαπῶν
2413 2687 2629 2757 αὐτοὺς,
2662 2684 2887 2744 ἔλαττον
2957 2689 3249 2764 ἀγαπᾶται,
3311 2689 3403 2744 καί
3457 2711 3611 2767 φησι·
3645 2715 3674 2742 ι(
3736 2693 3820 2749 Τὸ

2157 2776 2336 2850 στόμα
2374 2779 2534 2850 ἡμῶν
2601 2777 2845 2850 ἀνέῳγεν,
2883 2801 2911 2829 ››
2971 2779 3119 2844 οἷον,
3189 2777 3266 2835 Οὐ
3327 2775 3601 2851 δυνάμεθα
3659 2785 3819 2854 σιγᾷν

2155 2865 2291 2940 πρὸς
2324 2865 2488 2939 ὑμᾶς,
2529 2865 2609 2921 ἀεὶ
2643 2867 2773 2939 ὑμῖν
2807 2863 3154 2942 διαλέγεσθαι
3185 2866 3442 2940 θέλομεν,
3479 2868 3613 2942 ὅπερ
3674 2870 3817 2947 ἀγα-

2155 2954 2381 3009 πώντων
2414 2952 2549 3008 ἴδιον
2581 2955 2672 3009 καὶ
2704 2953 2825 3010 ἄνευ
2859 2953 3175 3025 ὑποστολῆς
3208 2954 3525 3012 λαλούντων
3550 2991 3622 3000 —
3662 2957 3814 3014 ’Ἅλ-

2155 3040 2270 3104 λως
2305 3046 2516 3120 [ΦΩΤ.]
2551 3045 2698 3102 Ἀντὶ
2726 3049 2846 3110 τοῦ,
2878 3044 3152 3120 Εὐπορίαν
3210 3049 3348 3119 ἡμῖν
3403 3050 3819 3122 παρεσχήκατε,

2153 3137 2248 3188 τοῦ
2271 3133 2511 3210 ἀνοίγειν
2540 3134 2675 3208 πρὸς
2711 3135 2848 3208 ὑμᾶς
2898 3135 2962 3190 τὸ
3023 3136 3220 3209 στόμα.
3281 3137 3441 3192 Ὀταν
3473 3137 3578 3211 γὰρ
3623 3139 3652 3192 ὁ
3716 3138 3819 3211 μέν

2151 3244 2235 3287 τις
2260 3224 2441 3301 ἀγαπᾷ
2473 3221 2774 3298 διαπύρως,
2808 3224 2860 3278 οἱ
2909 3221 2966 3278 δὶ
3005 3223 3109 3279 οὐκ
3164 3226 3544 3300 ἀνταγαπῶσιν
3573 3225 3821 3299 ὁμοίως,

2151 3311 2376 3368 πολλῶν
2409 3310 2794 3384 δικαιωμάτων
2843 3311 3096 3387 εὐπορίαν
3153 3313 3456 3389 παρέχουσι
3508 3315 3642 3389 πρὸς
3699 3313 3798 3370 αὖ·

2151 3399 2278 3462 τοὺς
2299 3405 2377 3472 τῷ
2407 3401 2706 3478 ἀγαπῶντι.
2739 3425 2768 3452 ‹‹
2798 3400 3063 3476 Ἀνὲῳγε,
3095 3425 3122 3454 ››
3158 3403 3309 3479 φησί.
3343 3405 3434 3474 Τῷ
3461 3404 3562 3478 γάρ
3592 3403 3804 3474 πλήθει

2153 3489 2243 3545 καὶ
2273 3494 2340 3563 τῇ
2372 3489 2526 3546 ἲσχύῖ
2554 3495 2662 3547 τῶν
2705 3490 3117 3565 δικαιωμάτων,
3151 3491 3240 3547 ναὶ
3271 3495 3433 3566 ἡμῶν
3486 3499 3637 3567 σιγᾷν
3691 3492 3818 3557 ἐθε-

2152 3575 2382 3647 λόντων,
2415 3579 2546 3635 αὐτὸ
2575 3581 2728 3654 ’ὀμως
2763 3581 2851 3636 ὑπ’
2884 3579 3060 3634 αὐτῶν
3115 3576 3327 3636 ἔνδοθεν
3389 3575 3815 3652 ἀναϐλυζόντων

2151 3668 2240 3724 καὶ
2278 3667 2719 3740 ὑπερπηδώντων
2748 3669 2966 3742 ἀνέῳγε,
2999 3669 3091 3724 καὶ
3124 3671 3511 3726 ἀναπετάννυσι
3543 3671 3609 3726 τά
3637 3672 3813 3747 χείλη

2151 3758 2288 3832 πρὸς
2317 3759 2380 3813 τὸ
2410 3753 2607 3833 λέγειν.
2641 3759 2745 3815 Καὶ
2801 3759 2997 3813 Λοιπὸν
3053 3759 3282 3835 ἄρχεται
3339 3765 3448 3815 τῶν
3501 3757 3820 3833 δικαιωμά-

2149 3869 2278 3902 των,
2313 3848 2795 3926 Ὑπεραγαπῶμεν,
2829 3847 3016 3926 φησὶν,
3049 3848 3141 3903 καὶ
3200 3845 3527 3924 ἐγκαρδίους
3577 3845 3817 3928 ἔχομεν.

2150 3938 2240 3993 καὶ
2272 3936 2678 4011 πλατυνόμεθα,
2720 3939 2811 3992 καὶ
2869 3937 3140 4012 χαίρομεν
3198 3933 3440 4002 ἔχοντες.
3499 3940 3587 3994 καὶ
3647 3938 3812 3996 αὐτοὶ

2149 4030 2250 4097 τῆς
2280 4026 2498 4100 ἀγάπης
2529 4027 2825 4099 ἠρξάμεθα,
2858 4028 3042 4100 Ὑμεῖς
3093 4025 3152 4082 δὲ
3209 4027 3285 4089 ὡς
3345 4029 3811 4105 στενοχωρούμεο

2150 4137 2257 4174 vet.
2289 4117 2412 4174 Έάν
2445 4113 2664 4188 δέξησθε
2695 4117 2842 4188 ἡμᾶς
2877 4116 2927 4171 ἐν
2959 4122 3078 4180 τοῖς
3111 4116 3459 4195 σπλάγχνοις
3494 4119 3668 4190 ὑμῶν,
3704 4120 3814 4175 οὐκ

2152 4204 2306 4281 ἔχετε
2334 4207 2482 4278 ἡμᾶς
2514 4204 2565 4259 ἐν
2595 4205 2804 4272 αὐτοῖς,
2837 4203 2964 4262 ἀλλ’
2985 4203 3105 4260 αὐδ’
3135 4207 3209 4270 ὡς
3265 4207 3608 4280 ἀντιμισθίαν
3652 4208 3807 4279 πλη-

2151 4300 2370 4370 ροῦντες
2429 4295 2565 4370 πρὸς
2621 4295 2748 4356 τοὺς
2807 4295 3168 4368 κατάρξαντας
3226 4297 3374 4367 ἡμᾶς
3454 4303 3554 4365 τῆς
3586 4297 3807 4372 ἀγάπης

2152 4386 2382 4461 στοργήν
2415 4381 2802 4453 ἐπιδείκνυσθε,
2835 4381 2982 4440 ἀλλά
3009 4385 3102 4439 καὶ
3157 4386 3220 4440 τὸ
3278 4385 3596 4461 βαρύτερον,
3657 4387 3807 4461 μᾶλ-

2151 4472 2249 4530 λον
2280 4479 2390 4530 τῶν
2411 4473 2651 4530 ἀπίστων
2682 4473 2717 4543 ἢ
2749 4473 2847 4542 τήν
2881 4476 3042 4547 ἡμῶν
3089 4474 3299 4550 ἀγάπην
3355 4481 3464 4532 τῶν
3520 4477 3809 4553 ὑπεραγα-

2151 4565 2376 4620 πώντων
2425 4563 2566 4637 ὑμᾶς
2623 4561 2958 4639 προκρίνετε.
3020 4564 3165 4636 Ἐγὼ
3224 4565 3280 4620 δὲ
3337 4564 3480 4640 λέγω
3539 4565 3666 4638 ὑμῖν
3727 4569 3809 4630 ὡς

2149 4655 2381 4722 τέκνοις,
2413 4651 2506 4708 κάν
2541 4652 2616 4714 ώς
2648 4653 2992 4724 ἀντιμισθίαν
3025 4654 3116 4708 καὶ
3164 4653 3488 4730 ἀντάμειψιν
3517 4656 3808 4730 πληροῦν-

2146 4763 2258 4812 τες,
2291 4740 2662 4812 πλαντύνθητε
2719 4741 2810 4796 καὶ
2862 4741 3042 4811 αὐτοὶ,
3099 4742 3190 4798 καὶ
3250 4742 3465 4818 δέξασθε
3517 4748 3665 4817 ἡμᾶς
3722 4747 3801 4810 ὡς

2145 4833 2309 4903 ἡμεῖς
2335 4832 2476 4904 ὑμᾶς
2521 4829 2575 4885 ἐν
2635 4836 2752 4895 τοῖς
2803 4832 3148 4908 σπλάγχνοις
3195 4835 3379 4907 ἡμῶν,
3439 4833 3527 4889 καὶ
3586 4835 3804 4910 ἀγαπήν

2145 4937 2269 4972 σατε
2296 4923 2395 4985 τῆς
2423 4921 2531 4971 τῶν
2593 4917 2839 4973 ἀπίστων
2899 4926 3134 4994 στοργῆς
3190 4920 3412 4982 ἑαυτοὺς
3469 4921 3808 4997 ἐξαιροῦντες

2143 5005 2234 5062 καὶ
2287 5004 2741 5080 διατειχίζοντες,
2774 5007 2952 5069 καθὼς
3009 5009 3143 5062 κατὰ
3194 5014 3354 5085 φύσιν
3415 5007 3663 5082 διέστηκε
3712 5014 3806 5068 καὶ

2145 5094 2564 5171 διατετείχισται
2600 5094 2867 5166 ἀλλήλων
2897 5099 2932 5166 ἡ
2971 5097 3151 5161 πίστις
3197 5097 3290 5154 καὶ
3321 5099 3560 5170 ἀπιστία,
3618 5104 3654 5172 ὴ
3716 5099 3806 5158 δι-

2144 5185 2406 5256 καιοσύνη
2470 5185 2562 5239 καὶ
2631 5182 2833 5254 ἀδικία,
2892 5185 2954 5240 τὸ
3008 5189 3121 5262 φῶς
3177 5187 3284 5241 ἀπὸ
3338 5191 3434 5243 τοῦ
3490 5190 3740 5262 σκότους,
3775 5195 3806 5249 ὁ

2147 5275 2378 5352 Χριστὸς
2412 5275 2518 5330 ἀπὸ
2547 5280 2645 5332 τοῦ
2679 5275 3088 5352 Ἀντιχρίστου,
3139 5276 3302 5338 αὐτὸς
3359 5279 3388 5331 ὁ
3445 5281 3633 5342 πιστὸς
3690 5280 3803 5337 ἀπὸ

2145 5369 2243 5421 τοῦ
2274 5365 2526 5436 ἀπίστου,
2569 5365 2748 5426 ὁναὸς
2803 5367 2898 5417 τοῦ
2955 5368 3090 5420 Θεοῦ
3147 5365 3236 5420 καὶ
3295 5367 3419 5428 ναὸς
3476 5373 3584 5423 τῶν
3640 5368 3808 5425 εἰδώ-

2150 5453 2282 5512 λων.
2317 5457 2380 5511 El
2413 5455 2506 5509 οὗν
2536 5461 2636 5524 τῆς
2695 5451 3050 5524 δικαιοσύνης
3107 5453 3243 5522 ἐστὶ,
3299 5461 3396 5512 τοῦ
3444 5458 3647 5535 φωτὸς,
3704 5466 3805 5517 τοῦ

2149 5547 2404 5622 Χριστοῦ,
2437 5545 2649 5615 πιστοὶ,
2678 5543 2801 5604 ναὸς
2847 5547 3003 5614 Θεοῦ,
3065 5541 3322 5617 διάστητε
3372 5548 3463 5602 καὶ
3517 5548 3808 5625 χωρίσθη-
