4106 6196
279 401 400 463 989

1240 408 1651 473 COMMENT.
1698 411 1778 473 ΙΝ
1825 407 2073 472 EPIST.
2108 410 2162 472 ΙΙ
2198 413 2299 471 AD
2343 411 2707 473 CORlNTH.

3572 423 3692 486 990

280 553 340 589 τε
368 534 476 590 ἀπὸ
504 538 603 591 τοῦ
633 533 888 606 σκότους,
917 537 1026 593 ἀπὸ
1054 545 1155 609 τῆς
1184 537 1418 614 ἀδικίας,
1450 543 1556 599 ἀπὸ
1600 546 1697 622 τοῦ
1753 545 1921 601 Ἀντι-

2037 544 2276 613 Christi,
2306 545 2448 600 estis
2480 544 2707 613 fldeles,
2731 551 2791 602 et
2819 547 3109 619 templum
3131 549 3260 619 Dei,
3295 552 3692 629 sejungamini

283 629 536 709 χρίστου.
565 632 685 687 Τῶν
710 631 814 706 γὰρ
842 632 1082 688 ἀπίστων
1138 632 1249 690 ἐστὶ
1306 640 1494 708 ταῦτα,
1543 639 1637 693 καὶ
1684 642 1792 693 τῶν
1832 657 1931 693 κα-

281 724 727 776 τασκευασάντων
755 722 981 785 ἑαυτοὺς
1009 725 1169 789 ναοὺς
1203 723 1472 798 εΐδώλων,
1531 728 1604 783 ὧν
1661 725 1744 783 δεῖ
1791 728 1933 801 ὑμᾶς

279 811 617 886 κεχωρίσθαι
647 813 736 866 καὶ
769 813 1184 890 ἀφωρισμένως
1246 816 1401 876 εἶναι,
1450 817 1587 873 Τότε
1634 818 1736 893 γάρ
1779 816 1866 872 καὶ
1902 817 1931 871 ὁ

278 900 481 975 Κύριος
506 898 795 972 εἰσδὲξεται
849 902 1012 975 ὑμᾶς,
1066 904 1155 958 καὶ
1214 904 1485 975 ἐνοικήσει
1545 904 1597 960 ἐν
1656 906 1784 979 ὑμῖν
1838 905 1931 959 καὶ

279 989 732 1066 ἀμπεριπατήσει,
764 992 939 1055 πάσας
968 993 1309 1049 κατευθῦνιον
1338 995 1434 1056 τὰς
1461 990 1687 1071 τρίϐους
1717 994 1809 1049 καὶ
1864 994 1931 1049 τὰ

281 1078 443 1154 διαϐή
453 1104 617 1157 ματα.
648 1118 719 1127 —
746 1086 939 1147 ’Ἦκαὶ
972 1082 1169 1149 οὕτως·
1202 1110 1230 1138 ιι
1262 1088 1333 1142 Τὸ
1364 1088 1542 1153 στόμα
1571 1088 1732 1161 ἡμῶν
1766 1085 1933 1159 ἀνὲῳ-

281 1193 397 1248 γεν,
428 1192 456 1225 ι
493 1174 608 1229 ἀντὶ
638 1178 737 1228 τοῦ
787 1173 1040 1247 Ἐτοιμοί
1099 1173 1257 1249 ἐσμεν
1317 1177 1407 1231 καὶ
1454 1177 1935 1252 παρεσκευάσμεθα

285 1261 361 1324 είς
398 1263 461 1317 τὸ
519 1263 690 1318 πάντα
750 1259 1021 1320 διδάσκειν
1074 1266 1216 1338 ὑμᾶς
1274 1266 1408 1339 μετά
1467 1264 1784 1337 ἁπλότητος
1840 1266 1931 1320 καὶ

281 1349 524 1414 πλάτους
555 1348 801 1428 καρδίας.
846 1353 939 1408 Διὸ
995 1353 1085 1408 καὶ
1147 1355 1304 1428 ὑμεῖς
1343 1355 1646 1430 προθύμως
1684 1351 1929 1434 εἰσδέχε-

283 1442 395 1496 σθε.
430 1462 456 1495 s
488 1442 551 1498 Ἡ
581 1438 775 1516 καρδία
803 1443 963 1515 ἡμῶν
1015 1442 1404 1499 πεπλάτυνται.
1443 1468 1467 1494 ι
1518 1444 1772 1521 Καθάπερ
1826 1444 1931 1521 γάρ

280 1530 342 1585 τὸ
372 1530 569 1604 θερμὸν
603 1529 841 1607 εὐρύνειν
881 1530 1095 1602 εἳωθεν,
1123 1532 1275 1588 οὕτω
1304 1531 1392 1588 καὶ
1494 1532 1704 1609 ἀγάπη.

349 1708 560 1783 Θερμὸν
593 1707 697 1784 γάρ
728 1730 781 1764 τι
840 1711 1102 1785 χρῆμαή
1133 1709 1343 1787 ἀγάπη,
1397 1711 1471 1773 ὡς
1521 1709 1567 1765 εί
1627 1710 1796 1768 εἶπεν.
1851 1710 1929 1767 Οὔ

284 1795 452 1869 μόνον
482 1792 737 1870 στόματι,
773 1794 921 1853 ἀλλά
948 1798 1036 1852 καὶ
1069 1794 1263 1874 καρδίᾳ
1294 1795 1467 1875 φιλῶ,
1526 1797 1729 1859 πάντας
1780 1794 1932 1854 ἔνδον

282 1877 419 1960 ἔχω,
454 1885 547 1940 Διό
602 1906 788 1959 φησιν,
851 1908 877 1939 ε
910 1887 988 1945 Οὐ
1048 1888 1475 1963 στενοχωρεῖσθε
1523 1886 1576 1943 ἐν
1630 1887 1777 1959 ὑμῖν,
1831 1892 1929 1942 τοῦ

285 1935 419 1960 *δ’-⁷
455 1935 543 1992 -’;
590 1935 788 1993 ΙῘΊ“”7
856 1935 874 1939 ’
916 1935 1017 1991 ν’-
1053 1935 1474 1963 ”“”⁷λ“⁷Γ⁷“’ν’
1525 1935 1569 1943 ”
1632 1935 1777 1959 ”Γ”’⁷
1843 1935 1925 1942 ’⁷⁷
1968 1935 2008 1999 Β

281 1972 451 2029 πόθου
483 1992 795 2049 ευρυνοντος
854 1976 1021 2031 αὐτου
1073 1978 1175 2046 τήν
1232 1978 1437 2056 ψυχήν.
1477 2000 1498 2026 ι
1533 2009 1603 2019 -
1628 1976 1689 2033 Ἢ
1734 1973 1932 2049 καρδία

281 2064 443 2136 ἡμῶν
497 2061 843 2119 πεπλάτυντα
898 2064 978 2128 εἷς
1032 2066 1096 2121 τὸ
1153 2064 1327 2122 πάντα
1386 2062 1596 2136 διδάξαι
1674 2065 1836 2139 ὑμᾶς.
1898 2086 1926 2117 ι

279 2156 467 2226 Ὑμεῖς
499 2150 556 2207 δὶ
594 2159 1019 2229 στενοχωρεῖσθε
1074 2153 1128 2209 ἐν
1184 2160 1301 2216 τοῖς
1362 2153 1702 2231 σπλάγχνοις
1752 2155 1928 2227 ὑμῶν,

277 2245 553 2302 τουτέστιν
608 2244 660 2300 ἐν
718 2249 788 2319 τῇ
844 2246 982 2319 πρὸς
1040 2246 1170 2301 Θεὸν
1226 2246 1438 2323 ἀγάπῃ,
1496 2245 1533 2320 ᾗ
1588 2245 1794 2321 ἀγαπᾷν
1865 2265 1931 2319 με

278 2333 549 2412 ὀφείλετε.
600 2335 791 2396 Οὖτως
858 2336 886 2390 ὁ
950 2333 1187 2408 Κλήμης
1255 2334 1307 2390 ἰν
1375 2332 1422 2389 δ’
1477 2335 1927 2392 ’Υποτυπώσεων.

278 2445 303 2474 α
340 2426 778 2499 Στενοχωρεῖσθε
816 2420 876 2479 δὲ
904 2420 954 2478 ἐν
986 2428 1104 2485 τοῖς
1135 2421 1482 2501 σπλάγχνοις
1516 2424 1688 2496 ὑμῶν.
1724 2447 1753 2475 ››
1786 2424 1930 2501 Ἐγὼ

275 2513 392 2585 μὲν,
446 2512 631 2592 φησὶν,
692 2511 755 2568 οὗ
814 2515 1267 2587 πενοχωροῦμαι
1320 2512 1523 2574 πάντας
1582 2512 1723 2585 ὑμᾶς
1780 2509 1931 2567 ἔνδον

272 2598 442 2677 ἔχων.
502 2606 687 2675 Ὑμεῖς
748 2598 830 2672 δὲ,
886 2600 1073 2679 φησὶν,
1134 2599 1189 2655 ἐν
1234 2605 1318 2674 τῷ
1372 2595 1523 2681 ἔχειν
1585 2621 1652 2674 με
1702 2598 1755 2655 ἐν
1812 2606 1929 2661 τοῖς

271 2687 617 2766 σπλάγχνοις
675 2690 828 2762 ὑμῶν
889 2690 1338 2765 στενοχωρεῖσθε.
1398 2688 1476 2747 Οὐ
1527 2689 1626 2765 γάρ
1689 2688 1925 2763 ὁμοίιος,

274 2779 432 2858 φησὶ,
468 2779 534 2852 μὶ
562 2780 820 2854 ἀγαπᾶτε.
853 2779 1049 2854 Ἔχετε
1106 2778 1225 2852 μὶν,
1279 2775 1428 2849 πλὴν
1464 2783 1927 2855 στενοχωρεῖσθε.

276 2867 422 2939 Φησὶ
475 2867 581 2944 γὰρ
645 2867 818 2938 κάτω,
890 2891 911 2919 ι
980 2867 1045 2925 El
1109 2867 1200 2923 καὶ
1265 2867 1647 2943 περισσότερον
1713 2869 1926 2945 ἀγαπῶ,

275 2960 445 3029 ἧττον
476 2956 793 3030 ἀγαπῶμαι.
831 2981 852 3010 s
889 2956 1002 3024 Τήν
1032 2953 1090 3012 δὲ
1134 2955 1301 3027 αὐτην
1350 2956 1712 3031 ἀντιμισθίαν,
1769 2977 1927 3012 τουτ-

278 3047 446 3118 ἐστιν,
486 3041 730 3121 ἀμοιϐήν
758 3046 848 3101 καὶ
910 3044 1135 3116 ἰσότητα
1183 3052 1285 3115 τῆς
1344 3044 1533 3123 φιλίας
1591 3046 1929 3123 εἷσενὲγκατε

274 3138 351 3198 ὡς
376 3137 531 3192 τὲκνα
563 3136 654 3190 καὶ
711 3134 1061 3206 πλατύνθητε
1115 3137 1206 3190 καὶ
1267 3136 1425 3210 ὑμεῖς
1471 3136 1548 3197 ὡς
1591 3134 1766 3210 κάγώ.
1825 3134 1926 3192 Καὶ

272 3228 376 3305 γάρ
434 3225 664 3305 αἰσχρὸν
720 3224 857 3299 ἐμοῦ
916 3224 1120 3286 πάντας
1175 3225 1316 3298 ὑμᾶς
1398 3218 1549 3280 ἔνδον
1614 3221 1925 3297 δεξαμένου,

2041 634 3691 709 acsepareminiatenebris,abinjustitia,abAntichristo.

2044 724 2176 778 Haec
2206 724 2367 779 enim
2398 724 2732 780 inﬁdelium
2763 732 2903 782 sunt
2943 733 3001 782 et
3050 745 3257 785 eorum
3310 732 3410 802 qui
3467 735 3694 806 seipsos

2040 819 2455 886 praepararunt
2485 816 2543 869 in
2598 815 2822 887 templa
2881 815 3198 887 idolorum,
3253 837 3287 875 a
3332 822 3547 893 quibus
3595 842 3694 882 vos

2043 902 2368 976 diremptos
2401 920 2467 960 ac
2510 911 2814 976 separatos
2872 922 3000 961 esse
3053 913 3306 979 Oportet.
3360 913 3503 967 Nam
3554 920 3695 971 tunc

2042 990 2329 1047 Dominus
2352 1009 2590 1065 quoque
2618 994 2901 1065 suscipiet
2932 1011 3033 1050 vos
3064 1001 3123 1050 et
3142 997 3497 1055 inhabitabit
3524 1002 3584 1056 in
3603 1020 3698 1058 vo-

2040 1077 2133 1133 bis
2148 1095 2216 1134 ac
2240 1079 2655 1148 iuambulabit,
2678 1087 2870 1137 rectas
2892 1082 3118 1140 faciens
3139 1101 3348 1142 omnes
3371 1089 3614 1145 semitas
3629 1107 3696 1145 ac

2042 1169 2244 1225 colles.
2283 1200 2347 1211 —
2378 1171 2492 1225 Aut
2522 1170 2625 1226 hoc
2654 1172 2817 1225 etiam
2846 1173 3005 1227 modo
3031 1190 3043 1227 :
3073 1196 3099 1221 ‹‹
3127 1175 3203 1229 Os
3229 1182 3498 1232 nostrum
3522 1196 3695 1251 aper-

2043 1264 2165 1314 tum
2199 1265 2307 1314 est.
2346 1279 2372 1311 ι
2403 1260 2552 1317 645
2590 1261 2708 1315 Hoc
2740 1267 2848 1326 est,
2882 1263 3071 1333 parati
3103 1280 3310 1320 sumus
3333 1282 3400 1321 ac
3422 1266 3698 1325 instructi

2042 1353 2106 1404 ut
2135 1365 2236 1403 vos
2267 1350 2468 1404 omnia
2498 1349 2817 1406 doceamus
2854 1368 2989 1407 cum
3042 1352 3422 1425 simplicitate
3472 1362 3530 1413 et
3577 1358 3697 1414 lato

2041 1436 2218 1493 corde
2247 1454 2260 1491 :
2294 1438 2427 1493 ideo
2458 1455 2560 1493 vos
2591 1456 2827 1511 quoque
2885 1447 3157 1513 prompte
3210 1459 3319 1498 nos
3379 1444 3696 1516 admittite,

2058 1530 2210 1581 «Cor
2256 1532 2527 1582 nostrum
2586 1527 2901 1583 dilatatum
2959 1537 3069 1587 est.
3104 1552 3134 1580 »
3180 1532 3694 1597 Quemadmodum

2041 1616 2199 1671 enim
2233 1616 2396 1671 calor
2425 1616 2673 1673 dilatare
2704 1617 2877 1681 solet,
2912 1619 2995 1674 ita
3025 1625 3084 1676 et
3112 1638 3299 1680 amor.

2113 1706 2415 1776 Siquidem
2445 1706 2669 1763 fervida
2702 1707 2973 1778 quaedam
3006 1726 3102 1765 res
3151 1727 3322 1766 amor
3364 1718 3474 1780 est,
3526 1731 3593 1769 ac
3647 1715 3696 1769 si

2040 1794 2302 1850 diceret:
2327 1797 2451 1851 Non
2471 1796 2663 1853 solum
2687 1814 2807 1863 ore,
2835 1798 2937 1853 sed
2965 1805 3023 1854 et
3044 1800 3221 1856 corde
3249 1800 3450 1874 diligo,
3486 1820 3697 1857 omnes

2044 1885 2202 1940 intus
2234 1885 2660 1954 complectens,
2695 1886 2827 1942 ideo
2860 1888 2980 1943 ait:
3020 1911 3039 1937 ι
3077 1892 3157 1944 Ne
3191 1890 3320 1945 sitis
3360 1892 3593 1964 angusti
3636 1892 3697 1946 in

2044 1973 2527 2038 vobis,desiderio
2551 1976 2815 2030 animum
2843 1993 3012 2031 suum
3040 1977 3343 2035 dilatante.
3384 2001 3411 2028 ››
3447 2011 3510 2020 -
3540 2004 3559 2027 ι
3585 1985 3697 2036 Cor

2041 2068 2309 2118 nostrum
2336 2063 2645 2120 dilatatum
2671 2069 2780 2120 est.
2810 2088 2836 2113 ››
2862 2066 2933 2121 Ut
2963 2083 3063 2121 vos
3084 2068 3286 2123 omnia
3310 2072 3689 2125 doceremus:

2042 2152 2145 2208 sed
2168 2170 2268 2208 vos
2292 2154 2524 2226 angusti
2553 2154 2695 2209 estis
2726 2154 2786 2209 in
2810 2155 3136 2212 visceribus
3175 2157 3407 2225 vestris,
3435 2158 3547 2214 hoc
3580 2164 3689 2227 est,

2040 2241 2102 2297 in
2135 2241 2454 2298 dilectione
2486 2259 2621 2315 erga
2651 2245 2835 2299 Deum
2867 2261 2983 2316 qua
3015 2261 3109 2299 me
3140 2245 3386 2318 diligere
3436 2245 3688 2301 debetis.

2039 2332 2124 2385 Ita
2174 2331 2350 2386 habet
2407 2331 2679 2388 Clemens
2738 2339 2947 2404 quarto
3003 2336 3462 2401 Informationum
3515 2335 3689 2391 libro.

2044 2441 2065 2468 ι
2101 2419 2211 2474 Sed
2252 2422 2481 2493 angusti
2535 2421 2678 2476 estis
2736 2422 2795 2476 in
2851 2422 3176 2478 visceribus
3232 2424 3525 2480 vestris.»
3575 2427 3690 2499 Ego

2038 2509 2277 2580 quidem
2310 2514 2596 2583 angustus
2626 2527 2747 2566 non
2780 2527 2935 2580 sum,
2959 2512 3175 2583 inquit,
3198 2529 3331 2571 cum
3357 2531 3457 2569 vos
3483 2530 3692 2569 omnes

2037 2598 2199 2653 intus
2230 2598 2478 2655 habeam
2506 2618 2518 2655 :
2552 2616 2655 2655 vos
2695 2606 2893 2657 autem
2926 2618 3061 2657 cum
3094 2619 3186 2658 me
3221 2603 3486 2659 habeatis
3512 2605 3573 2659 in
3606 2605 3691 2658 vi-

2038 2687 2303 2743 sceribus
2333 2690 2565 2755 vestris,
2617 2690 2850 2762 angusti
2901 2690 3088 2746 estis:
3142 2707 3334 2762 neque
3389 2692 3546 2746 enim
3592 2709 3687 2746 me

2037 2778 2316 2833 similiter
2336 2778 2598 2852 diligitis.
2626 2779 2864 2834 Habetis
2891 2780 3132 2851 quidem
3155 2785 3685 2849 mc,verumtamen

2037 2868 2272 2940 angusti
2303 2868 2465 2923 estis.
2502 2869 2596 2922 Ait
2625 2869 2783 2923 enim
2816 2869 2876 2923 in
2906 2868 3327 2940 sequentibus:
3354 2870 3512 2925 Licet
3544 2870 3689 2925 ube-

2037 2958 2161 3013 rius
2191 2973 2292 3012 vos
2321 2957 2577 3029 diligens
2609 2958 2807 3011 minus
2838 2957 3045 3030 diligat
3073 2957 3138 3011 ⁸¹.
3173 2958 3451 3014 Eamdem
3488 2966 3688 3015 autem

2036 3046 2722 3111 remunerationem,boc
2747 3047 3281 3118 est,repensionem
3310 3052 3369 3102 et
3386 3049 3689 3119 aequalita-

2039 3138 2156 3188 tem
2190 3134 2414 3189 amoris
2443 3135 2648 3189 alTerte
2681 3141 2963 3206 tanquam
2998 3136 3103 3190 ﬁlii
3133 3152 3146 3190 :
3179 3152 3246 3192 ac
3268 3136 3601 3193 dilatemini
3631 3144 3689 3193 et

2035 3238 2137 3278 vos
2169 3223 2320 3277 sicut
2352 3238 2477 3295 ego.
2510 3225 2702 3296 Turpe
2736 3224 3031 3295 siquidem
3063 3230 3169 3291 est,
3197 3243 3330 3281 cum
3354 3243 3458 3300 ego
3478 3243 3686 3284 omnes

273 3303 413 3390 ὗμᾶς
443 3303 648 3377 πάντας
677 3312 772 3370 ἕνα
840 3316 916 3388 μή
978 3311 1246 3388 δέξασθαι.
1295 3348 1367 3359 -—-
1414 3313 1660 3376 Ἄλλως.
1706 3316 1921 3390 [ΦΩΤ.]

2035 3328 2136 3368 vos
2162 3312 2321 3369 intus
2343 3314 2699 3386 exceperim,
2723 3330 2932 3369 omnes
2954 3331 3054 3370 vos
3076 3316 3193 3370 mei
3216 3316 3393 3371 unius
3411 3334 3531 3372 non
3556 3333 3685 3373 esse

269 3428 295 3461 α
322 3406 433 3475 Τήν
466 3402 524 3461 δὶ
552 3404 720 3474 αὐτὴν
754 3402 1101 3478 ἀντιμισθίαν
1130 3404 1206 3466 ὡς
1255 3402 1464 3466 τέκνοις
1521 3401 1688 3477 λέγω.
1721 3423 1748 3455 s
1788 3402 1922 3461 Κατ’

264 3493 517 3570 ἓλλειψιν
550 3492 789 3570 εἴρηται.
826 3493 1010 3548 Λείπει
1046 3494 1149 3570 γάρ
1205 3494 1265 3563 ἢ,
1316 3490 1645 3564 ἐπιδέξασθε,
1694 3492 1756 3561 ἢ,
1809 3491 1922 3547 εἰσ-

266 3584 531 3663 ενὲγκατε.
591 3583 821 3637 Δῦναται
905 3580 1243 3659 ἐκληςοθῆναι
1328 3581 1419 3635 καὶ
1482 3581 1658 3656 χωρὶς
1732 3577 1917 3635 ἐλλεί-

267 3677 439 3749 ψεως,
476 3670 569 3726 ’ἱνα
598 3671 633 3747 ᾖ
663 3670 938 3746 παρὲλκον
986 3671 1049 3727 τὸ
1109 3669 1184 3729 δὲ.
1245 3668 1437 3739 Πολλή
1497 3669 1555 3725 δὲ
1608 3669 1722 3725 ἐστι
1772 3669 1920 3746 παρά

267 3759 349 3833 τῷ
405 3759 674 3832 θεσπεσίῳ
730 3758 934 3833 Παύλῳ
993 3761 1027 3829 ἡ
1082 3758 1341 3834 παρολκὴ
1418 3763 1527 3814 τῶν
1582 3756 1916 3834 συνδέσμων,

270 3847 454 3925 ὥσπερ
484 3850 576 3904 καὶ
604 3850 640 3918 ἡ
671 3843 941 3921 ἔλλειψις.
981 3847 1079 3918 Ε’ίη
1111 3845 1157 3903 δ’
1186 3846 1247 3903 ἄν
1296 3849 1434 3903 κατὰ
1489 3846 1777 3920 παρολκὴν
1819 3845 1917 3902 τοῦ

270 3936 569 4013 συνδέσμου
595 3937 659 3993 τὸ
718 3938 881 4013 ῥητὸν
933 3931 1436 4011 ἱκλαμόανόμενον,
1488 3936 1748 4007 τοιαύτην
1799 3934 1915 3993 διά-

268 4049 422 4084 νοιαν
454 4032 750 4103 παριστῶν.
785 4051 813 4078 ‹‹
845 4029 1280 4103 Στενοχωρεῖσθε
1310 4026 1364 4082 ἐν
1403 4032 1522 4089 τοῖς
1579 4025 1916 4102 σπλάγχνοις

268 4118 445 4191 ὐμῶν.
480 4140 508 4168 ››
540 4117 640 4172 Καὶ
670 4116 795 4172 τότε
811 4116 887 4178 εἰς
916 4114 1011 4184 τί;
1052 4117 1130 4178 εἷς
1178 4118 1279 4185 τὴν
1328 4116 1497 4185 αὐτὴν
1546 4116 1913 4190 ἀντιμισθίαν.

263 4205 493 4265 *Δδικον
517 4203 575 4261 δὲ
606 4206 670 4262 τὸ
698 4205 776 4267 εἷς
802 4207 902 4275 τὴν
952 4205 1122 4274 αὐτὴν
1168 4205 1508 4278 ἀντιμισθίαν
1554 4212 1916 4281 στενοχωρεῖ-

266 4299 411 4365 σθαι,
443 4291 529 4350 διὸ
560 4296 636 4357 ὡς
663 4295 876 4358 τεκνοις
904 4294 1070 4369 λέγω.
1121 4294 1241 4350 Ἔτι
1291 4295 1397 4368 γὰρ
1447 4295 1522 4355 ὠς
1566 4293 1768 4349 τέκνων
1814 4294 1913 4361 τήν

269 4384 487 4463 ἀγάπην
520 4382 785 4454 ἰπιζητιῖ).
817 4382 1167 4452 ΙΙλατύνθητε
1202 4381 1294 4437 καὶ
1329 4383 1486 4455 ὑμεῖς
1515 4382 1591 4443 είς
1615 4384 1713 4449 τὴν
1741 4382 1914 4451 αὐτὴν

264 4472 632 4547 ἀντιμισθίαν,
662 4473 751 4528 καὶ
782 4471 1094 4549 ἀγαπήσατε
1123 4473 1289 4546 ἡμᾶς,
1323 4471 1397 4534 ὡς
1428 4471 1518 4526 καὶ
1547 4473 1713 4546 ἡμεῖς
1749 4472 1910 4545 ὑμᾶς.

264 4588 293 4617 ι(
324 4565 414 4626 Ὧς
436 4560 643 4625 τεκνοις
671 4560 834 4637 λέγω.
871 4584 894 4614 ι
935 4560 1066 4618 Εἶτα
1115 4557 1348 4616 δείκνυσι
1407 4560 1499 4616 καὶ
1548 4557 1912 4637 ὀφειλομένην

2030 3418 2295 3473 capaces.
2334 3432 2395 3444 --
2432 3404 2550 3459 Alio
2579 3404 2758 3459 modo.
2803 3425 2823 3450 ιι
2860 3403 3142 3460 Eamdem
3174 3410 3373 3460 autem
3404 3422 3683 3463 remune-

2027 3491 2343 3556 rationem,
2376 3497 2443 3547 ut
2473 3492 2614 3547 ﬁliis
2646 3492 2798 3547 dico.
2835 3514 2862 3541 n
2885 3493 2993 3548 Per
3010 3492 3304 3548 defectum
3330 3494 3553 3550 dictum
3573 3501 3684 3565 est,

2029 3580 2197 3636 deest
2229 3582 2410 3648 enim,
2446 3582 2757 3653 Suscipite,
2791 3587 2910 3644 aut,
2950 3583 3179 3637 Alfene.
3216 3584 3415 3638 Potest
3445 3600 3684 3655 quoque

2029 3668 2282 3744 intelligi
2316 3670 2444 3725 sine
2476 3670 2730 3731 defectu,
2765 3676 2830 3725 ut
2860 3665 2936 3733 δὲ,
2971 3670 3030 3725 id
3072 3678 3155 3725 es!
3215 3677 3435 3736 autem,
3470 3673 3547 3726 sit
3576 3689 3683 3743 pa-

2026 3758 2230 3814 relcon
2263 3764 2322 3814 et
2349 3758 2629 3815 abundet.
2665 3761 2766 3814 Est
2794 3764 2992 3814 autem
3023 3759 3302 3829 frequens
3335 3758 3489 3829 apud
3523 3761 3681 3814 Pau-

2026 3851 2149 3907 lum
2184 3867 2655 3924 supervacaneus
2674 3850 3163 3921 conjunctionum
3185 3865 3328 3904 usus
3351 3864 3364 3902 :
3386 3849 3679 3919 quemad-

2027 3941 2268 3996 modum
2302 3942 2479 3995 etiam
2530 3940 2815 3995 defectus.
2875 3938 3040 4004 Quod
3099 3954 3234 4010 ergo
3286 3938 3509 3994 dictum
3563 3944 3671 4006 est,

2024 4037 2221 4104 potest
2252 4047 2358 4101 per
2385 4030 2812 4085 abundantiam
2846 4028 3284 4098 conjunctionis
3322 4028 3667 4101 bujusmodi

2024 4119 2380 4176 sententiam
2414 4118 2696 4174 exhibere
2726 4134 2739 4171 :
2769 4140 2789 4163 ι
2821 4117 3065 4189 Augusti
3097 4117 3239 4172 estis
3259 4118 3321 4173 in
3344 4118 3665 4175 visceribus

2022 4208 2254 4271 vestris,
2288 4229 2308 4254 ι
2348 4213 2407 4261 et
2437 4207 2548 4261 hoc
2587 4206 2661 4261 ad
2693 4206 2882 4277 quid?
2909 4206 2980 4261 ad
3012 4207 3202 4278 ipsam
3234 4209 3667 4263 remuneratio-

2022 4316 2184 4355 nem.
2216 4300 2493 4370 Iniquum
2527 4304 2616 4354 est
2647 4304 2843 4355 autem
2874 4298 2949 4354 ad
2982 4300 3527 4355 remunerationem
3558 4316 3668 4354 an-

2021 4394 2259 4461 gustum
2290 4404 2439 4444 esse.
2473 4389 2609 4443 Ideo
2643 4394 2924 4461 tanquam
2958 4389 3098 4445 filiis
3130 4389 3259 4444 dico
3289 4406 3304 4455 ;
3341 4389 3669 4460 quinetiam

2024 4476 2284 4534 ﬁliorum
2316 4493 2581 4533 amorem
2640 4478 2901 4549 requiro.
2960 4477 3299 4533 Dilatemini
3349 4482 3406 4532 et
3450 4494 3551 4532 vos
3595 4477 3669 4533 ad

2024 4566 2294 4623 eamdem
2323 4568 2886 4628 remunerationem.
2924 4573 2984 4623 et
3011 4573 3204 4623 amate
3253 4584 3361 4623 nos
3411 4567 3565 4622 sicut
3613 4571 3674 4623 et

262 4659 362 4729 τὴν
418 4656 656 4735 ἀγάπηνο
711 4654 921 4734 ὀφείλει
987 4655 1091 4730 γάρ
1148 4656 1215 4710 τὰ
1273 4654 1433 4710 τέκνα
1491 4660 1608 4716 τοῖς
1656 4654 1909 4725 πατράσι.

2034 4673 2130 4712 nos
2157 4673 2428 4713 amamus
2458 4674 2577 4714 vos.
2616 4682 2641 4707 α
2676 4660 2746 4715 Ut
2776 4657 2914 4713 tlliis
2940 4657 3093 4714 dico.
3123 4680 3147 4707 »ι
3185 4656 3405 4713 Deinde
3465 4663 3670 4714 osten-

264 4771 292 4799 «
325 4747 419 4815 Μὴ
448 4744 662 4822 γίνεσθε
691 4745 1157 4820 ἑτεροζυγοῦντες.
1196 4765 1220 4797 s
1256 4744 1388 4801 Εἶτα
1411 4742 1504 4798 ’ίνα
1536 4744 1610 4816 μή
1642 4742 1915 4815 νομίσωσι

260 4836 449 4890 ἑαυτὸν
479 4834 707 4910 χρῄζειν
733 4837 834 4899 τῆς
873 4834 1091 4907 ἀγάπης
1119 4834 1323 4902 αὐτῶν,
1358 4831 1592 4889 δείκνυσι
1624 4830 1717 4888 διὰ
1746 4833 1810 4889 τὸ
1844 4832 1916 4889 δι⁹

265 4922 442 4979 αὐτῶν
500 4924 775 5000 συμφέρον
830 4923 1105 4993 δπιζητεῖν
1160 4924 1487 4998 ἀγαπᾶσθαι.
1571 4923 1717 4993 Φησὶ
1786 4922 1910 4999 γὰρ·

255 5012 432 5068 Τοῦτό
462 5009 571 5067 ἰστι
602 5012 666 5067 τὸ
697 5013 906 5085 ἀγαπᾷν
945 5034 1031 5086 με,
1064 5013 1127 5068 τὸ
1160 5014 1237 5087 μή
1271 5011 1574 5070 ἰπικλίνειν
1605 5012 1743 5088 πρὸς
1779 5013 1910 5073 τοὺς

256 5099 534 5163 ἀπίστους.
583 5100 675 5156 καὶ
724 5101 1217 5177 συναναμίγνυσθαι
1268 5101 1474 5170 αὐτοῖς,
1524 5102 1613 5157 καὶ
1671 5098 1912 5176 διαφθεί-

255 5202 440 5265 ρεσθαι
500 5191 590 5246 ὑπ’
647 5189 844 5246 αὐτῶν.
907 5191 1046 5249 Ἀπὸ
1107 5195 1419 5265 μεταφορᾶς
1491 5187 1550 5245 δὶ
1606 5194 1714 5244 τῶν
1761 5193 1908 5245 πῖα-

257 5280 490 5356 στίγγων
508 5284 604 5335 τοῦ
628 5284 811 5354 ζυγοῦ,
833 5280 918 5346 τὸ,
949 5304 977 5332 ιι
1002 5281 1463 5356 ἑτεροζυγοῦντες.
1486 5303 1516 5332 ιι
1540 5311 1609 5322 -
1630 5302 1659 5331 ‹‹
1684 5279 1783 5340 Τίς
1804 5280 1909 5354 γάρ

257 5369 474 5444 μετοχή
507 5366 824 5443 δικαιοσύνῃ
877 5368 967 5423 καὶ
1013 5368 1258 5442 ἀνομίας
1292 5393 1321 5423 ιι
1385 5369 1537 5427 Ἀντὶ
1584 5372 1694 5423 τῶν
1737 5387 1910 5442 προσ-

252 5458 444 5526 ώπων,
477 5456 614 5513 αὖτά
642 5455 846 5520 τέθεικε
874 5455 941 5511 τὰ
972 5457 1284 5533 πράγματα.
1322 5457 1441 5528 Τίς,
1502 5457 1661 5535 φησὶ,
1706 5476 1908 5512 κοινω-

250 5551 362 5619 νία,
410 5551 538 5624 ὑμῖν
597 5548 690 5603 καὶ
745 5552 864 5609 τοῖς
905 5548 1200 5618 ἀπίστοις;
1260 5547 1442 5616 ὥσπερ
1503 5545 1631 5603 οὖδὶ
1695 5544 1906 5603 δικαιοο

325 5734 373 5773 ⁸⁸
407 5733 588 5801 intra,
620 5747 719 5799 ιιι,
752 5734 804 5787 6.

2026 4747 2112 4803 dit
2139 4762 2376 4821 quoque
2421 4747 2684 4805 debitum
2738 4763 2867 4802 esse
2922 4762 3208 4803 amorem.
3260 4749 3401 4802 Nam
3453 4746 3672 4803 debent

2025 4836 2083 4890 id
2117 4837 2224 4892 filii
2254 4835 2621 4908 parentibus.
2656 4857 2683 4885 α
2717 4837 2796 4890 Ne
2852 4835 3185 4890 declinetis.
3224 4856 3245 4885 ι
3295 4836 3541 4892 Demum
3592 4853 3667 4891 ne

2024 4925 2345 4996 Opinentur
2368 4924 2525 4996 quod
2564 4930 2807 4996 propter
2835 4925 3097 4997 seipsum
3145 4931 3383 4997 expetat
3428 4925 3669 4982 illorum

2023 5029 2308 5076 amorem,
2344 5012 2604 5068 ostendit
2632 5029 2694 5069 se
2739 5021 2986 5085 propter
3031 5013 3296 5085 ipsorum
3345 5014 3666 5071 utilitatem

2021 5102 2170 5158 velle
2200 5101 2405 5174 diligi;
2448 5102 2532 5156 ait
2586 5103 2785 5157 enim:
2847 5103 2964 5158 Hoc
3022 5107 3110 5157 est
3166 5102 3411 5176 diligere
3465 5120 3558 5159 me
3617 5105 3666 5161 si

2021 5208 2139 5247 non
2171 5191 2483 5246 declinetis
2513 5190 2587 5246 ad
2616 5190 2973 5259 incredulos,
3006 5208 3117 5248 nec
3156 5193 3663 5249 commisceamini

2020 5297 2156 5337 cum
2186 5280 2327 5345 illis,
2368 5280 2522 5335 046
2553 5286 2655 5335 aut
2683 5280 2755 5336 ab
2784 5281 2905 5337 illis
2935 5283 3423 5354 corrumpamini.
3479 5282 3667 5339 Dictio

2018 5377 2123 5426 aut
2178 5367 2612 5442 ἑτεροζυγοῦντες
2668 5376 2904 5443 sumpta
2969 5376 3060 5426 est
3100 5388 3134 5427 a
3186 5375 3371 5444 ζυγοῦ,
3439 5371 3499 5426 id
3556 5378 3666 5441 est,

2018 5458 2351 5531 mquilibrio
2385 5458 2572 5514 lancis
2603 5464 2704 5514 aut
2735 5460 2993 5515 trutina.
3032 5482 3060 5510 ι(
3090 5461 3255 5527 Quod
3314 5461 3472 5517 enim
3525 5477 3664 5516 con-

2018 5549 2266 5604 sortium
2290 5547 2540 5621 justitiaa
2570 5565 2702 5604 cum
2734 5549 3096 5623 iniquitate?
3126 5572 3155 5601 ››
3188 5551 3337 5606 Loco
3373 5566 3661 5623 persona-
