4106 6196
479 351 590 412 991

1595 349 1952 412 (ΕΟΗΜΕΝ
1961 350 2010 410 ΙΙ
2057 347 2364 409 TRICCE
2407 347 2762 410 EPISCOPI

3797 347 3890 410 992

479 503 611 544 rum
632 487 788 558 ipsas
821 499 912 538 ses
942 481 1158 554 posuit.
1192 483 1352 554 Quae,
1375 483 1589 556 inquit.
1613 483 1776 542 vobis
1797 481 2123 541 communi-

2244 480 2372 559 σύνῃ
2403 483 2496 540 καὶ
2525 483 2726 558 ἀνομίᾳ
2752 504 2808 538 τι
2836 481 3042 540 κοινόν.
3091 479 3248 540 Οὕτε
3311 477 3472 558 φωτί
3521 476 3659 552 πρὸς
3713 481 3894 552 σκότος,

482 576 632 632 catio
665 579 755 629 est
784 589 916 627 cum
949 571 1273 629 incredulis
1309 591 1322 628 :
1374 575 1876 645 quemadmodum
1929 592 2122 648 neque

471 663 720 736 justitize
749 668 806 716 et
834 661 1135 733 iniquitati
1169 663 1493 734 quidquam
1527 681 1841 721 commune
1874 671 1982 733 est,
2015 683 2123 722 ne-

479 769 592 824 que
625 751 742 806 luci
774 750 848 806 ad
879 753 1178 820 tenebras,
1211 771 1404 826 neque
1435 755 1664 810 Christo
1699 757 1772 811 ad
1831 756 2032 818 Belial.
2063 757 2124 814 id

479 849 587 908 est,
621 842 692 896 ad
725 845 1054 914 apostatam
1106 859 1173 897 ac
1223 843 1536 912 Satanam;
1597 861 1735 900 nam
1786 845 1970 902 Belial
2013 848 2123 902 He-

479 931 774 986 braeorum
809 931 1010 1003 lingua
1059 937 1387 1003 apostatam
1423 933 1735 1006 signiﬁcat.
1771 957 1798 986 »
1829 942 1946 992 Aut
1991 953 2123 1008 quae

479 1023 798 1079 concordia
829 1024 1060 1078 Christo
1093 1023 1164 1080 ad
1199 1024 1380 1080 Belial
1401 1025 1428 1080 ?
1461 1047 1489 1074 ››
1521 1025 1736 1084 Volens
1759 1027 1919 1100 ipsos
1940 1028 2126 1084 omni—

475 1113 587 1169 bus
617 1113 810 1168 modis
870 1119 941 1168 ab
1004 1114 1328 1169 incredulis
1383 1115 1707 1184 discedere,
1769 1134 1890 1173 non
1937 1118 2121 1174 dixit:

475 1203 655 1258 Justis
679 1208 735 1257 et
765 1202 1024 1272 injustis,
1060 1204 1162 1257 sed
1207 1204 1362 1274 quod
1393 1204 1588 1276 majus
1618 1210 1764 1260 erat.
1797 1208 1922 1262 Non
1953 1207 2121 1264 dixit.

477 1293 772 1365 Operariis
804 1293 954 1346 lucis
987 1309 1052 1347 ac
1086 1292 1488 1360 tenebrarum,
1513 1294 1617 1350 sed
1641 1297 1792 1366 quod
1818 1295 1952 1368 plus
1975 1303 2120 1352 erat.

477 1381 602 1436 Non
635 1381 818 1436 dixit:
853 1382 1135 1435 Ministris
1166 1382 1378 1436 Christi
1427 1388 1484 1437 et
1513 1385 1764 1451 Satanae,
1813 1385 1916 1440 sed
1966 1388 2124 1459 quod

477 1469 802 1524 terribilius
831 1476 973 1524 erat.
1011 1471 1390 1526 Postmodum
1425 1490 1499 1528 ne
1530 1473 1800 1530 videatur
1829 1477 2124 1534 nudarum

476 1575 674 1613 rerum
709 1559 916 1613 fecisse
945 1562 1468 1632 comparationem,
1501 1563 1574 1618 ad
1623 1563 1782 1635 ipsas
1817 1565 2128 1622 descendit

476 1665 801 1721 personas:
829 1672 854 1696 α
884 1649 1064 1704 Fideli
1086 1667 1217 1705 cum
1245 1651 1492 1719 infideli,
1521 1674 1547 1701 ››
1571 1653 1780 1725 inquit.
1811 1686 1876 1696 --
1897 1656 2004 1710 Aut
2022 1655 2125 1711 hoc

477 1738 639 1794 modo
662 1754 680 1791 :
719 1738 876 1792 Sicut
907 1738 998 1792 lllS
1037 1756 1167 1810 quae
1209 1756 1388 1810 supra
1414 1739 1573 1798 dicta
1603 1749 1738 1798 sunt
1769 1743 1919 1798 nihil
1973 1744 2122 1800 invi.

2227 581 2352 640 οὔτε
2425 582 2650 655 Χριστῷ
2721 576 2860 652 πρὸς
2935 572 3162 650 Βελίαρ,
3249 570 3548 639 τουτέστι,
3621 569 3743 655 τὸνΔ
3779 572 3892 626 ἀπο-

2229 674 2425 742 στάτην
2467 652 2555 725 καὶ
2613 670 2879 724 Σατανᾶν·
2936 665 3000 718 τὸ
3057 663 3162 739 γὰρ
3233 657 3460 732 Βελίαρ
3521 662 3592 732 τῇ
3657 652 3888 734 Ἐϐραίων

2229 767 2408 841 φωνῇ,
2437 760 2528 814 τὸν
2571 755 2877 826 ἀποστάτην
2939 750 3126 823 δηλοῖ,
3195 775 3228 804 cc
3270 749 3384 812 Τίς
3453 744 3516 803 δὲ
3575 749 3894 826 superbum;

2228 837 2445 927 Χριστῷ
2473 847 2608 924 πρὸς
2639 843 2860 919 Βελίαρ.
2895 867 2925 896 η
2985 847 3120 898 nam
3180 838 3442 915 τρόποις
3505 837 3750 927 ᾇπεῑρξαι
3801 842 3889 927 τῶν

2227 924 2468 997 ἀπίστων
2497 937 2692 998 αὐτοὺς
2725 933 2952 998 ἐθέλων,
2997 931 3098 988 ούκ
3135 933 3298 1000 εἷπε,
3357 926 3616 989 Δικαίοις
3666 926 3751 982 καὶ
3793 924 3894 982 ἀνό-

2233 1035 2380 1106 μοῖς,
2413 1027 2538 1084 ἀλλ’
2571 1027 2600 1082 δ
2635 1030 2820 1100 μεῖζον
2853 1025 2940 1093 ἦν.
2973 1022 3086 1080 Οὐκ
3116 1023 3276 1090 εἷπε,
3313 1022 3457 1080 Τοῖς
3489 1021 3593 1106 τοῦ
3627 1037 3792 1090 οωτις
3817 1018 3893 1072 καὶ

2231 1105 2457 1180 σκότους
2490 1115 2762 1191 ἐργάταις,
2813 1110 2938 1170 ἀλλ’
2969 1112 2999 1167 ’ὀ
3029 1109 3197 1168 πλέον
3267 1111 3368 1178 ἦν.
3429 1105 3554 1165 Οὐκ
3603 1107 3739 1162 εἶπε·
3788 1112 3890 1168 Τοῖς

2231 1207 2500 1269 διακόνοις
2528 1209 2628 1261 τοῦ
2657 1207 2896 1264 Χριστοῦ
2939 1201 3030 1258 καὶ
3085 1205 3206 1262 τοῖς
3272 1201 3386 1254 τοῦ
3443 1201 3686 1264 Σατανᾶ,
3733 1195 3892 1251 «HNG

2230 1293 2604 1377 φοϐερώτερον
2659 1294 2750 1364 ἧν.
2809 1293 2945 1350 Εἶτα
2995 1288 3084 1346 ’ἱνα
3165 1289 3252 1364 μὴ
3327 1285 3508 1377 ἓδόξῃᾼ
3568 1285 3888 1377 ,πραγμάτων

2231 1373 2409 1463 ᾠιλῶν
2442 1389 2715 1448 ποιεῖσθαι
2754 1381 3084 1460 συγκρίσεις,
3107 1378 3284 1449 ἦλθεν
3317 1375 3414 1432 ἐπ’
3449 1375 3594 1430 αὐτὰ
3642 1373 3710 1427 τὸ.
3751 1373 3892 1444 πρός-

2231 1497 2372 1532 ωπα.
2402 1498 2431 1526 ‹‹
2465 1477 2672 1544 Πιστῷ,
2704 1471 2860 1548 φησὶ,
2906 1469 3041 1545 μετὰ
3097 1467 3372 1523 ἀπίστου.
3415 1489 3444 1516 »ι
3503 1495 3574 1506 ——-
3614 1464 3684 1520 'li
3723 1463 3888 1526 οὕτως·

2228 1568 2456 1640 Ὥσπερ,
2495 1562 2652 1640 φησὶ,
2681 1567 2798 1624 τοῖς
2833 1559 2945 1616 ἅνω
2973 1560 3301 1635 εἰρημένοις
3339 1554 3508 1613 οὐδὲν
3542 1557 3726 1611 κοινὸν
3773 1555 3886 1628 πρὸς

2229 1654 2474 1724 ἑαυτοὺς,
2507 1653 2681 1714 οὕτως
2713 1647 2838 1708 οὐδὲ
2866 1655 2945 1721 τῷ
3001 1653 3180 1722 πιστῷ
3235 1648 3392 1723 μετᾶ
3445 1645 3706 1702 ἀπίστου.
3767 1644 3888 1704 ιΤῖς

2230 1743 2289 1802 δὶ
2319 1744 2700 1822 συγκατάθεσις
2728 1744 2842 1814 ναῷ
2897 1743 3030 1796 Θεοῦ
3091 1739 3230 1812 μετὰ
3293 1734 3567 1794 εἰδώλων
3607 1753 3680 1804 ς»
3733 1737 3886 1792 Τουτ-

481 1843 612 1882 cem
643 1843 957 1882 commune
986 1835 1090 1894 est,
1127 1830 1208 1884 ita
1239 1847 1432 1900 neque
1473 1831 1634 1887 ﬁdeli
1683 1849 1816 1888 cum
1873 1834 2118 1890 inﬁdeli.

2244 1832 2371 1892 ἔστιν
2403 1833 2691 1906 ὁμοίωσις.
2726 1835 2981 1898 Ἐκεῖνοι,
3039 1828 3194 1908 φησί,
3255 1827 3398 1888 ναὸς
3453 1823 3710 1881 εἰδώλων
3757 1823 3884 1894 εἰσὶν,

2244 1925 2258 1932 -
2343 1929 2366 1932 ,_
2496 1923 2508 1932 .
2593 1929 2610 1932 _
2691 1925 2716 1932 ..
2773 1919 2835 1932 ....
2959 1919 2982 1932 ν
3077 1917 3090 1932 .
3149 1923 3172 1932 ..
3315 1917 3330 1932 .
3420 1913 3434 1932 .
3813 1913 3839 1932 .,

485 1937 512 1970 ι
543 1919 659 1972 Aut
684 1917 826 1989 quid
857 1919 1127 1974 convenit
1159 1921 1378 1992 templo
1413 1923 1512 1978 Dei
1545 1939 1680 1978 cum
1737 1923 1949 1980 idolis:
2010 1925 2128 1981 Hoc

485 2014 591 2076 est,
627 2025 756 2078 quae
809 2007 1180 2064 similitudo?
1228 2011 1341 2078 Illi,
1393 2012 1606 2083 inquit,
1655 2013 1942 2085 templum
1991 2021 2126 2072 sunt

485 2097 806 2166 idolorum,
837 2115 935 2152 vos
968 2099 1256 2169 templum
1289 2101 1388 2154 Dei
1417 2119 1429 2167 ;
1464 2119 1594 2172 quae
1626 2119 1761 2176 ergo
1803 2107 2130 2160 communi-

2239 1925 2395 1998 ὑμεῖς
2424 1923 2551 1984 ναὸς
2582 1925 2739 1978 Θεοῦ.
2773 1919 2864 1982 Τίς
2921 1919 3012 1975 οὗν
3071 1917 3198 1991 ὑμῖν
3261 1913 3556 1976 κάκείνοις
3611 1913 3886 1980 κοινωνίας

2238 2013 2323 2070 ὅτι
2382 2010 2439 2068 δὲ
2493 2013 2617 2074 ναός
2673 2009 2811 2082 ἐστε,
2872 2008 3027 2086 φησὶ,
3086 2007 3244 2079 Θεοῦ,
3337 2005 3617 2082 πάρεστιν
3697 2001 3888 2058 ἀκοῦσαι

2234 2109 2332 2162 τοῦ
2370 2105 2655 2180 προφήτου
2684 2101 2972 2177 Ἰερεμίου.

488 2187 638 2244 catio
668 2193 757 2242 est
785 2187 942 2242 inter
969 2204 1070 2242 vos
1103 2193 1160 2242 et
1190 2188 1370 2244 illos?
1400 2190 1564 2255 Quod
1594 2197 1794 2248 autem
1839 2194 2126 2267 templum
2176 2196 2278 2253 Dei
2326 2195 2457 2251 sitis
2497 2179 2570 2250 in
2617 2197 2892 2266 promptu
2941 2194 3030 2247 est
3081 2195 3150 2246 ut
3203 2189 3545 2248 audiamus
3601 2179 3886 2241 Jeremiam

481 2277 856 2349 prophetam.

551 2370 643 2436 VI,
681 2371 856 2424 16-18.
885 2392 912 2418 ‹‹
938 2372 1080 2424 Nam
1113 2386 1213 2424 vos
1237 2371 1523 2441 templum
1551 2373 1693 2428 estis
1725 2373 1826 2428 Dei
1859 2375 2126 2442 viventis,

480 2481 510 2511 «
534 2458 1034 2530 quemadmodum
1060 2459 1208 2512 dixit
1238 2461 1427 2514 Deus:
1455 2461 1799 2518 lnhabitabo
1823 2463 1886 2518 in
1921 2464 2039 2518 illis
2071 2469 2131 2520 et

481 2569 511 2598 cc
543 2547 960 2603 inambulabo:
991 2553 1050 2602 et
1081 2565 1181 2602 ero
1212 2549 1453 2604 illorum
1485 2551 1660 2614 Deus,
1694 2557 1752 2606 et
1795 2551 1909 2622 ipsi
1953 2558 2129 2608 erunt

488 2659 514 2691 ι
535 2639 680 2692 mihi
701 2637 972 2708 populus.
999 2639 1365 2709 Quapropter
1386 2639 1537 2694 exite
1556 2639 1627 2694 de
1661 2640 1854 2697 medio
1887 2641 2128 2697 illorum

483 2750 512 2782 «
533 2733 590 2783 et
611 2728 967 2799 separemini
992 2728 1063 2782 ab
1088 2729 1171 2782 eis
1201 2729 1344 2783 dicit
1364 2730 1736 2798 Dominus,et
1756 2731 2132 2788 immundum

483 2841 512 2870 ‹‹
547 2835 622 2874 ne
655 2818 986 2890 tetigeritis,
1022 2823 1078 2871 et
1109 2835 1213 2890 ego
1243 2819 1562 2890 suscipiam
1593 2837 1714 2888 vos,
1747 2826 1806 2878 et
1836 2839 1935 2878 ero
1966 2821 2132 2877 vobis

482 2932 512 2962 ‹‹
545 2909 674 2964 loco
707 2909 919 2970 Patris,
953 2915 1010 2962 et
1040 2927 1139 2962 vos
1177 2909 1340 2963 eritis
1395 2910 1542 2964 mihi
1591 2911 1715 2967 vice
1763 2912 2020 2968 ﬁliorum
2063 2928 2132 2968 ac

485 3018 512 3048 (ί
544 2997 825 3062 ﬁliarum,
859 2997 1002 3052 dicit
1034 2997 1317 3054 Dominus
1349 3001 1747 3073 omnipotens.
1783 3022 1811 3050 ››

553 3109 581 3139 ‹‹
615 3087 986 3154 lnhabitabo,
1013 3112 1030 3134 η
1057 3089 1272 3160 inquit.
1297 3095 1582 3161 tauquam
1603 3091 1662 3146 in
1679 3091 1938 3163 templis.
1967 3092 2132 3158 Quod

485 3181 683 3234 autem
714 3178 834 3232 ait:
866 3198 894 3226 ‹‹
927 3178 1334 3246 lnambulabo,
1369 3203 1396 3230 ››
1431 3180 1800 3236 ostendentis
1855 3185 1946 3237 est
1991 3183 2133 3238 aﬁ‘e-

486 3273 646 3324 ctum
676 3284 850 3338 quem
877 3283 1016 3336 erga
1046 3285 1156 3323 nos
1187 3269 1355 3341 gerit.
1393 3293 1414 3316 α
1451 3271 1615 3325 Exite
1647 3271 1719 3325 de
1769 3271 1965 3326 medio
1999 3271 2136 3328 illo-

485 3373 642 3413 rum.
671 3379 697 3407 .»
735 3357 1018 3412 Videlicet
1067 3358 1508 3412 ineredulorum
1557 3375 1624 3414 ac
1669 3359 2136 3418 immundorum.

487 3448 667 3502 Porro
701 3447 858 3518 quod
912 3447 1093 3502 dicit:
1145 3468 1172 3496 «
1205 3445 1594 3516 Separemini,
1629 3469 1657 3496 »
1703 3447 1815 3504 hoc
1866 3453 1974 3516 est,
2027 3449 2139 3504 soli

487 3536 681 3609 degite
705 3535 862 3606 quod
885 3536 957 3590 ad
981 3535 1115 3588 illos
1139 3541 1384 3605 spectat.
1407 3535 1728 3590 Considera
1749 3541 1948 3592 autem
1981 3536 2138 3607 quod

487 3643 608 3682 non
631 3625 883 3680 dixerit:
923 3625 1000 3678 Ne
1033 3623 1292 3678 feceritis
1324 3623 1629 3693 quidpiam
1662 3625 1976 3696 impurum,
2035 3624 2139 3680 sed

487 3733 563 3772 ne
595 3715 926 3788 tetigeritis.
965 3739 983 3760 α
1023 3713 1091 3767 Et
1138 3729 1242 3783 ego
1296 3713 1610 3784 suscipiam
1659 3729 1780 3770 vos.
1817 3736 1844 3764 ››
1895 3717 2039 3770 Nam
2089 3715 2136 3770 si

491 3807 727 3871 abillis,
751 3805 967 3876 inquit,
988 3802 1246 3856 exieritis
1278 3803 1649 3858 mansionem
1667 3803 1826 3874 apud
1853 3821 1946 3860 me
1967 3804 2141 3860 habe-

489 3897 647 3952 bitis.
673 3916 701 3944 »
725 3923 794 3934 .-
817 3917 841 3940 (ι
860 3895 926 3946 Et
945 3907 1046 3944 vos
1069 3891 1232 3945 eritis
1254 3891 1394 3946 mihi
1415 3893 1539 3948 vice
1569 3893 1848 3950 ﬁliorum.
1875 3915 1903 3944 ››
1927 3893 2142 3950 Praedi-

493 3989 574 4042 cit
603 3983 890 4054 propheta
919 3997 1049 4034 eam
1083 3997 1214 4050 quae
1245 3998 1404 4037 nunc
1435 3981 1574 4039 data
1619 3989 1712 4040 est
1757 3983 2139 4057 adoptionem

493 4091 600 4148 per
631 4072 807 4128 ﬁdem
841 4077 900 4126 et
927 4070 1227 4127 lavacrum
1259 4073 1639 4145 baptismate.

561 4163 710 4217 647
753 4161 865 4229 VII,
911 4162 961 4218 1.
1027 4184 1048 4212 ιι
1113 4164 1228 4217 Has
1286 4164 1463 4236 igitur
1514 4165 1942 4237 promissiones
2001 4184 2137 4223 cum

497 4273 523 4305 α
552 4251 898 4317 habeamus,
924 4252 1280 4320 charissimi,
1325 4253 1684 4310 mundemus
1711 4272 1819 4312 nos
1873 4256 2033 4328 ipsos
2064 4256 2136 4314 ab

489 4363 532 4390 «ς
561 4341 725 4396 omni
774 4341 1228 4413 inquinamento
1283 4343 1478 4398 carnis
1527 4361 1596 4400 ac
1645 4344 1910 4416 spiritus,
1960 4346 2138 4418 perﬁ-

495 4449 523 4483 ι
552 4431 777 4487 cientes
805 4432 1261 4488 sanctimoniam
1293 4450 1398 4504 per
1427 4435 1704 4490 timorem
1733 4436 1860 4495 Dei.
1897 4457 1926 4486 »

567 4543 596 4574 ‹‹
617 4523 730 4578 llas
745 4521 924 4594 igitur
939 4539 1074 4578 cum
1093 4521 1417 4578 habeamus
1435 4524 1881 4596 promissiones.
1903 4547 1928 4576 »
1946 4524 2140 4592 Quas?
2169 4493 2214 4558 Β

493 4615 567 4670 Ut
595 4613 694 4670 Dei
730 4614 952 4684 templa
979 4614 1186 4681 simus,
1222 4619 1279 4668 et
1311 4613 1632 4670 habeamus
1663 4615 1856 4686 ipsum
1903 4615 2136 4672 inhabi-

493 4709 718 4761 tantem
750 4709 807 4759 et
835 4703 1330 4770 inambulantem,
1362 4709 1428 4759 ut
1469 4703 1576 4759 ﬁlii
1619 4721 1688 4760 ac
1734 4705 1988 4777 populus
2035 4705 2139 4761 Dei

491 4795 699 4849 simus.
738 4815 760 4845 ιι
795 4793 880 4848 Ab
914 4794 1076 4848 omni
1107 4794 1584 4865 inquinamento.
1619 4816 1647 4844 »
1679 4795 1956 4860 Quasdam
1979 4795 2140 4850 enim

489 4887 732 4956 peccata
781 4883 1220 4939 commaculant
1249 4901 1484 4957 corpus,
1537 4884 1720 4940 veluti
1769 4891 2038 4958 stuprum
2083 4890 2144 4942 et

493 4971 892 5028 adulterium:
934 4973 1204 5042 quaedam
1237 4991 1370 5029 vero
1420 4975 1718 5047 spiritum,
1769 4975 1826 5031 id
1877 4981 1966 5032 est
2011 4975 2143 5032 ani-

497 5077 679 5126 mam,
699 5061 878 5116 veluti
909 5069 1048 5117 sunt
1066 5063 1388 5120 immunda:
1408 5066 1814 5136 cogitationes,
1840 5066 2142 5123 memoriae

498 5150 878 5222 injuriarum,
911 5151 1194 5206 convicia.
1220 5182 1284 5192 —
1305 5155 1440 5209 Item
1461 5155 1572 5210 alio
1591 5172 1808 5227 quoque
1835 5155 2146 5227 modo.Spi-

498 5241 682 5296 ritum
711 5240 824 5296 hoc
853 5239 982 5294 loco
1024 5239 1166 5296 dicit
1197 5241 1480 5308 animam,
1524 5245 1765 5316 spiritus
1821 5245 2144 5301 immundi-

501 5330 648 5386 tiam
679 5345 891 5386 vocans
922 5331 1526 5388 communicationem
1576 5334 1649 5388 ad
1697 5333 1892 5402 idola;
1948 5333 2146 5390 carnis

498 5437 658 5478 vero.
679 5425 984 5493 peccatum
1015 5419 1075 5473 in
1097 5420 1458 5490 Operatione.
1483 5445 1510 5472 ‹‹
1531 5422 1911 5480 Perﬁcientes
1935 5423 2148 5480 sancti-

499 5509 784 5568 moniam.
807 5531 836 5560 »
861 5511 974 5566 Nec
1001 5509 1772 5581 sufﬁcit,inquit,abstinere
1793 5515 1866 5570 ab
1888 5514 2146 5570 immun-

507 5601 668 5658 ditiis
699 5605 758 5658 et
779 5601 1270 5673 inquinamentis,
1313 5601 1414 5658 sed
1453 5608 1685 5675 oportet
1729 5603 1909 5660 etiam
1955 5604 2149 5661 facere

513 5693 670 5766 quod
701 5691 845 5748 utile
877 5697 982 5748 est.
1009 5691 1146 5748 Ideo
1177 5691 1290 5748 ait:
1325 5715 1353 5744 «
1387 5693 1769 5751 Perﬁcientes
1827 5693 2150 5752 sanctimo-

2309 2375 2494 2448 Ἐμεῖς
2559 2374 2660 2450 γὰρ
2715 2372 2842 2434 ναὸς
2899 2375 3033 2428 Θεοῦ
3087 2367 3203 2424 ἐστε
3263 2371 3512 2439 ζῶντος,
3573 2361 3756 2450 καθὼς
3823 2357 3886 2414 εἶ-

2237 2484 2332 2520 πεν
2376 2447 2429 2518 ῦὸ
2488 2447 2640 2533 Θεὸς,
2699 2461 2784 2517 ὅτι
2837 2461 3137 2531 Ἐνοικήσω
3193 2458 3246 2514 ἐν
3315 2456 3516 2517 αὐτοῖς
3595 2453 3686 2508 καὶ
3739 2447 3884 2520 ἐμπε-

2239 2555 2545 2628 ριπατήσω,
2613 2551 2704 2608 καὶ
2769 2545 2962 2626 ἔσομαι
3035 2548 3207 2604 αῦτῶν
3310 2547 3476 2615 Θεὸς,
3572 2541 3662 2598 καὶ
3753 2534 3881 2628 αὖτοῖ

2237 2627 2448 2698 ἔσονταί
2507 2663 2601 2715 μοι
2655 2640 2808 2706 λαός.
2895 2639 2988 2696 Διὸ
3073 2637 3318 2710 ἐξέλθετε
3383 2635 3448 2691 ἐκ
3511 2634 3681 2707 μέσου
3732 2627 3878 2682 αὐτῶν

2239 2733 2330 2790 καὶ
2386 2733 2740 2813 ἀφορίσθητε,
2801 2731 2944 2807 λέγει
3004 2730 3228 2805 Κύριος,
3285 2727 3384 2784 καὶ
3465 2723 3765 2813 ἀκαθάρτου
3815 2719 3876 2790 μὴ

2241 2825 2491 2889 ἅπτεσθε,
2602 2822 2751 2897 κάγὼ
2851 2818 3160 2893 εἰσδέξομαι
3263 2821 3442 2894 ὑμᾶς,
3549 2815 3640 2870 καί
3709 2805 3872 2897 ἔσομαι

2243 2913 2370 2987 ὑμῖν
2431 2912 2507 2975 εἰς
2566 2896 2793 2988 πατέρα,
2841 2909 2931 2966 καὶ
2991 2911 3146 2984 ὑμεῖς
3205 2905 3394 2964 ἔσεσθὲ
3459 2925 3560 2980 μοι
3623 2902 3696 2963 εἰς
3747 2896 3874 2955 υἱοὺς

2239 3003 2328 3058 καὶ
2363 3002 2682 3078 θυγατέρας,
2715 2998 2866 3078 λέγει
2899 3000 3096 3077 Κύριος
3125 2997 3556 3073 παντοκράτωρ.

2316 3093 2390 3150 Τὸ
2443 3071 2588 3168 ⁷μὲν,
2615 3115 2644 3144 ι(
2678 3071 3003 3162 Ἐνοικήσω,
3031 3112 3062 3144 n
3139 3089 3214 3150 ὡς
3287 3071 3349 3142 ἐν
3425 3087 3604 3146 ναοῖς.
3641 3077 3746 3180 ⁸Τὸ
3807 3071 3870 3180 δέ,

2247 3208 2276 3237 ι(
2318 3183 2804 3256 Ἐμπεριπατήσω,
2847 3203 2876 3234 »
2951 3175 3320 3240 ἐνδεικνύντος
3404 3175 3520 3230 ἐστὶ
3597 3170 3692 3238 τήν
3760 3170 3870 3267 Epp;

2247 3277 2398 3349 ἡμᾶς
2449 3273 2657 3352 σχέσιν.
2717 3294 2747 3324 κ
2779 3268 3054 3341 Ἐξέλθετε
3109 3268 3171 3324 ἐκ
3231 3266 3404 3340 μέσου
3459 3263 3658 3352 αὖτιῖιν.
3691 3280 3720 3308 υ
3766 3256 3868 3352 Τῶν

2245 3345 2788 3432 ἀπίστωνηδηλαδὴ,
2845 3361 2954 3414 τῶν
3007 3358 3360 3430 ἀκαθάρτων.
3417 3354 3492 3408 Τὸ
3555 3347 3632 3420 δὲ,
3689 3369 3718 3400 ί(
3766 3345 3872 3432 Ἀγ-

2246 3451 2520 3524 ορίσθητε,
2555 3428 2607 3504 »-
2643 3428 2833 3519 οἱονεὶ,
2892 3428 3216 3516 Μονώθητε,
3273 3445 3408 3502 ὅσον
3461 3446 3590 3513 ἧκεν
3635 3438 3708 3500 εἰς
3759 3428 3870 3488 ἑκεί-

2243 3562 2384 3604 νους.
2415 3547 2550 3616 Ὀρα
2575 3537 2652 3608 δὲ,
2689 3541 2790 3596 οὐκ
2820 3539 2958 3596 εἴπεο
2994 3537 3086 3606 Μὴ
3145 3535 3416 3610 πράττετέ
3481 3554 3534 3586 τι
3587 3526 3866 3616 ἀκάθαρτον,

2243 3627 2410 3696 ἀλλὰ,
2442 3654 2468 3681 ιι
2486 3615 2654 3699 Μηδὲ
2679 3629 2923 3686 ἅπτεσθε.
2953 3650 2981 3680 »
3009 3657 3080 3671 --
3099 3649 3126 3678 ‹‹
3151 3624 3319 3700 Κάγὼ
3341 3621 3655 3712 εἰσδέξομαι
3677 3615 3820 3712 dixit.
3837 3629 3859 3656 ιι

2242 3722 2340 3777 νΑν
2387 3720 2490 3795 γὰρ
2566 3716 2806 3784 ἐκείνων,
2881 3717 3070 3793 φησὶν,
3145 3712 3424 3786 ἐξέλθητε,
3508 3707 3678 3782 μονὴν
3745 3699 3860 3795 ἕξετε

2244 3811 2370 3884 παρ’
2399 3793 2544 3880 ἐμοί·
2579 3833 2606 3860 ι(
2639 3809 2740 3866 Καὶ
2777 3807 2934 3882 ὑμεῖς
2964 3802 3144 3864 ἔσεσθέ
3183 3825 3280 3878 μοι
3322 3803 3400 3866 εἷς
3461 3797 3636 3859 υἱούς.
3667 3817 3694 3846 υ
3739 3793 3860 3884 llpo-

2243 3879 2516 3976 αναφωνεῖ
2571 3897 2600 3954 ὁ
2657 3879 2948 3975 προφῆτης
3011 3896 3111 3963 τήν
3175 3897 3264 3949 νῦν
3322 3890 3660 3968 δωρηθεῖσαν
3710 3879 3856 3938 91005-

2245 3984 2360 4040 σίαν
2398 3980 2486 4038 διὰ
2515 3988 2616 4052 τῆς
2652 3981 2882 4043 πίστεως
2921 3980 3010 4036 καὶ
3041 3984 3138 4036 τοῦ
3168 3979 3428 4054 λουτροῦ.

2314 4157 2521 4220 Ταύτας
2581 4157 2669 4213 οῦν
2727 4155 2946 4232 ἔχοντες
2997 4158 3096 4220 τὰς
3151 4155 3510 4233 ἐπαγγελίας,
3591 4135 3852 4227 ἂγαητθῖς

2243 4251 2617 4325 καθαρίσωμεν
2677 4249 2902 4312 ἑαυτοὺς
2959 4248 3066 4304 ἀπὸ
3123 4249 3321 4310 παντὸς
3409 4243 3694 4324 μολυσμοῦ
3743 4249 3852 4325 σιξ·

2243 4339 2339 4402 κὸς
2397 4340 2490 4396 καὶ
2565 4339 2895 4414 πνεύματος,
2977 4335 3350 4402 ἐπιτελοῦντες
3437 4329 3728 4412 ἁγιωσύνην
3805 4317 3848 4374 ιν

2245 4425 2401 4508 φόϐῳ
2431 4433 2584 4486 Θεοῦ.

2320 4501 2588 4583 «Ταύτας
2643 4520 2735 4575 οῦν
2789 4512 3014 4596 ἔχοντες
3067 4518 3162 4582 τὰς
3217 4516 3566 4594 ἐπαγγελίας.
3597 4537 3624 4566 ››
3675 4501 3844 4596 "om?

2249 4611 2324 4668 Τὸ
2353 4609 2514 4673 ναοὺς
2545 4612 2686 4666 εἶναι
2726 4615 2860 4666 Θεοῦ
2907 4609 2997 4666 καὶ
3045 4602 3192 4688 ἔχειν
3237 4609 3399 4665 αὑτὸν
3449 4606 3742 4696 ἐνοικοῦντα
3773 4589 3846 4696 fill

2249 4697 2738 4773 ἐμπεριπατοῦντα,
2811 4698 2875 4754 τὸ
2951 4697 3101 4761 υἱοὺς
3205 4699 3341 4754 εἶναι
3417 4699 3550 4754 Θεοῦ
3591 4689 3671 4748 καὶ
3714 4683 3837 4741 λαὸν.

2249 4814 2278 4842 ‹‹
2311 4789 2447 4848 Ἀπὸ
2475 4790 2676 4854 παντὸς
2709 4787 3022 4863 μολυσμοῦ.
3065 4813 3093 4842 υ
3143 4789 3226 4848 Τὰ
3285 4788 3381 4861 μὲν
3426 4789 3532 4867 γὰρ
3568 4785 3667 4840 τῶν
3707 4776 3846 4867 ἀμῆίν

2241 4881 2510 4956 ’πημάτων
2546 4877 2771 4954 μολύνει
2817 4879 2881 4936 τὸ
2939 4884 3121 4954 σῶμα,
3181 4879 3301 4935 οἷον
3343 4877 3580 4954 πορνεία,
3637 4857 3838 4956 μοιχεία·

2249 4971 2330 5030 Τὰ
2362 4967 2419 5026 δὲ
2445 4971 2508 5026 τὸ
2535 4974 2770 5044 πνεῦμα,
2815 4967 3054 5026 τευτέστι
3103 4971 3202 5040 τήν
3248 4971 3458 5045 ψυχὴν,
3509 4965 3620 5022 οἷον
3655 4953 3842 5045 (ﬁdei?

2250 5081 2334 5117 τοι
2367 5059 2652 5140 λογισμοί,
2677 5041 3063 5134 μνησικακίαι,
3096 5041 3394 5131 λοιδορίαι.
3429 5089 3494 5102 -—
3523 5051 3620 5112 Καὶ
3664 5041 3833 5140 ἄλλως·

2253 5123 2582 5228 [ΘΕΟΔίὶΡί]
2615 5123 2650 5204 (Q
2679 5123 2990 5225 ὺνεύματος
3021 5123 3059 5202 nr
3081 5123 3329 5214 ἐνταῦάα,
3359 5155 3458 5218 τῆς
3499 5123 3833 5230 ψυχῆςηφησίε·

2255 5224 2579 5316 ῘΙνεύματος-
2638 5240 2732 5314 μὲν
2815 5239 3139 5328 ἀκπθαρσξαν
3212 5237 3424 5328 λέγων*
3476 5238 3572 5328 ira"
3607 5224 3832 5328 -πρὸςνῗ

2255 5327 2462 5388 εἲδωλα
2487 5330 2798 5399 κοινωνίαν,
2831 5329 3026 5405 σαρκὸς
3057 5325 3134 5398 δὲ,
3161 5327 3261 5396 τὴν
3301 5347 3352 5382 εν
3381 5326 3563 5402 πράξει
3597 5307 3816 5410 ἁμαρτεξν

2259 5446 2288 5475 α
2317 5417 2723 5482 Ἐπιτελοῦντες
2763 5417 3089 5495 ἁγιωσύνην.
3127 5441 3148 5469 ι
3207 5417 3306 5472 Καὶ
3356 5417 3458 5472 οὐκ
3499 5413 3653 5488 ἀρκεῖ,
3691 5411 3830 5495 σησιντ

2255 5511 2593 5588 ἀκαθαρσιῶν
2636 5509 2724 5565 καὶ
2789 5505 3089 5584 μολυσμῶν
3135 5506 3452 5581 ἀπέχεσθαι,
3499 5499 3631 5560 ἀλλᾶ
3669 5513 3718 5588 tt
3757 5499 3829 5538 καί

2256 5580 2454 5680 πρᾶξαι
2483 5600 2745 5678 χρηστόν.
2789 5580 2899 5654 ’Διό
2957 5617 3142 5672 φησιν,
3203 5598 3654 5682 «Ἐπιτελοῦντες
3693 5580 3826 5682 ἀγιωῖ

2259 5678 2442 5765 σύνην,
2495 5715 2524 5744 ››
2581 5690 2847 5762 τουτέστι,
2923 5685 3273 5766 Ιῐράττοντες.
3351 5686 3412 5746 Ἡ
3489 5681 3542 5742 δὶ
3605 5678 3824 5752 ἁγιωσῧνη
