4128 6192
312 313 428 376 993
458 280 459 283 γ

1274 314 1680 378 ΟΟΜΜΕΝΤ.
1719 317 1794 379 ΙΝ
1842 316 2093 379 EPIST.
2141 318 2197 378 II
2243 319 2348 379 AD
2393 320 2756 382 CORINTH.

3604 332 3722 395 994

313 447 643 527 σωφροσύνη
707 466 765 502 τε
820 448 1043 518 νοεῖται,
1100 449 1191 504 καὶ
1246 447 1553 521 καθαρότης
1609 449 1809 512 παντὸς
1863 445 1963 504 πά-

2088 450 2252 516 iiam,
2283 472 2311 500 »
2344 451 2403 506 id
2435 458 2542 520 est,
2578 455 2920 522 Operantes.
2956 455 3313 530 Intelligitur
3350 466 3546 519 autem
3580 481 3722 523 san-

321 551 470 603 θους.
517 537 651 596 Εἶτά
680 555 867 614 φησιν’
903 562 932 590 ι(
966 538 1054 594 Ἐν
1081 533 1237 615 φόϐῳ
1285 543 1440 598 Θεοῦ.
1489 561 1516 594 ι
1548 541 1663 597 "Evt
1712 540 1816 615 γάρ
1874 537 1963 593 καὶ

317 628 453 705 πρὸς
495 627 968 704 ἀνθρωπάρεσκίαν
1027 629 1119 684 καί
1173 627 1456 706 ὑπόκρισιν
1511 629 1601 685 καὶ
1656 626 1963 700 κενοδοξίαν

318 719 573 791 πράττειν
604 738 656 773 τι
700 721 810 774 τῶν
870 715 1181 790 ἐπαινετῶν,
1210 753 1281 763 -
1311 719 1379 777 Ἤ
1405 717 1518 787 ὅτι,
1583 741 1605 771 ι
1639 719 1737 774 Διά
1792 712 1967 795 φόϐου

319 811 454 865 Θεοῦ
508 832 537 861 ››
581 812 670 882 Τῷ
723 809 827 884 γὰρ
888 812 986 864 τοῦ
1042 812 1177 865 Θεοῦ
1234 804 1413 888 φὸϐῳ,
1472 807 1662 879 άλωτὴ
1695 806 1899 884 γίνεται
1929 808 1965 877 ἡ

320 900 591 976 ἀγιωσὺνη
608 941 621 959 .

953 1181 1212 1238 ΚΕΦΑΛ.
1255 1185 1338 1238 Η“.

321 1297 456 1373 Περὶ
495 1293 782 1374 ἀποδοχῆς
811 1302 911 1374 τῆς
948 1296 1246 1370 Κορινθίων
1300 1296 1567 1374 ὑπακοῆς,
1598 1297 1688 1353 καὶ
1748 1296 1972 1373 ἀγάπης

837 1367 1227 1446 εὐφραινουσῃς
1257 1367 1442 1426 αὐτόν.

400 1479 703 1550 Χωρήσατε
773 1475 923 1548 ἡμᾶς
1022 1471 1209 1531 οὑδένα
1310 1472 1679 1550 ἠδικήσαμεν,
1782 1474 1975 1534 οὐδένα

330 1567 670 1643 ἐφθείραμῖν,
744 1562 940 1620 οὐδένα
1036 1561 1560 1639 ἐπλεονεκτήσαμεν.
1658 1562 1736 1623 Οὑ
1838 1568 1977 1642 πρὸς

326 1658 638 1731 κατάκρισιν
743 1653 932 1731 λέγω.
1009 1654 1319 1731 Προείρηκα
1390 1656 1494 1733 γὰρ
1569 1657 1655 1711 ὅτι
1730 1655 1783 1712 ἂν
1856 1662 1980 1722 ταῖς

2071 540 2374 608 ctimonia,
2408 544 2801 614 temperantia
2828 551 2885 600 et
2908 547 3226 604 mundities
3254 550 3371 605 sive
3393 554 3720 623 puriﬁcatio

2072 628 2144 683 ab
2177 631 2339 685 omni
2370 631 2705 689 alTectione.
2768 634 2987 692 Deinde
3033 637 3156 692 ait:
3221 663 3241 688 ι
3277 640 3390 694 Per
3446 642 3719 700 timorem

2074 718 2196 774 Dei.
2231 741 2260 768 ‹‹
2292 719 2588 794 Contingit
2646 724 2807 778 enim
2866 724 3093 796 aliquid
3137 727 3266 782 fieri
3320 746 3527 785 eorum
3588 749 3718 804 qua)

2073 807 2248 863 laude
2278 807 2453 882 digna
2481 817 2621 866 sunt
2651 813 2726 867 ad
2756 814 3014 870 studium
3062 833 3295 888 quoque
3324 819 3597 890 placendi
3621 822 3725 877 ho-

2073 897 2358 965 minibus,
2391 904 2448 954 et
2479 901 2553 956 ad
2584 901 3025 960 simulationem
3056 922 3124 961 ac
3165 906 3403 963 inanem
3453 910 3724 982 gloriam.

2075 989 2279 1043 -Αιιι
2307 1004 2321 1042 :
2354 1010 2382 1038 ι(
2409 989 2657 1062 PrOpter
2689 992 2962 1048 timorem
2990 994 3113 1049 Dei.
3151 1017 3178 1045 ››
3204 997 3345 1052 Nam
3380 998 3480 1054 Dei
3515 998 3726 1055 timore

2077 1075 2248 1133 facile
2278 1079 2746 1151 apprehenditur
2777 1084 3194 1142 sanctimonia.

2695 1199 2924 1255 CAPUT
2968 1202 3111 1257 VIII.

2078 1302 2156 1358 De
2201 1305 2664 1361 commendatione
2708 1307 3042 1366 obedientia?
3089 1309 3499 1369 Corinthiorum
3542 1321 3593 1370 et
3640 1317 3729 1371 di-

2454 1377 2679 1434 lectione
2713 1379 2941 1435 Paulum
2980 1382 3344 1439 emhilarante.

2152 1483 2271 1549 VII,
2303 1485 2356 1550 2,
2389 1484 2441 1537 3.
2467 1504 2497 1533 «
2528 1487 2783 1555 Capaces
2815 1483 3002 1542 estote
3033 1488 3217 1543 nostri
3248 1506 3261 1543 :
3294 1491 3597 1548 neminem
3630 1494 3732 1549 lie-

2087 1595 2110 1623 ι
2146 1574 2354 1640 simus,
2386 1574 2691 1629 neminem
2722 1575 3116 1647 corrupimus,
3150 1580 3451 1635 neminem
3484 1581 3734 1637 circum‘

2083 1681 2113 1710 ‹‹
2143 1659 2433 1715 venimus.
2462 1662 2586 1716 Non
2618 1661 2729 1717 hoc
2780 1662 2856 1717 ad
2886 1664 3403 1722 condemnandum
3461 1668 3611 1725 dico.
3645 1670 3736 1724 Si-

330 1744 580 1824 καρδίαις
656 1747 819 1821 ἡμῶν
920 1743 1059 1816 ἐστε,
1136 1744 1213 1808 εἷς
1295 1745 1359 1801 τὸ
1434 1748 1817 1802 συναποθανεῖν
1887 1746 1974 1803 καὶ

2088 1767 2117 1799 ιι
2147 1748 2387 1819 quidem
2411 1748 2538 1821 jam
2572 1755 2706 1806 ante
2735 1751 2853 1807 dixi
2883 1753 3041 1824 quod
3087 1755 3147 1809 in
3190 1756 3468 1813 cordibus
3516 1759 3734 1815 nostris

328 1843 516 1906 συζῆν.

397 1926 573 1982 Πάλιν
602 1924 695 1982 τὸν
726 1922 853 2000 περὶ
913 1924 1130 1999 ἀγάπης
1188 1929 1332 1980 κινεῖ
1385 1922 1571 2000 λόγον.
1605 1922 1833 1996 Ἐπειδὴ
1866 1925 1971 2004 γὰρ

326 2014 559 2088 ἔπληξεν
590 2013 807 2085 αὐτοὺς,
861 2014 1025 2070 εἰπὼν
1087 2015 1171 2071 ὅτι
1230 2013 1399 2070 αὑτοῦ
1454 2016 1550 2088 μὲν
1606 2014 1976 2093 ἀποφοιτῶσι,

327 2105 644 2163 κολλῶνται
702 2102 762 2161 δὶ
812 2103 1060 2168 ἀπίστοις
1135 2104 1226 2160 καὶ
1282 2103 1628 2180 ἀκαθάρτοις,
1685 2109 1774 2161 νῦν
1829 2106 1979 2181 θερα-

327 2196 481 2253 πεὺει
537 2195 737 2258 αὐτοὺς
788 2194 880 2249 καὶ
934 2214 1088 2271 φησι*
1150 2218 1178 2248 ‹‹
1209 2195 1515 2271 Χωρήσατε
1544 2195 1713 2268 ἡμᾶς,
1756 2217 1786 2247 ››
1818 2216 1979 2251 τουτ-

327 2285 439 2342 ἑστι
471 2328 487 2354 ,
552 2285 781 2355 Δὲζασθε
834 2285 984 2357 ἡμᾶς
1020 2326 1037 2353 ,
1087 2283 1178 2339 καὶ
1235 2282 1306 2338 τὰ
1360 2284 1523 2357 ἡμῶν
1582 2284 1824 2359 ῥήματα’
1883 2288 1975 2340 ν’ὗν

329 2375 433 2451 γάρ
464 2376 583 2430 οἷον
617 2368 998 2446 ἐκϐεϐλήμεθα
1039 2377 1148 2430 τῶν
1204 2369 1459 2428 διανοιῶν
1494 2372 1666 2446 ὑμῶν.
1699 2374 1832 2431 Εἶτα
1884 2374 1975 2429 καὶ

322 2465 453 2527 τοὺς
481 2461 958 2539 ψευδαποστόλους
1001 2460 1402 2536 αῗνιττόμενος,
1461 2461 1648 2543 φησίν⁶
1712 2487 1741 2516 ‹‹
1767 2461 1976 2522 Οὐδένα

327 2552 691 2627 ἠδικήσαμεν,
721 2554 757 2622 ἢ
791 2549 1192 2632 διεφθείραμεν,
1230 2577 1251 2602 ι
1305 2549 1359 2607 ἐν
1391 2548 1655 2625 δόγμασιν
1711 2546 1972 2609 ἆσεϐξσιν.

331 2643 367 2714 ἢ
399 2641 919 2715 ἐπλεονεκτήσαμεν,
978 2641 1457 2716 χρηματισάμενοι
1519 2638 1609 2696 διὰ
1662 2641 1754 2696 τὸν
1810 2639 1973 2718 λόγον

330 2734 420 2789 καὶ
476 2733 538 2788 τὸ
608 2734 888 2810 κήρυγμα.
949 2732 1020 2787 Ἦ
1075 2730 1163 2798 τὸ,
1220 2754 1249 2783 ιι
1283 2732 1606 2806 Χωρήσατε,
1639 2754 1669 2783 n
1706 2729 1822 2787 ἀντὶ
1876 2736 1975 2787 τοῦ

331 2819 650 2892 Εἶσδέξασθε
711 2823 861 2896 ἡμᾶς
919 2819 994 2882 εἷς
1051 2818 1147 2882 τὰς
1194 2820 1376 2894 ψυχᾶς
1436 2820 1614 2894 ὑμῶν.
1674 2844 1703 2871 ι(
1735 2819 1808 2875 Οὐ
1839 2820 1979 2895 πρὸς

327 2910 641 2988 κατάκρισιν
671 2908 837 2985 λέγω.
879 2932 909 2961 »ι
946 2907 1063 2966 Οὐκ
1120 2907 1209 2963 ἐπὶ
1260 2912 1338 2981 τῷ
1390 2914 1730 2983 κατακρῖναι,
1788 2908 1976 2988 φησὶν,

334 3002 476 3073 ὑμᾶς
529 2998 673 3076 λέγω
730 3001 917 3055 ταῦτα.
980 2996 1148 3062 Πόθεν
1204 2993 1420 3067 δῆλον;
1462 2996 1522 3052 ἐκ
1574 3004 1677 3068 τῆς
1734 2998 1973 3072 ἀγάπης.

328 3090 453 3147 ’Ότι
510 3088 563 3143 ἐν
636 3092 755 3150 ταῖς
807 3082 1055 3162 καρδίαις
1109 3086 1316 3159 ἡμῶν,
1365 3085 1552 3157 φησὶν,
1604 3084 1725 3141 ἐστι
1780 3085 1856 3148 είς
1914 3085 1977 3141 τὸ

2009 1824 2052 1888 Β
2085 1859 2114 1888 ‹‹
2141 1838 2271 1895 sitis
2292 1839 2366 1894 ad
2397 1842 2909 1898 commoriendum
2942 1850 3001 1900 et
3025 1847 3471 1905 convivendum.

2155 1929 2410 1983 Rursum
2442 1928 2513 1983 de
2552 1929 2873 1987 dilectione
2930 1939 3125 1989 movet
3175 1953 3533 1993 sermonem.
3568 1939 3732 2004 Quo-

2085 2016 2249 2072 niam
2279 2018 2439 2073 enim
2470 2018 2607 2075 illos
2629 2021 3047 2091 momorderat,
3074 2024 3275 2081 dicens
3295 2027 3452 2097 quod
3481 2029 3633 2083 648
3659 2028 3730 2084 ab

2084 2104 2214 2177 ipso
2246 2105 2489 2178 quidem
2520 2107 2912 2177 discederent,
2947 2112 3274 2169 incredulis
3305 2122 3502 2171 autem
3533 2117 3596 2171 in
3630 2117 3737 2171 im-

2083 2194 2324 2251 mundis
2349 2196 2760 2254 adhaererent:
2817 2200 2977 2272 ipsos
3009 2218 3167 2258 nunc
3199 2204 3308 2259 sibi
3345 2206 3642 2263 conciliat.
3678 2208 3740 2262 et

2085 2286 2212 2342 ait:
2242 2308 2272 2336 «
2302 2286 2559 2359 Capaces
2590 2294 2776 2343 estote
2816 2290 3023 2345 nostri.
3064 2315 3090 2340 ››
3142 2293 3259 2347 Hoc
3310 2299 3419 2361 est,
3454 2296 3735 2367 suscipite

2084 2391 2192 2431 nos
2206 2391 2273 2430 ac
2302 2376 2479 2432 verba
2501 2383 2732 2444 nostra;
2761 2394 2919 2434 nunc
2940 2379 3098 2434 enim
3129 2380 3305 2436 veluti
3333 2383 3503 2455 ejecti
3533 2401 3738 2440 sumus

2083 2464 2430 2521 amentibus
2442 2465 2656 2522 vestris
2697 2467 2919 2523 Deinde
2935 2470 3159 2541 pseudo
3178 2473 3482 2543 apostolos
3500 2491 3734 2545 quoque

2083 2554 2400 2628 designans
2436 2556 2565 2611 ait:
2622 2557 2933 2614 Neminem
2990 2559 3253 2617 lzesimus
3309 2568 3410 2618 aut
3467 2565 3738 2635 corrupi-

2081 2661 2237 2713 mus,
2273 2669 2294 2694 ι
2326 2645 2527 2719 impiis
2585 2647 2896 2721 dogmatis,
2944 2655 3045 2705 aut
3091 2652 3607 2719 circumvenimus,
3643 2655 3734 2707 lu-

2081 2751 2250 2791 crum
2281 2735 2402 2791 sive
2426 2742 2719 2807 qumstum
2751 2753 2822 2793 ex
2851 2755 3127 2794 sermone
3171 2757 3276 2796 seu
3312 2741 3734 2812 praedicatione

2084 2830 2400 2881 sectantes.
2432 2828 2568 2893 Aut,
2602 2848 2631 2877 «
2662 2827 2918 2898 Capaces
2963 2834 3171 2895 estote,
3208 2852 3235 2879 ››
3286 2830 3345 2885 id
3377 2835 3490 2896 est,
3524 2831 3584 2885 in
3617 2831 3739 2885 ani-

2082 2929 2210 2969 mas
2239 2921 2464 2970 vestras
2495 2931 2603 2970 nos
2631 2915 2947 2972 admittite.
2985 2938 3012 2969 α
3042 2920 3166 2972 Νοη
3224 2920 3298 2974 ad
3330 2920 3739 2977 condemnan-

2037 3030 2047 3039 —
2083 3002 2226 3059 dum
2257 3002 2411 3059 dico.
2442 3024 2469 3055 ι
2504 3005 2632 3059 Non
2663 3005 2724 3059 in
2763 3004 2876 3060 hoc
2905 3010 2972 3060 ut
3027 3023 3127 3061 vos
3186 3008 3577 3064 condemnem
3612 3010 3737 3067 hinc

2083 3090 2236 3147 dico.
2272 3090 2435 3147 Unde
2448 3092 2958 3149 bocmanifestum
2983 3096 3560 3166 est?Exdilectione,
3580 3100 3738 3171 quod

329 3182 717 3244 συναποθανεῖν
772 3176 861 3233 καί
914 3180 1102 3246 συζῆν.
1153 3173 1467 3265 Προείρηκα
1499 3174 1632 3265 γὰρ,
1665 3172 1750 3230 ὅτι
1779 3172 1974 3265 ἰνᾲταῖς

2088 3178 2142 3233 in
2173 3178 2450 3235 cordibus
2489 3182 2712 3236 nostris
2769 3182 2920 3250 sitis,
2973 3183 3189 3256 inquit,
3231 3186 3305 3241 ad
3336 3189 3738 3245 commorien-

326 3265 574 3344 καρδίαὶς
631 3268 793 3341 ἡμῶν
853 3265 989 3323 ἔστε.
1040 3265 1156 3322 Ἒνι
1213 3262 1306 3318 καὶ
1364 3260 1722 3336 πεφιλῆσθαι,
1772 3263 1862 3319 καὶ
1919 3261 1972 3320 ἰν

2088 3268 2222 3324 dum
2250 3274 2311 3324 et
2331 3269 2780 3326 convivendum.
2815 3293 2842 3323 «
2878 3272 3183 3344 Siquidem
3213 3275 3343 3347 jam
3403 3282 3578 3333 antea
3616 3278 3738 3333 dixi

326 3356 523 3433 καρδίᾳ
550 3355 688 3413 sint
713 3376 883 3427 τινος,
935 3354 1011 3427 μή
1076 3354 1184 3427 μήν
1244 3346 1418 3415 οὕτως
1476 3352 1552 3415 ὦς
1592 3354 1975 3408 συναποθανεῖν

326 3446 419 3504 καὶ
449 3450 635 3520 συζῆν.
669 3443 825 3513 ΙΙλῆν
884 3442 1011 3518 ἐμοὶ
1062 3440 1235 3503 οὕτως
1291 3440 1617 3521 πεφίλησθε.
1654 3441 1755 3497 Καὶ
1811 3446 1973 3497 ποῖον

328 3533 477 3600 εἶδος
504 3540 665 3591 τοῦτο
695 3532 882 3609 φιλίας
954 3532 1018 3588 τὸ
1051 3534 1217 3607 συζῇν
1254 3549 1268 3601 ;
1301 3530 1426 3601 Ναὶ,
1486 3530 1643 3611 φησὶ.
1701 3529 1816 3587 Είσι
1869 3529 1972 3606 γάρ

324 3646 485 3696 τινες,
518 3625 570 3680 οἳ
616 3628 734 3687 τοῖς
792 3620 974 3700 φίλοις
1031 3624 1213 3682 κακῶς
1276 3620 1372 3693 μὶν
1429 3619 1725 3694 πράττουσι
1784 3619 1974 3675 συναλ-

324 3720 529 3791 γοῦσιν,
559 3711 887 3788 εὑδρομοῦσι
919 3707 996 3780 δὲ,
1030 3711 1335 3784 φθονοῦσιν.
1393 3705 1552 3765 Ἀλλ’
1610 3706 1719 3784 οὑχ
1781 3709 1965 3780 ἡμεῖς.

2088 3358 2246 3428 quod
2276 3357 2339 3412 in
2367 3357 2646 3414 cordibus
2668 3360 2888 3415 nostris
2914 3361 3065 3417 sitis.
3100 3384 3128 3412 »
3152 3363 3452 3437 Contingit
3478 3371 3534 3421 et
3551 3367 3741 3422 amari

2087 3451 2146 3501 et
2173 3446 2236 3501 in
2267 3446 2444 3502 corde
2475 3447 2733 3521 alicujus
2764 3466 2917 3520 esse,
2968 3453 3133 3522 atqui
3196 3470 3316 3510 non
3375 3455 3458 3511 ita
3508 3461 3574 3509 ut
3601 3455 3744 3511 velit

2084 3533 2235 3590 alter
2262 3551 2384 3591 una
2413 3538 2700 3592 commori
2732 3554 2972 3610 unaque
3000 3542 3339 3598 convivere:
3369 3549 3630 3600 attamen
3671 3561 3739 3599 eo

2083 3623 2260 3680 modo
2291 3640 2391 3680 vos
2418 3640 2454 3681 a
2482 3642 2578 3680 me
2609 3627 2918 3682 amamini.
2951 3630 3019 3684 Et
3049 3630 3208 3700 quod
3265 3632 3503 3686 amandi
3553 3649 3738 3703 genus

2084 3718 2174 3768 est
2200 3729 2321 3770 una
2340 3715 2646 3771 canvivere
2674 3716 2703 3771 ‘l
2733 3719 2835 3772 Est
2874 3719 3100 3789 utique.
3153 3721 3298 3774 Nam
3332 3727 3471 3775 sunt
3498 3723 3740 3791 quidam

326 3806 427 3878 qui
459 3805 667 3861 amicis
697 3802 938 3875 quidem
969 3817 1120 3871 aegre
1151 3816 1219 3856 ac
1247 3798 1499 3855 moleste
1566 3799 1881 3873 agentibus
1922 3799 2263 3870 condolent,
2322 3810 2384 3860 at
2440 3804 2573 3861 laete
2630 3811 2690 3863 et
2744 3824 3028 3879 prospere
3081 3808 3410 3864 viventibus
3455 3810 3736 3868 invident.

330 3897 545 3950 Verum
578 3909 686 3948 nos
717 3908 838 3948 non
867 3891 949 3946 ita
980 3890 1229 3962 agimus.

405 3979 597 4052 Πολλή
668 4002 761 4055 μοι
835 3976 1113 4054 παρῥησία
1193 3976 1329 4051 πρὸς
1400 3977 1563 4049 ὑμᾶς,
1612 3973 1801 4047 πολλή
1882 3996 1977 4050 μοι

330 4072 603 4148 καύχησις
684 4070 815 4145 ὑπὲρ
906 4068 1084 4141 ὑμῶν.
1169 4064 1548 4142 Πεπλήρωμαι
1639 4068 1708 4140 τῇ
1800 4086 1979 4141 παρα·-

324 4162 543 4234 κλήσει,
596 4157 1122 4237 ὑπερπερισσεύομαι
1205 4159 1274 4231 τῇ
1351 4160 1498 4231 χαρᾷ
1552 4153 1640 4212 ἐπὶ
1700 4156 1845 4231 πάσῃ
1905 4159 1975 4230 τῇ

327 4251 510 4327 θλίψει
536 4253 720 4325 ἡμῶν.

393 4344 524 4401 Εἶτα
552 4362 644 4397 και
675 4339 867 4403 ἄλλως
921 4339 985 4395 τὸ
1020 4335 1158 4414 βαρὺ
1210 4342 1311 4405 τῆς
1356 4330 1705 4405 ἑπιπλήξεως
1745 4331 1973 4390 λεαίνει.

324 4433 403 4491 Οὑ
433 4431 768 4507 κατακρίνων
810 4428 976 4504 ὑμᾶς,
1034 4424 1192 4504 φησὶ,
1245 4427 1414 4479 ταῦτα
1467 4421 1639 4499 λέγω,
1698 4419 1825 4478 ἀλλ’
1886 4421 1969 4478 ὅτι

2160 3984 2279 4051 VII,
2309 3983 2361 4038 4.
2389 4006 2417 4035 ‹‹
2443 3985 2625 4041 Multa
2650 3985 2798 4040 mihi
2826 3984 3042 4041 fiducia
3071 4002 3210 4059 erga
3229 4003 3352 4055 vos,
3383 3987 3573 4045 multa
3594 3989 3741 4045 mihi

2093 4091 2121 4126 α
2136 4072 2408 4146 gloriatio
2422 4074 2494 4130 de
2507 4074 2689 4140 vobis,
2709 4074 2989 4148 impletus
3003 4093 3131 4132 sum
3147 4079 3553 4135 consolatione
3568 4081 3710 4136 vehe
3722 4111 3744 4123 -

2086 4184 2116 4214 ι(
2136 4164 2449 4221 hementer
2471 4165 2704 4221 exundo
2725 4166 2939 4238 gaudio
2971 4166 3032 4222 in
3055 4168 3219 4223 omni
3250 4170 3575 4226 alﬂictione
3597 4188 3704 4227 nos
3719 4202 3738 4214 -

2085 4273 2115 4303 ι(
2147 4257 2260 4309 tra.
2296 4274 2325 4303 ›)

2155 4341 2379 4397 Deinde
2402 4343 2519 4398 alio
2541 4361 2777 4417 quoque
2799 4346 2975 4403 modo
2996 4348 3340 4421 gravitatem
3371 4348 3519 4403 lenit
3549 4348 3745 4404 incre—

2083 4431 2365 4502 pationis.
2385 4433 2510 4489 Non
2530 4434 2676 4502 hmo,
2702 4436 2920 4509 inquit,
2942 4438 3074 4494 dico
3096 4444 3160 4494 ut
3181 4455 3281 4494 vos
3304 4439 3695 4494 condemnem
3723 4455 3735 4492 :

325 4521 514 4593 πολλή
553 4543 652 4596 μοι
680 4518 960 4595 παρρησία
990 4517 1128 4593 πρὸς
1161 4514 1325 4589 ὑμᾶς,
1385 4510 1519 4601 ὅπερ
1547 4511 1639 4567 καὶ
1690 4516 1862 4601 τοῦτο
1903 4512 1974 4568 εἴ·

2088 4519 2192 4575 sed
2224 4537 2366 4592 quia
2397 4523 2586 4580 multa
2616 4525 2760 4580 mihi
2795 4526 3012 4583 ﬁducia
3041 4544 3180 4601 erga
3200 4545 3320 4594 vos,
3354 4527 3510 4598 quod
3544 4533 3601 4582 et
3632 4528 3742 4582 hoc

328 4612 421 4676 δος
451 4611 689 4688 ἀγάπης.
721 4642 789 4653 —
819 4606 1059 4667 "Aldine,
1097 4604 1314 4679 [ΦΩΤ.]
1350 4601 1411 4659 Ei
1469 4599 1523 4657 ἐν
1576 4605 1698 4660 ταῖς
1729 4596 1976 4676 καρδίαις

329 4705 478 4777 ⁴ἰῆμέἱς
506 4696 676 4777 ἔχεις,
710 4699 763 4754 οἰ
794 4692 967 4752 οὕτως
998 4694 1206 4769 ἀγαπᾷς
1269 4691 1345 4754 ὡς
1400 4689 1492 4746 καὶ
1524 4691 1976 4763 συναποθνήσκειν

331 4792 422 4849 καὶ
480 4794 670 4865 συζῇν,
731 4786 820 4843 διὰ
886 4785 939 4841 τί
992 4782 1242 4862 ἐλέγχεις
1307 4779 1400 4837 καὶ
1447 4777 1849 4852 ἑπιπλήττεις;
1901 4783 1978 4837 Δι’

334 4881 464 4937 αὐτὸ
491 4884 674 4948 τοῦτο,
710 4876 894 4954 φησίν.
938 4876 1036 4932 Ἐκ
1063 4873 1166 4948 γὰρ
1196 4875 1294 4926 τοῦ
1361 4870 1710 4946 ὑπεραγαπᾷν
1758 4868 1978 4942 πολλὴν

333 4968 451 5049 ἔχω
478 4973 577 5040 τήν
609 4971 745 5047 πρὸς
779 4969 917 5040 ὑμᾶς
964 4962 1292 5040 παρρησίαν,
1324 4961 1415 5019 καὶ
1472 4958 1635 5017 πὺδὶν
1694 4962 1982 5041 ὑφορῶμαί

336 5061 658 5130 σκάνδαλον,
694 5063 767 5135 μή
800 5063 918 5122 πῶς
970 5055 1249 5133 τραχὺνω,
1288 5056 1362 5127 μή
1395 5057 1513 5116 πῶς
1545 5052 1621 5115 εἷς
1680 5053 1982 5128 ἀγανάκτη-

336 5176 418 5211 σιν
482 5153 815 5227 περιστήσω,
885 5150 961 5223 μή
1019 5150 1135 5210 πῶς
1168 5144 1243 5206 εἷς
1299 5141 1621 5219 ἀπόγνωσιν,
1652 5141 1688 5211 ἢ
1739 5142 1983 5210 (τοὺναν-

326 5244 473 5318 τίον)
521 5243 597 5306 είς
655 5239 1047 5320 περιφρόνησιν
1107 5234 1404 5309 ἀπενέγκω.
1462 5231 1523 5320 Ὀ
1591 5231 1694 5308 γάρ
1752 5229 1978 5302 ἀληθῶς

330 5337 574 5412 ἀγαπῶν,
605 5331 784 5400 πάσης
822 5326 1060 5403 ὑποψίας
1090 5327 1331 5399 πονηρᾶς
1387 5319 1515 5395 περὶ,
1568 5319 1696 5383 τοὺς
1752 5320 1978 5395 ἀγαπωο

335 5410 529 5501 μένους
558 5420 938 5493 ἀπήλλακται,
960 5417 1050 5474 καὶ
1067 5416 1262 5475 λοιπὸν
1284 5410 1632 5489 θαρρούντως
1663 5410 1868 5467 ἅπαντα
1886 5413 1977 5468 καί

327 5495 478 5573 ποιεῖ
505 5514 596 5570 καὶ
624 5512 797 5588 λέγει.
829 5542 896 5554 —-
922 5509 994 5566 ’Ἠ
1023 5506 1115 5563 καὶ
1145 5504 1343 5566 οὕτως’
1378 5500 1543 5559 Πόθεν
1582 5495 1774 5588 δῆλον,
1797 5501 1880 5556 ὅτι
1911 5500 1975 5557 οὑ

329 5585 810 5683 πρὸςκατάκρισιν
842 5600 990 5656 εἶπον
1022 5619 1038 5667 ς
1072 5593 1213 5652 διότι
1269 5592 1323 5649 ἐν
1371 5595 1492 5683 ταῖς
1529 5585 1781 5683 καρδίαις
1809 5590 1973 5683 ἤμῶν

325 5677 527 5771 ἔχομεν
590 5693 757 5767 ὑμᾶς,
814 5688 904 5745 καὶ
959 5688 1101 5758 ἑξῆς.
1166 5687 1345 5743 Τοῦτο
1403 5678 1460 5737 δὲ
1528 5679 1693 5734 πόθεν
1756 5677 1972 5751 δῆλον;

2087 4628 2273 4685 genus
2305 4620 2396 4669 est
2425 4615 2674 4673 intensaa
2724 4618 3084 4675 dilectionis.
3115 4652 3185 4661 ——
3217 4619 3348 4675 Alio
3390 4620 3566 4674 modo.
3603 4619 3657 4673 Si
3683 4619 3742 4675 in

2090 4702 2365 4760 cordibus
2395 4721 2505 4761 nos
2535 4706 2720 4762 habes
2745 4723 2759 4762 :
2792 4707 2841 4763 si
2874 4709 3019 4764 adeo
3048 4709 3243 4782 diligis
3274 4714 3339 4764 ut
3368 4714 3426 4764 et
3454 4711 3742 4764 commori

2088 4793 2233 4848 velis
2254 4800 2315 4849 et
2342 4795 2668 4864 convivere,
2729 4813 2910 4868 quare
2955 4796 3151 4870 arguis
3200 4804 3257 4852 et
3305 4797 3581 4871 objurgas
3612 4797 3640 4852 ‘2
3669 4797 3742 4852 ob

2088 4881 2202 4939 hoc
2233 4900 2447 4955 ipsum,
2482 4883 2697 4957 inquit.
2750 4887 2894 4942 Nam
2952 4887 3093 4958 quia
3147 4889 3527 4944 vehementer
3583 4905 3737 4958 amo,

2088 4988 2304 5045 magna
2333 4979 2466 5028 utor
2495 4991 2631 5047 erga
2651 4992 2753 5030 vos
2774 4975 3057 5048 loquendi
3090 4977 3383 5039 libertate,
3417 4995 3526 5034 nec
3547 4978 3739 5034 ullum
3824 4982 3829 4987 '

2085 5079 2293 5118 vereor
2324 5065 2773 5135 ol‘fendiculum,
2807 5084 2880 5123 ne
2914 5068 3212 5140 quomodo
3272 5087 3637 5142 exasperem,
3662 5086 3736 5124 ne

2090 5152 2385 5223 quomodo
2416 5154 2488 5209 ad
2519 5155 2987 5228 indignationem
3016 5160 3312 5225 inducam,
3348 5176 3422 5215 ne
3441 5158 3738 5230 quomodo

2088 5240 2150 5296 in
2184 5241 2661 5312 desperationem
2689 5262 2701 5299 :
2735 5251 2837 5301 aut
2860 5264 2889 5303 e
2931 5248 3159 5304 diverso
3216 5249 3279 5304 in
3333 5255 3740 5321 contemptum

2085 5330 2407 5403 pelliciam.
2436 5335 2580 5390 Nam
2611 5336 2711 5407 qui
2744 5355 2875 5393 vere
2909 5337 3119 5411 diligit.
3148 5340 3309 5395 omni
3340 5356 3517 5411 prava
3548 5338 3739 5411 suspi-

2087 5419 2258 5477 cione
2284 5421 2442 5478 circa
2473 5440 2575 5480 eos
2602 5426 2702 5497 qui
2735 5426 3064 5495 diliguntur
3093 5429 3322 5485 solutus
3358 5434 3466 5496 est,
3492 5430 3740 5500 jamque

2086 5509 2289 5566 omnia
2316 5512 2688 5570 confidenter
2706 5520 2763 5570 et
2790 5515 2932 5572 facit
2953 5521 3012 5572 et
3042 5517 3201 5573 dicit.
3223 5549 3294 5559 --
3323 5520 3439 5573 Aut
3459 5517 3558 5572 hoc
3577 5519 3743 5572 etiam

2081 5600 2263 5657 modo.
2290 5601 2455 5658 Unde
2498 5604 2881 5664 manifestum
2940 5613 3031 5664 est
3085 5609 3245 5680 quod
3298 5624 3417 5662 non
3475 5605 3551 5661 ad
3601 5621 3745 5661 con-

2084 5689 2497 5750 demnandum
2520 5692 2772 5752 dixerim
2790 5694 2819 5752 ?
2838 5695 2977 5768 quia
2995 5696 3055 5752 in
3086 5695 3363 5752 cordibus
3394 5693 3615 5749 nostris
3645 5694 3745 5750 ha-
