4128 6192
393 261 508 322 995

1509 252 1916 314 CIOOMENII
1965 251 2274 313 TRICC/E
2319 251 2676 314 EPlSCOPI

3682 252 3804 316 996

391 390 605 446 bemus
637 408 758 454 vos,
791 394 901 444 etc.
939 385 1102 442 Unde
1134 389 1331 440 autem
1365 385 1474 438 hoc
1527 383 1745 456 patet?
1798 385 1879 437 Ex
1933 383 2043 437 hoc

2173 386 2246 434 Εκ
2273 385 2370 434 τοῦ
2401 380 2614 456 θαρῥεῖν
2651 381 2806 453 ὑμῖν,
2849 381 2942 435 καὶ
2987 379 3448 458 παρρησιάζεσθαι
3477 383 3613 456 πρὸς
3643 382 3810 456 ὑμᾶς.

399 480 557 550 quod
585 479 744 533 vobis
774 475 1130 531 conﬁdimus
1170 481 1228 528 et
1261 474 1444 529 libere
1475 475 1704 546 agimus
1737 488 1873 544 erga
1929 488 2053 524 vos.

398 568 509 622 Sed
538 573 595 622 et
623 567 731 620 hoc
789 563 944 619 unde
1001 563 1384 618 manifestum
1442 569 1534 616 est
1561 561 1588 615 ἰν
1619 562 1771 616 649
1797 559 2052 622 Glorior,

396 653 607 724 inquit,
637 653 696 707 in
719 652 901 707 vobis.
929 653 1075 708 Nam
1095 653 1204 707 hoc
1222 649 1460 706 aliunde
1481 667 1600 706 non
1619 649 1898 722 gignitur,
1925 648 2046 702 nisi

396 757 466 796 ex
496 741 828 796 vehementi
862 741 1224 795 conﬁdentia
1253 745 1312 794 et
1341 740 1678 794 securitate.
1713 737 1848 791 Ideo
1905 753 2052 806 quo-

395 845 506 900 que
547 829 630 884 ait
659 846 671 882 :
704 827 990 900 Impletus
1032 845 1160 883 sum
1201 829 1636 895 consolatione,
1672 849 1699 876 ››
1733 831 1792 882 et
1818 831 2056 889 caetera,

396 941 422 968 (ι
459 919 615 972 Muta
647 918 790 972 mihi
809 918 1081 990 gloriatio
1102 917 1172 971 de
1198 916 1381 971 vobis.
1421 940 1440 963 ι
1471 917 1604 970 Ηωο
1637 915 1880 986 quidem
1907 914 2060 984 prio-

393 1005 557 1062 ribus
573 1023 704 1061 esse
727 1007 1001 1060 videntur
1016 1023 1144 1060 esse
1169 1006 1486 1072 contraria,
1511 1005 1610 1059 ubi
1637 1005 1772 1058 illos
1787 1001 2062 1058 condem-

397 1097 859 1166 navittanquam
886 1095 1146 1165 indignis
1194 1093 1568 1149 adhaerentes
1602 1110 1614 1146 :
1653 1091 1758 1147 sed
1789 1091 1940 1146 nihil
1971 1095 2060 1144 est

397 1185 824 1257 repugnantim.
873 1186 1018 1238 Nam
1071 1184 1164 1238 his
1219 1183 1409 1238 verbis
1469 1182 1670 1238 laudat
1721 1199 1842 1248 eos,
1905 1181 2058 1234 viam

398 1281 761 1346 praestruens
775 1291 890 1344 quo
903 1274 1130 1328 utilitas
1145 1272 1670 1344 reprehensionum
1689 1271 1860 1326 facile
1877 1268 2060 1324 susci-

391 1366 610 1436 piatur,
643 1381 778 1419 cum
811 1365 930 1418 illae
963 1364 1036 1418 ab
1062 1369 1300 1418 amante
1324 1363 1669 1434 procedant.
1704 1364 1784 1416 Ac
1818 1361 1864 1414 si
1895 1359 2053 1415 dice-

391 1459 519 1509 ret:
553 1456 676 1508 Non
709 1454 868 1509 enim
923 1454 1082 1525 quod
1129 1470 1228 1508 vos
1277 1453 1801 1508 condemnaverim
1832 1450 1937 1504 illa
1963 1448 2056 1502 di-

391 1543 469 1606 xi,
503 1543 712 1598 Absit!
767 1542 871 1598 sed
933 1549 997 1598 ut
1053 1543 1354 1610 crescatis,
1411 1543 1718 1614 magisque
1769 1539 2058 1612 proveha-

391 1631 538 1686 mini
571 1632 644 1687 ad
673 1632 974 1687 virtutem.
1006 1663 1075 1671 ——
1101 1633 1230 1686 Alio
1259 1631 1436 1686 modo.
1497 1628 1866 1701 ObJurgabat
1895 1627 2057 1697 prius

389 1737 490 1776 eos
521 1721 679 1792 quod
711 1721 786 1776 ad
819 1720 1161 1776 incredulos
1203 1737 1307 1792 per
1366 1719 1754 1774 dilectionem
1791 1715 2056 1772 declina-
2091 1761 2132 1826 Β

393 1817 529 1865 rent
561 1827 572 1864 :
599 1827 758 1866 nunc
788 1827 923 1865 vero
955 1809 1178 1876 laudat,
1213 1809 1372 1879 quod
1402 1825 1470 1864 ea
1502 1807 1573 1862 de
1605 1807 1820 1878 quibus
1857 1805 2055 1877 priore

391 1899 644 1970 epistola
698 1898 1132 1954 accusabantur
1181 1898 1443 1952 studiose
1490 1895 1904 1952 correxissent.
1939 1893 2058 1948 Hoc

389 1995 590 2046 autem
605 1991 810 2044 arbitri
831 1995 921 2044 est
941 1989 1288 2044 muneribus
1311 2005 1430 2044 non
1457 1987 1740 2058 corrupti,
1767 1991 1826 2040 et
1866 1989 2062 2040 errata

389 2079 848 2152 reprehendere,
880 2085 938 2134 et
972 2079 1205 2151 egregia
1263 2093 1445 2148 opera
1475 2075 1838 2132 collaudare.
1879 2098 1904 2124 κ
1939 2075 2059 2128 Im-

391 2166 589 2238 pletus
615 2183 746 2221 sum
781 2167 1210 2222 consolatione.
1239 2188 1265 2214 η
1299 2169 1572 2230 Quanam
1593 2165 1620 2218 ‘I
1648 2163 1798 2228 Quia
1819 2162 1961 2217 dum
1991 2176 2061 2215 ea

391 2255 464 2309 de
495 2255 710 2326 quibus
735 2273 836 2310 vos
869 2255 1063 2327 priore
1123 2253 1376 2325 epistola
1433 2269 1743 2326 argueram
1799 2249 2054 2305 correxi-

394 2344 524 2410 stis,
555 2345 700 2417 ipsis
722 2345 1000 2416 operibus
1035 2361 1128 2399 me
1165 2342 1542 2410 consolastis,
1567 2349 1631 2397 ut
1654 2342 1784 2413 jam
1809 2357 1930 2396 non
1961 2339 2059 2394 do-

393 2434 550 2489 leam
578 2451 592 2500 ;
619 2451 730 2490 nec
753 2435 810 2488 id
837 2434 1050 2503 solum,
1075 2434 1288 2504 inquit,
1325 2433 1430 2488 sed
1462 2438 1520 2486 et
1547 2431 1764 2504 gaudio
1801 2446 1898 2485 me
1953 2429 2056 2484 im-

395 2523 624 2594 plestis.
673 2524 832 2578 Adeo
865 2523 1031 2578 velox
1063 2529 1122 2578 et
1149 2523 1359 2577 ciﬁcax
1389 2521 1544 2576 facta
1602 2525 1692 2574 est
1746 2519 2058 2574 correctio.

393 2617 464 2668 Et
493 2616 603 2670 hoc
636 2622 743 2682 est,
804 2615 962 2686 quod
1023 2615 1135 2670 ait:
1183 2615 1574 2668 Vehementer
1630 2610 1863 2666 exundo
1923 2625 2059 2682 gau-

389 2705 510 2760 dio.
542 2727 570 2754 ››
601 2706 853 2760 Tantum
887 2710 978 2760 est
1007 2704 1308 2777 gaudium,
1363 2703 1578 2772 inquit,
1608 2706 1674 2756 ut
1703 2699 1876 2756 nobis
1913 2699 2054 2754 satis

386 2794 569 2849 fuerit
601 2794 675 2850 ad
691 2794 999 2850 ferendam
1031 2809 1270 2848 omnem
1301 2791 1712 2846 afflictionem.

469 2895 588 2958 Vll,
623 2895 731 2949 5~8.
753 2915 780 2942 ‹‹
807 2893 1036 2948 Etenim
1061 2907 1196 2946 cum
1211 2889 1649 2946 venissemusin
1663 2887 2062 2943 Macedoniam

402 2981 674 3037 «nullam
723 2982 932 3037 habuit
971 2980 1400 3036 relaxationem
1445 2995 1581 3034 caro
1605 2983 1826 3044 nostra,
1871 2975 2058 3030 sedin

403 3094 430 3122 «
459 3072 736 3126 omnibus
769 3071 1202 3144 aflligebamur.
1241 3069 1404 3124 Foris
1449 3084 1681 3139 pugnae,
1712 3067 1874 3120 intus
1897 3065 2062 3119 timo-

411 3180 576 3218 ures.
616 3165 828 3217 Verum
861 3163 962 3232 qui
1009 3160 1351 3216 consolatur
1394 3157 1670 3225 humiles,
1725 3154 2064 3211 consolatus

410 3273 438 3303 υ
473 3259 561 3308 est
591 3269 700 3308 nos
729 3254 880 3308 Deus
913 3269 1018 3322 per
1047 3251 1364 3306 adventum
1394 3248 1540 3303 Titi:
1573 3263 1694 3302 non
1719 3246 1909 3310 solum
1958 3261 2063 3299 au-

415 3362 436 3391 ι
463 3349 580 3398 tem
603 3359 708 3414 per
729 3342 1044 3397 adventum
1069 3340 1276 3410 ipsius,
1308 3354 1514 3392 verum
1555 3337 1730 3392 etiam
1775 3351 1881 3406 per
1927 3350 2064 3390 con-

405 3455 432 3483 «
467 3433 822 3488 solationem
846 3445 1022 3500 quam
1051 3428 1152 3482 ille
1193 3427 1422 3497 accepit
1453 3426 1526 3480 de
1559 3425 1760 3491 vobis;
1792 3440 1928 3478 cum
1955 3439 2059 3478 an-

403 3543 430 3572 u
457 3521 759 3576 nuntiaret
781 3518 952 3573 nobis
975 3521 1232 3571 vestrum
1257 3513 1644 3578 desiderium,
1665 3519 1921 3566 vestrum
1944 3511 2064 3565 luc-

403 3633 430 3660 ι(
469 3617 621 3670 tum,
645 3613 904 3662 vestrum
929 3622 1034 3677 pro
1057 3621 1152 3660 me
1179 3603 1405 3658 zelum:
1432 3602 1578 3656 adeo
1611 3607 1677 3654 ut
1699 3601 1880 3671 magis
1901 3598 2058 3670 gavi-

412 3720 436 3752 α
466 3715 565 3752 sus
587 3697 974 3752 fuerim'Nam
996 3693 1134 3749 licet
1165 3691 1636 3748 contristaverim
1657 3706 1758 3743 vos
1781 3705 1887 3759 per
1904 3687 2058 3759 epis-

402 3812 428 3840 ‹‹
467 3788 670 3856 tolam,
705 3803 826 3842 non
858 3802 952 3840 me
984 3783 1249 3856 paenitet,
1283 3781 1460 3836 etiam
1494 3779 1540 3834 si
1563 3777 1921 3850 pmnituerit.
1957 3799 1984 3826 »

472 3885 693 3941 Deinde
721 3889 924 3940 narrat
951 3882 1363 3944 afﬂictionem,
1434 3883 1494 3933 et
1549 3893 1822 3932 sermone
1863 3876 2054 3947 ipsam

399 3975 648 4042 extollit,
681 3991 796 4044 quo
831 3975 1026 4045 majus
1071 3971 1344 4028 ostendat
1373 3968 1652 4042 gaudium
1685 3973 1927 4038 propter
1957 3966 2054 4037 ip-

400 4077 496 4117 sos
524 4069 852 4132 acceptum,
887 4063 1042 4132 quod
1073 4067 1298 4117 tantam
1323 4059 1582 4130 potuerit
1613 4057 1929 4112 obscurare
1977 4055 2058 4111 af-

399 4147 722 4204 ﬂictionem
743 4167 756 4215 ;
779 4165 916 4204 nam
939 4149 1440 4220 perseveravimus
1467 4146 1680 4216 inquit.
1716 4166 1742 4194 «
1769 4145 1931 4198 Foris
1955 4159 2056 4215 pu-

399 4253 548 4310 gme.
576 4259 604 4286 ››
647 4237 734 4292 Ab
759 4238 1103 4305 incredulis,
1133 4253 1280 4306 quos
1315 4235 1468 4288 solet
1506 4249 1712 4288 vocare
1755 4239 2048 4288 externos.

398 4327 551 4384 650
578 4350 606 4378 ιι
643 4328 806 4383 intus
839 4329 1108 4394 timores,
1143 4348 1170 4375 υ
1206 4328 1447 4395 propter
1487 4323 1798 4378 credentes
1831 4339 1904 4378 ne
1938 4337 2052 4392 quo

397 4417 572 4471 modo
657 4415 1087 4472 tentationibus
1139 4412 1552 4468 emollescant.
1622 4413 1894 4465 «Verum
1949 4410 2052 4480 qui

2163 467 2337 526 Ἀλλᾶ
2366 471 2456 524 καὶ
2484 475 2648 525 τοῦτο
2678 470 2840 525 πόθεν
2877 465 3047 540 δῆλον
3084 487 3098 528 :
3135 475 3461 546 Καυχῶμαι,
3511 471 3700 551 φησὶν,
3753 471 3810 526 ἐν

2167 561 2317 634 ὑμῖν.
2350 565 2520 618 Τοῦτο
2541 562 2645 638 γὰρ
2683 559 2918 626 ἄλλοθεν
2977 562 3043 616 οὐ
3101 563 3330 636 γίνεται,
3361 563 3395 632 ἢ
3457 561 3518 617 ἐκ
3552 567 3649 616 τοῦ
3684 560 3809 616 λίαν

2159 651 2472 705 πεποιθέναι
2504 651 2591 705 καὶ
2625 650 2862 726 θαρῥεῖν.
2895 651 2989 706 Διὸ
3028 651 3118 706 καὶ
3149 672 3307 730 φησι,
3339 674 3369 704 ιι
3424 651 3814 726 Πεπλήρωμαι

2160 743 2228 814 τῇ
2271 737 2634 814 παρακλήσει,
2667 763 2696 792 ››
2745 740 2836 794 καὶ
2895 739 3037 810 ἑξῆς.
3105 763 3134 792 ιι
3167 737 3366 810 Πολλή
3437 761 3532 813 μοι
3589 741 3812 814 καύχη-

2161 851 2244 892 σις
2307 831 2442 906 ὑπὲρ
2505 831 2734 903 ὑμῶν..
2797 832 2978 887 Ταῦτα
3063 827 3214 885 δοκεῖ
3307 830 3404 904 μὲν
3487 834 3596 884 τῶν
3655 831 3816 904 πρώ-

2157 939 2266 973 των
2311 918 2523 974 ἐναντία
2580 920 2868 997 ὑπάρχειν,
2911 916 3038 983 ἔνθα
3091 920 3272 974 αὐτῶν
3335 917 3812 993 κατεγίνωσκενώς

2161 1007 2386 1070 ἀτόποις
2439 1007 2832 1081 κολλωμένων.
2893 1006 3054 1064 Ἀλλ’
3109 1004 3261 1062 οὐδὲν
3319 1006 3580 1064 ἐναντίον.
3613 1009 3673 1065 Ὁ
3704 1007 3810 1083 γὰρ

2163 1094 2252 1150 διὰ
2282 1096 2489 1152 τούτων
2531 1095 2769 1166 ἔπαινος,
2799 1097 2898 1168 τὴν
2931 1097 3038 1152 ἀπὸ
3083 1101 3190 1152 τῶν
3255 1093 3502 1174 ἐλέγχων
3534 1095 3807 1174 ὠφέλειαν

2165 1183 2556 1261 εὖπαράδεκτον
2617 1191 2783 1256 ποιεῖ,
2847 1185 2922 1248 ὠς
2970 1185 3077 1240 ἀπὸ
3135 1184 3423 1264 φιλοῦντος
3479 1185 3812 1260 λεγομὲνων,

2165 1275 2292 1330 ὡσεὶ
2357 1271 2530 1350 ἔλεγε·
2593 1277 2681 1344 Μὴ
2715 1275 2818 1350 γὰρ
2878 1276 2952 1336 ὡς
2989 1275 3342 1351 κατεγνωκὼς
3403 1275 3578 1348 ὑμῶν,
3631 1275 3814 1330 ἐκεῖνα

2163 1359 2388 1439 ἕλεγον;
2423 1363 2721 1437 Οὖμενοῦν.
2755 1361 2912 1420 Ἀλλ’
2953 1361 3050 1418 ’ίνα
3099 1361 3334 1419 ἐπιδῶτε
3398 1363 3533 1439 πρὸς
3592 1363 3812 1438 ἆρετην,

2163 1487 2232 1497 -
2260 1451 2507 1516 Ἄλλως.
2539 1454 2802 1526 Ἐπετίμα
2838 1454 3124 1528 πρότερον,
3156 1452 3210 1508 ἐν
3244 1455 3331 1517 οἷς
3358 1453 3496 1528 πρός
3527 1453 3654 1515 τοὺς
3681 1453 3819 1508 ἀπί-

2163 1563 2320 1603 στους
2353 1540 2442 1596 διὰ
2469 1549 2568 1612 τῆς
2619 1542 2836 1618 ἀγάπης
2889 1541 3200 1600 ἀπέκλινον.
3251 1544 3496 1599 Ἐπαινεῖ
3525 1539 3581 1597 δέ
3609 1546 3725 1610 νῦν,
3753 1541 3809 1598 ἐν

2165 1633 2250 1694 οἷς
2280 1632 2348 1686 τὰ
2372 1630 2424 1686 ἐν
2451 1636 2520 1704 τῇ
2549 1630 2790 1706 προτέρᾳ
2853 1630 3120 1703 ἐπιστολῇ
3181 1629 3542 1702 ἐπικληθέντα
3595 1631 3810 1702 αὐτοῖς,

2163 1717 2252 1774 διὰ
2309 1717 2552 1788 σπουδῆς
2609 1717 2994 1794 διωρθώσαντο
3027 1762 3040 1776 .
3118 1723 3293 1778 Τοῦτο
3360 1721 3464 1797 γὰρ
3521 1717 3814 1774 ἀδικαστου

2167 1806 2472 1879 διαιτητοῦ,
2504 1812 2568 1864 τὸ
2607 1807 2696 1864 καί
2725 1809 2791 1863 τὰ
2821 1809 3388 1886 ἡμαρτημέναψέγειν,
3429 1809 3521 1864 καὶ
3577 1810 3644 1864 τὰ
3672 1830 3812 1865 κατ-

2167 1897 2470 1973 ωρθωμένα
2509 1896 2561 1952 ἐν
2613 1896 2814 1970 ἐπαίνῳ
2869 1901 3162 1953 ποιεῖσθαι.
3236 1921 3264 1950 ι‹
3305 1896 3686 1973 Πεπλήρωμαι
3737 1902 3807 1972 τῇ

2166 1987 2529 2061 παρακλήσει.
2567 2013 2588 2037 Ι
2623 1987 2760 2057 Ποίᾳ
2793 2005 2808 2055 ;
2867 1989 2985 2044 Ὀτι
3042 1985 3124 2061 ἐφ’
3153 1988 3241 2047 οἷς
3291 1988 3358 2042 τὰ
3420 1985 3473 2041 ἐν
3506 1991 3573 2060 τῇ
3607 1989 3800 2062 πρώτῃ

2164 2077 2432 2153 κατέγνων
2505 2078 2656 2149 ὑμῶν
2713 2075 3002 2150 ἐπιστολῇ,
3061 2074 3464 2151 διορθωθέντές,
3523 2074 3594 2130 δι’
3633 2075 3810 2132 αὐτῶν

2167 2171 2274 2223 τῶν
2305 2163 2476 2243 ἔργων
2519 2165 2922 2240 παρεκαλέσατέ
2955 2185 3020 2238 με
3073 2165 3136 2220 τὸ
3201 2165 3276 2237 μὴ
3337 2163 3643 2230 λυπεῖσθαι.
3705 2166 3816 2222 Καὶ

2169 2257 2230 2310 οὐ
2267 2256 2430 2329 μόνον
2461 2259 2646 2322 τοῦτο,
2679 2255 2861 2332 φησὶν,
2893 2253 3042 2310 ἀλλὰ
3085 2254 3176 2309 καὶ
3238 2261 3412 2330 χαρᾶς
3478 2275 3543 2328 με
3573 2254 3814 2325 ἐνεπλή-

2169 2367 2318 2416 σατε,
2374 2345 2550 2408 οὕτως
2579 2347 2614 2414 ἡ
2649 2343 2936 2419 διόρθωσις
2993 2344 3264 2418 σύντομος
3295 2343 3503 2420 ἐγένετο
3535 2343 3624 2399 καὶ
3654 2343 3810 2420 ἐναρ-

2167 2439 2294 2512 γής.
2329 2439 2511 2494 Τοῦτο
2587 2434 2748 2504 ἐστιν,
2811 2459 2840 2486 ‹‹
2871 2432 3422 2512 Ὑπερπερισσεῦομαι
3481 2438 3550 2508 τῇ
3583 2438 3752 2509 χαρᾷ.
3787 2456 3816 2484 ιο

2167 2526 2270 2583 Καὶ
2301 2525 2543 2596 τοσαύτη
2611 2525 2748 2594 ἐστὶ,
2815 2526 3004 2604 φησὶν,
3035 2527 3072 2594 ἡ
3106 2524 3276 2600 χαρά,
3343 2525 3430 2579 δτι
3487 2524 3606 2578 ἀντὲ
3633 2521 3816 2594 πάσης

2163 2619 2390 2691 ἤρκεσεν
2423 2617 2558 2686 ἣμῖν
2591 2621 2692 2684 τῆς
2721 2614 2980 2687 θλίψεως.

2237 2893 2336 2948 Καὶ
2415 2893 2519 2968 γὰρ
2578 2892 2850 2958 ἐλθόντων
2907 2895 3070 2966 ἤμῶν
3151 2891 3225 2954 είς
3283 2888 3620 2949 Μακεδονίαν
3653 2933 3665 2957 ,
3727 2886 3822 2942 οὖ-

2168 2979 2358 3054 δεμίαν
2417 2979 2648 3058 ἔσχηκεν
2717 2981 2895 3038 ἄνεσιν
2981 2983 3016 3051 ἢ
3077 2981 3202 3055 σὰρξ
3287 2983 3452 3055 ἡμῶν
3496 3025 3508 3046 ,
3577 2976 3706 3032 ἀλλ’
3763 2975 3818 3029 ἐν

2175 3072 2337 3127 παντὶ
2397 3067 2740 3145 θλιϐόμενοι·
2799 3073 3034 3140 ’Ἑξωθεν
3099 3071 3318 3148 μάχαι,
3377 3067 3572 3124 ἔσωθεν
3633 3061 3821 3146 φόϐοι.

2175 3159 2334 3217 ¹Αλλ’
2408 3163 2436 3215 ὁ
2515 3160 2846 3236 παρακαλῶν
2907 3160 3035 3222 τοὺς
3089 3157 3380 3219 ταπεινοὺς
3454 3155 3820 3232 παρεκάλεσεν

2171 3253 2318 3324 ἡμᾶς
2361 3251 2389 3305 ὁ
2441 3250 2569 3312 Θεὸς
2622 3249 2674 3304 ἐν
2729 3255 2798 3325 τῇ
2857 3249 3126 3322 παρουσίᾳ
3181 3249 3373 3318 Τίτου,
3434 3245 3495 3301 οὐ
3557 3247 3726 3319 μόνον
3761 3242 3822 3300 δὲ

2171 3339 2322 3415 ἐντῇ
2379 3341 2652 3416 παρουσίᾳ
2709 3339 2894 3411 αὐτοῦ,
2947 3336 3095 3393 ἀλλᾶ
3149 3336 3240 3392 καὶ
3297 3335 3352 3390 ἐν
3397 3339 3466 3410 τῇ
3525 3333 3818 3408 παρακλή-

2171 3451 2248 3485 σει
2293 3430 2330 3504 ﬁ
2385 3427 2708 3504 παρεκλήθη
2769 3427 2849 3506 ἐφ’
2908 3428 3058 3500 ὑμῖν,
3108 3423 3462 3504 ἀναγγέλλων
3518 3427 3655 3497 ἡμῖν
3713 3425 3818 3493 τὴν

2173 3521 2326 3594 ὑμῶν
2373 3518 2696 3588 ἐπιπόθησιν
2727 3562 2744 3589 ,
2783 3517 2874 3572 τὸν
2955 3517 3108 3590 ὑμῶν
3167 3513 3404 3590 όδυρμὸν
3437 3558 3452 3584 ,
3511 3513 3602 3568 τὸν
3658 3513 3816 3586 ὑμῶν

2171 3608 2340 3678 ζῆλον
2402 3609 2534 3683 ὑπὲρ
2592 3605 2748 3679 ἐμοῦ.
2807 3607 2966 3660 Ὥστε
3026 3603 3241 3678 μᾶλλον
3308 3609 3572 3679 χαρῆναι,
3639 3601 3724 3654 ὅτι
3769 3600 3818 3655 εἰ

2166 3697 2256 3752 καὶ
2313 3695 2563 3768 ἐλύπησα
2621 3696 2759 3768 ὑμᾶς
2828 3694 2878 3750 ἐν
2937 3698 3005 3769 τῇ
3073 3689 3364 3767 ἐπιστολῇ,
3447 3692 3512 3748 οὐ
3575 3690 3820 3764 μεταμέ-

2167 3791 2338 3864 λομαι
2371 3791 2413 3846 εἰ
2443 3790 2532 3845 καί
2565 3789 2973 3863 μετεμελόμην.

2237 3884 2375 3940 Εἶτα
2405 3879 2676 3958 διηγεῖται
2728 3881 2829 3948 τὴν
2863 3878 3068 3954 θλίψιν,
3121 3879 3212 3934 καὶ
3270 3877 3477 3954 ἐπαίρει
3535 3875 3702 3946 αὐτὴν
3729 3881 3814 3948 τῷ

2166 3971 2458 4047 λόγῳ,ἳνα
2486 3972 2584 4039 τήν
2646 3967 2718 4024 δι’
2783 3968 2977 4032 αὐτοὺς
3039 3969 3214 4043 χαρὰν
3274 3966 3494 4040 μείζονα
3551 3963 3700 4040 δείξῃ
3731 3965 3814 4026 ὡς

2165 4059 2460 4136 ἰσχύσασαν
2521 4058 2790 4128 τοσαῦτην
2839 4057 3024 4132 θλίψιν
3082 4058 3428 4132 ἀμαυρῶσαι,
3497 4053 3548 4124 ἐξ
3591 4055 3666 4108 ὧν
3725 4049 3812 4107 δι-

2163 4147 2506 4222 ετελέσαμεν.
2533 4173 2561 4202 ‹‹
2593 4149 2826 4218 ’Έξωθεν
2873 4149 3072 4224 μάχαι.
3106 4171 3134 4200 ››
3205 4146 3355 4221 [Ιαρὰ
3409 4149 3516 4201 τῶν
3545 4141 3813 4212 ἀπίστων,

2163 4239 2255 4300 οὓς
2309 4231 2500 4308 ἔξωθεν
2541 4236 2728 4292 καλεῖν
2789 4235 2994 4292 εἷ’ωθεν.
3058 4259 3086 4288 ι(
3118 4236 3352 4292 Ἕσωθεν
3410 4229 3654 4310 φόϐοι.»
3712 4233 3814 4286 Διὰ

2159 4327 2285 4381 τοὺς
2317 4325 2568 4392 πιστοὺς,
2608 4328 2680 4399 μή
2725 4347 2844 4390 πως
2897 4329 3013 4387 τοῖς
3070 4328 3398 4398 πειρασμοῖς
3459 4321 3816 4395 μαλακισθῶο

2161 4437 2262 4473 σιν.
2295 4442 2322 4468 ι(
2357 4415 2512 4474 Ἀλλ’
2571 4418 2599 4471 ὁ
2629 4413 2958 4490 παρακαλῶν
3019 4416 3146 4476 τοὺς
3192 4413 3498 4474 ταπεινοὺς.
3533 4436 3555 4462 ι
3620 4411 3716 4471 Τίς
3757 4407 3818 4464 ὂὶ

399 4505 742 4562 consolatur
773 4503 1054 4560 humiles.
1079 4526 1098 4553 ι
1129 4501 1269 4566 Quis
1297 4506 1386 4556 est
1434 4506 1630 4555 autem
1660 4499 1760 4570 qui
1793 4499 2048 4554 humiles

2168 4507 2194 4560 ὁ
2225 4511 2556 4582 παρακαλῶν
2585 4505 2712 4568 τοὺς
2743 4505 3028 4568 ταπεινοὺς
3059 4503 3150 4559 καὶ
3181 4503 3231 4558 ἐν
3273 4503 3579 4576 ἀνθρώποις
3635 4493 3818 4569 ἀϐοη-

401 4595 763 4658 éonsolatur,
798 4600 855 4649 et
885 4609 986 4648 eos
1017 4591 1118 4663 qui
1151 4591 1309 4646 inter
1357 4589 1628 4644 homines
1685 4587 1916 4642 nullum
1957 4587 2057 4642 ha-

398 4683 543 4740 bent
573 4685 859 4740 auxilium
881 4683 908 4738 ?
934 4707 960 4734 «
997 4684 1148 4737 Deus
1175 4680 1480 4735 videlicet:
1515 4678 1611 4732 hic
1643 4693 1752 4731 nos
1790 4677 2058 4732 consola-

401 4778 494 4828 tus
517 4780 625 4838 est,
649 4775 862 4844 inquit,
893 4789 998 4844 per
1027 4771 1342 4826 adventum
1378 4767 1508 4822 Titi.
1546 4787 1574 4815 »
1635 4767 1908 4837 Magnum
1955 4767 2060 4822 ali-

400 4863 538 4931 quid
579 4878 707 4916 esse
735 4863 898 4918 ducit
947 4861 1106 4914 illius
1157 4860 1498 4915 adventum.
1539 4855 1675 4908 Vult
1725 4855 1884 4910 enim
1940 4855 2056 4912 ﬁde

399 4950 643 5020 dignum
675 4951 829 5021 apud
863 4951 996 5004 illos
1051 4955 1108 5004 et
1133 4949 1391 5004 amicum
1436 4946 1522 5000 eis
1555 4944 1802 5000 reddere
1843 4946 2054 5003 virum.

403 5061 430 5089 ‹‹
460 5041 586 5092 Non
615 5039 808 5094 solum
839 5047 1039 5096 autem
1097 5057 1203 5110 per
1261 5037 1580 5092 adventum
1631 5036 1836 5107 ipsius.
1871 5061 1896 5086 »
1927 5038 2056 5093 Non

404 5127 620 5194 solum,
647 5130 860 5199 inquit,
892 5130 1052 5184 illius
1084 5129 1370 5184 adventus
1393 5127 1506 5182 fuit
1534 5127 1678 5181 mihi
1713 5143 1890 5182 causa
1912 5127 2057 5182 laeti-

401 5218 535 5284 tiae;
579 5235 778 5273 verum
813 5219 988 5274 etiam
1015 5219 1173 5290 quod
1205 5219 1330 5289 ipse
1363 5217 1825 5272 consolationem
1887 5233 2054 5272 acce-

399 5311 554 5384 perit
586 5315 643 5364 et
672 5310 1034 5365 exhilaratus
1057 5310 1238 5364 fuerit
1269 5326 1303 5364 a
1332 5307 1512 5362 vobis.
1575 5307 1864 5372 Quoniam
1898 5307 2056 5362 enim

400 5401 700 5457 emendati
735 5401 999 5470 fueratis,
1029 5405 1088 5454 et
1133 5401 1260 5470 ipse
1313 5414 1416 5468 per
1463 5397 1639 5452 vestri
1701 5398 2060 5453 immutatio-

398 5509 539 5548 nem
569 5491 1038 5547 consolationem
1061 5488 1310 5558 accepit,
1336 5493 1392 5540 et
1423 5503 1530 5540 nos
1556 5501 1674 5540 una
1699 5487 2054 5543 consalatio-

399 5601 538 5642 nem
563 5582 920 5655 accepimus.
957 5579 1130 5635 Vides
1163 5593 1342 5648 quam
1357 5575 1710 5630 familiarem
1733 5577 2058 5632 etamicum

2163 4597 2403 4666 θήτους;
2444 4619 2472 4646 ‹‹
2504 4599 2564 4653 ⁸0
2621 4596 2773 4662 Θεὸς,
2811 4619 2838 4646 n
2889 4591 3131 4665 δηλαδή·
3193 4591 3350 4654 οὗτος
3409 4593 3581 4665 ἡμᾶς,
3649 4588 3809 4664 φησί,

2162 4683 2498 4762 παρεκάλεσε
2578 4684 2667 4739 διὰ
2746 4691 2848 4754 τῆς
2930 4682 3226 4757 παρουσίας
3299 4680 3482 4738 Τίτου.
3545 4677 3698 4753 Μέγα
3755 4697 3816 4732 τι

2162 4777 2398 4830 ποιεῖται
2427 4775 2527 4844 τὴν
2569 4773 2870 4847 παρουσίαν
2923 4773 3112 4830 αὐτοῦ.
3148 4769 3420 4828 Βυύλεται
3489 4770 3594 4844 γὰρ
3649 4766 3810 4836 ἀξιᾶ-

2163 4885 2352 4920 πιστον
2421 4863 2606 4925 αὐτοῖς
2692 4863 2781 4918 καὶ
2864 4861 3024 4939 φίλον
3079 4868 3413 4931 καταστῆσαι
3485 4861 3576 4914 τὸν
3627 4853 3816 4928 ἄνδρα.

2171 4976 2192 5005 ι
2235 4953 2312 5012 Οὗ
2356 4957 2522 5028 μόνον
2575 4950 2632 5008 δὲ
2687 4952 2738 5007 ἐν
2769 4957 2839 5028 τῇ
2871 4952 3142 5026 παρουσίᾳ
3199 4950 3384 5004 αὐτοῦ.
3415 4971 3444 5000 ι»
3499 4947 3576 5004 Οὐ
3621 4945 3814 5020 μόνον,

2165 5043 2330 5121 φησὶν
2382 5087 2396 5110 ,
2454 5045 2489 5112 ἡ
2577 5041 2844 5118 παρουσία
2927 5043 3096 5096 αὐτοῦ
3184 5039 3407 5109 ἐποίησέ
3539 5057 3634 5110 μοι
3711 5036 3818 5104 τήν

2163 5132 2543 5210 εὐφροσύνην,
2609 5129 2758 5186 ἀλλὰ
2813 5130 2903 5186 καὶ
2973 5127 3420 5204 παρακεκλῆσθαι
3507 5125 3664 5181 αὐτὸν
3719 5121 3816 5178 καὶ

2164 5221 2466 5298 ηὐφράνθαι
2519 5222 2648 5295 παρ’
2727 5221 2903 5294 ὑμῶν.
2991 5215 3214 5286 Ἐπειδή
3269 5218 3372 5292 γὰρ
3434 5214 3816 5290 διωρθώθητε,

2167 5309 2326 5371 αὐτός
2352 5330 2409 5364 τε
2467 5308 2552 5363 ἐπὶ
2611 5313 2680 5383 τῇ
2743 5309 2894 5380 ὑμῶν
2959 5301 3242 5381 μεταϐολῇ
3300 5301 3646 5380 παρεκλήθη,
3713 5300 3812 5354 καί

2165 5399 2329 5471 ἡμεῖς
2377 5395 2937 5470 συμπαρεκλήθημεν.
2972 5395 3134 5468 Ὁρᾷς
3199 5397 3318 5457 πῶς
3373 5391 3556 5451 αὐτοῖς
3615 5387 3820 5444 οἶκειοῖ

2163 5485 2254 5541 τὸν
2276 5488 2484 5554 Τῖτον;
2533 5485 2704 5546 Οὗτος
2765 5484 2831 5552 ἦν
2866 5485 2894 5537 ὁ
2925 5481 3192 5561 πεμφθεὶς
3219 5481 3356 5557 πρὸς
3413 5477 3610 5540 αὐτοὺς
3679 5475 3824 5548 μετὰ
3893 5523 3906 5532 .

2163 5584 2263 5645 τῆς
2294 5573 2522 5650 πρώτης
2579 5573 2894 5642 ἐπιστολῆς.
2931 5597 2956 5628 α
2995 5573 3060 5640 ᾜ
3115 5569 3438 5647 παρεκλήθη
3479 5567 3560 5648 ἐφ’
3593 5567 3743 5640 ὑμῖν,
3779 5589 3810 5618 ιο
