4106 6196
284 258 401 318 997

1282 249 1688 313 COMMENT.
1733 249 1807 309 IN
1853 250 2101 312 EPIST.
2147 253 2207 315 II
2250 253 2361 315 AD
2404 255 2774 318 CORINTH.

3580 259 3699 321 998

285 385 363 445 Οὐ
395 382 567 461 λέγει,
600 382 733 457 Παρ¹
793 382 971 456 ὑμῶν,
1028 377 1178 449 ἀλλ’,
1243 403 1270 431 ‹‹
1306 380 1423 460 Ἐφ’
1454 379 1605 453 ὑμῖν.
1639 403 1668 432 »
1716 378 1841 437 Ἐπὶ
1869 378 1932 454 τῇ

2054 383 2264 440 reddat
2293 386 2415 442 illis
2446 387 2640 442 Titum
2659 387 2689 442 ‘1
2719 387 2822 443 Hic
2851 386 2926 443 ad
2957 403 3059 444 eos
3089 388 3307 445 missus
3336 389 3533 447 fuerat
3571 408 3709 449 cum

287 476 438 551 ὑμῶν
468 474 595 551 γὰρ,
652 471 809 552 φησὶ,
871 464 1153 543 μεταϐολῇ
1207 469 1311 539 τήν
1371 467 1716 545 παράκλησιν
1761 465 1944 544 ἔσχεν.

288 590 319 620 ι(
353 560 732 640 Ἀναγγέλλων
764 562 902 634 ἡμῖν
957 560 1057 627 τήν
1119 559 1271 631 ὑμῶν
1313 555 1656 628 ἐπιπόθησιν.
1695 558 1829 613 Εἶτα
1854 558 1945 613 καὶ

286 654 458 723 αὐτὴν
486 653 589 721 τὴν
645 646 991 725 παράκλησιν
1054 645 1226 722 λέγει.
1260 670 1289 698 ››
1323 642 1564 722 Εὕφρανε
1594 647 1725 723 γὰρ,
1758 647 1945 725 φησὶν,

284 748 454 818 ἡμᾶς,
488 740 850 819 ἀναγγέλλων
897 742 1036 812 ἡμῖν
1084 740 1186 808 τήν
1246 737 1400 812 ὑμῶν
1459 737 1803 809 ἐπιπόθησιν,
1837 739 1943 808 ὅτι,

285 832 469 910 φησὶν,
501 830 746 887 ἐποθεῖτέ
778 850 846 903 με
880 826 1031 885 ἰδεῖν.
1065 850 1094 880 ‹‹
1124 828 1229 885 Τὸν
1282 828 1436 902 ὑμῶν
1472 824 1736 900 ὀδυρμόν.
1770 849 1801 878 ››
1832 825 1947 885 Οὐκ

284 920 591 997 ἐδακρύετε,
648 920 838 998 φησὶν,
896 918 1024 974 ἀλλ’
1085 914 1358 988 ὠδύρεσθε
1412 915 1498 971 ἐπὶ
1528 919 1597 990 τῇ
1632 916 1944 990 ἐπιτιμήσει

289 1032 396 1086 μου
423 1015 493 1085 τῇ
526 1009 579 1066 ἐν
609 1013 679 1084 τῇ
724 1009 919 1083 πρώτῃ
979 1004 1271 1081 ἐπιστολῇ.
1302 1027 1327 1059 ι
1364 1007 1472 1063 Τὸν
1508 1005 1661 1080 ὑμῶν
1693 1003 1880 1076 ξῆλον.
1916 1028 1945 1057 η

283 1100 401 1159 Οὔκ
429 1101 578 1156 εἶπεν
611 1100 800 1175 ὀργὴν,
854 1096 982 1153 ἀλλ’
1038 1095 1069 1151 ὅ
1106 1094 1276 1152 πλέον
1320 1097 1409 1164 ἦν,
1444 1092 1639 1165 ζῆλον,
1670 1094 1853 1173 φησὶν,
1884 1094 1942 1150 ὅν

284 1190 593 1266 ὠργίσθητε
666 1188 748 1260 τῷ
805 1186 1215 1262 πεπορνευκότι,
1273 1185 1365 1241 καὶ
1421 1189 1537 1247 τοῖς
1597 1182 1945 1261 διασύρουσιν

281 1282 431 1354 ἡμᾶς
464 1275 957 1355 ψευδαποστόλοις.
1019 1300 1040 1328 ο
1073 1282 1233 1330 Ὥστε
1269 1295 1335 1347 με
1368 1272 1584 1346 μᾶλλον
1614 1280 1878 1351 χαρῆναι.
1913 1298 1942 1326 ››

285 1370 405 1428 Ούκ
431 1368 778 1444 ἐλυπούμην,
809 1367 995 1445 φησὶν,
1048 1362 1139 1420 διὰ
1193 1365 1290 1426 τὰς
1351 1362 1642 1440 εἰρημένας
1677 1385 1783 1438 μου
1817 1363 1943 1429 θλί-

285 1460 424 1532 ψεις.
465 1490 538 1501 -
572 1454 821 1518 "Alliam.
854 1454 1064 1528 [ΦΩΤ.]
1095 1451 1259 1514 Τίνος
1310 1450 1523 1525 μᾶλλον
1556 1459 1792 1528 χαρῆναι
1820 1471 1834 1522 ;
1867 1455 1940 1511 ἸΙ

282 1551 387 1615 τῆς
418 1545 598 1615 λύπης
633 1541 846 1617 μᾶλλον
877 1548 1135 1617 χαρῆναι,
1185 1540 1253 1609 ἢν
1293 1538 1527 1609 ὑπέστην
1556 1541 1610 1595 ἐν
1640 1545 1759 1603 τοῖς
1788 1540 1945 1616 εἰρη-

285 1635 471 1708 μένοις
518 1636 845 1707 πειρασμοῖς
896 1629 987 1685 ui
1048 1627 1460 1704 στενοχωρίαις.
1518 1629 1590 1685 "ll
1623 1634 1724 1697 τῆς
1756 1626 1942 1700 λύπης

2047 474 2247 545 priore
2277 475 2551 547 epistola.
2593 497 2622 525 «
2656 476 3134 533 Consolationem
3169 495 3346 549 quam
3378 479 3480 535 ille
3546 498 3712 539 acce-

2052 561 2139 633 pit
2168 562 2238 617 de
2270 563 2456 620 vobis.
2489 586 2517 613 »
2549 568 2677 619 Non
2713 565 2873 627 dicit,
2903 582 2938 621 a
2964 566 3147 633 vobis,
3211 566 3354 622 sed:
3415 590 3443 617 ‹‹
3496 570 3575 624 De
3621 588 3714 626 vo-

2051 649 2179 718 bis;
2208 672 2236 700 »
2269 652 2342 707 de
2373 657 2588 719 vestra,
2620 654 2832 725 inquit,
2867 655 3284 710 immutatione
3345 657 3706 715 consolatio-

2050 756 2188 795 nem
2221 740 2448 796 habuit.
2484 765 2510 790 ιι
2544 745 2686 798 Cum
2719 745 3106 800 annuntiaret
3135 744 3308 800 nobis
3333 747 3701 804 vestrumde-

2052 829 2362 885 siderium.
2398 861 2467 871 —
2497 831 2784 887 «Deinde
2841 832 3030 904 ipsam
3090 850 3327 905 quoque
3383 834 3529 889 dicit
3574 852 3708 891 con-

2052 916 2430 974 solationem.
2468 941 2497 971 ι)
2532 919 2848 975 oblectavit
2878 937 3008 986 nos,
3065 922 3282 992 inquit,
3342 923 3706 980 annuntians

2053 1006 2228 1062 nobis
2248 1014 2511 1065 vestrum
2535 1008 2918 1079 desiderium,
2943 1011 3103 1081 quod
3126 1027 3220 1065 me
3252 1011 3455 1066 videre
3478 1013 3708 1069 deside-

2049 1096 2282 1152 raretis.
2319 1119 2348 1147 ‹‹
2380 1097 2654 1153 Vestrum
2687 1098 3121 1154 luctum.».‘ion
3136 1099 3706 1172 plorabatis,inquit,

2051 1185 2157 1242 sed
2186 1202 2387 1243 amare
2416 1186 2710 1261 lngebatis
2741 1188 2814 1245 ob
2845 1204 3040 1244 meam
3072 1188 3549 1262 objurgationem
3573 1207 3705 1263 quas

2051 1275 2206 1331 facta
2236 1282 2326 1331 est
2355 1292 2462 1348 per
2492 1277 2753 1348 priorem
2786 1277 3122 1349 epistolam.
3175 1301 3203 1329 «
3267 1281 3539 1335 Vestrum
3596 1298 3701 1353 pro

2050 1382 2147 1422 me
2174 1366 2387 1424 zelum.
2422 1389 2452 1418 »
2484 1370 2609 1425 Non
2640 1368 2808 1438 dixit,
2840 1370 3017 1439 Iram,
3052 1370 3155 1425 sed
3187 1369 3346 1442 quod
3377 1371 3511 1443 plus
3554 1377 3701 1440 erat,

2044 1455 2478 1528 Zeluminquit,
2496 1474 2612 1529 quo
2634 1459 2724 1513 ira
2753 1459 2987 1515 accensi
3019 1458 3216 1515 fuistis
3238 1461 3518 1516 adversus
3541 1478 3699 1517 scor-

2052 1550 2300 1601 tatorem
2346 1553 2406 1601 et
2460 1547 2991 1620 pseudoapostolos
3041 1549 3142 1621 qui
3200 1549 3373 1605 nobis
3430 1550 3701 1607 detrahe-

2047 1633 2210 1689 bant.
2248 1657 2274 1684 ››
2306 1634 2470 1690 Adeo
2501 1641 2568 1690 ut
2594 1637 2781 1709 magis
2812 1637 3044 1709 gavisus
3071 1639 3307 1694 fuerim.
3369 1661 3398 1690 »
3462 1641 3535 1695 Ut
3582 1656 3700 1695 non

281 1720 349 1793 ἤν
401 1721 654 1792 ὑπέστην,
714 1718 857 1776 διότι
913 1717 1164 1789 ἐλύπησα
1222 1718 1364 1792 ὑμᾶς
1420 1716 1472 1772 ἐν
1522 1721 1592 1791 τῇ
1650 1715 1932 1789 ἐπιστολῇ.

288 1810 342 1822 -.
449 1809 462 1822 .
657 1807 699 1822 υ
780 1810 793 1822 ι
864 1805 890 1822 α
935 1807 949 1822 ,
1191 1811 1231 1822 .-
1279 1806 1293 1822 ς
1455 1810 1480 1821 ..
1630 1806 1644 1822 ς
1759 1804 1856 1822 ..μ

2048 1722 2338 1795 lugerem,
2370 1725 2584 1795 inquit,
2616 1725 2690 1780 ob
2752 1725 2940 1782 dictas
2991 1744 3154 1783 meas
3206 1727 3579 1784 afﬂictiones.
3630 1759 3701 1771 —--

281 1809 622 1886 Οἷκειύτερον
653 1807 711 1865 δὲ
740 1810 804 1865 τὸ
862 1805 1132 1883 δεύτερον.
1190 1806 1333 1880 Πρὸς
1387 1810 1550 1862 τοῦτο
1581 1806 1686 1884 γὰρ
1718 1804 1932 1880 μᾶλλον

278 1898 369 1954 καὶ
402 1900 453 1953 oi
484 1898 607 1969 ἑξῆς
638 1897 969 1975 ἁρμόζουσιν
1018 1895 1197 1972 λύγοι.
1249 1896 1482 1951 Δυνατὸν
1516 1892 1573 1950 δὲ
1599 1894 1689 1951 καὶ
1719 1916 1935 1969 παναμ-

279 1989 499 2066 φότερα.
534 1988 709 2058 Φησὶν
757 1985 873 2058 οὖν,
932 1987 1016 2042 ὅτι
1075 1988 1110 2055 ἡ
1168 1986 1320 2062 χαρὰ
1373 1984 1544 2041 πλέον
1575 1983 1866 2061 ηὔφρανεν,
1897 1985 1934 2055 ἢ

274 2079 311 2148 ἡ
344 2075 494 2149 λύπη
525 2078 766 2149 ἠνίασεν.
800 2080 958 2147 Εἶτα,
990 2076 1074 2132 ὅτι
1110 2075 1177 2132 Εἴ
1203 2075 1295 2130 καὶ
1326 2074 1578 2147 ἐλύπησα
1611 2076 1753 2148 ὑμᾶς
1784 2074 1837 2131 ἐν
1864 2079 1934 2150 τῇ

278 2165 569 2241 ἐπιστολῇ,
597 2168 786 2246 φησὶν,
827 2164 954 2222 ἀλλ’
1007 2166 1103 2220 οὗν
1154 2165 1232 2228 εἴς
1286 2166 1570 2238 μετάνοιαν
1597 2164 1933 2236 ἐλυπήθητε,

279 2256 415 2333 ὅπερ
470 2256 582 2312 ἐστὶ
640 2256 777 2312 κατὰ
842 2255 969 2312 Θεὸν
1026 2253 1363 2326 λυπηθῆναι.
1419 2254 1525 2311 Καὶ
1585 2256 1620 2323 ἡ
1684 2256 1778 2327 μὶν
1819 2254 1938 2309 καθ’

280 2347 470 2423 εἱρμὸν
525 2344 736 2401 διάνοια
786 2345 945 2415 αὓτη.
1000 2344 1082 2401 Τὰ
1127 2341 1185 2398 δὲ
1231 2343 1448 2418 μεταξὺ,
1500 2339 1796 2416 περιϐολαὶ
1845 2343 1935 2399 καὶ

278 2433 632 2511 αἶτιολογίαι,
662 2434 753 2489 καὶ
806 2432 1195 2508 ἐπαναλήψεις·
1254 2430 1431 2497 Εῗωθε
1466 2432 1570 2509 γὰρ
1603 2432 1632 2487 ὁ
1662 2433 1806 2493 θεῖος
1837 2432 1938 2486 οὗ-

276 2545 370 2587 τος
401 2524 540 2598 ἀνὴρ
570 2517 895 2598 περιϐολαῖς
945 2517 1246 2595 περιϐολὰς
1293 2520 1580 2596 συνείρειν,
1611 2520 1704 2576 καὶ
1741 2541 1936 2594 μεστο-

276 2618 453 2668 ποιεῖν
486 2613 581 2668 τὸν
612 2611 800 2688 λόγον,
843 2608 928 2666 διὸ
976 2610 1067 2666 καὶ
1115 2609 1511 2685 ἐπαναλήψεως
1546 2606 1773 2666 δεῖσθαι.
1806 2612 1938 2669 Οἷον

280 2702 475 2775 μεταξὺ
535 2695 991 2778 παρεμϐἐὸλητσι
1054 2707 1155 2770 τῆς
1239 2699 1535 2775 εἰρημένης
1591 2704 1689 2754 τοῦ
1764 2699 1938 2774 ῥητοῦ

279 2790 590 2869 συναφείας,
617 2791 703 2860 τὸ,
732 2814 760 2842 «
792 2790 872 2846 Οὐ
910 2786 1311 2863 μεταμέλομαι.
1351 2813 1373 2840 ι

2046 1812 2177 1867 Alio
2198 1812 2384 1867 modo.
2412 1813 2595 1885 Cujus
2612 1816 3056 1887 comparatione
3087 1816 3232 1871 dicit
3253 1834 3313 1872 se
3334 1818 3520 1890 magis
3549 1819 3701 1891 gavi-

2048 1917 2179 1957 sum
2200 1901 2563 1958 fuisse?Aut
2584 1905 2770 1977 magis
2808 1905 3041 1975 gavisus
3080 1922 3234 1971 sum,
3267 1907 3484 1978 inquit,
3516 1924 3694 1979 quam

2043 1989 2225 2046 fuerit
2252 1991 2492 2047 tristitia
2508 2009 2687 2063 quam
2711 1993 2968 2048 sustinui
2990 1994 3053 2048 in
3076 1994 3225 2049 meis
3272 1994 3698 2051 afﬂictionibus

2047 2084 2106 2134 et
2135 2080 2427 2152 angustiis
2462 2099 2476 2136 :
2511 2086 2614 2136 aut
2643 2098 2821 2153 quam
2851 2081 3032 2137 fuerit
3061 2082 3234 2137 dolor
3263 2100 3442 2154 quem
3491 2102 3701 2156 passus

2049 2186 2179 2225 sum
2196 2186 2264 2225 eo
2279 2170 2437 2241 quod
2450 2188 2552 2227 vos
2565 2188 2816 2227 maerore
2829 2173 3160 2228 aﬂ‘ecissem
3187 2190 3294 2244 per
3337 2174 3649 2244 epistolam
3682 2189 3698 2230 :

2049 2263 2104 2313 et
2136 2258 2233 2314 hic
2266 2258 2566 2315 secundus
2596 2276 2810 2317 sensus
2842 2266 2931 2316 est
2958 2260 3146 2332 magis
3177 2261 3454 2333 proprius
3489 2279 3501 2316 :
3561 2278 3701 2317 nam

2048 2347 2122 2402 ad
2180 2348 2293 2403 hoc
2351 2355 2670 2419 sequentes
2724 2350 2912 2423 magis
2970 2350 3329 2422 adaptautur
3371 2366 3697 2408 sermones.

2048 2438 2375 2508 Utrumque
2410 2444 2609 2493 tamen
2641 2438 2907 2511 adaptari
2935 2445 3149 2511 potest.
3194 2440 3290 2495 Ait
3346 2456 3483 2513 ergo
3541 2442 3700 2513 quod

2047 2524 2329 2596 gaudium
2362 2527 2548 2599 magis
2605 2527 2800 2599 ipsum
2860 2528 3244 2584 oblectaverit
3282 2545 3461 2599 quam
3529 2530 3702 2587 dolor

2048 2614 2505 2671 contristaverit.
2561 2616 2784 2673 Deinde
2841 2619 2982 2689 quia
3037 2618 3180 2674 licet
3220 2620 3697 2675 contristaverim

2046 2721 2150 2760 vos
2181 2705 2244 2759 in
2276 2706 2550 2777 epistola,
2583 2707 2799 2778 inquit,
2831 2714 3094 2763 attamen
3153 2707 3227 2762 ad
3283 2708 3694 2779 paenitentiam

2046 2795 2379 2850 contristati
2411 2796 2555 2851 estis
2588 2813 2602 2850 :
2636 2796 2796 2867 quod
2826 2802 2918 2852 est
2947 2796 3274 2852 secundum
3326 2797 3511 2851 Deum
3556 2813 3700 2851 con-

272 2883 524 2960 tristari.
558 2885 764 2954 Itaque
786 2883 960 2954 juxta
986 2882 1199 2937 litteras
1230 2881 1445 2937 seriem
1477 2881 1574 2937 hic
1604 2885 1694 2937 est
1723 2880 2067 2941 intellectus
2098 2902 2113 2940 :
2143 2887 2282 2952 Qua:
2312 2892 2511 2943 autem
2538 2887 2600 2941 in
2630 2886 2826 2942 medio
2885 2893 3188 2959 ponuntur
3245 2888 3693 2944 circumitiones

272 2978 411 3028 sunt
443 2978 500 3028 et
530 2988 843 3030 causarum
874 2971 1238 3028 redditiones
1269 2987 1337 3027 ac
1367 2971 1776 3042 repetitiones.
1832 2971 2004 3028 Solet
2034 2975 2194 3030 enim
2227 2975 2461 3031 divinus
2518 2974 2614 3030 hic
2665 2975 2753 3030 vir
2806 2976 3185 3032 circuitiones
3243 2976 3693 3033 circuitionibus

281 3069 656 3131 connectere,
690 3068 750 3117 et
775 3062 859 3118 ita
890 3077 1229 3118 sermonem
1263 3060 1532 3132 implere.
1566 3059 1703 3116 Ideo
1734 3076 1972 3131 quoque
2000 3064 2359 3135 repetitione
2388 3081 2537 3136 opus
2567 3069 2677 3127 est,
2708 3065 2864 3122 654
2899 3070 3179 3136 tanquam
3211 3065 3285 3120 ad
3341 3066 3683 3137 praedictam

277 3153 572 3208 sermonis
601 3151 1036 3209 connexionem
1065 3150 1446 3223 interjectum
1477 3149 1555 3205 sit
1583 3149 1741 3220 quod
1770 3149 1833 3204 in
1868 3151 2066 3207 medio
2098 3158 2207 3221 est,
2244 3175 2266 3201 ι
2302 3155 2429 3209 Non
2457 3169 2552 3208 me
2583 3154 2851 3225 panitet.
2887 3176 2914 3204 »

342 3240 494 3296 Εἶτα·
557 3263 586 3292 ‹‹
622 3239 686 3296 Εἰ
741 3238 833 3294 καὶ
894 3236 1300 3311 μετεμελόμην.
1331 3260 1360 3288 ››
1412 3234 1586 3291 Πάλιν
1614 3236 1812 3292 τούτου
1843 3236 1930 3291 αἰ-

2110 3241 2335 3297 Deinde
2366 3240 2532 3297 addit
2566 3258 2580 3296 :
2613 3264 2641 3292 «
2675 3243 2864 3299 Etiam
2896 3244 2944 3298 si
2975 3243 3337 3315 paenituerit.
3374 3264 3401 3293 ››
3446 3245 3695 3299 Rursum

268 3328 378 3386 τὶα.
409 3352 438 3380 ιι
474 3326 672 3384 Βλέπω
707 3328 812 3405 γὰρ
843 3327 925 3382 ὅτι
986 3328 1021 3393 ἡ
1079 3324 1347 3394 ἐπιστολή
1378 3323 1577 3395 ἐκείνη.
1615 3350 1637 3376 ι
1678 3324 1780 3381 Καὶ
1808 3321 1934 3379 ούδὶ

270 3415 405 3488 αύτή
438 3419 473 3486 ἡ
505 3416 767 3493 περίοδος
824 3413 1000 3487 ἁπλῆ,
1057 3413 1206 3470 ἀλλὰ
1263 3408 1738 3490 περιϐεϐλημένη.
1785 3413 1931 3483 Φησὶ

269 3506 397 3582 γὰρ’
465 3530 496 3560 ι(
538 3505 604 3562 Εἴ
649 3506 741 3560 καὶ
794 3505 931 3580 πρὸς
962 3501 1130 3580 λῶραν
1191 3502 1461 3573 ἐλύπησεν
1525 3501 1689 3575 ὑμᾶς.
1742 3524 1772 3553 ››
1831 3502 1930 3557 Καὶ

274 3593 375 3650 ούκ
415 3595 584 3650 εἶπεν·
643 3593 708 3652 Εἰ
765 3595 855 3648 καὶ
907 3592 1176 3664 ἐλύπησεν
1235 3592 1397 3665 ὑμᾶς,
1455 3590 1605 3658 ἀλλ’,
1644 3612 1666 3640 ι
1704 3591 1765 3648 Εἰ
1796 3591 1932 3667 πρὸς

274 3679 442 3757 ὥραν.
478 3707 505 3734 ››
537 3684 616 3741 Τὸ
647 3680 724 3753 Si,
758 3708 785 3735 ‹‹
820 3686 927 3738 Νῦν
980 3681 1185 3757 χαίρω,
1219 3704 1248 3732 ››
1280 3678 1626 3753 ἐπανάληψίς
1668 3678 1780 3734 ἐστι
1810 3682 1930 3751 τοῦ,

277 3794 306 3824 α
348 3772 511 3826 "Qut:
567 3792 632 3845 με
699 3768 916 3846 μᾶλλον
980 3770 1241 3846 χαρῆναι.
1294 3793 1322 3821 ››
1390 3766 1616 3837 Ἐπειδή
1686 3767 1792 3844 γὰρ
1858 3771 1928 3842 τῇ

271 3860 578 3931 πυκνότητι
632 3865 741 3916 τῶν
798 3854 1110 3937 περιϐολῶν
1161 3857 1436 3933 ἐμέστωσε
1490 3858 1583 3913 τὸν
1616 3855 1804 3934 λόγον,
1837 3858 1926 3913 καὶ

274 3948 351 4010 εἰς
435 3949 689 4028 ἀσάφειαν
750 3947 1175 4028 φυγκλειόμενον
1261 3948 1427 4021 ἐώρα,
1524 3946 1801 4023 ἐχρήσατο
1858 3950 1928 4022 τῇ

274 4037 629 4115 ἐπαναλήψει.
691 4040 812 4096 Εἶθ’
871 4039 1047 4099 οὓτως
1100 4034 1351 4093 ἀπέδωκε
1404 4037 1492 4106 τὸ,
1553 4061 1581 4089 ‹‹
1638 4033 1799 4093 Ἀλλ’
1842 4035 1928 4091 ὅτι

271 4126 584 4200 ἐλυπήθητε
640 4129 716 4192 εἰς
778 4128 1086 4202 μετάνοιαν,
1143 4152 1171 4179 ››
1234 4128 1389 4203 ὅπερ,
1439 4127 1514 4188 ὡς
1545 4124 1636 4181 καὶ
1665 4125 1926 4203 προείρη-

271 4238 384 4288 ται,
416 4220 715 4295 συνείρεται
741 4224 860 4280 τοῖς
916 4216 1119 4284 ἐπάνω,
1174 4217 1307 4271 οἷον·
1367 4238 1395 4271 ι
1422 4216 1582 4270 Ὥστε
1614 4235 1681 4288 με
1715 4213 1929 4289 μᾶλλον

269 4314 535 4384 χαρῆναι,
566 4308 651 4363 δτι
706 4306 752 4363 εἰ
791 4306 883 4362 καὶ
942 4304 1193 4376 ἐλύπησα
1225 4304 1366 4377 ὑμᾶς
1397 4302 1451 4357 ἐν
1476 4306 1545 4377 τῇ
1577 4301 1867 4376 ἐπιστολῇ,
1895 4326 1926 4355 ››

266 4394 415 4451 ἀλλὰ
475 4394 566 4452 οὖν
617 4397 701 4452 ὅτι
767 4396 844 4461 εἰς
905 4397 1195 4469 μετάνοιαν
1246 4391 1579 4462 ἐλυπήθητε.
1636 4392 1735 4448 Καὶ
1763 4396 1927 4447 τοῦτο

272 4481 328 4538 δὲ
382 4485 537 4557 ὅμως
592 4479 1013 4560 περιϐέϐληται.
1069 4484 1140 4538 Τὸ
1214 4478 1272 4537 δέ
1327 4478 1698 4555 ἀπλούστερόν
1759 4478 1925 4550 ἐστιν,

2041 3330 2223 3402 hujus
2249 3348 2429 3387 causa
2445 3332 2749 3402 sequitur:
2773 3354 2797 3384 ι
2826 3332 3004 3387 Video
3029 3332 3189 3387 enim
3241 3331 3400 3403 quod
3444 3332 3698 3403 epistola

2041 3418 2164 3477 illa.
2190 3441 2219 3470 »
2243 3425 2316 3476 Et
2337 3437 2413 3475 ne
2436 3421 2562 3476 haec
2591 3421 2831 3492 quidem
2857 3420 3137 3493 periodus
3159 3420 3412 3493 simplex
3445 3426 3556 3486 est,
3591 3420 3696 3476 sed

2038 3507 2157 3564 alia
2186 3503 2431 3581 quoque
2453 3510 2810 3566 assumitur:
2870 3527 3008 3566 nam
3066 3510 3182 3565 ait:
3248 3531 3269 3558 ι
3330 3510 3585 3565 Tametsi
3617 3510 3694 3566 ad

2039 3597 2247 3654 horam
2267 3600 2704 3656 contristaverit
2724 3616 2850 3655 vos.
2874 3622 2901 3650 »
2929 3601 3044 3655 Nec
3089 3598 3441 3671 simpliciter
3486 3598 3637 3654 dixit
3664 3614 3681 3667 ;

2037 3688 2295 3744 Tametsi
2353 3690 2791 3746 contristaverit
2843 3706 2966 3756 vos,
3016 3688 3120 3744 sed
3174 3687 3425 3758 addidit,
3482 3710 3513 3738 «
3588 3688 3677 3743 Ad

2038 3775 2271 3834 horam.
2305 3802 2327 3831 ι
2365 3778 2533 3844 Quod
2562 3784 2761 3835 autem
2793 3779 2877 3833 ait
2909 3794 2922 3831 :
2954 3799 2982 3828 ι(
3016 3779 3179 3832 Nunc
3208 3775 3455 3847 gaudeo,
3511 3796 3541 3824 »
3584 3791 3677 3829 re-

2037 3867 2244 3938 petitio
2277 3873 2369 3924 est
2396 3869 2527 3939 ejus
2555 3868 2713 3940 quod
2770 3866 3019 3934 dixerat,
3082 3886 3107 3917 α
3168 3864 3325 3919 Adeo
3382 3868 3448 3918 ut
3495 3863 3684 3936 magis

2035 3956 2269 4027 gavisus
2299 3956 2536 4012 fuerim.
2572 3980 2601 4007 »
2634 3959 2955 4027 Postquam
2987 3953 3149 4009 enim
3175 3953 3512 4024 frequentia
3571 3953 3688 4008 cir-

2036 4045 2367 4101 cuitionum
2392 4045 2723 4102 orationem
2741 4043 3110 4115 impleverat,
3132 4049 3189 4098 et
3211 4042 3447 4098 videbat
3475 4043 3537 4097 in
3584 4041 3692 4097 ob-

2036 4134 2491 4206 curitateipsam
2506 4133 3117 4205 concludi,repetione
3136 4150 3281 4189 usus
3322 4138 3430 4189 est.
3465 4130 3688 4187 Deinde

2035 4222 2119 4278 ita
2143 4222 2403 4278 reddidit
2432 4223 2659 4279 dictum
2685 4221 2855 4279 illud.
2889 4245 2917 4273 «
2980 4222 3093 4278 Sed
3148 4221 3308 4293 quod
3352 4220 3685 4277 contristati

2035 4311 2165 4366 sitis
2196 4311 2272 4366 ad
2304 4312 2743 4383 pcenitentiam,
2776 4335 2805 4363 »
2860 4312 3020 4384 quod
3076 4317 3143 4368 ut
3193 4310 3545 4382 prmdictum
3596 4312 3687 4365 est

2034 4401 2407 4455 connectitur
2436 4401 2867 4474 superioribus,
2898 4406 3059 4474 puta,
3093 4423 3119 4449 ‹‹
3154 4399 3316 4454 Adeo
3374 4404 3442 4454 ut
3493 4398 3683 4469 magis

2037 4488 2270 4560 gavisus
2301 4488 2539 4556 fuerim,
2572 4491 2713 4562 quia
2741 4490 2882 4546 licet
2937 4487 3412 4545 contristaverim
3469 4503 3570 4542 vos
3621 4486 3683 4540 in

266 4599 295 4627 «
336 4578 498 4631 Ὥστε
531 4596 599 4649 με
628 4583 889 4652 χαρῆναι,
921 4575 1005 4630 ’ὸτι
1068 4573 1144 4635 εἷς
1207 4571 1499 4645 μετάνοιαν
1528 4568 1860 4640 ἐλυπήθητε.
1897 4596 1924 4621 ι.

2041 4577 2322 4650 epistola;
2348 4586 2663 4636 uattamen
2707 4581 2849 4652 quia
2899 4577 3312 4651 paenitentiam
3352 4574 3684 4632 contristati

263 4667 441 4721 Ταῦτα
472 4662 529 4720 δέ
591 4686 685 4738 μοι
744 4661 1339 4739 διαλελεπτολόγηται,
1394 4658 1500 4737 οὐχ
1560 4658 1646 4715 ὅτι
1702 4658 1922 4722 ιίαῦλος

2034 4666 2196 4722 estis.
2221 4668 2431 4723 Verum
2456 4669 2567 4725 hoc
2593 4685 2829 4740 quoque
2852 4673 3223 4738 assumptum
3269 4670 3359 4720 est
3406 4670 3464 4719 et
3506 4664 3684 4718 inter-

262 4754 481 4814 τούτοις
513 4753 969 4827 ἐσεμνολογηται,
1026 4749 1141 4806 οὐδ’
1192 4752 1275 4805 ὅτι
1333 4751 1497 4823 ἡμεῖς
1538 4748 1699 4804 αύτὸν
1726 4769 1924 4822 σεμνο-

2041 4755 2279 4826 iectum.
2309 4757 2652 4829 Simplicius
2685 4763 2774 4813 est
2802 4763 3024 4812 autem.
3061 4780 3087 4806 ι(
3125 4754 3282 4809 Adeo
3339 4759 3408 4809 ut
3452 4753 3683 4825 gavisus

263 4840 448 4915 λογεῖν
481 4842 699 4904 τούτοις
749 4841 1013 4919 ἔγνωμεν,
1077 4839 1202 4895 ἀλλ’
1260 4837 1610 4918 αἰσχύνοντες
1640 4836 1768 4899 τοὺς
1796 4830 1920 4908 ἔξω,

264 4926 586 5004 ἷδιιυτισμὸν
663 4935 732 5006 τῇ
820 4928 1123 5002 Ἐκκλησία
1196 4925 1579 4997 ὀνειδίζοντας.
1642 4927 1921 4982 Δείκνυται

264 5017 368 5093 γὰρ
402 5016 489 5074 διᾶ
516 5020 749 5091 τούτων,
808 5019 890 5094 ἐφ’
938 5020 984 5092 ᾧ
1037 5019 1271 5093 μονονοὺ
1300 5015 1598 5087 τεθηπότες
1626 5016 1715 5070 τὸν
1753 5022 1922 5071 Παια-

260 5110 373 5163 νιέα
402 5110 613 5166 καὶτὸν
654 5116 750 5167 τοῦ
799 5110 1033 5186 Ὀλύρου
1086 5112 1472 5185 πρσσκυνοῦσι,
1531 5111 1650 5169 ταῖς
1700 5101 1923 5181 περιϐο-

263 5194 386 5259 λαῖς
446 5198 617 5277 λέγω,
682 5205 872 5276 μακρῷ
927 5200 1155 5261 τούτους
1210 5197 1246 5267 ἢ
1304 5196 1504 5252 ἐκεῖνοι
1558 5196 1683 5257 τοὺς
1714 5195 1920 5252 ἀλλους

257 5286 769 5363 ἀποκρυπτόμενος.
833 5289 1023 5345 Καίτοι
1077 5292 1188 5343 τῶν
1250 5287 1344 5362 μὶν
1408 5285 1437 5341 ὁ
1499 5284 1623 5360 βίος
1656 5282 1710 5340 ἐν
1742 5284 1921 5359 τούτῳ

255 5380 335 5450 τῷ
365 5378 518 5451 πόνῳ
568 5371 888 5454 κατετρίϐη,
920 5378 950 5433 ὁ
990 5374 1048 5432 δὶ
1103 5372 1221 5432 οὐδ’
1279 5369 1554 5449 ἐμϐλέψαι
1586 5373 1807 5437 τούτοις
1834 5373 1918 5430 ὅτι

259 5468 336 5541 μὴ
394 5467 534 5525 κατᾶ
588 5468 862 5547 πάρεργον
947 5471 1148 5542 χρῆσιν
1215 5464 1434 5539 ἠξίωσε.
1498 5461 1602 5520 Καὶ
1664 5460 1918 5537 μυρίάκις

252 5550 397 5614 ἴστιν
458 5557 621 5614 αὐτοῦ
676 5555 728 5613 ἐν
780 5561 902 5621 τοῖς
953 5553 1140 5631 λόγοις
1196 5553 1259 5609 τὸ
1312 5556 1563 5609 τοιοῦτον
1607 5553 1915 5619 θεάσασθαι,

2031 4844 2245 4900 fuerim
2280 4847 2439 4917 quod
2468 4846 2543 4901 ad
2574 4846 2983 4918 paenitentiam
3045 4842 3378 4900 contristati
3438 4842 3587 4897 sitis.
3650 4863 3680 4892 ››

2032 4934 2167 4989 Haec
2189 4934 2262 4990 de
2284 4935 2463 4990 rebus
2481 4936 2796 4990 minutulis
2820 4934 3098 4989 subtilius
3122 4932 3534 4999 disseruimus,
3558 4946 3681 4986 non

2033 5023 2192 5094 quod
2218 5025 2428 5080 Paulus
2453 5025 2543 5079 bis
2567 5025 2853 5097 glariatus
2875 5025 2971 5093 sit,
2999 5030 3101 5079 aut
3142 5022 3300 5095 quod
3345 5039 3454 5077 nos
3484 5022 3679 5093 ipsum

2031 5119 2277 5184 propter
2304 5115 2430 5169 tunc
2460 5120 2830 5169 oslentemus
2891 5131 2960 5169 ac
3016 5114 3407 5180 celebremus,
3467 5110 3569 5167 sed
3618 5115 3685 5165 ut

2032 5208 2308 5257 externos
2336 5209 2394 5258 et
2426 5220 2461 5258 a
2507 5204 2728 5259 nostris
2786 5203 3013 5258 alienos
3071 5202 3528 5271 confundamus,
3579 5198 3680 5270 qui

2030 5291 2325 5346 inscitiam
2350 5292 2628 5348 Ecclesiae
2653 5293 2962 5365 objiciunt.
2982 5294 3095 5348 Per
3132 5292 3260 5348 haec
3307 5292 3466 5347 enim
3490 5294 3685 5345 osten-

2030 5380 2191 5437 ditur
2211 5381 2451 5452 quodin
2469 5384 2601 5447 hoc,
2642 5399 2712 5439 ex
2766 5399 2882 5455 quo
2929 5383 3019 5438 illi
3060 5383 3396 5439 Paeanicum
3424 5397 3491 5435 ac
3521 5375 3681 5435 Olori

2030 5467 2221 5525 ﬁlium
2238 5475 2545 5543 stupentes
2568 5470 3001 5544 propemodum
3032 5471 3305 5537 adorant,
3355 5470 3418 5524 in
3466 5464 3682 5522 circui-

2027 5556 2657 5632 tionibus,inquam,et
2675 5560 2930 5634 longiori
2954 5576 3191 5634 quoque
3213 5559 3322 5615 hos
3368 5551 3681 5613 intervallo
