4128 6192
450 291 571 353 999

1608 252 2026 322 (BCUMENII
2069 253 2379 317 ΤΗΙΟΟίΕ
2418 252 2774 317 EPISCOPI

3688 244 3829 307 1000

455 345 638 469 quam
668 392 757 448 illi
786 388 956 452 alios,
988 383 1123 454 post
1151 391 1215 433 se
1245 372 1568 442 relinquat.
1618 365 1799 437 Atqui
1852 361 2096 419 illorum

2224 362 2308 425 τῆς
2342 359 2595 437 χάριτος,
2652 357 2686 414 ἃ
2727 356 2959 433 μελέτην
3016 352 3180 412 ἄλλοι
3236 354 3519 414 ποιοῦντες
3556 345 3620 406 ού
3648 366 3828 423 κατορ·

2224 460 2233 469 .
2277 453 2302 465 ..
2514 447 2541 458 «-
2719 452 2747 464 η
2834 446 3155 469 ..μιμηιη
3235 441 3398 469 ΑΛ-
3478 438 3557 469 -2-
3633 437 3828 469 ι...ι.......

453 452 572 543 ιῖἱῐει
589 485 650 538 in
666 484 777 537 hoc
800 452 1008 532 labore
1021 468 1240 525 detrita
1261 468 1350 519 est
1374 480 1387 519 :
1412 460 1509 515 hic
1524 462 1723 513 autem
1744 471 1818 510 ne
1841 452 2101 523 inspice-

454 594 518 632 re
549 572 789 645 quidem
818 567 944 620 haec
971 559 1175 619 voluit.
1210 554 1325 611 nisi
1349 569 1419 609 ex
1449 546 1735 605 incidenti
1795 560 1931 601 cum
1971 557 2100 598 sese

451 666 692 722 oll‘erret
719 674 883 725 usus,
917 659 975 711 et
1005 653 1067 707 in
1099 649 1279 720 hujus
1329 640 1706 700 sermonibus
1760 637 2104 708 frequenter

452 755 513 811 id
543 750 806 825 reperire
838 723 948 812 est,
982 756 1197 812 nempe
1228 735 1386 810 quod
1416 750 1486 789 ea
1512 748 1643 803 quae
1676 728 1777 785 alii
1836 723 2103 782 adhibita

447 858 591 900 cura
613 813 739 896 non
763 837 1187 904 assequuntur,
1220 828 1346 882 haec
1374 822 1450 879 ad
1480 821 1721 876 illorum
1778 813 2101 886 repreheno

453 899 684 988 sionem
714 925 903 1000 gratia
919 899 1152 994 praebet
1183 933 1245 972 se
1272 910 1626 976 colentibus,
1659 906 1837 963 etiam
1869 903 2010 958 dum
2040 899 2101 956 id

452 1037 573 1077 non
604 1020 902 1091 quaerunt,
931 993 1243 1082 despicere
1300 1004 1521 1059 docens
1572 1003 1637 1055 ut
1695 996 1789 1051 his
1819 993 2006 1049 otium
2033 1006 2101 1046 ac

452 1082 1051 1181 labordmpendatur.
1085 1104 1151 1157 In
1182 1098 1274 1153 his
1305 1095 1465 1152 enim
1497 1092 1554 1147 in
1589 1087 1802 1161 quibus
1835 1084 1923 1139 illi
1939 1082 2104 1138 dice-

449 1206 583 1258 rent
606 1198 905 1255 inscitiam
938 1187 1332 1263 esse,quando
1377 1183 1524 1250 vult,
1558 1197 1626 1236 eo
1664 1194 1796 1251 quia
1813 1179 1955 1232 sunt
1983 1171 2102 1228 elo-

450 1288 710 1362 quentia:
743 1285 923 1340 etiam
950 1282 1077 1337 sine
1111 1277 1313 1333 labore
1345 1268 1599 1329 assumit
1627 1271 1686 1322 et
1710 1267 1985 1338 prompta
2031 1274 2102 1316 ac

450 1349 562 1436 sibi
588 1378 854 1450 subjecta
880 1370 1264 1439 habet,idque
1281 1359 1683 1421 abundantius
1705 1371 1885 1429 quam
1925 1353 1968 1408 ii
2000 1349 2101 1423 qui

452 1470 563 1525 hoc
597 1444 715 1540 pro.
739 1481 918 1537 scopo
963 1461 1207 1523 habent,
1269 1472 1337 1512 ac
1392 1455 1573 1509 vitam
1602 1449 1695 1505 his
1728 1444 2102 1518 impendunt.

447 1561 563 1615 Per
592 1559 720 1614 haec
749 1556 878 1628 ipsa
908 1569 1046 1626 ergo
1083 1547 1345 1605 studium
1378 1561 1445 1600 ac
1474 1541 1646 1598 labor
1674 1551 1823 1592 vana
1853 1550 1922 1589 ac
1969 1533 2101 1587 inu-

452 1649 579 1704 tilia
609 1664 739 1704 esse
770 1622 1303 1717 deprehenduntur
1326 1651 1450 1691 non
1506 1629 1833 1689 auxiliante
1889 1622 2097 1697 gratia.

2208 453 2386 517 θοῦσι,
2443 447 2612 505 ταῦτα
2657 452 2777 511 τοῖς
2834 446 3157 522 θεράπουσιν
3231 441 3398 513 αὐτῆς
3477 438 3557 502 είς
3633 437 3831 493 ἐκείνων

2205 534 2438 616 ἔλεγχον
2494 535 2621 594 οὐδὲ
2695 535 2950 609 ζητέσασι
3032 532 3388 608 ποριζούσης,
3447 529 3536 586 καὶ
3595 530 3834 602 περιειρῇ

2204 613 2388 698 τήν-ἐν
2422 626 2606 691 αὐτοῖς
2641 629 2858 704 σχολὴν
2891 626 2983 681 καὶ
3010 626 3102 681 τὸν
3162 620 3325 680 πόνον
3360 617 3575 694 μᾶλλον
3602 613 3834 672 ἀναδιδα-

2206 720 2462 789 σκοῦσης.
2522 735 2584 775 Δι
2649 703 2724 775 ὧν
2755 718 2882 796 γὰρ,
2914 718 2990 781 ὡς
3043 715 3103 771 ἂν
3148 712 3345 770 ἐκεῖνοι
3378 714 3555 789 φαῖεν,
3587 707 3616 763 ὁ
3644 703 3838 796 ίδιωτι-

2206 809 2345 884 σμὸς
2375 810 2442 865 τὰ
2469 816 2570 880 τῆς
2621 793 2983 884 εὐγλωττίας,
3044 804 3133 861 ὅτε
3196 800 3474 879 βούλεται,
3503 796 3598 854 καὶ
3630 793 3838 852 ἀταλαι-

2206 900 2409 975 πώρως
2440 894 2704 973 λαμϐάνει
2753 898 2847 954 καὶ
2904 896 3197 972 ὑποχείρια
3249 886 3392 968 ἔχει,
3421 889 3514 945 καὶ
3546 884 3713 943 πλὲον
3742 888 3840 941 τῶν

2206 985 2366 1065 ἔργον
2398 988 2533 1044 αύτὰ
2561 989 2651 1045 καὶ
2715 987 2832 1063 βίον
2890 986 3260 1059 ποιουμὲνων,
3292 979 3380 1038 διὰ
3418 980 3631 1035 τούτων
3684 975 3842 1031 αὐτῶν

2206 1080 2242 1148 ἡ
2274 1063 2483 1149 σπουδὴ
2542 1078 2633 1134 καὶ
2689 1077 2718 1132 ὁ
2770 1074 2962 1147 -πόνος,
3025 1073 3227 1149 μάταια
3280 1069 3372 1127 καὶ
3426 1063 3710 1147 ἂνωφελῆ,
3752 1070 3843 1134 τῆς

2207 1167 2435 1245 χάριτος
2468 1169 2533 1224 ού
2575 1167 2994 1244 συναιρομὲνης,
3052 1161 3441 1238 ἇπελέγχεται.
3475 1182 3505 1212 ιι
3536 1158 3663 1214 "Ott
3692 1156 3736 1210 εί
3761 1153 3843 1208 καὶ

2207 1242 2457 1330 ἐλύπησα
2515 1258 2674 1330 ὑμᾶς,
2709 1242 2742 1310 »ὴ
2796 1255 2894 1313 Διᾶ
2944 1256 3045 1324 τήν
3104 1247 3385 1332 ἔγκλησιν.
3423 1271 3453 1302 α
3484 1248 3575 1305 Ἐν
3603 1248 3674 1318 τῇ
3728 1242 3844 1298 ἐπι-
3882 1290 3887 1295 .

2208 1329 2401 1419 στολῇ.
2436 1373 2458 1402 ι
2491 1329 2558 1405 Ei
2585 1346 2675 1402 καὶ
2731 1344 2958 1401 τοιαῦτά
3012 1329 3153 1412 ἐστι,
3204 1340 3361 1420 φησὶ,
3404 1336 3474 1393 τὰ
3503 1336 3772 1413 γραφέντα
3795 1329 3840 1386 ἐν

2207 1441 2277 1512 τῇ
2335 1438 2529 1512 πρώτῃ
2583 1433 2872 1510 ἐπιστολῇ,
2930 1434 3071 1490 ὥστε
3133 1424 3476 1506 ὑπερϐαίνειν
3534 1425 3600 1482 τὸ
3660 1423 3839 1498 μέτρον

2204 1531 2307 1593 τῆς
2338 1526 2732 1601 ἐπιτιμήσεως,
2764 1526 2855 1581 καὶ
2904 1522 2990 1581 διὰ
3036 1528 3200 1580 τοῦτο
3246 1526 3512 1579 ποιοῦντα
3545 1519 3844 1596 μεταμελη-

2211 1621 2393 1690 θῆναι,
2425 1620 2579 1694 ὅμως
2610 1618 2671 1674 τὸ
2719 1615 2863 1673 πολὺ
2920 1612 3115 1691 κὲρδος
3177 1616 3242 1671 τὸ
3298 1614 3349 1684 ἐξ
3406 1612 3590 1669 αὐτῶν
3618 1612 3845 1688 γεγονὸς,

457 1697 579 1704 --.η
613 1697 735 1704 --η
776 1697 903 1717 ΜΓ
958 1697 963 1698 ,
1011 1697 1019 1698 ,

457 1762 484 1791 «
511 1741 656 1794 Nam
687 1737 828 1792 licet
857 1728 1332 1790 contristaverim
1361 1741 1485 1789 vos,
1514 1744 1542 1773 »
1570 1722 1813 1793 propter
1835 1713 2101 1786 objurga-

2224 1708 2309 1806 ›ύκ
2338 1708 2398 1806 ἐᾷ
2574 1705 2768 1806 λοιπὸν
2827 1703 3296 1780 μεταμεληθῆναι.
3356 1704 3545 1760 Ταῦτα
3588 1697 3649 1756 δέ
3676 1721 3844 1778 φησιν,

456 1831 700 1886 tionem.
735 1849 763 1877 ι(
795 1828 908 1881 Per
937 1821 1272 1894 epistolam.
1303 1838 1332 1867 »
1360 1816 1709 1883 Quanquam
1732 1807 1858 1862 haec
1882 1802 2097 1875 inquit,

2211 1798 2310 1854 οὐκ
2363 1792 2552 1865 ἐπειδὴ
2633 1794 2883 1871 ἀμέτρως
2964 1792 3312 1867 ἐπετίμησεν,
3385 1788 3537 1847 ἀλλὰ
3593 1788 3845 1867 πρόφασιν

453 1918 637 1992 priori
660 1914 913 1988 epistola
933 1912 1153 1983 scripta
1173 1909 1315 1971 sint,
1341 1905 1489 1961 adeo
1512 1906 1578 1957 ut
1625 1896 1869 1954 modum
1896 1909 2104 1950 exces-

2224 1885 2443 1943 ἐπαίνων
2466 1886 2529 1941 τὸ
2553 1888 2781 1961 πρᾶγμα
2808 1883 3200 1956 ποιησάμενος.

2318 1977 2353 1992 ..
2729 1979 2740 1992 .
2806 1991 2833 1992 ,,
2864 1991 2871 1992 ,
2907 1991 2913 1992 ,
2956 1973 3181 1992 LM“-

454 1970 635 1992 ι---νυ
671 1970 719 1988 -ιν
774 1970 777 1971 ν
1054 1970 1071 1983 ι
1306 1970 1309 1971 ν

450 2007 630 2064 serim
662 2000 1111 2074 increpationis,
1140 2003 1197 2053 et
1229 1995 1384 2053 (ὓῦὲ
1417 1989 1578 2064 quod
1605 1988 1717 2044 hoc
1741 1982 1986 2041 fecerim
2019 1977 2382 2053 pmnituerit,
2414 1992 2696 2050 magnum
2726 1979 2926 2031 tamen
2956 1973 3191 2030 lucrum
3220 1971 3381 2044 quod
3433 1970 3579 2027 inde
3631 1984 3849 2025 succes-

451 2098 546 2164 sit,
580 2112 701 2151 non
731 2094 875 2149 sinit
903 2108 997 2147 me
1029 2088 1312 2158 deinceps
1340 2083 1649 2155 pmnitere.
1683 2078 1817 2132 Haec
1846 2078 2045 2130 autem
2075 2069 2241 2137 dicit,
2270 2084 2392 2124 non
2434 2066 2594 2138 quod
2650 2064 2889 2121 modum
2949 2064 3014 2120 in
3070 2060 3539 2135 reprehensione
3598 2074 3848 2116 excesse-

451 2188 566 2252 rit;
600 2184 705 2240 sed
733 2200 859 2239 rem
890 2182 1082 2253 ipsam
1113 2177 1384 2233 efficiens
1412 2170 1656 2227 laudum
1689 2163 2087 2223 occasionem.

527 2284 647 2350 VII,
678 2284 709 2337 8
745 2285 826 2335 11.
868 2279 1040 2336 Video
1065 2279 1207 2332 enim
1237 2271 1387 2344 quod
1414 2268 1645 2341 epistola
1675 2265 1776 2320 illa
1797 2262 2014 2319 tametsi
2033 2260 2108 2315 ad

458 2375 650 2429 horam
680 2369 1085 2427 centristaverit
1114 2380 1256 2420 vos:
1310 2376 1458 2416 nunc
1515 2355 1748 2427 gaudeo,
1804 2369 1916 2409 non
1960 2349 2107 2421 quod

459 2462 774 2520 contristati
801 2457 1047 2529 fueritis,
1078 2455 1172 2512 sed
1200 2451 1345 2524 quod
1376 2447 1689 2506 contristati
1715 2445 1836 2500 sitis
1871 2440 1947 2496 ad
1990 2456 2108 2510 pos-

455 2553 767 2607 nitentiam.
800 2549 937 2603 Nam
964 2544 1275 2602 contristati
1305 2540 1433 2594 estis
1460 2533 1762 2593 secundum
1794 2533 1986 2596 Deum,
2042 2532 2106 2582 ut

457 2646 515 2697 in
543 2642 701 2696 nulla
755 2655 815 2694 re
870 2637 1200 2692 detrimento
1252 2631 1375 2687 sitis
1422 2627 1607 2697 affecti
1659 2640 1767 2695 per
1817 2634 1935 2675 nos.
1968 2620 2107 2674 Nam

459 2748 579 2805 quae
607 2729 903 2786 secundum
958 2727 1122 2781 Deum
1176 2727 1253 2777 est
1296 2720 1542 2781 tristitia,
1596 2712 1987 2785 paenitentiam
2034 2706 2109 2761 ad

460 2820 698 2877 salutem
726 2832 834 2872 non
860 2812 1238 2887 paenitendum
1263 2810 1420 2879 parit
1455 2821 1467 2860 :
1501 2810 1693 2860 contra
1740 2816 1864 2856 vero
1911 2793 2111 2851 mundi

464 2910 697 2965 tristitia
724 2884 951 2963 mort—em
981 2904 1170 2973 efﬁcit.
1204 2903 1340 2955 Ecce
1372 2897 1516 2951 enim
1545 2893 1723 2949 isthuc
1753 2892 1933 2955 ipsum
1962 2884 2111 2957 quod

463 2998 759 3054 secundum
791 2997 951 3050 Deum
983 2989 1296 3047 contristati
1324 2986 1546 3055 fueritis
1574 2986 1842 3053 quantam
1871 2978 1930 3031 in
1960 2975 2109 3030 vobis

465 3090 652 3160 genuit
681 3082 1129 3147 sollicitudinem,
1159 3085 1210 3134 et
1238 3073 1615 3146 defensionem
1671 3076 1723 3125 et
1774 3062 2112 3137 indignatio-

465 3195 607 3244 nem,
640 3183 691 3232 et
722 3177 989 3238 timorem,
1021 3176 1074 3224 et
1103 3167 1455 3230 desiderium,
1489 3167 1541 3216 et
1571 3160 1770 3224 zelum,
1820 3162 1873 3210 et
1931 3152 2118 3209 vindi-

469 3240 635 3324 ctam.
667 3262 947 3334 Siquidem
976 3260 1179 3327 ubique
1207 3251 1623 3310 demonstrastis
1651 3263 1745 3303 vos
1774 3248 1940 3316 ipsos,
1974 3240 2119 3313 quod

464 3359 602 3428 puri
630 3356 751 3411 sitis
779 3355 836 3407 in
868 3367 931 3406 eo
962 3348 1198 3417 negotio.

546 3487 574 3514 ‹‹
606 3457 862 3519 Tametsi
892 3455 965 3511 ad
994 3455 1204 3507 horam
1239 3445 1673 3505 contristaverit
1702 3460 1823 3499 vos.
1887 3462 1915 3490 »
1977 3445 2121 3495 Nam

2288 2255 2488 2314 Βλέπω
2542 2255 2666 2332 γάρ,
2720 2254 2807 2310 ὅτι
2865 2254 2900 2322 ἡ
2957 2249 3223 2320 ἐπιστολή
3280 2247 3481 2319 ἐκείνη,
3518 2248 3565 2304 εἰ
3611 2246 3850 2323 καὶπρὸς

2214 2344 2360 2421 ὥραν
2418 2343 2686 2415 ἐλύπησεν
2742 2345 2905 2416 ὑμᾶς,
2960 2346 3051 2397 νῦν
3111 2342 3294 2417 χαίρω
3352 2339 3460 2418 ούχ
3513 2338 3602 2395 ὅτι
3656 2336 3850 2407 ἐλυπή-

2217 2448 2368 2507 θητε,
2435 2433 2566 2490 ἀλλ’
2631 2432 2716 2490 ὅτι
2780 2431 3096 2503 ἐλυπήθητε
3161 2429 3239 2493 είς
3325 2429 3636 2503 μετάνοιαν.
3706 2425 3852 2484 Ἐλυ-

2214 2526 2428 2597 πτςθητε
2473 2523 2576 2601 γὰρ
2630 2522 2768 2579 κατὰ
2822 2522 2974 2592 Θεὸν,
3027 2520 3117 2576 ἳνα
3173 2519 3226 2575 ἐν
3287 2515 3482 2593 μηδενὶ
3544 2523 3850 2592 ζημιωθῆτε

2217 2613 2269 2687 ἐξ
2320 2617 2503 2688 ἡμῶν.
2560 2618 2624 2670 Ἡ
2680 2612 2784 2687 γὰρ
2840 2612 2977 2667 κατὰ
3031 2609 3160 2666 Θεὸν
3202 2607 3376 2681 λύπη,
3438 2608 3729 2682 μετάνοιαν
3780 2605 3849 2667 εἷς

2221 2704 2492 2781 σωτηρίαν
2568 2700 2986 2776 ἀμεταμέλητον
3064 2701 3471 2776 κατεργάζεται.
3526 2701 3593 2756 Ἤ
3653 2695 3710 2752 δὶ
3760 2698 3849 2751 τοῦ

2217 2795 2428 2869 κόσμου
2514 2790 2690 2863 λύπη,
2774 2792 2999 2846 θάνατον
3078 2788 3481 2865 κατεργάζεται.
3553 2783 3696 2845 Ἰδοὺ
3757 2784 3848 2862 γὰρ

2217 2884 2352 2940 αὐτὸ
2404 2886 2567 2938 τοῦτο
2616 2881 2681 2936 τὸ
2735 2879 2871 2935 κατὰ
2928 2878 3059 2935 Θεὸν
3116 2876 3428 2949 λυπηθῆναι
3487 2876 3654 2951 ὑμᾶς,
3691 2875 3850 2943 πόσην

2217 2973 2605 3049 κατειργάσατο
2709 2969 2837 3043 ὑμῖν
2941 2965 3206 3038 σπουδὴν,
3310 2965 3457 3023 ἀλλὰ
3532 2964 3847 3039 ἀπολογίαν,

2221 3062 2367 3120 ἀλλὰ
2440 3060 2829 3137 ἀγανάκτησιν,
2904 3056 3051 3114 ἀλλᾶ
3124 3052 3315 3136 φόϐον,
3389 3054 3515 3112 ἀλλ’
3602 3053 3853 3123 ἐπιπόθη-

2221 3174 2326 3224 σιν,
2404 3148 2549 3207 ἆλλᾶ
2643 3147 2836 3220 ζῆλον,
2911 3145 3041 3203 ἀλλ’
3116 3144 3414 3218 ἐκδίκησιν.
3522 3146 3618 3204 Ἐν
3714 3140 3855 3199 παντὶ

2223 3242 2577 3313 συνεστήσατε
2669 3236 2890 3299 ἑαυτοὺς
2963 3236 3156 3313 ἁγνοὺς
3221 3237 3353 3292 εἶναι
3419 3234 3474 3292 ἐν
3539 3239 3624 3310 τῷ
3685 3234 3854 3311 πράγ-

2229 3353 2377 3408 ματι.

2303 3464 2325 3497 ε
2356 3442 2422 3500 Ei
2452 3442 2543 3497 καὶ
2596 3440 2733 3518 πρὸς
2792 3438 2934 3512 ὥραν
2995 3438 3264 3510 ἐλύπησεν
3301 3439 3457 3514 ὑμᾶς.
3494 3460 3521 3488 ››
3555 3437 3701 3513 Πρὸς
3727 3431 3856 3509 ὥραν

481 3551 722 3608 tristitia
743 3545 980 3601 horaria
998 3542 1112 3596 fuit
1132 3557 1200 3595 ac
1234 3542 1675 3600 momenlanea,
1721 3533 1954 3587 lucrum
1986 3545 2112 3584 vero

2224 3532 2329 3609 γὰρ
2360 3535 2394 3601 ἡ
2423 3530 2598 3602 λύπη,
2625 3530 2716 3586 καὶ
2748 3527 2991 3598 διηνεκὲς
3018 3530 3081 3585 τὸ
3110 3526 3321 3604 κέρδος.
3382 3549 3406 3579 ε
3456 3531 3565 3583 Νῦν
3613 3525 3805 3602 χαίρω.
3833 3544 3859 3574 ιο

483 3642 726 3712 longum
759 3651 827 3691 ac
857 3631 1226 3688 continuum.
1263 3649 1288 3677 ι.
1334 3626 1500 3680 Nunc
1556 3619 1801 3694 gaudeo.
1838 3641 1865 3669 ››
1897 3619 2112 3673 Conse-

2230 3620 2562 3680 Ἀκόλουθον
2591 3620 2657 3712 ᾖν
2691 3619 2883 3712 είπεῖν,
2921 3617 3067 3674 ἀλλὰ
3120 3615 3330 3694 μεγάλα
3359 3616 3667 3687 ὠφέλησεν.
3700 3610 3862 3672 Ἀλλὰ

481 3700 670 3800 quens
701 3731 827 3782 erat
854 3729 922 3778 ut
948 3722 1175 3776 diceret
1205 3734 1218 3771 ε
1253 3716 1365 3771 Sed
1397 3713 1716 3786 plurimum
1746 3707 1945 3764 attulit
1965 3705 2112 3760 utili-

2226 3715 2390 3768 τοῦτο
2428 3712 2523 3785 μὲν
2553 3709 2651 3766 οὐκ
2684 3709 2852 3778 εἶπεν,
2913 3708 3002 3763 ἐπὶ
3060 3709 3159 3779 τήν
3221 3705 3390 3763 αὐτοῦ
3441 3703 3500 3762 δὶ
3548 3700 3858 3777 κηδεμονίαν

479 3792 639 3875 tatis.
675 3819 747 3872 At
779 3816 890 3870 hoc
922 3809 1164 3884 quidem
1196 3823 1319 3863 non
1350 3803 1519 3872 dixit,
1553 3799 1655 3856 sed
1694 3798 1769 3855 ad
1826 3812 1995 3853 suam
2053 3795 2112 3851 de

2227 3800 2366 3872 ἦλθε
2419 3800 2511 3856 καὶ
2565 3800 2635 3856 τὰ
2689 3797 2905 3855 ἐκείνων
2960 3796 3232 3876 ἐγκώμια.
3270 3823 3290 3848 ι
3326 3794 3489 3855 Ἀλλ’
3542 3795 3628 3851 ὃτι
3669 3792 3862 3861 Ummi-

473 3910 597 3967 illis
630 3924 836 3964 curam
867 3903 1046 3959 venit.
1076 3900 1461 3973 ipsorumque
1494 3890 1783 3948 encomia.
1816 3888 1929 3944 Sed
1968 3884 2112 3958 quod

2231 3892 2363 3961 θητε
2415 3888 2490 3950 εἷς
2551 3887 2919 3973 μετάνοιαν.»
2976 3886 3201 3973 Τίνγᾶρ
3262 3906 3353 3959 μοι
3411 3882 3605 3959 κέρδος
3662 3883 3748 3953 ἦν,
3788 3880 3860 3936 δτι

477 3994 842 4053 constristati
869 3993 997 4047 sitis
1024 3970 1586 4061 ad—pmnitentiama
1616 3978 1779 4046 Quod
1807 3978 1964 4034 enim
1985 3976 2108 4032 mih

2232 3977 2545 4049 ἐλυπήθητε
2570 3995 2583 4046 ;
2612 3970 2753 4052 Ὀρα
2808 3973 2886 4045 δὲ,
2942 3974 3006 4030 τὸ
3064 3972 3304 4044 λυπῆσαι
3361 3976 3431 4047 τῇ
3460 3970 3726 4046 ἐπιστολῇ
3751 3971 3860 4025 ἄνα-

477 4029 842 4053 υυιιδιιιῡιιιιι
870 4029 997 4047 mu.)
1024 4029 1098 4046 μυ
1124 4029 1583 4061 ναυμαχίην-ιη...-
1623 4029 1778 4046 κ---
1812 4029 1964 4034 -_____
1986 4029 2105 4032 _,__,,

475 4087 713 4141 lucrum
745 4085 902 4137 esset
931 4079 1086 4150 quod
1122 4076 1332 4133 essetis
1380 4068 1760 4130 contristati?
1806 4065 2112 4123 Considera

2234 4029 2583 4049 νν-ν---ππ--ι
2645 4029 2749 4052 ντν
2959 4029 2966 4030 κ
3068 4029 3071 4030 ν
3201 4029 3210 4044 .
3407 4029 3431 4047 ,.
3698 4029 3723 4046 ..

2230 4067 2359 4136 θεὶς,
2397 4066 2497 4135 τὴν
2554 4066 2839 4139 μετάνοιαν
2897 4064 2962 4120 ού
3017 4061 3167 4141 λέγει
3220 4062 3272 4134 ἐξ
3329 4062 3498 4131 αὐτῆς
3529 4059 3863 4138 γεγενῆσθαι,

476 4190 612 4229 vero
645 4171 802 4243 quod
833 4149 970 4225 cuni
1014 4164 1528 4223 contristationem
1589 4157 1961 4214 attribuisset
2010 4153 2112 4226 epi'

2231 4154 2358 4212 ἀλλ’
2416 4155 2477 4211 ἐκ
2529 4161 2628 4224 τῆς
2685 4152 2903 4210 ἐκείνων
2948 4154 3179 4243 Αάρετῆς.
3245 4151 3322 4211 Ού
3380 4151 3483 4230 γὰρ
3542 4152 3713 4222 εἶπεν,
3752 4149 3861 4205 Ὀτι

481 4239 1083 4334 ειοιωξρωιιὶὶεηῑίειω
1106 4273 1227 4311 non
1250 4270 1322 4309 ex
1343 4253 1449 4307 illa
1470 4250 1616 4305 dicit
1631 4244 2038 4315 el‘l‘ectam,sed
2059 4261 2112 4300 e1

2232 4244 2501 4334 ἐλύπησεν
2531 4244 2670 4317 ὑμᾶς
2702 4244 2778 4306 εἷς
2828 4241 3138 4317 μετάνοιαν,
3169 4240 3319 4314 ἀλλ’,
3352 4265 3381 4293 ‹‹
3412 4242 3535 4299 ’Ότι
3568 4239 3863 4308 ἐλυπήθητε

480 4356 749 4427 ipsorum
776 4353 997 4407 virtute
1050 4347 1253 4417 Neque
1285 4343 1448 4399 enim
1480 4339 1625 4395 dicit
1658 4355 1671 4393 :
1705 4337 1872 4404 Quod
1910 4335 2112 4392 contri-

2236 4334 2311 4397 εἷς
2344 4333 2645 4408 μετάνοιαν.
2683 4356 2705 4385 ν
2752 4364 2817 4376 -
2850 4356 2879 4384 ‹‹
2911 4330 3261 4403 Ἐλυπηθητε
3316 4331 3422 4408 γὰρ
3476 4330 3611 4385 κατὰ
3669 4325 3809 4384 Θεόν.
3837 4345 3862 4375 »ι

2492 4423 2506 4434 .
2612 4423 2627 4434 .
2769 4418 2963 4434 ..η
3146 4419 3160 4434 .
3282 4418 3295 4434 .
3548 4416 3692 4434 ...ι

480 4423 828 4499 staveritvos
850 4438 923 4495 ad
946 4433 1375 4509 paenitentiam,
1402 4427 1527 4495 sed,
1560 4450 1586 4477 «
1606 4425 1772 4491 Quod
1794 4423 2127 4480 contristati

479 4533 608 4589 sitis
639 4533 715 4588 ad
745 4526 1175 4604 paenitentiam.
1206 4549 1223 4572 ι
1253 4552 1320 4562 -
1356 4540 1380 4571 σ
1416 4523 1562 4573 Nam
1593 4513 1926 4571 constritati
1982 4512 2127 4568 estis

481 4602 810 4679 secundum
841 4621 1047 4675 Deum.
1090 4640 1109 4664 ο
1148 4614 1279 4668 Hzec
1310 4609 1469 4666 enim
1519 4607 1675 4660 bona
1728 4602 1968 4658 tristitia
2016 4605 2125 4667 est,

481 4713 633 4768 sicut
665 4710 889 4765 malum
920 4711 1008 4763 est
1038 4701 1365 4760 secundum
1412 4694 1720 4752 hominem
1763 4690 2124 4747 contristari.

484 4822 510 4854 α
542 4807 608 4855 ut
637 4802 696 4855 in
729 4800 894 4855 nulla
925 4814 987 4853 re
1018 4793 1377 4850 detrimento
1412 4786 1540 4843 sitis
1571 4783 1767 4839 ali‘ecti
1799 4797 1905 4853 per
1934 4797 2063 4836 nos.
2099 4802 2127 4830 ι)

486 4889 969 4950 Sitacuissemus,
1004 4883 1219 4956 inquit,
1244 4886 1302 4936 et
1324 4895 1443 4935 non
1487 4874 1988 4945 objurgassemus,
2021 4887 2129 4926 nos

487 4993 631 5034 sane
662 4976 1019 5031 detrimento
1048 4990 1149 5028 vos
1180 4969 1607 5029 affecissemus,
1641 4960 1742 5032 qui
1797 4977 1918 5016 non
1975 4979 2129 5033 pras-

484 5067 821 5123 buissemus
850 5063 1211 5138 pmnitentiae
1242 5051 2034 5115 occasionem.Postmodum
2057 5051 2130 5107 de

483 5156 725 5211 tristitia
756 5172 886 5226 quae
917 5152 1241 5209 secundum
1270 5150 1455 5204 Deum
1516 5148 1606 5199 est
1660 5141 2128 5214 philosophatur,

485 5262 770 5318 separans
806 5245 994 5316 ipsam
1023 5259 1056 5298 a
1087 5239 1328 5297 tristitia
1356 5233 1586 5299 mundi,
1639 5237 1697 5287 et
1755 5233 1874 5288 ait:
1907 5255 1935 5282 «
1985 5232 2131 5286 Nam

486 5352 618 5407 qum
642 5333 967 5392 secundum
989 5333 1174 5387 Deum
1197 5335 1286 5385 est
1303 5325 1564 5385 tristitia.
1616 5320 2027 5393 pcenitentiam
2058 5319 2132 5376 ad

485 5425 737 5482 salutem
763 5439 881 5480 non
902 5419 1305 5494 pcenitendam
1326 5415 1499 5488 parit.
1528 5433 1556 5463 »
1576 5411 1737 5466 Sicut
1766 5427 1897 5482 quae
1923 5410 2131 5466 mundi

480 5510 1137 5584 est,mortem:quando
1157 5512 1400 5580 prOpter
1427 5499 1712 5573 pecunias
1761 5505 1863 5555 aut
1891 5505 2134 5571 propter

2237 4419 2385 4495 Αὕτη
2445 4423 2550 4499 γὰρ
2603 4423 2639 4491 ἡ
2695 4419 2840 4491 καλὴ
2894 4418 3073 4491 -λύπη,
3131 4419 3205 4482 ὡς
3233 4418 3296 4474 τό
3325 4439 3385 4495 γε
3437 4416 3572 4474 κατᾶ
3601 4416 3862 4499 ἄνθρωπον

2238 4498 2523 4567 λυπεῖσθαι
2603 4510 2789 4567 κακόν.
2875 4510 2991 4566 Ἵνα
3062 4507 3114 4564 ἐν
3206 4505 3395 4582 μηδενί
3458 4511 3771 4580 ζημιωθῆτε
3819 4498 3865 4569 ἐξ

2236 4604 2421 4675 ἡμῶν.
2457 4624 2485 4653 ››
2526 4599 2588 4658 Εἰ
2619 4599 3027 4672 ἐσιωπήσαμεν,
3088 4597 3242 4675 φησί,
3300 4596 3390 4652 καὶ
3451 4598 3527 4668 μὴ
3575 4591 3865 4663 ἐπεπλήξα-

2241 4712 2358 4765 μεν,
2401 4692 2565 4762 ἡμεῖς
2623 4689 2763 4762 ἦμεν
2819 4688 2873 4744 οἳ
2931 4690 3256 4758 ζημιοῦντες
3314 4686 3477 4759 ὑμᾶς,
3511 4686 3565 4741 οἱ
3600 4685 3676 4758 μή
3706 4698 3862 4753 παρα·

2238 4779 2463 4855 σχόντες
2500 4779 2784 4852 μετανοίας
2839 4776 3119 4855 ἀφορμήν.
3178 4775 3385 4831 Λοιπὸν
3439 4772 3563 4848 περῖ
3620 4779 3721 4842 τῆς
3743 4767 3864 4825 κατᾶ

2241 4870 2369 4924 Θεὸν
2398 4867 2579 4939 λύπης
2611 4864 2922 4947 φιλοσοφεῖ,
2957 4862 3182 4941 διαιρῶν
3215 4865 3384 4935 αὐτὴν
3414 4866 3513 4933 τῆς
3542 4867 3638 4919 τοῦ
3666 4861 3863 4932 κόσμου

2241 4957 2439 5029 λύπης,
2472 4957 2563 5013 καί
2592 4974 2777 5037 φησιν’
2838 4978 2867 5008 ‹‹
2899 4955 2962 5013 Ἦ
3013 4955 3116 5030 γὰρ
3170 4954 3309 5009 κατά
3339 4952 3468 5009 Θεὸν
3501 4952 3646 5021 λύπη
3679 4949 3864 5023 ἀμετα-

2246 5046 2484 5121 μέλητον
2557 5036 2839 5119 μετάνοιαν
2906 5045 3312 5119 κατεργάζεται,
3378 5069 3400 5095 ι
3472 5041 3548 5106 ὡς
3607 5038 3706 5116 ἥγε
3779 5036 3863 5090 τοῦ

2240 5139 2473 5213 κόσμου,
2533 5138 2776 5208 θάνατον,
2835 5135 2960 5193 ὅταν
3019 5133 3109 5190 διὰ
3165 5136 3450 5214 χρήματα,
3508 5131 3545 5202 ἤ
3603 5127 3690 5185 διὰ
3727 5124 3861 5199 δόξαν

2242 5227 2616 5297 λυπῆταίτις.
2677 5223 2901 5297 Ἐπειδή
2956 5225 3060 5301 γὰρ
3115 5226 3180 5281 τὸ
3236 5230 3337 5294 τῆς
3366 5220 3547 5294 λύπης
3578 5221 3866 5301 φάρμακον,

2242 5318 2318 5382 εἷς
2370 5319 2434 5375 τὸ
2492 5315 2582 5373 διὰ
2634 5318 2731 5380 τὰς
2786 5315 3054 5392 ἁμαρτίας
3112 5314 3398 5379 λυπεῖσθαι
3476 5307 3865 5368 κατεσκεύασται

2244 5408 2433 5484 μόνον,
2468 5405 2521 5462 ἐν
2578 5405 2759 5479 τούτῷ
2792 5405 2979 5491 ,μόνον
3040 5405 3129 5460 καὶ
3189 5403 3416 5485 ὠφελεῖ,
3455 5401 3509 5457 ἐν
3541 5398 3599 5457 δὲ
3624 5403 3734 5460 τοῖς
3761 5392 3869 5450 λοξ-

2241 5503 2367 5560 ποῖς
2423 5494 2513 5552 καὶ
2575 5483 2831 5572 βλάπτει.
2895 5495 3045 5571 "api
3098 5483 3259 5573 φύσιν
3310 5492 3413 5571 γὰρ
3442 5489 3580 5565 αὐτῇ
3606 5483 3865 5565 χρώμεθα.

474 5581 729 5679 gloriam
763 5604 895 5675 quis
921 5581 1215 5655 tristatur.
1248 5591 1540 5659 Quoniam
1573 5587 1735 5642 enim
1766 5587 2021 5642 tristitiae
2051 5589 2439 5659 pharmacum
2466 5587 2541 5643 ad
2588 5591 2818 5642 tantum
2873 5585 2936 5640 id
2992 5584 3332 5642 ordinatum
3389 5587 3479 5639 est
3532 5587 3598 5638 ut
3649 5581 3867 5651 propter
