4106 6196
453 288 606 349 1003

1568 261 1991 327 (BCUMENII
2038 260 2339 324 ramea:
2383 265 2777 331 EPISCOPI.
2850 234 2851 239 γ

3088 38 3163 81 {’er
3191 41 3330 76 ⁹,¹⁵,..ι
3375 53 3388 64 ο

3076 68 3131 115 3'
3168 82 3316 131 ξεςι
3360 89 3508 126 κί’-πη
3541 97 3560 120 .-
3651 121 3658 126 ,

3098 124 3171 177 7‘-"
3194 122 3311 183 1'1"!“
3340 140 3399 181 ’,ι
3430 123 3493 183 ,ης
3513 123 3628 190 ξιξ,
3675 159 3810 182 ‘_..___._
3935 151 3966 172 ⁵,

3078 190 3085 191 ί
3128 188 3139 207 '_
3188 178 3221 189 ¹’
3328 196 3331 199 .
3396 184 3417 197 ν’
3444 178 3491 203 ινδ
3587 179 3592 184 ¹
3659 193 3698 212 ἢ
3771 187 3838 200 ._.--
3883 178 4017 207 Jt‘

3174 220 3175 223 ‘
3270 208 3333 235 ⁷λ’Ϊ
3402 210 3407 217 ’
3480 212 3549 243 ⁷”“,,”
3954 212 3985 237 ζ

3228 262 3233 265 ι
3300 268 3305 273 -
3422 248 3453 275 1“
3540 256 3557 263 ’-
3660 250 3701 263 ’π
3822 260 3829 261 ί
3876 266 3881 271 .

3178 278 3181 281 ’
3332 286 3355 293 -ν
3522 298 3531 303 -
3574 276 3653 299 (δ’
3726 273 3764 302 9"
3802 283 3812 304 ἑ

3498 312 3519 323 ι.
3726 301 3764 322 κ’
3825 315 3834 324 ι

448 422 551 478 Est
571 424 766 475 autem
792 406 1160 468 tantumdem
1178 420 1243 459 ac
1270 402 1316 457 si
1339 401 1592 456 diceret:
1614 400 1752 454 Tam
1774 412 1975 469 graves
1996 395 2092 451 ob-

2203 390 2517 467 έγκλήσεις,
2577 395 2691 472 οὐχ
2783 392 2959 455 ἕνεκεν
3045 400 3154 461 τῶν
3220 393 3670 472 πεπορνευκότων
3702 362 3869 468 ἴῦμῖν

442 508 812 584 jurgationes
842 516 962 555 non
994 510 1172 552 causa
1218 497 1611 549 scortatorum
1643 488 1918 584 primitus
1950 485 2097 540 scri—

448 577 754 672 psi'vobis,
786 588 889 646 sed
919 585 1095 643 vestri
1127 599 1325 651 causa,
1357 587 1424 636 ut
1452 597 1551 636 vos
1582 577 2095 643 confirmarem,ne

448 669 744 758 quomodo
767 694 1014 750 serpens
1036 676 1214 731 etiam
1245 672 1465 728 malum
1494 670 1566 727 ad
1592 686 1692 725 vos
1712 669 2092 758 pertingeret.

442 755 695 829 ﬁaulum
728 770 885 824 enim
914 764 1188 822 fermenti
1228 768 1413 817 totam
1458 758 1941 831 conspersionem
1973 755 2097 811 fer-

445 867 692 919 mentat.
727 858 839 914 Sed
866 863 1006 912 tunc
1034 852 1277 926 quidem
1309 852 1429 916 ita;
1477 866 1636 905 nunc
1667 864 1802 903 vero
1833 846 1906 901 ob
1939 862 2092 913 eam,

446 952 662 1023 inquit,
696 963 934 1005 causam
966 950 1031 1000 ut
1059 942 1437 999 ostenderem
1458 939 1623 994 vobis
1656 941 1945 1009 quantum
1968 940 2095 990 stu—

440 1041 604 1096 dium
627 1044 686 1095 et
715 1053 917 1094 curam
949 1033 1125 1089 vestri
1173 1030 1463 1087 habeam:
1517 1026 1675 1098 quod
1706 1026 1900 1097 ipsum
1933 1024 2092 1079 idem

440 1129 683 1203 quidem
716 1133 805 1183 est
843 1142 977 1182 cum
1008 1123 1226 1195 priore,
1259 1119 1361 1176 sed
1400 1117 1699 1175 amantius
1723 1115 1837 1170 hoc
1869 1114 2091 1203 dictum

442 1202 549 1277 est.
585 1241 613 1269 ‹‹
647 1220 761 1274 Nec
794 1218 921 1288 ejus
968 1229 1146 1269 causa
1175 1211 1275 1283 qui
1332 1210 1509 1264 lassus
1539 1206 1751 1262 fuerat.
1787 1227 1814 1255 »
1847 1206 1971 1259 Non
2003 1202 2092 1257 di-

442 1311 548 1378 xit,
582 1309 771 1365 Causa
800 1306 1037 1360 illorum
1095 1317 1216 1357 non
1266 1298 1495 1369 scripsi,
1558 1294 1683 1360 sed,
1713 1295 1841 1349 Non
1871 1293 2089 1365 prima-

442 1402 531 1455 ria
559 1415 738 1454 causa
767 1397 879 1452 fuit
906 1398 1148 1466 propter
1174 1391 1330 1455 illos,
1365 1390 1482 1443 imo
1534 1393 1593 1441 et
1635 1392 1875 1458 propter
1905 1402 2004 1439 vos
2034 1390 2091 1439 et

445 1482 685 1561 propter
715 1487 870 1541 illos.
908 1507 934 1533 «
966 1484 1036 1539 Ut
1067 1480 1328 1537 studium
1362 1483 1630 1533 nostrum
1664 1475 1821 1547 quod
1854 1492 1959 1546 pro
1989 1491 2089 1529 vo-

441 1578 534 1632 bis
588 1581 679 1632 est
734 1573 1220 1631 manifestaretur
1267 1567 1423 1640 apud
1478 1585 1578 1622 vos
1636 1581 1836 1621 coram
1887 1566 2025 1619 Deo.
2062 1585 2089 1611 ››

440 1669 580 1723 Erat
608 1666 850 1738 quidem
881 1662 1039 1735 apud
1089 1678 1180 1717 me
1230 1660 1490 1726 dilectio,
1524 1657 1626 1713 sed
1658 1654 1996 1727 quaarebam
2027 1660 2092 1709 ut

442 1758 547 1813 illa
575 1756 1094 1812 manifestaretur:
1131 1757 1413 1819 tanquam
1447 1749 1839 1819 inspectante,
1871 1744 2085 1815 inquit,

444 1848 559 1902 Deo
610 1845 767 1917 quod
816 1860 950 1901 vera
1008 1841 1222 1907 dicam,
1285 1838 1653 1893 «Idcirco.»
1712 1834 2002 1901 Quoniam
2034 1838 2093 1887 et

443 1934 705 1989 studium
737 1930 895 2003 quod
926 1930 1082 1985 circa
1109 1946 1209 1983 vos
1240 1925 1530 1982 habebam
1579 1923 1996 1991 demonstravi,
2034 1928 2093 1978 et

443 2040 617 2080 omne
650 2021 949 2093 negotium
981 2018 1151 2073 nobis
1183 2021 1489 2089 peractum
1522 2020 1628 2069 est.
1652 2037 1680 2064 «
1705 2017 1787 2068 Ex
1815 2012 2089 2068 consola-

444 2113 604 2167 tione
634 2111 831 2165 vestri.
856 2130 880 2161 η
919 2111 1071 2163 Duas
1094 2108 1195 2174 ait,
1221 2112 1487 2177 sumptas
1518 2121 1647 2160 esse
1679 2103 1750 2158 ab
1782 2104 1927 2175 ipsis
1950 2120 2093 2158 con-

443 2200 798 2257 solationes:
833 2200 1079 2254 alteram
1108 2196 1346 2267 quidem
1380 2194 1537 2265 quod
1569 2195 1694 2265 ipse
1724 2208 1843 2247 non
1874 2192 2094 2246 frustra

443 2291 814 2363 objurgasset
845 2306 945 2343 eos
997 2304 1103 2358 per
1150 2284 1484 2357 epistolam,
1532 2283 1632 2338 sed
1663 2283 1777 2355 ipsi
1812 2281 1968 2353 quod
1996 2297 2088 2336 re-

443 2380 802 2453 prehensum
839 2382 964 2432 erat
1011 2380 1430 2439 correxerant;
1488 2374 1737 2430 alteram
1767 2389 1903 2427 vero
1934 2369 2093 2443 quod

442 2471 637 2525 Titum
668 2468 1161 2523 refocillaverant.
1189 2469 1317 2536 Ipse
1345 2481 1478 2518 vero
1514 2465 1613 2529 ait,
1640 2487 1666 2512 ‹‹
1703 2462 1784 2518 Ob
1810 2461 2092 2534 gaudium

441 2559 573 2627 Titi,
607 2581 636 2608 ››
665 2557 987 2613 ostendens
1012 2556 1170 2627 quod
1192 2556 1353 2609 Titus
1379 2570 1650 2625 magnam
1681 2552 1927 2606 haberet
1946 2551 2091 2621 ipsis

442 2649 711 2723 gratiam.
746 2650 826 2702 Ex
859 2664 927 2702 eo
959 2646 1114 2701 enim
1150 2645 1307 2716 quod
1342 2644 1441 2697 ille
1472 2642 1773 2716 gauderet,
1802 2640 2095 2713 significat

444 2743 502 2793 et
532 2737 949 2793 excellentiam
979 2734 1430 2789 refocillationis
1454 2738 1510 2786 et
1532 2731 1946 2786 excellentiam
1968 2745 2094 2804 gra-

448 2827 668 2880 tiarum
697 2825 947 2880 actionis
981 2824 1107 2894 ejus
1159 2839 1293 2892 erga
1317 2822 1470 2876 illos.
1505 2820 1641 2874 Ideo
1675 2835 1909 2890 quoque
1938 2818 2092 2872 hanc

444 2915 913 2970 consolationem
968 2913 1259 2984 praeponit
1316 2911 1497 2982 priori
1558 2908 1987 2964 consolationi:
2035 2913 2095 2963 et

443 3004 571 3059 haec
602 3002 745 3058 dicit
800 3002 985 3074 magis
1045 3018 1146 3056 eos
1203 3003 1508 3056 attrahens
1558 3003 1629 3055 ad
1663 3016 1925 3054 amorem
1958 3014 2095 3070 erga

443 3093 656 3147 Titum.
692 3094 943 3148 Rursum
977 3092 1138 3146 enim
1172 3107 1306 3146 eum
1355 3091 1643 3144 missurus
1676 3094 1795 3143 erat
1830 3088 1903 3143 ad
1932 3089 2094 3160 ipsos

2201 478 2407 558 ἔγραψα
2479 487 2885 562 πρωτοτύπως,
2959 485 3088 543 ἀλλ’
3160 484 3337 543 ἕνεκεν
3416 488 3568 560 ὑμῶν
3674 486 3870 541 αὐτῶν

2200 571 2637 649 ἀσφαλιζόμενος
2696 577 2859 651 ὑμᾶς,
2925 579 3001 652 μή
3063 599 3179 641 πως
3233 574 3346 651 ὀδῷ
3381 574 3620 652 βαδίζον,
3654 575 3749 631 καὶ
3785 574 3870 639 εἷς

2205 661 2344 733 ὑμᾶς
2375 656 2506 738 ἔλθῃ
2542 666 2607 720 τὸ
2664 666 2851 723 κακὸν.
2914 668 3098 740 Μικρὰ
3146 666 3247 743 γὰρ
3307 666 3450 740 ζύμη
3496 665 3628 721 ’ὁλον
3659 666 3726 721 τὸ
3764 664 3869 742 φύ-

2202 762 2348 823 ραμα
2379 756 2568 825 ζυμοῖ.
2602 753 2782 811 Ἀλλά
2835 756 2957 811 τότε
3015 756 3115 831 μὲν
3174 756 3365 821 οὕτως.
3418 759 3523 810 Νῦν
3551 750 3632 824 δὶ,
3664 754 3869 833 φησὶν,

2197 835 2367 895 ἕνεκεν
2401 845 2497 896 τοῦ
2528 839 2697 916 δεῖξαι
2730 844 2861 917 ὑμῖν
2916 850 3037 908 πῶς
3092 843 3143 900 έν
3204 841 3415 919 σπουδῇ
3470 845 3561 899 καὶ
3601 843 3656 898 έν
3688 864 3870 922 φρον-

2196 925 2307 982 τίδι
2341 929 2483 1002 ὑμᾶς
2540 926 2681 1009 ἔχω,
2736 931 2868 1008 ὅπερ
2924 933 2987 988 τὸ
3027 932 3157 989 αὐτὸ
3219 932 3313 1008 μὶν
3371 926 3591 1007 ἔστιτῷ
3621 936 3867 1008 πρώτῳ,

2200 1018 2678 1095 ἀγαπητικώτερον
2739 1017 2797 1077 δὶ
2855 1021 3087 1098 εἴρηται.
3130 1047 3150 1074 α
3187 1020 3329 1081 Οὐδὲ
3379 1020 3573 1078 εἵνεκεν
3603 1026 3703 1077 τοΰ
3740 1018 3869 1076 ἀδι-

2196 1108 2471 1178 κηθέντος.
2507 1132 2535 1161 »
2566 1111 2648 1167 Οὐ
2686 1115 2849 1167 τοῦτο
2902 1110 3075 1190 λέγει,
3127 1113 3212 1184 τὸ,
3264 1115 3476 1169 Ἕνεκεν
3500 1112 3714 1169 ἐκείνων
3762 1111 3868 1168 οὐκ

2198 1190 2430 1271 ἔγραψα,
2463 1196 2607 1254 ἀλλά
2643 1200 2732 1269 τὸ,
2784 1201 2857 1256 Οὐ
2913 1202 3288 1278 πρωτοτύπως
3317 1199 3389 1257 δι’
3421 1202 3675 1271 ἐκείνους,
3705 1198 3868 1255 ἀλλᾶ

2199 1280 2287 1339 διά
2315 1305 2373 1340 τε
2406 1286 2543 1359 ὑμᾶς
2571 1288 2661 1342 καὶ
2712 1285 2782 1343 δι’
2827 1288 3086 1353 ἐκείνους.
3148 1315 3175 1342 ι(
3208 1293 3323 1362 Τὴν
3358 1291 3491 1366 ὑπὲρ
3520 1293 3683 1364 ἡμῶν
3715 1288 3869 1364 πρὸς

2196 1372 2337 1447 ὑμᾶς
2369 1374 2601 1431 ἐνώπιον
2660 1382 2755 1433 τοῦ
2811 1384 2965 1438 Θεοῦ.
2999 1404 3027 1433 »ι
3089 1386 3185 1435 Ἦν
3246 1380 3367 1455 μὲν,
3428 1381 3617 1458 φησὶνς

2196 1479 2323 1549 παρ’
2378 1473 2525 1548 ἐμοὶ,
2586 1474 2730 1533 ἀλλὰ
2783 1477 2873 1532 καὶ
2934 1481 3306 1556 φανερωθῆναι
3366 1479 3537 1549 αὐτὴν
3600 1478 3864 1549 ἐζήτουν,

2198 1563 2395 1618 ὡσανεὶ
2443 1562 2769 1643 ἐφορῶντος,
2828 1568 2984 1646 φησὶ,
3046 1569 3182 1624 Θεοῦ
3238 1569 3322 1624 ’ὁτι
3382 1568 3661 1640 ἀληθεύω.
3698 1590 3727 1621 ι
3763 1567 3867 1622 Διὶ

2195 1657 2380 1709 τοῦτο.
2419 1679 2439 1704 ι
2498 1652 2723 1725 Ἐπειδή
2784 1657 2871 1710 καὶ
2928 1659 3031 1728 τήν
3092 1655 3333 1727 σπουδήν
3386 1659 3486 1727 τήν
3540 1657 3667 1732 περὶ
3713 1657 3868 1729 ὑμᾶς

2198 1739 2461 1815 ἐπέδειξα,
2516 1743 2608 1799 καὶ
2664 1745 2728 1799 τὸ
2783 1751 2888 1800 πᾶν
2949 1748 3087 1822 ἡμῖν
3139 1748 3516 1822 κατώρθωται.
3566 1769 3592 1801 ι
3628 1748 3758 1804 Έπί
3792 1743 3868 1819 τῇ

2201 1830 2541 1907 παρακλήσει
2592 1833 2766 1907 ὑμῶν.
2816 1860 2843 1885 ››
2897 1836 3001 1891 Δύο
3054 1837 3205 1913 λέγει
3254 1834 3674 1911 παρακληθῆναι
3720 1837 3867 1908 παρ’

2199 1921 2379 1975 αὐτῶν
2410 1920 2802 1997 παρακλήσεις,
2851 1925 2978 1998 μίαν
3036 1927 3155 1999 μὲν,
3214 1923 3354 1982 διότι
3384 1927 3550 1990 αὐτὸς
3577 1926 3641 1980 οὐ
3676 1925 3864 1998 μάτην

2200 2006 2525 2084 ἐπετίμησεν
2580 2012 2767 2076 αὐτοῖς
2826 2012 2879 2068 έν
2918 2012 2989 2090 τῇ
3048 2012 3375 2090 Ἐπιστολῇ,
3430 2016 3522 2070 καὶ
3562 2014 3766 2070 ἐκεῖνοι
3798 2015 3865 2069 τὸ

2201 2098 2521 2174 ὲπιτιμηθὶν
2553 2098 2959 2177 διωρθώσαντο,
3017 2101 3269 2180 δευτέραν
3330 2102 3406 2175 δὲ,
3457 2104 3541 2159 ὃτι
3570 2104 3663 2159 τὸν
3696 2102 3868 2160 Τίτον

2200 2187 2521 2246 ἀνέπαυσαν.
2559 2190 2731 2254 Αὐτὸς
2764 2189 2821 2247 δέ
2875 2212 3060 2271 φησιν’
3094 2217 3124 2246 ‹‹
3156 2193 3280 2251 Ἐπὶ
3311 2196 3378 2268 τῇ
3421 2197 3566 2268 χαρᾷ
3595 2193 3796 2261 Τίτου,
3831 2216 3863 2244 ιο

2202 2274 2408 2341 δεικνὺς
2456 2278 2537 2335 ὅτι
2592 2280 2812 2349 πολλὴν
2864 2283 3026 2358 χάριν
3075 2281 3258 2345 αὐτοῖς
3293 2284 3321 2338 ὁ
3353 2284 3518 2344 Τίτος
3544 2281 3864 2358 ὡμολόγει.

2202 2370 2295 2423 Ἐκ
2321 2368 2422 2443 γὰρ
2447 2372 2545 2423 τοῦ
2589 2368 2804 2449 χαίρειν
2861 2370 3085 2444 ἐκεῖνον,
3138 2372 3236 2443 τήν
3292 2392 3351 2426 τε
3409 2366 3726 2447 ὑπερϐολὴν
3755 2377 3865 2441 τῆς

2202 2459 2552 2521 ἀναπαύσεως
2594 2461 2685 2515 καὶ
2735 2462 2834 2529 τὴν
2892 2456 3205 2536 ὑπερϐολὴν
3237 2465 3338 2533 τῇς
3367 2462 3724 2541 εὐχαριστίας
3761 2462 3868 2516 αὐ-

2200 2553 2296 2605 τοῦ
2319 2551 2419 2619 τήν
2448 2549 2524 2612 είς
2555 2551 2720 2619 αὐτὴν
2750 2548 2937 2622 δηλοῖ.
2999 2554 3091 2607 Διὸ
3148 2552 3239 2607 καὶ
3297 2553 3576 2630 προκρίνει
3611 2554 3713 2623 τήν
3751 2574 3866 2609 πα-

2203 2638 2471 2713 ράκλησιν
2529 2640 2752 2713 ταύτην,
2808 2648 2909 2711 τῆς
2961 2643 3231 2718 προτέρας
3294 2640 3711 2718 παρακλήσεως·
3768 2643 3865 2697 καὶ

2198 2732 2366 2784 ταῦτα
2396 2727 2563 2805 λέγει,
2624 2728 2844 2803 μᾶλλον
2897 2729 3093 2793 αὐτοὺς
3155 2730 3233 2794 εἷς
3287 2731 3388 2800 τὴν
3443 2731 3655 2808 ἀγάπην
3689 2731 3867 2788 Τίτου

2201 2814 2587 2895 ἐφελκόμενος·
2647 2813 2850 2891 ἔμελλε
2901 2819 3005 2894 γὰρ
3086 2816 3250 2874 πάλιν
3305 2817 3397 2873 σὺν
3457 2822 3524 2892 τῇ
3581 2818 3864 2893 ἐπιστολῇ

2202 2908 2440 2979 πέμπειν
2493 2907 2654 2962 αὐτὸν
2714 2907 2851 2982 πρὸς
2893 2906 3113 2969 αὐτούς.
3146 2908 3215 2965 Τί
3264 2905 3323 2964 δὲ
3367 2906 3431 2983 ᾖν
3476 2911 3511 2978 ἡ
3555 2908 3866 2971 ἀνάπαυσις

2201 2994 2368 3053 Τίτου
2398 2994 2479 3073 ἐφ’
2510 2995 2555 3068 ᾦ
2594 2995 2682 3051 καὶ
2740 2994 3000 3072 ἔχαιρενς
3055 2998 3091 3066 ἤ
3142 2998 3284 3067 αὐτὴ
3339 2999 3374 3067 ἡ
3435 2994 3725 3074 διόρθωσις
3760 2997 3870 3052 αὐ-

2202 3089 2332 3154 τῶν,
2367 3083 2447 3162 ἐφ’
2484 3083 2520 3159 ᾖ
2568 3086 2658 3140 καὶ
2727 3084 2939 3148 Παῦλος
3003 3083 3413 3165 παρακέκλητο,
3443 3087 3479 3158 ἢ
3506 3088 3540 3157 ἡ
3575 3086 3652 3149 είς
3682 3089 3866 3142 πάντα

443 3198 578 3237 cum
610 3181 879 3253 epistola.
915 3182 1051 3245 Quas
1095 3188 1220 3235 erat
1268 3186 1466 3235 autem
1499 3180 1608 3233 Titi
1641 3178 1992 3233 refocillatio
2024 3176 2092 3232 de

2204 3174 2414 3244 ὑπακοή
2468 3174 2668 3244 αὐτων,
2726 3173 2814 3230 καὶ
2873 3177 2908 3245 ἡ
2972 3178 3089 3249 μετ’
3144 3169 3435 3240 εὐλαϐείας
3485 3176 3575 3231 καὶ
3615 3174 3864 3238 πίστεως

444 3288 561 3343 qua
592 3272 769 3327 etiam
801 3270 1138 3341 gaudebat?
1167 3276 1268 3324 aut
1300 3270 1428 3340 ipsa
1466 3286 1671 3323 eorum
1703 3268 1991 3323 correctio
2023 3266 2094 3323 de

442 3375 560 3429 qua
589 3360 770 3414 etiam
802 3359 1019 3412 Paulus
1077 3359 1545 3412 consolationem
1577 3363 1903 3429 acceperat,
1935 3356 2088 3415 οδε

445 3444 531 3500 vel
562 3446 903 3500 obedientia
935 3462 1139 3500 eorum
1190 3444 1266 3500 ad
1313 3446 1551 3500 omnia:
1585 3451 1686 3500 aut
1716 3445 2091 3517 hospitalitas

445 3550 564 3605 qua
591 3550 725 3588 cum
756 3534 1086 3588 reverentia
1121 3550 1187 3587 ac
1220 3533 1332 3587 ﬁde
1384 3549 1520 3589 eum
1563 3538 1968 3604 susceperant.
2003 3534 2093 3587 Si-

445 3635 626 3691 gnum
658 3638 914 3693 namque
946 3623 1185 3694 pietatis
1240 3640 1306 3676 ac
1336 3622 1642 3692 religionis
1672 3626 1780 3689 est,
1815 3623 2006 3677 honor
2036 3627 2094 3677 et

444 3714 777 3768 reverentia
807 3729 944 3786 erga
974 3710 1681 3782 concioaatorem.Magis,
1707 3711 1922 3781 inquit,
1949 3728 2094 3766 con-

2204 3264 2345 3334 ξενία
2372 3263 2464 3318 καὶ
2500 3261 2753 3343 ὑποδοχή
2794 3263 2992 3322 αὐτῶν.
3053 3264 3151 3319 Καὶ
3211 3266 3315 3342 γὰρ
3370 3267 3672 3342 τεκμήριον
3703 3263 3869 3321 εὐσε-

2202 3348 2370 3422 ϐείας,
2404 3354 2438 3422 ἡ
2471 3352 2548 3416 εἷς
2573 3353 2667 3407 τὸν
2723 3353 2937 3427 κήρυκα
2995 3351 3166 3423 αὐτῆς
3219 3355 3358 3427 τιμὴ
3418 3352 3510 3409 καὶ
3570 3349 3863 3412 εὐλάϐεια.

2199 3440 2429 3498 Μᾶλλον
2494 3442 2941 3518 παρεκλήθημεν,
3009 3442 3195 3522 φησὶν,
3261 3442 3348 3497 ἐπὶ
3431 3446 3501 3517 τῇ
3567 3439 3866 3518 διορθώσει

2202 3531 2378 3603 ὑμῶν,
2413 3526 2625 3604 μᾶλλον
2676 3528 2735 3586 δὶ
2786 3530 3073 3607 ἐχάρημεν
3132 3530 3219 3587 ἐπὶ
3276 3534 3345 3606 τῇ
3377 3535 3523 3608 χαρᾷ
3550 3530 3741 3602 Τίτου,
3773 3535 3864 3590 ὃτι

2203 3618 2293 3677 διὰ
2362 3629 2462 3691 τῆς
2537 3620 2883 3699 διορθώσεως
2964 3623 3143 3697 ὑμῶν,
3219 3623 3911 3703 ἀναπέπαυται

2201 3712 2392 3769 αὐτοῦ.

444 3803 797 3860 solationem
831 3804 1167 3875 accepimus
1200 3807 1439 3873 propter
1478 3800 1651 3854 vestri
1675 3801 2133 3869 correctionem,
2166 3802 2352 3874 magis
2376 3808 2574 3857 autem
2604 3804 2815 3875 gravisi
2848 3820 3057 3859 sumus
3108 3808 3355 3877 propter
3410 3804 3693 3878 gaudium
3722 3806 3870 3876 Titi,

442 3894 582 3963 quia
607 3899 849 3966 propter
878 3893 1053 3947 vestri
1087 3891 1513 3946 correctionem
1543 3888 1907 3946 refocillatus
1938 3896 2029 3946 est
2058 3891 2246 3963 ipsius
2267 3891 2525 3947 animus.

510 4004 539 4033 (ι
571 3982 629 4036 Si
663 3984 803 4052 quid
834 3982 991 4053 apud
1023 3982 1191 4037 illum
1226 3983 1297 4037 de
1357 3984 1540 4039 vobis.
1576 4006 1604 4035 ι)
1663 3988 2091 4058 Argumentum

436 4070 669 4124 virtutis
700 4070 1131 4142 discipulorum
1164 4077 1270 4138 est,
1299 4073 1457 4144 quod
1487 4079 1816 4147 praeceptor
1845 4072 1917 4129 de
1946 4072 2091 4144 ipsis

436 4156 751 4231 glorietur,
784 4165 843 4214 et
886 4162 1248 4217 ostensivum
1281 4168 1370 4217 est
1400 4164 1621 4218 amoris
1650 4163 2091 4235 magistrorum.

436 4269 464 4297 «
499 4247 627 4303 Non
660 4264 792 4304 sum
822 4249 1240 4321 pudefactus.»
1296 4252 1422 4306 Non
1445 4252 1604 4307 enim
1630 4251 1883 4308 mendax
1909 4250 2093 4306 fuisse

435 4339 703 4410 apparui.
735 4340 794 4396 Si
844 4340 987 4411 quid
1044 4340 1326 4413 gloriatus
1384 4341 1489 4408 fui,
1537 4358 1658 4397 non
1692 4358 1822 4398 sum
1854 4340 2096 4413 pudefa-

434 4433 584 4483 ctus.
610 4451 631 4477 ι
661 4430 774 4483 Aut
800 4428 930 4484 dum
953 4428 1245 4484 dictiones
1262 4428 1335 4483 ad
1359 4446 1546 4484 unum
1573 4430 1885 4485 sententia;
1910 4445 2097 4486 mem-

2280 4002 2307 4033 α
2337 3977 2409 4036 Εἴ
2443 4000 2494 4033 τι
2549 3979 2698 4052 αὐτῷ
2761 3981 2893 4056 ὑπὲρ
2943 3982 3119 4056 ὐμῶν.
3157 4005 3179 4035 ι
3218 3984 3318 4038 Καὶ
3365 3983 3566 4059 ἀρετῆς
3599 3991 3874 4058 μαθητῶν
3940 4010 3941 4013 η

2202 4062 2460 4143 ἔλεγχος,
2493 4067 2544 4123 τί
2572 4067 2667 4123 τὸν
2725 4065 3053 4127 διδάσκαλον
3117 4072 3252 4149 ὑπὲρ
3305 4071 3484 4129 αὐτῶν
3532 4076 3875 4149 καυχᾶσθαι,

2203 4156 2292 4211 καί
2346 4156 2558 4234 ἀγάπης
2621 4154 2965 4215 διδασκάλων
3024 4157 3312 4217 δεικτικόν.
3351 4185 3379 4213 ‹‹
3423 4161 3502 4219 Οὐ
3560 4163 3877 4239 κατῃσχύνο

2203 4246 2323 4316 θην.
2354 4270 2382 4298 ››
2415 4246 2495 4303 Οὐ
2528 4246 2631 4322 γὰρ
2664 4244 2863 4325 έιράνην
2893 4246 3245 4323 ψευδόμενος.
3281 4275 3309 4302 ‹‹
3344 4248 3466 4307 Εἵτι
3507 4251 3869 4327 κεκαύχημαι
3906 4244 3913 4253 ”

2204 4334 2267 4389 οὐ
2296 4335 2698 4411 κατῃσχύνθην.
2732 4361 2759 4388 »ι
2785 4368 2849 4380 -
2877 4339 3083 4412 [ΦΩΤ.]
3116 4342 3187 4396 ’Ἢ
3221 4340 3357 4413 πρὸς
3384 4335 3439 4395 ἓν
3467 4339 3658 4413 κόμμα
3692 4340 3869 4416 λόγου

2199 4425 2297 4487 τάς
2329 4421 2425 4479 δύο
2457 4423 2627 4497 λέξεις
2683 4424 3007 4497 έκληπτέον,
3065 4427 3156 4483 καὶ
3218 4429 3317 4498 τήν
3374 4424 3720 4507 ἔπαγομένην
3752 4436 3867 4501 τῆς

436 4517 611 4572 brum
642 4517 1003 4589 accipiendas
1033 4524 1190 4586 sunt,
1218 4525 1275 4573 et
1296 4517 1599 4574 reddenda
1633 4524 1723 4573 est
1753 4518 2092 4590 subjunctio

2204 4514 2469 4588 προτέρας
2526 4495 2661 4589 πρὸς
2720 4514 2895 4569 αἰτίαν
2977 4495 3296 4585 ἀποδοτέον,
3358 4495 3769 4587 ὑποστίξοντας,

435 4606 655 4677 prioris
715 4607 791 4662 ad
848 4624 1111 4676 causam,
1173 4606 1709 4680 subdistinguendo
1742 4608 1816 4663 ad
1848 4608 2091 4663 verbum

2205 4607 2303 4674 τῷ,
2340 4627 2362 4657 α
2395 4604 2776 4679 Κεκαύχημαι·
2810 4627 2838 4657 »
2902 4602 2962 4675 ἤ,
3020 4604 3155 4681 ὅπερ
3211 4603 3404 4681 ἔμοιγε
3433 4603 3603 4679 δοκεῖ,
3638 4604 3863 4680 μᾶλλον

435 4718 462 4745 ‹‹
499 4696 795 4754 Gloriatus
824 4696 929 4752 fui.
969 4718 996 4747 ››
1026 4700 1139 4752 Aut
1170 4695 1329 4768 quod
1382 4697 1529 4751 mihi
1574 4712 1716 4753 sane
1748 4695 1998 4766 videtur,
2032 4702 2092 4751 ut

2205 4695 2456 4770 ἑκατέραν
2518 4692 2660 4764 λέξιν
2715 4695 2790 4757 ὡς
2839 4693 2983 4751 ἴδιον
3043 4698 3227 4770 νόημα
3294 4701 3664 4773 παριστῶσαν,
3716 4696 3859 4753 κατά

432 4786 749 4857 legendum
778 4787 854 4842 sit
876 4786 1297 4859 distinguendo
1325 4786 1586 4858 perfecta
1606 4785 2012 4854 distinctione,
2037 4792 2092 4842 et

2202 4780 2415 4838 τελείαν
2473 4786 2709 4858 στιγμὴν
2767 4788 3045 4854 στιζοντας
3129 4785 3524 4864 ἀναγνωστέον.
3594 4787 3697 4843 Καὶ
3764 4784 3901 4863 εἴη*

430 4880 683 4944 utraque
716 4875 896 4931 dictio
940 4892 1113 4931 suum
1164 4876 1473 4948 proprium
1504 4876 1826 4931 constituat
1854 4875 2091 4932 intelle-

2204 4871 2547 4949 ἃνὲκατέρας
2601 4871 2797 4944 λέξεως
2852 4875 2880 4929 ὁ
2937 4877 3060 4936 νοῦς
3119 4876 3525 4951 ἁπηρτισμένος
3581 4880 3860 4941 τοιοῦτος’

429 4966 626 5017 ctum:
652 4964 987 5035 poteritque
1009 4966 1322 5037 utriusque
1345 4966 1621 5021 dictionis
1645 4965 1940 5037 perfectus
1963 4982 2092 5021 esse

2209 4986 2229 5015 ιι
2267 4961 2648 5038 Κεκαύχημαι,
2683 4964 2922 5040 ››ιρησῖν,
2979 4965 3097 5020 οἷον
3156 4962 3344 5029 καλῶς
3397 4966 3487 5020 καὶ
3541 4966 3867 5042 πρεπόντως

430 5052 777 5122 hujusmodi
829 5070 1061 5109 sensus.
1116 5077 1143 5105 «
1178 5053 1474 5110 Gloriatus
1504 5055 1612 5123 fui,
1648 5078 1675 5105 ››
1708 5055 1924 5126 inquit,
1981 5055 2091 5111 hoc

2202 5051 2621 5131 ἐκαυχησάμην.
2684 5074 2714 5103 ιι
2748 5050 3130 5128 Κεκαύχημαι.
3170 5077 3198 5105 ››
3255 5054 3427 5127 Εὗρον
3486 5040 3594 5123 τήν.
3633 5040 3919 5133 καύχηέξ

429 5146 538 5210 est,
566 5150 726 5199 recte
757 5148 815 5198 et
845 5145 1268 5201 convenienter
1295 5145 1582 5218 gloriatus
1615 5144 1863 5202 fueram.
1903 5169 1924 5195 ι
1963 5146 2092 5202 Glo-

2202 5163 2282 5197 σιν
2304 5142 2718 5215 τετελεσμένην.
2779 5142 2931 5215 Εἶτα,
2973 5167 3002 5195 ‹‹
3062 5142 3138 5201 Οὐ
3195 5144 3594 5220 κατῃσχύνθην
3656 5169 3685 5196 η
3739 5120 3889 5203 Οὐκ.⁵

425 5231 616 5288 riatus
646 5231 729 5287 fui
756 5250 769 5299 ;
804 5255 831 5282 »
862 5233 1183 5305 perfectam
1219 5240 1430 5290 nactus
1485 5251 1615 5291 sum
1648 5234 2086 5307 gloriationem.

2202 5229 2462 5305 ἐψεύσθην
2515 5237 2617 5300 τῆς
2672 5227 2919 5301 ἐλπίδος,
2979 5229 3077 5286 οὐκ
3131 5229 3413 5307 ᾐσχύνθην
3444 5230 3527 5305 ἐφ’
3565 5235 3653 5296 οἷς
3680 5228 3899 5310 προσ-ε

425 5322 670 5393 Deinde,
727 5345 755 5372 «
784 5323 912 5378 Non
970 5340 1101 5379 sum
1160 5324 1531 5395 pudefactus,
1567 5348 1595 5376 ››
1628 5342 1749 5381 non
1811 5342 1943 5381 sum
1985 5340 2088 5397 spe

2202 5317 2432 5392 εδόκησα
2486 5323 2729 5375 τοιαῦτα.
2790 5322 2972 5377 Ταῦτα
3056 5317 3113 5375 δὲ
3193 5321 3381 5391 εἰπὼν,
3458 5321 3548 5377 καὶ
3606 5319 3698 5378 διὰ
3749 5317 3921 5401 τοΰμλ,

420 5412 765 5481 frustratus,
799 5429 919 5468 non
940 5412 1152 5468 erubui
1184 5414 1343 5485 quod
1373 5414 1515 5470 talia
1547 5414 1927 5487 speraverim.
1953 5415 2090 5472 Haac

429 5508 623 5525 -..ΛΑ-Α
668 5501 867 5525 ΔΞΔ---
950 5507 1001 5525 ,Α
1060 5518 1167 5525 -Α-
1224 5503 1466 5525 Ω---..-...
1539 5504 1853 5525 J2_12-_-__..
1900 5509 1949 5525 ,ι
1980 5519 2088 5525 _-_

2202 5412 2369 5467 τύπου
2423 5409 2533 5465 τῶν
2573 5407 2767 5479 λέξεων
2826 5408 2917 5464 καὶ
2991 5415 3091 5479 τῆς
3151 5415 3434 5487 προφορᾶς
3486 5411 3687 5480 αὐτῶν,
3745 5413 3851 5484 τήν
3898 5428 3949 5525 ς’

2202 5500 2374 5525 -__-L-
2408 5495 2604 5525 19.13-.-
2660 5497 2749 5525 -..Α
2783 5499 2881 5525 -.ιη
2935 5497 3279 5525 -μ-λ.-π-----.
3329 5497 3396 5525 ι-.
3452 5501 3599 5525 δίη--.
3656 5502 3785 5525 nn“
3840 5512 3865 5525 Δ-

425 5508 630 5560 autem
661 5501 892 5573 dicens,
946 5507 1005 5559 et
1060 5518 1168 5575 per
1224 5503 1473 5577 figuram
1531 5504 1862 5561 dictionum
1894 5509 1953 5561 et
1980 5519 2089 5578 per

2202 5500 2375 5578 χαρὰν
2408 5495 2628 5571 ἰδήλου,
2660 5497 2752 5553 καὶ
2782 5499 2882 5568 τὴν
2933 5497 3279 5574 παράκλησιν
3328 5497 3397 5572 ἤν
3450 5501 3625 5581 εἶχεν.
3656 5502 3891 5579 0'61:ch_

429 5610 636 5652 earum
672 5594 1070 5667 prolationem
1092 5593 1374 5669 gaudium
1397 5594 1839 5663 manifestabat,
1864 5599 1923 5651 et
1942 5609 2088 5651 con-

2202 5590 2264 5660 ἦν
2297 5587 2525 5653 δυνατὸς
2570 5585 2789 5665 έναργὶς
2846 5583 2936 5643 διὰ
2990 5591 3100 5647 τῶν
3158 5586 3344 5666 λόγων
3403 5597 3751 5668 παραστῆσαι
3786 5590 3879 5669 ηεδ1

3458 5527 3625 5581 ιιχεν.
3656 5527 3891 5579 υυτωςλ,

3458 5597 3751 5668 ιραοτῆσαι
3786 5590 3879 5657 to,

3470 5780 3541 5823 FW
3570 5828 3595 5843 ,_
3998 5756 4005 5757 ί

3458 5882 3467 5893 ι
3592 5846 3623 5879 1'
4002 5882 4007 5883 ν

3462 5528 4029 6011 ﬁ
