4128 6192
272 359 427 421 1005
1234 357 1391 420 COM
1403 356 1646 420 MENT.
1696 356 1785 417 IN
1836 355 1926 416 ΕΡ

2041 358 2073 416 ⁵.
2120 355 2171 417 ΙΙ
2215 358 2320 417 AD
2377 358 2749 419 CORINTH.
3529 360 3690 421 1006

274 491 561 569 βούλημα.
628 493 762 548 iam
818 492 909 546 καὶ
962 492 1125 564 ἡμῶν
1183 462 1218 560 ἦ
1280 490 1368 546 ἐπὶ
1426 490 1656 559 Τίτουῆ
1708 491 1743 560 ἡ
1802 489 1926 565 περί

2041 491 2395 548 solationem
2425 509 2604 565 quam
2621 491 3115 564 habebatmsque
3145 492 3293 549 adeo
3322 499 3553 566 poterat
3572 496 3699 552 em.

258 583 440 641 'Ti100
504 580 781 655 καύχησις
876 580 1014 653 πρὸς
1111 580 1251 653 ὑμᾶς
1317 578 1676 654 γεγενημένη.
1746 580 1927 635 T0610

263 674 365 751 γάρ
425 674 486 728 τὸ
540 670 966 748 προηγούμενον
1026 668 1177 725 δοκεῖ
1234 669 1569 748 ὑποφαίνειν,
1610 669 1674 724 τὸ
1705 690 1730 722 ι
1768 666 1926 725 Ἀλλ’

270 773 345 833 ὡς
400 771 577 828 πάντα
626 770 678 826 ἐν
728 771 962 842 ἆΛηθειᾳ
1013 767 1385 841 ἐλαλήσαμεν.
1448 792 1475 819 ››
1534 769 1637 824 Καὶ
1693 768 1796 843 γάρ
1853 767 1928 829 ὡς

269 863 465 930 πάντα,
525 862 719 939 φησὶν,
777 860 951 920 οὓτως
1005 859 1095 914 καὶ
1152 858 1276 933 περί
1343 858 1528 915 Τίτου.
1564 859 1632 913 Ἥ
1686 855 1924 928 μᾶλλον,

269 950 357 1011 Ὠς
406 948 495 1003 καὶ
550 950 686 1022 ἡμῖν
741 944 1006 1003 συνδοκεῖ.
1066 970 1095 998 ιι
1130 947 1191 1001 Ἦ
1241 946 1513 1021 καύχησις
1544 946 1703 1015 ἡμῶν
1735 945 1771 1012 ἡ
1806 944 1925 1018 περὶ

275 1038 428 1109 ὑμῶν
497 1040 532 1108 ἡ
593 1035 681 1091 ἐπὶ
750 1034 939 1092 Τίτου.
1009 1058 1038 1085 η
1103 1034 1400 1104 τουτέστιν,
1468 1032 1698 1087 ἐνώπιον
1761 1031 1925 1087 Τίτου

273 1125 639 1203 γεγενημένη.
736 1128 937 1179 Τοῦτον
1005 1124 1110 1198 γὰρ
1210 1122 1302 1178 τὸν
1392 1126 1515 1177 vo6v
1581 1122 1798 1176 ἀπαιτεῖ
1862 1120 1928 1176 τὰ

273 1215 665 1290 προειρημένα.
730 1237 759 1266 ι(
817 1212 1214 1269 Ἀναπέπαυται
1265 1212 1330 1266 τὸ
1387 1214 1600 1282 πνιῦμα
1655 1208 1841 1265 αὐτοῦ.
1898 1229 1924 1262 0

270 1339 342 1348 —
371 1330 399 1357 ‹‹
433 1305 816 1379 Κεκαύχημαι,
860 1327 889 1354 ››
916 1335 985 1347 —-
1007 1327 1036 1355 «
1070 1302 1146 1360 Ού
1195 1299 1605 1380 κατῃσχύνθην.
1642 1323 1670 1352 ››
1719 1300 1797 1357 Τὸ
1845 1297 1923 1370 δὲ,

269 1419 298 1446 ‹‹
334 1393 493 1451 Ἀλλ’
512 1393 599 1455 ’ὠς
628 1395 795 1449 πάντα
825 1392 877 1448 ἂν
911 1392 1159 1463 ἀληθείᾳ,
1213 1416 1241 1443 »
1300 1391 1400 1446 οὐκ
1456 1390 1922 1461 ἰναντιωθήσεται.

272 1496 477 1569 Ὠσπερ
504 1493 628 1569 γὰρ,
662 1492 846 1568 φησὶν,
879 1493 1007 1566 ὑμῖν
1062 1486 1094 1544 ἅ
1148 1491 1301 1546 εἶπον
1356 1489 1411 1544 ἐν
1471 1487 1707 1561 ἀληθείᾳ
1745 1490 1924 1558 εἷπον,

273 1583 417 1640 οὕτω
472 1583 562 1638 καὶ
619 1583 651 1637 ἃ
710 1582 862 1637 εἶπον
912 1581 1063 1654 Τίτῳ
1117 1579 1241 1655 περὶ
1291 1580 1462 1652 ὑμῶν,
1527 1578 1604 1641 εἷς
1660 1576 1924 1649 ἀλήθειαν

270 1668 472 1742 ἀπέϐη.
534 1672 634 1727 Καὶ
690 1676 949 1727 τοσοῦτον
1016 1668 1172 1726 οὐδὲν
1229 1670 1303 1723 ὧν
1366 1669 1519 1723 εἶπον
1596 1666 1743 1741 αὐτῷ
1799 1669 1922 1744 περὶ

272 1765 424 1837 ὑμῶν
502 1760 821 1837 διαψευσθέν
896 1758 1056 1831 εἶδεν,
1132 1759 1215 1814 ὅτι
1292 1760 1380 1814 καὶ
1484 1759 1549 1813 τά
1635 1756 1925 1834 σπλάγχνα

272 1853 436 1909 αὐτοῦ
461 1849 861 1929 περισσοτέρως
890 1855 1001 1907 τῶν
1054 1849 1265 1918 ἄλλων,
1327 1849 1442 1903 ἀντὶ
1496 1852 1593 1904 106
1624 1848 1788 1905 πλέον
1818 1853 1928 1906 τῶν
1961 1855 2004 1921 Β

272 1941 481 2016 ἄλλων,
536 1943 660 2018 περὶ
721 1944 861 2015 ὑμᾶς
918 1940 1050 2013 ἐστι,
1108 1940 1197 1995 καὶ
1249 1940 1394 2010 ἑξῆς.
1447 1937 1606 1997 Ἀλλ’
1646 1940 1721 2001 ὡς
1751 1940 1925 1995 πάντα

270 2043 323 2098 ἐν
356 2042 609 2115 ἀληθείᾳ.
655 2041 847 2098 Πολλὰ
906 2042 1031 2114 περὶ
1087 2041 1251 2096 Τίτου
1305 2042 1518 2118 γράψας
1577 2041 1667 2110 ἧν,
1726 2040 1814 2094 καὶ
1849 2039 1924 2102 ὡς

269 2130 656 2208 ἐνπαρεξόδῳ,
712 2131 802 2187 καὶ
848 2132 914 2187 τὰ
971 2132 1094 2207 περὶ
1149 2130 1316 2186 αὐτοῦ
1373 2128 1634 2205 εἲρημὲνα
1687 2125 1921 2203 βεϐαιοῖ.

266 2234 468 2306 Ὠσπερ
526 2231 653 2307 γὰρ,
735 2231 924 2308 φησὶν,
984 2229 1161 2284 ἐκεῖνα
1222 2228 1430 2301 ἀληθῆ,
1484 2230 1659 2292 οὓτως
1714 2229 1806 2284 καὶ
1860 2230 1927 2284 τά

267 2320 393 2395 περὶ
427 2322 580 2394 ὑμῶν
608 2319 1012 2395 κεκαυχημένα.
1048 2343 1076 2371 ‹‹
1110 2319 1206 2373 Καὶ
1238 2318 1307 2373 τὰ
1354 2316 1642 2397 σπλάγχνα
1672 2317 1858 2373 αὐτοῦ.
1896 2341 1925 2370 ››

268 2412 400 2468 Οἶον
431 2412 466 2479 ἡ
517 2407 771 2471 διάθεσις.
834 2412 1007 2465 Τοῦτο
1064 2406 1121 2464 δὲ
1177 2409 1340 2465 Τίτον
1399 2408 1509 2463 ἐστῖ
1568 2413 1923 2472 συνιστῶντος

267 2501 475 2563 αὐτοῖς.
510 2500 603 2555 Διὸ
661 2498 950 2578 σπλάγχνα
1003 2502 1093 2553 καὶ
1152 2498 1252 2554 ούκ
1304 2499 1522 2573 ἀγάπην
1593 2498 1797 2573 εἴρηκε.
1850 2500 1920 2555 Τὸ

269 2590 372 2667 γὰρ
404 2587 747 2665 σπλάγχνον,
799 2588 966 2645 πλέον
1019 2609 1071 2643 τι
1132 2586 1317 2660 δηλοῖ.
1383 2613 1411 2641 ιι
1471 2591 1921 2663 Ἀναμιμνησκο·

276 2679 435 2754 μένου
486 2680 585 2748 τὴν
639 2678 851 2735 πάντων
912 2678 1065 2752 ὑμῶν
1126 2677 1391 2749 ὑπακοήν.
1452 2703 1480 2730 ››
1541 2682 1675 2736 Εἶτα
1716 2676 1813 2734 ’ίνα
1846 2681 1921 2752 μή

273 2767 404 2845 δόξῃ
461 2768 751 2832 κολακείας
808 2767 945 2823 εἶναι
996 2769 1062 2823 τὰ
1139 2767 1382 2844 ῥήματα,
1436 2769 1526 2825 καὶ
1581 2774 1682 2839 τῆν
1746 2768 1924 2824 αἰτίαν

272 2874 373 2938 τῆς
434 2864 723 2931 διαθέσεως
800 2866 1009 2937 τίθησι,
1088 2865 1302 2940 μᾶλλον
1359 2867 1553 2929 αὐτοὺς
1612 2865 1672 2923 ἒκ
1727 2867 1925 2923 τούτου

271 2957 735 3033 προτρεπόμενος.
786 2958 961 3012 Τοῦτο
1020 2952 1077 3010 δὲ
1134 2956 1221 3010 καὶ
1278 2956 1370 3011 τὸν
1431 2956 1592 3014 Τίτον
1650 2957 1923 3029 σεμνύνει,

272 3047 349 3110 ὡς
405 3046 488 3103 ἀεὶ
546 3044 861 3122 Κορινθίους
920 3043 1119 3121 ἔχοντα
1170 3046 1310 3122 κατά
1357 3043 1619 3113 διάνοιαν,
1679 3046 1769 3101 καὶ
1826 3045 1925 3101 (16‘-

270 3135 423 3210 τοὺς,
457 3135 541 3192 ὅτι
575 3136 801 3212 ἴσχυσαν
827 3134 1000 3198 οὕτως
1023 3121 1281 3191 ἐλεῖίτὸν
1304 3135 1488 3193 Τίτον.
1521 3161 1548 3189 ‹‹
1579 3138 1729 3193 Μετα
1751 3131 1924 3210 φόϐου

267 3228 358 3284 καὶ
411 3228 626 3303 τρόμου
684 3223 929 3300 ὖδέξασθι
986 3225 1169 3282 αὐτόν.
1210 3252 1230 3277 1

267 3323 368 3385 τῆς
396 3302 667 3386 ὑπακοῆς,
700 3314 784 3371 ὅτι
836 3314 902 3368 ού
964 3316 1130 3388 μόνον
1185 3316 1253 3383 ἦν
1316 3302 1553 3384 ύπακοὴ,
1581 3312 1727 3368 ἀλλὰ
1758 3309 1927 3391 φόϐος

268 3405 359 3461 καὶ
432 3405 663 3480 τρόμος,
744 3406 820 3479 μὴ
897 3402 950 3458 ἔν
1027 3424 1133 3459 τινι
1236 3402 1400 3459 πάλτν
1488 3404 1928 3479 προσκρούσωσι,

268 3494 509 3570 καθάπερ
542 3493 652 3565 ἤδη
705 3493 792 3550 ἐπὶ
843 3496 939 3549 106
986 3493 1435 3569 πεπορνευκότος.
1474 3518 1502 3545 ‹‹
1534 3495 1657 3551 ’Ότι
1687 3492 1738 3548 ἐν
1772 3494 1927 3550 παντὶ

274 3595 460 3671 θαρρῶ
511 3597 567 3649 ἓν
624 3595 776 3668 ύμῖν.
843 3617 871 3645 ››
928 3594 1034 3649 Κᾶν
1091 3590 1388 3663 ἐπιπλῆξαι
1446 3588 1563 3667 δίῃ,
1615 3592 1676 3648 οὗ
1711 3590 1929 3649 δέδοικα

278 3684 358 3755 μὴ
415 3680 786 3757 ἀποῤῥαγῆτε.
849 3679 960 3738 Κᾶν
1022 3682 1155 3756 ὑπὲρ
1216 3682 1370 3754 ὐμῶν
1425 3682 1831 3759 καυχήσασθαι,
1865 3681 1927 3737 ού

274 3769 496 3826 δέδοικα
553 3774 626 3844 μή
684 3772 920 3845 ψεύστης
995 3771 1168 3849 όφθῶ.
1228 3774 1397 3826 Τοῦτο
1458 3767 1515 3825 δὲ
1574 3769 1777 3847 λέγων,
1835 3772 1927 3826 καὶ

280 3861 375 3916 τὸν
473 3862 595 3936 περὶ
697 3861 1073 3935 ἑλεημοσύνης
1176 3862 1661 3936 προκοτασκευάζει
1740 3862 1926 3940 λόγον.

285 3976 314 4003 ‹‹
347 3952 436 4007 Ἐν
491 3950 647 4005 παντί
709 3951 891 4029 θαρρῶ
945 3950 997 4007 ἑν
1049 3949 1195 4023 ύμῖν.
1245 3975 1273 4003 ››
1333 3952 1436 4007 Κᾶν
1488 3951 1714 4009 ἐνώπιον
1767 3952 1927 4011 Τίτου

281 4050 373 4127 δὲῃ
433 4053 836 4130 καυχήσασθαι,
894 4051 990 4107 κᾶν
1068 4049 1297 4107 ἐνώπιον
1357 4050 1534 4108 ἄλλου
1592 4053 1925 4116 ούτινοσοῦν.

277 4142 349 4198 Ἦ
404 4140 458 4197 ἐν
511 4141 669 4197 παντὶ
728 4142 1025 4215 πράγματι.
1089 4142 1192 4196 Κᾶν
1265 4139 1586 4215 ἐπιτιμῆσαι
1641 4144 1732 4198 καὶ
1791 4145 1926 4201 ἀπο-

276 4238 579 4310 στραφῆναι
637 4229 731 4302 δέῃ
786 4230 878 4286 τὸν
933 4231 1358 4307 πεπορνευκότα,
1417 4231 1516 4286 κᾶν
1584 4229 1922 4308 προσλαϐεῖν

272 4321 363 4374 καὶ
422 4317 848 4383 ἀνακαλέσασθαί
910 4320 1297 4393 μετάνοοῦντα,
1357 4320 1452 4373 κ’ὰν
1514 4316 1658 4375 ἄλλο
1716 4342 1767 4375 τι
1812 4324 1924 4395 χρή

274 4406 538 4485 γενέσθαι,
571 4408 626 4463 ἐν
657 4409 819 4463 παντὶ
850 4407 1034 4485 0αρῥῶ
1067 4406 1120 4462 ἐν
1146 4407 1295 4480 ύμῖν.
1324 4414 1337 4421 ’

1292 3226 1426 3282 Εἶτα
1480 3224 1720 3281 ἐπίτασιν
1776 3225 1919 3300 λέγει
1953 3212 1995 3278 C

2039 583 2257 638 caciter
2286 584 2664 639 sermonibus
2694 584 3079 640 manifestum
3108 584 3303 639 facere
3327 586 3484 656 quod
3509 585 3693 642 habe-

2036 670 2138 725 bat
2168 670 2228 724 iu
2260 671 2481 728 animo.
2515 672 2741 728 Deinde
2773 679 2978 728 nostra
3022 689 3257 745 quoque
3313 673 3562 745 gloratio
3593 691 3699 745 pro

2036 759 2161 815 Tito
2186 761 2283 814 vel
2306 760 2378 815 de
2408 762 2534 816 Tito
2560 761 2718 818 facta
2746 763 2821 817 ad
2869 779 2987 817 vos.
3023 765 3169 818 Nam
3200 762 3360 834 quod
3416 761 3699 835 praecedit

2037 848 2269 904 videtur
2296 850 2407 905 hoc
2440 850 3092 919 ostendere,videlicet:
3121 876 3148 904 «
3182 851 3292 908 Sed
3314 852 3468 907 sicut
3497 853 3700 908 omnia

2041 937 2106 992 in
2137 939 2380 995 veritate
2410 939 2592 996 locuti
2650 957 2877 997 sumus.
2916 965 2937 990 ι
3006 941 3235 996 Etenim
3294 941 3446 996 sicut
3498 942 3700 997 omnia

2036 1030 2250 1100 inquit,
2271 1031 2354 1085 ita
2384 1035 2444 1085 et
2472 1030 2545 1086 de
2574 1033 2844 1088 Tito.Aut
2873 1033 3061 1105 magis
3092 1032 3245 1087 sicut
3269 1039 3329 1087 et
3356 1032 3531 1087 nobis
3560 1031 3691 1103 pla—

2032 1124 2145 1173 cet.
2183 1140 2211 1169 ι(
2243 1119 2537 1175 Gloriatio
2562 1127 2767 1177 nostra
2792 1121 2864 1177 de
2894 1121 3063 1177 vobis
3091 1121 3249 1192 apud
3274 1121 3489 1188 Titum,
3526 1144 3546 1171 ι
3586 1122 3699 1177 hoc

2042 1213 2155 1276 est,
2188 1224 2386 1265 coram
2417 1211 2543 1265 Tito
2573 1210 2747 1279 facta,
2781 1212 2938 1266 hunc
2969 1212 3129 1267 enim
3152 1226 3393 1267 sensum
3415 1214 3702 1283 expetunt

2038 1312 2109 1352 ea
2138 1314 2272 1369 qua:
2303 1299 2469 1370 prius
2501 1300 2660 1356 dicta
2690 1306 2848 1366 sunt,
2873 1316 3111 1372 nempe,
3150 1319 3175 1352 α
3203 1299 3587 1355 Refocillatus
3609 1303 3701 1355 est
3772 1366 3776 1369 _

2038 1386 2284 1457 spiritus
2315 1389 2538 1460 ejus,...
2599 1390 2897 1445 Gloriatus
2926 1389 3105 1457 fui,...
3155 1390 3284 1445 Non
3335 1406 3465 1445 sum
3515 1389 3697 1461 pude-

2033 1474 2246 1532 factus.
2276 1498 2305 1526 »
2337 1478 2502 1542 Quod
2532 1485 2730 1535 autem
2762 1480 2867 1549 ait,
2911 1501 2939 1529 ι(
2975 1479 3089 1534 Sed
3149 1479 3303 1534 sicut
3358 1479 3565 1535 omnia
3618 1479 3684 1536 in

2034 1565 2301 1631 veritate,
2330 1588 2357 1616 »
2390 1583 2510 1622 non
2541 1566 2969 1623 adversabitur.
2995 1569 3137 1623 Nam
3167 1567 3695 1639 quemadmodum,

2035 1653 2254 1724 inquit,
2288 1672 2355 1710 ea
2389 1672 2519 1727 quas
2551 1656 2714 1711 vobis
2745 1656 2868 1711 dixi
2900 1656 2972 1711 de
3002 1657 3149 1723 Tito,
3183 1657 3247 1712 in
3277 1658 3520 1713 veritate
3551 1656 3694 1725 dixi,

2036 1740 2117 1797 ita
2149 1749 2207 1797 et
2236 1760 2369 1815 qum
2399 1745 2525 1799 Tito
2553 1744 2671 1799 dixi
2703 1745 2777 1800 de
2824 1745 3013 1811 vobis,
3046 1746 3109 1801 in
3139 1746 3383 1801 veritate
3433 1747 3695 1819 contige-

2035 1837 2177 1885 runt
2207 1850 2220 1887 :
2248 1837 2307 1887 et
2336 1832 2482 1888 adeo
2513 1834 2666 1888 nihil
2711 1850 2917 1890 eorum
2975 1852 3106 1906 quas
3155 1835 3268 1907 ipsi
3300 1834 3564 1891 dixeram
3623 1833 3696 1890 de

2034 1921 2440 1989 vobis,falsum
2476 1940 2604 1979 esse
2636 1925 2926 1996 cognovit,
2945 1930 3012 1980 ut
3039 1925 3218 1980 etiam
3248 1924 3475 1980 viscera
3503 1923 3692 1996 ipsius

2033 2009 2438 2068 abundantius
2470 2030 2649 2084 quam
2681 2014 2805 2082 alii,
2839 2015 2957 2069 sive
3005 2014 3140 2086 plus
3197 2030 3376 2085 quam
3435 2013 3690 2068 aliorum

2032 2099 2420 2173 viscera,erga
2450 2119 2551 2158 vos
2581 2104 2792 2159 aﬂ‘ecta
2822 2104 2962 2171 sint,
2995 2109 3106 2158 etc.
3139 2102 3252 2158 Sed
3278 2108 3344 2157 ut
3373 2102 3576 2156 omnia
3626 2101 3689 2156 in

2033 2189 2296 2246 veritate.
2330 2191 2508 2247 Multa
2534 2191 2606 2247 de
2636 2193 2761 2247 Tito
2790 2193 3193 2264 scripserat,et
3222 2208 3379 2246 nunc
3402 2196 3687 2261 tanquam

2034 2277 2095 2333 in
2122 2282 2673 2348 transcursu,etiam
2696 2298 2828 2353 quae
2860 2281 2933 2336 de
2966 2282 3093 2353 ipso
3128 2281 3287 2336 dicta
3317 2286 3487 2336 erant
3539 2296 3683 2335 con-

2035 2368 2252 2424 ﬁrmat.
2287 2370 2442 2425 σεο
2473 2371 2985 2436 Quemadmodum
3017 2371 3177 2426 enim
3209 2370 3555 2441 illa,inquit,
3589 2385 3690 2424 ve-

2034 2475 2100 2514 ra
2129 2465 2318 2527 erant,
2343 2461 2425 2516 ita
2456 2467 2515 2516 et
2543 2478 2675 2532 quis
2706 2462 2779 2517 de
2811 2460 2973 2516 vobis
3001 2460 3235 2534 gloriati
3270 2476 3497 2516 sumus.
3536 2482 3556 2509 ι
3619 2459 3690 2513 Et

2033 2546 2261 2603 viscera
2289 2549 2495 2620 ipsius.
2531 2572 2559 2599 ››
2595 2550 2712 2605 Hoc
2743 2555 2852 2617 est,
2902 2551 3171 2605 affectus.
3223 2548 3288 2603 Id
3345 2554 3544 2604 autem
3598 2550 3691 2603 est

2034 2638 2511 2694 commendantis
2547 2640 2669 2696 illis
2699 2641 2916 2705 Titum,
2964 2645 3253 2710 tanquam
3312 2639 3698 2693 vehementer

2032 2728 2344 2784 ardentem
2376 2730 2617 2785 illorum
2651 2729 3131 2800 amore,illisque
3163 2728 3522 2783 devinctum.
3556 2725 3695 2781 Ideo

2031 2818 2258 2874 viscera
2287 2818 2523 2875 dixit.et
2553 2836 2673 2873 non
2705 2835 2989 2874 amorem.
3024 2817 3213 2872 Dictio
3245 2831 3527 2887 namque,
3599 2814 3698 2869 Vi-

2041 2922 2229 2974 scera,
2252 2907 2387 2977 plus
2405 2906 2629 2977 aliquid
2647 2905 2935 2976 designat.
2962 2928 2989 2954 ‹‹
3015 2906 3164 2959 Dum
3186 2904 3394 2959 recolit
3423 2903 3691 2959 omnium

2033 3002 2291 3050 vestrum
2313 2993 3003 3049 obedientiam.»Deinde
3018 3011 3093 3049 ne
3106 2994 3531 3049 assentationis
3561 3007 3691 3048 esse

2034 3084 2213 3139 verba
2242 3084 2572 3151 videantur,
2606 3099 2847 3138 causam
2878 3084 3056 3139 etiam
3079 3083 3248 3155 ponit
3302 3083 3571 3148 affectus,
3614 3098 3691 3138 ex

2035 3174 2146 3228 hoc
2170 3173 2355 3244 magis
2404 3173 2564 3243 ipsos
2623 3172 2963 3228 exhortans.
3000 3173 3116 3228 Hoc
3146 3176 3349 3227 autem
3381 3176 3440 3227 et
3492 3172 3687 3227 Titum

2040 3262 2340 3327 honestat,
2369 3267 2435 3317 ut
2462 3262 2562 3333 qui
2596 3277 2831 3334 semper
2860 3262 3021 3333 ipsos
3068 3262 3128 3316 in
3161 3265 3359 3316 mente
3391 3260 3640 3316 haberet
3671 3276 3685 3316 :

2045 3358 2105 3407 et
2135 3352 2423 3423 ipsos,qui
2456 3352 2536 3406 ita
2573 3356 2896 3421 potuerunt
2924 3349 3221 3405 attrahere
3252 3349 3691 3414 Titum.Quem-

2042 3441 2364 3496 admodum
2409 3455 2543 3494 cum
2594 3440 2803 3494 timore
2863 3445 2923 3493 et
2998 3444 3255 3493 tremore
3329 3436 3694 3509 exceperetis

2041 3529 2256 3601 ipsum.
2290 3529 2513 3585 Deinde
2543 3528 2945 3584 intensionem
2978 3543 3214 3600 quoque
3245 3525 3391 3581 dicit
3419 3525 3697 3583 obediem

2042 3618 2360 3688 tim,neque
2391 3619 2551 3673 enim
2584 3618 2713 3673 sola
2741 3617 3081 3673 obedientia
3110 3620 3259 3680 erat,
3292 3614 3398 3671 sed
3431 3622 3489 3670 et
3519 3616 3696 3671 timor

2040 3711 2100 3762 et
2129 3712 2370 3774 tremor,
2399 3723 2474 3761 ne
2505 3722 2741 3761 rursum
2774 3706 2836 3760 in
2866 3706 3069 3775 aliquo
3118 3703 3511 3767 offenderent,
3547 3704 3701 3758 sicut

2032 3795 2159 3866 jam
2181 3795 2244 3849 in
2275 3810 2343 3849 eo
2371 3794 2471 3865 qui
2504 3800 2797 3850 scortatus
2826 3792 3038 3849 fuerat.
3069 3813 3097 3842 ς.
3130 3789 3296 3856 Quod
3326 3789 3389 3844 in
3419 3789 3697 3844 omnibus

2040 3883 2318 3939 ﬁduciam
2350 3882 2599 3938 habeam
2633 3883 2695 3936 in
2738 3881 2917 3937 vobis.
2948 3903 2976 3930 ››
3011 3880 3139 3935 Sive
3170 3878 3487 3951 objurgare
3516 3894 3694 3949 opor-

2040 3978 2305 4041 teat,non
2336 3988 2541 4028 vereor
2570 3987 2644 4026 ne
2674 3968 3031 4042 frangamini
3058 3986 3072 4034 ;
3099 3968 3218 4023 sive
3251 3967 3323 4023 de
3353 3967 3519 4023 vobis
3567 3966 3698 4040 glo-

2038 4063 2199 4126 riari,
2224 4078 2343 4117 non
2376 4062 2555 4117 timeo
2577 4076 2651 4115 ne
2682 4058 2939 4115 mendax
2962 4074 3282 4130 appaream
3303 4058 3331 4114 ‘I
3359 4058 3479 4114 Hoc
3496 4062 3695 4113 autem

2038 4152 2263 4216 dicens,
2288 4152 2442 4205 viam
2503 4150 2803 4221 praestruit
2859 4148 3119 4203 sermoni
3153 4147 3226 4203 de
3288 4148 3693 4218 eleemosyna.

2041 4262 2065 4292 ι
2100 4244 2166 4297 In
2196 4239 2473 4295 omnibus
2540 4238 2757 4293 ﬁducia
2785 4236 2975 4293 habeo
3002 4237 3064 4293 in
3104 4236 3288 4292 vobis.
3334 4259 3363 4286 ››
3395 4238 3484 4291 ’Ev
3539 4254 3695 4288 παντι

2038 4329 2098 4384 id
2130 4345 2213 4396 es,
2246 4330 2305 4381 in
2330 4328 2498 4393 omni,
2533 4328 2644 4383 hoc
2675 4331 2784 4395 est,
2827 4327 2946 4382 sive
2976 4342 3177 4381 coram
3224 4325 3350 4380 Tito
3409 4340 3557 4395 opus
3619 4322 3697 4377 sit

2042 4416 2280 4489 gloriari
2313 4431 2326 4470 :
2362 4415 2482 4470 sive
2514 4430 2712 4471 coram
2739 4413 2943 4485 quovis
2973 4413 3093 4469 alio
3127 4430 3140 4468 :
3173 4419 3276 4469 aut
3324 4413 3387 4467 in
3415 4411 3579 4467 omni
3609 4424 3695 4480 re,

280 4500 400 4555 sive
432 4500 493 4555 in
525 4499 798 4555 omnibus
822 4499 942 4555 sive
975 4499 1285 4570 objurgare
1315 4504 1372 4553 et
1401 4501 1655 4555 aversari
1688 4508 1956 4574 oporteat
1988 4512 2397 4575 scortatorem,
2430 4506 2549 4561 sive
2582 4504 2883 4575 suscipere
2916 4510 2975 4559 et
3030 4518 3304 4559 revocare
3333 4500 3691 4572 resipiscen-

280 4594 422 4657 tem,
456 4588 580 4644 sive
610 4588 755 4660 quid
784 4588 857 4644 ad
887 4587 1052 4644 aliud
1084 4587 1209 4643 ﬁeri
1240 4594 1530 4660 Oporteet,
1568 4589 1629 4645 in
1661 4592 1939 4651 omnibus
1965 4594 2200 4652 confido
2231 4596 2295 4650 in
2324 4593 2509 4651 vobis.

920 4704 1174 4760 KE<I>AA.
1210 4704 1284 4762 ϐ’.

282 4793 575 4869 ιῖροτροπὴ
608 4792 745 4877 πρὸς
802 4790 1049 4877 ἐπίδοσιν
1106 4794 1412 4877 χρημάτων
1461 4799 1581 4877 τοῖς
1612 4795 1808 4872 ἁγίοις,
1841 4800 1927 4854 καὶ

598 4866 767 4938 τιμὴν
792 4869 903 4920 τῶν
943 4864 1034 4922 διὰ
1061 4864 1239 4922 τούτο
1267 4864 1605 4945 ἐρχομένων.

353 5024 691 5101 Γνωρίζομεν
762 5024 821 5082 δὶ
898 5028 1049 5101 ὑμῖν,
1131 5026 1385 5106 ἀδελφοὶ,
1459 5030 1559 5096 τήν
1614 5031 1778 5105 χάριν
1836 5034 1934 5087 τοῦ

282 5117 441 5185 Θεοῦ,
497 5115 596 5182 τήν
659 5113 961 5188 δεδομένην
1059 5115 1110 5171 ἓν
1194 5121 1314 5178 ταῖς
1401 5112 1752 5187 Ἐκκλησίαις
1834 5126 1934 5190 τῆς

282 5199 643 5275 Μακεδονίας,
729 5205 811 5260 ὅτι
896 5208 952 5261 ἐν
1033 5203 1222 5279 πολλῇ
1321 5202 1526 5280 δοκιμῇ
1599 5205 1841 5283 θλίψεως
1895 5212 1931 5278 ἡ

281 5291 561 5369 περισσεία
614 5301 714 5364 τῆς
791 5299 995 5374 χαρᾶς
1041 5294 1241 5367 αὐτῶν,
1296 5295 1383 5350 καὶ
1444 5297 1479 5364 ἡ
1538 5297 1676 5352 κατὰ
1734 5298 1933 5371 βάθους

279 5383 530 5458 πτωχεία
585 5384 765 5439 αὐτῶν
828 5384 1196 5460 ἐπερίσσευσεν
1254 5383 1330 5446 εἷς
1388 5384 1479 5440 τὸν
1536 5383 1774 5441 πλοῦτον
1833 5394 1935 5457 τῆς

281 5472 599 5543 ἁπλότητος
626 5473 829 5532 αὐτῶν.

352 5562 634 5637 Τεχνικῶς
664 5561 1244 5636 πάνυξκατασκευάζιι
1300 5562 1393 5618 τὸν
1451 5562 1619 5639 λόγον
1644 5570 1743 5633 τῆς
1777 5563 1937 5637 ἐλεη-

287 5651 548 5726 μοσύνης.
582 5652 659 5706 Οὐ
713 5651 815 5727 γὰρ
869 5651 1034 5720 ἦλθεν
1088 5652 1195 5707 ἀπὸ
1251 5650 1596 5723 ἒπιπλήξεως
1627 5653 1702 5715 εἷς
1740 5657 1937 5729 παραί-

2675 4709 2905 4765 CAPUT
2951 4708 3042 4763 IX.

2043 4800 2365 4855 Exhortatio
2396 4799 2471 4853 ad
2497 4800 2803 4853 uberiorem
2826 4798 3196 4867 pecuniarum
3227 4795 3692 4867 contributionem

2110 4875 2171 4927 in
2198 4877 2431 4937 sanctos,
2463 4877 2514 4925 et
2542 4870 2610 4925 de
2637 4865 2842 4925 eorum
2856 4869 3060 4924 honore
3088 4869 3189 4938 qui
3244 4866 3321 4922 ad
3368 4865 3470 4921 hoc
3519 4869 3691 4937 pro/i-

2110 4945 2464 5000 ciscercntur.

2114 5047 2256 5116 VIII,
2292 5050 2397 5101 1-2.
2461 5048 2724 5104 Certiores
2780 5049 2962 5101 autem
3014 5060 3105 5100 vos
3140 5044 3311 5114 facio,
3355 5046 3576 5115 fratres,
3631 5041 3698 5099 de

2041 5139 2227 5208 gratia
2274 5138 2375 5192 Dei
2401 5152 2522 5206 quae
2574 5136 2711 5191 data
2758 5138 2873 5205 fuit
2924 5137 2983 5191 in
3040 5134 3294 5193 Ecclesiis
3318 5136 3696 5202 Macedoniae;

2043 5226 2308 5298 quoniam
2338 5242 2445 5296 per
2463 5224 2699 5280 multam
2734 5227 3119 5296 piabationem
3146 5227 3492 5297 afﬂictionis,
3524 5226 3701 5279 abun-

2044 5318 2240 5372 dantia
2266 5315 2462 5386 gaudii
2494 5314 2715 5370 illorum
2737 5321 2788 5370 et
2814 5316 3097 5386 profunda
3125 5316 3346 5371 illorum
3392 5319 3703 5386 paupertas

2046 5406 2367 5463 eamberabit
2391 5407 2452 5461 in
2482 5405 2707 5462 divitias
2735 5407 3108 5478 simplicitatis
3132 5406 3377 5463 illorum.

2120 5571 2269 5627 011
2303 5569 2637 5628 Artiﬁciose
2672 5571 2994 5629 admodum
3042 5571 3193 5627 texit
3243 5582 3578 5626 sermonem
3627 5560 3703 5620 de

2049 5659 2427 5733 eleemosyna
2454 5663 2655 5733 Neque
2684 5662 2844 5718 enim
2866 5660 2938 5718 ab
2964 5659 3376 5732 objurgatione
3397 5652 3706 5715 descendit

4062 14 4077 49 ’Ἠ

4062 54 4077 91 ’ἐ

4062 96 4077 137 vi

4062 140 4077 171 ξ

4062 188 4077 207 Α

4064 224 4077 259 '.

4064 266 4079 325 Ἰ

4062 330 4079 391 1'

4062 474 4081 597 j

4074 610 4081 623 l

4068 738 4083 861 ί
