4128 6192
471 321 496 378 1
507 319 626 380 0οῗ

484 545 774 600 effecisset
795 561 863 598 eo
895 543 1069 598 modo
1089 541 1559 612 sermonem,sed
1581 543 1652 598 ab
1672 541 2126 598 encomiis.Vult

472 639 668 688 autem
696 633 816 688 illis
837 650 1074 689 movere
1088 650 1424 690 sermonem
1439 633 1510 688 de
1543 632 2119 704 eleemosyna,etait:

481 744 506 774 ιι
539 723 736 778 Gratia
767 724 934 780 Dei.»
959 724 1216 780 Gratiam
1231 741 1445 779 vocans
1468 723 1861 793 eleemosynae
1877 721 2122 777 donum.

471 813 774 884 Siquidem
795 815 900 870 Dei
925 813 1147 870 donum
1179 821 1267 871 est
1296 815 1556 885 aliquem
1592 830 1720 869 esse
1761 814 1926 884 pium
1987 827 2123 884 erga

473 918 708 976 egenos,
743 904 1244 975 quemadmodum
1287 905 1467 959 etiam
1499 904 1781 958 sanitates
1810 903 2116 974 perﬁcere.

463 1013 490 1044 ι(
526 994 664 1058 Qua
695 994 832 1049 data
859 995 972 1050 fuit
995 995 1054 1048 in
1083 994 1358 1050 Ecclesiis
1379 991 2120 1049 Macedoniae.»Considera

467 1082 788 1138 artiﬁcium
820 1083 1106 1154 Apostoli.
1146 1086 1270 1138 Non
1295 1084 1446 1138 dixit
1498 1083 1719 1147 statim,
1767 1087 1906 1136 Date
1963 1081 2117 1137 elee-

463 1186 815 1243 mosynam;
876 1173 980 1228 sed
1037 1191 1169 1244 quae
1235 1173 1463 1246 egregie
1522 1172 1593 1226 ab
1625 1173 1757 1227 aliis
1787 1177 1953 1244 gesta
1982 1175 2120 1226 sunt

463 1261 618 1316 circa
649 1261 1092 1332 eleemosynam
1128 1269 1334 1317 narrat
1368 1278 1380 1326 ;
1415 1278 1555 1316 nam
1587 1277 1656 1316 ex
1690 1279 1758 1316 eo
1790 1260 1948 1332 quod
1981 1260 2116 1316 illos

463 1351 880 1424 laudat,magis
911 1353 1257 1407 exhortatur
1278 1353 1386 1407 hos
1416 1351 1492 1407 ad
1513 1351 1770 1406 similem
1791 1349 2118 1406 aemulatio-

463 1455 620 1495 nem.
657 1463 686 1490 «
719 1441 1266 1496 Macedoniae.»l\‘on
1290 1441 1528 1508 dixit,ln
1557 1447 1763 1512 parte;
1799 1439 1901 1494 sed
1933 1445 2116 1494 totam

458 1528 664 1584 laudat
691 1537 950 1601 gentem,
985 1531 1210 1599 dicens,
1243 1551 1262 1578 ιι
1285 1532 1350 1583 ΙΙΙ
1382 1529 1664 1584 Ecclesiis
1698 1528 2112 1583 Macedonian.»

454 1619 860 1683 —-«Quoniam
880 1637 986 1691 per
1002 1620 1248 1674 multam
1263 1618 1677 1690 probationem
1709 1617 2110 1674 afﬂictionis.»

460 1706 620 1762 Adeo
651 1708 856 1762 afﬂicti
879 1714 1036 1774 sunt,
1067 1709 1280 1778 inquit,
1315 1713 1380 1762 ut
1409 1708 1588 1762 etiam
1611 1707 1843 1778 probati
1868 1723 1938 1760 ex
1963 1705 2110 1760 tole-

457 1797 654 1852 rantia
673 1797 812 1852 facti
835 1799 974 1852 sint.
1011 1797 1288 1868 Nequeid
1310 1797 1456 1852 adeo
1493 1796 1832 1852 mirandum
1865 1801 1972 1862 est,
2007 1793 2110 1848 sed
2141 1829 2187 1895 Β

455 1886 614 1955 quod
654 1903 722 1941 ex
755 1892 920 1942 tanta
945 1887 1268 1942 afﬂictione
1301 1893 1530 1942 tantum
1563 1887 1622 1940 in
1647 1886 1790 1958 ipsis
1829 1885 2111 1957 gaudium

453 1976 896 2047 germinaverit.
952 1999 980 2026 «
1040 1982 1178 2032 Nam
1240 1977 1626 2044 abundantia,
1663 1975 1878 2046 inquit,
1911 1974 2110 2048 gaudii

451 2064 716 2132 illorum,
761 2089 790 2116 ››
849 2082 1062 2137 nempe
1095 2065 1453 2134 exuberavit,
1495 2065 1654 2136 quod
1703 2081 1774 2119 ex
1806 2063 2109 2119 communi

452 2153 750 2207 sententia
781 2152 1184 2224 supplendum
1215 2159 1324 2208 est.
1358 2176 1382 2202 ‹‹
1419 2153 1486 2206 Et
1543 2151 1838 2222 profunda
1869 2150 2108 2204 illorum

457 2247 796 2312 paupertas.
827 2265 856 2290 ››
889 2245 963 2296 Et
1019 2241 1520 2312 quemadmodum
1577 2240 1820 2296 afﬂictio
1878 2239 2110 2310 peperit

449 2330 748 2400 gaudium,
783 2331 865 2384 ita
891 2347 1125 2402 quoque
1157 2331 1454 2402 profunda
1484 2331 1726 2386 illorum
1765 2335 2106 2401 paupertas,

449 2417 564 2474 hoc
596 2425 704 2486 est,
737 2419 945 2476 multa.
983 2421 1284 2491 Siquidem
1316 2437 1349 2476 a
1385 2420 1641 2491 propriis
1671 2418 2104 2474 contribulibus

457 2507 693 2577 spoliati
717 2515 906 2563 erant.
947 2530 971 2560 ιι
1003 2511 1066 2562 In
1096 2509 1329 2562 divitias
1369 2508 1788 2578 simplicitatis,
1844 2529 1870 2555 »
1904 2507 1962 2560 id
1994 2511 2101 2587 est.

445 2595 855 2666 abundantiae,
889 2614 956 2652 ac
989 2599 1036 2652 si
1087 2597 1310 2652 diceret
1343 2613 1354 2650 :
1391 2599 1433 2652 Ο
1465 2614 1590 2650 rem
1647 2596 2058 2652 admirandam
2089 2594 2100 2648 l

447 2687 772 2756 Paupertas
803 2703 925 2742 non
955 2686 1148 2742 solum
1173 2685 1644 2740 subministravit
1666 2685 1933 2756 copiosas
1964 2684 2102 2738 divi.

447 2775 582 2842 tias,
617 2793 818 2832 verum
841 2777 1016 2832 etiam
1045 2776 1408 2840 exuberavit,
1427 2793 1622 2846 neque
1653 2775 1810 2830 enim
1835 2792 1906 2830 ex
1925 2775 2100 2830 modo

447 2881 652 2922 eorum
673 2884 803 2937 quas
852 2867 1089 2933 dantur,
1135 2865 1236 2921 sed
1271 2882 1339 2921 ex
1371 2865 1670 2921 voluntate
1701 2864 1970 2920 dantium
2001 2881 2100 2919 su.

445 2955 630 3010 mitur
653 2955 950 3027 judicium
977 2973 989 3010 :
1015 2955 1518 3026 quemadmodum
1537 2955 1714 3010 etiam
1737 2954 1912 3010 vidua
1929 2955 2100 3025 cujus

449 3043 567 3099 duo
598 3061 717 3100 tera
739 3047 970 3101 minuta
1001 3046 1232 3100 caeteris
1263 3045 1566 3116 proposita
1597 3049 1736 3100 sunt
1757 3043 1825 3099 δε.

516 3134 667 3201 VIII,
699 3137 816 3188 3-6.
851 3137 989 3190 Nam
1018 3151 1122 3205 pro
1143 3136 1374 3201 viribus,
1409 3141 1598 3203 testor,
1631 3141 1682 3188 et
1736 3151 1910 3204 supra
1959 3135 2098 3190 vires

446 3223 705 3292 ultronei,
745 3226 924 3280 multa
979 3241 1100 3279 cum
1157 3226 1514 3280 obtestatione
1569 3229 1840 3292 rogarunt
1895 3239 2012 3292 nos,
2036 3231 2098 3278 ut

443 3315 816 3368 ministerium
831 3319 880 3367 et
885 3315 1382 3383 participationem
1399 3315 1696 3368 ministerii
1713 3317 2108 3383 susciperemus

451 3401 512 3452 in
539 3407 789 3456 sanctos:
819 3408 868 3455 et
915 3419 1028 3456 non
1079 3408 1346 3470 quatenus
1381 3404 1752 3470 sperabamus,
1793 3403 2103 3472 quinetiam

461 3490 664 3558 seipsos
691 3489 980 3555 dederunt,
1029 3491 1278 3563 primum
1316 3492 1564 3562 Domino,
1595 3492 1792 3548 deinde
1847 3500 1900 3548 et
1948 3494 2101 3550 nobis

447 3595 556 3648 per
581 3581 917 3636 voluntatem
947 3583 1082 3636 Dei:
1116 3583 1199 3636 ita
1239 3588 1298 3636 ut
1340 3582 1763 3638 exhortaremur
1805 3585 2010 3652 Titum,
2042 3595 2102 3642 ut

440 3671 582 3724 sicut
611 3677 774 3726 antea
803 3677 1060 3742 ceperat,
1091 3674 1174 3726 ita
1201 3679 1252 3726 et
1280 3680 1680 3728 consummaret
1719 3674 1860 3728 hanc
1887 3689 2104 3743 quoque

447 3775 582 3828 erga
607 3776 698 3818 vos
727 3763 988 3832 gratiam.

521 3951 784 4002 Attestor
813 3950 970 4003 enim
995 3949 1110 4004 illis
1129 3947 1286 4020 quod
1315 3965 1419 4019 pro
1445 3948 1664 4002 viribus
1687 3953 1767 4016 ;et
1797 3947 1940 4018 quid
1968 3947 2098 4002 dico

447 4051 554 4104 pro
585 4035 805 4090 viribus
831 4035 858 4089 ?
889 4038 1068 4092 etiam
1098 4055 1278 4109 supra
1295 4038 1448 4092 vires
1480 4043 1637 4092 certe
1667 4037 1926 4092 ultronei
1959 4036 2100 4092 alte-

445 4139 580 4177 rum
611 4123 670 4178 id
723 4126 1058 4182 encomium
1091 4131 1199 4181 est.
1252 4127 1406 4182 658
1438 4129 1637 4198 Neque
1671 4127 1830 4182 enim
1853 4143 1962 4181 nos
1993 4143 2094 4182 ex-

442 4214 660 4270 hortati
697 4231 903 4270 sumus
933 4216 1114 4287 ipsos.
1176 4239 1202 4267 ‹‹
1237 4217 1418 4271 Multa
1447 4233 1582 4272 cum
1612 4217 2028 4273 obtestatione.
2063 4239 2092 4268 ››

439 4304 588 4359 Ecce
619 4309 678 4358 et
699 4305 942 4360 tertium
974 4307 1331 4360 encomium.
1363 4308 1489 4361 Non
1512 4323 1620 4362 nos
1655 4306 2091 4364 obsecravimus

437 4393 730 4464 ipsos,sed
763 4395 874 4465 ipsi
905 4395 1266 4451 nos.Deinde
1297 4395 1595 4468 adaugens
1621 4397 2087 4454 obtestationem

435 4482 614 4539 dicit:
652 4487 950 4558 Rogarunt
979 4501 1088 4540 nos
1127 4491 1192 4540 ut
1224 4487 1682 4556 susciperemus.
1715 4519 1784 4528 ——
1813 4487 1996 4543 Aliud.
2018 4488 2086 4542 In

1587 293 2000 377 (ECUMENII
2051 311 2351 374 TRICC/E
2395 312 2754 376 EPISCOPI

473 454 550 511 ad
579 455 1220 511 admonitionem.Nam
1251 468 1455 508 revera
1483 467 1637 524 aegre
1677 449 2099 523 susceptibilen

2243 469 2392 502 νεσιν
2565 449 2668 526 γὰρ
2775 449 2837 505 ’ἀν

3719 311 3874 374 1008

2947 446 3379 526 δυσπαράδεκτον
3451 447 3736 525 ιίργασατρ
3789 451 3881 504 τὸν

2235 533 2461 612 λόγον),
2521 535 2669 594 ἀλλὰ
2752 540 2858 594 ἅπὸ
2945 538 3262 616 ἐγκωμίων.
3359 539 3625 596 Βούλεται
3677 535 3734 592 δὲ
3789 538 3878 592 τὸν

2229 627 2353 701 περὶ
2385 625 2764 701 ἐλεημοσύνης
2797 628 2988 691 αὐτοῖς
3045 637 3262 698 κινῆσαι
3331 627 3516 704 λόγον,
3575 627 3664 681 καὶ
3723 645 3874 700 φησι·

2227 739 2256 766 «
2297 717 2409 784 Τὴν
2445 719 2608 791 χάριν
2635 722 2733 772 τοῦ
2773 722 2928 788 Θεοῦ,
2965 741 2988 771 ιι
3033 719 3193 795 χάριν
3224 718 3423 795 λέγων,
3479 717 3543 772 τὸ
3572 724 3672 786 τῆς
3715 715 3878 788 ἐλεη-

2231 804 2472 876 μοσύνης
2501 807 2774 882 χάρισμα.
2807 808 3062 882 Χάρισμα
3115 809 3216 886 γὰρ
3277 807 3409 862 Θεοῦ
3465 805 3578 862 ἐστι
3635 807 3698 861 τὸ
3743 805 3877 860 εἶναί

2225 915 2344 948 τινα
2401 891 2725 970 ἐλεήμονα,
2784 895 2972 972 ὥσπερ
3028 899 3088 952 τὸ
3152 897 3320 960 ἰάσεις
3381 896 3670 953 ἐπιτελεῖν.
3705 897 3878 966 «Τήν

2225 979 2520 1058 δεδομένην
2555 991 2675 1048 ταῖς
2709 984 3029 1058 ἐκκλησίαις
3078 994 3178 1056 τῆς
3243 983 3610 1049 Μακεδονίας.
3671 1009 3700 1038 ‹‹
3731 988 3876 1060 ’Ὀρα

2220 1071 2282 1127 τὸ
2315 1073 2624 1150 εὐρήχανον
2653 1080 2756 1130 τοῦ
2789 1075 3156 1133 ’Λποστόλοικ
3191 1075 3300 1132 Οὐκ
3330 1077 3477 1130 εἶπεν
3509 1075 3688 1144 εὐθὺς,
3739 1075 3868 1129 Δότε

2222 1157 2599 1236 ἐλεημοσύνην
2631 1208 2648 1238 ,
2702 1165 2849 1222 ἀλλᾶ
2905 1166 2971 1220 τὰ
3029 1167 3233 1240 ἑτέροις
3283 1165 3692 1239 κατωρθωμένα
3749 1163 3872 1238 περὶ

2223 1248 2599 1324 ἐλεημοσύνης
2657 1251 2950 1330 διηγεῖται.
2987 1257 3081 1312 Ἐκ
3111 1257 3214 1332 γάρ
3243 1260 3342 1310 τοῦ
3397 1253 3634 1316 ἐκείνους
3691 1251 3868 1330 ἐγκω-

2225 1341 2460 1414 μιάζειν,
2526 1341 2740 1416 μᾶλλον
2811 1343 3038 1405 τούτους
3096 1344 3228 1418 πρὸς
3297 1343 3388 1399 τὸν
3447 1345 3640 1416 ὅμοιον
3707 1345 3878 1411 ζῆλον

2219 1431 2538 1505 προτρέπει.
2581 1457 2606 1482 ‹‹
2643 1435 2760 1502 Τῆς
2794 1431 3153 1497 Μακεδονίας.
3197 1458 3223 1484 ››
3269 1433 3384 1490 Οὐκ
3437 1433 3600 1502 εἶπεν,
3654 1433 3740 1487 Ἐν
3776 1431 3874 1504 μέ-

2225 1537 2322 1594 ρει,
2358 1517 2483 1575 ἀλλ’
2515 1519 2828 1598 ὀλόκληρον
2863 1521 3064 1576 ἐταινει
3113 1523 3175 1576 τὸ
3207 1517 3378 1591 ἔθνος,
3445 1543 3466 1570 ι
3500 1525 3634 1583 Ταῖς
3667 1520 3866 1590 ἐκκλη-

2220 1606 2360 1668 σίαις
2417 1616 2519 1678 τῆς
2591 1608 2951 1681 Μακεδονίας,
2987 1636 3014 1662 »
3073 1611 3262 1669 εἰπών,
3336 1635 3362 1663 ιι
3393 1613 3510 1666 Ὅτι
3569 1610 3622 1666 έν
3678 1609 3868 1684 πολλῇ

2219 1693 2422 1771 δοκιμῇ
2455 1696 2714 1773 θλίψεως.
2749 1726 2776 1752 ››
2819 1701 3009 1764 Οὕτως
3061 1695 3380 1774 έθλίὸησαν,
3437 1701 3601 1778 φησὶν
3661 1702 3744 1755 δτι
3773 1703 3864 1754 καὶ

2219 1782 2438 1860 δόκιμοι
2525 1788 2582 1843 ἐκ
2659 1797 2760 1858 τῆς
2836 1791 3114 1863 ὑπομονῆς
3191 1789 3496 1866 γεγένηται.
3559 1789 3655 1844 Καὶ
3713 1787 3869 1844 οὔπω

2223 1881 2383 1932 τοῦτο
2443 1879 2749 1951 θαυμαστὸν
2796 1925 2808 1947 ,
2865 1878 2994 1934 ἀλλ’
3053 1880 3136 1934 ὅτι
3193 1883 3255 1935 ἐκ
3305 1879 3573 1950 τοσαύτης
3633 1879 3876 1952 θλίψεως

2220 1965 2454 2037 τοσαύτη
2497 1967 2642 2042 χαρὰ
2689 1963 3022 2039 ἐϐλάστησεν
3053 1971 3108 2022 ἓν
3165 1968 3371 2031 αὐτοῖς.
3437 1991 3464 2020 ιι
3493 1969 3558 2024 ἸΙ
3589 1969 3870 2044 περισσεία

2219 2055 2320 2130 γὰρ
2349 2062 2451 2124 τῆς
2491 2061 2662 2131 χαρᾶς
2697 2057 2896 2114 αὐτῶν.
2931 2085 2957 2110 ››
3008 2059 3142 2112 Ἀπὸ
3185 2063 3371 2113 κοινοῦ
3425 2059 3508 2128 τὸ,
3561 2055 3874 2133 ἐπερίσσευ-

2219 2167 2327 2202 σεν.
2381 2171 2400 2196 ι
2439 2147 2539 2202 Καὶ
2598 2150 2632 2216 ἡ
2692 2149 2826 2203 κατᾶ
2887 2150 3087 2222 βάθους
3143 2149 3393 2224 πτωχεία
3447 2149 3642 2204 αὐτῶν.
3672 2175 3701 2201 ›ι
3759 2149 3868 2204 Καὶ

2221 2234 2464 2310 ὥσπερὴ
2524 2233 2710 2310 θλίψίς
2766 2238 2939 2313 χαρὰν
2990 2237 3189 2308 ἔτεκεν,
3251 2240 3427 2301 οὕτως
3491 2239 3582 2293 καὶ
3629 2241 3664 2308 ἡ
3729 2239 3872 2293 κατὰ

2221 2325 2420 2398 βάθους
2451 2326 2723 2406 πτωχεία,
2767 2329 3042 2384 τουτέστιν
3072 2331 3106 2399 ἡ
3137 2327 3349 2400 πολλή.
3411 2329 3516 2385 Καὶ
3573 2329 3674 2404 γάρ
3709 2326 3872 2401 διηρ-

2217 2415 2462 2488 πάγησαν
2519 2415 2622 2470 ὑπὸ
2651 2421 2759 2471 τῶν
2820 2415 2969 2472 ἰδίων
3032 2417 3413 2496 συμφυλετῶν,
3475 2443 3502 2470 ι(
3537 2419 3632 2480 Εἷς
3685 2417 3874 2472 πλοῦ-

2215 2523 2305 2557 τον
2339 2501 2672 2574 ἁπλότητος,
2708 2529 2735 2556 ››
2793 2507 3058 2575 τουτέστι,
3113 2505 3417 2580 δαψιλείας
3452 2507 3526 2567 ὡς
3581 2505 3628 2560 εἰ
3659 2501 3870 2582 ἔλεγεν·

2215 2595 2282 2646 ’Ὠ
2311 2597 2406 2647 τοῦ
2437 2593 2742 2669 παραδόξου
2777 2598 2788 2651 l
2821 2602 2880 2651 Ἦ
2915 2595 3164 2672 πτωχεία
3227 2596 3304 2660 εἷς
3363 2594 3570 2669 δαψιλῆ
3629 2595 3874 2651 πλοῦτον

2216 2681 2277 2736 οὗ
2322 2683 2487 2754 μόνον
2549 2684 2918 2760 ὑπούργησεν,
2977 2684 3124 2740 ἀλλὰ
3185 2685 3273 2740 καὶ
3333 2683 3719 2760 ἐπερίσσευσεν.
3779 2685 3866 2742 Οὐ

2211 2771 2311 2845 γὰρ
2349 2777 2427 2844 τῷ
2463 2772 2645 2846 μέτρῳ
2674 2779 2780 2829 τῶν
2815 2773 3139 2848 διδομένων,
3197 2773 3343 2830 ἀλλὰ
3381 2779 3450 2849 τῇ
3507 2775 3699 2850 γνώμῃ
3751 2779 3866 2831 τῶν

2212 2861 2560 2936 παρέχόντων
2591 2863 2852 2937 κρίνεται.
2905 2862 3093 2927 Οὕτως
3149 2864 3238 2919 καὶ
3269 2865 3305 2933 ἡ
3339 2865 3490 2942 χήρα
3519 2866 3584 2932 ἧς
3639 2863 3708 2918 τὰ
3763 2861 3866 2918 δύο

2214 2948 2386 3005 λεπτὰ
2415 2951 2786 3028 προκέκριται.

2284 3045 2399 3096 Ὁτι
2453 3043 2587 3096 κατὰ
2682 3040 2909 3115 δύναμιν
2999 3047 3278 3118 μαρτυρῶ,
3347 3042 3438 3096 καὶ
3500 3042 3631 3116 ὑπὲρ
3691 3039 3864 3096 δύνα-

2214 3151 2307 3201 μιν
2363 3131 2673 3206 αὐθαίρετοι
2747 3133 2881 3206 μετᾶ
2963 3129 3183 3201 πολλῆς
3265 3129 3662 3206 παρακλήσεως
3733 3127 3860 3185 δεό-

2214 3239 2363 3292 μενοι
2430 3223 2589 3293 ἡμῶν
2665 3223 2764 3291 τήν
2819 3223 2981 3300 χάριν
3049 3221 3138 3276 καὶ
3211 3223 3311 3291 τήν
3387 3219 3676 3276 κοινωνίαν
3751 3227 3862 3289 τῆς

2211 3307 2483 3373 διακονίας
2535 3318 2634 3381 τῆς
2707 3312 2782 3376 εἷς
2863 3311 2990 3374 τοὺς
3069 3312 3271 3389 ἁγίους,
3357 3310 3602 3384 δέξασθαι
3679 3315 3854 3386 ἡμᾶς.

2211 3405 2310 3459 Καὶ
2371 3403 2433 3458 οὐ
2485 3405 2666 3469 καθὼς
2732 3403 3042 3478 ἠλπίσαμεν
3077 3452 3092 3477 ,
3166 3403 3292 3460 ἀλλ’
3367 3405 3589 3466 ἑαυτοὺς
3649 3402 3860 3460 ἔδωκαν

2209 3497 2426 3566 πρῶτον
2507 3498 2586 3566 τῷ
2691 3494 2869 3569 Κυρίῳ
2957 3496 3092 3568 ἡμῖν
3177 3493 3265 3549 διὰ
3330 3494 3642 3568 θελήματος
3697 3499 3858 3566 Θεοῦ,

2209 3582 2285 3644 είς
2341 3583 2404 3639 τὸ
2451 3581 2822 3658 παρακαλέσαι
2871 3587 3021 3658 ἡμᾶς
3077 3585 3280 3655 Τίτον,
3333 3583 3428 3640 ’ίνα
3481 3586 3658 3648 καθὼς
3713 3605 3862 3660 προς

2209 3673 2487 3748 ενήρξατο,
2549 3671 2722 3737 οὕτως
2787 3675 2876 3730 καί
2932 3673 3216 3750 ἐπιτελέσῃ
3271 3675 3348 3737 εἷς
3409 3676 3548 3749 ὑμᾶς
3605 3677 3692 3730 καὶ
3749 3677 3854 3744 τήν

2209 3763 2370 3840 χάριν
2399 3764 2622 3835 ταύτην.

2277 3945 2554 4018 Μαρτυρῶ
2583 3947 2688 4021 γὰρ
2719 3945 2901 4010 αὐτοῖς
2948 3945 3029 4000 ὅτι
3083 3949 3218 4001 κατὰ
3275 3944 3519 4020 δύναμιν.
3553 3948 3619 4004 Τί
3679 3947 3854 4022 λέγω,

2202 4032 2337 4088 κατὰ
2367 4031 2646 4107 δύναμιν;
2695 4036 2784 4090 καὶ
2835 4035 2966 4110 ὑπὲρ
3024 4033 3251 4108 δύναμιν
3286 4037 3378 4109 μὲν
3439 4039 3530 4092 οὖν
3589 4035 3850 4111 αὐθαίρε-

2199 4141 2305 4178 τοι.
2340 4119 2591 4194 Δεύτερον
2637 4121 2935 4196 ἐγκώμιον.
2995 4123 3067 4178 Οὐ
3096 4125 3198 4199 γὰρ
3227 4125 3392 4197 ἡμεῖς
3451 4124 3648 4187 αὐτοὺς
3709 4143 3852 4195 τρο-

2199 4212 2551 4285 ετρεψάμεθα.
2585 4237 2613 4264 ι(
2645 4213 2794 4267 Μετά
2823 4212 3045 4282 πολλῆς
3103 4211 3520 4288 παρακλήσεως.
3558 4238 3585 4264 υ
3635 4213 3844 4290 Τρίτον

2198 4299 2469 4374 ἐγκώμιον
2502 4346 2515 4360 .
2573 4303 2690 4356 Ὅτι
2785 4300 2894 4376 οὐχ
2960 4304 3124 4376 ἡμεῖς
3183 4301 3650 4378 παρεκαλέσαμεν,
3712 4301 3848 4358 ἀλλ’

2197 4387 2370 4448 αὐτοί.
2404 4391 2538 4447 Εἶτα
2584 4390 2860 4446 ἐπιτείνων
2916 4393 3014 4461 τὴν
3071 4391 3434 4467 παράκλησιν,
3495 4392 3648 4470 φησί.
3711 4401 3852 4448 Δεο-

2198 4500 2352 4552 μενοι
2381 4485 2541 4554 ἡμῶν
2576 4480 2651 4542 είς
2706 4481 2768 4536 τὸ
2829 4479 3093 4553 δέξασθαι.
3131 4514 3194 4525 --
3226 4480 3422 4540 Ἄλλο.
3485 4483 3690 4555 [ΦΩΤ.]
3749 4484 3848 4540 Ἐν

433 4579 600 4643 parte
632 4574 742 4628 hac
769 4575 1062 4630 sermonis
1093 4591 1194 4630 sex
1223 4575 1492 4646 quandam
1521 4576 1805 4646 praeclara
1837 4582 2087 4632 testatur

2290 4575 2561 4646 περικοπῇ
2591 4568 2750 4626 τοῦδε
2783 4575 2880 4626 τοῦ
2913 4570 3104 4647 ῥητοῦ,
3156 4572 3208 4644 ’ἐξ
3265 4593 3383 4628 τινα
3431 4573 3850 4646 κατορθώματα

427 4661 691 4717 facinora
717 4663 787 4718 de
813 4665 1462 4720 Macedoniis.Primum
1487 4665 1728 4734 quidem
1743 4665 1898 4734 quod
1911 4665 2082 4736 juxta

429 4752 602 4807 vires.
635 4755 908 4826 Magnum
939 4761 1137 4812 autem
1179 4761 1268 4811 est
1326 4755 1502 4810 etiam
1535 4761 1602 4809 ut
1650 4755 1782 4826 quis
1841 4762 2083 4826 praestet

425 4839 866 4914 eleemosynam
892 4851 1184 4914 quatenus
1206 4849 1564 4914 etquantum
1587 4848 1780 4914 potest
1805 4843 1930 4900 :sed
1953 4860 2080 4899 ma-

415 4927 517 4997 jus
549 4936 638 4982 est
692 4932 850 5001 quod
881 4933 964 4986 ait
991 4951 1003 4989 ε
1045 4955 1066 4982 ιι
1096 4935 1283 5006 Supra
1311 4933 1482 4988 vires.
1515 4955 1542 4984 »
1577 4933 1688 4988 hoc
1721 4939 1828 4998 est,
1849 4935 2076 5006 seipsos

421 5017 738 5088 privantes.
769 5022 836 5076 Et
887 5024 1126 5078 tertium
1157 5025 1316 5095 quod
1347 5024 1602 5078 ultronei
1637 5042 1650 5078 :
1679 5025 1788 5079 hoc
1820 5029 1926 5088 est,
1952 5041 2070 5079 non

418 5107 540 5162 illis
573 5125 718 5180 opus
749 5111 860 5167 fuit
901 5113 1094 5170 aliena
1145 5113 1573 5181 admonitione,
1599 5113 1702 5170 sed
1725 5115 1836 5186 ipsi
1873 5131 1944 5168 ex
1977 5131 2068 5170 se-

415 5199 561 5270 ipsis
593 5201 748 5270 quod
780 5201 1002 5258 bonum
1061 5208 1150 5258 est
1199 5203 1523 5275 elegerunt.
1569 5206 1874 5269 Quartum,
1907 5203 2065 5274 quod

409 5289 602 5344 multa
623 5307 752 5346 cum
773 5290 1352 5363 obtestatione,quod
1380 5293 1616 5348 fervida:
1647 5293 1962 5348 voluntatis
1977 5297 2066 5348 est

408 5393 476 5432 ac
508 5377 949 5452 eleemosynam
976 5381 1566 5452 etfundentis.Neque
1585 5383 1744 5438 enim
1778 5389 2060 5454 tanquam

403 5467 651 5540 gratiam
677 5469 811 5525 aliis
843 5475 1214 5541 prmstantes,
1252 5469 1354 5526 sed
1389 5475 1670 5542 tanquam
1725 5472 1840 5543 ipsi
1869 5472 2058 5528 maxi-

471 5647 518 5685 “
545 5647 680 5708 Luc.
714 5665 828 5720 xxi,
864 5652 916 5704 2.

2193 4660 2536 4736 ἐμαρτύρησε
2589 4667 2704 4723 τοῖς
2778 4660 3160 4726 Μακεδονίοις,

2189 4750 2325 4806 κατᾶ
2355 4747 2603 4826 δύναμιν.
2645 4751 2794 4826 Μέγα
2851 4749 2928 4820 δὲ,
2986 4751 3076 4807 καὶ
3130 4753 3192 4808 τὸ
3244 4755 3474 4809 καθόσον
3537 4753 3716 4828 ῗσχὺει
3747 4773 3842 4816 τις

2187 4847 2412 4911 ποιῆσαι
2445 4839 2846 4913 ἐλεημοσύνην.
2879 4842 2940 4899 Ὀ
2999 4839 3056 4896 δὲ
3111 4841 3200 4898 καὶ
3263 4843 3446 4916 μεῖζόν
3500 4864 3684 4922 φησιν,
3720 4843 3834 4914 ὅτι,

2187 4955 2212 4982 (ι
2249 4931 2348 4985 Καὶ
2382 4931 2514 5004 ὑπὲρ
2547 4927 2792 5003 δύναμιν,
2831 4955 2857 4982 ››
2887 4931 3161 4987 τουτέστιν
3193 4932 3414 4994 ἑαυτοὺς
3463 4933 3836 5008 ἀποστεροῦν-

2183 5041 2289 5080 τες.
2323 5021 2426 5076 Καὶ
2456 5019 2662 5092 τρίτον,
2695 5021 2778 5076 ὅτι
2821 5021 3149 5096 αὐθαίρετοι,
3179 5020 3477 5091 τουτέστιν,
3509 5021 3610 5078 οὐκ
3665 5019 3830 5094 ἐδεή-

2182 5111 2350 5181 θησαν
2383 5109 2458 5169 εἷς
2487 5108 2646 5164 τοῦτο
2677 5114 3042 5186 παραινέσεως
3101 5109 3424 5186 ἀλλοτρίας,
3483 5110 3614 5167 ἀλλ’
3668 5112 3832 5168 αὐτοὶ

2179 5199 2227 5270 ἐξ
2261 5201 2484 5269 ἑαυτῶν,
2518 5201 2579 5255 τὸ
2609 5199 2812 5276 ἀγαθὸν
2844 5201 3186 5274 ᾑρετίσαντο.
3245 5199 3540 5276 Τέταρτον,
3575 5203 3655 5256 ὅτι
3690 5205 3838 5274 μετᾶ

2173 5287 2395 5358 πολλῆς
2428 5287 2844 5364 παρακλήσεως,
2868 5288 3000 5366 ὅπερ
3031 5287 3143 5345 ἐστῖ
3177 5296 3404 5364 θερμῆς,
3435 5289 3524 5344 καὶ
3557 5285 3838 5367 ὑπερὸλυ,

2173 5377 2372 5448 ζοῦσης
2399 5378 2500 5446 αήν
2521 5374 2906 5450 ἓλεημοσύνην
2931 5377 3329 5455 προαιρέσεως.
3362 5377 3444 5436 Οὐ
3467 5379 3578 5456 γὰρ
3601 5380 3674 5440 ὡς
3695 5378 3848 5436 αὐτο

2169 5465 2371 5540 ἑτέροις
2403 5465 2564 5539 χάριν
2595 5463 3024 5539 κατατιθέμενοι,
3069 5463 3195 5521 ἀλλ’
3249 5463 3325 5528 ὦς
3389 5465 3548 5523 αὐτοὶ
3605 5465 3832 5542 μεγάλα

3247 4668 3468 4740 Πρῶτον
3541 4665 3637 4738 μὲν
3648 4709 3661 4734 ,
3749 4661 3812 4718 ὅτ
3824 4685 3844 4720 ι
