4106 6196
333 352 488 416 1009

1262 347 1679 410 ΟΟΜΜΕΝΤ.
1728 346 1810 404 ΙΝ
1859 341 2112 402 ΕΡΙδΤ.
2159 340 2214 401 ΙΙ
2260 343 2360 402 ΑΙ)
2406 341 2776 404 CORINTH.

3594 352 3752 412 1010

328 483 722 562 κερδαίνοντες,
754 481 1116 558 παρεκάλουν,
1177 477 1411 549 ἐδέοντο,
1469 480 1558 534 καὶ
1612 479 1715 533 οὐκ
1767 475 1958 531 ἀνίεσαε

2100 490 2260 530 mum
2289 475 2526 532 lucrum
2557 478 2864 547 facientes,
2899 480 3354 538 obtestabantur
3389 489 3448 540 et
3476 486 3752 544 obsecra-

334 574 602 647 δεόμενοι.
638 573 894 646 Δεόμενοι
942 572 1068 646 γὰρ,
1129 567 1313 647 φησὶν,
1365 571 1544 642 ἡμῶν.
1605 563 1877 639 Πέμπτον,
1911 563 1992 618 ὅτι

332 665 421 720 καὶ
478 665 605 738 παρ’
689 658 920 723 ἐλπίδας
998 657 1237 714 Παύλου.
1325 660 1467 731 Ὅρα
1531 661 1638 712 ποῦ
1709 649 1995 710 ἀνεϐίϐασε

331 757 395 811 τὸ
425 759 668 829 πρᾶγμαο
704 751 801 806 Καὶ
834 751 969 823 ἐμοῦ
1001 749 1187 818 αὐτοῦ,
1247 748 1402 826 φησὶ,
1467 743 1990 822 μεγαλοψυχότερον

334 842 643 912 διετέθησαν
681 884 694 900 .
761 840 838 899 Ού
902 840 1005 918 γᾶρ
1061 838 1170 914 ἐγὼ
1225 838 1416 904 αὐτὸς,
1480 836 1665 910 φησὶν,
1721 832 1984 904 ἤλπιζον,

331 937 587 989 τοσοῦτον
649 929 848 991 αὐτοὺς
919 927 1298 1000 ἐλεημοσύνην
1380 924 1824 1000 δαψιλεύσασθαι,
1871 923 1900 977 ὁ
1932 919 1990 976 δὲ

332 1020 456 1078 οὐδὲ
513 1020 732 1084 τούτοις
785 1017 1024 1089 ἠρκέσθη
1059 1060 1074 1088 ,
1133 1017 1260 1072 ἀλλ’
1321 1016 1410 1070 ἐπὶ
1462 1019 1531 1088 τῇ
1585 1011 1985 1088 συμπληρώσει

329 1119 428 1182 τῆς
486 1107 739 1183 περίδου,
795 1109 860 1164 τὸ
923 1112 1106 1180 μεῖζον
1177 1106 1393 1161 πάντων
1449 1106 1676 1169 τέθεικε.
1733 1101 1801 1159 Τί
1856 1103 1982 1176 γὰρ,

331 1200 514 1279 φησὶν,
573 1201 664 1270 ἢν,
705 1199 734 1254 ὃ
770 1199 908 1252 κατὰ
965 1194 1212 1268 δύναμιν,
1273 1195 1363 1249 καὶ
1420 1195 1552 1268 ὑπὲρ
1606 1190 1835 1264 δύναμιν
1892 1190 1982 1246 καὶ

330 1291 666 1364 αὐθαίρετοι.
720 1289 808 1343 καὶ
899 1283 1362 1361 παρακαλοῦντες,
1433 1285 1521 1338 καὶ
1583 1280 1833 1356 δεόμενοι
1892 1280 1982 1335 καὶ

329 1381 454 1455 παρ’
540 1375 763 1440 ἐλπίδας
849 1376 1115 1444 ἐποίουνς
1202 1378 1271 1429 ’Ώ
1351 1373 1580 1449 μέγεθος
1638 1373 1836 1446 ἀρετῆς
1890 1370 1981 1424 καὶ

330 1467 710 1543 ἐλεημοσύνης
778 1465 933 1536 ἀξίας
1004 1469 1111 1519 τῶν
1197 1463 1298 1519 τοῦ
1359 1462 1579 1519 Παύλου
1637 1459 1978 1535 ἐγκωμίωνί

331 1559 399 1616 Τί
429 1559 493 1627 ἦν
528 1559 556 1613 ’ὁ
589 1555 806 1612 ἔποίουν
845 1574 859 1624 ;
893 1576 920 1609 α
947 1553 1199 1612 ’Έδωκαν
1257 1552 1502 1619 ἑαυτοὺς,
1563 1550 1719 1627 φησί,
1760 1553 1976 1622 πρῶτον

326 1651 406 1720 τῷ
438 1648 626 1720 Κυρίῳ
690 1645 780 1700 καὶ
837 1643 999 1717 ἡμὶν,
1058 1642 1146 1698 διὰ
1215 1641 1533 1713 θέλήματος
1591 1643 1746 1694 Θεοῦ.
1783 1662 1811 1690 ››
1866 1635 1980 1694 Οὐκ

326 1735 532 1794 ἔδωκαν
567 1737 731 1810 μέρος
761 1755 836 1803 τι,
875 1735 966 1788 καὶ
1029 1736 1192 1808 μέρος
1221 1732 1347 1802 περ’
1413 1731 1626 1792 ἑαυτοῖς
1681 1729 1974 1802 κατέσχον,

2101 564 2244 620 bant
2269 583 2281 620 :
2314 583 2423 622 nec
2445 569 2796 639 quieverunt
2815 585 2849 624 a
2868 571 3164 641 precibus.
3194 574 3508 646 Rogantes,
3531 577 3746 648 inquit,

2101 669 2230 710 nos.
2257 656 2536 720 Quintum
2562 658 2720 729 quod
2755 658 2932 714 etiam
2963 676 3140 730 supra
3162 677 3230 716 ea
3251 679 3382 732 quas
3414 672 3750 734 speraverat

2100 744 2336 799 Paulus.
2372 747 2514 802 Vide
2540 764 2655 818 quo
2687 765 2810 803 rem
2871 750 3258 820 produxerit:
3311 755 3378 808 Et.
3426 755 3744 827 meipsum,

2099 835 2310 906 inquit,
2356 837 2544 909 magis
2600 839 3045 907 magnanimum
3090 842 3518 910 reddiderunt;
3551 862 3744 917 neque

2099 925 2380 998 enimego
2405 927 2530 997 ipse
2573 928 2884 999 sperabam
2945 930 3101 1000 quod
3159 935 3282 987 tam
3341 933 3744 991 abundantem

2094 1012 2536 1085 eleemosynam
2561 1023 2840 1086 praestare
2863 1024 3125 1089 possent.
3154 1023 3228 1075 At
3248 1037 3322 1076 ne
3355 1022 3481 1078 hinc
3502 1025 3743 1094 quidem

2095 1101 2182 1157 illi
2215 1105 2357 1159 satis
2388 1105 2648 1172 fuerunt,
2705 1107 2807 1163 sed
2855 1109 2928 1163 ad
2975 1110 3480 1181 complementum
3514 1114 3743 1185 periodi

2095 1193 2251 1263 quod
2275 1195 2551 1250 omnibus
2576 1198 2769 1266 majus
2793 1203 2884 1252 est
2904 1199 3120 1269 posuit.
3141 1201 3291 1264 Quid
3315 1202 3472 1256 enim
3503 1203 3637 1269 fuit,
3659 1206 3746 1260 in-

2093 1282 2239 1353 quit,
2275 1284 2432 1354 quod
2454 1285 2627 1355 juxta
2644 1286 2798 1340 vires
2816 1293 2874 1341 et
2903 1290 3268 1360 supravires,
3299 1291 3652 1355 etultronei,
3684 1298 3742 1349 et

2090 1370 2458 1428 obtestantes
2489 1389 2557 1428 ac
2601 1381 2862 1442 orantes,
2896 1382 2952 1431 et
2984 1377 3116 1449 plus
3148 1395 3327 1450 quam
3366 1396 3743 1452 speraremus

2089 1461 2409 1517 fecerunt?
2440 1464 2482 1519 Ο
2507 1465 2974 1537 magnitudinem
3000 1469 3232 1524 virtutis
3258 1486 3325 1524 ac
3346 1471 3739 1544 eleemosynaa

2089 1549 2278 1623 dignm
2311 1568 2452 1608 sane
2483 1554 2649 1608 Pauli
2681 1557 3006 1612 encomiisl
3046 1559 3196 1623 Quid
3237 1565 3326 1615 est
3381 1560 3530 1616 illud
3575 1561 3736 1632 quod

2086 1640 2355 1697 fecerunt
2377 1642 2448 1697 ?«
2482 1643 2717 1716 Seipsos
2750 1646 2964 1718 inquit,
2997 1649 3306 1718 dederunt,
3336 1651 3595 1722 primum
3623 1654 3735 1708 Do-

2085 1729 2270 1795 mino,
2305 1730 2520 1787 deinde
2548 1739 2606 1787 et
2635 1734 2807 1790 nobis
2837 1753 2943 1807 per
2972 1738 3333 1795 voluntatem
3367 1742 3489 1796 Dei.
3516 1763 3544 1792 ››
3602 1743 3728 1797 Non

325 1825 452 1884 ἀλλ’
510 1826 733 1888 ἑαυτοὺς
789 1824 952 1884 ὅλους
1020 1826 1101 1894 τῷ
1160 1822 1363 1896 Κυρίῳ,
1416 1819 1631 1888 ὡσανεὶ,
1692 1815 1818 1872 οῦδὲ
1851 1817 1958 1918 ’τὰς

2085 1827 2312 1890 partem
2344 1823 2605 1894 aliquam
2636 1825 2928 1882 dederunt
2973 1833 3031 1882 et
3057 1836 3285 1900 partem
3319 1831 3428 1885 sibi
3460 1831 3724 1886 retinue-

320 1921 417 1972 τοῦ
473 1919 566 1990 ζῇν
649 1913 898 1994 ἀφορμάς
957 1913 1171 1973 ἐαυτοῖς
1223 1908 1535 1978 κατέλιπον,
1589 1906 1736 1962 ἀλλά
1792 1905 1966 1962 πάντα

321 2003 541 2075 δόντες,
597 2005 698 2073 τήν
749 2005 952 2059 ἑαυτῶν
1011 2002 1270 2076 πρόνοιαν
1327 2005 1498 2054 πᾶσαν
1554 1997 1644 2052 καὶ
1702 1993 1964 2073 φροντίδα

318 2094 567 2158 ἀνέθεντο
597 2098 677 2166 τῷ
721 2092 931 2164 Κυρίῳ.
994 2091 1087 2145 Διὸ
1133 2089 1222 2145 καὶ
1279 2090 1341 2143 τὸ
1400 2086 1627 2164 μέγεθος
1687 2086 1876 2140 ἐννοῶν
1936 2086 1964 2139 ὁ

319 2183 537 2246 Παῦλος
569 2187 671 2238 τοῦ
699 2181 1147 2255 καθορθώματος,
1201 2179 1405 2251 ἐπάγει.
1456 2202 1484 2228 ‹‹
1520 2176 1618 2232 Διά
1651 2174 1965 2248 θελήματος

320 2279 475 2332 Θεοῦ.
510 2298 538 2325 ››
600 2273 744 2329 Ἀντὶ
797 2272 918 2340 τοῦ,
977 2271 1069 2339 Μὴ
1144 2268 1449 2342 θαυμάσῃς,
1509 2265 1778 2340 ἅνθρωπεο
1835 2265 1962 2319 Θεὸν

320 2367 476 2440 εἶχον
510 2363 786 2437 συνεργὸν,
846 2365 1036 2415 τοῦτον
1101 2357 1190 2413 διὰ
1242 2361 1342 2422 τῆς
1398 2356 1765 2430 προαιρέσεως
1805 2351 1964 2433 ἐφελ-

316 2457 630 2527 κυσάμενοι.
665 2456 829 2516 Ἔνθα
862 2449 918 2506 δὶ
974 2452 1104 2512 Θεὸς
1162 2452 1405 2523 συνεργεῖ
1456 2443 1610 2501 οὐδὲν
1677 2443 1957 2500 ἀδύνατον.

316 2548 451 2619 ’Ὅρα
482 2542 539 2599 δὲ
569 2549 685 2604 πῶς
735 2544 896 2618 χάριν
959 2541 1090 2595 αὐτὸ
1133 2540 1222 2594 καὶ
1282 2535 1568 2592 κοινωνίαν
1625 2533 1807 2590 καλῶν
1872 2533 1961 2588 ἐπὶ

314 2636 462 2692 τέλει
493 2636 725 2702 ἀνεῖπεν,
758 2633 843 2688 ὅτι
875 2631 1021 2695 ὅλως
1075 2630 1297 2692 ἑαυτοὺς
1354 2625 1581 2682 ἔδωκαν.
1638 2651 1665 2677 ‹‹
1700 2624 1802 2682 Καὶ
1858 2625 1956 2693 τήν

313 2725 601 2783 κοινωνίαν
659 2730 760 2793 τῆς
845 2719 1142 2782 διακονίας.
1207 2744 1234 2772 ››
1323 2718 1472 2775 Ἐπεὶ
1525 2714 1768 2787 ζηλωταὶ
1828 2717 1961 2783 ἦσαν

313 2816 631 2891 ἀνθρώπων,
665 2813 828 2892 χάριν
865 2810 957 2867 καὶ
987 2811 1239 2889 χάρισμα
1268 2808 1329 2863 τὸ
1361 2812 1586 2882 πρᾶγμα
1628 2803 1808 2874 καλεῖ,
1864 2802 1958 2857 ’ίνα

311 2903 676 2979 ἐπιδράμωσι.
739 2900 1033 2959 Κοινωνίαν
1098 2897 1154 2954 δῖε
1183 2897 1344 2952 καλεῖ
1397 2898 1496 2966 τήν
1562 2893 1956 2967 ἐλεημοσύνην,

311 2994 516 3057 δεικνὺς
549 2993 632 3049 ὅτι
665 2993 716 3046 οἱ
751 2993 842 3063 μὲν
873 2992 1138 3065 χρήματα
1176 2986 1408 3055 διδάσιν,
1443 2986 1494 3040 οἱ
1534 2982 1592 3040 δὲ
1647 2979 1958 3055 λαμϐάνον-

310 3105 418 3152 τες,
447 3085 544 3152 τὴν
576 3083 721 3158 παρά
751 3085 886 3136 Θεοῦ
919 3081 1172 3155 βοήθειαν
1204 3077 1387 3138 αὐτοῖς
1422 3073 1883 3148 συνεισφέρουσιν.

384 3199 411 3227 ‹‹
445 3173 550 3232 Καὶ
577 3171 633 3228 εὖ
660 3171 839 3232 καθὼς
870 3168 1208 3240 ἠλπίσαμεν.
1245 3168 1476 3223 »Τοῦτο
1535 3162 1627 3218 καὶ
1674 3161 1810 3235 πρὸς
1859 3163 1956 3220 τάς

312 3264 525 3340 θλίφεις
555 3261 646 3317 καὶ
678 3263 777 3328 τὴν
805 3260 1086 3327 ποσότητα
1134 3257 1383 3324 νοητέον.
1447 3253 1524 3311 Οὐ
1590 3252 1692 3328 γὰρ
1724 3251 1958 3340 ἠλπίσα-

313 3334 430 3428 μεν,
463 3351 626 3431 φησὶν
657 3351 741 3404 ὅτι
790 3349 839 3402 ἐν
895 3347 1075 3420 θλίψει
1131 3345 1280 3406 ὄντες
1339 3343 1598 3416 τοσαύτῃ,
1651 3342 1685 3411 ἢ
1727 3334 1956 3408 ἔδωκαν,

306 3427 607 3512 ἢτοσαῦτα
665 3434 889 3493 ἔδωκαν.
952 3461 978 3487 ‹‹
1013 3433 1168 3492 Ἀλλ’
1225 3432 1446 3494 ἑαυτοὺς
1493 3427 1720 3486 ἔδωκαν.
1757 3454 1776 3479 ι
1841 3429 1959 3486 Οὐκ

310 3532 364 3588 ἐν
408 3533 558 3606 μέρει
594 3530 711 3600 μὲν,
744 3527 900 3608 φησί,
932 3531 1012 3599 τῷ
1060 3525 1269 3598 Κυρίῳ,
1302 3522 1353 3578 ἐν
1387 3525 1536 3597 μέρει
1597 3519 1654 3608 δε
1704 3524 1820 3580 τοῖς
1860 3539 1956 3573 κο-

306 3625 560 3692 σκμικοῖς
600 3618 937 3694 πράγμασιν,
971 3612 1098 3670 ἀλλ’
1129 3613 1254 3668 ὅλοι
1285 3609 1354 3668 δι’
1395 3610 1539 3666 ὅλων
1596 3607 1800 3664 ἔδωκαν
1831 3608 1951 3663 ἑαυ-

305 3711 432 3770 τοὺς
463 3713 542 3779 τῷ
581 3707 780 3782 Κυρίῳ.
816 3706 911 3760 Καὶ
936 3706 1098 3776 ἡμεῖν
1125 3699 1180 3757 δὲ
1211 3703 1313 3757 οὐκ
1344 3700 1485 3770 είκῆ,
1531 3697 1675 3754 ἀλλὰ
1731 3696 1822 3752 διά
1867 3699 1950 3752 θε-

306 3800 555 3870 κήματος
615 3800 769 3862 Θεοῦ,
801 3793 1068 3858 τουτέστι,
1102 3789 1191 3845 διὰ
1221 3790 1282 3845 τὸ
1313 3788 1530 3863 θέλημα
1585 3787 1675 3842 καὶ
1730 3787 1794 3841 τὸ
1827 3787 1950 3859 ἀρε-

308 3887 429 3941 στὸν
462 3890 596 3957 Θεῷ,
654 3889 814 3941 τοῦτο
872 3887 1179 3943 ποιοῦντες.
1242 3879 1396 3942 «Εἰς
1452 3879 1514 3934 τὸ
1581 3876 1948 3953 παρακαλέσαι

305 3979 452 4050 ἡμᾶς
470 3977 656 4033 Τίτον.
691 3999 720 4026 ››
745 3973 848 4030 Καὶ
896 3976 1174 4041 τοσοῦτον,
1208 3970 1396 4049 φησὶν,
1465 3965 1669 4024 ἔδωκαν
1727 3967 1949 4027 ἑαυτοὺς

302 4068 438 4140 πρὸς
473 4069 658 4135 τοῦτο,
701 4063 841 4118 ὥστε
895 4061 1072 4126 ἐλθεῖν
1135 4083 1202 4133 με
1259 4059 1332 4120 εἷς
1391 4060 1453 4113 τὸ
1509 4059 1721 4132 πέμψαι
1789 4059 1946 4114 Τίτον

301 4156 423 4231 περὶ
479 4153 676 4209 τούτου
721 4153 860 4225 πρὸς
912 4153 1072 4223 ὑμᾶς,
1139 4148 1234 4203 ⁶ίνα
1303 4150 1379 4220 μὴ
1441 4145 1668 4202 ἔλαττον
1722 4148 1949 4223 σχοίητε

299 4243 644 4303 Μακεδόνων.
705 4268 734 4295 ‹‹
775 4244 889 4298 ’[να
945 4240 1126 4304 καθὼς
1180 4239 1546 4312 προενήρξατο
1585 4281 1596 4294 .
1632 4263 1660 4289 ››
1735 4236 1946 4295 Οἲκειοὶ

301 4336 485 4397 αὐτοῖς
539 4336 634 4389 τὸν
674 4333 863 4391 Τίτον.
907 4331 1151 4385 Δείκνυσι
1210 4329 1313 4405 γάρ
1374 4327 1554 4396 αὐτὸν,
1606 4329 1942 4401 προθέμενον

299 4425 388 4479 καὶ
432 4424 522 4502 ἀφ’
590 4423 782 4478 ἑαυτοῦ
849 4419 1102 4474 ἀπελθεῖν
1167 4419 1304 4492 πρὸς
1369 4419 1710 4490 Κορινθίους,
1743 4417 1831 4471 ἳνα
1865 4419 1940 4490 μὴ

298 4513 649 4577 ἐλαττωθῶσι
676 4508 1031 4569 Μακεδόνων·
1068 4511 1229 4563 τοῦτο
1275 4504 1331 4562 δὲ
1387 4507 1605 4583 ἀγάπης
1635 4507 1700 4576 ἧν
1753 4508 1941 4564 Τίτου.

2075 1917 2235 1974 runt,
2258 1927 2325 1966 ac
2350 1913 2398 1967 si
2430 1913 2682 1970 diceret:
2707 1917 2786 1970 Ne
2808 1917 3039 1972 vivendi
3062 1919 3304 1989 quidem
3327 1921 3595 1976 subsidia
3610 1921 3722 1978 sibi

2071 1999 2466 2067 retinuerunt,
2493 2003 2594 2058 sed
2618 2005 2768 2059 datis
2800 2006 3272 2074 omnibus,suam
3296 2010 3560 2081 ipsorum
3583 2027 3716 2083 pro—

2069 2088 2388 2146 videntiam
2417 2109 2654 2148 omnem
2685 2100 2743 2148 et
2771 2112 2974 2150 curam
3005 2097 3066 2151 in
3090 2098 3406 2153 Dominum
3438 2116 3711 2171 reposue-

2068 2184 2228 2234 runt.
2253 2180 2389 2235 Ideo
2412 2198 2648 2252 quoque
2699 2184 2912 2239 Paulus
2940 2186 3407 2257 magnitudinem
3440 2189 3708 2258 praaclari

2067 2266 2347 2323 facinoris
2384 2270 2742 2342 intelligens,
2778 2273 3101 2345 subjungit.
3139 2296 3165 2324 «
3197 2277 3309 2330 Per
3353 2276 3716 2333 voluntatem

2070 2357 2195 2425 Dei,
2231 2379 2254 2408 ι
2291 2364 2572 2430 tanquam
2613 2361 2894 2416 dixisset:
2948 2364 3025 2417 Ne
3081 2364 3417 2434 admireris,
3451 2384 3483 2420 o
3513 2368 3712 2425 homo.

2068 2450 2253 2505 Deum
2273 2451 2568 2507 habebant
2589 2454 3209 2527 auxiliatorem,quem
3228 2457 3502 2514 ultronea
3515 2476 3717 2530 prom-

2066 2543 2284 2611 ptaque
2315 2540 2614 2597 voluntate
2627 2545 3124 2600 attraxerant.Ubi
3145 2563 3277 2601 vero
3293 2549 3446 2602 Deus
3463 2548 3715 2603 auxilia-

2064 2630 2337 2692 tur,nihil
2359 2631 2727 2704 impossibile
2749 2635 3186 2691 est.Considera
3201 2643 3398 2692 autem
3422 2639 3720 2707 quomodo

2065 2736 2200 2774 cum
2219 2721 2381 2791 prius
2400 2722 2547 2776 illud
2560 2728 2828 2778 vocasset
2846 2725 3095 2796 gratiam
3115 2742 3180 2780 ac
3195 2727 3716 2796 participationem

2065 2809 2124 2863 in
2145 2810 2262 2864 fine
2307 2809 2605 2865 addiderit
2633 2813 2792 2880 quod
2837 2813 3078 2867 omnino
3131 2815 3358 2884 seipsos
3398 2813 3713 2870 dederunt.

2066 2922 2092 2949 ‹‹
2127 2901 2728 2971 Etparticipationem
2747 2902 3084 2958 ministerii.
3109 2926 3135 2951 »
3159 2904 3448 2968 Quoniam
3471 2906 3715 2961 aemula-

2064 2993 2221 3042 tores
2250 2994 2416 3043 erant
2447 2989 2780 3054 hominum,
2806 3007 2934 3045 rem
2967 2993 3156 3062 ipsam
3192 2992 3334 3048 dicit
3363 2994 3612 3065 gratiam
3646 3012 3713 3050 ac

2065 3077 2286 3132 donum
2327 3083 2392 3131 ut
2421 3084 2751 3133 accurrant.
2809 3079 3260 3152 Eleemosynam
3320 3090 3518 3138 autem
3551 3090 3716 3140 vocat

2064 3165 2604 3237 participationem,
2625 3167 2945 3224 ostendens
2967 3170 3125 3240 quod
3152 3169 3241 3225 illi
3270 3171 3509 3242 quidem
3537 3174 3714 3244 pecu-

2071 3256 2200 3310 nias
2232 3255 2496 3311 tribuunt
2524 3277 2538 3323 ς
2573 3258 2671 3328 qui
2702 3275 2833 3312 vero
2883 3259 3201 3330 accipiunt,
3235 3261 3387 3316 659
3427 3263 3714 3319 auxilium

2071 3362 2106 3400 a
2135 3347 2250 3400 Deo
2283 3345 2427 3416 ipsis
2445 3348 2777 3402 conferunt.
2812 3371 2839 3397 α
2867 3350 2936 3403 Et
2965 3365 3084 3404 non
3125 3357 3420 3420 quatenus
3444 3355 3719 3424 speraba-

2069 3452 2223 3490 mus.
2252 3459 2279 3484 ››
2314 3438 2430 3492 Hoc
2461 3443 2519 3492 et
2547 3439 2622 3494 ad
2652 3438 3004 3494 afﬂictiones
3028 3445 3088 3494 et
3107 3441 3178 3496 ad
3201 3443 3592 3512 quantitatem
3623 3447 3717 3501 in-

2068 3524 2454 3598 telligendum
2477 3533 2586 3582 est.
2612 3533 2735 3583 Non
2769 3531 2926 3584 enim
2946 3531 3494 3601 sperabamus,cum
3517 3541 3717 3591 essent

2067 3612 2128 3668 in
2155 3615 2496 3682 afflictione,
2533 3618 2690 3687 quod
2719 3623 2821 3673 aut
2851 3617 3063 3674 darent
3113 3627 3214 3675 aut
3271 3627 3433 3677 tanta
3482 3623 3711 3683 darent.

2067 3723 2096 3751 «
2128 3703 2238 3757 Sed
2272 3706 2498 3776 seipsos
2529 3706 2838 3763 dederunt.
2874 3730 2900 3757 »
2925 3710 3048 3763 Non
3079 3711 3315 3779 partim,
3350 3711 3563 3782 inquit,
3595 3715 3712 3766 Do-

2066 3792 2250 3861 mino,
2285 3795 2501 3865 partim
2549 3813 2684 3850 vero
2726 3797 3046 3850 mundanis
3079 3797 3274 3862 rebus,
3309 3797 3412 3851 sed
3467 3800 3572 3854 toti
3607 3817 3712 3870 per

2063 3883 2266 3938 omnia
2290 3883 2580 3938 dederunt
2611 3885 2841 3955 seipsos
2862 3885 3134 3950 Domino,
3167 3885 3339 3940 nobis
3369 3892 3566 3943 autem
3588 3905 3709 3944 non

2063 3975 2306 4039 temere,
2339 3972 2441 4026 sed
2472 3973 2953 4044 pervoluntatem
2975 3973 3076 4027 Dei
3105 3991 3117 4028 :
3149 3974 3260 4030 hoc
3282 3981 3391 4044 est,
3421 3976 3708 4037 facientes

2061 4061 2194 4116 ideo
2220 4060 2376 4131 quod
2399 4060 2834 4132 beneplacitum
2860 4078 2926 4116 ac
2957 4063 3225 4119 voluntas
3250 4065 3350 4119 Dei
3375 4073 3549 4121 esset.
3581 4087 3600 4112 α
3621 4069 3708 4124 Ita

2059 4157 2125 4203 ut
2155 4149 2608 4204 adbortaremur
2637 4152 2848 4204 Titum.
2878 4173 2906 4199 ››
2938 4151 3006 4204 Et
3027 4152 3200 4217 adeo,
3233 4154 3451 4226 inquit,
3481 4157 3705 4228 seipsos

2059 4237 2132 4292 ad
2164 4238 2274 4292 hoc
2305 4237 2697 4304 tradiderunt,
2722 4246 2786 4293 ut
2819 4240 2876 4294 in
2903 4241 3013 4296 hoc
3047 4243 3332 4310 venirem,
3359 4262 3476 4315 quo
3507 4246 3700 4300 Titum

2058 4325 2130 4380 de
2161 4326 2270 4380 hac
2301 4343 2363 4380 re
2396 4326 2468 4382 ad
2496 4345 2598 4383 vos
2655 4329 2978 4396 mitterem,
3010 4347 3083 4385 ne
3132 4331 3444 4388 inferiores
3494 4335 3702 4391 essetis

2058 4415 2491 4471 Macedonibus.
2525 4439 2553 4466 «
2591 4419 2661 4472 Ut
2691 4417 2842 4473 sicut
2864 4424 3038 4474 antea
3059 4426 3334 4492 cmperat.
3363 4443 3390 4470 ι»
3418 4423 3702 4479 Consiliat

2057 4505 2200 4576 ipsis
2230 4505 2444 4560 Titum.
2470 4507 2740 4562 Ostendit
2758 4509 2918 4562 enim
2945 4510 3103 4581 quod
3127 4512 3500 4582 proposuerit
3523 4512 3700 4568 etiam

297 4605 432 4670 Ἵνα,
483 4601 638 4681 φησὶ,
697 4600 875 4662 καθὼς
932 4600 1300 4675 προενήρξατο
1352 4597 1616 4664 τουτέστι,
1678 4595 1942 4674 πφοέθετο

2071 4611 2086 4649 ι
2115 4594 2307 4666 seipso
2339 4596 2631 4666 proﬁcisci
2655 4597 2728 4651 ad
2760 4597 3117 4666 Corinthios,
3151 4615 3224 4654 ne
3257 4599 3567 4656 inferiores
3599 4619 3699 4658 es-

296 4693 357 4747 τὸ
389 4690 502 4747 δεῖν
556 4692 738 4745 ἐλθεῖν
785 4689 920 4764 πρὸς
981 4690 1141 4761 ὑμᾶς.
1213 4711 1235 4741 α
1275 4686 1376 4743 Καὶ
1427 4685 1734 4761 ἐπιτελέσῃ,
1787 4707 1943 4741 τουτ-

298 4780 409 4836 έστι
439 4781 708 4855 πληρώσῃ
737 4780 801 4834 τὸ
833 4775 1160 4854 ἔγχείρημα.
1213 4779 1388 4833 Τοῦτο
1449 4772 1506 4831 δέ
1563 4774 1676 4831 ἐστι
1722 4777 1784 4830 τὸ
1841 4796 1944 4831 πα-

299 4872 621 4943 ρασκευάσαι
661 4870 819 4925 αὑτὸν
859 4869 933 4931 εἷς
1003 4868 1157 4943 ἔργον
1221 4868 1362 4940 ὁμᾶς
1420 4866 1636 4941 ἀγαγεῖν
1691 4867 1754 4922 τὸ
1810 4867 1946 4922 κατᾶ

298 4961 405 5037 τήι(
437 4957 833 5033 ἐλεημοσύνην.
901 4956 1143 5019 «Οὕτως
1197 4951 1480 5031 ἕπιτελέσῃ
1541 4955 1616 5016 εἷς
1684 4957 1845 5029 ὑμᾶς.
1913 4981 1941 5009 υ

296 5050 389 5110 Ὠς
417 5050 508 5103 καὶ
564 5049 632 5103 τά
687 5048 858 5104 λοιπὰ
925 5045 1079 5122 ὓμῖν,
1147 5046 1303 5124 φησί,
1359 5043 1662 5116 διήνυσται,
1723 5049 1856 5123 ἅπερ
1887 5047 1940 5101 ὲν

295 5144 411 5199 τοῖς
450 5137 558 5192 ἄνω
601 5143 883 5212 μαρτυρεῖο
947 5139 1090 5211 ’Ὁρα
1137 5132 1194 5190 δὲ
1223 5141 1340 5196 πῶς
1371 5141 1653 5210 πανταχοῦ
1694 5141 1941 5212 χάρισμα

295 5225 454 5282 καλεῖ
493 5228 590 5296 τήν
622 5226 1020 5299 ἐλεημοσύνην.
1084 5225 1180 5280 Καὶ
1238 5226 1336 5293 τήν
1386 5225 1545 5299 χάριν
1603 5226 1726 5300 γὰρ,
1784 5225 1939 5303 τρησὶ,

293 5317 520 5386 ταύτην.

368 5575 524 5635 Ἀλλ’
607 5573 789 5647 ὥσπερ
866 5571 917 5628 ἐν
1005 5573 1160 5627 παντὶ
1218 5574 1561 5648 περισσεύετε
1614 5573 1791 5630 πίστει
1851 5577 1937 5631 καὶ

298 5669 452 5746 λογῳ
500 5667 588 5723 καὶ
650 5665 846 5744 γνώσει
926 5662 1016 5718 καὶ
1092 5663 1236 5738 πάσῃ
1318 5660 1555 5740 σπουδῇ,
1620 5665 1710 5720 καὶ
1766 5669 1834 5741 τῇ
1891 5665 1943 5740 ἐξ

2056 4689 2187 4738 sent
2219 4685 2672 4740 Macedonibus:
2708 4686 2816 4740 hoc
2851 4693 2978 4741 erat
3020 4688 3240 4742 amoris
3267 4689 3399 4744 Titi.
3438 4691 3506 4744 Ut
3547 4691 3700 4747 sicut

2055 4777 2228 4828 antea
2257 4780 2533 4845 cmperat,
2561 4775 2753 4846 inquit
2774 4792 2785 4828 :
2804 4775 2914 4829 hoc
2933 4781 3042 4840 est,
3067 4783 3455 4848 praposuerat
3484 4785 3537 4834 et
3557 4796 3698 4835 con-

2055 4871 2289 4934 ceperat
2321 4865 2476 4935 quod
2499 4870 2798 4936 oporteret
2829 4866 3026 4920 venire
3057 4866 3128 4921 ad
3152 4885 3290 4933 vos;
3321 4890 3348 4918 «
3375 4869 3456 4924 ita
3478 4874 3697 4926 etcon-

2055 4963 2399 5010 summaret.
2437 4979 2462 5004 »
2525 4957 2642 5012 Hoc
2675 4961 2783 5022 est,
2819 4974 2944 5012 rem
2976 4964 3263 5014 tentatam
3321 4961 3646 5032 compleret
3681 4979 3694 5016 :

2055 5044 2164 5100 hoc
2196 5050 2394 5100 autem
2417 5051 2507 5100 est
2538 5047 2731 5117 ipsum
2766 5046 2876 5102 hoc
2908 5047 3144 5104 efficere
3175 5053 3241 5105 ut
3287 5067 3385 5105 vos
3443 5052 3515 5106 ad
3546 5068 3696 5123 opus

2054 5134 2308 5190 deducat
2343 5135 2500 5205 quod
2532 5136 2606 5190 ad
2647 5135 3087 5209 eleemosynam
3144 5139 3418 5209 pertinet.
3453 5164 3480 5191 «
3523 5143 3609 5196 Ita
3639 5148 3698 5196 et

2054 5230 2496 5280 consummaret
2521 5241 2658 5296 erga
2690 5243 2806 5280 vos.
2843 5247 2868 5276 υ
2903 5227 3064 5281 Sicut
3084 5233 3318 5296 caetera,
3350 5229 3562 5300 inquit,
3597 5248 3694 5285 vo-

2051 5313 2281 5369 biscum
2312 5319 2677 5387 transegerat
2706 5331 2837 5386 qum
2894 5315 2954 5371 in
2983 5317 3386 5388 superioribus
3418 5325 3692 5374 testatur.

2054 5403 2195 5458 Vide
2227 5409 2424 5458 autem
2447 5403 2742 5475 quomodo
2765 5405 3206 5476 eleemosynam
3226 5407 3446 5477 ubique
3473 5407 3690 5464 donum

2052 5499 2235 5548 vocet.
2270 5494 2458 5547 Etiam
2490 5494 2661 5563 hanc,
2695 5493 2909 5564 inquit,
2941 5496 3212 5566 gratiam.

2127 5581 2268 5652 VIII,
2301 5586 2353 5648 ‘7,
2387 5584 2439 5637 8.
2471 5584 2584 5638 Ima
2633 5584 3087 5654 quemadmodum
3144 5586 3344 5656 ubique
3399 5585 3693 5642 abundatis

2049 5672 2156 5744 ﬁde
2185 5679 2236 5728 et
2261 5688 2505 5730 sermone
2530 5679 2582 5730 et
2610 5676 2844 5730 scientia
2891 5681 2944 5731 et
2994 5676 3144 5729 omni
3189 5674 3506 5744 diligentia,
3549 5681 3601 5730 et
3628 5691 3693 5732 ea
