  <div class='ocr_page' id='page_1' title='image "/cluster/home/n/w/nwhite01/storage/ocr_20150623/118/hvd.32044073502247/511.png"; bbox 0 0 4128 6192; ppageno 0'>
   <div class='ocr_carea' id='block_1_1' title="bbox 409 333 558 393">
    <p class='ocr_par' dir='ltr' id='par_1_1' title="bbox 409 333 558 393">
     <span class='ocr_line' id='line_1_1' title="bbox 409 333 558 393; baseline -0.013 0"><span class='ocrx_word' id='word_1_1' title='bbox 409 333 558 393; x_wconf 80' lang='grc'>1011</span> 
     </span>
    </p>
   </div>
   <div class='ocr_carea' id='block_1_2' title="bbox 1522 325 2707 390">
    <p class='ocr_par' dir='ltr' id='par_1_2' title="bbox 1522 325 2707 390">
     <span class='ocr_line' id='line_1_2' title="bbox 1522 325 2707 390; baseline -0.002 0"><span class='ocrx_word' id='word_1_2' title='bbox 1522 327 1953 390; x_wconf 69' lang='grc' dir='ltr'>ωΟΠΜΕΝΙΙ</span> <span class='ocrx_word' id='word_1_3' title='bbox 1997 325 2314 388; x_wconf 73' lang='grc' dir='ltr'>ΤΒῙΟΟιΕ</span> <span class='ocrx_word' id='word_1_4' title='bbox 2358 325 2707 388; x_wconf 86' lang='lat' dir='ltr'>EPISCOPI</span> 
     </span>
    </p>
   </div>
   <div class='ocr_carea' id='block_1_3' title="bbox 3661 334 3820 396">
    <p class='ocr_par' dir='ltr' id='par_1_3' title="bbox 3661 334 3820 396">
     <span class='ocr_line' id='line_1_3' title="bbox 3661 334 3820 396; baseline 0.006 -4"><span class='ocrx_word' id='word_1_5' title='bbox 3661 334 3820 396; x_wconf 72' lang='grc'>1019</span> 
     </span>
    </p>
   </div>
   <div class='ocr_carea' id='block_1_4' title="bbox 411 460 2053 545">
    <p class='ocr_par' dir='ltr' id='par_1_4' title="bbox 411 465 2053 545">
     <span class='ocr_line' id='line_1_4' title="bbox 411 465 2053 545; baseline -0.007 -16"><span class='ocrx_word' id='word_1_6' title='bbox 411 485 540 545; x_wconf 70' lang='lat' dir='ltr'>quae</span> <span class='ocrx_word' id='word_1_7' title='bbox 569 487 637 526; x_wconf 75' lang='lat' dir='ltr'>ea:</span> <span class='ocrx_word' id='word_1_8' title='bbox 664 469 812 527; x_wconf 80' lang='lat' dir='ltr'>vobis</span> <span class='ocrx_word' id='word_1_9' title='bbox 836 485 969 538; x_wconf 86' lang='lat' dir='ltr'>erga</span> <span class='ocrx_word' id='word_1_10' title='bbox 993 484 1089 524; x_wconf 87' lang='lat' dir='ltr'>nos</span> <span class='ocrx_word' id='word_1_11' title='bbox 1120 474 1196 523; x_wconf 87' lang='lat' dir='ltr'>est</span> <span class='ocrx_word' id='word_1_12' title='bbox 1226 468 1518 536; x_wconf 82' lang='lat' dir='ltr'>charitate,</span> <span class='ocrx_word' id='word_1_13' title='bbox 1551 471 1720 536; x_wconf 76' lang='lat' dir='ltr'>facite</span> <span class='ocrx_word' id='word_1_14' title='bbox 1767 474 1829 522; x_wconf 91' lang='lat' dir='ltr'>ut</span> <span class='ocrx_word' id='word_1_15' title='bbox 1861 467 1919 519; x_wconf 88' lang='lat' dir='ltr'>in</span> <span class='ocrx_word' id='word_1_16' title='bbox 1956 465 2053 519; x_wconf 86' lang='lat' dir='ltr'>hac</span> 
     </span>
    </p>
   </div>
   <div class='ocr_carea' id='block_1_5' title="bbox 2167 460 3814 545">
    <p class='ocr_par' dir='ltr' id='par_1_5' title="bbox 2174 460 3814 541">
     <span class='ocr_line' id='line_1_5' title="bbox 2174 460 3814 541; baseline 0.002 -26"><span class='ocrx_word' id='word_1_17' title='bbox 2174 460 2326 533; x_wconf 79' lang='grc' dir='ltr'>ὑμῶν</span> <span class='ocrx_word' id='word_1_18' title='bbox 2356 461 2408 516; x_wconf 84' lang='grc' dir='ltr'>ἐν</span> <span class='ocrx_word' id='word_1_19' title='bbox 2437 463 2571 536; x_wconf 79' lang='grc' dir='ltr'>ἡμῖν</span> <span class='ocrx_word' id='word_1_20' title='bbox 2609 465 2816 541; x_wconf 76' lang='grc' dir='ltr'>ἀγάπῃ,</span> <span class='ocrx_word' id='word_1_21' title='bbox 2878 464 2967 520; x_wconf 80' lang='grc' dir='ltr'>ἳνα</span> <span class='ocrx_word' id='word_1_22' title='bbox 3023 465 3113 520; x_wconf 83' lang='grc' dir='ltr'>καὶ</span> <span class='ocrx_word' id='word_1_23' title='bbox 3173 464 3224 520; x_wconf 86' lang='grc' dir='ltr'>ἐν</span> <span class='ocrx_word' id='word_1_24' title='bbox 3278 465 3446 538; x_wconf 80' lang='grc' dir='ltr'>ταύτῃ</span> <span class='ocrx_word' id='word_1_25' title='bbox 3501 471 3569 541; x_wconf 85' lang='grc' dir='ltr'>τῇ</span> <span class='ocrx_word' id='word_1_26' title='bbox 3629 467 3814 540; x_wconf 88' lang='grc' dir='ltr'>χάριτι</span> 
     </span>
    </p>
   </div>
   <div class='ocr_carea' id='block_1_6' title="bbox 413 556 2060 634">
    <p class='ocr_par' dir='ltr' id='par_1_6' title="bbox 413 556 2060 634">
     <span class='ocr_line' id='line_1_6' title="bbox 413 556 2060 634; baseline -0.005 -18"><span class='ocrx_word' id='word_1_27' title='bbox 413 575 629 634; x_wconf 85' lang='lat' dir='ltr'>quoque</span> <span class='ocrx_word' id='word_1_28' title='bbox 665 560 852 628; x_wconf 88' lang='lat' dir='ltr'>gratia</span> <span class='ocrx_word' id='word_1_29' title='bbox 903 557 1214 614; x_wconf 83' lang='lat' dir='ltr'>abundetis.</span> <span class='ocrx_word' id='word_1_30' title='bbox 1275 561 1394 613; x_wconf 85' lang='lat' dir='ltr'>Non</span> <span class='ocrx_word' id='word_1_31' title='bbox 1441 557 1738 613; x_wconf 87' lang='lat' dir='ltr'>secundum</span> <span class='ocrx_word' id='word_1_32' title='bbox 1769 556 2060 626; x_wconf 83' lang='lat' dir='ltr'>imperium</span> 
     </span>
    </p>
   </div>
   <div class='ocr_carea' id='block_1_7' title="bbox 415 644 2061 719">
    <p class='ocr_par' dir='ltr' id='par_1_7' title="bbox 415 644 2061 719">
     <span class='ocr_line' id='line_1_7' title="bbox 415 644 2061 719; baseline -0.005 -14"><span class='ocrx_word' id='word_1_33' title='bbox 415 650 626 719; x_wconf 85' lang='lat' dir='ltr'>loquor,</span> <span class='ocrx_word' id='word_1_34' title='bbox 658 648 759 702; x_wconf 84' lang='lat' dir='ltr'>sed</span> <span class='ocrx_word' id='word_1_35' title='bbox 781 663 888 717; x_wconf 89' lang='lat' dir='ltr'>per</span> <span class='ocrx_word' id='word_1_36' title='bbox 917 646 1163 703; x_wconf 81' lang='lat' dir='ltr'>studium</span> <span class='ocrx_word' id='word_1_37' title='bbox 1193 646 1430 701; x_wconf 87' lang='lat' dir='ltr'>aliorum</span> <span class='ocrx_word' id='word_1_38' title='bbox 1463 646 1636 702; x_wconf 86' lang='lat' dir='ltr'>etiam</span> <span class='ocrx_word' id='word_1_39' title='bbox 1667 651 1853 701; x_wconf 64' lang='lat' dir='ltr'>vestrm</span> <span class='ocrx_word' id='word_1_40' title='bbox 1900 644 2061 698; x_wconf 84' lang='lat' dir='ltr'>dilec-</span> 
     </span>
    </p>
   </div>
   <div class='ocr_carea' id='block_1_8' title="bbox 414 736 1278 807">
    <p class='ocr_par' dir='ltr' id='par_1_8' title="bbox 414 736 1278 807">
     <span class='ocr_line' id='line_1_8' title="bbox 414 736 1278 807; baseline -0.001 -15"><span class='ocrx_word' id='word_1_41' title='bbox 414 736 583 792; x_wconf 83' lang='lat' dir='ltr'>tionis</span> <span class='ocrx_word' id='word_1_42' title='bbox 611 739 983 792; x_wconf 73' lang='lat' dir='ltr'>sinceritatem</span> <span class='ocrx_word' id='word_1_43' title='bbox 1019 737 1278 807; x_wconf 81' lang='lat' dir='ltr'>probans.</span> 
     </span>
    </p>
   </div>
   <div class='ocr_carea' id='block_1_9' title="bbox 485 821 2055 883">
    <p class='ocr_par' dir='ltr' id='par_1_9' title="bbox 485 821 2055 883">
     <span class='ocr_line' id='line_1_9' title="bbox 485 821 2055 883; baseline -0.005 -1"><span class='ocrx_word' id='word_1_44' title='bbox 485 827 806 883; x_wconf 82' lang='lat' dir='ltr'>Considera</span> <span class='ocrx_word' id='word_1_45' title='bbox 836 843 1070 881; x_wconf 84' lang='lat' dir='ltr'>rursum</span> <span class='ocrx_word' id='word_1_46' title='bbox 1099 825 1572 882; x_wconf 76' lang='lat' dir='ltr'>adhortationem</span> <span class='ocrx_word' id='word_1_47' title='bbox 1592 841 1725 880; x_wconf 90' lang='lat' dir='ltr'>cum</span> <span class='ocrx_word' id='word_1_48' title='bbox 1748 821 2055 879; x_wconf 89' lang='lat' dir='ltr'>encomiis.</span> 
     </span>
    </p>
   </div>
   <div class='ocr_carea' id='block_1_10' title="bbox 414 911 2059 986">
    <p class='ocr_par' dir='ltr' id='par_1_10' title="bbox 414 911 2059 986">
     <span class='ocr_line' id='line_1_10' title="bbox 414 911 2059 986; baseline -0.005 -14"><span class='ocrx_word' id='word_1_49' title='bbox 414 915 1006 986; x_wconf 81' lang='lat' dir='ltr'>Abundantis,inqui,</span> <span class='ocrx_word' id='word_1_50' title='bbox 1039 917 1148 970; x_wconf 90' lang='lat' dir='ltr'>hoc</span> <span class='ocrx_word' id='word_1_51' title='bbox 1168 920 1277 982; x_wconf 89' lang='lat' dir='ltr'>est,</span> <span class='ocrx_word' id='word_1_52' title='bbox 1303 916 1502 971; x_wconf 84' lang='lat' dir='ltr'>omnia</span> <span class='ocrx_word' id='word_1_53' title='bbox 1519 915 1749 969; x_wconf 75' lang='lat' dir='ltr'>habetis</span> <span class='ocrx_word' id='word_1_54' title='bbox 1777 913 1836 966; x_wconf 88' lang='lat' dir='ltr'>in</span> <span class='ocrx_word' id='word_1_55' title='bbox 1869 911 2059 966; x_wconf 89' lang='lat' dir='ltr'>abun-</span> 
     </span>
    </p>
   </div>
   <div class='ocr_carea' id='block_1_11' title="bbox 412 994 2055 1078">
    <p class='ocr_par' dir='ltr' id='par_1_11' title="bbox 412 994 2055 1078">
     <span class='ocr_line' id='line_1_11' title="bbox 412 994 2055 1078; baseline -0.005 -16"><span class='ocrx_word' id='word_1_56' title='bbox 412 1005 633 1062; x_wconf 84' lang='lat' dir='ltr'>dantia.</span> <span class='ocrx_word' id='word_1_57' title='bbox 666 1006 869 1061; x_wconf 89' lang='lat' dir='ltr'>Fidem</span> <span class='ocrx_word' id='word_1_58' title='bbox 888 1005 1152 1078; x_wconf 87' lang='lat' dir='ltr'>quidem,</span> <span class='ocrx_word' id='word_1_59' title='bbox 1172 1023 1303 1077; x_wconf 65' lang='lat' dir='ltr'>quae</span> <span class='ocrx_word' id='word_1_60' title='bbox 1327 1006 1386 1060; x_wconf 91' lang='lat' dir='ltr'>in</span> <span class='ocrx_word' id='word_1_61' title='bbox 1421 1007 1601 1060; x_wconf 92' lang='lat' dir='ltr'>Deum</span> <span class='ocrx_word' id='word_1_62' title='bbox 1632 994 1755 1059; x_wconf 87' lang='lat' dir='ltr'>est:</span> <span class='ocrx_word' id='word_1_63' title='bbox 1784 1016 2055 1058; x_wconf 88' lang='lat' dir='ltr'>sermone</span> 
     </span>
    </p>
   </div>
   <div class='ocr_carea' id='block_1_12' title="bbox 410 1092 2060 1167">
    <p class='ocr_par' dir='ltr' id='par_1_12' title="bbox 410 1092 2060 1167">
     <span class='ocr_line' id='line_1_12' title="bbox 410 1092 2060 1167; baseline -0.004 -17"><span class='ocrx_word' id='word_1_64' title='bbox 410 1111 567 1165; x_wconf 85' lang='lat' dir='ltr'>vero,</span> <span class='ocrx_word' id='word_1_65' title='bbox 587 1095 647 1152; x_wconf 91' lang='lat' dir='ltr'>id</span> <span class='ocrx_word' id='word_1_66' title='bbox 670 1102 776 1164; x_wconf 89' lang='lat' dir='ltr'>est,</span> <span class='ocrx_word' id='word_1_67' title='bbox 801 1096 1095 1167; x_wconf 83' lang='lat' dir='ltr'>sapientia</span> <span class='ocrx_word' id='word_1_68' title='bbox 1119 1112 1131 1152; x_wconf 93' lang='lat'><strong>:</strong></span> <span class='ocrx_word' id='word_1_69' title='bbox 1159 1096 1403 1152; x_wconf 65' lang='lat' dir='ltr'>scnentia</span> <span class='ocrx_word' id='word_1_70' title='bbox 1425 1100 1645 1158; x_wconf 77' lang='lat' dir='ltr'>autem,</span> <span class='ocrx_word' id='word_1_71' title='bbox 1672 1110 1802 1165; x_wconf 74' lang='lat' dir='ltr'>qum</span> <span class='ocrx_word' id='word_1_72' title='bbox 1827 1092 2060 1164; x_wconf 86' lang='lat' dir='ltr'>dogma-</span> 
     </span>
    </p>
   </div>
   <div class='ocr_carea' id='block_1_13' title="bbox 410 1181 2055 1257">
    <p class='ocr_par' dir='ltr' id='par_1_13' title="bbox 410 1181 2055 1257">
     <span class='ocr_line' id='line_1_13' title="bbox 410 1181 2055 1257; baseline -0.005 -15"><span class='ocrx_word' id='word_1_73' title='bbox 410 1191 538 1242; x_wconf 91' lang='lat' dir='ltr'>tum</span> <span class='ocrx_word' id='word_1_74' title='bbox 571 1191 660 1240; x_wconf 91' lang='lat' dir='ltr'>est</span> <span class='ocrx_word' id='word_1_75' title='bbox 683 1201 696 1251; x_wconf 89' lang='lat'><strong>;</strong></span> <span class='ocrx_word' id='word_1_76' title='bbox 723 1191 780 1241; x_wconf 90' lang='lat' dir='ltr'>et</span> <span class='ocrx_word' id='word_1_77' title='bbox 811 1186 974 1240; x_wconf 89' lang='lat' dir='ltr'>omni</span> <span class='ocrx_word' id='word_1_78' title='bbox 1000 1185 1466 1257; x_wconf 72' lang='lat' dir='ltr'>diligentia,quaa</span> <span class='ocrx_word' id='word_1_79' title='bbox 1487 1185 1644 1239; x_wconf 84' lang='lat' dir='ltr'>circa</span> <span class='ocrx_word' id='word_1_80' title='bbox 1664 1183 1842 1237; x_wconf 89' lang='lat' dir='ltr'>aliam</span> <span class='ocrx_word' id='word_1_81' title='bbox 1863 1181 2055 1235; x_wconf 89' lang='lat' dir='ltr'>virtu-</span> 
     </span>
    </p>
   </div>
   <div class='ocr_carea' id='block_1_14' title="bbox 411 1270 2060 1346">
    <p class='ocr_par' dir='ltr' id='par_1_14' title="bbox 411 1270 2060 1346">
     <span class='ocr_line' id='line_1_14' title="bbox 411 1270 2060 1346; baseline -0.004 -16"><span class='ocrx_word' id='word_1_82' title='bbox 411 1279 531 1331; x_wconf 89' lang='lat' dir='ltr'>tem</span> <span class='ocrx_word' id='word_1_83' title='bbox 562 1280 669 1329; x_wconf 90' lang='lat' dir='ltr'>est.</span> <span class='ocrx_word' id='word_1_84' title='bbox 693 1297 719 1323; x_wconf 85' lang='lat'>«</span> <span class='ocrx_word' id='word_1_85' title='bbox 745 1274 814 1328; x_wconf 86' lang='lat' dir='ltr'>Et</span> <span class='ocrx_word' id='word_1_86' title='bbox 845 1290 913 1329; x_wconf 90' lang='lat' dir='ltr'>ea</span> <span class='ocrx_word' id='word_1_87' title='bbox 943 1291 1074 1346; x_wconf 68' lang='lat' dir='ltr'>quas</span> <span class='ocrx_word' id='word_1_88' title='bbox 1101 1291 1169 1329; x_wconf 85' lang='lat' dir='ltr'>ex</span> <span class='ocrx_word' id='word_1_89' title='bbox 1186 1274 1348 1328; x_wconf 84' lang='lat' dir='ltr'>vobis</span> <span class='ocrx_word' id='word_1_90' title='bbox 1373 1290 1508 1346; x_wconf 88' lang='lat' dir='ltr'>erga</span> <span class='ocrx_word' id='word_1_91' title='bbox 1528 1289 1656 1334; x_wconf 90' lang='lat' dir='ltr'>nos,</span> <span class='ocrx_word' id='word_1_92' title='bbox 1692 1278 1780 1327; x_wconf 90' lang='lat' dir='ltr'>est</span> <span class='ocrx_word' id='word_1_93' title='bbox 1809 1270 2060 1325; x_wconf 77' lang='lat' dir='ltr'>Charita-</span> 
     </span>
    </p>
   </div>
   <div class='ocr_carea' id='block_1_15' title="bbox 410 1361 2060 1435">
    <p class='ocr_par' dir='ltr' id='par_1_15' title="bbox 410 1361 2060 1435">
     <span class='ocr_line' id='line_1_15' title="bbox 410 1361 2060 1435; baseline -0.005 -13"><span class='ocrx_word' id='word_1_94' title='bbox 410 1372 488 1434; x_wconf 90' lang='lat' dir='ltr'>te,</span> <span class='ocrx_word' id='word_1_95' title='bbox 509 1386 535 1415; x_wconf 73' lang='lat' dir='ltr'>n</span> <span class='ocrx_word' id='word_1_96' title='bbox 562 1372 620 1420; x_wconf 87' lang='lat' dir='ltr'>et</span> <span class='ocrx_word' id='word_1_97' title='bbox 635 1366 788 1420; x_wconf 85' lang='lat' dir='ltr'>sicut</span> <span class='ocrx_word' id='word_1_98' title='bbox 801 1364 1142 1433; x_wconf 87' lang='lat' dir='ltr'>abundatis,</span> <span class='ocrx_word' id='word_1_99' title='bbox 1160 1364 1372 1434; x_wconf 86' lang='lat' dir='ltr'>inquit,</span> <span class='ocrx_word' id='word_1_100' title='bbox 1405 1363 1707 1435; x_wconf 84' lang='lat' dir='ltr'>diligendo</span> <span class='ocrx_word' id='word_1_101' title='bbox 1721 1378 1848 1416; x_wconf 91' lang='lat' dir='ltr'>nos.</span> <span class='ocrx_word' id='word_1_102' title='bbox 1873 1361 2060 1425; x_wconf 86' lang='lat' dir='ltr'>Quan-</span> 
     </span>
    </p>
   </div>
   <div class='ocr_carea' id='block_1_16' title="bbox 410 1449 2057 1527">
    <p class='ocr_par' dir='ltr' id='par_1_16' title="bbox 410 1449 2057 1527">
     <span class='ocr_line' id='line_1_16' title="bbox 410 1449 2057 1527; baseline -0.004 -17"><span class='ocrx_word' id='word_1_103' title='bbox 410 1471 587 1527; x_wconf 87' lang='lat' dir='ltr'>quam</span> <span class='ocrx_word' id='word_1_104' title='bbox 618 1455 778 1509; x_wconf 89' lang='lat' dir='ltr'>enim</span> <span class='ocrx_word' id='word_1_105' title='bbox 809 1471 927 1508; x_wconf 88' lang='lat' dir='ltr'>non</span> <span class='ocrx_word' id='word_1_106' title='bbox 958 1454 1038 1508; x_wconf 90' lang='lat' dir='ltr'>ita</span> <span class='ocrx_word' id='word_1_107' title='bbox 1068 1454 1261 1524; x_wconf 89' lang='lat' dir='ltr'>ipsum</span> <span class='ocrx_word' id='word_1_108' title='bbox 1293 1453 1609 1524; x_wconf 82' lang='lat' dir='ltr'>diligerent</span> <span class='ocrx_word' id='word_1_109' title='bbox 1639 1452 1792 1506; x_wconf 88' lang='lat' dir='ltr'>sicut</span> <span class='ocrx_word' id='word_1_110' title='bbox 1835 1451 1959 1521; x_wconf 89' lang='lat' dir='ltr'>ipse</span> <span class='ocrx_word' id='word_1_111' title='bbox 1987 1449 2057 1503; x_wconf 85' lang='lat' dir='ltr'>il-</span> 
     </span>
    </p>
   </div>
   <div class='ocr_carea' id='block_1_17' title="bbox 407 1539 2052 1614">
    <p class='ocr_par' dir='ltr' id='par_1_17' title="bbox 407 1539 2052 1614">
     <span class='ocr_line' id='line_1_17' title="bbox 407 1539 2052 1614; baseline -0.004 -15"><span class='ocrx_word' id='word_1_112' title='bbox 407 1545 518 1613; x_wconf 92' lang='lat' dir='ltr'>los,</span> <span class='ocrx_word' id='word_1_113' title='bbox 552 1548 811 1599; x_wconf 83' lang='lat' dir='ltr'>attamen</span> <span class='ocrx_word' id='word_1_114' title='bbox 846 1542 1189 1614; x_wconf 82' lang='lat' dir='ltr'>diligebant.</span> <span class='ocrx_word' id='word_1_115' title='bbox 1224 1543 1336 1598; x_wconf 89' lang='lat' dir='ltr'>Sed</span> <span class='ocrx_word' id='word_1_116' title='bbox 1367 1547 1424 1597; x_wconf 89' lang='lat' dir='ltr'>et</span> <span class='ocrx_word' id='word_1_117' title='bbox 1452 1542 1629 1596; x_wconf 88' lang='lat' dir='ltr'>verba</span> <span class='ocrx_word' id='word_1_118' title='bbox 1650 1542 1775 1595; x_wconf 71' lang='lat' dir='ltr'>haec</span> <span class='ocrx_word' id='word_1_119' title='bbox 1809 1557 1876 1594; x_wconf 92' lang='lat' dir='ltr'>eo</span> <span class='ocrx_word' id='word_1_120' title='bbox 1909 1539 2052 1593; x_wconf 87' lang='lat' dir='ltr'>diri-</span> 
     </span>
    </p>
   </div>
   <div class='ocr_carea' id='block_1_18' title="bbox 409 1630 2054 1708">
    <p class='ocr_par' dir='ltr' id='par_1_18' title="bbox 409 1630 2054 1708">
     <span class='ocr_line' id='line_1_18' title="bbox 409 1630 2054 1708; baseline -0.004 -19"><span class='ocrx_word' id='word_1_121' title='bbox 409 1634 600 1708; x_wconf 81' lang='lat' dir='ltr'>gebat,</span> <span class='ocrx_word' id='word_1_122' title='bbox 624 1638 690 1688; x_wconf 90' lang='lat' dir='ltr'>ut</span> <span class='ocrx_word' id='word_1_123' title='bbox 706 1632 982 1688; x_wconf 87' lang='lat' dir='ltr'>similiter</span> <span class='ocrx_word' id='word_1_124' title='bbox 1001 1633 1197 1704; x_wconf 89' lang='lat' dir='ltr'>ipsum</span> <span class='ocrx_word' id='word_1_125' title='bbox 1211 1637 1501 1687; x_wconf 91' lang='lat' dir='ltr'>amarent.</span> <span class='ocrx_word' id='word_1_126' title='bbox 1529 1654 1556 1680; x_wconf 89' lang='grc'>‹‹</span> <span class='ocrx_word' id='word_1_127' title='bbox 1577 1633 1646 1686; x_wconf 89' lang='lat' dir='ltr'>Ut</span> <span class='ocrx_word' id='word_1_128' title='bbox 1665 1632 1842 1686; x_wconf 88' lang='lat' dir='ltr'>etiam</span> <span class='ocrx_word' id='word_1_129' title='bbox 1865 1630 1926 1683; x_wconf 90' lang='lat' dir='ltr'>in</span> <span class='ocrx_word' id='word_1_130' title='bbox 1947 1630 2054 1683; x_wconf 91' lang='lat' dir='ltr'>hac</span> 
     </span>
    </p>
   </div>
   <div class='ocr_carea' id='block_1_19' title="bbox 408 1721 2053 1797">
    <p class='ocr_par' dir='ltr' id='par_1_19' title="bbox 408 1721 2053 1797">
     <span class='ocr_line' id='line_1_19' title="bbox 408 1721 2053 1797; baseline -0.003 -20"><span class='ocrx_word' id='word_1_131' title='bbox 408 1723 616 1797; x_wconf 85' lang='lat' dir='ltr'>gratia.</span> <span class='ocrx_word' id='word_1_132' title='bbox 653 1741 676 1774; x_wconf 68' lang='grc' dir='ltr'>ο</span> <span class='ocrx_word' id='word_1_133' title='bbox 727 1725 980 1777; x_wconf 79' lang='lat' dir='ltr'>Rursum</span> <span class='ocrx_word' id='word_1_134' title='bbox 1038 1723 1286 1793; x_wconf 79' lang='lat' dir='ltr'>gratiam</span> <span class='ocrx_word' id='word_1_135' title='bbox 1345 1725 1512 1776; x_wconf 87' lang='lat' dir='ltr'>vocat</span> <span class='ocrx_word' id='word_1_136' title='bbox 1589 1721 2053 1790; x_wconf 87' lang='lat' dir='ltr'>eleemosynam.</span> 
     </span>
    </p>
   </div>
   <div class='ocr_carea' id='block_1_20' title="bbox 2167 551 3813 633">
    <p class='ocr_par' dir='ltr' id='par_1_20' title="bbox 2167 551 3813 633">
     <span class='ocr_line' id='line_1_20' title="bbox 2167 551 3813 633; baseline 0.003 -28"><span class='ocrx_word' id='word_1_137' title='bbox 2167 551 2539 628; x_wconf 72' lang='grc' dir='ltr'>περισσεύητε.</span> <span class='ocrx_word' id='word_1_138' title='bbox 2627 553 2703 610; x_wconf 66' lang='lat' dir='ltr'>Oti</span> <span class='ocrx_word' id='word_1_139' title='bbox 2797 557 2911 610; x_wconf 80' lang='grc' dir='ltr'>κατ’</span> <span class='ocrx_word' id='word_1_140' title='bbox 2970 555 3226 632; x_wconf 68' lang='grc' dir='ltr'>ἐπιταγὴν</span> <span class='ocrx_word' id='word_1_141' title='bbox 3294 554 3465 633; x_wconf 83' lang='grc' dir='ltr'>λέγω,</span> <span class='ocrx_word' id='word_1_142' title='bbox 3527 554 3674 610; x_wconf 83' lang='grc' dir='ltr'>ἀλλά</span> <span class='ocrx_word' id='word_1_143' title='bbox 3727 553 3813 611; x_wconf 69' lang='grc' dir='ltr'>διὰ</span> 
     </span>
    </p>
   </div>
   <div class='ocr_carea' id='block_1_21' title="bbox 2165 643 3809 722">
    <p class='ocr_par' dir='ltr' id='par_1_21' title="bbox 2165 643 3809 722">
     <span class='ocr_line' id='line_1_21' title="bbox 2165 643 3809 722; baseline 0.002 -23"><span class='ocrx_word' id='word_1_144' title='bbox 2165 651 2264 713; x_wconf 79' lang='grc' dir='ltr'>τῆς</span> <span class='ocrx_word' id='word_1_145' title='bbox 2321 645 2518 719; x_wconf 70' lang='grc' dir='ltr'>ἐτέρων</span> <span class='ocrx_word' id='word_1_146' title='bbox 2575 643 2838 714; x_wconf 71' lang='grc' dir='ltr'>σπουδῆς,</span> <span class='ocrx_word' id='word_1_147' title='bbox 2872 647 2964 701; x_wconf 85' lang='grc' dir='ltr'>καὶ</span> <span class='ocrx_word' id='word_1_148' title='bbox 3020 647 3080 701; x_wconf 87' lang='grc' dir='ltr'>τὸ</span> <span class='ocrx_word' id='word_1_149' title='bbox 3129 653 3228 715; x_wconf 76' lang='grc' dir='ltr'>τῆς</span> <span class='ocrx_word' id='word_1_150' title='bbox 3293 647 3555 722; x_wconf 68' lang='grc' dir='ltr'>ὑμετέρας</span> <span class='ocrx_word' id='word_1_151' title='bbox 3594 646 3809 722; x_wconf 82' lang='grc' dir='ltr'>ἀγάπης</span> 
     </span>
    </p>
   </div>
   <div class='ocr_carea' id='block_1_22' title="bbox 2167 731 2758 808">
    <p class='ocr_par' dir='ltr' id='par_1_22' title="bbox 2167 731 2758 808">
     <span class='ocr_line' id='line_1_22' title="bbox 2167 731 2758 808; baseline 0.01 -22"><span class='ocrx_word' id='word_1_152' title='bbox 2167 735 2388 808; x_wconf 79' lang='grc' dir='ltr'>γνήσιον</span> <span class='ocrx_word' id='word_1_153' title='bbox 2423 731 2758 808; x_wconf 82' lang='grc' dir='ltr'>δοκιμάζων.</span> 
     </span>
    </p>
   </div>
   <div class='ocr_carea' id='block_1_23' title="bbox 2235 823 3809 901">
    <p class='ocr_par' dir='ltr' id='par_1_23' title="bbox 2235 823 3809 901">
     <span class='ocr_line' id='line_1_23' title="bbox 2235 823 3809 901; baseline 0 -21"><span class='ocrx_word' id='word_1_154' title='bbox 2235 825 2377 898; x_wconf 74' lang='grc' dir='ltr'>’Ὀρα</span> <span class='ocrx_word' id='word_1_155' title='bbox 2408 823 2569 878; x_wconf 77' lang='grc' dir='ltr'>πάλιν</span> <span class='ocrx_word' id='word_1_156' title='bbox 2636 827 2749 897; x_wconf 88' lang='grc' dir='ltr'>μετ’</span> <span class='ocrx_word' id='word_1_157' title='bbox 2789 824 3078 899; x_wconf 77' lang='grc' dir='ltr'>ἐγκωμίων</span> <span class='ocrx_word' id='word_1_158' title='bbox 3110 827 3206 894; x_wconf 74' lang='grc' dir='ltr'>τήν</span> <span class='ocrx_word' id='word_1_159' title='bbox 3240 829 3580 901; x_wconf 68' lang='grc' dir='ltr'>προτροπή-ι·</span> <span class='ocrx_word' id='word_1_160' title='bbox 3619 833 3809 900; x_wconf 76' lang='grc' dir='ltr'>Περισ-</span> 
     </span>
    </p>
   </div>
   <div class='ocr_carea' id='block_1_24' title="bbox 2167 911 3809 992">
    <p class='ocr_par' dir='ltr' id='par_1_24' title="bbox 2167 911 3809 992">
     <span class='ocr_line' id='line_1_24' title="bbox 2167 911 3809 992; baseline 0.004 -27"><span class='ocrx_word' id='word_1_161' title='bbox 2167 911 2345 968; x_wconf 89' lang='grc' dir='ltr'>σεύετε</span> <span class='ocrx_word' id='word_1_162' title='bbox 2378 959 2393 984; x_wconf 91' lang='grc'>,</span> <span class='ocrx_word' id='word_1_163' title='bbox 2461 915 2646 992; x_wconf 77' lang='grc' dir='ltr'>φησὶ,</span> <span class='ocrx_word' id='word_1_164' title='bbox 2728 915 3022 986; x_wconf 83' lang='grc' dir='ltr'>τουτέστι,</span> <span class='ocrx_word' id='word_1_165' title='bbox 3103 916 3235 988; x_wconf 86' lang='grc' dir='ltr'>μετά</span> <span class='ocrx_word' id='word_1_166' title='bbox 3289 916 3601 990; x_wconf 72' lang='grc' dir='ltr'>περιουσίας</span> <span class='ocrx_word' id='word_1_167' title='bbox 3659 915 3809 991; x_wconf 84' lang='grc' dir='ltr'>ἔχετε</span> 
     </span>
    </p>
   </div>
   <div class='ocr_carea' id='block_1_25' title="bbox 2166 1001 3805 1083">
    <p class='ocr_par' dir='ltr' id='par_1_25' title="bbox 2166 1001 3805 1083">
     <span class='ocr_line' id='line_1_25' title="bbox 2166 1001 3805 1083; baseline 0.004 -29"><span class='ocrx_word' id='word_1_168' title='bbox 2166 1003 2360 1057; x_wconf 75' lang='grc' dir='ltr'>πάντα.</span> <span class='ocrx_word' id='word_1_169' title='bbox 2397 1001 2581 1058; x_wconf 82' lang='grc' dir='ltr'>Πίστει</span> <span class='ocrx_word' id='word_1_170' title='bbox 2617 1006 2737 1074; x_wconf 74' lang='grc' dir='ltr'>μὲν,</span> <span class='ocrx_word' id='word_1_171' title='bbox 2768 1007 2837 1078; x_wconf 77' lang='grc' dir='ltr'>τῇ</span> <span class='ocrx_word' id='word_1_172' title='bbox 2887 1004 2962 1067; x_wconf 72' lang='grc' dir='ltr'>εἷς</span> <span class='ocrx_word' id='word_1_173' title='bbox 3021 1004 3171 1059; x_wconf 87' lang='grc' dir='ltr'>Θεόν·</span> <span class='ocrx_word' id='word_1_174' title='bbox 3228 1004 3384 1082; x_wconf 85' lang='grc' dir='ltr'>λόγῳ</span> <span class='ocrx_word' id='word_1_175' title='bbox 3419 1002 3496 1070; x_wconf 70' lang='grc' dir='ltr'>δὲ,</span> <span class='ocrx_word' id='word_1_176' title='bbox 3529 1010 3596 1080; x_wconf 80' lang='grc' dir='ltr'>τῇ</span> <span class='ocrx_word' id='word_1_177' title='bbox 3630 1007 3805 1083; x_wconf 70' lang='grc' dir='ltr'>σοφίᾳ.</span> 
     </span>
    </p>
   </div>
   <div class='ocr_carea' id='block_1_26' title="bbox 2167 1090 3805 1171">
    <p class='ocr_par' dir='ltr' id='par_1_26' title="bbox 2167 1090 3805 1171">
     <span class='ocr_line' id='line_1_26' title="bbox 2167 1090 3805 1171; baseline 0.005 -27"><span class='ocrx_word' id='word_1_178' title='bbox 2167 1093 2369 1148; x_wconf 82' lang='grc' dir='ltr'>Γνώσει</span> <span class='ocrx_word' id='word_1_179' title='bbox 2401 1090 2480 1161; x_wconf 70' lang='grc' dir='ltr'>δὲ,</span> <span class='ocrx_word' id='word_1_180' title='bbox 2512 1093 2576 1168; x_wconf 70' lang='grc' dir='ltr'>τῇ</span> <span class='ocrx_word' id='word_1_181' title='bbox 2610 1097 2716 1148; x_wconf 83' lang='grc' dir='ltr'>τῶν</span> <span class='ocrx_word' id='word_1_182' title='bbox 2779 1091 3086 1168; x_wconf 72' lang='grc' dir='ltr'>δογμάτων,</span> <span class='ocrx_word' id='word_1_183' title='bbox 3145 1095 3247 1152; x_wconf 84' lang='grc' dir='ltr'>Καὶ</span> <span class='ocrx_word' id='word_1_184' title='bbox 3297 1096 3440 1169; x_wconf 79' lang='grc' dir='ltr'>πάσῃ</span> <span class='ocrx_word' id='word_1_185' title='bbox 3475 1093 3707 1171; x_wconf 79' lang='grc' dir='ltr'>σπουδῇ,</span> <span class='ocrx_word' id='word_1_186' title='bbox 3739 1102 3805 1171; x_wconf 81' lang='grc' dir='ltr'>τῇ</span> 
     </span>
    </p>
   </div>
   <div class='ocr_carea' id='block_1_27' title="bbox 2165 1180 3808 1259">
    <p class='ocr_par' dir='ltr' id='par_1_27' title="bbox 2165 1180 3808 1259">
     <span class='ocr_line' id='line_1_27' title="bbox 2165 1180 3808 1259; baseline 0.001 -23"><span class='ocrx_word' id='word_1_187' title='bbox 2165 1181 2288 1254; x_wconf 75' lang='grc' dir='ltr'>περὶ</span> <span class='ocrx_word' id='word_1_188' title='bbox 2320 1183 2418 1250; x_wconf 70' lang='grc' dir='ltr'>τήν</span> <span class='ocrx_word' id='word_1_189' title='bbox 2470 1180 2648 1251; x_wconf 75' lang='grc' dir='ltr'>ἄλλην</span> <span class='ocrx_word' id='word_1_190' title='bbox 2704 1183 2922 1257; x_wconf 79' lang='grc' dir='ltr'>ἀρετήν.</span> <span class='ocrx_word' id='word_1_191' title='bbox 2965 1211 2982 1233; x_wconf 79' lang='grc' dir='ltr'>ι</span> <span class='ocrx_word' id='word_1_192' title='bbox 3020 1184 3121 1240; x_wconf 82' lang='grc' dir='ltr'>Καὶ</span> <span class='ocrx_word' id='word_1_193' title='bbox 3151 1190 3220 1259; x_wconf 81' lang='grc' dir='ltr'>τῇ</span> <span class='ocrx_word' id='word_1_194' title='bbox 3275 1185 3326 1256; x_wconf 82' lang='grc' dir='ltr'>ἐξ</span> <span class='ocrx_word' id='word_1_195' title='bbox 3382 1186 3533 1259; x_wconf 81' lang='grc' dir='ltr'>ὑμῶν</span> <span class='ocrx_word' id='word_1_196' title='bbox 3593 1185 3644 1240; x_wconf 90' lang='grc' dir='ltr'>ἐν</span> <span class='ocrx_word' id='word_1_197' title='bbox 3677 1189 3808 1258; x_wconf 77' lang='grc' dir='ltr'>ἡμῖν</span> 
     </span>
    </p>
   </div>
   <div class='ocr_carea' id='block_1_28' title="bbox 2165 1269 3808 1352">
    <p class='ocr_par' dir='ltr' id='par_1_28' title="bbox 2165 1269 3808 1352">
     <span class='ocr_line' id='line_1_28' title="bbox 2165 1269 3808 1352; baseline 0.002 -27"><span class='ocrx_word' id='word_1_198' title='bbox 2165 1269 2378 1344; x_wconf 76' lang='grc' dir='ltr'>ἀγάπῃ.</span> <span class='ocrx_word' id='word_1_199' title='bbox 2443 1295 2470 1322; x_wconf 85' lang='grc'><strong>››</strong></span> <span class='ocrx_word' id='word_1_200' title='bbox 2533 1271 2635 1328; x_wconf 75' lang='grc' dir='ltr'>Καὶ</span> <span class='ocrx_word' id='word_1_201' title='bbox 2691 1270 2916 1347; x_wconf 81' lang='grc' dir='ltr'>ὥσπερ,</span> <span class='ocrx_word' id='word_1_202' title='bbox 2974 1274 3128 1352; x_wconf 76' lang='grc' dir='ltr'>φησὶ,</span> <span class='ocrx_word' id='word_1_203' title='bbox 3214 1277 3554 1348; x_wconf 75' lang='grc' dir='ltr'>περισσεύετε</span> <span class='ocrx_word' id='word_1_204' title='bbox 3628 1274 3679 1330; x_wconf 90' lang='grc' dir='ltr'>ἐν</span> <span class='ocrx_word' id='word_1_205' title='bbox 3733 1281 3808 1346; x_wconf 84' lang='grc' dir='ltr'>τῷ</span> 
     </span>
    </p>
   </div>
   <div class='ocr_carea' id='block_1_29' title="bbox 2164 1358 3805 1436">
    <p class='ocr_par' dir='ltr' id='par_1_29' title="bbox 2164 1358 3805 1436">
     <span class='ocr_line' id='line_1_29' title="bbox 2164 1358 3805 1436; baseline 0.004 -23"><span class='ocrx_word' id='word_1_206' title='bbox 2164 1358 2374 1433; x_wconf 84' lang='grc' dir='ltr'>ἀγαπᾷν</span> <span class='ocrx_word' id='word_1_207' title='bbox 2417 1381 2505 1433; x_wconf 86' lang='grc' dir='ltr'>με.</span> <span class='ocrx_word' id='word_1_208' title='bbox 2538 1360 2602 1417; x_wconf 78' lang='grc' dir='ltr'><strong>Εἰ</strong></span> <span class='ocrx_word' id='word_1_209' title='bbox 2632 1361 2721 1415; x_wconf 84' lang='grc' dir='ltr'>καὶ</span> <span class='ocrx_word' id='word_1_210' title='bbox 2756 1363 2831 1434; x_wconf 79' lang='grc' dir='ltr'><strong>μή</strong></span> <span class='ocrx_word' id='word_1_211' title='bbox 2881 1363 3106 1436; x_wconf 68' lang='grc' dir='ltr'>ἠγάπων</span> <span class='ocrx_word' id='word_1_212' title='bbox 3159 1363 3318 1418; x_wconf 71' lang='grc' dir='ltr'>αὐτὸν</span> <span class='ocrx_word' id='word_1_213' title='bbox 3377 1365 3552 1428; x_wconf 81' lang='grc' dir='ltr'>οὕτως</span> <span class='ocrx_word' id='word_1_214' title='bbox 3606 1369 3680 1428; x_wconf 84' lang='grc' dir='ltr'>ὼς</span> <span class='ocrx_word' id='word_1_215' title='bbox 3710 1367 3805 1421; x_wconf 78' lang='grc' dir='ltr'>αύο</span> 
     </span>
    </p>
   </div>
   <div class='ocr_carea' id='block_1_30' title="bbox 2165 1447 3812 1528">
    <p class='ocr_par' dir='ltr' id='par_1_30' title="bbox 2165 1447 3812 1528">
     <span class='ocr_line' id='line_1_30' title="bbox 2165 1447 3812 1528; baseline 0.005 -26"><span class='ocrx_word' id='word_1_216' title='bbox 2165 1448 2254 1508; x_wconf 85' lang='grc' dir='ltr'>τὸς</span> <span class='ocrx_word' id='word_1_217' title='bbox 2289 1447 2548 1517; x_wconf 79' lang='grc' dir='ltr'>ἐκείνους,</span> <span class='ocrx_word' id='word_1_218' title='bbox 2579 1451 2805 1523; x_wconf 71' lang='grc' dir='ltr'>ἠγάπων</span> <span class='ocrx_word' id='word_1_219' title='bbox 2835 1447 2890 1506; x_wconf 80' lang='grc' dir='ltr'>δὲ</span> <span class='ocrx_word' id='word_1_220' title='bbox 2922 1452 3095 1524; x_wconf 84' lang='grc' dir='ltr'>ὅμως.</span> <span class='ocrx_word' id='word_1_221' title='bbox 3144 1450 3298 1522; x_wconf 83' lang='grc' dir='ltr'>Πλὴν</span> <span class='ocrx_word' id='word_1_222' title='bbox 3356 1453 3444 1507; x_wconf 79' lang='grc' dir='ltr'>καὶ</span> <span class='ocrx_word' id='word_1_223' title='bbox 3501 1474 3812 1528; x_wconf 87' lang='grc' dir='ltr'>προτρεπο-</span> 
     </span>
    </p>
   </div>
   <div class='ocr_carea' id='block_1_31' title="bbox 2169 1537 3807 1616">
    <p class='ocr_par' dir='ltr' id='par_1_31' title="bbox 2169 1537 3807 1616">
     <span class='ocr_line' id='line_1_31' title="bbox 2169 1537 3807 1616; baseline 0.005 -27"><span class='ocrx_word' id='word_1_224' title='bbox 2169 1537 2350 1608; x_wconf 80' lang='grc' dir='ltr'>μένου,</span> <span class='ocrx_word' id='word_1_225' title='bbox 2382 1539 2448 1591; x_wconf 79' lang='grc' dir='ltr'>τὰ</span> <span class='ocrx_word' id='word_1_226' title='bbox 2478 1537 2698 1614; x_wconf 86' lang='grc' dir='ltr'>ματα</span> <span class='ocrx_word' id='word_1_227' title='bbox 2743 1539 2817 1601; x_wconf 86' lang='grc' dir='ltr'>είς</span> <span class='ocrx_word' id='word_1_228' title='bbox 2845 1540 2904 1593; x_wconf 87' lang='grc' dir='ltr'>τὸ</span> <span class='ocrx_word' id='word_1_229' title='bbox 2958 1539 3164 1616; x_wconf 81' lang='grc' dir='ltr'>ἀγαπᾷν</span> <span class='ocrx_word' id='word_1_230' title='bbox 3198 1541 3360 1597; x_wconf 82' lang='grc' dir='ltr'>αύτὸν</span> <span class='ocrx_word' id='word_1_231' title='bbox 3403 1542 3595 1606; x_wconf 77' lang='grc' dir='ltr'>οὕτως.</span> <span class='ocrx_word' id='word_1_232' title='bbox 3629 1569 3656 1594; x_wconf 89' lang='grc'>‹‹</span> <span class='ocrx_word' id='word_1_233' title='bbox 3693 1547 3807 1599; x_wconf 79' lang='grc' dir='ltr'>Ἵνα</span> 
     </span>
    </p>
   </div>
   <div class='ocr_carea' id='block_1_32' title="bbox 2163 1627 3803 1707">
    <p class='ocr_par' dir='ltr' id='par_1_32' title="bbox 2163 1627 3803 1707">
     <span class='ocr_line' id='line_1_32' title="bbox 2163 1627 3803 1707; baseline 0.005 -27"><span class='ocrx_word' id='word_1_234' title='bbox 2163 1627 2252 1681; x_wconf 82' lang='grc' dir='ltr'>καὶ</span> <span class='ocrx_word' id='word_1_235' title='bbox 2290 1627 2341 1680; x_wconf 88' lang='grc' dir='ltr'>ἐν</span> <span class='ocrx_word' id='word_1_236' title='bbox 2373 1628 2542 1701; x_wconf 80' lang='grc' dir='ltr'>ταύτῃ</span> <span class='ocrx_word' id='word_1_237' title='bbox 2569 1633 2637 1702; x_wconf 79' lang='grc' dir='ltr'>τῇ</span> <span class='ocrx_word' id='word_1_238' title='bbox 2681 1631 2888 1702; x_wconf 86' lang='grc' dir='ltr'>χάριτι.</span> <span class='ocrx_word' id='word_1_239' title='bbox 2922 1654 2948 1680; x_wconf 84' lang='grc'><strong>››</strong></span> <span class='ocrx_word' id='word_1_240' title='bbox 2981 1628 3150 1685; x_wconf 85' lang='grc' dir='ltr'>Πάλιν</span> <span class='ocrx_word' id='word_1_241' title='bbox 3186 1633 3435 1707; x_wconf 83' lang='grc' dir='ltr'>χάρισμα</span> <span class='ocrx_word' id='word_1_242' title='bbox 3490 1635 3589 1702; x_wconf 74' lang='grc' dir='ltr'>τήν</span> <span class='ocrx_word' id='word_1_243' title='bbox 3651 1633 3803 1703; x_wconf 86' lang='grc' dir='ltr'>ἐλεη-</span> 
     </span>
    </p>
   </div>
   <div class='ocr_carea' id='block_1_33' title="bbox 2169 1715 3808 1798">
    <p class='ocr_par' dir='ltr' id='par_1_33' title="bbox 2169 1715 3808 1798">
     <span class='ocr_line' id='line_1_33' title="bbox 2169 1715 3808 1798; baseline 0.004 -28"><span class='ocrx_word' id='word_1_244' title='bbox 2169 1716 2406 1790; x_wconf 89' lang='grc' dir='ltr'>μοσύνην</span> <span class='ocrx_word' id='word_1_245' title='bbox 2439 1715 2616 1776; x_wconf 87' lang='grc' dir='ltr'>καλεῖ,</span> <span class='ocrx_word' id='word_1_246' title='bbox 2687 1720 3034 1788; x_wconf 81' lang='grc' dir='ltr'>Ηερισσεύετε</span> <span class='ocrx_word' id='word_1_247' title='bbox 3092 1718 3168 1790; x_wconf 78' lang='grc' dir='ltr'>δὲ,</span> <span class='ocrx_word' id='word_1_248' title='bbox 3217 1720 3254 1790; x_wconf 68' lang='grc' dir='ltr'>ἢ</span> <span class='ocrx_word' id='word_1_249' title='bbox 3314 1721 3444 1798; x_wconf 73' lang='grc' dir='ltr'>ὑπὲρ</span> <span class='ocrx_word' id='word_1_250' title='bbox 3503 1721 3808 1784; x_wconf 78' lang='grc' dir='ltr'>Μακεδόνας</span> 
     </span>
    </p>
   </div>
   <div class='ocr_carea' id='block_1_34' title="bbox 408 1805 2053 1900">
    <p class='ocr_par' dir='ltr' id='par_1_34' title="bbox 408 1810 2053 1882">
     <span class='ocr_line' id='line_1_34' title="bbox 408 1810 2053 1882; baseline -0.003 -16"><span class='ocrx_word' id='word_1_251' title='bbox 408 1812 612 1867; x_wconf 81' lang='lat' dir='ltr'>Abund</span> <span class='ocrx_word' id='word_1_252' title='bbox 624 1813 734 1867; x_wconf 90' lang='lat' dir='ltr'>atis</span> <span class='ocrx_word' id='word_1_253' title='bbox 765 1816 982 1872; x_wconf 87' lang='lat' dir='ltr'>autem,</span> <span class='ocrx_word' id='word_1_254' title='bbox 1011 1811 1069 1865; x_wconf 86' lang='lat' dir='ltr'>id</span> <span class='ocrx_word' id='word_1_255' title='bbox 1087 1816 1196 1880; x_wconf 86' lang='lat' dir='ltr'>est,</span> <span class='ocrx_word' id='word_1_256' title='bbox 1221 1816 1323 1866; x_wconf 90' lang='lat' dir='ltr'>aut</span> <span class='ocrx_word' id='word_1_257' title='bbox 1345 1827 1524 1882; x_wconf 88' lang='lat' dir='ltr'>super</span> <span class='ocrx_word' id='word_1_258' title='bbox 1547 1825 1835 1881; x_wconf 85' lang='lat' dir='ltr'>pauperes</span> <span class='ocrx_word' id='word_1_259' title='bbox 1859 1810 2053 1862; x_wconf 87' lang='lat' dir='ltr'>Mace-</span> 
     </span>
    </p>
   </div>
   <div class='ocr_carea' id='block_1_35' title="bbox 2167 1805 3806 1900">
    <p class='ocr_par' dir='ltr' id='par_1_35' title="bbox 2167 1805 3806 1882">
     <span class='ocr_line' id='line_1_35' title="bbox 2167 1805 3806 1882; baseline 0.005 -22"><span class='ocrx_word' id='word_1_260' title='bbox 2167 1807 2292 1866; x_wconf 80' lang='grc' dir='ltr'>τοὺς</span> <span class='ocrx_word' id='word_1_261' title='bbox 2343 1805 2598 1878; x_wconf 70' lang='grc' dir='ltr'>πένητας,</span> <span class='ocrx_word' id='word_1_262' title='bbox 2631 1808 2666 1876; x_wconf 72' lang='grc' dir='ltr'>ἢ</span> <span class='ocrx_word' id='word_1_263' title='bbox 2701 1808 2812 1862; x_wconf 75' lang='grc' dir='ltr'>οἶον</span> <span class='ocrx_word' id='word_1_264' title='bbox 2873 1805 3246 1882; x_wconf 78' lang='grc' dir='ltr'>δαψιλεύεσθε.</span> <span class='ocrx_word' id='word_1_265' title='bbox 3309 1811 3386 1868; x_wconf 82' lang='grc' dir='ltr'>Οὐ</span> <span class='ocrx_word' id='word_1_266' title='bbox 3443 1813 3560 1867; x_wconf 89' lang='grc' dir='ltr'>κατ’</span> <span class='ocrx_word' id='word_1_267' title='bbox 3617 1811 3806 1868; x_wconf 81' lang='grc' dir='ltr'>ἐπιτα·</span> 
     </span>
    </p>
   </div>
   <div class='ocr_carea' id='block_1_36' title="bbox 409 1898 2056 1970">
    <p class='ocr_par' dir='ltr' id='par_1_36' title="bbox 409 1898 2056 1970">
     <span class='ocr_line' id='line_1_36' title="bbox 409 1898 2056 1970; baseline -0.005 -10"><span class='ocrx_word' id='word_1_268' title='bbox 409 1903 593 1960; x_wconf 89' lang='lat' dir='ltr'>dones</span> <span class='ocrx_word' id='word_1_269' title='bbox 607 1901 838 1958; x_wconf 90' lang='lat' dir='ltr'>abunde</span> <span class='ocrx_word' id='word_1_270' title='bbox 854 1903 1083 1957; x_wconf 89' lang='lat' dir='ltr'>habetis</span> <span class='ocrx_word' id='word_1_271' title='bbox 1108 1918 1120 1955; x_wconf 92' lang='lat'><strong>:</strong></span> <span class='ocrx_word' id='word_1_272' title='bbox 1144 1902 1300 1956; x_wconf 77' lang='lat'>660</span> <span class='ocrx_word' id='word_1_273' title='bbox 1333 1908 1434 1956; x_wconf 89' lang='lat' dir='ltr'>aut</span> <span class='ocrx_word' id='word_1_274' title='bbox 1456 1907 1520 1954; x_wconf 88' lang='lat' dir='ltr'>ut</span> <span class='ocrx_word' id='word_1_275' title='bbox 1534 1898 1874 1970; x_wconf 74' lang='grc' dir='ltr'>περισσεύετε</span> <span class='ocrx_word' id='word_1_276' title='bbox 1898 1898 2056 1953; x_wconf 89' lang='lat' dir='ltr'>idem</span> 
     </span>
    </p>
   </div>
   <div class='ocr_carea' id='block_1_37' title="bbox 409 1989 2056 2065">
    <p class='ocr_par' dir='ltr' id='par_1_37' title="bbox 409 1989 2056 2065">
     <span class='ocr_line' id='line_1_37' title="bbox 409 1989 2056 2065; baseline -0.005 -16"><span class='ocrx_word' id='word_1_277' title='bbox 409 1994 485 2050; x_wconf 89' lang='lat' dir='ltr'>sit</span> <span class='ocrx_word' id='word_1_278' title='bbox 513 1993 670 2065; x_wconf 90' lang='lat' dir='ltr'>quod</span> <span class='ocrx_word' id='word_1_279' title='bbox 691 1993 970 2048; x_wconf 86' lang='lat' dir='ltr'>liberales</span> <span class='ocrx_word' id='word_1_280' title='bbox 991 1993 1150 2047; x_wconf 86' lang='lat' dir='ltr'>estis.</span> <span class='ocrx_word' id='word_1_281' title='bbox 1187 2014 1213 2040; x_wconf 83' lang='grc' dir='ltr'>ι(</span> <span class='ocrx_word' id='word_1_282' title='bbox 1239 1993 1361 2046; x_wconf 78' lang='lat' dir='ltr'>Non</span> <span class='ocrx_word' id='word_1_283' title='bbox 1385 1990 1710 2046; x_wconf 89' lang='lat' dir='ltr'>secundum</span> <span class='ocrx_word' id='word_1_284' title='bbox 1737 1989 2056 2060; x_wconf 89' lang='lat' dir='ltr'>imperium</span> 
     </span>
    </p>
   </div>
   <div class='ocr_carea' id='block_1_38' title="bbox 409 2080 2058 2157">
    <p class='ocr_par' dir='ltr' id='par_1_38' title="bbox 409 2080 2058 2157">
     <span class='ocr_line' id='line_1_38' title="bbox 409 2080 2058 2157; baseline -0.005 -16"><span class='ocrx_word' id='word_1_285' title='bbox 409 2085 640 2157; x_wconf 91' lang='lat' dir='ltr'>loquor.</span> <span class='ocrx_word' id='word_1_286' title='bbox 668 2107 694 2132; x_wconf 88' lang='lat'>»</span> <span class='ocrx_word' id='word_1_287' title='bbox 713 2085 1003 2150; x_wconf 86' lang='lat' dir='ltr'>Quoniam</span> <span class='ocrx_word' id='word_1_288' title='bbox 1027 2090 1086 2138; x_wconf 88' lang='lat' dir='ltr'>et</span> <span class='ocrx_word' id='word_1_289' title='bbox 1117 2084 1303 2139; x_wconf 86' lang='lat' dir='ltr'>multa</span> <span class='ocrx_word' id='word_1_290' title='bbox 1333 2084 1683 2138; x_wconf 88' lang='lat' dir='ltr'>admonerat</span> <span class='ocrx_word' id='word_1_291' title='bbox 1705 2088 1763 2137; x_wconf 87' lang='lat' dir='ltr'>et</span> <span class='ocrx_word' id='word_1_292' title='bbox 1794 2080 2058 2136; x_wconf 84' lang='lat' dir='ltr'>Macedo-</span> 
     </span>
    </p>
   </div>
   <div class='ocr_carea' id='block_1_39' title="bbox 409 2173 2059 2242">
    <p class='ocr_par' dir='ltr' id='par_1_39' title="bbox 409 2173 2059 2242">
     <span class='ocr_line' id='line_1_39' title="bbox 409 2173 2059 2242; baseline -0.004 -12"><span class='ocrx_word' id='word_1_293' title='bbox 409 2191 516 2230; x_wconf 86' lang='lat' dir='ltr'>nes</span> <span class='ocrx_word' id='word_1_294' title='bbox 537 2173 917 2229; x_wconf 88' lang='lat' dir='ltr'>vehementer</span> <span class='ocrx_word' id='word_1_295' title='bbox 946 2173 1482 2237; x_wconf 85' lang='lat' dir='ltr'>commendaverat,</span> <span class='ocrx_word' id='word_1_296' title='bbox 1515 2188 1588 2226; x_wconf 90' lang='lat' dir='ltr'>ne</span> <span class='ocrx_word' id='word_1_297' title='bbox 1622 2173 1898 2242; x_wconf 82' lang='lat' dir='ltr'>cuiquam</span> <span class='ocrx_word' id='word_1_298' title='bbox 1926 2186 2059 2241; x_wconf 90' lang='lat' dir='ltr'>gra-</span> 
     </span>
    </p>
   </div>
   <div class='ocr_carea' id='block_1_40' title="bbox 407 2259 2059 2332">
    <p class='ocr_par' dir='ltr' id='par_1_40' title="bbox 407 2259 2059 2332">
     <span class='ocr_line' id='line_1_40' title="bbox 407 2259 2059 2332; baseline -0.002 -15"><span class='ocrx_word' id='word_1_299' title='bbox 407 2265 492 2319; x_wconf 87' lang='lat' dir='ltr'>vis</span> <span class='ocrx_word' id='word_1_300' title='bbox 517 2263 834 2330; x_wconf 87' lang='lat' dir='ltr'>videretur,</span> <span class='ocrx_word' id='word_1_301' title='bbox 876 2263 987 2317; x_wconf 88' lang='lat' dir='ltr'>ait:</span> <span class='ocrx_word' id='word_1_302' title='bbox 1043 2285 1071 2312; x_wconf 84' lang='grc'>‹‹</span> <span class='ocrx_word' id='word_1_303' title='bbox 1099 2265 1224 2318; x_wconf 88' lang='lat' dir='ltr'>Non</span> <span class='ocrx_word' id='word_1_304' title='bbox 1258 2262 1585 2317; x_wconf 89' lang='lat' dir='ltr'>secundum</span> <span class='ocrx_word' id='word_1_305' title='bbox 1619 2260 1935 2332; x_wconf 86' lang='lat' dir='ltr'>imperium</span> <span class='ocrx_word' id='word_1_306' title='bbox 1970 2259 2059 2313; x_wconf 94' lang='lat' dir='ltr'>lo—</span> 
     </span>
    </p>
   </div>
   <div class='ocr_carea' id='block_1_41' title="bbox 413 2349 2059 2425">
    <p class='ocr_par' dir='ltr' id='par_1_41' title="bbox 413 2349 2059 2425">
     <span class='ocr_line' id='line_1_41' title="bbox 413 2349 2059 2425; baseline -0.004 -18"><span class='ocrx_word' id='word_1_307' title='bbox 413 2368 582 2425; x_wconf 87' lang='lat' dir='ltr'>quor,</span> <span class='ocrx_word' id='word_1_308' title='bbox 611 2374 637 2401; x_wconf 84' lang='lat'><strong>»</strong></span> <span class='ocrx_word' id='word_1_309' title='bbox 669 2352 781 2407; x_wconf 87' lang='lat' dir='ltr'>hoc</span> <span class='ocrx_word' id='word_1_310' title='bbox 813 2356 920 2416; x_wconf 86' lang='lat' dir='ltr'>est,</span> <span class='ocrx_word' id='word_1_311' title='bbox 955 2368 1074 2406; x_wconf 89' lang='lat' dir='ltr'>non</span> <span class='ocrx_word' id='word_1_312' title='bbox 1104 2351 1279 2406; x_wconf 88' lang='lat' dir='ltr'>veluti</span> <span class='ocrx_word' id='word_1_313' title='bbox 1327 2367 1562 2423; x_wconf 89' lang='lat' dir='ltr'>cogens.</span> <span class='ocrx_word' id='word_1_314' title='bbox 1607 2372 1631 2398; x_wconf 85' lang='lat'><strong>«</strong></span> <span class='ocrx_word' id='word_1_315' title='bbox 1661 2349 1774 2404; x_wconf 89' lang='lat' dir='ltr'>Sed</span> <span class='ocrx_word' id='word_1_316' title='bbox 1808 2366 1913 2419; x_wconf 88' lang='lat' dir='ltr'>per</span> <span class='ocrx_word' id='word_1_317' title='bbox 1941 2353 2059 2402; x_wconf 87' lang='lat' dir='ltr'>stu-</span> 
     </span>
    </p>
   </div>
   <div class='ocr_carea' id='block_1_42' title="bbox 411 2437 2058 2510">
    <p class='ocr_par' dir='ltr' id='par_1_42' title="bbox 411 2437 2058 2510">
     <span class='ocr_line' id='line_1_42' title="bbox 411 2437 2058 2510; baseline -0.002 -16"><span class='ocrx_word' id='word_1_318' title='bbox 411 2440 576 2495; x_wconf 89' lang='lat' dir='ltr'>dium</span> <span class='ocrx_word' id='word_1_319' title='bbox 609 2439 884 2494; x_wconf 86' lang='lat' dir='ltr'>aliorum.</span> <span class='ocrx_word' id='word_1_320' title='bbox 931 2461 958 2489; x_wconf 84' lang='grc'><em>‹‹</em></span> <span class='ocrx_word' id='word_1_321' title='bbox 993 2441 1109 2494; x_wconf 88' lang='lat' dir='ltr'>Hoc</span> <span class='ocrx_word' id='word_1_322' title='bbox 1141 2444 1248 2502; x_wconf 84' lang='lat' dir='ltr'>est,</span> <span class='ocrx_word' id='word_1_323' title='bbox 1309 2444 1621 2510; x_wconf 88' lang='lat' dir='ltr'>propterea</span> <span class='ocrx_word' id='word_1_324' title='bbox 1668 2437 1899 2491; x_wconf 87' lang='lat' dir='ltr'>narravi</span> <span class='ocrx_word' id='word_1_325' title='bbox 1933 2441 2058 2490; x_wconf 90' lang='lat' dir='ltr'>stu-</span> 
     </span>
    </p>
   </div>
   <div class='ocr_carea' id='block_1_43' title="bbox 411 2528 2057 2599">
    <p class='ocr_par' dir='ltr' id='par_1_43' title="bbox 411 2528 2057 2599">
     <span class='ocr_line' id='line_1_43' title="bbox 411 2528 2057 2599; baseline -0.003 -14"><span class='ocrx_word' id='word_1_326' title='bbox 411 2529 575 2586; x_wconf 89' lang='lat' dir='ltr'>dium</span> <span class='ocrx_word' id='word_1_327' title='bbox 604 2530 1008 2594; x_wconf 89' lang='lat' dir='ltr'>Macedonum,</span> <span class='ocrx_word' id='word_1_328' title='bbox 1041 2529 1099 2584; x_wconf 94' lang='lat' dir='ltr'>id</span> <span class='ocrx_word' id='word_1_329' title='bbox 1149 2535 1256 2595; x_wconf 86' lang='lat' dir='ltr'>est,</span> <span class='ocrx_word' id='word_1_330' title='bbox 1307 2528 1768 2599; x_wconf 87' lang='lat' dir='ltr'>eleemosynam,</span> <span class='ocrx_word' id='word_1_331' title='bbox 1830 2530 1896 2580; x_wconf 91' lang='lat' dir='ltr'>ut</span> <span class='ocrx_word' id='word_1_332' title='bbox 1951 2543 2057 2597; x_wconf 88' lang='lat' dir='ltr'>per</span> 
     </span>
    </p>
   </div>
   <div class='ocr_carea' id='block_1_44' title="bbox 410 2610 2052 2690">
    <p class='ocr_par' dir='ltr' id='par_1_44' title="bbox 410 2610 2052 2690">
     <span class='ocr_line' id='line_1_44' title="bbox 410 2610 2052 2690; baseline -0.003 -15"><span class='ocrx_word' id='word_1_333' title='bbox 410 2610 652 2676; x_wconf 82' lang='lat' dir='ltr'>illorum</span> <span class='ocrx_word' id='word_1_334' title='bbox 674 2619 933 2675; x_wconf 89' lang='lat' dir='ltr'>studium</span> <span class='ocrx_word' id='word_1_335' title='bbox 961 2619 1330 2690; x_wconf 88' lang='lat' dir='ltr'>probatiores</span> <span class='ocrx_word' id='word_1_336' title='bbox 1356 2635 1453 2671; x_wconf 89' lang='lat' dir='ltr'>vos</span> <span class='ocrx_word' id='word_1_337' title='bbox 1476 2617 1743 2684; x_wconf 87' lang='lat' dir='ltr'>reddam,</span> <span class='ocrx_word' id='word_1_338' title='bbox 1777 2617 1878 2688; x_wconf 87' lang='lat' dir='ltr'>qui</span> <span class='ocrx_word' id='word_1_339' title='bbox 1910 2632 1942 2671; x_wconf 91' lang='lat' dir='ltr'>a</span> <span class='ocrx_word' id='word_1_340' title='bbox 1959 2633 2052 2671; x_wconf 91' lang='lat' dir='ltr'>me</span> 
     </span>
    </p>
   </div>
   <div class='ocr_carea' id='block_1_45' title="bbox 408 2705 2056 2778">
    <p class='ocr_par' dir='ltr' id='par_1_45' title="bbox 408 2705 2056 2778">
     <span class='ocr_line' id='line_1_45' title="bbox 408 2705 2056 2778; baseline -0.004 -12"><span class='ocrx_word' id='word_1_341' title='bbox 408 2707 1107 2766; x_wconf 77' lang='lat' dir='ltr'>vehementeramamini.</span> <span class='ocrx_word' id='word_1_342' title='bbox 1125 2707 1386 2762; x_wconf 88' lang='lat' dir='ltr'>Probans</span> <span class='ocrx_word' id='word_1_343' title='bbox 1407 2706 1565 2762; x_wconf 89' lang='lat' dir='ltr'>enim</span> <span class='ocrx_word' id='word_1_344' title='bbox 1584 2707 1695 2761; x_wconf 92' lang='lat' dir='ltr'>hoc</span> <span class='ocrx_word' id='word_1_345' title='bbox 1719 2711 1826 2776; x_wconf 87' lang='lat' dir='ltr'>est,</span> <span class='ocrx_word' id='word_1_346' title='bbox 1846 2705 2056 2778; x_wconf 87' lang='lat' dir='ltr'>proba-</span> 
     </span>
    </p>
   </div>
   <div class='ocr_carea' id='block_1_46' title="bbox 409 2798 2058 2869">
    <p class='ocr_par' dir='ltr' id='par_1_46' title="bbox 409 2798 2058 2869">
     <span class='ocr_line' id='line_1_46' title="bbox 409 2798 2058 2869; baseline -0.003 -12"><span class='ocrx_word' id='word_1_347' title='bbox 409 2802 592 2857; x_wconf 87' lang='lat' dir='ltr'>tiores</span> <span class='ocrx_word' id='word_1_348' title='bbox 651 2799 989 2856; x_wconf 86' lang='lat' dir='ltr'>ostendens.</span> <span class='ocrx_word' id='word_1_349' title='bbox 1042 2829 1109 2838; x_wconf 89' lang='lat'>—-</span> <span class='ocrx_word' id='word_1_350' title='bbox 1142 2800 1286 2853; x_wconf 88' lang='lat' dir='ltr'>Nam</span> <span class='ocrx_word' id='word_1_351' title='bbox 1347 2798 1681 2853; x_wconf 90' lang='lat' dir='ltr'>dilectionis</span> <span class='ocrx_word' id='word_1_352' title='bbox 1735 2814 1865 2868; x_wconf 72' lang='lat' dir='ltr'>qua:</span> <span class='ocrx_word' id='word_1_353' title='bbox 1923 2813 2058 2869; x_wconf 87' lang='lat' dir='ltr'>erga</span> 
     </span>
    </p>
   </div>
   <div class='ocr_carea' id='block_1_47' title="bbox 411 2887 2056 2960">
    <p class='ocr_par' dir='ltr' id='par_1_47' title="bbox 411 2887 2056 2960">
     <span class='ocr_line' id='line_1_47' title="bbox 411 2887 2056 2960; baseline -0.004 -13"><span class='ocrx_word' id='word_1_354' title='bbox 411 2891 598 2947; x_wconf 91' lang='lat' dir='ltr'>Deum</span> <span class='ocrx_word' id='word_1_355' title='bbox 615 2896 760 2958; x_wconf 89' lang='lat' dir='ltr'>erat,</span> <span class='ocrx_word' id='word_1_356' title='bbox 780 2895 883 2946; x_wconf 90' lang='lat' dir='ltr'>aut</span> <span class='ocrx_word' id='word_1_357' title='bbox 905 2889 951 2944; x_wconf 90' lang='lat' dir='ltr'>si</span> <span class='ocrx_word' id='word_1_358' title='bbox 975 2890 1178 2957; x_wconf 89' lang='lat' dir='ltr'>mavis,</span> <span class='ocrx_word' id='word_1_359' title='bbox 1204 2905 1382 2960; x_wconf 88' lang='lat' dir='ltr'>quam</span> <span class='ocrx_word' id='word_1_360' title='bbox 1432 2904 1570 2960; x_wconf 88' lang='lat' dir='ltr'>erga</span> <span class='ocrx_word' id='word_1_361' title='bbox 1620 2887 1864 2943; x_wconf 87' lang='lat' dir='ltr'>Paulum</span> <span class='ocrx_word' id='word_1_362' title='bbox 1893 2903 2056 2959; x_wconf 85' lang='lat' dir='ltr'>gere-</span> 
     </span>
    </p>
   </div>
   <div class='ocr_carea' id='block_1_48' title="bbox 410 2976 2055 3050">
    <p class='ocr_par' dir='ltr' id='par_1_48' title="bbox 410 2976 2055 3050">
     <span class='ocr_line' id='line_1_48' title="bbox 410 2976 2055 3050; baseline -0.004 -15"><span class='ocrx_word' id='word_1_363' title='bbox 410 2979 576 3048; x_wconf 88' lang='lat' dir='ltr'>bant,</span> <span class='ocrx_word' id='word_1_364' title='bbox 596 2977 804 3035; x_wconf 83' lang='lat' dir='ltr'>efﬁcax</span> <span class='ocrx_word' id='word_1_365' title='bbox 823 2984 949 3033; x_wconf 88' lang='lat' dir='ltr'>erat</span> <span class='ocrx_word' id='word_1_366' title='bbox 967 2977 1236 3050; x_wconf 88' lang='lat' dir='ltr'>probatio</span> <span class='ocrx_word' id='word_1_367' title='bbox 1261 2976 1634 3048; x_wconf 88' lang='lat' dir='ltr'>eleemosyna</span> <span class='ocrx_word' id='word_1_368' title='bbox 1657 2977 1715 3031; x_wconf 90' lang='lat' dir='ltr'>in</span> <span class='ocrx_word' id='word_1_369' title='bbox 1736 2976 2055 3048; x_wconf 81' lang='lat' dir='ltr'>proximos.</span> 
     </span>
    </p>
   </div>
   <div class='ocr_carea' id='block_1_49' title="bbox 409 3068 2058 3142">
    <p class='ocr_par' dir='ltr' id='par_1_49' title="bbox 409 3068 2058 3142">
     <span class='ocr_line' id='line_1_49' title="bbox 409 3068 2058 3142; baseline -0.003 -17"><span class='ocrx_word' id='word_1_370' title='bbox 409 3069 712 3142; x_wconf 88' lang='lat' dir='ltr'>Siquidem</span> <span class='ocrx_word' id='word_1_371' title='bbox 741 3085 1058 3141; x_wconf 88' lang='lat' dir='ltr'>persuasus</span> <span class='ocrx_word' id='word_1_372' title='bbox 1081 3085 1234 3135; x_wconf 88' lang='lat' dir='ltr'>sum,</span> <span class='ocrx_word' id='word_1_373' title='bbox 1277 3068 1492 3140; x_wconf 86' lang='lat' dir='ltr'>inquit,</span> <span class='ocrx_word' id='word_1_374' title='bbox 1527 3073 1586 3123; x_wconf 90' lang='lat' dir='ltr'>et</span> <span class='ocrx_word' id='word_1_375' title='bbox 1621 3068 1804 3123; x_wconf 91' lang='lat' dir='ltr'>Deum</span> <span class='ocrx_word' id='word_1_376' title='bbox 1856 3070 1915 3122; x_wconf 91' lang='lat' dir='ltr'>et</span> <span class='ocrx_word' id='word_1_377' title='bbox 1950 3082 2058 3120; x_wconf 90' lang='lat' dir='ltr'>nos</span> 
     </span>
    </p>
   </div>
   <div class='ocr_carea' id='block_1_50' title="bbox 405 3156 2138 3264">
    <p class='ocr_par' dir='ltr' id='par_1_50' title="bbox 405 3156 2138 3264">
     <span class='ocr_line' id='line_1_50' title="bbox 405 3156 2138 3264; baseline -0.003 -49"><span class='ocrx_word' id='word_1_378' title='bbox 405 3159 880 3232; x_wconf 86' lang='lat' dir='ltr'>propteripsum,</span> <span class='ocrx_word' id='word_1_379' title='bbox 900 3157 1110 3213; x_wconf 85' lang='lat' dir='ltr'>avobis</span> <span class='ocrx_word' id='word_1_380' title='bbox 1124 3157 1342 3215; x_wconf 86' lang='lat' dir='ltr'>amari:</span> <span class='ocrx_word' id='word_1_381' title='bbox 1363 3157 1466 3212; x_wconf 91' lang='lat' dir='ltr'>sed</span> <span class='ocrx_word' id='word_1_382' title='bbox 1480 3157 1796 3228; x_wconf 88' lang='lat' dir='ltr'>perfectior</span> <span class='ocrx_word' id='word_1_383' title='bbox 1807 3156 2054 3210; x_wconf 79' lang='lat' dir='ltr'>sincerae</span> <span class='ocrx_word' id='word_1_384' title='bbox 2095 3197 2138 3264; x_wconf 63' lang='grc' dir='ltr'><strong>Ο</strong></span> 
     </span>
     <span class='ocr_line' id='line_1_51' title="bbox 419 3243 2054 3264; baseline -0.004 2"><span class='ocrx_word' id='word_1_385' title='bbox 782 3244 1385 3264; x_wconf 43' lang='grc' dir='ltr'>,ειηιεωεημιημ</span> <span class='ocrx_word' id='word_1_386' title='bbox 1425 3259 1483 3264; x_wconf 54' lang='grc' dir='ltr'>η</span> <span class='ocrx_word' id='word_1_387' title='bbox 1534 3243 1892 3264; x_wconf 37' lang='grc' dir='ltr'>,ωτι-μημ</span> <span class='ocrx_word' id='word_1_388' title='bbox 1949 3258 2054 3264; x_wconf 80' lang='lat'>___</span> 
     </span>
    </p>
   </div>
   <div class='ocr_carea' id='block_1_51' title="bbox 411 3243 2055 3319">
    <p class='ocr_par' dir='ltr' id='par_1_51' title="bbox 411 3243 2055 3319">
     <span class='ocr_line' id='line_1_52' title="bbox 411 3243 2055 3319; baseline -0.004 -17"><span class='ocrx_word' id='word_1_389' title='bbox 411 3248 751 3319; x_wconf 76' lang='lat' dir='ltr'>etingenum</span> <span class='ocrx_word' id='word_1_390' title='bbox 775 3244 1109 3299; x_wconf 90' lang='lat' dir='ltr'>dilectionis</span> <span class='ocrx_word' id='word_1_391' title='bbox 1128 3244 1393 3314; x_wconf 88' lang='lat' dir='ltr'>probatio</span> <span class='ocrx_word' id='word_1_392' title='bbox 1420 3259 1487 3298; x_wconf 93' lang='lat' dir='ltr'>ac</span> <span class='ocrx_word' id='word_1_393' title='bbox 1526 3243 1920 3311; x_wconf 82' lang='lat' dir='ltr'>confirmatio,</span> <span class='ocrx_word' id='word_1_394' title='bbox 1949 3258 2055 3312; x_wconf 88' lang='lat' dir='ltr'>per</span> 
     </span>
    </p>
   </div>
   <div class='ocr_carea' id='block_1_52' title="bbox 411 3332 1641 3404">
    <p class='ocr_par' dir='ltr' id='par_1_52' title="bbox 411 3332 1641 3404">
     <span class='ocr_line' id='line_1_53' title="bbox 411 3332 1641 3404; baseline -0.003 -14"><span class='ocrx_word' id='word_1_395' title='bbox 411 3335 853 3404; x_wconf 79' lang='lat' dir='ltr'>eleemosynam</span> <span class='ocrx_word' id='word_1_396' title='bbox 885 3333 946 3386; x_wconf 93' lang='lat' dir='ltr'>in</span> <span class='ocrx_word' id='word_1_397' title='bbox 968 3348 1258 3402; x_wconf 89' lang='lat' dir='ltr'>pauperes</span> <span class='ocrx_word' id='word_1_398' title='bbox 1289 3332 1641 3388; x_wconf 89' lang='lat' dir='ltr'>declaratur.</span> 
     </span>
    </p>
   </div>
   <div class='ocr_carea' id='block_1_53' title="bbox 487 3421 2051 3491">
    <p class='ocr_par' dir='ltr' id='par_1_53' title="bbox 487 3421 2051 3491">
     <span class='ocr_line' id='line_1_54' title="bbox 487 3421 2051 3491; baseline -0.001 -15"><span class='ocrx_word' id='word_1_399' title='bbox 487 3424 628 3488; x_wconf 89' lang='lat' dir='ltr'><strong>VIII,</strong></span> <span class='ocrx_word' id='word_1_400' title='bbox 663 3423 818 3476; x_wconf 85' lang='grc'><strong>9-11.</strong></span> <span class='ocrx_word' id='word_1_401' title='bbox 851 3421 1027 3476; x_wconf 65' lang='lat' dir='ltr'>Nostis</span> <span class='ocrx_word' id='word_1_402' title='bbox 1056 3424 1198 3475; x_wconf 88' lang='lat' dir='ltr'>enim</span> <span class='ocrx_word' id='word_1_403' title='bbox 1228 3426 1470 3491; x_wconf 82' lang='lat' dir='ltr'>gratiam</span> <span class='ocrx_word' id='word_1_404' title='bbox 1495 3421 1710 3476; x_wconf 82' lang='lat' dir='ltr'>Domini</span> <span class='ocrx_word' id='word_1_405' title='bbox 1736 3426 1863 3478; x_wconf 87' lang='lat' dir='ltr'>Jesu</span> <span class='ocrx_word' id='word_1_406' title='bbox 1893 3423 2051 3478; x_wconf 82' lang='lat' dir='ltr'>Chri-</span> 
     </span>
    </p>
   </div>
   <div class='ocr_carea' id='block_1_54' title="bbox 411 3511 2052 3581">
    <p class='ocr_par' dir='ltr' id='par_1_54' title="bbox 411 3511 2052 3581">
     <span class='ocr_line' id='line_1_55' title="bbox 411 3511 2052 3581; baseline -0.002 -14"><span class='ocrx_word' id='word_1_407' title='bbox 411 3515 485 3567; x_wconf 80' lang='lat' dir='ltr'>sti</span> <span class='ocrx_word' id='word_1_408' title='bbox 513 3511 661 3581; x_wconf 86' lang='lat' dir='ltr'>quod</span> <span class='ocrx_word' id='word_1_409' title='bbox 684 3515 917 3579; x_wconf 81' lang='lat' dir='ltr'>propter</span> <span class='ocrx_word' id='word_1_410' title='bbox 945 3525 1036 3563; x_wconf 88' lang='lat' dir='ltr'>vos</span> <span class='ocrx_word' id='word_1_411' title='bbox 1058 3526 1276 3578; x_wconf 82' lang='lat' dir='ltr'>pauper</span> <span class='ocrx_word' id='word_1_412' title='bbox 1327 3512 1498 3578; x_wconf 80' lang='lat' dir='ltr'>fuerit</span> <span class='ocrx_word' id='word_1_413' title='bbox 1553 3526 1673 3564; x_wconf 86' lang='lat' dir='ltr'>cum</span> <span class='ocrx_word' id='word_1_414' title='bbox 1721 3517 1855 3566; x_wconf 87' lang='lat' dir='ltr'>esset</span> <span class='ocrx_word' id='word_1_415' title='bbox 1885 3511 2052 3577; x_wconf 83' lang='lat' dir='ltr'>dives,</span> 
     </span>
    </p>
   </div>
   <div class='ocr_carea' id='block_1_55' title="bbox 407 3596 2051 3666">
    <p class='ocr_par' dir='ltr' id='par_1_55' title="bbox 407 3596 2051 3666">
     <span class='ocr_line' id='line_1_56' title="bbox 407 3596 2051 3666; baseline -0.001 -14"><span class='ocrx_word' id='word_1_416' title='bbox 407 3605 469 3662; x_wconf 79' lang='lat' dir='ltr'>ut</span> <span class='ocrx_word' id='word_1_417' title='bbox 497 3613 590 3654; x_wconf 89' lang='lat' dir='ltr'>vos</span> <span class='ocrx_word' id='word_1_418' title='bbox 621 3597 770 3652; x_wconf 84' lang='lat' dir='ltr'>illius</span> <span class='ocrx_word' id='word_1_419' title='bbox 798 3598 994 3666; x_wconf 85' lang='lat' dir='ltr'>inopia</span> <span class='ocrx_word' id='word_1_420' title='bbox 1033 3596 1380 3652; x_wconf 84' lang='lat' dir='ltr'>dilesceretis.</span> <span class='ocrx_word' id='word_1_421' title='bbox 1414 3600 1482 3651; x_wconf 87' lang='lat' dir='ltr'>Et</span> <span class='ocrx_word' id='word_1_422' title='bbox 1540 3599 1827 3652; x_wconf 85' lang='lat' dir='ltr'>consilium</span> <span class='ocrx_word' id='word_1_423' title='bbox 1867 3600 1922 3651; x_wconf 91' lang='lat' dir='ltr'>in</span> <span class='ocrx_word' id='word_1_424' title='bbox 1956 3597 2051 3651; x_wconf 89' lang='lat' dir='ltr'>hoc</span> 
     </span>
    </p>
   </div>
   <div class='ocr_carea' id='block_1_56' title="bbox 408 3685 2050 3757">
    <p class='ocr_par' dir='ltr' id='par_1_56' title="bbox 408 3685 2050 3757">
     <span class='ocr_line' id='line_1_57' title="bbox 408 3685 2050 3757; baseline -0.001 -14"><span class='ocrx_word' id='word_1_425' title='bbox 408 3688 498 3743; x_wconf 88' lang='lat' dir='ltr'>do.</span> <span class='ocrx_word' id='word_1_426' title='bbox 533 3688 670 3742; x_wconf 88' lang='lat' dir='ltr'>Nam</span> <span class='ocrx_word' id='word_1_427' title='bbox 709 3685 808 3741; x_wconf 83' lang='lat' dir='ltr'>hoc</span> <span class='ocrx_word' id='word_1_428' title='bbox 837 3687 985 3741; x_wconf 87' lang='lat' dir='ltr'>vobis</span> <span class='ocrx_word' id='word_1_429' title='bbox 1017 3685 1309 3741; x_wconf 85' lang='lat' dir='ltr'>conducit:</span> <span class='ocrx_word' id='word_1_430' title='bbox 1345 3689 1442 3757; x_wconf 86' lang='lat' dir='ltr'>qui</span> <span class='ocrx_word' id='word_1_431' title='bbox 1471 3685 1693 3756; x_wconf 80' lang='lat' dir='ltr'>quidem</span> <span class='ocrx_word' id='word_1_432' title='bbox 1735 3702 1846 3740; x_wconf 90' lang='lat' dir='ltr'>non</span> <span class='ocrx_word' id='word_1_433' title='bbox 1875 3687 2050 3741; x_wconf 86' lang='lat' dir='ltr'>solum</span> 
     </span>
    </p>
   </div>
   <div class='ocr_carea' id='block_1_57' title="bbox 401 3776 2044 3847">
    <p class='ocr_par' dir='ltr' id='par_1_57' title="bbox 401 3776 2044 3847">
     <span class='ocr_line' id='line_1_58' title="bbox 401 3776 2044 3847; baseline -0.002 -14"><span class='ocrx_word' id='word_1_434' title='bbox 401 3781 584 3847; x_wconf 81' lang='lat' dir='ltr'>facere</span> <span class='ocrx_word' id='word_1_435' title='bbox 607 3777 701 3832; x_wconf 88' lang='lat' dir='ltr'>sed</span> <span class='ocrx_word' id='word_1_436' title='bbox 729 3782 780 3830; x_wconf 83' lang='lat' dir='ltr'>et</span> <span class='ocrx_word' id='word_1_437' title='bbox 810 3776 944 3831; x_wconf 82' lang='lat' dir='ltr'>velle</span> <span class='ocrx_word' id='word_1_438' title='bbox 978 3778 1216 3846; x_wconf 68' lang='lat' dir='ltr'>ca’pislis</span> <span class='ocrx_word' id='word_1_439' title='bbox 1253 3778 1376 3847; x_wconf 89' lang='lat' dir='ltr'>jam</span> <span class='ocrx_word' id='word_1_440' title='bbox 1432 3777 1499 3830; x_wconf 84' lang='lat' dir='ltr'>ab</span> <span class='ocrx_word' id='word_1_441' title='bbox 1550 3791 1697 3830; x_wconf 90' lang='lat' dir='ltr'>anno</span> <span class='ocrx_word' id='word_1_442' title='bbox 1745 3779 2044 3846; x_wconf 81' lang='lat' dir='ltr'>superiore.</span> 
     </span>
    </p>
   </div>
   <div class='ocr_carea' id='block_1_58' title="bbox 403 3865 2044 3935">
    <p class='ocr_par' dir='ltr' id='par_1_58' title="bbox 403 3865 2044 3935">
     <span class='ocr_line' id='line_1_59' title="bbox 403 3865 2044 3935; baseline -0.002 -12"><span class='ocrx_word' id='word_1_443' title='bbox 403 3870 558 3924; x_wconf 90' lang='lat' dir='ltr'>Nunc</span> <span class='ocrx_word' id='word_1_444' title='bbox 584 3873 768 3921; x_wconf 88' lang='lat' dir='ltr'>autem</span> <span class='ocrx_word' id='word_1_445' title='bbox 799 3871 850 3920; x_wconf 89' lang='lat' dir='ltr'>et</span> <span class='ocrx_word' id='word_1_446' title='bbox 883 3865 1024 3920; x_wconf 83' lang='lat' dir='ltr'>illud</span> <span class='ocrx_word' id='word_1_447' title='bbox 1064 3865 1213 3934; x_wconf 90' lang='lat' dir='ltr'>quod</span> <span class='ocrx_word' id='word_1_448' title='bbox 1255 3868 1439 3934; x_wconf 81' lang='lat' dir='ltr'>facere</span> <span class='ocrx_word' id='word_1_449' title='bbox 1489 3868 1723 3935; x_wconf 56' lang='lat' dir='ltr'>cepistis</span> <span class='ocrx_word' id='word_1_450' title='bbox 1747 3868 1999 3935; x_wconf 80' lang='lat' dir='ltr'>perﬁcite</span> <span class='ocrx_word' id='word_1_451' title='bbox 2032 3882 2044 3919; x_wconf 88' lang='lat'><strong>:</strong></span> 
     </span>
    </p>
   </div>
   <div class='ocr_carea' id='block_1_59' title="bbox 404 3953 2048 4024">
    <p class='ocr_par' dir='ltr' id='par_1_59' title="bbox 404 3953 2048 4024">
     <span class='ocr_line' id='line_1_60' title="bbox 404 3953 2048 4024; baseline -0.001 -15"><span class='ocrx_word' id='word_1_452' title='bbox 404 3961 467 4009; x_wconf 89' lang='lat' dir='ltr'>ut</span> <span class='ocrx_word' id='word_1_453' title='bbox 497 3954 954 4024; x_wconf 85' lang='lat' dir='ltr'>quemadmodum</span> <span class='ocrx_word' id='word_1_454' title='bbox 1005 3955 1388 4024; x_wconf 85' lang='lat' dir='ltr'>promptitudo</span> <span class='ocrx_word' id='word_1_455' title='bbox 1443 3954 1745 4009; x_wconf 85' lang='lat' dir='ltr'>voluntatis</span> <span class='ocrx_word' id='word_1_456' title='bbox 1800 3953 1933 4021; x_wconf 84' lang='lat' dir='ltr'>fuit,</span> <span class='ocrx_word' id='word_1_457' title='bbox 1969 3956 2048 4008; x_wconf 85' lang='lat' dir='ltr'>ita</span> 
     </span>
    </p>
   </div>
   <div class='ocr_carea' id='block_1_60' title="bbox 401 4042 1386 4114">
    <p class='ocr_par' dir='ltr' id='par_1_60' title="bbox 401 4042 1386 4114">
     <span class='ocr_line' id='line_1_61' title="bbox 401 4042 1386 4114; baseline -0.001 -16"><span class='ocrx_word' id='word_1_458' title='bbox 401 4045 729 4114; x_wconf 85' lang='lat' dir='ltr'>perﬁciatur</span> <span class='ocrx_word' id='word_1_459' title='bbox 757 4059 826 4097; x_wconf 72' lang='lat' dir='ltr'>ex</span> <span class='ocrx_word' id='word_1_460' title='bbox 858 4059 920 4097; x_wconf 90' lang='lat' dir='ltr'>eo</span> <span class='ocrx_word' id='word_1_461' title='bbox 949 4043 1097 4113; x_wconf 85' lang='lat' dir='ltr'>quod</span> <span class='ocrx_word' id='word_1_462' title='bbox 1121 4042 1386 4113; x_wconf 84' lang='lat' dir='ltr'>possidet.</span> 
     </span>
    </p>
   </div>
   <div class='ocr_carea' id='block_1_61' title="bbox 477 4225 2050 4301">
    <p class='ocr_par' dir='ltr' id='par_1_61' title="bbox 477 4225 2050 4301">
     <span class='ocr_line' id='line_1_62' title="bbox 477 4225 2050 4301; baseline 0.002 -19"><span class='ocrx_word' id='word_1_463' title='bbox 477 4249 505 4276; x_wconf 83' lang='lat'><strong>«</strong></span> <span class='ocrx_word' id='word_1_464' title='bbox 528 4225 722 4282; x_wconf 87' lang='lat' dir='ltr'>Nostis</span> <span class='ocrx_word' id='word_1_465' title='bbox 745 4225 903 4281; x_wconf 90' lang='lat' dir='ltr'>enim</span> <span class='ocrx_word' id='word_1_466' title='bbox 927 4227 1175 4297; x_wconf 88' lang='lat' dir='ltr'>gratiam</span> <span class='ocrx_word' id='word_1_467' title='bbox 1200 4227 1433 4283; x_wconf 89' lang='lat' dir='ltr'>Domini</span> <span class='ocrx_word' id='word_1_468' title='bbox 1457 4229 1662 4285; x_wconf 88' lang='lat' dir='ltr'>nostri.</span> <span class='ocrx_word' id='word_1_469' title='bbox 1691 4251 1719 4278; x_wconf 83' lang='lat'>»</span> <span class='ocrx_word' id='word_1_470' title='bbox 1743 4231 1886 4285; x_wconf 87' lang='lat' dir='ltr'>Nam</span> <span class='ocrx_word' id='word_1_471' title='bbox 1905 4246 2050 4301; x_wconf 52' lang='lat' dir='ltr'>pau.</span> 
     </span>
    </p>
   </div>
   <div class='ocr_carea' id='block_1_62' title="bbox 402 4315 2054 4390">
    <p class='ocr_par' dir='ltr' id='par_1_62' title="bbox 402 4315 2054 4390">
     <span class='ocr_line' id='line_1_63' title="bbox 402 4315 2054 4390; baseline -0.001 -17"><span class='ocrx_word' id='word_1_472' title='bbox 402 4332 510 4390; x_wconf 87' lang='lat' dir='ltr'>per</span> <span class='ocrx_word' id='word_1_473' title='bbox 529 4316 640 4373; x_wconf 82' lang='lat' dir='ltr'>fuit</span> <span class='ocrx_word' id='word_1_474' title='bbox 669 4315 730 4370; x_wconf 89' lang='lat' dir='ltr'>in</span> <span class='ocrx_word' id='word_1_475' title='bbox 764 4321 968 4372; x_wconf 90' lang='lat' dir='ltr'>nostra</span> <span class='ocrx_word' id='word_1_476' title='bbox 999 4331 1176 4372; x_wconf 89' lang='lat' dir='ltr'>carne</span> <span class='ocrx_word' id='word_1_477' title='bbox 1203 4315 1451 4372; x_wconf 90' lang='lat' dir='ltr'>:deinde</span> <span class='ocrx_word' id='word_1_478' title='bbox 1502 4317 1936 4375; x_wconf 87' lang='lat' dir='ltr'>condemnatus</span> <span class='ocrx_word' id='word_1_479' title='bbox 1963 4324 2054 4376; x_wconf 89' lang='lat' dir='ltr'>est</span> 
     </span>
    </p>
   </div>
   <div class='ocr_carea' id='block_1_63' title="bbox 404 4405 2053 4484">
    <p class='ocr_par' dir='ltr' id='par_1_63' title="bbox 404 4405 2053 4484">
     <span class='ocr_line' id='line_1_64' title="bbox 404 4405 2053 4484; baseline 0.001 -21"><span class='ocrx_word' id='word_1_480' title='bbox 404 4422 472 4463; x_wconf 86' lang='lat' dir='ltr'>ac</span> <span class='ocrx_word' id='word_1_481' title='bbox 502 4405 821 4461; x_wconf 79' lang='lat' dir='ltr'>cruciﬁxus</span> <span class='ocrx_word' id='word_1_482' title='bbox 847 4423 860 4462; x_wconf 88' lang='lat'><strong>:</strong></span> <span class='ocrx_word' id='word_1_483' title='bbox 882 4405 1057 4475; x_wconf 82' lang='lat' dir='ltr'>idque</span> <span class='ocrx_word' id='word_1_484' title='bbox 1091 4411 1331 4476; x_wconf 87' lang='lat' dir='ltr'>propter</span> <span class='ocrx_word' id='word_1_485' title='bbox 1348 4423 1455 4461; x_wconf 89' lang='lat' dir='ltr'>nos</span> <span class='ocrx_word' id='word_1_486' title='bbox 1478 4408 1771 4480; x_wconf 88' lang='lat' dir='ltr'>indignos.</span> <span class='ocrx_word' id='word_1_487' title='bbox 1799 4411 1854 4464; x_wconf 89' lang='lat' dir='ltr'>Si</span> <span class='ocrx_word' id='word_1_488' title='bbox 1877 4411 2053 4484; x_wconf 85' lang='lat' dir='ltr'>igitur</span> 
     </span>
    </p>
   </div>
   <div class='ocr_carea' id='block_1_64' title="bbox 404 4493 2051 4569">
    <p class='ocr_par' dir='ltr' id='par_1_64' title="bbox 404 4493 2051 4569">
     <span class='ocr_line' id='line_1_65' title="bbox 404 4493 2051 4569; baseline 0.004 -21"><span class='ocrx_word' id='word_1_489' title='bbox 404 4494 525 4563; x_wconf 90' lang='lat' dir='ltr'>ille,</span> <span class='ocrx_word' id='word_1_490' title='bbox 569 4493 784 4564; x_wconf 89' lang='lat' dir='ltr'>inquit,</span> <span class='ocrx_word' id='word_1_491' title='bbox 837 4498 1077 4564; x_wconf 89' lang='lat' dir='ltr'>propter</span> <span class='ocrx_word' id='word_1_492' title='bbox 1098 4498 1152 4548; x_wconf 86' lang='lat' dir='ltr'>te</span> <span class='ocrx_word' id='word_1_493' title='bbox 1180 4509 1406 4564; x_wconf 91' lang='lat' dir='ltr'>pauper</span> <span class='ocrx_word' id='word_1_494' title='bbox 1428 4495 1556 4562; x_wconf 89' lang='lat' dir='ltr'>fuit,</span> <span class='ocrx_word' id='word_1_495' title='bbox 1580 4503 1644 4551; x_wconf 86' lang='lat' dir='ltr'>tu</span> <span class='ocrx_word' id='word_1_496' title='bbox 1665 4514 1737 4552; x_wconf 90' lang='lat' dir='ltr'>ne</span> <span class='ocrx_word' id='word_1_497' title='bbox 1769 4500 2051 4569; x_wconf 90' lang='lat' dir='ltr'>pecunias</span> 
     </span>
    </p>
   </div>
   <div class='ocr_carea' id='block_1_65' title="bbox 406 4566 2131 4654">
    <p class='ocr_par' dir='ltr' id='par_1_65' title="bbox 406 4566 2131 4654">
     <span class='ocr_line' id='line_1_66' title="bbox 406 4566 2131 4654; baseline 0 -15"><span class='ocrx_word' id='word_1_498' title='bbox 406 4584 648 4654; x_wconf 87' lang='lat' dir='ltr'>quidem</span> <span class='ocrx_word' id='word_1_499' title='bbox 680 4588 924 4654; x_wconf 89' lang='lat' dir='ltr'>propter</span> <span class='ocrx_word' id='word_1_500' title='bbox 946 4583 1140 4654; x_wconf 88' lang='lat' dir='ltr'>ipsum</span> <span class='ocrx_word' id='word_1_501' title='bbox 1163 4581 1414 4637; x_wconf 62' lang='lat' dir='ltr'>dabis‘h</span> <span class='ocrx_word' id='word_1_502' title='bbox 1431 4585 1573 4638; x_wconf 91' lang='lat' dir='ltr'>Cum</span> <span class='ocrx_word' id='word_1_503' title='bbox 1621 4566 1786 4640; x_wconf 72' lang='lat' dir='ltr'>esset</span> <span class='ocrx_word' id='word_1_504' title='bbox 1809 4588 1988 4644; x_wconf 88' lang='lat' dir='ltr'>dives.</span> <span class='ocrx_word' id='word_1_505' title='bbox 2025 4609 2052 4639; x_wconf 85' lang='lat'>»</span> <span class='ocrx_word' id='word_1_506' title='bbox 2085 4566 2131 4632; x_wconf 84' lang='grc' dir='ltr'>Ῑ)</span> 
     </span>
    </p>
   </div>
   <div class='ocr_carea' id='block_1_66' title="bbox 403 4671 2050 4746">
    <p class='ocr_par' dir='ltr' id='par_1_66' title="bbox 403 4671 2050 4746">
     <span class='ocr_line' id='line_1_67' title="bbox 403 4671 2050 4746; baseline 0.004 -20"><span class='ocrx_word' id='word_1_507' title='bbox 403 4672 702 4736; x_wconf 86' lang='lat' dir='ltr'>Quatenus</span> <span class='ocrx_word' id='word_1_508' title='bbox 726 4677 815 4726; x_wconf 88' lang='lat' dir='ltr'>est</span> <span class='ocrx_word' id='word_1_509' title='bbox 837 4677 894 4727; x_wconf 91' lang='lat' dir='ltr'>et</span> <span class='ocrx_word' id='word_1_510' title='bbox 917 4671 1265 4742; x_wconf 85' lang='lat' dir='ltr'>intelligitur</span> <span class='ocrx_word' id='word_1_511' title='bbox 1286 4688 1414 4726; x_wconf 88' lang='lat' dir='ltr'>esse</span> <span class='ocrx_word' id='word_1_512' title='bbox 1440 4674 1622 4729; x_wconf 89' lang='lat' dir='ltr'>Deus:</span> <span class='ocrx_word' id='word_1_513' title='bbox 1646 4681 1852 4746; x_wconf 88' lang='lat' dir='ltr'>utpote</span> <span class='ocrx_word' id='word_1_514' title='bbox 1905 4677 2050 4733; x_wconf 82' lang='lat' dir='ltr'>inef-</span> 
     </span>
    </p>
   </div>
   <div class='ocr_carea' id='block_1_67' title="bbox 403 4758 2052 4836">
    <p class='ocr_par' dir='ltr' id='par_1_67' title="bbox 403 4758 2052 4836">
     <span class='ocr_line' id='line_1_68' title="bbox 403 4758 2052 4836; baseline 0.005 -24"><span class='ocrx_word' id='word_1_515' title='bbox 403 4758 623 4828; x_wconf 85' lang='lat' dir='ltr'>fabilis,</span> <span class='ocrx_word' id='word_1_516' title='bbox 652 4760 1132 4833; x_wconf 88' lang='lat' dir='ltr'>inintelligibilis,</span> <span class='ocrx_word' id='word_1_517' title='bbox 1167 4761 1498 4826; x_wconf 87' lang='lat' dir='ltr'>invisibilis,</span> <span class='ocrx_word' id='word_1_518' title='bbox 1543 4763 2052 4836; x_wconf 85' lang='lat' dir='ltr'>incomprehensi-</span> 
     </span>
    </p>
   </div>
   <div class='ocr_carea' id='block_1_68' title="bbox 404 4845 2050 4923">
    <p class='ocr_par' dir='ltr' id='par_1_68' title="bbox 404 4845 2050 4923">
     <span class='ocr_line' id='line_1_69' title="bbox 404 4845 2050 4923; baseline 0.006 -22"><span class='ocrx_word' id='word_1_519' title='bbox 404 4845 562 4913; x_wconf 90' lang='lat' dir='ltr'>bilis,</span> <span class='ocrx_word' id='word_1_520' title='bbox 596 4848 842 4919; x_wconf 87' lang='lat' dir='ltr'>gloriam</span> <span class='ocrx_word' id='word_1_521' title='bbox 885 4849 1111 4904; x_wconf 87' lang='lat' dir='ltr'>habens</span> <span class='ocrx_word' id='word_1_522' title='bbox 1143 4849 1530 4920; x_wconf 73' lang='lat' dir='ltr'>ineffabilem,</span> <span class='ocrx_word' id='word_1_523' title='bbox 1564 4851 1756 4906; x_wconf 87' lang='lat' dir='ltr'>lucem</span> <span class='ocrx_word' id='word_1_524' title='bbox 1790 4869 1920 4923; x_wconf 66' lang='lat' dir='ltr'>quas</span> <span class='ocrx_word' id='word_1_525' title='bbox 1952 4872 2050 4911; x_wconf 85' lang='lat' dir='ltr'>ex-</span> 
     </span>
    </p>
   </div>
   <div class='ocr_carea' id='block_1_69' title="bbox 403 4935 2055 5011">
    <p class='ocr_par' dir='ltr' id='par_1_69' title="bbox 403 4935 2055 5011">
     <span class='ocr_line' id='line_1_70' title="bbox 403 4935 2055 5011; baseline 0.006 -23"><span class='ocrx_word' id='word_1_526' title='bbox 403 4935 582 5008; x_wconf 88' lang='lat' dir='ltr'>primi</span> <span class='ocrx_word' id='word_1_527' title='bbox 597 4943 873 5006; x_wconf 88' lang='lat' dir='ltr'>nequeat,</span> <span class='ocrx_word' id='word_1_528' title='bbox 888 4938 2055 5011; x_wconf 84' lang='lat' dir='ltr'>magnitudinemincomparabilem,«Ut</span> 
     </span>
    </p>
   </div>
   <div class='ocr_carea' id='block_1_70' title="bbox 402 5023 2048 5104">
    <p class='ocr_par' dir='ltr' id='par_1_70' title="bbox 402 5023 2048 5104">
     <span class='ocr_line' id='line_1_71' title="bbox 402 5023 2048 5104; baseline 0.005 -25"><span class='ocrx_word' id='word_1_529' title='bbox 402 5041 504 5080; x_wconf 89' lang='lat' dir='ltr'>vos</span> <span class='ocrx_word' id='word_1_530' title='bbox 524 5023 682 5080; x_wconf 89' lang='lat' dir='ltr'>illius</span> <span class='ocrx_word' id='word_1_531' title='bbox 705 5023 908 5096; x_wconf 79' lang='lat' dir='ltr'>inapia</span> <span class='ocrx_word' id='word_1_532' title='bbox 927 5025 1300 5082; x_wconf 87' lang='lat' dir='ltr'>ditesceritis.</span> <span class='ocrx_word' id='word_1_533' title='bbox 1319 5050 1347 5078; x_wconf 82' lang='lat'><em>»</em></span> <span class='ocrx_word' id='word_1_534' title='bbox 1365 5029 1480 5083; x_wconf 68' lang='lat' dir='ltr'>Nisi</span> <span class='ocrx_word' id='word_1_535' title='bbox 1508 5030 1801 5094; x_wconf 89' lang='lat' dir='ltr'>enimille,</span> <span class='ocrx_word' id='word_1_536' title='bbox 1836 5033 2048 5104; x_wconf 89' lang='lat' dir='ltr'>inquit,</span> 
     </span>
    </p>
   </div>
   <div class='ocr_carea' id='block_1_71' title="bbox 403 5113 2050 5190">
    <p class='ocr_par' dir='ltr' id='par_1_71' title="bbox 403 5113 2050 5190">
     <span class='ocr_line' id='line_1_72' title="bbox 403 5113 2050 5190; baseline 0.005 -20"><span class='ocrx_word' id='word_1_537' title='bbox 403 5130 630 5188; x_wconf 87' lang='lat' dir='ltr'>pauper</span> <span class='ocrx_word' id='word_1_538' title='bbox 648 5113 880 5178; x_wconf 81' lang='lat' dir='ltr'>fuisset,</span> <span class='ocrx_word' id='word_1_539' title='bbox 909 5132 1017 5169; x_wconf 83' lang='lat' dir='ltr'>nos</span> <span class='ocrx_word' id='word_1_540' title='bbox 1041 5117 1213 5171; x_wconf 86' lang='lat' dir='ltr'>ditari</span> <span class='ocrx_word' id='word_1_541' title='bbox 1245 5135 1362 5173; x_wconf 91' lang='lat' dir='ltr'>non</span> <span class='ocrx_word' id='word_1_542' title='bbox 1382 5119 1803 5190; x_wconf 85' lang='lat' dir='ltr'>potuissemus.</span> <span class='ocrx_word' id='word_1_543' title='bbox 1838 5123 2050 5179; x_wconf 88' lang='lat' dir='ltr'>Sumus</span> 
     </span>
    </p>
   </div>
   <div class='ocr_carea' id='block_1_72' title="bbox 401 5203 2049 5279">
    <p class='ocr_par' dir='ltr' id='par_1_72' title="bbox 401 5203 2049 5279">
     <span class='ocr_line' id='line_1_73' title="bbox 401 5203 2049 5279; baseline 0.007 -20"><span class='ocrx_word' id='word_1_544' title='bbox 401 5210 601 5261; x_wconf 81' lang='lat' dir='ltr'>autem</span> <span class='ocrx_word' id='word_1_545' title='bbox 626 5203 793 5258; x_wconf 89' lang='lat' dir='ltr'>ditati</span> <span class='ocrx_word' id='word_1_546' title='bbox 816 5204 1165 5259; x_wconf 84' lang='lat' dir='ltr'>remissione</span> <span class='ocrx_word' id='word_1_547' title='bbox 1182 5215 1556 5276; x_wconf 85' lang='lat' dir='ltr'>peccatorum</span> <span class='ocrx_word' id='word_1_548' title='bbox 1572 5213 2049 5279; x_wconf 84' lang='lat' dir='ltr'>sanctilate,ado-</span> 
     </span>
    </p>
   </div>
   <div class='ocr_carea' id='block_1_73' title="bbox 399 5292 2049 5369">
    <p class='ocr_par' dir='ltr' id='par_1_73' title="bbox 399 5292 2049 5369">
     <span class='ocr_line' id='line_1_74' title="bbox 399 5292 2049 5369; baseline 0.009 -26"><span class='ocrx_word' id='word_1_549' title='bbox 399 5293 622 5367; x_wconf 82' lang='lat' dir='ltr'>plione,</span> <span class='ocrx_word' id='word_1_550' title='bbox 641 5292 770 5363; x_wconf 85' lang='lat' dir='ltr'>ipso</span> <span class='ocrx_word' id='word_1_551' title='bbox 787 5292 964 5346; x_wconf 89' lang='lat' dir='ltr'>etiam</span> <span class='ocrx_word' id='word_1_552' title='bbox 986 5293 1269 5351; x_wconf 77' lang='lat' dir='ltr'>cmlorum</span> <span class='ocrx_word' id='word_1_553' title='bbox 1289 5313 1489 5369; x_wconf 85' lang='lat' dir='ltr'>regno.</span> <span class='ocrx_word' id='word_1_554' title='bbox 1525 5324 1550 5348; x_wconf 80' lang='grc' dir='ltr'>α</span> <span class='ocrx_word' id='word_1_555' title='bbox 1574 5301 1642 5355; x_wconf 88' lang='lat' dir='ltr'>Et</span> <span class='ocrx_word' id='word_1_556' title='bbox 1654 5302 1964 5359; x_wconf 87' lang='lat' dir='ltr'>consilium</span> <span class='ocrx_word' id='word_1_557' title='bbox 1989 5304 2049 5358; x_wconf 91' lang='lat' dir='ltr'>in</span> 
     </span>
    </p>
   </div>
   <div class='ocr_carea' id='block_1_74' title="bbox 401 5380 2049 5460">
    <p class='ocr_par' dir='ltr' id='par_1_74' title="bbox 401 5380 2049 5460">
     <span class='ocr_line' id='line_1_75' title="bbox 401 5380 2049 5460; baseline 0.007 -23"><span class='ocrx_word' id='word_1_558' title='bbox 401 5383 514 5437; x_wconf 91' lang='lat' dir='ltr'>hoc</span> <span class='ocrx_word' id='word_1_559' title='bbox 531 5381 625 5437; x_wconf 93' lang='lat' dir='ltr'>do.</span> <span class='ocrx_word' id='word_1_560' title='bbox 654 5380 826 5436; x_wconf 76' lang='lat' dir='ltr'>nVide</span> <span class='ocrx_word' id='word_1_561' title='bbox 843 5382 1139 5452; x_wconf 89' lang='lat' dir='ltr'>quomodo</span> <span class='ocrx_word' id='word_1_562' title='bbox 1157 5384 1390 5441; x_wconf 87' lang='lat' dir='ltr'>studeat</span> <span class='ocrx_word' id='word_1_563' title='bbox 1410 5404 1526 5442; x_wconf 85' lang='lat' dir='ltr'>non</span> <span class='ocrx_word' id='word_1_564' title='bbox 1543 5390 1732 5460; x_wconf 88' lang='lat' dir='ltr'>gravis</span> <span class='ocrx_word' id='word_1_565' title='bbox 1756 5397 1857 5447; x_wconf 89' lang='lat' dir='ltr'>aut</span> <span class='ocrx_word' id='word_1_566' title='bbox 1885 5391 2049 5448; x_wconf 92' lang='lat' dir='ltr'>odio-</span> 
     </span>
    </p>
   </div>
   <div class='ocr_carea' id='block_1_75' title="bbox 404 5471 2046 5550">
    <p class='ocr_par' dir='ltr' id='par_1_75' title="bbox 404 5471 2046 5550">
     <span class='ocr_line' id='line_1_76' title="bbox 404 5471 2046 5550; baseline 0.007 -25"><span class='ocrx_word' id='word_1_567' title='bbox 404 5487 504 5526; x_wconf 89' lang='lat' dir='ltr'>sus</span> <span class='ocrx_word' id='word_1_568' title='bbox 526 5471 749 5526; x_wconf 89' lang='lat' dir='ltr'>haberi.</span> <span class='ocrx_word' id='word_1_569' title='bbox 779 5471 982 5526; x_wconf 86' lang='lat' dir='ltr'>Meam.</span> <span class='ocrx_word' id='word_1_570' title='bbox 1017 5472 1117 5539; x_wconf 87' lang='lat' dir='ltr'>ait,</span> <span class='ocrx_word' id='word_1_571' title='bbox 1141 5475 1497 5530; x_wconf 77' lang='lat' dir='ltr'>sententiam</span> <span class='ocrx_word' id='word_1_572' title='bbox 1527 5483 1584 5531; x_wconf 90' lang='lat' dir='ltr'>et</span> <span class='ocrx_word' id='word_1_573' title='bbox 1606 5479 1916 5535; x_wconf 90' lang='lat' dir='ltr'>consilium</span> <span class='ocrx_word' id='word_1_574' title='bbox 1950 5480 2046 5550; x_wconf 92' lang='lat' dir='ltr'>do,</span> 
     </span>
    </p>
   </div>
   <div class='ocr_carea' id='block_1_76' title="bbox 403 5560 2046 5639">
    <p class='ocr_par' dir='ltr' id='par_1_76' title="bbox 403 5560 2046 5639">
     <span class='ocr_line' id='line_1_77' title="bbox 403 5560 2046 5639; baseline 0.006 -24"><span class='ocrx_word' id='word_1_575' title='bbox 403 5577 525 5616; x_wconf 90' lang='lat' dir='ltr'>non</span> <span class='ocrx_word' id='word_1_576' title='bbox 555 5560 972 5616; x_wconf 87' lang='lat' dir='ltr'>necessitatem</span> <span class='ocrx_word' id='word_1_577' title='bbox 997 5561 1258 5632; x_wconf 90' lang='lat' dir='ltr'>impono,</span> <span class='ocrx_word' id='word_1_578' title='bbox 1285 5564 1404 5618; x_wconf 90' lang='lat' dir='ltr'>imo</span> <span class='ocrx_word' id='word_1_579' title='bbox 1420 5571 1734 5636; x_wconf 85' lang='lat' dir='ltr'>propterea</span> <span class='ocrx_word' id='word_1_580' title='bbox 1756 5568 1830 5622; x_wconf 91' lang='lat' dir='ltr'>do</span> <span class='ocrx_word' id='word_1_581' title='bbox 1853 5569 2046 5639; x_wconf 88' lang='lat' dir='ltr'>ipsum</span> 
     </span>
    </p>
   </div>
   <div class='ocr_carea' id='block_1_77' title="bbox 406 5650 2050 5726">
    <p class='ocr_par' dir='ltr' id='par_1_77' title="bbox 406 5650 2050 5726">
     <span class='ocr_line' id='line_1_78' title="bbox 406 5650 2050 5726; baseline 0.007 -22"><span class='ocrx_word' id='word_1_582' title='bbox 406 5650 742 5715; x_wconf 82' lang='lat' dir='ltr'>consilium,</span> <span class='ocrx_word' id='word_1_583' title='bbox 765 5650 922 5722; x_wconf 89' lang='lat' dir='ltr'>quod</span> <span class='ocrx_word' id='word_1_584' title='bbox 949 5665 1043 5706; x_wconf 89' lang='lat' dir='ltr'>res</span> <span class='ocrx_word' id='word_1_585' title='bbox 1067 5650 1144 5706; x_wconf 89' lang='lat' dir='ltr'>sit</span> <span class='ocrx_word' id='word_1_586' title='bbox 1163 5667 1295 5720; x_wconf 72' lang='lat' dir='ltr'>qum</span> <span class='ocrx_word' id='word_1_587' title='bbox 1328 5653 1490 5709; x_wconf 88' lang='lat' dir='ltr'>vobis</span> <span class='ocrx_word' id='word_1_588' title='bbox 1522 5656 1708 5726; x_wconf 82' lang='lat' dir='ltr'>magis</span> <span class='ocrx_word' id='word_1_589' title='bbox 1757 5656 2050 5715; x_wconf 88' lang='lat' dir='ltr'>conducat</span> 
     </span>
    </p>
   </div>
   <div class='ocr_carea' id='block_1_78' title="bbox 2167 1894 3806 1980">
    <p class='ocr_par' dir='ltr' id='par_1_78' title="bbox 2167 1894 3806 1980">
     <span class='ocr_line' id='line_1_79' title="bbox 2167 1894 3806 1980; baseline 0.007 -34"><span class='ocrx_word' id='word_1_590' title='bbox 2167 1896 2266 1971; x_wconf 76' lang='grc' dir='ltr'>γὴν</span> <span class='ocrx_word' id='word_1_591' title='bbox 2297 1894 2458 1971; x_wconf 77' lang='grc' dir='ltr'>λέγω.</span> <span class='ocrx_word' id='word_1_592' title='bbox 2495 1922 2515 1950; x_wconf 75' lang='grc' dir='ltr'>ι</span> <span class='ocrx_word' id='word_1_593' title='bbox 2565 1895 2786 1968; x_wconf 65' lang='grc' dir='ltr'>⁹ιιπειδή</span> <span class='ocrx_word' id='word_1_594' title='bbox 2845 1897 3030 1953; x_wconf 86' lang='grc' dir='ltr'>πολλὰ</span> <span class='ocrx_word' id='word_1_595' title='bbox 3077 1920 3136 1954; x_wconf 91' lang='grc' dir='ltr'>τε</span> <span class='ocrx_word' id='word_1_596' title='bbox 3192 1900 3483 1976; x_wconf 71' lang='grc' dir='ltr'>παρῄνεσε,</span> <span class='ocrx_word' id='word_1_597' title='bbox 3557 1903 3647 1956; x_wconf 76' lang='grc' dir='ltr'>καὶ</span> <span class='ocrx_word' id='word_1_598' title='bbox 3677 1905 3806 1980; x_wconf 73' lang='grc' dir='ltr'>σφό-</span> 
     </span>
    </p>
   </div>
   <div class='ocr_carea' id='block_1_79' title="bbox 2171 1982 3809 2066">
    <p class='ocr_par' dir='ltr' id='par_1_79' title="bbox 2171 1982 3809 2066">
     <span class='ocr_line' id='line_1_80' title="bbox 2171 1982 3809 2066; baseline 0.005 -28"><span class='ocrx_word' id='word_1_599' title='bbox 2171 1982 2270 2059; x_wconf 87' lang='grc' dir='ltr'>δρα</span> <span class='ocrx_word' id='word_1_600' title='bbox 2330 1983 2644 2047; x_wconf 82' lang='grc' dir='ltr'>Μακεδόνας</span> <span class='ocrx_word' id='word_1_601' title='bbox 2705 1987 3086 2060; x_wconf 71' lang='grc' dir='ltr'>ἐνεκωμίασεν,</span> <span class='ocrx_word' id='word_1_602' title='bbox 3143 1986 3235 2042; x_wconf 67' lang='grc' dir='ltr'>’ίνα</span> <span class='ocrx_word' id='word_1_603' title='bbox 3289 1993 3363 2062; x_wconf 87' lang='grc' dir='ltr'>μή</span> <span class='ocrx_word' id='word_1_604' title='bbox 3402 1990 3674 2066; x_wconf 64' lang='grc' dir='ltr'>¹ἐπαχθῆς</span> <span class='ocrx_word' id='word_1_605' title='bbox 3726 2013 3809 2053; x_wconf 87' lang='grc' dir='ltr'>τις</span> 
     </span>
    </p>
   </div>
   <div class='ocr_carea' id='block_1_80' title="bbox 2169 2072 3811 2156">
    <p class='ocr_par' dir='ltr' id='par_1_80' title="bbox 2169 2072 3811 2156">
     <span class='ocr_line' id='line_1_81' title="bbox 2169 2072 3811 2156; baseline 0.004 -26"><span class='ocrx_word' id='word_1_606' title='bbox 2169 2075 2301 2130; x_wconf 75' lang='grc' dir='ltr'>εἶναι</span> <span class='ocrx_word' id='word_1_607' title='bbox 2344 2072 2495 2150; x_wconf 77' lang='grc' dir='ltr'>δόξῃ,</span> <span class='ocrx_word' id='word_1_608' title='bbox 2530 2078 2712 2155; x_wconf 75' lang='grc' dir='ltr'>φησὶν,</span> <span class='ocrx_word' id='word_1_609' title='bbox 2772 2079 2851 2134; x_wconf 81' lang='grc' dir='ltr'>Οὑ</span> <span class='ocrx_word' id='word_1_610' title='bbox 2909 2080 3023 2132; x_wconf 84' lang='grc' dir='ltr'>κατ’</span> <span class='ocrx_word' id='word_1_611' title='bbox 3074 2078 3361 2155; x_wconf 70' lang='grc' dir='ltr'>ἐπιταγὴν,</span> <span class='ocrx_word' id='word_1_612' title='bbox 3397 2106 3422 2131; x_wconf 73' lang='grc' dir='ltr'>υ</span> <span class='ocrx_word' id='word_1_613' title='bbox 3456 2080 3623 2156; x_wconf 70' lang='grc' dir='ltr'>λέγω,</span> <span class='ocrx_word' id='word_1_614' title='bbox 3651 2103 3811 2138; x_wconf 81' lang='grc' dir='ltr'>τουτ-</span> 
     </span>
    </p>
   </div>
   <div class='ocr_carea' id='block_1_81' title="bbox 2169 2162 3812 2246">
    <p class='ocr_par' dir='ltr' id='par_1_81' title="bbox 2169 2162 3812 2246">
     <span class='ocr_line' id='line_1_82' title="bbox 2169 2162 3812 2246; baseline 0.004 -28"><span class='ocrx_word' id='word_1_615' title='bbox 2169 2162 2335 2231; x_wconf 83' lang='grc' dir='ltr'>ἐστιν,</span> <span class='ocrx_word' id='word_1_616' title='bbox 2377 2164 2484 2239; x_wconf 85' lang='grc' dir='ltr'>οὐχ</span> <span class='ocrx_word' id='word_1_617' title='bbox 2541 2166 2615 2226; x_wconf 88' lang='grc' dir='ltr'>ὡς</span> <span class='ocrx_word' id='word_1_618' title='bbox 2667 2163 2926 2235; x_wconf 75' lang='grc' dir='ltr'>κελεύων,</span> <span class='ocrx_word' id='word_1_619' title='bbox 2985 2165 3088 2222; x_wconf 82' lang='grc' dir='ltr'>οὐδ</span> <span class='ocrx_word' id='word_1_620' title='bbox 3147 2168 3222 2229; x_wconf 81' lang='grc' dir='ltr'>ὡς</span> <span class='ocrx_word' id='word_1_621' title='bbox 3271 2169 3606 2246; x_wconf 78' lang='grc' dir='ltr'>ἀναγκάζων,</span> <span class='ocrx_word' id='word_1_622' title='bbox 3666 2169 3812 2227; x_wconf 79' lang='grc' dir='ltr'>ἀλλὰ</span> 
     </span>
    </p>
   </div>
   <div class='ocr_carea' id='block_1_82' title="bbox 2169 2252 3809 2329">
    <p class='ocr_par' dir='ltr' id='par_1_82' title="bbox 2169 2252 3809 2329">
     <span class='ocr_line' id='line_1_83' title="bbox 2169 2252 3809 2329; baseline 0.006 -25"><span class='ocrx_word' id='word_1_623' title='bbox 2169 2275 2197 2304; x_wconf 92' lang='grc'>‹‹</span> <span class='ocrx_word' id='word_1_624' title='bbox 2232 2253 2327 2307; x_wconf 85' lang='grc' dir='ltr'>Διὰ</span> <span class='ocrx_word' id='word_1_625' title='bbox 2371 2259 2469 2323; x_wconf 84' lang='grc' dir='ltr'>τῆς</span> <span class='ocrx_word' id='word_1_626' title='bbox 2531 2252 2725 2329; x_wconf 76' lang='grc' dir='ltr'>ἐτέρων</span> <span class='ocrx_word' id='word_1_627' title='bbox 2783 2253 3046 2324; x_wconf 82' lang='grc' dir='ltr'>σπουδῆς,</span> <span class='ocrx_word' id='word_1_628' title='bbox 3083 2280 3109 2306; x_wconf 80' lang='grc'><strong>›)</strong></span> <span class='ocrx_word' id='word_1_629' title='bbox 3175 2256 3445 2325; x_wconf 73' lang='grc' dir='ltr'>τουτέστι,</span> <span class='ocrx_word' id='word_1_630' title='bbox 3505 2257 3592 2313; x_wconf 81' lang='grc' dir='ltr'>διὰ</span> <span class='ocrx_word' id='word_1_631' title='bbox 3647 2265 3809 2314; x_wconf 90' lang='grc' dir='ltr'>τοῦτο</span> 
     </span>
    </p>
   </div>
   <div class='ocr_carea' id='block_1_83' title="bbox 2170 2339 3812 2424">
    <p class='ocr_par' dir='ltr' id='par_1_83' title="bbox 2170 2339 3812 2424">
     <span class='ocr_line' id='line_1_84' title="bbox 2170 2339 3812 2424; baseline 0.005 -28"><span class='ocrx_word' id='word_1_632' title='bbox 2170 2339 2452 2414; x_wconf 78' lang='grc' dir='ltr'>διεξῆλθον</span> <span class='ocrx_word' id='word_1_633' title='bbox 2485 2344 2585 2410; x_wconf 70' lang='grc' dir='ltr'>τὴν</span> <span class='ocrx_word' id='word_1_634' title='bbox 2621 2341 2862 2412; x_wconf 69' lang='grc' dir='ltr'>σπουδήν</span> <span class='ocrx_word' id='word_1_635' title='bbox 2921 2343 3273 2414; x_wconf 86' lang='grc' dir='ltr'>Μακεδόνων,</span> <span class='ocrx_word' id='word_1_636' title='bbox 3330 2349 3431 2416; x_wconf 77' lang='grc' dir='ltr'>τήν</span> <span class='ocrx_word' id='word_1_637' title='bbox 3484 2349 3608 2424; x_wconf 85' lang='grc' dir='ltr'>περὶ</span> <span class='ocrx_word' id='word_1_638' title='bbox 3649 2348 3812 2419; x_wconf 84' lang='grc' dir='ltr'>ἐλεη-</span> 
     </span>
    </p>
   </div>
   <div class='ocr_carea' id='block_1_84' title="bbox 2173 2429 3809 2512">
    <p class='ocr_par' dir='ltr' id='par_1_84' title="bbox 2173 2429 3809 2512">
     <span class='ocr_line' id='line_1_85' title="bbox 2173 2429 3809 2512; baseline 0.006 -28"><span class='ocrx_word' id='word_1_639' title='bbox 2173 2431 2434 2504; x_wconf 83' lang='grc' dir='ltr'>μοσύνην,</span> <span class='ocrx_word' id='word_1_640' title='bbox 2461 2429 2554 2486; x_wconf 72' lang='grc' dir='ltr'>’ίνα</span> <span class='ocrx_word' id='word_1_641' title='bbox 2585 2429 2672 2486; x_wconf 85' lang='grc' dir='ltr'>διὰ</span> <span class='ocrx_word' id='word_1_642' title='bbox 2703 2439 2802 2502; x_wconf 81' lang='grc' dir='ltr'>τῆς</span> <span class='ocrx_word' id='word_1_643' title='bbox 2833 2432 3048 2488; x_wconf 82' lang='grc' dir='ltr'>ἐκείνων</span> <span class='ocrx_word' id='word_1_644' title='bbox 3105 2432 3346 2506; x_wconf 80' lang='grc' dir='ltr'>σπουδῆς</span> <span class='ocrx_word' id='word_1_645' title='bbox 3405 2436 3809 2512; x_wconf 68' lang='grc' dir='ltr'>δοκιςιωτέρους</span> 
     </span>
    </p>
   </div>
   <div class='ocr_carea' id='block_1_85' title="bbox 2172 2520 3810 2603">
    <p class='ocr_par' dir='ltr' id='par_1_85' title="bbox 2172 2520 3810 2603">
     <span class='ocr_line' id='line_1_86' title="bbox 2172 2520 3810 2603; baseline 0.007 -29"><span class='ocrx_word' id='word_1_646' title='bbox 2172 2521 2311 2594; x_wconf 79' lang='grc' dir='ltr'>ὑμᾶς</span> <span class='ocrx_word' id='word_1_647' title='bbox 2342 2520 2468 2586; x_wconf 82' lang='grc' dir='ltr'>τοὺς</span> <span class='ocrx_word' id='word_1_648' title='bbox 2499 2522 2585 2576; x_wconf 83' lang='grc' dir='ltr'>ὑπ’</span> <span class='ocrx_word' id='word_1_649' title='bbox 2638 2523 2772 2592; x_wconf 79' lang='grc' dir='ltr'>ἐμοῦ</span> <span class='ocrx_word' id='word_1_650' title='bbox 2829 2527 3221 2599; x_wconf 80' lang='grc' dir='ltr'>ἤγαπημένους</span> <span class='ocrx_word' id='word_1_651' title='bbox 3276 2531 3516 2599; x_wconf 74' lang='grc' dir='ltr'>ποιήσω.</span> <span class='ocrx_word' id='word_1_652' title='bbox 3578 2532 3810 2603; x_wconf 81' lang='grc' dir='ltr'>Δοκιμά·</span> 
     </span>
    </p>
   </div>
   <div class='ocr_carea' id='block_1_86' title="bbox 2171 2611 3808 2694">
    <p class='ocr_par' dir='ltr' id='par_1_86' title="bbox 2171 2611 3808 2694">
     <span class='ocr_line' id='line_1_87' title="bbox 2171 2611 3808 2694; baseline 0.007 -30"><span class='ocrx_word' id='word_1_653' title='bbox 2171 2614 2272 2678; x_wconf 82' lang='grc' dir='ltr'>ζων</span> <span class='ocrx_word' id='word_1_654' title='bbox 2331 2612 2455 2687; x_wconf 76' lang='grc' dir='ltr'>γάρ,</span> <span class='ocrx_word' id='word_1_655' title='bbox 2511 2611 2777 2680; x_wconf 86' lang='grc' dir='ltr'>τουτέστι,</span> <span class='ocrx_word' id='word_1_656' title='bbox 2860 2611 3262 2689; x_wconf 84' lang='grc' dir='ltr'>δοκιμωτέρους</span> <span class='ocrx_word' id='word_1_657' title='bbox 3343 2617 3673 2694; x_wconf 77' lang='grc' dir='ltr'>ἀποφαίνων.</span> <span class='ocrx_word' id='word_1_658' title='bbox 3743 2654 3808 2662; x_wconf 92' lang='grc'><strong>-</strong></span> 
     </span>
    </p>
   </div>
   <div class='ocr_carea' id='block_1_87' title="bbox 2167 2701 3809 2783">
    <p class='ocr_par' dir='ltr' id='par_1_87' title="bbox 2167 2701 3809 2783">
     <span class='ocr_line' id='line_1_88' title="bbox 2167 2701 3809 2783; baseline 0.007 -29"><span class='ocrx_word' id='word_1_659' title='bbox 2167 2701 2378 2775; x_wconf 74' lang='grc' dir='ltr'>[ΦΩΤ.]</span> <span class='ocrx_word' id='word_1_660' title='bbox 2439 2703 2684 2776; x_wconf 89' lang='grc' dir='ltr'>Ἀγάπης</span> <span class='ocrx_word' id='word_1_661' title='bbox 2736 2704 2859 2778; x_wconf 82' lang='grc' dir='ltr'>γὰρ,</span> <span class='ocrx_word' id='word_1_662' title='bbox 2909 2708 3008 2770; x_wconf 83' lang='grc' dir='ltr'>τῆς</span> <span class='ocrx_word' id='word_1_663' title='bbox 3061 2706 3139 2769; x_wconf 72' lang='grc' dir='ltr'>εἷς</span> <span class='ocrx_word' id='word_1_664' title='bbox 3189 2708 3341 2777; x_wconf 87' lang='grc' dir='ltr'>Θεὸν,</span> <span class='ocrx_word' id='word_1_665' title='bbox 3402 2708 3447 2762; x_wconf 83' lang='grc' dir='ltr'>εἰ</span> <span class='ocrx_word' id='word_1_666' title='bbox 3507 2709 3695 2783; x_wconf 83' lang='grc' dir='ltr'>βούλει</span> <span class='ocrx_word' id='word_1_667' title='bbox 3750 2709 3809 2766; x_wconf 80' lang='grc' dir='ltr'>δὲ</span> 
     </span>
    </p>
   </div>
   <div class='ocr_carea' id='block_1_88' title="bbox 2165 2788 3806 2872">
    <p class='ocr_par' dir='ltr' id='par_1_88' title="bbox 2165 2788 3806 2872">
     <span class='ocr_line' id='line_1_89' title="bbox 2165 2788 3806 2872; baseline 0.005 -28"><span class='ocrx_word' id='word_1_668' title='bbox 2165 2795 2264 2858; x_wconf 85' lang='grc' dir='ltr'>τῆς</span> <span class='ocrx_word' id='word_1_669' title='bbox 2286 2789 2360 2850; x_wconf 91' lang='grc' dir='ltr'>είς</span> <span class='ocrx_word' id='word_1_670' title='bbox 2395 2788 2632 2858; x_wconf 89' lang='grc' dir='ltr'>Παῦλον,</span> <span class='ocrx_word' id='word_1_671' title='bbox 2673 2793 2901 2868; x_wconf 72' lang='grc' dir='ltr'>ἐναργὴς</span> <span class='ocrx_word' id='word_1_672' title='bbox 2944 2792 3214 2866; x_wconf 80' lang='grc' dir='ltr'>ἀπόδειξις</span> <span class='ocrx_word' id='word_1_673' title='bbox 3255 2797 3344 2851; x_wconf 84' lang='grc' dir='ltr'>καὶ</span> <span class='ocrx_word' id='word_1_674' title='bbox 3402 2794 3630 2872; x_wconf 75' lang='grc' dir='ltr'>δοκιμὴ,</span> <span class='ocrx_word' id='word_1_675' title='bbox 3662 2801 3696 2868; x_wconf 75' lang='grc' dir='ltr'>ἡ</span> <span class='ocrx_word' id='word_1_676' title='bbox 3727 2800 3806 2862; x_wconf 84' lang='grc' dir='ltr'>εἰς</span> 
     </span>
    </p>
   </div>
   <div class='ocr_carea' id='block_1_89' title="bbox 2165 2877 3805 2965">
    <p class='ocr_par' dir='ltr' id='par_1_89' title="bbox 2165 2877 3805 2965">
     <span class='ocr_line' id='line_1_90' title="bbox 2165 2877 3805 2965; baseline 0.007 -33"><span class='ocrx_word' id='word_1_677' title='bbox 2165 2877 2292 2942; x_wconf 79' lang='grc' dir='ltr'>τοὺς</span> <span class='ocrx_word' id='word_1_678' title='bbox 2347 2877 2584 2949; x_wconf 81' lang='grc' dir='ltr'>πλησίον</span> <span class='ocrx_word' id='word_1_679' title='bbox 2666 2881 3010 2954; x_wconf 72' lang='grc' dir='ltr'>ἐλεημοσύνη</span> <span class='ocrx_word' id='word_1_680' title='bbox 3047 2927 3060 2938; x_wconf 94' lang='grc'><strong>.</strong></span> <span class='ocrx_word' id='word_1_681' title='bbox 3123 2885 3421 2959; x_wconf 80' lang='grc' dir='ltr'>Πέπεισμαι</span> <span class='ocrx_word' id='word_1_682' title='bbox 3479 2889 3603 2962; x_wconf 82' lang='grc' dir='ltr'>γὰρ,</span> <span class='ocrx_word' id='word_1_683' title='bbox 3653 2891 3805 2965; x_wconf 70' lang='grc' dir='ltr'>φησὶ,</span> 
     </span>
    </p>
   </div>
   <div class='ocr_carea' id='block_1_90' title="bbox 2166 2967 3810 3056">
    <p class='ocr_par' dir='ltr' id='par_1_90' title="bbox 2166 2967 3810 3056">
     <span class='ocr_line' id='line_1_91' title="bbox 2166 2967 3810 3056; baseline 0.008 -36"><span class='ocrx_word' id='word_1_684' title='bbox 2166 2967 2257 3021; x_wconf 80' lang='grc' dir='ltr'>καὶ</span> <span class='ocrx_word' id='word_1_685' title='bbox 2289 2968 2379 3022; x_wconf 86' lang='grc' dir='ltr'>τὸν</span> <span class='ocrx_word' id='word_1_686' title='bbox 2422 2968 2571 3036; x_wconf 87' lang='grc' dir='ltr'>Θεὸν,</span> <span class='ocrx_word' id='word_1_687' title='bbox 2624 2971 2714 3024; x_wconf 81' lang='grc' dir='ltr'>καὶ</span> <span class='ocrx_word' id='word_1_688' title='bbox 2771 2973 2918 3044; x_wconf 77' lang='grc' dir='ltr'>ἡμᾶς</span> <span class='ocrx_word' id='word_1_689' title='bbox 2961 2970 3030 3027; x_wconf 82' lang='grc' dir='ltr'>δι’</span> <span class='ocrx_word' id='word_1_690' title='bbox 3083 2973 3263 3044; x_wconf 81' lang='grc' dir='ltr'>αὐτὸν,</span> <span class='ocrx_word' id='word_1_691' title='bbox 3325 2977 3408 3053; x_wconf 71' lang='grc' dir='ltr'>ὑφ’</span> <span class='ocrx_word' id='word_1_692' title='bbox 3473 2977 3626 3050; x_wconf 83' lang='grc' dir='ltr'>ὑμῶν</span> <span class='ocrx_word' id='word_1_693' title='bbox 3679 2978 3810 3056; x_wconf 83' lang='grc' dir='ltr'>ἀγα-</span> 
     </span>
    </p>
   </div>
   <div class='ocr_carea' id='block_1_91' title="bbox 2166 3055 3806 3141">
    <p class='ocr_par' dir='ltr' id='par_1_91' title="bbox 2166 3055 3806 3141">
     <span class='ocr_line' id='line_1_92' title="bbox 2166 3055 3806 3141; baseline 0.007 -32"><span class='ocrx_word' id='word_1_694' title='bbox 2166 3055 2387 3125; x_wconf 72' lang='grc' dir='ltr'>πᾶσθαι,</span> <span class='ocrx_word' id='word_1_695' title='bbox 2451 3055 2577 3112; x_wconf 86' lang='grc' dir='ltr'>ἀλλ’</span> <span class='ocrx_word' id='word_1_696' title='bbox 2631 3060 2665 3129; x_wconf 84' lang='grc' dir='ltr'>ἠ</span> <span class='ocrx_word' id='word_1_697' title='bbox 2720 3058 3030 3137; x_wconf 88' lang='grc' dir='ltr'>τελειοτέρα</span> <span class='ocrx_word' id='word_1_698' title='bbox 3102 3069 3202 3132; x_wconf 78' lang='grc' dir='ltr'>τῆς</span> <span class='ocrx_word' id='word_1_699' title='bbox 3278 3065 3502 3141; x_wconf 84' lang='grc' dir='ltr'>γνησίας</span> <span class='ocrx_word' id='word_1_700' title='bbox 3596 3067 3806 3141; x_wconf 80' lang='grc' dir='ltr'>ἀγάπης</span> 
     </span>
    </p>
   </div>
   <div class='ocr_carea' id='block_1_92' title="bbox 2167 3143 3804 3228">
    <p class='ocr_par' dir='ltr' id='par_1_92' title="bbox 2167 3143 3804 3228">
     <span class='ocr_line' id='line_1_93' title="bbox 2167 3143 3804 3228; baseline 0.007 -28"><span class='ocrx_word' id='word_1_701' title='bbox 2167 3145 2498 3220; x_wconf 76' lang='grc' dir='ltr'>παράστασις</span> <span class='ocrx_word' id='word_1_702' title='bbox 2528 3147 2617 3202; x_wconf 81' lang='grc' dir='ltr'>καὶ</span> <span class='ocrx_word' id='word_1_703' title='bbox 2651 3143 2968 3223; x_wconf 78' lang='grc' dir='ltr'>βεϐαίωσις,</span> <span class='ocrx_word' id='word_1_704' title='bbox 3003 3149 3093 3206; x_wconf 75' lang='grc' dir='ltr'>διὰ</span> <span class='ocrx_word' id='word_1_705' title='bbox 3129 3159 3229 3223; x_wconf 79' lang='grc' dir='ltr'>τῆς</span> <span class='ocrx_word' id='word_1_706' title='bbox 3283 3154 3358 3214; x_wconf 83' lang='grc' dir='ltr'>εἰς</span> <span class='ocrx_word' id='word_1_707' title='bbox 3389 3155 3515 3218; x_wconf 79' lang='grc' dir='ltr'>τοὺς</span> <span class='ocrx_word' id='word_1_708' title='bbox 3545 3153 3804 3228; x_wconf 84' lang='grc' dir='ltr'>πλησίον,</span> 
     </span>
    </p>
   </div>
   <div class='ocr_carea' id='block_1_93' title="bbox 2167 3233 2948 3316">
    <p class='ocr_par' dir='ltr' id='par_1_93' title="bbox 2167 3233 2948 3316">
     <span class='ocr_line' id='line_1_94' title="bbox 2167 3233 2948 3316; baseline 0.009 -28"><span class='ocrx_word' id='word_1_709' title='bbox 2167 3233 2542 3307; x_wconf 82' lang='grc' dir='ltr'>ἐλεημοσύνης</span> <span class='ocrx_word' id='word_1_710' title='bbox 2582 3235 2948 3316; x_wconf 76' lang='grc' dir='ltr'>ἐμφανίζεται,</span> 
     </span>
    </p>
   </div>
   <div class='ocr_carea' id='block_1_94' title="bbox 2233 3419 3800 3500">
    <p class='ocr_par' dir='ltr' id='par_1_94' title="bbox 2233 3419 3800 3500">
     <span class='ocr_line' id='line_1_95' title="bbox 2233 3419 3800 3500; baseline 0.008 -32"><span class='ocrx_word' id='word_1_711' title='bbox 2233 3420 2526 3472; x_wconf 80' lang='grc' dir='ltr'>Γινῶσκετε</span> <span class='ocrx_word' id='word_1_712' title='bbox 2602 3419 2705 3492; x_wconf 78' lang='grc' dir='ltr'>γὰρ</span> <span class='ocrx_word' id='word_1_713' title='bbox 2782 3421 2879 3488; x_wconf 73' lang='grc' dir='ltr'>τὴν</span> <span class='ocrx_word' id='word_1_714' title='bbox 2959 3422 3122 3496; x_wconf 89' lang='grc' dir='ltr'>χάριν</span> <span class='ocrx_word' id='word_1_715' title='bbox 3195 3427 3292 3478; x_wconf 85' lang='grc' dir='ltr'>τοῦ</span> <span class='ocrx_word' id='word_1_716' title='bbox 3366 3425 3565 3500; x_wconf 84' lang='grc' dir='ltr'>Κυρίου</span> <span class='ocrx_word' id='word_1_717' title='bbox 3639 3426 3800 3499; x_wconf 73' lang='grc' dir='ltr'>ἡμῶν</span> 
     </span>
    </p>
   </div>
   <div class='ocr_carea' id='block_1_95' title="bbox 2161 3502 3803 3588">
    <p class='ocr_par' dir='ltr' id='par_1_95' title="bbox 2161 3502 3803 3588">
     <span class='ocr_line' id='line_1_96' title="bbox 2161 3502 3803 3588; baseline 0.007 -30"><span class='ocrx_word' id='word_1_718' title='bbox 2161 3502 2343 3571; x_wconf 88' lang='grc' dir='ltr'>Ἰησοῦ</span> <span class='ocrx_word' id='word_1_719' title='bbox 2372 3511 2628 3582; x_wconf 78' lang='grc' dir='ltr'>Χριστοῦ,</span> <span class='ocrx_word' id='word_1_720' title='bbox 2699 3509 2780 3563; x_wconf 83' lang='grc' dir='ltr'>ὅτι</span> <span class='ocrx_word' id='word_1_721' title='bbox 2841 3506 2910 3562; x_wconf 86' lang='grc' dir='ltr'>δι’</span> <span class='ocrx_word' id='word_1_722' title='bbox 2973 3511 3113 3582; x_wconf 79' lang='grc' dir='ltr'>ὑμᾶς</span> <span class='ocrx_word' id='word_1_723' title='bbox 3168 3509 3485 3588; x_wconf 87' lang='grc' dir='ltr'>ἐπτώχευσε</span> <span class='ocrx_word' id='word_1_724' title='bbox 3539 3513 3803 3576; x_wconf 76' lang='grc' dir='ltr'>πλούσιὸς</span> 
     </span>
    </p>
   </div>
   <div class='ocr_carea' id='block_1_96' title="bbox 2161 3589 3799 3677">
    <p class='ocr_par' dir='ltr' id='par_1_96' title="bbox 2161 3589 3799 3677">
     <span class='ocr_line' id='line_1_97' title="bbox 2161 3589 3799 3677; baseline 0.01 -33"><span class='ocrx_word' id='word_1_725' title='bbox 2161 3589 2258 3662; x_wconf 80' lang='grc' dir='ltr'>ὢν,</span> <span class='ocrx_word' id='word_1_726' title='bbox 2311 3591 2402 3648; x_wconf 74' lang='grc' dir='ltr'>’ίνα</span> <span class='ocrx_word' id='word_1_727' title='bbox 2459 3593 2616 3668; x_wconf 79' lang='grc' dir='ltr'>ὑμεῖς</span> <span class='ocrx_word' id='word_1_728' title='bbox 2663 3601 2731 3672; x_wconf 80' lang='grc' dir='ltr'>τῇ</span> <span class='ocrx_word' id='word_1_729' title='bbox 2814 3596 3028 3654; x_wconf 75' lang='grc' dir='ltr'>’ἐκείνου</span> <span class='ocrx_word' id='word_1_730' title='bbox 3123 3603 3371 3677; x_wconf 83' lang='grc' dir='ltr'>πτωχείᾳ</span> <span class='ocrx_word' id='word_1_731' title='bbox 3427 3601 3799 3676; x_wconf 73' lang='grc' dir='ltr'>πλουτήσητε,</span> 
     </span>
    </p>
   </div>
   <div class='ocr_carea' id='block_1_97' title="bbox 2157 3681 3800 3772">
    <p class='ocr_par' dir='ltr' id='par_1_97' title="bbox 2157 3681 3800 3772">
     <span class='ocr_line' id='line_1_98' title="bbox 2157 3681 3800 3772; baseline 0.01 -37"><span class='ocrx_word' id='word_1_732' title='bbox 2157 3681 2246 3736; x_wconf 84' lang='grc' dir='ltr'>καὶ</span> <span class='ocrx_word' id='word_1_733' title='bbox 2302 3684 2530 3759; x_wconf 85' lang='grc' dir='ltr'>γνώμην</span> <span class='ocrx_word' id='word_1_734' title='bbox 2623 3686 2749 3760; x_wconf 87' lang='grc' dir='ltr'>ὑμῖν</span> <span class='ocrx_word' id='word_1_735' title='bbox 2831 3686 2885 3742; x_wconf 90' lang='grc' dir='ltr'>ἐν</span> <span class='ocrx_word' id='word_1_736' title='bbox 2954 3694 3135 3763; x_wconf 86' lang='grc' dir='ltr'>τοῦτῳ</span> <span class='ocrx_word' id='word_1_737' title='bbox 3180 3688 3399 3765; x_wconf 85' lang='grc' dir='ltr'>δίδωμι.</span> <span class='ocrx_word' id='word_1_738' title='bbox 3462 3696 3640 3750; x_wconf 85' lang='grc' dir='ltr'>Τοῦτο</span> <span class='ocrx_word' id='word_1_739' title='bbox 3697 3697 3800 3772; x_wconf 77' lang='grc' dir='ltr'>γὰρ</span> 
     </span>
    </p>
   </div>
   <div class='ocr_carea' id='block_1_98' title="bbox 2160 3773 3802 3855">
    <p class='ocr_par' dir='ltr' id='par_1_98' title="bbox 2160 3773 3802 3855">
     <span class='ocr_line' id='line_1_99' title="bbox 2160 3773 3802 3855; baseline 0.007 -29"><span class='ocrx_word' id='word_1_740' title='bbox 2160 3773 2288 3844; x_wconf 83' lang='grc' dir='ltr'>ὑμῖν</span> <span class='ocrx_word' id='word_1_741' title='bbox 2372 3776 2682 3852; x_wconf 67' lang='grc' dir='ltr'>συμφέρει,</span> <span class='ocrx_word' id='word_1_742' title='bbox 2744 3775 2940 3839; x_wconf 67' lang='grc' dir='ltr'>οἵτινες</span> <span class='ocrx_word' id='word_1_743' title='bbox 3025 3779 3087 3833; x_wconf 78' lang='grc' dir='ltr'>οὐ</span> <span class='ocrx_word' id='word_1_744' title='bbox 3163 3781 3324 3853; x_wconf 88' lang='grc' dir='ltr'>μόνον</span> <span class='ocrx_word' id='word_1_745' title='bbox 3413 3784 3475 3839; x_wconf 89' lang='grc' dir='ltr'>τὸ</span> <span class='ocrx_word' id='word_1_746' title='bbox 3552 3792 3802 3855; x_wconf 80' lang='grc' dir='ltr'>ποιῆσαι,</span> 
     </span>
    </p>
   </div>
   <div class='ocr_carea' id='block_1_99' title="bbox 2158 3859 3808 3951">
    <p class='ocr_par' dir='ltr' id='par_1_99' title="bbox 2158 3859 3808 3951">
     <span class='ocr_line' id='line_1_100' title="bbox 2158 3859 3808 3951; baseline 0.01 -36"><span class='ocrx_word' id='word_1_747' title='bbox 2158 3859 2305 3916; x_wconf 84' lang='grc' dir='ltr'>ἀλλά</span> <span class='ocrx_word' id='word_1_748' title='bbox 2359 3863 2449 3918; x_wconf 80' lang='grc' dir='ltr'>καὶ</span> <span class='ocrx_word' id='word_1_749' title='bbox 2505 3866 2567 3918; x_wconf 87' lang='grc' dir='ltr'>τὸ</span> <span class='ocrx_word' id='word_1_750' title='bbox 2647 3866 2823 3921; x_wconf 82' lang='grc' dir='ltr'>θέλειν</span> <span class='ocrx_word' id='word_1_751' title='bbox 2900 3871 3303 3944; x_wconf 79' lang='grc' dir='ltr'>προερήρξασθε</span> <span class='ocrx_word' id='word_1_752' title='bbox 3397 3871 3506 3928; x_wconf 89' lang='grc' dir='ltr'>ἀπὸ</span> <span class='ocrx_word' id='word_1_753' title='bbox 3591 3875 3808 3951; x_wconf 80' lang='grc' dir='ltr'>πὲρύσι.</span> 
     </span>
    </p>
   </div>
   <div class='ocr_carea' id='block_1_100' title="bbox 2159 3949 3809 4029">
    <p class='ocr_par' dir='ltr' id='par_1_100' title="bbox 2159 3949 3809 4029">
     <span class='ocr_line' id='line_1_101' title="bbox 2159 3949 3809 4029; baseline 0.009 -25"><span class='ocrx_word' id='word_1_754' title='bbox 2159 3952 2290 4008; x_wconf 79' lang='grc' dir='ltr'>Νυνὶ</span> <span class='ocrx_word' id='word_1_755' title='bbox 2336 3949 2392 4006; x_wconf 77' lang='grc' dir='ltr'>δὲ</span> <span class='ocrx_word' id='word_1_756' title='bbox 2447 3953 2537 4006; x_wconf 79' lang='grc' dir='ltr'>καὶ</span> <span class='ocrx_word' id='word_1_757' title='bbox 2591 3954 2652 4008; x_wconf 90' lang='grc' dir='ltr'>τὸ</span> <span class='ocrx_word' id='word_1_758' title='bbox 2710 3963 2940 4026; x_wconf 78' lang='grc' dir='ltr'>ποιῆσαι</span> <span class='ocrx_word' id='word_1_759' title='bbox 3009 3956 3371 4018; x_wconf 73' lang='grc' dir='ltr'>ἐπιτελέσατε.</span> <span class='ocrx_word' id='word_1_760' title='bbox 3429 3965 3620 4025; x_wconf 82' lang='grc' dir='ltr'>’Ὀπως</span> <span class='ocrx_word' id='word_1_761' title='bbox 3664 3949 3809 4029; x_wconf 33' lang='grc' dir='ltr'>’καθ-</span> 
     </span>
    </p>
   </div>
   <div class='ocr_carea' id='block_1_101' title="bbox 2159 4041 3808 4117">
    <p class='ocr_par' dir='ltr' id='par_1_101' title="bbox 2159 4041 3808 4117">
     <span class='ocr_line' id='line_1_102' title="bbox 2159 4041 3808 4117; baseline 0.008 -24"><span class='ocrx_word' id='word_1_762' title='bbox 2159 4041 2294 4115; x_wconf 76' lang='grc' dir='ltr'>άπερ</span> <span class='ocrx_word' id='word_1_763' title='bbox 2352 4044 2386 4110; x_wconf 84' lang='grc' dir='ltr'>ἡ</span> <span class='ocrx_word' id='word_1_764' title='bbox 2436 4044 2716 4116; x_wconf 82' lang='grc' dir='ltr'>προθυμία</span> <span class='ocrx_word' id='word_1_765' title='bbox 2777 4049 2875 4100; x_wconf 86' lang='grc' dir='ltr'>τοῦ</span> <span class='ocrx_word' id='word_1_766' title='bbox 2955 4045 3154 4117; x_wconf 78' lang='grc' dir='ltr'>θέλειν,</span> <span class='ocrx_word' id='word_1_767' title='bbox 3215 4051 3387 4114; x_wconf 78' lang='grc' dir='ltr'>οὕτως</span> <span class='ocrx_word' id='word_1_768' title='bbox 3443 4053 3532 4107; x_wconf 79' lang='grc' dir='ltr'>καὶ</span> <span class='ocrx_word' id='word_1_769' title='bbox 3585 4055 3647 4108; x_wconf 89' lang='grc' dir='ltr'>τὸ</span> <span class='ocrx_word' id='word_1_770' title='bbox 3692 4053 3808 4108; x_wconf 80' lang='grc' dir='ltr'>ἐπι-</span> 
     </span>
    </p>
   </div>
   <div class='ocr_carea' id='block_1_102' title="bbox 2157 4127 2781 4208">
    <p class='ocr_par' dir='ltr' id='par_1_102' title="bbox 2157 4127 2781 4208">
     <span class='ocr_line' id='line_1_103' title="bbox 2157 4127 2781 4208; baseline 0.01 -26"><span class='ocrx_word' id='word_1_771' title='bbox 2157 4127 2371 4184; x_wconf 78' lang='grc' dir='ltr'>τελέσαι</span> <span class='ocrx_word' id='word_1_772' title='bbox 2405 4131 2463 4186; x_wconf 76' lang='grc' dir='ltr'>ἐκ</span> <span class='ocrx_word' id='word_1_773' title='bbox 2491 4136 2588 4186; x_wconf 88' lang='grc' dir='ltr'>τοῦ</span> <span class='ocrx_word' id='word_1_774' title='bbox 2617 4129 2781 4208; x_wconf 77' lang='grc' dir='ltr'>ἔχειν.</span> 
     </span>
    </p>
   </div>
   <div class='ocr_carea' id='block_1_103' title="bbox 2232 4232 3805 4314">
    <p class='ocr_par' dir='ltr' id='par_1_103' title="bbox 2232 4232 3805 4314">
     <span class='ocr_line' id='line_1_104' title="bbox 2232 4232 3805 4314; baseline 0.008 -33"><span class='ocrx_word' id='word_1_775' title='bbox 2232 4252 2259 4279; x_wconf 87' lang='grc'><strong>‹‹</strong></span> <span class='ocrx_word' id='word_1_776' title='bbox 2297 4234 2587 4286; x_wconf 84' lang='grc' dir='ltr'>Γινώσκετε</span> <span class='ocrx_word' id='word_1_777' title='bbox 2615 4232 2716 4307; x_wconf 85' lang='grc' dir='ltr'>γὰρ</span> <span class='ocrx_word' id='word_1_778' title='bbox 2764 4234 2863 4302; x_wconf 83' lang='grc' dir='ltr'>τὴν</span> <span class='ocrx_word' id='word_1_779' title='bbox 2928 4236 3090 4309; x_wconf 79' lang='grc' dir='ltr'>χάριν</span> <span class='ocrx_word' id='word_1_780' title='bbox 3147 4240 3242 4292; x_wconf 85' lang='grc' dir='ltr'>τοῦ</span> <span class='ocrx_word' id='word_1_781' title='bbox 3301 4239 3500 4314; x_wconf 84' lang='grc' dir='ltr'>Κυρίου</span> <span class='ocrx_word' id='word_1_782' title='bbox 3558 4243 3738 4314; x_wconf 77' lang='grc' dir='ltr'>ἡμῶν.</span> <span class='ocrx_word' id='word_1_783' title='bbox 3778 4270 3805 4293; x_wconf 64' lang='grc' dir='ltr'>»ρ</span> 
     </span>
    </p>
   </div>
   <div class='ocr_carea' id='block_1_104' title="bbox 2161 4319 3810 4402">
    <p class='ocr_par' dir='ltr' id='par_1_104' title="bbox 2161 4319 3810 4402">
     <span class='ocr_line' id='line_1_105' title="bbox 2161 4319 3810 4402; baseline 0.008 -29"><span class='ocrx_word' id='word_1_784' title='bbox 2161 4319 2508 4395; x_wconf 85' lang='grc' dir='ltr'>Ἐπτὼχευσε</span> <span class='ocrx_word' id='word_1_785' title='bbox 2559 4322 2664 4395; x_wconf 81' lang='grc' dir='ltr'>γὰρ</span> <span class='ocrx_word' id='word_1_786' title='bbox 2740 4323 2839 4391; x_wconf 76' lang='grc' dir='ltr'>τήν</span> <span class='ocrx_word' id='word_1_787' title='bbox 2903 4325 3167 4401; x_wconf 70' lang='grc' dir='ltr'>ἡμετέραν</span> <span class='ocrx_word' id='word_1_788' title='bbox 3230 4329 3419 4402; x_wconf 87' lang='grc' dir='ltr'>σάρκα.</span> <span class='ocrx_word' id='word_1_789' title='bbox 3495 4332 3622 4387; x_wconf 73' lang='grc' dir='ltr'>Εἶτα</span> <span class='ocrx_word' id='word_1_790' title='bbox 3677 4352 3810 4387; x_wconf 83' lang='grc' dir='ltr'>κατ·</span> 
     </span>
    </p>
   </div>
   <div class='ocr_carea' id='block_1_105' title="bbox 2161 4405 3809 4492">
    <p class='ocr_par' dir='ltr' id='par_1_105' title="bbox 2161 4405 3809 4492">
     <span class='ocr_line' id='line_1_106' title="bbox 2161 4405 3809 4492; baseline 0.009 -30"><span class='ocrx_word' id='word_1_791' title='bbox 2161 4405 2441 4480; x_wconf 78' lang='grc' dir='ltr'>εδικάσθη,</span> <span class='ocrx_word' id='word_1_792' title='bbox 2473 4411 2562 4465; x_wconf 68' lang='grc' dir='ltr'>καὶ</span> <span class='ocrx_word' id='word_1_793' title='bbox 2614 4412 2952 4488; x_wconf 79' lang='grc' dir='ltr'>ἐσταυρώθη,</span> <span class='ocrx_word' id='word_1_794' title='bbox 2987 4415 3078 4469; x_wconf 86' lang='grc' dir='ltr'>καὶ</span> <span class='ocrx_word' id='word_1_795' title='bbox 3136 4420 3295 4472; x_wconf 86' lang='grc' dir='ltr'>τοῦτο</span> <span class='ocrx_word' id='word_1_796' title='bbox 3355 4415 3426 4472; x_wconf 87' lang='grc' dir='ltr'>δι’</span> <span class='ocrx_word' id='word_1_797' title='bbox 3475 4421 3622 4492; x_wconf 75' lang='grc' dir='ltr'>ἡμᾶς</span> <span class='ocrx_word' id='word_1_798' title='bbox 3679 4421 3809 4483; x_wconf 72' lang='grc' dir='ltr'>τοὺς</span> 
     </span>
    </p>
   </div>
   <div class='ocr_carea' id='block_1_106' title="bbox 2161 4496 3812 4581">
    <p class='ocr_par' dir='ltr' id='par_1_106' title="bbox 2161 4496 3812 4581">
     <span class='ocr_line' id='line_1_107' title="bbox 2161 4496 3812 4581; baseline 0.01 -31"><span class='ocrx_word' id='word_1_799' title='bbox 2161 4496 2427 4568; x_wconf 80' lang='grc' dir='ltr'>ἀναξίούς.</span> <span class='ocrx_word' id='word_1_800' title='bbox 2460 4501 2582 4557; x_wconf 80' lang='grc' dir='ltr'>’Ότι</span> <span class='ocrx_word' id='word_1_801' title='bbox 2615 4497 2685 4556; x_wconf 85' lang='grc' dir='ltr'>δι’</span> <span class='ocrx_word' id='word_1_802' title='bbox 2715 4504 2862 4574; x_wconf 79' lang='grc' dir='ltr'>ἡμᾶς</span> <span class='ocrx_word' id='word_1_803' title='bbox 2911 4502 3272 4579; x_wconf 80' lang='grc' dir='ltr'>ἐπτώχευσεν.</span> <span class='ocrx_word' id='word_1_804' title='bbox 3308 4507 3371 4564; x_wconf 88' lang='grc' dir='ltr'>Εἰ</span> <span class='ocrx_word' id='word_1_805' title='bbox 3433 4508 3524 4564; x_wconf 81' lang='grc' dir='ltr'>οὗν</span> <span class='ocrx_word' id='word_1_806' title='bbox 3581 4509 3812 4581; x_wconf 80' lang='grc' dir='ltr'>ἐκεῖνος,</span> 
     </span>
    </p>
   </div>
   <div class='ocr_carea' id='block_1_107' title="bbox 2163 4587 3813 4670">
    <p class='ocr_par' dir='ltr' id='par_1_107' title="bbox 2163 4587 3813 4670">
     <span class='ocr_line' id='line_1_108' title="bbox 2163 4587 3813 4670; baseline 0.01 -31"><span class='ocrx_word' id='word_1_807' title='bbox 2163 4587 2349 4662; x_wconf 74' lang='grc' dir='ltr'>φησὶν,</span> <span class='ocrx_word' id='word_1_808' title='bbox 2386 4587 2699 4664; x_wconf 86' lang='grc' dir='ltr'>ἐπτώχευσε</span> <span class='ocrx_word' id='word_1_809' title='bbox 2729 4587 2817 4645; x_wconf 81' lang='grc' dir='ltr'>διὰ</span> <span class='ocrx_word' id='word_1_810' title='bbox 2843 4592 2920 4662; x_wconf 81' lang='grc' dir='ltr'>σέ,</span> <span class='ocrx_word' id='word_1_811' title='bbox 2954 4591 3017 4647; x_wconf 74' lang='grc' dir='ltr'>σὺ</span> <span class='ocrx_word' id='word_1_812' title='bbox 3049 4592 3177 4649; x_wconf 71' lang='grc' dir='ltr'>οὐδὲ</span> <span class='ocrx_word' id='word_1_813' title='bbox 3226 4598 3490 4670; x_wconf 77' lang='grc' dir='ltr'>χρήματα</span> <span class='ocrx_word' id='word_1_814' title='bbox 3540 4595 3707 4661; x_wconf 85' lang='grc' dir='ltr'>δίδως</span> <span class='ocrx_word' id='word_1_815' title='bbox 3739 4598 3813 4654; x_wconf 82' lang='grc' dir='ltr'>δι’</span> 
     </span>
    </p>
   </div>
   <div class='ocr_carea' id='block_1_108' title="bbox 2163 4675 3809 4759">
    <p class='ocr_par' dir='ltr' id='par_1_108' title="bbox 2163 4675 3809 4759">
     <span class='ocr_line' id='line_1_109' title="bbox 2163 4675 3809 4759; baseline 0.009 -29"><span class='ocrx_word' id='word_1_816' title='bbox 2163 4677 2324 4731; x_wconf 81' lang='grc' dir='ltr'>αὐτόν</span> <span class='ocrx_word' id='word_1_817' title='bbox 2361 4696 2374 4745; x_wconf 92' lang='grc'>;</span> <span class='ocrx_word' id='word_1_818' title='bbox 2411 4701 2438 4729; x_wconf 89' lang='grc'>‹‹</span> <span class='ocrx_word' id='word_1_819' title='bbox 2473 4675 2744 4743; x_wconf 86' lang='grc' dir='ltr'>Πλούσιος</span> <span class='ocrx_word' id='word_1_820' title='bbox 2782 4678 2873 4736; x_wconf 83' lang='grc' dir='ltr'>ὢν.</span> <span class='ocrx_word' id='word_1_821' title='bbox 2914 4707 2934 4732; x_wconf 78' lang='grc' dir='ltr'>ι</span> <span class='ocrx_word' id='word_1_822' title='bbox 2981 4680 3130 4748; x_wconf 85' lang='grc' dir='ltr'>Καθό</span> <span class='ocrx_word' id='word_1_823' title='bbox 3162 4682 3275 4740; x_wconf 88' lang='grc' dir='ltr'>ἐστι</span> <span class='ocrx_word' id='word_1_824' title='bbox 3307 4685 3394 4741; x_wconf 83' lang='grc' dir='ltr'>καὶ</span> <span class='ocrx_word' id='word_1_825' title='bbox 3427 4693 3627 4743; x_wconf 81' lang='grc' dir='ltr'>νοεῖται</span> <span class='ocrx_word' id='word_1_826' title='bbox 3651 4689 3809 4759; x_wconf 86' lang='grc' dir='ltr'>Θεὸς,</span> 
     </span>
    </p>
   </div>
   <div class='ocr_carea' id='block_1_109' title="bbox 2163 4767 3816 4850">
    <p class='ocr_par' dir='ltr' id='par_1_109' title="bbox 2163 4767 3816 4850">
     <span class='ocr_line' id='line_1_110' title="bbox 2163 4767 3816 4850; baseline 0.009 -30"><span class='ocrx_word' id='word_1_827' title='bbox 2163 4767 2281 4822; x_wconf 83' lang='grc' dir='ltr'>οῖον</span> <span class='ocrx_word' id='word_1_828' title='bbox 2340 4767 2742 4846; x_wconf 77' lang='grc' dir='ltr'>ἀνέκφραστος,</span> <span class='ocrx_word' id='word_1_829' title='bbox 2797 4770 3175 4846; x_wconf 74' lang='grc' dir='ltr'>ἀπερινὸητος,</span> <span class='ocrx_word' id='word_1_830' title='bbox 3225 4775 3479 4850; x_wconf 85' lang='grc' dir='ltr'>ἀόρατος,</span> <span class='ocrx_word' id='word_1_831' title='bbox 3537 4777 3816 4850; x_wconf 82' lang='grc' dir='ltr'>ἀκατάλη-</span> 
     </span>
    </p>
   </div>
   <div class='ocr_carea' id='block_1_110' title="bbox 2161 4854 3814 4942">
    <p class='ocr_par' dir='ltr' id='par_1_110' title="bbox 2161 4854 3814 4942">
     <span class='ocr_line' id='line_1_111' title="bbox 2161 4854 3814 4942; baseline 0.01 -32"><span class='ocrx_word' id='word_1_832' title='bbox 2161 4877 2316 4925; x_wconf 90' lang='grc' dir='ltr'>πτος,</span> <span class='ocrx_word' id='word_1_833' title='bbox 2349 4854 2501 4927; x_wconf 67' lang='grc' dir='ltr'>δόξαν</span> <span class='ocrx_word' id='word_1_834' title='bbox 2534 4854 2678 4934; x_wconf 78' lang='grc' dir='ltr'>ἔχων</span> <span class='ocrx_word' id='word_1_835' title='bbox 2728 4859 3067 4936; x_wconf 68' lang='grc' dir='ltr'>ἀπόρρητον,</span> <span class='ocrx_word' id='word_1_836' title='bbox 3120 4867 3235 4942; x_wconf 75' lang='grc' dir='ltr'>φῶς</span> <span class='ocrx_word' id='word_1_837' title='bbox 3282 4864 3682 4939; x_wconf 82' lang='grc' dir='ltr'>ἀνεκλάλητον,</span> <span class='ocrx_word' id='word_1_838' title='bbox 3742 4891 3814 4942; x_wconf 84' lang='grc' dir='ltr'>με</span> 
     </span>
    </p>
   </div>
   <div class='ocr_carea' id='block_1_111' title="bbox 2159 4942 3811 5029">
    <p class='ocr_par' dir='ltr' id='par_1_111' title="bbox 2159 4942 3811 5029">
     <span class='ocr_line' id='line_1_112' title="bbox 2159 4942 3811 5029; baseline 0.01 -31"><span class='ocrx_word' id='word_1_839' title='bbox 2159 4942 2482 5021; x_wconf 80' lang='grc' dir='ltr'>γαλωσύνην</span> <span class='ocrx_word' id='word_1_840' title='bbox 2541 4946 2848 5002; x_wconf 85' lang='grc' dir='ltr'>ἀνείκαστον</span> <span class='ocrx_word' id='word_1_841' title='bbox 2887 4992 2899 5004; x_wconf 94' lang='grc'><strong>.</strong></span> <span class='ocrx_word' id='word_1_842' title='bbox 2971 4974 2999 5001; x_wconf 88' lang='grc'>‹‹</span> <span class='ocrx_word' id='word_1_843' title='bbox 3067 4952 3182 5006; x_wconf 84' lang='grc' dir='ltr'>Ἲνα</span> <span class='ocrx_word' id='word_1_844' title='bbox 3261 4953 3414 5026; x_wconf 83' lang='grc' dir='ltr'>ὑμεῖς</span> <span class='ocrx_word' id='word_1_845' title='bbox 3473 4960 3542 5029; x_wconf 75' lang='grc' dir='ltr'>τῇ</span> <span class='ocrx_word' id='word_1_846' title='bbox 3601 4959 3811 5014; x_wconf 71' lang='grc' dir='ltr'>ἐκείνου</span> 
     </span>
    </p>
   </div>
   <div class='ocr_carea' id='block_1_112' title="bbox 2159 5033 3812 5117">
    <p class='ocr_par' dir='ltr' id='par_1_112' title="bbox 2159 5033 3812 5117">
     <span class='ocr_line' id='line_1_113' title="bbox 2159 5033 3812 5117; baseline 0.008 -29"><span class='ocrx_word' id='word_1_847' title='bbox 2159 5036 2409 5109; x_wconf 78' lang='grc' dir='ltr'>πτωχείᾳ</span> <span class='ocrx_word' id='word_1_848' title='bbox 2463 5033 2831 5106; x_wconf 77' lang='grc' dir='ltr'>πλουτήσητε.</span> <span class='ocrx_word' id='word_1_849' title='bbox 2867 5063 2896 5090; x_wconf 86' lang='grc'><strong>››</strong></span> <span class='ocrx_word' id='word_1_850' title='bbox 2968 5039 3032 5094; x_wconf 85' lang='grc' dir='ltr'>Εἰ</span> <span class='ocrx_word' id='word_1_851' title='bbox 3076 5041 3178 5114; x_wconf 69' lang='grc' dir='ltr'>γὰρ</span> <span class='ocrx_word' id='word_1_852' title='bbox 3241 5043 3316 5114; x_wconf 78' lang='grc' dir='ltr'>μή</span> <span class='ocrx_word' id='word_1_853' title='bbox 3354 5043 3577 5116; x_wconf 79' lang='grc' dir='ltr'>ἐκεῖνος,</span> <span class='ocrx_word' id='word_1_854' title='bbox 3617 5048 3812 5117; x_wconf 71' lang='grc' dir='ltr'>φησίν,</span> 
     </span>
    </p>
   </div>
   <div class='ocr_carea' id='block_1_113' title="bbox 2161 5123 3808 5206">
    <p class='ocr_par' dir='ltr' id='par_1_113' title="bbox 2161 5123 3808 5206">
     <span class='ocr_line' id='line_1_114' title="bbox 2161 5123 3808 5206; baseline 0.008 -27"><span class='ocrx_word' id='word_1_855' title='bbox 2161 5123 2525 5198; x_wconf 72' lang='grc' dir='ltr'>ἐπτώχευσεν,</span> <span class='ocrx_word' id='word_1_856' title='bbox 2584 5127 2683 5182; x_wconf 78' lang='grc' dir='ltr'>οὐκ</span> <span class='ocrx_word' id='word_1_857' title='bbox 2731 5125 2790 5181; x_wconf 85' lang='grc' dir='ltr'>ἃν</span> <span class='ocrx_word' id='word_1_858' title='bbox 2847 5131 3012 5202; x_wconf 78' lang='grc' dir='ltr'>ἡμεῖς</span> <span class='ocrx_word' id='word_1_859' title='bbox 3056 5128 3501 5206; x_wconf 68' lang='grc' dir='ltr'>ἐπλουτήσαμεν.</span> <span class='ocrx_word' id='word_1_860' title='bbox 3573 5135 3808 5192; x_wconf 75' lang='grc' dir='ltr'>Ἐπλουο</span> 
     </span>
    </p>
   </div>
   <div class='ocr_carea' id='block_1_114' title="bbox 2158 5212 3814 5295">
    <p class='ocr_par' dir='ltr' id='par_1_114' title="bbox 2158 5212 3814 5295">
     <span class='ocr_line' id='line_1_115' title="bbox 2158 5212 3814 5295; baseline 0.009 -28"><span class='ocrx_word' id='word_1_861' title='bbox 2158 5216 2397 5287; x_wconf 78' lang='grc' dir='ltr'>τήσαμεν</span> <span class='ocrx_word' id='word_1_862' title='bbox 2455 5212 2512 5269; x_wconf 71' lang='grc' dir='ltr'>δὲ</span> <span class='ocrx_word' id='word_1_863' title='bbox 2549 5261 2560 5282; x_wconf 94' lang='grc'>,</span> <span class='ocrx_word' id='word_1_864' title='bbox 2627 5212 2810 5295; x_wconf 73' lang='grc' dir='ltr'>ἄφεσιν</span> <span class='ocrx_word' id='word_1_865' title='bbox 2875 5218 3190 5290; x_wconf 71' lang='grc' dir='ltr'>ἁμαρτιῶν,</span> <span class='ocrx_word' id='word_1_866' title='bbox 3240 5222 3570 5294; x_wconf 81' lang='grc' dir='ltr'>ἁγιωσύνην,</span> <span class='ocrx_word' id='word_1_867' title='bbox 3631 5225 3814 5290; x_wconf 77' lang='grc' dir='ltr'>υἱοθε-</span> 
     </span>
    </p>
   </div>
   <div class='ocr_carea' id='block_1_115' title="bbox 2161 5303 3809 5391">
    <p class='ocr_par' dir='ltr' id='par_1_115' title="bbox 2161 5303 3809 5391">
     <span class='ocr_line' id='line_1_116' title="bbox 2161 5303 3809 5391; baseline 0.007 -34"><span class='ocrx_word' id='word_1_868' title='bbox 2161 5303 2296 5369; x_wconf 74' lang='grc' dir='ltr'>σίαν,</span> <span class='ocrx_word' id='word_1_869' title='bbox 2331 5303 2495 5371; x_wconf 68' lang='grc' dir='ltr'>αὐτὴν</span> <span class='ocrx_word' id='word_1_870' title='bbox 2546 5306 2645 5372; x_wconf 73' lang='grc' dir='ltr'>τήν</span> <span class='ocrx_word' id='word_1_871' title='bbox 2681 5305 2955 5380; x_wconf 81' lang='grc' dir='ltr'>βασιλείαν</span> <span class='ocrx_word' id='word_1_872' title='bbox 3011 5314 3119 5363; x_wconf 82' lang='grc' dir='ltr'>τῶν</span> <span class='ocrx_word' id='word_1_873' title='bbox 3168 5310 3430 5385; x_wconf 72' lang='grc' dir='ltr'>οὐρανῶν,</span> <span class='ocrx_word' id='word_1_874' title='bbox 3467 5339 3493 5365; x_wconf 89' lang='grc'>‹‹</span> <span class='ocrx_word' id='word_1_875' title='bbox 3531 5317 3628 5368; x_wconf 81' lang='grc' dir='ltr'>Καὶ</span> <span class='ocrx_word' id='word_1_876' title='bbox 3660 5318 3809 5391; x_wconf 82' lang='grc' dir='ltr'>γνώ-</span> 
     </span>
    </p>
   </div>
   <div class='ocr_carea' id='block_1_116' title="bbox 2161 5391 3812 5478">
    <p class='ocr_par' dir='ltr' id='par_1_116' title="bbox 2161 5391 3812 5478">
     <span class='ocr_line' id='line_1_117' title="bbox 2161 5391 3812 5478; baseline 0.01 -33"><span class='ocrx_word' id='word_1_877' title='bbox 2161 5415 2270 5465; x_wconf 77' lang='grc' dir='ltr'>μην</span> <span class='ocrx_word' id='word_1_878' title='bbox 2303 5392 2352 5447; x_wconf 88' lang='grc' dir='ltr'>ἐν</span> <span class='ocrx_word' id='word_1_879' title='bbox 2382 5394 2559 5465; x_wconf 75' lang='grc' dir='ltr'>τούτῳ</span> <span class='ocrx_word' id='word_1_880' title='bbox 2587 5391 2807 5466; x_wconf 82' lang='grc' dir='ltr'>δίδωμι.</span> <span class='ocrx_word' id='word_1_881' title='bbox 2851 5421 2871 5446; x_wconf 70' lang='grc' dir='ltr'>ι</span> <span class='ocrx_word' id='word_1_882' title='bbox 2930 5399 3070 5470; x_wconf 69' lang='grc' dir='ltr'>Ὅρα</span> <span class='ocrx_word' id='word_1_883' title='bbox 3120 5404 3234 5462; x_wconf 83' lang='grc' dir='ltr'>πῶς</span> <span class='ocrx_word' id='word_1_884' title='bbox 3294 5400 3608 5478; x_wconf 75' lang='grc' dir='ltr'>ἀνεπαχθὴς</span> <span class='ocrx_word' id='word_1_885' title='bbox 3666 5407 3812 5460; x_wconf 78' lang='grc' dir='ltr'>εἶναι</span> 
     </span>
    </p>
   </div>
   <div class='ocr_carea' id='block_1_117' title="bbox 2158 5481 3804 5567">
    <p class='ocr_par' dir='ltr' id='par_1_117' title="bbox 2158 5481 3804 5567">
     <span class='ocr_line' id='line_1_118' title="bbox 2158 5481 3804 5567; baseline 0.007 -31"><span class='ocrx_word' id='word_1_886' title='bbox 2158 5481 2470 5552; x_wconf 62' lang='grc' dir='ltr'>σπουδάζει.</span> <span class='ocrx_word' id='word_1_887' title='bbox 2524 5484 2753 5556; x_wconf 84' lang='grc' dir='ltr'>Γνώμην</span> <span class='ocrx_word' id='word_1_888' title='bbox 2787 5527 2803 5550; x_wconf 90' lang='grc'>,</span> <span class='ocrx_word' id='word_1_889' title='bbox 2856 5486 2986 5560; x_wconf 79' lang='grc' dir='ltr'>φτ,σί</span> <span class='ocrx_word' id='word_1_890' title='bbox 3037 5486 3127 5540; x_wconf 83' lang='grc' dir='ltr'>καὶ</span> <span class='ocrx_word' id='word_1_891' title='bbox 3187 5483 3510 5560; x_wconf 71' lang='grc' dir='ltr'>συμϐουλήν</span> <span class='ocrx_word' id='word_1_892' title='bbox 3570 5489 3804 5567; x_wconf 83' lang='grc' dir='ltr'>δίδωμι,</span> 
     </span>
    </p>
   </div>
   <div class='ocr_carea' id='block_1_118' title="bbox 2159 5570 3807 5655">
    <p class='ocr_par' dir='ltr' id='par_1_118' title="bbox 2159 5570 3807 5655">
     <span class='ocr_line' id='line_1_119' title="bbox 2159 5570 3807 5655; baseline 0.005 -29"><span class='ocrx_word' id='word_1_893' title='bbox 2159 5571 2258 5626; x_wconf 82' lang='grc' dir='ltr'>ούκ</span> <span class='ocrx_word' id='word_1_894' title='bbox 2288 5571 2524 5646; x_wconf 81' lang='grc' dir='ltr'>ἀνάγκην</span> <span class='ocrx_word' id='word_1_895' title='bbox 2556 5573 2673 5626; x_wconf 72' lang='grc' dir='ltr'>τινὰ</span> <span class='ocrx_word' id='word_1_896' title='bbox 2703 5570 3011 5647; x_wconf 87' lang='grc' dir='ltr'>ἐπιτίθημι,</span> <span class='ocrx_word' id='word_1_897' title='bbox 3043 5574 3131 5629; x_wconf 73' lang='grc' dir='ltr'>καὶ</span> <span class='ocrx_word' id='word_1_898' title='bbox 3187 5576 3354 5646; x_wconf 72' lang='grc' dir='ltr'>αὐτὴν</span> <span class='ocrx_word' id='word_1_899' title='bbox 3411 5575 3466 5633; x_wconf 77' lang='grc' dir='ltr'>δὲ</span> <span class='ocrx_word' id='word_1_900' title='bbox 3518 5581 3618 5650; x_wconf 76' lang='grc' dir='ltr'>τὴν</span> <span class='ocrx_word' id='word_1_901' title='bbox 3665 5601 3807 5655; x_wconf 68' lang='grc' dir='ltr'>συμι</span> 
     </span>
    </p>
   </div>
   <div class='ocr_carea' id='block_1_119' title="bbox 2157 5653 3812 5750">
    <p class='ocr_par' dir='ltr' id='par_1_119' title="bbox 2157 5653 3812 5750">
     <span class='ocr_line' id='line_1_120' title="bbox 2157 5653 3812 5750; baseline 0.007 -36"><span class='ocrx_word' id='word_1_902' title='bbox 2157 5653 2365 5738; x_wconf 71' lang='grc' dir='ltr'>ὃουλήν</span> <span class='ocrx_word' id='word_1_903' title='bbox 2410 5657 2498 5717; x_wconf 80' lang='grc' dir='ltr'>διὰ</span> <span class='ocrx_word' id='word_1_904' title='bbox 2546 5661 2609 5741; x_wconf 67' lang='grc' dir='ltr'>το</span> <span class='ocrx_word' id='word_1_905' title='bbox 2653 5661 2780 5736; x_wconf 81' lang='grc' dir='ltr'>ὑμῖν</span> <span class='ocrx_word' id='word_1_906' title='bbox 2839 5661 3050 5737; x_wconf 80' lang='grc' dir='ltr'>μᾶλλον</span> <span class='ocrx_word' id='word_1_907' title='bbox 3121 5661 3411 5744; x_wconf 72' lang='grc' dir='ltr'>συμφέρειν</span> <span class='ocrx_word' id='word_1_908' title='bbox 3435 5667 3507 5750; x_wconf 29' lang='grc' dir='ltr'>,τὸ</span> <span class='ocrx_word' id='word_1_909' title='bbox 3547 5653 3812 5750; x_wconf 76' lang='grc' dir='ltr'>πρᾶγμα,</span> 
     </span>
    </p>
   </div>
  </div>
