4128 6192
317 413 474 475 1013

1277 412 1688 478 CUMMENT.
1734 411 1814 472 IN
1860 406 2112 469 EPIST.
2159 404 2211 464 ll
2256 404 2363 463 AD
2407 400 2788 463 CORINTH.

3572 401 3727 464 1014

311 553 453 621 ἤπερ
480 552 599 610 τοῖς
633 543 1168 627 11u6a’tvouatlléytb.
1207 573 1236 602 ιι
1289 547 1499 612 Οἵτινες
1556 547 1620 603 οὗ
1683 542 1850 619 μόνον
1896 541 1940 597 τε

2078 539 2131 595 si
2160 537 2518 610 suscipiatis.
2543 536 2689 592 061
2720 557 2747 586 «
2780 534 3161 609 Quiquidem
3192 553 3314 593 non
3342 535 3534 593 solum
3564 536 3723 594 face-

312 643 614 707 ποιῆσαι.»
688 638 790 695 Καὶ
840 637 1035 694 λοιπὸν
1096 639 1240 716 λέγει
1293 640 1391 708 τὴν
1451 638 1698 715 γνώμην.
1734 634 1967 698 Οἰτινες,

314 725 496 803 φησὶν,
528 725 590 781 οὗ
624 727 790 799 μόνον
818 728 999 802 ἀρχὴν
1028 721 1183 803 ἔχετε
1220 729 1357 803 πρὸς
1384 728 1447 783 τὸ
1474 731 1674 796 ποιεῖν,
1707 721 1851 779 ἀλλὰ
1879 720 1969 775 καὶ

311 815 450 891 πρὸς
481 817 544 871 τὸ
578 813 781 885 θέλειν,
806 817 1080 886 τουτέστι,
1106 816 1168 872 τὸ
1191 816 1450 880 ἑκουσίως
1468 812 1761 883 ποιεῖν,καὶ
1797 807 1968 885 μηδε-

308 895 403 968 νὸς
434 908 908 982 προτρεψαμένου,
944 931 971 959 ιι
1011 911 1115 962 Νῦν
1170 906 1261 962 καὶ
1291 908 1354 962 τὸ
1405 907 1629 977 ποιῆσαι
1661 900 1968 958 ἐπιτελέσα-

307 1015 387 1061 τε,
422 1018 450 1047 ›)
485 996 757 1065 τουτέστι,
790 995 1125 1070 πληρώσατε
1164 995 1314 1066 αὐτὸ,
1375 997 1403 1050 δ
1460 995 1747 1069 ἐνήρξασθε
1767 988 1963 1047 θὲλειν.

311 1082 578 1141 Βούλεται
609 1081 667 1140 δὲ
704 1086 766 1140 τὸ
797 1084 1118 1160 αὐθαίρετον
1154 1085 1242 1141 καὶ
1282 1085 1524 1154 τούτοις,
1575 1084 1651 1147 ὡς
1691 1076 1963 1139 Μακεδόσι

309 1173 594 1249 περιάψαι.
636 1195 658 1225 ι
689 1174 879 1237 *Οπως
911 1176 1152 1251 καθάπερ
1183 1176 1219 1245 ἡ
1276 1176 1576 1251 προθυμία.
1611 1197 1642 1225 ››
1689 1173 1805 1228 Ἵνα
1860 1170 1962 1243 μή,

310 1262 498 1341 φησὶν,
533 1260 665 1339 ἄχρι
695 1264 1007 1339 προθυμίας
1029 1268 1128 1337 στῇ
1159 1264 1221 1320 τὸ
1250 1262 1418 1320 καλὸν
1446 1258 1598 1339 ἔργον
1617 1262 1804 1330 τοῦτο,
1836 1252 1965 1316 ἀλλ’

309 1351 493 1429 ὥσπερ
548 1356 582 1424 ἠ
638 1354 940 1429 προθυμία,
990 1353 1050 1410 ἐκ
1105 1357 1335 1430 γνώμης
1386 1354 1473 1409 καὶ
1543 1352 1604 1408 ἐκ
1649 1349 1962 1425 θελήματος

308 1440 560 1497 ἰκουσίου
583 1443 817 1519 γέγονεν,
852 1441 995 1498 οὕτω
1050 1443 1140 1497 καὶ
1196 1444 1258 1498 τὸ
1306 1443 1404 1512 τὴν
1465 1439 1766 1518 προθυμίαν
1811 1436 1961 1508 πλη-

306 1533 552 1607 ρωθῆναι
608 1530 830 1608 γένηται
889 1532 950 1588 ἐκ
1011 1537 1109 1588 τοῦ
1166 1529 1337 1608 ἔχειν,
1394 1530 1690 1597 τουτέστιν,
1749 1527 1808 1584 ἐκ
1861 1531 1958 1584 τοῦ

299 1617 528 1696 ἔχοντας
557 1620 890 1696 εἰσενεγκεῖν.
914 1623 1003 1685 Ὦς
1033 1624 1080 1678 εἳ
1115 1643 1178 1698 γε
1209 1622 1311 1678 οὐκ
1339 1616 1456 1697 ἔχει
1486 1640 1591 1689 τις,
1624 1619 1689 1676 τὸ
1719 1619 1825 1674 ἀπὸ
1856 1624 1956 1687 τῆς

299 1709 607 1786 προθυμίας
636 1710 978 1787 ἐπλήρωσεν.

370 1963 441 2022 Εἰ
489 1964 593 2040 γὰρ
667 1968 703 2035 ἡ
780 1966 1058 2040 προθυμία
1131 1968 1414 2042 πρόκειται
1489 1966 1624 2031 καθὸ
1700 1965 1787 2021 ἐὰν
1839 1964 1942 2041 ἔχῃ

295 2075 380 2117 τις
412 2053 828 2131 εὐπρόσδεκτος,
862 2057 926 2111 οὐ
959 2056 1089 2111 καθὸ
1120 2057 1222 2111 οὐκ
1243 2055 1381 2136 ἔχει.
1407 2056 1479 2110 Οὐ
1501 2059 1603 2131 γάρ
1632 2055 1718 2111 ἳνα
1750 2054 1945 2120 ἄλλοις

295 2141 492 2215 ἄνεσις,
527 2145 656 2218 ὑμῖν
688 2142 745 2200 δὲ
773 2144 983 2220 θλίψις,
1016 2144 1141 2201 ἀλλ’
1198 2144 1249 2219 ἐξ
1310 2145 1561 2217 ἰσότητος
1619 2145 1671 2201 ἐν
1726 2150 1804 2218 τῷ
1854 2149 1946 2201 νῦν

288 2238 467 2306 καιρῷ
497 2235 559 2289 τὸ
587 2234 739 2306 ὑμῶν
770 2233 1104 2310 περίσσευμα
1152 2234 1228 2297 εἰς
1283 2235 1346 2290 τὸ
1377 2235 1602 2290 ἐπείνων
1636 2234 1937 2310 ὑστέρημα.

285 2323 400 2379 Ἱνα
429 2323 518 2378 καὶ
547 2324 610 2379 τὸ
642 2322 857 2380 ἐκείνων
896 2324 1230 2400 περίσσευμα
1284 2326 1530 2400 γένηται,
1577 2323 1652 2386 εἰς
1684 2324 1746 2378 τὸ
1784 2325 1940 2397 ὑμῶν

291 2412 591 2486 ὑστέρημα,
644 2412 794 2475 ὅπως
849 2414 1073 2490 γενηται
1127 2414 1335 2484 ἰσότης,
1403 2412 1581 2475 καθὼς
1619 2413 1939 2489 γέγραπται,

288 2502 351 2559 Ὀ
380 2502 442 2556 τὸ
495 2501 639 2556 πολὺ
699 2502 799 2559 οὐκ
838 2502 1150 2573 ἐπλεόνασε,
1211 2503 1302 2558 καὶ
1362 2503 1390 2558 ὁ
1447 2503 1510 2558 τὸ
1572 2500 1757 2579 ὀλίγον
1841 2502 1941 2558 οὐκ

287 2591 674 2663 ἠλαττόνησεν.

365 2848 739 2925 Προκειμένης
795 2850 922 2927 γάρ,
972 2851 1137 2929 φησὶ,
1194 2850 1523 2926 προθυμίας,
1581 2850 1714 2915 καθὸ
1775 2848 1939 2926 μέρος

291 2932 430 3016 ἴχει,
464 2937 855 3016 εὐπρόσδεκτός
899 2940 1011 2996 ἐστι
1065 2941 1213 3015 παρᾶ
1277 2945 1414 3013 Θεῷ,
1469 2940 1566 2995 κᾶν
1630 2940 1822 3016 μικρὸν
1878 2940 1937 3011 ᾗ,

288 3027 384 3083 κᾶν
423 3024 661 3100 μηδὶνῇ
706 3026 1010 3090 παντελῶς.
1070 3029 1217 3084 Καθὸ
1272 3029 1374 3103 γὰρ
1430 3025 1569 3105 ἔχει,
1634 3026 1821 3103 φησὶν,
1876 3024 1937 3081 οὐ

290 3118 424 3174 καθὸ
454 3117 559 3172 οὔκ
586 3111 725 3192 ἔχει,
758 3116 1084 3174 ἆπαιτεῖται.
1120 3142 1147 3169 ιι
1182 3117 1259 3175 Οὐ
1316 3116 1419 3192 γὰρ
1471 3113 1560 3170 ’ίνα
1604 3112 1797 3177 ἄλλοις
1847 3112 1941 3170 ἄν-

289 3224 419 3267 εσις.
458 3228 486 3256 ››
525 3203 601 3263 Οὐ
661 3205 766 3282 γὰρ
820 3206 911 3260 ἳνα
968 3203 1133 3261 ἄλλοι
1197 3207 1328 3277 μετᾶ
1391 3203 1617 3260 ἀνέσεως
1665 3207 1934 3281 τραφῶσι,

288 3295 404 3374 χρὴ
440 3295 576 3369 ὑμᾶς
609 3294 739 3371 ὑπὲρ
772 3291 1001 3367 δύναμιν
1035 3291 1244 3361 δοῦναι,
1303 3293 1442 3349 ὥστε
1472 3293 1562 3348 καὶ
1594 3287 1794 3348 ἔνδειαν
1842 3293 1930 3349 καὶ
1967 3268 2017 3335 C'

283 3384 470 3458 θλίψιν
505 3384 799 3457 ὑπομεῖναι
831 3382 892 3441 ἐκ
908 3384 1140 3441 τούτου.
1167 3387 1337 3439 Τοῦτο
1379 3381 1455 3450 δὲ,
1490 3380 1579 3439 διὰ
1633 3385 1696 3439 τὸ
1756 3384 1931 3441 αὐτῶν

283 3474 470 3536 ἄτελές
529 3496 715 3552 φησιν.
775 3476 840 3532 Ὀ
894 3476 997 3549 γὰρ
1054 3470 1369 3536 Μακεδόνας
1401 3473 1634 3529 ἐπαινῶν
1686 3472 1768 3529 ὅτι
1799 3473 1933 3549 ὑπὲρ

286 3562 517 3637 δύναμιν
546 3562 773 3637 ἔδωκαν,
808 3561 980 3629 δῆλός
1010 3562 1122 3618 ἐστι
1149 3564 1235 3619 καὶ
1288 3563 1516 3625 τούτους
1565 3568 1726 3619 τοῦτο
1757 3570 1932 3619 ποιεῖν

286 3652 513 3717 ἰθὲλων.
567 3653 788 3726 Ἀμέλει
846 3652 1216 3725 παρακατιὼν,
1294 3649 1713 3727 αἰνιγματωδῶς
1770 3674 1936 3709 κατα-

289 3741 533 3810 σκευάζει
563 3743 625 3797 τὸ
654 3739 764 3797 δεῖν
818 3740 953 3816 ὕπερ
1006 3737 1232 3815 δύναμιν
1287 3736 1515 3798 διδόναι.
1574 3765 1602 3793 ιι
1666 3739 1825 3800 Ἀλλ’
1882 3741 1933 3817 ἐξ

292 3832 564 3903 ἰσότητος.
599 3856 626 3885 »
688 3837 920 3906 Κομᾶτε,
976 3832 1132 3906 φησὶ,
1191 3833 1471 3907 χρήμασιν
1511 3830 1690 3906 ὑμεῖς,
1741 3831 1932 3889 ἐκεῖνοι

289 3918 348 3978 δὶ
375 3925 444 3995 τῇ
476 3921 551 3982 εἷς
617 3923 743 3977 Θεὸν
786 3920 1081 3997 παρῥησὲᾳ,
1143 3922 1226 3983 οἷς
1288 3920 1353 3976 τά
1406 3928 1506 3992 τῆς
1558 3919 1933 3995 ἐλεημοσύνης

292 4008 486 4085 μέλλει
512 4008 776 4077 δίδοσθαι.
810 4011 940 4066 Δότε
967 4010 1143 4065 τοίνυν
1178 4009 1364 4072 αὐτοῖς
1407 4010 1473 4065 τὰ
1519 4011 1748 4088 περισσᾶ
1822 4015 1929 4067 τῶν

286 4099 615 4177 χρημάτων,
669 4100 759 4154 καὶ
816 4094 1011 4155 λάϐετε
1066 4099 1128 4155 τὸ
1188 4100 1440 4175 περισσὸν
1511 4102 1609 4170 τῆς
1668 4100 1744 4162 εἰς
1801 4101 1929 4157 Θεὸν

280 4194 610 4271 παρρησίας.
648 4192 830 4250 Εἰπὼν
865 4189 940 4260 δὲ,
973 4190 1024 4264 ἐξ
1060 4190 1334 4262 ἰσότητος,
1394 4191 1575 4266 ἠρέμα
1630 4198 1933 4269 προτρὲπε-

282 4303 370 4339 ται
400 4281 596 4342 αὐτοὺς
632 4280 708 4354 μὴ
740 4279 802 4334 τὸ
830 4278 1163 4354 περίσσευμα
1194 4276 1399 4351 δοῦναι,
1459 4279 1607 4335 ἀλλᾶ
1661 4280 1749 4335 καὶ
1800 4282 1932 4337 αὐτὸ

278 4372 342 4428 τὸ
371 4370 672 4447 ὑστέρημα.
707 4371 885 4426 Τοῦτο
916 4368 1042 4443 γάρ,
1076 4369 1263 4446 φησὶν,
1307 4369 1352 4425 εἰ
1409 4370 1744 4446 περίσσευμα
1801 4368 1931 4443 δῷς,

279 4461 615 4537 περίσσευμα
693 4455 1019 4537 λαμϐάνεις.
1080 4460 1147 4520 Ei
1204 4456 1429 4533 δαψιλὶς
1516 4457 1647 4534 δῷς,
1704 4458 1931 4534 δαψιλὲς

486 4550 551 4608 Εἰ
583 4548 639 4606 δὶ
696 4549 1006 4628 ὁλόκληρον
1045 4550 1241 4628 βούλει
1304 4551 1403 4619 τὴν
1456 4550 1592 4626 πρὸς
1634 4550 1763 4606 θεὸν
1791 4551 1927 4626 παῤ,

2071 646 2155 685 re.
2189 650 2216 679 »
2248 627 2695 698 Consequenter
2725 626 2902 681 etiam
2930 626 3074 681 dicit
3129 627 3326 698 ipsum
3383 626 3721 684 consilium.

2072 718 2179 784 Qui
2207 717 2449 789 quidem
2480 732 2602 771 non
2635 715 3070 786 solum.inquit,
3105 716 3461 787 principium
3492 715 3723 771 habetis

2071 805 2146 861 ad
2176 806 2755 871 faciendum,verum
2789 805 2965 859 etiam
2991 804 3065 859 ad
3097 804 3435 873 volendum,
3470 805 3581 860 hoc
3613 810 3720 874 est,

2070 902 2135 951 ut
2164 895 2492 951 voluntarie
2525 900 2583 950 et
2611 893 2776 949 nullo
2809 893 3163 949 adhortante
3186 893 3478 949 faceretis.
3506 917 3534 943 ‹‹
3557 896 3721 950 Nunc

2069 990 2268 1041 autem
2299 991 2358 1039 et
2385 984 2534 1040 illud
2556 982 2713 1056 quod
2736 984 2928 1039 facere
2952 983 3211 1055 cmpistis
3228 984 3513 1055 perﬁcite.
3550 1005 3577 1032 »
3602 984 3722 1040 Hoc

2069 1079 2177 1141 est,
2208 1074 2501 1145 complete
2532 1073 2680 1128 illud
2709 1073 2866 1145 quod
2891 1073 3018 1144 jam
3051 1072 3198 1127 velle
3223 1073 3502 1143 ccepistis.
3546 1074 3721 1145 Cupit

2067 1169 2266 1221 autem
2298 1164 2630 1226 efﬁcere,ut
2658 1164 2719 1218 hi
2742 1178 2977 1233 quoque
3011 1161 3131 1216 sint
3150 1161 3405 1216 ultronei
3430 1163 3719 1232 quemad-

2065 1252 2305 1310 modum
2330 1252 2734 1317 Macedones,u
2760 1252 2829 1307 Ut
2844 1249 3346 1322 quemadmodum
3371 1250 3718 1323 promptitu-

2064 1342 2159 1398 do.
2202 1366 2222 1391 ι
2260 1344 2339 1397 Ne
2370 1343 2432 1398 in
2466 1342 2593 1398 sola
2624 1341 2807 1397 animi
2838 1340 3331 1412 promptitudine,
3363 1339 3577 1412 inquit,
3609 1340 3713 1395 bo-

2063 1448 2208 1487 num
2243 1432 2355 1487 hoc
2386 1448 2534 1503 opus
2557 1432 2758 1486 sistat:
2783 1429 2887 1485 sed
2908 1429 3411 1501 quemadmodum
3434 1431 3714 1501 prompti-

2062 1520 2203 1576 tudo
2236 1538 2305 1576 ex
2330 1526 2532 1575 mente
2565 1525 2623 1574 et
2651 1519 2925 1575 ultronea
2958 1518 3260 1573 voluntate
3291 1519 3601 1590 processit,
3634 1520 3717 1574 ita

2061 1626 2297 1682 quoque
2330 1609 2650 1681 impleatur
2679 1608 2865 1664 animi
2894 1606 3418 1679 promptitudo.Ex
3450 1624 3519 1662 eo
3551 1608 3710 1678 quod

2057 1698 2323 1771 possidet
2356 1715 2369 1753 :
2403 1699 2515 1753 hoc
2546 1703 2656 1762 est,
2689 1714 2757 1753 eo
2789 1697 2947 1769 quod
2978 1696 3350 1769 possidentes
3378 1697 3708 1765 conferant,

2057 1793 2125 1844 ut
2154 1788 2203 1843 si
2234 1788 2368 1859 quis
2398 1804 2519 1843 non
2537 1785 2771 1855 habeat,
2799 1786 2926 1858 jam
2971 1803 3041 1842 ex
3071 1786 3174 1841 illo
3231 1785 3390 1857 quod
3447 1787 3705 1857 prompti

1981 1904 2025 1969 Β
2055 1876 2239 1934 animi
2271 1880 2400 1933 erat
2423 1892 2549 1932 rem
2588 1876 2922 1947 complevit.

2129 1965 2277 2035 V111,
2312 1965 2497 2018 12-15.
2557 1965 2775 2018 Etenim
2822 1965 2870 2018 si
2919 1964 3082 2034 prius
3137 1963 3281 2018 adsit
3326 1964 3501 2017 animi
3525 1978 3710 2035 prom-

2057 2052 2267 2118 titudo,
2317 2052 2493 2122 juxta
2529 2039 2901 2123 quodcunque
2946 2051 3088 2106 illud
3141 2058 3218 2107 est
3265 2054 3415 2121 quod
3465 2054 3703 2123 possidet

2053 2141 2257 2213 aliquis
2274 2148 2526 2212 acceptus
2565 2148 2662 2209 est,
2690 2158 2799 2197 non
2820 2143 2996 2212 juxta
3024 2141 3086 2195 id
3114 2141 3262 2211 quod
3278 2156 3387 2194 non
3430 2142 3696 2210 possidet.

2051 2234 2172 2288 Non
2203 2233 2344 2286 enim
2384 2237 2446 2285 ut
2502 2230 2631 2285 aliis
2673 2231 2951 2285 relaxatio
2998 2232 3091 2298 sit,
3132 2230 3280 2285 vobis
3309 2236 3488 2284 autem
3518 2247 3694 2300 angu-

2050 2323 2156 2375 stia
2191 2338 2203 2374 :
2229 2320 2323 2375 sed
2343 2327 2404 2374 ut
2435 2336 2504 2375 ea:
2517 2320 2829 2390 parilitate,
2858 2319 2919 2374 in
2948 2321 3208 2388 praesenti
3254 2325 3492 2388 tempore
3516 2326 3697 2376 vestra

2051 2409 2214 2481 copia
2246 2409 2473 2464 illorum
2533 2414 2819 2464 succurrat
2875 2406 3100 2477 inopiae,
3131 2414 3194 2462 ut
3251 2410 3418 2463 etiam
3474 2409 3702 2465 illorum

2049 2502 2213 2570 copia
2268 2505 2456 2555 vestrae
2509 2505 2765 2553 succurat
2820 2500 3044 2568 inapiae,
3105 2504 3165 2552 ut
3239 2502 3339 2567 fiat
3412 2499 3699 2569 parilitas,

2047 2588 2508 2659 quemadmodum
2535 2590 2804 2657 scriptum
2850 2593 2947 2643 est.
2998 2589 3104 2653 Qui
3149 2587 3386 2641 multum
3436 2589 3691 2657 habebat,

2047 2679 2176 2734 huic
2226 2679 2374 2734 nihil
2412 2681 2687 2748 superfuit
2721 2695 2733 2733 :
2767 2684 2817 2733 et
2846 2678 2943 2748 qui
2989 2677 3222 2749 paulum
3263 2678 3514 2747 habebat,
3547 2681 3591 2735 is
3615 2681 3700 2734 ni-

2049 2767 2346 2825 hilominus
2368 2768 2582 2823 habuit-

2120 2857 2436 2912 Prazmissa
2496 2856 2657 2911 enim
2715 2855 2899 2910 animi
2957 2853 3447 2925 promptitudine,
3482 2854 3701 2926 inquit,

2049 2952 2326 3018 acceptus
2359 2950 2448 3001 est
2479 2945 2775 3016 quispiam
2808 2960 2842 2998 a
2871 2944 2989 2998 Deo
3015 2942 3189 3013 juxta
3241 2946 3472 3013 partem
3521 2960 3700 3014 quam

2047 3034 2333 3106 possidet,
2390 3032 2509 3089 sive
2568 3049 2745 3105 parva
2799 3032 2895 3095 sit,
2957 3032 3077 3085 sive
3132 3030 3283 3086 nihil
3325 3031 3567 3087 omnino
3600 3033 3697 3088 sit.

2046 3125 2218 3179 Juxta
2248 3121 2608 3193 id,ait.quod
2638 3121 2925 3193 possidet,
2957 3137 3078 3174 non
3101 3121 3277 3193 juxta
3305 3119 3364 3175 id
3395 3120 3555 3191 quod
3577 3137 3700 3176 non

2048 3211 2331 3284 possidet,
2368 3210 2645 3283 exigitur.
2689 3232 2717 3258 «
2750 3211 2876 3265 Non
2908 3208 3066 3265 enim
3096 3214 3163 3266 ut
3209 3208 3349 3264 aliis
3409 3208 3698 3265 relaxatio

2050 3301 2143 3356 sit.
2181 3322 2208 3349 ››
2242 3302 2441 3371 Neque
2475 3300 2633 3355 enim
2656 3303 2722 3354 ut
2752 3299 2853 3354 alii
2881 3315 3014 3354 cum
3030 3297 3381 3354 remissione
3411 3314 3479 3353 ac
3510 3298 3696 3355 disso-

2046 3390 2272 3446 lutione
2304 3389 2561 3456 alantur,
2593 3405 2694 3443 vos
2726 3393 2959 3458 oportet
3008 3404 3187 3459 supra
3240 3386 3697 3458 possibilitatem

2046 3478 2209 3545 dare,
2241 3483 2307 3533 ut
2335 3478 2514 3533 etiam
2539 3477 2929 3550 indigentiam
2953 3481 3011 3531 et
3031 3474 3424 3532 afflictionem
3455 3492 3528 3532 ex
3582 3476 3694 3532 hoc

2046 3568 2411 3625 sustineatis.
2434 3568 2498 3623 Id
2528 3572 2727 3623 autem
2754 3572 2997 3640 propter
3025 3567 3265 3623 illorum
3297 3567 3443 3623 dicit
3475 3568 3696 3641 imper-

2043 3657 2385 3714 fectionem.
2414 3657 2719 3729 Siquidem
2752 3673 2885 3713 cum
2936 3657 3284 3712 Macedones
3315 3672 3386 3712 ex
3426 3657 3536 3712 hoc
3568 3658 3692 3712 lau-

2045 3747 2271 3803 daverit
2299 3747 2458 3819 quod
2491 3764 2670 3819 supra
2689 3747 2840 3803 vires
2870 3745 3583 3813 dedissent,manifestum
3607 3754 3695 3802 est

2045 3836 2204 3907 quod
2225 3836 2335 3891 hos
2366 3852 2600 3907 quoque
2633 3834 2693 3889 id
2723 3835 2914 3890 facere
2949 3833 3142 3889 vellet.
3194 3834 3362 3887 Certe
3420 3832 3483 3887 in
3540 3850 3687 3904 pro-

2041 3942 2249 3999 gressu
2300 3926 2549 3982 obscure
2598 3925 2809 3980 astruit
2857 3928 3128 3995 Oportere
3187 3939 3367 3994 supra
3404 3923 3555 3980 vires
3586 3925 3691 3980 tri-

2041 4017 2244 4074 buere.
2281 4038 2310 4066 «
2343 4016 2455 4071 Sed
2485 4032 2557 4070 ex
2586 4013 2905 4086 parilitate.
2942 4033 2969 4060 »
2992 4013 3126 4080 Nos,
3150 4012 3689 4083 inquit,eﬂ‘erimini

2041 4105 2285 4171 divitiis,
2319 4104 2407 4158 illi
2438 4119 2574 4158 vero
2609 4102 2828 4173 quibus
2859 4100 3069 4155 dandas
3104 4105 3242 4156 sunt
3271 4101 3689 4176 eleemosynaa,

2041 4192 2314 4249 libertate
2338 4208 2475 4264 erga
2497 4192 2681 4246 Deum
2706 4206 2716 4244 :
2746 4207 2845 4244 vos
2875 4190 3055 4263 igitur
3085 4188 3219 4246 date
3250 4190 3371 4245 illis
3393 4190 3694 4263 superﬂua

2045 4302 2176 4356 qua:
2208 4283 2525 4357 possidetis
2556 4282 2617 4338 in
2650 4281 2895 4347 divitiis,
2929 4288 2987 4338 et
3028 4283 3278 4355 accipite
3325 4288 3690 4355 superﬂuum

2043 4372 2201 4444 quod
2232 4373 2304 4428 de
2326 4371 2603 4429 libertate
2634 4388 2773 4444 erga
2804 4373 2987 4427 Deum
3019 4371 3564 4444 possident.Dicens
3594 4389 3692 4429 au-

2041 4468 2182 4519 tem.
2218 4484 2246 4513 ιι
2280 4464 2360 4518 Ex
2392 4462 2710 4535 parilitate,
2747 4462 2969 4518 sensim
3028 4461 3379 4517 adhortatur
3409 4478 3510 4518 eos
3567 4479 3689 4519 non

2039 4559 2105 4609 ut
2136 4552 2280 4608 dent
2315 4551 2474 4624 quod
2519 4552 2887 4625 superfluum
2942 4556 3052 4619 est,
3084 4552 3237 4608 662
3268 4567 3475 4607 verum
3507 4553 3688 4609 etiam

282 4640 473 4715 ῥησίαν
534 4639 948 4709 ἐπισπάσασθαι,
1009 4639 1113 4697 ὅλα
1170 4639 1402 4696 κὲνωσον
1454 4639 1544 4695 καὶ
1585 4638 1670 4709 σὺ,
1720 4636 1812 4701 δὸς
1841 4640 1930 4694 καὶ

2052 4642 2197 4716 quod
2228 4643 2634 4699 necessarium
2668 4647 2758 4697 est
2787 4642 2906 4696 sive
2939 4642 3127 4713 ipsam
3177 4641 3509 4712 penuriam.
3544 4644 3687 4698 Nam
3768 4692 3781 4705 κ

281 4728 341 4785 ὲκ
362 4727 464 4784 τοῦ
495 4727 889 4804 ὗστερήματος.
924 4730 1010 4801 Ἐξ
1042 4729 1299 4801 ἰσότητος
1346 4730 1449 4805 γάρ
1508 4727 1648 4783 ἐστιν
1677 4730 1711 4800 ἠ
1755 4726 1926 4803 λῆψις

279 4822 379 4884 τῆς
412 4815 637 4879 δόσεως.
703 4840 730 4872 ι
787 4820 874 4876 Ἐν
932 4824 1012 4891 τῷ
1068 4823 1161 4875 νῦν
1219 4824 1416 4894 καιρῷ.
1478 4842 1507 4870 ››
1550 4820 1636 4877 Ἐν
1706 4824 1785 4891 τῷ
1837 4823 1928 4874 νῦν

279 4912 479 4981 καιρῷ,
520 4908 701 4984 φησίν.
756 4910 842 4967 Ἐν
876 4907 979 4985 γάρ
1017 4913 1098 4982 τῷ
1149 4907 1436 4984 μὲλλοντι,
1498 4906 1653 4963 οὐδὲν
1717 4908 1926 4965 τούτων

278 4992 677 5053 ἐπιδείκνυσθαι
734 4994 975 5055 δύναται.
1028 5030 1094 5040 —
1152 4998 1257 5055 Καὶ
1315 4996 1504 5061 ἄλλως
1577 4993 1654 5053 δέ.
1714 5000 1928 5072 [ΦΩΤ.]

280 5090 367 5145 Ἐν
416 5091 497 5159 τῷ
520 5090 613 5142 νῦν
666 5092 843 5163 καιρῷ
873 5086 1184 5144 ἐπιτέλεσον
1242 5088 1345 5156 τὴν
1406 5086 1653 5157 ἰσότητα.
1708 5088 1795 5143 Ἐν
1823 5087 1924 5163 γὰρ

272 5182 354 5249 τῷ
387 5174 643 5251 μέλλοντι
662 5176 1125 5233 πολλαπλασίονα
1154 5173 1444 5251 ἀπολήψῃ.
1508 5176 1612 5232 Καὶ
1662 5174 1926 5251 πρόσκαι-

278 5286 369 5343 ρος
432 5267 527 5339 μὶν
589 5267 624 5335 ἡ
686 5264 923 5321 δοκοῦσα
984 5263 1286 5339 ζημία(ἑν
1343 5269 1423 5338 τῷ
1479 5269 1568 5319 νῦν
1597 5264 1696 5341 γὰρ
1728 5270 1925 5341 καιρῷ,

274 5356 456 5438 φησὶ),
489 5352 817 5426 διαιωνίζων
871 5352 929 5410 δὲ
985 5356 1013 5409 ὁ
1073 5356 1275 5435 ἄφατος
1327 5352 1588 5416 πλοῦτος.
1648 5378 1676 5405 ‹‹
1736 5354 1928 5418 Καθὼς

271 5447 594 5523 γέγραπται.
631 5467 659 5495 ›)
692 5444 878 5514 Δείξας
909 5443 994 5498 ὅτι
1023 5442 1086 5499 οὐ
1123 5444 1287 5517 μόνον
1344 5440 1604 5513 διδοῦσιν,
1664 5440 1810 5498 ἀλλὰ
1838 5442 1929 5497 καὶ

278 5528 765 5609 ἀντιλαμϐάνουσι,
823 5532 916 5587 καὶ
978 5531 1197 5605 μείζονα
1252 5528 1716 5606 ἀντιλαμϐάνουσι
1762 5534 1779 5606 (
1836 5530 1931 5586 κᾶν

280 5626 386 5703 γάρ
419 5622 591 5693 εἶπεν,
630 5646 659 5676 ιι
683 5622 876 5683 ’Ὀπως
902 5621 1121 5696 γένηται
1153 5620 1358 5693 ἰσότης,
1390 5647 1417 5673 υ
1476 5621 1610 5696 πρὸς
1641 5616 1925 5694 δαψίλειαν

285 5711 481 5775 αὐτοὺς
514 5706 843 5789 προτρέπων
874 5708 1042 5766 εἶπεν.
1097 5709 1213 5768 Οὔκ
1267 5705 1379 5765 ἔστι
1435 5707 1535 5787 γὰρ
1592 5705 1704 5764 ἴσον
1744 5704 1931 5765 δοῦναι

2041 4734 2089 4789 si
2122 4732 2279 4804 quod
2310 4732 2679 4804 superfluum
2702 4736 2810 4798 est,
2842 4729 3506 4800 inquit,dederis,etiam
3533 4730 3690 4803 quad

2040 4822 2408 4896 superﬂuum
2430 4827 2519 4877 est
2546 4820 2801 4892 accipies
2825 4838 2837 4875 :
2861 4821 2911 4875 si
2944 4819 3176 4876 abunde
3194 4819 3706 4885 dederis,abunde.

2039 4913 2311 4985 recipies.
2346 4912 2403 4967 Si
2435 4926 2569 4965 vero
2597 4908 2921 4981 perfectam
2953 4925 3090 4982 erga
3137 4908 3322 4965 Deum
3356 4908 3689 4967 libertatem

2040 5001 2359 5058 conciliare
2391 4999 2576 5071 cupis,
2602 5004 2667 5053 tu
2707 5015 2945 5069 quoque
2977 4998 3232 5069 teipsum
3265 5015 3498 5065 evacua,
3532 5007 3589 5056 et
3619 5019 3688 5059 ex

2040 5108 2108 5149 eo
2141 5092 2319 5146 etiam
2343 5090 2501 5161 quod
2533 5088 2937 5144 necessarium
2969 5092 3059 5144 est
3086 5087 3350 5145 tribuite.
3385 5089 3685 5162 Siquidem

2040 5197 2109 5237 ex
2141 5179 2437 5252 parilitate
2472 5184 2560 5234 est
2582 5178 2722 5234 doni
2752 5178 3037 5250 acceptio.
3073 5201 3099 5227 «
3135 5180 3200 5234 In
3231 5180 3508 5251 prmsenti
3540 5185 3689 5236 tem-

2038 5285 2203 5341 pore.
2236 5291 2261 5318 ››
2292 5270 2358 5323 In
2388 5268 2523 5335 hoc,
2576 5267 2789 5338 inquit,
2843 5272 3125 5339 tempore.
3177 5269 3323 5323 Nam
3368 5269 3430 5323 in
3487 5269 3685 5326 futuro

2039 5357 2192 5414 nihil
2241 5356 2589 5429 hujusmodi
2634 5361 2829 5429 potest
2858 5356 3143 5412 exhiberi.
3176 5386 3245 5397 -——
3293 5358 3424 5413 Alio
3471 5373 3691 5430 quoque

2038 5447 2219 5502 modo.
2252 5448 2317 5501 In
2349 5446 2626 5518 praesenti
2661 5451 2924 5516 tempore
2958 5445 3175 5516 perﬁce
3209 5445 3592 5517 parilitatem,
3622 5447 3684 5501 in

2042 5536 2237 5590 futuro
2265 5536 2425 5591 enim
2457 5535 2853 5606 multiplicata
2869 5534 3223 5605 accipies.Et
3252 5535 3679 5604 temporarium

2042 5625 2280 5698 quidem
2314 5629 2403 5680 est
2434 5624 2582 5696 quod
2613 5624 2842 5680 videtur
2859 5623 3142 5679 damnum
3172 5640 3184 5677 :
3216 5637 3354 5677 nam
3386 5642 3415 5672 ‹‹
3450 5623 3513 5678 In
3538 5639 3687 5694 pra)-

2043 5714 2439 5788 senti,inquit,
2472 5718 2760 5786 tempore,
2792 5735 2820 5766 »
2854 5727 3030 5784 porro
3061 5711 3122 5766 in
3154 5714 3507 5781 perpetuum
3528 5711 3683 5784 parit
