4128 6192
392 320 550 385 1015

1515 306 1928 371 CECUMENII
1970 262 2281 366 Talem:
2329 296 2675 370 EPISCOPI

3649 306 3815 368 1016

394 453 725 515 ineffabiles
748 448 1001 505 divitias.
1026 445 1572 512 «Quemadmodum
1594 445 1880 516 scriptum
1898 447 2039 498 est.»

2182 440 2445 515 φήματα,
2475 442 2566 497 καὶ
2594 442 2694 510 τὴν
2729 442 2867 518 πρὸς
2915 442 3044 499 Θεὸν
3090 443 3403 518 παρρησίαν
3451 436 3815 516 ἀντιλαϐεῖν),

398 539 719 607 Postquam
763 530 1023 587 ostendit
1062 528 1220 603 quod
1261 545 1384 584 non
1424 528 1618 585 solum
1650 527 1814 593 dent,
1848 543 2073 583 verum-

399 625 576 685 etiam
607 621 917 693 recipiant,
950 618 1070 674 imo
1094 618 1325 690 majora
1353 617 1642 689 recipiant
1683 617 2049 689 (quanquam

399 714 561 771 enim
619 710 798 767 dixit:
854 731 882 761 «
941 710 1013 766 Ut
1067 708 1170 764 fiat
1229 707 1518 780 parilitas,
1578 705 1654 762 ad
1713 706 2049 761 libertatem

398 801 531 861 illos
563 798 930 856 exhortando
963 798 1131 862 dixit,
1165 796 1459 869 siquidem
1505 795 1733 866 aequale
1783 812 1905 851 non
1963 801 2052 851 est

397 891 538 951 dare
568 891 853 965 pecunias
883 895 943 945 et
969 888 1233 960 recipere
1256 886 1590 942 libertatem
1620 902 1758 960 erga
1781 872 2050 958 Deum):»

397 999 558 1041 nunc
588 982 649 1038 id
705 997 775 1037 ex
822 980 1015 1035 Veteri
1071 980 1446 1034 Testamento
1495 975 1614 1031 vult
1654 976 2048 1042 confirmare;

401 1074 542 1147 quia
562 1073 702 1128 licet
730 1087 849 1127 non
902 1068 1284 1129 tradideritis.
1336 1067 1549 1138 inquit,
1600 1065 1748 1121 nihil
1794 1068 2053 1138 amplius

405 1160 519 1220 erit
548 1160 711 1218 vobis
761 1160 862 1232 qni
893 1156 1298 1215 accumulatis.
1332 1156 1680 1226 Quanquam
1716 1155 1875 1210 enim
1909 1155 2054 1211 illia

400 1251 566 1307 vobis
586 1266 704 1306 non
728 1248 1167 1321 accipiant,non
1189 1249 1503 1317 propterea
1520 1242 1835 1299 inferiores
1849 1249 2052 1299 erunt:

403 1343 559 1399 Deus
609 1354 867 1409 namque
908 1337 1067 1409 ipsos
1098 1352 1220 1390 non
1265 1333 1574 1404 despiciet,
1605 1338 1847 1405 propter
1876 1350 2053 1405 quem

402 1426 695 1504 pauperes
718 1433 873 1483 sunt.
900 1424 1204 1496 Siquidem
1235 1423 1500 1479 scribens
1523 1423 1597 1477 ad
1626 1421 1764 1477 illos
1789 1440 1801 1477 :
1846 1423 2055 1496 Direp-

403 1515 890 1589 tionem,'inquit,
922 1514 1270 1572 facultatum
1311 1519 1639 1568 vestrarum
1675 1529 1809 1567 cum
1840 1513 2055 1585 gaudio

2162 533 2249 583 νῦν
2282 527 2342 585 ἐκ
2368 536 2471 599 τῆς
2502 524 2798 609 μαρτυρίας
2830 539 2931 602 τῆς
2961 529 3196 594 παλαιᾶς
3227 529 3374 595 θέλει
3422 534 3589 585 τοῦτο
3645 551 3811 586 κατα-

2164 618 2530 688 σκευάσαι,δτι
2562 618 2658 675 κᾶν
2690 622 2767 695 μὴ
2804 618 3100 695 μεταδῶτε,
3133 616 3289 674 οὗδὶν
3312 620 3439 693 ὑμῖν
3470 616 3619 674 ἔσται
3641 617 3809 675 πλέον

2160 711 2469 784 συνάγουσι.
2510 710 2612 766 Κᾶν
2645 711 2748 788 γὰρ
2780 711 2857 785 μὴ
2890 704 3133 766 λάϐωσιν
3191 709 3383 766 ἐκεῖνοι
3442 712 3574 785 παρ’
3624 712 3809 784 ἡμῶν,

2160 798 2222 854 οὐ
2253 800 2399 870 παρὰ
2427 803 2588 856 τοῦτο
2629 799 3125 872 ἐλαττωθήσονται.
3159 799 3231 856 Οὖ
3262 799 3366 876 γὰρ
3397 798 3458 855 ἄν
3488 799 3682 861 αὐτοὺς
3713 821 3813 855 πε-

2162 886 2327 964 ριίδοι
2359 890 2387 944 6
2420 890 2573 957 Θεὸς,
2602 887 2673 945 δι’
2713 889 2770 946 ὃν
2804 890 2907 945 εἶσι
2957 888 3207 959 πένητες.
3240 913 3267 942 α
3326 889 3427 945 Καὶ
3484 891 3585 957 τὴν
3636 890 3811 962 ἁρπαο

2159 980 2260 1053 γὴν
2289 979 2394 1054 γὰρ
2425 980 2532 1036 τῶν
2574 980 2932 1056 ὑπαρχόντων
2994 980 3146 1052 ὑμῶν
3210 979 3347 1052 μετὰ
3402 982 3579 1057 χαρᾶς
3635 998 3811 1052 προσ-

2163 1065 2430 1139 εδέξασθε,
2490 1093 2518 1121 ››
2588 1069 2773 1132 αὐτοῖς
2826 1069 3047 1147 γράοων
3106 1068 3279 1143 λέγει.
3357 1067 3667 1125 Ἐπαινετὸν
3722 1068 3814 1141 μὲν

2163 1158 2269 1235 γὰρ
2339 1159 2401 1214 τὸ
2469 1158 2518 1231 ἐξ
2577 1159 2780 1215 ἑαυτῶν
2840 1157 3097 1235 ἄρξασθαι
3154 1163 3350 1229 ποιεῖν,
3408 1155 3815 1225 νουθετηθέντας

2167 1247 2334 1320 μόνον
2363 1248 2499 1323 πρὸς
2528 1249 2591 1302 τὸ
2639 1246 2888 1318 θελῆσαι.
2932 1252 3126 1318 Μεῖζον
3188 1245 3266 1315 δὶ,
3321 1247 3383 1303 τὸ
3439 1247 3531 1302 καὶ
3588 1245 3715 1301 αὐτὸ
3750 1246 3814 1302 τὸ

2165 1335 2391 1407 θελῆσαι
2425 1336 2473 1408 ἐξ
2506 1336 2708 1399 οἶκείας
2742 1336 3050 1414 βλαστῆσαι
3102 1337 3356 1414 γνώμης,
3414 1333 3505 1391 καί
3571 1333 3812 1412 αὐθαίρεο

2164 1447 2252 1481 τον
2289 1423 2675 1496 ἐπιδείξασθαι.
2711 1425 2772 1483 El
2805 1426 2895 1482 οὗν
2918 1427 2981 1482 τὸ
3010 1431 3218 1500 μεῖζον,
3254 1425 3438 1504 φησὶν,
3495 1421 3812 1494 ἐπεδείξατε,

2163 1514 2252 1569 καὶ
2275 1515 2338 1570 τὸ
2369 1508 2593 1571 ἔλαττον
2623 1514 2988 1572 ἐπιτελέσατε.

406 1606 720 1679 accepistis
738 1605 806 1660 ⁵³.
853 1625 877 1656 ι
912 1604 1145 1660 Etenim
1171 1601 1471 1658 laudabile
1503 1601 1745 1673 quidem
1805 1608 1931 1658 erat
1987 1620 2057 1658 ex
2091 1605 2303 1678 seipsis
2331 1606 2577 1679 cmpisse
2608 1608 2825 1673 facere,
2858 1624 2992 1664 cum
3052 1606 3247 1663 solum
3278 1604 3567 1662 admoniti
3596 1605 3817 1662 fuerint

407 1697 483 1754 ad
539 1695 897 1751 volendum:
953 1694 1185 1766 majus,“
1208 1696 1406 1747 autem
1462 1692 1653 1764 ipsam
1713 1709 1950 1763 quoque
2008 1693 2374 1751 voluntatem
2433 1713 2504 1752 ex
2564 1698 2803 1769 praprio
2862 1696 3061 1753 animo
3141 1702 3342 1752 natam
3403 1711 3555 1764 esse,
3616 1701 3672 1750 et
3724 1695 3816 1751 ul-

408 1791 680 1842 troneam
710 1784 1075 1840 voluntatem
1133 1780 1592 1836 demonstrasse.
1654 1780 1712 1835 Si
1772 1798 1906 1854 ergo
1943 1783 2098 1854 quod
2159 1785 2351 1857 majus
2414 1791 2523 1855 est,
2583 1786 2795 1857 inquit,
2830 1785 3161 1854 exibuistis,
3221 1784 3400 1841 etiam
3433 1784 3594 1856 quod
3622 1783 3817 1841 minus

414 1881 505 1932 est
522 1875 808 1948 perﬁcite.

486 1966 632 2033 VIII,
676 1964 855 2020 16-18.
890 1964 1111 2021 Gratias
1138 1968 1323 2018 autem
1355 1963 1464 2017 Deo
1495 1964 1593 2032 qui
1622 1961 1775 2016 dedit
1824 1962 2068 2017 eamdem

2246 1962 2416 2039 Χάρις
2444 1961 2501 2019 δὲ
2531 1968 2609 2037 τῷ
2640 1965 2780 2037 Θεῷ,
2811 1970 2891 2038 τῷ
2944 1960 3145 2019 διδόντι
3204 1964 3303 2033 τὴν
3358 1961 3524 2031 αὐτὴν
3581 1958 3818 2031 σπουδήν

410 2055 848 2113 sollicitudinem
893 2069 1000 2124 pro
1042 2053 1194 2109 vobis
1221 2054 1279 2105 in
1318 2051 1482 2106 corde
1514 2053 1641 2119 Titi,
1674 2050 1775 2121 qui
1802 2051 2061 2107 exhorta-

411 2148 609 2203 tionem
635 2145 948 2216 acceperit;
996 2146 1135 2214 quin
1176 2143 1380 2212 potius,
1414 2157 1533 2196 cum
1557 2148 1689 2197 esset
1719 2140 2063 2211 diligentior,

408 2242 601 2307 suapte
624 2240 818 2306 sponte
846 2233 920 2288 ad
974 2248 1064 2288 vos
1105 2234 1387 2302 profectus
1428 2232 1522 2285 sit.
1579 2232 1823 2285 Misimus
1882 2236 2066 2285 autem

427 2343 540 2384 una
570 2342 691 2382 cum
723 2326 841 2392 ipso
870 2324 1106 2392 fratrem
1153 2322 1313 2392 cujus
1369 2321 1487 2375 laus
1542 2326 1619 2375 est
1665 2321 1725 2373 in
1765 2319 2066 2390 Evangelia

402 2433 509 2487 per
538 2430 721 2471 omnes
748 2413 1038 2468 Ecclesias.

482 2507 554 2562 Ut
583 2505 655 2561 de
703 2502 1085 2572 eleemosyna
1126 2499 1410 2555 disseruit
1447 2503 1737 2571 quantum
1778 2498 2066 2570 oportuit,

412 2598 848 2666 consequenter
876 2589 1078 2646 laudat
1108 2604 1209 2645 eos
1241 2588 1341 2660 qui
1388 2587 1461 2644 ad
1518 2588 1630 2643 hoc
1686 2586 1853 2642 missi
1910 2591 2067 2643 sunt.

409 2692 478 2744 ut
506 2686 646 2742 dum
666 2681 830 2739 omni
861 2684 1133 2736 carerent
1165 2678 1526 2750 suspicione,
1555 2677 1740 2750 magis
1768 2676 1930 2748 ipsos
1961 2676 2023 2732 in
2045 2707 2068 2717 —

412 2777 699 2834 ducerent
724 2777 789 2827 ut
812 2774 1086 2842 prompto
1108 2768 1308 2824 animo
1342 2766 1701 2822 conferrent.
1729 2766 1832 2823 Dei
1865 2771 2067 2824 autem

415 2883 564 2938 opus
596 2860 927 2932 dicit.quod
945 2858 1141 2915 Titum
1163 2857 1237 2914 ad
1267 2856 1380 2912 hoc
1403 2846 1781 2912 excitaverit):
1810 2872 1877 2910 eo
1894 2855 2072 2912 modo

416 2954 829 3013 auctoritatem
871 2955 929 3010 et
984 2949 1329 3024 gravitatem
1360 2945 1585 3002 addens
1608 2945 2072 3013 contributioni;

417 3048 533 3107 nisi
565 3046 725 3102 enim
757 3057 1039 3114 magnum
1079 3037 1316 3111 aliquid
1364 3041 1540 3104 esset,
1590 3053 1969 3110 nequaquam
1998 3036 2073 3092 ad

416 3139 478 3195 id
502 3137 786 3193 excitatus
818 3148 853 3187 a
880 3132 999 3187 Deo
1032 3134 1209 3186 esset.
1241 3150 1269 3177 ‹‹
1304 3126 1413 3193 Qui
1459 3127 1932 3183 exhortationem
1981 3142 2075 3181 ac-

419 3225 667 3298 ceperit.
700 3243 727 3271 »
776 3220 930 3275 663
962 3221 1033 3275 Et
1060 3218 1241 3283 unde,
1292 3217 1508 3288 inquit,
1558 3216 1941 3272 manifestum
1989 3220 2080 3272 est

2180 2052 2312 2127 ὑπὲρ
2344 2052 2495 2126 ὑμῶν
2525 2053 2576 2108 ἐν
2597 2057 2665 2128 τῇ
2696 2050 3196 2128 καρδίᾳΤίτου,ὅτι
3226 2052 3326 2121 τήν
3351 2046 3445 2124 μέν
3475 2049 3823 2127 παράκλησιν

2174 2138 2406 2212 ἐδέξατο.
2442 2140 2875 2219 Σπουδαιότερος
2909 2140 2966 2199 δὲ
2999 2142 3262 2223 ὑπάρχων
3293 2141 3605 2217 αὐθαίρετος
3632 2140 3823 2212 ἐξῆλθε

2175 2231 2313 2307 πρὸς
2346 2232 2509 2305 ὑμᾶς.
2548 2232 2972 2307 Συνεπέμψαμεν
3006 2229 3065 2287 δέ
3099 2233 3214 2305 μετ’
3248 2230 3412 2287 αὐτοῦ
3439 2233 3532 2286 τὸν
3564 2227 3821 2309 ἀδελφὸν,

2178 2322 2240 2376 οὗ
2300 2322 2328 2376 ὁ
2388 2316 2607 2384 ἔπαινος
2671 2320 2724 2377 ἐν
2778 2326 2858 2395 τῷ
2915 2319 3242 2398 Εὖαγγελίῳ
3318 2318 3407 2376 διὰ
3478 2326 3665 2377 πασῶν
3717 2325 3824 2376 τῶν

2178 2409 2542 2482 Ἐκκλησιῶν,

2250 2499 2572 2578 Διαλεχθεὶς
2602 2504 2724 2579 περὶ
2782 2502 3160 2578 ἐλεημοσύνης
3222 2501 3320 2559 ὅσα
3376 2501 3570 2579 ἐχρῆν,
3631 2500 3821 2558 λοιπὸν

2178 2590 2384 2647 ἐπαινεῖ
2407 2591 2536 2657 τοὺς
2566 2591 2654 2649 ἐπὶ
2683 2594 2863 2667 τούτῳ
2920 2592 3343 2662 ἀποσταλέντας,
3371 2590 3463 2647 ’ἶνα
3526 2591 3825 2647 ἀνύποπτοι

2179 2682 2485 2758 γενόμενοι,
2522 2680 2737 2755 μᾶλλον
2778 2683 2855 2745 εἷς
2894 2684 3205 2758 προθυμίαν
3262 2681 3457 2745 αὐτοὺς
3514 2686 3831 2756 συνέισενεγ-

2179 2774 2292 2825 κεῖν
2324 2768 2571 2847 ἐνάγωσι.
2611 2774 2746 2826 Θεοῦ
2811 2767 2869 2826 δέ
2930 2770 3080 2845 λέγει
3140 2769 3317 2846 ἔργον,
3368 2769 3434 2826 τὸ
3492 2767 3828 2848 ὃιεγερθῆναι

2181 2857 2345 2915 Τίτον
2380 2859 2456 2920 εἷς
2495 2864 2681 2929 τοῦτο,
2713 2859 2894 2933 τούτῳ
2938 2865 3019 2934 τῷ
3075 2861 3264 2935 τρόπῳ
3319 2859 3631 2930 ἀξιόπιστον
3661 2864 3831 2915 ποιῶν

2180 2948 2279 3016 τήν
2314 2945 2575 3006 δόσιν.Εἷ
2633 2951 2737 3026 γὰρ
2801 2951 2877 3024 μὴ
2940 2949 3080 3026 μέγα
3143 2952 3233 3023 ἦν,
3294 2950 3395 3007 οὐκ
3423 2949 3483 3005 ἂν
3540 2949 3646 3006 ἀπὸ
3703 2954 3835 3006 Θεοῦ

2183 3037 2320 3112 πρὸς
2366 3042 2529 3094 τοῦτο
2587 3035 2878 3117 διηγέροη.
2913 3063 2941 3092 ‹‹
3000 3042 3128 3098 Ὅτι
3173 3041 3274 3109 τὴν
3336 3038 3429 3113 μὶν
3492 3038 3829 3114 παράκλησιν

2185 3123 2419 3199 ἐδέξατο.
2458 3151 2487 3179 ››
2519 3127 2623 3185 Καὶ
2663 3129 2827 3192 πόθεν
2863 3126 3053 3199 δῆλον,
3081 3128 3270 3208 φησὶν,
3310 3128 3396 3184 ’ὁτι
3450 3129 3479 3184 6
3546 3129 3673 3191 Θεὸς
3703 3149 3836 3204 προ-

2187 3215 2377 3291 ἐτρεψε
2407 3216 2499 3271 τὸν
2529 3216 2728 3288 Τίτον,
2764 3218 2932 3282 Πόθεν
2964 3239 2980 3287 ς
3011 3216 3135 3276 Ὅτι
3166 3220 3265 3289 τὴν
3338 3218 3432 3290 μὲν
3488 3216 3829 3294 παράκλησιν

420 3312 583 3384 quod
613 3312 769 3365 Deus
798 3307 991 3361 Titum
1017 3305 1397 3360 admonuerit
1417 3303 1442 3358 ‘I
1461 3303 1625 3360 Unde
1647 3305 1675 3359 ?
1693 3304 1840 3369 Quia
1861 3303 2068 3359 exhor-

2186 3303 2423 3379 ἐδέξατο,
2453 3308 2699 3362 τουτέστι
2726 3306 3047 3383 παρεκλήθη
3084 3307 3177 3381 μὲν
3204 3310 3331 3383 παρ’
3361 3305 3521 3382 ἐμοῦ,
3565 3305 3713 3378 πλὴν
3742 3307 3832 3362 καὶ

417 3402 708 3459 tationem
740 3396 979 3469 quidem
1013 3394 1293 3465 suscepit,
1333 3394 1444 3449 hoc
1490 3400 1597 3461 est,
1631 3410 1665 3449 a
1695 3390 1788 3449 me
1821 3393 2061 3464 quidem

419 3487 762 3547 admonitus
806 3490 913 3550 est,
946 3499 1149 3539 verum
1201 3482 1352 3536 illud
1382 3498 1616 3552 quoque
1656 3481 1814 3537 intus
1846 3481 1920 3536 ad
1950 3482 2064 3536 hoc

420 3575 786 3650 impellebat.
818 3572 957 3628 Ideo
989 3572 1167 3627 etiam
1199 3570 1388 3626 factus
1421 3570 1763 3641 diligentior
1786 3586 1963 3640 quam
1996 3586 2069 3623 ex.

422 3685 558 3726 mea
586 3667 766 3724 unius
823 3662 1237 3720 adhortatione
1284 3660 1515 3725 fuisset,
1551 3677 1657 3715 sua
1691 3665 1898 3731 sponte
1929 3676 2063 3731 pro-

422 3768 612 3822 fectus
639 3765 753 3827 est,
783 3759 896 3814 hoc
940 3760 1048 3823 est,
1103 3752 1255 3810 ultro
1314 3757 1372 3807 et
1428 3768 1535 3807 sua
1576 3750 2064 3824 promptitudine.

424 3850 747 3912 Considera
763 3853 959 3904 autem
975 3843 1329 3916 sapientiam
1353 3858 1367 3896 :
1393 3845 1453 3897 et
1469 3840 1573 3896 Dei
1603 3857 1751 3913 opus
1782 3856 1909 3895 esse
1926 3839 2072 3896 dicit

426 3944 743 4000 adventum
762 3938 962 4001 Titi,et
984 3934 1066 3990 sei
1074 3949 1246 4006 psum
1269 3931 1642 3987 exhortatum
1658 3931 1928 4001 fuisse,et
1944 3931 2070 3987 Tito

429 4048 505 4087 ne
536 4045 685 4101 opus
714 4025 956 4098 quidem
978 4022 1161 4079 fuisse
1193 4020 1626 4077 exhortatione.

501 4141 531 4170 ‹‹
562 4115 828 4174 Misimus
867 4118 1065 4169 autem
1104 4126 1224 4167 una
1253 4126 1388 4166 cum
1430 4109 1533 4165 illo
1572 4109 1837 4165 fratrem.
1874 4110 2071 4166 »Μωιί

428 4210 587 4265 hunc
607 4206 823 4263 Lucam
854 4201 1036 4257 fuisse
1059 4200 1264 4255 dicunt
1293 4204 1535 4270 prOpter
1568 4198 1968 4270 conscriptum
2000 4199 2072 4255 ab

428 4300 558 4371 ipso
580 4292 959 4366 Evangelium
984 4307 996 4346 :
1020 4288 1189 4345 multi
1219 4303 1353 4342 vero
1393 4287 1742 4343 Barnabam.
1769 4287 2074 4358 Siquidem

429 4384 913 4462 praedicationem
958 4396 1081 4435 non
1124 4378 1404 4450 scriptam
1454 4377 1898 4432 aiunt'dictam
1948 4392 2074 4431 esse

432 4474 812 4547 Evangelium
857 4488 870 4525 :
932 4468 1109 4539 idque
1149 4468 1227 4522 sit
1279 4466 1695 4522 verosimilius.
1752 4466 1899 4520 Nam
1947 4481 2077 4537 qum

433 4570 569 4639 post
594 4565 722 4619 haec
738 4563 1072 4633 sequuntur
1093 4555 1375 4611 Barnabw
1399 4556 1583 4627 magis
1613 4559 1910 4626 aptantur.
1935 4554 2082 4609 «Cu-

428 4659 531 4730 jus
552 4656 684 4711 laus
715 4658 805 4709 est
829 4650 890 4706 in
911 4646 1245 4721 Evangelio.
1270 4669 1297 4697 »
1331 4647 1457 4701 Non
1489 4645 1647 4699 enim
1679 4645 1873 4699 solum
1930 4662 2081 4716 prte-

439 4746 618 4810 dicat,
650 4740 868 4813 inquit,
910 4738 1015 4795 sed
1073 4753 1207 4794 cum
1247 4735 1423 4791 laude
1469 4735 1579 4791 hoc
1610 4734 1770 4790 facit.
1808 4734 1914 4789 Illa
1943 4750 2079 4789 vero

440 4834 572 4888 laus
602 4848 721 4886 non
748 4830 822 4884 ad
853 4843 1038 4882 unum
1070 4826 1173 4881 sed
1204 4824 1279 4881 ad
1323 4840 1530 4880 omnes
1574 4823 1843 4896 pervenit
1890 4820 2083 4878 Eccle-

442 4920 582 4977 sias.
615 4949 682 4959 —
716 4919 907 4982 Quare
939 4920 1134 4971 autem
1166 4913 1278 4968 Titi
1333 4912 1572 4984 quidem
1632 4928 1853 4967 nomen
1886 4910 2085 4984 expri-

440 5012 571 5079 mit,
613 5010 825 5064 horum
856 5013 1055 5062 autem
1086 5022 1205 5061 non
1238 5006 1319 5060 ita
1339 5004 1366 5059 ?
1386 5003 1532 5069 Quia
1551 5005 1744 5059 Titum
1778 5009 2083 5073 noverant,

440 5104 550 5159 hos
587 5103 787 5155 autem
840 5114 960 5150 non
1020 5100 1344 5160 noverant;
1388 5100 1445 5150 ct
1503 5094 1639 5166 quia
1669 5093 1740 5149 de
1784 5092 1876 5149 his
1928 5099 2088 5150 tanta

439 5188 602 5249 dicit.
630 5191 853 5257 quanta
881 5184 954 5239 ad
1002 5182 1579 5237 commendationem
1636 5187 1865 5236 tantum
1928 5181 2081 5237 sum-

439 5278 600 5335 ciant
625 5293 638 5341 ;
663 5275 839 5345 idque
872 5271 1012 5328 faCit
1041 5271 1242 5326 volens
1290 5271 1458 5327 etiam
1507 5271 1906 5342 suspicionem
1938 5271 2086 5326 effu—

438 5381 597 5441 gere,
622 5363 781 5438 quod
812 5362 922 5417 sibi
956 5360 1134 5416 vellet
1170 5376 1473 5416 assumere
1507 5360 1810 5431 pecunias.
1846 5382 1874 5409 «
1908 5358 2088 5432 Cujus

438 5456 571 5513 laus
594 5459 684 5510 est
715 5452 775 5507 in
804 5449 1322 5525 Evangelio.»Nam
1351 5448 1519 5503 deest
1542 5446 1785 5504 verbum
1809 5445 1942 5511 ἐστι,
1978 5453 2086 5520 est,

515 5634 565 5670 ⁵⁸
592 5633 767 5714 Hebr.
796 5648 856 5705 x,
886 5632 977 5711 εξ.

2178 3397 2308 3452 αὐτὸ
2340 3395 2550 3453 οἷ’κοθεν
2581 3395 2811 3473 ὥρμητο
2844 3398 2921 3461 εἷς
2949 3402 3130 3455 τοῦτο.
3166 3398 3260 3454 Διὸ
3289 3399 3380 3453 καὶ
3410 3395 3829 3472 σπουδαιότερος

2174 3485 2437 3560 ὑπάρχων
2494 3493 2596 3557 τῆς
2646 3488 2773 3562 παρ’
2830 3488 2965 3560 ἐμοῦ
3025 3485 3444 3562 παρακλήσεως,
3498 3486 3814 3557 αὐθαίρετος

2173 3572 2386 3647 ἐξῆλθε,
2411 3576 2684 3631 τουτέστιν
2722 3576 2878 3643 ἑκὼν,
2899 3576 2992 3630 καὶ
3023 3574 3072 3649 ἐξ
3096 3574 3297 3636 οἰκείας
3318 3575 3649 3650 προθυμίας.
3678 3576 3814 3649 Ὅρα

2176 3660 2233 3737 δέ
2264 3663 2469 3743 σοιρίανο
2500 3664 2603 3720 Καὶ
2628 3668 2725 3719 τοῦ
2755 3668 2888 3719 Θεοῦ
2921 3662 3071 3739 λέγει
3102 3658 3256 3740 ἔργον
3288 3664 3426 3719 εἶναι
3457 3665 3556 3733 τὴν
3607 3660 3814 3719 ἕλευσιν

2175 3752 2357 3821 Τίτου,
2391 3752 2481 3808 καὶ
2528 3753 2713 3809 ἑαυτὸν
2768 3752 3261 3827 παρακεκληκέναι,
3314 3752 3403 3808 καὶ
3459 3755 3619 3809 Τίτον
3679 3749 3819 3824 μηδὲ

2179 3839 2456 3912 δεδεῆσθαι
2478 3840 2898 3918 παρακλήσεως.

2252 4138 2280 4165 ‹‹
2335 4112 2761 4187 Συνεπέμψαμεν
2822 4109 2880 4168 δὲ
2938 4116 3054 4185 μετ’
3100 4112 3270 4168 αὐτοῦ
3327 4113 3418 4177 τὸν
3468 4110 3725 4193 ἀδελφόν.
3796 4138 3825 4165 α

2182 4201 2398 4259 Πολλοί
2457 4222 2587 4275 φασι
2643 4201 2733 4256 τὸν
2818 4206 3049 4271 Λουκᾶν,
3110 4199 3198 4257 διὰ
3268 4202 3332 4257 τὸ
3391 4196 3673 4280 σύνταγμα
3728 4207 3828 4257 τοῦ

2187 4290 2545 4368 Εὐαγγελίου,
2578 4288 2783 4348 πολλοὶ
2809 4291 2901 4347 τὸν
2935 4286 3237 4366 Βαρνάϐαν.
3298 4290 3400 4347 Καὶ
3458 4291 3561 4366 γὰρ
3618 4290 3709 4345 καὶ
3764 4290 3831 4344 τὸ

2185 4380 2425 4459 ἂγραφον
2465 4383 2742 4456 κήρυγμα,
2805 4378 3136 4457 Εὐαγγέλιὸν
3202 4400 3330 4459 φασι
3387 4379 3706 4447 κεκλῆσθαι.
3765 4380 3831 4433 Ὀ

2186 4472 2275 4527 καὶ
2311 4469 2546 4545 μᾶλλον
2579 4471 2645 4527 τὰ
2675 4470 2776 4547 γὰρ
2811 4471 2946 4544 μετὰ
2974 4474 3196 4541 ταῦτα,”
3220 4474 3302 4542 τῷ
3361 4465 3613 4545 Βαρνάϐᾳ
3654 4471 3833 4547 ἁρμο-

2192 4559 2442 4636 διώτερα.
2479 4582 2504 4614 ι
2537 4560 2615 4618 Οῦ
2648 4561 2676 4614 6
2706 4556 2922 4623 ἔπαινος
2948 4558 2999 4613 ἐν
3037 4564 3117 4632 τῷ
3173 4557 3515 4633 Εὐαγγελίῳ.
3542 4581 3567 4612 ι
3605 4557 3677 4613 Οὐ
3730 4558 3834 4634 γὰρ

2190 4650 2449 4724 κηρύσσει
2483 4647 2672 4722 μόνον,
2715 4648 2902 4728 φησὶν,
2960 4646 3108 4704 ἀλλὰ
3162 4648 3251 4702 καὶ
3292 4645 3716 4722 ἐπαινουμένους.
3771 4647 3837 4705 Ὁ

2191 4736 2249 4794 δέ
2305 4734 2544 4808 ἔπαινος,
2623 4737 2684 4794 οὐ
2741 4738 2869 4812 παρ’
2925 4738 3064 4805 ἐνὸς,
3123 4734 3268 4794 ἀλλὰ
3326 4734 3415 4792 διὰ
3487 4743 3675 4792 πασῶν
3723 4737 3834 4792 τῶν

2194 4825 2498 4897 ἐκκλησιῶν
2545 4824 2706 4897 ἦλθε,
2760 4825 2914 4904 φησί,
2975 4859 3042 4869 -
3074 4828 3277 4903 [ΦΩΤ]
3333 4826 3493 4890 Τίνος
3549 4823 3608 4881 δὶ
3659 4823 3840 4883 ἱνεκεν

2190 4916 2255 4971 τὸ
2288 4918 2382 4988 μὲν
2411 4910 2588 4987 ὄνομα
2615 4914 2778 4972 Τίτου
2827 4912 2997 4990 λέγει,
3052 4914 3260 4970 τούτων
3319 4912 3377 4971 δὶ
3432 4914 3532 4971 οὐκ
3558 4910 3640 4970 ἔτι
3666 4932 3682 4983 ;
3710 4916 3839 4973 Ὀτι

2231 5006 2246 5023 \
2358 5003 2373 5021 ἱ
2510 5002 2521 5024 Ι
2650 5000 2715 5024 N‘
2970 5003 2983 5021 I
3200 5004 3215 5021 κ
3676 5004 3692 5022 \

2191 5027 2283 5060 τον
2319 5024 2415 5076 μεν
2454 5006 2616 5061 Τιτον
2646 5021 3120 5078 ῃοεσαν,τουτους
3169 5001 3226 5059 δε
3284 5004 3534 5079 ἠγνόουν.
3599 5010 3696 5058 Και
3753 5004 3842 5059 ὅτι

2193 5096 2427 5148 τοσαῦτα
2465 5090 2613 5165 λέγει
2643 5091 2768 5165 περὶ
2795 5092 2998 5160 αὐτῶν,
3050 5092 3147 5146 ὅσα
3205 5092 3341 5165 πρὸς
3390 5092 3643 5151 σύστασιν
3679 5090 3843 5166 ἤρκει

2198 5182 2384 5255 μόνον,
2414 5180 2505 5235 καὶ
2543 5179 2607 5235 τὸ
2637 5186 2825 5258 φυγεῖν
2852 5183 2952 5249 τήν
3006 5181 3262 5236 ὑπόνοιαν
3323 5186 3420 5237 τοῦ
3480 5187 3846 5260 σφετερισμοῦ

2194 5274 2301 5326 τῶν
2327 5269 2655 5345 χρημάτων.
2690 5292 2717 5322 ‹‹
2747 5269 2824 5327 Οὗ
2857 5271 2885 5325 6
2917 5266 3133 5330 ἔπαινος
3193 5268 3244 5324 ἐν
3298 5273 3377 5341 τῷ
3431 5268 3776 5348 Εὐαγγελίῳ.
3817 5296 3846 5322 υ

2197 5357 2380 5413 Λείπει
2419 5356 2506 5425 τὸ,
2555 5354 2719 5426 ἔστιν,
2779 5357 2809 5410 δ
2865 5353 2947 5410 δεῖ
3002 5354 3412 5427 ἐπινοήσαντας,
3466 5357 3602 5411 κατᾶ
3655 5362 3848 5412 κοινοῦ

2197 5445 2464 5518 ἐξακούειν
2496 5444 2585 5501 καὶ
2625 5444 2712 5500 ἐπὶ
2770 5451 2870 5514 τῆς
2926 5444 3065 5516 ἑξῆς.
3131 5446 3274 5516 Οἷον,
3325 5471 3353 5499 ‹‹
3409 5445 3487 5504 Οῦ
3544 5447 3573 5502 6
3628 5443 3847 5509 ἔπαινος
