4106 6196
292 377 449 439 1017

1249 376 1657 440 COMMENT.
1706 378 1780 438 IN
1828 376 2074 438 EPIST.
2124 381 2173 439 Il
2223 380 2325 438 AD
2370 377 2739 438 CORINTH.

3535 379 3694 442 1018

290 481 344 537 ἰν
372 486 451 556 τῷ
485 482 811 559 Εὖαγγελίῳ
860 480 1025 539 ἐστίν.
1057 508 1085 535 ››
1134 484 1214 542 O6
1275 482 1439 557 μόνον
1499 480 1556 540 δὶ
1621 481 1933 556 θαυμασίως

2052 484 2210 556 quod
2235 484 2605 541 intellectum
2637 488 2870 556 oportet
2899 487 2958 538 et
2984 483 3080 539 hic
3113 489 3173 539 et
3202 484 3263 539 in
3310 486 3697 557 sequentibus

292 571 382 627 καὶ
448 569 674 627 ἐπαίνου
739 572 904 645 ἀξίως
980 571 1383 651 εὖαγγελίζεναι
1474 572 1566 627 καὶ
1658 572 1940 648 κηρύσσει,

2051 590 2085 629 a
2110 573 2413 630 communi
2446 589 2625 629 sensu
2657 572 2992 629 subaudire.
3026 574 3097 629 Ut
3128 573 3206 628 sit
3235 590 3446 629 sensus
3474 592 3487 629 :
3529 596 3549 623 ι
3583 578 3699 632 Cu-

294 683 324 713 «
353 659 532 718 ’Δλλὰ
577 661 666 715 καὶ
719 662 1130 741 χειροτονηθείς
1178 660 1344 731 ἐστιν,
1380 686 1407 713 n
1454 662 1569 717 ἀντὶ
1619 665 1740 731 τοῦ,
1798 660 1938 716 ἀλλᾶ

2048 664 2145 734 jus
2176 662 2305 719 laus
2328 664 2499 719 estin
2526 663 2841 736 Evangelia
2868 681 2880 719 :
2903 686 2929 713 ››
2962 665 3088 719 Non
3120 664 3313 720 solum
3346 663 3696 721 admirando

291 751 381 805 καὶ
420 752 954 827 κεχειροτονημένος
1013 751 1173 808 ἐστίν.
1233 752 1362 807 Ὑπὸ
1418 752 1625 820 τίνωντ,
1684 749 1789 805 ὒπὸ
1831 756 1941 806 τῶν

291 838 662 912 Ἐκκλησιῶν.
704 840 804 903 Εἲς
832 841 928 909 τίς
980 842 1057 902 εἷς
1098 842 1161 897 τὸ
1214 842 1341 897 εἶναι
1391 840 1726 915 συνέκδημος
1778 843 1939 915 ἡμῶν

289 931 343 988 έν
373 936 454 1004 τῷ
483 932 819 1009 κηρύγματι,
853 931 985 988 Εἶτα
1035 932 1096 988 o6
1160 930 1323 1004 μόνον
1380 931 1432 987 ἐν
1490 936 1569 1004 τῷ
1625 931 1941 1009 κηρύγματι

288 1021 821 1101 κεχειροτονημένος
879 1020 991 1076 ἐστὶ
1059 1020 1167 1094 (δεῖ
1224 1023 1328 1098 γὰρ
1414 1022 1519 1077 ἀπὸ
1597 1025 1781 1075 κοινοῦ
1853 1022 1942 1075 καὶ

288 1110 374 1178 τὸ,
408 1136 435 1163 ‹‹
469 1110 547 1168 U6
582 1111 773 1185 μόνον,
808 1135 836 1162 ››
897 1106 1194 1184 ἐκλαϐεῖν),
1247 1109 1397 1168 ἀλλᾶ
1450 1110 1541 1166 καὶ
1571 1109 1622 1167 ἐν
1651 1115 1720 1186 τῇ
1752 1112 1941 1186 χάριτι

290 1200 485 1277 ταύτῃ,
542 1201 634 1256 καὶ
692 1201 837 1272 ἑξῆς,
895 1202 1196 1269 τουτέστιν,
1255 1201 1338 1257 ὅτι
1414 1204 1947 1278 κεχειροτονημένος

290 1288 432 1346 έστίν
486 1290 668 1367 ὥσπερ
739 1290 816 1354 εἰς
871 1291 933 1346 τὸ
1020 1288 1360 1366 συνέκδημος
1448 1294 1610 1366 ἡμῶν
1667 1292 1803 1346 εἶναι
1862 1290 1953 1346 καὶ

292 1380 585 1457 κηρύσσειν
644 1379 707 1435 τὸ
770 1378 1127 1455 Εὐαγγέλιον,
1188 1380 1331 1436 οὕτω
1388 1380 1478 1435 καὶ
1546 1380 1610 1435 τὸ
1676 1377 1944 1436 διακονεῖν

293 1474 363 1545 τῇ
391 1468 762 1544 έλεημοσύνῃ.
814 1469 911 1525 Διᾶ
959 1474 1121 1527 τοῦτο
1169 1467 1272 1545 ἄρα
1320 1470 1410 1525 καὶ
1469 1468 1800 1526 ἀπέσταλται
1852 1475 1942 1525 νῦν

293 1557 378 1614 ἐπὶ
522 1558 750 1635 τοιαύτῃ
809 1558 1077 1624 ὑποθέσει.
1137 1561 1269 1617 Οἶον
1328 1559 1557 1627 ἄνωθεν,
1616 1560 1806 1639 φησὶν,
1863 1560 1943 1623 εἷς

291 1651 453 1703 τοῦτο
504 1648 952 1724 κεχειροτόνηται
1010 1649 1114 1705 61:6
1166 1653 1274 1705 τῶν
1333 1648 1663 1721 ἐκκλησιῶν,
1735 1650 1826 1706 καὶ
1880 1651 1942 1707 o6

290 1740 379 1792 νῦν
413 1737 501 1814 ὑφ’
532 1738 692 1812 ἡμῶν
746 1735 1249 1813 αὐτοσχεδιάζεται,
1305 1738 1451 1795 ἀλλᾶ
1512 1741 1940 1820 χειροτονηθεὶς,

293 1824 635 1901 συνέκδημος
693 1830 856 1900 ἡμῶν
941 1831 1436 1908 συνεχειροτοντςθη
1512 1829 1603 1885 καὶ
1662 1828 1713 1885 έν
1766 1829 1937 1905 ταύτῃ

289 1919 358 1991 τῇ
444 1914 839 1994 διακονουμένῃ
908 1921 1097 1995 χάριτι
1168 1918 1503 1999 λειτουργεῖν
1578 1921 1670 1977 καὶ
1734 1921 1940 1998 ὑπηρε-

286 2011 420 2064 τεῒν.

361 2277 443 2336 O6
504 2276 667 2353 μόνον
720 2275 800 2351 δὲ,
858 2277 1006 2335 ἀλλά
1060 2280 1151 2336 καὶ
1209 2282 1619 2356 χειροτανηθεὶς
1674 2282 1778 2339 ὑπὸ
1832 2290 1942 2340 τῶν

288 2364 632 2437 Ἐκκλησιῶν
726 2366 1068 2442 συνέκδημος
1157 2371 1341 2444 ἡμῶν,
1437 2370 1531 2426 σὺν
1612 2379 1681 2443 τῆ
1750 2373 1940 2449 χάριτι

285 2454 458 2531 ταύτῃ
524 2461 594 2533 τῇ
679 2454 1078 2534 διακονουμένῃ
1156 2460 1243 2536 ὑφ’
1333 2462 1514 2533 ἡμῶν,
1608 2462 1745 2537 πρός
1837 2464 1945 2533 τήν,

290 2544 453 2603 αὐτοῦ
518 2550 618 2601 τοῦ
676 2546 882 2623 Κυρίου
932 2544 1088 2619 δόξαν
1171 2549 1259 2604 καὶ
1354 2550 1660 2625 προθυμίαν
1751 2554 1936 2626 ἡμῶν,

290 2634 649 2710 στελλόμενοι
726 2640 913 2704 τοῦτο,
1002 2640 1078 2712 μή
1138 2659 1221 2702 τις
1280 2641 1427 2711 ἡμᾶς
1486 2643 1825 2715 μωμήσηται
1882 2640 1936 2697 ἐν

285 2731 354 2802 τῇ
414 2724 675 2802 ἁδρότητι
731 2727 899 2803 ταύτῃ
959 2732 1027 2803 τῇ
1116 2725 1510 2805 διακονουμένῃ
1595 2731 1680 2787 ὑφ’
1748 2738 1935 2805 ῆμῶν,

285 2817 686 2891 προνοούμενοι
716 2817 881 2886 καλὰ,
914 2818 976 2872 o6
1011 2818 1175 2891 μόνον
1226 2816 1461 2874 ἐνώπιον
1509 2820 1740 2897 Κυρίου,
1789 2821 1936 2878 ἀλλᾶ

284 2905 374 2959 καὶ
414 2903 648 2960 ἐνώπιον
678 2904 997 2981 ἀνθρώπων.

359 2994 436 3051 06
480 2995 645 3069 μόνον
703 2992 781 3062 δὲ,
839 2996 1026 3078 φησὶν,
1086 2996 1572 3074 εὐαγγελιζόμενος
1630 2996 1933 3075 εὐδοκιμεῖ,

284 3082 431 3139 ἀλλὰ
489 3085 580 3139 καὶ
640 3082 724 3139 διὸ
782 3085 1172 3160 έχειροτονήθη
1234 3087 1337 3143 ὑπὸ
1388 3092 1495 3142 τῶν
1566 3086 1931 3158 Ἐκκλησιῶν.

286 3197 316 3224 ‹‹
352 3171 703 3247 Συνέκδημος
733 3176 918 3248 ἡμῶν.
947 3198 974 3225 ››
1017 3176 1162 3232 Εἷπα
1190 3176 1280 3230 καὶ
1313 3174 1372 3231 έκ
1400 3183 1500 3246 τῆς
1531 3181 1639 3232 τῶν
1692 3176 1930 3248 Ἐκκλη-

2049 752 2227 807 modo
2254 759 2313 807 et
2342 752 2515 809 laude
2547 753 2725 825 digno
2748 753 3065 809 annuntiat
3094 769 3161 808 ac
3193 753 3479 824 prmdicat
3507 756 3695 808 Evan-

2048 840 2267 913 gelium
2296 858 2309 895 :
2334 864 2363 892 ‹‹
2390 843 2602 897 Verum
2635 841 2814 898 etiam
2846 842 3187 913 designatus
3219 847 3325 897 est.
3355 864 3382 891 »
3411 845 3453 897 A
3485 843 3699 913 quibus

2049 935 2247 986 autem
2274 931 2384 988 fuit
2413 931 2793 1005 designatus?
2813 931 2884 988 ab
2914 931 3702 1004 Ecclesiis,iuquit,atquid?

2051 1020 2122 1076 Ut
2143 1027 2300 1076 esset
2328 1038 2526 1077 comes
2556 1021 3048 1094 peregrinationis
3076 1026 3293 1076 nostra)
3326 1020 3379 1077 in
3412 1021 3701 1093 praedica-

2052 1111 2233 1165 tione.
2271 1111 2492 1167 Deinde
2522 1127 2644 1167 non
2676 1111 2868 1167 solum
2900 1111 2960 1166 in
2988 1110 3413 1184 prazdicatione
3435 1111 3702 1184 designa-

2046 1205 2141 1255 tus
2173 1200 2286 1256 fuit
2336 1218 2475 1256 nam
2507 1205 2741 1274 oportet
2772 1217 3007 1272 quoque
3039 1217 3074 1255 a
3103 1200 3405 1255 communi
3459 1208 3702 1256 senten-

2049 1291 2130 1345 tia
2158 1290 2513 1364 intelligere,
2576 1292 2760 1345 «Non
2822 1290 3037 1357 solum,
3074 1313 3095 1336 ι
3142 1306 3344 1345 verum
3405 1290 3584 1346 etiam
3640 1292 3703 1347 in

2045 1379 2235 1453 gratia
2264 1379 2395 1444 hac,
2429 1385 2488 1436 et
2506 1385 2740 1435 caetera.
2774 1380 2891 1434 Hoc
2923 1385 3031 1448 est,
3064 1379 3223 1451 quod
3253 1379 3409 1434 sicut
3437 1379 3706 1452 designa-

2049 1476 2145 1525 tus
2176 1474 2266 1524 est
2294 1469 2370 1525 ad
2400 1470 2530 1533 hoc,
2565 1474 2633 1525 ut
2661 1485 2862 1524 comes
2886 1475 3041 1524 esset
3061 1469 3558 1542 peregrinationis
3590 1487 3700 1524 no-

2047 1564 2182 1615 stras
2216 1565 2276 1613 et
2302 1559 2653 1631 praedicaret
2682 1558 3085 1631 Evangelium,
3120 1559 3201 1613 ita
3234 1575 3471 1630 quoque
3505 1565 3571 1613 ut
3627 1560 3701 1615 ad

2048 1648 2489 1720 eleemosynam
2524 1648 2800 1702 minister
2859 1653 3033 1702 esset.
3088 1648 3336 1719 PrOpter
3395 1649 3505 1703 hoc
3561 1664 3704 1704 sane

2046 1754 2208 1793 nunc
2240 1738 2420 1793 etiam
2451 1737 2669 1792 missus
2703 1742 2795 1793 est
2826 1736 2925 1790 tali
2961 1737 3285 1808 proposito.
3336 1738 3546 1803 Antea,
3612 1737 3702 1791 in-

2049 1828 2198 1900 quit,
2231 1824 2304 1882 ad
2344 1826 2456 1881 hoc
2483 1825 2828 1899 designatus
2874 1831 2963 1880 est
3010 1825 3081 1881 ab
3131 1825 3434 1893 Ecclesiis,
3485 1832 3541 1880 et
3584 1841 3703 1880 non

2049 1934 2208 1973 nunc
2231 1933 2265 1972 a
2294 1916 2469 1972 nobis
2500 1932 2571 1972 ex
2604 1920 2868 1987 tempore
2914 1916 3270 1971 assumitur:
3308 1915 3412 1970 sed
3436 1915 3708 1988 designa-

2048 2013 2143 2063 tus
2174 2022 2372 2062 comes
2402 2011 2620 2061 nostrae
2654 2004 3166 2078 peregrinationis,
3193 2004 3371 2059 simul
3405 2005 3582 2060 etiam
3608 2004 3709 2062 de"

2048 2098 2315 2170 signatus
2345 2101 2454 2165 est,
2497 2101 2565 2152 ut
2618 2094 3053 2166 obsequeretur
3100 2111 3168 2149 ac
3221 2093 3583 2149 subserviret
3630 2095 3705 2150 ad

2046 2187 2201 2242 hanc
2232 2186 2483 2258 gratiam
2516 2202 2647 2257 qum
2679 2184 3149 2240 administratur.

2118 2286 2273 2341 604
2287 2285 2509 2353 VIII,19
2543 2286 2602 2338 2t
2620 2326 2632 2339 .
2649 2306 2677 2334 ‹‹
2705 2285 2819 2339 Nec
2841 2282 2899 2337 id
2917 2282 3105 2338 solum
3120 2298 3338 2350 ,verum
3354 2282 3531 2337 etiam
3550 2281 3702 2338 desi-

2046 2399 2075 2427 ‹‹
2094 2381 2307 2449 gnatus
2328 2380 2419 2430 est
2434 2390 2502 2429 ac
2523 2372 2802 2429 Ecclesiis
2823 2389 3022 2428 comes
3046 2372 3538 2444 peregrinationis
3560 2389 3699 2428 nos-

2044 2488 2071 2515 ‹‹
2098 2470 2351 2534 traa,una
2371 2479 2506 2519 cum
2526 2464 2635 2518 hac
2657 2462 2846 2532 gratia
2864 2478 2993 2533 quae
3013 2461 3465 2517 administratur
3481 2478 3514 2517 a
3528 2462 3701 2518 nobis

2043 2577 2071 2604 ‹‹
2116 2554 2189 2610 ad
2246 2552 2513 2625 ejusdem
2560 2552 2792 2607 Domini
2845 2551 3116 2625 gloriam,
3181 2557 3237 2605 et
3290 2551 3473 2606 animi
3523 2552 3700 2607 vestri

2045 2666 2072 2694 «
2105 2641 2639 2716 promptitudinem
2667 2659 2679 2695 :
2714 2641 3134 2697 contrahentes
3166 2640 3277 2695 hoc
3309 2658 3382 2696 ne
3426 2641 3559 2711 quis
3589 2657 3699 2696 nos

2042 2758 2069 2784 ‹‹
2104 2739 2308 2805 carpat
2340 2733 2401 2787 in
2435 2733 2545 2787 hac
2577 2732 2965 2787 exuberantia
2992 2747 3122 2802 qum
3186 2729 3638 2783 administratur
3665 2746 3699 2786 a

2042 2844 2072 2873 ‹‹
2105 2822 2297 2887 nobis,
2331 2826 2720 2893 procurantes
2752 2820 3002 2874 honesta
3048 2835 3169 2872 non
3213 2823 3446 2873 tantum
3496 2834 3693 2874 coram

2043 2934 2068 2965 ι
2106 2912 2380 2973 Domino,
2416 2909 2520 2964 sed
2551 2910 2730 2964 etiam
2763 2923 2959 2963 coram
2986 2906 3353 2962 hominibus.
3394 2931 3412 2955 ι

2112 3003 2238 3056 Non
2270 2999 2484 3059 solum.
2516 2998 2730 3068 inquit.
2764 2996 3143 3068 praedicando
3178 2995 3559 3069 Evangelium
3582 2995 3698 3051 lau-

2039 3090 2175 3153 dem
2191 3092 2796 3160 promeretur,verum
2817 3083 2992 3139 etiam
3009 3084 3149 3155 quia
3162 3083 3504 3153 designatus
3520 3089 3607 3139 est
3623 3084 3695 3139 ab

2044 3178 2343 3235 Ecclesiis.
2364 3198 2392 3227 «
2416 3177 2624 3231 Comes
2644 3173 3140 3247 peregrinationis
3157 3178 3397 3230 nostras.
3425 3194 3445 3223 ι
3475 3173 3697 3229 Deinde

290 3266 422 3317 σιῶν
454 3260 796 3338 χειροτονίας
828 3264 917 3318 καί
946 3263 1176 3340 κρίσεως
1208 3265 1455 3338 σεμνύνει
1484 3266 1577 3321 τὸν
1627 3262 1932 3342 Βαρνάϐαν.

2048 3283 2119 3324 ex
2167 3266 2554 3321 ecclesiarum
2613 3279 2850 3334 quoque
2894 3262 3304 3335 designatione
3361 3268 3419 3318 et
3466 3263 3695 3334 judicio

288 3354 366 3414 Οὐ
424 3354 530 3431 γὰρ
595 3356 756 3429 μόνον
816 3355 1295 3431 εὐαγγελιζόμενος
1383 3354 1688 3431 εὐδοκιμεῖ,
1757 3359 1943 3438 φησὶν,

288 3443 437 3499 ἀλλὰ
464 3444 555 3499 καὶ
584 3445 1035 3524 κεχειροτόνηται
1082 3446 1187 3501 ὑπὸ
1233 3450 1339 3501 τῶν
1393 3446 1753 3518 Ἐκκλησιῶν,
1804 3450 1942 3504 εἶναι

288 3535 450 3607 ἡμῶν
482 3531 816 3607 συνέκδημος
845 3533 899 3589 έν
944 3538 1026 3607 τῷ
1075 3535 1412 3612 κηρύγματι.
1456 3542 1518 3590 ’⁸0
1561 3534 1618 3593 δὲ
1664 3535 1718 3592 ἐν
1763 3537 1942 3612 τούτῳ

285 3624 571 3693 κοινωνὸς,
647 3629 899 3679 κοινωνεῖ
973 3621 1234 3697 δηλονότι
1308 3626 1398 3680 καὶ
1471 3632 1579 3682 τῶν
1622 3631 1939 3702 πειρασμῶν

285 3712 377 3766 καὶ
407 3716 512 3767 τῶν
545 3709 810 3768 κινδύνων
852 3718 933 3786 τῷ
972 3713 1194 3787 Παύλῳ.
1258 3716 1359 3773 Καὶ
1421 3715 1482 3772 o6
1542 3715 1730 3792 μόνον,
1785 3718 1938 3793 φησὶ,

292 3798 633 3877 συνέκδημος
687 3805 847 3876 ἡμῶν
901 3804 1373 3880 κεχειροτόνηται,
1432 3803 1578 3862 ἀλλὰ
1629 3806 1717 3861 καὶ
1768 3806 1819 3862 έν
1868 3810 1938 3883 τῇ

298 3889 486 3965 χάριτι
536 3890 706 3967 ταύτῃ
754 3893 1229 3973 κεχειροτόνηται,
1275 3900 1344 3970 τῇ
1403 3893 1799 3973 διακονουμένῃ
1853 3897 1939 3975 ὑφ’

291 3981 478 4054 ἡμῶν,
506 3980 806 4051 τουτέστιν,
849 3982 936 4038 ἐπὶ
983 3987 1065 4054 τῷ
1113 3980 1472 4055 ὑποδέξασθαι
1517 3986 1584 4041 τὰ
1629 3993 1728 4056 τῆς
1777 3985 1940 4058 έλεη-

296 4069 536 4142 μοσύνης
592 4073 875 4146 χρήματα.
937 4070 1167 4127 Δύναται
1233 4070 1289 4131 δὲ
1334 4078 1501 4129 ταῦτα
1555 4077 1644 4131 καί
1712 4076 1789 4139 εἰς
1844 4078 1936 4132 τὸν

288 4165 499 4215 Λουκᾶν
526 4162 815 4230 νοηθῆναι.
877 4184 905 4213 ιι
938 4161 1079 4236 Πρὸς
1129 4164 1229 4231 τὴν
1286 4169 1385 4219 τοῦ
1439 4164 1642 4237 Κυρίου
1699 4162 1873 4238 δόξαν.
1909 4191 1937 4219 ››

286 4254 547 4313 Τοιοῦτος
581 4247 639 4304 δέ
667 4248 801 4320 ἐστι,
842 4252 1025 4328 φησὶν,
1077 4252 1106 4306 6
1152 4253 1241 4307 καὶ
1291 4252 1380 4308 ἐπὶ
1436 4257 1515 4325 τῷ
1560 4254 1627 4309 τᾶ
1675 4257 1940 4329 χρήματα

290 4336 650 4411 ὑποδέξασθαι
680 4341 806 4414 παρ’
837 4342 997 4412 ἡμῶν
1041 4340 1144 4396 61:6
1191 4344 1299 4394 τῶν
1351 4340 1694 4412 Ἐκκλησιῶν
1745 4364 1936 4418 χειροο

285 4428 559 4499 τονηθεὶς,
587 4425 677 4484 ’ίνα
706 4426 757 4499 ἐξ
807 4428 881 4483 ὦν
932 4429 1177 4505 πράττει,
1226 4431 1316 4485 καὶ
1347 4433 1376 4487 6
1408 4433 1640 4505 Χριστὸς
1697 4431 1937 4502 δοξάζη-

286 4537 398 4585 ται,
424 4518 515 4573 καὶ
550 4518 706 4593 ὑμεῖς
754 4520 1161 4595 προθυμότεροι
1213 4518 1424 4594 μᾶλλον
1472 4520 1548 4585 εἷς
1592 4522 1692 4588 τήν
1750 4520 1939 4599 εἴσφο-

2050 3356 2378 3413 Barnabam
2411 3353 2812 3411 venerandum
2843 3353 3002 3409 facit.
3037 3355 3161 3409 Non
3212 3353 3370 3408 enim
3419 3370 3490 3408 ex
3546 3354 3695 3421 sola,

2047 3446 2263 3519 inquit,
2287 3443 2581 3517 Evangelii
2604 3442 3022 3514 praedicatione
3040 3441 3277 3498 laudem
3301 3449 3698 3514 promeretur,

2048 3535 2151 3591 sed
2193 3535 2372 3591 etiam
2400 3532 2743 3606 designatus
2776 3535 2866 3586 est
2893 3530 2965 3585 ab
2996 3529 3276 3586 Ecclesiis
3308 3536 3372 3586 ut
3402 3536 3560 3586 esset
3587 3548 3694 3588 no-

2043 3624 2136 3679 bis
2168 3638 2368 3679 comes
2400 3620 2894 3694 peregrinationis
2927 3620 2988 3674 in
3018 3619 3418 3691 prmdicando.
3451 3621 3558 3685 Qui
3591 3637 3698 3676 au-

2046 3716 2164 3768 tem
2198 3712 2257 3766 in
2305 3711 2415 3766 hoc
2446 3706 2746 3782 particeps
2797 3714 2906 3771 est,
2954 3725 3095 3763 sane
3143 3709 3321 3763 etiam
3378 3708 3575 3762 socius
3627 3725 3694 3763 ac

2043 3802 2339 3875 particeps
2371 3806 2461 3855 est
2491 3798 2673 3855 Paulo
2705 3799 2766 3852 in
2798 3796 3220 3853 afﬂictionibus
3272 3812 3339 3850 ac
3388 3795 3693 3867 periculis.

2044 3892 2161 3947 Nec
2189 3890 2407 3957 solum,
2442 3888 2655 3961 inquit,
2689 3903 2889 3942 comes
2919 3891 3136 3939 nostra:
3194 3884 3693 3956 peregrinationis

2043 3979 2385 4052 designatus
2417 3984 2526 4039 est,
2552 3977 2649 4032 sed
2673 3976 2735 4029 in
2756 3975 2866 4029 hac
2887 3988 3122 4044 quoque
3143 3973 3330 4045 gratia
3346 3971 3691 4046 designatus

2044 4075 2135 4124 est
2165 4084 2296 4138 quas
2327 4064 2779 4122 administratur
2808 4079 2843 4117 a
2873 4061 3068 4128 nobis,
3100 4061 3212 4117 hoc
3241 4067 3349 4125 est,
3398 4062 3470 4118 ad
3503 4063 3689 4117 susci-

2042 4156 2327 4229 piendum
2356 4155 2749 4226 eleemosynze
2771 4153 3072 4225 pecunias.
3090 4153 3345 4207 Possunt
3363 4152 3541 4207 etiam
3564 4151 3690 4207 haec

2043 4249 2116 4303 de
2150 4249 2302 4301 Luca
2330 4243 2604 4316 intelligi.
2639 4265 2667 4293 ‹‹
2698 4242 2783 4297 Ad
2815 4242 3052 4297 Domini
3079 4241 3348 4314 gloriam.
3375 4264 3402 4289 ››
3425 4240 3579 4295 Talis
3603 4245 3693 4294 est

2043 4340 2242 4391 autem
2272 4334 2324 4388 is
2355 4333 2456 4404 qui
2487 4332 2562 4387 ab
2594 4331 2865 4387 ecclesiis
2896 4331 3239 4403 designatus
3271 4334 3360 4384 est
3388 4328 3461 4383 ad
3500 4329 3689 4383 susci-

2042 4423 2291 4497 piendas
2319 4439 2353 4478 a
2381 4420 2548 4478 vobis
2578 4421 2882 4493 pecunias,
2915 4425 2980 4476 ut
3028 4437 3098 4475 ex
3148 4421 3240 4476 his
3288 4437 3421 4492 quae
3470 4418 3589 4490 agit
3636 4424 3695 4472 et

2042 4512 2308 4570 Christus
2336 4510 2719 4585 gloriﬁcetur,
2754 4516 2813 4566 et
2840 4527 2940 4566 vos
2973 4509 3368 4583 promptiores
3389 4508 3587 4581 potius
3617 4508 3690 4564 ad

296 4609 388 4684 ραν
408 4605 652 4683 γένησθε.
673 4632 702 4661 (ί
734 4607 1102 4683 Στελλόμενοι
1132 4614 1315 4669 τοῦτο.
1349 4636 1377 4663 ››
1418 4594 1938 4687 Περιστελλόμεέοι,

2048 4603 2426 4660 collationem
2482 4601 2848 4663 efﬁciamini.
2911 4624 2937 4651 α
2997 4599 3423 4655 Contralientes
3472 4597 3603 4652 hoc.
3662 4620 3691 4647 »

294 4694 724 4776 ἀσφαλιζόμενοι
745 4696 821 4759 εἷς
843 4702 1025 4768 τοῦτο,
1051 4725 1079 4750 οι
1102 4702 1189 4770 Μή
1214 4722 1297 4763 τις
1328 4702 1475 4773 ἡμᾶς
1511 4702 1869 4774 μωμήσηται.
1905 4725 1933 4752 ν

293 4785 392 4840 Δια
420 4784 580 4841 τοῦτο
622 4782 698 4853 δὲ,
732 4787 888 4860 φησὶ,
943 4788 1225 4851 τοιούτους
1267 4789 1609 4865 ἐπέμψαμεν,
1668 4785 1934 4846 εὐλαϐού-

299 4893 452 4945 μενοι
510 4875 596 4929 καὶ
659 4873 1056 4951 συλαττόμενοι
1110 4880 1187 4951 μή
1239 4900 1323 4941 τις
1377 4880 1619 4955 πονηρὰν
1707 4879 1937 4954 ὑποψίαν

294 4961 463 5036 σχοίη
503 4964 623 5018 καθ’
683 4965 869 5036 ἡμῶν,
928 4965 1002 5028 ὡς
1056 4967 1459 5044 νοσφιζομένων
1518 4970 1585 5023 τὰ
1648 4972 1933 5050 χρήματα.

295 5073 327 5104 ‹‹
360 5052 447 5108 Ἐν
510 5056 579 5126 τῇ
637 5051 919 5128 ἁδρότητι,
978 5056 1133 5132 φησὶ,
1189 5056 1357 5132 ταύτῃ
1413 5063 1483 5133 τῇ
1543 5056 1933 5134 διακονουμένῃ

297 5140 383 5219 ὑφ’
415 5143 597 5214 ἡμῶν.
635 5167 664 5193 ››
695 5140 957 5200 Τουτέστι
986 5140 1075 5201 διὰ
1115 5146 1178 5200 τὸ
1227 5146 1360 5200 εἶναι
1407 5146 1572 5224 ἁδρὰν
1616 5151 1705 5204 καὶ
1758 5148 1935 5205 πλουο

299 5231 415 5286 σίαν
446 5232 546 5303 τήν
580 5232 832 5310 εἰσφορὰν
864 5234 961 5301 τὴν
997 5232 1307 5308 μέλλουσαν
1338 5236 1574 5313 γίνεσθαι
1628 5239 1713 5318 ὑφ’
1763 5239 1936 5311 ὑμῶν.

294 5318 393 5377 Καὶ
450 5320 555 5397 γὰρ
609 5322 673 5376 τὸ
727 5326 837 5377 τῶν
896 5325 1201 5397 χρημάτων
1285 5324 1498 5395 πλῆθος
1580 5326 1760 5382 ἰκανὸν
1821 5334 1939 5391 τοῖς

292 5415 565 5486 πονηροῖς
609 5413 781 5481 κακὴν
834 5410 1092 5469 ὑπόνοιαν
1141 5411 1403 5487 ἐμϐαλεῖν
1460 5418 1582 5491 περί
1638 5418 1824 5488 ἡμῶν,
1889 5417 1935 5472 εἰ

291 5500 370 5573 μὴ
402 5498 580 5562 οὕτως
613 5496 930 5561 ἐπιλέκτους
960 5501 1096 5571 πρὸς
1128 5503 1226 5568 τήν
1264 5501 1546 5578 ὑποδοχὴν
1579 5504 1756 5559 αὐτῶν
1797 5505 1937 5577 ἦμεν

288 5588 659 5671 πιπομφότες.
692 5589 807 5648 Οὐκ
862 5589 980 5646 εἶπε
1028 5586 1106 5662 δὶ,
1156 5592 1249 5660 Μὴ
1302 5591 1458 5664 ὑμεῖς
1509 5590 1937 5665 σκανδαλισθῆτε

290 5679 412 5758 περῖ
444 5680 629 5757 ⁴ήμῶν,
652 5676 743 5736 ἵνα
774 5679 852 5757 μή
884 5676 1070 5756 πλήξῃ
1104 5677 1324 5753 αὐτοὺς,
1355 5677 1521 5743 ἀλλὰ.
1554 5704 1585 5735 ι(
1616 5683 1710 5756 Μή
1766 5703 1872 5750 τις.
1904 5708 1936 5739 ››

2044 4704 2409 4768 Coartautes,
2440 4706 2498 4758 et
2526 4701 2588 4757 in
2634 4700 2750 4758 hoc
2796 4700 3154 4755 munientes.
3185 4718 3214 4748 »
3261 4698 3342 4752 Ne
3393 4697 3525 4768 quis
3580 4713 3692 4753 nos

2046 4800 2267 4867 carpat.
2308 4812 2327 4839 ιν
2363 4795 2702 4864 Propterea.
2735 4790 2950 4861 inquit,
2986 4789 3133 4843 tales
3177 4787 3471 4851 misimus,
3523 4787 3692 4844 veriti

2047 4890 2106 4941 et
2134 4883 2513 4939 observantes
2543 4898 2618 4936 ne
2649 4880 2783 4952 quis
2813 4894 3053 4952 pravam
3082 4876 3393 4933 adversum
3444 4894 3555 4931 nos
3585 4876 3691 4932 ha-

2046 4976 2184 5032 beat
2226 4975 2643 5045 suspicionem,
2688 4978 2967 5043 tanquam
3017 4969 3329 5042 pecuniam
3374 4969 3546 5025 nobis
3594 4987 3688 5025 su-

2047 5084 2210 5123 mere
2239 5064 2509 5121 velimus.
2544 5086 2574 5114 ‹‹
2609 5064 2672 5117 ln
2722 5063 2833 5118 hac
2882 5062 3271 5118 exuberantia
3318 5079 3449 5133 qum
3498 5062 3688 5118 admi-

2048 5157 2336 5213 nistratur
2367 5170 2398 5209 a
2429 5152 2622 5209 nobis.
2658 5176 2685 5202 »
2718 5153 2836 5208 Hoc
2866 5157 2973 5218 est,
2998 5168 3067 5207 eo
3099 5151 3256 5222 quod
3282 5151 3611 5209 exuberans
3634 5156 3694 5207 et

2048 5243 2359 5301 abuudans
2403 5242 2600 5298 futura
2657 5241 2733 5296 sit
2788 5240 3148 5297 contributio
3192 5246 3405 5297 vestra.
3458 5239 3686 5297 Etenim

2047 5332 2359 5390 abundans
2390 5330 2777 5404 pecuniarum
2808 5330 3126 5386 multitudo
3157 5337 3358 5403 posset
3378 5332 3573 5402 pravis
3602 5345 3689 5384 ve-

2046 5422 2361 5478 risimilem
2391 5420 2637 5492 injicere
2669 5419 3071 5492 suspicionem
3093 5420 3164 5474 de
3189 5420 3381 5487 nobis,
3403 5420 3519 5474 nisi
3542 5418 3689 5474 adeo

2047 5510 2265 5566 electos
2294 5509 2366 5564 ad
2393 5508 2632 5563 illarum
2664 5509 3102 5580 susceptionem
3143 5508 3535 5563 misissemus.
3570 5509 3688 5563 Non

2046 5599 2448 5657 dixitautem:
2488 5598 2570 5654 Ne
2622 5614 2723 5653 vos
2779 5597 3204 5654 oﬂ‘endiculum
3253 5596 3564 5668 patiamini
3611 5595 3685 5653 de

2046 5687 2239 5762 nobis,
2257 5702 2333 5746 ne
2353 5687 2514 5761 ipsos
2533 5686 2857 5759 morderet,
2880 5687 3005 5758 sed,
3028 5708 3057 5736 ‹‹
3080 5686 3160 5741 Ne
3180 5685 3334 5756 quis.
3360 5702 3386 5736 ι
3412 5714 3480 5727 --
3502 5706 3532 5735 ‹‹
3552 5685 3689 5744 Pro-
