  <div class='ocr_page' id='page_1' title='image "/cluster/home/n/w/nwhite01/storage/ocr_20150623/118/hvd.32044073502247/515.png"; bbox 0 0 4106 6196; ppageno 0'>
   <div class='ocr_carea' id='block_1_1' title="bbox 465 399 621 463">
    <p class='ocr_par' dir='ltr' id='par_1_1' title="bbox 465 399 621 463">
     <span class='ocr_line' id='line_1_1' title="bbox 465 399 621 463; baseline 0 -1"><span class='ocrx_word' id='word_1_1' title='bbox 465 399 621 463; x_wconf 80' lang='grc'><strong>1019</strong></span> 
     </span>
    </p>
   </div>
   <div class='ocr_carea' id='block_1_2' title="bbox 468 625 2112 701">
    <p class='ocr_par' dir='ltr' id='par_1_2' title="bbox 468 625 2112 701">
     <span class='ocr_line' id='line_1_2' title="bbox 468 625 2112 701; baseline 0.001 -21"><span class='ocrx_word' id='word_1_2' title='bbox 468 627 650 680; x_wconf 83' lang='lat' dir='ltr'><strong>dixit:</strong></span> <span class='ocrx_word' id='word_1_3' title='bbox 687 625 831 680; x_wconf 90' lang='lat' dir='ltr'><strong>Cum</strong></span> <span class='ocrx_word' id='word_1_4' title='bbox 864 625 1007 680; x_wconf 88' lang='lat' dir='ltr'><strong>mihi</strong></span> <span class='ocrx_word' id='word_1_5' title='bbox 1042 626 1112 681; x_wconf 94' lang='lat' dir='ltr'><strong>de</strong></span> <span class='ocrx_word' id='word_1_6' title='bbox 1144 627 1299 682; x_wconf 92' lang='lat' dir='ltr'><strong>bono</strong></span> <span class='ocrx_word' id='word_1_7' title='bbox 1333 645 1509 701; x_wconf 90' lang='lat' dir='ltr'><strong>opere</strong></span> <span class='ocrx_word' id='word_1_8' title='bbox 1542 627 1818 683; x_wconf 89' lang='lat' dir='ltr'><strong>conscius</strong></span> <span class='ocrx_word' id='word_1_9' title='bbox 1850 628 1982 692; x_wconf 87' lang='lat' dir='ltr'><strong>sim,</strong></span> <span class='ocrx_word' id='word_1_10' title='bbox 2015 643 2112 699; x_wconf 82' lang='lat' dir='ltr'><strong>ge-</strong></span> 
     </span>
    </p>
   </div>
   <div class='ocr_carea' id='block_1_3' title="bbox 469 715 2116 788">
    <p class='ocr_par' dir='ltr' id='par_1_3' title="bbox 469 715 2116 788">
     <span class='ocr_line' id='line_1_3' title="bbox 469 715 2116 788; baseline 0.001 -19"><span class='ocrx_word' id='word_1_11' title='bbox 469 719 591 770; x_wconf 90' lang='lat' dir='ltr'><strong>mat</strong></span> <span class='ocrx_word' id='word_1_12' title='bbox 621 721 907 784; x_wconf 74' lang='lat' dir='ltr'><strong>quantum</strong></span> <span class='ocrx_word' id='word_1_13' title='bbox 939 715 1080 770; x_wconf 83' lang='lat' dir='ltr'><strong>velit</strong></span> <span class='ocrx_word' id='word_1_14' title='bbox 1103 717 1203 787; x_wconf 87' lang='lat' dir='ltr'><strong>qui</strong></span> <span class='ocrx_word' id='word_1_15' title='bbox 1237 717 1460 788; x_wconf 88' lang='lat' dir='ltr'><strong>aliquid</strong></span> <span class='ocrx_word' id='word_1_16' title='bbox 1485 717 1818 788; x_wconf 89' lang='lat' dir='ltr'><strong>suspicatur</strong></span> <span class='ocrx_word' id='word_1_17' title='bbox 1833 716 2116 771; x_wconf 88' lang='lat' dir='ltr'><strong>mali.Sed</strong></span> 
     </span>
    </p>
   </div>
   <div class='ocr_carea' id='block_1_4' title="bbox 470 804 2117 878">
    <p class='ocr_par' dir='ltr' id='par_1_4' title="bbox 470 804 2117 878">
     <span class='ocr_line' id='line_1_4' title="bbox 470 804 2117 878; baseline 0.003 -20"><span class='ocrx_word' id='word_1_18' title='bbox 470 804 659 876; x_wconf 81' lang='lat' dir='ltr'><strong>quid?</strong></span> <span class='ocrx_word' id='word_1_19' title='bbox 688 806 1028 876; x_wconf 81' lang='lat' dir='ltr'><strong>Propterea,</strong></span> <span class='ocrx_word' id='word_1_20' title='bbox 1062 807 1277 878; x_wconf 78' lang='lat' dir='ltr'><strong>inquit,</strong></span> <span class='ocrx_word' id='word_1_21' title='bbox 1310 808 1382 862; x_wconf 85' lang='lat' dir='ltr'><strong>ad</strong></span> <span class='ocrx_word' id='word_1_22' title='bbox 1431 809 1808 863; x_wconf 76' lang='lat' dir='ltr'><strong>securitatem</strong></span> <span class='ocrx_word' id='word_1_23' title='bbox 1853 809 2006 863; x_wconf 89' lang='lat' dir='ltr'><strong>hanc</strong></span> <span class='ocrx_word' id='word_1_24' title='bbox 2059 813 2117 863; x_wconf 91' lang='lat' dir='ltr'><strong>et</strong></span> 
     </span>
    </p>
   </div>
   <div class='ocr_carea' id='block_1_5' title="bbox 469 893 2116 968">
    <p class='ocr_par' dir='ltr' id='par_1_5' title="bbox 469 893 2116 968">
     <span class='ocr_line' id='line_1_5' title="bbox 469 893 2116 968; baseline 0.002 -19"><span class='ocrx_word' id='word_1_25' title='bbox 469 893 839 965; x_wconf 77' lang='lat' dir='ltr'><strong>diligentiam</strong></span> <span class='ocrx_word' id='word_1_26' title='bbox 892 895 1120 960; x_wconf 88' lang='lat' dir='ltr'><strong>deveni,</strong></span> <span class='ocrx_word' id='word_1_27' title='bbox 1182 898 1329 953; x_wconf 78' lang='lat'><strong>665</strong></span> <span class='ocrx_word' id='word_1_28' title='bbox 1389 898 1672 968; x_wconf 90' lang='lat' dir='ltr'><strong>quoniam</strong></span> <span class='ocrx_word' id='word_1_29' title='bbox 1731 915 2116 968; x_wconf 90' lang='lat' dir='ltr'><strong>procuramus</strong></span> 
     </span>
    </p>
   </div>
   <div class='ocr_carea' id='block_1_6' title="bbox 464 984 2117 1047">
    <p class='ocr_par' dir='ltr' id='par_1_6' title="bbox 464 984 2117 1047">
     <span class='ocr_line' id='line_1_6' title="bbox 464 984 2117 1047; baseline 0.004 -10"><span class='ocrx_word' id='word_1_30' title='bbox 464 984 733 1046; x_wconf 85' lang='lat' dir='ltr'><strong>honesta,</strong></span> <span class='ocrx_word' id='word_1_31' title='bbox 770 985 880 1038; x_wconf 92' lang='lat' dir='ltr'><strong>hoc</strong></span> <span class='ocrx_word' id='word_1_32' title='bbox 914 991 1018 1047; x_wconf 90' lang='lat' dir='ltr'><strong>est,</strong></span> <span class='ocrx_word' id='word_1_33' title='bbox 1055 986 1205 1041; x_wconf 85' lang='lat' dir='ltr'><strong>bene</strong></span> <span class='ocrx_word' id='word_1_34' title='bbox 1241 987 1469 1046; x_wconf 90' lang='lat' dir='ltr'><strong>audire.</strong></span> <span class='ocrx_word' id='word_1_35' title='bbox 1503 1004 1620 1042; x_wconf 92' lang='lat' dir='ltr'><strong>non</strong></span> <span class='ocrx_word' id='word_1_36' title='bbox 1673 988 1866 1042; x_wconf 91' lang='lat' dir='ltr'><strong>solum</strong></span> <span class='ocrx_word' id='word_1_37' title='bbox 1918 1005 2117 1043; x_wconf 88' lang='lat' dir='ltr'><strong>coram</strong></span> 
     </span>
    </p>
   </div>
   <div class='ocr_carea' id='block_1_7' title="bbox 465 1072 2116 1148">
    <p class='ocr_par' dir='ltr' id='par_1_7' title="bbox 465 1072 2116 1148">
     <span class='ocr_line' id='line_1_7' title="bbox 465 1072 2116 1148; baseline 0.003 -20"><span class='ocrx_word' id='word_1_38' title='bbox 465 1073 606 1142; x_wconf 91' lang='lat' dir='ltr'><strong>Deo,</strong></span> <span class='ocrx_word' id='word_1_39' title='bbox 642 1072 743 1128; x_wconf 89' lang='lat' dir='ltr'><strong>sed</strong></span> <span class='ocrx_word' id='word_1_40' title='bbox 779 1073 955 1128; x_wconf 89' lang='lat' dir='ltr'><strong>etiam</strong></span> <span class='ocrx_word' id='word_1_41' title='bbox 1015 1091 1213 1129; x_wconf 89' lang='lat' dir='ltr'><strong>coram</strong></span> <span class='ocrx_word' id='word_1_42' title='bbox 1275 1076 1636 1131; x_wconf 90' lang='lat' dir='ltr'><strong>hominibus.</strong></span> <span class='ocrx_word' id='word_1_43' title='bbox 1700 1079 1844 1132; x_wconf 82' lang='lat' dir='ltr'><strong>Nam</strong></span> <span class='ocrx_word' id='word_1_44' title='bbox 1897 1083 2116 1148; x_wconf 85' lang='lat' dir='ltr'><strong>quanto</strong></span> 
     </span>
    </p>
   </div>
   <div class='ocr_carea' id='block_1_8' title="bbox 473 1163 2118 1238">
    <p class='ocr_par' dir='ltr' id='par_1_8' title="bbox 473 1163 2118 1238">
     <span class='ocr_line' id='line_1_8' title="bbox 473 1163 2118 1238; baseline 0.002 -20"><span class='ocrx_word' id='word_1_45' title='bbox 473 1167 612 1218; x_wconf 88' lang='lat' dir='ltr'><strong>sunt</strong></span> <span class='ocrx_word' id='word_1_46' title='bbox 641 1163 916 1217; x_wconf 87' lang='lat' dir='ltr'><strong>nonnulli</strong></span> <span class='ocrx_word' id='word_1_47' title='bbox 947 1163 1305 1220; x_wconf 84' lang='lat' dir='ltr'><strong>imbecillius</strong></span> <span class='ocrx_word' id='word_1_48' title='bbox 1338 1166 1628 1232; x_wconf 71' lang='lat' dir='ltr'><strong>affecti,eo</strong></span> <span class='ocrx_word' id='word_1_49' title='bbox 1660 1167 1844 1238; x_wconf 88' lang='lat' dir='ltr'><strong>magis</strong></span> <span class='ocrx_word' id='word_1_50' title='bbox 1877 1184 2118 1222; x_wconf 90' lang='lat' dir='ltr'><strong>necesse</strong></span> 
     </span>
    </p>
   </div>
   <div class='ocr_carea' id='block_1_9' title="bbox 473 1252 1420 1324">
    <p class='ocr_par' dir='ltr' id='par_1_9' title="bbox 473 1252 1420 1324">
     <span class='ocr_line' id='line_1_9' title="bbox 473 1252 1420 1324; baseline 0.005 -20"><span class='ocrx_word' id='word_1_51' title='bbox 473 1255 563 1306; x_wconf 91' lang='lat' dir='ltr'><strong>est</strong></span> <span class='ocrx_word' id='word_1_52' title='bbox 592 1256 656 1305; x_wconf 90' lang='lat' dir='ltr'><strong>ut</strong></span> <span class='ocrx_word' id='word_1_53' title='bbox 685 1267 794 1306; x_wconf 89' lang='lat' dir='ltr'><strong>nos</strong></span> <span class='ocrx_word' id='word_1_54' title='bbox 826 1252 985 1324; x_wconf 88' lang='lat' dir='ltr'><strong>ipsos</strong></span> <span class='ocrx_word' id='word_1_55' title='bbox 1019 1252 1420 1309; x_wconf 88' lang='lat' dir='ltr'><strong>demittamus.</strong></span> 
     </span>
    </p>
   </div>
   <div class='ocr_carea' id='block_1_10' title="bbox 543 1340 2117 1404">
    <p class='ocr_par' dir='ltr' id='par_1_10' title="bbox 543 1340 2117 1404">
     <span class='ocr_line' id='line_1_10' title="bbox 543 1340 2117 1404; baseline 0.004 -11"><span class='ocrx_word' id='word_1_56' title='bbox 543 1340 688 1404; x_wconf 86' lang='lat' dir='ltr'><strong>VIII,</strong></span> <span class='ocrx_word' id='word_1_57' title='bbox 720 1343 901 1395; x_wconf 65' lang='lat'><strong>22-24.</strong></span> <span class='ocrx_word' id='word_1_58' title='bbox 949 1362 976 1390; x_wconf 87' lang='grc'><strong>‹‹</strong></span> <span class='ocrx_word' id='word_1_59' title='bbox 1012 1342 1275 1396; x_wconf 76' lang='lat' dir='ltr'><strong>Misimus</strong></span> <span class='ocrx_word' id='word_1_60' title='bbox 1306 1350 1503 1397; x_wconf 91' lang='lat' dir='ltr'><strong>autem</strong></span> <span class='ocrx_word' id='word_1_61' title='bbox 1533 1361 1651 1399; x_wconf 88' lang='lat' dir='ltr'><strong>una</strong></span> <span class='ocrx_word' id='word_1_62' title='bbox 1681 1361 1815 1401; x_wconf 86' lang='lat' dir='ltr'><strong>cum</strong></span> <span class='ocrx_word' id='word_1_63' title='bbox 1850 1345 1968 1400; x_wconf 83' lang='lat' dir='ltr'><strong>illis</strong></span> <span class='ocrx_word' id='word_1_64' title='bbox 2000 1346 2117 1400; x_wconf 82' lang='lat' dir='ltr'><strong>fra-</strong></span> 
     </span>
    </p>
   </div>
   <div class='ocr_carea' id='block_1_11' title="bbox 472 1417 2122 1506">
    <p class='ocr_par' dir='ltr' id='par_1_11' title="bbox 472 1417 2122 1506">
     <span class='ocr_line' id='line_1_11' title="bbox 472 1417 2122 1506; baseline 0.004 -23"><span class='ocrx_word' id='word_1_65' title='bbox 472 1417 502 1477; x_wconf 63' lang='grc' dir='ltr'>ι(</span> <span class='ocrx_word' id='word_1_66' title='bbox 538 1434 687 1484; x_wconf 90' lang='lat' dir='ltr'><strong>trem</strong></span> <span class='ocrx_word' id='word_1_67' title='bbox 710 1434 1000 1491; x_wconf 88' lang='lat' dir='ltr'><strong>nostrum,</strong></span> <span class='ocrx_word' id='word_1_68' title='bbox 1027 1447 1202 1501; x_wconf 88' lang='lat' dir='ltr'><strong>quem</strong></span> <span class='ocrx_word' id='word_1_69' title='bbox 1224 1431 1601 1503; x_wconf 83' lang='lat' dir='ltr'><strong>probavimus</strong></span> <span class='ocrx_word' id='word_1_70' title='bbox 1623 1434 1682 1486; x_wconf 89' lang='lat' dir='ltr'><strong>in</strong></span> <span class='ocrx_word' id='word_1_71' title='bbox 1711 1433 1913 1499; x_wconf 86' lang='lat' dir='ltr'><strong>multis</strong></span> <span class='ocrx_word' id='word_1_72' title='bbox 1946 1451 2122 1506; x_wconf 60' lang='lat' dir='ltr'><strong>saepe-</strong></span> 
     </span>
    </p>
   </div>
   <div class='ocr_carea' id='block_1_12' title="bbox 472 1519 2119 1596">
    <p class='ocr_par' dir='ltr' id='par_1_12' title="bbox 472 1519 2119 1596">
     <span class='ocr_line' id='line_1_12' title="bbox 472 1519 2119 1596; baseline 0.005 -28"><span class='ocrx_word' id='word_1_73' title='bbox 472 1540 500 1568; x_wconf 85' lang='lat'>«</span> <span class='ocrx_word' id='word_1_74' title='bbox 527 1535 777 1574; x_wconf 88' lang='lat' dir='ltr'><strong>numero</strong></span> <span class='ocrx_word' id='word_1_75' title='bbox 801 1519 1334 1590; x_wconf 87' lang='lat' dir='ltr'><strong>diligentem,nunc</strong></span> <span class='ocrx_word' id='word_1_76' title='bbox 1357 1538 1561 1576; x_wconf 91' lang='lat' dir='ltr'><strong>aurem</strong></span> <span class='ocrx_word' id='word_1_77' title='bbox 1581 1523 1766 1577; x_wconf 89' lang='lat' dir='ltr'><strong>multo</strong></span> <span class='ocrx_word' id='word_1_78' title='bbox 1785 1523 2119 1596; x_wconf 83' lang='lat' dir='ltr'><strong>diligentio-</strong></span> 
     </span>
    </p>
   </div>
   <div class='ocr_carea' id='block_1_13' title="bbox 469 1608 2118 1683">
    <p class='ocr_par' dir='ltr' id='par_1_13' title="bbox 469 1608 2118 1683">
     <span class='ocr_line' id='line_1_13' title="bbox 469 1608 2118 1683; baseline 0.005 -25"><span class='ocrx_word' id='word_1_79' title='bbox 469 1629 496 1658; x_wconf 89' lang='grc'><em>‹‹</em></span> <span class='ocrx_word' id='word_1_80' title='bbox 528 1625 655 1662; x_wconf 89' lang='lat' dir='ltr'><strong>rem</strong></span> <span class='ocrx_word' id='word_1_81' title='bbox 687 1608 758 1664; x_wconf 93' lang='lat' dir='ltr'><strong>ob</strong></span> <span class='ocrx_word' id='word_1_82' title='bbox 791 1608 1039 1664; x_wconf 87' lang='lat' dir='ltr'><strong>multam</strong></span> <span class='ocrx_word' id='word_1_83' title='bbox 1075 1609 1349 1665; x_wconf 84' lang='lat' dir='ltr'><strong>ﬁduciam</strong></span> <span class='ocrx_word' id='word_1_84' title='bbox 1384 1628 1563 1682; x_wconf 89' lang='lat' dir='ltr'><strong>quam</strong></span> <span class='ocrx_word' id='word_1_85' title='bbox 1597 1612 1773 1667; x_wconf 80' lang='lat' dir='ltr'><strong>habet</strong></span> <span class='ocrx_word' id='word_1_86' title='bbox 1803 1628 1938 1683; x_wconf 87' lang='lat' dir='ltr'><strong>ergo</strong></span> <span class='ocrx_word' id='word_1_87' title='bbox 1978 1630 2074 1667; x_wconf 85' lang='lat' dir='ltr'><strong>vos</strong></span> <span class='ocrx_word' id='word_1_88' title='bbox 2106 1629 2118 1678; x_wconf 91' lang='lat'><strong>;</strong></span> 
     </span>
    </p>
   </div>
   <div class='ocr_carea' id='block_1_14' title="bbox 468 1697 2119 1772">
    <p class='ocr_par' dir='ltr' id='par_1_14' title="bbox 468 1697 2119 1772">
     <span class='ocr_line' id='line_1_14' title="bbox 468 1697 2119 1772; baseline 0.004 -25"><span class='ocrx_word' id='word_1_89' title='bbox 468 1720 497 1747; x_wconf 85' lang='lat'><strong><em>«</em></strong></span> <span class='ocrx_word' id='word_1_90' title='bbox 526 1697 645 1752; x_wconf 88' lang='lat' dir='ltr'><strong>sive</strong></span> <span class='ocrx_word' id='word_1_91' title='bbox 669 1715 774 1768; x_wconf 91' lang='lat' dir='ltr'><strong>pro</strong></span> <span class='ocrx_word' id='word_1_92' title='bbox 799 1699 943 1762; x_wconf 86' lang='lat' dir='ltr'><strong>Tito,</strong></span> <span class='ocrx_word' id='word_1_93' title='bbox 977 1700 1170 1753; x_wconf 85' lang='lat' dir='ltr'><strong>socius</strong></span> <span class='ocrx_word' id='word_1_94' title='bbox 1192 1716 1357 1754; x_wconf 92' lang='lat' dir='ltr'><strong>meus</strong></span> <span class='ocrx_word' id='word_1_95' title='bbox 1381 1706 1471 1754; x_wconf 90' lang='lat' dir='ltr'><strong>est</strong></span> <span class='ocrx_word' id='word_1_96' title='bbox 1492 1707 1549 1756; x_wconf 88' lang='lat' dir='ltr'><strong>et</strong></span> <span class='ocrx_word' id='word_1_97' title='bbox 1579 1701 1817 1771; x_wconf 84' lang='lat' dir='ltr'><strong>adjutor</strong></span> <span class='ocrx_word' id='word_1_98' title='bbox 1842 1717 1978 1772; x_wconf 85' lang='lat' dir='ltr'><strong>erga</strong></span> <span class='ocrx_word' id='word_1_99' title='bbox 1998 1717 2119 1769; x_wconf 89' lang='lat' dir='ltr'><strong>vos,</strong></span> 
     </span>
    </p>
   </div>
   <div class='ocr_carea' id='block_1_15' title="bbox 467 1786 2124 1862">
    <p class='ocr_par' dir='ltr' id='par_1_15' title="bbox 467 1786 2124 1862">
     <span class='ocr_line' id='line_1_15' title="bbox 467 1786 2124 1862; baseline 0.007 -25"><span class='ocrx_word' id='word_1_100' title='bbox 467 1808 497 1837; x_wconf 86' lang='grc'><em>‹‹</em></span> <span class='ocrx_word' id='word_1_101' title='bbox 527 1786 646 1840; x_wconf 82' lang='lat' dir='ltr'><strong>sive</strong></span> <span class='ocrx_word' id='word_1_102' title='bbox 668 1803 772 1857; x_wconf 89' lang='lat' dir='ltr'><strong>pro</strong></span> <span class='ocrx_word' id='word_1_103' title='bbox 791 1787 943 1854; x_wconf 86' lang='lat' dir='ltr'><strong>aliis,</strong></span> <span class='ocrx_word' id='word_1_104' title='bbox 968 1787 1178 1843; x_wconf 83' lang='lat' dir='ltr'><strong>fratres</strong></span> <span class='ocrx_word' id='word_1_105' title='bbox 1200 1790 1385 1844; x_wconf 82' lang='lat' dir='ltr'><strong>nostri</strong></span> <span class='ocrx_word' id='word_1_106' title='bbox 1409 1796 1548 1845; x_wconf 90' lang='lat' dir='ltr'><strong>sunt</strong></span> <span class='ocrx_word' id='word_1_107' title='bbox 1572 1796 1628 1845; x_wconf 91' lang='lat' dir='ltr'><strong>et</strong></span> <span class='ocrx_word' id='word_1_108' title='bbox 1647 1791 1819 1862; x_wconf 79' lang='lat' dir='ltr'><strong>legati</strong></span> <span class='ocrx_word' id='word_1_109' title='bbox 1840 1791 2124 1848; x_wconf 86' lang='lat' dir='ltr'><strong>Ecclesia-</strong></span> 
     </span>
    </p>
   </div>
   <div class='ocr_carea' id='block_1_16' title="bbox 470 1876 2195 1956">
    <p class='ocr_par' dir='ltr' id='par_1_16' title="bbox 470 1876 2195 1956">
     <span class='ocr_line' id='line_1_16' title="bbox 470 1876 2195 1956; baseline 0.006 -30"><span class='ocrx_word' id='word_1_110' title='bbox 470 1899 497 1926; x_wconf 83' lang='grc'><strong>‹‹</strong></span> <span class='ocrx_word' id='word_1_111' title='bbox 524 1892 676 1941; x_wconf 90' lang='lat' dir='ltr'><strong>rum,</strong></span> <span class='ocrx_word' id='word_1_112' title='bbox 711 1876 898 1945; x_wconf 83' lang='lat' dir='ltr'><strong>gloria</strong></span> <span class='ocrx_word' id='word_1_113' title='bbox 920 1877 1156 1932; x_wconf 87' lang='lat' dir='ltr'><strong>Christi.</strong></span> <span class='ocrx_word' id='word_1_114' title='bbox 1191 1879 1445 1933; x_wconf 85' lang='lat' dir='ltr'><strong>Proinde</strong></span> <span class='ocrx_word' id='word_1_115' title='bbox 1473 1880 1899 1936; x_wconf 88' lang='lat' dir='ltr'><strong>documentum</strong></span> <span class='ocrx_word' id='word_1_116' title='bbox 1932 1882 2119 1936; x_wconf 89' lang='lat' dir='ltr'><strong>chari-</strong></span> <span class='ocrx_word' id='word_1_117' title='bbox 2150 1892 2195 1956; x_wconf 84' lang='grc' dir='ltr'>Β</span> 
     </span>
    </p>
   </div>
   <div class='ocr_carea' id='block_1_17' title="bbox 467 1967 2115 2043">
    <p class='ocr_par' dir='ltr' id='par_1_17' title="bbox 467 1967 2115 2043">
     <span class='ocr_line' id='line_1_17' title="bbox 467 1967 2115 2043; baseline 0.005 -27"><span class='ocrx_word' id='word_1_118' title='bbox 467 1988 499 2038; x_wconf 64' lang='lat' dir='ltr'><strong>g</strong></span> <span class='ocrx_word' id='word_1_119' title='bbox 533 1967 669 2021; x_wconf 85' lang='lat' dir='ltr'><strong>tatis</strong></span> <span class='ocrx_word' id='word_1_120' title='bbox 703 1973 929 2034; x_wconf 64' lang='lat' dir='ltr'><strong>vestrae,</strong></span> <span class='ocrx_word' id='word_1_121' title='bbox 965 1972 1022 2021; x_wconf 88' lang='lat' dir='ltr'><strong>et</strong></span> <span class='ocrx_word' id='word_1_122' title='bbox 1049 1975 1266 2023; x_wconf 66' lang='lat' dir='ltr'><strong>nostra)</strong></span> <span class='ocrx_word' id='word_1_123' title='bbox 1313 1970 1382 2024; x_wconf 93' lang='lat' dir='ltr'><strong>de</strong></span> <span class='ocrx_word' id='word_1_124' title='bbox 1427 1969 1589 2025; x_wconf 85' lang='lat' dir='ltr'><strong>vobis</strong></span> <span class='ocrx_word' id='word_1_125' title='bbox 1637 1971 2006 2043; x_wconf 85' lang='lat' dir='ltr'><strong>gloriationis</strong></span> <span class='ocrx_word' id='word_1_126' title='bbox 2055 1972 2115 2025; x_wconf 91' lang='lat' dir='ltr'><strong>in</strong></span> 
     </span>
    </p>
   </div>
   <div class='ocr_carea' id='block_1_18' title="bbox 476 2055 2045 2131">
    <p class='ocr_par' dir='ltr' id='par_1_18' title="bbox 476 2055 2045 2131">
     <span class='ocr_line' id='line_1_18' title="bbox 476 2055 2045 2131; baseline 0.006 -25"><span class='ocrx_word' id='word_1_127' title='bbox 476 2077 505 2106; x_wconf 78' lang='grc' dir='ltr'>ι(</span> <span class='ocrx_word' id='word_1_128' title='bbox 535 2073 634 2110; x_wconf 92' lang='lat' dir='ltr'><strong>eos</strong></span> <span class='ocrx_word' id='word_1_129' title='bbox 665 2055 1066 2112; x_wconf 86' lang='lat' dir='ltr'><strong>demonstrate</strong></span> <span class='ocrx_word' id='word_1_130' title='bbox 1101 2059 1174 2113; x_wconf 93' lang='lat' dir='ltr'><strong>ad</strong></span> <span class='ocrx_word' id='word_1_131' title='bbox 1206 2065 1539 2131; x_wconf 88' lang='lat' dir='ltr'><strong>respectum</strong></span> <span class='ocrx_word' id='word_1_132' title='bbox 1571 2062 1985 2117; x_wconf 87' lang='lat' dir='ltr'><strong>Ecclesiarum.</strong></span> <span class='ocrx_word' id='word_1_133' title='bbox 2018 2084 2045 2110; x_wconf 88' lang='grc'><strong>››</strong></span> 
     </span>
    </p>
   </div>
   <div class='ocr_carea' id='block_1_19' title="bbox 541 2148 2118 2224">
    <p class='ocr_par' dir='ltr' id='par_1_19' title="bbox 541 2148 2118 2224">
     <span class='ocr_line' id='line_1_19' title="bbox 541 2148 2118 2224; baseline 0.007 -25"><span class='ocrx_word' id='word_1_134' title='bbox 541 2148 687 2201; x_wconf 88' lang='lat' dir='ltr'><strong>Ecce</strong></span> <span class='ocrx_word' id='word_1_135' title='bbox 720 2153 777 2201; x_wconf 89' lang='lat' dir='ltr'><strong>et</strong></span> <span class='ocrx_word' id='word_1_136' title='bbox 809 2149 1049 2203; x_wconf 88' lang='lat' dir='ltr'><strong>tertium</strong></span> <span class='ocrx_word' id='word_1_137' title='bbox 1081 2150 1373 2222; x_wconf 79' lang='lat' dir='ltr'><strong>adjunxit,</strong></span> <span class='ocrx_word' id='word_1_138' title='bbox 1409 2170 1662 2224; x_wconf 89' lang='lat' dir='ltr'><strong>eumque</strong></span> <span class='ocrx_word' id='word_1_139' title='bbox 1696 2171 1815 2208; x_wconf 90' lang='lat' dir='ltr'><strong>non</strong></span> <span class='ocrx_word' id='word_1_140' title='bbox 1857 2155 1984 2209; x_wconf 89' lang='lat' dir='ltr'><strong>sine</strong></span> <span class='ocrx_word' id='word_1_141' title='bbox 2017 2171 2118 2209; x_wconf 91' lang='lat' dir='ltr'><strong>en-</strong></span> 
     </span>
    </p>
   </div>
   <div class='ocr_carea' id='block_1_20' title="bbox 471 2236 2121 2316">
    <p class='ocr_par' dir='ltr' id='par_1_20' title="bbox 471 2236 2121 2316">
     <span class='ocr_line' id='line_1_20' title="bbox 471 2236 2121 2316; baseline 0.005 -25"><span class='ocrx_word' id='word_1_142' title='bbox 471 2236 684 2291; x_wconf 89' lang='lat' dir='ltr'><strong>comio.</strong></span> <span class='ocrx_word' id='word_1_143' title='bbox 723 2255 745 2278; x_wconf 83' lang='grc'><strong>‹‹</strong></span> <span class='ocrx_word' id='word_1_144' title='bbox 777 2237 958 2301; x_wconf 88' lang='lat' dir='ltr'><strong>Quem</strong></span> <span class='ocrx_word' id='word_1_145' title='bbox 993 2239 1388 2309; x_wconf 87' lang='lat' dir='ltr'><strong>probavimus.</strong></span> <span class='ocrx_word' id='word_1_146' title='bbox 1427 2263 1454 2290; x_wconf 84' lang='lat'>»</span> <span class='ocrx_word' id='word_1_147' title='bbox 1488 2243 1727 2297; x_wconf 81' lang='lat' dir='ltr'><strong>Extollit</strong></span> <span class='ocrx_word' id='word_1_148' title='bbox 1766 2260 1799 2298; x_wconf 89' lang='lat' dir='ltr'><strong>a</strong></span> <span class='ocrx_word' id='word_1_149' title='bbox 1830 2261 1936 2299; x_wconf 91' lang='lat' dir='ltr'><strong>sua</strong></span> <span class='ocrx_word' id='word_1_150' title='bbox 1983 2262 2121 2316; x_wconf 90' lang='lat' dir='ltr'><strong>pro-</strong></span> 
     </span>
    </p>
   </div>
   <div class='ocr_carea' id='block_1_21' title="bbox 468 2326 2120 2404">
    <p class='ocr_par' dir='ltr' id='par_1_21' title="bbox 468 2326 2120 2404">
     <span class='ocr_line' id='line_1_21' title="bbox 468 2326 2120 2404; baseline 0.004 -23"><span class='ocrx_word' id='word_1_151' title='bbox 468 2326 704 2382; x_wconf 86' lang='lat' dir='ltr'><strong>batione</strong></span> <span class='ocrx_word' id='word_1_152' title='bbox 736 2326 948 2380; x_wconf 88' lang='lat' dir='ltr'><strong>virum.</strong></span> <span class='ocrx_word' id='word_1_153' title='bbox 1013 2329 1112 2381; x_wconf 88' lang='lat' dir='ltr'><strong>Est</strong></span> <span class='ocrx_word' id='word_1_154' title='bbox 1160 2335 1355 2404; x_wconf 82' lang='lat' dir='ltr'><strong>autem</strong></span> <span class='ocrx_word' id='word_1_155' title='bbox 1417 2330 1608 2385; x_wconf 88' lang='lat' dir='ltr'><strong>laudis</strong></span> <span class='ocrx_word' id='word_1_156' title='bbox 1656 2333 1912 2387; x_wconf 90' lang='lat' dir='ltr'><strong>intensio</strong></span> <span class='ocrx_word' id='word_1_157' title='bbox 1961 2333 2120 2404; x_wconf 92' lang='lat' dir='ltr'><strong>quod</strong></span> 
     </span>
    </p>
   </div>
   <div class='ocr_carea' id='block_1_22' title="bbox 472 2399 2121 2488">
    <p class='ocr_par' dir='ltr' id='par_1_22' title="bbox 472 2399 2121 2488">
     <span class='ocr_line' id='line_1_22' title="bbox 472 2399 2121 2488; baseline 0.005 -18"><span class='ocrx_word' id='word_1_158' title='bbox 472 2415 590 2470; x_wconf 85' lang='lat' dir='ltr'><strong>ait:</strong></span> <span class='ocrx_word' id='word_1_159' title='bbox 624 2415 689 2468; x_wconf 87' lang='lat' dir='ltr'><strong>In</strong></span> <span class='ocrx_word' id='word_1_160' title='bbox 723 2416 928 2470; x_wconf 89' lang='lat' dir='ltr'><strong>multis</strong></span> <span class='ocrx_word' id='word_1_161' title='bbox 960 2422 1016 2471; x_wconf 90' lang='lat' dir='ltr'><strong>et</strong></span> <span class='ocrx_word' id='word_1_162' title='bbox 1050 2399 1479 2488; x_wconf 64' lang='lat' dir='ltr'><strong>smpenuniero.</strong></span> <span class='ocrx_word' id='word_1_163' title='bbox 1511 2451 1572 2460; x_wconf 83' lang='lat'><strong>--</strong></span> <span class='ocrx_word' id='word_1_164' title='bbox 1599 2421 1681 2476; x_wconf 91' lang='lat' dir='ltr'><strong>Ob</strong></span> <span class='ocrx_word' id='word_1_165' title='bbox 1705 2423 1952 2477; x_wconf 90' lang='lat' dir='ltr'><strong>multam</strong></span> <span class='ocrx_word' id='word_1_166' title='bbox 1979 2399 2121 2478; x_wconf 71' lang='lat' dir='ltr'><strong>iidu-</strong></span> 
     </span>
    </p>
   </div>
   <div class='ocr_carea' id='block_1_23' title="bbox 477 2506 2120 2576">
    <p class='ocr_par' dir='ltr' id='par_1_23' title="bbox 477 2506 2120 2576">
     <span class='ocr_line' id='line_1_23' title="bbox 477 2506 2120 2576; baseline 0.004 -14"><span class='ocrx_word' id='word_1_167' title='bbox 477 2507 649 2562; x_wconf 88' lang='lat' dir='ltr'><strong>ciam.</strong></span> <span class='ocrx_word' id='word_1_168' title='bbox 675 2527 701 2553; x_wconf 83' lang='lat'><strong>»</strong></span> <span class='ocrx_word' id='word_1_169' title='bbox 725 2506 996 2561; x_wconf 82' lang='lat' dir='ltr'><strong>Conﬁsus</strong></span> <span class='ocrx_word' id='word_1_170' title='bbox 1018 2507 1173 2576; x_wconf 90' lang='lat' dir='ltr'><strong>quod</strong></span> <span class='ocrx_word' id='word_1_171' title='bbox 1207 2509 1278 2563; x_wconf 89' lang='lat' dir='ltr'><strong>ad</strong></span> <span class='ocrx_word' id='word_1_172' title='bbox 1307 2526 1408 2564; x_wconf 88' lang='lat' dir='ltr'><strong>vos</strong></span> <span class='ocrx_word' id='word_1_173' title='bbox 1439 2511 1679 2566; x_wconf 89' lang='lat' dir='ltr'><strong>veniens</strong></span> <span class='ocrx_word' id='word_1_174' title='bbox 1711 2529 1831 2566; x_wconf 90' lang='lat' dir='ltr'><strong>non</strong></span> <span class='ocrx_word' id='word_1_175' title='bbox 1871 2513 2120 2569; x_wconf 86' lang='lat' dir='ltr'><strong>frustra-</strong></span> 
     </span>
    </p>
   </div>
   <div class='ocr_carea' id='block_1_24' title="bbox 474 2596 2122 2673">
    <p class='ocr_par' dir='ltr' id='par_1_24' title="bbox 474 2596 2122 2673">
     <span class='ocr_line' id='line_1_24' title="bbox 474 2596 2122 2673; baseline 0.005 -23"><span class='ocrx_word' id='word_1_176' title='bbox 474 2597 637 2651; x_wconf 89' lang='lat' dir='ltr'><strong>bitur</strong></span> <span class='ocrx_word' id='word_1_177' title='bbox 665 2596 915 2663; x_wconf 87' lang='lat' dir='ltr'><strong>intento,</strong></span> <span class='ocrx_word' id='word_1_178' title='bbox 950 2596 1292 2668; x_wconf 81' lang='lat' dir='ltr'><strong>diligentior</strong></span> <span class='ocrx_word' id='word_1_179' title='bbox 1335 2599 1527 2655; x_wconf 90' lang='lat' dir='ltr'><strong>adhuc</strong></span> <span class='ocrx_word' id='word_1_180' title='bbox 1570 2601 1758 2656; x_wconf 87' lang='lat' dir='ltr'><strong>factus</strong></span> <span class='ocrx_word' id='word_1_181' title='bbox 1809 2608 1898 2657; x_wconf 90' lang='lat' dir='ltr'><strong>est</strong></span> <span class='ocrx_word' id='word_1_182' title='bbox 1945 2619 2122 2673; x_wconf 86' lang='lat' dir='ltr'><strong>quam</strong></span> 
     </span>
    </p>
   </div>
   <div class='ocr_carea' id='block_1_25' title="bbox 478 2685 2128 2762">
    <p class='ocr_par' dir='ltr' id='par_1_25' title="bbox 478 2685 2128 2762">
     <span class='ocr_line' id='line_1_25' title="bbox 478 2685 2128 2762; baseline 0.003 -19"><span class='ocrx_word' id='word_1_183' title='bbox 478 2691 652 2743; x_wconf 82' lang='lat' dir='ltr'><strong>antea</strong></span> <span class='ocrx_word' id='word_1_184' title='bbox 679 2685 876 2740; x_wconf 76' lang='lat' dir='ltr'><strong>fuerit.</strong></span> <span class='ocrx_word' id='word_1_185' title='bbox 915 2707 942 2734; x_wconf 87' lang='lat'><strong><em>«</em></strong></span> <span class='ocrx_word' id='word_1_186' title='bbox 977 2686 1102 2742; x_wconf 85' lang='lat' dir='ltr'><strong>Sive</strong></span> <span class='ocrx_word' id='word_1_187' title='bbox 1134 2705 1238 2758; x_wconf 89' lang='lat' dir='ltr'><strong>pro</strong></span> <span class='ocrx_word' id='word_1_188' title='bbox 1270 2688 1414 2742; x_wconf 90' lang='lat' dir='ltr'><strong>Tito.</strong></span> <span class='ocrx_word' id='word_1_189' title='bbox 1449 2712 1475 2738; x_wconf 86' lang='lat'>»</span> <span class='ocrx_word' id='word_1_190' title='bbox 1537 2691 2028 2762; x_wconf 90' lang='lat' dir='ltr'><strong>Quandoquidem</strong></span> <span class='ocrx_word' id='word_1_191' title='bbox 2061 2694 2128 2748; x_wconf 89' lang='lat' dir='ltr'><strong>il-</strong></span> 
     </span>
    </p>
   </div>
   <div class='ocr_carea' id='block_1_26' title="bbox 470 2776 2124 2853">
    <p class='ocr_par' dir='ltr' id='par_1_26' title="bbox 470 2776 2124 2853">
     <span class='ocr_line' id='line_1_26' title="bbox 470 2776 2124 2853; baseline 0.004 -21"><span class='ocrx_word' id='word_1_192' title='bbox 470 2777 664 2832; x_wconf 90' lang='lat' dir='ltr'><strong>lorum</strong></span> <span class='ocrx_word' id='word_1_193' title='bbox 696 2776 972 2831; x_wconf 89' lang='lat' dir='ltr'><strong>virtutem</strong></span> <span class='ocrx_word' id='word_1_194' title='bbox 1006 2777 1285 2841; x_wconf 88' lang='lat' dir='ltr'><strong>ostendit,</strong></span> <span class='ocrx_word' id='word_1_195' title='bbox 1340 2779 1620 2852; x_wconf 88' lang='lat' dir='ltr'><strong>deinceps</strong></span> <span class='ocrx_word' id='word_1_196' title='bbox 1674 2790 1917 2853; x_wconf 86' lang='lat' dir='ltr'><strong>propter</strong></span> <span class='ocrx_word' id='word_1_197' title='bbox 1964 2783 2124 2853; x_wconf 89' lang='lat' dir='ltr'><strong>ipsos</strong></span> 
     </span>
    </p>
   </div>
   <div class='ocr_carea' id='block_1_27' title="bbox 473 2867 2127 2940">
    <p class='ocr_par' dir='ltr' id='par_1_27' title="bbox 473 2867 2127 2940">
     <span class='ocr_line' id='line_1_27' title="bbox 473 2867 2127 2940; baseline 0.002 -17"><span class='ocrx_word' id='word_1_198' title='bbox 473 2869 839 2931; x_wconf 85' lang='lat' dir='ltr'><strong>exhortatur,</strong></span> <span class='ocrx_word' id='word_1_199' title='bbox 874 2871 933 2922; x_wconf 91' lang='lat' dir='ltr'><strong>et</strong></span> <span class='ocrx_word' id='word_1_200' title='bbox 961 2867 1022 2922; x_wconf 91' lang='lat' dir='ltr'><strong>in</strong></span> <span class='ocrx_word' id='word_1_201' title='bbox 1045 2867 1174 2940; x_wconf 90' lang='lat' dir='ltr'><strong>ipsa</strong></span> <span class='ocrx_word' id='word_1_202' title='bbox 1227 2870 1634 2926; x_wconf 84' lang='lat' dir='ltr'><strong>exhortatione</strong></span> <span class='ocrx_word' id='word_1_203' title='bbox 1668 2870 1870 2926; x_wconf 90' lang='lat' dir='ltr'><strong>laudat</strong></span> <span class='ocrx_word' id='word_1_204' title='bbox 1911 2888 2033 2938; x_wconf 91' lang='lat' dir='ltr'><strong>eos,</strong></span> <span class='ocrx_word' id='word_1_205' title='bbox 2069 2878 2127 2926; x_wconf 91' lang='lat' dir='ltr'><strong>et</strong></span> 
     </span>
    </p>
   </div>
   <div class='ocr_carea' id='block_1_28' title="bbox 474 2955 2126 3030">
    <p class='ocr_par' dir='ltr' id='par_1_28' title="bbox 474 2955 2126 3030">
     <span class='ocr_line' id='line_1_28' title="bbox 474 2955 2126 3030; baseline 0.003 -20"><span class='ocrx_word' id='word_1_206' title='bbox 474 2956 603 3011; x_wconf 89' lang='lat' dir='ltr'><strong>ait:</strong></span> <span class='ocrx_word' id='word_1_207' title='bbox 640 2955 765 3010; x_wconf 89' lang='lat' dir='ltr'><strong>Sive</strong></span> <span class='ocrx_word' id='word_1_208' title='bbox 806 2973 911 3028; x_wconf 90' lang='lat' dir='ltr'><strong>pro</strong></span> <span class='ocrx_word' id='word_1_209' title='bbox 967 2958 1092 3012; x_wconf 90' lang='lat' dir='ltr'><strong>Tito</strong></span> <span class='ocrx_word' id='word_1_210' title='bbox 1151 2957 1376 3029; x_wconf 89' lang='lat' dir='ltr'><strong>aliquid</strong></span> <span class='ocrx_word' id='word_1_211' title='bbox 1417 2959 1612 3014; x_wconf 90' lang='lat' dir='ltr'><strong>dicere</strong></span> <span class='ocrx_word' id='word_1_212' title='bbox 1657 2965 1946 3030; x_wconf 88' lang='lat' dir='ltr'><strong>oporteat,</strong></span> <span class='ocrx_word' id='word_1_213' title='bbox 2001 2961 2126 3015; x_wconf 68' lang='lat' dir='ltr'><strong>haac</strong></span> 
     </span>
    </p>
   </div>
   <div class='ocr_carea' id='block_1_29' title="bbox 479 3045 2128 3121">
    <p class='ocr_par' dir='ltr' id='par_1_29' title="bbox 479 3045 2128 3121">
     <span class='ocr_line' id='line_1_29' title="bbox 479 3045 2128 3121; baseline 0.004 -23"><span class='ocrx_word' id='word_1_214' title='bbox 479 3061 690 3118; x_wconf 89' lang='lat' dir='ltr'><strong>posum</strong></span> <span class='ocrx_word' id='word_1_215' title='bbox 723 3045 920 3100; x_wconf 90' lang='lat' dir='ltr'><strong>dicere</strong></span> <span class='ocrx_word' id='word_1_216' title='bbox 974 3047 1132 3116; x_wconf 92' lang='lat' dir='ltr'><strong>quod</strong></span> <span class='ocrx_word' id='word_1_217' title='bbox 1191 3047 1386 3102; x_wconf 92' lang='lat' dir='ltr'><strong>socius</strong></span> <span class='ocrx_word' id='word_1_218' title='bbox 1437 3049 1580 3103; x_wconf 92' lang='lat' dir='ltr'><strong>mihi</strong></span> <span class='ocrx_word' id='word_1_219' title='bbox 1629 3055 1735 3118; x_wconf 92' lang='lat' dir='ltr'><strong>est,</strong></span> <span class='ocrx_word' id='word_1_220' title='bbox 1789 3055 1846 3104; x_wconf 92' lang='lat' dir='ltr'><strong>et</strong></span> <span class='ocrx_word' id='word_1_221' title='bbox 1892 3050 2128 3121; x_wconf 82' lang='lat' dir='ltr'><strong>adjutor</strong></span> 
     </span>
    </p>
   </div>
   <div class='ocr_carea' id='block_1_30' title="bbox 476 3136 2122 3207">
    <p class='ocr_par' dir='ltr' id='par_1_30' title="bbox 476 3136 2122 3207">
     <span class='ocr_line' id='line_1_30' title="bbox 476 3136 2122 3207; baseline 0.003 -18"><span class='ocrx_word' id='word_1_222' title='bbox 476 3149 646 3190; x_wconf 90' lang='lat' dir='ltr'><strong>meus</strong></span> <span class='ocrx_word' id='word_1_223' title='bbox 678 3139 736 3189; x_wconf 93' lang='lat' dir='ltr'><strong>et</strong></span> <span class='ocrx_word' id='word_1_224' title='bbox 765 3150 901 3207; x_wconf 85' lang='lat' dir='ltr'><strong>erga</strong></span> <span class='ocrx_word' id='word_1_225' title='bbox 931 3151 1032 3190; x_wconf 90' lang='lat' dir='ltr'><strong>vos</strong></span> <span class='ocrx_word' id='word_1_226' title='bbox 1064 3140 1123 3190; x_wconf 91' lang='lat' dir='ltr'><strong>et</strong></span> <span class='ocrx_word' id='word_1_227' title='bbox 1152 3136 1224 3190; x_wconf 92' lang='lat' dir='ltr'><strong>ad</strong></span> <span class='ocrx_word' id='word_1_228' title='bbox 1256 3143 1508 3193; x_wconf 88' lang='lat' dir='ltr'><strong>vestram</strong></span> <span class='ocrx_word' id='word_1_229' title='bbox 1542 3139 1792 3194; x_wconf 86' lang='lat' dir='ltr'><strong>salutem</strong></span> <span class='ocrx_word' id='word_1_230' title='bbox 1824 3156 1890 3194; x_wconf 89' lang='lat' dir='ltr'><strong>ac</strong></span> <span class='ocrx_word' id='word_1_231' title='bbox 1923 3140 2122 3194; x_wconf 88' lang='lat' dir='ltr'><strong>fidem.</strong></span> 
     </span>
    </p>
   </div>
   <div class='ocr_carea' id='block_1_31' title="bbox 1541 401 2717 466">
    <p class='ocr_par' dir='ltr' id='par_1_31' title="bbox 1541 401 2717 466">
     <span class='ocr_line' id='line_1_31' title="bbox 1541 401 2717 466; baseline 0 -1"><span class='ocrx_word' id='word_1_232' title='bbox 1541 401 1965 466; x_wconf 65' lang='lat' dir='ltr'><strong>(ECUMENII</strong></span> <span class='ocrx_word' id='word_1_233' title='bbox 2011 401 2321 464; x_wconf 61' lang='lat' dir='ltr'><strong>TRICCxE</strong></span> <span class='ocrx_word' id='word_1_234' title='bbox 2369 403 2717 465; x_wconf 82' lang='lat' dir='ltr'><strong>EPISCOPI</strong></span> 
     </span>
    </p>
   </div>
   <div class='ocr_carea' id='block_1_32' title="bbox 467 535 2120 618">
    <p class='ocr_par' dir='ltr' id='par_1_32' title="bbox 467 536 2112 618">
     <span class='ocr_line' id='line_1_32' title="bbox 467 536 2112 618; baseline -0.001 -26"><span class='ocrx_word' id='word_1_235' title='bbox 467 541 741 618; x_wconf 78' lang='lat' dir='ltr'><strong>curantes</strong></span> <span class='ocrx_word' id='word_1_236' title='bbox 773 536 1040 593; x_wconf 74' lang='lat' dir='ltr'><strong>honesta.</strong></span> <span class='ocrx_word' id='word_1_237' title='bbox 1078 559 1106 586; x_wconf 90' lang='grc'><strong>››</strong></span> <span class='ocrx_word' id='word_1_238' title='bbox 1162 537 1307 594; x_wconf 86' lang='lat' dir='ltr'><strong>Vide</strong></span> <span class='ocrx_word' id='word_1_239' title='bbox 1365 555 1480 610; x_wconf 89' lang='lat' dir='ltr'><strong>quo</strong></span> <span class='ocrx_word' id='word_1_240' title='bbox 1537 555 1598 593; x_wconf 92' lang='lat' dir='ltr'><strong>se</strong></span> <span class='ocrx_word' id='word_1_241' title='bbox 1647 538 1936 593; x_wconf 87' lang='lat' dir='ltr'><strong>demittat.</strong></span> <span class='ocrx_word' id='word_1_242' title='bbox 1985 540 2112 593; x_wconf 87' lang='lat' dir='ltr'><strong>Non</strong></span> 
     </span>
    </p>
   </div>
   <div class='ocr_carea' id='block_1_33' title="bbox 2232 535 3352 618">
    <p class='ocr_par' dir='ltr' id='par_1_33' title="bbox 2232 535 3352 610">
     <span class='ocr_line' id='line_1_33' title="bbox 2232 535 3352 610; baseline 0.006 -23"><span class='ocrx_word' id='word_1_243' title='bbox 2232 560 2344 586; x_wconf 84' lang='lat'><strong>—«</strong></span> <span class='ocrx_word' id='word_1_244' title='bbox 2381 536 2785 610; x_wconf 84' lang='grc' dir='ltr'>Προνοούμενοι</span> <span class='ocrx_word' id='word_1_245' title='bbox 2861 535 3023 595; x_wconf 72' lang='grc' dir='ltr'>καλά.</span> <span class='ocrx_word' id='word_1_246' title='bbox 3106 559 3134 588; x_wconf 81' lang='grc' dir='ltr'>ι(</span> <span class='ocrx_word' id='word_1_247' title='bbox 3205 537 3352 610; x_wconf 83' lang='grc' dir='ltr'>Ὅρα</span> 
     </span>
    </p>
   </div>
   <div class='ocr_carea' id='block_1_34' title="bbox 3728 399 3859 461">
    <p class='ocr_par' dir='ltr' id='par_1_34' title="bbox 3728 399 3859 461">
     <span class='ocr_line' id='line_1_34' title="bbox 3728 399 3859 461; baseline 0.008 -1"><span class='ocrx_word' id='word_1_248' title='bbox 3728 399 3859 461; x_wconf 70' lang='lat'><strong>1020</strong></span> 
     </span>
    </p>
   </div>
   <div class='ocr_carea' id='block_1_35' title="bbox 3470 525 3868 606">
    <p class='ocr_par' dir='ltr' id='par_1_35' title="bbox 3470 525 3868 606">
     <span class='ocr_line' id='line_1_35' title="bbox 3470 525 3868 606; baseline 0.005 -20"><span class='ocrx_word' id='word_1_249' title='bbox 3470 525 3868 606; x_wconf 69' lang='grc' dir='ltr'>σύγκατάϐιισιν.</span> 
     </span>
    </p>
   </div>
   <div class='ocr_carea' id='block_1_36' title="bbox 2218 623 3871 700">
    <p class='ocr_par' dir='ltr' id='par_1_36' title="bbox 2218 623 3871 700">
     <span class='ocr_line' id='line_1_36' title="bbox 2218 623 3871 700; baseline -0.001 -21"><span class='ocrx_word' id='word_1_250' title='bbox 2218 624 2327 681; x_wconf 86' lang='grc' dir='ltr'><strong>Ούκ</strong></span> <span class='ocrx_word' id='word_1_251' title='bbox 2356 625 2494 695; x_wconf 80' lang='grc' dir='ltr'>εἶπε,</span> <span class='ocrx_word' id='word_1_252' title='bbox 2524 631 2621 681; x_wconf 80' lang='grc' dir='ltr'><strong>τοῦ</strong></span> <span class='ocrx_word' id='word_1_253' title='bbox 2652 623 2960 688; x_wconf 83' lang='grc' dir='ltr'><strong>συνειδότος</strong></span> <span class='ocrx_word' id='word_1_254' title='bbox 2995 647 3103 700; x_wconf 84' lang='grc' dir='ltr'>μου</span> <span class='ocrx_word' id='word_1_255' title='bbox 3135 625 3285 688; x_wconf 81' lang='grc' dir='ltr'><strong>ὄντος</strong></span> <span class='ocrx_word' id='word_1_256' title='bbox 3337 623 3543 699; x_wconf 82' lang='grc' dir='ltr'>ὀρθοῦ,</span> <span class='ocrx_word' id='word_1_257' title='bbox 3609 623 3871 696; x_wconf 72' lang='grc' dir='ltr'>οἱμωζὲτω</span> 
     </span>
    </p>
   </div>
   <div class='ocr_carea' id='block_1_37' title="bbox 2219 713 3870 788">
    <p class='ocr_par' dir='ltr' id='par_1_37' title="bbox 2219 713 3870 788">
     <span class='ocr_line' id='line_1_37' title="bbox 2219 713 3870 788; baseline -0.005 -18"><span class='ocrx_word' id='word_1_258' title='bbox 2219 716 2246 770; x_wconf 87' lang='grc' dir='ltr'>ὁ</span> <span class='ocrx_word' id='word_1_259' title='bbox 2279 715 2524 770; x_wconf 81' lang='grc' dir='ltr'><strong>ὑπονοῶν</strong></span> <span class='ocrx_word' id='word_1_260' title='bbox 2555 737 2606 771; x_wconf 91' lang='grc' dir='ltr'><strong>τι</strong></span> <span class='ocrx_word' id='word_1_261' title='bbox 2639 715 2852 783; x_wconf 73' lang='grc' dir='ltr'>ξ’κακόν.</span> <span class='ocrx_word' id='word_1_262' title='bbox 2910 714 3089 774; x_wconf 81' lang='grc' dir='ltr'><strong>Ἀλλᾶ</strong></span> <span class='ocrx_word' id='word_1_263' title='bbox 3144 715 3235 783; x_wconf 71' lang='grc' dir='ltr'><strong>τίς</strong></span> <span class='ocrx_word' id='word_1_264' title='bbox 3291 715 3402 770; x_wconf 75' lang='grc' dir='ltr'>Διὰ</span> <span class='ocrx_word' id='word_1_265' title='bbox 3461 716 3655 778; x_wconf 71' lang='grc' dir='ltr'>τοῦτο,</span> <span class='ocrx_word' id='word_1_266' title='bbox 3711 713 3870 788; x_wconf 63' lang='grc' dir='ltr'>φησὶν,</span> 
     </span>
    </p>
   </div>
   <div class='ocr_carea' id='block_1_38' title="bbox 2220 799 3871 879">
    <p class='ocr_par' dir='ltr' id='par_1_38' title="bbox 2220 799 3871 879">
     <span class='ocr_line' id='line_1_38' title="bbox 2220 799 3871 879; baseline -0.004 -19"><span class='ocrx_word' id='word_1_267' title='bbox 2220 803 2297 867; x_wconf 79' lang='grc' dir='ltr'>εἷς</span> <span class='ocrx_word' id='word_1_268' title='bbox 2325 805 2422 873; x_wconf 76' lang='grc' dir='ltr'>τὴν</span> <span class='ocrx_word' id='word_1_269' title='bbox 2455 803 2749 873; x_wconf 74' lang='grc' dir='ltr'>ἀσφάλειαν</span> <span class='ocrx_word' id='word_1_270' title='bbox 2797 805 2887 860; x_wconf 78' lang='grc' dir='ltr'><strong>καὶ</strong></span> <span class='ocrx_word' id='word_1_271' title='bbox 2943 807 3046 874; x_wconf 79' lang='grc' dir='ltr'>τὴν</span> <span class='ocrx_word' id='word_1_272' title='bbox 3107 799 3403 879; x_wconf 73' lang='grc' dir='ltr'>ἀκρίϐειαν</span> <span class='ocrx_word' id='word_1_273' title='bbox 3455 801 3665 871; x_wconf 78' lang='grc' dir='ltr'>ταύτην</span> <span class='ocrx_word' id='word_1_274' title='bbox 3705 800 3871 872; x_wconf 75' lang='grc' dir='ltr'>ἦλθον,</span> 
     </span>
    </p>
   </div>
   <div class='ocr_carea' id='block_1_39' title="bbox 2219 888 3873 967">
    <p class='ocr_par' dir='ltr' id='par_1_39' title="bbox 2219 888 3873 967">
     <span class='ocr_line' id='line_1_39' title="bbox 2219 888 3873 967; baseline -0.003 -19"><span class='ocrx_word' id='word_1_275' title='bbox 2219 892 2408 962; x_wconf 80' lang='grc' dir='ltr'>ἐπειδή</span> <span class='ocrx_word' id='word_1_276' title='bbox 2441 899 2786 967; x_wconf 72' lang='grc' dir='ltr'>προνοοῦμεν</span> <span class='ocrx_word' id='word_1_277' title='bbox 2853 892 3024 964; x_wconf 74' lang='grc' dir='ltr'>καλὰ,</span> <span class='ocrx_word' id='word_1_278' title='bbox 3083 895 3362 958; x_wconf 78' lang='grc' dir='ltr'><strong>τουτέστι,</strong></span> <span class='ocrx_word' id='word_1_279' title='bbox 3429 888 3631 949; x_wconf 81' lang='grc' dir='ltr'>καλῶς</span> <span class='ocrx_word' id='word_1_280' title='bbox 3689 889 3873 944; x_wconf 81' lang='grc' dir='ltr'>ἀκούειν</span> 
     </span>
    </p>
   </div>
   <div class='ocr_carea' id='block_1_40' title="bbox 2223 977 3874 1059">
    <p class='ocr_par' dir='ltr' id='par_1_40' title="bbox 2223 977 3874 1059">
     <span class='ocr_line' id='line_1_40' title="bbox 2223 977 3874 1059; baseline -0.004 -20"><span class='ocrx_word' id='word_1_281' title='bbox 2223 983 2283 1039; x_wconf 79' lang='grc' dir='ltr'><strong>ού</strong></span> <span class='ocrx_word' id='word_1_282' title='bbox 2343 984 2502 1057; x_wconf 82' lang='grc' dir='ltr'>μόνον</span> <span class='ocrx_word' id='word_1_283' title='bbox 2559 977 2868 1059; x_wconf 73' lang='grc' dir='ltr'>ἔμπροσθεν</span> <span class='ocrx_word' id='word_1_284' title='bbox 2932 988 3090 1052; x_wconf 78' lang='grc' dir='ltr'>Θεοῦ,</span> <span class='ocrx_word' id='word_1_285' title='bbox 3159 981 3305 1039; x_wconf 86' lang='grc' dir='ltr'><strong>ἀλλά</strong></span> <span class='ocrx_word' id='word_1_286' title='bbox 3392 981 3493 1036; x_wconf 80' lang='grc' dir='ltr'>καὶ</span> <span class='ocrx_word' id='word_1_287' title='bbox 3579 979 3874 1054; x_wconf 79' lang='grc' dir='ltr'>ἀνθρώπων.</span> 
     </span>
    </p>
   </div>
   <div class='ocr_carea' id='block_1_41' title="bbox 2221 1068 3874 1150">
    <p class='ocr_par' dir='ltr' id='par_1_41' title="bbox 2221 1068 3874 1150">
     <span class='ocr_line' id='line_1_41' title="bbox 2221 1068 3874 1150; baseline -0.005 -21"><span class='ocrx_word' id='word_1_288' title='bbox 2221 1076 2369 1142; x_wconf 75' lang='grc' dir='ltr'><strong>’Ὀσῳ</strong></span> <span class='ocrx_word' id='word_1_289' title='bbox 2426 1074 2527 1148; x_wconf 72' lang='grc' dir='ltr'><strong>γὰρ</strong></span> <span class='ocrx_word' id='word_1_290' title='bbox 2605 1094 2751 1136; x_wconf 92' lang='grc' dir='ltr'>τινες</span> <span class='ocrx_word' id='word_1_291' title='bbox 2834 1073 3208 1150; x_wconf 73' lang='grc' dir='ltr'>ἀσθενέστερον</span> <span class='ocrx_word' id='word_1_292' title='bbox 3293 1069 3635 1139; x_wconf 70' lang='grc' dir='ltr'>διᾶκεινται,</span> <span class='ocrx_word' id='word_1_293' title='bbox 3721 1068 3874 1145; x_wconf 68' lang='grc' dir='ltr'>φησὶν,</span> 
     </span>
    </p>
   </div>
   <div class='ocr_carea' id='block_1_42' title="bbox 2223 1157 3107 1240">
    <p class='ocr_par' dir='ltr' id='par_1_42' title="bbox 2223 1157 3107 1240">
     <span class='ocr_line' id='line_1_42' title="bbox 2223 1157 3107 1240; baseline 0 -22"><span class='ocrx_word' id='word_1_294' title='bbox 2223 1164 2432 1237; x_wconf 78' lang='grc' dir='ltr'>ἀνάγκη</span> <span class='ocrx_word' id='word_1_295' title='bbox 2461 1157 2903 1240; x_wconf 77' lang='grc' dir='ltr'>συγκαταϐαίνειν</span> <span class='ocrx_word' id='word_1_296' title='bbox 2936 1164 3107 1237; x_wconf 74' lang='grc' dir='ltr'>ἡμᾶς.</span> 
     </span>
    </p>
   </div>
   <div class='ocr_carea' id='block_1_43' title="bbox 2298 1337 3876 1418">
    <p class='ocr_par' dir='ltr' id='par_1_43' title="bbox 2298 1337 3876 1418">
     <span class='ocr_line' id='line_1_43' title="bbox 2298 1337 3876 1418; baseline -0.005 -18"><span class='ocrx_word' id='word_1_297' title='bbox 2298 1347 2723 1418; x_wconf 76' lang='grc' dir='ltr'>Συνεπέμψαμεν</span> <span class='ocrx_word' id='word_1_298' title='bbox 2795 1341 2853 1398; x_wconf 80' lang='grc' dir='ltr'>δὲ</span> <span class='ocrx_word' id='word_1_299' title='bbox 2937 1343 3121 1404; x_wconf 80' lang='grc' dir='ltr'>αὐτοῖς</span> <span class='ocrx_word' id='word_1_300' title='bbox 3201 1343 3294 1398; x_wconf 82' lang='grc' dir='ltr'>τὸν</span> <span class='ocrx_word' id='word_1_301' title='bbox 3383 1337 3642 1418; x_wconf 75' lang='grc' dir='ltr'>ἀδελφὸν</span> <span class='ocrx_word' id='word_1_302' title='bbox 3717 1339 3876 1412; x_wconf 69' lang='grc' dir='ltr'>ἡμῶν,</span> 
     </span>
    </p>
   </div>
   <div class='ocr_carea' id='block_1_44' title="bbox 2225 1426 3878 1508">
    <p class='ocr_par' dir='ltr' id='par_1_44' title="bbox 2225 1426 3878 1508">
     <span class='ocr_line' id='line_1_44' title="bbox 2225 1426 3878 1508; baseline -0.007 -17"><span class='ocrx_word' id='word_1_303' title='bbox 2225 1436 2281 1491; x_wconf 82' lang='grc' dir='ltr'>ὃν</span> <span class='ocrx_word' id='word_1_304' title='bbox 2344 1433 2744 1508; x_wconf 72' lang='grc' dir='ltr'><strong>ἐδοκιμάσαμεν</strong></span> <span class='ocrx_word' id='word_1_305' title='bbox 2803 1434 2856 1488; x_wconf 77' lang='grc' dir='ltr'>ἐν</span> <span class='ocrx_word' id='word_1_306' title='bbox 2913 1433 3147 1495; x_wconf 76' lang='grc' dir='ltr'>πολλοῖς</span> <span class='ocrx_word' id='word_1_307' title='bbox 3226 1430 3520 1492; x_wconf 82' lang='grc' dir='ltr'>πολλάκις</span> <span class='ocrx_word' id='word_1_308' title='bbox 3612 1426 3878 1483; x_wconf 82' lang='grc' dir='ltr'>σπουδαῖον</span> 
     </span>
    </p>
   </div>
   <div class='ocr_carea' id='block_1_45' title="bbox 2227 1518 3873 1595">
    <p class='ocr_par' dir='ltr' id='par_1_45' title="bbox 2227 1518 3873 1595">
     <span class='ocr_line' id='line_1_45' title="bbox 2227 1518 3873 1595; baseline -0.005 -16"><span class='ocrx_word' id='word_1_309' title='bbox 2227 1521 2374 1588; x_wconf 80' lang='grc' dir='ltr'>ὅντα,</span> <span class='ocrx_word' id='word_1_310' title='bbox 2480 1524 2596 1578; x_wconf 78' lang='grc' dir='ltr'>νυνὶ</span> <span class='ocrx_word' id='word_1_311' title='bbox 2674 1521 2730 1578; x_wconf 78' lang='grc' dir='ltr'>δὲ</span> <span class='ocrx_word' id='word_1_312' title='bbox 2804 1521 2948 1578; x_wconf 83' lang='grc' dir='ltr'>πολὺ</span> <span class='ocrx_word' id='word_1_313' title='bbox 3026 1519 3462 1595; x_wconf 74' lang='grc' dir='ltr'>σπουδαιότερον</span> <span class='ocrx_word' id='word_1_314' title='bbox 3578 1518 3873 1585; x_wconf 68' lang='grc' dir='ltr'><strong>πεποιθήσει</strong></span> 
     </span>
    </p>
   </div>
   <div class='ocr_carea' id='block_1_46' title="bbox 2225 1607 3876 1688">
    <p class='ocr_par' dir='ltr' id='par_1_46' title="bbox 2225 1607 3876 1688">
     <span class='ocr_line' id='line_1_46' title="bbox 2225 1607 3876 1688; baseline -0.005 -21"><span class='ocrx_word' id='word_1_315' title='bbox 2225 1610 2416 1687; x_wconf 79' lang='grc' dir='ltr'>πολλῇ</span> <span class='ocrx_word' id='word_1_316' title='bbox 2473 1617 2542 1688; x_wconf 80' lang='grc' dir='ltr'><strong>τῇ</strong></span> <span class='ocrx_word' id='word_1_317' title='bbox 2603 1613 2680 1674; x_wconf 80' lang='grc' dir='ltr'>εἱς</span> <span class='ocrx_word' id='word_1_318' title='bbox 2740 1611 2902 1684; x_wconf 77' lang='grc' dir='ltr'>ὑμᾶς.</span> <span class='ocrx_word' id='word_1_319' title='bbox 2957 1608 3087 1667; x_wconf 65' lang='grc' dir='ltr'>Ε⁹ίτε</span> <span class='ocrx_word' id='word_1_320' title='bbox 3142 1611 3274 1685; x_wconf 70' lang='grc' dir='ltr'>ὑπὲρ</span> <span class='ocrx_word' id='word_1_321' title='bbox 3356 1608 3566 1675; x_wconf 86' lang='grc' dir='ltr'>Τίτου,</span> <span class='ocrx_word' id='word_1_322' title='bbox 3645 1607 3876 1665; x_wconf 83' lang='grc' dir='ltr'>κοινωνὸς</span> 
     </span>
    </p>
   </div>
   <div class='ocr_carea' id='block_1_47' title="bbox 2229 1694 3874 1774">
    <p class='ocr_par' dir='ltr' id='par_1_47' title="bbox 2229 1694 3874 1774">
     <span class='ocr_line' id='line_1_47' title="bbox 2229 1694 3874 1774; baseline -0.005 -20"><span class='ocrx_word' id='word_1_323' title='bbox 2229 1699 2358 1772; x_wconf 76' lang='grc' dir='ltr'>ἐμὸς</span> <span class='ocrx_word' id='word_1_324' title='bbox 2397 1701 2485 1754; x_wconf 89' lang='grc' dir='ltr'><strong>καὶ</strong></span> <span class='ocrx_word' id='word_1_325' title='bbox 2546 1700 2622 1764; x_wconf 82' lang='grc' dir='ltr'><strong>εἰς</strong></span> <span class='ocrx_word' id='word_1_326' title='bbox 2688 1701 2828 1772; x_wconf 79' lang='grc' dir='ltr'>ὑμᾶς</span> <span class='ocrx_word' id='word_1_327' title='bbox 2888 1697 3160 1774; x_wconf 85' lang='grc' dir='ltr'>συνεργός.</span> <span class='ocrx_word' id='word_1_328' title='bbox 3221 1697 3350 1754; x_wconf 67' lang='grc' dir='ltr'>Ε’ίτε</span> <span class='ocrx_word' id='word_1_329' title='bbox 3415 1694 3660 1770; x_wconf 77' lang='grc' dir='ltr'>ἀδελφοὶ</span> <span class='ocrx_word' id='word_1_330' title='bbox 3725 1694 3874 1765; x_wconf 81' lang='grc' dir='ltr'>ὑμῶν,</span> 
     </span>
    </p>
   </div>
   <div class='ocr_carea' id='block_1_48' title="bbox 2228 1781 3876 1863">
    <p class='ocr_par' dir='ltr' id='par_1_48' title="bbox 2228 1781 3876 1863">
     <span class='ocr_line' id='line_1_48' title="bbox 2228 1781 3876 1863; baseline -0.006 -19"><span class='ocrx_word' id='word_1_331' title='bbox 2228 1787 2531 1844; x_wconf 77' lang='grc' dir='ltr'>ἀπόστολοι</span> <span class='ocrx_word' id='word_1_332' title='bbox 2620 1788 2982 1860; x_wconf 80' lang='grc' dir='ltr'>Ἐκκλησιῶν,</span> <span class='ocrx_word' id='word_1_333' title='bbox 3071 1787 3198 1858; x_wconf 74' lang='grc' dir='ltr'>δόξα</span> <span class='ocrx_word' id='word_1_334' title='bbox 3275 1789 3553 1863; x_wconf 78' lang='grc' dir='ltr'>Χριστοῦ.</span> <span class='ocrx_word' id='word_1_335' title='bbox 3642 1786 3754 1852; x_wconf 73' lang='grc' dir='ltr'><strong>Τὴν</strong></span> <span class='ocrx_word' id='word_1_336' title='bbox 3803 1781 3876 1835; x_wconf 74' lang='grc' dir='ltr'>οὖν</span> 
     </span>
    </p>
   </div>
   <div class='ocr_carea' id='block_1_49' title="bbox 2225 1873 3876 1954">
    <p class='ocr_par' dir='ltr' id='par_1_49' title="bbox 2225 1873 3876 1954">
     <span class='ocr_line' id='line_1_49' title="bbox 2225 1873 3876 1954; baseline -0.004 -21"><span class='ocrx_word' id='word_1_337' title='bbox 2225 1873 2444 1952; x_wconf 76' lang='grc' dir='ltr'>ἔνδειξιν</span> <span class='ocrx_word' id='word_1_338' title='bbox 2503 1886 2602 1948; x_wconf 82' lang='grc' dir='ltr'>τῆς</span> <span class='ocrx_word' id='word_1_339' title='bbox 2656 1877 2872 1954; x_wconf 77' lang='grc' dir='ltr'>ἀγάπης</span> <span class='ocrx_word' id='word_1_340' title='bbox 2932 1878 3104 1951; x_wconf 81' lang='grc' dir='ltr'>ὐμῶν,</span> <span class='ocrx_word' id='word_1_341' title='bbox 3164 1877 3254 1932; x_wconf 85' lang='grc' dir='ltr'><strong>καὶ</strong></span> <span class='ocrx_word' id='word_1_342' title='bbox 3307 1878 3483 1950; x_wconf 77' lang='grc' dir='ltr'>ἡμῶν</span> <span class='ocrx_word' id='word_1_343' title='bbox 3575 1874 3876 1949; x_wconf 68' lang='grc' dir='ltr'>καυχήσεως</span> 
     </span>
    </p>
   </div>
   <div class='ocr_carea' id='block_1_50' title="bbox 2230 1964 3875 2044">
    <p class='ocr_par' dir='ltr' id='par_1_50' title="bbox 2230 1964 3875 2044">
     <span class='ocr_line' id='line_1_50' title="bbox 2230 1964 3875 2044; baseline -0.007 -20"><span class='ocrx_word' id='word_1_344' title='bbox 2230 1970 2361 2044; x_wconf 77' lang='grc' dir='ltr'>ὑπὲρ</span> <span class='ocrx_word' id='word_1_345' title='bbox 2395 1969 2566 2042; x_wconf 79' lang='grc' dir='ltr'>ὑμῶν,</span> <span class='ocrx_word' id='word_1_346' title='bbox 2595 1967 2670 2030; x_wconf 82' lang='grc' dir='ltr'>εἷς</span> <span class='ocrx_word' id='word_1_347' title='bbox 2719 1967 2916 2030; x_wconf 79' lang='grc' dir='ltr'>αὐτοὺς</span> <span class='ocrx_word' id='word_1_348' title='bbox 2966 1965 3262 2037; x_wconf 78' lang='grc' dir='ltr'>ἐνδείξασθε</span> <span class='ocrx_word' id='word_1_349' title='bbox 3307 1968 3400 2021; x_wconf 83' lang='grc' dir='ltr'><strong>καὶ</strong></span> <span class='ocrx_word' id='word_1_350' title='bbox 3458 1965 3544 2027; x_wconf 77' lang='grc' dir='ltr'>εἷς</span> <span class='ocrx_word' id='word_1_351' title='bbox 3603 1964 3875 2037; x_wconf 74' lang='grc' dir='ltr'>πρόσωπον</span> 
     </span>
    </p>
   </div>
   <div class='ocr_carea' id='block_1_51' title="bbox 2225 2056 2734 2127">
    <p class='ocr_par' dir='ltr' id='par_1_51' title="bbox 2225 2056 2734 2127">
     <span class='ocr_line' id='line_1_51' title="bbox 2225 2056 2734 2127; baseline -0.004 -13"><span class='ocrx_word' id='word_1_352' title='bbox 2225 2063 2333 2114; x_wconf 81' lang='grc' dir='ltr'><strong>τῶν</strong></span> <span class='ocrx_word' id='word_1_353' title='bbox 2369 2056 2734 2127; x_wconf 81' lang='grc' dir='ltr'>Ἐκκλησιῶν.</span> 
     </span>
    </p>
   </div>
   <div class='ocr_carea' id='block_1_52' title="bbox 2301 2139 3877 2222">
    <p class='ocr_par' dir='ltr' id='par_1_52' title="bbox 2301 2139 3877 2222">
     <span class='ocr_line' id='line_1_52' title="bbox 2301 2139 3877 2222; baseline -0.006 -17"><span class='ocrx_word' id='word_1_354' title='bbox 2301 2145 2441 2206; x_wconf 80' lang='grc' dir='ltr'>Ἰδοὺ</span> <span class='ocrx_word' id='word_1_355' title='bbox 2492 2148 2581 2202; x_wconf 84' lang='grc' dir='ltr'><strong>καὶ</strong></span> <span class='ocrx_word' id='word_1_356' title='bbox 2639 2143 2822 2222; x_wconf 74' lang='grc' dir='ltr'>ἓτερον</span> <span class='ocrx_word' id='word_1_357' title='bbox 2879 2145 3204 2221; x_wconf 74' lang='grc' dir='ltr'>προσέθηκε,</span> <span class='ocrx_word' id='word_1_358' title='bbox 3249 2145 3337 2201; x_wconf 83' lang='grc' dir='ltr'><strong>καὶ</strong></span> <span class='ocrx_word' id='word_1_359' title='bbox 3386 2149 3602 2200; x_wconf 73' lang='grc' dir='ltr'>τοῦτον</span> <span class='ocrx_word' id='word_1_360' title='bbox 3656 2143 3768 2216; x_wconf 83' lang='grc' dir='ltr'>μετ’</span> 
     </span>
    </p>
   </div>
   <div class='ocr_carea' id='block_1_53' title="bbox 2227 2229 3876 2311">
    <p class='ocr_par' dir='ltr' id='par_1_53' title="bbox 2227 2229 3876 2311">
     <span class='ocr_line' id='line_1_53' title="bbox 2227 2229 3876 2311; baseline -0.005 -19"><span class='ocrx_word' id='word_1_361' title='bbox 2227 2237 2462 2311; x_wconf 87' lang='grc' dir='ltr'>κωμίου.</span> <span class='ocrx_word' id='word_1_362' title='bbox 2526 2261 2553 2287; x_wconf 84' lang='grc'><strong>‹‹</strong></span> <span class='ocrx_word' id='word_1_363' title='bbox 2613 2238 2712 2293; x_wconf 85' lang='lat' dir='ltr'><strong>&quot;Ov</strong></span> <span class='ocrx_word' id='word_1_364' title='bbox 2773 2233 3192 2308; x_wconf 77' lang='grc' dir='ltr'>ἐδοκιμάσαμεν.</span> <span class='ocrx_word' id='word_1_365' title='bbox 3258 2259 3284 2286; x_wconf 76' lang='grc'><strong>››</strong></span> <span class='ocrx_word' id='word_1_366' title='bbox 3344 2236 3612 2307; x_wconf 79' lang='grc' dir='ltr'>Ἐπαίρει</span> <span class='ocrx_word' id='word_1_367' title='bbox 3680 2229 3737 2285; x_wconf 83' lang='grc' dir='ltr'>ἐκ</span> <span class='ocrx_word' id='word_1_368' title='bbox 3795 2236 3876 2298; x_wconf 75' lang='grc' dir='ltr'>τῆς</span> 
     </span>
    </p>
   </div>
   <div class='ocr_carea' id='block_1_54' title="bbox 2229 2317 3877 2398">
    <p class='ocr_par' dir='ltr' id='par_1_54' title="bbox 2229 2317 3877 2398">
     <span class='ocr_line' id='line_1_54' title="bbox 2229 2317 3877 2398; baseline -0.005 -18"><span class='ocrx_word' id='word_1_369' title='bbox 2229 2327 2396 2381; x_wconf 74' lang='grc' dir='ltr'>αὐτοῦ</span> <span class='ocrx_word' id='word_1_370' title='bbox 2427 2323 2747 2398; x_wconf 70' lang='grc' dir='ltr'>δοκιμασίας</span> <span class='ocrx_word' id='word_1_371' title='bbox 2811 2324 2902 2378; x_wconf 87' lang='grc' dir='ltr'><strong>τὸν</strong></span> <span class='ocrx_word' id='word_1_372' title='bbox 2964 2320 3151 2398; x_wconf 71' lang='grc' dir='ltr'>ἄνδρα.</span> <span class='ocrx_word' id='word_1_373' title='bbox 3213 2323 3506 2382; x_wconf 86' lang='grc' dir='ltr'>Ἐπίτασις</span> <span class='ocrx_word' id='word_1_374' title='bbox 3563 2317 3624 2374; x_wconf 70' lang='grc' dir='ltr'>δὲ</span> <span class='ocrx_word' id='word_1_375' title='bbox 3679 2318 3877 2373; x_wconf 77' lang='grc' dir='ltr'>ἐπαίνου</span> 
     </span>
    </p>
   </div>
   <div class='ocr_carea' id='block_1_55' title="bbox 2620 1788 2982 1860">
    <p class='ocr_par' dir='ltr' id='par_1_55' title="bbox 2620 1788 2982 1860">
     <span class='ocr_line' id='line_1_55' title="bbox 2620 1788 2982 1860; baseline -0.003 -17"><span class='ocrx_word' id='word_1_376' title='bbox 2620 1788 2982 1860; x_wconf 80' lang='grc' dir='ltr'>Ἐκκλησιῶν,</span> 
     </span>
    </p>
   </div>
   <div class='ocr_carea' id='block_1_56' title="bbox 2227 2407 3869 2487">
    <p class='ocr_par' dir='ltr' id='par_1_56' title="bbox 2227 2407 3869 2487">
     <span class='ocr_line' id='line_1_56' title="bbox 2227 2407 3869 2487; baseline -0.004 -17"><span class='ocrx_word' id='word_1_377' title='bbox 2227 2415 2311 2487; x_wconf 83' lang='grc' dir='ltr'>τὸ,</span> <span class='ocrx_word' id='word_1_378' title='bbox 2353 2440 2380 2468; x_wconf 83' lang='grc' dir='ltr'>ι(</span> <span class='ocrx_word' id='word_1_379' title='bbox 2415 2416 2503 2471; x_wconf 89' lang='grc' dir='ltr'>Ἐν</span> <span class='ocrx_word' id='word_1_380' title='bbox 2533 2414 2766 2476; x_wconf 72' lang='grc' dir='ltr'>πολλοῖς</span> <span class='ocrx_word' id='word_1_381' title='bbox 2799 2415 2888 2470; x_wconf 87' lang='grc' dir='ltr'>καὶ</span> <span class='ocrx_word' id='word_1_382' title='bbox 2915 2413 3211 2475; x_wconf 86' lang='grc' dir='ltr'>πολλάκις,</span> <span class='ocrx_word' id='word_1_383' title='bbox 3247 2436 3274 2463; x_wconf 83' lang='grc'><strong>››</strong></span> <span class='ocrx_word' id='word_1_384' title='bbox 3308 2413 3658 2482; x_wconf 73' lang='grc' dir='ltr'>[Ιεποιθησει</span> <span class='ocrx_word' id='word_1_385' title='bbox 3687 2407 3869 2481; x_wconf 77' lang='grc' dir='ltr'>πολλῇ.</span> 
     </span>
    </p>
   </div>
   <div class='ocr_carea' id='block_1_57' title="bbox 2230 2500 3870 2581">
    <p class='ocr_par' dir='ltr' id='par_1_57' title="bbox 2230 2500 3870 2581">
     <span class='ocr_line' id='line_1_57' title="bbox 2230 2500 3870 2581; baseline -0.007 -18"><span class='ocrx_word' id='word_1_386' title='bbox 2230 2502 2479 2575; x_wconf 82' lang='grc' dir='ltr'>Ἐπειδὴ,</span> <span class='ocrx_word' id='word_1_387' title='bbox 2536 2507 2691 2581; x_wconf 80' lang='grc' dir='ltr'>φησί,</span> <span class='ocrx_word' id='word_1_388' title='bbox 2743 2504 2925 2580; x_wconf 75' lang='grc' dir='ltr'>Οαῤῥεί</span> <span class='ocrx_word' id='word_1_389' title='bbox 2972 2505 3045 2566; x_wconf 84' lang='grc' dir='ltr'><strong>ὡς</strong></span> <span class='ocrx_word' id='word_1_390' title='bbox 3096 2504 3195 2559; x_wconf 80' lang='grc' dir='ltr'>οὐκ</span> <span class='ocrx_word' id='word_1_391' title='bbox 3241 2502 3604 2572; x_wconf 71' lang='grc' dir='ltr'>ἀποτεύξεται</span> <span class='ocrx_word' id='word_1_392' title='bbox 3663 2500 3870 2572; x_wconf 64' lang='grc' dir='ltr'>ἐρχόμε-</span> 
     </span>
    </p>
   </div>
   <div class='ocr_carea' id='block_1_58' title="bbox 2229 2588 3870 2668">
    <p class='ocr_par' dir='ltr' id='par_1_58' title="bbox 2229 2588 3870 2668">
     <span class='ocr_line' id='line_1_58' title="bbox 2229 2588 3870 2668; baseline -0.004 -19"><span class='ocrx_word' id='word_1_393' title='bbox 2229 2615 2316 2656; x_wconf 91' lang='grc' dir='ltr'><strong>νος</strong></span> <span class='ocrx_word' id='word_1_394' title='bbox 2356 2595 2491 2668; x_wconf 88' lang='grc' dir='ltr'>πρὸς</span> <span class='ocrx_word' id='word_1_395' title='bbox 2555 2595 2714 2668; x_wconf 83' lang='grc' dir='ltr'>ὑμᾶς,</span> <span class='ocrx_word' id='word_1_396' title='bbox 2792 2590 3214 2667; x_wconf 82' lang='grc' dir='ltr'>σπουδαιότερος</span> <span class='ocrx_word' id='word_1_397' title='bbox 3291 2592 3352 2648; x_wconf 76' lang='grc' dir='ltr'><strong>οὗ</strong></span> <span class='ocrx_word' id='word_1_398' title='bbox 3431 2595 3502 2661; x_wconf 71' lang='grc' dir='ltr'><strong>ἦν</strong></span> <span class='ocrx_word' id='word_1_399' title='bbox 3586 2588 3870 2666; x_wconf 64' lang='grc' dir='ltr'>γεγένηται.</span> 
     </span>
    </p>
   </div>
   <div class='ocr_carea' id='block_1_59' title="bbox 2236 2677 3870 2758">
    <p class='ocr_par' dir='ltr' id='par_1_59' title="bbox 2236 2677 3870 2758">
     <span class='ocr_line' id='line_1_59' title="bbox 2236 2677 3870 2758; baseline -0.007 -19"><span class='ocrx_word' id='word_1_400' title='bbox 2236 2707 2262 2739; x_wconf 74' lang='grc' dir='ltr'>ι</span> <span class='ocrx_word' id='word_1_401' title='bbox 2296 2685 2424 2741; x_wconf 83' lang='grc' dir='ltr'>Ε’ἰτε</span> <span class='ocrx_word' id='word_1_402' title='bbox 2457 2683 2586 2758; x_wconf 70' lang='grc' dir='ltr'>ὑπὲρ</span> <span class='ocrx_word' id='word_1_403' title='bbox 2649 2683 2839 2739; x_wconf 88' lang='grc' dir='ltr'>Τίτου.</span> <span class='ocrx_word' id='word_1_404' title='bbox 2879 2704 2902 2734; x_wconf 71' lang='grc' dir='ltr'><strong>υ</strong></span> <span class='ocrx_word' id='word_1_405' title='bbox 2966 2680 3188 2752; x_wconf 81' lang='grc' dir='ltr'>Ἐπειδή</span> <span class='ocrx_word' id='word_1_406' title='bbox 3235 2678 3518 2754; x_wconf 76' lang='grc' dir='ltr'>ἀπέδειξεν</span> <span class='ocrx_word' id='word_1_407' title='bbox 3571 2680 3745 2734; x_wconf 80' lang='grc' dir='ltr'>αὑτῶν</span> <span class='ocrx_word' id='word_1_408' title='bbox 3787 2677 3870 2744; x_wconf 75' lang='grc' dir='ltr'>τὴν</span> 
     </span>
    </p>
   </div>
   <div class='ocr_carea' id='block_1_60' title="bbox 2234 2764 3869 2846">
    <p class='ocr_par' dir='ltr' id='par_1_60' title="bbox 2234 2764 3869 2846">
     <span class='ocr_line' id='line_1_60' title="bbox 2234 2764 3869 2846; baseline -0.007 -18"><span class='ocrx_word' id='word_1_409' title='bbox 2234 2774 2451 2846; x_wconf 74' lang='grc' dir='ltr'>ἀρετὴν,</span> <span class='ocrx_word' id='word_1_410' title='bbox 2484 2769 2794 2843; x_wconf 86' lang='grc' dir='ltr'>παρακαλεῖ</span> <span class='ocrx_word' id='word_1_411' title='bbox 2841 2771 3034 2827; x_wconf 81' lang='grc' dir='ltr'>λοιπὸν</span> <span class='ocrx_word' id='word_1_412' title='bbox 3092 2768 3160 2826; x_wconf 85' lang='grc' dir='ltr'>δι’</span> <span class='ocrx_word' id='word_1_413' title='bbox 3215 2769 3438 2840; x_wconf 74' lang='grc' dir='ltr'>αὐτοὺς,</span> <span class='ocrx_word' id='word_1_414' title='bbox 3503 2769 3598 2824; x_wconf 81' lang='grc' dir='ltr'><strong>καὶ</strong></span> <span class='ocrx_word' id='word_1_415' title='bbox 3654 2765 3704 2821; x_wconf 80' lang='grc' dir='ltr'>ἐν</span> <span class='ocrx_word' id='word_1_416' title='bbox 3755 2764 3869 2836; x_wconf 74' lang='grc' dir='ltr'>αὖτῇ</span> 
     </span>
    </p>
   </div>
   <div class='ocr_carea' id='block_1_61' title="bbox 2233 2851 3867 2938">
    <p class='ocr_par' dir='ltr' id='par_1_61' title="bbox 2233 2851 3867 2938">
     <span class='ocr_line' id='line_1_61' title="bbox 2233 2851 3867 2938; baseline -0.007 -20"><span class='ocrx_word' id='word_1_417' title='bbox 2233 2866 2302 2935; x_wconf 79' lang='grc' dir='ltr'>τῇ</span> <span class='ocrx_word' id='word_1_418' title='bbox 2328 2860 2671 2938; x_wconf 71' lang='grc' dir='ltr'>παρακλήσει</span> <span class='ocrx_word' id='word_1_419' title='bbox 2716 2859 3050 2938; x_wconf 81' lang='grc' dir='ltr'>ἐγκωμιάζει</span> <span class='ocrx_word' id='word_1_420' title='bbox 3107 2860 3328 2929; x_wconf 73' lang='grc' dir='ltr'>αὐτοὺς,</span> <span class='ocrx_word' id='word_1_421' title='bbox 3379 2859 3474 2914; x_wconf 88' lang='grc' dir='ltr'><strong>καί</strong></span> <span class='ocrx_word' id='word_1_422' title='bbox 3523 2873 3713 2938; x_wconf 76' lang='grc' dir='ltr'>φησιν·</span> <span class='ocrx_word' id='word_1_423' title='bbox 3765 2851 3867 2910; x_wconf 66' lang='grc' dir='ltr'>Εἴτε</span> 
     </span>
    </p>
   </div>
   <div class='ocr_carea' id='block_1_62' title="bbox 2237 2943 3866 3027">
    <p class='ocr_par' dir='ltr' id='par_1_62' title="bbox 2237 2943 3866 3027">
     <span class='ocr_line' id='line_1_62' title="bbox 2237 2943 3866 3027; baseline -0.006 -21"><span class='ocrx_word' id='word_1_424' title='bbox 2237 2952 2369 3027; x_wconf 70' lang='grc' dir='ltr'>ὑπὲρ</span> <span class='ocrx_word' id='word_1_425' title='bbox 2400 2951 2566 3008; x_wconf 73' lang='grc' dir='ltr'>Τίτου</span> <span class='ocrx_word' id='word_1_426' title='bbox 2599 2948 2700 3018; x_wconf 86' lang='grc' dir='ltr'>δεῖ,</span> <span class='ocrx_word' id='word_1_427' title='bbox 2752 2949 2907 3027; x_wconf 69' lang='grc' dir='ltr'>φησὶ,</span> <span class='ocrx_word' id='word_1_428' title='bbox 2954 2949 3007 3004; x_wconf 80' lang='grc' dir='ltr'>τί</span> <span class='ocrx_word' id='word_1_429' title='bbox 3056 2949 3250 3019; x_wconf 81' lang='grc' dir='ltr'>εἰπεῖν,</span> <span class='ocrx_word' id='word_1_430' title='bbox 3299 2954 3471 3004; x_wconf 77' lang='grc' dir='ltr'>ταῦτα</span> <span class='ocrx_word' id='word_1_431' title='bbox 3523 2947 3643 3022; x_wconf 81' lang='grc' dir='ltr'><strong>ἔχω</strong></span> <span class='ocrx_word' id='word_1_432' title='bbox 3692 2943 3866 3019; x_wconf 76' lang='grc' dir='ltr'>λέγειν,</span> 
     </span>
    </p>
   </div>
   <div class='ocr_carea' id='block_1_63' title="bbox 2236 3033 3864 3114">
    <p class='ocr_par' dir='ltr' id='par_1_63' title="bbox 2236 3033 3864 3114">
     <span class='ocr_line' id='line_1_63' title="bbox 2236 3033 3864 3114; baseline -0.002 -19"><span class='ocrx_word' id='word_1_433' title='bbox 2236 3039 2320 3095; x_wconf 80' lang='grc' dir='ltr'><strong>ὅτι</strong></span> <span class='ocrx_word' id='word_1_434' title='bbox 2351 3038 2614 3102; x_wconf 83' lang='grc' dir='ltr'>κοινωνός</span> <span class='ocrx_word' id='word_1_435' title='bbox 2654 3038 2795 3094; x_wconf 72' lang='grc' dir='ltr'>ἐστιν</span> <span class='ocrx_word' id='word_1_436' title='bbox 2828 3037 2976 3111; x_wconf 68' lang='grc' dir='ltr'>ἐμοὶ,</span> <span class='ocrx_word' id='word_1_437' title='bbox 3006 3039 3095 3092; x_wconf 78' lang='grc' dir='ltr'><strong>καὶ</strong></span> <span class='ocrx_word' id='word_1_438' title='bbox 3136 3039 3390 3114; x_wconf 90' lang='grc' dir='ltr'>συνεργός</span> <span class='ocrx_word' id='word_1_439' title='bbox 3440 3058 3550 3104; x_wconf 83' lang='grc' dir='ltr'>μου</span> <span class='ocrx_word' id='word_1_440' title='bbox 3603 3035 3678 3096; x_wconf 83' lang='grc' dir='ltr'><strong>εἰς</strong></span> <span class='ocrx_word' id='word_1_441' title='bbox 3727 3033 3864 3104; x_wconf 75' lang='grc' dir='ltr'>ὑμᾶς,</span> 
     </span>
    </p>
   </div>
   <div class='ocr_carea' id='block_1_64' title="bbox 2234 3119 3865 3202">
    <p class='ocr_par' dir='ltr' id='par_1_64' title="bbox 2234 3119 3865 3202">
     <span class='ocr_line' id='line_1_64' title="bbox 2234 3119 3865 3202; baseline -0.006 -17"><span class='ocrx_word' id='word_1_442' title='bbox 2234 3129 2324 3185; x_wconf 86' lang='grc' dir='ltr'>καὶ</span> <span class='ocrx_word' id='word_1_443' title='bbox 2356 3129 2432 3191; x_wconf 84' lang='grc' dir='ltr'>εἷς</span> <span class='ocrx_word' id='word_1_444' title='bbox 2463 3130 2560 3199; x_wconf 85' lang='grc' dir='ltr'><strong>τήν</strong></span> <span class='ocrx_word' id='word_1_445' title='bbox 2605 3129 2759 3202; x_wconf 82' lang='grc' dir='ltr'>ὑμῶν</span> <span class='ocrx_word' id='word_1_446' title='bbox 2809 3127 3081 3202; x_wconf 85' lang='grc' dir='ltr'>σωτηρίαν</span> <span class='ocrx_word' id='word_1_447' title='bbox 3136 3127 3226 3181; x_wconf 83' lang='grc' dir='ltr'><strong>καὶ</strong></span> <span class='ocrx_word' id='word_1_448' title='bbox 3275 3128 3479 3182; x_wconf 85' lang='grc' dir='ltr'>πίστιν.</span> <span class='ocrx_word' id='word_1_449' title='bbox 3537 3124 3719 3200; x_wconf 71' lang='grc' dir='ltr'>Μέγας</span> <span class='ocrx_word' id='word_1_450' title='bbox 3761 3119 3865 3174; x_wconf 73' lang='grc' dir='ltr'><strong>δὲὸ</strong></span> 
     </span>
    </p>
   </div>
   <div class='ocr_carea' id='block_1_65' title="bbox 475 3211 2120 3317">
    <p class='ocr_par' dir='ltr' id='par_1_65' title="bbox 475 3222 2120 3299">
     <span class='ocr_line' id='line_1_65' title="bbox 475 3222 2120 3299; baseline 0.004 -22"><span class='ocrx_word' id='word_1_451' title='bbox 475 3222 578 3277; x_wconf 86' lang='lat' dir='ltr'><strong>Est</strong></span> <span class='ocrx_word' id='word_1_452' title='bbox 597 3229 792 3278; x_wconf 90' lang='lat' dir='ltr'><strong>autem</strong></span> <span class='ocrx_word' id='word_1_453' title='bbox 818 3224 1030 3278; x_wconf 87' lang='lat' dir='ltr'><strong>eximia</strong></span> <span class='ocrx_word' id='word_1_454' title='bbox 1051 3224 1197 3280; x_wconf 89' lang='lat' dir='ltr'><strong>laus.</strong></span> <span class='ocrx_word' id='word_1_455' title='bbox 1226 3225 1351 3281; x_wconf 89' lang='lat' dir='ltr'><strong>Sive</strong></span> <span class='ocrx_word' id='word_1_456' title='bbox 1376 3244 1480 3297; x_wconf 92' lang='lat' dir='ltr'><strong>pro</strong></span> <span class='ocrx_word' id='word_1_457' title='bbox 1504 3228 1636 3282; x_wconf 88' lang='lat' dir='ltr'><strong>aliis</strong></span> <span class='ocrx_word' id='word_1_458' title='bbox 1667 3227 1894 3299; x_wconf 89' lang='lat' dir='ltr'><strong>aliquid</strong></span> <span class='ocrx_word' id='word_1_459' title='bbox 1925 3228 2120 3285; x_wconf 84' lang='lat' dir='ltr'><strong>dicere</strong></span> 
     </span>
    </p>
   </div>
   <div class='ocr_carea' id='block_1_66' title="bbox 2232 3211 3863 3317">
    <p class='ocr_par' dir='ltr' id='par_1_66' title="bbox 2235 3211 3863 3317">
     <span class='ocr_line' id='line_1_66' title="bbox 2235 3211 3863 3295; baseline -0.008 -22"><span class='ocrx_word' id='word_1_460' title='bbox 2235 3216 2470 3281; x_wconf 81' lang='grc' dir='ltr'>ἔπαινος,</span> <span class='ocrx_word' id='word_1_461' title='bbox 2500 3216 2607 3274; x_wconf 79' lang='grc' dir='ltr'>εἷ’τε</span> <span class='ocrx_word' id='word_1_462' title='bbox 2651 3217 2781 3290; x_wconf 72' lang='grc' dir='ltr'>ὑπὲρ</span> <span class='ocrx_word' id='word_1_463' title='bbox 2813 3220 2920 3270; x_wconf 82' lang='grc' dir='ltr'><strong>τῶν</strong></span> <span class='ocrx_word' id='word_1_464' title='bbox 2967 3215 3160 3271; x_wconf 72' lang='grc' dir='ltr'>ἄλλιον</span> <span class='ocrx_word' id='word_1_465' title='bbox 3213 3213 3296 3271; x_wconf 87' lang='grc' dir='ltr'><strong>δεῖ</strong></span> <span class='ocrx_word' id='word_1_466' title='bbox 3348 3237 3424 3282; x_wconf 77' lang='grc' dir='ltr'><strong>τι,</strong></span> <span class='ocrx_word' id='word_1_467' title='bbox 3479 3215 3648 3295; x_wconf 73' lang='grc' dir='ltr'>φησίν</span> <span class='ocrx_word' id='word_1_468' title='bbox 3697 3211 3863 3274; x_wconf 83' lang='grc' dir='ltr'>εἰπεῖν,</span> 
     </span>
     <span class='ocr_line' id='line_1_67' title="bbox 2426 3296 3861 3317; baseline 0 0"><span class='ocrx_word' id='word_1_469' title='bbox 2426 3302 2450 3317; x_wconf 76' lang='grc' dir='ltr'><strong>ιΙ</strong></span> <span class='ocrx_word' id='word_1_470' title='bbox 2580 3307 2592 3317; x_wconf 64' lang='grc' dir='ltr'><strong>ι</strong></span> <span class='ocrx_word' id='word_1_471' title='bbox 2621 3307 2630 3317; x_wconf 77' lang='grc' dir='ltr'>ι</span> <span class='ocrx_word' id='word_1_472' title='bbox 2811 3307 2833 3317; x_wconf 69' lang='grc' dir='ltr'><strong>ι.</strong></span> <span class='ocrx_word' id='word_1_473' title='bbox 2953 3305 2968 3317; x_wconf 68' lang='grc' dir='ltr'><strong>ι</strong></span> <span class='ocrx_word' id='word_1_474' title='bbox 3010 3306 3021 3317; x_wconf 69' lang='grc' dir='ltr'>ι</span> <span class='ocrx_word' id='word_1_475' title='bbox 3103 3302 3156 3317; x_wconf 64' lang='grc' dir='ltr'><strong>ιιι</strong></span> <span class='ocrx_word' id='word_1_476' title='bbox 3191 3305 3209 3317; x_wconf 60' lang='grc' dir='ltr'><strong>ι</strong></span> <span class='ocrx_word' id='word_1_477' title='bbox 3307 3306 3317 3317; x_wconf 72' lang='grc' dir='ltr'>ι</span> <span class='ocrx_word' id='word_1_478' title='bbox 3365 3305 3380 3317; x_wconf 68' lang='grc' dir='ltr'>ι</span> <span class='ocrx_word' id='word_1_479' title='bbox 3450 3310 3478 3317; x_wconf 77' lang='grc'><strong>.-</strong></span> <span class='ocrx_word' id='word_1_480' title='bbox 3603 3305 3615 3317; x_wconf 73' lang='grc'><strong>1</strong></span> <span class='ocrx_word' id='word_1_481' title='bbox 3684 3303 3693 3317; x_wconf 81' lang='grc'><strong><em>1</em></strong></span> <span class='ocrx_word' id='word_1_482' title='bbox 3793 3296 3810 3317; x_wconf 70' lang='lat'><strong>‘</strong></span> <span class='ocrx_word' id='word_1_483' title='bbox 3858 3316 3861 3317; x_wconf 40' lang='grc' dir='ltr'><em>ν</em></span> 
     </span>
    </p>
   </div>
   <div class='ocr_carea' id='block_1_67' title="bbox 475 3310 2118 3388">
    <p class='ocr_par' dir='ltr' id='par_1_67' title="bbox 475 3310 2118 3388">
     <span class='ocr_line' id='line_1_68' title="bbox 475 3310 2118 3388; baseline 0.005 -23"><span class='ocrx_word' id='word_1_484' title='bbox 475 3316 779 3381; x_wconf 88' lang='lat' dir='ltr'><strong>oporteat:</strong></span> <span class='ocrx_word' id='word_1_485' title='bbox 814 3310 939 3365; x_wconf 61' lang='lat' dir='ltr'><strong>haec</strong></span> <span class='ocrx_word' id='word_1_486' title='bbox 971 3311 1156 3366; x_wconf 87' lang='lat' dir='ltr'><strong>habeo</strong></span> <span class='ocrx_word' id='word_1_487' title='bbox 1189 3330 1318 3383; x_wconf 78' lang='lat' dir='ltr'><strong>quae</strong></span> <span class='ocrx_word' id='word_1_488' title='bbox 1347 3314 1537 3370; x_wconf 87' lang='lat' dir='ltr'><strong>dicam</strong></span> <span class='ocrx_word' id='word_1_489' title='bbox 1571 3317 1726 3388; x_wconf 90' lang='lat' dir='ltr'><strong>quod</strong></span> <span class='ocrx_word' id='word_1_490' title='bbox 1745 3322 1883 3372; x_wconf 88' lang='lat' dir='ltr'><strong>sunt</strong></span> <span class='ocrx_word' id='word_1_491' title='bbox 1905 3317 2118 3374; x_wconf 78' lang='lat' dir='ltr'><strong>fratres</strong></span> 
     </span>
    </p>
   </div>
   <div class='ocr_carea' id='block_1_68' title="bbox 475 3397 2117 3467">
    <p class='ocr_par' dir='ltr' id='par_1_68' title="bbox 475 3397 2117 3467">
     <span class='ocr_line' id='line_1_69' title="bbox 475 3397 2117 3467; baseline 0.007 -16"><span class='ocrx_word' id='word_1_492' title='bbox 475 3397 687 3461; x_wconf 88' lang='lat' dir='ltr'><strong>nostri,</strong></span> <span class='ocrx_word' id='word_1_493' title='bbox 721 3398 895 3466; x_wconf 82' lang='lat' dir='ltr'><strong>legati</strong></span> <span class='ocrx_word' id='word_1_494' title='bbox 933 3400 1350 3467; x_wconf 88' lang='lat' dir='ltr'><strong>Ecclesiarum,</strong></span> <span class='ocrx_word' id='word_1_495' title='bbox 1386 3420 1454 3458; x_wconf 87' lang='lat' dir='ltr'><strong>ex</strong></span> <span class='ocrx_word' id='word_1_496' title='bbox 1488 3405 1776 3461; x_wconf 87' lang='lat' dir='ltr'><strong>electione</strong></span> <span class='ocrx_word' id='word_1_497' title='bbox 1821 3406 2117 3463; x_wconf 88' lang='lat' dir='ltr'><strong>videlicet.</strong></span> 
     </span>
    </p>
   </div>
   <div class='ocr_carea' id='block_1_69' title="bbox 474 3485 2119 3564">
    <p class='ocr_par' dir='ltr' id='par_1_69' title="bbox 474 3485 2119 3564">
     <span class='ocr_line' id='line_1_70' title="bbox 474 3485 2119 3564; baseline 0.012 -31"><span class='ocrx_word' id='word_1_498' title='bbox 474 3506 502 3534; x_wconf 90' lang='grc'><strong>‹‹</strong></span> <span class='ocrx_word' id='word_1_499' title='bbox 537 3485 733 3540; x_wconf 86' lang='lat' dir='ltr'><strong>Gloria</strong></span> <span class='ocrx_word' id='word_1_500' title='bbox 764 3486 997 3540; x_wconf 88' lang='lat' dir='ltr'><strong>Christi.</strong></span> <span class='ocrx_word' id='word_1_501' title='bbox 1034 3511 1059 3536; x_wconf 76' lang='grc' dir='ltr'>ι»</span> <span class='ocrx_word' id='word_1_502' title='bbox 1124 3491 1166 3543; x_wconf 83' lang='grc' dir='ltr'><strong>Α</strong></span> <span class='ocrx_word' id='word_1_503' title='bbox 1226 3507 1351 3555; x_wconf 87' lang='lat' dir='ltr'><strong>sua,</strong></span> <span class='ocrx_word' id='word_1_504' title='bbox 1413 3492 1625 3564; x_wconf 87' lang='lat' dir='ltr'><strong>inquit,</strong></span> <span class='ocrx_word' id='word_1_505' title='bbox 1674 3496 2119 3552; x_wconf 88' lang='lat' dir='ltr'><strong>conversatione</strong></span> 
     </span>
    </p>
   </div>
   <div class='ocr_carea' id='block_1_70' title="bbox 471 3571 2117 3655">
    <p class='ocr_par' dir='ltr' id='par_1_70' title="bbox 471 3571 2117 3655">
     <span class='ocr_line' id='line_1_71' title="bbox 471 3571 2117 3655; baseline 0.008 -29"><span class='ocrx_word' id='word_1_506' title='bbox 471 3571 720 3646; x_wconf 77' lang='lat' dir='ltr'><strong>gloriam</strong></span> <span class='ocrx_word' id='word_1_507' title='bbox 755 3574 983 3628; x_wconf 90' lang='lat' dir='ltr'><strong>Christo</strong></span> <span class='ocrx_word' id='word_1_508' title='bbox 1015 3577 1356 3633; x_wconf 87' lang='lat' dir='ltr'><strong>conciliant.</strong></span> <span class='ocrx_word' id='word_1_509' title='bbox 1389 3603 1417 3640; x_wconf 69' lang='grc' dir='ltr'>ι(</span> <span class='ocrx_word' id='word_1_510' title='bbox 1451 3582 1520 3635; x_wconf 91' lang='lat' dir='ltr'><strong>Ut</strong></span> <span class='ocrx_word' id='word_1_511' title='bbox 1579 3583 1866 3648; x_wconf 86' lang='lat' dir='ltr'><strong>videntes,</strong></span> <span class='ocrx_word' id='word_1_512' title='bbox 1903 3584 2117 3655; x_wconf 89' lang='lat' dir='ltr'><strong>inquit,</strong></span> 
     </span>
    </p>
   </div>
   <div class='ocr_carea' id='block_1_71' title="bbox 472 3661 2119 3744">
    <p class='ocr_par' dir='ltr' id='par_1_71' title="bbox 472 3661 2119 3744">
     <span class='ocr_line' id='line_1_72' title="bbox 472 3661 2119 3744; baseline 0.006 -26"><span class='ocrx_word' id='word_1_513' title='bbox 472 3668 668 3719; x_wconf 87' lang='lat' dir='ltr'><strong>vestra</strong></span> <span class='ocrx_word' id='word_1_514' title='bbox 696 3661 855 3718; x_wconf 88' lang='lat' dir='ltr'><strong>bona</strong></span> <span class='ocrx_word' id='word_1_515' title='bbox 895 3679 1072 3736; x_wconf 88' lang='lat' dir='ltr'><strong>opera</strong></span> <span class='ocrx_word' id='word_1_516' title='bbox 1101 3665 1433 3740; x_wconf 82' lang='lat' dir='ltr'><strong>gloriﬁcent</strong></span> <span class='ocrx_word' id='word_1_517' title='bbox 1463 3671 1697 3725; x_wconf 85' lang='lat' dir='ltr'><strong>Patrem</strong></span> <span class='ocrx_word' id='word_1_518' title='bbox 1729 3678 1987 3727; x_wconf 90' lang='lat' dir='ltr'><strong>vestrum</strong></span> <span class='ocrx_word' id='word_1_519' title='bbox 2019 3674 2119 3744; x_wconf 87' lang='lat' dir='ltr'><strong>qui</strong></span> 
     </span>
    </p>
   </div>
   <div class='ocr_carea' id='block_1_72' title="bbox 477 3752 2121 3817">
    <p class='ocr_par' dir='ltr' id='par_1_72' title="bbox 477 3752 2121 3817">
     <span class='ocr_line' id='line_1_73' title="bbox 477 3752 2121 3817; baseline 0.004 -8"><span class='ocrx_word' id='word_1_520' title='bbox 477 3754 538 3809; x_wconf 91' lang='lat' dir='ltr'><strong>in</strong></span> <span class='ocrx_word' id='word_1_521' title='bbox 552 3753 715 3808; x_wconf 75' lang='lat' dir='ltr'><strong>coslis</strong></span> <span class='ocrx_word' id='word_1_522' title='bbox 735 3757 824 3808; x_wconf 89' lang='lat' dir='ltr'><strong>est</strong></span> <span class='ocrx_word' id='word_1_523' title='bbox 842 3752 911 3810; x_wconf 72' lang='grc'><strong>⁵⁸.</strong></span> <span class='ocrx_word' id='word_1_524' title='bbox 930 3775 957 3802; x_wconf 91' lang='grc'>››</span> <span class='ocrx_word' id='word_1_525' title='bbox 974 3785 1039 3796; x_wconf 82' lang='grc'><strong>--</strong></span> <span class='ocrx_word' id='word_1_526' title='bbox 1062 3777 1089 3805; x_wconf 92' lang='grc'><strong>‹‹</strong></span> <span class='ocrx_word' id='word_1_527' title='bbox 1106 3756 1358 3813; x_wconf 89' lang='lat' dir='ltr'><strong>Proinde</strong></span> <span class='ocrx_word' id='word_1_528' title='bbox 1377 3758 1801 3816; x_wconf 91' lang='lat' dir='ltr'><strong>documentum</strong></span> <span class='ocrx_word' id='word_1_529' title='bbox 1819 3762 2121 3817; x_wconf 89' lang='lat' dir='ltr'><strong>charitatis</strong></span> 
     </span>
    </p>
   </div>
   <div class='ocr_carea' id='block_1_73' title="bbox 475 3845 2119 3918">
    <p class='ocr_par' dir='ltr' id='par_1_73' title="bbox 475 3845 2119 3918">
     <span class='ocr_line' id='line_1_74' title="bbox 475 3845 2119 3918; baseline 0.005 -20"><span class='ocrx_word' id='word_1_530' title='bbox 475 3848 702 3899; x_wconf 70' lang='lat' dir='ltr'><strong>vestrm.</strong></span> <span class='ocrx_word' id='word_1_531' title='bbox 733 3867 758 3892; x_wconf 83' lang='grc'><strong>››</strong></span> <span class='ocrx_word' id='word_1_532' title='bbox 782 3845 1211 3900; x_wconf 90' lang='lat' dir='ltr'><strong>Documentum</strong></span> <span class='ocrx_word' id='word_1_533' title='bbox 1237 3847 1368 3918; x_wconf 87' lang='lat' dir='ltr'><strong>hoc,</strong></span> <span class='ocrx_word' id='word_1_534' title='bbox 1395 3854 1502 3916; x_wconf 90' lang='lat' dir='ltr'><strong>est,</strong></span> <span class='ocrx_word' id='word_1_535' title='bbox 1529 3849 2119 3914; x_wconf 83' lang='lat' dir='ltr'><strong>demonstrationem.</strong></span> 
     </span>
    </p>
   </div>
   <div class='ocr_carea' id='block_1_74' title="bbox 479 3937 2125 4007">
    <p class='ocr_par' dir='ltr' id='par_1_74' title="bbox 479 3937 2125 4007">
     <span class='ocr_line' id='line_1_75' title="bbox 479 3937 2125 4007; baseline 0.006 -21"><span class='ocrx_word' id='word_1_536' title='bbox 479 3939 915 4005; x_wconf 71' lang='lat' dir='ltr'><strong>argumentum,</strong></span> <span class='ocrx_word' id='word_1_537' title='bbox 952 3937 1376 3992; x_wconf 90' lang='lat' dir='ltr'><strong>ostensionem.</strong></span> <span class='ocrx_word' id='word_1_538' title='bbox 1412 3940 2014 4007; x_wconf 90' lang='lat' dir='ltr'><strong>Demonstrationem,</strong></span> <span class='ocrx_word' id='word_1_539' title='bbox 2040 3941 2125 3996; x_wconf 87' lang='lat' dir='ltr'><strong>in-</strong></span> 
     </span>
    </p>
   </div>
   <div class='ocr_carea' id='block_1_75' title="bbox 481 4021 2125 4103">
    <p class='ocr_par' dir='ltr' id='par_1_75' title="bbox 481 4021 2125 4103">
     <span class='ocr_line' id='line_1_76' title="bbox 481 4021 2125 4103; baseline 0.007 -29"><span class='ocrx_word' id='word_1_540' title='bbox 481 4023 628 4092; x_wconf 88' lang='lat' dir='ltr'><strong>quit,</strong></span> <span class='ocrx_word' id='word_1_541' title='bbox 663 4021 999 4078; x_wconf 88' lang='lat' dir='ltr'><strong>dilectionis</strong></span> <span class='ocrx_word' id='word_1_542' title='bbox 1030 4042 1145 4095; x_wconf 89' lang='lat' dir='ltr'><strong>qua</strong></span> <span class='ocrx_word' id='word_1_543' title='bbox 1173 4043 1268 4081; x_wconf 87' lang='lat' dir='ltr'><strong>me</strong></span> <span class='ocrx_word' id='word_1_544' title='bbox 1328 4027 1592 4100; x_wconf 81' lang='lat' dir='ltr'><strong>diligitis,</strong></span> <span class='ocrx_word' id='word_1_545' title='bbox 1649 4036 1708 4084; x_wconf 91' lang='lat' dir='ltr'><strong>et</strong></span> <span class='ocrx_word' id='word_1_546' title='bbox 1753 4029 2125 4103; x_wconf 87' lang='lat' dir='ltr'><strong>gloriationis</strong></span> 
     </span>
    </p>
   </div>
   <div class='ocr_carea' id='block_1_76' title="bbox 481 4110 2125 4191">
    <p class='ocr_par' dir='ltr' id='par_1_76' title="bbox 481 4110 2125 4191">
     <span class='ocr_line' id='line_1_77' title="bbox 481 4110 2125 4191; baseline 0.008 -28"><span class='ocrx_word' id='word_1_547' title='bbox 481 4126 597 4180; x_wconf 87' lang='lat' dir='ltr'><strong>qua</strong></span> <span class='ocrx_word' id='word_1_548' title='bbox 627 4110 699 4164; x_wconf 90' lang='lat' dir='ltr'><strong>de</strong></span> <span class='ocrx_word' id='word_1_549' title='bbox 735 4110 895 4166; x_wconf 89' lang='lat' dir='ltr'><strong>vobis</strong></span> <span class='ocrx_word' id='word_1_550' title='bbox 924 4113 1266 4185; x_wconf 82' lang='lat' dir='ltr'><strong>gloriamur,</strong></span> <span class='ocrx_word' id='word_1_551' title='bbox 1302 4117 1362 4171; x_wconf 90' lang='lat' dir='ltr'><strong>in</strong></span> <span class='ocrx_word' id='word_1_552' title='bbox 1413 4117 1548 4172; x_wconf 91' lang='lat' dir='ltr'><strong>illos</strong></span> <span class='ocrx_word' id='word_1_553' title='bbox 1607 4119 1920 4186; x_wconf 90' lang='lat' dir='ltr'><strong>ostendite,</strong></span> <span class='ocrx_word' id='word_1_554' title='bbox 1967 4120 2125 4191; x_wconf 92' lang='lat' dir='ltr'><strong>quod</strong></span> 
     </span>
    </p>
   </div>
   <div class='ocr_carea' id='block_1_77' title="bbox 479 4201 2122 4280">
    <p class='ocr_par' dir='ltr' id='par_1_77' title="bbox 479 4201 2122 4280">
     <span class='ocr_line' id='line_1_78' title="bbox 479 4201 2122 4280; baseline 0.007 -26"><span class='ocrx_word' id='word_1_555' title='bbox 479 4215 601 4254; x_wconf 91' lang='lat' dir='ltr'><strong>non</strong></span> <span class='ocrx_word' id='word_1_556' title='bbox 637 4205 855 4257; x_wconf 84' lang='lat' dir='ltr'><strong>temere</strong></span> <span class='ocrx_word' id='word_1_557' title='bbox 887 4216 953 4255; x_wconf 85' lang='lat' dir='ltr'><strong>ac</strong></span> <span class='ocrx_word' id='word_1_558' title='bbox 981 4201 1201 4258; x_wconf 84' lang='lat' dir='ltr'><strong>frustra</strong></span> <span class='ocrx_word' id='word_1_559' title='bbox 1231 4205 1302 4260; x_wconf 91' lang='lat' dir='ltr'><strong>de</strong></span> <span class='ocrx_word' id='word_1_560' title='bbox 1325 4206 1487 4262; x_wconf 87' lang='lat' dir='ltr'><strong>vobis</strong></span> <span class='ocrx_word' id='word_1_561' title='bbox 1508 4207 1746 4280; x_wconf 83' lang='lat' dir='ltr'><strong>glorier,</strong></span> <span class='ocrx_word' id='word_1_562' title='bbox 1772 4225 1840 4264; x_wconf 92' lang='lat' dir='ltr'><strong>ac</strong></span> <span class='ocrx_word' id='word_1_563' title='bbox 1862 4209 1908 4263; x_wconf 92' lang='lat' dir='ltr'><strong>si</strong></span> <span class='ocrx_word' id='word_1_564' title='bbox 1933 4209 2122 4265; x_wconf 89' lang='lat' dir='ltr'><strong>dicat:</strong></span> 
     </span>
    </p>
   </div>
   <div class='ocr_carea' id='block_1_78' title="bbox 481 4289 2124 4372">
    <p class='ocr_par' dir='ltr' id='par_1_78' title="bbox 481 4289 2124 4372">
     <span class='ocr_line' id='line_1_79' title="bbox 481 4289 2124 4372; baseline 0.005 -27"><span class='ocrx_word' id='word_1_565' title='bbox 481 4290 535 4345; x_wconf 92' lang='lat' dir='ltr'><strong>Si</strong></span> <span class='ocrx_word' id='word_1_566' title='bbox 570 4289 744 4345; x_wconf 83' lang='lat' dir='ltr'><strong>vultis</strong></span> <span class='ocrx_word' id='word_1_567' title='bbox 777 4291 1088 4347; x_wconf 86' lang='lat' dir='ltr'><strong>ostendere</strong></span> <span class='ocrx_word' id='word_1_568' title='bbox 1123 4294 1279 4363; x_wconf 89' lang='lat' dir='ltr'><strong>quod</strong></span> <span class='ocrx_word' id='word_1_569' title='bbox 1310 4311 1410 4350; x_wconf 92' lang='lat' dir='ltr'><strong>vos</strong></span> <span class='ocrx_word' id='word_1_570' title='bbox 1438 4297 1678 4366; x_wconf 89' lang='lat' dir='ltr'><strong>quidem</strong></span> <span class='ocrx_word' id='word_1_571' title='bbox 1710 4314 1804 4352; x_wconf 91' lang='lat' dir='ltr'><strong>me</strong></span> <span class='ocrx_word' id='word_1_572' title='bbox 1857 4297 2124 4372; x_wconf 87' lang='lat' dir='ltr'><strong>diligitis,</strong></span> 
     </span>
    </p>
   </div>
   <div class='ocr_carea' id='block_1_79' title="bbox 481 4380 2124 4461">
    <p class='ocr_par' dir='ltr' id='par_1_79' title="bbox 481 4380 2124 4461">
     <span class='ocr_line' id='line_1_80' title="bbox 481 4380 2124 4461; baseline 0.007 -28"><span class='ocrx_word' id='word_1_573' title='bbox 481 4397 586 4452; x_wconf 87' lang='lat' dir='ltr'><strong>ego</strong></span> <span class='ocrx_word' id='word_1_574' title='bbox 619 4385 814 4435; x_wconf 91' lang='lat' dir='ltr'><strong>autem</strong></span> <span class='ocrx_word' id='word_1_575' title='bbox 850 4382 1060 4435; x_wconf 90' lang='lat' dir='ltr'><strong>merito</strong></span> <span class='ocrx_word' id='word_1_576' title='bbox 1096 4380 1165 4434; x_wconf 90' lang='lat' dir='ltr'><strong>de</strong></span> <span class='ocrx_word' id='word_1_577' title='bbox 1210 4383 1371 4438; x_wconf 86' lang='lat' dir='ltr'><strong>vobis</strong></span> <span class='ocrx_word' id='word_1_578' title='bbox 1418 4385 1660 4456; x_wconf 87' lang='lat' dir='ltr'><strong>glorior,</strong></span> <span class='ocrx_word' id='word_1_579' title='bbox 1713 4387 1821 4442; x_wconf 92' lang='lat' dir='ltr'><strong>hos</strong></span> <span class='ocrx_word' id='word_1_580' title='bbox 1877 4387 2124 4461; x_wconf 87' lang='lat' dir='ltr'><strong>diligite.</strong></span> 
     </span>
    </p>
   </div>
   <div class='ocr_carea' id='block_1_80' title="bbox 481 4469 2130 4545">
    <p class='ocr_par' dir='ltr' id='par_1_80' title="bbox 481 4469 2130 4545">
     <span class='ocr_line' id='line_1_81' title="bbox 481 4469 2130 4545; baseline 0.005 -20"><span class='ocrx_word' id='word_1_581' title='bbox 481 4469 572 4525; x_wconf 89' lang='lat' dir='ltr'><strong>his</strong></span> <span class='ocrx_word' id='word_1_582' title='bbox 603 4469 1076 4525; x_wconf 89' lang='lat' dir='ltr'><strong>benevolentiam</strong></span> <span class='ocrx_word' id='word_1_583' title='bbox 1099 4469 1369 4527; x_wconf 83' lang='lat' dir='ltr'><strong>exhibete</strong></span> <span class='ocrx_word' id='word_1_584' title='bbox 1395 4493 1418 4522; x_wconf 75' lang='grc' dir='ltr'><strong><em>ι</em></strong></span> <span class='ocrx_word' id='word_1_585' title='bbox 1445 4473 1532 4528; x_wconf 86' lang='lat' dir='ltr'><strong>Ad</strong></span> <span class='ocrx_word' id='word_1_586' title='bbox 1562 4481 1895 4545; x_wconf 88' lang='lat' dir='ltr'><strong>respectum</strong></span> <span class='ocrx_word' id='word_1_587' title='bbox 1927 4476 2130 4532; x_wconf 89' lang='lat' dir='ltr'><strong>Eccle-</strong></span> 
     </span>
    </p>
   </div>
   <div class='ocr_carea' id='block_1_81' title="bbox 481 4559 2125 4625">
    <p class='ocr_par' dir='ltr' id='par_1_81' title="bbox 481 4559 2125 4625">
     <span class='ocr_line' id='line_1_82' title="bbox 481 4559 2125 4625; baseline 0.004 -12"><span class='ocrx_word' id='word_1_588' title='bbox 481 4559 722 4625; x_wconf 89' lang='lat' dir='ltr'><strong>siarum,</strong></span> <span class='ocrx_word' id='word_1_589' title='bbox 758 4581 785 4609; x_wconf 86' lang='grc'><strong>››</strong></span> <span class='ocrx_word' id='word_1_590' title='bbox 817 4559 936 4614; x_wconf 89' lang='lat' dir='ltr'><strong>Hoc</strong></span> <span class='ocrx_word' id='word_1_591' title='bbox 967 4564 1076 4622; x_wconf 86' lang='lat' dir='ltr'><strong>est,</strong></span> <span class='ocrx_word' id='word_1_592' title='bbox 1110 4559 1288 4614; x_wconf 90' lang='lat' dir='ltr'><strong>etiam</strong></span> <span class='ocrx_word' id='word_1_593' title='bbox 1315 4561 1388 4615; x_wconf 91' lang='lat' dir='ltr'><strong>ad</strong></span> <span class='ocrx_word' id='word_1_594' title='bbox 1418 4562 1704 4617; x_wconf 90' lang='lat' dir='ltr'><strong>honorem</strong></span> <span class='ocrx_word' id='word_1_595' title='bbox 1726 4564 2125 4620; x_wconf 88' lang='lat' dir='ltr'><strong>Ecclesiarum</strong></span> 
     </span>
    </p>
   </div>
   <div class='ocr_carea' id='block_1_82' title="bbox 479 4648 2123 4720">
    <p class='ocr_par' dir='ltr' id='par_1_82' title="bbox 479 4648 2123 4720">
     <span class='ocr_line' id='line_1_83' title="bbox 479 4648 2123 4720; baseline 0.003 -18"><span class='ocrx_word' id='word_1_596' title='bbox 479 4664 608 4718; x_wconf 72' lang='lat' dir='ltr'><strong>qua:</strong></span> <span class='ocrx_word' id='word_1_597' title='bbox 640 4648 800 4720; x_wconf 89' lang='lat' dir='ltr'><strong>ipsos</strong></span> <span class='ocrx_word' id='word_1_598' title='bbox 831 4648 1143 4703; x_wconf 89' lang='lat' dir='ltr'><strong>miserunt.</strong></span> <span class='ocrx_word' id='word_1_599' title='bbox 1178 4649 1330 4704; x_wconf 88' lang='grc'><strong>666</strong></span> <span class='ocrx_word' id='word_1_600' title='bbox 1365 4651 1508 4704; x_wconf 85' lang='lat' dir='ltr'><strong>Nam</strong></span> <span class='ocrx_word' id='word_1_601' title='bbox 1540 4651 1586 4704; x_wconf 94' lang='lat' dir='ltr'><strong>si</strong></span> <span class='ocrx_word' id='word_1_602' title='bbox 1612 4667 1710 4705; x_wconf 93' lang='lat' dir='ltr'><strong>eos</strong></span> <span class='ocrx_word' id='word_1_603' title='bbox 1741 4652 2123 4709; x_wconf 84' lang='lat' dir='ltr'><strong>honoraveri-</strong></span> 
     </span>
    </p>
   </div>
   <div class='ocr_carea' id='block_1_83' title="bbox 479 4737 2126 4809">
    <p class='ocr_par' dir='ltr' id='par_1_83' title="bbox 479 4737 2126 4809">
     <span class='ocr_line' id='line_1_84' title="bbox 479 4737 2126 4809; baseline 0.005 -19"><span class='ocrx_word' id='word_1_604' title='bbox 479 4737 573 4804; x_wconf 88' lang='lat' dir='ltr'><strong>tis,</strong></span> <span class='ocrx_word' id='word_1_605' title='bbox 607 4739 901 4794; x_wconf 88' lang='lat' dir='ltr'><strong>Ecclesias</strong></span> <span class='ocrx_word' id='word_1_606' title='bbox 928 4756 1058 4809; x_wconf 66' lang='lat' dir='ltr'><strong>quae</strong></span> <span class='ocrx_word' id='word_1_607' title='bbox 1106 4755 1205 4793; x_wconf 91' lang='lat' dir='ltr'><strong>eos</strong></span> <span class='ocrx_word' id='word_1_608' title='bbox 1255 4739 1545 4794; x_wconf 90' lang='lat' dir='ltr'><strong>miserunt</strong></span> <span class='ocrx_word' id='word_1_609' title='bbox 1593 4740 1949 4797; x_wconf 89' lang='lat' dir='ltr'><strong>honorastis.</strong></span> <span class='ocrx_word' id='word_1_610' title='bbox 2003 4745 2126 4798; x_wconf 88' lang='lat' dir='ltr'><strong>Non</strong></span> 
     </span>
    </p>
   </div>
   <div class='ocr_carea' id='block_1_84' title="bbox 483 4824 2128 4904">
    <p class='ocr_par' dir='ltr' id='par_1_84' title="bbox 483 4824 2128 4904">
     <span class='ocr_line' id='line_1_85' title="bbox 483 4824 2128 4904; baseline 0.007 -27"><span class='ocrx_word' id='word_1_611' title='bbox 483 4824 631 4878; x_wconf 84' lang='lat' dir='ltr'><strong>dixit</strong></span> <span class='ocrx_word' id='word_1_612' title='bbox 659 4834 858 4883; x_wconf 90' lang='lat' dir='ltr'><strong>autem</strong></span> <span class='ocrx_word' id='word_1_613' title='bbox 917 4829 1257 4897; x_wconf 86' lang='lat' dir='ltr'><strong>Hominum,</strong></span> <span class='ocrx_word' id='word_1_614' title='bbox 1313 4829 1415 4884; x_wconf 85' lang='lat' dir='ltr'><strong>sed</strong></span> <span class='ocrx_word' id='word_1_615' title='bbox 1465 4828 1884 4897; x_wconf 85' lang='lat' dir='ltr'><strong>Ecclesiarum,</strong></span> <span class='ocrx_word' id='word_1_616' title='bbox 1941 4833 2128 4904; x_wconf 84' lang='lat' dir='ltr'><strong>magis</strong></span> 
     </span>
    </p>
   </div>
   <div class='ocr_carea' id='block_1_85' title="bbox 479 4917 2130 4991">
    <p class='ocr_par' dir='ltr' id='par_1_85' title="bbox 479 4917 2130 4991">
     <span class='ocr_line' id='line_1_86' title="bbox 479 4917 2130 4991; baseline 0.005 -24"><span class='ocrx_word' id='word_1_617' title='bbox 479 4917 881 4971; x_wconf 86' lang='lat' dir='ltr'><strong>venerandum</strong></span> <span class='ocrx_word' id='word_1_618' title='bbox 939 4917 1196 4973; x_wconf 88' lang='lat' dir='ltr'><strong>reddens</strong></span> <span class='ocrx_word' id='word_1_619' title='bbox 1245 4935 1604 4987; x_wconf 89' lang='lat' dir='ltr'><strong>sermonem,</strong></span> <span class='ocrx_word' id='word_1_620' title='bbox 1659 4926 1716 4974; x_wconf 93' lang='lat' dir='ltr'><strong>et</strong></span> <span class='ocrx_word' id='word_1_621' title='bbox 1784 4921 1883 4991; x_wconf 89' lang='lat' dir='ltr'><strong>qui</strong></span> <span class='ocrx_word' id='word_1_622' title='bbox 1933 4919 2130 4977; x_wconf 88' lang='lat' dir='ltr'><strong>refelli</strong></span> 
     </span>
    </p>
   </div>
   <div class='ocr_carea' id='block_1_86' title="bbox 481 5011 760 5075">
    <p class='ocr_par' dir='ltr' id='par_1_86' title="bbox 481 5011 760 5075">
     <span class='ocr_line' id='line_1_87' title="bbox 481 5011 760 5075; baseline 0 -16"><span class='ocrx_word' id='word_1_623' title='bbox 481 5011 760 5075; x_wconf 71' lang='lat' dir='ltr'><strong>nequeaL</strong></span> 
     </span>
    </p>
   </div>
   <div class='ocr_carea' id='block_1_87' title="bbox 555 5093 2132 5172">
    <p class='ocr_par' dir='ltr' id='par_1_87' title="bbox 555 5093 2132 5172">
     <span class='ocr_line' id='line_1_88' title="bbox 555 5093 2132 5172; baseline 0.004 -22"><span class='ocrx_word' id='word_1_624' title='bbox 555 5093 646 5161; x_wconf 85' lang='lat' dir='ltr'><strong>1X,</strong></span> <span class='ocrx_word' id='word_1_625' title='bbox 674 5097 788 5149; x_wconf 81' lang='grc'><strong>1-2.</strong></span> <span class='ocrx_word' id='word_1_626' title='bbox 811 5120 837 5144; x_wconf 86' lang='lat'><strong>«</strong></span> <span class='ocrx_word' id='word_1_627' title='bbox 865 5096 1169 5167; x_wconf 83' lang='lat' dir='ltr'><strong>Siquidem</strong></span> <span class='ocrx_word' id='word_1_628' title='bbox 1197 5098 1269 5153; x_wconf 93' lang='lat' dir='ltr'><strong>de</strong></span> <span class='ocrx_word' id='word_1_629' title='bbox 1293 5100 1845 5156; x_wconf 86' lang='lat' dir='ltr'><strong>subministratione</strong></span> <span class='ocrx_word' id='word_1_630' title='bbox 1873 5118 2002 5172; x_wconf 71' lang='lat' dir='ltr'><strong>quaa</strong></span> <span class='ocrx_word' id='word_1_631' title='bbox 2029 5102 2132 5158; x_wconf 82' lang='lat' dir='ltr'><strong>ﬁat</strong></span> 
     </span>
    </p>
   </div>
   <div class='ocr_carea' id='block_1_88' title="bbox 485 5184 2126 5257">
    <p class='ocr_par' dir='ltr' id='par_1_88' title="bbox 485 5184 2126 5257">
     <span class='ocr_line' id='line_1_89' title="bbox 485 5184 2126 5257; baseline 0.007 -25"><span class='ocrx_word' id='word_1_632' title='bbox 485 5205 511 5233; x_wconf 78' lang='grc' dir='ltr'>ι(</span> <span class='ocrx_word' id='word_1_633' title='bbox 543 5184 606 5238; x_wconf 91' lang='lat' dir='ltr'><strong>in</strong></span> <span class='ocrx_word' id='word_1_634' title='bbox 638 5190 894 5250; x_wconf 88' lang='lat' dir='ltr'><strong>sanctos,</strong></span> <span class='ocrx_word' id='word_1_635' title='bbox 928 5203 1355 5257; x_wconf 85' lang='lat' dir='ltr'><strong>supervacuum</strong></span> <span class='ocrx_word' id='word_1_636' title='bbox 1388 5189 1640 5244; x_wconf 90' lang='lat' dir='ltr'><strong>estmihi</strong></span> <span class='ocrx_word' id='word_1_637' title='bbox 1668 5189 1926 5245; x_wconf 86' lang='lat' dir='ltr'><strong>scribere</strong></span> <span class='ocrx_word' id='word_1_638' title='bbox 1943 5189 2126 5245; x_wconf 88' lang='lat' dir='ltr'><strong>vobis.</strong></span> 
     </span>
    </p>
   </div>
   <div class='ocr_carea' id='block_1_89' title="bbox 481 5272 2131 5352">
    <p class='ocr_par' dir='ltr' id='par_1_89' title="bbox 481 5272 2131 5352">
     <span class='ocr_line' id='line_1_90' title="bbox 481 5272 2131 5352; baseline 0.008 -30"><span class='ocrx_word' id='word_1_639' title='bbox 481 5297 509 5323; x_wconf 85' lang='grc' dir='ltr'>ι(</span> <span class='ocrx_word' id='word_1_640' title='bbox 545 5273 682 5329; x_wconf 81' lang='lat' dir='ltr'><strong>Novi</strong></span> <span class='ocrx_word' id='word_1_641' title='bbox 707 5272 888 5329; x_wconf 91' lang='lat' dir='ltr'><strong>enimi</strong></span> <span class='ocrx_word' id='word_1_642' title='bbox 916 5275 1449 5346; x_wconf 89' lang='lat' dir='ltr'><strong>promptitudinem</strong></span> <span class='ocrx_word' id='word_1_643' title='bbox 1481 5279 1663 5332; x_wconf 83' lang='lat' dir='ltr'><strong>animi</strong></span> <span class='ocrx_word' id='word_1_644' title='bbox 1696 5281 2025 5352; x_wconf 88' lang='lat' dir='ltr'><strong>vestri,qua</strong></span> <span class='ocrx_word' id='word_1_645' title='bbox 2060 5280 2131 5336; x_wconf 89' lang='lat' dir='ltr'><strong>de</strong></span> 
     </span>
    </p>
   </div>
   <div class='ocr_carea' id='block_1_90' title="bbox 491 5363 2134 5442">
    <p class='ocr_par' dir='ltr' id='par_1_90' title="bbox 491 5363 2134 5442">
     <span class='ocr_line' id='line_1_91' title="bbox 491 5363 2134 5442; baseline 0.009 -30"><span class='ocrx_word' id='word_1_646' title='bbox 491 5385 512 5412; x_wconf 75' lang='grc' dir='ltr'><strong>ι</strong></span> <span class='ocrx_word' id='word_1_647' title='bbox 546 5364 710 5420; x_wconf 86' lang='lat' dir='ltr'><strong>vobis</strong></span> <span class='ocrx_word' id='word_1_648' title='bbox 738 5363 959 5436; x_wconf 82' lang='lat' dir='ltr'><strong>glorior</strong></span> <span class='ocrx_word' id='word_1_649' title='bbox 988 5363 1144 5434; x_wconf 90' lang='lat' dir='ltr'><strong>apud</strong></span> <span class='ocrx_word' id='word_1_650' title='bbox 1176 5365 1543 5434; x_wconf 88' lang='lat' dir='ltr'><strong>Macedones,</strong></span> <span class='ocrx_word' id='word_1_651' title='bbox 1576 5369 1736 5438; x_wconf 90' lang='lat' dir='ltr'><strong>quod</strong></span> <span class='ocrx_word' id='word_1_652' title='bbox 1780 5369 1998 5426; x_wconf 86' lang='lat' dir='ltr'><strong>Achaia</strong></span> <span class='ocrx_word' id='word_1_653' title='bbox 2029 5386 2134 5442; x_wconf 85' lang='lat' dir='ltr'><strong>pa-</strong></span> 
     </span>
    </p>
   </div>
   <div class='ocr_carea' id='block_1_91' title="bbox 483 5453 2131 5524">
    <p class='ocr_par' dir='ltr' id='par_1_91' title="bbox 483 5453 2131 5524">
     <span class='ocr_line' id='line_1_92' title="bbox 483 5453 2131 5524; baseline 0.007 -21"><span class='ocrx_word' id='word_1_654' title='bbox 483 5477 510 5504; x_wconf 85' lang='grc'><strong>‹‹</strong></span> <span class='ocrx_word' id='word_1_655' title='bbox 546 5460 672 5510; x_wconf 88' lang='lat' dir='ltr'><strong>rata</strong></span> <span class='ocrx_word' id='word_1_656' title='bbox 703 5454 780 5508; x_wconf 92' lang='lat' dir='ltr'><strong>sit</strong></span> <span class='ocrx_word' id='word_1_657' title='bbox 811 5453 882 5509; x_wconf 92' lang='lat' dir='ltr'><strong>ab</strong></span> <span class='ocrx_word' id='word_1_658' title='bbox 925 5469 1081 5508; x_wconf 88' lang='lat' dir='ltr'><strong>anno</strong></span> <span class='ocrx_word' id='word_1_659' title='bbox 1127 5453 1454 5524; x_wconf 88' lang='lat' dir='ltr'><strong>superiore,</strong></span> <span class='ocrx_word' id='word_1_660' title='bbox 1503 5460 1562 5510; x_wconf 92' lang='lat' dir='ltr'><strong>et</strong></span> <span class='ocrx_word' id='word_1_661' title='bbox 1608 5457 1783 5510; x_wconf 87' lang='lat' dir='ltr'><strong>vestri</strong></span> <span class='ocrx_word' id='word_1_662' title='bbox 1833 5459 2131 5514; x_wconf 83' lang='lat' dir='ltr'><strong>aemulatio</strong></span> 
     </span>
    </p>
   </div>
   <div class='ocr_carea' id='block_1_92' title="bbox 485 5541 1280 5618">
    <p class='ocr_par' dir='ltr' id='par_1_92' title="bbox 485 5541 1280 5618">
     <span class='ocr_line' id='line_1_93' title="bbox 485 5541 1280 5618; baseline -0.005 -18"><span class='ocrx_word' id='word_1_663' title='bbox 485 5567 511 5594; x_wconf 71' lang='grc' dir='ltr'>«ι</span> <span class='ocrx_word' id='word_1_664' title='bbox 545 5543 890 5618; x_wconf 88' lang='lat' dir='ltr'><strong>provocavit</strong></span> <span class='ocrx_word' id='word_1_665' title='bbox 919 5541 1280 5614; x_wconf 89' lang='lat' dir='ltr'><strong>complures.</strong></span> 
     </span>
    </p>
   </div>
   <div class='ocr_carea' id='block_1_93' title="bbox 551 5702 1046 5774">
    <p class='ocr_par' dir='ltr' id='par_1_93' title="bbox 551 5702 1046 5774">
     <span class='ocr_line' id='line_1_94' title="bbox 551 5702 1046 5774; baseline -0.002 -12"><span class='ocrx_word' id='word_1_666' title='bbox 551 5705 601 5741; x_wconf 72' lang='grc'><strong>⁵⁸</strong></span> <span class='ocrx_word' id='word_1_667' title='bbox 632 5705 831 5762; x_wconf 70' lang='lat' dir='ltr'><strong>Matth.</strong></span> <span class='ocrx_word' id='word_1_668' title='bbox 873 5721 925 5774; x_wconf 75' lang='grc' dir='ltr'><strong>ν,</strong></span> <span class='ocrx_word' id='word_1_669' title='bbox 961 5702 1046 5761; x_wconf 75' lang='grc'><strong>16.</strong></span> 
     </span>
    </p>
   </div>
   <div class='ocr_carea' id='block_1_94' title="bbox 2225 3296 3867 3383">
    <p class='ocr_par' dir='ltr' id='par_1_94' title="bbox 2225 3296 3867 3383">
     <span class='ocr_line' id='line_1_95' title="bbox 2225 3296 3867 3383; baseline -0.008 -20"><span class='ocrx_word' id='word_1_670' title='bbox 2225 3314 2393 3363; x_wconf 70' lang='grc' dir='ltr'>ταῦτα</span> <span class='ocrx_word' id='word_1_671' title='bbox 2424 3302 2539 3382; x_wconf 77' lang='grc' dir='ltr'><strong>ἔχω</strong></span> <span class='ocrx_word' id='word_1_672' title='bbox 2577 3307 2772 3380; x_wconf 71' lang='grc' dir='ltr'>λέγειν,</span> <span class='ocrx_word' id='word_1_673' title='bbox 2807 3307 2892 3360; x_wconf 84' lang='grc' dir='ltr'><strong>δτι</strong></span> <span class='ocrx_word' id='word_1_674' title='bbox 2925 3305 3058 3359; x_wconf 79' lang='grc' dir='ltr'>εἰσὶν</span> <span class='ocrx_word' id='word_1_675' title='bbox 3091 3302 3321 3383; x_wconf 79' lang='grc' dir='ltr'>ἀδελφοὶ</span> <span class='ocrx_word' id='word_1_676' title='bbox 3352 3305 3544 3377; x_wconf 78' lang='grc' dir='ltr'>ἡμῶν,</span> <span class='ocrx_word' id='word_1_677' title='bbox 3591 3296 3867 3357; x_wconf 73' lang='grc' dir='ltr'>ἀπόστολοι</span> 
     </span>
    </p>
   </div>
   <div class='ocr_carea' id='block_1_95' title="bbox 2226 3390 3862 3469">
    <p class='ocr_par' dir='ltr' id='par_1_95' title="bbox 2226 3390 3862 3469">
     <span class='ocr_line' id='line_1_96' title="bbox 2226 3390 3862 3469; baseline -0.008 -15"><span class='ocrx_word' id='word_1_678' title='bbox 2226 3396 2594 3467; x_wconf 81' lang='grc' dir='ltr'>Ἐκκλησιῶν,</span> <span class='ocrx_word' id='word_1_679' title='bbox 2629 3395 2680 3466; x_wconf 79' lang='grc' dir='ltr'>ἐξ</span> <span class='ocrx_word' id='word_1_680' title='bbox 2711 3394 2981 3469; x_wconf 75' lang='grc' dir='ltr'>ὲπιλογῆς</span> <span class='ocrx_word' id='word_1_681' title='bbox 3017 3391 3301 3464; x_wconf 84' lang='grc' dir='ltr'>δηλονότι.</span> <span class='ocrx_word' id='word_1_682' title='bbox 3335 3419 3363 3445; x_wconf 90' lang='grc'><strong>‹‹</strong></span> <span class='ocrx_word' id='word_1_683' title='bbox 3398 3395 3541 3464; x_wconf 82' lang='grc' dir='ltr'>Δόξα</span> <span class='ocrx_word' id='word_1_684' title='bbox 3571 3390 3862 3464; x_wconf 70' lang='grc' dir='ltr'>Χριστοῦ.»</span> 
     </span>
    </p>
   </div>
   <div class='ocr_carea' id='block_1_96' title="bbox 2225 3478 3862 3565">
    <p class='ocr_par' dir='ltr' id='par_1_96' title="bbox 2225 3478 3862 3565">
     <span class='ocr_line' id='line_1_97' title="bbox 2225 3478 3862 3565; baseline -0.005 -20"><span class='ocrx_word' id='word_1_685' title='bbox 2225 3488 2311 3556; x_wconf 81' lang='grc' dir='ltr'>ἘΞ</span> <span class='ocrx_word' id='word_1_686' title='bbox 2344 3488 2441 3556; x_wconf 84' lang='grc' dir='ltr'>ὧν,</span> <span class='ocrx_word' id='word_1_687' title='bbox 2469 3485 2626 3565; x_wconf 78' lang='grc' dir='ltr'>φησὶ,</span> <span class='ocrx_word' id='word_1_688' title='bbox 2658 3483 3063 3554; x_wconf 88' lang='grc' dir='ltr'>πολιτεύονται,</span> <span class='ocrx_word' id='word_1_689' title='bbox 3097 3480 3251 3556; x_wconf 75' lang='grc' dir='ltr'>δόξαν</span> <span class='ocrx_word' id='word_1_690' title='bbox 3285 3485 3615 3558; x_wconf 78' lang='grc' dir='ltr'>προξενοῦσι</span> <span class='ocrx_word' id='word_1_691' title='bbox 3649 3478 3862 3553; x_wconf 65' lang='grc' dir='ltr'>Χριστῷ.</span> 
     </span>
    </p>
   </div>
   <div class='ocr_carea' id='block_1_97' title="bbox 2225 3566 3860 3652">
    <p class='ocr_par' dir='ltr' id='par_1_97' title="bbox 2225 3566 3860 3652">
     <span class='ocr_line' id='line_1_98' title="bbox 2225 3566 3860 3652; baseline -0.006 -21"><span class='ocrx_word' id='word_1_692' title='bbox 2225 3578 2337 3632; x_wconf 84' lang='grc' dir='ltr'>Ἵνα</span> <span class='ocrx_word' id='word_1_693' title='bbox 2393 3577 2517 3650; x_wconf 77' lang='grc' dir='ltr'>γὰρ,</span> <span class='ocrx_word' id='word_1_694' title='bbox 2579 3574 2737 3652; x_wconf 79' lang='grc' dir='ltr'>φησὶ,</span> <span class='ocrx_word' id='word_1_695' title='bbox 2795 3575 3122 3642; x_wconf 75' lang='grc' dir='ltr'>θεωροῦντες</span> <span class='ocrx_word' id='word_1_696' title='bbox 3181 3573 3334 3644; x_wconf 80' lang='grc' dir='ltr'><strong>ὑμῶν</strong></span> <span class='ocrx_word' id='word_1_697' title='bbox 3402 3572 3469 3626; x_wconf 78' lang='grc' dir='ltr'><strong>τὰ</strong></span> <span class='ocrx_word' id='word_1_698' title='bbox 3540 3569 3680 3626; x_wconf 83' lang='grc' dir='ltr'><strong>καλά</strong></span> <span class='ocrx_word' id='word_1_699' title='bbox 3734 3566 3860 3640; x_wconf 58' lang='grc' dir='ltr'>ἔργαι</span> 
     </span>
    </p>
   </div>
   <div class='ocr_carea' id='block_1_98' title="bbox 2227 3659 3859 3737">
    <p class='ocr_par' dir='ltr' id='par_1_98' title="bbox 2227 3659 3859 3737">
     <span class='ocr_line' id='line_1_99' title="bbox 2227 3659 3859 3737; baseline -0.002 -18"><span class='ocrx_word' id='word_1_700' title='bbox 2227 3662 2494 3735; x_wconf 72' lang='grc' dir='ltr'>δοξάσωσι</span> <span class='ocrx_word' id='word_1_701' title='bbox 2542 3664 2633 3719; x_wconf 86' lang='grc' dir='ltr'>τὸν</span> <span class='ocrx_word' id='word_1_702' title='bbox 2689 3661 2900 3737; x_wconf 68' lang='grc' dir='ltr'>Πατέρα</span> <span class='ocrx_word' id='word_1_703' title='bbox 2956 3661 3112 3735; x_wconf 82' lang='grc' dir='ltr'>ὑμῶν</span> <span class='ocrx_word' id='word_1_704' title='bbox 3169 3663 3262 3716; x_wconf 81' lang='grc' dir='ltr'><strong>τὸν</strong></span> <span class='ocrx_word' id='word_1_705' title='bbox 3323 3661 3373 3715; x_wconf 78' lang='grc' dir='ltr'>ἐν</span> <span class='ocrx_word' id='word_1_706' title='bbox 3430 3667 3555 3723; x_wconf 88' lang='grc' dir='ltr'>τοῖς</span> <span class='ocrx_word' id='word_1_707' title='bbox 3616 3659 3859 3731; x_wconf 66' lang='grc' dir='ltr'>οὐρανοῖς,</span> 
     </span>
    </p>
   </div>
   <div class='ocr_carea' id='block_1_99' title="bbox 2228 3743 3856 3827">
    <p class='ocr_par' dir='ltr' id='par_1_99' title="bbox 2228 3743 3856 3827">
     <span class='ocr_line' id='line_1_100' title="bbox 2228 3743 3856 3827; baseline -0.002 -21"><span class='ocrx_word' id='word_1_708' title='bbox 2228 3777 2257 3808; x_wconf 79' lang='grc' dir='ltr'><strong>ιι</strong></span> <span class='ocrx_word' id='word_1_709' title='bbox 2291 3756 2402 3822; x_wconf 72' lang='grc' dir='ltr'><strong>Τὴν</strong></span> <span class='ocrx_word' id='word_1_710' title='bbox 2439 3751 2531 3807; x_wconf 80' lang='grc' dir='ltr'>οὖν</span> <span class='ocrx_word' id='word_1_711' title='bbox 2574 3747 2795 3822; x_wconf 70' lang='grc' dir='ltr'>ἔνδειξιν</span> <span class='ocrx_word' id='word_1_712' title='bbox 2855 3753 2956 3816; x_wconf 78' lang='grc' dir='ltr'>τῆς</span> <span class='ocrx_word' id='word_1_713' title='bbox 3023 3751 3236 3827; x_wconf 82' lang='grc' dir='ltr'>ἀγάπης</span> <span class='ocrx_word' id='word_1_714' title='bbox 3306 3751 3476 3823; x_wconf 75' lang='grc' dir='ltr'>ὑμῶν.</span> <span class='ocrx_word' id='word_1_715' title='bbox 3518 3775 3546 3802; x_wconf 90' lang='grc'><strong>››</strong></span> <span class='ocrx_word' id='word_1_716' title='bbox 3607 3743 3856 3815; x_wconf 69' lang='grc' dir='ltr'>Ἐνδεῑξῐνν</span> 
     </span>
    </p>
   </div>
   <div class='ocr_carea' id='block_1_100' title="bbox 2227 3830 3860 3916">
    <p class='ocr_par' dir='ltr' id='par_1_100' title="bbox 2227 3830 3860 3916">
     <span class='ocr_line' id='line_1_101' title="bbox 2227 3830 3860 3916; baseline -0.007 -19"><span class='ocrx_word' id='word_1_717' title='bbox 2227 3843 2528 3912; x_wconf 72' lang='grc' dir='ltr'>τουτέστιν,</span> <span class='ocrx_word' id='word_1_718' title='bbox 2577 3840 2876 3912; x_wconf 83' lang='grc' dir='ltr'>ἀπόδειξιν,</span> <span class='ocrx_word' id='word_1_719' title='bbox 2927 3835 3184 3916; x_wconf 72' lang='grc' dir='ltr'>ἔλεγχον,</span> <span class='ocrx_word' id='word_1_720' title='bbox 3236 3839 3516 3911; x_wconf 78' lang='grc' dir='ltr'>ἐπίδειξιν.</span> <span class='ocrx_word' id='word_1_721' title='bbox 3591 3839 3693 3905; x_wconf 68' lang='grc' dir='ltr'><strong>Τήν</strong></span> <span class='ocrx_word' id='word_1_722' title='bbox 3744 3830 3860 3887; x_wconf 75' lang='grc' dir='ltr'>ἀπό·-</span> 
     </span>
    </p>
   </div>
   <div class='ocr_carea' id='block_1_101' title="bbox 2230 3930 3857 4012">
    <p class='ocr_par' dir='ltr' id='par_1_101' title="bbox 2230 3930 3857 4012">
     <span class='ocr_line' id='line_1_102' title="bbox 2230 3930 3857 4012; baseline -0.009 -23"><span class='ocrx_word' id='word_1_723' title='bbox 2230 3932 2416 4004; x_wconf 82' lang='grc' dir='ltr'>δειξιν,</span> <span class='ocrx_word' id='word_1_724' title='bbox 2449 3933 2636 4012; x_wconf 76' lang='grc' dir='ltr'>φησὶν,</span> <span class='ocrx_word' id='word_1_725' title='bbox 2678 3932 2744 4000; x_wconf 78' lang='grc' dir='ltr'><strong>ἧς</strong></span> <span class='ocrx_word' id='word_1_726' title='bbox 2777 3952 2846 4004; x_wconf 85' lang='grc' dir='ltr'>με</span> <span class='ocrx_word' id='word_1_727' title='bbox 2897 3933 3136 4006; x_wconf 81' lang='grc' dir='ltr'>ἀγαπᾶτε</span> <span class='ocrx_word' id='word_1_728' title='bbox 3185 3930 3420 4008; x_wconf 83' lang='grc' dir='ltr'>ἀγάπης,</span> <span class='ocrx_word' id='word_1_729' title='bbox 3471 3932 3565 3988; x_wconf 80' lang='grc' dir='ltr'><strong>καὶ</strong></span> <span class='ocrx_word' id='word_1_730' title='bbox 3612 3930 3707 3996; x_wconf 73' lang='grc' dir='ltr'>τῆς</span> <span class='ocrx_word' id='word_1_731' title='bbox 3748 3944 3857 3979; x_wconf 85' lang='grc' dir='ltr'>καυ-</span> 
     </span>
    </p>
   </div>
   <div class='ocr_carea' id='block_1_102' title="bbox 2230 4013 3854 4098">
    <p class='ocr_par' dir='ltr' id='par_1_102' title="bbox 2230 4013 3854 4098">
     <span class='ocr_line' id='line_1_103' title="bbox 2230 4013 3854 4098; baseline -0.009 -14"><span class='ocrx_word' id='word_1_732' title='bbox 2230 4025 2451 4098; x_wconf 70' lang='grc' dir='ltr'>χήσεως</span> <span class='ocrx_word' id='word_1_733' title='bbox 2525 4021 2592 4091; x_wconf 80' lang='grc' dir='ltr'><strong>ἧς</strong></span> <span class='ocrx_word' id='word_1_734' title='bbox 2665 4022 3006 4096; x_wconf 69' lang='grc' dir='ltr'>καυχώμεθα</span> <span class='ocrx_word' id='word_1_735' title='bbox 3087 4021 3221 4095; x_wconf 73' lang='grc' dir='ltr'>ὑπὲρ</span> <span class='ocrx_word' id='word_1_736' title='bbox 3301 4022 3473 4093; x_wconf 73' lang='grc' dir='ltr'>ὑμῶν,</span> <span class='ocrx_word' id='word_1_737' title='bbox 3558 4019 3633 4080; x_wconf 84' lang='grc' dir='ltr'>εἷς</span> <span class='ocrx_word' id='word_1_738' title='bbox 3687 4013 3854 4070; x_wconf 76' lang='grc' dir='ltr'>αὐτοὺς</span> 
     </span>
    </p>
   </div>
   <div class='ocr_carea' id='block_1_103' title="bbox 2231 4109 3856 4186">
    <p class='ocr_par' dir='ltr' id='par_1_103' title="bbox 2231 4109 3856 4186">
     <span class='ocr_line' id='line_1_104' title="bbox 2231 4109 3856 4186; baseline -0.009 -20"><span class='ocrx_word' id='word_1_739' title='bbox 2231 4111 2584 4180; x_wconf 72' lang='grc' dir='ltr'>ἐπιδείξασθε.</span> <span class='ocrx_word' id='word_1_740' title='bbox 2613 4110 2759 4178; x_wconf 86' lang='grc' dir='ltr'>Ὃτι,</span> <span class='ocrx_word' id='word_1_741' title='bbox 2791 4109 2975 4186; x_wconf 74' lang='grc' dir='ltr'>φησὶν,</span> <span class='ocrx_word' id='word_1_742' title='bbox 3032 4109 3131 4164; x_wconf 84' lang='grc' dir='ltr'><strong>ούκ</strong></span> <span class='ocrx_word' id='word_1_743' title='bbox 3187 4109 3301 4179; x_wconf 80' lang='grc' dir='ltr'>εἰκῆ</span> <span class='ocrx_word' id='word_1_744' title='bbox 3361 4111 3492 4184; x_wconf 75' lang='grc' dir='ltr'>ὑπὲρ</span> <span class='ocrx_word' id='word_1_745' title='bbox 3556 4110 3702 4182; x_wconf 79' lang='grc' dir='ltr'>ὑμῶν</span> <span class='ocrx_word' id='word_1_746' title='bbox 3745 4121 3856 4156; x_wconf 84' lang='grc' dir='ltr'>καυ-</span> 
     </span>
    </p>
   </div>
   <div class='ocr_carea' id='block_1_104' title="bbox 2232 4189 3851 4276">
    <p class='ocr_par' dir='ltr' id='par_1_104' title="bbox 2232 4189 3851 4276">
     <span class='ocr_line' id='line_1_105' title="bbox 2232 4189 3851 4276; baseline -0.001 -20"><span class='ocrx_word' id='word_1_747' title='bbox 2232 4206 2446 4276; x_wconf 80' lang='grc' dir='ltr'>χῶμαι,</span> <span class='ocrx_word' id='word_1_748' title='bbox 2479 4198 2553 4259; x_wconf 82' lang='grc' dir='ltr'>ὠς</span> <span class='ocrx_word' id='word_1_749' title='bbox 2586 4197 2633 4253; x_wconf 76' lang='grc' dir='ltr'><strong>εἰ</strong></span> <span class='ocrx_word' id='word_1_750' title='bbox 2667 4192 2868 4271; x_wconf 72' lang='grc' dir='ltr'>ἕλεγεψ</span> <span class='ocrx_word' id='word_1_751' title='bbox 2909 4198 2972 4255; x_wconf 80' lang='grc' dir='ltr'>Εἰ</span> <span class='ocrx_word' id='word_1_752' title='bbox 3001 4197 3183 4253; x_wconf 75' lang='grc' dir='ltr'>θέλετε</span> <span class='ocrx_word' id='word_1_753' title='bbox 3214 4196 3400 4269; x_wconf 74' lang='grc' dir='ltr'>δεῖξαι,</span> <span class='ocrx_word' id='word_1_754' title='bbox 3459 4199 3535 4261; x_wconf 84' lang='grc' dir='ltr'>ὠς</span> <span class='ocrx_word' id='word_1_755' title='bbox 3581 4199 3724 4269; x_wconf 80' lang='grc' dir='ltr'>ὑμεῖς</span> <span class='ocrx_word' id='word_1_756' title='bbox 3774 4189 3851 4262; x_wconf 70' lang='grc' dir='ltr'><strong>μὲν</strong></span> 
     </span>
    </p>
   </div>
   <div class='ocr_carea' id='block_1_105' title="bbox 2234 4285 3848 4368">
    <p class='ocr_par' dir='ltr' id='par_1_105' title="bbox 2234 4285 3848 4368">
     <span class='ocr_line' id='line_1_106' title="bbox 2234 4285 3848 4368; baseline -0.008 -22"><span class='ocrx_word' id='word_1_757' title='bbox 2234 4288 2474 4368; x_wconf 63' lang='grc' dir='ltr'>ἀγαπᾶτε</span> <span class='ocrx_word' id='word_1_758' title='bbox 2509 4309 2599 4361; x_wconf 83' lang='grc' dir='ltr'>με,</span> <span class='ocrx_word' id='word_1_759' title='bbox 2633 4288 2740 4362; x_wconf 84' lang='grc' dir='ltr'><strong>ἐγὼ</strong></span> <span class='ocrx_word' id='word_1_760' title='bbox 2783 4285 2840 4342; x_wconf 75' lang='grc' dir='ltr'>δὲ</span> <span class='ocrx_word' id='word_1_761' title='bbox 2895 4285 3124 4350; x_wconf 83' lang='grc' dir='ltr'>δικαίως</span> <span class='ocrx_word' id='word_1_762' title='bbox 3187 4289 3317 4362; x_wconf 76' lang='grc' dir='ltr'>ὑπὲρ</span> <span class='ocrx_word' id='word_1_763' title='bbox 3379 4289 3530 4361; x_wconf 83' lang='grc' dir='ltr'>ὑμῶν</span> <span class='ocrx_word' id='word_1_764' title='bbox 3588 4286 3848 4357; x_wconf 77' lang='grc' dir='ltr'>καυχῶμαι</span> 
     </span>
    </p>
   </div>
   <div class='ocr_carea' id='block_1_106' title="bbox 2230 4370 3844 4468">
    <p class='ocr_par' dir='ltr' id='par_1_106' title="bbox 2230 4370 3844 4468">
     <span class='ocr_line' id='line_1_107' title="bbox 2230 4370 3844 4468; baseline -0.004 -32"><span class='ocrx_word' id='word_1_765' title='bbox 2230 4380 2456 4440; x_wconf 89' lang='grc' dir='ltr'>τούτους</span> <span class='ocrx_word' id='word_1_766' title='bbox 2531 4378 2866 4452; x_wconf 70' lang='grc' dir='ltr'>ἀγαπήσατε,</span> <span class='ocrx_word' id='word_1_767' title='bbox 2941 4376 3156 4438; x_wconf 83' lang='grc' dir='ltr'>τούτοις</span> <span class='ocrx_word' id='word_1_768' title='bbox 3233 4370 3440 4432; x_wconf 74' lang='grc' dir='ltr'>ἔννοιαν</span> <span class='ocrx_word' id='word_1_769' title='bbox 3532 4371 3844 4468; x_wconf 66' lang='grc' dir='ltr'>ἐπιδείξασθῆ</span> 
     </span>
    </p>
   </div>
   <div class='ocr_carea' id='block_1_107' title="bbox 2236 4462 3846 4542">
    <p class='ocr_par' dir='ltr' id='par_1_107' title="bbox 2236 4462 3846 4542">
     <span class='ocr_line' id='line_1_108' title="bbox 2236 4462 3846 4542; baseline -0.003 -21"><span class='ocrx_word' id='word_1_770' title='bbox 2236 4467 2391 4529; x_wconf 44' lang='lat' dir='ltr'><strong>«Ei:</strong></span> <span class='ocrx_word' id='word_1_771' title='bbox 2422 4466 2714 4542; x_wconf 79' lang='grc' dir='ltr'>πρόσωπον</span> <span class='ocrx_word' id='word_1_772' title='bbox 2785 4469 2892 4520; x_wconf 79' lang='grc' dir='ltr'>τῶν</span> <span class='ocrx_word' id='word_1_773' title='bbox 2969 4464 3309 4535; x_wconf 78' lang='grc' dir='ltr'>Ἐκκλησιῑῦν</span> <span class='ocrx_word' id='word_1_774' title='bbox 3370 4487 3394 4516; x_wconf 75' lang='grc' dir='ltr'><strong>ο</strong></span> <span class='ocrx_word' id='word_1_775' title='bbox 3476 4462 3846 4528; x_wconf 63' lang='grc' dir='ltr'><strong>Τουτὲ.στι,ῒαιἰ</strong></span> 
     </span>
    </p>
   </div>
   <div class='ocr_carea' id='block_1_108' title="bbox 2236 4547 3838 4629">
    <p class='ocr_par' dir='ltr' id='par_1_108' title="bbox 2236 4547 3838 4629">
     <span class='ocr_line' id='line_1_109' title="bbox 2236 4547 3838 4629; baseline -0.006 -21"><span class='ocrx_word' id='word_1_776' title='bbox 2236 4559 2311 4620; x_wconf 83' lang='grc' dir='ltr'><strong>εἰς</strong></span> <span class='ocrx_word' id='word_1_777' title='bbox 2386 4557 2552 4629; x_wconf 73' lang='grc' dir='ltr'>τιμὴν</span> <span class='ocrx_word' id='word_1_778' title='bbox 2631 4559 2737 4609; x_wconf 80' lang='grc' dir='ltr'><strong>νῶν</strong></span> <span class='ocrx_word' id='word_1_779' title='bbox 2814 4552 3224 4609; x_wconf 78' lang='grc' dir='ltr'>ἀποστειλασῶν</span> <span class='ocrx_word' id='word_1_780' title='bbox 3281 4552 3478 4617; x_wconf 76' lang='grc' dir='ltr'>αὐτοὺς</span> <span class='ocrx_word' id='word_1_781' title='bbox 3519 4547 3838 4619; x_wconf 80' lang='grc' dir='ltr'>Ἐκκλησιῶν.</span> 
     </span>
    </p>
   </div>
   <div class='ocr_carea' id='block_1_109' title="bbox 2233 4633 3846 4722">
    <p class='ocr_par' dir='ltr' id='par_1_109' title="bbox 2233 4633 3846 4722">
     <span class='ocr_line' id='line_1_110' title="bbox 2233 4633 3846 4722; baseline -0.002 -19"><span class='ocrx_word' id='word_1_782' title='bbox 2233 4649 2332 4704; x_wconf 56' lang='lat' dir='ltr'><strong>“Av</strong></span> <span class='ocrx_word' id='word_1_783' title='bbox 2360 4647 2462 4722; x_wconf 73' lang='grc' dir='ltr'><strong>γὰρ</strong></span> <span class='ocrx_word' id='word_1_784' title='bbox 2493 4645 2718 4706; x_wconf 84' lang='grc' dir='ltr'>τούτους</span> <span class='ocrx_word' id='word_1_785' title='bbox 2750 4645 3046 4716; x_wconf 79' lang='grc' dir='ltr'>τιμήσητε,</span> <span class='ocrx_word' id='word_1_786' title='bbox 3077 4643 3171 4705; x_wconf 70' lang='grc' dir='ltr'><strong>τὰς</strong></span> <span class='ocrx_word' id='word_1_787' title='bbox 3205 4643 3599 4704; x_wconf 83' lang='grc' dir='ltr'>ἀποστειλάσας</span> <span class='ocrx_word' id='word_1_788' title='bbox 3646 4633 3846 4722; x_wconf 65' lang='grc' dir='ltr'>Ἐκκλη-</span> 
     </span>
    </p>
   </div>
   <div class='ocr_carea' id='block_1_110' title="bbox 2239 4721 3838 4811">
    <p class='ocr_par' dir='ltr' id='par_1_110' title="bbox 2239 4721 3838 4811">
     <span class='ocr_line' id='line_1_111' title="bbox 2239 4721 3838 4811; baseline -0.003 -20"><span class='ocrx_word' id='word_1_789' title='bbox 2239 4736 2355 4798; x_wconf 89' lang='grc' dir='ltr'>σίας</span> <span class='ocrx_word' id='word_1_790' title='bbox 2376 4721 2700 4806; x_wconf 64' lang='grc' dir='ltr'>ἐτιμήσατε.</span> <span class='ocrx_word' id='word_1_791' title='bbox 2733 4733 2806 4788; x_wconf 77' lang='grc' dir='ltr'>Οὐ</span> <span class='ocrx_word' id='word_1_792' title='bbox 2839 4731 2990 4811; x_wconf 71' lang='grc' dir='ltr'>λέγει</span> <span class='ocrx_word' id='word_1_793' title='bbox 3021 4730 3079 4788; x_wconf 75' lang='grc' dir='ltr'>δὲ</span> <span class='ocrx_word' id='word_1_794' title='bbox 3110 4734 3434 4809; x_wconf 85' lang='grc' dir='ltr'>ἀνθρώπων,</span> <span class='ocrx_word' id='word_1_795' title='bbox 3467 4733 3598 4790; x_wconf 83' lang='grc' dir='ltr'>ἀλλ’</span> <span class='ocrx_word' id='word_1_796' title='bbox 3643 4721 3838 4811; x_wconf 56' lang='grc' dir='ltr'>Ἐκκλη-</span> 
     </span>
    </p>
   </div>
   <div class='ocr_carea' id='block_1_111' title="bbox 2239 4808 3836 4898">
    <p class='ocr_par' dir='ltr' id='par_1_111' title="bbox 2239 4808 3836 4898">
     <span class='ocr_line' id='line_1_112' title="bbox 2239 4808 3836 4898; baseline -0.005 -17"><span class='ocrx_word' id='word_1_797' title='bbox 2239 4829 2387 4893; x_wconf 85' lang='grc' dir='ltr'>σιῶν,</span> <span class='ocrx_word' id='word_1_798' title='bbox 2426 4824 2750 4898; x_wconf 83' lang='grc' dir='ltr'>σεμνότερον</span> <span class='ocrx_word' id='word_1_799' title='bbox 2814 4824 2927 4896; x_wconf 80' lang='grc' dir='ltr'><strong>ἅμα</strong></span> <span class='ocrx_word' id='word_1_800' title='bbox 2982 4822 3071 4878; x_wconf 80' lang='grc' dir='ltr'><strong>καὶ</strong></span> <span class='ocrx_word' id='word_1_801' title='bbox 3127 4823 3499 4898; x_wconf 83' lang='grc' dir='ltr'>ἀπαραίτητον</span> <span class='ocrx_word' id='word_1_802' title='bbox 3557 4822 3718 4877; x_wconf 84' lang='grc' dir='ltr'>ποιῶν</span> <span class='ocrx_word' id='word_1_803' title='bbox 3765 4808 3836 4863; x_wconf 71' lang='grc' dir='ltr'><strong>τὸν</strong></span> 
     </span>
    </p>
   </div>
   <div class='ocr_carea' id='block_1_112' title="bbox 2238 4913 2424 4988">
    <p class='ocr_par' dir='ltr' id='par_1_112' title="bbox 2238 4913 2424 4988">
     <span class='ocr_line' id='line_1_113' title="bbox 2238 4913 2424 4988; baseline -0.016 -18"><span class='ocrx_word' id='word_1_804' title='bbox 2238 4913 2424 4988; x_wconf 83' lang='grc' dir='ltr'>λόγον.</span> 
     </span>
    </p>
   </div>
   <div class='ocr_carea' id='block_1_113' title="bbox 2314 5072 3832 5172">
    <p class='ocr_par' dir='ltr' id='par_1_113' title="bbox 2314 5072 3832 5172">
     <span class='ocr_line' id='line_1_114' title="bbox 2314 5072 3832 5172; baseline -0.005 -33"><span class='ocrx_word' id='word_1_805' title='bbox 2314 5083 2442 5159; x_wconf 82' lang='grc' dir='ltr'>Περὶ</span> <span class='ocrx_word' id='word_1_806' title='bbox 2515 5085 2614 5158; x_wconf 77' lang='grc' dir='ltr'><strong>μὲν</strong></span> <span class='ocrx_word' id='word_1_807' title='bbox 2676 5089 2776 5150; x_wconf 81' lang='grc' dir='ltr'><strong>τῆς</strong></span> <span class='ocrx_word' id='word_1_808' title='bbox 2845 5079 3118 5143; x_wconf 84' lang='grc' dir='ltr'>διακονίας</span> <span class='ocrx_word' id='word_1_809' title='bbox 3181 5088 3282 5150; x_wconf 79' lang='grc' dir='ltr'><strong>τῆς</strong></span> <span class='ocrx_word' id='word_1_810' title='bbox 3348 5080 3421 5143; x_wconf 70' lang='grc' dir='ltr'>εἷς</span> <span class='ocrx_word' id='word_1_811' title='bbox 3481 5082 3607 5145; x_wconf 74' lang='grc' dir='ltr'>τοὺς</span> <span class='ocrx_word' id='word_1_812' title='bbox 3664 5072 3832 5172; x_wconf 47' lang='lat' dir='ltr'><strong>civicus.</strong></span> 
     </span>
    </p>
   </div>
   <div class='ocr_carea' id='block_1_114' title="bbox 2239 5168 3833 5250">
    <p class='ocr_par' dir='ltr' id='par_1_114' title="bbox 2239 5168 3833 5250">
     <span class='ocr_line' id='line_1_115' title="bbox 2239 5168 3833 5250; baseline -0.013 -21"><span class='ocrx_word' id='word_1_813' title='bbox 2239 5173 2495 5250; x_wconf 86' lang='grc' dir='ltr'>περισσόν</span> <span class='ocrx_word' id='word_1_814' title='bbox 2551 5171 2645 5245; x_wconf 83' lang='grc' dir='ltr'>μοί</span> <span class='ocrx_word' id='word_1_815' title='bbox 2695 5172 2808 5226; x_wconf 84' lang='grc' dir='ltr'>ἐστι</span> <span class='ocrx_word' id='word_1_816' title='bbox 2857 5171 2916 5225; x_wconf 86' lang='grc' dir='ltr'>τὸ</span> <span class='ocrx_word' id='word_1_817' title='bbox 2975 5172 3197 5248; x_wconf 70' lang='grc' dir='ltr'>γράφειν</span> <span class='ocrx_word' id='word_1_818' title='bbox 3247 5172 3399 5245; x_wconf 79' lang='grc' dir='ltr'>ὑμῖν,</span> <span class='ocrx_word' id='word_1_819' title='bbox 3451 5168 3589 5229; x_wconf 72' lang='grc' dir='ltr'>Οἶδα</span> <span class='ocrx_word' id='word_1_820' title='bbox 3631 5168 3719 5243; x_wconf 72' lang='grc' dir='ltr'><strong>γὰρ</strong></span> <span class='ocrx_word' id='word_1_821' title='bbox 3760 5168 3833 5222; x_wconf 75' lang='grc' dir='ltr'><strong>την</strong></span> 
     </span>
    </p>
   </div>
   <div class='ocr_carea' id='block_1_115' title="bbox 2240 5255 3830 5337">
    <p class='ocr_par' dir='ltr' id='par_1_115' title="bbox 2240 5255 3830 5337">
     <span class='ocr_line' id='line_1_116' title="bbox 2240 5255 3830 5337; baseline -0.012 -19"><span class='ocrx_word' id='word_1_822' title='bbox 2240 5261 2548 5337; x_wconf 83' lang='grc' dir='ltr'>προθυμίαν</span> <span class='ocrx_word' id='word_1_823' title='bbox 2582 5262 2757 5333; x_wconf 80' lang='grc' dir='ltr'>ὑμῶν,</span> <span class='ocrx_word' id='word_1_824' title='bbox 2818 5261 2885 5330; x_wconf 73' lang='grc' dir='ltr'>ἣν</span> <span class='ocrx_word' id='word_1_825' title='bbox 2949 5261 3079 5335; x_wconf 76' lang='grc' dir='ltr'>ὑπὲρ</span> <span class='ocrx_word' id='word_1_826' title='bbox 3135 5259 3286 5334; x_wconf 73' lang='grc' dir='ltr'>ὑμῶν</span> <span class='ocrx_word' id='word_1_827' title='bbox 3337 5265 3628 5336; x_wconf 80' lang='grc' dir='ltr'>καυχῶμαι</span> <span class='ocrx_word' id='word_1_828' title='bbox 3687 5255 3830 5337; x_wconf 58' lang='lat' dir='ltr'><strong>Maus:</strong></span> 
     </span>
    </p>
   </div>
   <div class='ocr_carea' id='block_1_116' title="bbox 2243 5330 3829 5425">
    <p class='ocr_par' dir='ltr' id='par_1_116' title="bbox 2243 5330 3829 5425">
     <span class='ocr_line' id='line_1_117' title="bbox 2243 5330 3829 5425; baseline -0.003 -17"><span class='ocrx_word' id='word_1_829' title='bbox 2243 5350 2415 5419; x_wconf 89' lang='grc' dir='ltr'>δόσιν,</span> <span class='ocrx_word' id='word_1_830' title='bbox 2451 5350 2533 5405; x_wconf 81' lang='grc' dir='ltr'><strong>ὅτι</strong></span> <span class='ocrx_word' id='word_1_831' title='bbox 2583 5351 2783 5425; x_wconf 65' lang='grc' dir='ltr'>Ἀχαΐα</span> <span class='ocrx_word' id='word_1_832' title='bbox 2829 5349 3252 5425; x_wconf 83' lang='grc' dir='ltr'>παρεσκεύασται</span> <span class='ocrx_word' id='word_1_833' title='bbox 3309 5350 3414 5404; x_wconf 78' lang='grc' dir='ltr'><strong>ἀπὸ</strong></span> <span class='ocrx_word' id='word_1_834' title='bbox 3461 5353 3663 5424; x_wconf 74' lang='grc' dir='ltr'>πέρυσι,</span> <span class='ocrx_word' id='word_1_835' title='bbox 3705 5330 3829 5396; x_wconf 75' lang='grc' dir='ltr'><strong>καὶό</strong></span> 
     </span>
    </p>
   </div>
   <div class='ocr_carea' id='block_1_117' title="bbox 2243 5437 3404 5515">
    <p class='ocr_par' dir='ltr' id='par_1_117' title="bbox 2243 5437 3404 5515">
     <span class='ocr_line' id='line_1_118' title="bbox 2243 5437 3404 5515; baseline -0.001 -18"><span class='ocrx_word' id='word_1_836' title='bbox 2243 5440 2294 5513; x_wconf 69' lang='grc' dir='ltr'><strong>ἐξ</strong></span> <span class='ocrx_word' id='word_1_837' title='bbox 2327 5441 2480 5515; x_wconf 80' lang='grc' dir='ltr'>ὑμῶν</span> <span class='ocrx_word' id='word_1_838' title='bbox 2515 5437 2705 5509; x_wconf 75' lang='grc' dir='ltr'>ζῆλος,</span> <span class='ocrx_word' id='word_1_839' title='bbox 2737 5437 2953 5514; x_wconf 72' lang='grc' dir='ltr'>ἠρέθισε</span> <span class='ocrx_word' id='word_1_840' title='bbox 2979 5440 3103 5501; x_wconf 84' lang='grc' dir='ltr'>τοὺς</span> <span class='ocrx_word' id='word_1_841' title='bbox 3133 5437 3404 5502; x_wconf 84' lang='grc' dir='ltr'>πλείονας.</span> 
     </span>
    </p>
   </div>
  </div>
