4128 6192
269 401 418 463 1021

312 546 366 586 ’‹‹
401 531 530 608 Περὶ
565 533 673 605 μὴν
705 534 807 610 γὰρ
837 539 938 603 τῆς
971 529 1313 593 διακονίας.»
1347 529 1652 602 Διακονίας,
1685 529 1810 600 έλεη
1824 552 1920 604 μο-
1951 537 1994 600 Α

269 622 453 694 σύνης.
514 621 644 697 Περὶ
697 621 901 691 ταύτης
978 624 1272 697 τοιγαροῦν
1357 627 1456 689 τῆς
1518 618 1916 694 ἐλεημοσύνης,

262 710 452 768 πολλά
479 732 537 766 τε
567 709 760 780 εἰπὼν,
787 710 878 765 καὶ
911 707 1099 766 πολλά
1133 708 1314 784 Λέγειν
1347 709 1546 777 θέλων,
1615 713 1701 762 νῦν
1761 727 1915 788 φησι·

264 827 292 856 ‹‹
326 801 583 877 ΙῙεριττόν
617 799 713 874 μοί
783 799 894 854 ἐστι
941 800 1004 855 τὸ
1053 801 1277 876 γράφειν
1345 800 1493 872 ὑμῖν,
1532 824 1559 850 ››
1599 803 1764 853 τοῦτο
1822 797 1915 853 λέ-

265 916 402 970 γων,
447 889 585 947 ὥστε
637 887 856 964 μᾶλλον
913 888 1109 952 αὐτοὺς
1167 888 1585 946 ἐπισπάσασθαι.
1647 887 1914 962 Α’σχὺνεο

261 1003 349 1038 ται
407 983 508 1058 γάρ
569 979 850 1054 ἅνθρωπος
903 978 1161 1048 τοιαύτην
1223 975 1378 1048 δόξαν
1442 973 1585 1052 ἔχων
1647 977 1722 1038 ὡς
1777 979 1915 1049 μήτε

263 1069 471 1129 δεῖσθαι
503 1064 846 1142 συμϐουλῆς,
877 1067 1115 1127 ἐλάττων
1165 1073 1387 1144 φανῆναι
1449 1069 1546 1134 τῆς
1601 1063 1740 1126 ἰδίας
1779 1066 1910 1120 ὑπο-

259 1159 510 1236 λήψεως.
542 1156 680 1218 Οἶδα
711 1159 815 1233 γάρ
854 1159 952 1226 τήν
1000 1157 1301 1231 προθυμίαν
1341 1157 1514 1228 ὑμῶν.
1574 1155 1910 1230 Θαρῥοῦντος

265 1251 358 1325 μὲν
383 1250 446 1305 τὸ
473 1254 776 1312 πεπεῖσθαι’
807 1247 872 1303 τὸ
905 1244 962 1302 δὲ
1018 1248 1104 1301 καὶ
1171 1247 1246 1306 εἰς
1308 1245 1522 1320 ἑτέρους
1581 1246 1910 1320 καυχᾶσθαι,

263 1339 408 1396 πολὺ
441 1337 626 1394 πλέον.
667 1362 687 1387 «ι
750 1338 870 1393 Ὀτι
919 1335 1132 1412 Ἀχαία.
1181 1355 1207 1387 ιι
1269 1339 1460 1404 Τοῦτο,
1513 1335 1694 1410 φησῖν,
1757 1333 1910 1388 ἐκαυ-

266 1431 467 1505 χώμην
503 1429 635 1502 πρὸς
669 1423 997 1494 Μακεδόνας,
1048 1426 1130 1480 ὅτι
1182 1425 1246 1480 οὐ
1308 1425 1469 1498 μόνον
1537 1426 1571 1492 ἡ
1621 1419 1908 1498 Κόρινθος,

259 1515 408 1574 ἀλλὰ
462 1518 549 1572 καί
608 1521 749 1570 πᾶσα
801 1516 835 1585 ἡ
900 1511 1117 1588 Ἀχαία,
1169 1515 1304 1588 πρὸς
1372 1513 1470 1582 τὴν
1527 1513 1906 1584 stemma-5m»;

513 1603 525 1624 '
748 1607 760 1625 ²
974 1604 984 1622 ρ
1096 1601 1106 1618 ρ
1282 1602 1296 1620 θ
1828 1603 1842 1622 ο
1897 1589 1910 1609 ί

263 1625 709 1681 παρεσκευασται.
767 1606 1024 1678 Επαρχια
1056 1600 1113 1658 δε
1140 1603 1221 1665 τίς
1279 1603 1486 1672 εστινὴ
1538 1599 1759 1677 Ἀχαΐα,
1823 1623 1890 1680 op

256 1698 322 1769 ἢν
355 1710 389 1766 η
424 1697 715 1769 Κόρινθος.
749 1693 862 1752 Οὐκ
892 1694 1006 1748 εἷπε
1038 1690 1116 1761 δὲ,
1171 1691 1252 1747 ὅτι
1289 1691 1567 1766 Εἰσφέρει,
1596 1691 1654 1763 ἢ,
1699 1689 1908 1748 Συλλέ-

253 1805 362 1863 γει,
418 1782 585 1854 ἀλλά,
649 1808 675 1834 ‹‹
735 1781 1188 1858 ιΙαρεσκεύασται,
1246 1807 1274 1832 ››
1331 1782 1648 1850 τουτέστιν,
1707 1780 1901 1853 ἑτοίμη

255 1875 394 1948 ἐστὶ,
425 1871 762 1948 πεπλήρωκε
792 1874 854 1928 τὸ
903 1877 1028 1940 πᾶν,
1069 1869 1262 1927 λοιπὸν
1319 1870 1445 1933 τοὺς
1505 1869 1904 1943 διακονησομέ-
1940 1905 1986 1970 Β

251 1985 381 2026 νους
412 1963 710 2040 περιμένει.
746 1986 775 2015 ‹‹
809 1961 911 2019 Καὶ
943 1963 972 2016 ὁ
1012 1960 1062 2032 ἐξ
1116 1961 1268 2033 ὑμῶν
1332 1959 1521 2031 ζῆλος.
1553 1982 1579 2013 ι
1617 1963 1740 2018 ’Ἐνι
1805 1961 1908 2036 γαρ

255 2054 346 2109 καὶ
383 2054 471 2109 έπὶ
503 2055 721 2126 Χριστῷ
769 2051 962 2122 ζῆλος.
1027 2050 1091 2106 Li
1149 2047 1242 2105 οὖν
1294 2050 1449 2123 ὑμεῖς
1509 2049 1764 2127 γεγόνατε
1818 2047 1910 2104 καὶ

255 2149 374 2205 τοῖς
403 2141 599 2205 ἄλλοις
630 2141 883 2216 πρόξενοι
943 2145 1316 2216 συνεισφορᾶς,
1379 2144 1495 2202 πῶς
1556 2138 1653 2194 οὐκ
1709 2138 1910 2194 ἄτοπον

258 2233 399 2306 ὑμᾶς
433 2239 735 2307 στερῆσαις
779 2255 806 2282 ι(
852 2231 1099 2305 Ἠρέθισε
1156 2228 1283 2291 τοὺς
1341 2226 1621 2290 πλείονας.
1697 2254 1717 2277 ιι
1782 2229 1908 2282 Καί-

256 2344 349 2380 τοι
409 2323 532 2397 περὶ
597 2318 920 2378 Μακεδόνων
977 2319 1214 2396 εἶ’ρηκεν,
1302 2320 1386 2374 ὅτι
1442 2318 1752 2394 αὐθαίρετοι
1820 2317 1910 2373 καὶ

265 2416 404 2488 μετὰ
435 2409 676 2477 σπουδῆς
703 2410 874 2480 ἦλθον
909 2410 985 2472 εἷς
1039 2413 1228 2466 τοῦτο.
1286 2413 1409 2471 Πῶς
1461 2409 1550 2464 οὗν
1610 2413 1701 2464 νῦν
1744 2430 1909 2483 φησιν

263 2501 371 2569 ὅτι,
400 2527 427 2554 «
460 2503 522 2560 Ὀ
551 2500 601 2574 ἐξ
637 2500 790 2572 ὑμῶν
835 2499 1004 2570 ζῆλος
1062 2498 1308 2573 ἠρέθισεν
1363 2498 1560 2560 αὐτούς
1599 2517 1612 2566 ;
1678 2522 1698 2548 ι
1762 2496 1912 2573 Ἠρέ-

264 2592 383 2645 θισε
413 2591 540 2650 τοὺς
573 2586 830 2649 πλείονας
865 2587 926 2642 οὐ
959 2587 1182 2646 πάντας.
1241 2587 1469 2642 Ἔπειτα
1531 2585 1593 2639 τὸ
1664 2583 1912 2660 αὐθαίρε-

265 2701 382 2746 τον,
415 2678 586 2741 οὕτως
615 2679 748 2746 νόει,
781 2678 863 2732 ὅτι
899 2677 975 2734 Οὐ
1036 2671 1554 2747 συνεϐουλεύσαμεν,
1604 2674 1726 2730 οὔτε
1782 2695 1912 2751 προ-

264 2767 601 2840 ετρεψάμεθα
639 2763 860 2830 αὐτοὺς,
894 2762 1020 2820 ἀλλ’
1057 2765 1193 2837 ὑμᾶς
1254 2763 1586 2838 ἐπῃνέσαμεν
1647 2764 1721 2825 ὡς
1772 2782 1909 2838 παρα

262 2855 682 2928 εσκευασμένους
704 2854 810 2910 ἀπὸ
841 2853 1054 2930 πέρυσι,
1103 2854 1192 2908 καὶ
1250 2857 1410 2908 τοῦτο
1464 2851 1688 2928 ἤρκεσεν
1719 2852 1792 2914 εἰς
1849 2853 1911 2906 τὸ

258 2941 520 3020 διεγεῖραι
555 2943 768 3005 αὐτούς,

323 3213 582 3284 Ἔπεμψα
642 3207 698 3264 δὲ
753 3209 878 3270 τοὺς
936 3204 1236 3284 ἀδελφοὺς,
1313 3204 1409 3261 ’ίνα
1489 3208 1565 3281 μή
1665 3207 1728 3262 τὸ
1780 3208 1909 3262 καύ-

258 3323 423 3383 χημα
469 3303 629 3373 ημῶν
686 3298 747 3354 τὸ
804 3298 936 3372 ὑπὲρ
1021 3298 1172 3370 ὑμῶν
1231 3298 1440 3369 κενωθῇ
1507 3295 1559 3351 έν
1618 3300 1698 3368 τῷ
1761 3294 1910 3371 μέρει

258 3391 458 3468 τούτῳ,
511 3389 599 3444 ἳνα
673 3389 852 3452 καθὼς
935 3385 1120 3464 ἔλεγον
1210 3386 1706 3460 παρεσκευασμένοι
1789 3386 1908 3456 ἦτε,

263 3482 338 3554 μή
400 3498 518 3540 πως
577 3475 664 3532 ἐὰν
719 3473 922 3531 ἔλθωσι
974 3473 1064 3528 σὺν
1126 3472 1250 3546 ἐμοὶ
1310 3469 1636 3543 Μακεδόνες,
1687 3474 1778 3528 καὶ
1821 3472 1924 3534 εὕ-,

257 3590 420 3644 ρωσιν
453 3568 592 3639 ὑμᾶς
620 3562 1121 3640 ἀπαρασκευάστου,
1179 3566 1668 3642 καταισχυνθῶμεν
1724 3562 1910 3634 ἡμεῖς,

251 3656 342 3720 ’ἱνα
369 3659 444 3729 μὴ
481 3655 752 3732 λέγωμεν,
788 3653 970 3725 ὑμεῖς,
1002 3651 1053 3706 έν
1099 3655 1168 3725 τῇ
1221 3652 1510 3707 ὑποστάσει
1568 3652 1772 3720 ταότης
1809 3658 1910 3721 τῆς

256 3748 604 3820 καυχήσεως,
649 3745 968 3818 Ἀναγκαῖον
1025 3738 1116 3795 οὖν
1174 3742 1476 3818 ἡγησάμην
1535 3738 1910 3814 παρακαλέσαι

260 3834 390 3896 τοὺς
474 3831 744 3909 ἀδελφοὺς
777 3876 790 3901 ,
846 3830 936 3886 ἳνα
991 3828 1332 3904 προέλθωσιν
1391 3829 1467 3892 εἷς
1536 3830 1674 3902 ὑμᾶς
1710 3873 1724 3898 ,
1819 3839 1910 3893 καὶ

262 3922 697 4001 προκαταρίσωσι
755 3923 853 3992 τήν
883 3918 1438 3996 προκατηγγελμένην
1468 3917 1722 3995 εὐλογίαν
1757 3921 1908 3993 ὑμῶν

258 4016 486 4084 ταύτην,
518 4013 744 4085 ἑτοίμην
778 4012 934 4079 εἶναι,
969 4008 1166 4080 οὕτως,
1192 4010 1266 4072 ὡς
1297 4008 1551 4084 εὐλογίαν
1582 4010 1672 4065 καὶ
1726 4012 1800 4083 μή
1836 4011 1908 4072 ὠς

250 4105 562 4179 πλεονεξίαν
573 4148 586 4161 .

323 4204 457 4272 *Ορα
486 4197 583 4265 τὴν
609 4191 941 4268 κηδεμονίαν
981 4197 1076 4248 τοῦ
1147 4191 1389 4248 Παύλου’
1453 4193 1734 4268 Ἐπεμψα,
1802 4215 1911 4271 φη-

257 4287 608 4360 σὶν,αὐτοί›ς,
665 4285 755 4340 ἳνα
817 4286 892 4358 μὴ
957 4286 1244 4358 μταιωθῇ
1295 4283 1356 4339 τὸ
1404 4282 1672 4358 καύχημα
1725 4285 1907 4356 ἡμῶν,

259 4378 347 4434 καί
379 4382 602 4452 ψεῦσται
645 4374 970 4447 εὐρεθῶμεν,
1033 4372 1275 4436 εἰπόντες
1333 4374 1417 4427 ὅτι
1473 4372 1912 4446 παρεσκευασμέ-

260 4465 507 4535 νοιέστὶ,
541 4489 568 4517 ‹‹
635 4465 723 4521 Ἐν
779 4467 857 4534 τῷ
919 4461 1067 4538 μέρει
1124 4463 1328 4534 τούτῳ,
1389 4485 1415 4512 η
1474 4459 1744 4528 τουτέστι,
1809 4468 1911 4530 τῆς

257 4555 654 4629 ἔλεημοσύνης.
687 4549 908 4622 Ἐπειδή
939 4552 1040 4628 γὰρ
1073 4550 1238 4622 εἶπεν,
1273 4575 1298 4601 «
1333 4553 1446 4606 Ἵνα
1504 4551 1580 4623 μή
1611 4551 1822 4622 κενωθῇ
1847 4551 1910 4605 τὸ

254 4649 523 4723 καύχημα
552 4647 740 4718 ἡμῶν,
778 4668 797 4694 ι
831 4641 962 4717 ἃχρι
992 4649 1093 4712 τῆς
1143 4640 1524 4715 έλεημοσύνης
1583 4640 1710 4696 αὐτὸ
1749 4662 1908 4717 περι-

263 4735 521 4794 έκλεισεν.
555 4755 586 4789 α
615 4736 726 4790 Ἵνα
755 4733 934 4794 καθὼς
990 4725 1204 4808 ἔλεγον.
1242 4760 1262 4784 ι
1306 4728 1575 4788 Μακεδόσι
1607 4730 1705 4806 γὰρ
1744 4734 1906 4786 τοῦτο

263 4823 467 4900 ἶλεγεν,
509 4825 592 4878 ὅτι
621 4822 825 4897 Ἀχαῖα
855 4821 1283 4892 παρεσκεύασται
1341 4820 1446 4876 ἀπὸ
1485 4819 1693 4894 πέρυσι.
1734 4845 1753 4870 ι
1816 4821 1904 4889 Μή

262 4935 380 4976 πως
483 4911 569 4968 έᾶν
660 4908 862 4976 ἔλθωσι
920 4910 1012 4965 σὺν
1073 4909 1219 4983 έμοί.
1273 4937 1299 4962 n
1361 4910 1498 4965 Ἀπὸ
1556 4909 1908 4985 ἀνθρωπίνων

259 5003 544 5079 λογισμῶν
601 4999 689 5055 καὶ
743 4999 920 5076 λόγων
975 4999 1169 5062 αὐτοὺς
1228 4997 1542 5074 προτρέπει,
1602 4998 1905 5062 ἀσθενέστε-

262 5114 357 5169 ρον
415 5089 807 5163 διακειμένους.
867 5114 893 5140 ‹‹
963 5090 1055 5159 Μή
1125 5109 1262 5156 πως,
1323 5087 1510 5160 φησὶν,
1563 5086 1706 5150 εἰκός
1765 5087 1904 5143 ἐστιν

259 5181 454 5242 αὐτοὺς
487 5181 600 5254 μετ’
633 5180 768 5254 ἐμοῦ
801 5177 996 5234 ἐλθεῖν.
1036 5201 1061 5227 ι)
1095 5210 1162 5219 —
1198 5202 1218 5225 ι
1257 5176 1360 5233 Καὶ
1401 5175 1624 5250 εὕρωσιν
1685 5176 1845 5248 ὑμᾶς.
1879 5201 1905 5226 )›

258 5271 492 5344 Κολάζει
545 5273 634 5326 τὸν
710 5269 897 5344 λόγον.
975 5269 1168 5340 Ἡμεῖς
1267 5268 1772 5341 καταισχυνθῶμεν,
1832 5266 1906 5327 ὡς

255 5363 372 5431 εἶνῆ
401 5361 776 5435 καυχώμενοι.
809 5361 832 5378 ”
857 5361 970 5425 Ινα,
1003 5358 1192 5434 ιρησὶν,
1235 5355 1608 5430 εὐφημότερον
1639 5353 1905 5430 λέγοντες,

257 5449 596 5525 μήεἳπωμεν
659 5449 798 5520 ὑμᾶς
861 5445 1335 5520 καταισχύνεσθαι.
1409 5443 1468 5502 Εἴ
1533 5445 1607 5518 μὴ
1669 5444 1751 5499 ὅτι
1801 5448 1909 5498 τῶν

249 5537 347 5595 δύο
387 5539 454 5608 ἦν
489 5535 745 5610 αἰσχύνη,
776 5538 884 5590 τῶν
914 5535 1012 5608 μὶν
1046 5534 1123 5594 ὡς
1159 5533 1544 5609 ὑστερούντων,
1596 5537 1690 5587 τοῦ
1723 5531 1778 5586 δέ
1835 5532 1908 5594 ὡς

251 5626 452 5704 ψεῦδος
479 5623 862 5701 καυχωμένου.
923 5625 1008 5678 Ἐν
1060 5626 1129 5694 τῇ
1187 5623 1503 5689 ὑποστάσει,
1573 5621 1727 5701 φησὶ,
1785 5622 1906 5676 ταύ-

252 5739 356 5790 της
379 5723 478 5789 τῆς
505 5715 853 5791 καυχήσεως,
885 5714 959 5775 ὡς
993 5712 1037 5766 εἰ
1079 5713 1243 5766 εἷπεν’
1303 5710 1415 5766 Οὐκ
1472 5707 1729 5786 ἀλλαχοῦ
1787 5731 1909 5767 κατ-

1238 400 1642 462 GOMMENT.
1687 403 1766 461 ΙΝ
1815 401 2056 462 EPIST.
2104 404 2156 463 II
2201 405 2302 463 AD
2347 403 2714 465 CORINTH.

3522 407 3679 467 1022

2107 557 2134 584 ‹‹
2165 535 2245 590 De
2276 535 2847 596 subministratione,
2875 556 2906 585 »
2930 541 3072 606 puta
3101 535 3514 606 eleemosynaa.
3537 539 3679 594 Cum

2030 624 2209 696 igitur
2244 623 2429 678 multa
2459 623 2530 678 de
2555 624 2663 678 hac
2693 624 3073 695 eleemosyna
3101 624 3336 690 dixerit,
3370 641 3438 679 ac
3492 627 3678 681 multa

2027 717 2317 784 praeterea
2347 712 2542 766 dicere
2573 712 2729 774 velit,
2783 729 2941 766 nunc
2998 713 3080 766 ait
3113 729 3126 766 :
3165 736 3184 761 ι
3237 713 3674 784 Supervacuum

2029 807 2120 856 est
2151 801 2296 856 mihi
2332 800 2591 856 scribere
2621 801 2817 866 vobis;
2848 823 2875 850 ››
2909 801 3020 855 hoc
3053 801 3256 855 dicens
3287 809 3351 857 ut
3375 802 3537 874 ipsos
3560 820 3680 857 ma-

2025 891 2114 962 gis
2143 890 2402 946 attrahat
2435 907 2448 956 ;
2481 889 2662 961 pudet
2695 890 2851 944 enim
2885 890 3188 944 hominem
3221 891 3291 945 de
3324 908 3440 962 quo
3473 893 3675 964 hujus-

2029 980 2187 1036 modi
2221 980 2472 1036 habetur
2503 979 2702 1051 opinio
2719 980 2876 1050 quod
2906 996 2980 1034 ne
3001 980 3254 1035 consilio
3273 981 3513 1052 quidem
3531 999 3679 1052 opus

2024 1069 2258 1136 habeat,
2294 1069 2341 1124 si
2402 1068 2647 1124 inferior
2701 1075 2981 1140 appareat
3029 1070 3118 1122 sui
3175 1069 3479 1140 opinione.
3539 1072 3678 1125 Novi

2025 1159 2184 1216 enim
2214 1157 2749 1230 promptitudinem
2812 1158 2994 1212 animi
3052 1159 3248 1212 vestri.
3311 1159 3678 1214 Conﬁdentis

2024 1249 2264 1320 quidem
2297 1254 2387 1302 est
2417 1264 2765 1319 persuasum
2780 1263 3130 1318 essezporro
3163 1249 3342 1302 etiam
3369 1265 3507 1322 erga
3528 1249 3676 1304 alios

2021 1339 2262 1412 gloriari
2295 1338 2478 1392 multo
2512 1338 2793 1408 amplius.
2835 1359 2862 1385 ‹‹
2924 1336 3089 1401 Quod
3149 1337 3388 1392 Achaia.
3445 1362 3466 1389 ι
3521 1340 3671 1405 Hinc,

2021 1428 2235 1500 inquit,
2268 1426 2538 1500 gloriatio
2568 1442 2701 1480 mea
2743 1432 2832 1480 est
2888 1426 3045 1496 apud
3104 1427 3474 1493 Macedones,
3518 1428 3676 1498 quod

2021 1533 2142 1572 non
2202 1516 2329 1572 sola
2383 1515 2720 1581 Corinthus,
2781 1532 2981 1570 verum
3042 1515 3213 1570 etiam
3283 1522 3403 1571 tota
3459 1517 3678 1572 Achaia

2019 1606 2094 1662 ad
2121 1606 2562 1676 eleemosynam
2591 1610 2797 1676 parata
2829 1605 2923 1659 sit.
2951 1606 3051 1659 Est
3082 1611 3280 1660 autem
3303 1607 3523 1662 Achaia
3538 1625 3674 1678 pro-

2017 1697 2212 1753 vincia
2245 1696 2518 1766 quaedam
2569 1696 2630 1750 in
2690 1712 2807 1766 qua
2862 1697 2974 1750 sita
3029 1702 3118 1750 est
3147 1697 3484 1752 Corinthus.
3546 1703 3671 1752 Non

2017 1785 2167 1841 dixit
2194 1791 2395 1841 autem
2427 1784 2686 1850 Confert,
2717 1790 2818 1838 aut
2841 1785 3073 1857 Colligit
3096 1786 3198 1840 sed
3230 1811 3255 1834 ‹‹
3293 1787 3503 1840 Parata
3518 1791 3663 1851 est,»

2018 1875 2128 1931 hoc
2161 1881 2271 1943 est,
2307 1879 2581 1947 prompta
2612 1879 2721 1938 est,
2758 1879 2817 1928 et
2839 1875 2965 1944 jam
3003 1891 3174 1930 omne
3224 1876 3523 1947 negotium
3573 1891 3669 1929 ex-

2020 1966 2222 2039 plevit,
2256 1983 2322 2021 ac
2354 1965 2547 2021 solum
2609 1981 2710 2020 eos
2771 1970 3070 2036 exspectat
3123 1965 3218 2035 qui
3279 1965 3670 2020 ministraturi

2022 2061 2179 2111 sunt.
2210 2077 2237 2105 ‹‹
2272 2056 2340 2109 Et
2370 2054 2544 2108 vestri
2605 2052 2926 2108 aemulatio.
2987 2076 3013 2101 ››
3064 2053 3368 2124 Contingit
3424 2054 3582 2108 enim
3617 2058 3674 2107 et

2020 2150 2262 2216 propter
2291 2143 2590 2198 Christum
2624 2142 2778 2196 sumi
2805 2141 3265 2198 aemulationem.
3300 2142 3354 2194 Si
3381 2141 3556 2214 igitur
3574 2159 3672 2196 vos

2023 2234 2155 2289 aliis
2183 2249 2416 2304 quoque
2449 2232 2780 2287 oblationes
2813 2231 3200 2294 conciliastis,
3241 2246 3441 2284 annon
3474 2230 3676 2285 absur-

2021 2321 2162 2379 dum
2212 2322 2364 2377 foret
2420 2322 2466 2376 si
2524 2338 2624 2375 vos
2674 2321 2786 2392 ipsi
2837 2321 3126 2375 deessetis
3175 2325 3366 2374 vestro
3424 2319 3619 2374 ofﬁcio
3650 2320 3678 2374 ἱ)

2022 2413 2416 2468 «Provocavit
2470 2411 2779 2483 plurimos.
2825 2433 2852 2459 »
2904 2411 3081 2480 Atqui
3136 2410 3208 2466 de
3259 2409 3674 2465 Macedonibus

2021 2503 2172 2558 dixit
2201 2502 2358 2573 quod
2389 2500 2646 2556 ultronei
2676 2505 2735 2553 et
2765 2515 2869 2554 suo
2899 2499 3094 2554 studio
3118 2498 3188 2554 ad
3218 2500 3328 2554 hoc
3353 2505 3667 2555 venerant:

2023 2591 2318 2664 quomodo
2347 2607 2482 2662 ergo
2517 2605 2672 2644 nunc
2703 2589 2786 2642 ait
2811 2605 2822 2642 :
2849 2611 2876 2637 «
2912 2590 3118 2643 Vestra
3147 2589 3446 2643 azmulatio
3463 2605 3674 2658 provo-

2023 2682 2176 2738 cavit
2207 2683 2366 2752 ipsos
2388 2681 2415 2734 ‘2
2446 2703 2472 2728 ››
2509 2679 2848 2734 Provocavit
2881 2695 3022 2732 sane
3073 2678 3428 2748 complures,
3463 2683 3521 2730 at
3551 2694 3671 2730 non

2024 2772 2553 2827 omnes.Praeterea
2583 2773 2974 2839 spontaneum
3001 2766 3260 2820 studium
3284 2765 3366 2818 ita
3388 2764 3671 2835 intellige,

2024 2861 2195 2932 quasi
2223 2859 2413 2913 dicat:
2450 2859 2575 2912 Non
2608 2857 2904 2911 suasimus
2935 2870 3128 2924 neque
3159 2853 3454 2908 adhortati
3469 2869 3674 2907 sumus

2021 2951 2206 3022 ipsos,
2241 2948 2344 3002 sed
2375 2964 2475 3000 vos
2509 2945 2974 3000 collaudavimus
3005 2942 3162 3013 quod
3189 2941 3260 2996 ab
3291 2958 3448 2996 anno
3499 2958 3676 3012 supe-

2020 3040 2177 3094 riore
2210 3036 2399 3108 parati
2435 3035 2584 3100 sitis,
2620 3033 2798 3104 idque
2832 3032 2974 3086 satis
3022 3031 3134 3084 fuit
3190 3031 3263 3084 ad
3295 3031 3671 3086 excitandum

2021 3128 2201 3198 ipsos.

2095 3216 2186 3282 1X,
2220 3215 2338 3269 3-5.
2361 3234 2381 3265 ε
2417 3213 2543 3268 Misi
2569 3217 2769 3267 tamen
2800 3211 2908 3265 hos
2927 3210 3240 3274 fratres,ne
3271 3209 3672 3283 glorianostra

2025 3327 2055 3356 α
2084 3320 2200 3376 qua
2231 3303 2453 3376 glorior
2481 3301 2552 3356 de
2579 3301 2760 3366 vobis,
2796 3299 2991 3353 inanis
3023 3297 3126 3354 ﬁat
3153 3299 3214 3354 in
3246 3299 3355 3355 hac
3385 3304 3549 3370 parte
3608 3304 3673 3353 ut

2021 3416 2049 3444 «ι
2073 3390 2577 3464 quemadmodum
2615 3390 2734 3445 dixi
2765 3389 2954 3460 parati
3001 3389 3130 3443 sitis
3159 3405 3172 3442 :
3205 3406 3279 3444 ne
3337 3406 3453 3459 quo
3501 3397 3672 3461 pacto

2017 3507 2044 3534 ι(
2077 3483 2198 3548 fiat,
2233 3487 2299 3537 ut
2323 3482 2370 3536 si
2401 3481 2675 3536 venerint
2701 3496 2933 3534 mecum
2959 3479 3305 3535 Macedones
3332 3484 3389 3534 et
3417 3479 3672 3535 offende-

2020 3573 2203 3628 «rrint
2232 3587 2332 3626 vos
2363 3571 2711 3642 imparatos,
2741 3568 2890 3623 607
2920 3583 3028 3623 nos
3087 3568 3310 3640 pudore
3369 3569 3670 3626 suffunda-

2020 3684 2048 3712 ‹‹
2081 3677 2234 3726 mur,
2267 3665 2332 3715 ut
2364 3675 2433 3714 ne
2467 3658 2736 3714 dicamus
2767 3674 2890 3724 vos,
2915 3656 2975 3711 in
3005 3656 3117 3712 hoc
3157 3662 3504 3728 argumento
3549 3657 3667 3728 glo-

2024 3749 2365 3805 ariationis.
2401 3747 2654 3803 Proinde
2707 3746 3110 3802 necessarium
3159 3745 3478 3800 arbitratus
3537 3761 3666 3798 sum

2021 3863 2050 3892 ‹‹
2076 3837 2381 3896 adhortari
2401 3838 2634 3901 fratres,
2669 3842 2734 3892 ut
2757 3837 2922 3907 prius
2955 3833 3307 3889 accederent
3338 3831 3411 3886 ad
3455 3848 3576 3898 vos,
3611 3837 3669 3886 et

2022 3949 2048 3984 ε
2075 3931 2479 4002 praepararent
2499 3927 2625 3998 jam
2641 3930 2776 3978 ante
2806 3923 3158 3994 promissam
3191 3920 3667 3976 benedictionem

2025 4043 2046 4069 ι
2070 4024 2348 4077 vestram,
2382 4023 2446 4072 ut
2479 4032 2548 4070 ea
2581 4015 2657 4068 sit
2686 4013 2748 4067 in
2779 4016 3075 4083 promptu,
3136 4011 3219 4066 sic
3254 4017 3534 4082 tanquam
3565 4011 3669 4066 be-

2027 4130 2047 4156 ι
2076 4105 2336 4163 nedictio
2370 4108 2427 4158 et
2457 4119 2578 4157 non
2611 4107 2890 4170 tanquam
2923 4097 3238 4154 avaritia.»

2091 4192 2415 4250 Considera
2447 4190 2614 4245 Pauli
2645 4187 3095 4260 providentiam.
3131 4188 3280 4253 Misi,
3335 4189 3547 4257 inquit,
3597 4189 3665 4242 il-

2019 4287 2132 4352 los,
2167 4301 2240 4338 ne
2274 4298 2426 4338 vana
2458 4282 2561 4336 fiat
2590 4280 2860 4352 gloriatio
2893 4284 3116 4345 nostra,
3142 4285 3199 4333 et
3239 4279 3554 4332 mendaces
3577 4279 3668 4332 in-

2019 4374 2329 4430 veniamur
2360 4371 2459 4441 qui
2491 4386 2592 4424 vos
2623 4375 2982 4441 praeparatos
3005 4385 3132 4422 esse
3166 4367 3510 4422 dixerimus.
3561 4387 3580 4411 α
3602 4368 3666 4420 In

2019 4463 2130 4518 hac
2163 4465 2350 4534 parte.
2387 4482 2406 4508 ι
2443 4461 2662 4530 Nempe
2713 4458 3124 4530 eleemosynae.
3183 4455 3473 4522 Quoniam
3508 4455 3667 4510 enim

2021 4553 2273 4608 dixerat:
2300 4551 2378 4605 Ne
2399 4549 2592 4604 inanis
2618 4547 2721 4602 flat
2751 4547 3022 4619 gloriatio
3043 4552 3246 4602 nostra
3261 4547 3394 4612 hoc,
3428 4545 3488 4599 in
3520 4544 3670 4599 elee-

2021 4657 2268 4714 mosyna
2299 4638 2588 4694 duntaxat
2628 4635 2939 4692 conclusit.
2978 4659 2997 4683 ι
3038 4637 3107 4690 Ut
3165 4633 3668 4706 quemadmodum

2020 4733 2159 4790 dixi.
2187 4754 2213 4782 »
2242 4734 2384 4786 Nam
2416 4731 2526 4784 hoc
2559 4726 2972 4784 Macedonibus
3021 4726 3270 4780 dixerat.
3314 4725 3532 4780 Achaia
3562 4742 3665 4796 pa-

2019 4827 2147 4878 rata
2179 4820 2359 4876 estab
2391 4835 2546 4874 anno
2580 4815 2891 4888 superiori.
2925 4836 2952 4865 «
2987 4816 3065 4870 Ne
3097 4831 3214 4886 quo
3246 4819 3414 4887 pacto
3474 4814 3577 4868 ﬂat
3606 4819 3671 4869 ut

2020 4913 2068 4969 si
2099 4911 2370 4967 venerint
2399 4923 2652 4964 mecum.
2673 4905 2803 4960 »Ab
2825 4905 3103 4960 humanis
3136 4904 3585 4979 cogitationibus
3599 4922 3665 4960 ac

2016 4999 2352 5057 rationibus
2367 4999 2525 5069 ipsos
2541 4996 2902 5058 exhortatur,
2922 4995 3078 5065 quod
3094 4995 3452 5051 infirmiores
3475 4995 3666 5050 adhuc

2020 5092 2191 5146 sint.-
2221 5092 2299 5143 ΝΘ
2332 5104 2468 5157 quo,
2503 5085 2717 5155 inquit,
2752 5090 2921 5155 pacto
2981 5085 3100 5140 fiat.
3141 5111 3160 5137 ι
3202 5087 3301 5140 Est
3331 5086 3489 5140 enim
3517 5085 3664 5139 veri-

2021 5180 2215 5238 simile
2249 5179 2407 5250 ipsos
2440 5191 2674 5232 mecum
2709 5181 3007 5232 venturos.
3050 5198 3069 5223 ι
3140 5179 3252 5232 Nos
3293 5177 3516 5250 pudore
3548 5176 3668 5232 suf-

2031 5269 2370 5326 fundamur.
2407 5291 2433 5316 ››
2467 5265 2573 5330 Qui
2609 5269 2829 5320 temere
2876 5266 3107 5338 gloriati
3165 5268 3369 5323 simus.
3405 5289 3432 5316 ‹‹
3494 5267 3566 5323 Ut
3593 5283 3666 5321 ne

2021 5359 2286 5415 dicamus
2299 5373 2464 5410 vos.»
2491 5355 2713 5409 Deinde
2728 5355 2967 5428 corrigit
2987 5371 3319 5411 sermonem
3333 5362 3415 5423 ,ut
3429 5355 3664 5422 melius,

2018 5448 2232 5518 inquit,
2263 5445 2596 5501 ominantes
2630 5459 2748 5498 non
2768 5443 3034 5500 dicamus
3084 5463 3184 5500 vos
3205 5445 3516 5518 pudeﬁeri.
3544 5443 3666 5499 Nisi

2019 5538 2329 5593 amborum
2361 5534 2554 5606 potius
2587 5539 2744 5588 esset
2771 5534 2994 5604 pudor:
3032 5535 3242 5588 horum
3289 5533 3552 5605 quidem,
3604 5538 3668 5586 ut

2020 5626 2118 5698 qui
2155 5642 2259 5680 suo
2291 5623 2568 5680 deessent
2597 5623 2792 5679 ofﬁcio
2820 5639 2833 5690 ;
2867 5624 3052 5694 ipsius
3083 5639 3238 5686 vero,
3273 5627 3337 5676 ut
3367 5621 3468 5691 qui
3517 5619 3664 5674 falso

2018 5715 2301 5788 gloriatus
2329 5717 2503 5770 esset.
2535 5712 2600 5768 In
2630 5711 2746 5770 hoc
2763 5717 3110 5784 argumento
3125 5711 3241 5766 sive
3270 5708 3519 5765 materia
3535 5707 3666 5780 hac,
