4106 6196
539 390 693 451 1023
1655 387 2070 451 (ῈΟΟΜΕΝΙΙ
2115 391 2160 450 '1‘

2270 390 2417 451 301E
2467 391 2816 454 EPISCOPI
3772 396 3891 458 1024

534 526 746 599 inquit,
779 521 1169 593 gloriationis.
1204 528 1284 579 Ac
1343 525 1392 580 si
1427 524 1654 582 diceret
1687 542 1700 578 :
1733 525 1880 581 Aliis
1909 526 1971 582 in
2004 526 2155 581 rebu

2291 531 2696 602 αισχυνθῶμεν,
2728 528 2858 585 ἀλλ’
2911 539 2963 586 εν
3027 531 3165 606 μόνῃ
3225 535 3296 606 τῇ
3328 531 3460 604 περί
3517 537 3616 598 τῆς
3644 529 3893 604 ἐλεημοσᾷ

536 615 759 687 pudore
793 629 1171 684 nequaquam
1197 614 1807 682 suffunderemur,sed
1835 615 1895 669 in
1923 614 2051 670 sola
2077 616 2157 671 hat

2291 635 2387 684 νης
2415 615 2704 686 καυχήσει.
2739 641 2768 668 ‹‹
2804 617 2904 674 Καὶ
2935 621 3036 694 γὰρ
3061 621 3128 689 ἦν
3185 616 3359 682 ὅντως
3421 619 3733 694 ἀναγκαῖον,
3762 645 3786 672 »
3830 624 3893 677 ιιιῖ

538 704 890 779 gloriatione
903 704 975 759 de
989 704 1388 776 eleemosyna.
1406 729 1430 752 «
1449 705 1702 760 Proinde
1723 705 2147 762 necessarium.

2295 703 2489 766 αὐτοὺς
2547 705 2833 781 αἰσχύνης,
2921 709 3014 762 καὶ
3075 709 3259 764 ἑαυτὸν
3323 714 3428 763 τοῦ
3510 705 3683 762 δοκεῖν
3759 708 3899 781 ψεύδε-

540 795 769 849 Etenim
802 811 935 849 vere
966 795 1370 849 necessarium
1395 801 1539 860 erat,
1575 803 1634 850 et
1658 796 1816 866 ipsos
1866 796 2088 867 pudore
2121 795 2161 850 li

2295 805 2413 857 σθαι
2443 794 2772 867 ἀπαλλάξαι.
2816 822 2841 849 α
2867 799 2977 855 Ἵνα
3006 799 3352 872 προέλθωσιν
3389 797 3471 860 εἷς
3497 798 3654 871 ὑμᾶς.
3678 799 3895 869 »Ἐπειδὴ

539 883 769 950 berare,
805 888 861 938 et
891 884 1154 955 seipsum
1186 901 1260 939 ne
1289 885 1573 940 mentitus
1629 885 1812 940 fuisse
1870 885 2160 940 videretur

2294 883 2406 938 ἄνω
2438 885 2664 960 εἰρήκει,
2709 910 2737 937 ‹‹
2791 889 3046 962 Περιττόν
3106 889 3200 960 μοί
3255 888 3370 944 ἐστι
3435 890 3501 942 τὸ
3553 888 3762 965 γράφειν
3809 893 3897 961 περὶ

544 996 565 1022 ι
604 975 674 1029 Ut
706 975 868 1044 prius
893 974 1245 1029 accederent
1273 973 1347 1028 ad
1376 992 1496 1029 vos.
1525 997 1551 1023 ››
1585 975 1870 1040 Quoniam
1914 975 1975 1029 in
2012 991 2165 1046 supe'

2291 971 2509 1040 τούτου,
2543 973 2668 1034 »ὡς
2699 972 2874 1029 αὐτῶν
2935 972 3148 1044 δηλαδή
3200 975 3444 1050 ἑτοίμων
3509 970 3696 1046 ὄντῶν,
3720 971 3801 1028 ’ίνα
3847 980 3896 1047 μή

540 1062 797 1118 rioribus
824 1063 1089 1118 dixerat:
1125 1085 1152 1111 «
1197 1064 1630 1134 Supervacuum
1678 1064 1823 1118 mihi
1857 1069 1947 1119 est
1973 1063 2046 1119 de
2077 1064 2161 1118 hoi

2295 1057 2422 1135 δόξῃ
2458 1061 2667 1116 ἐναντία
2694 1062 2890 1139 λέγειν,
2921 1069 3010 1118 νῦν
3043 1064 3142 1121 οὐκ
3197 1062 3275 1120 ἔτι
3317 1065 3452 1138 περὶ
3513 1069 3613 1119 τοῦ
3668 1067 3900 1121 συνεισενὲ-

542 1151 823 1218 scribere,
859 1174 887 1202 ››
919 1156 1122 1224 utpote
1151 1153 1297 1223 ipsis
1318 1155 1446 1224 jam
1479 1154 1738 1225 paratis:
1763 1170 1838 1208 ne
1889 1154 2163 1210 contraria

2294 1170 2441 1223 γκαι,
2475 1148 2621 1206 ἀλλᾶ
2651 1153 2776 1227 περὶ
2814 1157 2910 1207 τοῦ
2941 1154 3157 1228 ταχέως
3187 1155 3276 1208 καὶ
3310 1151 3576 1227 δαψιλῶς
3604 1153 3689 1207 καί
3745 1154 3902 1227 «p006-

540 1241 736 1297 dicere
767 1241 1054 1308 videatur,
1115 1260 1236 1298 non
1294 1243 1550 1315 amplius
1601 1243 1843 1298 disserit
1893 1260 2053 1298 nunc
2116 1243 2161 1298 d<

2298 1259 2416 1312 μως
2447 1239 2776 1316 διαλέγεται,
2819 1238 2910 1298 διὰ
2951 1243 3178 1315 τούτων,
3235 1245 3464 1299 κάκεῖνο
3525 1243 3904 1310 κατασκευάζων.

536 1332 916 1395 conferendo,
949 1335 1051 1391 sed
1083 1335 1154 1390 de
1185 1334 1464 1390 velociter
1483 1340 1541 1389 et
1561 1334 1794 1390 abunde
1824 1351 1891 1391 ac
1913 1340 2157 1407 prompti

2297 1354 2325 1380 «
2383 1329 2597 1400 Ταύτην
2659 1332 2884 1404 ἑτοίμην
2942 1333 3102 1388 εἶναι.
3163 1357 3190 1384 »
3250 1337 3367 1404 Τὴν
3446 1335 3586 1408 μετὰ
3672 1331 3904 1408 δαψιλείας

537 1423 734 1478 animo
768 1423 1128 1478 conferendo
1164 1441 1177 1478 :
1211 1440 1318 1495 per
1349 1425 1472 1479 haec
1503 1424 1652 1479 illud
1692 1441 1929 1496 quoque
1970 1425 2158 1480 confir

2295 1419 2695 1492 ἐλεημοσύνην,
2732 1447 2758 1472 ‹‹
2793 1421 2979 1482 Οὕτως
3010 1423 3085 1483 (τις
3131 1421 3416 1500 εὐλογίαν.
3480 1448 3512 1475 ››
3563 1424 3768 1492 Οὕτως,
3813 1447 3907 1479 του-

539 1528 729 1566 mans.
767 1533 794 1562 «
830 1513 899 1568 Ut
929 1529 998 1567 ea
1027 1513 1104 1567 sit
1132 1513 1192 1568 in
1240 1518 1538 1584 promptu.
1600 1515 1698 1577 Ea,
1755 1529 1969 1586 nempe
2027 1513 2154 1569 elee

2294 1508 2469 1565 τέστιν
2501 1511 2636 1582 μετὰ
2666 1516 2839 1586 χαρᾶς
2869 1511 2958 1566 καὶ
2995 1509 3257 1581 σπουδῆς.
3289 1511 3495 1575 Ούδείς
3554 1514 3657 1591 γὰρ
3705 1514 3904 1590 εὐλογίαν

539 1617 805 1673 mosyna,
835 1619 968 1657 cum
1009 1601 1377 1658 abundantia
1434 1626 1460 1650 ‹‹
1496 1603 1588 1657 Sic
1622 1607 1905 1674 tanquam
1939 1603 2154 1658 benedi

2295 1597 2478 1662 διδοὺς
2512 1599 2783 1670 λυπεῖται,
2913 1601 2961 1672 ἐξ
2994 1602 3232 1675 ἀνάγκης
3265 1601 3526 1664 δίδωσιν.
3563 1608 3788 1669 Ἐκεῖνος
3829 1611 3901 1682 γὰρ

541 1695 675 1750 ctio.
695 1695 849 1754 »Sic.
870 1695 982 1750 hoc
1009 1700 1115 1760 est,
1151 1711 1284 1749 cum
1315 1695 1529 1767 gaudio
1563 1701 1619 1749 et
1650 1700 1930 1765 promptu
1959 1694 2160 1748 animo

2293 1688 2448 1762 ἀρκεῖ
2472 1685 2834 1746 καταϐάλλων
2870 1692 2897 1744 6
2945 1691 3477 1765 πλεονεκτούμενος,
3542 1697 3636 1750 καὶ
3691 1693 3904 1768 διδοὺςέξ

538 1783 749 1838 Nullus
782 1784 938 1838 enim
974 1783 1452 1837 benedictionem
1501 1782 1668 1850 dans,
1726 1789 1827 1836 aut
1865 1782 2046 1845 dolet,
2087 1797 2159 1836 au

2294 1779 2524 1855 ἀνάγκης
2554 1779 2690 1853 ἆπερ
2747 1777 3155 1852 ἐπλεονέκτησε.
3223 1789 3331 1838 Νῦν
3383 1781 3445 1838 δὲ
3509 1785 3760 1862 ἀφορμὴν
3810 1788 3901 1858 ὑμῖν

539 1889 607 1926 ex
630 1873 982 1927 necessitate
1005 1872 1123 1928 dat.
1156 1873 1259 1926 llle
1304 1873 1462 1928 enim
1515 1888 1730 1944 nempe
1761 1887 1991 1937 avarus,
2025 1871 2160 1926 dole

1211 1873 1259 1926 le
1304 1873 1462 1928 enim
1515 1888 1730 1944 nempe
1761 1887 1991 1937 avarus,
2025 1871 2190 1926 dolet
2295 1870 2568 1943 σωτηρίας
2598 1870 2632 1939 ἡ
2658 1867 2829 1932 δόσις.

535 1960 820 2032 abjiciens
849 1967 906 2015 et
935 1979 1004 2015 ex
1033 1962 1386 2017 necessitate
1419 1961 1567 2015 dans
1594 1977 1661 2016 ea
1694 1977 1823 2032 qua:
1857 1977 2032 2016 avaro
2055 1961 2256 2015 animo
2289 1959 2664 2032 possidebat:
2697 1966 2757 2016 at
2786 1978 2944 2019 nunc
2979 1962 3139 2018 vobis
3169 1965 3406 2020 occasio
3454 1971 3548 2020 est
3583 1964 3779 2020 salutis
3804 1967 3898 2037 ipsa

535 2049 943 2105 munificentia
974 2055 1032 2104 et
1049 2050 1308 2105 donatio.

610 2139 761 2194 668
790 2141 881 2206 1X,
916 2143 1033 2194 6-9.
1059 2164 1086 2188 ‹‹
1113 2141 1230 2194 Hoc
1261 2146 1459 2195 autem
1486 2156 1498 2193 :
1529 2140 1636 2204 Qui
1660 2155 1833 2210 parce
1857 2144 2188 2194 sementem
2220 2141 2231 2206 1

2366 2137 2541 2192 Τοῦτο
2641 2134 2721 2192 δὲ’
2756 2140 2819 2196 Ὀ
2921 2141 3155 2215 σπείρων
3189 2138 3563 2218 φειδομένως,
3615 2139 3908 2221 φειδομένως

542 2249 568 2276 «
596 2227 812 2292 facit,is
843 2245 1017 2299 parce
1035 2245 1338 2284 messurus
1361 2231 1545 2284 est.Et
1567 2229 1664 2300 qui
1685 2233 2014 2284 sementem
2045 2228 2157 2283 faci

2295 2226 2384 2281 καὶ
2427 2228 2646 2301 Θερίσει.
2711 2229 2812 2285 Καὶ
2881 2230 2907 2283 6
3010 2228 3245 2302 σπείρων
3321 2229 3408 2285 ἐπ’
3488 2230 3778 2307 εὐλογίαις,
3843 2230 3903 2286 ἐπι

542 2340 570 2368 ι(
593 2318 654 2372 in
678 2319 1378 2390 magnilicentia,copiose
1398 2337 1700 2375 messurus
1728 2326 1835 2388 est,
1860 2320 2163 2391 unusquis'

2297 2315 2570 2392 εὐλογίαις
2627 2318 2716 2372 καὶ
2772 2320 2991 2394 θερίσει,
3043 2318 3263 2381 ἕκαστος
3320 2321 3512 2384 καθὼς
3609 2327 3901 2395 προαιρεῖται

541 2430 568 2455 ‹‹
593 2425 708 2478 que
723 2408 895 2478 juxta
917 2410 1281 2480 propositum
1297 2410 1637 2475 cordis,non
1651 2427 1719 2464 ex
1734 2427 1984 2466 mmrore
2001 2416 2162 2466 aute:

2295 2409 2364 2478 τῇ
2408 2402 2623 2479 καρδίᾳ,
2683 2409 2757 2479 μή
2818 2408 2876 2462 ἐκ
2934 2407 3116 2478 λύπης
3171 2409 3205 2479 ἢ
3276 2409 3324 2482 ἐξ
3387 2410 3657 2485 ἀνάγκης.
3738 2409 3904 2482 Ἰλαρὸν

537 2520 564 2546 ‹‹
597 2499 947 2553 necessitate
979 2515 1154 2554 :nam
1194 2499 1442 2554 hilarem
1491 2499 1758 2554 datorem
1786 2500 1978 2573 diligit
2010 2501 2158 2556 Deus

2295 2495 2400 2570 γάρ
2432 2491 2595 2565 δότην
2627 2495 2803 2570 ἀγαπᾷ
2863 2498 2890 2551 6
2949 2497 3100 2559 Θεός.
3165 2499 3398 2563 Δυνατὸς
3453 2498 3513 2554 δὲ
3573 2501 3601 2554 ὁ
3641 2499 3761 2562 Θεὸς
3827 2504 3903 2552 κᾶ-

542 2603 566 2634 ε
592 2584 808 2638 Potens
831 2587 919 2639 est
947 2589 1147 2638 autem
1178 2585 1332 2638 Deus
1353 2584 1681 2652 efﬂcere,ut
1699 2585 1892 2640 omnis
1913 2586 2102 2658 gratia
2122 2586 2163 2640 ii

2297 2604 2389 2638 σαν
2421 2583 2582 2658 χάριν
2678 2590 3020 2660 περισσεῦσαι
3124 2587 3200 2649 είς
3237 2589 3404 2656 ὑμᾶς,
3483 2587 3584 2643 ’ίνα
3661 2587 3712 2643 ἐν
3779 2589 3902 2642 παντὲ

541 2694 567 2721 ‹‹
593 2689 690 2727 vas
712 2673 1087 2739 exuberet,ut
1118 2674 1178 2728 in
1211 2673 1486 2730 omnibus
1509 2691 1744 2746 semper
1772 2693 2011 2731 omnem
2027 2675 2160 2731 sufﬁ

2295 2671 2525 2729 πάντοτε
2598 2679 2770 2729 πᾶσαν
2873 2674 3192 2751 αὐτάρκειαν
3268 2671 3521 2752 ἔχοντες,
3600 2680 3901 2752 περισσεύητε

539 2785 565 2811 ‹‹
584 2763 862 2818 cientiam
875 2763 1162 2818 habentes
1175 2763 1508 2819 exuberetis
1522 2763 1582 2818 in
1597 2780 1924 2835 omneopus
1938 2763 2160 2820 bonum

2296 2761 2371 2824 εἷς
2401 2767 2503 2816 πᾶν
2535 2757 2694 2840 ἔργον
2727 2763 2946 2839 ἀγαθὸν,
2977 2766 3159 2829 καθὼς
3197 2765 3525 2844 γέγραπται.
3584 2767 3900 2842 Ἐσκόρπίπεν,

542 2873 569 2899 ‹‹
593 2851 1096 2922 quemadmodum
1112 2853 1396 2923 scriptum
1417 2859 1505 2908 est
1523 2869 1535 2906 :
1552 2852 2030 2922 Dispersit.dedit
2047 2869 2161 2923 pan

2295 2846 2464 2906 ἔδωκε
2491 2858 2608 2916 τοῖς
2647 2852 2888 2924 πένησιν,
2922 2857 2955 2925 ἠ
2995 2851 3310 2928 δικαιοσύνη
3345 2857 3522 2913 αύτοῦ
3577 2857 3718 2931 μένει
3748 2858 3812 2916 εἰς
3834 2856 3899 2909 τὸν

546 2962 574 2990 ‹‹
598 2941 858 3012 peribus,
885 2942 1119 3012 justitia
1157 2944 1284 3012 ejus
1305 2948 1508 2999 manet
1546 2943 1603 2997 in
1637 2942 1944 2998 smculum.
1977 2963 2004 2992 »
2295 2939 2483 2997 αἰῶνα.

559 3018 572 3030 ⁸
616 3034 816 3101 Parce,
850 3033 1064 3104 inquit,
1099 3038 1158 3089 et
1184 3032 1459 3088 tenuiter.
1494 3055 1521 3083 ‹‹
1556 3034 1673 3088 Hoc
1702 3039 1920 3089 autem.
1949 3053 1977 3082 »
2005 3033 2180 3104 Opus,

2369 3028 2690 3102 Φειδωλῶς,
2717 3034 2874 3112 φησὶ,
2906 3034 2997 3088 καὶ
3027 3041 3262 3096 κνιπῶς.
3303 3060 3332 3088 ‹‹
3365 3039 3552 3094 Τοῦτο
3595 3034 3671 3106 δὲ,
3704 3060 3728 3087 υ
3749 3034 3801 3089 τὸ
3831 3039 3901 3100 τῆς

544 3124 753 3197 inquit,
792 3124 1184 3196 eleemosynae
1208 3125 1271 3179 in
1311 3126 1467 3180 hunc
1499 3125 1741 3180 modum
1775 3140 1836 3180 se
1887 3123 2084 3180 habet.
2117 3124 2160 3177 E

2298 3118 2696 3195 ἐλεημοσύνης,
2730 3123 2912 3200 φησὶν,
2974 3123 3148 3188 οὕτως
3211 3122 3328 3201 ἔχει
3385 3128 3620 3202 τρόπου.
3686 3125 3779 3181 Καὶ
3813 3121 3904 3177 λοια

543 3213 822 3284 deinceps
855 3230 1059 3268 semen
1087 3213 1234 3267 illud
1265 3213 1547 3284 appellat.
1581 3219 1646 3269 ut
1688 3211 1762 3268 ad
1809 3229 2062 3268 messem
2103 3229 2164 3269 re

2297 3211 2395 3263 πὸν
2431 3211 2628 3282 σπόρον
2660 3211 2790 3265 αὐτὸ
2815 3211 2973 3266 καλεῖ
3001 3215 3094 3268 ἳνα
3137 3215 3273 3288 πρὸς
3304 3216 3398 3270 τὸν
3455 3217 3673 3290 ἀμητὸν
3728 3209 3898 3268 532303!-

539 3301 858 3371 spicientes
889 3308 946 3354 et
977 3302 1132 3371 quod
1164 3302 1212 3356 is
1245 3302 1344 3372 qui
1386 3303 1572 3356 multa
1593 3307 1694 3356 aut
1725 3301 2160 3372 paucasemina

2296 3320 2406 3368 τες,
2447 3301 2534 3354 καὶ
2568 3301 2650 3354 ὅτι
2679 3301 2706 3354 6
2746 3301 2968 3375 σπείρας
3023 3301 3209 3358 πολλὰ
3266 3305 3354 3359 καὶ
3413 3305 3610 3380 ὀλίγα,
3667 3301 3900 3374 ἀναλόγως

536 3389 706 3451 verit,
733 3390 903 3457 juxta
923 3391 1367 3459 proportionem
1401 3407 1706 3445 messurus
1737 3395 1833 3457 sit,
1856 3393 2150 3464 promptio

2299 3389 2520 3462 θερίζει,
2551 3391 2952 3466 προθυμότεροι
3025 3392 3162 3465 πρὸς
3201 3396 3299 3462 τήν
3357 3394 3618 3472 εῖσφορὰν
3668 3395 3895 3469 γένωνται.

537 3492 631 3529 res
659 3475 802 3528 ﬁant
825 3475 898 3530 ad
929 3475 1330 3534 collationem.
1365 3500 1394 3528 ‹‹
1428 3481 1494 3532 Et
1525 3479 1625 3549 qui
1658 3486 1987 3535 sementem
2039 3480 2150 3535 faci

2295 3501 2331 3534 α
2364 3479 2458 3535 Καὶ
2493 3481 2520 3534 6
2553 3479 2785 3556 σπείρων
2837 3480 2918 3534 ἐπ’
2991 3480 3286 3560 εὐλογίαις.
3347 3508 3374 3535 ››
3435 3486 3593 3542 Μετά
3645 3479 3894 3556 δαψιλείας,

539 3565 599 3620 in
630 3563 1092 3635 magnificentia.
1135 3588 1163 3614 ››
1210 3565 1477 3635 Abunde,
1524 3568 1740 3638 inquit,
1800 3575 1857 3623 et
1916 3569 2158 3640 largiter

2292 3568 2448 3646 φησὶ,
2489 3569 2578 3622 καὶ
2637 3566 2960 3644 ἁδρότητος.
3027 3595 3047 3621 ι
3097 3574 3358 3634 Ἕκαστος
3413 3575 3600 3635 καθὼς
3673 3569 3894 3642 προαιρεῑι

539 3677 565 3703 ‹‹
619 3653 1031 3725 Unusquisque
1081 3655 1250 3724 juxta
1301 3657 1670 3726 propositum
1727 3657 1944 3711 cordis.
2009 3680 2038 3706 ››
2098 3661 2160 3712 Α(

2289 3677 2380 3710 ται
2409 3660 2478 3729 τῇ
2510 3655 2725 3732 καρδίᾳ.
2762 3681 2789 3709 ››
2822 3659 2944 3714 Ἐπὶ
2999 3661 3062 3714 τὸ
3120 3661 3382 3735 πρότερον
3414 3661 3585 3717 πάλιν
3625 3658 3770 3728 ἦλθε,
3820 3674 3896 3728 μο-

541 3745 739 3816 priora
764 3744 936 3810 redit,
960 3743 1162 3800 dicens
1192 3745 1641 3817 propemodum.
1677 3747 1757 3799 Ea
1787 3744 2028 3817 quidem
2054 3763 2162 3817 qua

2288 3743 2449 3800 νονοὺ
2478 3750 2642 3800 τοῦτο
2675 3744 2872 3819 λέγων’
2922 3749 3004 3804 Τὰ
3062 3749 3158 3822 μὲν
3219 3748 3560 3820 λαληθῆναι,
3619 3749 3761 3826 φησί,
3804 3740 3894 3814 περὲ

540 3836 611 3891 de
645 3836 1021 3907 eleemosyna
1063 3835 1179 3890 dici
1209 3841 1442 3907 oportet
1489 3836 1614 3892 haec
1670 3841 1852 3890 sunt:
1905 3841 2161 3892 caeterun

2290 3831 2665 3907 ὲλεημοσύνης
2699 3835 3013 3911 ὀφείλοντα,
3044 3841 3232 3907 ταῦτα,
3279 3837 3430 3909 πλὴν
3490 3839 3670 3904 καθὼς
3719 3831 3897 3890 ἕκαστος

541 3927 949 3997 unusquisque
990 3926 1072 3981 ita
1126 3926 1348 3981 tribuat
1401 3926 1572 3983 sicuti
1622 3925 1948 3996 proposuit.
1975 3949 2002 3975 ι(
2060 3926 2162 3980 Nor

2287 3927 2651 3994 προαιρεῖται,
2713 3923 2887 3985 οὕτως
2947 3921 3167 3982 διδότω.
3204 3951 3230 3978 ‹‹
3293 3929 3384 3997 Μή
3447 3927 3509 3982 ἐκ
3567 3927 3754 3993 λύπης.
3791 3915 3893 3975 »οὖ

537 4031 607 4068 ex
640 4031 908 4069 mmrore.
948 4038 973 4063 ››
1007 4018 1130 4072 Non
1161 4017 1322 4072 enim
1356 4015 1604 4071 avaritia
1633 4020 1734 4070 aut
1762 4015 1993 4071 lucrum
2029 4031 2158 4085 qua:

2288 4009 2390 4086 γὰίρ
2426 4009 2536 4065 ἐστι
2599 4010 2903 4082 πλεονεξία.
2940 4037 2969 4064 ‹‹
3031 4011 3188 4083 Μηδὲ.
3241 4015 3290 4085 ἐξ
3341 4017 3605 4091 ἀνάγκης.
3641 4039 3668 4067 ››
3704 4011 3768 4067 Οὖ
3815 4008 3893 4084 γάρ

537 4103 808 4158 rendum.
846 4127 872 4152 α
905 4107 1016 4159 Aut
1057 4122 1127 4160 ex
1185 4105 1560 4161 necessitate.
1599 4127 1625 4152 ››
1681 4104 1989 4160 Neminem
2021 4104 2158 4160 enin

2291 4097 2614 4174 βιαζόμεθα,
2669 4100 2829 4178 φησὶ,
2875 4103 3012 4157 τινά.
3079 4105 3221 4159 Εἴπε
3277 4106 3380 4180 γὰρ
3422 4107 3560 4176 ἄνω,
3609 4131 3634 4157 α
3691 4100 3759 4158 Οὐ
3805 4093 3894 4152 κατ’

537 4191 820 4263 cogimus,
855 4193 1064 4263 inquit.
1099 4196 1162 4249 1n
1214 4194 1621 4265 superioribus
1671 4210 1930 4264 namque
1987 4194 2136 4248 dixit

2287 4187 2546 4260 ἐπιταγὴν
2582 4187 2750 4265 λέγω.
2789 4213 2816 4240 ››
2850 4190 2953 4247 Καὶ
2984 4190 3172 4260 πάλιν,
3206 4217 3232 4243 «ι
3273 4198 3505 4267 Γνώμην
3543 4193 3600 4250 δὲ
3652 4187 3844 4258 δίδωμι.
3871 4203 3889 4230 η

539 4303 567 4331 ‹‹
594 4284 719 4336 Non
751 4282 1093 4353 imperando
1127 4283 1340 4354 loquor
1368 4283 1413 4318 ⁸⁵
1448 4300 1460 4349 ;
1497 4305 1524 4332 ››
1560 4288 1617 4337 et
1667 4300 1941 4339 rursum:
1975 4304 2004 4333 «
2032 4284 2160 4338 Con

2287 4310 2357 4320 —
2394 4299 2414 4326 ι
2449 4276 2666 4357 Ἱλαφὸν
2696 4278 2795 4353 γὰρ
2852 4277 3014 4349 δότην
3073 4280 3259 4352 ἀγαπᾷ
3290 4283 3318 4336 6
3375 4283 3528 4345 Θεός.
3565 4308 3593 4336 ››
3634 4279 3729 4338 Κιὶ
3781 4290 3892 4347 μαρ-

537 4373 734 4430 silium
766 4379 964 4428 autem
995 4373 1069 4428 do
1112 4371 1176 4426 ‘6.
1211 4393 1240 4422 γ)
1297 4403 1367 4413 --
1425 4393 1446 4422 ε
1503 4373 1647 4427 Nam
1707 4372 1957 4428 hilarem
2017 4373 2158 4428 dato

2286 4367 2444 4442 τυρίᾳ
2476 4362 2708 4440 βεϐαιοῖ,
2740 4367 2801 4423 τὸ
2835 4370 2912 4442 μὴ
2947 4366 3057 4424 δεῖν
3091 4369 3151 4424 ἐκ
3209 4368 3388 4440 λύπης
3449 4370 3671 4429 διδόναι.
3703 4392 3727 4419 ιι
3757 4369 3887 4420 liven-

535 4481 660 4518 rem
693 4463 886 4534 diligit
910 4463 1079 4518 Deus.
1117 4484 1144 4509 »
1175 4462 1536 4516 Testimonio
1577 4478 1813 4533 quoque
1873 4461 2156 4518 conﬁrma

2291 4460 2531 4528 ματικῶν
2611 4477 2690 4524 τε,
2751 4458 2908 4531 φησὶ,
2977 4458 3066 4512 καὶ
3153 4467 3424 4534 σαρκικῶν
3485 4473 3816 4538 πραγματων,
3868 4470 3887 4495 ’³

534 4553 688 4624 quod
721 4570 791 4608 ex
822 4567 1072 4607 maerore
1104 4551 1243 4605 dare
1275 4567 1396 4606 non
1445 4557 1733 4621 Oporteat,
1770 4575 1796 4599 ‹‹
1862 4552 1930 4606 Ut
1987 4553 2149 4606 omni

2288 4545 2425 4600 ὣστε
2457 4543 2714 4600 δύνασθαι
2771 4547 2909 4618 ὑμᾶς
2943 4543 3193 4621 δαψιλῶς
3228 4536 3662 4622 μεταδιδόνᾴιρῆ
3711 4547 3781 4599 ὅτι
3813 4536 3885 4592 δύ-

531 4643 717 4716 gratia
740 4643 798 4697 in
825 4659 924 4697 vos
953 4641 1252 4696 exuberet.
1290 4664 1316 4688 ››
1349 4640 1576 4708 Omnis,
1601 4639 1815 4710 inquit,
1835 4641 2023 4712 gratia
2063 4648 2152 4695 tan

2285 4656 2440 4690 ναται
2486 4636 2514 4690 6
2554 4635 2708 4704 Θεὸς,
2771 4636 2925 4708 ὑμῶν
2985 4640 3216 4710 σαρκικά
3279 4641 3369 4694 καὶ
3431 4642 3601 4717 μικρὰ
3654 4632 3882 4694 διδόντων,

532 4731 929 4801 spiritualium
963 4747 1139 4800 quam
1174 4728 1502 4784 carnalium
1555 4744 1774 4794 rerum,
1830 4733 1894 4782 ut
1945 4727 2153 4784 abuudi

2285 4723 2622 4794 πνευματικᾶ
2699 4724 2789 4779 καὶ
2872 4723 3084 4798 μεγάλα
3161 4725 3502 4796 ἀντιδοῦναι,
3589 4729 3669 4786 καὶ
3741 4737 3881 4796 περισ-

533 4820 769 4890 possitis
801 4820 1082 4875 tribuere.
1118 4821 1231 4873 Aut
1260 4817 1419 4889 quod
1445 4817 1637 4889 potest
1663 4817 1833 4883 Deus,
1866 4816 2028 4871 vobis
2051 4835 2151 4872 car

2287 4816 2491 4868 σεῦσαι.
2529 4814 2607 4870 Οὐ
2639 4812 2828 4886 μόνον,
2872 4814 3028 4891 φησί,
3082 4813 3400 4890 πληρῶσαι,
3458 4817 3604 4876 ἀλλὰ
3652 4816 3728 4874 καὶ
3778 4808 3878 4877 ὑπὲρ

536 4907 696 4961 nalia
717 4924 782 4962 ac
813 4924 991 4978 parva
1023 4907 1440 4971 tribuentibus,
1479 4906 1816 4978 spiritualia
1846 4921 2157 4979 magnaqui

2251 4902 2255 4940 ⁵
2285 4901 2384 4970 τήν
2419 4901 2606 4976 χρείαν
2642 4901 2850 4960 δοῦναι.
2884 4928 2912 4954 ‹‹
2974 4906 3155 4960 Ηᾶσαν
3208 4907 3551 4980 αὐτάρκειαν.
3583 4931 3609 4964 ε
3663 4911 3777 4979 "Opi
3806 4917 3872 4951 σο·

535 4996 882 5067 rependere,
916 5003 973 5052 et
1004 5000 1197 5055 facere
1231 5004 1290 5052 ut
1327 4997 1667 5053 exuberent.
1702 4998 1825 5051 Non
1858 4995 2148 5059 solum,in

2289 4990 2434 5069 φίανο
2495 4993 2582 5048 Ἐν
2635 4998 2752 5054 τοῖς
2810 4999 3090 5068 σαρκικοῖς
3157 4995 3475 5071 αὐτάρκειαν
3541 4999 3711 5058 αὐτοῖς
3757 4992 3873 5045 δπευ·

535 5087 681 5158 quit,
739 5086 1008 5156 implere,
1040 5105 1243 5144 verum
1314 5089 1493 5146 etiam
1550 5088 1706 5144 ultra
1762 5089 2156 5144 necessitateu

2288 5082 2552 5157 χόμενος,
2610 5081 2663 5138 ἐν
2720 5089 2838 5145 τοῖς
2896 5093 3288 5156 πνευματικοῖς
3331 5090 3636 5162 περισσείαν
3685 5083 3760 5141 καὶ
3803 5095 3868 5130 πε·

535 5177 696 5232 dare.
736 5199 756 5223 ι
793 5176 1037 5232 Omnem
1072 5177 1514 5232 sufﬁcientiam.
1547 5200 1573 5226 ››
1605 5178 1925 5234 Considera
1942 5178 2156 5249 sapien-

2289 5171 2529 5242 ριουσίαν
2573 5169 2810 5246 εὔχεται.
2847 5197 2874 5223 ‹‹
2911 5174 3281 5248 Ἐσκόρπισεν,
3316 5175 3485 5233 ἔδωκε
3511 5186 3626 5242 τοῖς
3677 5173 3868 5238 πένησιιν

533 5268 694 5322 tiam.
731 5266 794 5320 In
826 5265 1165 5318 carnalibus
1223 5266 1647 5322 sufﬁcientiam
1681 5267 1825 5339 ipsis
1857 5272 2130 5338 precatur

2287 5260 2393 5317 Τὸν
2451 5263 2741 5335 προφήτην
2795 5261 2980 5324 αὐτοῖς
3046 5262 3320 5342 ἐφίστησι,
3379 5263 3654 5341 δαψίλειαν
3722 5274 3870 5330 παραισ

531 5362 591 5412 at
621 5356 680 5410 in
712 5351 1124 5426 spiritualibus
1181 5353 1625 5410 exuberantiam
1675 5363 1732 5411 et
1785 5356 2152 5428 opulentiam

2285 5354 2494 5406 νοῦντα.
2573 5351 2649 5406 Τὸ
2707 5352 2834 5426 γὰρ,
2898 5352 3209 5426 σκορπίσαι,
3293 5352 3579 5429 δαψίλειας
3658 5363 3865 5424 σημαντι·

533 5443 842 5516 Dispersit,
859 5441 1022 5495 dedit
1043 5441 1422 5510 pauperibus.
1459 5465 1486 5491 ››
1512 5445 1868 5515 Prophetam
1888 5447 1973 5502 eis
1991 5445 2147 5501 addu

2287 5445 2402 5499 κόν.
2471 5468 2490 5491 ι
2555 5443 2616 5499 Ἡ
2677 5439 2996 5513 δικαιοσύνη
3057 5443 3248 5501 αὐτοῦ.
3308 5470 3335 5498 η
3421 5449 3665 5510 Δικαίους
3718 5433 3865 5516 γὰρῆ

534 5535 613 5589 cit
641 5533 713 5590 ad
742 5530 1160 5588 liberalitatem
1191 5529 1626 5588 adhortantem.
1657 5535 1799 5588 Nam
1841 5534 2155 5608 dispergeri

2287 5531 2633 5605 ἐλεημοσύνη
2736 5535 2905 5601 ποιεῖ,
3011 5532 3192 5608 ὥσπερ
3267 5540 3374 5609 πῦρ
3456 5539 3761 5611 καθαίρουσα
3819 5517 3865 5572 τὰ

606 5711 874 5771 “IICor.
909 5728 1027 5786 un,
1061 5714 1112 5770 ἃ.
1145 5709 1196 5747 ⁸⁸
1223 5708 1371 5770 Ibid.
1408 5709 1498 5770 1ο.
