4128 6192
279 329 306 388 1
318 326 439 391 025

1242 324 1655 390 COMMENT.
1702 327 1779 387 lN
1827 324 2072 387 EPIST.
2120 325 2170 387 Il
2216 324 2326 388 AD
2369 324 2738 390 CORINTH.

3533 328 3690 391 1026

274 462 767 540 πλημμελήματα.
796 486 825 516 ‹ι
857 463 1019 523 Μενει
1052 461 1129 525 εἰς
1168 460 1261 519 τὸν
1300 462 1491 521 αἶῶνὰ.
1527 488 1556 517 ››
1613 459 1753 522 Οὐδὶ
1803 480 1935 519 ποτε

2054 462 2503 537 signiﬁcativum
2535 466 2624 520 est
2655 461 3074 521 exuberantia.
3110 486 3139 515 ‹‹
3184 462 3420 521 Iustitia
3462 466 3611 538 ejus.
3660 490 3689 519 ››

275 554 378 632 γάρ
412 548 669 610 σϐἑννυτα
680 574 716 609 ι.

358 842 420 900 Ὀ
479 837 538 896 δὶ
620 840 978 918 ἐπιχορηγῶν
1064 845 1281 917 σπέρμα
1350 844 1431 914 τῷ
1519 840 1789 914 σπείροντι
1844 840 1934 896 καὶ

289 928 449 1005 ἄρτον
533 930 610 994 εἷς
696 932 948 1008 βρῶσιν,
1058 934 1381 1008 χορηγήσαι
1469 931 1559 986 καὶ
1660 928 1935 1000 πληθύναι

286 1021 380 1077 τὸν
450 1020 652 1098 σπόρον
739 1022 913 1095 ὑμῶν,
994 1021 1083 1077 καὶ
1169 1021 1397 1095 αὐξήσαι
1474 1020 1543 1076 τὰ
1622 1019 1936 1094 γεννήματα

283 1115 383 1177 τῆς
457 1108 810 1182 δικαιοσύνης
886 1112 1064 1184 ὑμῶν,
1148 1112 1200 1167 ἐν
1280 1111 1436 1167 παντὶ
1490 1109 1935 1183 πλουτιζόμενοι,

285 1200 362 1264 εἷς
464 1204 638 1256 πᾶσαν
741 1198 1049 1272 ἁπλότητα,
1143 1201 1269 1271 ¹ἥτις
1367 1199 1752 1277 κατεργάζεται
1867 1195 1939 1253 δι’

282 1292 445 1365 ἡμῶν
496 1289 848 1366 εὐχαριστίαν
904 1293 983 1363 τῷ
1049 1293 1185 1364 Θεῷ.
1249 1292 1371 1349 ’Ότι
1441 1292 1476 1359 ἡ
1540 1286 1785 1345 διακονία
1838 1295 1939 1358 τῆς

285 1379 628 1455 λειτουργίας
684 1379 911 1450 ταύτης,
1001 1377 1062 1434 οὐ
1144 1378 1308 1454 μόνον
1375 1378 1488 1435 ἐστὶ
1544 1375 1938 1454 προσαναπλη-

287 1472 456 1543 ροῦσα
528 1468 595 1522 τά
697 1467 1063 1541 ὑστερήματαο
1143 1471 1251 1522 τῶν
1328 1466 1521 1543 ἁγίων,
1598 1465 1746 1522 ἀλλὰ
1845 1465 1936 1520 καὶ

286 1556 678 1632 περισσεύουσα
733 1553 823 1611 διὰ
877 1554 1105 1612 πολλῶν
1182 1557 1550 1636 εὐχαριστιῶν
1636 1554 1716 1629 τῷ
1798 1560 1936 1628 Θεῷ,

288 1643 377 1700 διὰ
431 1653 532 1712 τῆς
608 1642 846 1718 δοκιμῆς
944 1652 1048 1716 τῆς
1155 1643 1430 1709 διακονίας
1505 1645 1707 1715 ταύτης
1783 1641 1938 1717 δοξά-

289 1739 466 1804 ζοντες
524 1735 617 1790 τὸν
673 1735 829 1803 Θεὸν,
896 1734 983 1790 ἐπὶ
1041 1740 1110 1811 τῇ
1171 1735 1416 1811 ὑποταγῇ
1474 1741 1573 1800 τῆς
1633 1732 1939 1807 ὁμολογίας

290 1823 444 1897 ὑμῶν
505 1822 581 1885 εἷς
635 1823 698 1878 τὸ
748 1820 1090 1901 Εὐαγγέλιον
1155 1828 1252 1879 τού
1308 1826 1570 1899 Χριστοῦ.

362 1916 449 1971 Ἐν
474 1917 646 1994 εὐχῆς
673 1914 820 1986 τάξει
868 1914 1157 1970 αἰνίττεται
1210 1915 1273 1969 τὸ
1318 1915 1392 1987 μή
1426 1910 1534 1969 δεῖν
1595 1910 1822 1985 δειλιᾷν,
1861 1913 1937 1987 μὴ

286 2026 405 2067 πως
438 2002 564 2067 δούς
607 2026 690 2066 τις
748 2002 957 2075 πολλὰ,
1018 2004 1179 2068 αὐτὸς
1234 2001 1421 2075 ἐνδεὴς
1475 2004 1688 2079 εὑρεθῇ.
1747 2004 1808 2061 Ὀ
1835 2002 1938 2078 γὰρ

291 2090 507 2171 σπὲρμα
564 2099 830 2173 χορηγῶν
913 2095 1040 2157 Θεὸς
1121 2099 1201 2168 τῷ
1279 2095 1369 2150 τὸν
1425 2092 1681 2164 αἰσθητὸν
1737 2092 1939 2168 σπόρον

290 2183 590 2259 σπείροντι,
621 2184 709 2239 καὶ
741 2185 807 2239 τὸ
848 2187 1006 2259 σῶμα
1036 2184 1249 2261 τρέφων
1307 2179 1477 2257 ἄρτῳ,
1536 2186 1655 2245 πῶς
1710 2180 1769 2236 ἂν
1802 2179 1939 2255 ἁμὲ-

289 2270 479 2343 λήσειε
534 2277 632 2329 τοῦ
718 2273 811 2329 τὸν
871 2274 1236 2347 πνευματικὸν
1319 2270 1640 2345 σπείροντος
1686 2268 1938 2343 σπόρον;

296 2383 321 2416 ε
355 2365 678 2437 Χορηγήσαι
726 2363 815 2419 καὶ
873 2362 1167 2435 πληθύναι.
1205 2387 1234 2416 ››
1267 2362 1639 2437 Χορηγήσειεν
1700 2360 1827 2432 ὑμῖν
1876 2358 1942 2413 τά

294 2449 525 2525 σαρκικὰ
557 2447 829 2525 δαψιλῶς,
874 2448 957 2527 ἵνα
1008 2450 1296 2525 πληθυνθῇ
1355 2449 1447 2504 καὶ
1504 2450 1540 2518 ἦ
1598 2445 1943 2520 ἐλεημοσύνη

299 2540 475 2615 ὑμῶν.
506 2539 715 2613 Ταύτην
763 2542 870 2619 γὰρ
927 2545 1019 2597 νῦν
1080 2542 1281 2617 σπόρον
1344 2539 1500 2621 φησί.
1552 2562 1580 2591 α
1614 2537 1717 2595 Καὶ
1775 2536 1939 2608 αὐξή-

297 2649 388 2684 σαι
415 2629 481 2685 τά
503 2631 832 2704 γεννήματα.
866 2660 889 2685 )›
945 2631 1037 2687 Ἐκ
1092 2633 1192 2706 γάρ
1249 2631 1346 2685 τοῦ
1398 2635 1499 2698 τῆς
1559 2625 1940 2701 ἐλεημοσύνης

301 2718 528 2790 σπόρου,
573 2715 715 2789 αὔξει
773 2717 1123 2791 δικαιοσύνης
1181 2721 1512 2797 γεννήματα.
1560 2719 1844 2788 Τροπικῶς
1884 2712 1942 2771 δὲ

302 2806 408 2865 ολα
436 2810 596 2865 εἶπεν.
658 2836 687 2863 α
739 2813 895 2874 Ἠτις
962 2810 1344 2887 κατεργάζεται
1402 2808 1473 2864 δι’
1528 2812 1711 2883 ἡμῶν.
1747 2830 1772 2861 ε
1846 2805 1941 2869 Εἷς

295 2899 515 2970 ταύτην,
549 2901 704 2979 φησὶ,
744 2903 842 2971 τήν
886 2899 1170 2973 ἁπλότητα
1197 2900 1286 2955 καὶ
1353 2897 1642 2975 δαψίλειαν
1707 2896 1939 2953 πλουτι-

298 2989 533 3061 σθείητε,
591 2989 716 3060 ἥτις
777 2990 1163 3067 κατεργάζεται
1241 2987 1311 3045 δι’
1365 2992 1525 3063 ἡμῶν
1586 2988 1934 3066 εὐχαριστίαν

291 3083 373 3151 τῷ
403 3084 540 3151 Θεῷ.
572 3079 638 3137 Τί
663 3076 720 3135 δὶ
747 3079 811 3135 τὸ
842 3080 932 3135 καὶ
977 3081 1105 3142 τούς
1160 3077 1365 3143 ἄλλους
1418 3077 1821 3152 παρασκευάζον
1852 3076 1935 3132 εὐ-

293 3174 577 3247 χαριστεῖν
608 3173 687 3241 τῷ
740 3173 875 3242 Θεῷ,
922 3170 1077 3246 ὑπὲρ,
1109 3169 1183 3223 ὧν
1214 3169 1303 3224 καὶ
1336 3169 1490 3242 ὑμεῖς
1518 3168 1824 3239 κεκτήμεθα
1852 3186 1866 3235 ;
1897 3167 1932 3235 ἡ

294 3257 509 3313 εὐποιία
566 3255 845 3329 δηλονότι.
933 3257 1308 3322 Πλουτίσασθε
1392 3254 1485 3311 οὗν
1542 3256 1617 3318 εἷς
1664 3253 1931 3313 εὐποιίαν.

294 3346 466 3404 Τοῦτο
503 3348 607 3424 γάρ
635 3348 727 3403 καὶ
764 3347 894 3411 τοὺς
955 3342 1332 3422 λαμϐάνοντας
1390 3347 1541 3420 ἡμᾶς
1600 3346 1942 3420 εὐχαριστεῖν

294 3438 516 3507 ποιήσει
538 3442 676 3510 Θεῷ.
704 3439 924 3509 «Ὅτιή
950 3435 1220 3496 διακονία,
1248 3462 1274 3489 ››
1296 3438 1627 3506 Τουτέστινὴ
1652 3432 1946 3512 φιλοτιμία

296 3526 389 3580 καὶ
417 3528 452 3596 ἡ
485 3525 712 3603 εἰσφορὰ
738 3532 847 3583 τῶν
880 3528 1188 3607 χρημάτων
1224 3526 1458 3597 τούτων,
1489 3525 1578 3580 καὶ
1617 3528 1652 3595 ἡ
1697 3523 1948 3600 λειτουρ-

298 3615 394 3688 γία
422 3616 457 3683 ἠ
490 3618 831 3689 πνευματική
866 3618 901 3686 ἡ
936 3614 1337 3690 διακονουμένη
1364 3615 1450 3682 ὑφ’
1481 3617 1660 3688 ἡμῶν.
1682 3638 1709 3666 ‹‹
1745 3612 1818 3669 Οὐ
1853 3612 1948 3685 μὸ-

304 3723 395 3759 νον
427 3701 543 3759 ἔστῖ
569 3707 1120 3783 προσαναπληροῦσα.
1165 3731 1192 3760 ‹‹
1222 3706 1301 3765 Οὐ
1354 3704 1540 3781 μόνον,
1599 3703 1755 3785 φησὶ,
1786 3706 1947 3758 τοῦτο

305 3794 589 3867 καεορθοῖ,
659 3796 725 3851 τὸ
781 3795 1130 3872 ἀναπληροῦν
1188 3794 1254 3850 τὰ
1311 3794 1654 3870 ὑστερήματα
1708 3793 1798 3848 καὶ
1847 3791 1949 3861 τὴν

308 3878 514 3937 ἔνδειαν
561 3887 667 3939 τῶν
694 3885 887 3959 ἁγίων,
920 3884 1065 3941 ἀλλὰ
1110 3885 1202 3940 καὶ
1260 3883 1590 3959 περισσεύειν
1650 3881 1795 3938 ποιεῖ
1848 3884 1949 3952 τὴν

309 3969 386 4032 εἷς
415 3972 543 4027 Θεὸν
599 3973 976 4052 εὐχαριστίαν,
1033 3972 1097 4028 τὸ
1149 3971 1239 4028 διὰ
1292 3971 1521 4028 πολλῶν
1563 3972 1945 4050 προφέρεσθαι.

307 4059 436 4118 Οῖον
484 4058 541 4117 δὲ
599 4061 713 4119 ἔστι
760 4063 853 4118 καὶ
908 4064 1121 4140 τρέφειν
1189 4060 1534 4135 πενομένους,
1582 4059 1672 4116 καὶ
1711 4059 1946 4139 εὐχαρι-

305 4156 543 4217 στεῖσθαι
627 4151 1049 4227 παρασκευάζειι
1133 4152 1284 4207 Θεόν.
1368 4151 1448 4208 Τά
1504 4151 1608 4226 γὰρ
1685 4147 1803 4217 δύο,
1842 4153 1951 4204 τῶν

304 4242 438 4316 ἄγαν
496 4238 951 4314 ἐπαινουμένων.
1016 4239 1325 4315 Περισσεύει
1380 4236 1457 4311 δὶ,
1516 4238 1669 4316 φησὶ,
1730 4236 1819 4293 διὰ
1847 4241 1948 4302 τῆς

304 4329 541 4406 δοκιμῆς
567 4338 665 4402 τῆς
694 4329 967 4394 διακονίας
998 4330 1222 4401 ταύτης,
1254 4328 1499 4384 τουτέστι
1540 4331 1643 4393 τῆς
1683 4323 1949 4400 δοκίμου,

302 4421 392 4475 καὶ
451 4421 610 4496 πείρα
658 4424 758 4490 τήν
834 4421 1189 4497 χρηστότητα
1242 4415 1490 4489 δειξάσης
1547 4415 1950 4490 ἐλεημοσύνης,

305 4509 370 4579 ἢν
403 4512 567 4584 ἡμεῖς
598 4508 953 4583 διακονοῦμεν
987 4511 1139 4582 ὑ;ιῖν,
1187 4508 1369 4586 φησίν.
1432 4530 1460 4559 ‹‹
1491 4504 1672 4561 Ἀλλὰ
1734 4503 1821 4559 καὶ
1853 4523 1949 4559 πε-

307 4600 647 4677 ρισσεύουσα.
684 4623 712 4650 ν
744 4604 869 4663 Πῶς
918 4597 974 4654 δὲ
1028 4596 1333 4675 περισσεύει

303 4694 421 4762 Θεῷ
455 4709 469 4759 ;
506 4692 669 4758 [Ιῶςς
702 4688 787 4742 ὅτι
819 4685 1132 4758 δοξάζοντες
1171 4685 1306 4741 εἰσιν
1335 4684 1386 4740 οἱ
1441 4684 1584 4759 ἐέγιοι
1642 4684 1734 4738 τὸν
1798 4679 1946 4737 Θεόν.

306 4780 385 4836 Οὐ
420 4779 586 4851 μόνον
610 4778 694 4835 ὅτι
743 4776 911 4849 ἐλύθη
971 4778 1154 4842 αὐτοῖς
1206 4774 1295 4832 διὰ
1349 4782 1448 4846 τῆς
1506 4772 1881 4847 ὲλεημοσύνης
1913 4771 1947 4841 ἠ

305 4863 502 4940 ἔνδεια,
532 4866 678 4924 ἀλλὰ
730 4867 820 4924 καὶ
878 4868 959 4924 ὅτι
1019 4865 1447 4944 ὑποτεταγμένοι
1505 4864 1643 4937 ἐστὶ,
1704 4864 1950 4942 quaint}

307 4957 581 5033 ὁμολογίᾳ
602 4963 700 5014 τοῖ’)
758 4959 1123 5035 Εὐαγγελίου.
1183 4962 1387 5033 Δεῖγμα
1442 4957 1544 5032 γάρ
1603 4958 1701 5010 τοῦ
1760 4953 1954 5009 ὑποτε-

305 5047 507 5124 τάχθαι
535 5054 654 5112 τοῖς
685 5048 1066 5125 εὐαγγελικοῖς
1124 5045 1527 5123 προστάγμασί,
1555 5046 1618 5100 τὸ
1644 5045 1700 5099 εὖ
1748 5048 1951 5101 ποιεῖν.

305 5136 551 5194 Πλεῖστα
578 5138 681 5214 γὰρ
714 5138 839 5213 περὶ
893 5137 1268 5212 ἓλεημοσύνης
1326 5136 1354 5190 ὁ
1412 5134 1611 5209 Κύριος
1669 5129 1951 5211 διελέχθη.

2041 553 2186 607 Nam
2208 552 2407 624 justos
2438 552 2818 624 eleemosyna
2843 552 2982 608 facit
3010 553 3075 621 ⁸⁷,
3108 551 3326 608 delicta
3354 553 3416 607 in
3449 555 3689 611 modum

2040 640 2197 713 ignis
2227 641 2574 713 puriﬁcans.
2614 661 2641 693 ιι
2673 643 2866 697 Manet
2895 642 2954 696 in
2986 641 3292 698 sarculum.
3322 662 3347 694 ι
3379 642 3692 714 Nunquam

2042 731 2202 786 enim
2235 731 2650 803 exstinguitur.

2114 819 2214 888 IX,
2250 821 2437 874 10-13.
2474 821 2650 874 Porro
2681 819 2781 891 qui
2806 820 3125 891 suppeditat
3174 837 3353 877 semen
3400 816 3703 877 seminanti

2044 916 2310 980 etpanem
2336 912 2394 964 in
2425 911 2630 978 cibum,
2660 912 2703 964 is
2722 911 3036 980 suppeditet
3060 926 3125 966 ac
3167 912 3511 981 multiplicet
3547 898 3698 966 669

2043 1006 2331 1054 sementem
2360 1005 2618 1065 vestram,
2650 1006 2703 1053 et
2731 1005 2933 1068 augeat
2959 1001 3201 1068 fructum
3220 1000 3467 1069 justitiae
3488 1005 3681 1055 vestra

2043 1095 2106 1143 ut
2162 1091 2220 1143 in
2288 1088 2535 1143 omnibus
2592 1088 3002 1159 tocupletemini
3066 1090 3123 1143 in
3181 1102 3394 1143 omnem
3474 1091 3696 1144 sinceri-

2047 1180 2212 1234 talem
2244 1194 2372 1249 qum
2386 1196 2491 1250 per
2518 1194 2615 1235 nos
2645 1180 2828 1250 effecit
2884 1185 2943 1233 ut
3006 1181 3206 1248 gratim
3261 1185 3506 1249 agantur
3564 1180 3691 1234 Deo.

2044 1268 2181 1323 Nam
2211 1269 2427 1334 functio
2457 1268 2576 1337 ejus
2628 1269 2918 1323 ministerii
2966 1283 3077 1323 non
3134 1270 3309 1323 solum
3364 1269 3580 1339 supplet
3634 1285 3696 1323 ea

2045 1374 2167 1428 quae
2198 1358 2393 1414 desunt
2421 1361 2641 1426 sanctis,
2695 1375 2882 1413 verum
2939 1362 3106 1413 etiam
3171 1361 3433 1414 eruberat
3489 1361 3548 1413 in
3599 1360 3695 1413 hoc

2045 1447 2193 1517 quod
2210 1463 2316 1517 per
2344 1448 2542 1503 multos
2572 1451 2769 1517 gratia?
2800 1455 3047 1517 agantur
3093 1449 3223 1515 Deo,
3273 1452 3371 1518 qui
3410 1465 3514 1519 per
3558 1465 3693 1519 pro-

2047 1533 2231 1589 batum
2264 1535 2362 1589 hoc
2392 1535 2755 1590 ministerium
2783 1536 3101 1605 gloriﬁcant
3130 1537 3321 1604 Deum,
3352 1553 3516 1607 super
3563 1537 3691 1591 obe-

2046 1623 2257 1678 dientia
2280 1626 2633 1693 confessionis
2660 1631 2851 1679 vestrm
2879 1627 2939 1679 in
2970 1625 3327 1694 Evangelium
3360 1626 3580 1680 Christi.

2114 1824 2180 1877 In
2211 1822 2501 1878 orationis
2532 1821 2739 1879 ordine
2790 1822 3013 1879 indicat
3058 1839 3179 1878 non
3239 1829 3513 1895 oportere
3564 1839 3691 1878 me-

2051 1916 2239 1979 tuere,
2272 1929 2347 1967 ne
2380 1912 2676 1984 quomodo
2710 1912 2761 1968 is
2788 1913 2889 1985 qui
2920 1912 3109 1968 multa
3151 1912 3378 1979 tribuit,
3430 1912 3696 1985 indigere

2049 2000 2402 2057 inveniatur.
2429 2003 2571 2058 Nam
2603 2003 2704 2074 qui
2740 2020 2967 2072 semen,
2991 2003 3052 2058 id
3074 2008 3183 2072 est,
3226 2002 3570 2058 sensibilem
3605 2018 3695 2057 se-

2051 2105 2314 2156 mentem
2344 2100 2685 2174 suppeditat
2732 2102 3075 2167 seminanti,
3121 2117 3336 2172 nempe
3394 2102 3547 2155 Deus
3592 2100 3694 2170 qui

2049 2189 2228 2245 etiam
2260 2206 2474 2262 corpus
2505 2205 2658 2263 pane
2689 2191 2897 2260 nutrit,
2957 2188 3252 2260 quomodo
3303 2206 3441 2244 eum
3497 2193 3699 2261 posset

2050 2277 2346 2352 negligere
2369 2278 2469 2350 qui
2492 2278 2862 2350 spiritualem
2882 2277 3023 2333 facit
3045 2283 3393 2333 sementem.
3419 2301 3448 2328 «
3479 2278 3534 2331 Is
3555 2292 3693 2349 sup-

2049 2367 2274 2439 peditet
2303 2384 2371 2423 ac
2401 2367 2777 2440 multiplicet.
2810 2390 2839 2417 ››
2869 2367 3092 2423 Poterit
3120 2373 3179 2422 et
3209 2366 3470 2422 carnalia
3499 2371 3690 2421 vestra

2048 2459 2283 2516 abunde
2315 2460 2714 2533 suppeditare,
2738 2463 2887 2517 adeo
2914 2466 2980 2515 ut
3030 2461 3209 2516 etiam
3259 2459 3693 2531 multiplicetur

2050 2549 2430 2621 eleemosyna
2461 2556 2673 2618 vestra,
2706 2550 2859 2606 hanc
2890 2551 3051 2605 enim
3083 2548 3229 2605 dicit
3256 2566 3418 2605 nunc
3454 2564 3692 2603 semen-

2049 2652 2204 2703 tem:
2240 2670 2263 2699 ι
2297 2650 2368 2703 Ει
2395 2654 2606 2722 augeat
2631 2649 2908 2704 fructum.
2947 2670 2975 2698 »
3005 2649 3152 2702 Nam
3185 2664 3256 2702 ex
3294 2647 3687 2716 eleemosynaa

2050 2744 2316 2793 semente
2338 2737 2577 2811 augebit
2597 2743 2655 2792 et
2673 2754 2940 2793 crescere
2965 2736 3144 2791 faciet
3162 2736 3390 2791 fructus
3413 2734 3686 2806 justitias.

2048 2838 2260 2894 Omnia
2288 2844 2486 2893 autem
2517 2837 2823 2909 ﬁgurative
2844 2836 3014 2891 dixit.
3050 2856 3078 2885 «
3108 2836 3246 2900 Quae
3276 2851 3385 2905 per
3413 2850 3521 2888 nos
3548 2832 3686 2888 effi-

2047 2927 2147 2983 cit.
2181 2947 2209 2977 »
2243 2927 2308 2981 In
2339 2927 2512 2991 hanc,
2540 2926 2758 2997 inquit,
2790 2924 3195 2980 sinceritatem
3227 2928 3287 2978 et
3322 2922 3689 2994 opulentiam

2045 3024 2371 3092 ditescatis,
2403 3041 2535 3095 quae
2566 3041 2673 3096 per
2704 3039 2814 3079 nos
2871 3022 3055 3078 efficit
3099 3028 3167 3077 ut
3205 3022 3408 3093 gratiae
3439 3026 3689 3093 agantur

2048 3116 2183 3168 Deo.
2220 3114 2368 3178 Quid
2400 3120 2489 3168 est
2513 3118 2703 3169 autem
2751 3112 2908 3184 quod
2958 3110 3142 3167 efficit
3187 3116 3252 3166 ut
3299 3111 3398 3165 alii
3449 3126 3685 3182 quoque

2045 3202 2265 3274 gratias
2285 3206 2462 3273 agant
2483 3202 2600 3255 Deo
2622 3218 2727 3272 pro
2748 3201 2841 3255 his
2862 3216 2995 3271 quas
3012 3205 3071 3254 et
3090 3215 3199 3254 nos
3218 3198 3378 3254 nacti
3425 3215 3633 3254 sumus
3660 3197 3688 3253 Ἰ

2048 3290 2445 3346 beneficentia
2473 3289 2745 3345 videlicet
2775 3306 2789 3344 :
2824 3288 3096 3344 ditescite
3126 3289 3305 3360 igitur
3348 3287 3689 3343 beneficen-

2050 3380 2154 3437 tia.
2187 3378 2253 3434 Id
2272 3396 2529 3451 namque
2553 3379 2731 3435 etiam
2751 3394 2861 3433 nos
2881 3379 2983 3449 qui
3006 3377 3331 3448 accipimus
3351 3376 3530 3432 faciet
3568 3377 3685 3431 Deo

2049 3469 2267 3541 gratias
2289 3485 2482 3542 agere.
2508 3468 2702 3523 «Nam
2731 3467 2956 3523 functio
2970 3465 3149 3538 hujus
3172 3466 3547 3521 ministerii.»
3572 3466 3692 3520 Hoc

2051 3564 2159 3627 est,
2196 3558 2524 3615 liberalitas
2554 3563 2615 3613 et
2642 3556 2880 3613 collatio
2907 3557 3120 3611 harum
3151 3556 3563 3627 pecuniarum,
3623 3569 3693 3610 ao

2051 3648 2363 3720 spirituale
2388 3646 2787 3703 ministerium
2820 3645 2979 3716 quod
3006 3661 3041 3701 a
3067 3644 3240 3700 nobis
3279 3644 3697 3700 subministra-

2050 3752 2167 3803 tur.
2197 3770 2224 3798 ‹‹
2245 3748 2369 3802 Non
2391 3747 2583 3802 solum
2609 3743 2865 3817 supplet.
2900 3763 2924 3795 ι
2950 3745 3076 3798 Non
3098 3742 3291 3799 solum
3313 3741 3445 3806 hoc,
3478 3741 3695 3810 inquit,

2052 3838 2393 3909 assequitur
2405 3842 2472 3892 ut
2491 3837 2726 3908 expleat
2743 3851 2814 3889 ea
2835 3850 2966 3904 quae
2988 3832 3222 3899 desunt,
3270 3831 3387 3885 sive
3423 3830 3699 3902 indigen—

2053 3933 2196 3988 tiam
2228 3935 2592 3994 sanctorum,
2624 3943 2827 3982 verum
2854 3926 3031 3980 etiam
3055 3924 3380 3978 exuberare
3405 3922 3547 3979 facit
3563 3936 3698 3995 gra-'-

2054 4022 2269 4077 tiarum
2283 4019 2576 4075 actionem
2599 4032 2738 4088 erga
2762 4016 2966 4081 Deum,
2992 4012 3149 4084 quod
3171 4029 3278 4085 per
3298 4012 3518 4068 multos
3554 4013 3698 4068 offe-

2053 4117 2238 4167 ratur.
2262 4111 2381 4165 Hoc
2402 4112 2600 4164 autem
2635 4110 2723 4161 est
2753 4103 2911 4175 quod
2945 4108 3003 4158 et
3030 4119 3321 4175 pauperes
3352 4103 3607 4171 alantur,
3642 4108 3699 4158 et

2055 4200 2290 4255 efﬁcere
2314 4203 2379 4253 ut
2395 4196 2598 4269 gratiae
2620 4198 2871 4266 agantur
2892 4192 3027 4247 Deo.
3053 4192 3200 4247 Nam
3231 4192 3357 4248 haec
3390 4192 3504 4247 duo
3545 4192 3702 4245 inter

2055 4306 2126 4345 ea
2150 4292 2442 4357 suntquae
2474 4284 2795 4340 admodum
2823 4281 3256 4338 collaudantur.
3274 4281 3571 4336 Exuberat
3598 4295 3702 4335 au-

2054 4393 2195 4454 tem,
2224 4384 2386 4451 dicit,
2410 4398 2517 4455 per
2539 4382 2854 4455 probatum
2885 4380 2998 4436 hoc
3048 4378 3465 4445 ministerium,
3498 4377 3557 4432 id
3588 4381 3697 4444 est,

2055 4494 2162 4549 per
2190 4472 2637 4546 comprobatam
2671 4472 3136 4542 eleemosynam,
3180 4475 3237 4524 et
3289 4485 3420 4541 quae
3473 4466 3704 4540 experi-

1399 4597 1435 4666 ἡ
1504 4592 1823 4673 εὐχαριστία
1873 4598 1942 4666 τῷ

2064 4571 2263 4622 mento
2288 4563 2612 4620 utilitatem
2640 4560 2987 4629 ostenderit,
3021 4575 3199 4631 quam
3230 4574 3339 4613 nos
3368 4554 3532 4611 vobis
3592 4555 3701 4610 mi-

2060 4667 2405 4733 nistramus,
2438 4662 2650 4734 inquit.
2683 4683 2711 4710 «
2748 4661 2960 4715 Verum
2994 4659 3171 4714 etiam
3206 4656 3505 4712 exuberat.
3530 4676 3558 4705 »
3581 4656 3703 4720 Quo

2012 4776 2015 4779 ·
2062 4761 2258 4812 autem
2280 4759 2452 4826 pacto
2474 4751 2759 4808 exuberat
2773 4748 3097 4822 gratiarum
3117 4747 3271 4802 actio
3295 4760 3432 4818 erga
3466 4744 3651 4799 Deum
3680 4734 3715 4798 Ἰ

2062 4856 2185 4921 Quo
2204 4851 2413 4925 pacto?
2426 4850 2573 4917 Quia
2591 4848 2777 4906 sancti
2794 4848 2978 4904 Deum
2992 4844 3346 4919 gloriﬁcant,
3373 4858 3493 4897 non
3515 4841 3711 4897 solum

2061 4941 2217 5014 quod
2237 4958 2344 5013 per
2361 4941 2799 5010 eleemosynam
2824 4936 3016 4993 ablata
3039 4936 3116 4991 sit
3134 4934 3206 4990 ab
3243 4933 3388 5006 ipsis
3436 4930 3711 5004 indigen-

2063 5031 2345 5095 tia,670
2364 5045 2565 5085 verum
2584 5029 2761 5083 etiam
2790 5026 2946 5098 quod
2997 5024 3294 5098 Evangelii
3346 5020 3708 5079 confessioni

2065 5128 2315 5201 subjecti
2348 5127 2502 5183 sitis.
2557 5128 2977 5197 Argumentem
3037 5124 3197 5179 enim
3256 5121 3413 5193 quod
3464 5119 3697 5192 subject

307 5230 439 5287 sitis
456 5209 832 5305 jussionibus
862 5209 1213 5303 evangelicis
1243 5233 1334 5283 est
1361 5227 1491 5298 ipsa
1519 5209 1935 5280 beneficentia.
1967 5222 2113 5276 Nam
2141 5219 2295 5273 circa
2325 5216 2764 5287 eleemosynam
2797 5214 3081 5271 Dominus
3113 5213 3370 5286 plurima
3408 5209 3710 5267 disseruit.

376 5320 483 5378 Καὶ
523 5317 799 5390 ἁπλότητι
830 5325 931 5389 τῆς
991 5315 1285 5377 κοινωνίας
1342 5313 1420 5376 εἰς
1478 5311 1674 5375 αὑτοὺς
1732 5309 1823 5367 καὶ
1875 5307 1954 5373 εἷς

304 5409 529 5480 πάντας,
560 5410 651 5466 καὶ
680 5405 859 5464 αὐτῶν
901 5406 1080 5480 δεήσει
1141 5406 1276 5482 ὑπὲρ
1338 5404 1467 5479 ὑπὲρ
1526 5403 1703 5477 ὑμῶν,
1758 5400 1952 5455 ἐπιπο-

304 5505 546 5566 θούντων
615 5498 755 5572 ὑμᾶς
810 5487 900 5553 διά
965 5497 1064 5566 τὴν
1117 5489 1571 5572 ὑπερϐάλλουσαν
1630 5491 1797 5571 χάριν
1852 5491 1950 5544 τοῦ

379 5640 421 5716 τί
452 5680 632 5737 Eccli.
665 5697 743 5751 ιιι,
776 5681 864 5736 33.

2135 5308 2228 5376 IX,
2265 5308 2452 5361 13-15,
2487 5306 2555 5360 Et
2601 5306 2972 5360 sinceritatem
3029 5303 3539 5360 communicationis
3588 5313 3717 5369 erga

2062 5398 2204 5470 ipsos
2235 5403 2289 5451 et
2315 5412 2448 5466 erga
2500 5411 2703 5464 omnes,
2754 5397 2918 5450 etiam
2969 5397 3286 5465 precatione
3336 5393 3558 5447 illorum
3606 5403 3716 5459 pro

2060 5482 2351 5556 bobis:qui
2380 5483 2694 5541 desiderant
2710 5499 2803 5539 vos
2812 5489 3053 5555 propter
3093 5482 3428 5539 eminentem
3456 5480 3558 5534 Dei
3584 5491 3719 5546 gra-
