4106 6196
440 266 595 327 ιοετ
1522 267 1953 331 (ECUMENII
1998 239 2308 327 TRICCE
2355 263 2704 327 EPISCOPI
3698 265 3870 323 mea

434 403 574 458 tiam
601 403 662 457 in
691 403 858 458 vobis.
892 403 1084 458 Gratia
1117 408 1299 457 autem
1353 402 1455 458 Deo
1505 419 1669 474 super
1724 401 2078 459 inenarrabili

2203 401 2336 453 Θεοῦ
2369 397 2452 476 ἐφ’
2482 397 2629 472 ὑμῖν.
2663 399 2832 474 Χάρις
2865 396 2923 454 δὶ
2944 403 3170 472 τῷεθεῷ
3218 395 3306 454 ἐπὶ
3337 403 3406 473 τῇ
3465 395 3876 470 ἀνεκδιηγήτῳ

440 509 538 548 suo
563 510 800 548 munere.

2192 486 2356 542 αὐτοῦ
2388 484 2587 561 δωρεᾷ.

511 585 579 635 Et
608 582 746 652 quia
772 599 878 654 per
908 581 1339 653 subjectionem
1371 601 1438 639 ac
1469 583 1868 638 obedientiam
1892 583 2078 636 Evan-

2263 576 2364 631 Καὶ
2397 578 2478 630 ὅτι
2513 572 2600 629 διὰ
2630 577 2728 644 τήν
2772 575 3052 653 ὑποταγὴν
3111 577 3201 630 καὶ
3250 576 3422 631 πειθὼ
3473 579 3573 630 τοῦ
3607 573 3876 649 Euan:-

437 669 570 742 gelii
605 671 676 725 ad
709 672 820 727 hoc
850 673 1029 727 etiam
1061 673 1310 745 subjecti
1371 673 1514 730 estis
1561 673 1634 728 ad
1681 671 2078 728 sinceritatem

2195 663 2336 733 λίου,
2367 663 2456 718 καὶ
2490 664 2564 726 εἷς
2597 667 2757 720 τοῦτο
2791 663 3222 742 ὑποτεταγμένοι
3271 663 3410 733 ἐστὶ,
3469 663 3547 725 εἰς
3615 664 3724 731 τήν
3778 661 3874 724 εἰς

439 775 576 831 erga
608 761 794 831 ipsos,
827 761 937 816 hoc
971 768 1080 830 est,
1114 763 1539 820 abundantiam
1573 763 1967 832 eleemosynm
2019 775 2078 814 ac

2192 755 2390 818 αὐτούς
2418 755 2723 826 ἁπλότητα,
2785 757 2896 812 οἷον
2956 754 3239 829 δαψίλειαν
3295 763 3400 825 τῆς
3462 754 3878 828 ἐλεημοσύνης

439 850 1024 905 communicationis.
1054 853 1168 906 Nec
1219 853 1412 907 solum
1471 867 1608 926 erga
1659 853 1842 923 ipsos,
1879 864 2078 904 verum

2192 845 2278 899 καὶ
2309 843 2615 913 κοινωνίαν,
2650 845 2741 900 καὶ
2774 845 2834 900 οὗ
2873 845 3036 919 μόνον
3069 845 3146 907 εἷς
3179 845 3394 913 αὐτοὺς,
3442 843 3588 900 ἀλλὰ
3649 843 3751 898 καὶ
3781 845 3880 906 εἰς

440 937 620 991 etiam
656 955 793 1010 erga
823 955 1048 994 omnes.
1086 944 1229 994 Nam
1263 941 1344 1007 hi,
1392 941 1607 1011 inquit,
1661 939 1847 995 sancti
1890 937 1963 992 ob
2020 934 2078 989 id

2193 935 2414 1001 πάντας,
2443 935 2509 990 Οἱ
2543 935 2646 1008 γὰρ
2681 935 2825 1008 ἅγιοι
2879 934 3054 1006 οὗτοι,
3109 933 3261 1012 φησὶ,
3309 934 3400 988 καὶ
3434 934 3564 1008 ὑπὲρ
3625 933 3712 987 ὧν
3748 933 3881 987 ἱπ-

433 1043 669 1098 quoque
701 1029 816 1082 Deo
874 1029 1092 1100 gratias
1150 1035 1329 1102 agunt
1383 1028 1542 1099 quod
1597 1027 1731 1084 aliis
1795 1025 2077 1083 tribuitis.

2192 1043 2310 1096 ροις
2344 1023 2630 1097 παρέχετε,
2665 1022 3052 1102 εὐχαριστοῦσι
3097 1027 3176 1095 τῷ
3241 1027 3378 1096 Θεῷ.
3436 1048 3462 1073 ‹‹
3500 1023 3606 1078 Καὶ
3673 1022 3876 1076 αὐτῶν

438 1137 466 1163 ‹‹
490 1117 677 1171 Etiam
697 1117 1037 1187 precatione
1061 1117 1298 1172 illorum
1321 1135 1427 1189 pro
1448 1117 1629 1173 vobis.
1654 1136 1684 1169 »
1711 1119 1773 1171 In
1821 1117 1958 1182 hoc,
1996 1115 2078 1168 in-

2201 1109 2382 1182 δεήσει
2414 1111 2543 1186 ὑπὲρ
2579 1112 2754 1184 ὑμῶν.
2791 1136 2816 1162 ››
2849 1113 2952 1168 Καὶ
3011 1111 3087 1173 εἷς
3151 1115 3335 1180 τοῦτο,
3395 1113 3582 1189 φησὶν,
3612 1111 3870 1186 εὐχαρι-

437 1205 585 1274 quit,
621 1207 736 1260 Deo
763 1207 978 1277 gratias
1019 1214 1218 1278 agunt,
1253 1207 1408 1278 quod
1423 1206 1719 1279 Evangelii
1743 1202 2086 1260 obedientia

432 1308 499 1347 ac
531 1293 820 1364 subjectio
852 1295 998 1349 adeo
1031 1296 1309 1366 probatos
1371 1313 1473 1352 vos
1523 1294 1869 1362 reddiderit,
1931 1293 2078 1349 adeo

433 1383 760 1438 amabiles:
787 1385 1146 1438 utcontinue
1170 1392 1490 1456 precentur
1533 1402 1648 1456 quo
1694 1385 1932 1439 videant
1961 1399 2081 1438 vos.

431 1473 530 1526 Ait
557 1473 752 1526 enim:
778 1496 803 1522 ‹‹
831 1474 937 1537 Qui
963 1474 1306 1529 desiderant
1327 1492 1429 1530 vos
1453 1481 1695 1547 propter
1715 1476 2078 1530 eminentem

433 1562 533 1616 Dei
566 1563 835 1634 gratiam.
873 1585 900 1611 »
939 1565 1066 1631 Vos,
1097 1565 1197 1628 ait,
1245 1565 1605 1635 desiderant,
1668 1582 1786 1619 non
1843 1568 2085 1635 propter

435 1650 687 1716 divitias,
713 1651 813 1706 sed
837 1657 1281 1723 utspectatores
1333 1656 1451 1710 sint
1493 1655 1643 1710 datm
1693 1654 1855 1709 vobis
1898 1670 1938 1708 a'
1963 1653 2080 1706 Deo

428 1741 651 1810 gratias.
681 1743 928 1812 Propter
952 1743 1316 1798 eminentem
1343 1744 1522 1811 enim,
1549 1744 1764 1815 inquit,
1810 1742 1911 1798 Dei
1952 1758 2080 1814 gra-

2193 1207 2376 1258 στοῦσι
2406 1206 2484 1274 τῷ
2516 1207 2631 1274 Θεῷ
2693 1204 2772 1257 ὅτι
2834 1201 3009 1263 οὕτως
3071 1203 3208 1275 ὑμᾶς
3261 1200 3524 1276 δοκίμους
3585 1203 3874 1278 ἀπειργά-

2191 1313 2317 1347 σατο
2349 1295 2383 1361 ἡ
2421 1293 2661 1368 ὑποταγή
2702 1295 2798 1346 τοῦ
2848 1289 3189 1369 Εὐαγγελίου
3225 1291 3366 1347 οὕτω
3426 1292 3753 1360 ποθεινοὺς,
3784 1291 3874 1352 ὡς

2192 1377 2395 1434 δεῖσθαι
2448 1377 2643 1441 αὖτοὺς
2734 1384 2972 1456 συνεχῶς
3065 1380 3199 1454 ὑπὲρ
3289 1383 3385 1434 τοῦ
3473 1378 3607 1434 tam
3694 1381 3874 1450 ὑμᾶς.

2192 1494 2218 1522 ς(
2247 1469 2688 1526 Ἐπιποθοῦντων
2718 1471 2822 1544 γὰρ
2863 1469 3027 1542 ὑμᾶς,
3060 1469 3215 1546 φησὶ,
3259 1465 3348 1523 διὰ
3404 1470 3500 1537 τήν
3567 1463 3872 1541 ὑπερϐάλ-

2192 1557 2390 1614 λουσαν
2446 1557 2608 1633 χάριν
2695 1561 2791 1612 τοῦ
2847 1562 3001 1615 Θεοῦ.
3037 1583 3059 1611 ι
3109 1558 3463 1621 Ἑπιποθοῦσι
3516 1555 3597 1628 δὲ,
3663 1559 3870 1634 φησὶν,

2193 1648 2356 1720 ὑμᾶς,
2387 1648 2451 1701 οὐ
2485 1644 2575 1702 διὰ
2611 1647 2676 1701 τὰ
2731 1648 3016 1725 χρήματα,
3071 1643 3199 1700 ἀλλ’
3247 1647 3386 1701 ὥστε
3442 1647 3630 1701 θεαταὶ
3703 1647 3865 1720 γενέ-

2191 1739 2312 1792 σθαι
2340 1743 2439 1806 τῆς
2473 1732 2722 1806 δοθείσης
2758 1737 2883 1808 ὑμῖν
2934 1735 3039 1790 ἀπὸ
3102 1738 3234 1790 Θεοῦ
3292 1737 3546 1812 χάριτος.
3614 1736 3720 1790 Διὰ
3751 1736 3865 1810 γὰρ

2115 1787 2158 1850 Β

431 1829 576 1884 tiam
604 1829 664 1884 in
688 1830 850 1884 vobis
871 1830 1067 1885 videre
1093 1848 1194 1886 vos
1220 1833 1483 1902 cupiunt.
1521 1831 1662 1886 Vide
1711 1837 1909 1886 autem
1941 1846 2079 1902 pru-

432 1916 1072 1973 dentiam.Extollendo
1092 1919 1244 1988 illos,
1271 1926 1458 1976 totum
1485 1923 1602 1976 Deo
1626 1921 1915 1989 attribuit,
1955 1935 2082 1975 rem

432 2007 621 2077 ipsam
651 2023 863 2061 vocans
898 2008 996 2061 Dei
1029 2009 1298 2079 gratiam.
1335 2031 1360 2058 ‹‹
1397 2009 1594 2064 Gratia
1624 2015 1823 2064 autem
1884 2009 2022 2063 Deo.
2053 2029 2082 2058 »

429 2095 653 2150 Deinde
687 2097 920 2167 cognita
951 2097 1053 2151 Dei
1085 2099 1292 2168 gratia,
1340 2099 1464 2169 ipse
1522 2100 1707 2154 Deum
1767 2097 2078 2170 gloriﬁcat.

437 2185 693 2239 «Gratia
725 2191 924 2240 autem
986 2187 1124 2254 Deo,
1186 2187 1401 2258 inquit,
1459 2204 1636 2260 super
1694 2185 2079 2242 inenarrabili

430 2273 619 2345 ipsius
652 2274 830 2331 dono.
866 2297 894 2323 »
927 2276 1157 2330 Donum
1193 2283 1390 2332 autem
1424 2278 1542 2331 sive
1575 2294 1792 2332 munus
1823 2277 2084 2349 appellat

430 2363 527 2417 hic
559 2363 719 2433 quod
751 2365 1063 2436 Evangelio
1089 2366 1340 2435 subjecti
1371 2367 1508 2421 facti
1539 2367 1658 2421 sint
1689 2368 1999 2434 Corinthii,
2025 2371 2084 2422 et

429 2454 588 2524 quod
621 2471 727 2524 per
758 2454 1198 2526 eleemosynam
1235 2462 1395 2511 tanta
1426 2457 1583 2512 bona
1613 2457 1784 2511 nobis
1806 2457 2082 2512 tribuerit

427 2551 650 2614 quanta
683 2545 1068 2612 enumeravit,
1106 2546 1382 2617 quodque
1415 2564 1521 2618 pro
1546 2547 1650 2602 illa
1681 2547 1844 2602 dabit
1875 2548 1936 2602 in
1961 2575 1964 2578 ο
1987 2548 2079 2602 fu-

429 2636 560 2688 turo
593 2634 844 2704 majora.

989 2802 1136 2855 671
1175 2803 1398 2858 CAPUT
1437 2803 1504 2857 X.

428 2919 790 2987 Propria-rum
820 2919 1073 2973 narratio
1107 2920 1353 2974 laborum
1384 2927 1434 2975 et
1458 2922 1731 2991 propositi
1761 2936 1824 2974 ac
1875 2919 2080 2989 gratiae

498 3005 619 3115 οἴω
649 2992 708 3043 in
739 2992 858 3058 ipso
889 2998 1072 3059 erant,
1107 3008 1175 3046 ne
1205 2995 1567 3047 assentiretur
1621 2995 1824 3060 fucatis
1883 2992 2077 3046 Corin-

502 3073 520 3115 ι
566 3077 652 3115 iis.

502 3073 652 3116 thus.

497 3181 564 3245 Χ,
603 3182 717 3234 1-3.
756 3181 1029 3237 Ca‘terum
1060 3184 1176 3250 ipse
1207 3181 1414 3235 Paulus
1443 3182 1662 3236 obsecro
1692 3197 1785 3236 vos
1834 3197 1940 3251 per
1997 3181 2072 3234 ιε·
2108 3159 2149 3223 C

425 3271 658 3323 nitatem
680 3275 733 3323 et
763 3270 1239 3324 mansuetudinem
1273 3271 1497 3339 Christi,
1530 3273 1628 3338 qui
1684 3271 1744 3324 in
1789 3275 2076 3340 conspectu

427 3355 652 3410 Immitis
683 3356 904 3424 quidem
933 3374 1051 3410 sum
1079 3359 1226 3411 inter
1255 3373 1367 3422 vos,
1395 3359 1585 3412 absens
1652 3366 1832 3413 tamen
1888 3359 2077 3413 audam

427 3461 544 3498 sum
577 3459 706 3511 erga
737 3460 846 3499 vos.
889 3447 1039 3513 Rogo
1071 3451 1250 3499 autem
1280 3463 1348 3500 ne
1370 3463 1610 3516 praesens
1638 3449 1874 3502 audeam
1929 3449 2078 3517 ﬁdu-

426 3534 512 3587 cia
534 3548 643 3601 qua
675 3533 958 3586 existimor
987 3533 1188 3587 audere
1218 3551 1348 3603 erga
1379 3537 1660 3604 quosdam,
1712 3536 1811 3605 qui
1867 3542 2077 3606 putant

426 3638 522 3677 nos
547 3623 842 3677 secundum
868 3639 1088 3678 carnem
1118 3624 1420 3678 ambulare.
1454 3627 1588 3679 Nam
1619 3628 1677 3679 in
1737 3642 1900 3680 carne
1955 3641 2073 3679 am-

426 3712 698 3783 bulantes,
731 3729 837 3768 non
863 3714 1156 3768 secundum
1188 3730 1406 3768 carnem
1436 3715 1754 3769 militamus.

497 3892 704 3964 Magna
734 3891 1013 3964 dignitas.
1073 3894 1190 3962 Ego
1249 3893 1488 3963 Paulus,
1552 3893 1764 3964 inquit,
1824 3892 1935 3948 hoc
1964 3898 2071 3961 est,

421 3982 748 4050 apostolus,
781 3982 941 4036 orbis
971 3983 1254 4054 magister
1291 4001 1304 4038 :
1340 3985 1492 4039 sicut
1523 3985 1701 4040 etiam
1728 3984 1844 4040 alio
1893 3983 2022 4039 loco
2057 4002 2069 4040 :

428 4090 455 4118 ‹‹
487 4069 634 4122 Ecce
667 4085 770 4140 ego
803 4071 1021 4126 Paulus
1048 4072 1179 4127 dico
1212 4073 1376 4128 vobis
1406 4073 1470 4132 ⁸⁸,
1537 4097 1563 4123 ››
1620 4074 1862 4146 Expleto
1918 4075 2074 4130 enim

427 4174 700 4214 sermone
725 4158 1210 4233 deeleemosyna,
1236 4163 1578 4235 auspicatur
1602 4182 1908 4221 sermones
1949 4181 2078 4221 ma-

423 4247 510 4320 gis
543 4248 974 4320 increpatorios
1007 4251 1286 4306 adversus
1319 4253 1810 4326 pseudapostolos
1854 4271 2074 4326 eosque

423 4338 522 4408 qui
540 4338 736 4409 ipsum
773 4339 1307 4398 calumniabantur.
1326 4343 1665 4414 Etseipsum
1679 4345 2074 4415 commendat,

421 4443 556 4481 cum
590 4428 649 4482 in
683 4428 1100 4484 necessitatem
1134 4430 1242 4484 hoc
1295 4431 1555 4486 faciendi
1618 4434 1950 4501 incidisset,
2001 4450 2073 4489 ne

2192 1828 2290 1894 τὴν
2328 1821 2801 1900 ὑπερϐάλλουσαν,
2835 1826 2990 1902 φησὶ,
3026 1823 3186 1904 χάριν
3223 1828 3321 1879 τοῦ
3379 1827 3513 1880 Θεοῦ
3573 1824 3662 1902 ἐφ’
3700 1825 3865 1896 ὑμῖν,

2192 1913 2280 1970 διὰ
2339 1919 2500 1970 τοῦτο
2556 1915 2694 1987 ὑμᾶς
2765 1912 2897 1969 ἰδεῖν
2957 1916 3237 1969 ποθοῦσιν.
3297 1916 3438 1988 ’Ὀρα
3497 1911 3556 1970 δὶ
3614 1913 3868 1968 σύνεσιν-

2189 2007 2427 2081 Ἒπάρας
2460 2005 2676 2071 αὐτοὺς,
2723 2006 2786 2059 τὸ
2816 2010 2920 2059 πᾶν
2975 2003 3203 2075 ἀνέθηκε
3257 2009 3334 2077 τῷ
3391 2009 3528 2078 Θεῷ,
3591 2005 3766 2084 χάριν
3794 2005 3866 2059 τὸ

2187 2101 2410 2170 πκᾶγμα
2442 2095 2671 2156 καλέσας
2705 2099 2858 2152 Θεοῦ.
2916 2095 3151 2169 «Χάρις
3209 2091 3269 2149 δὲ
3317 2097 3398 2166 τῷ
3455 2099 3596 2167 Θεῷ.
3627 2116 3656 2146 ι
3716 2097 3866 2152 Εἶτα

2185 2186 2283 2252 τήν
2311 2189 2406 2238 τοῦ
2439 2189 2570 2238 Θεοῦ
2603 2185 2763 2259 χάριν
2803 2181 3085 2254 ἐννοήσας,
3134 2183 3224 2239 καὶ
3283 2183 3447 2248 αὐτὸς
3501 2181 3719 2254 δοξάζει
3753 2186 3854 2238 τὸν

2188 2273 2331 2329 Θεόν.
2368 2273 2598 2348 «Χάρις
2649 2273 2704 2327 δὲ
2760 2278 2837 2345 τῷ
2895 2277 3032 2344 Θεῷ,
3089 2271 3282 2350 φησὶν,
3334 2271 3424 2328 ἐπὶ
3493 2275 3564 2347 τῇ
3623 2271 3859 2328 ἀνεκδι-

2187 2365 2384 2438 ηγήτῳ
2402 2363 2563 2417 αὐτοῦ
2597 2359 2792 2437 δωρεᾷ.
2829 2386 2856 2413 ››
2889 2363 3103 2438 Δωρεάν
3137 2361 3194 2417 δὲ
3244 2361 3466 2418 ἐνταῦθα
3505 2361 3696 2430 καλεῖ,
3755 2361 3859 2416 καὶ

2184 2453 2247 2506 τὸ
2272 2459 2619 2527 γεγεννῆσθαι
2681 2451 3002 2524 Κορινθίους
3065 2451 3528 2526 ὑποτεταγμένους
3588 2455 3670 2522 τῷ
3735 2452 3859 2508 Εὐ-

2188 2541 2449 2617 αγγελίῳ,
2482 2541 2570 2595 καὶ
2603 2540 2686 2595 ὅτι
2718 2539 3030 2616 ἐδωρήσατο
3059 2541 3196 2613 ἡμῖν
3230 2537 3318 2595 διὰ
3370 2547 3470 2611 τῆς
3524 2539 3856 2612 ἐλεημοσύ-

2187 2652 2281 2700 νης
2309 2630 2376 2685 τά
2411 2634 2644 2684 τοσαῦτα
2675 2630 2871 2704 ἀγαθὰ,
2905 2627 3003 2684 ὅσα
3031 2629 3303 2700 κατέλεξε,
3356 2629 3444 2685 καὶ
3495 2631 3583 2685 ὅτι
3616 2627 3857 2702 μείζονα

2190 2718 2349 2774 δώσει
2382 2717 2512 2792 ὑπὲρ
2544 2719 2713 2788 αὑτῆς
2742 2717 2795 2772 ἐν
2825 2722 2905 2790 τῷ
2938 2717 3225 2791 μέλλοντι.

2830 2809 3190 2866 ΚΕΦΑΑ.Γ.

2188 2915 2449 2990 Διῄγησις
2483 2917 2590 2968 τῶν
2650 2910 2806 2990 ίδίων
2857 2914 3040 2990 πόνων
3087 2915 3177 2990 καὶ
3234 2913 3566 2990 προθέσεως,
3617 2914 3714 2990 καὶ
3742 2917 3848 2980 τῆς

2259 2984 2532 3061 ἐπ’ναῦτῷ
2590 2985 2818 3061 χάριτος
2872 2987 3008 3061 πρὸς
3067 2984 3128 3040 τὸ
3187 2984 3423 3059 μὴ’τοις
3482 2984 3850 3050 ἐπιπλάστοις

2257 3058 2640 3132 προστίθεσθαι
2671 3058 3016 3132 Κορινθίοις,

2264 3191 2436 3255 Αὐτδς
2469 3190 2526 3248 δὲ
2585 3192 2695 3268 ἐγὼ
2753 3190 2967 3255 Παῦλος
3028 3193 3330 3268 παρακαλῶ
3388 3192 3531 3265 ὑμᾶς
3594 3191 3684 3248 διὰ
3739 3199 3846 3262 τῆς

2186 3286 2494 3360 πραότητος
2555 3283 2645 3337 καὶ
2726 3282 3016 3345 ἐπιεικείας
3081 3287 3180 3338 τοῦ
3261 3288 3518 3358 Χριστοῦ,
3581 3281 3643 3345 ὃς
3705 3285 3848 3338 κατὰ

2187 3376 2479 3449 πρόσωπον
2530 3374 2626 3447 μὲν
2687 3373 2944 3428 ταπεινὸσ
3001 3373 3055 3428 ἐν
3117 3375 3270 3446 ὑμῖν,
3328 3373 3478 3430 ἀπὼν
3538 3372 3597 3428 δὲ
3652 3372 3843 3449 θαρῥῶ

2188 3465 2264 3526 εἷς
2324 3465 2490 3536 ὑμᾶς.
2555 3464 2755 3534 Δὲομαι
2812 3459 2870 3516 δὲ
2934 3463 2996 3517 τὸ
3059 3463 3134 3535 μὴ
3193 3463 3379 3537 παρὼν
3445 3461 3710 3540 Θαρῤἦσαι
3767 3468 3838 3537 τῇ

2187 3555 2508 3623 πεποιθήσε.
2567 3550 2603 3626 ᾖ
2663 3550 2961 3626 λογίζομαι
3022 3550 3299 3625 τολμῆσαι
3358 3552 3447 3607 ἐπὶ
3501 3573 3649 3614 τινας
3710 3551 3845 3616 τοὺς

2188 3639 2585 3717 λογιζομένους
2673 3643 2820 3712 ἡμᾶς
2899 3641 2978 3702 ὡς
3061 3640 3197 3695 κατὰ
3254 3640 3426 3716 σάρκα
3471 3644 3844 3718 περιπατοῦν-

2188 3751 2304 3792 τας.
2338 3731 2424 3785 Ἐν
2483 3729 2636 3803 σαρκὶ
2700 3729 2805 3802 γὰρ
2858 3733 3302 3804 περιπατοῦντες,
3361 3729 3423 3784 οὗ
3481 3729 3618 3785 κατὰ
3664 3731 3844 3803 σάρκα

2189 3812 2609 3893 στρατεοὸμεθα.

2258 3916 2408 3991 Μέγα
2438 3917 2500 3970 τὸ
2533 3917 2768 3989 ἀξίωμα.
2823 3916 2962 3989 Ἐγὼ
3021 3915 3259 3989 Παῦλος,
3311 3919 3468 3992 φησὶ,
3533 3918 3836 3975 τουτέστιν.

2189 4005 2214 4058 ὁ
2249 4000 2611 4070 Ἀπόστολος,
2653 4004 2680 4057 ὁ
2716 4000 3045 4064 διδάσκαλος
3098 4011 3199 4072 τῆς
3231 4004 3580 4078 οἰκουμένης,
3613 4006 3684 4067 ὡς
3742 4004 3833 4062 καὶ

2187 4091 2462 4165 ἀλλαχοῦ.
2501 4117 2522 4142 ι
2561 4089 2700 4145 Ἰδοὺ
2728 4091 2838 4166 ἑγὼ
2870 4089 3085 4153 Παῦλος
3131 4090 3277 4169 λέγω
3314 4093 3465 4167 ὑμῖν.
3495 4117 3520 4148 ι
3577 4095 3833 4170 Ἀπατρί-

2187 4202 2279 4244 σας
2308 4181 2398 4236 τὸν
2434 4180 2556 4255 περὶ
2589 4177 2968 4252 ἐλεημοσύνης
2998 4178 3189 4257 λόγον,
3213 4182 3520 4262 άπάρχεται
3552 4189 3661 4239 τῷν
3719 4186 3836 4240 ἑπι-

2185 4270 2634 4344 τιμητικωτέρων
2666 4269 2868 4342 λόγων,
2900 4269 3036 4324 κατᾶ
3063 4291 3122 4325 τε
3178 4275 3287 4326 τῷν
3344 4270 3829 4344 ψευδαποστὸλων,

2185 4361 2406 4416 καὶτῶν
2455 4356 2854 4434 λοιδορούντων
2914 4359 3097 4416 αὐτόν.
3175 4361 3278 4416 Καὶ
3337 4362 3520 4416 ἑαυτὸν
3575 4364 3832 4433 συνίστη-

2188 4472 2293 4517 σιν,
2328 4449 2404 4511 εἶς
2437 4449 2676 4524 ἀνάγκην
2699 4446 2872 4511 ἐλθὼν
2898 4453 2997 4503 τοῦ
3034 4450 3108 4521 μὴ
3158 4449 3251 4504 καὶ
3297 4450 3360 4505 τὸ
3423 4453 3682 4528 κήρτγμα
3711 4473 3831 4507 συν.

423 4517 601 4572 etiam
633 4517 977 4588 praedicatio
1009 4518 1342 4585 vilesceret,
1374 4521 1420 4575 si
1458 4521 1584 4591 ipse
1637 4522 1711 4576 ob
1769 4523 2071 4577 silentium

2192 4536 2580 4605 ευτελισθῆναι,
2614 4535 2657 4589 εἷ
2709 4535 2872 4598 αὐτὸς
2932 4535 3141 4613 φαῦλος
3199 4541 3268 4611 τῇ
3327 4544 3511 4614 σιωπῇ
3570 4543 3827 4614 νομισθῇ.

421 4606 552 4661 vilis
583 4623 650 4662 ac
676 4608 945 4678 abjectus
978 4615 1354 4680 reputaretur
1387 4629 1399 4665 :
1463 4617 1518 4665 et
1577 4612 1726 4667 datm
1787 4612 1897 4666 sibi
1931 4630 2066 4668 cum

425 4696 814 4754 exuberantia
843 4699 1044 4772 gratiae
1080 4700 1368 4770 praeclara
1393 4701 1560 4772 ponit
1588 4701 2077 4772 facinora,suam-

428 4807 541 4860 que
570 4794 947 4851 tolerantiam
963 4814 1029 4852 ac
1047 4815 1327 4868 perpessa
1343 4815 1444 4868 pro
1458 4798 1690 4853 Christo
1725 4800 2071 4854 certamina.

428 4899 456 4926 «
485 4878 739 4936 Obsecro
754 4900 873 4940 vos.
902 4907 928 4933 »
981 4887 1097 4940 Hoc
1147 4885 1269 4940 vult
1318 4887 1543 4941 dicere:
1596 4889 1708 4943 Vos
1739 4904 1841 4942 oro
1874 4904 1948 4942 ne
1978 4903 2074 4942 me

429 4976 643 5041 cogant
674 4972 1137 5030 calumniatores
1169 4977 1252 5030 uti
1286 4993 1418 5031 mea
1447 4977 1727 5033 adversus
1758 4979 1918 5048 ipsos
1975 4995 2076 5048 po-

426 5064 660 5125 testate,
687 5078 783 5116 vos
809 5079 1036 5132 precor.
1063 5064 1223 5120 Sicut
1245 5066 1441 5122 dicere
1473 5067 1772 5122 solemus:
1825 5068 2072 5123 Suadete

427 5149 572 5220 ipsis
598 5167 672 5205 ne
704 5152 776 5207 ad
808 5153 919 5208 hoc
953 5171 1046 5208 me
1081 5155 1300 5212 ducant
1331 5176 1344 5212 :
1406 5182 1432 5207 ‹‹
1493 5160 1603 5212 Per
1658 5159 1964 5214 lenitatem
2015 5164 2073 5215 et

430 5244 955 5298 mansuetudinem
981 5245 1218 5301 Christi.
1258 5271 1278 5295 ιι
1315 5250 1521 5321 Magna
1551 5249 1791 5320 quidem
1839 5265 1934 5305 res
1985 5255 2073 5306 est

428 5333 586 5404 quod
615 5335 826 5390 Paulus
857 5334 1166 5390 obsecret:
1200 5355 1333 5392 cum
1361 5346 1559 5394 autem
1591 5347 1648 5395 et
1701 5357 1808 5412 per
1854 5341 2071 5396 Christi

425 5425 953 5482 mansuetudinem
983 5426 1160 5482 faciat
1189 5428 1707 5500 supplicationem,
1731 5433 1919 5504 magis
1953 5439 2074 5488 tre-

497 5563 542 5598 δει
574 5563 757 5619 Galat.
797 5581 846 5633 v,
880 5567 930 5618 2.

2186 4628 2285 4682 Καὶ
2310 4628 2375 4682 τὰ
2405 4629 2502 4694 τῆς
2549 4621 2796 4694 δοθείσης
2855 4624 3003 4698 αὐτῷ
3059 4627 3289 4702 χάριτος
3350 4629 3484 4700 μετὰ
3549 4625 3832 4702 δαψιλείας

2183 4718 2363 4786 τίθησι
2415 4715 2832 4789 καθορθώματα,
2884 4715 2973 4769 καὶ
3015 4718 3113 4786 τὴν
3149 4715 3312 4772 αὐτοῦ
3375 4720 3682 4791 ὑπομονὴν,
3739 4720 3822 4774 καὶ

2181 4803 2308 4865 τοὺς
2369 4804 2500 4876 ὑπὲρ
2559 4805 2799 4878 Χριστοῦ
2857 4803 3094 4876 ἀγῶνας.
3155 4830 3181 4857 ‹‹
3239 4806 3544 4880 Παρακαλῶ
3588 4807 3749 4880 ὑμᾶς.
3798 4832 3825 4859 »

2182 4897 2349 4948 Τοῦτο
2384 4889 2526 4955 θέλει
2561 4889 2756 4961 εἷπεέν,
2811 4891 3011 4964 Δὲομαι
3070 4895 3220 4966 ὑμων
3255 4897 3329 4967 μή
3369 4917 3434 4969 με
3465 4897 3824 4973 ἀναγκάσωσιν

2184 4983 2236 5036 οἱ
2269 4977 2650 5055 λοιδοροῦντες
2693 5001 2780 5053 με,
2844 4983 3148 5056 χρήσασθαί
3207 5005 3312 5058 μου
3341 4989 3409 5060 τῇ
3444 4983 3663 5060 δυνάμει
3719 4989 3827 5041 κατ’

2183 5067 2365 5132 αὐτςδ.
2402 5092 2429 5120 ι(
2461 5070 2639 5141 Ἱ⁸μῷν
2693 5068 2910 5142 δέομαι.
2947 5095 2976 5122 ››
3025 5075 3110 5133 Ὡς
3149 5071 3321 5148 λέγειν
3355 5073 3643 5148 εἰώθαμεν
3680 5081 3826 5148 Συμ-

2183 5157 2516 5216 ϐουλεύσατε
2570 5161 2782 5229 αὐτοῖς,
2819 5163 2895 5234 μή
2932 5162 3009 5224 εἰς
3034 5162 3194 5218 τοῦτὸ
3257 5185 3323 5238 με
3375 5164 3616 5242 ἀγαγεῖν.
3674 5191 3701 5217 ‹‹
3736 5168 3828 5220 Διὰ

2179 5259 2280 5320 τῆς
2313 5249 2628 5325 πραότητος
2671 5251 2761 5304 καὶ
2821 5249 3080 5314 ἐπιεικίας
3137 5256 3232 5308 τοῦ
3300 5256 3560 5328 Χριστοῦ.
3597 5280 3617 5307 ι
3682 5255 3826 5330 Μέγα

2186 5341 2279 5415 μὲν
2310 5340 2401 5396 καὶ
2429 5341 2493 5396 τὸ
2527 5337 2740 5394 Παῦλον
2797 5341 3158 5416 παρακαλεῖν,
3213 5342 3339 5400 ὅταν
3381 5340 3441 5399 δὲ
3479 5345 3570 5400 καὶ
3618 5341 3707 5399 διὰ
3731 5346 3824 5415 τῆς

2183 5429 2474 5491 ἰπιεικείας
2551 5431 2788 5505 Χριστοῦ
2857 5432 2958 5499 τὴν
3016 5430 3214 5486 ἶκεσίαν
3265 5439 3513 5503 ποιῆται,
3561 5430 3826 5509 φρικωδά-
