4128 6192
284 274 443 336 1029

1249 267 1655 333 ΟΟΜΜΕΝΤ.
1702 264 1784 328 IN
1829 260 2079 326 EPIST.
2123 259 2180 323 ΙΙ
2223 261 2322 324 AD
2367 263 2730 330 COIHNTH.

3526 277 3695 349 103α

279 423 489 481 στερον.
525 425 550 455 ι
579 406 678 464 Ὃς
707 400 846 461 κατά
871 402 1166 480 πρόσωπον
1216 404 1312 477 μὶν
1340 401 1589 464 ταπεινὸς
1626 399 1678 455 ἐν
1714 400 1865 481 ὑμῖν.
1899 418 1930 448 »

2050 396 2326 453 mendum
2351 403 2459 453 est.
2484 398 2589 463 Qui
2610 398 2673 454 in
2693 404 3014 473 conspectu
3035 401 3279 462 humilis
3297 406 3540 478 quidem
3563 426 3697 467 sum

279 498 349 551 "B
378 480 532 550 κατὰ
584 493 863 567 εἰρωνείαν
922 493 1055 572 φησὶ
1119 496 1310 565 τοῦτο,
1363 496 1482 556 τοῖς
1532 494 1643 548 τῶν
1703 480 1933 543 διαϐαλ-

284 584 497 642 λόντων
558 584 910 661 χρησάμενος
968 583 1181 662 λόγοις.
1273 582 1501 658 Ἒλεγον
1580 580 1706 657 γάρ,
1756 577 1838 634 ὅτι
1897 579 1932 648 ἡ

283 673 556 751 παρουσία
614 673 865 744 ἀσθενὴς,
923 674 980 728 αἱ
1034 671 1093 729 δὲ
1149 670 1437 729 ἐπιστολαί
1493 672 1727 746 βαρεῖαι.
1779 662 1933 741 Λέγει

286 764 400 819 οὖν’
435 765 640 837 Δέομαι
671 762 825 835 ὑμῶν
856 763 884 817 ὁ
913 763 1104 838 παρὼν
1165 764 1263 836 μὶν
1312 760 1588 830 ταπεινὸς,
1650 759 1724 820 ὡς
1782 754 1935 812 αὒτοί

282 872 464 932 φασιν,
494 851 647 907 ἀπὼν
681 848 739 907 δὲ
787 848 1001 926 θαῤῥῶν
1046 853 1112 907 τὰ
1169 851 1340 924 μείζω
1397 870 1504 924 μου
1557 848 1804 926 γράφειν.
1862 845 1933 900 ’Ἡ

278 943 441 999 τοῦτό
498 963 654 1022 φησι·
712 943 982 1005 Ταπεινὸς
1042 945 1137 1016 μέν
1186 940 1324 1014 εἰμι,
1397 941 1545 1009 πλὴν
1597 934 1811 1011 6αρρὦ
1863 937 1934 1008 τῇ

278 1032 465 1108 ἀγάπῃ
502 1033 678 1106 ὑμῶν,
711 1029 909 1104 τολμῶ
930 1035 1157 1086 τοιαῦτα
1193 1030 1442 1106 γράφειν.
1477 1028 1544 1085 Τί
1597 1025 1655 1081 δὲ
1687 1022 1780 1099 δέῃ
1819 1042 1833 1092 ;
1864 1023 1935 1078 Τὸ

284 1126 360 1197 μὴ
404 1114 712 1198 θαῤῥῆσαι,
771 1122 926 1201 φησί,
983 1121 1231 1177 τουτέστι
1306 1121 1369 1177 τὸ
1422 1121 1499 1192 μὴ
1589 1114 1937 1191 θαρρούντως

280 1214 591 1288 χρήσασθαι
617 1211 925 1286 ἐρχόμενος
954 1211 1094 1285 πρὸς
1127 1211 1267 1285 ὑμᾶς
1299 1210 1388 1264 καὶ
1431 1206 1644 1281 παρὼν,
1702 1207 1771 1278 τῇ
1842 1201 1937 1258 δυ-

282 1300 437 1373 νάμει
473 1322 596 1375 μου.
650 1299 979 1371 Πεποίθησιν
1035 1300 1140 1376 γὰρ
1197 1300 1295 1368 τὴν
1338 1298 1712 1371 πνευματικὴν
1769 1292 1936 1348 αὐτοῦ

286 1387 514 1463 δύναμιν
546 1387 723 1458 καλεῖ,
751 1385 840 1443 διὰ
871 1389 933 1443 τὸ
987 1386 1185 1463 ῥᾳδίως
1225 1384 1474 1442 δύνασθαι
1504 1385 1633 1447 τοὺς
1663 1382 1938 1445 ἐναντίους

285 1478 605 1552 ἀμύνασθαι.
662 1476 797 1547 Ποίᾳ
852 1473 1127 1549 δυνάμεις
1185 1500 1213 1529 ι(
1271 1478 1473 1545 ’ῌτινι,
1507 1474 1662 1552 φησὶ,
1715 1469 1935 1545 λογίζο-

288 1589 387 1641 μαι
413 1565 716 1640 τολμῆσαι,
754 1590 782 1617 ››
822 1566 899 1629 ὡς
955 1565 1001 1620 εἶ
1059 1561 1267 1642 ἔλεγεν
1328 1562 1500 1623 Οὔπω
1530 1562 1753 1637 κέκρικα
1787 1562 1934 1640 χρή-

285 1669 480 1722 σασθαι
510 1655 669 1731 αὐτῇ,
718 1654 849 1711 ἀλλ’
898 1650 976 1710 ἔτι
1036 1654 1334 1731 λογίζομαι
1382 1652 1662 1727 τολμῆσαι
1719 1653 1935 1727 χρήσα-

283 1748 405 1802 σθαί
442 1767 548 1820 μου
573 1750 644 1820 τῇ
669 1743 914 1819 δυνάμει.
961 1747 1057 1816 Τὸ,
1110 1770 1139 1798 ι(
1189 1746 1284 1814 Μή
1340 1744 1528 1819 παρὼν
1581 1739 1871 1817 θαρρῆσαι.
1905 1761 1936 1796 ιο

283 1833 507 1904 Ἐπειδὴ
563 1835 663 1910 γάρ
729 1829 936 1909 ἔλεγον,
996 1835 1079 1889 ὅτι
1137 1834 1323 1908 παρὼν
1382 1830 1607 1902 εὐτελής
1655 1829 1790 1897 ἐστι,
1848 1834 1942 1891 καί

282 1946 440 2003 φησι,
475 1926 567 1995 Μὴ
598 1923 785 2000 παρὼν
808 1924 1224 1998 τιμωρήσωμαι
1288 1919 1510 1982 αὐτούς.
1548 1943 1575 1972 ‹‹
1604 1920 1674 1988 ’ῌ
1723 1916 1946 1993 λογίζο-

288 2036 406 2089 μαι.
444 2037 469 2067 ν
502 2014 663 2089 Ὀρᾷς
693 2018 810 2075 πῶς
842 2011 956 2068 ἐστι
1008 2011 1261 2073 ταπεινός
1297 2030 1311 2081 ;
1376 2010 1648 2086 Ἀνάγκης
1701 2008 1802 2084 γάρ
1859 2003 1948 2062 οῦ-

282 2125 384 2173 σης
415 2106 723 2179 χρήσασθαι
755 2106 823 2177 τῇ
857 2099 1103 2176 δυνάμει,
1141 2101 1292 2157 ὀκνεῖ
1341 2100 1431 2155 καὶ
1491 2096 1798 2170 ἀναδύεται,
1854 2112 1945 2166 καὶ

276 2194 491 2267 τόλμαν
534 2194 597 2249 τὸ
626 2198 851 2267 πρᾶγμα
904 2190 1087 2249 καλεῖ.
1136 2194 1317 2249 Τοῦτο
1378 2190 1482 2265 γὰρ
1535 2187 1761 2264 ἀρίστου
1794 2184 1943 2243 διδα-

277 2284 609 2358 σκάλου,τῇ
640 2277 888 2356 ἀναϐολῇ
950 2283 1141 2357 χώραν
1203 2280 1467 2359 παρέχειν
1529 2282 1598 2352 τῇ
1662 2279 1940 2353 μετανοίᾳ.

269 2398 301 2427 «ί
333 2370 471 2435 Τοὺς
502 2372 899 2448 λογιζομένους
953 2373 1105 2446 ἡμᾶς
1163 2372 1238 2432 ὡς
1288 2369 1423 2425 κατὰ
1481 2369 1654 2443 σάρκα
1707 2380 1943 2441 περιπα·

276 2465 527 2524 τοῦντας.
578 2487 605 2515 ››
662 2462 813 2519 Κατὰ
864 2461 1051 2531 τίνων,
1116 2459 1306 2538 φησὶν,
1390 2452 1540 2537 ἔχεις
1623 2457 1940 2532 χρήσασθαι

278 2553 466 2628 παρὼν
592 2549 816 2625 δυνάμει
846 2554 916 2626 τῇ
976 2553 1314 2624 πνευματικῇ
1349 2568 1363 2619 ;
1396 2547 1520 2605 Ἐπί
1557 2568 1733 2613 τινας,
1775 2545 1930 2628 φησὶ,

278 2641 409 2704 τοὺς
440 2640 838 2719 λογιζομένους
867 2644 1017 2714 ἡμᾶς
1050 2641 1124 2702 ὡς
1153 2639 1291 2695 κατὰ
1346 2640 1517 2713 σάρκα
1574 2639 1937 2713 περιπατοῦν-

280 2751 396 2792 τας.
456 2730 523 2789 Οἱ
576 2731 678 2807 γὰρ
736 2727 1176 2804 ψευδαπόστολοι
1255 2722 1549 2783 διέϐαλλον
1616 2724 1799 2795 αὐτὸν,
1859 2723 1935 2786 ὡς

282 2821 579 2895 ὑποκριτὴν
605 2821 699 2875 καὶ
746 2819 1057 2890 ἀπατεῶνα,
1112 2818 1203 2873 καὶ
1262 2817 1437 2872 πάντα
1493 2817 1632 2892 πρὸς
1684 2811 1936 2885 ἐπίδειξιν

278 2914 561 2979 ποιοῦντα,
607 2910 698 2966 καί
750 2908 941 2988 φησιν’
976 2933 1005 2961 ‹‹
1073 2909 1159 2965 Ἐν
1217 2907 1375 2981 σαρκὶ
1434 2907 1537 2982 γάρ
1579 2906 1935 2980 περιπατοῦν-

275 3019 389 3071 τες,
449 2999 510 3055 οὗ
567 2999 703 3054 κατά
756 2999 926 3075 σάρκα
984 2997 1415 3071 στρατευόμεθα,
1450 3020 1478 3047 ››
1510 2995 1803 3061 τουτέστιν,
1855 2992 1932 3049 Οὐ

279 3094 551 3165 σαρκικῶς
584 3094 784 3163 ζῶμεν.
816 3089 888 3145 ’Ἡ
918 3089 1042 3163 περὶ
1074 3091 1172 3143 τοῦ
1201 3085 1555 3161 κηρύγματος
1610 3081 1761 3158 λέγει
1846 3080 1930 3165 τὸ,

279 3203 309 3232 (ι
344 3154 778 3253 έτρατευόμεθα.
806 3202 833 3229 ››
866 3154 1119 3252 Πόλεμον
1152 3154 1427 3249 γάρ”πρδς
1445 3174 1574 3235 τοὺς
1606 3154 1838 3242 νοητοὺς
1853 3154 1940 3225 καὶ

276 3268 569 3339 αἰσθητοὺς
669 3266 904 3347 ἐχθροὺς
1018 3262 1419 3339 ἀναδεξάμενοι,
1509 3261 1571 3318 οὐ
1648 3264 1934 3336 σαρκικοῖς

277 3356 474 3420 ὅπλοις
511 3358 854 3433 κεχρήμεθα,
885 3354 1047 3411 τοῦτό
1079 3354 1245 3424 ἑστιν,
1278 3353 1355 3408 Οὐ
1394 3352 1531 3408 κατὰ
1553 3352 1726 3428 σάρκα
1774 3369 1933 3423 στρα-

275 3449 403 3503 τευό
412 3450 567 3521 μεθα.

344 3538 428 3594 Τά
484 3537 587 3611 γάρ
646 3534 793 3590 ὅπλα
841 3542 943 3604 τῆς
1007 3532 1293 3608 στρατείας
1346 3534 1508 3604 ἡμῶν
1568 3530 1630 3586 οὐ
1684 3529 1934 3605 σαρκικὰ,

273 3624 420 3680 ἀλλὰ
482 3622 683 3680 δυνατά
728 3628 810 3697 τῷ
867 3628 984 3697 Θεῷ
1042 3623 1181 3697 πρὸς
1238 3620 1549 3697 καθαίρεσιν
1623 3617 1934 3695 ὀχυρωμά-

273 3735 406 3785 των,
496 3712 803 3791 λογισμοῦς
892 3716 1304 3786 καθαιροῦντες,
1389 3709 1481 3765 καὶ
1562 3714 1664 3765 πᾶν
1734 3708 1937 3783 ὕψωμα

282 3803 637 3880 ἐπαιρόμενον
710 3806 846 3860 κατᾶ
918 3806 1019 3873 τῆς
1122 3802 1374 3880 γνώσεως
1448 3805 1546 3856 τοῦ
1610 3803 1770 3870 Θεοῦ,
1845 3799 1937 3855 καὶ

278 3892 786 3972 αἰχμαλωτίζοντες
835 3897 936 3949 πᾶν
968 3893 1154 3965 νόημα
1230 3892 1307 3954 είς
1382 3891 1482 3960 τήν
1547 3890 1794 3960 ὑπακοὴν
1840 3893 1938 3944 τοῦ

282 3983 544 4058 Χριστοῦ.

356 4074 466 4129 Καὶ
494 4073 670 4134 οὕτως
727 4072 790 4127 οὐ
847 4072 984 4127 κατά
1038 4070 1209 4146 σάρκα
1262 4070 1694 4144 στρατευόμεθα,
1737 4067 1818 4125 ὅτι
1874 4070 1940 4125 τὰ

282 4161 431 4218 ’ὅπλα
485 4165 568 4225 οἷς
645 4161 909 4237 χρώμεθα
965 4160 1102 4216 κατὰ
1178 4161 1289 4214 τῶν
1354 4156 1780 4232 ἀνθισταμένων,
1841 4156 1941 4215 οὐκ

283 4246 395 4307 ἔστι
456 4252 707 4325 σαρκικά,
770 4249 1013 4327 Σαρκικὰ
1080 4246 1137 4304 δὲ
1194 4245 1342 4303 ’ὸπλα
1390 4245 1475 4318 εἲη
1536 4246 1617 4315 ἄν,
1676 4246 1935 4321 πλοῦτος,

280 4338 467 4417 ἰσχὺς,
518 4335 819 4409 δυναστεία,
879 4335 1028 4411 δόξα,
1083 4334 1415 4411 εὐγλωττίά.
1473 4334 1665 4408 Ἡμεῖς
1716 4353 1937 4410 τοιγαρ-

277 4431 392 4496 οῦν,
426 4428 490 4483 οὐ
521 4428 741 4490 τούτοις
790 4432 1052 4501 νικῶμεν,
1102 4422 1249 4481 ἀλλὰ
1303 4428 1423 4485 τοῖς
1483 4421 1773 4483 ἐναντίοις.
1834 4426 1938 4477 ﬂe-

278 4494 391 4589 νίᾳ,
425 4515 635 4589 ἀδοξίᾳ,
668 4494 943 4587 ἀσθενείᾳ,
973 4494 1237 4586 ἰδιωτείᾳ.
1303 4512 1397 4567 Διὸ
1453 4512 1545 4567 καὶ
1603 4508 1803 4566 δυνατά
1855 4515 1935 4585 τῷ
1967 4494 2014 4559 D

278 4610 397 4679 Θεῷ
428 4606 564 4661 αὐτὰ
613 4604 790 4664 καλεῖ.
851 4606 948 4660 Καὶ
1007 4604 1109 4681 γὰρ
1170 4602 1221 4658 ἐν
1278 4599 1459 4674 τούτῳ
1511 4601 1575 4656 τὸ
1627 4601 1933 4673 θαυμαστὸν

277 4697 369 4753 καὶ
426 4697 488 4752 τὸ
547 4694 772 4751 δυνατὸν
834 4695 981 4768 παρὰ
1040 4698 1174 4748 Θεοῦ
1238 4690 1479 4767 ἔχουσιν,
1560 4688 1643 4745 ὅτι
1712 4694 1938 4745 τοιαῦτα

282 4783 432 4856 ὄντα,
474 4784 788 4860 περιγέγονε
841 4790 943 4853 τῆς
1001 4779 1355 4855 οἰκουμένης.
1413 4780 1616 4834 Σκόπει
1668 4776 1727 4833 δὲ
1775 4777 1942 4834 αὐτοῦ

280 4876 346 4931 τὸ
378 4876 598 4953 ἄτυφον·
634 4873 746 4928 Οὔκ
776 4873 942 4941 εἶπεν,
973 4872 1166 4945 Ἡμεῖς
1195 4872 1355 4941 ἐσμεν
1388 4868 1439 4923 οἱ
1475 4865 1716 4935 δυνατοὶ,
1769 4865 1938 4939 ἀλλὰ,

278 4965 355 5018 Τὰ
384 4961 530 5018 ὅπλα
556 4965 714 5035 ἡμῶν
750 4960 839 5018 διά
868 4965 964 5017 τοῦ
1018 4964 1174 5018 Θεοῦ.
1217 4958 1316 5014 Καὶ
1371 4958 1475 5032 γάρ
1528 4956 1800 5020 κάκείνοις
1843 4959 1943 5026 τήν

283 5052 512 5127 δύναμιν
544 5053 649 5109 οὐχ
678 5056 868 5127 ἡμεῖς,
897 5049 1025 5107 ἀλλ’
1060 5050 1088 5106 ὁ
1120 5049 1250 5111 Θεὸς
1288 5045 1479 5118 ἔδωκε,
1540 5047 1696 5127 φησί.
1735 5071 1762 5099 ‹‹
1798 5047 1941 5122 Πρὸς

275 5141 582 5216 καθαίρεσιν
614 5142 1021 5218 ὀχυρωμάτων.
1087 5164 1114 5193 »ν
1176 5140 1332 5195 Ἔστι
1393 5133 1451 5192 δὲ
1519 5131 1719 5190 δυνατά
1776 5138 1938 5210 ἡμῶν

270 5231 340 5288 τὰ
370 5230 540 5302 ὅπλα,
603 5232 738 5307 πρὸς
795 5231 1108 5305 καθαίρεσιν
1177 5226 1581 5303 ὀχυρωμάτων.
1644 5224 1838 5280 Καλῶν
1883 5222 1941 5280 δὶ

273 5323 422 5394 τὸ,‹‹
481 5321 827 5397 Καθαίρεσιν,
875 5345 903 5374 ›)
966 5316 1184 5381 δεικνὺς
1242 5319 1326 5373 ὅτι
1379 5314 1441 5370 οὔ
1504 5309 1937 5391 προσϐάλλομεν

276 5413 557 5493 μηχανάς,
639 5409 766 5469 ἀλλ’
834 5410 991 5473 εὐθὺς
1048 5410 1411 5485 καθαιροῦμεν
1479 5403 1618 5460 ἅπαν
1675 5402 1940 5493 ἐναντίον,

276 5492 698 5584 Ὀχυρωμᾶτων
725 5497 784 5556 δέ
814 5521 1001 5580 φησιν,
1043 5500 1158 5555 οἷον
1222 5497 1353 5559 τοὺς
1413 5492 1785 5584 Ἐλληνικοῦς
1813 5492 1945 5549 συλ-

272 5580 605 5671 λογισμοὺς,
636 5592 736 5661 τὴν
755 5588 970 5661 πλάνην
1000 5587 1207 5657 αὐτῶν,
1261 5586 1353 5643 τὸν
1410 5586 1595 5661 τῦφον.
1655 5580 1796 5666 Εἶτα
1851 5587 1944 5647 ἰνα

2044 486 2201 542 inter
2229 504 2348 544 vos.
2383 492 2498 543 Aut
2523 489 2852 547 secundum
2884 492 3135 549 ironiam
3163 493 3275 551 hoc
3319 496 3482 564 dicit,
3543 517 3688 556 usus

2044 576 2547 633 calumniatorum
2579 580 2974 638 sermonibus.
3010 584 3295 641 Dicebant
3324 589 3483 642 enim
3533 590 3695 660 quod

2042 665 2362 735 praesentia
2392 666 2703 724 imbecillis
2731 677 2905 738 esset,
2940 673 3208 743 epistolas
3269 692 3405 731 vero
3467 693 3693 749 graves.

2044 754 2141 808 Ait
2169 770 2335 826 ergo:
2369 755 2623 812 Obsecro
2654 775 2755 812 vos
2787 760 2886 830 qui
2910 779 3172 832 praesens
3189 765 3430 835 quidem
3450 766 3693 821 humilis

2046 859 2198 906 sum,
2230 848 2297 898 ut
2335 844 2446 915 ipsi
2472 844 2697 917 dicunt,
2723 849 2875 905 612
2900 849 3116 906 absens
3132 869 3267 907 vero
3288 857 3517 924 majora
3548 855 3702 910 scri-

2044 931 2182 987 bere
2213 932 2402 989 audeo
2435 950 2613 1005 quam
2642 953 2773 1008 quae
2803 938 2877 993 ad
2911 956 3004 995 me
3036 943 3393 1012 pertineant.
3439 947 3554 999 Aut
3585 945 3697 1000 hoc

2047 1020 2238 1076 dicit:
2277 1023 2528 1078 Humilis
2578 1026 2818 1095 quidem
2865 1045 3020 1095 sum,
3069 1037 3333 1087 attamen
3381 1033 3453 1088 de
3502 1040 3696 1090 vestra

2046 1112 2307 1167 confisus
2347 1114 2635 1170 charitate
2693 1118 2881 1173 audeo
2941 1119 3357 1191 hujuscemodi
3415 1124 3695 1181 scribere.

2047 1200 2197 1265 Quid
2218 1207 2416 1257 autem
2440 1205 2737 1276 precaris?
2757 1206 2836 1262 Ne
2858 1208 3131 1277 audeam,
3161 1210 3375 1282 inquit,
3428 1212 3539 1268 hoc
3586 1219 3698 1279 est,

2045 1304 2121 1343 ne
2152 1290 2348 1345 vivens
2379 1293 2660 1347 audacter
2690 1296 2868 1351 etiam
2895 1315 3160 1370 praesens
3200 1308 3335 1356 utar
3386 1302 3697 1358 adversum

2046 1395 2145 1433 vos
2170 1395 2304 1434 mea
2332 1387 2644 1451 potestate.
2677 1384 3055 1456 Spiritualem
3089 1389 3248 1445 enim
3272 1391 3699 1448 conﬁdentiam

2046 1474 2213 1523 vocat
2245 1485 2414 1524 suam
2446 1478 2827 1542 potestatem,
2860 1477 3018 1546 quod
3071 1477 3247 1534 facile
3306 1481 3464 1551 quod
3513 1482 3704 1552 possit

2046 1555 2255 1611 ulcisci
2286 1557 2678 1620 adversarios.
2739 1566 3003 1630 Quanam
3061 1574 3368 1639 potestate
3398 1571 3426 1625 ‘I
3478 1593 3504 1620 «
3557 1571 3707 1636 Quia

2048 1645 2373 1716 existimor,
2398 1649 2613 1721 inquit,
2640 1654 2878 1710 audere.
2912 1660 3039 1712 »Λα
3064 1658 3111 1712 si
3126 1658 3386 1715 diceret:
3427 1660 3697 1715 Nondum

2057 1732 2285 1791 decrevi
2309 1753 2376 1793 ea
2396 1739 2502 1806 uti,
2528 1741 2632 1795 sed
2674 1745 2801 1813 jam
2853 1745 3162 1803 existimor
3198 1749 3417 1805 audere
3447 1749 3532 1804 uti
3568 1766 3699 1805 mea

2057 1829 2365 1894 potestate.
2391 1849 2418 1877 ‹‹
2445 1828 2524 1883 Ne
2546 1846 2808 1901 praesens
2830 1834 3101 1890 audeam.
3129 1859 3156 1885 »
3177 1836 3323 1902 Quia
3345 1838 3504 1892 enim
3536 1837 3696 1893 dice-

2054 1911 2197 1968 bant
2218 1916 2375 1986 quod
2395 1935 2658 1989 praesens
2681 1922 2945 1996 abjectus
2985 1931 3161 1997 esset,
3216 1928 3413 1997 etiam,
3466 1929 3584 1983 ait:
3618 1929 3698 1983 Ne

2053 2017 2316 2073 praesens
2347 2008 2591 2076 puniam
2622 2010 2799 2081 ipsos.
2837 2035 2865 2064 «
2899 2015 3022 2079 Qua
3052 2015 3378 2070 existimor.
3442 2039 3470 2067 ›ι
3526 2016 3699 2071 Vides

2053 2094 2351 2162 quomodo
2383 2095 2461 2150 sit
2490 2097 2737 2155 humilis
2764 2099 2793 2154 ‘I
2818 2102 2960 2157 Cum
2993 2103 3152 2157 enim
3184 2120 3427 2159 necesse
3486 2105 3563 2159 sit
3612 2104 3697 2158 uti

2050 2188 2364 2252 potestate,
2397 2192 2712 2243 cunctatur
2741 2194 2800 2244 et
2829 2190 3138 2256 detrectat,
3200 2209 3267 2247 ac
3326 2207 3451 2247 rem
3504 2193 3695 2263 ipsam

2049 2276 2215 2326 vocat
2242 2273 2572 2331 audaciam.
2603 2275 2749 2332 Nam
2781 2279 2840 2333 id
2872 2281 3079 2352 Optimi
3138 2281 3520 2352 praeceptoris
3579 2287 3690 2352 est,

2047 2375 2155 2430 per
2176 2376 2403 2416 moram
2424 2361 2621 2418 locum
2643 2365 2783 2421 dare
2803 2368 3247 2439 resipiscentiee.
3269 2392 3298 2419 «
3322 2371 3429 2435 Qui
3480 2375 3693 2442 putant

2046 2463 2156 2502 nos
2184 2449 2513 2506 secundum
2542 2469 2784 2510 carnem
2814 2456 3142 2513 ambulare.
3171 2480 3199 2508 »
3234 2459 3526 2514 Adversus
3544 2475 3693 2530 quos

2043 2552 2308 2606 praasens
2337 2540 2422 2594 uti
2454 2547 2620 2613 potes
2651 2551 2940 2616 potestate
2994 2547 3289 2619 spirituali
3319 2547 3348 2602 ‘?
3399 2548 3692 2603 Adversus

2044 2626 2356 2696 Ψιοεάδιῐιν
2390 2630 2605 2703 inquit,
2658 2635 2759 2705 qui
2816 2636 3158 2692 existimant
3214 2652 3321 2691 nos
3367 2637 3695 2692 secundum

2043 2730 2281 2772 carnem
2296 2719 3079 2796 ambulare.Pseudapostoli
3101 2741 3358 2797 namque
3372 2723 3694 2781 calumnia-

2041 2802 2285 2860 banturi
2294 2825 2467 2879 psum
2487 2819 2774 2883 tanquam
2799 2814 3169 2885 hypocritam
3192 2830 3260 2869 ac
3284 2814 3690 2885 impostorem,

2042 2893 2263 2964 quique
2295 2898 2494 2954 omnia
2525 2899 2599 2955 ad
2631 2903 3093 2957 ostentationem
3148 2903 3391 2971 faceret,
3451 2908 3509 2958 et
3562 2902 3644 2957 ait
3677 2916 3693 2960 :

2043 3002 2069 3030 ‹‹
2098 2984 2245 3038 Nam
2269 2985 2331 3039 in
2354 3004 2533 3043 carne
2556 2988 3082 3056 ambulantes,non
3103 2991 3430 3047 secundum
3453 3007 3695 3047 carnem

2043 3071 2389 3128 militamus.
2419 3097 2447 3125 »
2472 3077 2590 3132 Hoc
2614 3084 2722 3145 est,
2746 3095 2866 3134 non
2916 3080 3237 3136 carnaliter
3286 3081 3558 3149 vivimus,
3594 3087 3698 3137 aut

2052 3159 2125 3214 de
2155 3162 2577 3232 praedicatione
2608 3167 2771 3236 dicit,
2806 3190 2834 3219 «
2869 3169 3201 3226 Militamus
3264 3193 3291 3220 ››
3341 3173 3485 3225 Cum
3533 3171 3694 3227 enim

2046 3247 2269 3306 bellum
2301 3252 2581 3309 adversus
2612 3255 3022 3328 intelligibiles
3052 3275 3123 3314 ac
3155 3259 3538 3314 insensibiles
3555 3258 3692 3314 hos-

2045 3344 2134 3396 tes
2166 3343 2625 3415 susceperimus,
2651 3361 2771 3401 non
2802 3347 2985 3403 armis
3015 3348 3354 3403 carnalibus
3382 3348 3695 3414 utimur,et

2046 3429 2157 3486 hoc
2188 3436 2297 3503 est,
2326 3434 2449 3488 Non
2480 3434 2807 3492 secundum
2838 3453 3077 3493 carnem
3110 3438 3460 3493 militamus.

2116 3530 2182 3599 Χ,
2213 3531 2267 3601 4,
2299 3534 2351 3585 5.
2384 3532 2666 3603 Siquidem
2696 3551 2853 3591 arma
2895 3537 3107 3593 militia:
3163 3544 3365 3595 nostra?
3420 3554 3530 3593 non
3570 3531 3691 3592 car-

2044 3623 2201 3677 nalia
2229 3629 2377 3691 sunt,
2407 3625 2502 3681 sed
2522 3630 2775 3696 potentia
2805 3629 2936 3699 Deo,
2969 3629 3043 3683 ad
3100 3630 3512 3685 demolitionem
3568 3646 3661 3683 mu
3681 3658 3693 3670 -

2046 3711 2322 3766 nitionum
2346 3714 2544 3783 quibus
2572 3717 2802 3771 consilia
2830 3716 3177 3786 demolimur,
3210 3724 3259 3771 et
3290 3732 3504 3771 omnem
3534 3716 3693 3769 celsi-

2048 3800 2297 3856 tudinem
2327 3819 2448 3873 que
2480 3806 2769 3861 extollitur
2797 3807 3056 3862 adversus
3087 3805 3456 3875 cognitionem
3491 3804 3604 3871 Dei,
3638 3810 3693 3857 et

2047 3893 2322 3962 captivam
2342 3894 2590 3950 ducimus
2610 3910 2822 3950 omnem
2842 3897 3211 3965 cognitionem
3233 3894 3307 3948 ad
3326 3892 3692 3950 obedientium

2051 3979 2287 4037 Christo.

2122 4080 2192 4134 Et
2219 4080 2366 4135 adeo
2398 4097 2520 4136 non
2555 4079 2883 4136 secundum
2915 4097 3154 4137 carnem
3185 4080 3581 4149 ambulamus,
3631 4084 3697 4136 ut

2051 4162 2217 4224 arma
2246 4169 2461 4240 quibus
2486 4170 2717 4224 utimur
2746 4176 2950 4227 contra
2979 4172 3348 4228 adversarios
3404 4188 3525 4226 non
3575 4170 3697 4225 sint

2052 4257 2332 4313 carnalia.
2367 4260 2546 4315 Arma
2576 4275 2711 4315 vero
2742 4260 3006 4317 carnalia
3038 4260 3152 4317 dici
3181 4266 3434 4332 possunt
3453 4258 3695 4326 divitias,

2050 4346 2357 4413 fortitudo,
2390 4349 2776 4421 principatus,
2813 4350 3017 4424 gloria,
3053 4351 3413 4422 eloquentia.
3446 4349 3560 4403 Nos
3583 4347 3700 4402 ita-

2053 4453 2165 4508 que
2200 4453 2320 4492 non
2352 4438 2443 4492 his
2475 4438 2771 4495 vincimus
2801 4440 2924 4508 sed,
2956 4440 3292 4508 contrariis,
3325 4440 3696 4512 paupertate,

2046 4524 2478 4594 imbecillitate,
2506 4528 2852 4599 ignominia,
2881 4528 3139 4585 inscitia.
3164 4527 3300 4583 Ideo
3325 4541 3562 4599 quoque
3592 4540 3701 4597 po-

2051 4616 2369 4671 tentiaDeo
2393 4616 2507 4672 ista
2530 4616 2692 4674 dicit.
2717 4618 2876 4674 613
2930 4618 3161 4673 Etenim
3210 4634 3319 4688 per
3365 4616 3477 4671 hoc
3507 4612 3695 4669 admi-

2048 4703 2343 4760 rationem
2375 4721 2442 4761 ac
2471 4706 2802 4778 potentiam
2834 4722 2869 4761 a
2900 4708 3015 4761 Deo
3045 4705 3302 4770 habent;
3356 4719 3495 4759 nam
3553 4700 3698 4756 talia

2050 4810 2185 4849 cum
2245 4794 2382 4859 sint,
2439 4795 2644 4849 orbem
2704 4794 3065 4849 devicerunt.
3122 4793 3444 4849 Considera
3494 4796 3694 4847 autem

2052 4889 2341 4955 quantum
2370 4883 2523 4939 fastu
2554 4888 2770 4938 careat.
2793 4884 2919 4939 Non
2969 4883 3156 4937 dixit:
3207 4883 3325 4937 Nos
3365 4896 3569 4937 sumus
3599 4895 3702 4952 po-

2051 4978 2266 5039 tentes,
2302 4971 2404 5027 sed
2437 4988 2603 5028 arma
2634 4978 2841 5027 nostra
2867 4988 2974 5043 per
3007 4973 3188 5027 Deum
3223 4989 3238 5037 ;
3269 4988 3408 5027 nam
3461 4975 3521 5026 et
3578 4968 3698 5023 illis

2052 5058 3055 5132 nonnospotentiamdedimus,sed
3073 5061 3242 5116 Deus.
3296 5081 3324 5110 ‹‹
3365 5060 3455 5114 Ad
3492 5057 3696 5113 demo-

2049 5150 2318 5205 litionem
2352 5149 2775 5205 munitionum.
2810 5170 2838 5199 »
2874 5149 3021 5204 Sunt
3049 5156 3247 5205 autem
3279 5165 3447 5205 arma
3495 5152 3701 5203 nostra

2050 5239 2320 5311 potentia
2349 5238 2423 5293 ad
2455 5238 2907 5294 demolitionem
2938 5239 3363 5295 munitionum.
3397 5239 3466 5292 Et
3524 5237 3697 5303 bene,

2053 5350 2080 5377 ‹‹
2114 5325 2569 5382 Demolitionem
2603 5350 2630 5376 ››
2665 5326 2826 5396 dicit,
2856 5325 3177 5382 ostendens
3209 5326 3367 5399 quod
3399 5341 3519 5381 non
3571 5338 3699 5378 ma-

2050 5415 2427 5471 chinationes
2477 5431 2867 5488 opponamus,
2928 5416 3030 5470 sed
3086 5417 3356 5488 protinus
3405 5409 3700 5484 quidquid

2051 5503 2417 5562 contrarium
2438 5510 2534 5561 est
2557 5504 2933 5563 demolimur.
2954 5506 3342 5562 Munitionem
3364 5519 3501 5558 vero
3533 5500 3699 5567 dicit,

2051 5592 2112 5650 id
2129 5593 2577 5665 est,Greecorum
2599 5593 2970 5666 syllogismos
2986 5599 3045 5649 et
3059 5608 3323 5648 errorem
3378 5606 3445 5644 ac
3475 5588 3699 5645 fastum
