4128 6192
489 304 641 366 ιοει
1612 296 2020 361 cucumam
2067 289 2374 355 TRICCE
2417 290 2766 353 EPISCOPI
3728 297 3857 361 1032

479 436 775 508 ipsorum.
811 432 1034 490 Deinde
1066 449 1141 488 ne
1172 431 1535 488 munitiones
1566 429 1900 493 audientes,
1933 442 2123 499 corpo-

2259 423 2334 498 μὴ
2369 421 2693 486 ἀκούσαντες
2745 419 3106 497 ὀχυρώματα,
3161 421 3469 497 σωματικόν
3522 444 3574 478 τι
3628 426 3857 495 νοήσωσι,

483 526 605 581 rale
624 523 848 595 aliquid
869 522 1225 595 intelligant,
1265 523 1386 577 ait:
1433 544 1461 573 «
1494 520 1714 587 Quibus
1745 519 1995 576 consilia
2026 521 2124 574 de-

483 614 782 679 molimur,
821 634 848 660 »
881 610 940 667 id
972 618 1080 681 est,
1114 612 1376 667 rationes
1431 617 1488 666 et
1542 611 1878 666 Graecorum
1923 606 2124 679 sopbi-

485 700 803 758 smata.Vel
830 701 988 772 quod
1007 702 1165 773 ipsas
1187 718 1390 756 eorum
1411 700 1798 773 cogitationes
1819 704 1879 754 et
1897 697 2128 753 animas

483 792 834 864 dejiciamus
855 791 928 847 ab
951 808 1019 847 eo
1040 809 1156 862 quo
1180 791 1530 848 obsidentur
1568 807 1789 856 errore,
1843 795 1901 844 et
1928 787 2001 844 ad
2027 803 2124 842 ve—

480 879 716 933 ritatem
749 878 1055 933 ducamus.
1094 903 1113 925 ι
1151 879 1222 931 Et
1249 893 1487 933 omnem
1519 876 1935 932 celsitudinem
1995 890 2125 945 qua)

483 966 855 1028 extollitur.»
877 967 1211 1023 Permansit
1234 968 1294 1021 in
1318 972 1485 1039 tropo
1507 971 1571 1020 ut
1598 964 1884 1037 majorem
1908 964 2129 1019 faceret

481 1056 835 1127 emphasim.
868 1058 1067 1124 Arma,
1097 1057 1531 1127 inquit,nostra
1555 1072 1567 1109 :
1589 1055 1707 1111 sive
1728 1055 2124 1110 munitionem

481 1145 718 1214 dixerit,
744 1146 864 1201 sive
888 1145 1327 1208 celsitudinem,
1350 1146 1461 1200 hoc
1485 1151 1594 1210 est,
1623 1150 1815 1200 turres
1838 1142 2124 1215 quasdam

478 1251 547 1291 ac
577 1235 1041 1309 propugnacula,
1078 1242 1136 1292 et
1164 1234 1453 1307 quidquid
1486 1234 1635 1291 illud
1661 1240 1751 1290 est
1768 1232 1924 1306 quod
1947 1231 2128 1288 extol-

478 1324 622 1379 litur
647 1331 750 1381 aut
776 1331 1067 1398 repugnat
1098 1325 1422 1398 cognitioni
1453 1325 1555 1379 Dei
1587 1341 1718 1395 qua;
1750 1340 1855 1396 per
1912 1321 2128 1395 prandi-

477 1417 773 1470 cationem
804 1416 1151 1487 acquiritur,
1186 1417 1311 1470 haec
1337 1420 1541 1470 nostra
1572 1430 1738 1469 arma
1797 1414 2129 1469 demoliun-

477 1509 576 1560 tur
604 1505 823 1561 omnia.
859 1506 929 1559 Et
958 1506 1246 1577 captivam
1280 1504 1552 1560 ducimus
1576 1520 1812 1559 omnem
1830 1502 2128 1575 cogitatio-

476 1610 635 1651 nem.
667 1595 737 1649 Et
767 1594 850 1649 ita
880 1611 1119 1649 omnem
1151 1595 1567 1667 cogitationem
1602 1598 1661 1648 et
1703 1609 1879 1648 omne
1927 1591 2124 1647 consi.

476 1683 622 1739 lium
657 1684 986 1740 humanum
1021 1683 1375 1755 subjicimus
1407 1684 1527 1756 regi
1588 1698 1939 1754 summoque
1989 1681 2125 1737 duci

2239 513 2395 590 φησί’
2461 536 2490 563 ‹‹
2554 510 2866 585 Λογισμοὺς
2914 516 3320 588 καθαιροῦντες,
3379 539 3401 569 ι
3469 515 3584 568 οἷον
3623 512 3863 592 συλλογι-

2235 600 2437 674 σμοὺς,
2470 598 2565 654 καὶ
2597 600 2664 654 τὰ
2690 604 2798 654 τῶν
2827 597 3113 670 Ἑλλήνων
3164 600 3494 678 σοφίσματα.
3550 603 3618 656 Ἦ
3648 603 3723 658 ὅτι
3775 603 3859 658 αὖ·

2233 690 2358 751 τοὺς
2391 688 2519 750 τοὺς
2560 686 2870 767 λογισμοὺς
2927 690 3126 761 αὐτῶν,
3195 688 3285 745 καὶ
3341 691 3440 754 τὰς
3498 691 3676 767 ψυχὰς
3717 713 3861 749 κατα-

2235 773 2517 852 ϐάλλομεν
2568 776 2621 849 έξ
2679 776 2747 849 ἧς
2801 779 3161 856 κεκράτηνται
3218 778 3454 853 πλάνης,
3514 782 3604 836 καὶ
3658 780 3728 842 εἷς
3777 785 3858 854 τήν

2233 867 2493 940 ἀλήθειαν
2523 869 2746 946 ἄγομεν.
2782 893 2809 921 ι(
2861 869 2967 926 Καὶ
3019 872 3125 924 πᾶν
3183 869 3386 946 ὕψωμα
3445 869 3861 947 ἐπαιρόμενον.»

2238 954 2523 1031 Ἐπέμεινε
2549 962 2618 1033 τῇ
2675 961 2879 1033 τροπῇ,
2935 957 3020 1013 ἳνα
3080 956 3310 1014 πλείονα
3366 963 3579 1035 ποιήσῃ
3634 963 3725 1030 τήν
3777 957 3858 1036 lp-

2235 1067 2418 1127 ςρασιν.
2457 1046 2535 1105 Τὰ
2587 1045 2755 1118 ὅπλα,
2814 1047 2973 1128 φησὶ,
3026 1047 3092 1103 τὰ
3145 1048 3405 1125 ἡμέτερα,
3469 1046 3568 1104 κᾶν
3620 1047 3861 1130 ὀχύρωμα

2235 1135 2415 1213 εἷ’πῃς,
2477 1133 2576 1192 κόἷν
2638 1136 2860 1212 ὕψωμα,
2940 1139 3183 1193 τουτέστι
3241 1139 3585 1215 πυργώματα
3628 1161 3737 1195 τινα
3784 1145 3863 1201 καὶ

2235 1229 2489 1305 φρούρια,
2538 1226 2636 1283 κᾶν
2696 1229 2878 1283 ὁτιοῦν
2939 1226 3295 1304 ἐπαιρόμενον
3360 1229 3452 1285 καὶ
3514 1228 3864 1304 ἀνθιστάμενον

2231 1321 2301 1392 τῇ
2334 1318 2533 1393 γνώσει
2568 1320 2665 1371 τοῦ
2695 1320 2830 1372 Θεοῦ
2858 1319 2928 1390 τῇ
2988 1312 3078 1371 διὰ
3130 1320 3228 1372 τοῦ
3280 1319 3662 1395 κηρύγματος,
3714 1320 3865 1376 πάντα

2234 1412 2500 1482 καθαιρεῖ.
2540 1430 2567 1457 ι(
2602 1405 2697 1460 Καὶ
2739 1405 3250 1482 αἰχμαλωτίζοντες
3298 1410 3402 1462 πᾶν
3462 1408 3665 1481 νόημα.
3701 1433 3720 1459 ι
3777 1410 3862 1466 Καὶ

2235 1494 2410 1560 οὕτως
2440 1497 2576 1551 ἅπαν
2627 1495 2813 1569 νόημα
2864 1495 2955 1550 καὶ
3008 1499 3183 1551 πᾶσαν
3243 1494 3488 1552 διάνοιαν
3551 1497 3863 1571 ἀνθρωπίνην

2237 1585 2609 1659 ὑποτάσσομεν
2640 1590 2719 1658 τῷ
2754 1583 2971 1662 βασιλεῖ
3012 1586 3103 1641 καὶ
3159 1586 3592 1663 ἀρχιστρατήγῳ
3641 1592 3863 1661 Χριστῷ,

2235 1678 2310 1740 ὡς
2348 1673 2489 1751 μηδέ
2519 1675 2884 1731 ἁναπαλαῖσαι
2910 1680 3010 1731 τοῦ
3045 1680 3269 1745 Λοιποῦ,
3333 1675 3476 1751 μηδέ
3532 1676 3864 1752 ἀναμαχήσα-

478 1773 730 1843 Christo,
764 1780 832 1830 ut
860 1791 935 1830 ne
962 1774 1309 1829 rereluctari
1351 1773 1592 1844 quidem
1650 1778 1753 1828 aut
1794 1787 2123 1846 repugnare

2236 1768 2358 1821 σθαι
2393 1765 2615 1841 ἷσχῦσαί
2645 1786 2761 1820 τινα
2798 1768 2908 1821 τῶν
2965 1767 3334 1838 ἡττηθέντων.
3397 1771 3597 1824 Τοῦτο
3629 1770 3726 1842 γὰρ
3778 1765 3864 1839 δη-

477 1861 760 1935 deinceps
790 1864 1019 1935 possint
1049 1863 1248 1935 aliqua
1276 1862 1514 1918 illorum
1544 1878 1675 1934 qua:
1707 1861 2123 1928 devincuntur,

476 1951 590 2007 hoc
623 1957 824 2007 autem
856 1952 1173 2025 significat,
1208 1974 1235 2003 «
1267 1953 1567 2025 Captivam
1599 1951 1892 2021 ducimus,
1924 1973 1952 2001 ››
2014 1951 2127 2006 hoc

477 2044 587 2106 est,
621 2043 880 2114 captivos
912 2058 981 2097 ex
1013 2059 1191 2113 prava
1218 2042 1534 2114 tyrannide
1567 2041 1916 2113 accipimus,
1950 2057 2126 2096 aser-

478 2129 662 2185 vitute
695 2131 757 2185 in
791 2130 1127 2187 libertatem
1157 2132 1537 2187 reducentes.

551 2219 618 2288 X,
652 2221 774 2275 6-8.
803 2221 870 2275 Et
892 2227 1159 2292 promptu
1208 2221 1465 2277 habemus
1520 2221 1821 2277 vindictam
1871 2221 2127 2275 adversus

481 2325 693 2364 omnem
753 2310 1200 2378 inobedientiam,
1260 2327 1381 2366 cum
1438 2310 1667 2382 impleta
1722 2312 1896 2379 fuerit
1952 2315 2129 2365 vestra

486 2399 817 2454 obedientia.
846 2400 974 2465 Quae
1002 2401 1298 2455 secundum
1329 2402 1531 2468 faciem
1586 2406 1713 2455 sunt
1770 2399 1969 2456 videtis
1997 2401 2025 2454 ?
2066 2400 2129 2455 Si

486 2490 609 2560 quis
629 2489 696 2543 de
714 2492 889 2560 seipso
910 2491 1133 2559 confidit
1173 2490 1321 2560 quod
1368 2489 1569 2544 Christi
1615 2492 1705 2556 sit,
1740 2488 1882 2544 illud
1907 2505 2127 2544 rursum

478 2578 789 2649 perpendat
810 2595 879 2635 ex
895 2581 1091 2650 seipso,
1121 2579 1271 2649 quod
1293 2582 1433 2634 sicut
1455 2578 1571 2649 ipse
1591 2577 1794 2635 Christi
1818 2584 1893 2633 est
1940 2579 2022 2632 ita
2074 2583 2126 2632 et

482 2684 581 2724 nos
605 2667 810 2723 Christi
828 2684 1030 2724 sumus.
1056 2671 1190 2724 Nam
1213 2670 1260 2723 si
1303 2669 1467 2723 etiam
1515 2668 1755 2739 amplius
1798 2667 2005 2737 glorier
2058 2666 2127 2722 de

473 2766 743 2830 potestate
754 2766 943 2815 nostra
954 2775 1120 2826 quam
1133 2759 1238 2813 ded
1244 2759 1262 2813 ί
1266 2765 1285 2813 t
1297 2758 1453 2815 nobis
1478 2760 1736 2814 Dominus
1773 2758 1847 2813 ad
1874 2756 2125 2828 aedifica-

483 2850 682 2904 tionem
711 2855 762 2903 et
790 2864 900 2902 non
930 2849 1003 2902 ad
1031 2848 1451 2904 destructionem
1481 2849 1782 2915 vestri,non
1819 2846 2123 2917 pudeﬁam.

556 2940 659 2994 Hic
692 2956 927 3012 quoque
958 2939 1094 2995 illos
1124 2940 1355 2995 terruit.
1388 2940 1485 2994 Ait
1516 2938 1675 2994 enim
1709 2956 1721 2995 :
1760 2939 1870 2992 Vos
1918 2952 2122 3008 exspe-

484 3038 732 3101 ctamus,
766 3037 832 3087 ut
862 3032 1001 3087 dum
1033 3049 1132 3088 vos
1163 3049 1270 3104 per
1325 3032 1796 3088 exhortationem
1856 3030 2010 3084 674
2069 3033 2128 3084 et

484 3121 815 3178 doctrinam
847 3123 1279 3179 correxerimus
1311 3127 1369 3176 et
1396 3121 1468 3177 ab
1500 3121 1619 3175 illis
1641 3119 2124 3187 abstraxerimus,

479 3218 608 3267 tum
641 3211 756 3266 illis
788 3211 931 3266 solis
962 3211 1287 3267 incredulis
1320 3228 1552 3283 pcenam
1586 3210 1937 3266 inferamus.
1984 3217 2126 3264 (tum

479 3301 659 3372 igitur
691 3301 753 3354 in
784 3301 895 3355 hoc
927 3302 1116 3371 parati
1153 3301 1361 3369 simus,
1396 3318 1431 3355 a
1497 3300 1659 3355 vobis
1716 3301 1816 3371 qui
1857 3300 2127 3372 permisti

479 3388 619 3442 estis
650 3387 1055 3458 prohibemur.
1089 3389 1389 3444 Timemus
1421 3389 1580 3444 enim
1613 3405 1688 3444 ne
1720 3406 1820 3444 vos
1852 3390 2127 3460 atttingat

478 3475 774 3530 cruciatus
791 3489 856 3527 eo
875 3475 1033 3545 quod
1058 3476 1329 3546 permisti
1344 3476 1492 3531 sitis.
1525 3478 1658 3532 Haec
1696 3482 1894 3532 autem
1921 3477 2126 3532 dicens

480 3561 970 3635 pseudapostolos
1033 3562 1304 3635 designat
1357 3569 1422 3618 ut
1480 3565 1867 3636 corrigantur.
1920 3586 1948 3615 ‹‹
1981 3566 2126 3620 Cum

481 3651 728 3723 impleta
748 3650 927 3706 fuerit
947 3657 1140 3707 vestra
1169 3651 1527 3707 obedientia.
1589 3674 1617 3701 »
1671 3653 1836 3708 Nunc
1885 3654 2125 3725 quidem

482 3741 759 3813 obeditis,
786 3741 1000 3814 inquit,
1025 3748 1084 3798 at
1104 3758 1225 3798 non
1269 3742 1550 3814 perfecte,
1598 3742 1732 3798 ideo
1781 3743 1895 3799 ait:
1922 3767 1947 3794 ιι
1981 3744 2121 3800 Cum

482 3833 725 3906 impleta
746 3832 926 3889 fuerit
943 3838 1136 3889 vestra
1152 3832 1514 3889 obedientia.
1540 3864 1611 3875 --
1630 3834 1768 3899 Quae
1800 3834 2123 3890 secundum

479 3922 693 3978 faciem
726 3929 865 3978 sunt
894 3923 1125 3979 videtis.
1161 3945 1189 3973 ››
1216 3922 1322 3979 Ubi
1348 3922 1837 3995 pseudapostolos
1890 3924 2121 3993 terruit,

478 4011 638 4082 ipsos
664 4012 843 4067 etiam
875 4011 1157 4084 deinceps
1191 4012 1485 4086 objurgat,
1519 4013 1788 4086 asperius
1844 4029 1975 4068 cum
2038 4013 2123 4069 eis

480 4100 800 4156 disserens.
839 4123 866 4153 (ι
898 4103 1035 4167 Quae
1067 4104 1395 4161 secundum
1428 4104 1639 4161 faciem
1699 4109 1862 4171 sunt,
1907 4102 2122 4175 inquit,

478 4186 690 4243 videtis
710 4187 738 4243 ?
762 4209 781 4238 ι
812 4192 927 4243 Ποο
950 4194 1059 4259 est,
1081 4190 1153 4245 ab
1180 4191 1275 4246 his
1320 4208 1450 4263 qute
1498 4196 1789 4263 apparent
1841 4190 2124 4263 judicatis

480 4282 685 4349 utpote
717 4277 763 4333 si
798 4278 929 4349 quis
961 4278 1217 4345 ditescit,
1250 4281 1297 4334 si
1332 4281 1465 4351 quis
1506 4280 1735 4336 extollit
1790 4285 1893 4335 aut
1937 4280 2127 4352 jactat

482 4383 633 4437 sese,
662 4368 709 4424 si
742 4368 874 4439 quis
906 4369 1138 4425 virtutis
1168 4385 1486 4441 personam
1537 4369 1647 4424 sibi
1707 4370 2122 4441 circumponit.

477 4458 590 4512 Per
618 4458 1143 4531 interrogationem
1176 4458 1491 4531 legendum
1523 4465 1629 4514 est.
1692 4459 1969 4528 Probare,
2031 4460 2119 4514 in-

2236 1855 2329 1912 λοῖ
2354 1854 2439 1927 τὸ,
2477 1878 2501 1909 ε
2526 1853 3077 1930 Αίχμαλωτεύοντες,
3105 1879 3135 1908 »
3192 1857 3306 1911 οἷον
3374 1854 3766 1932 αἰχμαλώτους
3812 1855 3861 1912 ἐκ

2232 1952 2332 2016 τῆς
2361 1949 2460 2001 τοῦ
2491 1949 2735 2019 πονηροῦ
2766 1942 3086 2021 τυραννίδος
3133 1939 3536 2019 λαμϐάνοντες,
3597 1946 3701 2002 ἀπὸ
3752 1944 3858 2002 δουο

2234 2034 2385 2097 λείας
2415 2033 2491 2097 εἰς
2518 2032 2848 2110 ἐλευθερίαν.
3224 2098 3237 2107 ⁹

2308 2123 2406 2179 Καὶ
2511 2121 2565 2178 έν
2673 2122 2883 2197 έτοίμῳ
2985 2116 3206 2199 ἔχοντες
3305 2121 3594 2195 ἐκδικῆσαι
3717 2128 3865 2180 πᾶσαν

2231 2213 2535 2288 παρακοήν,
2639 2210 2765 2267 ὅταν
2868 2209 3141 2288 πληρωθῇ
3244 2212 3397 2288 ὑμῶν
3513 2216 3550 2285 ἢ
3654 2214 3864 2285 ὑπακοή.

2234 2296 2317 2360 Τὰ
2346 2302 2481 2357 κατά
2512 2302 2812 2376 πρόσωπον
2849 2298 3078 2376 βλέπετε
3112 2320 3127 2371 ;
3159 2301 3227 2358 Εἳ
3280 2324 3363 2365 τις
3418 2302 3674 2359 πέποιθεν
3715 2304 3865 2376 ἑαυτῷ

2233 2393 2470 2462 Χριστοῦ
2518 2391 2680 2461 εἶναι,
2711 2395 2876 2447 τοῦτο
2937 2388 3236 2466 λογιζέσθω
3293 2390 3463 2447 πάλιν
3523 2393 3614 2473 ἀφ’
3669 2394 3861 2462 ἑαυτοῦ,

2233 2479 2317 2537 ὅτι
2349 2482 2529 2545 καθὼς
2562 2480 2721 2543 αὐτὸς
2749 2481 3006 2552 Χριστοῦ,
3035 2478 3210 2544 οὕτως
3265 2482 3356 2537 καὶ
3410 2482 3582 2555 ἡμεῖς
3630 2485 3863 2558 Χριστοῦ.

2234 2570 2337 2626 Εάν
2413 2591 2473 2626 τε
2546 2571 2653 2645 γάρ
2728 2569 3120 2646 περισσότερόν
3196 2592 3249 2626 τι
3323 2574 3700 2648 καυχήσωμαι
3761 2573 3866 2646 περὶ

2230 2666 2332 2729 τῆς
2408 2660 2650 2731 ἐξουσίας
2724 2660 2886 2732 ἡμῶν
2917 2662 2984 2731 ἧς
3013 2657 3208 2716 ἔδωκεν
3269 2662 3297 2716 ὁ
3356 2652 3563 2738 Κύριος
3614 2664 3744 2736 ⁴ἡμῖν
3799 2661 3863 2724 είς

2232 2747 2533 2823 οἰκοδομὴν
2566 2750 2657 2805 καὶ
2691 2749 2790 2805 οὐκ
2830 2749 2906 2812 εἷς
2938 2749 3246 2825 καθαίρεσιν
3282 2751 3455 2824 ὑμῶν,
3513 2754 3613 2807 οὐκ
3663 2751 3866 2827 αἴσχυν-

2231 2844 2497 2915 θήσομαι.

2305 2930 2564 2987 Ἐνταῦθα
2592 2928 2681 2985 καὶ
2734 2930 2961 2992 τούτους
3021 2925 3307 3007 ἐιρόϐησεν,
3345 2931 3521 3005 Ύμᾶς
3573 2930 3677 3009 γάρ
3730 2952 3864 3005 περι-

2237 3021 2493 3095 μένομεν,
2526 3019 2712 3098 φησὶν,
2758 3017 2849 3075 ’ἶνα
2905 3021 3028 3075 ὅταν
3068 3018 3157 3076 διὰ
3211 3028 3312 3091 τῆς
3370 3024 3739 3092 παραινέσεως
3787 3019 3863 3076 καὶ

2237 3107 2472 3178 διδαχῆς
2529 3106 2914 3185 διορθώσωμεν
2970 3109 3111 3183 ὑμᾶς
3155 3112 3243 3165 καὶ
3297 3110 3697 3186 ἀποστήσωμεν
3746 3110 3863 3166 ἐκεί·

2238 3221 2366 3269 νων,
2395 3198 2518 3254 τότε
2546 3197 2770 3260 ἐκείνοις
2807 3198 2989 3273 μόνοις
3018 3204 3135 3262 τοῖς
3166 3198 3452 3255 ἀπιστοῦσι
3513 3203 3614 3271 τήν
3659 3199 3860 3275 πληγὴν

2231 3287 2842 3367 ένέγκωμεν.Ἕτοιμοι
2876 3288 2967 3344 οὗν
3006 3284 3157 3350 ὅντες
3215 3288 3268 3344 έν
3326 3289 3534 3364 τούτῳ,
3596 3292 3681 3371 ὑφ’
3729 3291 3862 3363 ὑμῶν

2232 3378 2431 3452 ἀναμὶξ
2463 3371 2632 3432 ὄντων
2665 3374 3016 3452 κωλυόμεθα.
3050 3378 3154 3434 Καὶ
3213 3377 3316 3454 γάρ
3375 3376 3493 3441 δέος
3557 3379 3689 3450 ἐστὶ,
3724 3377 3863 3456 φησὶ,

2236 3469 2311 3538 μή
2336 3467 2426 3522 καὶ
2471 3467 2623 3541 ὑμῶν
2657 3467 2866 3541 ’ἅψηται
2896 3467 2931 3538 ἠ
2960 3463 3181 3541 πληγὴ,
3214 3464 3304 3522 διὰ
3357 3468 3420 3522 τὸ
3478 3468 3862 3543 ἀναμεμίχθαι.

2231 3556 2415 3611 Ταῦτα
2473 3552 2530 3610 δὲ
2586 3553 2787 3632 λέγων,
2846 3553 2972 3617 τοὺς
3043 3553 3527 3629 ψευδαποστόλους
3595 3557 3861 3613 αἰνίττεται

2232 3643 2382 3707 ὅπως
2413 3641 2839 3721 διορθώσωνται.
2881 3669 2910 3697 ι(
2941 3646 3106 3703 Ὅταν
3135 3643 3411 3722 πληρωθῇ
3473 3646 3631 3729 ὐμῶν
3682 3648 3715 3717 ἠ
3773 3648 3862 3701 ὐπ-

2231 3736 2391 3805 ακοή.
2452 3760 2474 3790 ι
2533 3733 2860 3791 Ἐπακούετε
2912 3734 3006 3809 μὲν
3055 3739 3174 3805 νῦν,
3232 3735 3420 3813 φησὶν,
3479 3734 3611 3793 ἀλλ’
3675 3735 3737 3791 οὐ
3786 3755 3867 3791 τε·

2231 3821 2415 3885 λείως.
2452 3823 2544 3877 Διό
2576 3844 2763 3901 φησιν,
2798 3823 3009 3881 ‹‹”Ὀταν
3036 3821 3311 3899 πληρωθῇ
3344 3824 3500 3898 ὐμῶν
3534 3827 3570 3896 ἠ
3605 3824 3860 3894 ὑπακοή.»

2227 3936 2340 3964 -‹‹
2364 3912 2437 3967 Τὰ
2467 3913 2604 3967 κατά
2630 3912 2925 3987 πρόσωπον
2957 3911 3187 3989 βλέπετε
3211 3932 3225 3983 ;
3250 3909 3556 3985 »Φοὸήσας
3571 3914 3702 3977 τοὺς
3715 3910 3860 3988 ψευδ-

2230 3998 2711 4071 αποστόλους,καὶ
2749 4002 2937 4064 αὐτοῖς
2984 4000 3180 4058 λοιπὸν
3238 4000 3485 4077 ἐπιτιμᾷ,
3537 4001 3859 4074 ἐπιπληκτιιὲ

2228 4090 2465 4166 κώτερον
2497 4090 2684 4153 αὐτοῖς
2717 4087 3124 4166 διαλεγόμενος.
3158 4116 3188 4145 (ι
3229 4092 3310 4150 Τά
3367 4092 3503 4148 κατά
3560 4093 3859 4171 πρόσωπον,

2229 4178 2383 4261 φησὶ,
2419 4178 2698 4257 βλέπετε;
2745 4205 2775 4234 ››
2833 4178 3144 4252 Τουτέστιν,
3205 4183 3307 4237 ἀπὸ
3363 4188 3470 4239 τῶν
3540 4183 3856 4261 φαινομένων

2227 4270 2458 4346 κρίνετε,
2494 4272 2610 4326 οἷον
2644 4269 2693 4326 εἷ’
2719 4291 2803 4332 τις
2835 4268 3083 4342 πλουτεῖ,
3119 4270 3169 4327 εἳ
3224 4293 3307 4334 τις
3359 4269 3661 4347 ἐπαίρεται,
3690 4270 3744 4326 εἷ’
3785 4290 3859 4331 τις

2233 4360 2596 4437 μεγαλαυχεῖ,
2650 4357 2703 4414 εἷ’
2743 4381 2827 4422 τις
2889 4361 3087 4434 ἀρετῆς
3149 4367 3495 4438 προσωπεῖον
3552 4360 3853 4438 περίκειται.

2228 4450 2381 4507 Κατά
2411 4450 2674 4524 ἐρώτησιν
2706 4448 3100 4523 ἀναγνωστέον.
3152 4483 3219 4494 -
3276 4452 3489 4524 [ΘΙιΟΔ.
3551 4446 3852 4519 I‘ENNAA.]

479 4546 626 4616 quit,
660 4530 1150 4619 unumquemque
1182 4530 1451 4602 nostrum
1480 4547 1681 4611 vultis,
1711 4553 1769 4602 et
1798 4564 1931 4619 quas
1960 4546 2118 4619 apud

2234 4542 2574 4614 Δοκιμάζειν,
2607 4540 2792 4620 φησὶν,
2822 4536 3048 4596 ἕκαστον
3104 4543 3265 4615 ἡμῶν
3326 4540 3606 4618 βούλεσθε,
3665 4540 3749 4596 καὶ
3794 4537 3853 4593 τά

475 4652 587 4691 nos
617 4642 757 4692 sunt
786 4636 1140 4709 investigare
1169 4635 1197 4692 ?
1246 4636 1429 4709 Igitur
1471 4653 1606 4691 cum
1661 4636 1968 4709 diligentia
2006 4637 2118 4692 hoc

474 4724 670 4781 facite.
692 4728 803 4781 Per
827 4726 1285 4799 increpatoriam
1310 4726 1753 4781 simulationem
1775 4726 1887 4782 hoc
1919 4726 2115 4798 legen-

480 4812 618 4867 dum
652 4821 775 4869 est:
810 4817 921 4871 hoc
953 4823 1061 4883 est,
1099 4834 1218 4872 non
1251 4833 1322 4871 ex
1351 4816 1614 4872 veritatis
1658 4816 1954 4889 operibus,
2014 4814 2117 4871 sed

480 4917 550 4956 ex
584 4899 677 4955 his
709 4920 837 4972 quas
868 4911 1169 4977 utcunque
1200 4906 1260 4961 in
1293 4906 1607 4979 superficie
1637 4910 1925 4979 apparent
1953 4905 2117 4961 inve-

479 4990 853 5063 stigationem
887 4996 1154 5066 accipitis
1181 4997 1208 5050 ?
1236 5018 1264 5045 ‹‹
1297 4995 1354 5050 Si
1413 4997 1546 5067 quis
1603 4995 1674 5051 de
1728 4996 1921 5068 seipso
1980 5011 2117 5051 con-

479 5077 607 5133 ﬁdit
656 5080 815 5150 quod
870 5083 1086 5137 Christi
1145 5085 1238 5139 sit.
1304 5107 1331 5134 »
1388 5085 1618 5140 Etenim
1678 5084 2120 5157 pseudapostoli

478 5184 715 5240 quoque
750 5175 1031 5242 tanquam
1071 5172 1285 5227 Christi
1344 5180 1544 5229 essent
1595 5189 1723 5229 sese
1764 5173 2118 5246 jactabant:

481 5280 510 5308 ‹‹
540 5258 695 5314 Illud
724 5275 961 5315 rursum
994 5262 1324 5333 perpendat
1355 5280 1389 5318 a
1419 5264 1634 5335 seipso.
1669 5285 1698 5315 »
1743 5264 1801 5320 Si
1850 5264 2117 5332 omnino,

481 5348 694 5419 inquit,
720 5350 1016 5421 particeps
1035 5350 1213 5405 fuerit
1236 5352 1437 5423 gratia)
1465 5369 1595 5423 qua)
1627 5369 1661 5407 a
1689 5352 1919 5407 Christo
1947 5357 2056 5419 est,
2086 5367 2122 5408 a

482 5438 677 5511 seipso
700 5439 1019 5509 existimet,
1044 5445 1102 5495 et
1126 5455 1246 5496 non
1267 5446 1567 5514 exspectet
1605 5447 1673 5497 ut
1714 5458 1821 5515 per
1848 5442 2121 5515 increpa-

480 5526 707 5585 tionem
731 5544 765 5585 a
786 5527 957 5586 nobis
975 5528 1132 5585 dicat
1156 5545 1168 5586 :
1194 5551 1222 5579 «
1250 5530 1337 5586 Ita
1359 5535 1415 5585 et
1435 5547 1543 5587 nos
1566 5526 1781 5586 Christi
1830 5547 2055 5587 sumus.
2091 5555 2114 5585 ι

480 5617 748 5688 Interim,
780 5619 995 5691 inquit,
1018 5618 1329 5675 nobiscum
1361 5619 1763 5673 communicat
1818 5624 1877 5673 et
1932 5618 2120 5673 nihilo

2226 4634 2345 4697 καθ’
2398 4632 2548 4704 ἡμᾶς
2605 4629 2916 4700 ἐξετάζεινς
2967 4630 3178 4687 Οὐκοῦν
3254 4630 3347 4686 σὺν
3406 4627 3654 4708 ἀκριϐείᾳ
3704 4632 3850 4686 τοῦτο

2225 4722 2511 4791 ποιήσατε.
2542 4719 2691 4775 Κατά
2733 4719 3120 4792 ἐπιτιμητικήν
3186 4719 3470 4795 ὑπόκρισιν
3525 4725 3685 4777 τοῦτο
3739 4716 3850 4771 ἀνα·

2225 4810 2517 4885 γνωστέον.
2553 4808 2701 4864 Ἀντὶ
2731 4812 2849 4875 τοῦ,
2878 4807 2988 4864 Οὐκ
3015 4808 3076 4863 ἐκ
3103 4813 3213 4864 τῶν
3242 4803 3417 4886 ἔργων
3454 4817 3555 4880 τῆς
3612 4805 3849 4881 ἀληθείας

2227 4900 2327 4968 τὴν
2384 4897 2642 4972 ἐξέτασιν,
2700 4896 2761 4952 ἐκ
2811 4895 2868 4953 δὲ
2924 4902 3033 4953 τῶν
3082 4896 3379 4969 ἐπιστολῆς
3434 4897 3626 4963 ἁπλῶς
3678 4905 3851 4974 φαινό-

2232 4989 2406 5063 μένων
2441 4982 2744 5061 λαμϐάνετε
2782 5006 2797 5056 ;
2830 5012 2856 5039 ‹‹
2892 4983 2964 5043 Εἴ
2986 5008 3066 5050 τις
3117 4987 3370 5053 πέποιθεν
3427 4989 3601 5063 ἑαυτῷ
3630 4986 3848 5063 Χριστοῦ

2229 5078 2384 5135 εἶναι.
2424 5101 2452 5128 ››
2484 5075 2589 5132 Καὶ
2621 5072 2719 5152 γάρ
2772 5074 2862 5131 καὶ
2907 5076 2959 5130 οἱ
3015 5073 3472 5151 ψευδαπόστολοι,
3521 5078 3597 5140 ὡς
3632 5074 3849 5152 Χριστοῦ

2229 5164 2380 5230 ὅντες
2408 5164 2838 5243 ἑμεγαλαύχουν.
2876 5189 2905 5217 ι(
2963 5169 3133 5221 Τοῦτο
3190 5163 3494 5242 λογιζεσθω
3552 5166 3710 5223 πάλιν
3771 5159 3848 5237 ἀφ’

2230 5257 2442 5314 ἑαυτοῦ.
2478 5254 2661 5311 »Ἐάν
2693 5252 2864 5323 ὅλως,
2907 5255 3064 5333 φησὶ,
3119 5256 3325 5331 μετέχῃ
3378 5262 3480 5326 τῆς
3538 5255 3680 5333 παρά
3731 5253 3849 5326 Χριο

2230 5349 2360 5404 στοῦ
2392 5344 2642 5421 χάριτος,
2673 5344 2765 5425 ἀφ’
2815 5345 3007 5402 ἑαυτοῦ
3058 5345 3219 5402 τοῦτο
3277 5347 3580 5423 λογιζέσθω
3640 5343 3726 5400 καὶ
3777 5338 3844 5414 μή

2227 5438 2561 5513 περιμενέτω
2590 5434 2717 5509 παρ’
2747 5434 2908 5507 ἡμῶν
2961 5431 3051 5491 διά
3105 5442 3204 5507 τῆς
3254 5434 3622 5511 ἐπιτιμήσεως
3655 5434 3845 5510 μαθεῖν.

2230 5551 2258 5580 ι(
2290 5525 2452 5584 Οὓτω
2482 5522 2574 5579 καὶ
2603 5525 2768 5597 ἡμεῖς
2798 5525 3056 5601 Χριστοῦ.
3089 5548 3115 5578 κ
3151 5525 3326 5597 Τέως,
3357 5527 3545 5606 φησὶν,
3576 5525 3626 5581 έν
3680 5518 3847 5591 τούτῳ

2226 5617 2547 5671 κοινωνοῦσι
2576 5614 2668 5670 καὶ
2700 5609 2853 5669 οὐδὲν
2896 5611 3060 5669 πλέον
3122 5611 3342 5688 ἔχουσιν
3388 5616 3570 5689 ἡμῶν.
3629 5611 3701 5671 Οὐ
3756 5607 3849 5686 γάρ
