4106 6196
252 326 405 387 1033

1209 315 1629 381 COMMENT.
1682 317 1752 377 1N
1801 315 2039 376 EPIST.
2092 315 2138 374 ll
2186 317 2287 374 AD
2335 314 2699 380 CORINT‘B.

3507 315 3667 379 1034

243 459 402 516 αὐτοὶ
439 459 532 532 μὲν
569 458 827 532 Χριστοῦ,
863 457 1024 528 ἡμεῖς
1059 451 1115 511 δὲ
1175 456 1359 532 ἑτέρου
1404 453 1577 516 τινός.
1618 455 1786 508 Τοᾶτο
1821 447 1886 506 δὲ

2018 449 2151 522 plus
2183 449 2559 506 habetnobis
2615 452 2738 507 Non
2798 451 2956 506 enim
2987 449 3100 525 ipsi
3150 452 3391 522 quidem
3449 451 3664 511 Christi

241 551 378 604 κατά
406 570 527 603 τινα
566 541 835 620 σόμϐασιν
867 545 1038 616 εἶπεν,
1100 543 1214 600 ἐπεὶ
1248 546 1455 620 προῖὼν
1489 543 1755 610 δείκνυσι,
1816 541 1902 596 ’ὁτι

244 639 352 713 οὐχ
383 636 566 709 ὥσπερ
599 635 795 691 ἐκεῖνοι
842 637 1099 708 Χριστοῦ,
1160 633 1333 697 οὕτως
1391 633 1479 689 καὶ
1537 631 1718 702 αὐτὸς,
1775 629 1901 685 ἀλλ,

247 725 473 801 ἄπειρον
506 726 568 779 τὸ
605 725 786 797 μέσον.
829 725 985 782 ’Ὅθεν
1020 723 1204 792 φησίν·
1241 747 1268 775 ‹‹
1313 723 1434 780 Ἐὰν
1489 723 1590 800 γαρ
1648 718 1904 794 περισσό-

245 818 404 892 τερόν
435 833 489 870 τι
520 817 918 890 καυχήσωμαι.
954 837 980 864 ››
1013 813 1154 868 Ὠσεὶ
1185 807 1393 889 ἔλεγεν,
1427 814 1613 886 Ἀρκεῖ
1648 811 1782 871 τέως
1839 809 1902 863 τὸ

246 907 436 961 εἰπεῖν·
475 931 501 956 (ι
564 905 749 965 Οὕτως
807 903 896 958 καὶ
954 905 1138 973 ἡμεις.
1201 927 1229 954 ››
1289 903 1408 957 ἰιὰν
1478 902 1582 976 γάρ
1630 922 1683 955 τι
1735 896 1903 954 πλέον

247 995 385 1050 εἶ’πω
417 995 637 1061 τούτου,
671 994 772 1048 οὐκ
802 992 864 1047 ἄν
898 992 1198 1070 αἰσχυνθῶ.
1262 991 1472 1062 Ἀληθῆ
1531 991 1654 1064 γὰρ,
1715 987 1902 1065 φησὶν,

244 1084 373 1159 ἐρῶ.
407 1110 433 1136 ‹‹
469 1085 598 1160 Περὶ
628 1091 727 1152 τῆς
777 1081 1021 1155 ἐξουσίας
1081 1084 1260 1151 ἡμῶν.
1327 1106 1351 1133 ›.-
1413 1083 1529 1149 Τῆς
1588 1079 1901 1148 πληκτικῆς

248 1173 339 1229 καὶ
422 1178 809 1248 τιμωρητικῆς
869 1175 975 1225 τῶν
1031 1167 1534 1241 ἀντιδιατιθεμένων
1599 1166 1901 1242 δυνάμεως.

246 1264 382 1321 Εἶτα
408 1261 656 1331 κολάζων
689 1263 750 1316 τὸ
811 1261 1066 1340 φορτικὸν
1126 1264 1221 1315 τοῦ
1278 1257 1468 1336 λόγου,
1529 1258 1712 1337 φησίψ
1746 1283 1773 1310 ι(
1806 1256 1904 1315 Εἷς

246 1349 552 1425 οἰκοδομὴν
618 1351 709 1406 καὶ
765 1351 866 1405 οὐκ
923 1350 998 1412 εἷς
1055 1349 1364 1423 καθαίρεσιν
1419 1349 1589 1420 ὑμῶν,
1653 1351 1802 1410 »Ὡς
1856 1346 1906 1401 εἴ

251 1439 428 1516 ἔλεγε·
461 1443 568 1510 Τὴν
602 1438 827 1514 δύναμιν
871 1433 1144 1513 ἐλάϐομεν
1193 1438 1280 1494 ἐπὶ
1309 1443 1387 1510 τῷ
1419 1435 1730 1511 οἰκοδομεῖν
1763 1438 1902 1509 ὑμᾶς

247 1531 382 1606 πρὸς
411 1532 509 1599 τήν
543 1532 742 1599 πίστιν,
776 1529 838 1583 οὐ
875 1531 980 1602 μὴν
1033 1530 1167 1604 πρὸς
1225 1529 1287 1582 τὸ
1348 1527 1707 1602 τιμωρεῖσθαί
1762 1547 1900 1583 τινα.

245 1625 370 1680 Πῶς
403 1619 524 1686 οὗν,
586 1618 729 1674 ε’ἶποι
790 1640 895 1688 τις,
953 1625 1044 1673 καί
1102 1624 1190 1672 νῦν
1253 1617 1439 1679 αὐτοῖς
1496 1617 1747 1691 ἀνατείνῃ
1799 1619 1899 1686 τήν

244 1710 389 1783 παρὰ
419 1707 655 1782 Χριστοῦ
689 1729 772 1762 σοι
828 1705 1074 1771 δοθεῖσαν
1138 1706 1398 1778 ἐξουσίαν,
1458 1707 1550 1761 καὶ
1600 1709 1712 1761 ἅνω
1769 1701 1900 1784 ἔφα·

2020 548 2177 612 sunt,
2212 559 2320 598 nos
2351 547 2549 597 autem
2573 541 2818 599 alterius
2849 540 3201 614 cujuspiam.
3237 541 3355 599 Hoc
3396 559 3532 600 vero
3564 561 3671 619 per

2017 631 2260 685 modum
2294 631 2575 702 colloquii
2601 632 2766 686 dixit.
2803 634 2943 687 Nam
2971 633 3030 688 in
3062 649 3376 704 progressu
3406 634 3668 690 ostendit

2017 720 2174 792 quod
2208 738 2325 776 non
2360 738 2426 776 eo
2461 722 2636 777 modo
2668 739 2783 792 quo
2846 722 2932 776 illi
2983 723 3195 779 Christi
3255 730 3443 790 erant,
3501 725 3581 780 ita
3609 729 3669 781 et

2014 809 2165 880 ipse.
2199 810 2301 865 sed
2333 811 2542 883 ingens
2567 818 2692 866 erat
2714 812 3292 870 interstitiumUnde
3324 813 3432 869 ait:
3469 836 3496 862 ‹‹
3522 815 3666 871 Nam

2017 899 2066 953 si
2097 899 2238 970 quid
2272 899 2427 955 ultra
2457 901 2564 956 hoc
2606 901 2886 969 dicerem,
2920 919 3039 957 non
3089 902 3475 974 pudefierem,
3525 920 3665 959 nam

2016 1005 2151 1042 vera
2182 988 2462 1044 dicerem.
2498 1012 2525 1040 «
2561 990 2640 1044 De
2674 997 2961 1061 potestate
3020 999 3241 1048 nostra.
3279 1014 3306 1042 »
3344 994 3663 1048 .Potestate

2014 1079 2281 1150 punitiva
2311 1095 2376 1134 ac
2407 1079 2731 1135 ulciscente
2777 1081 3166 1136 adversarios.
3225 1081 3448 1136 Deinde
3502 1081 3660 1154 quod

2017 1167 2288 1223 odiosum
2346 1169 2406 1222 in
2467 1185 2740 1224 sermone
2802 1176 2927 1224 erat
2984 1171 3305 1242 corrigens.
3357 1172 3474 1226 ait:
3518 1169 3662 1227 «Ad

2016 1257 2472 1314 aediﬁcationem
2509 1265 2567 1312 et
2594 1275 2712 1314 non
2747 1258 2821 1314 ad
2844 1259 3310 1315 destructionem
3343 1259 3664 1315 veslri.»Ac

2016 1347 2065 1401 si
2099 1347 2321 1401 diceret
2349 1364 2362 1402 :
2392 1350 2751 1404 Potestatem
2813 1349 3152 1421 accepimus
3181 1357 3248 1404 ut
3278 1367 3377 1405 vos
3409 1350 3666 1407 aediﬁca-

2015 1453 2213 1490 remus
2243 1437 2315 1491 ad
2342 1437 2668 1503 ﬁdem,non
2698 1444 2761 1492 ut
2789 1438 3050 1510 aliquem
3089 1440 3666 1510 puniremusr.Dicat

2014 1525 2194 1597 igitur
2222 1526 2439 1597 aliquis
2475 1544 2487 1580 :
2522 1529 2590 1581 Et
2621 1528 2918 1599 quomodo
2951 1546 3108 1584 nunc
3140 1530 3387 1585 minaris
3432 1530 3504 1584 ob
3561 1530 3665 1586 da-

2015 1619 2134 1670 tam
2169 1615 2273 1669 tibi
2300 1632 2334 1671 a
2366 1615 2595 1671 Christo
2628 1623 3070 1688 potestatem.et
3101 1619 3372 1690 superius
3403 1618 3665 1689 dicebas,

2013 1706 2170 1762 675
2198 1707 2261 1760 ln
2295 1713 2574 1779 promptu
2631 1707 2916 1763 habemus
2973 1708 3179 1764 ulcisci
3214 1726 3451 1764 omnem
3484 1709 3666 1765 ultio-

247 1818 394 1866 σκες,
455 1799 541 1854 Ἐν
603 1796 809 1870 ἑτοίμῳ
863 1791 1078 1871 ἔχοντες
1139 1793 1418 1866 ἐκδικῆσαι
1479 1800 1650 1850 πᾶσαν
1726 1811 1886 1869 ’παρα⁴

2012 1811 2170 1862 nem,
2215 1796 2262 1849 si
2309 1813 2428 1850 non
2473 1795 2546 1850 ad
2604 1796 2892 1852 ultionem
2943 1797 3045 1852 sed
3097 1797 3172 1853 ad
3204 1797 3662 1856 mdiﬁcationem

242 1888 400 1956 κοὴν,
435 1885 479 1940 εἰ
525 1887 623 1940 οὐκ
682 1885 769 1940 ἐπὶ
827 1884 1093 1961 τιμωρίᾳ,
1154 1882 1281 1940 ἀλλ’
1331 1885 1412 1940 ἐπ’
1473 1883 1744 1958 οἰκοδομῇ
1801 1886 1900 1953 τὴν

242 1975 482 2049 ἐξουσίαν
525 1975 757 2055 εἴληφας
790 1995 804 2044 ;
835 1977 961 2033 ’Ὁτι
1019 1974 1150 2030 αὐτὸ
1195 1978 1380 2045 τοῦτο,
1441 1974 1595 2054 φησὶ,
1659 1970 1899 2048 μάλιστά

240 2064 379 2120 ἐστιν
411 2060 680 2137 οἰκοδομή
719 2066 894 2137 ὑμῶν,
953 2065 1014 2119 τὸ
1053 2064 1119 2119 τὰ
1173 2062 1480 2138 κωλύματα
1539 2063 1774 2136 ἀναιρεῖν
1806 2062 1893 2117 καὶ

241 2158 308 2211 τα
339 2152 636 2221 σκάνδαλα,
689 2155 814 2208 οἷον
864 2153 989 2216 τοὺς
1058 2150 1532 2228 ψευδαποστόλους
1587 2157 1896 2226 καταργεῖν.

241 2244 337 2307 Εἷς
371 2249 532 2300 τοῦτο
569 2245 662 2316 μὲν
721 2239 1017 2318 ἐλάϐομεν,
1071 2242 1145 2296 ’ἶν’
1204 2241 1610 2318 οἷκοδομῶμεν.
1655 2243 1778 2298 Ἐὰν
1839 2239 1896 2296 δὲ

236 2355 318 2396 τις
353 2334 544 2388 ἀνίατα
575 2338 733 2409 νοσῇ,
793 2336 882 2388 καὶ
941 2337 1007 2407 τῇ
1069 2333 1220 2408 ὲτέρα
1279 2333 1599 2409 χρησόμεθα
1630 2330 1893 2406 ἐνεργείᾳ,

241 2423 618 2498 καθαιροῦντες
651 2423 808 2477 αὐτὸν
863 2424 953 2477 καὶ
1007 2419 1466 2492 καταϐάλλοντες,
1522 2423 1596 2485 ὡς
1646 2422 1782 2477 εἶναι
1840 2421 1892 2477 ἂν

239 2511 583 2588 πρωτοτύπῳ
619 2512 712 2586 μὲν
773 2513 872 2582 τήν
938 2509 1263 2584 οἰκοδομήν,
1322 2511 1372 2566 ἐν
1426 2511 1790 2586 παρεπομένῳ
1839 2509 1895 2567 δὲ

236 2602 334 2670 τὴν
368 2601 696 2676 καθαίρεσιν.
733 2601 852 2658 Οὐκ
884 2600 1350 2676 αἲσχυνθήσομαι.
1384 2600 1461 2659 Οὐ
1495 2598 1890 2676 δειχθήσομαι,

240 2690 392 2769 φησῗ,
425 2691 661 2764 ψεύστης
683 2690 718 2758 ἢ
750 2693 1095 2763 κομπαστής.

305 2781 417 2834 ’Ὶνα
452 2782 526 2852 μὴ
562 2777 701 2850 δόξω
733 2780 806 2840 ὡς
841 2778 898 2834 ἄν
932 2773 1182 2856 ἐκφοϐεῖν
1220 2780 1359 2853 ὑμᾶς
1390 2777 1478 2834 διὰ
1516 2784 1623 2834 τῶν
1674 2777 1891 2835 ἐπιστο-

243 2867 373 2936 λῶν,
415 2869 500 2923 ὅτι
532 2869 584 2922 αἱ
623 2868 716 2941 μὶν
750 2867 1054 2934 ἐπιστολαὶ,
1088 2869 1242 2948 φησὶ,
1281 2869 1489 2944 βαρεῖαι
1519 2869 1609 2923 καὶ
1644 2868 1890 2944 ἰσχυραὶ,

236 2959 270 3027 ἡ
305 2955 361 3012 δὲ
391 2959 659 3032 παρουσία
681 2963 777 3013 τοῦ
808 2959 1064 3032 σώματος
1096 2961 1340 3029 ἀσθενὴς,
1375 2965 1460 3014 καί
1494 2960 1521 3014 ὁ
1554 2958 1718 3034 λόγος
1742 2958 1890 3028 ἐξου-

235 3049 543 3120 θενημένος.
579 3046 753 3104 Τοῦτο
787 3045 1089 3124 λογιζέσθω
1121 3050 1149 3102 ὁ
1182 3053 1453 3116 τοιοῦτος,
1483 3047 1567 3102 ὅτι
1592 3048 1699 3103 οἶοί
1731 3047 1889 3122 ἐσμεν

2008 1885 2285 1957 accepisti
2318 1891 2670 1957 potestatem
2697 1887 2723 1942 ‘2
2754 1887 2900 1952 Quia
2928 1888 3040 1942 hoc
3071 1889 3508 1960 ipsum,inquit.
3531 1906 3662 1946 ma-

2006 1974 2162 2028 xime
2195 1981 2282 2029 est
2311 1974 2488 2030 vestri
2529 1976 2865 2045 aediﬁcatio,
2899 1983 2963 2033 ut
2995 1977 3066 2034 de
3126 1977 3319 2033 medio
3370 1979 3660 2036 tollantur

2008 2062 2436 2134 impedimenta
2468 2069 2524 2118 et
2562 2064 2941 2131 offendicula,
3001 2071 3144 2138 puta
3209 2068 3256 2121 si
3307 2066 3660 2125 aboleantur

2007 2153 2470 2224 pseudapostoli.
2511 2154 2574 2208 In
2608 2154 2717 2209 hoc
2752 2155 2991 2226 quidem
3024 2156 3361 2228 accepimus
3393 2163 3458 2212 ut
3478 2157 3659 2214 mdia-

2007 2257 2230 2297 cemus.
2265 2242 2447 2296 Porro
2480 2242 2527 2296 si
2563 2243 2696 2314 quis
2753 2243 3164 2299 incurabiliter
3219 2251 3482 2318 regrotet,
3541 2245 3661 2303 alia

2006 2347 2242 2401 quoque
2265 2337 2504 2386 utemur
2518 2332 2860 2403 operatione
2884 2350 2951 2388 ac
2973 2334 3659 2402 efﬁcacia,demolientes

2003 2435 2071 2475 ac
2104 2419 2409 2476 diruentes
2439 2420 2632 2492 ipsum
2669 2441 2681 2477 :
2715 2427 2779 2476 ut
2811 2423 2887 2476 sit
2917 2423 3156 2494 quidem
3182 2425 3656 2496 primariususus

2003 2508 2339 2575 aedificatio,
2363 2525 2435 2564 ex
2467 2512 2854 2583 consequenti
2878 2518 3076 2568 autem
3102 2512 3174 2569 ad
3206 2513 3656 2573 demolitionem

2000 2620 2027 2647 «
2063 2599 2187 2653 Non
2219 2598 2540 2670 pudeﬁam.
2580 2622 2606 2649 »
2637 2601 2764 2656 Non
2797 2601 3102 2670 ostendar,
3150 2603 3365 2675 inquit,
3399 2605 3653 2662 mendax

2000 2692 2103 2742 aut
2131 2704 2432 2760 arrogans.

2071 2775 2140 2845 X,
2172 2780 2362 2833 9-H.«
2389 2779 2466 2833 Ne
2500 2779 2796 2850 quomodo
2829 2780 3028 2836 videar
3059 2781 3518 2853 perterrefacere
3548 2799 3651 2840 vos

2007 2891 2025 2912 -
2053 2883 2160 2937 per
2190 2866 2490 2938 epistolas.
2524 2869 2664 2922 Nam
2691 2869 2955 2940 epistolae
2979 2870 3219 2940 quidem
3251 2887 3454 2944 graves
3487 2878 3645 2946 sunt,

2002 2979 2029 3006 «
2061 2957 2228 3023 ait,et
2253 2956 2456 3021 fortes,
2490 2959 2886 3029 atprresentia
2916 2959 3180 3031 corporis
3212 2960 3549 3031 imbecillis,
3581 2980 3652 3020 ac

2002 3068 2026 3094 «
2053 3061 2246 3101 sermo
2281 3048 2802 3118 contemptus.Hoc
2834 3054 3066 3119 reputet
3088 3051 3189 3122 qui
3222 3051 3514 3122 ejusmodi
3537 3057 3650 3124 est,

230 3142 308 3208 τῷ
339 3133 492 3214 Λόγῳ
525 3134 594 3192 δι’
625 3137 932 3193 ἐπιστολῶν
953 3137 1202 3206 ἀπόντες,
1229 3142 1472 3192 τοιοῦτοι
1502 3137 1592 3192 καὶ
1623 3137 1886 3213 παρόντες

2003 3156 2029 3183 ‹‹
2063 3134 2222 3204 quod
2254 3135 2460 3206 quales
2507 3153 2713 3191 sumus
2746 3154 3020 3194 sermone
3063 3157 3170 3211 per
3201 3142 3482 3212 epistolas
3514 3159 3651 3199 cum

227 3230 304 3297 τῷ
335 3221 500 3304 ἔργῳ.

298 3317 395 3371 Δια
423 3321 604 3386 τουτο,
640 3317 822 3394 φησὶν,
862 3317 1036 3378 οὓτως
1100 3316 1337 3391 μετρίως
1371 3316 1521 3372 εἶπον
1578 3316 1660 3386 τὸ,
1711 3343 1738 3372 ι(
1772 3318 1885 3375 Οὐκ

227 3405 690 3480 αἰσχυνθήσομαι,
728 3430 752 3458 ››
788 3405 877 3459 καὶ
911 3402 1065 3460 οὐδὲν
1104 3405 1244 3480 μέγα
1276 3407 1444 3474 εἶπον,
1495 3403 1588 3460 ἵνα
1632 3408 1706 3479 μὴ
1743 3404 1883 3477 δόξω

229 3494 303 3558 ὡς
333 3493 392 3548 ἄν
419 3487 665 3571 ἐκφοϐεῖν
701 3493 840 3566 ὑμᾶς
893 3491 982 3548 διὰ
1037 3500 1145 3549 τῶν
1205 3493 1529 3552 ἐπιστολῶν.
1594 3496 1727 3551 Εἶτα
1764 3501 1880 3558 τοῖς

226 3581 419 3659 λόγοις
448 3589 552 3638 τῶν
590 3579 1002 3638 διαϐαλλόντων
1065 3583 1226 3639 αὑτὸν
1277 3587 1572 3663 κέχρηται.
1637 3585 1732 3642 Καὶ
1791 3585 1880 3641 ἳνα

233 3673 308 3742 μὴ
343 3670 509 3726 πάλιν
544 3669 790 3738 εἶ’πωσιν,
824 3671 905 3726 ὅτι
940 3673 1006 3728 Αἱ
1043 3673 1134 3746 μὲν
1170 3672 1453 3728 ἐπιστολαὶ
1523 3674 1756 3748 βαρεῖαι,
1787 3673 1877 3728 καὶ

229 3761 298 3815 15.
326 3761 468 3829 ἑξῆς·
504 3758 591 3814 διὰ
638 3765 822 3830 τοῦτο,
864 3761 1046 3839 φησὶν,
1105 3761 1278 3823 οὕτως
1339 3763 1570 3838 μετρίως
1630 3764 1876 3840 ἐφθεγξά.

233 3870 364 3920 μην.
419 3874 438 3898 ι
492 3850 553 3904 Ἡ
611 3847 666 3904 δὲ
721 3851 989 3924 παρουσία
1051 3855 1146 3906 τοῦ
1232 3873 1487 3924 σωματος
1542 3853 1787 3923 ἀσθενής.
1850 3877 1878 3906 ι)

227 3937 461 4011 Ἔλεγον
495 3939 596 4014 γαρ
657 3939 708 3992 οἱ
776 3937 1165 4002 διαϐάλλοντες
1225 3940 1402 4012 αὐτὸν,
1465 3941 1548 3996 ὅτι
1606 3940 1876 4016 κομπάζει

229 4022 318 4081 διὰ
349 4031 455 4081 τῶν
508 4027 837 4096 ἐπιστολῶν,
890 4029 980 4083 καὶ
1039 4023 1243 4106 φοϐερὰ
1300 4028 1630 4088 ἐπιστέλλει.
1693 4037 1875 4107 Παρα-

223 4115 511 4192 γενόμενος
555 4115 634 4186 δὲ,
694 4117 1164 4195 εὐκαταφρόνητός
1195 4139 1276 4180 τις
1334 4117 1466 4188 ἐστὶ,
1525 4120 1613 4175 καὶ
1643 4119 1874 4198 ἔλεγχε-

219 4226 305 4260 ται
343 4207 418 4279 μὴ
451 4204 524 4260 ὢν
561 4207 680 4269 οἷος
701 4207 917 4283 γράφει,
938 4230 964 4257 ‹‹
993 4209 1172 4264 Τοῦτο
1200 4206 1502 4282 λογιζέσθω
1521 4209 1870 4270 ὁτοιοῦτος.»

219 4296 286 4353 Οἱ
315 4300 484 4350 ταῦτα
517 4293 792 4370 λέγοντες,
824 4295 980 4374 φησί,
1010 4300 1170 4351 τοῦτο
1198 4297 1458 4364 ’ἐστωσαν,
1501 4298 1583 4352 ὅτι
1614 4299 1703 4353 καὶ
1733 4319 1871 4372 παρα

220 4386 371 4449 όντες
404 4387 489 4440 καὶ
524 4387 772 4456 ἀπόντες,
823 4387 1010 4459 ὅμοιοί
1069 4385 1250 4459 ἐσμεν.
1311 4389 1413 4444 Καὶ
1475 4388 1655 4464 ὥσπερ
1712 4389 1870 4462 ἐσμὶν

220 4477 443 4539 ἀπόντες
475 4483 552 4550 τῷ
587 4476 741 4552 λόγῳ
772 4477 863 4532 καὶ
912 4483 1029 4540 ταῖς
1091 4476 1424 4544 ἐπιστολαῖς,
1473 4484 1719 4534 τοιοῦτοι
1777 4481 1868 4536 καὶ

216 4572 476 4646 παρόντες
505 4577 583 4644 τῷ
617 4571 780 4647 ἔργῳ.
815 4571 1122 4640 Τουτὲστιν,
1183 4570 1244 4626 οὐ
1306 4572 1469 4644 μόνον
1531 4571 1864 4646 ἆπειλοῦμεν

216 4659 463 4729 ἀπόντες,
495 4659 620 4715 ἀλλ’
657 4660 921 4733 ἰσ].όομεν
952 4661 1041 4715 καὶ
1106 4661 1555 4735 παραγινόμενοι,
1589 4661 1664 4727 εἷς
1713 4660 1865 4738 ἔργον

214 4751 430 4824 ἀγαγεῖν
459 4753 524 4806 τὰ
553 4750 924 4824 ἀπειλούμενα

287 5075 362 5134 Οὐ
422 5078 526 5154 γὰρ
581 5079 881 5154 τολμῶμεν
935 5079 1180 5158 ἐγκρῖναι
1235 5081 1270 5150 ἤ
1333 5090 1608 5158 συγκρῖναι
1641 5086 1863 5150 ὲαυτοός

215 5187 323 5220 τισι
404 5172 512 5222 τῶν
589 5170 810 5232 ἑαυτοὺς
873 5170 1318 5241 συνιστανόντων,
1377 5170 1523 5229 ἀλλά
1598 5173 1752 5230 αὐτοὶ
1810 5173 1862 5231 ἰν

217 5255 428 5319 ἑαυτοῖς
459 5257 679 5320 ἑαυτοὺς
742 5263 1080 5334 μετροῦντες,
1113 5261 1202 5315 καὶ
1237 5261 1610 5338 συγκρίνοντες
1643 5263 1868 5327 ἑαυτοὺς

218 5344 434 5408 ἑαυτοῖς
511 5347 573 5402 οὐ
650 5354 944 5406 συνιοῦσιν.
1022 5351 1212 5423 Ἡμεῖς
1292 5350 1348 5406 δὲ
1425 5351 1552 5427 οὐχὶ
1652 5353 1728 5417 εἰς
1803 5354 1868 5410 τά

217 5432 427 5511 ἄμετρα
502 5440 920 5514 καυχησόμεθα,
995 5439 1140 5495 ἀλλά
1212 5441 1348 5496 κατά
1421 5443 1483 5496 τὸ
1544 5442 1734 5519 μέτρον
1771 5449 1868 5500 τοῦ

212 5526 463 5594 κανόνος,
495 5527 556 5582 οὗ
593 5526 836 5604 ἐμέρισεν
879 5531 1014 5602 ἡμῖν
1045 5530 1072 5582 ὁ
1133 5529 1262 5592 Θεὸς
1328 5530 1525 5606 μέτρου
1585 5534 1866 5613 ἀφικέσθαι

213 5617 347 5694 ἄχρι
380 5617 468 5671 καὶ
491 5617 668 5691 ὑμῶν.

454 5739 718 5801 Pyram,
766 5740 876 5800 Gn.
930 5737 1202 5802 CXVIII.

2002 3246 2028 3273 ‹‹
2066 3223 2369 3286 absumus.
2410 3225 2556 3281 tales
2588 3243 2794 3282 sumus
2815 3233 2874 3282 et
2903 3245 3037 3283 cum
3070 3229 3354 3286 adsumus
3412 3231 3588 3288 facto.
3621 3255 3650 3284 ι)

2073 3315 2415 3385 Propterea,
2450 3315 2665 3386 inquit,
2726 3315 2883 3372 infra
2960 3317 3431 3376 mediocritatem
3510 3321 3652 3390 dixi,

2005 3426 2031 3453 ‹‹
2057 3404 2182 3457 Non
2208 3402 2530 3476 pudel‘iam,
2563 3428 2590 3454 ››
2619 3421 2725 3461 nec
2749 3405 3074 3478 quidquam
3105 3409 3388 3480 grandius
3418 3409 3653 3467 locutus

2002 3510 2243 3558 sum,ne
2271 3510 2386 3564 quo
2421 3493 2596 3550 modo
2625 3493 2826 3551 videar
2857 3502 3080 3553 terrere
3127 3516 3227 3554 vos
3270 3516 3377 3572 per
3429 3501 3652 3573 episto-

1997 3581 2102 3638 las.
2138 3582 2361 3639 Deinde
2397 3583 2635 3639 illorum
2660 3601 2802 3642 usus
2826 3593 2914 3642 est
2937 3589 3313 3645 sermonibus
3336 3590 3648 3662 quiipsum

1995 3670 2533 3728 calumniabantur.
2569 3674 2640 3728 Et
2686 3691 2758 3730 ne
2790 3692 3026 3732 rursum
3059 3677 3296 3733 dicant:
3323 3681 3467 3734 Nam
3517 3681 3645 3753 epi-

1994 3761 2158 3816 stolae
2203 3761 2443 3832 quidem
2476 3780 2677 3834 graves
2735 3771 2892 3830 sunt,
2939 3773 2998 3820 et
3044 3774 3276 3833 caetera,
3305 3776 3638 3839 prapterea,

1993 3848 2206 3920 inquit,
2241 3851 2322 3906 ita
2353 3852 2618 3907 modeste
2676 3852 2909 3908 locutus
2942 3870 3093 3909 sum.
3129 3877 3157 3906 «
3214 3859 3290 3910 At
3319 3859 3641 3927 praesentia

1993 3941 2255 4010 corporis
2287 3940 2622 3997 imbecillis.
2661 3965 2687 3991 »
2718 3943 3003 3999 Dicebant
3033 3944 3192 3999 enim
3226 3945 3326 4017 qui
3359 3947 3471 4019 ipsi
3531 3947 3636 4004 de-

1993 4029 2326 4094 trahebant,
2359 4030 2517 4101 quod
2539 4032 2793 4102 jactaret
2825 4050 2886 4088 se
2927 4049 2992 4088 ac
3026 4033 3448 4094 intumesceret
3477 4044 3532 4094 et
3573 4039 3637 4096 in

1991 4118 2258 4190 epistolis
2289 4119 2686 4175 formidabilia
2716 4121 3037 4191 scriberet;
3062 4130 3122 4179 at
3151 4123 3250 4181 ubi
3282 4127 3638 4200 advenisset,

1989 4207 2308 4262 admodum
2341 4207 2654 4280 despectus
2689 4217 2864 4277 esset,
2898 4228 2965 4267 ac
3009 4213 3459 4272 convinceretur
3513 4234 3636 4273 nou

1990 4295 2124 4351 talis
2165 4313 2293 4350 esse
2353 4297 2592 4366 qualem
2654 4299 2968 4357 scribendo
3027 4304 3413 4360 ostenderet:
3449 4328 3476 4356 «
3519 4305 3639 4362 Hoc

1989 4390 2224 4455 reputet
2255 4386 2353 4456 qui
2391 4387 2684 4454 ejusmodi
2718 4392 2974 4456 εει.»οιιὶ
2999 4392 3132 4460 ista,
3166 4393 3378 4465 inquit,
3411 4395 3640 4465 dicunt,

1988 4473 2097 4528 hoc
2128 4474 2506 4546 sciantquod
2538 4484 2595 4531 et
2623 4486 2947 4548 praesentes
3006 4489 3063 4537 et
3119 4483 3395 4539 absentes
3454 4483 3638 4541 iidem

1981 4580 2221 4618 sumus:
2257 4570 2310 4619 et
2349 4566 2556 4636 quales
2589 4583 2796 4623 sumus
2825 4570 3102 4627 absentes
3135 4589 3240 4644 per
3296 4589 3638 4632 sermonem

1969 4657 2027 4706 et
2072 4654 2376 4726 epistolas,
2415 4655 2560 4711 tales
2594 4657 2771 4713 etiam
2805 4676 3010 4716 sumus
3045 4669 3368 4732 praesentes
3430 4680 3634 4735 opere,

1977 4741 2096 4797 Hoc
2118 4749 2226 4807 est,
2253 4760 2370 4798 non
2400 4745 2590 4800 solum
2626 4747 2924 4804 minamur
2950 4750 3250 4814 absentes.
3301 4752 3405 4808 sed
3466 4771 3624 4826 pre-

1977 4838 2174 4888 sentes
2206 4850 2445 4906 quoque
2480 4853 2798 4907 possumus
2819 4839 2878 4893 in
2913 4856 3062 4911 opus
3085 4839 3454 4899 deducereid
3476 4843 3634 4917 quod

1977 4939 2296 4979 minamur.

2047 5094 2087 5148 X
2101 5095 2280 5160 ,t2,23
2292 5138 2302 5148 .
2315 5095 2473 5148 «Non
2495 5095 2654 5149 enim
2670 5097 2959 5154 audemus
2975 5100 3234 5157 inserere
3249 5111 3349 5159 aut
3362 5106 3628 5163 conferre

1979 5197 2135 5234 «nos
2155 5180 2314 5250 ipsos
2331 5181 2686 5249 quibusdam
2703 5185 2801 5254 qui
2821 5185 3049 5258 seipsos
3069 5192 3629 5248 commendant.Sed

1979 5294 2004 5320 ‹‹
2025 5270 2726 5341 ipsinosipsosmelimur
2756 5276 2814 5330 in
2835 5277 3162 5351 nobisipsis
3190 5289 3246 5337 et
3267 5285 3627 5339 conferimus

1981 5377 2124 5414 «nos
2142 5361 2299 5431 ipsos
2314 5361 2486 5416 nobis
2503 5363 2795 5435 ipsis,non
2810 5367 2900 5422 his
2918 5370 3018 5440 qui
3032 5385 3152 5427 una
3169 5372 3479 5429 nobiscum
3497 5390 3626 5428 ver-

1981 5469 2011 5502 u
2031 5456 2254 5504 santur.
2273 5451 2472 5521 Neque
2488 5455 3042 5516 nosinimmensum
3081 5461 3495 5534 gloriabimur:
3523 5462 3627 5518 sed

1981 5562 2008 5588 ‹‹
2025 5539 2199 5611 juxta
2219 5555 2543 5597 mensuram
2556 5547 2773 5618 regulas
2788 5564 2903 5620 qua
2913 5551 3165 5622 partitus
3180 5557 3272 5606 est
3287 5551 3459 5607 nobis
3473 5553 3628 5608 Deus

1991 5650 2013 5680 ι
2039 5643 2317 5685 mensura
2339 5633 2709 5705 pertingendi
2734 5637 2913 5694 etiam
2943 5655 3134 5712 usque
3158 5640 3231 5696 ad
3261 5658 3383 5698 vos.
3420 5663 3449 5691 η

3279 5759 3355 5819 33
