4106 6196
581 276 733 336 1035

579 499 741 555 ducit
770 503 826 552 et
849 495 1120 567 objurgat
1142 494 1294 561 illos,
1321 512 1426 566 per
1447 495 1700 551 ironiam
1724 511 2057 551 sermonem
2093 509 2225 564 pro-

578 589 886 646 ducens,et
911 585 1032 639 ait:
1074 585 1199 638 Non
1234 585 1390 640 enim
1447 585 1736 640 audemus
1787 585 2050 639 inserere
2108 582 2226 638 sive

578 680 1101 738 annumerare,aut
1134 674 1468 729 assimilare
1502 674 1620 729 sive
1654 689 2086 730 connumerare
2116 688 2228 726 nos

577 767 735 837 ipsos
771 765 1128 836 quibusdam
1159 767 1259 836 qui
1293 783 1422 822 sese
1455 766 1759 821 venditant
1816 762 2228 837 arrogantibus

544 850 970 911 sermonibus.
1011 855 1178 910 Vides
1213 873 1327 926 quo
1360 863 1527 927 pacto
1560 856 1696 910 illos
1754 854 2076 910 momordit
2104 853 2132 909 ?
2159 883 2230 894 —

575 949 698 1002 Non
724 946 1032 1005 audemus.
1069 946 1280 1016 inquit.
1305 962 1380 999 ne
1415 962 1814 1001 annumerare
1848 943 2088 1016 quidem
2120 959 2228 998 nos

575 1033 734 1105 ipsos
767 1034 838 1088 iis
870 1033 970 1102 qui
1004 1049 1132 1087 sese
1158 1033 1802 1103 commendant,neque
1835 1032 1896 1086 in
1929 1046 2230 1102 compara-

576 1123 736 1178 tione
768 1123 842 1177 ad
875 1139 975 1176 eos
1006 1121 1376 1191 aliquantum
1404 1137 1512 1176 nos
1547 1121 1691 1192 ipsis
1710 1136 2076 1192 prmponeie.
2113 1122 2228 1173 Au-

575 1212 805 1266 daciam
837 1218 1035 1266 autem
1067 1216 1250 1276 vocat,
1280 1216 1337 1264 et
1368 1209 1498 1265 ﬁeri
1539 1216 1822 1280 tanquam
1856 1225 2040 1264 unum
2073 1208 2229 1278 ipso-

578 1308 796 1361 rum.et
825 1301 1068 1355 omnino
1102 1301 1221 1354 illis
1252 1300 1610 1355 assimilari:
1651 1299 1974 1354 ostendens
1990 1297 2076 1352 rei
2127 1297 2230 1352 ab-

575 1391 924 1446 surditatem
966 1396 1024 1445 et
1045 1390 1552 1444 abominationem
1573 1390 1835 1461 ipsorum
1859 1404 2056 1444 coram
2089 1388 2227 1442 Deo.

570 1479 708 1536 Ideo
741 1497 860 1535 non
885 1477 1192 1544 audemus,
1234 1478 1351 1533 ait:
1381 1478 1601 1550 grande
1651 1479 1811 1533 enim
1871 1476 2230 1548 supplicium

576 1568 793 1625 talibus
828 1567 1152 1639 repositum
1187 1572 1297 1622 est.
1333 1569 1451 1623 Hoc
1509 1575 1708 1624 autem
1768 1567 1929 1634 dicit,
1965 1564 2142 1621 simul
2175 1568 2230 1618 et

574 1659 907 1714 Corinthios
931 1656 1259 1712 admonens
1287 1657 1626 1728 hujusmodi
1660 1662 1888 1728 pestem
1917 1655 2138 1727 fugere,
2174 1656 2233 1706 et

1655 270 2002 334 CECUMEN
2019 269 2066 328 ll
2113 268 2420 330 'l‘BItiIClE
2463 268 2814 331 EPISCOPI

649 409 803 465 676
837 409 953 462 Hoc
985 406 1114 461 loco
1140 409 1479 478 arrogantes
1506 404 1641 460 illos
1685 405 1746 461 in
1796 403 2060 461 medium
2119 401 2220 459 ad-
2253 403 2307 470 Α

3796 283 3911 342 1036

2411 401 2676 458 Ἐνταῦθα
2736 399 3005 472 ἀλαζόνας
3064 401 3292 467 ἐκείνους
3356 404 3664 479 παρίστησι,
3724 408 3798 463 καὶ
3838 433 3916 467 ιω.

2337 487 2512 563 μῳδεῖ
2565 490 2759 554 αὐτοὺς
2815 493 2933 548 κατ’
2983 493 3255 567 εἰρωνείαν
3328 495 3594 568 προάγων
3647 496 3728 550 τὸν
3778 497 3916 574 λόγον,

2334 580 2424 634 καί
2475 598 2658 658 φησιν’
2716 582 2796 638 Οὐ
2846 582 2950 656 γάρ
3000 582 3296 657 τολμῶμεν
3363 582 3631 658 ἐγκρῖναι,
3690 588 3787 640 οἷον
3835 611 3920 644 συν.

2339 675 2660 743 αριθμῆσαιο
2704 670 2738 739 ἢ
2800 671 3105 747 συγκρίναι,
3168 673 3284 727 οἷον
3349 671 3777 746 ἀντιπαραθεῖνσὲ
3819 699 3918 732 τισιν

2337 757 2580 826 ἑαυτοὺς,
2622 762 2728 814 τῶν
2772 759 2998 822 ἑαυτοὺς
3056 760 3504 835 παρατιθεμένων
3567 758 3652 816 διᾶ
3703 771 3791 832 τῆς
3827 786 3921 839 κομ-

2336 842 2555 908 πώδους
2585 844 2970 921 ψευδολογίας.
3005 850 3167 920 Ὁρᾷς
3197 854 3312 911 πῶς
3347 849 3552 912 αὐτοὺς
3585 849 3922 925 ἐκωμῴδησενς

2335 966 2403 978 —
2431 936 2640 1010 [ΦΩΤ.]
2673 935 2748 992 Οὖ
2780 933 3098 1010 τολμῶμεν,
3157 939 3343 1016 φησῖν,
3418 936 3547 993 οὐδὲ
3604 949 3923 1013 συναριθμῆσιι

2337 1024 2559 1088 ἑαυτοὺς
2587 1029 2702 1086 τοῖς
2736 1024 2956 1087 ἑαυτοὺς
3013 1047 3453 1092 συνιστανουσιν,
3505 1029 3630 1083 οὕτε
3673 1027 3722 1085 ἰν
3760 1034 3926 1103 συγκρί-

2339 1133 2416 1166 σει
2473 1117 2540 1186 τῇ
2600 1115 2736 1188 πρὸς
2795 1115 3014 1182 αὐτοὺς,
3093 1117 3287 1190 μικρόν
3347 1139 3403 1173 τι
3468 1114 3734 1197 διοφέρειν
3785 1121 3928 1178 αὐτῶν.

2336 1200 2562 1274 Τόλμαν
2603 1200 2659 1258 δί
2687 1203 2846 1260 καλεῖ
2874 1205 2961 1259 καὶ
2993 1208 3055 1262 τὸ
3103 1207 3348 1280 γενέσθαι
3405 1208 3486 1269 ὡς
3547 1205 3639 1262 ἕνα
3694 1207 3739 1278 ἐξ
3786 1211 3927 1281 αὐτῶν,

2337 1291 2424 1346 καὶ
2456 1293 2516 1348 τὸ
2543 1290 2690 1368 ἔχειν
2723 1294 2867 1356 δλως
2915 1295 3218 1367 ὁμοιότητα
3267 1297 3411 1371 πρὸς
3479 1296 3693 1365 αὐτοὺς,
3723 1303 3806 1352 τοῦ
3830 1302 3929 1372 πρά-

2339 1401 2548 1455 γματος
2581 1383 2644 1437 τὸ
2675 1381 2901 1454 ἄτοπον,
2933 1383 3024 1438 καὶ
3081 1385 3141 1439 τὸ
3201 1379 3613 1460 ἐϐδελυγμένον
3669 1386 3822 1441 αὐτῶν
3867 1387 3932 1443 6s:-

2338 1471 2464 1533 κνὺς
2495 1475 2573 1543 τῷ
2604 1475 2741 1544 Θεῷ.
2777 1473 2870 1528 Διὸ
2903 1473 2968 1528 οὐ
2999 1471 3324 1547 τολμῶμεν,
3380 1476 3578 1548 φησέν,
3640 1476 3720 1530 ὅτι
3773 1479 3928 1550 μεγάλη

2338 1558 2582 1634 τιμωρία
2611 1565 2728 1624 τοῖς
2775 1562 3052 1624 τοιούτοις
3110 1561 3421 1618 ἀπόκειται.
3486 1564 3666 1620 Τοῦτο
3717 1560 3768 1619 δὲ
3814 1565 3932 1638 λέγει,

2340 1646 2453 1720 ’ἁμα
2483 1648 2572 1703 καὶ
2605 1648 2732 1714 τοὺς
2762 1651 3094 1724 Κορινθίους
3145 1652 3360 1727 (ρεόγειν
3428 1657 3704 1727 παραινῶν
3767 1653 3820 1706 τὸ
3859 1674 3935 1707 τοι·

574 1748 734 1818 ipsos
760 1765 795 1802 a
827 1747 1044 1802 talibus
1075 1762 1358 1817 separans
1392 1765 1458 1802 ac
1511 1746 1902 1818 distinguens.
1955 1742 2120 1810 Quod
2180 1740 2228 1795 si

2341 1741 2497 1792 οῦτον
2528 1741 2767 1812 νόσημα,
2801 1741 2889 1795 καὶ
2923 1741 3028 1796 ἀπὸ
3059 1747 3165 1796 τῶν
3212 1741 3485 1796 τοιούτων
3559 1738 3829 1817 διασχίζων
3876 1751 3933 1803 ιιιὶ

577 1852 685 1891 nos
710 1835 869 1906 ipsos
899 1835 1254 1890 auderemus
1286 1834 1703 1889 commendare
1735 1834 1887 1888 sicut
1917 1838 1976 1887 et
2004 1832 2221 1896 illi,ne-

545 1909 869 1996 'quaquam
905 1924 1053 1979 tales
1077 1939 1339 1978 essemus
1398 1930 1741 1994 praesentes,
1777 1922 1981 1993 quales
2033 1927 2090 1976 et
2119 1920 2225 1976 ab-

573 2020 772 2070 sentes
803 2029 1068 2068 essemus
1097 2029 1200 2083 per
1229 2012 1533 2083 epistolas,
1569 2011 1672 2066 sed
1733 2017 2099 2066 mutaremur
2130 2009 2226 2065 hic

573 2109 632 2156 et
660 2103 762 2168 ibi,
796 2119 862 2156 ac
895 2101 1162 2173 epistolis
1187 2101 1285 2155 alii
1337 2109 1396 2156 et
1425 2101 1523 2155 alii
1561 2101 1952 2169 efﬁceremur,
2005 2107 2062 2155 et
2113 2099 2226 2171 ipsi

575 2197 896 2263 praesentes
922 2190 1093 2260 juxta
1123 2207 1266 2244 usus
1299 2197 1356 2244 et
1395 2196 1726 2261 temporum
1758 2190 2100 2245 occasiones
2132 2204 2226 2243 va-

574 2280 956 2347 riaremur,et
985 2295 1144 2334 nunc
1177 2278 1419 2350 quidem
1443 2284 1908 2348 assentaremur,
1932 2295 2093 2334 nunc
2124 2293 2226 2333 au-

576 2374 695 2424 tem
729 2368 1024 2424 tremendi
1058 2367 1428 2422 videremur:
1465 2368 1801 2440 principum
1824 2368 2063 2439 quidem
2080 2367 2228 2422 servi

576 2476 644 2515 ac
687 2460 941 2514 ministri
975 2458 1318 2526 voluntatis,
1350 2458 1670 2514 humilium
1699 2475 1832 2512 vero
1886 2458 2108 2514 domini
2162 2474 2230 2513 ac

569 2549 824 2622 judices.
852 2550 996 2603 Nam
1029 2548 1129 2619 qui
1163 2565 1222 2602 se
1256 2548 1451 2619 ipsum
1483 2547 1882 2611 commendat,
1917 2549 2118 2603 omnia
2144 2547 2232 2602 fa-

579 2640 658 2696 cit
687 2639 759 2694 ad
791 2638 1097 2710 proprium
1120 2638 1445 2708 respiciens
1469 2643 1782 2708 qurestum,
1812 2653 1940 2692 sese
1972 2653 2233 2692 commu-

580 2738 714 2786 tans
747 2747 982 2800 semper
1015 2747 1080 2783 ac
1115 2729 1545 2783 transformans
1577 2727 1651 2782 ad
1683 2728 1982 2800 propriam
2014 2727 2233 2782 utilita-

583 2827 720 2875 tem.
782 2818 891 2873 Sed
940 2835 1132 2888 neque
1185 2825 1248 2872 ut
1275 2835 1428 2872 unus
1485 2817 1723 2872 illorum
1775 2834 2002 2884 sumus,
2036 2833 2231 2888 neque

581 2909 765 2965 ullam
796 2908 868 2963 ad
902 2908 1058 2979 ipsos
1091 2907 1602 2978 participationem
1635 2907 1922 2962 habemus
1945 2913 2047 2961 aut
2077 2905 2236 2961 simi-

583 3000 895 3056 litudinem
920 3016 1068 3066 ;non
1093 3000 1251 3054 enim
1269 2999 1417 3053 tales
1452 2999 1578 3054 ﬁeri
1597 2997 1884 3054 audemus
1911 2996 2231 3069 :quomodo

583 3107 718 3159 ergo
751 3090 851 3145 alii
884 3105 1090 3144 sumus
1146 3106 1252 3159 per
1312 3088 1589 3160 epistolas
1635 3087 1932 3155 absentes,
1965 3087 2066 3142 alii
2097 3104 2233 3142 vero

2343 1826 2563 1884 διιστῶν
2596 1829 2814 1892 αὐτούς.
2848 1831 2910 1886 El
2949 1830 3005 1887 δὲ
3053 1831 3380 1906 ἐτολμῶμεν
3415 1833 3645 1893 ἑαυτοὺς
3675 1835 3933 1886 συνιστάνειν

2340 1915 2521 1990 ὥσπερ
2548 1918 2812 1982 κάκεῖνοι,
2848 1920 2946 1976 οὐκ
2992 1921 3053 1976 ἄν
3087 1923 3195 1977 οἶοι
3225 1923 3368 1994 ἦμεν
3431 1926 3516 1995 τῷ
3577 1924 3727 1996 λόγῳ
3778 1918 3836 1976 δι’
3854 1922 3933 1976 ἐπι-

2337 2009 2548 2064 στολῶν
2583 2011 2834 2080 ἀπόντες,
2863 2016 3106 2068 τοιοῦτοι
3147 2010 3533 2089 ἐτυγχάνομεν
3593 2013 3680 2066 καὶ
3715 2013 3932 2085 παρόντες,

2338 2097 2483 2154 ἀλλά
2518 2093 2969 2173 μετεϐαλλόμεθα
3002 2099 3060 2156 ἄν
3094 2098 3202 2155 ὦδε
3249 2103 3496 2169 κάκεῖσε,
3557 2100 3646 2156 κα)
3700 2105 3804 2161 ταῖς
3851 2099 3931 2154 ἐπι·

2339 2187 2560 2251 στολαῖς
2594 2187 2758 2245 ἄλλοι
2790 2190 2878 2244 καὶ
2910 2188 3074 2245 ἄλλοι
3133 2190 3445 2267 γινόμενοι,
3507 2191 3599 2244 καὶ
3653 2191 3793 2244 αὐτοὶ
3837 2209 3931 2261 παρα

2339 2277 2487 2340 όντες
2518 2279 2606 2334 καὶ
2636 2285 2754 2335 ταῖς
2783 2280 2996 2355 χρείαις
3035 2281 3124 2334 καὶ
3178 2286 3295 2342 τοῖς
3354 2286 3580 2356 καιροῖς
3640 2277 3932 2335 συναλλοιοῦο

2341 2387 2518 2439 μενοι,
2549 2368 2639 2422 καὶ
2670 2371 2762 2423 νῦν
2808 2369 2901 2442 μὲν
2935 2366 3184 2436 κόλακες,
3215 2372 3305 2422 νῦν
3346 2366 3404 2424 δὲ
3466 2363 3716 2442 φοϐεροὶ,
3767 2367 3933 2421 καὶτῶν

2343 2456 2438 2529 μὶν
2462 2453 2886 2514 δυναστευόντων
2917 2455 3134 2526 δοῦλοι,
3165 2458 3254 2512 καὶ
3294 2463 3392 2513 τοῦ
3456 2458 3765 2530 θελήματος
3794 2453 3933 2528 ὑπῃρὲ

2339 2565 2448 2615 ται,
2481 2550 2587 2602 τῶν
2624 2545 2680 2600 δὲ
2705 2550 2969 2602 ταπεινῶν
3011 2543 3267 2601 δεσπόται
3305 2548 3396 2601 καὶ
3431 2549 3746 2621 νομοθέται.
3773 2545 3822 2601 Ὀ
3863 2541 3928 2615 Ti?

2341 2639 2603 2690 συνιστῶν
2635 2637 2844 2705 ἑαυτὸν,
2880 2635 3052 2690 πάντα
3083 2636 3159 2698 ετς
3188 2637 3251 2691 τὸ
3283 2635 3489 2691 οἰκεῖον
3541 2633 3726 2707 κέρδος
3771 2633 3928 2704 ἀφορῶν

2339 2730 2507 2792 ποιεῖ,
2551 2725 2631 2780 ἀεὶ
2668 2725 2804 2800 πρὸς
2833 2725 2895 2780 τὸ
2929 2726 3119 2780 ἑαυτοῦ
3163 2727 3440 2801 συμφέρον
3503 2722 3927 2792 συναλλοιοῦμενθς

2340 2813 2428 2868 καὶ
2461 2813 3119 2891 συμελεταμορεοῦμενος.
3155 2813 3315 2871 Ἀλλ’
3364 2815 3494 2870 οὕτε
3553 2815 3628 2874 ὡς
3685 2813 3754 2871 εἷς
3781 2807 3822 2878 ἐξ
3865 2805 3927 2860 αὖ·

2341 2908 2447 2959 τῶν
2483 2902 2665 2974 ἐσμὶν,
2711 2900 2833 2958 οὔτε
2888 2903 3026 2977 πρὸς
3082 2903 3302 2964 ἑαυτοὺς
3359 2902 3570 2976 ἔΙ.ομεν
3622 2893 3922 2960 κοινωνέανῆ

2344 2991 2647 3064 ὁμοιότητά
2675 3013 2796 3046 τινα
2855 2992 2931 3050 Οὐ
2964 2994 3068 3068 γάρ
3098 2991 3397 3065 τολμῶμεν
3428 2992 3680 3048 τοιοῦτοι
3730 2986 3926 3063 γενέσθην

2342 3086 2458 3142 πῶς
2491 3081 2585 3135 οὖν
2617 3077 2783 3135 ἄλλοι
2815 3079 2970 3154 ἐσμὲν
2999 3087 3116 3144 ταῖς
3181 3080 3504 3144 ἐπιστολαῖς
3555 3080 3786 3140 ἀπόντες.
3814 3071 3923 3128 ἄλλοι

581 3187 906 3252 prmsentes
932 3179 958 3232 ‘l
981 3177 1040 3232 Id
1074 3194 1332 3248 namque
1363 3194 1484 3231 non
1521 3182 1610 3232 est
1670 3184 1965 3242 nostrum,
1999 3176 2102 3231 sed
2137 3193 2231 3232 eo-

2345 3169 2401 3226 δὲ
2433 3170 2739 3246 παρόντες;
2791 3171 2868 3228 Οὐ
2927 3173 3032 3246 γάρ
3091 3173 3230 3226 ἐστιν
3287 3172 3561 3247 ἡμέτερον
3616 3174 3783 3236 τοῦτο,
3829 3159 3926 3218 illi

580 3286 713 3323 rum
747 3269 846 3339 qui
875 3268 1103 3337 seipsos
1134 3265 1588 3321 commendant:
1612 3284 1720 3321 nos
1753 3274 1950 3322 autem
1975 3267 2034 3321 in
2066 3266 2232 3322 nullo

583 3355 1072 3410 commendamus
1107 3371 1215 3408 nos
1247 3355 1426 3424 ipsos,
1461 3355 1564 3409 sed
1596 3356 1704 3426 ipsi
1737 3373 1845 3411 nos
1867 3356 2029 3428 ipsos
2061 3356 2233 3410 meti-

583 3460 718 3498 mur
747 3444 864 3496 sive
900 3449 1347 3512 perscrutamur
1379 3461 1445 3496 ac
1486 3444 1896 3514 disquirimus,
1931 3446 2235 3501 conscien-

584 3533 729 3586 tiam
760 3531 1042 3585 facientes
1100 3531 1648 3602 indagatricem,ne
1706 3535 1848 3602 quid
1878 3534 2098 3589 factum
2158 3535 2235 3589 sit

585 3620 742 3693 quod
774 3636 892 3675 non
923 3626 1291 3690 oporteatne
1325 3620 1467 3690 quid
1487 3621 1576 3674 vel
1611 3621 1926 3692 cogitatum
1951 3623 2028 3676 sit
2056 3623 2231 3678 inde-

585 3727 724 3767 cens
760 3727 771 3763 :
807 3717 864 3764 et
895 3725 1000 3764 nos
1031 3709 1191 3781 ipsos
1223 3709 1584 3763 conferimus
1637 3726 1710 3764 ne
1771 3711 1912 3780 quid
1963 3711 2232 3767 fortassis

583 3801 948 3860 contrarium
998 3800 1284 3856 faciamus
1345 3800 1437 3856 his
1489 3817 1619 3872 quae
1651 3801 2064 3872 praedicamus,
2100 3821 2231 3874 quae

585 3893 1086 3961 annuntiavimus,
1125 3908 1265 3946 num
1326 3890 1467 3962 quid
1501 3891 1685 3963 priori
1734 3891 1864 3946 vitm
1896 3891 2229 3949 dissonum.

581 3984 761 4037 Porro
795 3983 970 4036 etiam
998 3999 1103 4036 nos
1127 3981 1486 4036 conferimus
1507 3980 1676 4036 nobis
1699 3981 1988 4052 ipsis,non
2023 3983 2113 4036 his
2131 3984 2229 4054 qui

582 4086 702 4126 una
745 4070 1054 4126 nobiscum
1111 4077 1439 4126 versantur.
1497 4072 1622 4126 Non
1681 4070 1951 4138 facimus,
2013 4072 2229 4144 inquit,

583 4158 953 4215 extrinsecus
986 4177 1087 4215 eos
1122 4161 1220 4230 qui
1257 4160 1565 4215 nobiscum
1601 4166 1908 4215 versantur
1933 4166 2234 4233 spectacu‘

576 4248 704 4305 lum
736 4265 803 4304 ac
835 4249 1135 4305 theatrum
1162 4257 1378 4306 nostrae
1397 4250 1857 4322 comparationis
1892 4256 1949 4306 et
1978 4251 2229 4323 inquisi.

577 4339 778 4408 tionis,
814 4339 916 4396 sed
970 4341 1084 4411 ipsi
1144 4357 1252 4395 nos
1309 4341 1468 4412 ipsos
1527 4341 1946 4398 constituimus
1995 4342 2231 4415 judices

575 4446 642 4485 ac
673 4428 938 4484 arbitros
977 4429 1137 4500 quod
1165 4435 1256 4485 est
1284 4430 1613 4501 incorrupti
1639 4430 1870 4500 judicii.

2341 3266 2449 3317 τῶν
2491 3261 2711 3323 ἑαυτοὺς
2767 3261 3213 3318 συνιστανόντων.
3272 3262 3468 3334 Ἡμεῖς
3534 3259 3592 3315 δέ
3652 3281 3702 3315 τι
3753 3254 3802 3310 οὗ
3843 3272 3923 3304 συν-

2346 3356 2600 3424 ιστῶμεν,
2634 3349 2779 3406 ἀλλὰ
2807 3351 2958 3405 αὐτοὶ
3001 3349 3221 3406 ἑαυτοὺς
3281 3355 3614 3426 μετροῦμεν,
3671 3349 3773 3402 οἷον
3820 3343 3921 3413 ἄχρι·

2343 3435 2711 3515 ϐολογοῦμεν,
2750 3439 3088 3514 ἐξετάζομεν,
3121 3440 3249 3495 αὐτὸ
3313 3441 3374 3495 τὸ
3434 3435 3679 3500 συνειδὸς
3708 3429 3914 3504 ἐξεταστὴν

2342 3529 2642 3599 ποιοῦντες,
2678 3531 2836 3601 μήτι
2869 3528 3169 3602 πέπρακται
3217 3527 3289 3584 ὧν
3350 3529 3411 3584 οὐ
3475 3528 3580 3594 δεῖ,
3640 3528 3711 3599 μή
3762 3544 3804 3577 τι
3849 3517 3920 3573 δια

2341 3619 2590 3689 νενόηται
2630 3615 2888 3694 ἀπρεπές.
2950 3618 3054 3674 Καὶ
3117 3618 3312 3683 αὐτοὺς
3367 3619 3742 3696 συγκρίνομεν,
3791 3611 3849 3685 μή
3889 3624 3918 3657 τι

2343 3707 2442 3784 ἄρα
2523 3708 2751 3764 ἐναντίον
2838 3707 2911 3763 ὧν
2971 3709 3334 3782 κηρύσσομεν,
3395 3709 3472 3763 ὧν
3533 3697 3917 3781 ἐπηγγειλάμεθιι

2341 3797 2688 3872 πράττωμεν,
2742 3799 2816 3870 μή
2888 3819 2938 3853 τι
3022 3797 3346 3875 ἀσύμφωνον
3407 3803 3489 3871 τῷ
3550 3796 3784 3868 προτέρῳ
3834 3785 3916 3860 βῖφο

2343 3886 2444 3943 Καὶ
2499 3886 2860 3963 σ·.›γκρίνομεν
2919 3884 2975 3942 δὲ
3031 3889 3271 3955 ἑαυτοῖς,
3334 3887 3463 3963 οὐχὶ
3522 3893 3638 3947 τοῖς
3694 3880 3915 3938 συνιοῦσαν
3996 3901 3997 3963 ξ

2342 3975 2468 4050 οὐχὶ
2505 3975 2747 4050 θέατρον,
2781 3978 2934 4054 φησὶ,
2962 3978 3089 4040 τοὺς
3146 3971 3333 4048 ἔξωθεν
3395 3979 3675 4035 συνιόντας
3720 3965 3913 4054 ποιούμεῖ

2340 4086 2421 4119 νοι
2450 4071 2548 4134 τῆς
2580 4061 2718 4130 ίδίας
2749 4067 3075 4142 συγκρίσεως
3120 4067 3206 4120 καὶ
3269 4066 3578 4137 ἐξετάσεως,
3638 4061 3769 4118 ἀλλὰ
3811 4045 3916 4142 αὐτοὶ

2341 4155 2564 4216 ἑαυτοὺς
2595 4158 2780 4230 κριτάς
2809 4159 2900 4210 καὶ
2933 4153 3188 4219 δικαστὰς
3220 4156 3664 4230 προκαθίζοντες,
3689 4152 3800 4222 ὅπερ
3824 4138 3916 4196 ίστῖ*

2341 4243 2637 4301 ἀδεκάστου
2667 4247 2914 4321 κρίσεως.

645 4520 794 4574 677
836 4517 1292 4591 Pseudapostoli
1344 4535 1478 4573 vero
1511 4536 1571 4573 se
1616 4519 1774 4590 ipsos
1807 4522 2231 4578 commendan-

2418 4523 2482 4579 Οἱ
2542 4518 2598 4574 δὲ
2649 4519 3085 4594 ψευδαπόστολοι
3141 4522 3231 4578 καὶ
3291 4522 3515 4586 ἑαυτοὺς
3573 4513 3912 4594 συνιστάνοντιε]

574 4611 966 4682 tes.opposito
1001 4627 1059 4665 m
1104 4611 1179 4665 d0
1203 4611 1277 4665 ad
1326 4610 1784 4665 ostentationem
1845 4619 1902 4664 et
1953 4612 2237 4682 placitum

575 4700 990 4755 multitudinis
1024 4701 1226 4755 omnia
1257 4700 1542 4754 efﬁciunt.
1589 4699 1723 4753 ldeo
1758 4716 1951 4771 neque
2011 4702 2238 4772 seipsos

562 4785 1129 4862 metiunturneque
1164 4791 1389 4862 seipsos
1414 4795 1863 4861 perscrutantur
1897 4807 1908 4844 :
1935 4790 2040 4845 sed
2071 4792 2236 4848 sufﬂ-

573 4878 652 4932 cit
681 4880 828 4948 ipsis
859 4881 932 4934 ad
957 4897 1199 4936 omnem
1223 4881 1665 4936 felicitatemut
1689 4879 1925 4934 illorum
1959 4879 2236 4952 placeant,

570 4965 941 5022 multitudini
975 4970 1076 5040 qui
1108 4987 1228 5025 una
1284 4986 1486 5025 secum
1547 4975 1878 5024 versantur.
1915 4970 2234 5041 PrOpterea

569 5072 678 5110 nos
711 5075 828 5111 non
854 5058 912 5111 in
952 5059 1312 5114 immensum
1343 5066 1409 5115 ut
1434 5059 1537 5124 Illi,
1572 5064 1672 5114 aut
1732 5058 1966 5129 gloriati
2001 5076 2228 5128 sumus,

566 5151 680 5200 aut
727 5145 1147 5218 gloriabimur:
1213 5149 1315 5202 sed
1371 5148 1418 5202 si
1463 5147 1605 5218 quid
1637 5147 1912 5212 dicimus,
1955 5156 2058 5203 aut
2088 5149 2228 5205 faci-

566 5242 836 5303 mus,aut
857 5236 1365 5307 scribimus,juxta
1390 5254 1728 5293 mensuram
1761 5237 1978 5309 regula:
2009 5249 2228 5301 nostra

568 5325 827 5382 dicimus
862 5331 920 5380 et
948 5325 1201 5383 facimus
1241 5334 1300 5382 et
1356 5325 1690 5382 scribimus.
1755 5328 1882 5398 Ipse
1941 5347 2075 5387 vero
2107 5351 2225 5390 non

569 5415 740 5484 dicit,
775 5417 1109 5470 Mensuram
1167 5423 1453 5484 nostram,
1489 5417 1592 5472 sed
1622 5417 1722 5473 ubi
1755 5417 1951 5472 dixit«
1987 5421 2224 5480 Mensu-

569 5521 723 5570 ram,
754 5528 783 5556 »
805 5505 1148 5579 subjungit:
1174 5505 1392 5572 «Quam
1417 5507 1668 5578 partitus
1701 5513 1791 5561 est
1819 5507 1990 5564 nobis
2013 5512 2217 5583 Deus,-

586 5592 592 5598 ’
619 5596 902 5653 stendens
933 5596 1090 5668 quod
1119 5597 1247 5668 ipsa
1265 5613 1500 5668 quoque
1531 5597 1660 5668 ejus
1691 5613 1973 5658 mensura
2003 5616 2074 5660 ex
2103 5603 2222 5662 Deo

2350 4614 2485 4666 ἅπαν
2518 4610 2848 4681 τούναντίον,
2880 4613 3014 4686 πρὸς
3073 4609 3351 4683 ἐπίδειξιν,
3407 4614 3543 4689 πρὸς
3596 4591 3912 4689 ἀρέσκειαν-τοὖ

2349 4699 2617 4770 πλήθους,
2668 4700 2839 4756 πάντα
2897 4706 3139 4758 ποιοῦσι.
3202 4704 3294 4758 Διὸ
3350 4699 3476 4758 οὐδέ
3534 4701 3790 4776 μετροῦσιν
3833 4682 3915 4782 ἔας’

2346 4790 2494 4858 τοὺς,
2529 4788 2656 4845 οὐδὶ
2697 4790 3028 4863 ἐξετάζουσιν
3086 4793 3333 4860 ἑαυτοὺς,
3400 4790 3546 4848 ἀλλὰ
3605 4789 3738 4861 ἀρκεῖ
3781 4773 3913 4863 αὖτοίί

2347 4878 2421 4939 είς
2452 4883 2623 4932 πᾶσαν
2656 4877 3030 4952 εὐδαιμονίαν,
3063 4882 3123 4935 τὸ
3152 4886 3232 4954 τῷ
3278 4880 3478 4951 πλήθει
3546 4885 3648 4936 τῶν
3693 4861 3910 4968 συνιόῖτυν

2343 4967 2548 5036 αὐτοῖς,
2579 4968 2839 5043 ἀρέσκειν.
2875 4971 2972 5024 Διά
3005 4975 3168 5026 τοῦτο
3222 4973 3410 5043 ἡμεῖς,
3471 4968 3593 5026 οὐδὲ
3646 4964 3712 5025 εἷς
3749 4955 3800 5011 τά
3822 4955 3908 5020 ἀμ’

2339 5077 2440 5130 τρα
2469 5054 2649 5132 ὥσπερ
2680 5055 2899 5127 ἐκεῖνοι,
2945 5057 3071 5114 οὔτε
3129 5058 3573 5135 ἐκαυχτισάμεθα,
3630 5050 3735 5110 οὔτε
3758 5045 3906 5110 καηῑτ

2341 5155 2566 5227 σόμεθα,
2593 5154 2720 5210 ἀλλ’
2751 5153 2803 5209 εἷ’
2829 5177 2881 5211 τι
2907 5154 3156 5231 ἐροῦμεν,
3213 5158 3304 5212 καὶ
3364 5159 3682 5232 πράττομεν,
3707 5141 3781 5202 καὶ
3821 5134 3900 5232 ist:

2339 5243 2664 5318 στέλλομεν,
2725 5246 2857 5300 κατὰ
2889 5213 2950 5300 τό
3014 5213 3208 5322 μίέτρον
3258 5251 3354 5302 τοῦ
3407 5213 3630 5307 κανόνος
3841 5213 3902 5322 τί

2547 5301 2557 5318 ,
2653 5301 2664 5311 .
3014 5301 3024 5319 .
3098 5301 3129 5322 κ,
3305 5301 3311 5302 γ
3417 5301 3441 5302 η
3691 5301 3717 5313 ..

2339 5332 2569 5408 λὲγομεν
2599 5335 2687 5389 καὶ
2725 5336 3033 5409 πράττομεν
3094 5337 3183 5390 καὶ
3237 5336 3650 5409 ἐπιστελλομεν.
3700 5301 3897 5409 Λῦτδιεδὶ

2335 5424 2396 5480 οὐ
2440 5422 2584 5499 λέγει
2617 5425 2826 5499 Μέτρον
2859 5427 3046 5498 ἡμῶν,
3103 5423 3250 5481 ἀλλὰ
3309 5427 3506 5501 μὲτρον
3537 5422 3704 5485 εἰπὼν,
3747 5405 3895 5505 eiul“;

2335 5540 2361 5566 «
2387 5514 2460 5568 Οὔ
2497 5479 2698 5588 μέτρου
2729 5479 3221 5589 ίμέτρῖησενγὴμῖν,
3254 5539 3282 5568 »
3309 5479 3536 5578 ιδιιίινιῖις
3593 5515 3668 5569 δτι
3713 5479 3888 5589 “iis?

2333 5605 2395 5658 τὸ
2431 5600 2628 5679 μέτρον
2661 5603 2824 5658 αὐτοῦ
2873 5603 2933 5658 ix
2960 5609 3057 5660 τοῦ
3091 5610 3226 5661 Θεοῦ
3283 5603 3445 5662 ἰστιν.
3509 5606 3581 5663 Ἠ
3630 5596 3707 5658 καὶ
