4106 6196
1179 253 1590 318 comem.
1640 253 1713 314 1N
1763 250 2007 313 EPIST.
2056 254 2115 314 ιι
2158 256 2259 315 AD
2308 216 2669 317 column.

246 260 401 324 1037
1179 260 1590 318 ΟΟΜΜΕΝΤ.
1640 260 1710 314 ιιι
1763 260 2007 313 l‘lPlST.
2056 260 2115 314 ll
2158 260 2259 315 AD
2308 260 2669 317 COlllNTH.
3508 262 3663 323 1038

244 396 338 465 Μή
369 393 602 467 νομίσης
659 396 769 464 ὃτι,
829 417 856 444 ιι
910 389 1120 465 Μὲτρον
1162 388 1327 446 εἰπὼν
1388 387 1629 455 κανόνος,
1661 407 1692 442 ιο
1741 382 1901 449 αὐτὸς

2020 393 2190 444 esset.
2225 420 2293 430 -—
2352 394 2465 445 Aut
2503 390 2604 445 hoc
2632 390 2802 446 etiam
2833 392 3008 447 modo.
3045 394 3464 464 Ne,existimes
3503 393 3664 466 quod

244 483 468 560 ἐμαυτῷ
498 482 560 539 τὸ
609 483 806 557 μέτρον
859 479 1053 556 ὥρισα,
1106 477 1231 535 ἀλλ’
1280 476 1453 534 ἰκεῖνο
1504 475 1648 553 λέγω
1692 476 1757 533 τὸ
1808 476 1905 551 με·

243 595 397 649 τρον,
432 571 494 628 οὗ
541 571 764 647 μὲτρου,
820 568 1067 625 τουτέστι
1127 565 1196 623 δι’
1256 567 1318 622 οῦ
1375 566 1621 644 ἐμέρισεν
1681 569 1817 640 ἡμῖν
1875 566 1903 621 ὁ

247 664 401 724 Θεός.
433 661 500 720 Τί
532 659 590 716 δὲ
618 661 759 716 ἐστιν
794 659 970 715 ἐκεῖνο
1002 678 1016 727 ;
1048 656 1153 715 Καὶ
1187 654 1332 713 ἄλλα
1366 657 1460 729 μὲν
1502 652 1710 720 πολλὰ,
1767 656 1907 727 τὲως

250 750 306 808 δὲ
345 752 409 808 τὸ
441 749 529 806 διὰ
558 754 659 806 τοῦ
699 748 1052 825 κηρ·3γματος
1101 744 1278 802 ἐλθεῖν
1338 746 1534 821 μέχρις
1586 746 1758 818 ὑμῶν,
1813 742 1905 800 καὶ

248 836 572 898 καταλαϐεῖν
608 840 769 913 ὑμᾶς.
802 841 977 896 Τοῦτο
1003 839 1064 893 τὸ
1098 839 1294 913 μέτρον
1331 835 1391 892 ἐκ
1445 840 1541 892 τοῦ
1590 840 1725 892 Θεοῦ
1773 831 1907 910 ἔχο-

252 954 365 1005 μεν.
400 928 472 986 δι’
498 930 561 986 οῦ
603 929 819 1004 ἐμέρισε
875 927 964 983 καὶ
1021 920 1197 997 ἔταξεν
1258 928 1425 998 ἡμᾶς,
1492 924 1690 1000 μὲχρις
1748 925 1904 996 ὑμῶν

249 1021 444 1094 φθάσει
475 1016 817 1090 καὶκηρῦξαι
848 1016 910 1070 τὸ
963 1011 1319 1091 Εὐαγγὲλιον.
1380 1013 1449 1069 Ἠ
1501 1008 1721 1066 δῦναται
1772 1009 1902 1065 ὅλον

245 1108 308 1164 τὸ
340 1106 549 1183 χωρίον
575 1106 680 1162 ἀπὸ
711 1110 827 1161 τοῦ·
862 1103 939 1162 03
972 1103 1074 1178 γὰρ
1106 1100 1407 1175 τολμῶμεν
1441 1100 1606 1175 μεχρι
1658 1104 1775 1155 τοῦ⁶
1826 1097 1903 1157 Οὖ

248 1201 513 1260 συνιοῦσι,
543 1197 659 1251 κατ’
720 1192 936 1249 ἐκείνων
1001 1192 1249 1267 ε’ἰρῆσθαι
1306 1194 1416 1245 τῶν
1474 1188 1774 1259 ἀλαζόνων,
1813 1187 1905 1244 καὶ

246 1288 336 1356 τὸ,
394 1284 570 1344 Ἀλλὰ
625 1283 779 1339 αὐτοὶ
839 1281 890 1338 ἐν
942 1282 1180 1352 ἑαυτοῖς,
1241 1282 1357 1335 κατ’
1414 1277 1587 1334 αίτίαν
1656 1277 1906 1355 εἰρῆσθαι

250 1379 359 1431 τῶν
409 1373 633 1435 ἑαυτοὺς
692 1369 1134 1427 σδνιστανόντων.
1221 1368 1368 1424 Οἶον·
1456 1367 1623 1425 Αὐτοὶ
1687 1368 1791 1445 γὰρ
1849 1366 1904 1423 ἑν

252 1464 467 1525 ἑαυτοῖς
525 1461 745 1525 ἑαυτοὺς
812 1465 1136 1537 μετροῦντες
1188 1458 1279 1514 καὶ
1362 1456 1762 1533 συγκρίνοντες,
1843 1456 1905 1512 οὗ

254 1552 692 1609 συναισθπὶνονται
751 1549 1205 1623 ἀλαζονευόμενοι
1266 1547 1356 1602 καὶ
1418 1546 1728 1608 ἀπατῶντες
1780 1546 1906 1601 ὲαυο

250 1641 405 1704 τούς.
438 1644 644 1716 ’Ὠσπερ
675 1640 835 1716 γαρὸ
895 1640 1018 1714 παρ’
1077 1638 1251 1709 ἑαυτῷ
1309 1636 1601 1717 φρόνιμος,
1663 1635 1908 1712 ἰσχυρῶς

2015 474 2221 532 dicens
2253 498 2281 527 «
2315 479 2650 534 Mansuram
2677 479 2915 552 regulzn.
2936 481 3102 552 nipse
3132 481 3278 536 mihi
3312 498 3657 541 mensuram

2014 564 2348 620 deﬁnierim
2381 583 2394 621 :
2429 567 2532 621 sed
2556 567 2704 622 illud
2736 568 2867 624 dico
2924 586 3287 634 mensuram,
3323 588 3440 642 qua
3489 590 3655 630 men-

2015 672 2171 721 sura,
2201 656 2260 709 id
2292 661 2400 720 est,
2434 672 2540 726 per
2568 673 2744 726 quam
2784 659 3034 727 partitus
3094 665 3185 713 est
3250 659 3422 715 nobis
3484 662 3661 718 Deus.

2013 745 2152 808 Qua)
2184 750 2275 799 est
2304 752 2501 799 autem
2535 745 2681 800 illa?
2718 747 2901 801 Variw
2926 754 3067 802 sunt
3096 765 3164 804 ac
3190 749 3392 803 multm
3425 750 3669 807 Interim

2013 839 2211 887 autem
2234 849 2341 903 per
2363 833 2842 903 praedicationem
2877 836 3104 891 venisse
3125 853 3315 907 usque
3353 836 3428 892 ad
3460 855 3558 892 vos
3579 844 3667 894 at-

2014 938 2127 992 que
2146 923 2614 994 apprehendisse
2647 940 2765 989 vos,
2804 925 2863 980 id
2892 924 3180 981 habemus
3210 942 3247 981 a
3278 927 3396 981 Deo
3427 943 3670 982 mensu-

2013 1029 2159 1070 ram.
2190 1029 2295 1084 per
2323 1030 2501 1084 quam
2535 1015 2785 1085 partitus
2822 1022 2912 1070 est
2940 1032 3007 1071 ac
3038 1015 3335 1072 ordinavit
3364 1024 3429 1072 ut
3456 1018 3530 1073 ad
3562 1034 3667 1074 vos

2012 1118 2203 1174 usque
2233 1105 2725 1177 perlingeremus,
2770 1112 2828 1161 et
2887 1106 3263 1180 Evangelium
3307 1107 3665 1179 prmdicare-

2014 1208 2167 1247 mus.
2210 1194 2326 1249 Aut
2384 1200 2581 1265 potest
2634 1200 2757 1250 tota
2813 1195 3103 1266 particula
3150 1196 3223 1252 ab
3255 1213 3324 1252 eo
3353 1198 3505 1265 loco,
3538 1200 3667 1255 Non

2013 1283 2173 1336 enim
2233 1283 2543 1351 audemus,
2598 1300 2788 1355 usque
2846 1285 2918 1340 ad
2976 1285 3081 1340 illa
3145 1286 3345 1354 verba,
3404 1285 3483 1343 Οὐ
3544 1306 3667 1340 συν-

2016 1373 2157 1424 ιοῦσι
2188 1371 2471 1429 adversus
2502 1380 2849 1446 arrogantes
2879 1374 3040 1430 dicta
3069 1392 3223 1442 esse,
3257 1382 3317 1431 et
3354 1376 3512 1448 quod
3561 1377 3665 1443 ait,

2010 1459 2157 1515 ἀλλᾶ
2186 1460 2341 1515 αὐτοὶ
2371 1463 2424 1516 ὶν
2457 1462 2668 1524 ἑαυτοῖς
2700 1464 2926 1519 dictum
2956 1481 3087 1520 esse
3119 1483 3225 1537 pro
3254 1483 3434 1522 causa
3460 1482 3666 1524 eorum

2012 1550 2115 1620 qui
2143 1568 2205 1605 se
2238 1551 2398 1623 ipsos
2420 1551 2937 1619 commendant,ut
2964 1553 3041 1609 sit
3069 1570 3311 1609 sensus:
3349 1556 3493 1611 Nam
3550 1554 3663 1628 ipsi

2013 1639 2075 1694 in
2105 1657 2167 1695 se
2200 1640 2345 1712 ipsis
2378 1658 2440 1696 se
2471 1640 2632 1713 ipsos
2664 1642 2979 1698 metientes
3001 1659 3071 1699 ac
3099 1651 3664 1716 comparantes,non

252 1730 436 1808 ἃφρων
483 1727 647 1799 ἐστὶν,
710 1729 885 1789 οὕτως
937 1728 1025 1783 καὶ
1080 1728 1108 1783 ὁ
1166 1727 1294 1802 παρ’
1353 1726 1525 1797 ἑαυτῷ
1594 1725 1762 1801 μὲγας
1811 1740 1907 1791 καὶ

2020 1731 2394 1803 perpendunt
2414 1731 2533 1788 sive
2555 1749 2675 1789 non
2699 1733 3039 1807 intelligunt
3059 1752 3122 1790 se
3148 1742 3488 1808 arrogantes
3509 1753 3663 1808 esse,

255 1818 490 1895 ὑψηλὸς,
512 1816 908 1893 καταγέλαστος
955 1816 1045 1872 καὶ
1103 1813 1334 1892 ἔσχατος
1395 1819 1633 1872 πάντων.
1677 1840 1706 1869 ι(
1738 1815 1899 1873 Ἀλλ’

249 1911 403 1967 αὐτοὶ
436 1908 488 1965 ἐν
521 1909 753 1969 ἑαυτοῖς.
792 1932 818 1957 ›)
870 1907 1131 1969 Ἐκείνοις
1189 1907 1282 1979 μἐν
1330 1906 1422 1961 οὗν
1481 1905 1543 1961 οὐ
1601 1906 1896 1981 τολμῶμεν

251 1999 475 2061 tam-0b;
508 2003 812 2074 συγκρῖναι,
851 1996 1137 2073 μεγάλοις,
1182 1995 1370 2075 φησὶν,
1424 1995 1545 2050 οῦσι
1592 1996 1682 2050 καί
1732 1995 1898 2071 ὅπερ·

250 2085 528 2146 ϐαίνουσιν
560 2090 730 2161 ἡμᾶς,
765 2084 893 2141 ἀλλ’
947 2087 1109 2157 ἡμεῖς
1156 2086 1274 2140 καθ’
1323 2084 1547 2146 ἑαυτοὺς
1602 2084 1900 2161 γινόμενοι,

249 2178 475 2240 ἑαυτοὺς
511 2181 835 2253 μετροῦμεν.
880 2175 982 2232 Καὶ
1039 2175 1176 2249 πρὸς
1229 2176 1295 2229 τε
1353 2172 1523 2249 μέτρα
1578 2175 1759 2245 ἡμῶν,
1807 2175 1900 2231 καί

255 2269 534 2342 λαλοῦμεν
610 2268 701 2323 καὶ
776 2263 1196 2340 ἐπιστὲλλομεν,
1270 2265 1362 2321 καὶ
1439 2261 1898 2341 διαπραττόμεθα.

256 2387 283 2414 ιι
317 2358 420 2417 Καὶ
453 2358 828 2434 συγκρίνοντες
870 2355 1122 2418 ἑαυτούς.
1153 2380 1181 2407 ››
1240 2356 1343 2412 Καὶ
1400 2358 1565 2428 ἡμεῖς
1626 2354 1740 2427 μὲν,
1796 2376 1901 2433 φη-

250 2442 362 2517 civ,
402 2448 623 2509 tuo“:on
658 2449 984 2523 μετροῦμεν,
1031 2444 1224 2500 ἰκεῖνοι
1289 2441 1364 2513 δὲ,
1424 2443 1645 2507 ἑαυτοὺς
1691 2445 1903 2503 ἑαυτοῖς

254 2538 649 2615 συγκρίνοντες.
684 2536 761 2595 Οὐ
792 2534 897 2611 γὰρ
952 2535 1184 2605 ἀξιοῦσι,
1234 2534 1390 2614 φησὶ,
1439 2534 1575 2609 πρός
1630 2555 1749 2589 τινα
1796 2537 1905 2588 τῶν

241 2620 555 2704 ’ἀνθρώπων
609 2626 985 2701 συγκριθῆναι,
1044 2620 1175 2678 ἀλλ’
1253 2623 1411 2679 αὑτοὶ
1468 2623 1605 2698 πρὸς
1660 2622 1902 2686 ἑαυτούς.

256 2717 334 2776 OL’.
367 2720 629 2772 συνιοῦσι·
661 2713 950 2772 Τουτέστιν
993 2714 1057 2768 οὐ
1113 2718 1329 2768 νοοῦσιν
1391 2710 1515 2767 οὐδὲ
1564 2712 1902 2769 αἰσθάνονται

255 2807 404 2871 ὅπως
434 2806 536 2863 εἰσί
566 2803 959 2881 καταγέλαττοι
998 2808 1118 2864 τοῖς
1176 2802 1396 2878 ὁρῶσιν.
1449 2801 1526 2859 Οὔ
1580 2803 1683 2880 γαρ
1733 2799 1907 2872 λελή-

254 2896 583 2977 θασι,‹ρησί,
634 2894 774 2953 τινα.
834 2894 904 2951 ἸΙ
961 2892 1047 2948 ’ὁτι
1108 2892 1302 2966 μεταξὺ
1360 2890 1627 2962 ἀλλήλων
1685 2890 1907 2953 ἑαυτοὺς

252 2985 584 3061 ἕπαίροντες.
622 3006 648 3037 ιι
676 2985 867 3058 Ἡμεῖς
916 2979 974 3037 δὲ
1027 2979 1156 3061 οὐχὶ
1208 2980 1282 3043 εἷς
1329 2981 1398 3035 τα
1437 2978 1645 3055 ἃμετρα
1690 2999 1909 3055 καυχη-

254 3078 479 3149 σόμεθα.
524 3098 551 3127 ››
584 3075 777 3145 Ἡμεῖς
809 3070 886 3141 δὲ,
919 3070 1101 3151 φησὶν,
1135 3071 1237 3125 οὐκ
1287 3068 1364 3134 εἰς
1405 3069 1472 3125 τὰ
1518 3068 1728 3144 ἄμετρα
1775 3090 1903 3123 καυο

252 3128 565 3244 χέσόμεθα,
596 3128 833 3236 καθάπερ
867 3130 1038 3216 οὗτοι.
1100 3160 1204 3216 Καὶ
1252 3159 1356 3235 γὰρ
1399 3160 1464 3228 ἦν
1517 3158 1661 3220 εἰκὸς
1708 3156 1904 3219 αὐτοὺς
1944 3128 1987 3196 C

255 3252 623 3331 ψευδομένους
673 3250 876 3326 λέγειν,
933 3251 1050 3320 Τὴν
1102 3246 1429 3321 οἰκουμένην
1479 3246 1904 3323 ἐπεστρέψαμεν,

255 3346 391 3421 πρὸς
451 3343 517 3400 τε
573 3339 777 3417 πέρατα
841 3347 942 3410 τῆς
999 3340 1099 3413 γῆς
1158 3338 1461 3417 ἀφικόμεθα
1547 3333 1909 3398 διδάσκοντες,

261 3439 445 3495 Ταῦτα
475 3435 567 3490 οῦν
609 3432 818 3508 ἃμετρα
868 3428 1050 3497 καλεῖ,
1100 3423 1489 3505 ὑπερϐαίνοντα
1534 3430 1635 3499 τήν
1686 3426 1913 3505 δύναμιν

259 3525 436 3581 αὐτῶν
467 3523 652 3581 καὶτὸ
687 3519 905 3596 μέτρον.
962 3546 981 3571 ι
1020 3517 1195 3575 Ἀλλᾶ
1249 3520 1386 3575 κατᾶ
1439 3521 1502 3574 τὸ
1563 3520 1757 3594 μέτρον
1816 3524 1912 3577 τοῦ

259 3613 573 3677 κανόνος.»
635 3613 837 3685 Ὥσπερ
892 3609 994 3684 γαρ
1048 3606 1350 3681 ἀμπελῶνα
1406 3604 1631 3683 διαιρῶν
1694 3610 1722 3663 ὁ
1779 3609 1912 3671 Θεὸς

260 3703 361 3770 τήν
396 3700 727 3774 οἰκουμένην
759 3701 920 3773 ἡμῖν,
952 3698 1108 3778 oneri,
1140 3702 1255 3759 τοῖς
1286 3698 1615 3760 ἂποστὸλοις
1673 3696 1908 3772 ἐμέρισε.

262 3790 413 3847 Κατᾶ
439 3788 532 3845 οῦν
560 3791 623 3844 τὸ
656 3788 853 3865 μέτρον
888 3793 984 3844 τοῦ
1023 3788 1244 3851 κανόνος
1300 3788 1363 3843 οὗ
1421 3787 1666 3863 ἐμέρισεν
1714 3790 1852 3863 ἡμῖν
1884 3789 1912 3843 ὁ

261 3880 415 3948 Θεὸς,
445 3881 843 3960 καυχησόμεθα
885 3879 975 3934 καὶ
1038 3876 1380 3953 λαλήσομεν,
1434 3879 1588 3956 φησί.
1644 3882 1806 3936 Ποῖον
1855 3876 1912 3934 δέ

262 3967 375 4025 ἔστι
404 3970 467 4025 τὸ
500 3966 696 4045 μέτρον
730 3988 865 4037 σου;
900 3994 929 4021 ‹‹
959 3970 1033 4025 Τὸ
1066 3967 1231 4048 ἄχρις
1264 3969 1419 4042 ὑμῶν
1451 3992 1503 4039 ››,
1536 3973 1719 4047 φησίν.
1753 3970 1915 4048 Ἀφι-

260 4057 441 4116 κέσθαι
498 4058 632 4135 ἄχρι
677 4060 765 4115 καὶ
832 4060 1006 4131 ὑμῶν,
1064 4059 1179 4115 ἐπεὶ
1238 4057 1331 4114 οῦν
1390 4056 1523 4138 ἃχρι
1581 4061 1673 4114 καί
1759 4059 1912 4133 ὑμῶν

261 4148 589 4227 ἐφθάσαμεν,
623 4148 709 4203 καὶ
752 4152 915 4204 τοῦτο
948 4148 1082 4219 ἡμῖν
1131 4146 1194 4202 τὸ
1245 4143 1534 4219 δεδομένον
1581 4147 1728 4223 παρὰ
1778 4150 1912 4203 Θεοῦ

260 4239 473 4314 μίτρον.
508 4262 535 4290 ‹‹
568 4239 742 4316 Ἀγρι
769 4238 859 4292 καὶ
892 4237 1045 4312 ὑμῶν
1075 4236 1434 4312 καυχώμεθα·
1467 4259 1493 4291 11
1532 4238 1672 4292 Ἀπὸ
1723 4241 1912 4292 κοινοῦ

237 4316 368 4406 ’γὰρ
398 4329 482 4396 τὸ,
521 4354 543 4381 ι
584 4328 1011 4403 Καυχησόμεθα.
1049 4352 1074 4378 ι,

2014 1836 2082 1876 ac
2135 1820 2399 1893 sibiipsis
2456 1821 2784 1894 imponere.
2846 1824 3353 1888 Quemadmodum
3405 1827 3565 1881 enim
3614 1826 3667 1883 is

2016 1911 2117 1982 qui
2150 1910 2307 1983 apud
2338 1929 2467 1967 sese
2517 1912 2779 1984 prudens
2830 1920 2938 1976 est,
2991 1913 3310 1970 admodum
3372 1916 3667 1988 insipiens

2017 2007 2125 2064 est,
2153 2000 2234 2055 ita
2264 1999 2438 2056 etiam
2474 2001 2574 2072 qui
2604 2001 2763 2073 apud
2795 2019 2925 2058 sese
2984 2020 3233 2076 magnus
3290 2010 3349 2060 et
3397 2006 3667 2062 excelsus

2017 2094 2126 2151 est.
2160 2089 2212 2144 is
2237 2089 2526 2146 ridiculus
2554 2097 2646 2146 est
2676 2092 3064 2162 omniumque
3096 2100 3453 2163 postremus.
3488 2117 3515 2143 ιι
3553 2093 3666 2150 Sed

2015 2178 2129 2250 ipsi
2161 2179 2222 2233 in
2254 2178 2427 2234 nobis
2454 2178 2618 2252 ipsis.
2645 2201 2674 2229 ››
2709 2180 2833 2236 Illis
2866 2180 3065 2252 itaque
3088 2198 3209 2236 non
3241 2182 3530 2238 audemus
3552 2199 3662 2239 nos

2016 2266 2176 2338 ipsos
2214 2267 2484 2323 conferre
2516 2269 2617 2339 qui
2649 2270 2845 2341 magni
2876 2270 3318 2342 sunt,inquit,et
3349 2287 3459 2326 nos
3489 2287 3664 2327 exce-

2017 2358 2188 2425 dunt,
2233 2358 2337 2413 sed
2369 2358 2522 2430 apud
2554 2374 2665 2413 nos
2694 2359 2856 2431 ipsos
2896 2366 3208 2416 manentes
3247 2361 3528 2416 metimur
3556 2378 3667 2418 nos

2015 2446 2199 2517 ipsos,
2231 2452 2292 2502 et
2318 2447 2394 2502 ad
2449 2463 2765 2503 mensuras
2788 2455 3023 2505 nostras
3054 2456 3114 2505 et
3132 2449 3504 2522 loquimuret
3524 2450 3667 2508 scri-

2016 2534 2214 2591 bimus
2246 2542 2306 2591 et
2336 2552 2676 2609 Operamur.
2713 2559 2741 2587 ‹‹
2774 2538 2845 2593 Et
2875 2538 3103 2611 seipsos
3159 2546 3598 2612 comparantes.
3639 2563 3669 2591 ι»

2015 2626 2133 2680 Nos
2153 2624 2394 2696 quidem
2426 2641 2534 2681 nos
2573 2626 2735 2697 ipsos
2758 2627 3058 2696 metimur,
3091 2628 3402 2698 inquit,illi
3441 2644 3577 2683 vero
3610 2644 3675 2684 se

2017 2714 2178 2785 ipsos
2208 2714 2320 2769 sibi
2361 2714 2695 2782 conferunt,
2729 2732 2850 2770 non
2872 2716 3034 2771 enim
3066 2715 3141 2771 ad
3169 2716 3431 2787 aliquem
3487 2716 3677 2771 homi-

2018 2820 2162 2858 num
2193 2803 2449 2860 conlerri
2484 2804 2707 2869 volunt,
2744 2804 2848 2859 sed
2892 2822 3021 2860 sese
3051 2804 3126 2860 ad
3154 2806 3382 2877 seipsos
3412 2803 3490 2862 Οὐ
3546 2825 3675 2860 συν-

2025 2895 2189 2957 ιοῦσι,
2223 2892 2334 2948 hoc
2366 2899 2475 2959 est,
2508 2910 2627 2947 non
2661 2894 3024 2966 intelligunt,
3059 2910 3179 2949 non
3211 2894 3479 2950 sentiunt
3507 2895 3665 2968 quod

2018 2985 2256 3040 ridiculi
2288 2986 2410 3040 sint
2441 2986 2532 3041 his
2563 2986 2664 3056 qui
2709 2986 3036 3054 intuentur,
3066 2986 3216 3041 nulli
3250 2988 3411 3043 enim
3451 2989 3668 3045 occulti

2018 3081 2178 3137 sunt,
2210 3075 2404 3147 inquit
2437 3093 2451 3140 ;
2505 3082 2609 3131 aut
2667 3075 2825 3147 quod
2892 3076 3049 3132 inter
3078 3095 3140 3133 se
3176 3084 3384 3134 mutuo
3416 3095 3478 3136 se
3506 3079 3668 3151 ipsos

2016 3164 2326 3220 extollunt.
2355 3188 2378 3217 ιι
2413 3167 2528 3220 Nos
2548 3172 2745 3221 autem
2773 3182 2891 3222 non
2915 3167 2977 3222 in
3009 3168 3370 3224 immensum
3385 3169 3667 3242 gloriabi-

2015 3270 2168 3310 mur.
2205 3277 2234 3304 »ι
2264 3254 2417 3309 618
2452 3256 2588 3315 Nos.
2620 3255 2724 3317 ait.
2757 3271 2876 3311 non
2908 3256 3062 3311 sicut
3090 3257 3178 3312 illi
3212 3274 3226 3311 :
3259 3274 3379 3314 non
3405 3257 3556 3315 ultra
3572 3259 3671 3314 da-

2023 3349 2113 3399 tas
2133 3354 2444 3400 mensuras
2470 3344 3189 3417 gloriabimur.Siquidem
3213 3347 3533 3404 verisimile
3556 3354 3666 3417 est,

2023 3433 2180 3504 quod
2211 3433 2298 3487 illi
2347 3434 2705 3488 mentientes
2736 3432 3049 3490 dicerent:
3096 3436 3212 3491 Nos
3269 3435 3474 3492 orbem
3528 3453 3671 3493 con-

2021 3523 2409 3590 vertimus,ad
2436 3523 2722 3578 terminos
2753 3528 2926 3578 terra)
2956 3522 3238 3580 docentes
3269 3525 3672 3596 pervenimus.

2025 3613 2157 3668 Haec
2178 3612 2335 3668 ultra
2364 3628 2727 3677 mensuram,
2761 3619 2865 3669 aut
2906 3630 3085 3686 supra
3140 3632 3485 3671 mensuram
3543 3632 3676 3673 esse

2022 3702 2185 3770 dicit,
2218 3719 2349 3774 qua;
2383 3719 2549 3758 suam
2580 3704 2907 3774 potentiam
2931 3719 2999 3758 ac
3021 3720 3360 3760 mensuram
3382 3710 3675 3777 transgre-

2022 3792 2322 3847 diuntur.«
2354 3792 2467 3847 Sed
2490 3793 2664 3864 juxta
2693 3808 3033 3848 mensuram
3061 3793 3298 3864 regulas.
3327 3816 3354 3842 »ι
3380 3791 3674 3857 Quemad-

2024 3882 2267 3937 modum
2299 3880 2460 3937 enim
2493 3882 2793 3953 quispiam
2824 3883 3055 3937 vineam
3086 3881 3407 3947 distribuit,
3442 3882 3525 3938 ita
3567 3898 3668 3937 or-

2023 3970 2157 4027 bem
2191 3970 2363 4025 nobis
2386 3970 2671 4041 apostolis
2703 3971 2854 4025 Deus
2887 3969 3141 4040 partitus
3156 3970 3474 4040 est.Itaque
3494 3970 3669 4042 juxta

2024 4075 2369 4117 mensuram
2400 4059 2618 4130 regulae
2632 4074 2749 4128 qua
2769 4058 3025 4130 partitus
3051 4063 3140 4113 est
3167 4058 3343 4115 nobis
3373 4059 3675 4135 Deus,glo-

2023 4150 2312 4205 riabimur
2342 4153 2398 4203 et
2431 4148 2765 4218 loquemur.
2796 4148 2934 4212 Quae
2965 4154 3057 4203 est
3093 4155 3292 4205 autem
3340 4154 3442 4206 tua
3499 4165 3672 4207 men—

2025 4236 2209 4294 sura?
2243 4258 2267 4288 α
2303 4238 2498 4307 Usque
2527 4236 2600 4292 ad
2626 4252 2747 4302 vos,
2780 4258 2807 4286 »
2841 4236 3054 4307 inquit.
3088 4238 3276 4294 Etiam
3310 4238 3383 4293 ad
3441 4254 3542 4294 vos
3572 4255 3675 4294 us-

2000 4343 2140 4399 'que
2189 4326 2520 4398 pertigisse.
2577 4325 2869 4392 Quoniam
2920 4327 3100 4399 igitur
3150 4327 3224 4383 ad
3279 4344 3381 4383 vos
3439 4342 3678 4398 quoque

263 4419 635 4492 pertigimus,
669 4418 848 4475 etiam
878 4417 1004 4473 haec
1033 4416 1170 4473 data
1200 4416 1373 4471 nobis
1406 4421 1494 4471 est
1516 4417 1687 4472 aDeo
1710 4431 1993 4471 mensura
2013 4420 2080 4469 ut
2110 4415 2290 4469 etiam
2316 4429 2505 4485 usque
2537 4413 2611 4470 ad
2635 4430 2734 4470 vos
2763 4414 3124 4487 gloriemur:
3158 4431 3300 4471 nam
3321 4414 3680 4472 acommuni

263 4525 445 4565 sensu
476 4508 1046 4577 resumendumfest,
1085 4528 1113 4556 ι(
1146 4505 1563 4574 Gloriabimur,
1599 4526 1627 4555 ››
1662 4505 1782 4561 sive
1814 4527 1841 4552 α
1873 4504 2225 4560 Gloriemur.
2260 4524 2288 4554 »

334 4596 411 4653 Οὔ
474 4595 579 4671 γὰρ
646 4595 721 4659 ὡς
790 4596 865 4667 μὴ
949 4592 1329 4671 ἐφικνούμενοι
1399 4591 1476 4653 εἰς
1542 4592 1683 4663 ὑμᾶς
1753 4593 1908 4667 ὑπερ·

2091 4594 2355 4657 XJ4-18.
2379 4616 2399 4642 α
2419 4595 2544 4649 Νοη
2575 4593 2910 4665 enimquasi
2929 4610 3048 4648 non
3067 4594 3473 4667 pertingentes
3488 4608 3678 4664 usque

263 4684 573 4758 εκτείνομεν
637 4684 884 4746 ἑαυτούς.
954 4685 1127 4758 ’Ἄχρι
1195 4682 1302 4757 γὰρ
1371 4683 1461 4737 καὶ
1529 4682 1683 4755 ὑμῶν
1748 4681 1906 4762 ἐφθά-

264 4793 431 4846 σαμεν
499 4772 550 4827 ἰν
616 4778 696 4846 τῷ
760 4772 1083 4847 Εὖαγγελίῳ
1148 4776 1244 4828 τοῦ
1309 4775 1567 4845 Χριστοῦ.
1637 4774 1753 4831 Οὐκ
1844 4773 1920 4838 εἰς

265 4861 332 4915 τε
396 4859 607 4937 ἄμετρα
698 4861 1050 4937 καυχώμενοι
1143 4862 1197 4916 ὲν
1290 4861 1610 4937 ἀλλοτρίοις
1701 4862 1917 4926 κόποις·

268 4945 467 5003 ἐλπίδα
542 4948 599 5004 δὶ
693 4947 915 5028 ἔχοντες
1018 4951 1387 5023 αὐξανομὲνης
1486 4955 1586 5020 τῆς
1687 4954 1926 5019 πίστεως

272 5034 424 5106 ὑμῶν
501 5033 552 5089 ἐν
631 5036 760 5108 ὑμῖν
841 5035 1264 5111 μεγαλυνθῆναι,
1339 5039 1478 5093 κατα
1549 5038 1641 5093 τὸν
1726 5041 1925 5094 κανόνα

244 5124 431 5194 ’ἡμῶν
509 5123 587 5186 είς
662 5127 994 5200 περισσείαν,
1074 5126 1151 5189 εἰς
1221 5127 1288 5181 τα
1364 5123 1677 5198 ὑπερέκεινα
1773 5129 1924 5200 ὑμῶν

270 5210 752 5290 εὐαγγελίσασθαι,
815 5213 915 5271 οὐκ
994 5214 1047 5271 ἐν
1096 5214 1381 5291 ἀλλοτρίῳ
1438 5218 1648 5284 κανόνι,
1717 5217 1794 5278 εἰς
1857 5219 1926 5273 τὰ

266 5296 465 5373 ἕτοιμα
521 5305 931 5378 καυχήσασθαι.
992 5304 1054 5361 Ὀ
1099 5301 1157 5358 δὲ
1212 5303 1575 5383 καυχώμενος
1624 5303 1677 5360 ἐν
1738 5305 1924 5380 Κυρίῳ

267 5389 587 5464 καυχάσθω.
668 5390 744 5448 Οὔ
818 5391 920 5465 γὰρ
994 5392 1022 5445 ὁ
1099 5391 1283 5447 ἱαυτὸν
1360 5398 1646 5461 συνιστῶν,
1720 5392 1925 5457 ἐκεῖνός

252 5477 384 5551 ,δστι
415 5474 667 5555 δόκιμος,
698 5476 826 5535 ἀλλ’
856 5474 918 5534 ὃν
948 5480 977 5535 ό
1009 5477 1208 5555 Κύριος
1240 5481 1565 5553 συνίστησιν.

2028 4704 2055 4730 ‹‹
2071 4681 2144 4737 ad
2158 4680 2659 4741 vos.extendimus
2676 4697 2781 4736 nos
2797 4680 2957 4752 ipsos
2970 4697 3148 4752 supra
3161 4681 3576 4736 modum.Nam
3592 4697 3685 4736 us-

2035 4791 2063 4819 ιι
2078 4786 2192 4839 que
2212 4767 2285 4823 ad
2301 4785 2398 4823 vos
2411 4785 2647 4840 quoque
2662 4768 3039 4840 pervenimus
3053 4769 3113 4823 in
3127 4768 3684 4841 Evangelioc‘hristi,

2032 4858 2274 4913 «nonin
2290 4858 2382 4913 his
2396 4875 2525 4928 quae
2544 4874 2721 4929 supra
2736 4873 3077 4913 mensuram
3097 4857 3568 4930 suntgloriantes
3582 4874 3677 4913 suo

2038 4970 2058 4996 ι
2081 4964 2187 5019 per
2202 4946 2409 5001 alienis
2432 4945 2769 5001 laboribus:
2796 4953 3103 5017 sperantes
3116 4953 3312 5002 autem
3329 4947 3591 5002 futurum
3616 4950 3684 5004 ut

2034 5059 2063 5086 ιι
2079 5037 2219 5091 dum
2250 5035 2499 5091 creverit
2531 5034 2676 5089 fides
2698 5042 2907 5099 vestra,
2942 5036 3004 5090 in
3041 5035 3206 5091 vobis
3234 5037 3686 5110 magniﬁcemur

2038 5150 2059 5176 ιι
2087 5126 2261 5196 juxta
2301 5124 2562 5196 regulam
2597 5130 2863 5180 nostram
2896 5126 2956 5180 in
2986 5126 3457 5195 exuberantiam,
3490 5134 3555 5182 ut
3609 5127 3684 5182 iis

2034 5238 2062 5266 ιι
2100 5230 2336 5286 quoque
2353 5213 2695 5285 regionibus
2722 5231 2847 5285 quae
2867 5215 3023 5269 ultra
3040 5233 3136 5271 vos
3150 5223 3290 5272 sunt
3304 5215 3685 5289 Evangelium

2038 5325 2066 5355 «
2091 5304 2665 5366 annuntiemus.non
2688 5304 2747 5359 in
2770 5304 2968 5360 aliena
2982 5305 3203 5379 regula,
3232 5313 3298 5361 ut
3327 5306 3398 5362 de
3431 5306 3525 5361 his
3557 5322 3688 5375 quas

2037 5414 2067 5443 «
2089 5397 2296 5464 parata
2312 5399 2451 5448 sunt
2465 5392 2917 5464 gloriemur:sed
2936 5395 3034 5466 qui
3050 5394 3423 5467 gloriatur,in
3443 5395 3693 5449 Domino

2011 5505 2068 5543 .«
2092 5482 2398 5556 glorietur.
2427 5483 2558 5540 Non
2580 5483 2741 5541 enim
2763 5483 2863 5555 qui
2882 5484 3145 5557 seipsum
3172 5483 3569 5549 commendat,
3584 5483 3687 5542 illo

2035 5593 2065 5622 ιι
2088 5571 2374 5646 probatus
2405 5571 2625 5642 est,sed
2655 5571 2705 5630 is
2739 5590 2918 5645 quem
2938 5573 3227 5632 Dominus
3258 5570 3695 5633 commendat.»
