4106 6196
571 266 724 365 1039

1671 302 1855 363 (ΕΟΠ
1870 299 2093 360 MENlI
2139 299 2447 359 TRICCAE
2498 299 2868 362 EPISCOPI.

3810 308 3936 402 1040

633 440 834 510 Neque
890 439 1049 495 enim
1106 439 1324 511 poterit
1382 438 1679 510 quispiam
1729 436 1946 503 dicere,
1993 433 2188 504 inquit

2399 431 2473 486 Οὐ
2506 431 2609 510 γὰρ
2642 431 2702 487 ἂν
2747 430 2889 488 εἷ’ποι
2948 453 3057 504 τις,
3115 434 3301 512 φησὶν,
3367 433 3455 490 ὅτι
3515 435 3590 508 μὴ
3651 435 3939 529 ἀφικόμενοι,

568 527 895 598 quod,cum
919 543 1035 580 non
1061 528 1478 600 pertigerimus
1508 527 1626 582 sive
1660 542 1780 582 non
1811 523 2220 596 perlingamus

564 631 750 684 usque
782 615 855 668 ad
888 631 1006 673 vos.
1032 617 1418 672 extendimus
1458 634 1566 672 nos
1596 615 1776 687 ipsos.
1811 614 2079 668 dicentes
2109 629 2219 667 nos

562 703 872 775 perligisse
891 704 965 758 ad
996 722 1117 771 vos,
1152 706 1369 761 frustra
1398 721 1734 761 sermonem
1759 703 2068 774 jactando.
2117 704 2220 757 Re-

561 808 698 848 vera
730 793 889 848 enim
923 812 1110 865 usque
1133 797 1206 850 ad
1240 814 1338 851 vos
1370 793 2103 868 pertigimus.Pertigimus
2121 808 2219 846 au-

563 887 678 937 tem
713 883 775 937 in
806 885 1116 955 Evangelio
1149 886 1362 939 Christi
1400 902 1412 939 :
1449 887 1558 940 hoc
1607 891 1714 944 est.
1762 899 1879 938 non
1914 888 2216 953 utcunque

559 972 934 1045 pertigimus.
969 975 1072 1029 sed
1109 977 1534 1031 annuntiantes
1593 973 1755 1029 vobis
1813 973 2212 1045 Evangelium.

557 1082 584 1109 «
621 1063 794 1126 Quasi
829 1080 950 1117 non
979 1065 1399 1136 per-tingentes.
1436 1089 1463 1114 ››
1495 1065 1558 1120 ld
1588 1071 1698 1130 est,
1760 1080 1880 1118 non
1938 1069 2214 1134 potentes

557 1149 631 1204 ad
665 1167 762 1206 vos
793 1168 980 1223 usque
1015 1154 1374 1225 pertingere,
1426 1160 1528 1208 aut
1560 1153 1890 1224 pertigisse.
1928 1173 1955 1202 ιι
1987 1153 2212 1206 Exten-

556 1240 754 1298 dimus
785 1261 892 1298 nos
923 1246 1104 1315 ipsos,
1138 1252 1417 1317 tanquam
1451 1246 1604 1300 fastu
1653 1245 1984 1300 verborum.
2014 1268 2040 1294 «
2102 1246 2214 1300 Per

556 1333 937 1404 Evangelium
971 1334 1205 1390 Christi.
1242 1359 1269 1383 ››
1302 1336 1450 1390 Nam
1486 1334 1804 1390 verisimile
1839 1341 1964 1390 erat
1992 1332 2208 1405 pseud-

555 1421 856 1492 apostolos
893 1423 1070 1478 etiam
1103 1441 1224 1478 non
1284 1423 1683 1495 praedicando,
1719 1423 1792 1479 ad
1823 1423 2024 1495 aliqua
2079 1423 2211 1478 loca

553 1510 897 1579 accessisse,
933 1517 989 1565 et
1019 1512 1176 1582 quod
1210 1512 1283 1567 ob
1342 1514 1400 1567 id
1458 1512 1881 1584 gloriarentur.
1928 1535 1953 1561 «
1991 1513 2116 1568 Non
2147 1512 2209 1567 in

553 1598 645 1652 his
678 1615 809 1669 quae
837 1618 1016 1672 supra
1038 1618 1379 1658 mensuram
1406 1610 1544 1658 sunt
1573 1603 1916 1676 gloriantes.
1951 1624 1978 1652 »
2001 1604 2068 1657 In
2092 1603 2206 1664 his.

552 1687 767 1757 inquit,
801 1691 952 1744 679
991 1707 1121 1760 quae
1154 1698 1419 1746 nostram
1457 1692 1750 1748 excedunt
1776 1708 2118 1747 mensuram
2151 1694 2209 1746 et

2325 517 2497 594 ἤγουν
2561 523 2638 594 μή
2702 521 3094 600 ἀφικνούμενοι
3154 522 3229 586 εἰς
3284 524 3455 596 ὑμᾶς,
3545 517 3936 601 ὑπερεκτείνομεν

2325 609 2569 677 ἑαυτοὺς,
2614 609 2862 687 λέγοντες
2897 611 3178 692 ἐφθακέναι
3211 612 3286 674 εἷς
3320 613 3495 686 ὑμᾶς,
3529 613 3646 683 εἰκῆ
3703 621 3774 690 τῷ
3820 617 3936 698 λόγῳ

2322 699 2720 772 κομπάζοντες.
2756 704 2850 772 Τῷ
2879 699 2993 756 ὄντι
3052 703 3177 777 γὰρ,
3239 701 3407 777 ἄχρις
3453 705 3606 774 ὑμῶν
3658 703 3933 781 Esaiam»-

2325 787 2661 864 Ἰίφθάσαμεν
2697 786 2776 858 δὲ,
2809 789 2863 844 ἐν
2895 794 2973 863 τῷ
3005 788 3330 865 Εὐαγγελίῳ
3359 795 3463 846 τοῦ
3500 797 3761 865 Χριστοῦ.
3800 797 3935 852 Tua...

2322 878 2482 948 ἐστιν,
2519 880 2627 958 οὐχ
2658 879 2848 942 ἁπλῶς
2878 883 3324 957 παραγενόμενοι.
3373 880 3528 937 ἀλλᾶ
3584 884 3936 961 καταγγέλλω.

2319 989 2405 1030 τες
2443 970 2569 1040 ὑμῖν
2604 971 2666 1024 τὸ
2700 971 3052 1045 Εὐαγγέλιον.
3093 999 3112 1020 σ
3149 971 3237 1034 ’δὶς
3285 973 3360 1044 μὴ
3395 971 3791 1052 ἐφικνούμενοι,
3823 1003 3839 1025 ι
3871 980 3932 1046 Mi,

2325 1055 2632 1133 ἰσχύοντες,
2666 1061 2822 1132 φησὶ,
2855 1062 2942 1115 καὶ
2981 1063 3140 1136 ἄχρις
3175 1062 3324 1133 ὑμὼν
3360 1062 3670 1136 ἐφικέσθαι,
3700 1063 3732 1132 ἧ
3762 1067 3932 1140 υθᾶσαι.

2321 1171 2347 1199 ‹‹
2393 1148 2865 1222 Ὑπερεκτείνομεν
2924 1151 3170 1221 ἑαυτοὺς,
3207 1176 3233 1202 ››
3293 1151 3435 1220 οἷον,
3499 1156 3578 1222 τῷ
3628 1152 3810 1227 κόμπῳ
3855 1160 3931 1210 τῶν

2318 1233 2524 1311 λόγων.
2555 1263 2582 1290 ιι
2620 1238 2708 1296 Ἑν
2736 1244 2813 1310 τῷ
2847 1237 3166 1316 Εὑαγγελίῳ
3196 1245 3292 1296 τοῦ
3321 1242 3592 1316 Χριστοῦ.
3629 1269 3656 1294 ››
3694 1242 3834 1306 Εἰκὸς
3856 1245 3930 1318 γᾶρ

2315 1325 2382 1395 ἦν
2432 1327 2562 1389 τοὺς
2635 1325 3139 1402 ψευδαποστὸλους,
3198 1331 3289 1386 καὶ
3348 1329 3480 1386 ἄνευ
3542 1335 3640 1386 τοῦ
3695 1333 3927 1406 κηρύσσειν

2314 1420 2764 1492 παραγενομένου
2824 1440 2952 1490 που,
3011 1420 3102 1476 καὶ
3165 1420 3295 1497 ὑπὲρ
3383 1422 3593 1476 τούτου
3651 1427 3928 1501 καυχᾶσθαι,

2314 1532 2340 1558 α
2377 1506 2492 1564 Οὐκ
2522 1507 2597 1570 εἰς
2631 1506 2836 1584 ἄμετρα
2866 1509 3236 1585 καυχώμενοι.
3272 1535 3299 1564 »
3354 1511 3439 1566 Τὰ
3497 1513 3562 1566 τὸ
3616 1509 3813 1584 μέτρον,
3850 1534 3926 1589 στη-

2315 1595 2420 1666 σῖν,
2453 1598 2633 1668 ἡμῶν,
2665 1598 2755 1653 καὶ
2787 1598 2884 1666 τὴν
2946 1596 3176 1672 δύναμιν
3242 1596 3648 1675 ὑπερϐαίνοντα
3704 1601 3749 1655 ἐν
3797 1599 3924 1656 ἁλλο-

2311 1686 2486 1760 τρίοις
2520 1685 2732 1750 κόποις.
2768 1687 2936 1751 Εἰκὸς
2969 1690 3070 1766 γὰρ
3102 1690 3229 1752 τοὺς
3253 1689 3759 1765 ψευδαποστόλους,
3781 1690 3922 1745 ἄλλων

552 1780 968 1850 potentiam,ct
999 1782 1059 1835 in
1091 1781 1301 1837 alienis
1339 1781 2007 1838 laboribus.Verisimile
2039 1781 2192 1837 enim

2311 1797 2419 1831 που
2478 1777 2846 1853 κηρυξάντων,
2907 1779 3103 1842 αὐτοὺς
3189 1778 3542 1854 ἐπιδημῆσαι
3626 1779 3813 1855 ψιλῶς,
3859 1779 3924 1834 καὶ

553 1874 640 1923 est
671 1870 827 1939 quod
859 1871 1300 1943 pseudapostoli
1335 1889 1468 1927 cum
1499 1873 1599 1928 alii
1639 1873 2064 1943 praadicassent
2093 1871 2199 1926 ali-

551 1961 706 2022 cubi,
727 1959 837 2030 ipsi
870 1960 1078 2015 leviter
1109 1961 1471 2015 accedebant
1498 1967 1555 2015 et
1611 1961 1873 2032 sibiipsis
1913 1959 2200 2032 praadica-

552 2051 772 2104 tionem
799 2050 1192 2106 ascribebant.
1217 2051 1332 2104 Nos
1371 2057 1568 2106 autem
1602 2068 1720 2106 non
1754 2067 1932 2123 super
1963 2051 2198 2120 alienis,

549 2139 764 2210 inquit,
802 2139 1130 2195 laboribus.
1165 2163 1191 2189 ‹‹
1255 2140 1572 2210 Sperantes
1603 2146 1824 2198 autem.
1860 2163 1888 2189 »
1917 2140 2073 2195 Nihil
2104 2157 2200 2195 as-

547 2230 709 2294 serit,
744 2229 846 2283 sed
881 2245 1211 2300 speramus,
1245 2230 1468 2300 inquit,
1525 2231 1586 2284 in
1619 2231 1757 2285 Deo.
1815 2232 1882 2286 In
1935 2247 2003 2286 eo
2037 2231 2196 2285 enim

544 2317 702 2388 quod
733 2319 946 2373 crescit
974 2319 1119 2374 ﬁdes
1159 2318 1611 2390 discipulorum,
1647 2325 2042 2391 praeceptores
2068 2320 2198 2374 lau-

543 2406 776 2462 dantur.
811 2409 930 2462 Hoc
960 2409 1158 2478 itaque
1193 2408 1252 2462 in
1285 2408 1395 2462 hoc
1428 2409 1699 2464 consistit
1719 2414 1785 2463 ut
1811 2407 2197 2464 crescatﬁdes

543 2503 755 2552 vestra.
788 2521 806 2545 -
842 2498 904 2552 In
929 2497 1092 2552 vobis
1125 2498 1595 2569 magniﬁcemur.
1650 2520 1677 2547 »
1733 2498 2071 2570 Speramus,
2106 2498 2195 2552 in-

544 2587 690 2656 quit,
726 2587 883 2657 quod
916 2587 1080 2642 vobis
1129 2587 1199 2642 ad
1261 2587 1436 2642 fidem
1469 2587 1896 2654 crescentibus,
1939 2588 2000 2642 in
2034 2586 2196 2642 vobis

543 2677 738 2749 magni
774 2677 1178 2732 ostendemur.
1213 2700 1239 2726 «
1302 2679 1475 2731 Juxta
1524 2677 1785 2748 regulam
1838 2684 2100 2732 nostram
2133 2677 2196 2731 in

543 2766 1014 2820 exuberantiam.
1072 2788 1098 2815 ››
1149 2766 1266 2820 Hoc
1298 2773 1407 2832 est,
1433 2766 1588 2836 quod
1623 2767 1684 2820 in
1723 2765 1886 2820 vobis
1912 2765 2198 2838 gloriabi-

542 2871 676 2909 mur
708 2857 840 2926 plus
872 2873 1050 2926 quam
1083 2872 1280 2922 nunc;
1316 2873 1454 2911 nam
1487 2857 1544 2912 id
1580 2862 1688 2925 est,
1723 2880 1749 2906 ‹‹
1790 2856 2198 2912 lnexuberan-

539 2945 702 3000 tiam.
738 2967 766 2995 »
798 2947 970 3000 Juxta
1001 2947 1265 3018 regulam
1294 2953 1579 3015 nostram,
1615 2948 1673 3001 id
1705 2948 2003 3018 est,juxta
2035 2962 2197 3001 men-

541 3050 740 3089 suram
773 3042 1064 3104 nostram,
1098 3053 1228 3105 qua:
1261 3035 1434 3090 nobis
1459 3053 1492 3090 a
1522 3037 1640 3092 Deo
1672 3036 1898 3092 credita
1923 3037 2194 3092 est.Bene

538 3135 736 3183 autem
768 3129 1032 3201 regulam
1067 3136 1123 3183 et
1157 3146 1496 3184 mensuram
1548 3137 1739 3195 vocat,
1774 3137 2059 3201 tanquam
2119 3129 2191 3185 ad

532 3218 968 3287 possessionem
1004 3225 1059 3274 et
1092 3218 1498 3274 hazreditatem
1522 3219 1680 3273 orbis
1700 3220 1826 3290 ipse
1850 3219 2186 3276 accesserit.

533 3332 559 3358 ‹‹
598 3309 666 3363 Ut
705 3308 777 3363 iis
800 3325 1036 3379 quoque
1093 3309 1215 3380 regi
1245 3309 1432 3363 nibus
1467 3326 1599 3379 quae
1661 3309 1818 3365 ultra
1842 3327 1943 3364 vos
1972 3315 2130 3365 sunt.
2161 3330 2189 3359 »

534 3399 602 3452 Et
631 3398 713 3454 ita
743 3398 804 3453 in
835 3399 1018 3468 vobis,
1053 3398 1268 3469 inquit,
1302 3399 1772 3470 magniﬁcemur,
1821 3405 1886 3454 ut
1918 3399 2097 3455 etiam
2128 3399 2190 3454 in

535 3489 876 3560 regionibus
908 3506 1038 3560 quae
1071 3489 1228 3543 ultra
1248 3505 1347 3541 vos
1379 3495 1518 3542 sunt
1539 3489 1916 3560 Evangelium
1947 3507 2189 3545 annun-

538 3579 753 3634 tiemus
784 3595 850 3634 ac
882 3580 1203 3634 doceamus
1239 3576 1432 3646 :quod
1466 3592 1607 3630 sane
1639 3577 1812 3631 etiam
1837 3577 1994 3633 fecit.
2031 3580 2188 3633 «Non

539 3671 600 3724 in
631 3671 828 3725 aliena
860 3669 1080 3740 regula.
1117 3690 1144 3716 ››
1178 3669 1245 3720 Ει
1287 3683 1406 3720 non
1437 3666 1936 3736 quemadmodum
1966 3669 2186 3739 pseud-

541 3760 795 3831 apostoli
827 3758 1069 3823 faciunt,
1131 3757 1346 3826 inquit,
1379 3755 1752 3828 gloriandum
1805 3757 1974 3812 nobis
2005 3764 2094 3814 est
2124 3760 2186 3814 in

539 3849 738 3903 aliena
767 3845 970 3917 regula
1001 3851 1059 3900 et
1083 3852 1271 3917 parte,
1305 3853 1363 3900 et
1388 3845 1485 3900 ubi
1517 3845 1669 3901 alius
1709 3845 2013 3902 laboravit.
2039 3849 2185 3904 Nam

538 3938 652 3990 hoc
681 3933 954 4003 est,quod
983 3935 1102 3990 ait:
1140 3957 1152 3983 ‹
1181 3935 1260 3988 De
1293 3934 1384 3988 his
1415 3951 1545 4005 quae
1577 3939 1780 4005 parata
1810 3941 1967 3990 sunt.
2004 3959 2030 3985 »
2056 3936 2184 4006 Ubi,

537 4021 753 4092 inquit,
804 4024 1032 4094 jactum
1088 4029 1214 4079 erat
1272 4023 1555 4078 doctrinze
1606 4040 1830 4079 semen.
1867 4025 2041 4080 «Sed
2083 4027 2185 4097 qui

517 4112 818 4185 gloriatur
848 4114 908 4169 in
938 4115 1188 4170 Domino
1219 4113 1523 4185 glorietur.
1563 4137 1586 4162 η
1618 4117 1821 4186 Itaque
1852 4117 2184 4188 illi,inquit,

533 4204 592 4258 in
609 4219 818 4258 vanum
832 4205 1178 4275 gloriantur:
1207 4221 1314 4259 nos
1327 4220 1460 4258 vero
1483 4204 1622 4260 licet
1639 4205 1761 4261 haec
1776 4208 1999 4277 operati
2016 4207 2185 4263 simus

531 4294 708 4350 etiam
730 4311 918 4366 usque
951 4295 1021 4350 ad
1057 4312 1174 4363 vos,
1208 4301 1262 4349 et
1293 4295 1486 4350 adhuc
1535 4295 1595 4350 in
1646 4303 1950 4367 posterum
1981 4314 2185 4370 opera-

527 4385 642 4438 turi
671 4385 1006 4452 simus,non
1059 4385 1116 4438 in
1160 4383 1331 4438 nobis
1376 4385 1518 4455 ipsis
1570 4387 1917 4456 gloriamur,
1971 4388 2075 4443 sed
2118 4388 2181 4444 in

530 4474 666 4528 Deo.
703 4476 842 4529 Nam
878 4475 978 4545 qui
1009 4474 1315 4546 gloriatur,
1351 4473 1564 4544 inquit,
1617 4475 1789 4530 debet
1818 4477 1877 4530 in
1930 4477 2181 4533 Domino

2312 1866 2522 1930 ἑαυτοῖς
2583 1866 2897 1944 ἐπιγράφειν
2948 1870 3010 1924 τὸ
3079 1872 3357 1947 κήρυγμα.
3421 1871 3618 1942 Ἱῐμεῖς
3677 1866 3730 1924 δὲ
3781 1869 3919 1948 φησὶν,

2311 1957 2408 2010 οὑκ
2438 1954 2520 2010 ἐπ’
2552 1955 2872 2033 ἀλλοτρίοις
2902 1959 3117 2019 κόποιςυ
3184 1983 3210 2013 ι
3251 1957 3490 2016 Ἐλπίδα
3552 1956 3608 2014 δέ
3662 1958 3869 2033 ’ἔχοντες
3896 1983 3916 2009 ιι

2309 2041 2478 2100 Οὐδὲν
2506 2045 2881 2120 ἀποφαίνεται,
2934 2046 3058 2102 ἀλλ’
3122 2045 3444 2120 ἐλπίζομεν,
3504 2048 3686 2128 φησῗν,
3741 2045 3815 2101 ἐπὶ
3862 2050 3916 2117 τῷ

2309 2138 2444 2205 Θεῷ.
2480 2135 2621 2210 Πρὸς
2655 2137 2684 2190 6'
2713 2137 2816 2212 γὰρ
2848 2139 2882 2205 ἡ
2935 2137 3115 2199 πίστις
3173 2135 3460 2193 ἐπιδίδωσι
3521 2142 3629 2193 τῶν
3683 2139 3914 2210 μαθητῶν,

2310 2226 2362 2280 οἱ
2397 2223 2718 2282 διδάσκαλοι
2753 2225 3122 2300 εὐδοκιμοῦσι.
3158 2233 3334 2286 Τοῦτο
3395 2230 3501 2305 γάρ
3557 2227 3695 2283 ἐστιν
3739 2228 3915 2296 αὐξανοο

2315 2317 2482 2389 μένης
2509 2321 2608 2382 τῆς
2638 2317 2876 2381 πίστεως
2911 2318 3082 2392 ὑμῶν.
3112 2343 3139 2373 ››
3183 2321 3270 2376 Ἐν
3308 2320 3439 2393 ὑμῖν
3477 2319 3912 2394 μεγαλυνθῆναι.»

2309 2403 2662 2480 Ἐλπίζομεν,
2693 2408 2876 2485 φησὶν,
2926 2413 3080 2481 υμῶν
3139 2405 3500 2464 ἐπιδιδόντων
3552 2408 3685 2483 πρὸς
3729 2409 3814 2475 τὴν
3852 2401 3916 2456 πί-

2310 2515 2443 2563 στιν,
2476 2493 2528 2549 ἐν
2563 2501 2692 2568 υμῖν
2723 2496 2961 2571 μεγάλοι
2995 2495 3301 2574 δειχθῆναι.
3360 2523 3389 2550 ιι
3441 2498 3588 2555 Κατὰ
3634 2495 3720 2550 τόν
3765 2493 3911 2548 κανόνα

2307 2587 2468 2656 ἡμῶν
2499 2585 2575 2647 εἰς
2606 2588 2934 2662 περισσείαν,
2969 2613 2997 2640 »ι
3039 2590 3336 2653 τουτέστιν,
3411 2589 3464 2644 ἐν
3531 2589 3654 2661 ὑμῖν
3707 2583 3914 2660 μεγαλυν-

2308 2681 2466 2743 Θῆναι
2507 2674 2671 2730 πλέον
2706 2677 2740 2745 ἢ
2776 2682 2888 2734 νῦν.
2921 2679 3096 2734 Τοῦτο
3129 2678 3232 2754 γὰρ
3264 2679 3349 2748 τὸ,
3382 2704 3412 2731 ‹‹
3447 2679 3540 2738 Εἰς
3581 2674 3866 2751 περισσείαν,
3891 2696 3908 2722 η

2305 2763 2443 2818 κατὰ
2471 2765 2564 2818 τὸν
2623 2766 2819 2821 κανόνα
2877 2769 3056 2840 tuam,
3117 2771 3388 2836 τουτέστι,
3449 2768 3588 2823 κατᾶ
3642 2767 3698 2820 τὸ
3760 2765 3907 2834 μέτρον

2307 2854 2491 2925 ἡμῶν,
2527 2855 2554 2907 ὅ
2584 2851 2978 2928 ἐπιστεύθημεν
3009 2856 3154 2931 παρὰ
3206 2861 3360 2912 θεοῦ.
3416 2854 3619 2916 Καλῶς
3667 2853 3718 2907 δὲ
3757 2850 3904 2904 κανόνα

2304 2942 2394 2996 καὶ
2431 2942 2625 3017 μέτρον
2675 2942 2854 3015 καλεῖ,
2903 2945 2977 3008 ὡς
3037 2945 3124 3000 ἐπὶ
3182 2953 3373 3015 κτῆσιν
3437 2947 3527 3000 καὶ
3585 2937 3900 3016 κληρονομίαν

2301 3038 2404 3100 τῆς
2435 3032 2762 3106 οἶκουμένης
2794 3033 3076 3099 εἶσελθών.
3105 3059 3132 3086 ι(
3153 3035 3245 3099 Εἰς
3273 3035 3338 3090 τὰ
3371 3036 3684 3111 ὑπερέκεινα
3715 3032 3852 3102 ὑμῶν.
3875 3049 3896 3076 n

2307 3123 2402 3176 Καὶ
2435 3122 2608 3186 οὕτως
2663 3122 3064 3198 μεγαλυνθῆναι
3107 3123 3162 3180 ἐν
3223 3131 3375 3199 υμῖν,
3429 3124 3566 3180 ὥστε
3622 3123 3702 3178 καὶ
3747 3119 3807 3176 εἷς
3851 3114 3894 3167 ti

2306 3215 2617 3292 ὑπερέκεινα
2701 3213 3147 3290 εὐαγγελίσασθαι
3209 3218 3295 3271 καὶ
3359 3215 3596 3288 διδάξαι,
3653 3213 3681 3266 6'
3730 3207 3783 3276 δὴ
3829 3204 3892 3258 ναὶ

2300 3303 2633 3375 ἐποίησεν.α
2694 3305 2809 3362 Οὐκ
2875 3304 2926 3359 ἐν
2986 3303 3273 3380 ἀλλοτρίῳ
3331 3307 3538 3362 κανόιι.
3596 3331 3623 3356 υ
3679 3300 3768 3357 Καὶ
3813 3296 3892 3370 οὐχ

2300 3396 2502 3469 ὥσπερ,
2536 3395 2722 3472 φησὶν,
2765 3396 2816 3449 οἳ
2849 3392 3286 3469 ψευδαπόστολοι
3316 3392 3550 3480 ’.ἔχομεν
3579 3386 3890 3464 καυχήσασθαι

2298 3484 2349 3539 ἐν
2383 3482 2661 3558 ἀλλοτρίῳ
2689 3488 2870 3539 κανόνι
2922 3483 3009 3539 καὶ
3065 3483 3240 3559 μέρει,
3288 3472 3378 3539 καὶ
3433 3484 3557 3548 ἔνθα
3605 3478 3758 3536 ἀλλος
3804 3472 3890 3527 ἐχο-

2297 3577 2472 3632 πίασε.
2508 3579 2686 3632 Τοῦτο
2717 3576 2820 3651 γὰρ
2847 3575 2932 3642 τὸ,
2968 3598 2992 3630 ιι
3024 3576 3123 3637 Εἰς
3155 3575 3220 3630 τὰ
3249 3572 3468 3650 ἕτοιμα,
3503 3599 3531 3627 ››
3571 3573 3742 3634 Ἔνθα,
3776 3560 3886 3642 φησί»

2297 3662 2817 3740 προκαταϐέϐληται
2850 3666 3066 3740 σπέρμα
3111 3663 3486 3729 διδασκαλίας.
3543 3690 3570 3717 ι(
3603 3664 3660 3721 ὐ
3705 3658 3751 3714 δὲ
3788 3675 3884 3710 mc

2305 3757 2563 3832 χώμενος
2597 3755 2648 3810 ἐν
2722 3754 2904 3830 Κυρίῳ
2962 3757 3341 3830 καυχάσθω.»
3403 3758 3631 3812 Ἐκεῖνοι
3679 3750 3760 3824 μὲν
3805 3743 3882 3812 οὖν)

2300 3847 2486 3924 φησὶν,
2515 3846 2631 3914 εἰκῆ
2665 3849 3000 3920 καυχῶνπαι,
3033 3847 3226 3916 ζὴμεῖς
3277 3842 3333 3899 δέ
3381 3845 3474 3900 καὶ
3520 3847 3677 3900 ταῦτα
3724 3850 3879 3904 κατωρο

2298 3923 2533 4001 θωκότες
2564 3936 2626 3989 τὸ
2655 3934 2791 4013 ἄχρι
2835 3933 2922 3989 καὶ
2990 3935 3168 4007 ὑμῶν,
3225 3933 3315 3989 καὶ
3377 3935 3597 4010 προσέτι
3646 3923 3878 3997 κατορθοῦν

2299 4023 2620 4100 μέλλοντες,
2660 4011 2731 4079 οὖή
2779 4024 3119 4103 καυχώμεθα
3163 4021 3214 4077 ἐν
3276 4023 3516 4095 ἑαυτοῖς,
3573 4017 3688 4077 ἀλλ’
3739 4015 3781 4070 ἐν

2295 4098 2431 4189 Θεῷ.
2465 4117 2525 4174 Ὀ
2556 4115 2661 4190 γὰρ
2721 4098 3104 4192 καυχώμενος,
3156 4114 3343 4192 φησὶν,
3404 4114 3608 4194 ὀφείλει
3648 4110 3694 4166 ἐν
3744 4098 3875 4174 Κυρίῳ

2292 4211 2618 4281 καυχᾶσθαι.
2671 4207 2765 4260 Καὶ
2818 4206 2922 4281 γὰρ
2978 4205 3068 4260 καὶ
3128 4205 3263 4260 αὐτὸ
3295 4206 3322 4260 δ
3357 4203 3651 4283 ἐφθάσαμεν
3707 4195 3870 4283 μὲτξονν

2294 4296 2344 4352 ἓν
2379 4300 2512 4352 Θεοῦ
2541 4294 2770 4371 ἔχομεν.
2809 4321 2834 4346 ‹‹
2866 4295 2942 4351 Οὐ
2974 4297 3077 4369 γὰρ
3111 4294 3137 4348 6
3175 4295 3360 4350 ἐαυτον
3395 4297 3666 4350 συνιστῶν.
3698 4309 3732 4371 »ι
3760 4277 3872 4371 Τίνες

2293 4383 2349 4442 δὲ
2380 4386 2430 4440 οἱ
2462 4383 2686 4445 ἑαυτοὺς
2718 4388 3069 4444 συνιστῶντες
3096 4405 3110 4452 ;
3146 4385 3212 4440 Οἱ
3260 4380 3680 4457 ψευδαπόστολοι
3719 4368 3868 4466 δῆλος

2292 4477 2395 4532 ότι.
2430 4475 2592 4536 Τίνας
2647 4470 2705 4528 δὲ
2739 4473 2766 4526 6
2799 4473 2999 4548 Κύριος
3047 4475 3366 4543 συνίσττ,σι;
3414 4474 3554 4535 Τοὺς
3601 4462 3722 4541 ἀμφὶ
3764 4462 3870 4548 [las-

525 4563 764 4633 gloriari
795 4545 1100 4634 Siquidem
1126 4579 1256 4617 eam
1282 4579 1518 4632 quoque
1550 4579 1894 4619 mensuram
1919 4582 2035 4636 qua
2052 4584 2180 4638 per-

2304 4571 2386 4620 l.ov
2417 4561 2697 4630 δηλονότι.
2734 4564 2879 4617 Κατᾶ
2908 4563 2970 4617 τὸ
3005 4563 3202 4637 μέτρον
3235 4563 3361 4638 γὰρ,
3393 4562 3546 4640 φησὶ,
3568 4561 3655 4614 τοῦ
3680 4545 3865 4640 κανόνος,

527 4654 786 4726 tigimus,
821 4671 890 4708 ex
922 4654 1038 4708 Deo
1069 4668 1426 4724 accepimus.
1484 4674 1508 4703 σι
1563 4653 1687 4706 Non
1739 4654 1897 4708 enim
1947 4656 2047 4724 qui
2081 4673 2172 4711 se-

529 4743 722 4812 ipsum
757 4744 1153 4799 commendat.
1196 4767 1222 4793 ››
1268 4741 1376 4806 Qui
1423 4748 1622 4797 autem
1667 4749 1836 4796 erant
1893 4760 1953 4799 se
2014 4745 2171 4815 ipsos

3699 4641 3709 4654 ε
3804 4627 3840 4654 μὶ

2286 4655 2352 4709 οὗ
2385 4652 2632 4728 ἐμέρισεν
2665 4655 2800 4726 ἡμῖν
2835 4653 2863 4707 6
2896 4653 3046 4710 Θεὸς.
3105 4653 3166 4711 Ὁ
3219 4651 3310 4708 οὖν
3373 4654 3594 4728 μερίσας
3635 4651 3761 4712 Θεὸς,
3799 4651 3864 4686 αυ⁸

2280 4746 2373 4805 τὸς
2400 4745 2489 4800 καὶ
2523 4745 2736 4814 συνίστη
2747 4766 2850 4802 σιν,

527 4833 1062 4887 commendantes?
1114 4831 1562 4902 Pseudapostoli
1609 4831 1900 4887 videlicet.
1962 4813 2116 4898 Quos
2174 4841 2374 4892 autem
2433 4813 2813 4890 commendat
2853 4833 3204 4909 .Dominus?
3260 4833 3511 4890 Paulum
3564 4842 3703 4888 sane-
3750 4813 3854 4909 Sam

529 4942 557 4969 «
590 4921 759 4975 Juxta
787 4938 1149 4988 mensuram,
1186 4921 1400 4992 inquit,
1433 4921 1648 4993 regulae
1681 4938 1797 4993 qua
1826 4923 2079 4993 partitus
2112 4929 2202 4979 est
2238 4925 2411 4981 nobis
2449 4925 2621 4981 Deus.
2660 4947 2688 4974 »
2734 4907 2937 4993 Itaque
2989 4923 3143 4979 Deus
3191 4923 3292 4994 qui
3340 4926 3585 4996 partitus
3631 4918 3722 4981 est,
3761 4907 3850 4976 ῘΡ⁵⁶

519 5010 696 5066 etiam
728 5013 1125 5066 commendat.

584 5102 679 5169 Xl,
713 5103 824 5155 1-3.
849 5123 873 5152 ιι
896 5103 1130 5156 Utinam
1153 5104 1486 5158 toleraretis
1504 5119 1598 5157 me
1623 5103 1998 5175 paulisperin
2022 5107 2167 5162 insi-

511 5215 536 5241 ι(
555 5190 925 5263 pientia;imo
941 5194 1270 5248 etsuﬂ'ertis
1287 5210 1546 5249 meznam
1561 5195 1872 5266 Zelotypus
1886 5212 2016 5250 sum
2031 5213 2167 5270 erga

505 5306 532 5331 ‹‹
566 5299 664 5336 vos
694 5281 815 5335 zelo
834 5281 1214 5351 Dei.Adjunxi
1241 5284 1398 5337 enim
1414 5300 1511 5337 vos
1530 5284 1630 5338 uni
1648 5285 2162 5358 viro,utvirginem

507 5392 533 5424 ιι
557 5378 779 5426 castam
808 5370 1146 5425 exhiberem
1169 5372 1532 5439 Christo,sed
1563 5380 1762 5428 metuo
1798 5391 1870 5430 ne
1895 5392 2012 5446 qua
2038 5377 2158 5447 ﬂat,

503 5485 530 5512 ‹‹
548 5467 612 5517 ut
644 5459 1148 5533 quemadmodum
1181 5476 1427 5532 serpens
1441 5463 1614 5517 Evam
1629 5461 1862 5534 decepit
1879 5467 2156 5538 versutia,

473 5567 478 5585 τ
505 5579 532 5606 ιι
568 5571 694 5625 sua,
726 5555 808 5610 ita
829 5558 1284 5626 corrumpantur
1297 5568 1505 5608 sensus
1528 5554 1701 5606 vestri
1721 5570 1754 5606 a
1777 5554 2155 5627 simplicitate

510 5667 531 5694 ι
568 5661 697 5719 quae
731 5649 817 5703 est
845 5659 984 5718 erga
1012 5641 1334 5701 Christum.
1367 5664 1420 5698 ».

2346 5102 2580 5182 Ὣιρελον
2641 5103 2925 5182 ἀνείχεσΟὲ
3010 5125 3115 5177 μου
3203 5104 3394 5179 ⁹πικρὸν
3477 5105 3543 5176 τῇ
3618 5075 3841 5182 iw"?!

2279 5175 2456 5251 Ἀλλᾶ
2512 5193 2602 5248 καὶ
2661 5175 2914 5271 ἀνέὶεσθέ
2975 5175 3101 5265 μου.
3161 5175 3326 5264 Ζηλῶ
3411 5192 3550 5288 γὰρ⁸
3589 5175 3842 5288 vti-543::

2277 5283 2449 5356 ζήλῳ.
2512 5283 2872 5357 Ἡρμοσσὶμην
2928 5284 3032 5358 γὰρ
3096 5283 3235 5356 ὑμὰς
3299 5283 3377 5338 ἐνὶ
3459 5275 3602 5349 ἀνδρὶ
3650 5266 3841 5367 πξξθένοέ
3945 5305 3947 5367 γ

2271 5335 2440 5449 ἐγνίἷδ
2496 5335 2839 5447 παραστῆσαί
2905 5335 3277 5446 τίρ.Χρίστῷ.
3371 5367 3644 5441 Φοϐοῦμαι
3692 5351 3736 5408 δέ
3943 5419 3945 5456 Ι

2264 5487 2384 5527 πως
2411 5463 2485 5526 ὡς
2543 5465 2570 5518 ὁ
2667 5463 2790 5542 ὄφις
2846 5460 2983 5522 Εὕαν
3043 5463 3379 5534 ἐξηπάτησεν
3435 5461 3487 5518 ἐν
3541 5461 3600 5532 τῇ
3666 5447 3838 5542 πανο.υζ
3943 5469 3945 5471 ί

2265 5513 2381 5630 ᾖξ’
2414 5513 2610 5623 ξέτοε,
2669 5513 3716 5632 ga.;,."';a.gg-."gius”...2....
3759 5513 3832 5582 ικδ

2264 5653 2363 5716 τῆς
2390 5646 2704 5716 ἁπλότητος
2735 5652 2836 5716 τῆς
2865 5645 2941 5709 εἷς
2971 5646 3063 5702 τὸν
3093 5645 3347 5723 Χριστόν.

3733 5897 3742 5904 ο

3583 5939 3594 5946 .
3677 5929 3682 5932 '
3691 5935 3706 5948 υ

3813 5951 3818 5958 .

3687 5965 3690 5968 ’
3805 5975 3812 5982 ι

3669 5997 3676 6004 1
3799 5989 3802 5992 .

3577 6017 3590 6030 ρ
3659 6023 3672 6030 -

3927 6103 3931 6111 λ
