4128 6192
285 415 434 475 1041
1163 410 1580 473 COMMENT.
1629 408 1708 471 IN
1755 409 1915 469 EPIE

2075 407 2111 464 ll
2158 407 2259 464 AD
2306 404 2673 464 CORINTH.
3550 404 3705 466 1042

287 613 289 615 ι
354 546 590 613 Μέλλων
655 541 931 619 ἐμϐαίνειν
998 544 1074 607 είς
1139 544 1268 609 τοὺς
1335 545 1569 609 οἰκείους
1656 543 1908 604 ἐπαίνους

2118 540 2272 597 680
2304 540 2703 614 Aggressurus
2736 539 3007 620 proprias
3038 540 3266 608 laudes,
3332 541 3520 598 multa
3574 560 3708 601 cor-

284 638 475 713 πολλῇ
525 636 765 716 κεχηται
821 641 890 712 τῇ
952 633 1373 710 προδιορθώσει,
1413 637 1476 691 τὸ
1532 634 1789 712 φορτικὸν
1847 638 1914 688 το’

2078 631 2315 687 'ectione
2348 637 2525 687 antea
2555 648 2700 687 usus
2732 637 2840 690 est.
2876 632 3148 687 devitans
3195 649 3272 688 ne
3322 633 3587 688 odiosum
3619 637 3708 690 vi-

287 726 465 783 δοκεῖν
525 727 761 782 ἐπαινεῖν
816 728 1001 782 ἑαυτὸν
1085 725 1426 806 ἀποφεύγων.
1517 724 1609 785 Εἷς
1664 729 1827 778 τοῦτο
1887 719 1914 776 δ

2073 721 2294 777 leretur
2325 721 2482 792 quod
2533 721 2804 777 laudaret
2864 722 3145 793 seipsum.
3209 723 3288 778 Ad
3346 723 3456 777 hoc
3506 731 3703 780 autem

287 818 442 872 αὐτὸν
502 819 700 893 ἢγαγεν
734 819 767 885 ἡ
801 823 901 884 τῆς
961 812 1268 880 ὑποθέσεως
1309 815 1535 888 ἀνάγκη,
1594 812 1685 866 καὶ
1740 813 1801 868 τὸ
1854 808 1917 865 δε

2072 812 2219 866 luxit
2250 828 2384 866 eum
2417 812 2746 884 argumenti
2776 811 3122 877 necessitas,
3148 828 3281 866 cum
3306 819 3607 868 vereretur
3629 815 3702 871 ne

271 905 454 962 ’διὲναι
490 909 565 980 μὴ
600 905 676 968 είς
719 901 936 980 βλάϐην
969 909 1074 959 τῶν
1107 905 1364 978 μαθητῶν
1391 901 1636 976 γένηται,
1668 903 1730 956 τὸ
1779 900 1901 955 αὖτε

2077 919 2111 956 n
2146 902 2430 958 damnum
2464 903 2634 957 fieret
2656 901 3103 973 discipulorum,
3132 902 3177 956 si
3205 902 3329 974 ipse
3353 903 3704 973 qnidemde-

293 998 384 1069 μὲν
414 993 857 1065 ἐξευτελίζεσθαι,
917 995 1042 1056 τοὺς
1104 991 1161 1048 δὲ
1225 989 1704 1065 ψευδαποστόλους
1762 987 1923 1044 δοκεῖη

2068 998 2257 1064 spectu
2311 991 2650 1056 haberetur,
2709 991 3152 1063 pseudapostoli
3207 1009 3341 1046 vero
3392 992 3698 1063 quidpiam

287 1087 424 1142 εἷναί
501 1106 572 1141 τι.
652 1083 780 1148 Ε’ῗθε
820 1083 1096 1162 ἀνείχεσθέ
1173 1103 1300 1156 μου,
1376 1081 1561 1160 φησὶν,
1631 1080 1917 1157 ἀφροσύνη

2067 1097 2178 1136 esse
2211 1081 2568 1136 viderentur.
2631 1082 2889 1144 Utinam,
2941 1080 3154 1151 inquit,
3208 1080 3540 1136 toleraretis
3581 1098 3697 1149 me,

285 1182 515 1253 πρᾶγμα
545 1177 634 1230 καὶ
685 1173 842 1251 ἔργον
881 1179 1191 1235 ποιοῦντος.
1247 1197 1276 1224 ‹‹
1310 1171 1484 1229 Ἀλλά
1538 1171 1628 1226 καὶ
1686 1167 1915 1245 ἀνέχεσθ

2070 1188 2196 1242 »ρας
2229 1177 2287 1226 et
2317 1172 2536 1227 factum
2571 1170 2858 1241 insipiens
2890 1175 3350 1240 perpetrantem.
3409 1191 3432 1221 ι(
3468 1171 3591 1226 Imo
3643 1179 3700 1228 et

288 1286 413 1339 μου.
453 1292 478 1317 ν
515 1263 655 1321 Οἶδα
689 1265 811 1341 γὰρ,
846 1265 1034 1343 φησὶν,
1067 1263 1152 1318 ὅτι
1190 1263 1432 1339 ἀγαπᾶτέ
1486 1281 1571 1334 με,
1617 1260 1704 1314 καὶ
1761 1261 1918 1314 πάντε

2071 1263 2314 1318 oleratis
2347 1280 2457 1318 me.
2496 1285 2518 1312 ››
2555 1263 2690 1317 Νονί
2726 1263 2884 1316 enim
2918 1261 3074 1332 quod
3107 1278 3200 1316 me
3226 1262 3491 1335 diligitis,
3517 1263 3618 1329 ait,
3642 1269 3699 1318 et

290 1376 395 1427 μου
423 1353 693 1429 ἀνέχεσθε.
731 1379 758 1404 ‹‹
791 1358 955 1424 Ζηλῶ
984 1353 1086 1428 γὰρ
1116 1354 1272 1424 ὑμᾶς.
1310 1375 1338 1404 ››
1389 1352 1508 1408 Οὐκ
1557 1350 1693 1417 εἶπε,
1749 1351 1920 1404 Φιλῶλ

2069 1355 2246 1408 ιωῐιὶίι
2276 1371 2407 1409 mea
2439 1353 2725 1408 toleratis.
2772 1375 2800 1402 α
2834 1355 2977 1407 Nam
3029 1353 3328 1423 zelotypus
3378 1369 3507 1406 sum
3561 1369 3699 1425 erga

281 1441 410 1497 ἀλλ’
441 1443 469 1496 ὅ
515 1449 698 1514 μεῖζον
751 1442 835 1511 ἦν,
906 1467 932 1493 ε(
967 1440 1132 1511 Ζηλῶ
1191 1440 1351 1512 ὑμᾶς,
1390 1463 1415 1490 ››
1474 1439 1627 1515 φησὶ,
1688 1439 1907 1492 τουτὲστ

2062 1459 2162 1498 ros.
2197 1466 2226 1492 ››
2257 1444 2385 1498 Non
2417 1443 2601 1497 dixit:
2636 1451 2782 1496 Amo
2813 1458 2937 1508 vos,
2978 1441 3080 1496 sed
3131 1442 3290 1513 quod
3337 1444 3531 1513 majus
3585 1449 3692 1511 est,

283 1537 557 1605 περικαῶς
587 1530 753 1610 φιλᾶ..
789 1533 925 1585 Εἶτα
951 1529 1044 1585 ’ίνα
1079 1534 1152 1602 μή
1186 1532 1455 1602 νομίσωσι
1488 1527 1577 1583 8ιά
1614 1529 1682 1584 τὰ
1727 1528 1913 1602 ἀνθρώ·

2062 1533 2414 1603 [Zelotypus
2474 1549 2604 1587 sum
2652 1548 2787 1604 erga
2846 1549 3031 1596 vos,»
3081 1533 3191 1586 hoc
3233 1537 3341 1598 est,
3403 1532 3692 1589 Ardenter

280 1643 425 1689 πινα,
478 1623 588 1676 οἷον
648 1621 977 1697 χρήματα-ἢ
1013 1618 1193 1691 δόξαν,
1249 1620 1391 1675 οὕτω
1469 1618 1647 1693 φιλεῖν
1710 1619 1905 1683 αὐτοὺς

2061 1639 2192 1677 uno.
2230 1621 2451 1677 Deinde
2478 1639 2550 1676 ne
2586 1622 2924 1676 existiment
2954 1621 3110 1692 quod
3135 1627 3374 1692 propter
3406 1621 3691 1690 humana,

280 1709 488 1783 ἐπάγει·
528 1735 553 1760 ‹‹
589 1715 722 1766 Θεοῦ
757 1710 934 1782 ζήλῳ,
967 1734 995 1761 n
1038 1708 1130 1764 ’ίνα
1199 1711 1338 1782 ὑμᾶς
1396 1707 1690 1788 ὠφελήσω.
1750 1729 1771 1758 ε
1800 1709 1910 1784 ἬρΔ

2062 1727 2253 1781 tempe
2285 1711 2571 1782 pecunias
2599 1715 2700 1765 aut
2730 1710 3000 1782 gloriam,
3043 1710 3125 1764 ita
3156 1710 3314 1779 ipsos
3343 1714 3524 1777 amet,
3551 1711 3692 1766 sub-

289 1795 545 1867 μοσάμην
580 1794 681 1866 γὰρ
717 1794 875 1865 ὑμᾶς,
914 1818 940 1843 ››
1007 1794 1143 1866 ΙΙρὸς
1199 1795 1299 1862 τὴν
1350 1791 1678 1862 Ἐκκλησίαν
1730 1793 1919 1855 ἄποιςέ

2061 1800 2268 1870 ungit:
2307 1825 2327 1849 α
2364 1800 2496 1855 Zelo
2531 1801 2654 1855 Dei.
2695 1823 2720 1848 »
2753 1800 2824 1855 Ut
2869 1799 3033 1854 vobis
3077 1799 3316 1870 prosim.
3374 1816 3400 1846 α
3433 1798 3689 1870 Adjunxi

280 1881 447 1956 λόγος
487 1882 656 1956 αὐτῷς
689 1883 840 1951 Αὕτη
875 1885 980 1958 γὰρ
1040 1883 1173 1954 μετά
1223 1884 1422 1956 γάμον,
1473 1878 1735 1955 παρθένος
1790 1881 1898 1937 ἐστί

2057 1890 2196 1944 enim
2221 1907 2340 1946 vos.
2378 1912 2404 1938 ››
2438 1889 2524 1944 Ad
2583 1889 2904 1944 Ecclesiam
2955 1894 3112 1944 totus
3167 1889 3278 1960 ipsi
3331 1904 3521 1943 sermo
3576 1894 3687 1945 est.

279 1972 582 2039 Μνηστείας
633 1969 691 2027 δὲ
729 1973 756 2027 6
789 1973 975 2045 παρὼν
1026 1971 1236 2043 καιρὸς,
1287 1969 1577 2027 παστάδων
1621 1968 1679 2027 Si
1731 1973 1758 2026 6
1794 1970 1909 2046 μὲλ-

2054 1981 2170 2035 iaac
2202 1981 2358 2034 enim
2391 1983 2524 2050 post
2554 1979 2791 2050 nuptias
2823 1979 2980 2051 virgo
3027 1983 3116 2033 est
3143 1995 3156 2044 ;
3192 1994 3455 2049 praesens
3487 1983 3684 2034 autem

275 2060 409 2117 λων
443 2063 576 2125 καθὸ
611 2061 848 2135 λέγεται,
901 2062 1124 2131 Ἀνὲστη
1187 2062 1214 2115 ὁ
1269 2060 1526 2132 νυμφίος.
1580 2065 1716 2115 Ποῖα
1765 2058 1823 2115 δὲ
1864 2082 1905 2115 τι

2052 2086 2268 2140 .empus
2301 2074 2390 2125 est
2420 2068 2921 2139 desponsationis,
2955 2067 3219 2123 futurum
3251 2083 3384 2122 vero
3437 2067 3682 2123 thalami

273 2149 497 2220 ἔδνα;ἡ
564 2149 818 2226 βασιλεία
872 2155 980 2205 τῶν
1041 2151 1302 2225 οὐρανῶν.
1362 2149 1574 2219 Ταύτης
1627 2157 1727 2217 τῆς
1788 2172 1903 2222 μνηι

2054 2159 2319 2230 nuptialis
2354 2176 2366 2212 :
2400 2164 2693 2229 quatenus
2726 2158 2942 2213 dicitur
2981 2157 3138 2228 quod
3188 2156 3445 2211 surrexit
3495 2156 3684 2227 Spon-

274 2242 451 2300 στείας
482 2244 572 2294 καὶ
605 2242 632 2294 6
675 2237 838 2294 Δαυῖδ
871 2241 1238 2315 προμνήστωρ
1269 2239 1334 2306 ἧν
1385 2237 1584 2312 λέγων.
1637 2240 1904 2294 Ἀκουσον

2051 2265 2134 2303 ius
2163 2249 2228 2303 ⁸9.
2252 2251 2528 2315 Quaenam
2562 2254 2760 2303 autem
2793 2253 2883 2302 est
2902 2246 3010 2302 dos
3030 2247 3058 2301 ‘?
3090 2249 3352 2319 Regnum
3378 2245 3681 2301 ccelorum.

275 2331 530 2404 θύγατερ,
565 2329 652 2385 καὶ
689 2327 788 2394 ἴδε,
821 2330 910 2384 καὶ
969 2327 1156 2384 κλῖνον
1217 2329 1308 2391 οῦς
1377 2349 1490 2386 σου.
1556 2328 1656 2385 Καὶ
1703 2328 1905 2389 αὖτὸςι

2052 2341 2218 2409 iujus
2251 2341 2428 2395 etiam
2469 2339 2946 2410 desponsationis
3001 2337 3178 2392 David
3240 2336 3682 2407 paranymphus

276 2417 493 2479 Παῦλος
524 2419 889 2495 νυμφαγωγὸς
927 2417 1000 2472 ὥν
1050 2415 1252 2492 ἔλεγενο
1302 2418 1460 2491 ’Υπὲρ
1511 2421 1748 2491 Χριστοῦ
1795 2436 1906 2491 πρε-

2053 2434 2160 2483 ιπίιι
2189 2445 2320 2483 cum
2356 2429 2612 2483 diceret:
2647 2450 2675 2477 «
2696 2428 2866 2486 Audi.
2897 2427 3036 2490 tilia,
3068 2431 3121 2480 et
3150 2425 3298 2490 vide,
3355 2430 3412 2479 et
3460 2425 3683 2480 inclina

277 2503 565 2579 σϐεύομεν,
594 2505 688 2560 ’ίνα
718 2507 816 2575 τήν
843 2507 1058 2584 νύμφην
1089 2501 1256 2580 λάϐῃ,
1291 2507 1444 2580 φησί.
1477 2506 1696 2561 Τούτων
1757 2505 1907 2560 τύποι

2049 2533 2234 2572 iurem
2261 2522 2421 2571 tuam
2449 2515 2512 2569 5°.
2547 2538 2574 2565 »
2611 2518 2737 2587 Ipse
2771 2531 3007 2586 quoque
3040 2514 3256 2569 Paulus
3288 2529 3420 2568 cum
3454 2530 3679 2584 pronu-

275 2598 342 2666 ἦν
371 2598 437 2650 τὰ
472 2598 594 2668 περὶ
649 2597 739 2650 τὸν
804 2590 1076 2669 ’Δϐραάμ,
1137 2594 1196 2656 ὅς
1256 2592 1452 2650 δοῦλον
1512 2591 1740 2668 ἔπεμψε,
1794 2617 1905 2667 μνηι

2047 2622 2140 2661 )us
2171 2610 2348 2669 esset,
2380 2604 2650 2660 dicebat:
2685 2626 2712 2653 «
2749 2606 2858 2659 Pro
2890 2603 3118 2658 Christo
3160 2601 3451 2673 legatione
3484 2601 3677 2672 fungi-

278 2685 526 2740 στεῦσασι
580 2691 658 2756 τῷ
715 2687 818 2755 υἱῷ
884 2685 1143 2758 παρθένον
1227 2683 1468 2752 ἐθνικὴν,
1554 2684 1643 2738 καὶ
1704 2685 1732 2738 6
1790 2684 1908 2745 Θεὸς

2047 2696 2243 2759 nur“,
2274 2719 2292 2744 ι
2324 2699 2388 2748 ut
2409 2710 2688 2765 sponsam
2713 2693 3256 2764 acciperet.Horum
3290 2690 3476 2759 figura
3509 2694 3677 2743 erant

273 2770 482 2848 ἔπεμψε
513 2777 634 2836 τους
666 2775 948 2850 προφήτας
994 2770 1187 2840 πάλαι,
1243 2773 1332 2828 καὶ
1390 2772 1517 2835 τοὺς
1575 2768 1903 2828 ἀποστόλους

2053 2801 2157 2854 [uaa
2191 2785 2250 2838 in
2285 2784 2580 2838 Abraham
2613 2783 3008 2853 contigerunt.
3035 2780 3133 2850 qui
3169 2795 3400 2833 servum
3434 2777 3683 2832 misitut

273 2865 514 2938 ὓστερον,
551 2864 980 2937 μνηστεύσασθαι
1029 2868 1108 2932 τῷ
1166 2865 1276 2934 Υἱῷ
1330 2865 1428 2932 τὴν
1489 2862 1540 2934 ἐξ
1595 2863 1760 2928 ἐθνῶν
1828 2861 1903 2918 ἐκ·

2040 2876 2424 2947 iesponderet
2470 2875 2589 2929 fllio
2650 2889 2754 2928 suo
2813 2872 3100 2943 virginem
3144 2869 3429 2942 gentilem
3462 2869 3528 2922 ⁸³.
3581 2868 3670 2924 Sic

266 2954 521 3024 κλησῖαν.
578 2977 606 3004 »ι
666 2959 1011 3026 Ιίαραστῆσαι
1070 2957 1150 3023 τῷ
1199 2954 1436 3026 Χριστῷ.
1501 2977 1528 3002 ι»
1584 2954 1896 3025 Ἐμνηστευ-

2040 2968 2180 3020 Deus
2211 2964 2354 3019 olim
2387 2964 2705 3033 prophetas
2739 2962 3001 3024 miserat,
3027 2964 3086 3013 et
3115 2958 3492 3030 postmodum
3525 2973 3670 3028 apo-

264 3045 468 3118 σάμην,
504 3043 690 3121 φησὶν,
725 3043 861 3114 ὑμᾶς
915 3048 996 3114 τῷ
1040 3046 1284 3117 Χριστῷ.
1347 3043 1553 3098 Οὐκοῦν
1602 3038 1672 3095 δι’
1715 3040 1894 3096 ἐκεῖνοε

2039 3054 2227 3116 stolos,
2258 3052 2357 3123 qui
2389 3051 2534 3106 Filio
2567 3050 3005 3120 desqonderent
3035 3048 3358 3103 Ecclesiam
3383 3048 3669 3120 gentium.

263 3133 444 3203 ζηλῶ,
477 3131 539 3186 οὐ
573 3129 641 3185 δι’
672 3132 924 3202 ἐμαυτόν.
959 3156 986 3182 ‹‹
1021 3125 1311 3202 Φοϐοῦμαι
1361 3127 1419 3184 δὲ
1471 3132 1545 3202 μή
1595 3150 1731 3190 πως.
1767 3153 1796 3180 ››
1848 3133 1890 3186 Ε

2031 3164 2050 3193 κ
2087 3144 2157 3196 Ut
2187 3141 2472 3212 virginem
2503 3145 2724 3195 castam
2766 3137 3106 3193 exhiberem
3156 3138 3406 3191 Christo.
3448 3158 3474 3185 ››
3521 3138 3661 3208 Ego,

262 3222 368 3296 γὰρ
398 3222 490 3276 καὶ
533 3223 568 3289 ἡ
615 3218 864 3275 ἀπώλεια
913 3219 1164 3291 ὑμετέρα,
1224 3218 1353 3274 ἀλλ’
1405 3221 1432 3274 6
1481 3214 1649 3296 φόϐος
1704 3219 1888 3281 κοινός

2032 3230 2238 3301 inquit,
2271 3245 2371 3283 vos
2403 3229 2632 3283 Christo
2656 3227 2945 3299 despondi
2972 3244 2984 3281 :
3009 3227 3206 3296 itaque
3231 3231 3471 3296 propter
3492 3225 3662 3280 illum

267 3311 383 3368 Οὐκ
412 3309 764 3389 ἀποφαίνεται
815 3306 872 3362 δὲ
938 3310 1022 3364 ’ὀτι
1076 3307 1419 3384 διεφθάρη-τε,
1480 3307 1563 3363 ἵνα
1619 3308 1897 3386 ἀναισχυν·

2038 3317 2324 3388 zelotypus
2365 3333 2516 3380 sum,
2551 3333 2668 3371 non
2701 3321 2942 3387 propter
2971 3330 3063 3368 me
3105 3314 3320 3384 ipsum.
3351 3334 3376 3360 ‹‹
3411 3313 3519 3366 Sed
3544 3329 3668 3369 me-

265 3396 521 3473 τοτὲρους
555 3400 786 3472 ποιήσῃ,
820 3396 947 3453 ἀλλ’
976 3392 1306 3475 ἀμφιϐόλως
1340 3398 1503 3472 λέγει,
1538 3422 1565 3448 (ι
1608 3399 1694 3467 Μή
1720 3418 1895 3459 πως.)

2038 3415 2126 3462 tuo
2161 3423 2233 3461 ne
2276 3422 2392 3476 qua
2442 3406 2560 3460 ﬁat.
2601 3427 2626 3452 »
2677 3407 2821 3460 Nam
2882 3405 2989 3458 etsi
3037 3403 3290 3474 perditio
3341 3407 3531 3457 vestra
3571 3403 3668 3473 sit,

271 3490 364 3546 καί
419 3509 503 3543 τοι
563 3484 947 3566 διεφθαρμένοι
1005 3487 1161 3556 ἦσαν.
1224 3488 1326 3544 Καὶ
1383 3488 1484 3561 γὰρ
1551 3486 1792 3549 κάκεῖνος
1850 3487 1901 3541 τὲ

2045 3511 2226 3550 .amen
2252 3494 2429 3550 timor
2449 3495 2783 3549 communis
2805 3498 2915 3548 est.
2941 3495 3066 3548 Non
3092 3497 3290 3547 autem
3314 3492 3675 3547 enuntiative

278 3579 496 3652 μείζονα
542 3576 926 3652 ἐπηγγείλατο,
986 3577 1156 3650 ἤγουν
1219 3576 1344 3640 τοὺς
1390 3576 1908 3652 πρωτοπλάστουςᾶ

2047 3584 2207 3639 licit:
2246 3585 2325 3639 Ne
2355 3583 2842 3654 corrumpamini,
2875 3587 2940 3636 ut
2970 3582 3168 3636 minus
3199 3580 3540 3652 pudeﬁant:
3572 3580 3677 3636 sed

256 3665 616 3743 ὅφπμῦςπερ
677 3667 726 3719 οἱ
769 3663 1209 3740 ψευδαπόστολοι
1266 3665 1515 3727 τούτους.
1569 3667 1809 3722 Δείκνυσι
1860 3664 1886 3720 δ

2049 3673 2300 3745 imbigue
2332 3672 2725 3744 pronuntiat:
2774 3693 2801 3720 «
2836 3677 2916 3726 Ne
2968 3687 3084 3741 qua
3133 3672 3253 3737 ﬁat,
3287 3691 3316 3719 »
3370 3670 3509 3724 licet
3552 3669 3679 3739 jam

263 3754 600 3829 γυναικῶδες
632 3756 692 3809 τὸ
743 3755 1064 3819 ἀπατᾶσθαι.
1126 3780 1154 3807 ‹‹
1189 3757 1276 3813 Ἐν
1339 3760 1407 3830 τῇ
1467 3753 1776 3832 παδουργίᾳ
1821 3755 1887 3812 αὖ

2049 3763 2290 3833 :orrupti
2323 3767 2510 3817 erant.
2544 3762 2776 3816 Etenim
2805 3760 2906 3814 ille
2932 3775 3166 3830 quoque
3197 3758 3423 3828 majora
3447 3756 3679 3827 pollici-

264 3850 385 3900 τσῦ.
421 3871 440 3893 ο
478 3843 632 3899 Ἀλλ’
659 3842 840 3917 ὥσπερ
871 3846 934 3900 τὸ
962 3845 1098 3899 εἶναι
1130 3851 1434 3921 πανοῦργον
1485 3847 1576 3902 τὸν
1622 3842 1769 3923 ὅφιν,
1820 3845 1894 3901 οὐε

2047 3869 2122 3908 .us
2155 3858 2262 3916 est,
2297 3869 2564 3923 serpens,
2589 3853 2858 3922 inquam,
2879 3850 3088 3920 primis
3110 3847 3453 3919 parentibus
3472 3861 3677 3916 quem-

270 3930 442 3990 ἔόωκε
483 3938 550 4006 τῇ
608 3935 820 4006 γυναικὶ
885 3931 1236 4012 συγγδώμην,
1307 3936 1480 3997 οὕτως
1540 3933 1664 3990 οὐδὲ
1723 3938 1758 4005 ἡ
1812 3940 1900 3990 τῶι

2046 3941 2349 3996 ldmodum
2383 3947 2441 3995 et
2489 3941 2583 3996 his
2629 3937 3093 4011 pseudapostoli.
3154 3935 3427 3990 Ustendit
3479 3939 3676 3990 autem

258 4021 429 4097 ψευδα
460 4023 745 4079 ποστόλων
778 4025 958 4098 ἀγάπη
1009 4023 1169 4080 δώσει
1233 4025 1382 4097 ὑμῖν.
1439 4050 1464 4075 σ(
1497 4025 1688 4087 Οὕτως
1737 4027 1888 4100 φθαρ⁴

2043 4031 2439 4102 ieceptionem
2495 4047 2624 4084 esse
2679 4028 3050 4084 muliebrem.
3107 4048 3134 4075 «
3169 4026 3438 4081 Versutia
3485 4041 3610 4079 sua.
3646 4044 3673 4073 υ

256 4115 325 4170 τὰ
355 4115 605 4186 νοήματα
636 4114 812 4185 ὑμῶν.
847 4138 870 4161 υ
905 4115 1058 4185 Οῖον,
1095 4118 1394 4190 μετενεχθῇ
1427 4114 1534 4169 ἀπὸ
1587 4121 1687 4183 τῆς
1745 4113 1886 4170 ἁπλὸ

2047 4121 2141 4174 Sed
2182 4119 2683 4190 quemadmodum
2733 4123 3034 4171 versutum
3086 4115 3268 4170 fuisse
3315 4120 3677 4186 serpentem,

254 4224 419 4272 τητος
451 4207 551 4256 τοῦ
585 4207 854 4277 Χριστοῦ,
905 4201 980 4265 είς
1039 4205 1138 4271 τήν
1202 4200 1486 4272 δεινότητα
1542 4205 1641 4271 τήν
1701 4198 1884 4274 ἔξωθεν

2051 4209 2267 4264 nulieri
2300 4209 2530 4263 veniam
2567 4223 2687 4261 non
2722 4205 2948 4268 tribuit,
2980 4205 3063 4258 ita
3111 4221 3304 4274 neque
3348 4202 3681 4274 pseudapo—

259 4295 507 4351 Δείκνυσι
541 4290 618 4361 δὲ,
652 4293 736 4348 ὅτι
767 4291 1047 4348 ἀπλάστου
1087 4295 1172 4348 καὶ
1225 4292 1460 4367 ἀφελοῦς
1512 4290 1681 4348 δεῖται
1731 4297 1883 4368 ψυχῆ

2054 4297 2320 4351 .tolorum
2351 4297 2607 4351 versutia
2635 4295 2803 4351 dabit
2826 4294 3010 4349 vobis.
3047 4316 3072 4342 «
3107 4293 3189 4348 Ita
3219 4296 3684 4362 corrumpantur

257 4386 294 4451 ἡ
319 4384 522 4451 πίστις,
558 4383 733 4437 πάντα
763 4383 944 4437 πίστει
974 4379 1306 4457 δεχομένης,
1339 4383 1429 4436 καὶ
1493 4380 1660 4454 μηδὲν
1713 4380 1886 4438 συλλο

2052 4403 2243 4441 sensus
2274 4386 2470 4440 vestri.
2508 4407 2536 4434 »
2567 4387 2716 4440 Puta
2754 4390 2818 4439 ut
2873 4383 3306 4438 transferantur
3335 4397 3369 4436 a
3399 4379 3682 4451 simplici-

263 4473 583 4548 γιζομένης.
1950 4468 1992 4504 υ
2033 4481 2150 4531 tate
2183 4475 2399 4530 Christi
2450 4475 2524 4530 ad
2578 4474 2964 4530 calliditatem
3026 4477 3357 4527 externam.
3415 4468 3686 4525 Ostendit

264 4570 465 4621 autem
499 4565 658 4636 quod
692 4565 828 4622 fidei
862 4583 1010 4638 opus
1042 4567 1120 4622 sit
1151 4565 1352 4622 anima
1377 4565 1510 4620 fuco
1542 4570 1781 4620 carente
1813 4569 1872 4620 et
1903 4565 2158 4630 sincera,
2217 4581 2346 4634 quae
2402 4565 2602 4619 omnia
2660 4563 2776 4618 ﬁde
2820 4563 3090 4634 excipiat,
3143 4566 3201 4616 et
3253 4561 3315 4614 in
3364 4558 3532 4614 nullo
3592 4573 3686 4612 se-

263 4652 541 4709 ducatur.

339 4741 402 4796 Εἰ
470 4743 564 4812 μὲν
611 4743 714 4817 γὰρ
772 4744 800 4797 6
851 4742 1154 4819 ἐρχόμενος
1210 4741 1382 4799 ἄλλον
1437 4746 1652 4814 Ἰησοῦν
1713 4743 1922 4818 κηρύσο

2107 4745 2254 4801 68]
2291 4745 2387 4810 XI,
2417 4747 2470 4798 4.
2510 4747 2641 4800 Ναπι
2669 4742 2719 4797 si
2747 4746 2792 4796 is
2813 4744 2911 4812 qui
2932 4743 3079 4796 venit
3094 4739 3265 4794 alium
3284 4739 3464 4792 Jesum
3477 4735 3685 4806 praedi-

267 4849 347 4883 σει
416 4830 473 4884 ὅν
537 4830 638 4885 οὐκ
702 4829 1061 4904 ἔκηρῦξαμεν,
1128 4832 1163 4901 ἤ
1225 4837 1440 4904 πνεῦμα
1536 4829 1718 4906 ἕτερον
1776 4829 1895 4905 λαμ

2052 4842 2122 4889 :at
2148 4851 2301 4905 quem
2320 4851 2430 4889 non
2447 4836 2888 4905 pradicavimus,
2923 4837 3019 4886 aut
3040 4833 3088 4885 si
3109 4829 3372 4899 Spiritum
3392 4826 3563 4881 alium
3593 4840 3682 4880 ac-

264 4912 660 4986 ϐἀνετε,ὅούκ
718 4916 962 4988 ἐλάϐετε,
1013 4922 1047 4988 ἢ
1105 4921 1426 4994 Εὑαγγέλιον
1485 4917 1666 4994 ἕτερον
1736 4920 1766 4974 6'
1828 4921 1888 4976 οὗ

2054 4927 2220 4994 :ipitis
2249 4941 2409 4994 quem
2438 4940 2550 4978 non
2598 4921 2924 4992 accepistis;
2971 4926 3067 4974 aut
3115 4918 3274 4973 aliud
3322 4914 3684 4986 Evangelium

262 5005 536 5076 ἐδέξασθε,
568 5007 756 5071 καλῶς
785 5009 1092 5085 ἠνείχεσθε.

2036 5016 2183 5083 quod
2213 5029 2322 5068 non
2351 5014 2682 5082 suscepistis,
2715 5018 2859 5065 recte
2888 5011 3245 5065 sustinentis.

343 5100 492 5159 Τέως
524 5095 760 5153 δείκνυσι
789 5101 918 5162 τοὺς
949 5097 1431 5173 ψευδαποστὸλους
1452 5102 1800 5162 ἐπεισάκτους
1837 5100 1928 5155 καὶ

2112 5103 2354 5157 Interim
2389 5101 2649 5156 ostendit
2667 5099 3162 5172 pseudapostolos
3183 5095 3536 5152 adventitios
3559 5110 3652 5149 ess

266 5188 450 5257 ξένους
487 5188 772 5263 ὑπάρχειν.
805 5190 945 5263 "Op:
977 5187 1054 5244 δέ.
1089 5190 1204 5246 Οὐκ
1233 5190 1368 5256 εἷπε,
1397 5187 1568 5244 Πλὲον
1592 5212 1647 5245 τι
1672 5187 1896 5245 λαλοῦσι

2060 5208 2107 5246 ιο
2145 5190 2388 5246 aliunde
2419 5195 2893 5260 prorumpentes.
2933 5187 3069 5242 Vide
3097 5193 3296 5242 autem
3349 5183 3506 5257 quod
3565 5199 3690 5238 non

266 5278 492 5351 καὶγὰρ
531 5279 598 5348 ἦν
667 5278 1105 5350 ἐκείνουςςεῗκὸς
1164 5276 1450 5356 φλυαρεῖν,
1509 5279 1598 5332 καὶ
1665 5279 1896 5351 ῥημάτω

2060 5282 2288 5338 lixerit:
2317 5281 2373 5334 Si
2399 5280 2542 5351 quid
2567 5279 2824 5351 amplius
2847 5279 3172 5350 loquuntur
3194 5277 3449 5350 (Etenim
3480 5273 3690 5328 verisi-

270 5365 470 5423 κάλλει
501 5366 781 5443 γοητεύειν
812 5369 939 5431 τοὺς
971 5368 1289 5429 ἀκούονταςο
1321 5366 1469 5423 ἀλλὰ
1507 5389 1670 5442 φησιν
1720 5366 1898 5424 ’Ἄλλο

2063 5370 2182 5424 nile
2216 5374 2342 5422 erat
2371 5368 2506 5423 illos
2536 5368 2742 5440 nugari
2778 5373 2836 5422 et
2863 5367 3174 5422 verborum
3215 5369 3519 5420 venustate
3569 5359 3693 5416 vel-

274 5458 531 5531 Χριστὸν,
563 5458 756 5532 ἤγουν,
815 5458 878 5513 Ὀ
938 5456 1244 5532 ἐρχόμενος
1295 5456 1739 5532 πλουσιωτέρους
1791 5456 1902 5530 ῦμᾶ

2057 5459 2127 5513 iti
2158 5458 2472 5530 praestigiis
2504 5457 2809 5512 ludificare
2840 5456 3180 5527 auditores),
3216 5455 3317 5510 sed
3357 5454 3457 5518 ait,
3492 5451 3687 5506 Alium

272 5551 423 5601 ποιεῖ
454 5547 504 5600 ἐν
533 5552 651 5607 τοῖς
685 5552 1076 5619 πνευματικοῖς
1109 5546 1467 5621 χαρίσμασιν.
1529 5543 1826 5618 Οῦὸἑτερον
1876 5542 1902 5600 δ

2061 5547 2357 5618 3hristum,
2392 5547 2503 5602 hoc
2534 5553 2658 5602 est:
2688 5547 2743 5600 Si
2777 5547 2827 5602 is
2859 5548 2959 5616 qui
2991 5547 3150 5600 venit
3171 5546 3414 5599 ditiores
3436 5556 3536 5594 vos
3559 5538 3691 5592 red-

1953 3277 1994 3344 ι’]

357 5723 406 5759 ⁵9
435 5725 632 5782 Matth.
661 5741 800 5795 xxv,
833 5730 853 5781 1
893 5743 1060 5801 seqq.
1137 5725 1186 5762 ⁸ο
1213 5726 1368 5785 Psal.
1401 5743 1546 5798 xmv,
1589 5730 1672 5783 11.
1747 5725 1792 5764 ⁸⁸
1823 5728 1960 5786 Cor;

1269 5726 1368 5785 sal.
1401 5743 1546 5798 xmv,
1589 5730 1672 5783 11.
1747 5725 1792 5764 ⁸⁸
1823 5728 1960 5786 Cor;
1987 5742 2042 5796 τ,
2072 5726 2160 5782 20..
2237 5727 2282 5763 ⁸⁸
2317 5727 2459 5785 Gen.
2492 5728 2700 5796 xxxv,.t
2735 5739 2899 5797 seqq.
