4128 6192
515 459 670 521 1043

1631 445 2040 514 CECUMENII
2083 443 2392 506 'l‘RlCCAi‘.
2437 441 2807 504 EPISGOPI.

3745 439 3870 500 10H

520 601 606 656 dit
645 593 1054 669 spiritualibus
1102 593 1294 649 donis.
1353 593 1640 646 Neutrum
1699 592 1898 642 autem
1955 586 2170 639 horum

2305 582 2489 633 τούτων
2524 582 2720 653 χρῄζει
2759 575 3030 651 κομψείας
3064 575 3268 652 λόγων.
3330 605 3386 617 -—-
3708 575 3768 630 Ἤ
3801 575 3872 628 καὶ

521 693 652 760 eget
677 686 906 758 argutia
937 684 1272 738 verborum.
1304 714 1372 722 —
1399 685 1514 738 Aut
1547 681 1644 734 hoc
1665 678 1834 734 etiam
1855 676 2032 732 modo.
2062 675 2175 728 Per

520 775 936 834 abductionem
970 774 1044 828 ad
1075 773 1132 828 id
1191 771 1348 843 quod
1379 770 1700 826 absurdum
1737 773 1844 824 est,
1897 765 2176 820 dehorta-

522 871 620 919 tur
649 864 811 934 ipsos
842 879 917 918 ne
949 862 1020 917 ad
1054 858 1541 932 pseudapostolos
1564 856 1886 911 accedant:
1919 871 1986 908 ac
2010 853 2056 906 si
2082 852 2172 905 di-

523 959 655 1010 cat:
689 954 746 1008 Si
778 952 960 1006 alium
1019 951 1214 1004 Jesum
1265 947 1760 1020 pseudapostolus
1809 947 1970 1012 (nam
2018 944 2175 997 hunc

524 1043 802 1116 appellat,
829 1041 1196 1102 Venientem,
1225 1044 1426 1109 utpote
1452 1041 1932 1108 prorumpentem
1961 1033 2177 1087 etforis

524 1132 930 1198 accedentem)
961 1147 973 1184 :
1009 1129 1056 1182 si
1089 1129 1268 1200 igitur
1300 1128 1396 1182 hic
1426 1126 1608 1181 alium
1639 1127 1836 1180 Jesum
1895 1121 2180 1194 praedicat

529 1237 708 1293 quem
740 1219 1002 1290 oportuit
1031 1234 1065 1272 a
1094 1217 1267 1272 nobis
1293 1215 1622 1287 praedicari,
1649 1221 1708 1270 et
1737 1233 1856 1270 non
1885 1211 2174 1286 praedica-

530 1312 724 1366 vimus
751 1326 763 1364 :
799 1315 900 1364 aut
928 1307 1110 1362 alium
1143 1306 1424 1376 Spiritum
1453 1305 1714 1377 oportuit
1741 1321 1842 1358 vos
1888 1304 2177 1374 accipere,

531 1405 590 1456 et
619 1413 654 1453 a
683 1397 856 1452 nobis
887 1413 1006 1451 non
1038 1395 1350 1466 accepistis
1379 1412 1390 1448 :
1433 1400 1536 1450 aut
1591 1393 1756 1448 aliud
1801 1393 2178 1464 Evangelium

535 1489 798 1562 oportuit
826 1505 926 1542 vos
957 1487 1277 1558 suscipere,
1315 1492 1374 1540 et
1403 1503 1436 1540 a
1467 1485 1640 1540 nobis
1671 1501 1788 1540 non
1813 1483 2178 1554 suscepistis,

523 1579 691 1652 juste
711 1577 832 1632 illis
859 1576 1241 1631 adhaereretis
1271 1581 1330 1630 et
1358 1591 1560 1630 aurem
1593 1573 2181 1646 przeberetisNerum

536 1668 584 1724 si
617 1667 676 1723 id
710 1666 1080 1739 impossibile
1111 1671 1234 1722 est:
1267 1681 1462 1736 neque
1494 1666 1652 1720 enim
1677 1665 1788 1736 ipsi
1817 1663 2178 1736 pseudapos-

533 1757 640 1813 toli
670 1757 783 1812 hoc
815 1755 1010 1811 dicere
1043 1755 1366 1820 audebunt,
1401 1755 1502 1810 sed
1539 1771 1734 1825 neque
1765 1771 1864 1809 vos
1895 1753 2008 1826 ipsi
2041 1769 2184 1808 :an-

533 1862 656 1902 non
688 1844 1012 1901 absurdum
1059 1849 1150 1899 est
1205 1843 1376 1899 nobis
1437 1845 1573 1899 illos
1625 1844 1912 1916 praeponi,
1964 1845 2066 1916 qui
2125 1844 2186 1898 in

2281 665 2478 730 οὕτως.
2513 669 2608 724 Διά
2634 674 2734 736 τῆς
2767 667 2843 728 εἷς
2877 667 3078 721 ἂτοπον
3109 667 3406 738 ἀπαγωγῆς
3436 661 3628 722 αὐτοὺς
3657 665 3744 730 τῆς
3771 664 3876 736 πρὸς

2279 757 2404 819 τοὺς
2435 755 2920 830 ψευδαποστόλους
2967 753 3250 830 προσοχῆς
3303 753 3616 820 ἀποτρέπει,
3664 753 3787 806 οἷον·
3829 754 3878 810 El

2281 849 2384 924 γάρ
2417 849 2588 903 ἃΛΛον
2625 850 2833 916 Ἰησοῦν
2870 848 2897 902 ὁ
2944 841 3387 920 ψευδαπόστολος
3439 847 3646 912 (τοῦτον
3695 843 3782 917 γὰρ
3821 841 3884 918 ἐρ-

2281 939 2518 1014 χόμενον
2574 937 2750 1012 λέγει,
2828 940 2966 1003 οἷον,
3043 933 3498 1008 ἐπεισερχόμενον
3573 932 3658 985 καὶ
3727 927 3880 1004 ἔξωθεν

2283 1027 2630 1099 ἐπεισιόντα)·
2709 1028 2756 1082 εἳ
2832 1026 2926 1080 οὖν
3004 1025 3186 1091 οὗτος,
3261 1023 3450 1091 φησὶν,
3491 1019 3656 1075 ἄλλον
3710 1023 3882 1090 Ἰησοῦν

2283 1118 2541 1192 κηρύσσει
2583 1117 2639 1171 δν
2699 1113 2807 1170 ἔδει
2865 1117 3213 1190 κηρυχθῆναι
3269 1113 3396 1185 παρ’
3449 1113 3632 1183 ἡμῶν,
3681 1109 3761 1163 καὶ
3809 1109 3884 1164 οὐκ

2286 1205 2705 1286 ἐκηρύξαμεν,ἤ
2741 1207 2883 1264 ἄλλο
2940 1211 3158 1280 Πνεῦμα
3215 1199 3322 1260 ἔδει
3379 1198 3570 1258 λαϐεῖν
3627 1204 3773 1274 ὑμᾶς,
3816 1203 3886 1257 καὶ

2285 1303 2409 1376 παρ’
2451 1304 2610 1373 ἡμῶν
2673 1299 2772 1353 οὐκ
2825 1291 3068 1364 ἐλάϐετε,
3128 1295 3163 1364 ἢ
3227 1294 3370 1350 ἄλλο
3433 1293 3756 1367 Εὑαγγέλιον
3807 1287 3888 1347 ἔδει

2287 1389 2528 1460 δέξασθαι
2567 1389 2724 1460 ὑμᾶς,
2776 1387 2867 1441 καὶ
2897 1388 3023 1458 παρ’
3079 1388 3240 1454 ἡμῶν
3301 1383 3402 1438 οὐκ
3451 1379 3710 1450 ἐδέξασθε,
3763 1381 3892 1435 εὐλό-

2285 1500 2398 1552 γως
2425 1477 2476 1532 έν
2509 1478 2698 1538 αὐτοῖς
2731 1475 3072 1550 προσείχετε.
3105 1473 3174 1530 Ei
3197 1470 3254 1527 δὲ
3281 1471 3445 1526 τούτο
3495 1468 3747 1525 ἀδύνατον
3783 1467 3894 1541 (οὔτε

2284 1569 2387 1641 γάρ
2421 1567 2577 1622 αὐτοὶ
2609 1567 2660 1622 οἰ
2694 1563 3134 1639 ψευδαπόστολοι
3163 1561 3496 1638 θαῤῥνξσουσι
3543 1563 3700 1615 τοῦτο
3743 1562 3893 1644 εἰπεῖν¹

2289 1655 2414 1712 οὔτε
2445 1655 2500 1713 δὲ
2534 1659 2688 1732 ὑμεῖς
2748 1661 2952 1735 αὐτοὶ),
3013 1667 3130 1724 πῶς
3191 1663 3253 1718 οὗ
3312 1662 3434 1718 λίαν
3496 1661 3715 1732 ἄτοπον,
3766 1665 3892 1735 ἡμῶν

2290 1745 2525 1810 ἐκείνους
2553 1751 2890 1824 προκρίνειν,
2921 1754 3028 1806 τῶν
3079 1748 3246 1824 μηδὲν
3309 1753 3737 1827 ὑστερησάντων,
3783 1749 3895 1824 μηδὲ

2293 1842 2399 1891 τῶν
2432 1837 2562 1913 ὑπὲρ
2595 1835 2718 1892 λίαν
2751 1838 3108 1910 ἀποστόλων;
3161 1865 3188 1893 ι(
3222 1842 3319 1899 "Ov
3381 1844 3488 1897 οὐκ
3529 1839 3851 1915 ἐκηρύξαμεν.
3877 1865 3898 1891 ιι

531 1935 702 1993 nullo
735 1934 1047 1989 inferiores
1079 1933 1300 1988 fuimus
1323 1951 1398 1988 ne
1423 1933 1658 1988 eximiis
1682 1935 1922 2006 quidem
1945 1939 2184 2006 aposto-

2305 1927 2386 1984 Ὀν
2415 1921 2521 1982 ἔδει
2553 1937 2920 2006 κηρυχθῆναι,
2963 1931 3052 1985 καὶ
3111 1931 3210 1986 οὐκ
3261 1930 3617 2006 ἐκηρύξαμεν.
3674 1956 3692 1980 ο
3725 1932 3784 1988 Ὀ
3827 1929 3904 1984 οὔκ

539 2024 618 2080 lis
641 2023 668 2078 ‘2
695 2047 721 2073 ‹‹
754 2024 938 2089 Quem
970 2039 1092 2078 non
1123 2022 1592 2094 praedicavimus.
1629 2045 1657 2072 ››
1703 2025 1888 2088 Quem
1939 2025 2202 2096 Oportuit

545 2111 880 2186 praedicari.
907 2117 964 2166 et
985 2127 1104 2166 non
1129 2111 1596 2183 prmdicavimus.
1629 2135 1646 2158 ιι
1675 2113 1858 2177 Quem
1879 2131 1998 2169 non
2029 2131 2199 2172 acce-

549 2203 742 2276 pistis.
777 2224 804 2252 ››
830 2203 1012 2266 Quem
1047 2201 1308 2272 oportuit
1335 2217 1436 2256 vos
1467 2201 1755 2273 accipere,
1791 2209 1848 2256 et
1879 2220 1998 2258 non
2030 2221 2200 2260 acce-

549 2291 743 2364 pistis.
779 2309 808 2342 a
840 2293 956 2344 Aut
984 2289 1141 2344 aliud
1177 2290 1575 2363 Evangelium.
1613 2314 1639 2340 υ
1671 2291 1871 2362 Neque
1903 2295 2062 2348 enim
2093 2294 2200 2350 hoc

550 2389 794 2438 externa
825 2387 955 2454 eget
984 2383 1294 2453 sapientia.
1347 2383 1669 2438 Considera
1715 2401 1850 2439 vero
1901 2385 2197 2455 quomodo

551 2471 813 2528 ostendit
844 2471 995 2526 nihil
1026 2472 1163 2527 illos
1194 2471 1514 2543 perfectius
1546 2473 1742 2528 dicere
1769 2490 1781 2527 :
1819 2497 1843 2522 «
1867 2474 2052 2538 Quem
2079 2491 2200 2530 non

551 2561 1024 2636 praedicavimus,
1069 2581 1096 2610 ››
1127 2561 1340 2631 inquit.
1377 2561 1612 2626 «Quem
1643 2579 1762 2616 non
1804 2563 2137 2634 accepistis.
2172 2586 2200 2614 »

555 2653 626 2708 Et
653 2667 934 2706 rursum:
997 2671 1025 2699 «
1059 2651 1224 2714 Quod
1283 2666 1402 2705 non
1463 2651 1898 2722 suscepistis;»
1950 2652 2201 2708 circum-

559 2742 880 2814 scriptione
911 2739 1234 2795 ostendens
1282 2739 1432 2794 nihil
1477 2740 1734 2812 amplius
1783 2740 1917 2796 illos
1967 2740 2199 2796 doeere.

555 2833 756 2901 Neque
789 2830 948 2886 enim
981 2829 1071 2884 his
1103 2829 1202 2900 qui
1237 2830 1406 2900 plura
1434 2830 1778 2900 loquuntur,
1814 2830 1916 2886 sed
1940 2830 2040 2901 qui
2069 2845 2205 2885 vera

559 2919 767 2976 dicunt
796 2923 1028 2990 oportet
1059 2925 1320 2974 mentem
1351 2919 1678 2975 advertere.
1701 2941 1726 2968 «
1755 2920 1918 2985 Quod
1941 2936 2060 2974 non
2083 2936 2206 2974 sus-

557 3009 818 3080 cepistis.
858 3029 880 3058 »
917 3007 1078 3074 Quod
1110 3025 1210 3062 vos
1239 3009 1551 3080 oportebat
1609 3009 1930 3080 suscipere,
1980 3014 2039 3063 et
2085 3025 2206 3062 non

559 3099 926 3169 suscepistis.
974 3120 1001 3146 «ι
1063 3099 1240 3153 Recte
1288 3099 1684 3154 sustineretis.
1740 3120 1768 3148 »
1827 3098 1974 3164 Quid
2033 3097 2204 3167 dicis,

557 3189 740 3244 Paule
769 3192 790 3240 Ξ)
821 3188 920 3259 qui
945 3188 1164 3242 Galatis
1188 3188 1454 3242 scribens
1477 3187 1591 3242 ais:
1619 3189 1674 3243 Si
1695 3189 1828 3259 quis
1851 3188 2204 3260 praedicave-

559 3279 640 3332 rit
677 3276 842 3330 vobis
871 3275 1246 3346 Evangelium
1299 3283 1516 3346 praeter
1545 3293 1720 3348 quam
1752 3278 1808 3332 id
1852 3277 2010 3348 quod
2041 3293 2205 3332 acce-

562 3365 754 3437 pistis.
790 3364 1108 3418 anathema
1141 3364 1216 3418 sit
1271 3363 1360 3429 ‘3;
1397 3387 1424 3414 »
1471 3383 1632 3420 nunc
1681 3367 1754 3421 ad
1799 3367 1904 3422 hos
1948 3367 2158 3422 scribis
2193 3382 2206 3422 :

567 3472 594 3502 α
626 3453 802 3506 Recte
835 3452 1206 3506 sustineretis
1229 3452 1256 3506 ?
1289 3475 1316 3500 ››
1351 3454 1524 3524 Atqui
1561 3462 1803 3525 prapler
1855 3457 1965 3510 hoc
2013 3457 2208 3528 ipsum

563 3557 684 3598 non
717 3541 1011 3595 sustinere
1042 3547 1362 3612 Oporteret,
1397 3543 1500 3597 sed
1533 3544 1579 3598 si
1635 3543 1840 3598 eadem
1891 3551 2085 3599 tecum
2131 3545 2211 3599 di-

563 3632 814 3696 xissent,
837 3637 976 3685 tunc
999 3637 1232 3702 oportet
1261 3633 1573 3688 sustinere.
1607 3635 1676 3688 Et
1699 3634 1860 3700 vide;
1893 3635 2046 3690 682
2073 3651 2210 3690 nam

566 3739 852 3792 magnum
874 3722 1150 3777 imminet
1171 3723 1502 3794 periculum
1521 3724 1570 3778 ei
1592 3723 1692 3794 qui
1715 3740 1834 3778 non
1855 3723 2006 3780 bene
2019 3725 2212 3780 animo

571 3814 840 3870 advertit.
893 3813 1182 3868 Omnibus
1235 3813 1396 3868 enim
1459 3812 1785 3870 haeresibus
1837 3815 1986 3870 viam
2033 3833 2214 3887 praes-

573 3909 799 3961 truunt.
833 3904 918 3958 Ita
945 3903 1352 3976 gloriabantur
1379 3902 1846 3975 pseudapostoli,
1870 3904 2038 3975 quasi
2065 3906 2214 3959 Pau-

573 3993 667 4048 lus
701 3993 1044 4063 imperfecte
1077 3992 1334 4058 doceret,
1367 3992 1478 4064 ipsi
1513 3999 1702 4048 autem
1729 3993 2049 4063 perfectius
2103 3993 2212 4048 ali-

571 4081 714 4152 quid
738 4081 1004 4136 dicerent
1029 4099 1040 4136 :
1074 4083 1370 4152 siquidem
1403 4089 1640 4138 externa
1665 4082 1937 4138 doctrina
1957 4087 2211 4150 utentes,

567 4171 720 4226 veris
753 4171 1123 4244 dogmatibus
1155 4189 1341 4245 nugas
1371 4173 1828 4243 permiscebant,
1862 4172 1994 4228 ideo
2035 4173 2214 4228 etiam

565 4261 787 4316 multos
819 4261 1296 4333 corrumpebant.
1333 4264 1450 4318 Hoc
1479 4263 1675 4333 itaque
1709 4279 1868 4318 nunc
1897 4263 2016 4318 ait:
2049 4263 2106 4318 Si
2157 4263 2215 4316 hi

564 4357 722 4408 certe
756 4351 982 4422 aliquid
1017 4351 1335 4421 perfectius
1365 4351 1590 4416 dicunt,
1625 4357 1682 4406 et
1701 4352 1885 4407 alium
1919 4357 2218 4424 oporteret

564 4439 876 4515 praedicari
931 4440 1251 4500 Christum,
1312 4456 1380 4495 ac
1437 4457 1546 4496 nos
1599 4442 2212 4512 prretermisissemus,

565 4537 725 4588 recte
758 4529 1154 4585 sustineretis.
1201 4533 1516 4600 Propterea
1545 4530 1704 4586 enim
1762 4530 1934 4585 dicit:
1973 4553 2000 4580 (ι
2033 4531 2214 4594 Quem

569 4636 688 4676 non
723 4620 1190 4691 praedicavimus.
1227 4643 1256 4672 ››
1313 4623 1367 4676 Si
1423 4640 1558 4679 vero
1617 4623 1822 4678 eadem
1882 4631 2020 4679 sunt
2076 4625 2212 4680 ﬁdei

567 4711 782 4782 capita,
815 4717 874 4766 et
903 4710 1052 4766 nihil
1085 4711 1341 4784 amplius
1391 4713 1616 4768 dicunt.
1667 4713 1828 4784 quod
1875 4713 1948 4768 ad
2001 4713 2216 4786 dogma

561 4803 775 4854 attinet
807 4817 818 4854 :
853 4801 925 4855 ob
959 4818 1134 4872 quam
1166 4818 1402 4858 causam
1445 4803 1532 4857 illi
1563 4819 1743 4874 supra
1792 4819 1900 4858 nos
1931 4803 1991 4858 in
2017 4803 2206 4859 hono—

562 4905 628 4944 re
659 4889 999 4947 habentur‘?
1031 4892 1566 4964 Quantumcunque
1609 4894 1768 4949 enim
1819 4895 2018 4966 nugati
2067 4893 2202 4950 fue-

561 4978 704 5042 rint,
740 4979 956 5050 inquit,
991 4983 1142 5038 nihil
1174 5000 1352 5056 supra
1382 5001 1491 5039 nos
1517 4983 1794 5040 dixerunt
1849 4989 2065 5056 praeter
2094 4985 2209 5040 fas-

569 5071 696 5126 tum
729 5069 1060 5127 verborum.
1098 5103 1162 5114 -—
1193 5073 1358 5139 Quod
1389 5080 1586 5130 autem
1620 5075 1742 5129 ait:
1781 5097 1800 5121 ι
1854 5077 2029 5130 Recte
2079 5091 2208 5128 sus~

567 5159 860 5222 tineretis,
897 5181 924 5209 ››
951 5178 1073 5218 non
1105 5169 1196 5218 est
1240 5163 1540 5220 laudantis
1595 5164 1778 5220 talem
1831 5164 2212 5231 sententiam,

573 5249 676 5306 sed
707 5248 949 5306 uberius
979 5253 1300 5325 arguentis.
1332 5255 1476 5310 Nam
1507 5255 1683 5326 paulo
1709 5259 1866 5322 ante,
1899 5254 2006 5309 hos
2039 5254 2216 5310 susti-

567 5353 710 5394 nere
745 5339 948 5412 eisque
999 5341 1326 5407 adhaerere,
1379 5343 1822 5415 corruptionem
1875 5343 2211 5416 appellavit.

567 5427 715 5492 Quid
748 5436 837 5486 est
869 5446 1001 5503 ergo
1036 5431 1191 5502 quod
1223 5432 1462 5504 arguit?
1497 5433 1956 5500 Inexcuz-abiles,
1999 5433 2212 5504 inquit,

571 5519 714 5574 estis
746 5519 794 5573 si
823 5519 1122 5582 fallimini,
1157 5521 1394 5590 quando
1429 5523 1663 5593 utrique
1693 5531 1984 5587 nostrum,
2019 5529 2076 5578 et
2107 5539 2216 5576 nos

569 5613 630 5663 et
657 5609 1096 5680 pseudapostoli
1131 5612 1237 5666 ead
1255 5629 1334 5665 im
1367 5613 1636 5666 videmur
1665 5613 1880 5678 dicere,
1922 5621 1980 5666 et
2017 5619 2216 5667 tamen

2303 2012 2545 2075 ἓλάϐετε.
2591 2041 2620 2068 n
2653 2021 2719 2076 ὐ
2775 2015 2884 2074 ἔδει
2941 2015 3128 2076 λαϐεῖν
3177 2021 3336 2093 ὑμᾶς,
3396 2023 3492 2076 καὶ
3550 2019 3652 2076 οὐκ
3705 2015 3906 2079 ἐλάϐετε.

2304 2131 2330 2156 (ι
2367 2109 2436 2163 Ἥ
2470 2106 2799 2182 Εὐαγγέλιον
2824 2105 3030 2182 ἕτερον.
3066 2133 3096 2162 ››
3139 2108 3278 2167 Οὐδέ
3327 2111 3434 2185 γὰρ
3485 2108 3612 2166 οὐδὲ
3657 2113 3802 2166 τοῦτο
3837 2129 3909 2162 σο-

2303 2196 2428 2264 φίας
2453 2195 2620 2251 δεῖται
2651 2201 2746 2267 τῆς
2775 2193 2987 2268 ἔξωθεν.
3033 2200 3233 2254 Σκόπει
3267 2197 3323 2255 δὲ
3353 2205 3473 2262 πῶς
3505 2198 3731 2254 δείκνυσι
3771 2194 3904 2273 μηεὶν

2301 2283 2636 2358 τελειότερον
2668 2285 2842 2362 λέγειν
2871 2287 3123 2349 ἐκείνους.
3177 2312 3204 2341 ‹‹
3237 2293 3331 2341 Ὃν
3382 2289 3485 2343 οὐκ
3534 2287 3857 2362 ἐκηρύξαμεν,
3883 2311 3905 2336 ν

2304 2375 2488 2453 φησῖν,
2547 2377 2667 2433 ‹‹“Ο
2709 2377 2810 2431 οὐκ
2864 2373 3108 2433 ἐλάϐετε.
3145 2401 3171 2428 ››
3230 2376 3328 2432 Καί
3388 2379 3576 2432 πάλιν·
3639 2401 3666 2430 ι(
3719 2379 3781 2434 Ὀ
3831 2373 3906 2429 οὐκ

2303 2462 2562 2534 ἐδέξασθε.
2599 2489 2626 2514 υ
2679 2467 2781 2537 Τῷ
2821 2463 3238 2541 προσδιορισμῷ
3285 2465 3521 2532 δεικνὺς,
3573 2463 3735 2540 μηδὲν
3777 2463 3909 2520 πλέον

2305 2551 2542 2616 ἐκείνους
2569 2551 2862 2612 διδάσκειν.
2895 2554 3037 2614 Οὐδὲ
3064 2555 3166 2630 γάρ
3223 2562 3344 2619 τοῖς
3391 2553 3621 2612 πλείονα
3667 2553 3910 2622 λαλοῦσιν,

2306 2644 2453 2700 ἀλλὰ
2480 2650 2598 2708 τοῖς
2628 2644 2808 2716 άληθῆ
2870 2645 3117 2725 λέγουσι,
3173 2645 3254 2702 δεῖ
3309 2649 3604 2723 προσέχειν
3661 2649 3743 2702 τὸν
3795 2649 3908 2701 νοῦν.

2305 2759 2332 2786 α
2369 2736 2435 2792 Ὅ
2467 2733 2566 2788 οὐκ
2593 2731 2853 2804 ἐδέξασθε.
2893 2738 3008 2794 »Ὃ
3041 2733 3144 2792 ἔδει
3207 2734 3448 2807 δέξασθαι
3503 2739 3662 2810 ὑμᾶς,
3711 2737 3789 2791 καὶ
3831 2734 3908 2789 οὐκ

2307 2821 2568 2892 ἐδέξασθε.
2605 2847 2627 2878 α
2665 2824 2864 2886 Καλῶς
2902 2827 3207 2900 ἠνείχεσθε.
3243 2851 3272 2878 ››
3303 2828 3370 2884 Τί
3427 2825 3628 2901 λέγεις,
3657 2825 3698 2881 ὦ
3731 2823 3907 2891 “aliis;

2309 2913 2337 2968 ὁ
2371 2911 2631 2975 Γαλάταις
2663 2916 2908 2989 γράφων,
2965 2939 2994 2967 ‹‹
3027 2916 3148 2972 Ἐάν
3202 2937 3285 2978 τις
3345 2915 3757 2992 εὖαγγελίζηται
3807 2915 3906 2986 ὑμῖν

2307 3003 2435 3076 παρ’
2467 3001 2496 3056 ὅ
2536 2999 2890 3076 παρελάϐετε,
2947 3003 3189 3078 ἀδάθεμα
3244 3001 3404 3077 ἔστω,
3459 3031 3488 3060 ››
3548 3006 3754 3066 τούτοις
3803 3003 3908 3079 γρά-

2309 3113 2447 3168 φεις,
2483 3119 2506 3144 (ι
2549 3090 2739 3157 Καλῶς
2767 3093 3086 3168 ἠνείχεσθε;
3123 3119 3150 3147 ››
3203 3095 3309 3152 Καὶ
3362 3097 3472 3168 μην
3527 3093 3614 3151 διὰ
3657 3100 3802 3150 τοῦτο
3837 3091 3912 3146 οὐκ

2311 3179 2416 3238 ἔδει
2447 3183 2752 3257 ἀνέχεσθαι.
2786 3184 2852 3241 Εἰ
2885 3181 2941 3239 δὲ
2969 3185 3034 3239 τὰ
3067 3184 3198 3240 αὐτά
3229 3206 3312 3240 σοι
3343 3180 3559 3264 ἔλεγον,
3592 3187 3710 3242 τότε
3757 3184 3912 3258 ἀνέχε-

2246 3295 2288 3361 C
2318 3276 2434 3328 σθαι
2468 3271 2660 3348 ἐχρῆν.
2693 3271 2851 3330 Ἀλλ’
2882 3272 2998 3348 ὅρα.
3035 3276 3216 3352 Μέγας
3272 3275 3376 3350 γάρ
3404 3276 3433 3330 ὁ
3463 3273 3704 3336 κίνδυνος
3746 3271 3912 3361 τῷΔμὴ

2317 3365 2666 3440 προσέχοντι.
2745 3367 2944 3427 ῐΙάσαις
3017 3366 3118 3442 γάρ
3195 3365 3429 3441 αἱρέσεσι
3471 3364 3662 3422 δίδωσι
3699 3359 3910 3439 πρόοδον.

2315 3457 2502 3516 Οὕτως
2535 3455 2844 3528 ἐκόμπαζον
2876 3457 2927 3509 οἳ
2967 3453 3426 3530 ψευδαπόστολοι,
3487 3457 3565 3518 ὠς
3609 3453 3802 3514 ἀτελῶς
3841 3453 3914 3504 τοῦ

2313 3545 2535 3600 Παύλου
2567 3543 2938 3615 διδάσκοντος,
2971 3547 3060 3600 καὶ
3120 3547 3204 3601 ὃτι
3261 3545 3434 3610 αὐτοὶ,
3497 3547 3650 3623 φησὶ,
3701 3542 3845 3599 πλέον
3876 3558 3916 3594 τι

2315 3636 2404 3690 καὶ
2434 3634 2772 3712 τελειότερον
2830 3634 3072 3710 λέγουσι.
3119 3639 3198 3708 Τῇ
3245 3636 3348 3710 γὰρ
3393 3629 3494 3708 ἔξω
3549 3631 3757 3704 παιδείᾳ
3797 3629 3930 3707 χρώ·

2321 3744 2495 3798 μενοι,
2559 3729 2676 3787 τοῖς
2745 3723 2970 3794 ἀληθέσι
3032 3721 3262 3800 δόγμασι
3337 3725 3606 3802 φλυαρίας
3661 3721 3915 3794 ἀνεμίγνυν.

2319 3815 2412 3869 Διὸ
2442 3814 2530 3868 καὶ
2561 3808 2805 3892 ἕιρθειρον
2861 3811 3125 3877 πολλούς.
3183 3816 3358 3871 Τοῦτο
3398 3813 3489 3868 οὖν
3549 3834 3680 3890 φησι
3725 3815 3825 3866 νῦν
3869 3805 3916 3862 Εἴ

2323 3905 2417 3976 μέν
2447 3925 2500 3958 τι
2541 3903 2874 3979 τελειότερςν
2931 3901 3178 3978 λέγουσιν
3242 3904 3414 3972 οὗτοι,
3473 3905 3566 3958 καὶ
3621 3901 3788 3972 ἕτερον
3837 3891 3918 3952 ἔδει

2317 3994 2668 4067 κηρυχθῆναι
2699 3993 2956 4067 Χριστὸν,
2992 3992 3080 4046 καὶ
3127 3995 3291 4063 ἡμεῖς
3339 3989 3736 4066 παρελίπομεν,
3775 3985 3920 4042 καλῶς

2319 4081 2621 4160 ἠνείχεσοε.
2656 4082 2753 4136 Διά
2783 4084 2944 4136 τοῦτο
2992 4081 3093 4156 γάρ
3143 4079 3310 4156 λέγει,
3361 4105 3390 4132 α
3419 4082 3515 4138 "Ov
3577 4080 3670 4134 όύκ
3711 4073 3921 4149 ἐκηρνξα·

2323 4192 2440 4246 μεν.
2477 4195 2505 4223 ››
2539 4170 2602 4229 Εἰ
2635 4167 2690 4226 δὲ
2719 4171 2788 4226 τὰ
2811 4169 2948 4226 αὐτᾶ
2993 4170 3127 4237 ἐστι,
3177 4169 3332 4247 φησὶ,
3381 4177 3479 4238 τῆς
3527 4168 3755 4227 πίστεως
3790 4159 3920 4240 κερά-

2322 4265 2472 4334 λαια,
2505 4266 2594 4320 καὶ
2627 4261 2780 4320 οὐδὲν
2810 4261 2974 4320 πλέον
3009 4263 3218 4338 ἐροῦσιν
3248 4263 3371 4318 ὅσον
3405 4265 3533 4332 ἧκεν
3567 4264 3642 4325 εἷς
3671 4261 3730 4316 τὸ
3759 4255 3920 4331 δόγμα.

2323 4354 2412 4412 διά
2441 4356 2496 4411 τί
2526 4355 2692 4410 πλέον
2721 4348 2911 4434 ἔχουσι
2939 4355 3066 4428 παρ’
3101 4354 3228 4426 ὑμῖν
3271 4353 3465 4409 ἐκεῖνοι
3497 4373 3511 4422 ;
3559 4355 3708 4423 Ὃσῳ
3745 4347 3833 4422 γάρ
3875 4339 3920 4396 ἄν

2321 4446 2700 4526 φλυαρῆσωσι,
2737 4443 2922 4521 φησὶν,
2957 4441 3112 4498 οὐδὲν
3151 4441 3340 4512 πλέον,
3384 4444 3456 4498 ὧν
3504 4445 3685 4516 ἡμεῖς,
3734 4437 3919 4493 εἶποιενν

2321 4534 2468 4604 πλὴν
2535 4539 2632 4590 τοῦ
2688 4534 2905 4606 κόμπου
2960 4538 3068 4588 τῶν
3147 4531 3361 4603 λέξεων,
3413 4567 3486 4576 .-
3539 4533 3718 4604 ΦΩἯ]
3769 4526 3832 4582 Τὸ
3877 4519 3920 4575 δὲ

2323 4651 2350 4677 ‹‹
2413 4624 2606 4686 Καλῶς
2665 4623 3055 4698 ἡνείχεσθε,-ι
3116 4623 3218 4677 οὐκ
3297 4622 3642 4684 ἐπαινοῦντός
3697 4617 3798 4673 ἐπι
3841 4611 3918 4676 τῆν

2323 4718 2576 4788 τοιαύτην
2627 4719 2878 4792 γνώμην,
2967 4714 3093 4770 ἀλλ’
3151 4715 3210 4770 ἐκ
3267 4714 3554 4789 περουσῖας
3629 4712 3918 4792 ἐλέγχοντοςς

2319 4807 2533 4880 Φθορᾶν
2581 4805 2682 4882 γάρ
2739 4807 2844 4874 πρὸ
2907 4809 3127 4877 μικροῦ,
3183 4805 3246 4859 τὸ
3298 4803 3580 4879 ἀνέχεσθαι
3635 4788 3918 4858 τούτωνκαὶ

2319 4895 2610 4970 προσέγειε
2638 4894 2824 4957 αὐτοῖς
2855 4893 3172 4952 ἀπεκάλεσε.
3207 4897 3277 4950 Τί
3326 4895 3417 4948 οὗν
3467 4893 3608 4948 ἐστιν
3635 4894 3662 4948 ’ὀ
3691 4888 3880 4962 ἐλέγχει
3907 4894 3916 4942 ;

2324 4986 2750 5063 Ἀπροφάσιστος
2811 4985 2962 5058 ὑμῶν
3022 4982 3154 5050 ἐστι,
3217 4982 3403 5062 φησὶν,
3469 4984 3503 5051 ἡ
3571 4981 3769 5056 ἀγάπη,
3819 4973 3915 5063 δῖαν

2321 5073 2487 5152 ἄμφω
2519 5077 2680 5148 ἡμῶν
2708 5094 2766 5128 τε
2787 5073 2876 5128 καὶ
2915 5077 3022 5128 τῶν
3075 5068 3534 5146 ψευδαποστόλων
3578 5071 3644 5125 τά
3691 5066 3812 5122 αὐτὰ
3849 5057 3916 5160 5:-

2321 5165 2556 5220 κοόνεων
2612 5163 2810 5240 λέγειν,
2866 5165 3024 5238 ἡμῶν
3087 5162 3184 5236 μὶν
3270 5161 3580 5238 ἀφίστασθε,
3639 5155 3836 5214 ἐκείνοις
3873 5146 3916 5200 εὶ

2321 5254 2692 5326 προστίθεσθε.
2727 5252 2802 5309 0'3
2861 5253 2964 5328 γὰρ
3017 5249 3160 5323 ἕξετε
3215 5252 3480 5330 πρόφασιν
3538 5252 3638 5318 τήν
3673 5241 3918 5306 καινότητα

2321 5350 2422 5412 τῆς
2481 5342 2716 5417 ἀγάπης,
2775 5342 2866 5396 καὶ
2922 5343 2984 5396 τὸ
3041 5339 3450 5416 ἐξηλλαγμένον
3523 5339 3598 5402 είς
3649 5331 3918 5417 τελειότητα

2321 5437 2427 5488 τῶν
2463 5413 2772 5508 δογμάτων.
2839 5429 3012 5486 Ε’ίωοε
3057 5433 3157 5505 γὰρ
3199 5433 3233 5499 ἡ
3266 5413 3552 5498 Ἶκαινότης
3597 5413 3918 5518 ὑπογαργαξξ“

2329 5527 2434 5590 ζειν
2465 5521 2554 5575 καὶ
2613 5519 2925 5597 ἓφέλκεσθαι
2981 5519 3110 5580 τοὺς
3167 5517 3589 5592 ἁπλουστέρους.
3650 5516 3806 5586 Ὑμῖν,
3855 5516 3914 5567 σει

2327 5607 2450 5664 οὐδὲ
2482 5610 2614 5681 αὕτη
2647 5613 2682 5682 ἡ
2716 5610 2982 5688 πρόφασις
3015 5608 3335 5688 ὑπελείφθη.

573 5697 808 5752 anobis
853 5697 1227 5752 discedentes
1270 5699 1392 5753 illis
1445 5699 1800 5754 adhmretis:
1863 5715 1984 5754 non
2043 5702 2204 5756 enim
2259 5701 2632 5758 occasionem
2691 5699 2983 5758 habebitis
3043 5701 3268 5758 fraudis
3324 5701 3662 5768 novitatem,
3715 5699 3768 5750 et
3812 5698 3902 5745 rem

640 5805 688 5841 ⁸³
719 5807 903 5863 Galat.
937 5825 975 5877 ι,
1005 5809 1058 5863 8.
