4128 6192
294 406 450 471 1045

1193 405 1588 469 οοΜΜΕΝΤ.
1635 407 1724 467 ΙΝ
1770 404 2022 466 EPIST.
2070 406 2126 467 Il
2167 409 2271 468 AD
2316 408 2684 471 CORIN'I‘B.

3548 411 3705 472 1οιϐ

297 559 427 600 esse
454 541 760 598 insolitam
792 540 867 598 ad
890 540 1317 614 perfectionem
1347 540 1711 615 dogmatum.
1745 539 1907 597 Solet
1954 539 2112 597 enim
2142 543 2369 600 novitas
2397 542 2637 599 titillare
2667 559 2736 599 ac
2768 542 3160 617 simpliciores
3191 544 3507 613 attrahere,
3539 544 3704 605 vobis

296 638 495 689 autem
526 647 601 686 ne
634 631 761 687 hmo
789 630 1029 703 quidem
1057 631 1287 687 occasio
1314 630 1522 687 relicta
1551 636 1659 687 est.

368 716 672 791 Λογίζομαι
756 719 856 791 γὰρ
935 712 1105 789 μηδὲν

301 805 422 864 λίαν
454 804 797 863 ἀποστόλων.
850 807 917 862 Εἴ
947 803 1004 861 δὲ
1031 804 1121 860 καὶ
1188 801 1414 875 ἰδιώτης
1470 809 1550 877 τῷ
1598 803 1770 879 λόγῳ,
1822 802 1951 860 ἀλλ’

296 894 359 951 οὐ
420 899 487 969 τῇ
545 897 790 969 γνώσει.
854 894 1011 951 Ἀλλ’
1063 893 1117 950 ἐν
1188 895 1346 950 παντὶ
1406 892 1824 971 φανερωθέντες,
1899 891 1950 948 ἐν

298 991 463 1041 πᾶσιν
522 985 598 1047 εἷς
657 986 913 1059 ὑμᾶς.“Η
965 985 1234 1060 ἁμαρτίαν
1295 985 1529 1056 ἐποίησα
1584 983 1813 1057 ἐμαυτὸν
1852 1004 1949 1039 τα-

298 1081 525 1141 πεινῶν,
586 1073 679 1130 ’ίνα
770 1077 927 1146 ὑμεῖς
1007 1076 1265 1149 ὑψωθῆτε
1334 1075 1417 1129 δτι
1482 1071 1685 1147 δωρεὰν
1738 1073 1800 1128 τὸ
1856 1076 1952 1127 τοῦ

301 1168 436 1219 Θεοῦ
515 1162 842 1239 Εὐαγγέλιον
924 1162 1409 1238 εὐηγγελιοσάμην
1469 1162 1647 1237 ὖμῖν;
1734 1161 1950 1223 ’Ἃλλας

302 1250 598 1324 ὶκκλησίας
652 1251 895 1321 ἒσλὸλησα
930 1296 943 1320 ,
1031 1250 1223 1308 λαλὼν
1320 1252 1555 1326 ὀψώνιον
1637 1251 1774 1327 πρὸς
1848 1252 1951 1321 τήν

305 1341 460 1414 ὖμων
490 1338 778 1409 διακονίαν,
809 1341 900 1396 καὶ
944 1342 1135 1414 παρὼν
1194 1342 1333 1416 πρὸς
1378 1342 1516 1414 ὑμᾶς
1568 1340 1658 1395 καὶ
1726 1340 1951 1414 ὑστερη-

302 1432 434 1498 θεὶς,
478 1431 541 1486 οὐ
572 1429 943 1503 κατενέρκησα
978 1428 1218 1492 οὐδενόςο

371 1520 571 1574 Λνιπὸν
617 1525 732 1582 τοῖς
773 1520 897 1594 περὶ
960 1519 1159 1595 Πέτρον
1218 1519 1489 1594 συγκρίνει
1549 1518 1758 1586 ἑαυτὸν,
1788 1520 1950 1572 τοῦτο

298 1606 463 1677 δεῖξαι
499 1606 692 1676 θέλων,
722 1607 893 1665 ὅτιΕἷ
926 1607 1088 1680 ἐμοῦ,
1122 1607 1280 1685 φησὶ,
1311 1606 1479 1663 πλέον
1514 1606 1678 1673 ἴσασι,
1708 1606 1797 1662 καὶ
1820 1604 1953 1661 ὲκεί-

292 1717 420 1752 νων’
457 1696 532 1759 εἰς
562 1699 661 1765 τήν
688 1698 762 1760 εἶς
796 1694 997 1753 ἄτοπον
1028 1698 1336 1775 ἀπαγωγὴν
1399 1699 1576 1775 φέρων
1635 1696 1727 1752 τὸν
1758 1695 1948 1773 λόγον.

291 1789 433 1863 Ὀρα
492 1784 550 1842 δὲ
603 1788 1129 1865 ταπεινοφροσύνην.
1183 1787 1517 1861 Λογίζομαι,
1579 1784 1767 1860 φησὶν,
1840 1785 1952 1840 οἷον

296 1879 560 1952 ἡγοῦμαι.
596 1876 844 1948 Νομίζω,
869 1873 1019 1931 οὐδὲν
1061 1875 1453 1956 ἀποφαντικὸν,
1483 1876 1573 1929 καὶ
1614 1874 1725 1950 οὐχ
1760 1873 1950 1936 ἁπλῶς

299 1962 649 2030 ἀποστόλων,
683 1962 829 2019 ἀλλᾶ
857 1969 964 2019 τῶν
998 1964 1128 2039 ὑπὲρ
1172 1963 1311 2034 λίαν,
1344 1963 1564 2035 Πέτρον,
1620 1962 1711 2019 καὶ
1757 1964 1949 2018 Ἰάκω-

299 2050 420 2121 ϐον,
478 2056 566 2109 καὶ
642 2054 895 2124 Ἰωάννην
954 2053 1372 2128 αἰνιττόμενος,
1429 2057 1599 2107 Τοῦτο
1648 2049 1707 2107 δέ
1761 2073 1948 2131 φησιν,
1981 2092 2029 2157 Β

300 2142 317 2157 .
426 2142 479 2157 η.
605 2144 618 2157 ,
786 2148 811 2157 η
993 2144 1004 2157 .
1110 2140 1229 2157 ..ες
1367 2146 1389 2157 -
1428 2139 1483 2157 κ,
1730 2142 1795 2157 ..Α
1893 2140 1906 2157 ,

297 2142 489 2214 ἐπειδή
524 2144 721 2200 τούτου
753 2148 848 2198 νῦν
879 2144 1061 2218 χρεία.
1110 2140 1393 2217 Ἀλλαχοῦ
1424 2139 1483 2197 δέ
1512 2160 1697 2221 φησιν’
1730 2142 1829 2205 "Oc
1850 2140 1953 2195 οὐκ

296 2233 413 2307 είμῖ
472 2234 655 2296 ἱκανὸς
713 2231 997 2288 καλεῖσθαι
1035 2231 1370 2294 ἀπόστολος,
1430 2258 1458 2282 (ι
1494 2232 1558 2287 El.
1592 2229 1648 2285 δέ
1672 2230 1762 2285 καὶ
1797 2228 1952 2285 ἴδιώ-

296 2343 418 2393 της.
454 2348 476 2373 ιι
512 2318 735 2390 Ἐπειδὴ
792 2321 842 2376 ὲν
903 2322 1082 2395 τούτῳ
1110 2320 1613 2390 ἐνεκαλλωπίζοντο
1677 2320 1729 2374 οἱ
1760 2316 1953 2392 ψευδα-

300 2409 572 2467 πόστολοι
607 2411 681 2472 εἷς
710 2411 773 2465 τὸ
808 2411 883 2483 μὴ
916 2410 1057 2465 εἶναι
1128 2408 1367 2479 ἰδιῶται,
1431 2406 1695 2464 δείκνυσιν
1747 2409 1830 2464 δτι
1889 2407 1952 2463 οὗ

301 2502 484 2579 φεύγει
513 2501 610 2568 τὴν
646 2496 942 2567 ἱδιωτείαν,
969 2498 1115 2555 ἀλλᾶ
1174 2500 1266 2554 καὶ
1319 2499 1628 2572 σεμνύνεται
1678 2496 1762 2552 ἐπ’
1791 2496 1949 2571 αὐτῇ.

308 2592 403 2648 Διὸ
434 2590 525 2645 καὶ
556 2590 765 2661 τίθησιν
813 2590 967 2646 αὐτό.
1035 2590 1139 2645 Καὶ
1198 2587 1448 2664 ἀλκαχοῦ
1506 2585 1563 2643 δὲ
1591 2591 1752 2642 τοῦτο
1782 2591 1950 2656 ποιεῖ,

311 2678 437 2740 ἔνθα
469 2677 696 2735 δείκνυσι
726 2680 787 2735 τὸ
821 2680 956 2734 εἶναι
994 2680 1177 2759 σοφὸν,
1243 2680 1379 2753 πρὸς
1440 2673 1673 2754 βλάϐην·
1731 2678 1790 2733 ’ὀν
1854 2680 1952 2731 τοῦ

306 2769 682 2844 κηρύγματος.
719 2794 745 2821 ‹‹
776 2768 983 2834 Ἦλθον
1006 2775 1124 2843 γᾶρ,
1159 2770 1344 2843 φησὶν,
1404 2768 1473 2823 οὐ
1522 2768 1638 2822 καθ’
1670 2767 1951 2844 ὑπεροχήν

304 2858 479 2933 λόγου
533 2858 744 2935 σοφίας,
796 2858 885 2913 ’ἱνα
936 2859 1011 2931 μή
1053 2859 1265 2932 κενωθῇ
1299 2858 1327 2912 ὁ
1358 2854 1606 2931 σταυρόε.
1643 2881 1669 2908 ››
1707 2890 1775 2899 —
1806 2880 1833 2907 «
1862 2859 1954 2928 Τῷ

304 2945 482 3022 λόγῳ.
516 2969 539 2998 υ
580 2949 790 3021 [ΦΩΤ.]
840 2947 902 3003 Ὀ
960 2946 1127 3023 λόγος
1188 2947 1276 3000 καὶ
1345 2948 1380 3014 ἡ
1435 2949 1657 3020 γνῶσις,
1712 2943 1812 2999 οὐκ
1869 2944 1948 2998 ἀεὶ

295 3036 364 3091 τὰ
396 3035 529 3090 αὐτὰ
559 3035 706 3111 παρὰ
754 3039 835 3106 τῷ
888 3034 1154 3105 Θεσπεσίῳ
1223 3033 1427 3105 Παύλῳ
1494 3033 1766 3106 σημαίνει,
1823 3025 1953 3087 ἀλλ’

301 3124 475 3183 ἰνίοτε
509 3125 602 3200 μὲν
632 3120 798 3202 λόγον
833 3122 1001 3200 λέγει,
1040 3124 1103 3178 τὸ
1136 3117 1282 3198 ἔχειν
1333 3122 1583 3198 χάρισμα
1636 3119 1951 3177 διδασκαλι-

299 3216 413 3282 κὸν,
456 3219 657 3290 γνῶσιν
692 3210 768 3282 δὲ,
797 3214 859 3267 τὸ
893 3214 1124 3267 συνιέναι
1161 3213 1254 3284 μὲν
1301 3212 1395 3266 τὸν
1445 3215 1541 3266 τοῦ
1598 3210 1955 3286 κηρύγματος

297 3302 488 3379 λόγον,
524 3304 599 3378 μὴ
657 3302 844 3376 μέντοι
899 3298 1152 3357 δόνασθαι
1197 3301 1288 3356 καὶ
1339 3300 1555 3376 ἑτέρους
1589 3299 1819 3380 ὠφελεῖν
1860 3299 1951 3355 καὶ

296 3391 591 3450 διδάσκειν·
643 3389 813 3448 ἐνίοτε
887 3390 1054 3466 λόγον
1119 3391 1213 3464 μὶν
1274 3387 1443 3466 λέγει,
1497 3390 1561 3445 τὸ
1619 3388 1949 3465 ἐγγεγυμνάο

300 3496 420 3549 σθαι
466 3486 537 3558 τῇ
569 3480 876 3556 Ἑλληνικῇ
938 3479 1120 3558 coetu,
1172 3476 1342 3553 μηδὲν
1376 3475 1434 3534 δὲ
1483 3486 1582 3548 τῆς
1641 3478 1786 3541 θείας
1830 3498 1953 3551 μετ-

298 3571 469 3649 έχειν,
541 3570 701 3644 μόνον
760 3568 818 3627 δὲ
865 3569 1397 3642 κατεστωμνλῶοθαι
1434 3614 1448 3639 ,
1497 3573 1694 3644 γνῶσιν
1756 3566 1834 3631 δὲ,
1895 3569 1959 3624 τὸ

306 3659 690 3716 τετελειῶσθαι
722 3658 774 3714 ἐν
816 3661 884 3733 τῇ
944 3658 1126 3738 σοςρίᾳ,
1180 3659 1318 3715 ὥστε
1367 3657 1457 3713 καὶ
1517 3657 1676 3712 αὐτὸν
1718 3652 1958 3732 ἀκριϐῶς

312 3748 532 3818 εἰδέναι,
563 3750 652 3804 καὶ
692 3748 905 3826 ἑτέρους
956 3749 1136 3804 ἱκανὸν
1168 3749 1311 3804 εἶναι
1369 3746 1637 3804 διδάσκειν
1691 3748 1781 3803 καὶ
1823 3749 1966 3823 Χρι-

313 3844 430 3911 στῐξ)
460 3840 774 3915 προσάγειν,
826 3839 999 3896 ΙΙαλιν
1030 3836 1087 3894 δὲ
1118 3837 1396 3914 ἀλλαχοῦ,
1430 3837 1597 3916 λόγον
1648 3840 1740 3913 μὲν
1773 3837 1967 3902 ἁπλῶς

314 3928 390 3990 ὠς
421 3927 687 4001 εἰώθαμεν
717 3928 810 3984 τὸν
845 3929 1202 4006 προφορικόν,
1234 3932 1431 4003 γνῶσιν
1466 3925 1544 3999 δὲ,
1581 3929 1680 3998 τὴν
1742 3928 1795 3983 ἐν
1847 3932 1964 3991 τοῖς

311 4014 578 4094 δόγμασιν
612 4014 846 4088 εῗδησιν.
902 4013 1253 4091 Παράδειγμα
1307 4020 1404 4071 τοῦ
1431 4016 1524 4089 μὶν
1564 4018 1808 4091 πρώτου,
1848 4037 1869 4067 ι
1898 4017 1966 4097 ’ᾳ

311 4110 404 4184 μὲν
432 4108 536 4183 γὰρ
581 4104 793 4163 δίδοται
827 4107 996 4182 λόγος
1029 4107 1241 4181 σοφίας,
1274 4104 1435 4179 ἄλλῳ
1494 4103 1551 4162 δὲ
1611 4106 1780 4182 λόγος
1833 4106 1967 4183 γνώ-

310 4219 470 4259 σεωςο
506 4201 599 4251 τοῦ
641 4194 697 4251 δὲ
730 4193 981 4271 δευτέρου
1011 4196 1071 4251 τὸ
1101 4200 1194 4250 νῦν
1226 4198 1606 4270 προκείμενον,
1657 4220 1684 4249 ι(
1713 4194 1967 4264 Ἰδιώτης

306 4293 388 4359 τῷ
418 4285 595 4361 λόγῳ,
631 4285 692 4341 οὐ
731 4290 800 4361 τῇ
840 4286 1057 4361 γνώσει.
1114 4288 1230 4343 Τοῦ
1280 4282 1338 4340 δὲ
1412 4286 1625 4360 τρίτου,
1690 4309 1710 4334 ι
1744 4282 1970 4340 Ἐπλου-

307 4378 529 4445 τίσθητε
560 4375 610 4429 έν
643 4374 811 4446 αὐτῷ,
846 4374 898 4430 ἐν
930 4375 1090 4429 παντὶ
1131 4373 1284 4449 λόγῳ
1314 4375 1410 4428 καὶ
1440 4373 1584 4448 πάσῃ
1615 4374 1831 4449 γνώσει.
1869 4396 1896 4423 »

1199 714 1548 793 ὑστερηκέναι
1624 719 1733 771 τῶν
1819 715 1951 790 ὑπὲρ

2135 721 2230 775 XI.
2264 724 2316 774 5.
2350 724 2403 775 9.
2439 742 2464 773 α
2490 720 2760 777 Arbitror
2789 723 2951 776 enim
2984 737 3078 778 me
3130 720 3319 777 nihilo
3361 721 3705 779 inferiorem

2061 831 2088 858 ‹‹
2105 807 2287 865 fuisse
2310 810 2545 866 eximiis
2574 811 2879 882 apostolis.
2913 811 3197 867 Caeterum
3234 811 3373 867 licet
3395 812 3706 883 imperitus

2062 919 2091 949 (ς
2114 915 2538 965 sermone,non
2559 906 2755 955 tamen
2781 900 3046 957 scientia.
3077 900 3294 955 Verum
3314 901 3532 973 ubique
3564 893 3703 957 mu-

2062 1010 2091 1038 ι(
2110 988 2307 1044 nifesti
2331 1006 2536 1045 sumus
2569 990 2629 1045 in
2677 990 2953 1046 omnibus
3004 1007 3141 1063 erga
3197 1007 3316 1046 vos.
3350 994 3437 1045 An
3472 992 3705 1063 peccavi

2065 1098 2090 1131 α
2120 1078 2413 1150 meipsum
2464 1080 2789 1134 humilians
2820 1085 2884 1134 ut
2908 1097 3007 1134 vos
3055 1080 3491 1145 exaltaremini,
3544 1080 3706 1152 quod

2065 1191 2092 1219 «ι
2112 1170 2367 1241 gratuito
2392 1170 2770 1243 Evangelium
2795 1170 2893 1225 Dei
2912 1169 3354 1241 prmdicaverim
3368 1169 3530 1225 vobis
3551 1170 3709 1225 ταω-

2062 1266 2262 1315 «teras
2282 1259 2562 1315 ecclesias
2586 1258 2959 1331 depra-datus
2970 1277 3099 1316 sum
3115 1266 3355 1332 accepto
3374 1259 3446 1315 ab
3467 1259 3585 1315 illis
3608 1259 3708 1316 sti-

2062 1368 2091 1396 ‹‹
2114 1346 2352 1418 pendio,
2374 1362 2488 1417 quo
2500 1346 3043 1402 vobisinservirem.
3062 1348 3131 1400 Et
3156 1362 3290 1403 cum
3306 1346 3458 1418 apud
3484 1362 3586 1401 vos
3613 1362 3707 1401 es-

2063 1456 2090 1485 ‹‹
2116 1452 2242 1490 sem
2266 1441 2323 1491 et
2350 1451 2604 1509 egerem,
2629 1452 2749 1490 non
2769 1452 3054 1490 onerosus
3076 1436 3161 1491 fui
3184 1436 3485 1507 cuiquam.

2134 1524 2418 1596 Deinceps
2441 1526 2614 1579 Petro
2646 1530 2704 1578 et
2725 1524 2797 1579 iis
2829 1524 2929 1596 qui
2952 1541 3087 1580 cum
3118 1524 3219 1579 illo
3245 1530 3413 1580 erant
3443 1525 3706 1596 seipsum

2060 1620 2384 1685 comparat,
2416 1613 2527 1669 hoc
2548 1613 2861 1669 ostendere
2891 1613 3130 1669 volens:
3193 1614 3248 1668 Si
3308 1630 3424 1678 me,
3489 1612 3705 1684 inquit,

2061 1703 2452 1775 sapientiores
2483 1708 2640 1772 sunt,
2675 1702 2792 1758 illis
2824 1719 3060 1776 quoque
3094 1708 3231 1760 sunt
3264 1703 3655 1775 sapientiores
3686 1716 3702 1756 :

2061 1809 2394 1849 sermonem
2425 1793 2625 1849 ferens
2656 1792 2729 1848 ad
2751 1793 3069 1849 absurdam
3092 1793 3529 1850 deductionem.
3554 1793 3708 1849 Con-

2061 1881 2257 1938 sidera
2285 1889 2485 1938 autem
2507 1898 2686 1955 quam
2716 1882 3026 1937 humiliter
3051 1882 3123 1938 de
3164 1899 3226 1939 se
3267 1884 3501 1939 sentiet.
3533 1881 3709 1937 Arbi-

2060 1978 2202 2035 tror.
2236 1972 2449 2043 inquit,
2482 1972 2593 2027 hoc
2624 1977 2714 2028 est
2744 1972 3038 2040 existimo,
3072 1973 3320 2045 opinor:
3366 1972 3517 2027 nihil
3547 1986 3709 2026 asse-

2059 2079 2218 2117 rens.
2265 2062 2418 2118 683
2470 2063 2549 2117 Ne
2581 2061 2919 2135 vulgaribus
2950 2062 3257 2133 apostolis,
3291 2061 3391 2117 sed
3425 2060 3659 2116 eximiis
3692 2076 3707 2114 :

2064 2151 2620 2219 Petrum,Jacobum
2640 2153 2993 2206 etJoannem
3009 2150 3347 2224 designans.
3369 2151 3488 2205 Hoc
3509 2155 3709 2204 autem

2062 2241 2208 2296 dicit
2233 2241 2391 2312 quod
2423 2256 2549 2296 sese
2580 2257 2739 2296 nunc
2771 2241 2982 2296 offerat
3011 2240 3359 2304 necessitas,
3390 2238 3541 2294 Alibi
3574 2254 3729 2313 vero

2062 2331 2172 2386 ait:
2198 2333 2324 2385 Non
2346 2346 2475 2386 sum
2490 2330 2739 2385 idoneus
2752 2329 2851 2400 qui
2866 2330 3030 2384 dicar
3050 2329 3369 2400 Apostolus
3388 2327 3453 2381 ⁸⁸.
3481 2331 3711 2384 «Caete—

2061 2438 2194 2476 rum
2229 2420 2368 2476 licet
2397 2420 2710 2492 imperitus
2724 2420 2860 2475 sim.
2891 2440 2913 2469 ιο
2948 2418 3239 2484 Quoniam
3271 2419 3331 2472 in
3355 2419 3465 2473 hoc
3493 2417 3709 2491 gloria-

2060 2510 2278 2565 bantur
2303 2508 2744 2581 pseudapostoli
2799 2508 2959 2579 quod
3012 2507 3274 2579 imperiti
3314 2523 3435 2562 non
3486 2512 3707 2574 essent,

2061 2597 2321 2655 ostendit
2348 2597 2505 2670 quod
2535 2614 2656 2652 non
2701 2597 2885 2671 fugiat
2926 2596 3309 2669 imperitiam.
3342 2595 3445 2651 sed
3477 2595 3548 2651 de
3580 2596 3712 2666 ipsa

2063 2688 2241 2744 etiam
2272 2688 2557 2760 glorietur
2587 2691 2645 2742 et
2675 2687 2807 2742 ideo
2840 2686 2901 2741 id
2922 2687 3108 2759 ponit.
3144 2685 3298 2740 Alibi
3329 2699 3467 2739 vero
3528 2685 3708 2738 etiam

2061 2780 2175 2835 hoc
2204 2778 2365 2847 facit,
2400 2778 2499 2832 ubi
2532 2776 2797 2834 ostendit
2844 2775 3003 2847 quod
3061 2792 3189 2830 esse
3249 2775 3581 2846 sapientem
3634 2772 3709 2828 ad

2062 2873 2488 2924 nocumentum
2518 2867 2696 2922 faciat
2724 2864 3184 2937 praedicationis.
3230 2887 3257 2913 ‹‹
3292 2862 3459 2927 Veni,
3493 2862 3708 2934 inquit,

2061 2974 2182 3013 non
2204 2974 2337 3011 cum
2362 2955 2689 3010 eminentia
2720 2954 3014 3009 sermonis
3040 2959 3098 3008 et
3132 2952 3461 3024 sapientiae.
3492 2957 3560 3007 ut
3587 2968 3709 3006 non

2062 3045 2262 3102 inanis
2275 3043 2558 3099 reddatur
2572 3059 2712 3098 crux
2734 3041 3028 3096 Christi“.
3045 3063 3074 3092 »
3092 3072 3159 3081 —
3174 3063 3202 3090 ‹‹
3221 3041 3524 3106 Sermone,
3543 3061 3568 3089 α
3593 3046 3704 3095 etc.

2060 3134 2121 3190 Ὀ
2152 3130 2338 3205 λόγος.
2379 3133 2440 3187 id
2471 3137 2579 3197 est,
2616 3147 2811 3187 sermo
2844 3135 2905 3186 et
2933 3131 2967 3198 ἡ
3019 3131 3241 3203 γνῶσις,
3275 3130 3334 3183 id
3365 3135 3473 3193 est,
3509 3129 3705 3184 scien-

2061 3224 2166 3287 tia,
2201 3238 2320 3277 non
2353 3238 2589 3292 semper
2615 3219 2773 3276 idem
2796 3219 3109 3293 designant
3139 3218 3290 3291 apud
3325 3219 3523 3274 divum
3551 3219 3708 3274 Pau-

2060 3311 2207 3366 lum.
2241 3309 2352 3365 Sed
2383 3308 2681 3364 interdum
2707 3306 2949 3379 quidem
2984 3323 3321 3362 sermonem
3353 3306 3595 3372 habere,
3618 3305 3709 3362 di-

2063 3402 2143 3457 cit
2173 3400 2390 3456 habere
2424 3399 2645 3455 donum
2678 3397 2967 3454 docendi:
3026 3398 3337 3453 scientiam
3366 3413 3502 3452 vero
3535 3396 3713 3453 babe-

2061 3507 2147 3555 re,
2181 3489 2452 3563 designat
2480 3487 2808 3561 intelligere
2839 3487 3080 3558 quidem
3122 3502 3451 3542 sermonem
3494 3486 3712 3559 prmdi-

2069 3580 2341 3643 cationis,
2376 3584 2437 3634 at
2464 3595 2586 3633 non
2619 3594 2793 3651 posse
2824 3577 2971 3633 alios
3002 3594 3237 3649 quoque
3256 3577 3465 3650 juvare
3496 3595 3565 3635 ao
3611 3578 3716 3635 do-

2069 3679 2223 3718 cere.
2257 3664 2512 3719 Rursum
2545 3661 2900 3732 quandoque
2923 3661 3163 3732 quidem
3186 3676 3521 3716 sermonem
3544 3661 3721 3716 habe-

2070 3770 2156 3819 re,
2189 3751 2335 3808 dicit
2382 3751 2770 3808 exercitatum
2825 3749 3065 3821 quidem
3100 3765 3229 3804 esse
3286 3749 3349 3803 in
3380 3750 3717 3804 Graecorum

2072 3840 2385 3912 sapientia,
2419 3839 2522 3895 sed
2547 3838 2694 3893 nihil
2726 3837 2943 3893 habere
2974 3837 3046 3892 de
3069 3836 3284 3902 divina,
3304 3835 3497 3890 solum
3520 3842 3719 3891 autem

2070 3928 2264 3985 verbis
2321 3928 2509 3983 multa
2564 3928 2788 4001 garrire
2837 3942 2850 3980 :
2912 3925 3223 3980 scientiam
3282 3939 3417 3979 vero
3475 3924 3719 3990 habere,

2072 4019 2399 4092 perfectum
2460 4032 2590 4072 esse
2648 4016 2708 4070 in
2756 4013 3189 4086 sapientia:ut
3218 4017 3278 4069 et
3331 4013 3458 4086 ipse
3519 4019 3720 4070 exacte

2072 4126 2197 4164 rem
2232 4106 2481 4173 noverit,
2510 4111 2569 4161 et
2598 4104 2848 4160 idoneus
2880 4103 2955 4158 sit
2985 4103 3083 4174 qui
3111 4103 3259 4159 alios
3305 4102 3531 4169 doceat,
3560 4108 3620 4159 et
3645 4103 3721 4160 ad

2071 4197 2371 4252 Christum
2401 4194 2671 4250 adducat.
2692 4195 2945 4250 Rursum
2970 4198 3168 4248 autem
3200 4192 3340 4248 alibi
3375 4208 3717 4248 sermonem

2076 4284 2318 4357 quidem
2355 4283 2585 4356 vulgari
2619 4282 2794 4337 modo
2822 4282 2986 4347 dicit,
3020 4280 3198 4338 veluti
3229 4282 3428 4337 dicere
3459 4281 3722 4337 solemus

2076 4372 2479 4444 eloquentiam
2511 4371 2630 4426 sive
2662 4372 3111 4443 expressionem
3141 4370 3454 4426 verborum
3481 4387 3494 4424 :
3529 4369 3722 4424 scien—

305 4469 452 4525 tiam
485 4473 684 4523 autem
714 4465 1056 4539 dogmatum
1083 4465 1505 4538 cognitionem.
1538 4463 1887 4535 Exemplum
1918 4463 2095 4536 primi
2118 4468 2207 4519 est
2239 4478 2373 4518 cum
2396 4461 2478 4518 ait
2508 4465 2522 4518 ε
2559 4483 2586 4511 «ι
2620 4461 2765 4517 Huic
2796 4460 3037 4533 quidem
3061 4462 3237 4517 datur
3267 4476 3462 4517 sermo
3493 4458 3723 4531 sapien-

306 4557 429 4619 tiae.
451 4557 553 4612 alii
580 4560 779 4612 autem
804 4571 997 4611 sermo
1028 4554 1291 4611 scientiae
1317 4552 1383 4606 ⁸⁸.
1421 4575 1447 4602 ‹‹
1479 4551 1731 4609 Secundi
1764 4568 1922 4609 vero.
1955 4552 2114 4625 quod
2145 4567 2304 4609 nunc
2333 4551 2684 4624 proponitur
2717 4570 2731 4616 ;
2790 4550 3107 4622 lmperitus
3146 4549 3389 4621 quidem
3423 4564 3720 4618 sermone,

310 4646 417 4703 sed
448 4662 567 4702 non
600 4643 869 4700 scientia.
903 4643 1077 4698 Tertii
1113 4648 1311 4699 autem
1338 4659 1351 4696 :
1386 4665 1411 4692 ‹‹
1447 4642 1625 4698 Ditati
1659 4642 1803 4697 estis
1823 4657 1930 4713 per
1959 4641 2153 4714 ipsum
2184 4641 2247 4697 in
2278 4641 2440 4697 omni
2462 4656 2738 4697 sermone
2769 4646 2829 4695 et
2855 4639 2918 4694 in
2950 4639 3113 4694 omni
3146 4638 3397 4693 scientia
3424 4636 3495 4693 στ.
3533 4660 3563 4687 ››

385 4758 413 4785 «ι
447 4730 602 4789 Ἀλλ’
632 4730 683 4785 ἐν
714 4731 868 4786 παντὶ
900 4730 1293 4809 φανερωθέντες
1328 4728 1509 4802 ἐσμέν.
1547 4754 1574 4780 »
1608 4728 1797 4784 Λείπει
1854 4728 1960 4806 γὰρ
1992 4735 2035 4798 ι)

309 4825 394 4889 τὸ,
430 4846 459 4875 (ι
489 4821 670 4896 ἐσμέν.
704 4846 732 4873 ››
784 4821 941 4889 Οἷον,
1002 4818 1054 4874 ἐν
1087 4820 1246 4875 παντὶ
1287 4819 1731 4895 πεφανερωμένοι
1776 4818 1962 4892 ἔσμεν.

312 4912 381 4968 Τί
414 4907 472 4964 δὲ
503 4909 925 4986 πεφανερώμεθα
960 4909 1089 4980 ὑμῖν
1114 4928 1128 4978 ;
1154 4910 1275 4963 Ὀτι
1307 4906 1459 4963 οὐδὲν
1507 4914 1616 4963 τῶν
1677 4909 1807 4983 ὑπὲρ
1839 4905 1963 4963 λίαν

314 4996 641 5054 ἀποστόλων
691 4998 1076 5073 ὑστερήσαμεν,
1138 4998 1217 5052 ὅτι
1284 4995 1383 5051 οῦκ
1436 4997 1593 5070 ἐσμὲν
1653 4994 1868 5052 ἰδιῶται
1896 5000 1966 5071 τῇ

315 5100 538 5164 γνώσει,
571 5087 696 5143 ἀλλ’
727 5088 905 5142 ἱκανοὶ
939 5084 1145 5157 διδάξαι
1171 5086 1259 5140 καὶ
1314 5091 1602 5141 τελειῶσαι
1659 5085 1711 5140 ὲν
1766 5090 1833 5160 τῇ
1879 5084 1966 5140 πί-

315 5178 560 5247 στει,καί
608 5176 799 5239 ἁπλῶς
854 5174 906 5230 ἐν
962 5174 1123 5230 παντὶ
1172 5174 1487 5250 ἐγνώσμεῡα
1548 5176 1691 5249 ὑμῖν,
1751 5176 1839 5228 καὶ
1872 5172 1970 5229 οὐκ

313 5265 455 5324 ἔστιν
488 5263 719 5339 οὐδεμία
754 5266 882 5339 ὑμῖν
914 5262 1178 5339 ἔγκλησις
1210 5264 1329 5327 καθ’
1361 5266 1544 5335 ἡμῶν,
1579 5260 1704 5318 οὐδὲ
1748 5261 1969 5339 ἀγνοίας

310 5357 605 5431 πρόφασις.
634 5355 680 5409 εἰ
716 5356 793 5428 μὴ
827 5352 928 5428 ἄρα
969 5356 1132 5409 τοῦτο
1197 5352 1461 5427 βούλεσθε
1517 5352 1786 5428 ἁμαρτίας
1841 5351 1972 5427 πρό-

314 5465 471 5525 φασιν
513 5437 726 5512 λαϐεῖν,
758 5442 821 5498 τὸ
855 5439 1026 5514 μηδὲν
1059 5436 1247 5497 λαϐεῖν
1281 5441 1378 5513 ἐμὲ
1420 5440 1470 5512 ἐξ
1497 5441 1674 5514 ῦμῶν.
1708 5444 1882 5496 Τοῦτο
1914 5437 1971 5495 δὲ

314 5535 581 5611 ἰντρέπων
616 5534 801 5613 φησὶν,
824 5535 941 5588 ἀντὶ
960 5537 1079 5591 τοῦ.
1111 5534 1172 5589 Εἰ
1206 5535 1282 5606 μὴ
1307 5530 1409 5608 ἄρα
1455 5533 1521 5587 τὰ
1574 5533 1972 5605 κατορθώματα

391 5737 440 5774 ⁶⁴
467 5740 492 5794 Ι
522 5739 651 5796 Cor.
683 5755 776 5811 xv,
807 5741 860 5795 9.
937 5737 984 5775 ⁸⁵
1014 5736 1035 5794 l
1068 5737 1197 5794 Cor.
1232 5754 1294 5806 ιι,
1331 5740 1379 5793 t.

2146 4754 2173 4785 ιι
2203 4733 2418 4787 Verum
2450 4730 2669 4802 ubique
2718 4728 3017 4785 manifesti
3044 4744 3267 4783 sumus.
3305 4749 3333 4775 »ι
3382 4728 3526 4782 Nam
3558 4726 3725 4782 deest

2075 4820 2259 4893 ἐσμὲν.
2309 4822 2369 4877 id
2428 4827 2539 4887 est,
2599 4837 2824 4877 sumus.
2874 4836 2908 4875 a
2966 4818 3266 4875 communi
3326 4816 3724 4890 intelligentia

2077 4911 2496 4984 supplendum.
2526 4909 2677 4976 Quid
2708 4916 2798 4966 est
2846 4915 3068 4972 autem,
3117 4910 3181 4963 In
3221 4908 3380 4979 quod
3422 4906 3720 4963 manifesti

2079 5017 2284 5057 sumus
2313 4999 2477 5055 vobis
2504 4998 2532 5054 εν
2561 4998 2725 5063 Quod
2768 4999 2831 5053 in
2875 4997 3042 5054 nullo
3071 4996 3386 5052 inferiores
3432 4995 3724 5052 fuerimus

2078 5088 2311 5145 eximiis
2338 5087 2641 5159 apostolis,
2666 5087 2825 5158 quod
2849 5102 2968 5142 non
3000 5084 3727 5158 simusimperitiscientia

2079 5177 2184 5234 sed
2215 5176 2414 5232 idonei
2440 5176 2539 5247 qui
2565 5176 2882 5232 doceamus
2899 5182 2959 5231 et
2977 5174 3357 5248 perﬁciamus
3387 5175 3449 5229 in
3483 5173 3632 5241 fide;
3667 5178 3727 5231 et

2080 5264 2432 5336 simpliciter
2462 5264 2523 5318 in
2573 5263 2849 5319 omnibus
2899 5263 3025 5319 noti
3057 5280 3260 5319 sumus
3290 5263 3454 5319 vobis
3487 5303 3499 5329 ,
3534 5267 3593 5318 et
3648 5276 3725 5317 ne

2079 5370 2198 5410 una
2228 5353 2470 5424 quidem
2501 5354 2803 5409 accusatio
2862 5359 2954 5409 est
2999 5353 3309 5409 adversum
3365 5368 3494 5418 nos,
3525 5366 3720 5422 neque

2078 5442 2430 5517 ignorantiaa
2452 5448 2771 5514 prmtextus
2792 5460 2805 5498 :
2830 5443 2945 5497 nisi
2977 5443 3089 5497 hoc
3110 5441 3379 5497 fortassis
3395 5439 3467 5496 ad
3499 5437 3725 5511 peccati

2081 5532 2453 5588 occasionem
2514 5548 2748 5587 sumere
2802 5531 3016 5597 velitis,
3078 5531 3235 5602 quod
3292 5528 3509 5584 nihila
3555 5526 3724 5581 vobis

1456 5734 1503 5770 σε
1530 5735 1556 5790 1
1585 5733 1716 5793 Cor.
1746 5750 1847 5807 xu,
1877 5702 1959 5792 8."
2004 5733 2050 5771 ιτ
2074 5733 2099 5790 1
2127 5733 2259 5805 Cor,
2291 5748 2330 5802 ι,
2362 5736 2414 5791 s.
