4106 6196
521 361 678 422 1047
1637 355 2055 420 (ΕΟΗΜΕΝῙῙ
2103 351 2176 412 TI

2287 355 2404 416 01E
2449 359 2798 422 lCPlSCOPI

521 497 872 570 acceperim.
920 497 1040 550 Hoc
1095 497 1286 548 autem
1345 491 1778 564 pudefaciendo
1812 490 1975 556 dicit,
2033 507 2102 547 ac
2131 489 2176 546 si

2290 492 2474 563 ἡμῶν,
2531 495 2618 549 καὶ
2709 493 2792 574 ἐφ’
2849 497 2894 570 ᾧ

525 587 785 643 diceret:
821 584 938 639 Nisi
967 582 1253 655 praeclara
1296 583 1562 638 facinora
1621 587 1842 650 nostra,
1879 586 1934 637 et
1965 580 2036 636 de
2068 595 2182 651 quo

524 677 619 732 alii
653 673 1004 746 gloriantur,
1062 673 1189 728 haec
1242 672 1414 727 nobis
1473 672 1545 727 ad
1598 676 1907 742 peccatum
1967 669 2182 724 ducere

524 763 903 820 decrevistis:
943 767 1001 818 et
1031 762 1090 816 id
1123 779 1229 834 per
1260 762 1418 834 quod
1441 762 1762 817 sublimare
1822 779 1923 816 vos
1979 761 2184 816 statuit

523 855 598 911 ad
629 854 817 909 nostri
858 853 1299 908 accusationem
1357 853 1709 924 pervertitis.
1743 853 1896 907 684
1928 853 2046 906 Hoc
2076 869 2180 906 au-

518 950 638 1002 tem
673 943 837 999 Pauli
869 943 1091 997 dictum
1123 948 1213 998 est
1243 943 1625 996 vehementer
1647 943 1706 997 in
1727 943 1843 997 vita
1874 941 2176 997 conﬁdens

519 1034 618 1100 tis,
651 1040 710 1088 et
739 1034 798 1088 in
830 1033 1279 1088 conversatione
1313 1029 1638 1087 secundum
1689 1033 1891 1098 Deum,
1924 1031 2183 1087 ostendit

529 1123 690 1178 enim
721 1122 858 1178 illos
890 1121 1051 1194 ipsos
1083 1121 1234 1176 nihil
1265 1121 1508 1176 omnino
1541 1121 1760 1176 habere
1793 1121 1950 1194 quod
1980 1122 2182 1176 adver-

520 1230 622 1270 sus
661 1230 724 1268 se
753 1212 972 1276 dicant,
1020 1213 1196 1266 etiam
1231 1228 1364 1266 cum
1428 1211 1670 1267 illorum
1702 1217 1908 1284 arguat
1937 1211 2178 1280 ingrati-

521 1303 792 1359 tudinem
825 1319 892 1358 ac
934 1301 1304 1374 pravitatem,
1338 1302 1494 1373 quod
1547 1319 1680 1356 cum
1737 1301 1886 1356 nihil
1937 1300 2179 1356 omnino

521 1397 766 1464 possent
798 1391 857 1446 in
883 1408 949 1445 eo
981 1391 1266 1456 accusari,
1302 1391 1404 1446 sed
1463 1391 1659 1464 potius
1718 1391 1936 1446 mirum
1967 1391 2028 1446 in
2061 1407 2182 1446 mo-

525 1480 663 1536 dum
698 1479 1001 1548 admirari,
1027 1487 1224 1535 tamen
1253 1479 1746 1552 pseudapostolos
1787 1497 1906 1536 non
1959 1479 2177 1546 minus,

523 1570 644 1625 imo
677 1569 855 1625 etiam
887 1570 1075 1642 magis
1123 1585 1300 1640 quam
1333 1570 1582 1624 Paulum
1653 1574 1941 1625 amarent.
1994 1591 2022 1619 «
2055 1571 2180 1624 Non

523 1665 724 1718 tamen
775 1659 1042 1715 scientia.
1079 1681 1107 1709 »
1167 1659 1666 1732 Pseudapostolos
1715 1665 1872 1715 certe
1913 1659 2176 1732 designat

2297 1675 2322 1705 α
2373 1649 2532 1708 Ἀλλ’
2591 1651 2642 1707 ἐν
2700 1655 2861 1708 παντῖ
2920 1654 3390 1728 91v:pm0évrs:.n
3459 1651 3762 1706 Λῖνίττεται
3809 1651 3904 1711 τοὺς

527 1748 628 1822 qui
661 1748 912 1804 scientia
939 1747 1268 1804 secundum
1291 1749 1476 1804 Deum
1508 1749 1768 1821 imperiti
1800 1754 1986 1814 erant,
2021 1747 2176 1819 quod

2289 1737 2767 1814 ψευδαποστόλους
2807 1789 2818 1809 ,
2881 1739 3143 1818 δολερούς
3201 1761 3350 1803 τινας
3408 1740 3504 1795 καὶ
3565 1741 3902 1813 συνεσκιασμὲ-

521 1839 926 1913 perniciosum
958 1844 1046 1894 est
1071 1855 1137 1894 ac
1169 1839 1561 1896 mortiferum.
1624 1861 1652 1888 «
1686 1841 1902 1894 Verum
1960 1837 2176 1910 ubique

2290 1850 2435 1896 νους,
2520 1830 2610 1885 καὶ
2693 1835 3036 1905 προσωπεῖον
3126 1827 3412 1892 εὐλαϐείας
3511 1829 3902 1903 περικειμένους.

521 1931 822 1988 manifesti
857 1947 1082 1986 sumus.
1120 1951 1144 1981 υ
1179 1929 1678 2002 Pseudapostolos
1719 1929 1967 1986 obscure
1997 1929 2176 1985 deno-

2288 1919 2479 1992 Ἡμεῖς
2510 1916 2588 1988 δὲ,
2620 1919 2727 1996 οὐχ
2778 1917 2974 1987 οὕτως,
3024 1919 3208 1997 φησίν.
3259 1920 3347 1976 Ἐν
3411 1918 3583 1974 παντὶ
3640 1917 3736 1993 γὰρ
3765 1918 3902 1990 πράγ-

523 2025 610 2078 tat
639 2021 740 2092 qui
786 2020 976 2076 dolosi
1036 2025 1094 2075 et
1150 2021 1404 2076 contecti
1462 2026 1648 2087 erant,
1701 2019 2055 2092 pietatisque
2113 2035 2176 2074 ac

2293 2029 2441 2082 ματι,
2500 2009 2590 2064 καὶ
2649 2009 2698 2064 ἐν
2767 2014 2926 2064 πᾶσιν
2996 2010 3078 2070 οἷς
3139 2015 3408 2080 ποιοῦμεν
3505 2006 3724 2084 φανεροί
3779 2005 3902 2076 ἐσμεν

521 2109 831 2182 religionis
851 2125 1168 2182 personam
1201 2109 1412 2164 induti.
1448 2111 1561 2164 Nos
1593 2115 1792 2166 autem
1824 2126 1942 2163 non
1969 2109 2072 2176 ita,
2097 2107 2181 2164 in-

525 2197 674 2267 quit,
701 2212 838 2251 nam
865 2195 925 2249 in
953 2195 1114 2250 omni
1135 2212 1196 2250 re
1229 2203 1286 2250 et
1307 2195 1366 2249 in
1390 2195 1617 2250 cunctis
1637 2213 1769 2266 quoe
1802 2195 2032 2268 agimus
2062 2211 2182 2250 ma-

525 2285 724 2342 nifesti
750 2301 955 2340 sumus
978 2301 1113 2356 erga
1139 2301 1259 2346 vos,
1293 2285 1352 2338 in
1381 2285 1564 2352 nulla,
1597 2285 1811 2356 inquit,
1837 2285 2180 2355 duplicitate

527 2381 630 2431 aut
655 2374 1058 2430 simulatione.
1092 2397 1119 2423 «
1157 2377 1244 2428 An
1276 2375 1533 2444 peccavi.
1569 2395 1594 2425 n
1631 2375 1774 2429 Cum
1805 2373 2008 2429 aculeo
2039 2390 2182 2430 usus

529 2470 619 2520 est
647 2464 759 2518 hoc
793 2479 1085 2518 sermone.
1121 2462 1453 2534 Abjectum,
1504 2463 1718 2534 inquit,
1753 2480 1844 2518 me
1877 2461 2093 2518 ducitis
2125 2469 2184 2518 et

525 2555 713 2628 magis
771 2553 984 2610 vilem:
1051 2557 1138 2610 An
1181 2555 1416 2628 peccavi
1474 2554 1630 2626 quod
1691 2555 1983 2628 meipsum
2023 2555 2180 2610 fame

525 2641 942 2714 depresserim,
973 2647 1030 2696 et
1057 2641 1208 2698 nihil
1241 2659 1272 2697 a
1301 2641 1464 2697 vobis
1493 2643 1822 2714 acceperim
1847 2642 1875 2696 ‘2
1905 2643 2043 2708 Hoc,
2077 2642 2178 2708 ait,

517 2730 660 2788 fecit
681 2736 745 2786 ut
773 2747 873 2788 vos
905 2729 978 2786 ad
1000 2747 1069 2786 ea
1099 2748 1228 2803 quae
1259 2731 1361 2786 Dei
1395 2737 1530 2787 sunt
1553 2731 1963 2787 exaltaremini
1989 2749 2002 2788 :
2033 2732 2178 2788 Nam

515 2821 786 2876 videntes
818 2819 975 2893 quod
1005 2819 1155 2876 nihil
1185 2821 1540 2893 acciperem,
1577 2821 2034 2877 aedificabamini
2071 2839 2084 2890 ;
2131 2822 2181 2877 si

517 2915 716 2967 autem
747 2911 1140 2982 accepissemt
1179 2917 1337 2966 certe
1387 2909 1807 2967 oﬂ‘endiculum
1843 2912 2000 2984 passi
2031 2911 2178 2966 fuis-

517 3001 679 3058 setis.
714 3021 742 3048 α
774 2999 1028 3056 Cmteras
1075 3001 1358 3056 ecclesias
1416 3001 1790 3073 depraedatus
1822 3019 1973 3058 sum.
2009 3024 2036 3052 »ι
2089 3006 2184 3056 At-

517 3091 618 3164 qui
650 3095 884 3164 poterat
931 3089 1171 3146 dicere:
1205 3093 1286 3146 Ex
1341 3090 1544 3146 labore
1603 3108 1845 3148 manum
1913 3107 2182 3146 mearum

520 3181 794 3250 edebam,
826 3181 928 3236 sed
959 3179 1325 3252 asperiorem
1372 3181 1598 3236 faciens
1657 3198 1992 3236 sermonem
2024 3197 2036 3236 :
2088 3181 2174 3236 Ab

519 3272 676 3334 aliis,
711 3271 925 3341 inquit,
960 3269 1158 3340 accepi
1183 3287 1314 3340 quae
1333 3269 1494 3325 vobis
1518 3270 2080 3326 submninistrarem
2105 3271 2176 3326 ad

519 3357 1028 3430 prmdicationem.
1088 3355 1253 3419 Quod
1302 3361 1498 3411 autem
1561 3357 1676 3411 ait:
1737 3379 1764 3406 ‹‹
1799 3359 2178 3430 Depraadatus

521 3459 675 3510 sum,
701 3465 727 3493 »
763 3443 822 3497 id
855 3449 962 3506 est,
998 3441 1262 3512 spoliavi,
1289 3442 1526 3498 mudavi
1549 3461 1562 3510 ;
1587 3461 1708 3499 non
1741 3447 1899 3500 enim
1933 3463 1994 3502 se
2024 3447 2180 3502 clan-

519 3532 653 3588 culo
687 3530 985 3602 accepisse
1016 3530 1265 3585 asserit:
1325 3531 1608 3598 minime;
1670 3533 1773 3587 sed
1818 3535 2179 3606 stipendium

517 3621 662 3680 dicit
691 3623 850 3695 ipsos
883 3619 1258 3676 necessarius
1289 3627 1579 3692 sumptus.
1613 3623 1816 3694 Magna
1837 3631 2034 3680 autem
2053 3632 2178 3680 erat

513 3713 753 3770 illorum
785 3709 1084 3767 accusatio
1119 3707 1278 3780 quod
1309 3725 1382 3764 ne
1415 3710 1540 3764 hinc
1571 3710 1811 3782 quidem
1861 3713 1976 3784 ipsi
2023 3731 2175 3786 prae-

511 3805 804 3862 buissent.
837 3798 1120 3870 Quodque
1150 3798 1323 3872 pejus
1356 3805 1444 3856 est
1475 3817 1487 3855 :
1525 3799 1800 3866 Utvobis,
1845 3803 2059 3874 inquit,
2091 3805 2179 3860 in-

515 3894 796 3952 servirem
826 3907 838 3944 :
871 3889 1036 3944 vobis
1069 3890 1224 3944 enim
1257 3889 1608 3962 praedicans,
1661 3891 1734 3948 ab
1766 3891 1899 3948 aliis
1953 3893 2174 3950 alebar.

517 3981 1072 4050 «Etcumprzesens
1131 3996 1322 4036 essem
1386 3981 1540 4054 apud
1592 3997 1691 4035 vos
1743 3987 1800 4036 et
1857 3998 2174 4055 egerem.»

516 4067 752 4139 Triplex
783 4074 912 4123 erat
941 4074 1250 4140 peccatum
1276 4086 1288 4124 :
1323 4075 1382 4124 et
1411 4069 1568 4142 quod
1611 4070 1766 4142 apud
1799 4072 1932 4128 illos
1962 4073 2174 4144 praedi-

517 4163 748 4214 caretet
769 4158 928 4229 quod
947 4159 1281 4214 necessario
1298 4167 1494 4228 egeret
1510 4161 1812 4217 alimento.
1835 4165 1958 4220 Non
1983 4164 2174 4220 solum

518 4252 700 4313 enim.
731 4252 945 4324 inquit,
967 4252 1084 4307 alio
1107 4269 1228 4308 non
1255 4253 1576 4310 mittebatis
1602 4255 1770 4320 mihi,
1801 4258 1958 4330 quod
1989 4261 2176 4314 Mace-

514 4345 700 4404 dones
717 4346 1116 4414 fecerunt,sed
1134 4362 1328 4417 neque
1342 4354 1696 4418 praesentem
1718 4349 1982 4408 alebatis.
2004 4375 2030 4402 «
2049 4355 2176 4408 Non

519 4451 808 4492 onerosus
837 4435 918 4488 fui
954 4451 968 4502 ;
1003 4456 1030 4482 »
1059 4440 1160 4492 aut
1213 4432 1277 4486 οὗ
1337 4453 1730 4506 κατεναρκησα,
1791 4439 1851 4494 id
1911 4447 2001 4496 est
2051 4444 2175 4498 Non

515 4520 686 4576 deses
701 4520 807 4584 fui,
829 4536 947 4576 non
971 4519 1236 4591 dejectus
1257 4536 1384 4574 sum
1405 4521 1902 4586 animo,nonsolvi
1921 4525 2176 4582 toleran-

513 4609 680 4666 tiam.
713 4610 832 4665 Hac
856 4614 1054 4664 autem
1085 4609 1176 4663 via
1206 4607 1389 4663 levius
1433 4610 1626 4666 reddit
1683 4612 1769 4666 eis
1821 4620 2128 4683 peccatum
2157 4634 2171 4686 ς

2287 4613 2383 4667 ὅσα
2413 4610 2582 4684 ἐρχῆν
2617 4607 2826 4682 ἐγένετο
2858 4608 2993 4683 πρὸς
3022 4609 3119 4676 τήν
3177 4609 3331 4680 ὑμῶν
3381 4608 3669 4680 σώτηρίαν,
3697 4597 3789 4674 ἐγὼ
3833 4586 3876 4643 δὲ

517 4696 658 4768 quia
678 4694 982 4767 ergo,ait,«
996 4694 1122 4750 Non
1137 4693 1446 4765 postulavi.
1473 4717 1570 4740 n—
1589 4697 1692 4750 Aut
1713 4696 1880 4752 etiam
1896 4699 1992 4752 hoc
2015 4703 2172 4756 modo

2287 4701 2334 4756 ἐν
2369 4696 2544 4770 ἐνδείᾳ
2572 4693 2860 4772 διέτριϐον.

516 4785 587 4842 Et
617 4785 730 4846 his.
753 4784 966 4856 inquit.
992 4799 1124 4840 cum
1149 4798 1414 4838 carerem
1443 4801 1593 4840 :non
1617 4785 1786 4840 deses
1810 4787 1914 4851 fui,
1939 4792 2396 4866 nonnegligens,
2421 4807 2540 4846 non
2571 4765 2804 4862 segnior
2824 4789 2896 4844 ad
2920 4789 3404 4861 praedicationem
3421 4787 3609 4844 {actus
3627 4795 3742 4842 sum
3761 4795 3774 4844 ;
3793 4765 3870 4829 50d

3763 361 3882 422 1048

2950 493 3118 550 ἄλλοι
3161 498 3508 572 κανδγῶνται,
3564 495 3720 546 ταῦτα
3764 495 3888 562 ἡμῶν

2294 579 2369 642 εἷς
2428 583 2693 658 ἁμαρτίαν
2775 583 3086 663 λογίζεσται
3156 581 3532 661 διεγνώκατε,
3587 578 3675 634 καί
3748 581 3892 662 ἐοίᾧ

2296 670 2507 744 ὑψῶσαι
2569 673 2709 746 ὑμᾶς
2800 671 3152 744 ἐπετήδευε-α,
3233 677 3400 728 τοῦτο
3483 671 3562 732 εἷς
3618 673 3894 746 κατηγορίαν

2289 759 2452 832 ἡμῶν
2527 763 2894 838 περιτρέπετε.
2953 766 3124 819 Τοῦτο
3187 759 3241 817 δὲ
3297 760 3530 816 Παύλου
3625 760 3728 814 ἐστὶ
3803 759 3892 818 λίαν

2291 849 2618 924 θαρροῦντος
2671 853 2748 924 τῷ
2809 854 2936 928 βίῳ,
2999 851 3092 907 καὶ
3147 855 3216 924 τῇ
3273 850 3417 906 κατᾶ
3477 851 3614 904 Θεὸν
3669 849 3893 922 πολιτείᾳ,

2291 937 2374 993 ὅτι
2422 939 2616 1003 αὐτοὺς
2671 939 2906 1003 ἐκείνους
2965 937 3221 1008 δείκνυσι,
3282 937 3461 1013 μηδὲν
3517 937 3662 999 ὅλως
3715 933 3900 1017 ἔχοντας

2289 1027 2457 1082 εἰπεῖν
2507 1031 2623 1084 κατ’
2653 1030 2837 1098 αὐτοῦ,
2869 1029 2956 1085 καὶ
2991 1029 3205 1086 ἐκείνων
3239 1027 3582 1108 ἐλέγχοντος
3639 1030 3728 1096 τήν
3761 1031 3898 1099 ἁγνωο

2293 1116 2535 1187 μοσύνην
2565 1118 2652 1172 καὶ
2687 1117 2971 1189 πονηρίαν,
3004 1112 3086 1172 ὅτι
3152 1115 3318 1190 μηδὲν
3351 1115 3510 1175 ὅλως
3543 1115 3752 1190 ἔχοντες
3777 1117 3900 1190 ἐγκι-

2292 1203 2608 1273 λεῖν,ἀλλὰ
2661 1205 2753 1261 καὶ
2823 1207 3251 1283 ὑπερθαυμάζειν
3319 1205 3477 1268 ὄντες
3540 1201 3900 1275 δίκαιοι,ὃ;ιως

2287 1292 2418 1356 τοὺς
2452 1292 2935 1369 ψευδαποστόλους
2991 1295 3146 1352 οὐδὲν
3202 1293 3460 1364 ἕλοιττον,
3497 1294 3548 1349 εἶ’
3583 1296 3658 1365 μὴ
3685 1296 3764 1348 καὶ
3795 1297 3902 1348 liri-

2292 1381 2396 1439 λου
2458 1383 2671 1457 μᾶλλον
2715 1383 2990 1462 ἔστεργον.
3033 1412 3059 1437 ‹‹
3093 1384 3250 1442 Ἀλλ’
3281 1387 3342 1440 οὗ
3387 1388 3461 1450 τῆ
3503 1385 3716 1458 γνώσει.
3751 1385 3902 1444 »Τοὺς

2291 1471 2765 1546 ψευδαποστόλους
2823 1474 3110 1530 αἰνίττεται
3198 1471 3444 1545 δηλαδή,
3507 1473 3648 1527 κατΞι
3697 1495 3787 1540 την
3831 1471 3904 1526 τοῦ

2289 1566 2422 1618 Θεοῦ
2475 1568 2668 1638 γνῶσιν
2726 1561 2949 1618 ἰδιώτας⁹
3007 1562 3190 1630 ὄντας,
3275 1564 3412 1638 ὅπερ
3475 1561 3623 1617 ἐστιν
3679 1559 3901 1633 ὀλέθριον.

2293 2029 2441 2082 ματι,
2500 2009 2590 2064 καὶ
2649 2009 2698 2064 ἐν
2767 2014 2926 2064 πᾶσιν
2996 2010 3078 2070 οἷς
3139 2015 3408 2080 ποιοῦμεν

2291 2098 2366 2158 εἷς
2419 2099 2579 2170 ὑμᾶς,
2639 2097 2692 2154 ἐν
2751 2097 2981 2172 οὐδεμιᾷ
3045 2097 3340 2172 διπλὸῃ,ἢ
3379 2098 3695 2173 ὑποκρίσει,
3751 2095 3898 2171 φησίν.

2290 2212 2316 2239 (ι
2355 2193 2422 2242 "ll
2452 2189 2718 2264 ἁμαρτίαν
2788 2189 3039 2260 ἐποίησα.
3079 2215 3097 2239 ι
3151 2187 3488 2258 ΙΙληκτικῶς
3548 2193 3628 2260 τῷ
3659 2184 3797 2260 λόγῳ
3837 2185 3904 2238 κέ-

2295 2297 2496 2352 χρηται
2597 2279 3036 2352 Ἀπερῥιμὲνον,
3125 2279 3308 2352 φησῖν,
3397 2281 3632 2354 ἡγεῖσθέ
3710 2295 3770 2348 με
3835 2273 3900 2326 καί

2291 2365 2484 2436 εὐτελῆ
2532 2365 2766 2439 μᾶλλον,
2801 2369 3067 2443 ἁμαρτίαν
3099 2367 3140 2422 εἰ
3199 2367 3434 2436 ἐποίησα
3498 2365 3730 2438 ἐμαυτὸν
3785 2363 3902 2432 λιμῷ

2289 2456 2654 2523 ταπεινώσας,
2708 2457 2798 2511 καὶ
2851 2454 3020 2531 μηδὲν
3081 2452 3263 2512 λαϐὼν
3322 2457 3453 2532 παρ’
3517 2455 3692 2526 ὑμῶν.
3743 2454 3898 2518 Τοῦτο,

2291 2545 2472 2621 φησὶν,
2504 2544 2754 2616 ἐποίησα,
2781 2545 2870 2599 ’ίνα
2909 2546 3067 2618 ὒμεῖς
3099 2545 3175 2607 εἷς
3213 2548 3278 2600 τὰ
3318 2545 3456 2600 κατᾶ
3509 2544 3641 2598 Θεὸν
3673 2542 3901 2615 ὑψωθῆτε.

2287 2633 2552 2709 Ὀρῶντες
2582 2635 2683 2711 γὰρ
2733 2633 2905 2708 μηδὲν
2959 2631 3312 2708 λαμῦἀνοντα
3363 2632 3756 2708 ᾠκοδομεῖσθε.
3787 2628 3836 2684 hi
3861 2625 3902 2680 δὲ

2292 2719 2621 2796 ἐλαμϐανον,
2676 2723 3133 2794 ἐσκανδαλίσθητε
3188 2723 3270 2779 ἂν.
3333 2749 3359 2775 ‹‹
3401 2723 3618 2786 ’Άλλας
3656 2717 3900 2788 ἐκκλησίας

2292 2811 2550 2883 ἐσύλησα.
2585 2836 2612 2865 »
2669 2815 2866 2870 Καίτοι
2898 2811 3133 2885 ἠδύνατο
3184 2814 3376 2885 εἰπεῖν,
3409 2812 3498 2868 ὅτι
3533 2813 3627 2868 Ἐκ
3673 2813 3772 2865 τῶν
3805 2826 3898 2882 χει·

2293 2907 2398 2979 ρῶν
2465 2924 2568 2975 μου
2625 2901 2816 2972 ’ἤσθιον
2851 2946 2864 2970 ,
2917 2902 3062 2958 ἀλλᾶ
3121 2903 3580 2976 πληκτικώτερον
3627 2901 3714 2954 τὸν
3768 2896 3895 2970 λόγον

2289 2996 2482 3062 ποιῶν,
2515 2991 2665 3070 φησί·
2703 2993 2832 3068 Ι]αρ’
2891 2991 3076 3047 ἄλλων
3136 2987 3357 3058 ἔλαϐον,
3391 2992 3524 3064 ὑμῖν
3585 2984 3896 3056 διακονούμε-

2289 3101 2380 3142 νος
2411 3082 2486 3143 εἷς
2517 3083 2578 3135 τὸ
2610 3082 2888 3156 κήρυγμα.
2921 3081 2996 3137 Τὸ
3056 3079 3131 3147 δὲ,
3168 3105 3195 3132 ‹‹
3229 3080 3494 3150 ἐσύλησα,
3533 3105 3561 3128 ιι
3612 3080 3724 3133 οἷον
3775 3071 3892 3129 ἐπύ-

2291 3169 2476 3241 λευσα,
2528 3168 2836 3246 ἐγύμνωσα.
2889 3171 2962 3226 Οὐ
3020 3171 3124 3244 γὰρ
3165 3171 3227 3224 τὸ
3286 3168 3462 3234 λάθεα
3525 3164 3710 3226 λαϐεῖν
3761 3164 3892 3236 λέγει.

2288 3259 2476 3336 ἄπαγε.
2509 3261 2585 3316 Τὸ
2619 3257 2675 3313 δὲ
2707 3257 2943 3332 ὀψώνιον
2977 3257 3150 3330 δηλοῖ
3201 3259 3337 3313 αὐτᾶ
3372 3259 3439 3313 τὰ
3471 3259 3728 3334 ἀναγκαῖα
3754 3249 3892 3307 δαπα-

2285 3361 2546 3431 νήματα·
2609 3357 2835 3433 Μεγάλη
2898 3353 2955 3412 δὲ
3009 3356 3220 3413 ἐκείνων
3278 3356 3610 3433 κατηγορία,
3671 3353 3747 3408 ὅτι
3789 3345 3886 3404 οὒδέ

2286 3455 2455 3504 ταῦτα
2489 3449 2634 3519 αὐτῷ
2675 3453 2966 3523 παρεῖχον,
3011 3446 3123 3514 καὶ,
3153 3447 3216 3501 τὸ
3250 3451 3437 3525 χεῖρον
3505 3445 3590 3501 ὅτι
3645 3443 3768 3516 πρὸς
3815 3437 3886 3504 τήν

2289 3539 2464 3612 ὑμῶν,
2508 3535 2660 3615 φησί,
2711 3533 3009 3591 διακονίαν.
3066 3536 3218 3608 Ὑμῖν
3277 3535 3378 3612 γὰρ
3434 3533 3742 3610 κηρύσσων,
3793 3523 3888 3597 παρ’

2287 3626 2474 3682 ἄλλων
2507 3626 2838 3703 ἐτρεφόμην.
2873 3648 2896 3678 α
2933 3624 3030 3680 Καὶ
3063 3625 3250 3699 παρὼν
3284 3625 3418 3698 πρὸς
3453 3625 3600 3698 ὑμᾶς
3651 3619 3735 3674 καὶ
3771 3616 3886 3670 ὑστε-

2289 3718 2496 3794 ρηθείς.
2533 3741 2560 3769 ››
2591 3713 2865 3793 Τριπλοῦν
2897 3717 2960 3772 τὸ
2991 3712 3270 3793 ἔγκλημα,
3299 3714 3384 3770 ὅτι
3443 3715 3538 3770 καὶ
3598 3711 3716 3786 παρ’
3745 3706 3887 3794 aurei:

2286 3807 2349 3880 ᾖν
2386 3805 2696 3882 ληρύσσων,
2728 3805 2820 3860 καὶ
2851 3809 2950 3870 τῆς
2989 3803 3285 3882 ἀναγκαίας
3345 3799 3546 3878 ἔχρῃζε
3603 3804 3806 3878 τροφῆς.
3832 3787 3881 3844 οὗ

2287 3897 2454 3966 μόνον
2483 3896 2584 3970 γὰρ
2617 3893 2840 3969 ἐτέρωθι
2890 3893 2988 3949 οὐκ
3047 3891 3322 3967 ἐπέμψατέ
3383 3915 3500 3967 μοι,
3559 3889 3735 3970 φησὶν,
3787 3881 3883 3954 ὅπερ

2288 3982 2593 4044 Μακεδόνες
2650 3982 2952 4053 ἐποίησαν,
3001 3983 3129 4040 ἀλλ’
3185 3981 3312 4038 οὐδὲ
3367 3979 3611 4055 παρόντα
3663 3974 3882 4054 ἐτρέοετε.

2286 4097 2313 4126 α
2349 4073 2427 4132 Οὐ
2495 4073 2886 4144 κατενάρκησα.
2921 4094 2945 4126 n
2983 4107 3050 4117 -—
3081 4075 3410 4148 [eamea]
3459 4074 3591 4130 Οἴον
3648 4067 3737 4123 οόκ
3785 4057 3882 4129 ἠτό-

2285 4183 2444 4231 νησα,
2479 4159 2603 4217 οὐδὲ
2633 4159 2852 4232 ἐξέλυσα
2899 4163 2998 4230 τήν
3055 4163 3362 4234 ὑπομονήν.
3423 4161 3609 4236 Ταύτῃ
3665 4159 3757 4234 γᾶρ
3783 4167 3882 4204 κου’

2285 4254 2509 4332 φότερον
2559 4250 2744 4316 αὐτοῖς
2791 4257 2938 4306 ποέῖ
2982 4251 3044 4307 τὸ
3099 4246 3371 4326 ἔγκλημα,
3423 4251 3508 4305 δτι
3567 4249 3690 4324 ἐγὼ,
3737 4236 3866 4316 φησὶν

2285 4331 2313 4394 (ξ
2348 4341 2446 4396 οὐκ
2474 4343 2671 4418 ᾔτησα.
2707 4363 2731 4393 n
2762 4374 2826 4383 —
2855 4341 3036 4398 ’Ἦκαῖ
3061 4341 3256 4403 οὕτως.
3291 4341 3392 4399 Καὶ
3424 4345 3610 4408 ταῦτα,
3643 4331 3878 4410 φησῖ.στε’

2287 4433 2493 4507 ρηθεῖς,
2529 4431 2587 4486 οὐ
2619 4431 3011 4504 κατενάρκησα,
3072 4426 3196 4485 οὐδὲ
3253 4427 3536 4502 ἠμέλησα,
3637 4414 3880 4520 ῥαθυμάτῗσ

2287 4543 2378 4598 ρος
2403 4521 2537 4596 πρὸς
2565 4521 2627 4575 τὸ
2659 4522 2951 4595 κρήρυγμα
2977 4517 3196 4596 γέγονα,
3251 4515 3398 4574 ἀλλᾶ
3455 4521 3582 4594 παρ’
3637 4513 3757 4587 ἱεμοὗ

519 4889 555 4928 a
577 4888 670 4928 me
685 4871 924 4944 quidem
944 4873 1094 4930 685
1124 4873 1278 4930 facta
1291 4874 1514 4930 suntad
1531 4881 1784 4930 vestram
1803 4875 2054 4934 salutem
2071 4897 2440 4954 quaecunque
2457 4879 2580 4936 fieri
2607 4879 2887 4950 oportuit,
2909 4895 3014 4950 ego
3033 4885 3232 4934 tamen
3257 4878 3318 4932 in
3342 4884 3600 4950 egestate
3617 4867 3864 4954 degebam;

585 4962 688 5028 XI,
722 4963 870 5016 9-12.
907 4983 936 5010 «
959 4963 1100 5019 Nam
1133 4962 1290 5036 quod
1311 4965 1456 5020 mihi
1497 4964 1699 5021 deerat
1751 4966 2172 5038 suppleverunt

514 5073 545 5102 α
563 5051 775 5107 fratres
787 5051 888 5122 qui
901 5060 1230 5109 veneranta
1248 5055 1618 5112 Macedonia:
1642 5061 1701 5112 et
1718 5057 1778 5112 in
1793 5058 2067 5115 omnibus
2082 5060 2165 5116 sic

513 5161 544 5193 α
563 5157 662 5200 me
680 5140 986 5197 servabam
1005 5159 1097 5196 me
1115 5143 1278 5200 vobis
1293 5161 1482 5201 essem
1516 5163 1824 5212 onerosus,
1839 5155 2016 5220 atque
2043 5166 2165 5205 ser-

515 5249 538 5282 α
561 5230 728 5285 vabo.
750 5231 852 5284 Est
868 5231 1081 5286 veritas
1103 5233 1317 5288 Christi
1341 5235 1508 5290 inme
1531 5237 1688 5308 quod
1724 5237 1850 5292 hmc
1893 5238 2165 5310 gloriatio

509 5341 538 5369 α
558 5335 680 5374 non
711 5317 936 5374 interru
948 5323 1181 5389 mpetur
1198 5336 1336 5392 erga
1355 5338 1448 5375 me
1467 5323 1526 5378 in
1547 5325 1884 5398 regionibus
1907 5327 2162 5384 Achaiae.

510 5430 538 5460 ‹‹
563 5407 970 5481 Quapropter?
987 5419 1072 5462 An
1097 5408 1253 5478 quod
1270 5425 1388 5464 non
1410 5411 1648 5485 diligam
1675 5415 1968 5470 vos?Deus
1982 5417 2165 5486 novit,

514 5519 544 5548 ι(
572 5513 773 5554 verum
791 5496 950 5568 quod
975 5497 1152 5566 facio,
1173 5497 1327 5553 idem
1349 5505 1404 5552 et
1423 5501 1654 5560 faciam.
1681 5509 1742 5558 ut
1757 5511 2061 5574 amputem
2079 5522 2170 5562 oc-

511 5606 540 5638 α
572 5589 874 5644 casionem
899 5587 991 5642 his
1040 5587 1140 5660 qui
1168 5587 1418 5659 cupiunt
1455 5591 1828 5647 occasionem
1863 5599 1922 5647 ut
1956 5594 2016 5649 in
2049 5610 2166 5666 quo

511 5691 546 5726 et
574 5677 923 5748 gloriantur,
956 5676 1334 5750 reperiantur
1363 5675 1516 5734 sicut
1546 5683 1603 5733 et
1631 5693 1759 5735 nos.
1797 5701 1824 5728 ››

2351 4935 2364 4954 ι
2515 4935 2520 4936 γ
2647 4935 2664 4950 ι
2873 4935 2886 4943 ι
2945 4935 2976 4950 υ
3375 4935 3407 4950 υ
3686 4935 3712 4944 ..

2351 4970 2423 5026 Τὸ
2525 4967 2626 5042 γὰρ
2701 4966 2981 5039 ὑστέρημά
3060 4987 3164 5039 μου
3265 4963 3772 5050 προσανεπλῆριυσαν
3829 4935 3864 5050 οἳ

2279 5055 2527 5132 ἀδελφοὶ,
2591 5055 2835 5116 ἐλθόντες
2894 5055 2999 5109 ἀπὸ
3087 5051 3436 5124 Μακεδονίας,
3521 5054 3610 5108 καὶ
3659 5049 3705 5104 ἐν
3747 5055 3864 5096 παντί

2275 5145 2451 5222 ἀδαρῆ
2514 5145 2639 5220 ὑμῖν
2689 5143 2919 5217 ἐμαυτὸν
2981 5143 3241 5218 ἐτήρησα,
3290 5145 3380 5198 καὶ
3432 5145 3673 5216 τηρήσω.
3725 5133 3864 5222 “Etim

2278 5215 2505 5307 ἀλήθεια
2549 5215 2796 5310 ⁷Χριστοῦ
2877 5232 2930 5288 ἐν
3017 5215 3164 5306 ἐμοί,
3225 5237 3310 5290 ὅτι
3368 5237 3403 5304 ἡ
3461 5215 3716 5308 καύχησις
3762 5215 3860 5316 αὔξη

2278 5326 2339 5382 οὐ
2425 5327 2760 5405 φραγήσεται
2847 5322 2923 5384 εἷς
3010 5321 3125 5395 ἐμὲ,
3201 5323 3251 5377 ἐν
3331 5329 3446 5384 τοῖς
3530 5322 3738 5392 κλίμασι
3771 5319 3856 5406 -τξῗ

2277 5403 2530 5490 Ἀχαίας.
2563 5413 2660 5470 Διά
2713 5415 2816 5480 τί;
2885 5407 2970 5465 ὅτι
3027 5412 3123 5465 οὐκ
3181 5413 3368 5486 ἀγαπῶ
3429 5411 3613 5485 ὑμᾶς-ς
3663 5407 3716 5462 Ὁ
3765 5403 3860 5490 θερί

2277 5503 2442 5560 οἶδεν.
2494 5504 2562 5560 Ὀ
2621 5499 2678 5556 δὲ
2732 5503 2874 5554 ποιῶ
2931 5499 3018 5552 καὶ
3079 5502 3296 5570 ποιήσω
3331 5545 3346 5570 ,
3398 5500 3486 5554 ἳνα
3543 5497 3737 5570 ἐκκόψω
3781 5477 3852 5546 τὴν

2277 5593 2531 5670 ἀφορμὴν
2586 5595 2693 5644 τῶν
2756 5587 3004 5644 θελόντον
3081 5590 3359 5664 ἃφορμὴν,
3415 5587 3504 5642 ’ἱνα
3565 5585 3615 5642 ἐν
3671 5580 3710 5654 ᾤ
3753 5587 3854 5628 καθ’

2276 5687 2506 5757 χῶνται,
2533 5680 2786 5753 εὑρεθῶσι
2819 5677 2998 5740 καθὼς
3030 5678 3116 5732 καί
3151 5679 3334 5751 ἡμεῖς.
3549 5721 3556 5728 -
3723 5735 3740 5760 .__
3767 5733 3828 5776 Γ,

3835 5893 3854 5924 ε

3805 5933 3858 5958 ἰιι
