4128 6192
308 391 465 455 1049

1227 390 1618 452 COMMENT.
1670 393 1749 454 IN
1796 390 2044 452 EPIST.
2096 393 2146 452 II
2194 394 2294 452 Al)
2341 393 2712 456 C(JRINTH.

3562 395 3718 456 l050

378 527 474 582 Ἐκ
503 529 600 582 τοῦ
659 523 851 580 ιῗπεῖνο
910 521 1238 599 ’Υστὲρημα,
1297 521 1531 578 δείκνυσι
1593 521 1759 598 μηδεν
1827 522 1955 592 ὗπὶρ

2141 528 2220 583 Ex
2256 545 2322 582 eo
2356 528 2512 599 quod
2545 527 2663 582 ait:
2698 526 2863 592 Quod
2897 527 3120 593 deerat,
3154 527 3414 583 ostendit
3443 546 3504 583 se
3563 529 3715 586 nihil

305 615 409 681 τὴν
443 613 740 692 αναγκαίαν
771 609 958 668 λαϐὼν
1006 611 1216 687 χρείαν.
1275 612 1560 685 Ἐπεμψαν
1606 611 1662 668 δὶ
1711 613 1859 686 αύτῷ
1908 613 1960 669 οἱ

307 703 683 772 Φιλιππήσιοι
743 703 838 756 Διᾶ
875 704 1036 756 τοῦτο
1069 699 1125 757 δὶ
1153 701 1242 755 καὶ
1290 698 1534 774 τοῦνομα
1580 702 1835 768 τέθεικεν,
1885 701 1961 763 είς

309 793 651 866 ζηλοτυπίαν
711 793 907 851 αὐτοὺς
969 791 1351 862 ἑλεημοσύνης
1431 789 1598 869 ἄγων,
1662 815 1690 842 ‹‹
1752 792 1854 849 Καὶ
1911 790 1962 846 ἐν

308 883 469 938 παντὶ
537 877 716 955 ἀϐαρῆ
776 880 1028 954 ἐμαυτόν.
1092 904 1120 932 ››
1177 881 1442 936 Δείιινυσιν
1501 879 1586 935 ὅτι
1641 881 1731 934 καὶ
1793 881 1958 956 βάρος

309 974 564 1048 ἡγοῦντο,
617 971 711 1032 τὰς
760 971 965 1048 τροφᾶς
1012 968 1158 1042 αὐτῷ
1209 974 1602 1044 χορηγοῦντες.
1655 968 1852 1032 Καλῶς
1903 969 1961 1026 δὲ

307 1061 389 1117 τὸ,
427 1084 447 1110 ι
481 1062 743 1135 Τηρήσω.
783 1082 806 1110 ν
853 1061 938 1129 Mi;
991 1059 1094 1135 γαρ
1142 1059 1428 1132 νομίσητε,
1475 1057 1629 1138 φησῖ,
1678 1059 1842 1113 ταῦτά
1894 1080 1960 1133 με

309 1149 600 1224 εἰρηκέναι,
628 1147 717 1204 ’ἱνα
745 1152 842 1204 τοῦ
874 1146 1074 1202 λοιποῦ
1115 1143 1270 1202 λάϐω
1313 1149 1438 1222 παρ’
1495 1149 1668 1220 ὑμῶν.
1721 1148 1799 1202 Οὐ
1854 1150 1959 1220 μό-

309 1259 402 1293 νον
433 1260 536 1314 γαρ
569 1238 828 1314 ἰττςρησα,
861 1237 1008 1294 ἀλλὰ
1037 1240 1127 1294 καὶ
1158 1239 1406 1313 τηρήσω.
1442 1263 1469 1289 ‹‹
1503 1240 1686 1294 Ἔστιν
1729 1236 1960 1310 ἀλήθεια

308 1331 547 1404 Χριστοῦ
582 1329 631 1384 ἐν
671 1328 815 1401 ἐμοί.
855 1354 880 1380 ι)
917 1331 1052 1384 Εἶτα
1084 1327 1179 1383 ’ίνα
1231 1331 1306 1402 μή
1356 1333 1624 1403 νομίσωσι
1671 1333 1838 1384 ταῦτα
1882 1329 1960 1384 εί-

315 1417 532 1495 ρηκέναι
566 1419 725 1474 αὑτὸν
750 1418 842 1472 ’ίνα
889 1419 1085 1481 αὖτοὺς
1122 1417 1482 1488 ἐπισπάσηται
1533 1420 1668 1491 πρὸς
1718 1419 1780 1472 τὸ
1829 1415 1951 1473 δοῦ·

309 1531 416 1572 ναι,
477 1509 662 1589 φησίν*
723 1533 750 1560 ‹‹
808 1511 990 1564 Ἔστιν
1047 1507 1275 1578 ἀλήθεια
1329 1509 1566 1580 Χριστοῦ
1626 1505 1679 1562 ἐν
1737 1507 1883 1579 ἐμοί.
1928 1531 1957 1560 ››

308 1596 602 1667 τουτέστιν,
637 1598 923 1669 ἀληθεύων
973 1595 1139 1672 λέγω,
1187 1597 1272 1652 ’ὁτι
1321 1599 1355 1667 ἡ
1405 1597 1679 1673 καύχησις
1727 1598 1888 1670 αὕτη,
1920 1601 1954 1669 ἡ

307 1692 405 1742 τοῦ
441 1689 516 1760 μή
547 1681 733 1743 λαϐεῖν
783 1684 1021 1757 δηλαδή.
1086 1687 1366 1765 Καύχησιν
1435 1683 1491 1742 δὲ
1542 1687 1742 1758 ταύτην
1779 1686 1957 1756 καλεῖ,

303 1775 394 1831 ’ίνα
429 1779 504 1850 μὴ
536 1778 834 1850 νομίσωσιν
861 1776 1172 1851 ὀργίζεσθαι
1213 1776 1373 1831 αὐτὸν
1423 1776 1509 1851 ἐφ’
1555 1779 1639 1838 οἷς
1688 1775 1788 1831 οὐκ
1829 1774 1956 1832 ἒλα-

309 1863 422 1924 ϐεν.
479 1891 506 1920 ιι
540 1868 612 1921 Οὐ
669 1869 1087 1946 φραγήσεται.»
1145 1867 1452 1929 Τουτέστιν,
1515 1865 1612 1920 οὐκ
1661 1865 1958 1936 ὲκκοπήσεο
1988 1893 2034 1958 Β

305 1976 416 2025 ται,
449 1953 575 2011 οὐδὲ⁹
606 1953 896 2030 διαλείψει.
934 1960 1056 2016 Πῶς
1089 1952 1146 2010 δὲ
1176 1955 1241 2009 οὐ
1273 1951 1543 2028 διαλείψει
1570 1974 1583 2021 ;
1619 1953 1661 2008 εἰ
1722 1954 1810 2008 καὶ
1859 1959 1956 2011 τοῦ

308 2045 509 2101 λοιποῦ
544 2047 620 2118 μή
656 2040 823 2120 λάϐῃ.
859 2069 885 2097 ‹‹
915 2047 1005 2100 Ἐν
1039 2042 1143 2120 ὅλῃ
1178 2047 1246 2117 τῇ
1277 2044 1498 2120 Ἀχαίᾳ.
1535 2066 1563 2093 ι)
1597 2045 1855 2100 Τουτέστι
1886 2048 1955 2119 τῇ

309 2134 575 2210 ἐπαρχίᾳ,
616 2136 682 2190 Ἦ
717 2135 860 2203 δτιὴ
893 2134 1166 2213 καύχησις
1213 2136 1246 2202 ἡ
1299 2132 1706 2208 προσγενομένη
1761 2154 1854 2206 μοι
1903 2133 1956 2188 ἐν

305 2230 424 2287 τοῖς
467 2225 696 2298 κλίμασι
745 2230 843 2290 τῆς
894 2222 1146 2298 Ἀχαίας,
1197 2221 1281 2278 ὅτι
1332 2220 1535 2295 δωρεὰν
1591 2223 1842 2297 ἐκήρυξα,
1893 2221 1956 2277 ού

308 2316 660 2392 φραγήσεται.
698 2309 915 2388 Σφόδρα
975 2309 1031 2366 δε
1088 2312 1263 2368 αὐτῶν
1320 2313 1394 2373 ὡς
1453 2311 1685 2366 ἀσθενῶν
1747 2310 1960 2385 κατεγί-

309 2423 507 2466 νωσκε,
539 2402 666 2477 παρ’
699 2399 874 2455 αὐτῶν
933 2402 1008 2471 μὴ
1069 2395 1269 2455 λαϐών.
1333 2401 1397 2456 Εἰ
1454 2401 1558 2476 γὰρ
1619 2399 1704 2455 ἐπὶ
1771 2399 1956 2472 τούτῳ

305 2492 603 2570 ἐκαυχᾶτο,
636 2487 881 2562 οὐδαμοῦ
909 2485 1097 2545 λαϐεῖν
1129 2487 1257 2545 ἔδει.
1311 2490 1375 2546 El
1415 2488 1472 2544 δε
1520 2488 1774 2568 ἀλλαχοῦ
1821 2490 1955 2564 γράο

309 2603 417 2658 φει,
450 2582 522 2642 ὡς
580 2581 724 2655 παρᾶ
783 2577 1248 2634 εύσκανόαλίστων
1299 2580 1510 2635 τούτων
1562 2580 1661 2635 οὐκ
1707 2579 1952 2656 εἴληφεν.

311 2671 490 2729 α’Ὀτι
535 2671 636 2724 οὐκ
691 2672 882 2745 ἀγαπῶ
951 2668 1111 2742 ὑμᾶς.
1172 2693 1199 2720 ››
1255 2669 1319 2725 Τί
1378 2669 1508 2736 οῦν;
1572 2676 1746 2742 μισεῖς
1804 2673 1956 2744 ἡμᾶς

308 2759 398 2814 καὶ
433 2757 521 2814 διὰ
545 2764 705 2814 τοῦτο
739 2757 889 2813 οὐδὲν
926 2759 1052 2832 αίρῇ
1086 2755 1272 2813 λαϐεῖν
1306 2760 1433 2832 παρ’
1480 2762 1680 2832 ἡμῶνς
1713 2761 1775 2817 Ὀ
1824 2760 1955 2822 Θεὸς

310 2847 440 2914 οἶδε,
473 2849 654 2928 φησὶν,
698 2849 783 2902 ’ὁτι
823 2846 884 2902 οὐ
952 2845 1041 2902 διὰ
1097 2852 1258 2902 τοῦτο
1317 2843 1504 2903 λαϐεῖν
1560 2853 1954 2924 παραιτοῦμαι,

309 2937 454 2994 ἀλλὰ
487 2936 558 2994 δι’
589 2938 619 2994 ὅ
649 2937 818 3012 λέγει.
853 2963 881 2989 α
913 2940 983 2996 Ὀ
1012 2935 1069 2993 δὲ
1097 2943 1262 2994 ποιῶ.
1300 2962 1320 2990 ι
1360 2939 1510 2994 η’)ιῶ
1537 2936 1613 3004 δὲ,
1645 2940 1707 2994 τὸ
1747 2936 1957 2996 ἀδαπά-

305 3049 411 3090 νως
438 3028 688 3102 κηρύξαι,
717 3029 806 3083 καὶ
863 3031 1028 3082 τοῦτο
1087 3028 1168 3082 ἀεὶ
1225 3029 1462 3097 ποιήσω.
1525 3052 1550 3078 τι
1583 3031 1700 3085 ’Ίνα
1740 3028 1955 3102 ἐκκόψω

304 3119 404 3186 τήν
433 3118 710 3196 ἀφορμήν.
744 3139 770 3168 ι
811 3116 964 3192 Λέγει
987 3119 1089 3186 τήν
1146 3116 1344 3178 αἰτίαν,
1395 3113 1467 3170 δι’
1513 3115 1579 3185 ἢν
1628 3117 1689 3171 ού
1738 3113 1954 3189 λαμϐάο

301 3229 402 3264 νει.
459 3210 790 3280 Ἐπεττςρουν
846 3208 902 3261 οἱ
961 3203 1421 3279 ψευδαπόστολοι,
1477 3205 1566 3260 ἳνα
1623 3206 1669 3261 εί
1725 3205 1950 3282 εὕρωσιν
1983 3247 2026 3312 C

345 3297 360 3312 .
410 3297 423 3312 .
526 3295 567 3312 η
681 3297 694 3312 ,
829 3295 842 3310 .
1019 3298 1032 3312 .
1113 3294 1132 3312 ς
1217 3293 1240 3311 κ
1321 3296 1332 3312 .
1467 3295 1479 3312 ι
1595 3301 1620 3312 ..
1911 3297 1926 3312 .

302 3297 463 3353 αὐτὸν
495 3295 785 3374 εἰληφότα,
817 3295 1073 3374 ἀφορμήν
1113 3293 1400 3366 λοιδορίας
1428 3295 1490 3350 τὸ
1516 3301 1742 3370 πρᾶγμα
1792 3297 1955 3366 ποιή-

303 3408 525 3444 σωνται.
562 3387 812 3442 Ἐκείνων
845 3387 936 3441 οὖν
967 3387 1066 3454 τήν
1107 3387 1362 3464 ἀφορμὴν
1413 3385 1753 3460 βουλόμενος
1801 3384 1958 3442 ἐκκό-

307 3480 425 3550 ψαι,
459 3475 640 3554 φησίν·
677 3501 702 3526 ιι
734 3477 844 3532 Ἰνα
876 3475 928 3530 ἓν
960 3476 1006 3547 ᾦ
1029 3479 1358 3550 καυχῶνται.
1397 3497 1425 3526 »
1455 3475 1615 3548 Τάχα
1645 3475 1736 3529 καὶ
1783 3476 1846 3529 τὸ
1880 3475 1956 3546 μὴ

306 3560 498 3622 λαϐεῖν
529 3565 896 3639 ὑπεκρίνοντο,
929 3561 1018 3618 διὰ
1048 3569 1210 3618 τοῦτο
1242 3564 1345 3619 οὐκ
1373 3564 1542 3629 εἶπεν,
1577 3566 1666 3620 Ἐν
1691 3565 1737 3636 ᾧ
1767 3569 1961 3619 ποιοῦ-

308 3677 414 3718 σιν,
447 3653 574 3711 ἀλλ’
604 3656 690 3711 Ἐν
737 3653 782 3726 ᾧ
834 3658 1152 3732 καυχῶνται
1233 3679 1260 3705 ι(
1299 3653 1573 3727 Εὑρεθῶσι
1627 3653 1808 3716 καθὼς
1866 3653 1956 3709 καὶ

305 3746 493 3820 1ἡμεῖς,
532 3771 552 3797 ι
587 3747 717 3802 Εἶτα
746 3743 835 3799 καὶ
885 3743 1141 3800 πλούσιοι
1193 3741 1342 3806 ὅντες
1395 3745 1446 3799 οἱ
1494 3741 1956 3816 ψευδαπόστολοι,

307 3832 462 3890 οὐδὲν
516 3828 844 3907 ἐλάμϐανον,
902 3833 991 3888 καὶ
1050 3833 1136 3889 ἰπὶ
1193 3833 1373 3905 τούτῳ
1438 3835 1776 3912 ὶκαυχῶντο.
1836 3835 1958 3891 Ἵνα

310 3922 403 3980 οῦν
434 3922 560 3997 ἐνῷ
617 3929 956 4000 καυχῶνται,
1014 3923 1066 3978 ἐν
1125 3927 1204 3996 τῷ
1257 3925 1332 3996 μὴ
1389 3917 1710 3996 λαμϐάνειν,
1768 3923 1956 4002 φησὶν,

307 4014 600 4088 εὑρεθῶσιν
626 4015 813 4087 ὅμοιοι
841 4015 1025 4087 ἡμῶν,
1052 4013 1142 4068 καὶ
1178 4013 1252 4086 μή
1304 4009 1471 4068 πλέον
1521 4015 1681 4084 ἡμῶν
1727 4007 1951 4089 ἔχωσιν.

306 4105 553 4158 1Ἀτοπον
610 4103 712 4178 γὰρ
773 4102 849 4166 εἷς
897 4103 965 4157 τὰ
1020 4101 1165 4158 ἄλλα
1217 4099 1672 4177 ἐλαττουμένους,
1728 4102 1836 4176 ᾧδε
1894 4105 1955 4161 τὸ

305 4188 472 4245 πλέον
501 4182 672 4269 ἔχειν.

2069 616 2226 672 ultra
2255 616 2659 671 necessarium
2695 632 2866 671 usum
2898 615 3216 687 accepisse.
3271 617 3554 671 Miserunt
3611 635 3712 676 au-

2068 711 2189 761 tem
2221 706 2272 760 ei
2305 705 2736 776 Philippenses.
2771 706 3090 776 Propterea
3120 721 3254 758 vero
3287 707 3462 759 etiam
3494 723 3711 762 nomen

2068 794 2529 866 posuit,utipsos
2544 794 2719 849 etiam
2735 793 2808 848 ad
2847 794 3239 866 eleemosynae
3272 794 3711 852 remulationem

2069 883 2311 938 duceret
2369 906 2394 932 ‹‹
2430 888 2493 938 Et
2525 883 2584 938 in
2615 883 2892 938 omnibus
2924 900 2996 937 ne
3029 901 3313 939 onerosus
3346 901 3537 938 essem
3587 902 3712 940 ser-

2068 974 2212 1030 vavi.
2242 997 2268 1020 »
2291 973 2560 1030 Ostendit
2584 975 2738 1045 quod
2756 973 2932 1029 etiam
2959 991 3108 1029 onus
3144 974 3429 1029 ducerent
3460 975 3712 1033 alimen-

2067 1069 2128 1119 ta
2151 1063 2260 1136 ipsi
2283 1063 2681 1136 suppeditare.
2707 1065 2883 1118 Recte
2905 1069 3100 1118 autem
3132 1063 3399 1118 addidit:
3443 1087 3468 1112 «
3522 1067 3710 1137 Atque

2068 1153 2330 1210 servabo.
2369 1175 2394 1200 »
2425 1155 2502 1207 Ne
2537 1153 2909 1215 existimetis,
2945 1153 3156 1224 inquit.
3192 1170 3284 1207 me
3318 1153 3442 1209 haec
3466 1154 3525 1208 in
3575 1173 3707 1210 eum

2071 1243 2246 1298 tinem
2279 1242 2521 1307 dixisse,
2565 1259 2679 1314 quo
2731 1243 3008 1314 deinceps
3057 1242 3342 1314 accipiam
3403 1260 3436 1298 a
3493 1244 3707 1300 vobis:

2069 1349 2188 1388 non
2213 1333 2368 1387 enim
2391 1331 2582 1387 solum
2604 1333 2684 1386 ita
2706 1332 3159 1396 servavi,verum
3212 1333 3392 1387 etiam
3442 1335 3703 1388 servabo.

2069 1445 2098 1471 «
2121 1424 2220 1476 Est
2240 1423 2452 1478 veritas
2474 1423 2686 1477 Christi
2711 1423 2770 1476 in
2795 1439 2906 1476 me.
2938 1444 2962 1471 ››
3022 1421 3242 1477 Deinde
3294 1439 3366 1478 ne
3412 1423 3536 1478 haec
3570 1440 3707 1480 eum

2069 1510 2288 1566 dixisse
2320 1511 2660 1565 existiment
2691 1528 2805 1581 quo
2838 1511 2996 1581 ipsos
3026 1511 3208 1583 magis
3261 1512 3587 1567 attraheret
3634 1513 3708 1567 ad

2067 1599 2350 1665 dandum,
2383 1599 2496 1654 ait:
2531 1621 2559 1647 «
2588 1600 2688 1652 Est
2716 1600 2926 1652 veritas
2959 1600 3171 1654 Christi
3196 1600 3255 1653 in
3283 1617 3396 1666 me,
3424 1600 3577 1654 nhoc
3599 1607 3706 1670 est,

2067 1689 2129 1744 in
2159 1688 2404 1742 veritate
2436 1687 2589 1754 dico,
2623 1687 2778 1758 quod
2827 1688 3096 1760 gloriatio
3156 1689 3303 1752 haec,
3361 1705 3576 1760 nempe
3636 1690 3708 1746 de

2067 1793 2186 1832 non
2216 1777 2582 1848 accipiendo.
2617 1777 3035 1832 Gloriationem
3064 1784 3262 1833 autem
3293 1778 3438 1834 dicit
3492 1795 3564 1834 ne
3614 1795 3708 1834 ar-

2065 1865 2360 1923 bitrentur
2391 1866 2546 1938 quod
2580 1873 2923 1922 succenseat
2955 1867 3072 1923 illis
3106 1869 3262 1938 quod
3296 1885 3414 1924 non
3445 1870 3712 1940 accepis-

2066 1962 2172 2012 set.
2208 1980 2231 2004 υ
2263 1957 2892 2028 Noninterrumpetur,
2923 1981 2948 2005 ››
2972 1958 3083 2013 hoc
3115 1965 3222 2021 est,
3264 1975 3381 2013 non
3436 1965 3708 2030 amputa-

2065 2045 2245 2111 bitur,
2263 2062 2380 2100 non
2407 2046 2661 2101 deficiet.
2688 2047 2992 2112 Quomodo
3026 2053 3222 2103 autem
3269 2064 3385 2102 non
3420 2047 3654 2103 deﬁciet
3685 2049 3712 2104 ?

2065 2135 2112 2190 si
2145 2153 2219 2191 ne
2250 2136 2310 2190 in
2343 2142 2641 2208 posterum
2678 2136 2917 2208 quidem
2945 2137 3214 2207 accipiat.
3272 2161 3296 2184 ››
3343 2139 3407 2191 In
3462 2138 3713 2209 regioni-

2065 2225 2174 2280 bus
2208 2226 2461 2280 Acliaim.
2501 2248 2526 2270 ιι
2559 2226 2619 2280 Id
2651 2233 2757 2288 est,
2805 2225 2862 2279 in
2919 2231 3041 2280 tota
3095 2226 3328 2280 Achaim
3389 2227 3708 2297 provincia.

2066 2317 2181 2369 Aut
2202 2315 2358 2386 quod
2379 2315 2652 2385 gloriatio
2677 2331 2807 2385 quas
2833 2315 2974 2368 mihi
3000 2316 3249 2369 accessit
3279 2315 3337 2370 in
3369 2316 3711 2387 regionibus

2064 2403 2304 2458 Achaia:
2328 2403 2486 2475 quod
2513 2404 2696 2476 gratis
2727 2404 3169 2474 praedicaverim
3221 2421 3339 2458 non
3391 2404 3712 2461 interrum-

2063 2493 2658 2564 petur.Vehementer
2677 2498 2873 2548 autem
2902 2493 3170 2547 infirmos
3193 2509 3292 2548 eos
3315 2500 3555 2549 noverat
3576 2511 3712 2550 cum

2065 2581 2137 2636 ab
2165 2581 2307 2652 ipsis
2339 2598 2458 2636 non
2492 2582 2804 2653 acciperet.
2841 2584 2982 2636 Nam
3015 2582 3062 2636 si
3094 2584 3153 2636 in
3204 2583 3313 2637 hoc
3370 2583 3711 2654 gloriaban-

2064 2677 2182 2736 tur,
2207 2678 2362 2726 certe
2385 2687 2502 2726 non
2526 2671 2832 2742 oportebat
2857 2672 3124 2743 accipere
3150 2687 3162 2724 :
3199 2688 3544 2742 quanquam
3601 2672 3714 2727 ali-

2064 2761 2120 2817 bi
2147 2763 2350 2817 scribit
2373 2762 2529 2833 quod
2551 2762 2733 2816 abhis
2756 2763 2858 2833 qui
2882 2763 3052 2817 facile
3102 2762 3558 2818 oﬂ‘endebantur
3590 2779 3707 2819 non

2065 2851 2358 2924 acceperit
2391 2870 2404 2907 ;
2445 2875 2464 2899 α
2502 2854 2590 2906 An
2621 2851 2779 2922 quod
2810 2868 2927 2906 non
2987 2851 3227 2922 diligam
3287 2869 3384 2905 vos
3409 2852 3435 2906 ?
3497 2875 3521 2899 ›·
3556 2853 3706 2918 Quid

2065 2959 2202 3015 ergo
2223 2941 2443 2996 ?odisti
2467 2958 2596 3000 nos.
2631 2947 2690 2996 et
2736 2947 3008 3011 proterea
3051 2957 3169 2994 non
3220 2941 3303 2995 vis
3353 2941 3576 2996 anobis
3607 2959 3708 2998 ac-

2065 3030 3054 3104 cipere?Deusnovit,inquit.quod
3097 3046 3215 3084 non
3258 3031 3329 3086 ob
3375 3031 3433 3084 id
3461 3031 3712 3088 devitem

2065 3118 2482 3191 accipere:sed
2510 3117 2829 3189 propterid
2857 3117 3015 3187 quod
3062 3118 3383 3190 subjungit.
3433 3142 3459 3167 «
3498 3121 3712 3176 Verum

2066 3209 2222 3280 quod
2244 3208 2414 3263 facio.
2442 3232 2459 3255 -
2488 3208 2657 3262 Facio
2676 3209 2803 3263 sine
2827 3214 3065 3278 sumptu
3087 3208 3486 3279 praedicando,
3513 3215 3571 3264 et
3602 3210 3711 3266 hoc

2066 3313 2301 3368 semper
2330 3296 2562 3351 faciam.
2602 3319 2627 3346 «
2662 3297 2732 3352 Ut
2762 3301 3063 3367 amputem
3091 3297 3486 3350 occasionem.
3519 3320 3545 3345 ››
3572 3299 3713 3353 Cau-

2067 3403 2192 3442 sam
2239 3386 2382 3441 dicit
2412 3401 2594 3457 quare
2644 3402 2764 3440 non
2821 3385 3090 3456 accipiat.
3125 3385 3522 3441 Observabant
3552 3388 3712 3446 enim

2068 3475 2532 3550 pseudapostoli,
2566 3475 2854 3532 686utsi
2876 3475 3236 3530 invenissent
3278 3475 3436 3547 quod
3462 3477 3586 3548 ipse
3608 3494 3707 3534 ac-

2067 3566 2341 3638 cepisset.
2375 3582 2500 3620 rem
2534 3566 2722 3637 ipsam
2780 3566 3001 3620 faceret
3058 3582 3261 3621 ansam
3315 3567 3708 3623 conviciandi.

2067 3654 2605 3728 Volensigiturillis
2619 3661 2924 3727 amputare
2939 3656 3331 3719 occasionem,
3358 3655 3469 3710 ait:
3495 3677 3522 3703 «
3550 3657 3619 3711 Ut
3648 3657 3713 3712 in

2069 3744 2220 3800 eoin
2245 3761 2360 3816 quo
2391 3744 2738 3817 gloriantur.
2801 3763 2825 3793 ιο
2887 3744 3178 3799 Fortassis
3237 3744 3416 3798 etiam
3473 3759 3534 3796 se
3588 3759 3710 3799 non

2067 3834 2336 3905 accipere
2391 3834 2729 3905 ﬁngebant:
2787 3839 3060 3903 proterea
3113 3849 3234 3886 non
3292 3831 3483 3886 dixit:
3544 3833 3610 3885 In
3641 3848 3709 3886 eo

2068 3923 2225 3996 quod
2255 3924 2495 3979 faciunt.
2532 3923 2635 3978 sed
2669 3945 2696 3972 ‹‹
2729 3924 2794 3977 In
2853 3939 2920 3976 eo
2976 3922 3033 3975 in
3094 3937 3210 3992 quo
3267 3920 3614 3993 gloriantur.
3680 3943 3709 3970 »

2068 4044 2133 4054 —
2168 4033 2190 4061 ε
2226 4013 2620 4085 Reperiantur
2649 4013 2803 4067 sicut
2833 4017 2891 4066 et
2947 4028 3074 4066 nos.
3140 4032 3167 4059 ν)
3226 4015 3518 4066 Praeterea
3575 4027 3710 4067 cum

2067 4104 2275 4160 divites
2299 4108 2496 4158 essent
2537 4100 3000 4174 pseudapostoli,
3033 4099 3183 4156 nihil
3231 4100 3620 4173 accipiebant,
3655 4105 3712 4156 et

2069 4191 2773 4265 inhocgloriabantur.Ut
2796 4191 3011 4262 ergoin
3060 4207 3129 4245 eo
3181 4191 3240 4246 in
3291 4207 3407 4261 quo
3439 4190 3707 4262 glorian-

304 4287 401 4337 tur
431 4281 589 4353 quod
615 4296 736 4336 non
766 4280 1079 4352 accipiant,
1108 4281 1322 4352 inquit,
1356 4280 1732 4353 reperiantur
1761 4281 1989 4338 similes
2018 4281 2210 4343 nobis.
2245 4287 2302 4336 et
2331 4281 2480 4335 nihil
2512 4297 2691 4352 supra
2746 4297 2854 4334 nos
2903 4279 3176 4335 habeant.
3242 4279 3554 4351 indignum
3612 4284 3709 4334 est

307 4371 487 4436 enim,
517 4386 651 4426 cum
685 4370 744 4426 in
771 4371 1000 4425 caateris
1029 4370 1148 4426 sint
1177 4370 1512 4434 inferiores,
1545 4370 1591 4426 si
1624 4371 1686 4426 in
1712 4371 1824 4426 hoc
1853 4376 2052 4428 essent
2082 4371 2441 4442 superiores.

377 4458 442 4515 Οἶ
526 4459 626 4533 γὰρ
712 4461 980 4527 τοιοῦτοι,
1059 4455 1519 4531 ψευδαπόστολοι,
1581 4457 1802 4532 ἔργάται
1863 4455 1955 4512 δό-

2131 4461 2226 4525 ΧΙ,
2267 4461 2442 4516 13-15.
2479 4481 2506 4509 ‹‹
2539 4460 2840 4531 Siquidem
2875 4457 3207 4516 istiusmodi
3267 4457 3708 4529 pseudapostoli

307 4547 443 4613 λιοι,
527 4550 1137 4624 μενασχηματιζόμενοι
1225 4547 1301 4610 είς
1400 4547 1749 4613 ἀποστόλους
1821 4549 1956 4622 Χρι-

305 4641 455 4694 στοῦ.
492 4637 595 4692 Καὶ
671 4637 733 4691 ού
808 4637 1135 4710 θαυμαστόν.
1213 4637 1385 4699 Αὐτὸς
1461 4637 1565 4715 γαρ
1643 4638 1670 4691 ὁ
1720 4641 1955 4699 Κατανᾶς

309 4727 852 4802 μετασχηματίζεται
927 4725 1002 4787 είς
1075 4724 1302 4803 ἄγγεκον
1380 4727 1580 4804 φωτός.
1658 4725 1734 4784 05
1824 4725 1956 4800 μέγα

304 4817 422 4881 οῦν,
501 4816 544 4871 εὶ
620 4817 711 4871 καί
796 4813 1036 4870 διάκονοι
1128 4816 1293 4872 αὑτοῦ
1391 4817 1955 4891 μετασχηματίζονται

305 4907 381 4966 ὡς
441 4903 679 4960 διάκονοι
731 4903 1103 4976 δικαιοσύνης,
1160 4906 1236 4960 ὧν
1280 4905 1341 4960 τὸ
1399 4903 1556 4968 τελος
1614 4901 1761 4961 ἔσται
1818 4907 1955 4963 κατὰ

298 4997 367 5050 τᾶι
397 4990 525 5069 ἔργα
555 4993 750 5050 αῦτῶν.

376 5083 446 5140 Τί
507 5081 723 5160 λέγεις;
781 5083 833 5136 οἱ
893 5082 986 5138 τὸν
1044 5083 1274 5157 Χριστὸν
1329 5082 1690 5153 κηρύσσοντες
1743 5083 1834 5138 καὶ
1889 5084 1951 5141 τὸ

300 5170 636 5248 Εὖαγγᾶλιον
693 5168 862 5245 (οὕτω
913 5173 1014 5248 γὰρ
1070 5168 1182 5226 ἅνω
1246 5171 1369 5246 περὶ
1449 5172 1622 5227 αὐτῶν
1683 5170 1949 5247 εἴρηκας),

301 5259 741 5338 ψευδαπόστολοί
770 5261 912 5329 sict;
964 5259 1086 5330 Ναὶ,
1138 5260 1292 5337 φησί.
1342 5263 1524 5318 Ταῦτα
1569 5261 1671 5336 γὰρ
1720 5261 1950 5336 ὑποκρι-

300 5353 523 5423 νόμενοι
554 5349 606 5405 ἐν
657 5354 735 5421 τῷ
793 5355 1026 5427 φανερῷ,
1069 5348 1243 5425 λάθρα
1299 5349 1486 5405 ἀνόσια
1533 5353 1949 5431 παρεισφέρουσι

295 5440 568 5519 δόγματα.
653 5464 672 5488 α
710 5438 963 5513 Ἐργάται
1038 5435 1220 5494 δόλιοι
1319 5463 1346 5490 »
1425 5440 1774 5514 Ἐργάζονται
1821 5439 1948 5514 γαρ,

292 5528 420 5587 ἀλλ’
495 5531 774 5584 ἀνασπῶσι
849 5529 916 5581 τὰ
988 5526 1174 5586 καλῶς
1248 5526 1644 5606 πεφυτευμένα,
1719 5528 1798 5583 Τὸ
1843 5529 1944 5604 γὰρ

294 5624 643 5696 προσωπεῖον
720 5617 1054 5679 ὑπεισιόντες
1131 5618 1230 5686 τῆς
1304 5616 1589 5687 ἀληθείας,
1631 5617 1806 5680 οὕτως
1847 5619 1947 5688 τήν

296 5703 513 5785 βλάϐην
547 5706 894 5786 ὶργάζονται,
925 5707 1014 5762 καὶ
1045 5712 1240 5783 σχῆμα
1294 5707 1663 5782 περικείμενοι
1710 5705 1947 5764 ἀποστό-

2067 4571 2094 4599 ‹‹
2129 4555 2286 4617 sunt,
2321 4565 2388 4605 ac
2420 4550 2676 4621 operarii
2708 4549 2918 4611 dolosi,
2980 4555 3037 4604 et
3091 4547 3588 4620 transflgurantur
3645 4546 3706 4602 in

2069 4661 2097 4688 «
2129 4639 2427 4712 apostolos
2461 4639 2694 4694 Christi.
2733 4642 2913 4708 Atque
2945 4637 3102 4692 haud
3148 4637 3390 4701 mirum,
3439 4635 3708 4706 quando-

2066 4751 2093 4779 ‹‹
2128 4729 2368 4800 quidem
2399 4729 2526 4801 ipse
2557 4730 2804 4784 Satanas
2826 4728 3283 4799 transﬁguratur
3312 4725 3371 4778 in
3429 4724 3706 4796 angelum

2065 4840 2093 4868 ‹‹
2127 4817 2294 4875 lucis.
2330 4821 2455 4874 Non
2487 4834 2763 4890 magnum
2796 4822 2882 4872 est
2913 4817 3090 4888 igitur
3121 4816 3168 4870 si
3189 4821 3246 4869 et
3268 4815 3523 4870 ministri
3544 4814 3706 4872 illius

2064 4931 2092 4961 ι(
2123 4908 2619 4980 transfigurentur
2651 4907 2818 4978 quasi
2853 4905 2969 4961 sint
2997 4905 3252 4960 ministri
3279 4904 3707 4976 justitim,quo-

2063 5020 2092 5049 κ
2119 5015 2249 5053 rum
2287 4997 2424 5052 ﬁnis
2455 4997 2569 5051 erit
2591 4997 2763 5066 juxta
2792 5011 2971 5066 Opera
3003 4993 3263 5048 illorum.
3301 5014 3327 5040 »

2133 5086 2282 5151 Quid
2315 5087 2402 5141 ais
2423 5087 2452 5141 ‘I
2479 5103 2553 5142 an
2585 5085 2684 5158 qui
2717 5084 3011 5140 Christum
3045 5083 3370 5155 praedicant
3413 5089 3471 5138 et
3525 5083 3706 5138 Evan-

2061 5176 2280 5249 gelium
2314 5176 2472 5249 (nam
2506 5177 2588 5231 ita
2647 5175 2920 5247 superius
2975 5173 3047 5228 de
3107 5173 3252 5244 ipsis
3310 5172 3543 5228 locutus
3592 5172 3702 5243 est)

2060 5265 2502 5338 pseudapostoli
2535 5264 2713 5321 sunt?
2744 5265 2973 5334 Utique,
3009 5262 3236 5334 inquit:
3272 5263 3398 5318 hmo
3421 5263 3577 5318 enim
3603 5278 3705 5332 pa-

2058 5354 2175 5411 lam
2204 5355 2576 5420 simulantes,
2610 5354 2838 5410 occulte
2870 5355 3052 5424 impia
3082 5353 3260 5407 simul
3288 5353 3544 5408 afferunt
3560 5351 3699 5422 dog-

2057 5450 2232 5501 mata.
2269 5467 2297 5494 «
2331 5445 2594 5516 Operarii
2627 5444 2837 5500 dolosi.
2897 5467 2922 5492 »
2971 5444 3306 5515 Operantur
3363 5443 3544 5504 enim,
3597 5440 3700 5494 sed

2057 5532 2492 5605 revelluntqum
2507 5538 2664 5589 recte
2684 5533 2946 5604 plantata
2961 5538 3145 5594 erant,
3181 5530 3473 5601 siquidem
3493 5544 3698 5598 perso-

2054 5636 2193 5680 nam
2212 5623 2472 5679 veritatis
2495 5623 2706 5690 induti,
2744 5622 2824 5678 ita
2846 5627 3267 5678 nocumentum
3311 5620 3608 5681 exercent,
3643 5617 3701 5670 et

2053 5711 2261 5770 habitu
2291 5715 2693 5788 apostolorum
2726 5713 2925 5771 amicti
2975 5712 3248 5785 pelleque
3289 5707 3479 5772 ovina,
3539 5705 3699 5761 intus
