4128 6192
485 465 636 528 1051

1599 441 2010 517 (ECUMENII
2055 436 2362 512 TRICCA‘Z
2411 431 2758 494 i'LPlSCOl’I

3710 431 3837 492 1052

485 601 610 672 lupi
642 601 797 654 sunt.
829 594 1344 665 Transﬁgurantur
1371 591 1549 646 veluti
1586 587 1866 658 magister
1923 593 2128 638 eorum

2248 569 2379 638 λων,
2420 567 2509 623 καὶ
2569 563 2730 641 δοράν
2787 561 3062 640 προϐάτου
3121 565 3507 639 ἠμφιεσμένοι·
3567 563 3711 622 λύκοι
3763 566 3847 622 εἶσὶ

2263 660 2275 672 ι
2350 653 2374 672 11
2409 655 2433 672 κ
2701 656 2710 670 1
2977 657 3032 672 ul
3325 655 3352 672 ν
3475 656 3488 672 ε
3558 651 3579 672 δ
3611 651 3632 672 5
3654 656 3662 668 ν
3761 653 3779 672 \

482 686 956 756 transﬁguratur,
991 681 1123 737 ideo
1155 681 1332 736 etiam
1366 679 1568 734 multis
1600 673 1854 747 imponit
1888 687 1901 726 :
1953 683 2118 724 cum-

482 794 595 848 que
623 774 870 845 angelus
901 773 977 826 sit
1007 771 1389 827 tenebrarum
1424 776 1706 838 tanquam
1739 761 1982 835 angelus
2030 757 2124 812 lu-

482 867 566 922 cis
599 863 963 935 conspicitur
993 861 1207 916 fallens
1241 865 1533 931 aspectus.
1585 881 1611 907 ‹‹
1656 857 1784 910 Non
1842 864 2124 922 magnum

482 962 571 1011 est
601 955 798 1022 igitur.
834 974 861 1002 »
893 954 1037 1006 Nam
1072 951 1118 1005 si
1149 950 1291 1020 quid
1324 947 1603 1004 admirari
1661 948 1914 1016 oportet,
1977 937 2125 993 illud

482 1044 874 1101 admiratione
907 1042 1146 1112 dignum
1182 1045 1268 1095 est
1299 1037 1593 1108 quomodo
1625 1033 1896 1090 diabolus
1923 1029 1982 1084 in
2005 1035 2127 1083 tan-

480 1141 604 1193 tam
637 1131 974 1204 proruperit
1003 1129 1332 1185 audaciam.
1365 1159 1431 1168 -—
1465 1129 1590 1181 Non
1622 1129 1730 1189 est,
1763 1121 1978 1192 inquit,
2023 1117 2131 1172 ad-

482 1221 842 1282 mirandum.
876 1223 1066 1287 Quare
1098 1218 1123 1273 '?
1161 1219 1306 1284 Quia
1363 1217 1583 1272 debent
1640 1213 1880 1269 oinnino
1909 1208 2130 1281 magis-

482 1319 642 1368 trum
674 1311 917 1370 imitari.
949 1310 1051 1380 qui
1083 1325 1218 1364 cum
1251 1307 1499 1379 angelus
1530 1305 1606 1358 sit
1637 1302 2035 1361 tenebrarum,
2063 1296 2128 1350 fl-

483 1407 728 1475 guratur
758 1399 926 1469 quasi
958 1403 1113 1453 esset
1155 1395 1404 1467 angelus
1463 1393 1632 1448 lucis.
1694 1413 1720 1439 «
1781 1387 1955 1454 Quasi
2015 1385 2134 1440 sint

477 1473 1032 1559 ministrijustitim.
1070 1508 1098 1536 »
1133 1484 1383 1540 Ministri
1441 1481 1694 1554 justitias
1754 1484 1890 1534 sunt
1945 1473 2133 1532 sancti

479 1579 765 1653 apostoli:
799 1579 916 1633 Deo
967 1577 1128 1631 enim
1180 1575 1524 1630 ministrant
1573 1566 1962 1643 justiﬁcando
2027 1580 2133 1636 per

481 1669 782 1742 Evangelii
813 1667 1163 1739 potentiam.
1202 1686 1225 1716 α
1255 1665 1516 1730 Quorum
1551 1660 1688 1715 ﬁnis
1720 1657 1850 1712 erit.
1883 1675 1909 1706 ιι
1939 1655 2135 1718 Quan—

489 1777 667 1836 quam
697 1761 856 1816 enim
879 1775 1002 1824 vos,
1035 1758 1247 1828 inquit,
1284 1755 1521 1822 fallunt,
1547 1749 1891 1824 pervigilem
1919 1744 2133 1801 Christi

488 1852 726 1908 oculum
752 1850 957 1906 fallere
989 1865 1109 1905 non
1143 1851 1444 1919 poterunt.

558 1950 705 2006 681
734 1949 830 2013 XI,
857 1949 1035 2002 16-21.
1061 1949 1265 2001 lterum
1287 1945 1411 1999 dico
1432 1960 1501 1998 ne
1523 1943 1647 2013 quis
1697 1957 1780 1996 me
1803 1944 1964 2010 putet
1997 1937 2134 1991 insi-
2167 1953 2214 2018 Β

479 2041 723 2112 pienlem
753 2053 880 2092 esse.
915 2037 1144 2106 Alioqui
1176 2034 1301 2088 licet
1327 2039 1386 2087 ut
1445 2030 1796 2101 insipientem
1850 2026 2138 2097 accipiatis

489 2146 592 2194 me,
625 2134 686 2182 ut
710 2127 1002 2197 paululum
1032 2124 1301 2194 quiddam
1331 2129 1384 2177 et
1415 2137 1515 2192 ego
1545 2121 1770 2190 glorier.
1807 2117 1961 2182 Quod
1991 2116 2136 2179 dico,

491 2234 602 2274 non
625 2218 746 2272 dico
765 2215 1059 2272 secundum
1081 2213 1397 2277 Dominum,
1420 2212 1511 2266 sed
1531 2211 1680 2264 velut
1719 2224 1821 2278 per
1869 2203 2140 2276 insipien-

494 2310 628 2364 tiam
659 2307 719 2361 in
751 2306 851 2360 hoc
901 2309 1226 2374 argumento
1288 2299 1655 2370 gloriationis.
1689 2293 2142 2366 Quandoquidem

492 2398 653 2453 mulli
673 2396 989 2465 gloriantur
1008 2392 1304 2449 secundum
1326 2405 1566 2454 carnem,
1591 2394 1640 2442 et
1683 2402 1782 2455 ego
1841 2383 2139 2454 gloriabor.

492 2487 750 2542 Libenter
779 2487 922 2539 enim
951 2485 1196 2554 suffertis
1226 2482 1567 2550 insipientes,
1601 2493 1722 2531 cum
1751 2477 1868 2531 sitis
1919 2474 2141 2542 sapien-

493 2582 591 2631 tes.
625 2576 879 2645 Sit/fertis
905 2576 1049 2628 enim
1078 2574 1126 2627 si
1155 2573 1278 2642 quis
1303 2585 1394 2625 vos
1427 2570 1485 2623 in
1513 2567 1829 2622 servitutem
1859 2562 2062 2631 adigit,
2093 2558 2143 2616 si

493 2667 616 2738 quis
647 2664 877 2722 excedit.
909 2665 957 2718 si
985 2664 1106 2732 quis
1140 2661 1364 2730 accipit,
1395 2661 1443 2713 si
1472 2655 1597 2726 quis
1629 2654 1843 2710 extollit
1907 2667 2038 2718 sese,
2095 2651 2143 2706 si

488 2737 610 2830 quis
637 2758 697 2809 in
743 2755 941 2822 faciem
1002 2766 1092 2806 vos
1149 2749 1364 2804 credit:
1422 2749 1598 2818 juxta
1651 2740 2039 2798 contumeliam
2069 2737 2143 2793 lo-

488 2861 646 2919 quor.
674 2842 908 2914 perinde
936 2842 1104 2911 quasi
1131 2855 1228 2894 nos
1261 2836 1552 2892 imbecilles
1580 2834 1868 2902 fuerimus.

563 2963 591 2991 «
620 2942 843 2996 Iterum
874 2939 1026 2995 dico.
1062 2960 1090 2988 »
1123 2938 1249 2992 Jam
1284 2933 1581 3006 siquidem
1615 2930 1804 2986 multa
1843 2941 2144 3000 prteparaa

489 3032 654 3090 tione
685 3049 753 3087 ac
783 3029 1150 3086 correctione
1183 3043 1325 3082 usus
1357 3025 1570 3084 fuerat,
1605 3021 1707 3076 sed
1741 3036 1860 3074 non
1892 3018 1998 3072 illa
2054 3032 2143 3072 so-

491 3121 550 3178 la
581 3126 896 3178 contentus
929 3125 1074 3174 erat.
1109 3139 1136 3167 «
1171 3119 1250 3171 Ne
1281 3115 1412 3185 quis
1441 3130 1532 3168 me
1566 3116 1732 3183 putet
1762 3107 2140 3179 insipientem

492 3229 639 3269 esse.
679 3232 706 3259 ››
740 3209 913 3278 Atqui
948 3206 1222 3277 superius
1268 3203 1418 3258 dixit
1451 3219 1463 3258 :
1520 3200 1752 3256 Utinam
1806 3195 2142 3253 toleraretis

491 3298 896 3370 insipientiam
929 3311 1123 3350 meam
1158 3309 1170 3345 :
1207 3290 1504 3363 quomodo
1537 3305 1674 3357 ergo
1706 3288 1818 3342 hoc
1849 3286 1977 3340 loco
2009 3285 2092 3340 ait
2123 3299 2136 3336 :

494 3411 522 3439 ‹‹
539 3390 616 3442 Ne
633 3386 764 3456 quis
777 3399 871 3437 me
889 3387 1050 3453 putet
1064 3381 1443 3451 insipientem
1461 3377 1631 3432 esse?
1646 3403 1666 3427 ι
1691 3373 1997 3440 Quiaillud
2015 3371 2141 3443 qui-

494 3477 652 3542 dem,
686 3488 900 3542 nempe
960 3471 1222 3541 seipsum
1280 3467 1543 3532 laudare,
1615 3461 1975 3536 insipientim
2031 3467 2140 3518 est.

493 3565 612 3636 Ego
640 3577 796 3627 vero,
829 3559 1045 3630 inquit,
1077 3573 1196 3612 non
1231 3563 1512 3626 tanquam
1549 3553 1838 3623 insipiens
1868 3552 1962 3607 his
2010 3557 2147 3606 utor

497 3648 1004 3716 sermonibus,sed
1025 3663 1221 3718 cogor,
1256 3651 1321 3699 ut
1349 3659 1450 3698 vos
1481 3659 1515 3699 a
1546 3640 2017 3713 pseuclapostolis
2041 3638 2147 3693 ab-

497 3744 729 3800 ducam.
766 3739 901 3794 ldeo
934 3737 1054 3792 ait:
1092 3758 1118 3784 «
1149 3735 1230 3790 Ne
1261 3733 1396 3804 quis
1427 3748 1520 3786 me
1551 3735 1718 3802 putet
1762 3729 2144 3799 insipientem

495 3848 646 3889 esse.
674 3850 700 3879 ››
722 3830 850 3886 Non
869 3827 1029 3883 enim
1047 3824 1227 3892 ultro,
1254 3821 1357 3878 sed
1382 3837 1447 3876 ex
1493 3819 1842 3874 necessitate
1881 3817 1955 3872 ad
1983 3832 2146 3872 meas

492 3914 683 3985 ipsius
705 3911 908 3966 laudes
931 3904 1246 3964 descendo.
1274 3935 1338 3944 —
1373 3902 1567 3958 Aliud.
1625 3899 1986 3971 Insipientiaa
2017 3915 2144 3955 ver-

496 4000 641 4058 bum
662 4005 752 4054 est
774 3997 969 4052 dicere
993 3993 1376 4065 insipientem
1401 4005 1537 4046 eum
1561 3988 1659 4059 qui
1684 4004 1804 4044 non
1839 3993 2147 4057 est,neque

503 4105 573 4146 ea
602 4087 721 4159 agit
750 4102 882 4156 quin
914 4090 1052 4139 sunt
1082 4079 1437 4153 insipientis.
1499 4076 1800 4148 Siquidem
1859 4075 2147 4146 insipiens

506 4183 596 4235 est
626 4175 726 4247 qui
757 4189 902 4228 vane
935 4189 997 4227 se
1022 4171 1208 4243 jactat
1265 4174 1324 4224 et
1380 4167 1640 4224 inaniter
1694 4165 2001 4238 gloriatur,
2045 4163 2145 4232 qui

504 4265 685 4323 simul
715 4269 774 4319 et
804 4263 1090 4334 insipiens
1113 4265 1204 4315 est
1223 4265 1282 4314 et
1328 4256 1684 4329 insipientia
1734 4255 1910 4311 verba
1959 4253 2146 4325 loqui-

501 4362 620 4422 tur,
654 4362 712 4413 et
741 4372 873 4426 quin
904 4351 1243 4423 insipientis
1277 4355 1414 4404 sunt
1441 4347 1620 4403 facit:
1681 4347 1781 4417 qui
1839 4351 2038 4400 autem
2076 4345 2148 4400 de

503 4450 697 4519 seipso
712 4454 770 4503 et
793 4461 1006 4518 magna
1025 4443 1242 4498 dicitet
1274 4438 1615 4509 vera,idque
1663 4453 1842 4493 causa
1872 4436 2148 4492 utilitatis

501 4541 752 4598 animae:
795 4535 1089 4592 videbitur
1118 4530 1479 4602 insipientia:
1513 4527 1688 4584 verba
1720 4528 1915 4583 dicere
1958 4543 2148 4599 quan—-

499 4634 624 4686 tum
658 4629 730 4684 ad
763 4623 1219 4682 similitudinem
1254 4619 1629 4692 prolationis,
1660 4633 1780 4672 non
1818 4623 2014 4672 tamen
2055 4617 2147 4671 in-

2221 660 2288 714 τὰ
2347 653 2516 723 ἔνδον,
2581 656 3217 735 μετάσχηματιζόμενοι,
3296 655 3410 710 οἷον
3469 656 3496 709 ὁ
3554 651 3846 722 διδάσκαλος

2223 746 2398 802 αὐτῶν
2465 745 3026 820 μετασχηματίζεται.
3091 745 3183 799 Διὸ
3235 745 3322 798 καὶ
3372 740 3617 805 πολλοὺς
3670 743 3840 815 πλανᾷ,

2225 837 2315 892 καὶ
2345 831 2417 889 ὥν
2452 833 2687 910 ἄγγελος
2720 835 2968 900 σκότους,
3027 834 3103 898 εἷς
3153 831 3388 910 ἄγγελον
3441 832 3625 906 όρᾶται
3669 835 3840 910 φωτὸς,

2226 927 2448 981 πλανῶν
2507 925 2602 987 τὰς
2655 924 2830 998 ὑψεις.
2883 923 2985 979 Καὶ
3038 923 3098 978 ού
3149 921 3476 996 θαυμαστόν.
3524 921 3592 978 Εἴ
3639 925 3731 998 γὰρ
3774 920 3843 977 δεῖ

2230 1020 2549 1087 θαυμάζειν,
2609 1013 2784 1068 ἐκεῖνό
2844 1011 2956 1068 ἐστι
3015 1013 3285 1085 Θαύματος
3325 1010 3497 1081 ἀξιον,
3549 1010 3846 1074 πῶςόδιᾶ,

2231 1100 2398 1165 ϐόλος
2431 1104 2505 1165 εἰς
2536 1107 2699 1159 τοῦτο
2729 1102 2947 1174 τόλμης
2978 1098 3216 1176 ἔρχεται.
3251 1135 3319 1143 -
3369 1103 3580 1176 [sbtsz
3624 1099 3694 1158 Ού
3739 1113 3849 1166 θαυ-

2235 1193 2459 1269 μαστὸν,
2495 1192 2655 1272 φησὶ,
2688 1189 2776 1247 διὰ
2805 1191 2894 1261 τί;
2946 1195 3065 1246 ’Ὁτι
3121 1196 3407 1263 μιμεῖσθαι
3451 1192 3656 1251 πάντως
3698 1209 3852 1265 χρεω-

2231 1287 2417 1339 στοῦσι
2445 1283 2535 1337 τὸν
2565 1278 2912 1350 διδάσκαλον,
2946 1280 3004 1343 ὅς
3037 1279 3270 1356 ἅγγελος
3300 1275 3373 1333 ὥν
3409 1279 3657 1340 σκότους,
3697 1280 3848 1356 φωτὸς

2236 1371 2372 1425 εἶναι
2451 1368 2871 1443 σχηματίζεται.
2951 1390 2978 1418 ‹‹
3019 1367 3108 1428 Ὡς
3186 1362 3431 1420 διάκονοι
3471 1362 3855 1432 δικαιοσύνης.»

2237 1459 2486 1512 Διάκονοι
2523 1453 2869 1525 δικαιοσύνης
2929 1454 3059 1508 εἰσέν
3108 1454 3160 1508 οἱ
3208 1453 3348 1528 ἇγιοι
3401 1451 3713 1507 ἀπόστολοι·
3759 1448 3857 1506 δια-

2237 1550 2456 1602 κονοῦσι
2479 1547 2581 1620 γὰρ
2606 1549 2724 1617 Θεῷ
2763 1543 2813 1598 ἐν
2845 1544 2925 1615 τῷ
2959 1540 3203 1598 δικαιοῦν
3230 1539 3517 1615 δυναμένῳ
3549 1539 3860 1616 Εύαγγελίφ.

2242 1659 2266 1689 ι
2305 1639 2400 1692 Ὧν
2431 1637 2493 1690 τὸ
2522 1633 2682 1696 τέλος
2722 1629 2888 1689 ἔσται.
2926 1659 2953 1684 ››
3003 1632 3112 1690 Κάν
3153 1632 3257 1707 γὰρ
3309 1632 3476 1705 ὑμᾶς,
3527 1631 3701 1708 φησίν,
3745 1630 3860 1684 ἁπα-

2239 1733 2430 1796 τῶσιν,
2483 1725 2583 1780 οὐκ
2640 1722 2699 1779 ἄν
2763 1721 3064 1779 διαλάθωσι
3111 1724 3202 1778 τὸν
3261 1721 3566 1794 ἀκοίμητον
3617 1718 3862 1800 ὀφθαλμὸν

2237 1821 2335 1872 τοῦ
2370 1819 2624 1891 Χριστοῦ.

2317 1911 2489 1968 Πάλιν
2524 1912 2688 1986 Λέγω,
2743 1912 2819 1985 μή
2879 1932 2962 1973 τις
3024 1931 3092 1984 με
3150 1907 3278 1984 δόξῃ
3335 1910 3548 1983 ἄφρονα
3611 1911 3753 1964 εἶναι.
3812 1907 3861 1964 El

2245 2001 2302 2059 δὲ
2337 2005 2409 2076 μή
2472 2023 2556 2076 γε,
2615 1999 2710 2056 κάν
2773 2001 2846 2062 ὡς
2903 1999 3107 2075 ἄφρονα
3167 1996 3383 2071 δέξασθὲ
3444 2019 3512 2071 με
3565 1997 3648 2052 ἶνα
3701 1997 3866 2071 μικρόν

2243 2115 2294 2148 τι
2351 2092 2501 2168 κάγὼ
2559 2092 2952 2166 καυχήσωμαι.
3010 2090 3077 2146 Ὀ
3137 2087 3317 2157 λαλῶ,
3405 2088 3472 2143 ού
3543 2085 3692 2142 λαλῶ
3751 2086 3865 2141 κατᾶ

2245 2182 2466 2257 Κύριον,
2518 2179 2643 2236 ἀλλ’
2701 2183 2776 2244 ὼς
2832 2187 2884 2236 ἐν
2941 2179 3244 2258 ἀφροσύνῃ,
3306 2177 3360 2232 ἐν
3417 2178 3588 2251 ταύτῃ
3639 2175 3702 2250 τῇ
3751 2175 3865 2230 ὑπο-

2246 2275 2428 2328 στάσει
2479 2278 2580 2340 τῆς
2640 2271 2984 2348 καυχήσεως,
3058 2269 3207 2323 Ἐπεὶ
3290 2265 3501 2323 πολλοὶ
3589 2269 3865 2340 καυχῶνται

2245 2362 2382 2416 κατὰ
2438 2361 2540 2430 τήν
2602 2361 2794 2432 σάρκα,
2853 2358 3002 2434 κάγὼ
3097 2359 3482 2431 καυχήσομαι.
3540 2352 3730 2414 Ἡδέως
3781 2353 3864 2427 γάρ

2245 2452 2502 2528 ἀνέχεσθε
2560 2456 2666 2506 τῶν
2727 2450 2998 2529 ἀφρόνων,
3076 2449 3336 2526 φρότεμοι
3428 2446 3598 2509 ὄντες,
3678 2445 3869 2518 ’Λνέχε-

2248 2555 2340 2605 σθε
2406 2541 2510 2618 γὰρ
2580 2538 2630 2596 εἳ
2696 2560 2780 2604 τις
2847 2539 2985 2612 ὑμᾶς
3053 2534 3410 2604 καταδουλοῖ,
3485 2534 3531 2591 εἳ
3591 2556 3670 2598 τις
3736 2553 3865 2587 κατε-

2247 2632 2406 2698 σθίει,
2463 2628 2509 2686 εἴ
2566 2650 2648 2690 τις
2712 2624 3000 2702 λαμϐάνει,
3063 2628 3110 2683 εἳ
3169 2648 3252 2688 τις
3339 2625 3642 2700 ἐπαίρεται,
3706 2621 3747 2678 εἲ
3797 2643 3864 2682 τις

2248 2725 2388 2796 ὑμᾶς
2423 2721 2500 2786 είς
2547 2721 2845 2796 πρόσωπον
2907 2716 3071 2793 δὲρει.
3129 2717 3278 2776 Κατά
3332 2716 3558 2792 ἀτιμίαν
3615 2715 3764 2790 κέγω,
3806 2712 3865 2772 ὡς

2247 2816 2332 2869 ὅτι
2362 2815 2527 2882 ἡμεῖς
2559 2812 2958 2883 ἡσθενήσαμεν.

2319 2937 2346 2962 ‹‹
2380 2910 2552 2967 ΗάΛιν
2587 2906 2754 2982 λέγω.
2793 2931 2820 2957 ι)
2849 2904 2991 2976 Ἤδη
3029 2907 3122 2978 μὶν
3179 2906 3280 2980 γὰρ
3319 2904 3512 2980 πολλῇ
3561 2899 3866 2980 προδιορθώ-

2249 3021 2326 3055 σει
2361 2997 2662 3073 ἐχρήσατο,
2692 2993 2819 3050 ἀλλ’
2851 2993 2950 3049 οὐκ
3000 2994 3241 3068 ἀρκεῖται
3290 2992 3472 3069 ἐκείνῃ
3527 2994 3684 3067 μόνῃ.
3731 3012 3758 3041 (ι
3785 2987 3860 3056 Μή

2245 3111 2327 3151 τις
2360 3109 2428 3162 με
2467 3084 2602 3160 δόκῃ
2657 3083 2866 3160 ἃφρονα
2916 3085 3079 3140 εἷναι.
3115 3107 3143 3136 ››
3194 3083 3383 3141 Καίτοι
3415 3085 3526 3138 ἀνω
3573 3085 3728 3148 εἶπεν,
3764 3075 3866 3154 ὄφε-

2247 3177 2344 3235 λον
2404 3174 2684 3254 ἀνείχεσθέ
2748 3195 2852 3247 μου
2910 3180 3010 3242 τῆς
3068 3172 3398 3247 ἀφροσύνης.
3463 3176 3588 3234 Πῶς
3646 3170 3731 3226 οὖν
3781 3163 3868 3221 ὧδε

2253 3268 2410 3348 φησὶ,
2443 3290 2470 3318 ‹‹
2503 3267 2589 3333 Μή
2631 3285 2714 3327 τις
2751 3285 2817 3336 με
2852 3261 2979 3334 δόξῃ
3001 3260 3206 3337 ἄφρονα
3230 3265 3362 3317 εἶναι
3391 3281 3404 3330 ;
3440 3288 3468 3313 ››
3493 3259 3755 3318 ’ὐτιαύτὸ
3772 3256 3866 3329 μὲν,

2253 3358 2408 3434 φησί,
2439 3356 2502 3410 τὸ
2563 3353 2800 3409 ἐπαινεῖν
2851 3353 3037 3408 ἑαυτὸν
3095 3351 3408 3426 ἀφροσύνης
3458 3350 3623 3418 ἐστὶν,
3671 3347 3765 3422 ἐγὼ
3807 3341 3869 3413 δὲ,

2253 3446 2438 3524 φησὶν.
2473 3442 2584 3518 ούχ
2612 3443 2688 3504 ὡς
2719 3442 2902 3522 ἄφρων
2933 3440 3215 3516 κέχρημαι
3266 3439 3484 3502 τούτοις
3530 3443 3643 3500 τοῖς
3691 3436 3868 3508 λόγοις,

2251 3523 2378 3589 ἀλλ’
2411 3533 2782 3608 ἀναγκάζομαι
2815 3530 2949 3603 πρὸς
2996 3531 3058 3584 τὸ
3107 3533 3215 3584 τῶν
3255 3525 3712 3602 ψευδαπόστόλων
3756 3523 3867 3577 ἀπα-

2251 3627 2436 3697 γαγεῖν
2466 3621 2630 3694 ὒμᾶς.
2663 3619 2754 3674 Διό
2805 3640 2962 3695 φησι,
3021 3641 3051 3672 α
3085 3621 3174 3687 Μή
3233 3639 3320 3678 τις
3383 3638 3449 3690 με
3509 3615 3634 3691 δόξῃ
3689 3612 3867 3697 ἄφρονα

2254 3695 2414 3762 εἶναι.
2453 3731 2479 3758 ››
2512 3706 2587 3764 Οὐ
2619 3706 2724 3780 γὰρ
2756 3705 2917 3772 ἑκὼν,
2958 3702 3085 3759 ἀλλ’
3114 3703 3165 3776 ἐξ
3213 3703 3458 3780 ἀνάγκης
3507 3703 3581 3763 εἰς
3623 3699 3744 3760 τοὺς
3785 3695 3868 3767 ἄμα

2253 3802 2416 3853 αυτοῦ
2474 3797 2726 3857 ἐπαίνους
2785 3794 3062 3868 ἐμπίπτω.
3105 3827 3173 3838 -
3230 3794 3428 3851 ’ΛΛλο.
3491 3795 3673 3851 Ἔστιν
3729 3789 3864 3864 ἀφροι

2256 3886 2416 3959 σύνης
2447 3887 2596 3960 ῥῆμα
2627 3886 2818 3954 εἰπεῖν,
2874 3886 2950 3958 μή
3013 3882 3147 3940 ὂντα
3205 3881 3430 3958 ἄφρονα,
3493 3879 3632 3956 μηδὲ
3683 3879 3744 3934 τὰ
3791 3877 3866 3930 τοῦ

2255 3975 2486 4053 ἄφρονος
2517 3978 2802 4031 ποιοῦντα.
2865 3976 3088 4051 Ἀφρων
3151 3974 3244 4046 μὶν
3304 3974 3410 4048 γάρ
3449 3973 3589 4028 ἐστιν
3641 3971 3668 4026 ὀ
3725 3965 3865 4039 μάτην

2259 4051 2756 4140 μὲγαλορημονῶν,
2816 4063 2905 4118 καὶ
2965 4062 3040 4125 είς
3093 4063 3246 4118 κενὸν
3305 4059 3774 4132 ἀλαζονευόμενος,
3823 4051 3869 4112 ὅς

2259 4153 2394 4226 μετὰ
2424 4156 2520 4208 τοῦ
2555 4152 2687 4207 εἶναι
2733 4150 2918 4232 ἄφρων
2974 4156 3061 4206 καὶ
3111 4150 3421 4226 ἀφροσύνης
3470 4150 3614 4226 λέγει
3660 4148 3865 4224 ῥήματα.

2255 4242 2347 4297 καὶ
2376 4243 2440 4298 τὰ
2470 4246 2567 4297 τοῦ
2601 4239 2835 4320 ἄφρονος
2889 4245 3054 4298 ποιεῖ.
3102 4241 3162 4297 Ὁ
3211 4238 3270 4295 δε
3317 4237 3494 4314 λέγων
3545 4239 3663 4311 περὶ
3708 4232 3867 4290 ἑαυτοῦ

2257 4330 2348 4386 καὶ
2382 4329 2595 4404 μεγάλα
2624 4330 2714 4385 καὶ
2744 4326 2953 4399 ἀληθῆ,
2982 4329 3069 4383 καὶ
3099 4324 3273 4384 ἵνεκεν
3323 4327 3590 4404 ὠφελείας
3635 4325 3864 4401 ψυχικῆς,

2257 4419 2570 4494 ἀφροσύνης
2602 4419 2696 4492 μὶν
2740 4415 2904 4488 δόξει,
2963 4418 3185 4492 ῥήματα
3240 4415 3439 4492 λέγειν,
3507 4417 3631 4471 ὅσον
3685 4410 3764 4468 ἐπὶ
3811 4407 3864 4476 τῇ

2257 4508 2550 4582 ὁμοιότητι
2575 4510 2674 4574 τῆς
2705 4509 2986 4584 προφορᾶς
3017 4510 3124 4561 τῶν
3160 4506 3370 4580 λόγων,
3419 4504 3481 4560 οὐ
3536 4507 3644 4577 μὴν
3691 4499 3864 4576 ἄφρων,

2256 4595 2518 4652 ἀλλὰκαὶ
2569 4594 2689 4651 λίαν
2745 4594 2990 4673 ἔμφρων,
3049 4593 3138 4649 καί
3193 4596 3260 4649 τά
3313 4598 3410 4650 τοῦ
3468 4589 3863 4670 ἐμφρονεστάτου

503 4718 727 4789 sipiens
749 4715 969 4780 est,sed
994 4679 1678 4785 prudens‘admodumet
1725 4721 1854 4775 quin
1887 4703 2143 4776 pruden-

2252 4685 2528 4761 πράττων,
2585 4686 2669 4739 ’ὁτι
2728 4683 2818 4738 καὶ
2905 4680 3171 4754 διαϐολῆς
3228 4682 3436 4758 ἀλόγου
3507 4679 3861 4761 κατεφρόνησεν

501 4807 717 4861 tissimi
749 4811 887 4860 sunt
918 4808 1215 4873 operatur,
1249 4797 1407 4869 quod
1439 4796 1616 4851 etiam
1674 4792 2144 4848 irrationabilem

506 4890 866 4948 calumniam
901 4888 1256 4961 despexerit,
1284 4885 1357 4940 ob
1405 4883 1659 4938 aliorum
1713 4880 2029 4936 ulililatem
2079 4895 2147 4935 ac

507 4978 780 5036 salutem.
814 4980 939 5033 Non
997 4982 1084 5032 est
1141 4976 1319 5048 igitur
1376 4971 1737 5029 contrarium
1784 4968 1960 5041 paulo
2010 4975 2146 5025 ante

504 5068 769 5125 dixisse:
832 5067 1066 5124 Utinam
1121 5062 1496 5120 sustineretis
1554 5077 1669 5128 me,
1730 5059 1831 5130 qui
1905 5057 2149 5114 verbum

505 5155 805 5230 quoddam
834 5154 1194 5224 insipientiae
1226 5153 1494 5208 dicturus
1525 5167 1656 5207 sum
1689 5168 1705 5216 ;
1737 5154 1796 5204 et
1851 5164 2011 5204 nunc
2069 5147 2152 5203 di-

500 5262 635 5304 cere
673 5262 684 5299 :
722 5267 747 5293 ι(
783 5248 864 5299 Ne
899 5243 1030 5314 quis
1065 5259 1158 5297 me
1190 5245 1357 5313 putet
1387 5239 1770 5311 insipientem
1822 5253 1974 5294 esse.
2011 5256 2034 5288 ι
2069 5238 2152 5292 Ne

506 5336 640 5408 quis
672 5335 873 5406 itaque
906 5349 1001 5388 me
1032 5333 1416 5402 insipientem
1445 5345 1574 5384 esse
1635 5327 1935 5384 existimet
1962 5343 1976 5392 ;
2029 5341 2152 5381 non

2253 4783 2343 4838 ἐπὶ
2373 4788 2441 4858 τῇ
2482 4783 2678 4856 ἑτέρων
2737 4784 2986 4856 σωτηρίᾳ
3029 4783 3119 4838 καὶ
3163 4780 3420 4860 ὠφελείᾳ.
3472 4783 3566 4837 Διὸ
3616 4779 3708 4835 ούκ
3749 4770 3861 4828 ἔστιν

2257 4873 2495 4930 ἐναντίον
2526 4873 2588 4928 τὸ
2620 4871 2788 4927 εἰπεῖν
2817 4874 2924 4947 πρὸ
2973 4871 3197 4948 ὀλίγων,
3231 4866 3432 4949 ὄφελον
3481 4865 3745 4944 ἀνείχεσθέ
3779 4877 3863 4949 μου

2255 4985 2308 5020 τι
2341 4960 2649 5040 ἀφροσύνης
2681 4962 2835 5035 βῆμα
2864 4960 3031 5016 εἰπεῖν
3068 4945 3391 5033 μέλλονὲος,
3424 4959 3513 5015 καὶ
3559 4959 3621 5014 τε.
3665 4959 3743 5008 νῦν
3788 4945 3860 5003 λι-

2256 5037 2399 5128 γεινί
2433 5077 2454 5101 ι
2491 5051 2582 5120 Μή
2617 5071 2699 5112 τις
2730 5071 2796 5123 με
2846 5048 2975 5124 δόξῃ
3025 5052 3231 5126 ἄφρονα
3274 5049 3437 5104 εἶναι.
3472 5073 3499 5098 ››
3542 5049 3632 5117 Μή
3677 5063 3750 5104 τις
3793 5037 3862 5092 οὖν

2260 5140 2389 5216 δόξῃ
2423 5140 2631 5218 ἄφρονα
2661 5143 2819 5195 εἶναι’
2853 5141 2916 5195 ού
2946 5140 3052 5215 γὰρ
3081 5137 3150 5193 δι’
3179 5137 3440 5211 ἐμαυτὸν,
3471 5137 3615 5194 ἀλλᾶ
3651 5132 3715 5190 δι’
3755 5129 3863 5218 ὒμᾷς

2261 5213 2402 5302 ipsi»;
2451 5213 2644 5303 μέλλω
2692 5227 2724 5284 ἄ
2784 5213 2975 5301 μὲλλω
3024 5213 3230 5303 λέγειν.
3294 5227 3356 5284 Εἰ
3415 5224 3473 5282 δὲ
3534 5228 3630 5300 μὴ,
3681 5218 3765 5278 κᾶν
3809 5213 3866 5273 ὡς

2261 5318 2470 5397 ἄφρονα
2525 5316 2802 5393 ἡγήσασθὲ
2862 5337 2928 5390 με
2974 5317 3065 5373 καὶ
3145 5313 3528 5392 παραδέξασθε.
3600 5311 3703 5372 Ούκ
3757 5306 3865 5397 ἀπο*

2262 5391 2696 5485 στρέφομαιήγάρ
2747 5404 2875 5461 ούδὶ
2929 5407 2990 5461 τὸ
3047 5403 3231 5484 ἀφρων
3291 5408 3615 5478 νομισθῆναι
3669 5398 3746 5455 διὰ
3791 5391 3866 5485 τὴν

2267 5478 2529 5571 ὑμετέραν
2590 5478 2879 5570 σωτηρίαν.
2943 5495 3040 5550 Καὶ
3095 5478 3196 5570 γὰρ
3247 5489 3281 5548 ἀ
3349 5491 3542 5567 μέλλω
3617 5490 3756 5566 ἐρεῖν,

2265 5565 2544 5662 στήριγμα
2576 5565 2754 5658 υμῶν⁷
2780 5585 2870 5640 καὶ
2928 5565 3192 5664 ὠφέλειαν
3256 5565 3441 5658 ψυχῆς
3498 5584 3716 5638 συτελεῖ.
3746 5597 3786 5664 γι(
3816 5565 3866 5624 Εἰ

2268 5673 2325 5732 δδ
2359 5676 2434 5749 μή
2464 5694 2545 5752 γε.
2582 5697 2610 5726 ››
2644 5672 2706 5732 Et
2739 5669 2795 5729 δί
2836 5673 2913 5746 μὴ
2955 5663 3282 5744 πεισθείητε,
3341 5668 3489 5728 ἀλλά
3534 5671 3621 5728 καὶ
3667 5663 3866 5752 ἀνάγκῇν

2269 5746 2427 5822 οὖσαν
2462 5746 2714 5838 δρῶντες,
2778 5763 2854 5837 μή
2915 5761 3191 5838 ὶλεύθερόν
3254 5782 3322 5839 με
3378 5761 3676 5843 ἀφροσύνης
3724 5746 3862 5824 νομί·

507 5424 666 5481 enim
699 5428 942 5494 propter
973 5421 1289 5490 meipsum,
1325 5416 1428 5471 sed
1459 5422 1700 5487 prOpter
1729 5431 1828 5469 vos
1889 5412 2154 5467 dicturus

508 5530 637 5572 sum
662 5530 792 5583 qum
808 5512 1030 5567 dixero.
1059 5505 1513 5580 Alioquilicebit
1551 5511 1615 5558 ut
1636 5504 2014 5576 insipientem
2046 5518 2154 5573 pu-

504 5605 641 5658 tetis
664 5619 757 5657 me
787 5609 843 5657 et
864 5600 1189 5672 accipiatis.
1216 5600 1415 5667 Neque
1461 5597 1624 5648 enim
1677 5609 1914 5648 aversor
1951 5591 2040 5645 vel
2072 5591 2161 5644 in-

512 5691 735 5762 sipiens
757 5689 1083 5746 existimari
1107 5690 1348 5758 propter
1395 5686 1650 5736 vestram
1695 5679 1971 5734 salutem.
2004 5676 2158 5746 688

519 5775 1272 5849 Siquidequum'dicturus
1295 5767 1533 5835 sum,ad
1549 5767 1724 5822 vestri
1755 5765 2159 5822 confirmatio-
