4106 6196
315 456 469 518 1053

1272 453 1668 513 ΟΟΜΜΕΝΤ.
1715 451 1801 510 ιΝ
1851 444 2097 507 EPIST.
2145 445 2194 504 ll
2245 445 2347 503 AD
2395 441 2760 504 CORINTH.

3557 441 3715 501 1054

314 610 464 659 σητε,
526 589 602 650 ὡς
659 591 789 664 γοῦν
847 585 1082 666 ἄφρονος
1140 587 1393 661 ἀνέχεσθε
1449 583 1702 659 λὲγοντος
1735 577 1961 655 ἄλὲγω,

2075 595 2212 634 nem
2245 581 2304 632 et
2331 577 2545 632 animae
2575 575 2894 631 utilitatem
2925 573 3258 630 conferunt.
3305 595 3333 622 «
3395 573 3651 645 Alioqui.
3685 596 3715 624 ››

307 679 400 733 ’ἱνα
447 677 598 753 κάγὼ
654 677 918 748 καθάπερ,
978 675 1163 756 φησὶν,
1221 675 1275 728 οἱ
1333 670 1773 747 ψευδαπόστολοι
1836 690 1970 724 καυ-

314 770 598 844 χήσωμαι.
639 767 870 822 Ἐκεῖνοι
904 766 1008 840 γὰρ
1041 764 1117 826 είς
1153 762 1412 840 ὑμετέραν
1475 757 1692 838 βλάϐην
1740 759 1968 834 καυχώ-

320 877 492 931 μενοι,
526 855 602 918 εἰς
630 875 855 916 τουτους
904 874 968 924 με
1019 853 1320 927 προάγουσι
1375 853 1500 914 τοὺς
1564 852 1784 926 λόγους.
1854 849 1969 904 ι”Ο

314 937 491 1004 λαλῶ,
525 937 595 990 οὑ
629 934 786 990 λαλῶ
830 935 965 989 κατὰ
1022 935 1241 1005 Κύριον.
1282 957 1310 985 ››
1367 933 1445 990 Τὸ
1502 935 1605 1006 γὰρ
1663 934 1970 1005 καυχᾶσθαι

317 1026 378 1082 οὐ
410 1025 546 1080 κατὰ
607 1025 828 1099 Κύριονο
889 1025 916 1078 ὀ
955 1026 1056 1099 γὰρ
1099 1025 1293 1098 Κύριος
1345 1021 1559 1078 κελεύει
1622 1023 1697 1094 μὴ
1759 1023 1967 1097 καυχᾶ-

307 1127 450 1178 σθαι.
491 1115 573 1171 Τὰ
604 1115 825 1189 ῥήματα
878 1118 1190 1190 τοιγαροῦν,
1241 1113 1304 1167 οὐ
1351 1113 1489 1167 κατὰ
1542 1110 1753 1180 Κύριον.
1803 1111 1864 1166 Ὀ
1915 1105 1972 1162 δὲ

312 1207 420 1258 τῶν
482 1203 742 1278 ῥημάτων
802 1203 1026 1270 τκοπὸς,
1087 1202 1175 1256 καὶ
1258 1199 1463 1281 σφόδρα
1545 1201 1682 1255 κατὲι
1749 1197 1968 1272 Κύριον.

323 1316 348 1346 α
387 1292 539 1349 Ἀλλ’
571 1293 645 1354 ὡς
679 1293 729 1346 ἐν
759 1291 1047 1371 ἀφροσύνῃ.
1083 1315 1111 1341 ››
1145 1293 1278 1347 Εἶτα
1307 1291 1393 1344 ’ἶνα
1425 1291 1498 1361 μὴ
1532 1294 1612 1360 τῷ
1665 1289 1757 1342 τὸν
1807 1285 1968 1341 αὑτὸν

321 1379 622 1456 ὁμολογεῖν
645 1380 726 1434 ὅτι
751 1381 814 1434 οὐ
833 1380 969 1434 κατὰ
997 1379 1191 1451 Κύριον
1219 1377 1400 1448 λαλεῖ,
1440 1379 1530 1433 καὶ
1561 1378 1643 1433 ὅτι
1697 1377 1748 1431 ἐν
1797 1375 1969 1451 ἀφρο-

321 1470 454 1544 σύνῃ
491 1467 669 1533 λαλεῖ,
701 1468 969 1543 πρόφασιν
1003 1467 1226 1530 ἐκείνοις
1251 1467 1509 1528 πλείονος
1543 1463 1620 1535 δῷ
1668 1462 1969 1538 λοιδορῖσς.

316 1563 542 1632 Πρῶτον
604 1559 699 1632 μὲν
747 1558 808 1612 οὑ
868 1557 1040 1634 λέγει,
1098 1556 1148 1612 ἐν
1207 1555 1498 1634 ἀφροσύνῃ,
1540 1554 1667 1610 ἀλλ’
1726 1579 1751 1604 «
1785 1553 1858 1614 ὡς
1919 1550 1971 1606 ἐν

324 1645 625 1726 ἀφροσύνῃ*
663 1672 684 1700 ι
729 1642 934 1716 ἔπειτά,
985 1665 1168 1724 φησιν’
1217 1671 1237 1696 ι
1277 1648 1360 1703 Ἐν
1403 1645 1568 1719 ταύτῃ
1614 1647 1683 1717 τῇ
1737 1642 1972 1698 ὑποστά-

319 1757 398 1792 σει
438 1743 538 1804 τῆς
567 1738 916 1811 καυχήσεως.
955 1762 974 1786 ι
1011 1739 1292 1803 Τουτέστι,
1323 1737 1460 1791 κατὰ
1485 1734 1649 1789 τοῦτο
1687 1731 1750 1788 τὸ
1807 1731 1968 1808 μέρος

312 1833 414 1895 τῆς
439 1828 788 1900 καυχήσεως,
821 1825 883 1881 οὗ
915 1823 1074 1880 λαλω
1103 1826 1240 1880 κατὰ
1272 1826 1492 1895 Κύριον.
1545 1828 1706 1878 1Ιοῖον
1761 1823 1924 1895 μέρος
1954 1841 1968 1891 ;

307 1917 436 1973 Ὀτι
472 1913 664 1987 μέλΛει
711 1917 1038 1990 καυχᾶσθαι,
1102 1909 1354 1988 Ἐϐραῖος
1413 1914 1550 1985 εἰμὶ,
1610 1910 1698 1967 καί
1746 1913 1966 1987 ἰσραηο
1997 1949 2043 2015 Β

314 2003 501 2073 λίτης,
553 2005 642 2060 καὶ
703 2003 918 2078 σπέρμα
976 1999 1246 2077 Ἀϐραάμ.
1307 2005 1382 2059 Τὰ
1444 2002 1500 2058 δὲ
1556 2006 1796 2071 τοιαῦτα,
1865 2000 1968 2056 οὑκ

318 2095 512 2156 ἀνῆκεν
544 2094 620 2156 εἰς
663 2093 932 2172 καύχημα
979 2095 1238 2165 Χριστοὺο
1291 2092 1409 2156 ὅθεν
1460 2093 1550 2146 καὶ
1608 2093 1743 2146 κατᾶ
1797 2092 1970 2162 σάρκα

313 2188 481 2238 ταῦτα
509 2183 691 2238 καλεῖ·
742 2184 805 2240 Ἱί
861 2183 966 2256 γὰρ
1027 2181 1102 2244 εἱς
1167 2182 1398 2256 Χριστὸν
1439 2181 1733 2255 καῦχησις,
1793 2179 1968 2254 πραό-

313 2293 414 2343 της
445 2273 611 2340 ἐστὶν,
643 2271 948 2347 ἐγκράτεια,
983 2272 1271 2348 ἁγιασμὸς⁴
1305 2273 1425 2329 Ὂτι
1458 2273 1563 2345 γὰρ
1595 2272 1658 2325 τὸ
1714 2265 1968 2340 Ἐϐραῖος

319 2362 576 2418 εἶναικαὶ
608 2361 956 2436 Ἰσραηλίτης
1017 2361 1077 2415 οὑ
1136 2361 1273 2415 κατὰ
1335 2361 1526 2435 Κύριόν
1582 2358 1749 2428 ἐστιν,
1809 2359 1970 2414 ἃκουε

319 2451 482 2506 αὖτοῦ
515 2451 792 2527 λὲγοντος·
831 2475 857 2502 u
889 2450 1004 2507 Οὑκ
1033 2445 1110 2504 ἔνι
1154 2447 1448 2517 Ἰουδαῖος,
1495 2447 1622 2505 οὑδὲ
1668 2447 1900 2519 Ἕλλην,
1936 2470 1965 2499 n

318 2541 440 2596 Καὶ·
491 2565 518 2592 ‹‹
580 2543 664 2597 Ἐν
722 2541 939 2614 Χριστῷ
1005 2541 1184 2608 Ἰησοῦ
1260 2541 1454 2602 πάντες
1507 2537 1562 2594 ἓν
1620 2540 1757 2597 ἔστε,
1815 2562 1843 2589 ››
1899 2570 1971 2582 -

317 2655 343 2682 α
380 2629 591 2686 Πολλοὶ
635 2635 954 2703 καυχῶντας
1006 2629 1142 2683 κατὰ
1190 2629 1440 2703 σάρκα.»
1493 2629 1630 2683 Ἀπὸ
1676 2632 1782 2682 τῶν
1834 2622 1970 2701 ἕξω-

320 2719 619 2798 θένφησιν,
667 2720 784 2773 οἷον
841 2719 946 2773 ἀπὸ
1007 2719 1296 2792 εὐγενείας,
1352 2718 1459 2773 ἀπὸ
1513 2722 1611 2772 τοῦ
1664 2718 1965 2790 περιτομην

315 2806 491 2882 ἔχειν,
533 2808 622 2862 καὶ
655 2802 910 2881 Ἐϐραῖος
943 2809 1098 2865 εἶναι.
1164 2833 1184 2857 ι
1217 2805 1420 2869 Ἡδέως
1474 2808 1578 2882 γὰρ
1629 2804 1902 2882 ἀνέχεσθε.
1940 2829 1968 2857 ι)

321 2900 484 2952 ’Ὠστε
543 2897 699 2969 ὑμεῖς
751 2895 915 2951 αῗίειοι
960 2895 1281 2974 ἀνεχόμενοι
1325 2895 1499 2950 αὑτῶν
1541 2893 1739 2964 ἡδέως.
1794 2918 1822 2946 ‹‹
1852 2899 1968 2949 Τῶν

323 2986 575 3063 ἀφρόνων
607 2986 868 3062 φρόνιμοι
899 2980 1070 3046 ὄντες,
1109 3010 1128 3035 ι
1168 2985 1232 3041 Εἴ
1259 2985 1358 3060 γὰρ
1391 2984 1452 3038 τὸ
1494 2983 1582 3038 ἐπὶ
1635 2989 1750 3046 τοῖς
1800 2979 1969 3046 ὅντως

321 3073 522 3138 καλοῖς
565 3077 870 3149 καυχᾶσθαι
916 3073 1148 3152 ἃφρονός
1209 3071 1341 3141 ἐστι,
1399 3071 1598 3142 πολλῷ
1658 3070 1871 3144 μᾶλλον
1909 3072 1970 3127 τὸ

327 3165 416 3220 ἐπὶ
447 3170 563 3225 τοῖς
597 3167 672 3237 μὴ
725 3166 867 3218 οὖσι.
920 3165 1059 3224 Τοὺς
1099 3159 1580 3236 ψευδαπόστόλους
1632 3159 1689 3216 δὲ
1736 3161 1970 3217 αἰνίττε-

313 3276 423 3312 ται.
460 3254 558 3308 Καὶ
615 3254 677 3308 τὸ
733 3251 893 3327 βαρὺ,
953 3252 1141 3328 φησὶν,
1192 3251 1275 3306 ὅτι
1331 3253 1421 3306 καὶ
1479 3251 1740 3329 φρόνιμοι
1798 3247 1964 3317 ὅντες,

321 3343 577 3417 ἀνέχεσθε
620 3342 820 3398 αὑτῶν.
884 3366 904 3392 ι
942 3341 1006 3398 Εἰ
1068 3342 1161 3413 μὶν
1207 3340 1307 3416 γὰρ
1354 3340 1453 3409 ἥτε
1502 3339 1748 3410 ἀνόητοι,
1785 3363 1812 3390 ››
1869 3338 1964 3396 κᾶν

320 3433 655 3506 συγγνώμην
689 3429 887 3505 εἷ’χετε·
930 3434 1020 3484 νῦν
1065 3427 1142 3495 δὲ,
1189 3428 1244 3484 ἐν
1293 3427 1497 3498 εἰδησει
1545 3430 1783 3485 πταίετε.
1835 3453 1862 3480 ‹‹
1908 3427 1975 3485 Ei’

315 3542 400 3583 τις
455 3522 593 3593 ὑμᾶς
647 3517 998 3578 καταδουλοῖ.
1036 3543 1062 3570 ››
1120 3524 1253 3594 Ὀρα
1307 3519 1480 3586 πόσην
1539 3515 1964 3594 δουλοπρέπειαν

313 3611 727 3685 καταγινώσκει,
769 3608 858 3664 καὶ
925 3609 998 3669 ὡς
1068 3610 1183 3681 μεθ’
1245 3603 1556 3681 ὑπερϐολῆς
1613 3606 1966 3663 ὑπεκέκλιντο

316 3704 433 3759 τοῖς
457 3695 948 3772 ψευδαποστὸλοις.
984 3723 1010 3749 α
1055 3696 1120 3753 Ιτιῖ
1151 3719 1234 3758 τις
1264 3698 1556 3766 κατεσθίει,
1599 3696 1651 3750 εἷ’
1685 3717 1769 3759 τις
1823 3697 1966 3769 λαμ-

326 3783 493 3844 ὅάνει.
521 3812 547 3839 ››
577 3789 738 3861 Ὁρᾷς
766 3787 878 3856 ίὸτι
930 3790 1022 3842 καὶ
1068 3788 1131 3842 τὸ
1175 3785 1477 3862 ἔμπροσθεν
1529 3786 1840 3862 εἰρημένον,
1883 3787 1966 3853 τὸ,

321 3881 439 3935 Ἵνα
469 3878 522 3933 ἐν
557 3878 601 3951 ᾧ
633 3883 942 3954 καυχῶνται
976 3879 1263 3950 εὑρεθῶσιν
1298 3878 1374 3933 ὡς
1431 3877 1606 3955 κάγὼ,
1655 3879 1791 3934 κατὰ
1842 3898 1966 3952 συγ-

323 3969 574 4048 χώρησιν
610 3967 843 4043 εἴρηται,
873 3969 962 4023 καὶ
993 3967 1132 4023 ὥστε
1165 3969 1240 4041 μή
1285 3967 1343 4023 ἐκ
1390 3967 1696 4041 προοιμίων
1751 3965 1966 4046 ἐλεγξαι

329 4058 685 4119 αὐτο·5ς.Νὖν
746 4057 848 4130 γὰρ
917 4054 1182 4112 δείκνυσιν
1246 4057 1442 4117 αὐτοὺς
1515 4057 1968 4130 ὑποκρινομένους

327 4148 421 4220 μὲν
454 4147 518 4201 τὸ
553 4147 629 4218 μή
661 4140 983 4217 λαμϐάνειν,
1016 4141 1398 4218 λαμϐάνοντας
1428 4143 1503 4202 δὲ.
1536 4169 1564 4197 ‹‹
1596 4145 1665 4202 Εἳ
1704 4167 1787 4207 τις
1839 4146 1965 4223 γὰρ,

315 4237 470 4316 φησὶ,
497 4231 788 4308 λαμϐάνει·
821 4259 850 4286 ››
881 4236 993 4304 καὶ,
1026 4237 1089 4291 τὸ
1121 4241 1328 4308 μεῖζον,
1362 4255 1387 4280 οι
1420 4234 1488 4290 Ei’
1508 4256 1592 4298 τις
1618 4236 1907 4299 κατεσθίει.
1938 4257 1966 4286 ››

317 4330 491 4384 Τοῦτο
521 4327 623 4400 γαρ
654 4322 842 4395 δηλοῖ,
875 4325 962 4379 καὶ
995 4322 1410 4397 ἐκπιεζομὲνους
1459 4323 1653 4385 αὑτοὺς
1707 4323 1811 4379 ὑπὸ
1860 4326 1969 4378 τῶν

319 4410 802 4488 ψευδαποστόλων.
834 4435 862 4463 ‹‹
899 4413 965 4468 Εἴ
988 4433 1072 4474 τις
1101 4411 1397 4486 ἐπαίρεται.
1433 4433 1460 4461 ››
1501 4409 1577 4468 Οὑ
1632 4411 1966 4485 σῦμμετρος,

315 4503 504 4581 φησὶν,
538 4503 691 4576 ὑμῶν
736 4504 770 4570 ἠ
833 4499 1077 4565 δουλεία,
1139 4496 1262 4555 οὔτε
1317 4499 1518 4574 ¹ἥμεροι
1576 4501 1628 4553 οἱ
1688 4497 1964 4567 δεσπόται,

312 4588 460 4647 ἄλλα
515 4589 764 4668 φορτικοί
818 4609 960 4650 τινες
1041 4588 1131 4642 καὶ
1217 4588 1723 4658 κατεξανιστάμενοι
1790 4588 1965 4661 ὑμῶν.

2077 667 2134 722 Si
2167 683 2305 721 vero
2340 665 2679 737 persuaderi
2702 680 2822 718 non
2843 664 3109 735 potestis,
3138 663 3242 718 sed
3298 661 3565 717 videntes
3621 679 3716 718 me

2077 757 2252 811 etiam
2284 755 2630 826 impellente
2661 755 3013 809 necessitate
3043 754 3169 808 haec
3199 752 3416 812 dicere.
3450 751 3521 806 ab
3570 752 3714 807 insi-

2074 845 2301 916 pientia
2333 850 2529 899 tamen
2561 843 2815 898 liberum
2847 859 2976 896 esse
3011 859 3129 896 non
3163 841 3470 901 duxeritis.
3504 840 3713 895 saltem

2074 940 2356 1005 tanquam
2392 933 2769 1005 insipientem
2803 933 3089 987 sustinete
3121 947 3213 986 me
3245 931 3544 986 dicentem
3583 947 3715 1001 qum

2075 1023 2311 1088 dico,ut
2333 1039 2437 1094 ego
2479 1023 2657 1077 veluti
2707 1021 3150 1093 pseudapostoli
3201 1020 3438 1092 glorier.
3500 1019 3584 1074 llli
3641 1019 3717 1074 si-

2074 1112 2315 1184 quidem
2347 1114 2409 1168 in
2443 1119 2697 1168 vestrum
2732 1112 3014 1167 damnum
3049 1111 3370 1184 gloriantes
3393 1109 3467 1164 ad
3491 1111 3597 1165 hos
3624 1125 3718 1164 me

2073 1203 2720 1258 deducuntsermones.
2752 1224 2776 1250 ‹‹
2805 1201 2968 1266 Quod
2992 1201 3140 1256 dico.
3170 1217 3289 1255 non
3328 1200 3457 1254 dico
3502 1215 3714 1254 secun-

2075 1293 2213 1348 dum
2240 1291 2578 1347 Dominum.
2611 1313 2630 1338 ι
2657 1292 2800 1346 Nam
2825 1291 3065 1362 gloriari
3086 1306 3205 1345 non
3257 1295 3345 1344 est
3390 1287 3714 1344 secundum

2079 1381 2389 1436 Dominum
2417 1395 2430 1444 ;
2456 1380 2740 1434 Dominus
2757 1379 3102 1450 enimjubet
3147 1395 3266 1434 non
3316 1377 3575 1450 gloriari.
3609 1379 3717 1433 Ita-

2076 1486 2191 1541 que
2221 1470 2396 1525 verba
2427 1469 2666 1539 quidem
2700 1485 2818 1522 non
2849 1475 2986 1523 sunt
3016 1467 3344 1524 secundum
3403 1468 3719 1522 Dominum

2076 1566 2134 1616 et
2163 1576 2375 1631 scopus
2405 1558 2721 1613 verborum
2753 1558 2993 1613 omnino
3027 1558 3350 1613 secundum
3397 1557 3714 1611 Dominum

2076 1655 2182 1705 est.
2213 1671 2232 1698 ε
2260 1648 2369 1704 Sed
2394 1647 2551 1703 velut
2574 1664 2677 1718 per
2697 1647 3122 1719 insipientiam.
3151 1670 3168 1692 η
3197 1646 3420 1702 Deinde
3480 1662 3554 1702 ne
3612 1663 3719 1718 per

2075 1737 2189 1794 hoc
2218 1737 2375 1808 quod
2402 1737 2620 1792 fatetur
2649 1753 2712 1792 se
2741 1753 2863 1792 non
2893 1736 3223 1792 secundum
3274 1735 3593 1791 Dominum
3635 1735 3717 1790 lo-

2076 1827 2261 1898 quiet
2286 1826 2443 1898 quod
2465 1826 2641 1882 veluti
2667 1843 2772 1898 per
2814 1826 3218 1898 insipientiam
3265 1825 3563 1897 loquatur,
3616 1840 3714 1880 oc-

2077 1917 2373 1972 casionem
2407 1916 2526 1970 illis
2557 1915 2778 1971 tribuat
2825 1916 3069 1987 majoris
3118 1915 3363 1970 convicii
3397 1931 3409 1981 ;
3455 1914 3715 1986 primum

2074 2006 2316 2077 quidem
2340 2022 2456 2060 non
2475 2006 2638 2074 dicit,
2674 2008 2784 2061 Per
2826 2005 3253 2076 insipientiam,
3306 2003 3430 2067 sed,
3491 2027 3518 2053 «
3552 2003 3718 2059 Velut

2072 2112 2180 2168 per
2202 2096 2628 2167 insipientiam.
2661 2118 2685 2142 υ
2711 2095 2934 2150 Deinde
2959 2095 3072 2149 ait:
3102 2117 3124 2144 ιι
3148 2095 3211 2147 In
3236 2094 3347 2148 hoc
3397 2109 3714 2165 argumen-

2075 2191 2133 2240 to
2154 2187 2544 2258 gloriationis,
2570 2207 2596 2234 η
2623 2186 2733 2242 hoc
2757 2191 2865 2244 est.
2896 2187 2959 2240 In
2985 2187 3094 2240 hac
3137 2190 3303 2255 parte
3350 2183 3721 2255 gloriationis

2072 2293 2191 2332 non
2219 2277 2428 2346 loquor
2450 2276 2774 2330 secundum
2801 2275 3138 2330 Dominum.
3169 2275 3448 2338 Qurenam
3479 2291 3614 2344 pars
3636 2278 3726 2328 est

2073 2365 2390 2437 illa?quod
2418 2365 2778 2437 gloriaturus
2803 2371 2910 2418 est.
2938 2361 3188 2418 dicendo
3219 2379 3230 2417 :
3259 2363 3538 2418 Hebrmus
3588 2379 3719 2417 sum

2074 2461 2132 2510 et
2153 2454 2469 2521 lsraelites,
2523 2461 2580 2508 et
2625 2471 2829 2508 semen
2872 2453 3116 2508 Abrahae
3185 2451 3343 2508 Talia
3373 2459 3569 2508 autem
3601 2468 3718 2507 non

2072 2541 2362 2598 retulitad
2388 2542 2803 2607 gloriationem
2827 2542 3038 2596 Christi
3089 2541 3252 2597 Unde
3299 2541 3475 2596 etiam
3509 2556 3719 2596 secun-

2075 2631 2215 2686 dum
2244 2649 2482 2688 carnem
2517 2633 2641 2688 hanc
2673 2649 2734 2686 se
2792 2630 2951 2702 loqui
3005 2632 3166 2685 dicit.
3228 2630 3508 2686 Glorialio
3560 2630 3717 2685 enim

2074 2721 2403 2777 secundum
2427 2722 2720 2776 Christum
2745 2726 2835 2776 est
2860 2719 3273 2780 mansuetudo,
3328 2719 3717 2784 continentia,

2075 2809 2662 2875 sanctimonia.Quod
2677 2810 2834 2864 enim
2850 2809 3156 2863 Hebraeum
3173 2823 3300 2862 esse
3316 2813 3373 2860 et
3388 2805 3715 2862 Israelitem

2075 2917 2194 2955 non
2209 2899 2623 2954 sitsecundum
2638 2898 2976 2966 Dominum,
3002 2897 3139 2952 audi
3172 2913 3306 2951 eum
3347 2896 3715 2967 loquentem.

2077 2989 2248 3043 «Non
2271 2987 2605 3042 estJudmus
2622 3003 2815 3056 neque
2835 2987 3067 3041 Graccus
3081 2983 3145 3037 ⁸⁸.
3184 3008 3209 3033 »ι
3229 2987 3316 3051 Ει,
3352 3007 3379 3033 ‹‹
3401 2987 3456 3040 In
3487 2985 3718 3039 Christo

2074 3078 2211 3132 Jesu
2231 3093 2442 3132 omnes
2464 3092 2561 3130 vos
2579 3091 2760 3130 unum
2788 3075 3007 3130 estis”.
3032 3096 3058 3122 »
3086 3104 3152 3114 ——
3175 3075 3337 3128 Multi
3389 3074 3719 3146 gloriantur

2079 3166 2407 3222 secundum
2439 3181 2699 3220 carnem.
2734 3187 2760 3212 ››
2793 3164 2876 3218 Ab
2909 3163 3190 3228 externis,
3226 3163 3439 3234 inquit.
3472 3163 3584 3217 hoc
3607 3168 3716 3230 est,

2079 3273 2113 3312 a
2144 3255 2557 3328 generositate,
2591 3254 2748 3325 quod
2780 3253 3295 3310 circumcisionem
3353 3252 3614 3307 habeant
3661 3257 3721 3307 et

2077 3344 2310 3400 llebrazi
2343 3351 2499 3399 sunt.
2531 3366 2558 3394 ‹‹
2595 3343 2869 3398 Libenter
2893 3343 3051 3398 enim
3086 3342 3364 3398 suffertis.
3428 3362 3455 3388 »
3513 3343 3718 3412 Itaque

2077 3452 2178 3490 vos
2192 3436 2251 3490 in
2266 3451 2445 3490 causa
2459 3435 2601 3489 estis
2623 3433 2724 3504 qui
2739 3432 3282 3487 libentersull'ertis.
3301 3453 3325 3480 ‹‹
3344 3431 3718 3502 Insipientes,

2078 3541 2212 3581 cum
2241 3525 2372 3580 sitis
2405 3523 2721 3595 sapientes.
2759 3545 2779 3571 ι
2819 3523 2962 3577 Nam
2994 3521 3042 3576 si
3075 3521 3147 3575 de
3178 3521 3270 3576 his
3293 3537 3424 3590 qum
3450 3535 3582 3574 vere
3614 3519 3717 3574 ho-

2077 3620 2249 3671 nesta
2271 3611 2660 3683 suntgloriari
2685 3612 3025 3682 insipientis
3068 3610 3370 3675 est,multo
3411 3610 3598 3680 magis
3655 3609 3717 3665 in

2077 3703 2170 3760 his
2194 3721 2324 3776 quae
2347 3720 2465 3760 non
2486 3709 2656 3760 sunt:
2679 3699 3170 3775 pseudapostolos
3188 3706 3385 3753 autem
3431 3699 3717 3768 designat.

2074 3795 2146 3852 Et
2172 3810 2342 3866 grave
2374 3798 2463 3848 est
2500 3791 2660 3863 quod
2689 3791 2771 3846 ait
2805 3807 2816 3844 :
2850 3791 2994 3846 Cum
3026 3789 3156 3843 sitis
3213 3787 3533 3858 sapientes,
3591 3802 3723 3840 sus-

2077 3884 2279 3939 tinetis
2311 3884 2488 3955 ipsos.
2524 3904 2552 3930 ››
2583 3882 2726 3936 Nam
2759 3879 2807 3934 si
2839 3879 3190 3949 insipientes
3219 3881 3322 3930 aut
3358 3875 3503 3932 fatui
3561 3890 3721 3931 esse-

2078 3976 2174 4038 tis,
2209 3973 2440 4029 veniam
2475 3987 2616 4026 sane
2648 3968 2982 4025 haberetis:
3016 3983 3175 4022 nunc
3218 3973 3416 4024 autem
3467 3967 3722 4022 scientes

2079 4070 2138 4122 et
2159 4062 2480 4134 prudentes
2504 4059 2794 4114 labimiui.
2817 4081 2843 4106 ‹‹
2878 4058 2932 4112 Si
2967 4058 3098 4129 quis
3130 4074 3228 4112 vos
3257 4058 3319 4112 in
3377 4057 3719 4112 servitutem

2078 4151 2280 4222 adigit.
2318 4170 2340 4196 υ
2377 4148 2517 4203 Vide
2563 4152 2846 4216 quantam
2907 4144 3288 4200 servilitatem
3336 4145 3717 4216 improperet,

2075 4246 2142 4296 ut
2174 4239 2352 4294 etiam
2383 4235 2855 4308 pseudapostolis
2886 4236 3102 4290 mirum
3135 4235 3196 4288 in
3248 4234 3488 4290 modum
3539 4232 3722 4302 subji-

2077 4329 2330 4384 ciantur.
2371 4348 2396 4376 ι
2429 4325 2484 4380 Si
2516 4325 2650 4396 quis
2682 4324 2896 4390 exedit,
2931 4323 2978 4378 si
3011 4324 3145 4394 quis
3173 4323 3406 4393 accipit.
3461 4342 3489 4370 ››
3539 4319 3717 4375 Vides

2076 4415 2235 4488 quod
2259 4415 2436 4470 etiam
2460 4414 2519 4469 id
2539 4414 2697 4486 quod
2719 4414 2882 4486 prius
2906 4413 3130 4468 dictum
3180 4416 3290 4477 est,
3335 4416 3401 4466 ut
3447 4410 3509 4464 in
3554 4424 3621 4464 eo
3654 4408 3715 4464 in

2076 4522 2194 4578 quo
2216 4505 2565 4578 gloriantur,
2601 4503 2976 4575 reperiantur
3014 4503 3166 4558 sicut
3186 4507 3242 4557 et
3277 4517 3406 4564 nos,
3439 4516 3546 4570 per
3575 4514 3718 4554 con-

2076 4595 2408 4652 cessionem
2432 4593 2657 4648 dictum
2680 4593 2840 4660 sit,et
2861 4609 2936 4647 ne
2959 4592 3032 4647 ab
3063 4590 3302 4646 exordio
3349 4590 3548 4644 statim
3583 4588 3717 4643 illos

317 4702 345 4730 «
383 4677 552 4740 Εἴνις
589 4679 728 4751 ὑμᾶς
760 4676 836 4738 εἷς
891 4677 1183 4751 πρόσωπον
1234 4674 1396 4752 δερει.
1434 4702 1460 4728 ››
1512 4676 1668 4739 Εἶδες
1727 4677 1965 4732 ἐπίτασιν

2080 4691 2354 4756 argueret
2380 4702 2392 4739 :
2422 4686 2575 4741 689
2599 4700 2760 4738 nunc
2811 4684 2969 4737 enim
3021 4681 3280 4736 ostendit
3309 4680 3466 4752 quod
3494 4679 3579 4733 illi
3613 4679 3720 4735 flu-

316 4767 571 4828 ἀποννίας
623 4768 800 4822 αὑτῶν
841 4768 930 4821 καὶ
981 4764 1314 4842 τυραννίδος,
1362 4767 1453 4822 καὶ
1503 4766 1585 4822 ὅτι
1637 4769 1710 4830 ὡς
1767 4765 1968 4842 ἀνδρα-

318 4853 512 4917 πόδοις
547 4855 728 4915 αὑτοῖς
786 4854 1133 4929 ἐκέχρηντος
1196 4880 1223 4907 (ι
1261 4857 1406 4911 Κατὰ
1462 4856 1682 4930 ἀτιμίαν
1737 4855 1900 4933 λέγω,
1935 4881 1963 4909 ››

321 4944 447 5019 Οὐχ
475 4944 557 4998 ὅτι
587 4945 866 5010 τύπτεσοε,
901 4945 1083 5017 φησὶν,
1118 4942 1245 5000 ἀλλ’
1278 4946 1362 5000 δτι
1389 4951 1500 4999 τῶν
1547 4945 1624 5007 εἰς
1673 4948 1966 5020 πρόσωπον

315 5031 669 5104 τυπτομένων
723 5031 823 5086 οὐκ
894 5025 1118 5088 ἔλαττον
1203 5032 1468 5110 πάσχετε,
1524 5035 1598 5095 ὡς
1658 5034 1704 5090 εἰ
1761 5032 1962 5111 ἔλεγεν.

313 5123 457 5196 Πρὸς
489 5116 642 5197 ὕϐριν
679 5121 807 5192 ὑμῖν
868 5119 1010 5195 λέγω
1066 5124 1250 5175 τοῦτο.
1305 5120 1372 5178 Τί
1429 5127 1716 5196 τοιγαροῦν
1769 5125 1966 5180 τούτου

314 5211 511 5287 γένοιτ’
545 5211 603 5265 ἄν
639 5210 1020 5284 αἰσχρότερον,
1052 5210 1179 5264 ὃταν
1217 5210 1309 5264 καὶ
1356 5210 1424 5264 τὰ
1473 5213 1738 5284 χρήματα
1786 5213 1961 5284 ὑμῶν,

314 5301 401 5355 καὶ
435 5302 534 5368 τὴν
568 5298 897 5374 ἐλευθερίαν,
929 5297 1017 5353 καὶ
1049 5299 1146 5366 τήν
1196 5300 1365 5372 τιμὴν
1411 5299 1766 5377 ἀφελόμενοι,
1823 5300 1964 5375 μηδὲ

316 5389 489 5450 οὕτως
521 5386 652 5442 ὦσιν
704 5387 948 5462 ἢμεροι;
1015 5385 1220 5444 «Ἀλλ’
1279 5383 1734 5463 ὑϐριστικώτερον
1793 5391 1963 5468 ἀργυ-

310 5481 567 5555 ρωνήτων
628 5479 755 5548 ὑμῖν
805 5478 1237 5552 κεχρημένοις»
1292 5479 1384 5534 Διό
1439 5499 1593 5553 φησι,
1652 5481 1799 5536 Κατᾶ
1845 5480 1959 5534 ἀτι-

314 5567 439 5642 μίαν
473 5568 642 5642 Αὲγω.
683 5592 702 5616 ι
738 5567 824 5628 Ὡς
855 5565 938 5622 δτι
970 5567 1135 5638 ἡμεῖς
1165 5567 1556 5640 ἠσθενήσαμεν.
1582 5592 1609 5618 ››
1637 5569 1868 5643 ’Δσαφὶς
1899 5569 1960 5623 τὸ

382 5742 426 5776 ⁸⁸
456 5739 643 5797 Galat.
681 5753 762 5808 ιιι,
793 5740 887 5794 28.
919 5736 969 5773 "
997 5737 1146 5793 Ibid.

2077 4781 2282 4848 gerent
2309 4775 2550 4846 quidem
2583 4790 2643 4828 se
2675 4789 2794 4828 non
2825 4769 3222 4843 accipere,sed
3260 4775 3456 4824 tamen
3487 4769 3716 4840 accipe-

2077 4872 2229 4922 rent.
2256 4865 2524 4919 Aitenim
2551 4881 2562 4920 :
2594 4883 2614 4910 ι
2642 4862 2696 4916 Si
2722 4862 2855 4932 quis
2901 4861 3136 4932 accipit,
3173 4883 3194 4907 ι
3218 4857 3492 4931 quodque
3524 4859 3716 4929 majus

2080 4960 2187 5020 est,
2223 4975 2250 5003 ‹‹
2285 4954 2341 5007 Si
2377 4953 2509 5023 quis
2541 4953 2769 5008 exedit:
2801 4973 2828 5000 »
2880 4951 2940 5005 id
2997 4949 3157 5004 enim
3215 4949 3511 5021 significat
3557 4947 3719 5020 ipsos

2078 5042 2392 5113 depressos
2423 5058 2455 5096 a
2486 5040 2983 5112 pseudapostolis.
3019 5061 3044 5087 ‹‹
3079 5039 3135 5093 Si
3168 5039 3302 5108 quis
3359 5037 3586 5093 extollit
3633 5053 3722 5092 se-

2075 5147 2158 5187 se.
2198 5151 2221 5180 υ
2257 5132 2382 5188 Non
2414 5137 2522 5195 est,
2555 5131 2772 5201 inquit,
2839 5129 3145 5184 moderata
3199 5134 3394 5183 vestra
3445 5128 3716 5194 servitus,

2076 5235 2272 5290 neque
2292 5219 2590 5275 mansueti
2612 5217 2972 5276 domini.sed
2993 5234 3196 5290 graves
3225 5225 3282 5272 et
3300 5218 3361 5272 in
3383 5234 3482 5272 vos
3520 5219 3716 5273 insur-

2073 5314 2296 5382 gentes.
2333 5331 2360 5356 «
2397 5309 2450 5362 Si
2484 5309 2616 5379 quis
2647 5309 2708 5362 in
2739 5307 2949 5362 faciem
2980 5324 3080 5362 vos
3111 5308 3285 5362 caedit
3341 5330 3368 5355 n
3400 5307 3573 5361 Vides
3625 5307 3715 5360 in-

2072 5395 2408 5452 tensionem
2435 5411 2634 5451 eorum
2662 5394 3011 5466 arrogantiae
3036 5393 3537 5465 ettyrannidis,et
3560 5389 3714 5462 quod

2071 5489 2382 5540 uterentur
2412 5485 2496 5538 eis
2528 5483 2703 5539 veluti
2735 5484 3052 5554 mancipiis
3074 5483 3102 5536 ‘I
3136 5505 3162 5531 «
3192 5484 3362 5538 Juxta
3417 5488 3716 5536 contume-

2070 5569 2213 5627 liam
2236 5573 2391 5628 dico.
2425 5595 2452 5622 υ
2485 5574 2607 5628 Non
2650 5573 2807 5644 quod
2865 5571 3281 5628 verberemini.
3337 5569 3552 5638 inquit,
3613 5567 3715 5622 sed
