4128 6192
488 358 639 419 ιοδδ
1605 360 2029 426 ωοῠΜΕΝη
2075 363 2381 426 Tnle
2425 361 2798 424 EPISCOPI.
3100 436 3109 443 ,
3713 370 3839 430 ιοιςδ

487 491 647 564 quod
677 509 796 548 non
828 491 1026 546 minus
1058 492 1369 562 patiamini
1401 493 1474 550 iis
1506 493 1609 566 qui
1640 495 1700 550 in
1757 493 1970 552 faciem
2011 512 2117 552 caa-

2243 494 2546 568 εἰρημένον.
2584 492 2809 563 Ἐπειδὴ
2841 492 2940 571 γὰρ
3006 495 3263 574 φορτικὸν
3306 494 3395 566 ἦν,
3444 493 3529 552 διὰ
3575 499 3720 552 τοῦτο
3769 499 3844 555 oli-

486 581 814 636 duntur.Ac
837 580 885 634 si
929 580 1192 636 diceret:
1239 582 1324 637 Ad
1369 583 1797 640 contumeliam
1829 585 1993 640 vobis
2023 586 2116 641 hoc

2239 603 2349 645 τως
2410 583 2542 638 αὐτὸ
2599 586 2848 652 τέθεικεν,
2907 587 2999 640 ἳνα
3056 584 3231 660 κλέψῃ
3291 585 3385 653 τήν
3460 583 3735 660 ἐπαχθειαν
3793 591 3848 662 τῇ

486 669 634 723 dico.
663 668 814 733 Quid
844 669 1024 740 igitur
1054 669 1428 728 indecentius
1459 673 1569 728 hac
1600 690 1663 728 re
1725 673 1851 729 fieri
1909 680 2113 746 posset

2241 671 2492 753 ἀσαφείᾳ.
2524 679 2590 732 Ὃ
2617 675 2720 748 γὰρ
2751 673 2897 750 λὲγει
2926 678 3091 730 τοῦτο
3150 672 3279 730 ἔστι’
3335 675 3419 743 Μὴ
3471 674 3570 746 γὰρ
3619 675 3676 730 οὐ
3722 673 3851 731 δυνά-

484 757 720 830 quando
747 761 1103 830 etpecunias
1122 769 1346 818 vestras
1366 767 1420 818 et
1473 763 1810 820 libertatem
1862 771 1918 820 et
1946 765 2114 821 hono

2245 775 2380 836 μεθα
2412 764 2497 818 ’9’:-
2528 765 2691 835 ἡμεῖς
2731 764 2796 819 τὰ
2827 764 2961 819 αὖτά
3019 770 3236 832 ποτεῖν;
3294 765 3440 823 τίνος
3487 760 3652 820 ἕνεκεν
3694 766 3853 840 ἀνεχε-

483 863 609 902 rem
641 847 997 916 auferentes,
1059 867 1134 905 ne
1192 851 1272 907 ita
1325 851 1565 922 quidem
1620 854 1974 910 leniuntur?
2029 870 2113 910 sec

2241 856 2333 906 σθε
2360 852 2559 917 αὐτῶν,
2592 853 2664 914 ὡς
2695 855 2854 926 ἡμῶν
2902 855 2978 927 μὴ
3015 850 3321 926 δυναμένων
3349 857 3516 907 ταῦτα
3572 860 3735 908 ποιεῖν
3759 875 3772 924 ;
3798 889 3851 898 --

488 935 840 1006 injuriosius
906 939 1072 993 vobis
1147 947 1416 1006 utuntur,
1504 959 1681 1012 quam
1764 943 1810 998 si
1889 949 2118 1017 argentc

2243 940 2489 1003 Ἄλλως.
2553 942 2714 1003 Τίνος
2771 941 2966 1010 ἕνεκεν,
3037 943 3215 1017 φησὶν,
3270 941 3446 996 αὐτῶν
3504 942 3744 1017 ἀνεχεσθε
3792 943 3852 1006 εἷς

487 1027 790 1082 emissent.
826 1027 962 1082 Ideo
995 1029 1077 1082 ait
1109 1046 1122 1083 :
1162 1052 1181 1078 α
1217 1031 1387 1086 Juxta
1417 1032 1833 1087 contumeliam
1893 1033 2044 1088 dico.
2104 1057 2117 1084 1

2241 1035 2406 1085 ταῦτα
2434 1049 2446 1097 ;
2480 1030 2554 1091 ὡς
2585 1031 2746 1102 ἡμῶν
2773 1030 3134 1085 ἀσθενούντων
3239 1033 3314 1104 μή
3349 1027 3653 1102 δυναμένων
3708 1030 3853 1094 οὕτως

486 1145 552 1156 --
586 1138 614 1165 «
648 1117 898 1173 Perinde
959 1119 1124 1190 quasi
1186 1136 1293 1175 nos
1353 1121 1683 1176 imbecilles
1740 1122 2048 1178 fuerimus.
2104 1145 2116 1174 ι

2245 1120 2373 1192 ὑμῖν
2401 1120 2855 1194 ἀποκεχρῆσθαις
2916 1117 3222 1189 Πληκτικὸν
3276 1117 3334 1174 δε
3385 1116 3590 1198 σφόδρα
3635 1119 3692 1174 τὸ
3737 1120 3857 1193 εἰρη-

488 1205 820 1262 Obscurum
853 1212 942 1262 est
972 1209 1129 1279 quod
1157 1209 1392 1267 dicitur.
1428 1211 1717 1275 Quoniam
1753 1212 1911 1266 enim
1960 1229 2118 1285 grave

2244 1208 2418 1280 μένον.
2449 1207 2544 1262 Διὸ
2575 1206 2664 1262 καί
2697 1209 2916 1284 ἀσαφῶς
2948 1208 3078 1263 αὐτὸ
3125 1209 3378 1282 τέθεικεν.
3431 1207 3502 1264 Εἴ
3560 1209 3680 1284 γὰρ,
3728 1209 3856 1282 φησὶ,

489 1301 634 1364 erat,
669 1296 801 1352 ideo
834 1296 982 1352 illud
1013 1299 1095 1353 ita
1126 1300 1344 1370 posuit,
1403 1307 1468 1355 ut
1521 1301 1883 1357 obscuritate
1933 1301 2119 1358 occul-

2241 1296 2330 1353 διὰ
2384 1301 2544 1352 τοῦτο
2603 1299 2798 1361 αυτοὺς
2847 1301 3061 1368 τιμᾶτε,
3113 1294 3297 1365 ἐπειδὴ
3386 1291 3692 1370 ὑϐρίζουσιν
3740 1295 3852 1366 ὑμᾶς

485 1389 636 1440 taret
665 1386 1000 1442 molestiam
1032 1393 1089 1442 et
1134 1388 1192 1443 id
1247 1389 1404 1460 quod
1464 1397 1590 1445 erat
1651 1392 1969 1457 odiosum;
2022 1393 2115 1447 hoc

2239 1388 2616 1462 ἐπαιρόμενοι,
2649 1389 2738 1441 καὶ
2793 1386 3056 1459 μονονοὺκ
3105 1385 3182 1450 εἷς
3225 1387 3518 1457 πρόσωπον
3577 1386 3856 1453 τύπτοντες,

481 1481 571 1529 est
592 1475 748 1530 enim
776 1476 933 1546 quod
959 1476 1133 1532 dicit:
1161 1480 1248 1532 An
1275 1479 1436 1534 enim
1462 1486 1518 1534 et
1546 1497 1654 1535 nos
1687 1482 1892 1536 eadem
1936 1481 2111 1538 facere

2239 1475 2510 1550 δυνάμεθα
2567 1475 2656 1530 καὶ
2711 1478 2876 1550 ἡμεῖς
2929 1480 3095 1530 ταῦτα
3151 1481 3345 1530 ποιεῖν.
3419 1476 3510 1535 Ὠς
3570 1476 3719 1547 ἡμῶν
3772 1476 3854 1549 γὰρ

480 1580 601 1619 non
625 1564 1466 1639 possumus?curigiturillos
1519 1571 1799 1638 suﬁertis,
1845 1577 2110 1642 tanquan

2237 1569 2372 1639 πρὸς
2453 1569 2620 1620 ταῦτα
2704 1564 3108 1634 ἀτονησαντων,
3196 1564 3425 1625 ἐκείνοις
3519 1561 3856 1626 ῦποκλίνεσθε.

480 1669 592 1708 nos
623 1654 829 1710 eadem
860 1654 1052 1710 facere
1084 1673 1202 1711 non
1236 1675 1640 1728 possemus.—
1674 1661 1793 1715 Alio
1826 1661 2110 1716 modo.Cu-

2237 1658 2396 1731 Ὁρᾷς
2429 1655 2602 1727 πόσης
2634 1654 2977 1726 ἐπιπλήξεως
3007 1656 3159 1731 γὲμει
3218 1655 3282 1710 τὸ
3334 1653 3662 1728 εἰρημένονς
3713 1658 3858 1708 llam

471 1743 574 1816 jus
599 1743 808 1815 gratia,
833 1743 1049 1814 inquit,
1083 1745 1217 1800 illos
1253 1747 1313 1801 in
1346 1747 1438 1802 his
1471 1748 1779 1804 suffertis?
1836 1765 1911 1804 an
1971 1764 2101 1820 quae

2237 1743 2295 1802 δὲ
2322 1751 2423 1815 τῆς
2457 1743 2672 1800 ἐκείνων
2704 1744 2962 1805 ἀπονοίας
3008 1746 3107 1813 τὴν
3154 1743 3355 1812 αῒτίαν,
3403 1742 3622 1804 τούτοις
3666 1741 3839 1812 ἐπικλᾷ

481 1849 592 1889 nos
615 1833 946 1890 imbecilles
970 1835 1177 1906 simus,
1202 1842 1260 1892 et
1277 1853 1398 1894 non
1423 1839 1720 1910 possimus
1771 1839 1896 1912 pari
1953 1839 2111 1895 modc

2239 1836 2336 1892 Διὰ
2367 1835 2458 1891 οῦν
2482 1833 2671 1903 ταῦτα,
2704 1833 2890 1913 φησὶν,
2930 1833 3305 1910 ἀναγκάζομαι
3333 1829 3424 1886 ’ἱνα
3461 1834 3601 1904 ὑμᾶς
3631 1837 3726 1900 τῆς
3747 1831 3849 1886 τού-

477 1925 642 1982 vobis
673 1925 888 1981 abuti?
916 1927 1017 1982 Est
1072 1934 1273 1984 autem
1333 1930 1716 1986 vehementer
1754 1930 2107 2004 pungitivuu

2235 1949 2344 1982 των
2369 1923 2686 1996 ἀλαζονείας
2713 1922 3036 1996 ἀπαλλάξω,
3061 1921 3169 2002 οὐχ
3183 1922 3276 1977 ’ίνα
3297 1921 3533 1996 ἐμαυτὸν
3564 1922 3854 1997 λαμπρύνω.

483 2031 550 2071 ac
582 2016 1011 2088 increpativum
1046 2017 1203 2088 quod
1231 2019 1468 2086 dicitur,
1498 2026 1558 2075 et
1587 2020 1808 2077 idcirco
1840 2021 2089 2076 obscure
2122 2019 2271 2075 illud
2324 2018 2539 2090 posuit.
2598 2018 2740 2071 Nam
2801 2016 2848 2070 si
2908 2020 3241 2087 propterea,
3301 2015 3522 2087 inquit,
3583 2014 3712 2069 illos
3755 2014 3851 2068 h0-

475 2106 704 2160 noratis
741 2105 898 2177 quod
932 2107 1208 2178 injuriosi
1243 2109 1384 2175 sint,
1417 2125 1547 2165 sese
1580 2111 1642 2166 in
1672 2127 1773 2166 vos
1831 2112 2146 2183 erigentes,
2207 2114 2265 2164 et
2314 2105 2742 2180 propemodum
2798 2106 2859 2160 in
2917 2104 3130 2160 faciem
3189 2104 3508 2167 euadentes,
3571 2120 3854 2176 possumus

479 2210 714 2265 quoque
749 2199 806 2248 et
838 2211 946 2249 nos
977 2195 1090 2251 ista
1119 2195 1332 2252 facere.
1368 2199 1545 2264 Quasi
1587 2201 1747 2255 enim
1778 2217 1888 2256 nos
1921 2201 1979 2255 in
2009 2201 2100 2255 his
2130 2197 2443 2254 inferiores
2476 2211 2763 2262 essemus,
2795 2194 2916 2249 illis
2946 2193 3330 2265 subjicimini.
3399 2193 3616 2259 Viden,
3685 2199 3872 2263 quanta

481 2282 728 2355 plenum
758 2284 834 2338 sit
863 2283 1269 2356 increpatione
1301 2287 1461 2359 quod
1492 2289 1714 2344 dictum
1747 2290 1890 2346 est?
1921 2290 2022 2345 His
2049 2295 2247 2345 autem
2299 2289 2567 2358 amputat
2621 2300 2860 2339 omnem
2912 2300 3152 2339 causam
3208 2284 3561 2355 arrogantius
3619 2281 3851 2337 illorum.

484 2372 732 2443 Propter
760 2373 870 2428 hoc
903 2374 1080 2446 igitur
1111 2377 1454 2447 compellor,
1516 2379 1732 2450 inquit,
1795 2385 1859 2435 ut
1916 2396 2018 2434 vos
2076 2379 2147 2434 ab
2208 2378 2450 2433 illorum
2507 2375 2662 2430 fastu
2710 2374 2980 2439 liberem,
3046 2389 3165 2428 non
3223 2378 3288 2428 ut
3334 2373 3631 2444 meipsum
3660 2371 3865 2426 clarum

485 2462 814 2518 ostendam.

554 2552 646 2621 XI,
679 2553 846 2607 21-23
903 2575 932 2604 «
961 2557 1025 2609 In
1059 2571 1412 2628 quocunque
1443 2557 1623 2614 audet
1642 2558 1881 2631 aliquis.
1909 2575 2015 2632 per
2037 2559 2130 2615 in-

2313 2555 2396 2609 'Ev
2453 2554 2499 2626 ᾦ
2557 2551 2602 2607 δ’
2657 2552 2716 2607 ἂν
2795 2570 2877 2613 τις
2959 2550 3164 2620 τολμᾷ,
3233 2549 3284 2604 ἐν
3363 2549 3640 2626 ἀρροσυνῃ
3720 2547 3863 2618 λέγων

483 2663 512 2692 ‹‹
541 2642 881 2715 sipientiam
915 2642 1146 2715 loquor,
1179 2646 1368 2702 audeo
1400 2653 1457 2702 et
1481 2664 1607 2722 ego.
1673 2649 1900 2704 Hebraei
1942 2651 2113 2704 sunt‘

2239 2643 2435 2717 τολμῶ
2501 2641 2671 2718 κάγώ.
2735 2636 2980 2715 Ἐϐραῖοί
3041 2639 3143 2694 εἰσι
3202 2659 3214 2708 ;
3294 2639 3472 2715 κάγώ.
3563 2635 3862 2710 Ἰσραηλῖται

483 2751 512 2780 ‹‹
546 2737 603 2786 et
630 2749 755 2806 ego.
795 2733 1077 2789 lsraelitaa
1110 2741 1250 2790 sunt
1277 2736 1304 2792 ?
1335 2743 1392 2792 et
1422 2752 1548 2810 ego.
1611 2739 1822 2795 Semen
1880 2738 2113 2794 Abraha

2241 2733 2382 2803 εἶσίς
2431 2731 2604 2809 κάγώ.
2667 2731 2896 2802 Σπέρμα
2953 2723 3210 2804 Ἀϐραάμ
3265 2728 3409 2796 clm;
3472 2728 3644 2800 κάγώ.
3703 2726 3863 2781 Altino-

485 2842 513 2870 ι.
548 2827 684 2876 sunt
718 2821 745 2876 ?
775 2827 833 2876 et
862 2837 988 2894 ego.
1023 2823 1274 2880 Ministri
1316 2826 1532 2882 Christi
1588 2828 1781 2884 sunt?
1831 2828 2115 2900 desipien:

2241 2844 2329 2878 νοι
2404 2824 2639 2897 Χριστοῦ
2741 2819 2907 2888 sict;
3011 2822 3371 2896 παραφρονῶν
3472 2816 3655 2883 λαλῶ,
3750 2815 3863 2868 ὕπε-

489 2932 516 2960 ‹‹
552 2909 786 2983 loquor,
820 2911 956 2984 plus
987 2929 1111 2986 ego.
1147 2936 1174 2963 ››

742 2929 786 2979 r,
820 2911 956 2984 plus
987 2929 1111 2986 ego.
1147 2936 1174 2963 ››
2242 2912 2372 2988 ἐγώ.

561 2999 882 3056 Considera
904 3018 1139 3058 rursum
1171 3004 1350 3060 tantis
1380 3022 1500 3061 non
1533 3012 1876 3064 contentum
1907 3023 2134 3080 praapa-

2312 3004 2452 3074 Ὀρα
2507 2999 2671 3056 πάλιν
2713 2999 2871 3055 αὐτὸν
2936 3003 3053 3060 ταῖς
3106 2999 3392 3059 τοσαύταις
3454 2999 3536 3070 μή
3576 2996 3861 3072 ἀρκεσθέντα

485 3091 816 3146 rationibus
839 3094 1409 3163 accorrectionibus,
1457 3097 1560 3152 sed
1615 3114 1772 3154 nunc
1822 3099 2115 3159 690.ren

2244 3089 2730 3168 προδιορθώσεσιν,
2788 3087 2934 3144 ἀλλᾶ
2987 3092 3076 3142 νῦν
3135 3086 3346 3160 τόλμαν
3422 3088 3517 3142 καὶ
3583 3085 3859 3163 ἀφροσῦνην

483 3179 675 3252 ipsam
700 3181 937 3252 appelat
955 3183 1262 3238 audaciam
1281 3192 1334 3240 et
1361 3186 1762 3258 insipientiam
1785 3205 1798 3255 ;
1821 3205 1889 3245 ac
1920 3206 2113 3262 prope

2246 3179 2516 3237 καλοῦντα
2547 3182 2608 3236 τὸ
2669 3186 2915 3254 πρᾶγμα,
2973 3178 3059 3232 καῖ
3126 3177 3424 3252 μονονουχὶ
3481 3175 3730 3251 λέγοντα·
3784 3172 3863 3241 Βία

485 3269 726 3324 modum
746 3270 946 3324 ait:Vi
971 3272 1216 3328 adactus
1239 3275 1311 3328 ad
1334 3275 1454 3331 haec
1504 3277 1698 3334 venio.
1751 3280 1882 3334 llaac
1930 3286 2115 3335 autem

2244 3270 2334 3326 ἐπὶ
2367 3269 2544 3342 τούτῳ
2570 3265 2828 3344 ἔρχομαι.
2862 3271 3040 3323 Ταῦτα
3079 3264 3136 3322 δὲ
3181 3271 3350 3334 ποιεῖ,
3399 3262 3672 3320 παιδεύων
3721 3266 3861 3335 ἡμᾶς,

483 3358 624 3412 facit
655 3375 763 3412 nos
796 3359 1120 3427 instruens,
1181 3365 1534 3420 necessitate
1584 3383 1702 3421 non
1755 3374 2000 3440 cogente
2057 3386 2113 3423 ac

2245 3359 2481 3434 ἀνάγκης
2513 3359 2710 3433 χωρὶς,
2769 3358 2845 3429 μή
2903 3350 3161 3435 ἔρχεσθαι
3209 3354 3284 3416 ei:
3327 3355 3616 3415 τοιούτους
3671 3351 3857 3426 λόγους.

485 3445 827 3515 hujusmodi
863 3449 1216 3504 veniendum
1246 3468 1363 3506 non
1393 3469 1523 3508 esse
1555 3472 1879 3512 sermones.
1905 3459 1969 3512 In
1993 3475 2115 3528 quas

2247 3449 2338 3504 Ἐν
2369 3449 2416 3519 ᾧ
2448 3445 2494 3501 δ’
2534 3448 2594 3500 ἂν
2645 3467 2728 3506 τις
2767 3445 2953 3516 τολμᾷ
3006 3446 3287 3520 πρᾶγματι
3345 3445 3651 3518 καυχᾶσθαι
3707 3443 3862 3515 (ταῦτα

487 3549 723 3603 cunque
755 3549 818 3587 re
845 3534 1024 3589 audet
1053 3537 1270 3608 aliquis
1299 3539 1537 3609 gloriari
1561 3543 1720 3614 (nam
1753 3545 1879 3600 haec
1910 3548 2117 3616 parite:

2244 3538 2347 3611 γὰρ
2382 3536 2889 3608 συνυπακουστέον),
2919 3532 3116 3605 τολμῶ
3167 3533 3338 3608 κάγώ,
3390 3558 3416 3583 ‹‹
3453 3528 3700 3606 Ἐϐραῖοί
3747 3529 3863 3590 aiat;

486 3622 898 3679 subaudienda
929 3632 1111 3688 sunt),
1143 3627 1333 3683 audeo
1365 3635 1422 3684 et
1453 3645 1576 3702 ego.
1611 3655 1640 3680 «
1674 3634 1900 3688 Hebrmi
1933 3635 2116 3689 sunt}

2249 3626 2433 3700 Κάγώ.
2499 3649 2528 3676 ››
2587 3627 2664 3684 Οὔ
2720 3626 2820 3699 γὰρ
2880 3626 3070 3684 πάντες
3128 3625 3179 3678 οἱ
3265 3619 3514 3697 Ἑϐραῖοι
3582 3623 3733 3690 ἦσαν.
3783 3617 3864 3675 Καὶ

489 3717 547 3768 et
576 3728 701 3785 ego.
735 3735 764 3762 ››
793 3715 992 3786 Neque
1019 3717 1176 3773 enim
1210 3734 1417 3772 omnes
1480 3720 1706 3777 Hebrzei
1766 3729 1935 3778 erant
1985 3741 2119 3794 quo-

2247 3715 2607 3788 Ἰσραηλῖται.
2643 3715 2807 3770 Ἦσαν
2858 3714 2964 3786 γὰρ
3019 3713 3107 3768 κκὶ
3166 3707 3476 3778 Μωαὸῖται,
3534 3711 3624 3766 καὶ
3681 3713 3864 3780 Ἀμμα-

483 3818 595 3874 que
640 3803 957 3872 Israelitaa,
1009 3804 1112 3861 sed
1174 3813 1346 3862 erant
1404 3809 1580 3863 etiam
1642 3815 1700 3866 et
1751 3811 2022 3868 Moabitaa
2077 3830 2108 3869 e

2246 3811 2410 3860 νῖται.
2473 3804 2565 3858 Διὸ
2625 3802 2934 3877 ἐκαθάρισεν
3015 3801 3178 3857 αὐτοῦ
3232 3803 3333 3870 τὴν
3419 3799 3698 3874 εὑγένειανο
3751 3796 3861 3851 κατὰ

483 3893 877 3948 Ammanitae:
913 3894 1046 3950 ideo
1075 3912 1243 3952 suam
1274 3900 1732 3970 generositatem
1788 3902 2113 3959 manifesta-

2248 3894 2514 3969 ἐρώτησιν
2545 3891 2603 3948 δὲ
2633 3891 3020 3966 ἀναγνωστέον.
3053 3893 3124 3947 Τὸ
3171 3890 3247 3961 εὶ,
3299 3917 3325 3942 ‹‹
3363 3892 3613 3946 Διᾶκονοι
3659 3887 3863 3963 Χριστοῦ

485 3981 585 4034 vit.
621 3982 926 4037 Estautem
945 3985 1934 4064 perinterrogationemlegendum.
1968 3993 2115 4059 Quoc

2251 3985 2375 4052 εἱσι,
2413 4009 2438 4034 υ
2469 3984 2605 4038 κατά
2633 3984 2726 4038 τὸν
2773 3981 3230 4056 ψευδαποστὸλων
3277 3981 3445 4055 λόγον
3486 3985 3648 4035 τοῦτο
3695 3977 3864 4051 λέγων.

487 4073 685 4124 autem
709 4070 820 4123 ait:
849 4091 875 4119 α
902 4072 1147 4128 Ministri
1172 4076 1386 4131 Christi
1437 4085 1595 4145 sunt,
1646 4101 1674 4129 »
1713 4081 1885 4151 juxta
1915 4083 2117 4153 pseud-

2252 4099 2280 4126 «
2311 4076 2475 4145 ’Ύπερ
2526 4071 2652 4147 ἐγώ.
2707 4098 2726 4121 η
2789 4072 3064 4138 Τουτὲστι,
3107 4069 3330 4126 Μᾶλλον
3383 4071 3508 4144 ἐγώ.
3574 4069 3671 4127 Καὶ
3728 4065 3865 4153 πάλιν

488 4157 896 4228 apostolorum
923 4175 1259 4218 sermonem
1281 4165 1393 4220 hoc
1418 4167 1649 4222 effatur.
1679 4191 1706 4217 ‹‹
1723 4150 1870 4225 Plus
1884 4150 2049 4244 ego.»
2071 4173 2118 4228 Ι(

2253 4160 2562 4237 ἀφροσύνην
2595 4159 2756 4215 καλεῖ
2777 4161 2840 4214 τὸ
2871 4165 3119 4237 πρᾶγμα.
3173 4158 3313 4214 Φασὶ
3365 4155 3423 4212 δὲ
3471 4179 3617 4218 τινες
3667 4157 3737 4229 μή
3776 4150 3869 4244 δεῖν

489 4251 599 4312 est,
632 4247 837 4319 magis.
874 4249 1282 4307 excellentius.
1341 4255 1714 4329 Rursumque
1771 4276 1896 4315 rem
1923 4239 2119 4333 ipsa]:

2252 4250 2412 4307 αὐτὸν
2441 4249 2576 4305 κατά
2623 4250 2904 4323 σύγκρισιν
2961 4254 3302 4325 προενεγκεῖν
3361 4247 3451 4302 τὸν
3516 4247 3696 4322 λόγον,
3749 4239 3869 4297 ἀλλᾶ

486 4336 1492 4410 vocatinsipientiam.Aiuntautem
1512 4347 1753 4418 quidam
1805 4365 1926 4405 non
1957 4366 2116 4422 opor

2253 4342 2584 4396 πανεάπασιν
2635 4337 2830 4400 αὐτοὺς
2883 4339 3210 4412 ἀρνήσασθαι
3261 4334 3545 4397 διακόνους
3595 4337 3726 4390 εἶναι
3763 4336 3867 4403 Χρι-

485 4429 610 4482 tere
633 4444 739 4498 per
760 4428 1286 4502 interrogationem
1311 4433 1748 4507 huncproferre
1773 4419 2109 4496 sermonem

2254 4431 2401 4484 στοῦ.
2431 4426 2588 4486 Ἀλλ’
2644 4425 2871 4501 ἰροῦμεν
2928 4427 3014 4482 ’ὁτι
3065 4430 3230 4480 τοῦτο
3284 4421 3589 4498 ἔμπροσθεν
3647 4419 3865 4507 ἐποίησεν

490 4515 592 4573 sed
621 4517 863 4572 omnino
897 4535 1112 4589 negare
1142 4521 1303 4592 ipsos
1359 4506 1500 4579 esse,
1541 4525 1755 4580 Christi
1809 4528 2114 4584 ministros

2253 4516 2443 4584 εἷ’πὼθ,
2476 4514 2933 4591 ψευδαπόστολοι.
2990 4515 3251 4579 Ἐνταῦθα
3298 4513 3390 4587 μέν
3439 4534 3548 4581 τοι,
3599 4513 3672 4572 εἰς
3718 4506 3865 4580 ἐξέτα-

491 4605 603 4659 Sed
621 4605 875 4661 dicimus
901 4583 1059 4678 quod
1108 4583 1219 4664 hoc
1269 4611 1433 4682 prius
1466 4612 1608 4668 fecit
1637 4631 1770 4669 cum
1804 4615 1963 4687 ipsos
1995 4583 2114 4673 dixi

2252 4627 2333 4661 σιν
2363 4608 2392 4662 ὁ
2424 4583 2592 4680 λόγος
2623 4607 2853 4681 ⁴ιῇρχετο,
2883 4605 2972 4659 καὶ
3001 4604 3100 4659 οὐκ
3135 4602 3242 4659 ἔδει
3288 4583 3448 4658 αὐτὸν
3505 4599 3869 4687 προαπογφῆνσ-

495 4693 1008 4766 pseudapostolos.
1040 4697 1353 4770 llicitaque
1377 4686 1912 4772 adinquisitionem
1945 4721 2125 4761 sermc

2253 4698 2395 4761 σθαι,
2425 4693 2574 4750 ἀλλὰ
2602 4696 2702 4764 τὴν
2756 4691 2845 4748 διὰ
2885 4698 2993 4749 τῶν
3041 4695 3208 4768 ὲργῶν
3255 4697 3558 4771 παρασχεῖν
3607 4686 3863 4757 ἀπόδειξιν,

494 4782 782 4850 pervenit,
815 4799 925 4838 nec
955 4791 1189 4856 oportet
1219 4802 1351 4841 eum
1381 4794 1555 4844 antea
1607 4790 2009 4858 manifestare,
2039 4808 2124 4846 sec

2253 4787 2335 4840 ὅτι
2368 4785 2527 4847 αὐτὸς
2599 4783 2691 4857 μὲν
2748 4782 2912 4850 ἐστιν,
2973 4781 3164 4838 ἐκεῖνοι
3219 4781 3277 4837 δὶ
3333 4779 3416 4837 οῦ.
3472 4807 3497 4833 «
3533 4777 3861 4857 llapappovéiv

498 4869 774 4936 operibus
813 4873 1091 4928 exhibere
1149 4874 1742 4946 demonstrationem,
1803 4880 1960 4951 quod
2016 4881 2128 4952 ipse

2252 4870 2430 4928 λαλῶ.
2463 4896 2490 4923 ››
2524 4871 2669 4929 ’Λντί
2700 4876 2815 4936 τοῦ,
2851 4871 2911 4928 El
2941 4871 3032 4925 καὶ
3084 4869 3224 4941 δόξω
3280 4871 3390 4925 τισὶ
3438 4871 3782 4946 παραφρονεῖν
3824 4859 3863 4914 ἐν

500 4955 739 5025 quidem
764 4959 976 5015 Christi
999 4963 1270 5018 minister
1286 4971 1462 5034 esset,
1485 4967 1571 5022 illi
1592 4984 1727 5023 vero
1749 4984 1870 5024 non
1921 4974 2130 5027 essent.

2248 4961 2330 5034 τῷ
2361 4960 2535 5036 λέγειν
2571 4979 2656 5035 με·
2709 4985 2730 5013 α
2765 4963 2932 5035 ’Ύπερ
2993 4961 3124 5033 ἐγώ.
3169 4984 3197 5011 ››
3259 4959 3396 5014 Ποία
3449 4959 3551 5034 γὰρ
3602 4957 3738 5016 ὅλως
3783 4970 3860 5004 πα·

503 5066 530 5095 ‹‹
559 5045 865 5116 Desipiens
897 5049 1126 5121 loquor.
1155 5075 1182 5101 »
1217 5053 1336 5109 Hoc
1367 5060 1474 5124 est,
1509 5073 1848 5130 quanquam
1879 5058 2133 5115 nonnul-

2253 5052 2590 5130 ραφροσύνην
2645 5051 2708 5105 τδ
2772 5051 2906 5124 ὑπὶρ
2957 5048 3086 5110 τὸὺς
3169 5046 3647 5122 ψευδαποστόλους
3720 5041 3863 5113 λέγειν

499 5133 574 5189 lis
605 5134 878 5206 desipere
908 5139 1130 5208 videar,
1165 5141 1404 5198 dicens:
1439 5167 1468 5195 ‹‹
1524 5147 1664 5202 Plus
1721 5164 1847 5222 ego.
1907 5170 1937 5200 ω
1998 5151 2129 5206 Nam

1299 5159 1404 5198 ns:
1439 5167 1468 5195 ‹‹
1524 5147 1664 5202 Plus
1721 5164 1847 5222 ego,
1907 5170 1937 5200 ω
1998 5151 2142 5206 Nam
2251 5141 2437 5196 ὶαυτὸν
2475 5138 2718 5196 διάκονον
2748 5140 2881 5194 εἶναι
2914 5158 2925 5206 ;

497 5239 628 5294 quas
663 5226 908 5282 omnino
948 5228 1305 5301 desipientia
1336 5240 1424 5290 est
1450 5235 1609 5307 quod
1668 5238 1930 5310 seipsum
1983 5239 2145 5296 dicat

497 5327 630 5368 esse
662 5315 1004 5372 ministrum
1037 5319 1362 5392 plusquam
1395 5325 1838 5398 pseudapostoli
1867 5327 1896 5382 ?

571 5403 676 5469 Xl,
711 5405 901 5458 23-27.
933 5407 994 5461 In
1023 5409 1300 5466 laboribus
1327 5395 1693 5484 εορίοειίιεξίη
1725 5419 2034 5474 verberibus
2055 5435 2146 5474 su-

2321 5415 2411 5472 'Ev
2465 5415 2659 5475 κόποις
2709 5410 3129 5488 περισσοτὲῥως,
3188 5409 3240 5463 ἐν
3318 5409 3564 5483 πληγαῖς
3622 5395 3863 5478 ὑπερϐαλ-

492 5508 604 5564 pra
639 5493 876 5560 modum,
905 5497 963 5550 in
994 5500 1302 5554 carceribus
1331 5502 1723 5573 abundantius,
1771 5509 1829 5560 in
1875 5508 2122 5562 mortith

2253 5503 2484 5571 λόντως,
2541 5500 2594 5557 ἰν
2663 5499 2931 5579 φυλακαῖς
3023 5499 3441 5574 περισσοτέρως,
3523 5495 3575 5552 ἐν
3653 5489 3864 5589 θανέτοξς

497 5585 853 5653 frequenter:
874 5602 907 5640 a
927 5587 1140 5642 Judaeis
1171 5588 1464 5658 quinquies
1507 5595 1888 5662 quadragenas
1941 5598 2127 5667 plaga:

2251 5591 2548 5652 πολλάκις.
2675 5591 2804 5644 Ὑπὸ
2906 5585 3182 5648 Ἰουδαίων
3303 5588 3552 5646 πεντάκις
3645 5585 3863 5646 τεσσαρά-

500 5683 610 5723 una
642 5672 826 5726 minus
857 5677 1048 5744 accepi
1066 5691 1085 5733 ;
1119 5680 1198 5727 ter
1230 5678 1398 5745 virgis
1444 5694 1598 5734 casus
1624 5683 1733 5747 fui,
1791 5684 1952 5737 semel
1996 5685 2130 5756 lapi-

2255 5702 2418 5736 κοντα
2477 5680 2624 5756 παρά
2683 5681 2804 5754 μίαν
2865 5673 3085 5734 ἔλαϐον
3148 5678 3265 5754 τρὶς
3348 5671 3684 5751 ἐραϐδίσθην,
3754 5669 3867 5724 ἄπας

4023 837 4025 902 l

4023 975 4025 1038 ί

4024 1059 4025 1130 ἶ
