4128 6192
272 331 425 404 ιοδτ

270 416 586 536 ἐλιθάσθην,

274 558 423 633 βυθῷ
506 557 803 627 πεποίηκα.

272 666 386 707 νοις
468 666 605 700 ποτα
615 648 753 717 μῶν,

897 555 1270 627 Ὀδοιπορίαις
1363 557 1657 624 πολλάκις,
1736 555 1922 616 κινδύ-

840 643 1112 708 κινδύνοις
1197 645 1440 717 ληστῶν,
1517 645 1785 710 κινδύνοις
1868 648 1928 703 ὲκ

566 732 833 797 κινδύνοις
920 734 970 805 ἐξ
1058 735 1245 804 ἐθνῶν,
1313 735 1584 800 κινδύνοις
1616 737 1668 793 ἐν
1739 736 1924 807 πόλει,

275 822 545 887 κινδύνοις
601 823 653 879 ἐν
740 822 966 899 ἐρημία,
1046 822 1314 887 κινδύνοις
1377 826 1429 881 ἐν
1485 825 1749 899 θαλάσσᾳ,
1805 848 1925 887 κινο

277 911 456 974 δύνοις
513 912 564 967 ἐν
626 910 1041 991 ψευδαδέλφοις·
1106 913 1158 970 ἐν
1215 915 1378 988 πόπῳ
1461 917 1550 971 καὶ
1610 916 1833 990 μόχθῳ,
1873 914 1927 970 ἰν

280 1001 599 1076 ἀγρυπνίαις
632 1001 927 1064 πολλάκις

355 1092 483 1147 Εἶτα
523 1089 672 1165 λέγει
704 1089 897 1146 λοιπὸν
933 1091 1029 1146 τὸν
1060 1099 1386 1167 χαρακτῆρα
1431 1100 1531 1162 τῆς
1591 1092 1925 1163 ἀποστολῆς.

282 1182 363 1239 Τὸ
393 1177 469 1250 δὲ,
515 1213 536 1234 ι
572 1185 990 1256 Ηερισσοτὲρως,
1028 1204 1055 1231 ››
1113 1183 1225 1252 καὶ,
1298 1205 1326 1235 ‹‹
1358 1177 1864 1256 Ὑπερϐαλλόντως,
1900 1207 1929 1235 υ

283 1268 345 1325 ού
367 1270 503 1325 κατά
532 1269 813 1349 σύγχρισιν
853 1275 961 1327 τῶν
994 1268 1453 1345 ψευδαπόστόλων
1516 1270 1750 1348 εἴρηται.
1784 1298 1812 1325 ‹‹
1836 1274 1927 1332 Ἐν

283 1360 533 1419 θανάτοις
564 1357 851 1420 πολλάκις.
897 1384 926 1411 ι)
980 1393 1049 1403 -
1096 1385 1124 1413 ‹‹
1161 1363 1288 1417 Καθ’
1340 1359 1550 1435 ἡμέραν
1584 1363 1708 1437 γὰρ,
1741 1363 1928 1438 φησὶν,

285 1448 635 1518 ἀποθνήσκω,
672 1472 698 1500 ››
757 1447 1039 1506 Ἐπεδίδου
1105 1452 1206 1525 γὰρ
1265 1450 1452 1506 ἑαυτὸν
1512 1450 1588 1514 εἷς
1654 1448 1933 1515 κινδύνους

290 1537 714 1615 θανατηρόρους.
758 1563 784 1590 ‹‹
816 1540 1226 1615 Τεσσαράκοντα
1264 1540 1409 1614 παρά
1469 1539 1595 1613 μίαν
1651 1535 1866 1597 ἔλαϐεν.
1903 1564 1932 1593 ››

291 1626 389 1681 Διά
416 1628 468 1681 τί
507 1626 651 1702 παρὰ
685 1627 810 1701 μίαν
843 1647 856 1697 ;
888 1628 1078 1701 Νόμος
1115 1628 1181 1698 ἦν
1233 1629 1324 1684 τὸν
1383 1628 1615 1685 πλείονα
1658 1635 1767 1686 τῶν
1820 1650 1934 1685 τεσ-

290 1717 591 1792 σαράκοντα
637 1718 972 1792 τυπτόμενον
1008 1764 1021 1787 ,
1076 1718 1272 1793 ἄτιμον
1340 1720 1476 1775 εἶναι
1516 1762 1527 1776 .
1586 1720 1806 1796 Ὧρισαν
1843 1721 1935 1774 οὗν

287 1808 434 1882 παρὰ
489 1806 611 1880 μίαν
672 1805 901 1877 διδόναι,
948 1808 1039 1863 ἳνα
1090 1806 1183 1863 κᾶν
1239 1813 1309 1883 τῇ
1367 1809 1513 1883 ῥύμῃ
1569 1810 1669 1864 τοῦ
1716 1807 1934 1864 τύπτειν

284 1895 583 1971 ἐξενεχθεὶς
614 1898 642 1952 ὁ
676 1898 892 1953 τύπτων
951 1918 1180 1973 περισην
1241 1895 1341 1971 δῶ,
1398 1898 1798 1974 τεσσαράκοντα
1832 1895 1933 1971 δῷ,

284 1984 375 2040 καὶ
439 1987 513 2059 μή
572 1987 794 2059 γένηται
849 1984 1043 2060 ἄτιμος
1099 1987 1127 2041 ὁ
1169 1986 1530 2061 τυπτόμενος,
1581 2013 1610 2039 ε(
1642 1987 1775 2063 Τρὶς
1805 1987 1930 2063 δρα-

286 2068 535 2145 ϐδίσῦην.
573 2099 601 2127 ››
633 2076 794 2151 ὐρᾷς
825 2075 909 2132 ὅτι
970 2076 1034 2130 ού
1065 2076 1235 2132 πάντα
1276 2074 1309 2131 ἃ
1339 2079 1602 2141 πέπονθεν
1631 2076 1660 2131 ὁ
1694 2073 1934 2146 Παῦλας,

288 2165 619 2241 συνέγραψεν
654 2168 789 2240 ἡμῖν
820 2167 848 2221 ὁ
883 2173 1093 2229 Λουκᾶς
1123 2166 1176 2221 ἐν
1232 2172 1350 2229 ταῖς
1382 2169 1638 2241 Πράξεσιν
1672 2188 1688 2237 ς
1722 2167 1802 2224 Οὐ
1831 2167 1932 2242 γὰρ

293 2255 430 2326 πρὸς
460 2252 783 2331 φιλοτιμίαν
828 2253 975 2329 αύτῷ
1010 2254 1076 2311 τά
1105 2263 1205 2325 τῆς
1263 2257 1580 2333 συγγραφῆς
1608 2254 1933 2326 πεπόνηται.

290 2344 383 2399 Διὸ
414 2342 602 2399 πολλά
632 2349 740 2400 τῶν
772 2342 995 2409 ἐνταῦθα
1020 2343 1324 2419 εἰρημένων
1380 2342 1696 2418 παρέλιπεν.
1752 2369 1781 2398 α
1808 2343 1935 2419 Τρῖς

286 2428 615 2507 ἔναυιὶγησα.
672 2457 701 2485 ››
759 2433 984 2507 Μακρὰς
1069 2435 1174 2511 γὰρ
1230 2433 1326 2489 καὶ
1374 2432 1719 2496 διαποντίους
1775 2431 1936 2495 ὁδοὺς

288 2520 655 2595 στελλόμενος
692 2519 781 2577 διὰ
811 2523 876 2578 τὸ
904 2524 1181 2599 κήρυγμα,
1231 2522 1404 2579 πάντα
1458 2520 1668 2599 ἔπασχε
1694 2524 1761 2579 τὰ
1794 2523 1939 2600 εἰρη-

296 2610 450 2684 μένα.
509 2614 877 2687 Νυχθήμερον
920 2610 977 2667 δὲ
1029 2614 1391 2688 νηχόμενος,
1477 2609 1744 2690 διεγένετο
1805 2614 1938 2687 μετὰ

294 2698 541 2773 ναυαγιον
576 2744 589 2760 .
672 2701 765 2769 Τὸ,
822 2703 953 2775 Τρῖς
1008 2701 1332 2777 ἐναυάγησα,
1383 2701 1696 2777 ἑρμηνεύων
1751 2703 1935 2780 φησὶν,

298 2789 385 2845 ὅτι
416 2790 591 2865 τρίτον
646 2792 680 2859 ἡ
737 2790 1092 2865 ἀνθρωπότης
1145 2789 1496 2867 ἐναυάγησεν,
1554 2792 1693 2863 ἅπαξ
1749 2788 1803 2847 ἔν
1858 2795 1939 2864 τῷ

297 2877 629 2952 παραδείσῳ,
698 2878 786 2935 διὰ
840 2888 939 2949 τῆς
997 2877 1371 2955 παραϐάσεως,
1430 2877 1701 2955 δεύτερον,
1755 2879 1808 2935 ἐν
1858 2880 1938 2952 τῷ

291 2970 664 3042 κατακλυσμῷ
698 3013 712 3039 ,
763 2969 946 3045 τρίτον
1007 2972 1139 3043 μετά
1193 2972 1255 3025 τὸ
1316 2967 1558 3044 δέξασθαι
1607 2969 1699 3026 τὸν
1745 2968 1937 3043 νόμον.

294 3084 321 3112 ιε
348 3061 712 3135 Νυχθήμερον
755 3057 808 3114 ἐν
837 3063 917 3130 τῷ
951 3060 1101 3133 βυθῷ
1158 3059 1453 3129 πεπίοηκα.
1490 3083 1519 3110 ι»
1578 3060 1764 3116 Νύκτα
1794 3056 1940 3133 λέγει

297 3149 524 3214 ἐνταῦθα
554 3152 582 3204 ὁ
616 3147 953 3207 ’Λποστολος
985 3152 1085 3219 τήν
1116 3149 1221 3224 πρὸ
1248 3156 1347 3217 τῆς
1378 3150 1612 3223 Χριστοῦ
1640 3146 1939 3224 παρουσίας

278 736 489 811 γένους,

293 3239 345 3294 ἐν
402 3238 471 3313 τῇ
518 3240 763 3310 σκοτεινῇ
819 3217 1380 3313 πλάσεινδιατριϐἠν,
1429 3217 1649 3314 ’ἡμέραν
1709 3217 1790 3303 δὶ,
1835 3238 1936 3305 τήν
1974 3217 2017 3278 C

298 3329 432 3404 μετά
487 3331 588 3398 τὴν
635 3332 868 3402 Χριστοῦ
928 3326 1228 3402 παρουσίαν
1292 3326 1343 3382 ἐν
1401 3330 1482 3399 τῷ
1532 3330 1782 3406 φωτεινῷ
1841 3326 1939 3403 βα-

293 3420 558 3491 πτίσματι
592 3414 886 3492 διαγωγήν.
926 3438 952 3469 ιι
982 3413 1269 3478 Κινδύνοις
1320 3420 1603 3488 ποταμῶν.
1649 3439 1679 3466 ››
1711 3415 1807 3472 Καὶ
1835 3416 1939 3490 γὰρ

293 3508 716 3584 διαπορθμεύειν
772 3508 1054 3579 ποταμοὺς
1138 3506 1492 3581 ἠναγκάζετο.
1577 3530 1604 3558 «
1658 3502 1940 3568 Κινδύνοις

295 3597 533 3672 λῃστῶν.
570 3621 596 3647 »ι
632 3599 920 3670 Πανταχοῦ
964 3595 1068 3669 γὰρ
1121 3595 1150 3650 ὁ
1199 3589 1457 3655 διάϐολος
1518 3591 1800 3666 ἐπολέμει,
1843 3590 1946 3666 λῃ-

298 3688 427 3748 στάς
460 3684 700 3761 ἐγείρων,
731 3686 799 3739 τά
864 3680 987 3753 ἔθνη
1040 3688 1147 3738 τῶν
1206 3680 1510 3753 Ἐλλήνων,
1562 3680 1689 3743 τοὺς
1747 3702 1943 3756 συγγε-

298 3780 407 3837 νεῖς
447 3771 763 3841 Ἰουδαίους,
822 3774 875 3827 οἳ
926 3772 1014 3827 καὶ
1067 3770 1283 3847 μᾶλλον
1341 3768 1646 3845 ἐπολέμουν
1698 3767 1788 3825 διὰ
1842 3771 1938 3839 τήν

295 3864 478 3922 πίστιν
531 3863 977 3938 διαπονούμενοι.
1042 3864 1144 3920 Καὶ
1195 3864 1364 3925 τόπος
1422 3863 1524 3918 οὐκ
1578 3862 1645 3931 ἦν
1698 3859 1946 3940 ἀσφαλὴς

302 3956 472 4027 αύτῷ,
505 3954 567 4010 οὐ
597 3951 783 4024 πόλις,
813 3955 917 4010 οὐκ
944 3949 1148 4029 ἔρημος
1202 3952 1302 4008 οὐκ
1357 3949 1501 4008 ἄλλο
1557 3947 1733 4008 οὐδέν.
1770 3975 1798 4003 ‹‹
1834 3952 1948 4007 Κιν-

302 4044 486 4108 δύνοις
516 4044 567 4100 ἐν
609 4042 1024 4122 ψευδαδέλφοις.
1060 4067 1088 4094 ››
1144 4045 1279 4116 Ὅρα
1336 4038 1515 4118 ἕτερον
1575 4038 1838 4097 κινδύνων
1869 4044 1947 4096 εῖ-

304 4135 420 4207 δος,
466 4134 529 4191 τὰ
579 4135 637 4191 ἐκ
685 4139 792 4191 τῶν
848 4130 1241 4208 ψευδωνύμων,
1309 4132 1615 4207 ὑποκριτῶν
1672 4127 1946 4211 ἀδελφῶν.

298 4229 441 4303 ’Ὀρα
470 4224 545 4281 δέ·
579 4226 705 4286 τοὺς
752 4219 1036 4284 κινδύνους
1088 4222 1251 4277 κόποι
1308 4220 1399 4276 καὶ
1460 4221 1686 4299 μόχθοι,
1718 4220 1946 4280 τούτους

297 4314 463 4371 πάλιν
491 4314 545 4369 οἱ
574 4309 821 4368 κίνδυνοι
854 4308 1192 4387 διεδέχοντο,
1223 4309 1312 4364 καὶ
1345 4308 1443 4363 ούκ
1472 4308 1539 4377 ἧν
1569 4308 1838 4363 ἀναπνεῖν.

1233 332 1641 395 COMMENT.
1693 334 1767 395 iN
1815 329 2068 395 EPIST.
2119 330 2169 396 iI
2213 335 2316 394 AD
2362 332 2725 397 CORINTH.

676 464 793 539 τρὶς
878 463 1201 541 ἐναυάγησα,
1292 467 1638 547 νυχθήμερον
1723 464 1775 523 ἔν
1841 469 1921 539 τῷ

2051 493 2059 518 ι
2092 466 2266 524 datus
2290 467 2874 541 fui,ternaut‘ragium
2892 470 3264 537 feci,noctem
3290 489 3407 531 una
3429 491 3565 533 cum
3587 474 3682 534 die

3529 340 3686 403 1058

2043 578 2071 611 α
2092 558 2152 614 in
2182 556 2473 630 profundo
2493 559 2672 631 egi,in
2696 558 3007 616 itineribus
3028 563 3273 634 sape,in
3287 565 3569 636 periculis
3583 567 3695 623 ilu-

2034 670 2062 697 ‹‹
2081 646 2620 719 minum,periculis
2642 647 3250 722 latronum,periculis
3263 668 3332 708 ex
3352 669 3567 726 genere
3595 672 3692 726 pe-

2033 735 2283 791 «riculis
2304 753 2377 793 ex
2397 737 2670 809 gentibus
2698 738 3053 809 periculisin
3075 740 3614 814 civitate,periculis
3629 745 3692 800 in

2037 824 2343 894 «deserto,
2381 826 2666 897 periculis
2693 827 2755 883 in
2799 828 2970 896 mari,
2996 829 3457 901 periculisinter
3511 831 3692 888 falsos

2035 936 2063 965 α
2094 914 2339 971 fratres:
2374 915 2435 971 in
2466 915 2668 973 labore
2700 923 2758 972 et
2789 918 3126 974 molestias:
3160 919 3222 975 in
3239 920 3454 990 vigiliis
3476 938 3691 993 sape.»

2107 1094 2328 1151 Deinde
2351 1102 2786 1168 consequenter
2806 1097 2974 1169 ponit
3004 1097 3374 1163 signaculum
3403 1099 3700 1172 apostola.

2037 1188 2130 1240 tus
2162 1184 2280 1239 sive
2311 1184 2624 1258 legationis
2669 1203 2810 1241 sua.
2840 1186 3007 1252 Quod
3038 1194 3237 1244 autem
3268 1188 3373 1256 ait,
3413 1213 3432 1237 σι
3489 1189 3703 1262 Copio-

2037 1273 2181 1342 sius,
2209 1296 2236 1323 »
2267 1280 2347 1341 et,
2381 1296 2408 1325 ιι
2441 1275 2630 1347 Supra
2659 1275 2923 1344 modum,
2958 1296 2985 1327 ι
3047 1292 3168 1332 non
3223 1293 3329 1349 per
3381 1294 3695 1351 compara-

2038 1364 2261 1419 tionem
2297 1362 2371 1419 ad
2411 1363 2904 1436 pseudapostolos
2934 1365 3160 1421 dictum
3194 1373 3302 1422 est.
3342 1392 3361 1415 ι
3401 1368 3467 1423 ln
3497 1370 3704 1426 morti-

2038 1452 2149 1508 bus
2178 1452 2542 1524 frequenter.
2594 1475 2624 1503 »
2656 1484 2723 1495 —
2753 1476 2781 1504 ‹‹
2844 1459 2989 1510 Nam
3023 1455 3288 1527 quotidie
3319 1457 3543 1513 morior
3568 1457 3633 1527 ⁷ο,
3665 1480 3695 1509 »ι

2037 1541 2532 1613 inquit.Seipsum
2573 1558 2735 1599 enim
2764 1545 3098 1617 exponebat
3126 1546 3408 1616 periculis
3440 1553 3694 1603 mortem

2038 1629 2492 1688 intentantibus.
2519 1652 2548 1681 «
2569 1632 2983 1705 Quadragenas
3006 1634 3206 1705 plagas
3229 1650 3349 1689 una
3375 1635 3574 1691 minus
3593 1653 3694 1692 ac-

2040 1720 2189 1791 cepi.
2226 1748 2247 1771 .
2285 1719 2474 1785 Quare
2507 1736 2627 1777 una
2681 1722 2921 1777 minus?
2951 1723 3094 1777 691
3138 1724 3251 1779 Lex
3280 1730 3409 1780 erat
3440 1725 3600 1795 quod
3644 1726 3695 1780 is

2044 1809 2145 1879 qui
2177 1809 2504 1880 accepisset
2517 1809 2677 1865 ultra
2697 1811 3087 1885 quadraginta
3104 1812 3326 1884 plagas,
3342 1813 3700 1885 ignominio—

2044 1912 2143 1951 sus
2174 1897 2511 1954 haberetur.
2544 1899 2910 1957 Deflnierant
2960 1902 3139 1973 igitur
3185 1907 3250 1956 ut
3281 1918 3463 1958 unam
3498 1903 3697 1960 minus

2037 1984 2468 2061 inﬂigerent,ut
2498 2004 2839 2062 quanquam
2866 1990 3092 2062 impetu
3122 1990 3475 2047 verberandi
3507 1991 3694 2048 addu-

2037 2082 2168 2133 ctus
2198 2076 2249 2132 is
2289 2078 2390 2149 qui
2420 2076 2960 2147 verberaret,unam
2980 2079 3277 2151 inﬂigeret
3303 2079 3690 2151 superﬂuam,

2039 2166 2122 2222 ita
2151 2165 2541 2240 quadraginta
2590 2167 2835 2223 inferret
2863 2173 2920 2223 et
2951 2169 3001 2224 is
3030 2169 3129 2240 qui
3162 2167 3571 2225 verberaretur
3599 2170 3693 2227 in-

2039 2253 2215 2310 famis
2264 2271 2383 2312 non
2428 2256 2617 2312 fleret.
2668 2279 2695 2306 ι»
2746 2257 2856 2312 Ter
2883 2258 3060 2330 virgis
3091 2273 3279 2313 casus
3309 2256 3415 2315 fui.
3453 2279 3482 2307 ››
3514 2256 3695 2316 Vides

2041 2343 2201 2415 quod
2232 2360 2352 2400 non
2383 2345 2587 2401 omnia
2617 2361 2748 2416 qua
2777 2361 2988 2417 passus
3018 2352 3110 2402 est
3138 2346 3360 2402 Paulus
3392 2347 3701 2419 scripserit

2041 2433 2214 2489 nobis
2242 2435 2423 2490 Lucas
2455 2434 2516 2489 in
2548 2435 2708 2491 Actis
2737 2434 2765 2490 ‘P
2794 2451 2988 2507 neque
3019 2436 3181 2491 enim
3214 2436 3288 2492 ad
3320 2435 3570 2509 gloriam
3629 2453 3700 2493 ea

2040 2538 2172 2594 qua
2203 2523 2390 2595 ipsius
2416 2529 2555 2579 sunt
2582 2523 2846 2580 historia
2904 2526 3285 2598 conscripsit,
3318 2526 3450 2583 ideo
3508 2526 3699 2582 multa

2042 2626 2247 2667 eorum
2279 2628 2411 2683 qua
2439 2612 2536 2669 hic
2580 2612 2739 2669 dicta
2759 2619 2899 2669 sunt
2928 2614 3330 2685 pratermisit.
3356 2637 3383 2664 ‹‹
3417 2616 3527 2670 Ter
3550 2630 3699 2670 nano

2042 2700 2292 2773 fragium
2322 2700 2457 2757 feci.
2495 2724 2523 2751 ››
2557 2702 2782 2775 Longas
2825 2703 2982 2758 enim
3016 2707 3074 2757 et
3118 2703 3545 2758 transmarinas
3578 2704 3701 2758 vias

2044 2790 2483 2862 pradicationis
2539 2792 2725 2863 gratia
2756 2808 3055 2859 emensus,
3108 2792 3311 2847 omnia
3366 2790 3703 2863 patiebatur

2044 2896 2175 2950 qua
2208 2879 2364 2936 dicta
2394 2882 2799 2937 sunt.Noctem
2818 2887 3015 2936 autem
3044 2897 3162 2935 una
3193 2897 3327 2936 cum
3355 2881 3450 2935 die
3487 2888 3701 2938 natans

2045 2968 2385 3040 perduravit
2437 2975 2572 3041 post
2626 2970 3019 3041 naufraginm.
3080 2971 3262 3025 Porro
3289 2970 3512 3026 dictum
3548 2972 3699 3026 hoc:

2046 3058 2156 3112 Ter
2186 3057 2561 3130 naufragium
2592 3058 2727 3124 feci,
2751 3057 3199 3129 interpretando
3231 3059 3376 3114 dicit
3404 3059 3561 3130 quod
3591 3059 3705 3115 bu-

2051 3146 2307 3202 manitas
2339 3152 2430 3200 ter
2458 3147 2831 3218 naufragium
2862 3147 3004 3202 fecit
3034 3164 3047 3213 ;
3091 3147 3279 3204 semel
3318 3148 3380 3203 in
3428 3148 3704 3219 paradiso

2050 3251 2157 3308 per
2185 3235 2742 3306 transgressionem,
2777 3251 3016 3290 rursum
3072 3236 3133 3290 in
3169 3235 3415 3301 diluvio,
3450 3242 3508 3291 et
3533 3237 3708 3292 tertio

2049 3330 2362 3398 postquam
2387 3323 2574 3395 legem
2593 3324 2975 3396 suscepisset.
2992 3326 3265 3380 «Noctem
3299 3341 3420 3381 una
3448 3342 3583 3381 cum
3609 3324 3706 3381 die

2051 3419 2112 3472 in
2138 3414 2431 3488 profundo
2455 3416 2564 3489 egi.
2592 3439 2617 3466 »ι
2638 3416 2880 3472 Noctem
2912 3422 3079 3472 vocat
3107 3416 3203 3472 hic
3233 3416 3556 3489 Apostolus
3576 3431 3710 3471 eam

2051 3506 2558 3563 conversationem
2593 3521 2723 3577 qua
2764 3512 2901 3561 ante
2934 3506 3150 3563 Christi
3175 3506 3496 3561 adventum
3528 3505 3589 3559 in
3621 3510 3710 3560 te-

2052 3597 2306 3654 nebrosa
2349 3596 2704 3652 formatione
2754 3603 2915 3651 erat:
2951 3596 3110 3652 diem
3143 3612 3280 3652 vero
3322 3596 3549 3653 vivendi
3590 3600 3711 3651 sta-

2053 3694 2177 3743 tum
2209 3691 2344 3758 post
2371 3684 2587 3741 Christi
2611 3684 2928 3740 adventum
2968 3687 3030 3740 in
3074 3685 3270 3740 lucido
3332 3684 3709 3756 baptismate.

2053 3797 2082 3826 «
2114 3774 2404 3831 Periculis
2433 3773 2767 3830 ﬂuminum.
2796 3796 2825 3824 »
2856 3774 3088 3829 Etenim
3114 3772 3363 3829 ﬂumina
3393 3772 3717 3845 cogebatur

2054 3864 2350 3935 trajicere.
2384 3887 2410 3913 «
2435 3864 2724 3920 Periculis
2756 3864 3076 3919 latronum.
3114 3884 3142 3911 ››
3177 3861 3402 3933 Ubique
3432 3861 3718 3917 certami-

2054 3970 2132 4010 na
2151 3954 2664 4024 certaminumque
2677 3952 2920 4024 pramia
2944 3948 3429 4024 proponebantur
3455 3967 3469 4005 :
3491 3949 3716 4022 ubique

2057 4042 2218 4098 enim
2247 4041 2521 4097 diabolus
2552 4039 2829 4109 bellabat,
2858 4039 3120 4095 latrones
3169 4039 3458 4109 excitans,
3509 4043 3717 4114 gentes

2058 4133 2419 4195 Gracorum,
2442 4135 2727 4202 cognatos
2754 4128 3122 4201 Judaos,qui
3156 4130 3337 4186 etiam
3368 4130 3558 4202 magis
3588 4128 3715 4184 bel-

2057 4220 2281 4286 labant,
2310 4218 2578 4273 dolentes
2598 4217 3038 4273 aclacessentes
3052 4224 3295 4290 propter
3324 4218 3721 4274 fidem.Locus

2058 4308 2171 4380 ipsi
2230 4313 2427 4363 certus
2457 4323 2577 4363 non
2634 4312 2781 4376 erat,
2814 4324 2935 4363 non
2984 4308 3207 4374 civitas,
3240 4323 3359 4363 non
3389 4306 3721 4372 desertum,

291 4424 413 4463 non
441 4405 602 4461 aliud
635 4403 979 4476 quidquam.
1016 4424 1044 4451 ‹‹
1080 4400 1368 4458 Periculis
1420 4400 1575 4454 inter
1635 4398 1816 4454 falsos
1872 4396 2107 4453 fratres.
2174 4418 2201 4445 »
2234 4395 2378 4451 Vide
2419 4395 2580 4452 aliud
2639 4397 3044 4467 periculorum
3102 4413 3292 4471 genus
3333 4393 3488 4467 quod
3510 4408 3718 4466 prove-

298 4496 505 4553 niebat
530 4511 601 4551 ex
634 4493 928 4549 simulatis
961 4498 1019 4548 et
1055 4491 1202 4546 falso
1233 4488 1558 4545 nominatis
1588 4486 1890 4544 fratribus.
1926 4483 2251 4542 Considera
2279 4501 2415 4541 vero
2452 4502 2465 4540 :
2498 4485 2786 4557 pericula,
2822 4485 3064 4543 labores
3126 4503 3193 4542 ac
3251 4484 3559 4547 molestia,
3601 4481 3727 4537 hac

302 4602 544 4643 rursum
576 4583 841 4657 pericula
869 4581 1269 4653 excipiebant,
1304 4594 1414 4635 nec
1444 4578 1739 4651 respirare
1770 4575 2042 4631 dabatur.

292 4690 299 4693 '
374 4676 462 4729 Ίιῖν
515 4672 671 4746 λιμῶ
727 4672 816 4727 καὶ
883 4667 1049 4744 δίψει,
1111 4666 1161 4723 ἐν
1221 4667 1493 4737 νηστείαις
1558 4664 1853 4732 πολλάκις,
1902 4661 1940 4719 ἐι

2136 4666 2238 4734 XI,
2266 4666 2466 4722 27-29.
2502 4685 2524 4713 ι
2557 4666 2623 4721 In
2646 4666 2803 4723 fame
2835 4671 2894 4722 et
2935 4666 3055 4732 siti,
3087 4666 3148 4720 in
3171 4663 3424 4737 jejuniis
3455 4678 3635 4734 sape,
3664 4662 3728 4719 in

309 4764 475 4839 ψύχει
516 4762 605 4817 καὶ
652 4759 978 4836 γυμνότητι.
1030 4757 1212 4832 Χωρὶς
1269 4762 1378 4813 τῶν
1433 4756 1698 4832 παρεκτὸς
1753 4756 1789 4825 ἡ
1847 4753 1963 4809 ἐπι-

313 4849 566 4913 σύστασίς
646 4870 750 4922 μου
806 4851 842 4919 ἡ
915 4848 1248 4922 καθημὲραν,
1324 4848 1359 4916 ἠ
1448 4845 1680 4922 μέριμνα
1771 4848 1962 4900 πασῶν

312 4944 422 4996 τῶν
458 4939 816 5010 Ἐκκλησιῶν.
869 4936 965 4999 Τίς
1011 4935 1244 5003 ἀσθενεῖ,
1301 4935 1391 4990 καὶ
1451 4933 1550 4989 ούκ
1596 4934 1801 4990 ἀσθενω
1835 4953 1849 5005 ;
1879 4932 1962 4995 τίς

316 5027 744 5099 σκανδαλίζεται,
774 5027 865 5083 καὶ
892 5026 991 5081 ούκ
1019 5024 1130 5101 ἐγὼ
1155 5028 1430 5099 πυροῦμαι
1463 5041 1476 5092 ;

391 5122 678 5193 Πανταχοῦ
691 5120 788 5186 τῆς
804 5115 1192 5185 οἳκονουυὲνηρ
1215 5112 1305 5168 καὶ
1327 5119 1425 5182 τῆς
1451 5111 1740 5182 ἀοικήτου,
1757 5113 1963 5188 ἀγῶνες

315 5210 448 5278 ἦσαν
480 5208 568 5261 καὶ
600 5205 809 5273 στάδια,
843 5204 895 5261 ἒν
946 5210 1042 5279 γῇ,
1099 5201 1152 5259 ἒν
1180 5201 1443 5275 θαλάσσῃ,
1498 5199 1714 5273 ἔσωθεν,
1745 5195 1962 5274 ἔξωθεν,

313 5295 460 5369 παρὰ
512 5298 620 5349 τῶν
673 5293 912 5361 οἰκείων,
942 5293 1090 5368 παρὰ
1127 5297 1233 5347 τῶν
1288 5287 1621 5365 ἀλλοτρίων,
1679 5291 1824 5366 παρὰ
1851 5294 1959 5345 τῶν

312 5386 585 5462 συγγενῶν
634 5382 780 5454 παρά
807 5385 916 5436 τῶν
973 5376 1321 5435 ἱπιπλάσνων
1371 5374 1638 5458 ἀδελφῶν.
1672 5378 1779 5434 Καὶ
1835 5374 1963 5434 ούδὶ

300 5480 415 5544 τῆς
471 5473 761 5551 ἀναγκαίας
810 5470 1039 5545 ηὐπόρει
1091 5471 1323 5547 τροφῆς,
1354 5463 1484 5523 ούδὶ
1540 5466 1709 5544 ψιλοῦ
1760 5468 1961 5525 σκεπά.

384 5657 431 5695 ⁷ο
458 5657 589 5714 Cor.
628 5658 715 5724 ili,
744 5656 835 5713 31.

2074 4779 2103 4807 α
2136 4755 2355 4830 frigore
2373 4761 2431 4813 et
2452 4754 2720 4813 nuditate
2732 4762 2949 4828 praeter
2964 4772 3035 4811 ea
3051 4771 3181 4826 qua
3199 4753 3566 4810 extrinsecus
3578 4751 3731 4808 acci-

2077 4870 2104 4899 «
2130 4846 2783 4919 dunt,conspiratioues
2816 4847 2877 4901 in
2902 4862 2998 4901 me
3030 4845 3407 4916 quotidiana,
3437 4858 3579 4899 cura
3607 4858 3730 4898 om-

2077 4957 2105 4986 «
2141 4936 2311 4991 nium
2336 4934 2902 5000 Ecclesiarum.Quis
2924 4934 3345 5003 inflrmatur,et
3371 4949 3474 5005 ego
3496 4947 3617 4987 non
3637 4929 3729 4984 in-

2079 5047 2107 5076 ‹‹
2144 5025 2354 5081 ﬁrmor
2378 5025 2406 5080 ?
2430 5024 2569 5090 Quis
2604 5025 2946 5094 offenditur,
2980 5030 3038 5079 et
3066 5040 3171 5097 ego
3197 5040 3317 5079 non
3347 5039 3489 5078 uror
3514 5021 3542 5077 ‘I
3573 5042 3602 5070 ››

2144 5114 2209 5169 In
2240 5113 2402 5169 omni
2425 5114 2587 5169 orbis
2613 5114 2742 5170 loco
2766 5119 2877 5169 tam
2896 5114 3205 5169 habitabili
3237 5128 3414 5185 quam
3436 5110 3726 5166 inhabita-

2071 5204 2200 5271 bili,
2234 5206 2564 5261 certamina
2594 5210 2762 5261 erant
2791 5211 2850 5261 et
2873 5204 3155 5261 exercitio
3185 5223 3198 5261 ι
3232 5206 3293 5261 in
3326 5202 3573 5259 terra.in
3595 5216 3725 5255 ma-

2070 5293 2157 5357 ri;
2189 5293 2369 5357 intus,
2404 5293 2547 5350 foris
2572 5310 2638 5361 ;a
2669 5294 2945 5367 propriis,
2978 5293 3051 5351 ab
3080 5294 3290 5351 alienis
3317 5311 3332 5361 ;
3372 5310 3407 5348 a
3436 5288 3725 5363 cognatis,

2072 5398 2107 5437 a
2136 5382 2289 5437 fictis
2319 5383 2623 5442 fratribus.
2659 5385 2813 5442 092
2839 5386 2909 5439 Et
2936 5401 3011 5440 ne
3042 5384 3445 5441 necessarium
3479 5377 3725 5453 quidem

2069 5471 2421 5529 alimentum
2450 5480 2553 5531 aut
2582 5474 2807 5531 nudum
2838 5480 3246 5549 tegumentum
3266 5468 3616 5543 suppetebat
3632 5481 3730 5521 or-
