4106 6196
290 237 438 297 1061

281 368 571 441 βασιλέως.
635 393 655 418 ι
715 367 776 424 Ὁ
839 368 1095 442 Πενθερὸς
1150 367 1395 443 Ἡρώδου
1454 371 1519 439 ἦν
1579 372 1607 425 ὁ

269 480 312 509 -«
350 457 445 510 Καὶ
490 454 580 510 διὰ
632 453 851 531 θυρίδος
911 455 962 510 ἐν
1023 458 1284 534 σαργάνῃ.
1322 484 1350 510 ››
1402 457 1556 528 “Haec
1621 459 1722 534 γὰρ
1783 459 1940 533 εἴρη-

293 549 477 620 μένον,
538 543 791 618 εὔχεσθαι
847 546 923 618 μή
984 545 1234 620 ἐμπεσεῖν
1299 549 1375 612 είς
1440 550 1763 624 πειρασμὸν,
1822 551 1940 605 ὅθεν

263 637 392 691 -οὖκ
440 635 745 710 ἐπιῤῥίπτει
808 635 995 690 ἑαυτὸν
1045 642 1159 698 τοῖς
1217 644 1564 712 πειρασμοῖς,
1624 637 1750 694 ἀλλ’
1817 634 1942 702 ἔνθα

291 727 378 779 καὶ
413 724 482 778 δι’
521 724 888 795 ἀνθρωπίνηςσ
941 732 1201 804 μηχανῆς
1252 724 1326 780 ἔνι
1378 732 1567 802 φυγεῖν
1629 725 1690 780 οὐ
1747 747 1940 802 παραι-

288 819 482 869 τεῖται.
546 812 846 886 Ἐφύλαττε
901 814 1002 887 γὰρ
1062 814 1246 870 ἑαυτὸν
1311 819 1390 886 τῷ
1455 815 1790 890 κηρύγματι,
1850 814 1944 869 καὶ

295 909 393 969 τῆς
426 900 700 975 σωτηρίας
741 900 964 971 ἐκήδετο
1008 906 1115 956 τῶν
1169 903 1424 975 μαθητῶν
1475 901 1708 974 μᾶλλον,
1756 902 1790 971 ἢ
1844 908 1945 970 τῆς

292 990 513 1054 οἰκείας.
548 992 640 1045 Διὸ
680 990 770 1045 καὶ
811 989 1064 1066 ἀλλαχοῦ
1098 1013 1252 1068 φησι.
1289 1019 1312 1043 ἰ
1345 989 1518 1046 Καλόν
1565 1013 1657 1064 μοι
1705 993 1767 1046 τὸ
1814 991 1946 1045 ἀνα-

294 1081 455 1136 λῦσαι
503 1082 587 1136 καὶ
645 1082 740 1135 συν
798 1087 1021 1156 Χριστῷ
1079 1085 1237 1137 εἶναι’
1296 1083 1358 1137 τὸ
1412 1080 1489 1148 δὲ,
1549 1077 1817 1154 ἐπιμένειν
1873 1085 1944 1155 τῇ

294 1171 476 1244 σαρκὶ,
519 1171 938 1244 ἀναγκαιότερον
969 1169 1039 1226 δι’
1070 1171 1233 1245 ὑμᾶς.
1276 1195 1305 1224 ››
1337 1171 1587 1246 Σαργανη
1642 1169 1753 1226 ἐστὶ
1784 1191 1946 1246 σχοι-

293 1259 430 1326 νίον,
461 1256 572 1314 ἔστι
605 1257 661 1314 δὲ
692 1260 778 1315 καὶ
809 1258 954 1322 εἶδος
987 1258 1265 1337 σπυρίδος.

366 1615 680 1688 Καυχᾶσθαι
749 1612 816 1682 δὴ
887 1618 948 1669 ού
1043 1616 1305 1692 συμφέρει
1405 1637 1519 1688 μοι.

289 1702 392 1777 γᾶρ
451 1702 528 1764 είς
585 1703 846 1766 ὀπτασίας
905 1705 995 1760 καὶ
1055 1703 1429 1779 ἀποκαλυψεις
1505 1704 1725 1779 Κυρίου.

292 1791 577 1864 ἄνθρωπον
680 1791 732 1848 ἐν

1618 1615 1946 1688 Ἐλεύσομαι

1805 1701 1946 1762 Οἶδα

839 1795 1054 1869 Χριστῷ
1128 1795 1235 1869 πρὸ
1310 1794 1442 1850 ἐτῶν
1519 1792 1943 1866 δεκατεσσάρων.

290 1881 400 1936 εἶτε
475 1881 528 1936 έν
604 1883 816 1955 σώματι
895 1882 998 1938 οὐκ
1071 1881 1218 1948 οῖδα,
1296 1884 1404 1940 εἶ’τε
1477 1884 1630 1945 ἐκτὸς
1701 1888 1801 1938 τοῦ
1841 1885 1946 1938 σώο

296 1991 465 2044 ματος
560 1970 658 2026 οὐκ
761 1969 903 2026 οἰδα⁸
1010 1974 1038 2028 ὁ
1141 1973 1272 2035 Θεὸς
1375 1973 1538 2030 οἶδεν·
1638 1973 1949 2048 ἀρπαγίντα

287 2059 378 2114 τὸν
461 2062 709 2112 τοιοῦτον
813 2057 1101 2131 ἂνθρωποτ
1202 2057 1306 2123 ’ἐιυς
1405 2063 1591 2136 τρίτου
1694 2060 1947 2136 οὐρανοῦ,

291 2148 379 2204 καὶ
455 2145 578 2203 οἶδα
650 2150 740 2204 τὸν
813 2155 1062 2207 τοιοῦτον
1141 2151 1446 2226 ἃνθρωπον,
1525 2149 1636 2206 ε’ίτε
1709 2149 1762 2206 ἂν
1841 2152 1951 2206 σῶ-

300 2257 449 2309 ματι,
530 2235 636 2293 έίνε
709 2237 864 2301 ἐκτὸς
902 2244 1000 2296 τοῦ
1058 2239 1311 2313 σώματος
1370 2240 1470 2296 οὐκ
1525 2237 1674 2304 οἶδα,
1732 2242 1762 2296 ὁ
1821 2241 1950 2302 Θεὸς

299 2323 464 2398 οἶδεν,
542 2326 624 2382 ὅτι
717 2330 938 2404 ἡρπάγη
1042 2329 1117 2391 είς
1215 2329 1308 2385 τὸν
1411 2327 1759 2404 παράδεισον,
1859 2330 1948 2386 καὶ

299 2413 530 2483 ἤκουσεν
607 2414 816 2492 ἃρῥητα
891 2418 1137 2491 ῥήματα,
1213 2416 1246 2472 ὀί
1319 2417 1422 2474 οὐκ
1494 2418 1611 2489 ἐξὸν
1687 2417 1954 2494 ἀνθρώπῳ

301 2500 565 2573 λαλῆσαμ

396 2623 420 2654 ι
453 2599 771 2676 Καυχᾶσθαι
805 2593 871 2665 δὴ
906 2597 968 2651 οὐ
1000 2596 1322 2674 συμφέρειρ)
1376 2619 1487 2670 μοι.
1536 2598 1719 2655 Καίτοι
1769 2595 1956 2652 πολλᾶ

304 2688 470 2745 εἰπὼν
493 2689 625 2752 ἂνω,
655 2690 773 2747 πῶς
803 2683 910 2740 ὦδε
931 2687 1114 2762 φησῖν,
1154 2713 1177 2738 ιι
1200 2687 1280 2743 Οὐ
1309 2687 1578 2760 συμφέροι
1606 2684 1953 2760 μοι,Ἐπειδή

312 2779 387 2842 είς
444 2774 624 2852 ἕτερον
685 2773 824 2837 εἶδος
901 2778 1225 2850 καυχήσεως
1293 2777 1522 2851 ἢρχετο,
1600 2779 1732 2852 ὅπερ
1789 2777 1953 2833 αὐτὸν

309 2868 479 2924 ἐποίει
513 2865 788 2940 λαμπρὸν,
848 2865 910 2921 τὸ
969 2870 1075 2920 τῶν
1135 2863 1550 2938 ἀποκαλύψεων,
1611 2868 1785 2938 Φησῖν
1840 2868 1956 2937 οὖν,

307 2982 333 3009 ‹‹
367 2956 444 3014 Οὐ
477 2963 739 3032 συμφεπει
773 2966 871 3026 μοι
896 2958 1080 3021 τοῦτο,
1116 2978 1144 3005 ››
1170 2952 1263 3008 ’ίνα
1322 2959 1396 3027 μή
1451 2977 1519 3028 με
1571 2957 1647 3019 είς
1697 2955 1954 3012 ἀπόνοιαν

303 3046 432 3121 ἄρῃ.
485 3043 706 3104 ’Ἄλλως
747 3044 850 3118 γὰρ
915 3043 982 3098 τὰ
1040 3044 1164 3117 παρ’
1223 3043 1369 3115 αὐτῷ
1428 3043 1675 3117 μένοντα,
1733 3045 1822 3099 καὶ
1881 3043 1956 3106 είς

1205 2082 1306 2123 ειυς

1050 2778 1081 2838 ἤ
1093 2796 1225 2838 σεως

1247 237 1670 301 COMMENT.
1721 240 1796 300 IN
1851 235 2093 299 EPIST.
2143 239 2192 298 ll
2239 239 2343 299 AD
2391 239 2764 302 CORlNTl-l.

3532 243 3690 305 1062

1690 370 1928 446 Ἀρέτας.
1962 380 2010 441 Α
2045 372 2435 440 accendisset,
2465 379 2530 428 ut
2575 374 2752 429 etiam
2813 389 2919 446 per
2970 374 3233 445 seipsum
3291 375 3568 432 excubias
3625 377 3692 432 in

2045 463 2282 518 civitate
2315 469 2575 518 servaret
2625 487 2650 511 «
2689 469 2878 518 Arata)
2929 464 3102 536 regis.
3142 487 3168 512 ››
3219 466 3396 520 Socer
3449 466 3694 523 Herodis

2046 559 2172 607 erat
2200 556 2428 608 Aretas.
2459 576 2485 602 «
2523 555 2591 607 Et
2620 569 2726 624 per
2755 553 3075 608 fenestram
3108 554 3170 608 in
3203 561 3422 626 sporta.
3451 579 3477 606 ››
3511 559 3696 612 Νονθο

2046 646 2139 695 rat
2169 641 2392 696 dictum
2427 658 2556 696 esse
2589 650 2653 696 ut
2683 659 2995 713 precemur
3017 660 3090 698 ne
3123 643 3456 698 incidamus
3478 646 3538 699 in
3562 653 3694 700 ten-

2047 731 2332 784 tationem
2365 730 2447 786 τίς
2483 731 2640 786 unde
2674 733 2935 803 seipsum
2967 749 3084 787 non
3144 733 3339 803 injicit
3390 734 3451 788 in
3504 740 3699 789 tenta-

2045 821 2259 890 tiones,
2294 821 2396 876 sed
2425 821 2524 877 ubi
2560 823 2820 877 humano
2853 839 3088 894 quoque
3121 825 3357 879 invento
3399 824 3573 880 datur
3611 825 3695 879 ei-

2045 908 2268 981 fugere,
2302 925 2422 965 non
2461 911 2767 967 detrectat.
2804 912 2947 966 Nam
2983 912 3241 983 seipsum
3288 913 3698 985 prmdicationi

2050 999 2340 1065 servabat,
2399 1017 2469 1054 ac
2516 1000 2725 1055 salutis
2782 1000 3208 1072 discipulorum
3253 1003 3440 1076 magis
3493 1021 3697 1059 curam

2048 1087 2326 1155 habebat,
2361 1105 2537 1159 quam
2569 1091 2841 1161 propriae.
2900 1091 3036 1145 ldeo
3087 1093 3265 1147 etiam
3314 1093 3457 1148 alibi
3516 1093 3698 1149 dicit:

2052 1199 2078 1226 «ε
2106 1178 2330 1232 Bonum
2355 1186 2511 1232 esset
2533 1180 2675 1233 mihi
2704 1179 2941 1234 dissolvi
2963 1188 3020 1235 et
3039 1197 3165 1236 esse
3183 1198 3317 1236 cum
3337 1182 3568 1237 Christo
3586 1184 3630 1217 τε
3649 1199 3695 1249 ς.

2050 1273 2330 1322 caeterum
2364 1284 2603 1322 manere
2631 1269 2691 1322 in
2721 1284 2898 1323 carne
2931 1270 3119 1341 magis
3177 1272 3583 1327 necessarium
3615 1278 3705 1328 est

2049 1364 2293 1428 propter
2315 1374 2434 1414 vos.
2472 1380 2499 1406 ››
2532 1358 2782 1431 Σαργάνη
2814 1359 3117 1414 funiculus
3157 1366 3266 1427 est,
3318 1367 3580 1417 attamen
3615 1367 3705 1418 est

2052 1461 2287 1517 quoque
2319 1451 2378 1500 et
2405 1462 2593 1518 genus
2625 1454 2860 1517 sportm.

2121 1533 2242 1600 ΧιΙ,
2275 1536 2379 1589 1-4.
2412 1557 2436 1586 ιι
2463 1533 2711 1590 Gloriari
2732 1552 2872 1590 sane
2896 1552 3014 1590 non
3038 1537 3274 1608 expedit
3293 1538 3699 1602 mihi,veniam

2054 1643 2083 1671 ‹‹
2116 1622 2273 1677 enim
2305 1622 2377 1678 ad
2408 1624 2664 1680 visiones
2694 1641 2761 1680 ac
2806 1625 3195 1681 revelationes
3249 1628 3502 1682 Domini.
3560 1629 3703 1684 Novi

1979 1744 2023 1808 Β
2056 1733 2084 1762 ‹‹
2113 1711 2415 1768 hominem
2445 1713 2503 1768 in
2536 1715 2766 1770 Christo
2798 1722 2935 1770 ante
2966 1732 3157 1770 annos
3207 1717 3658 1787 quatuordecim
3689 1733 3702 1772 :

2060 1825 2087 1851 ‹‹
2118 1818 2193 1856 an
2225 1803 2285 1856 in
2318 1821 2584 1875 corpore,
2619 1807 2840 1870 nescio,
2873 1823 2948 1860 an
2983 1813 3145 1860 extra
3194 1823 3408 1877 corpus
3457 1807 3658 1862 nescio
3692 1822 3704 1860 :

2057 1915 2086 1942 ‹‹
2121 1894 2274 1948 Deus
2305 1895 2500 1960 novit;
2534 1902 2767 1966 raptum
2802 1896 3140 1966 hujusmodi
3167 1897 3225 1950 in
3249 1897 3486 1951 tertium
3515 1912 3706 1968 usque

2057 1983 2347 2040 «ccelum.
2383 1991 2442 2038 et
2493 1985 2615 2040 scio
2666 1985 3007 2056 hujusmodi
3067 1985 3394 2050 hominem,
3455 1986 3576 2041 sive
3644 1987 3706 2041 in

2064 2093 2090 2124 α
2121 2087 2388 2144 corpore,
2425 2074 2545 2129 sive
2577 2080 2741 2129 extra
2772 2092 2986 2145 corpus
3018 2076 3240 2139 nescio,
3304 2076 3457 2130 Deus
3507 2077 3704 2140 novit;

2058 2184 2088 2212 ‹‹
2120 2169 2353 2233 raptum
2389 2164 2568 2219 fuisse
2601 2163 2658 2217 in
2699 2164 3065 2234 paradisum,
3109 2172 3170 2220 et
3211 2164 3447 2220 audisse
3491 2179 3708 2220 arcana

2059 2275 2086 2302 ι(
2121 2251 2298 2308 verba
2328 2268 2460 2324 qum
2490 2253 2578 2308 fas
2608 2269 2726 2308 non
2759 2254 2836 2309 sit
2865 2254 3092 2309 homini
3125 2255 3305 2326 loqui.
3345 2276 3372 2303 ι)

2133 2626 2160 2652 ‹‹
2193 2603 2442 2658 Gloriari
2475 2619 2617 2658 sane
2651 2603 2888 2674 expedit
2910 2601 3078 2659 mihi.
3115 2625 3139 2651 ››
3177 2603 3352 2674 Atqui
3399 2604 3586 2658 multa
3612 2621 3713 2659 su-

2061 2693 2263 2763 perius
2293 2691 2461 2758 dixit,
2494 2691 2790 2763 quomodo
2823 2707 2958 2762 ergo
2992 2707 3152 2746 nunc
3185 2691 3286 2756 ait,
3324 2714 3343 2739 ·
3383 2693 3507 2745 Non
3535 2708 3714 2763 expe-

2062 2781 2149 2836 dit
2174 2782 2359 2847 mihi;
2397 2806 2418 2832 ι
2457 2781 2736 2851 quoniam
2773 2780 2846 2834 ad
2893 2780 3058 2834 aliud
3111 2779 3479 2842 gloriationis
3528 2797 3714 2848 genus

2063 2871 2354 2934 veniebat,
2389 2869 2544 2940 quod
2579 2871 2771 2939 ipsum
2803 2869 3028 2924 clarum
3052 2868 3348 2936 redderet,
3374 2886 3586 2941 nempe
3620 2885 3712 2925 re-

2063 2961 2446 3015 velationum.
2481 2959 2575 3012 Ait
2607 2974 2780 3028 ergo:
2820 2979 2842 3008 α
2881 2958 3017 3011 Mihi
3060 2958 3168 3012 hoc
3223 2975 3342 3012 non
3389 2959 3646 3031 expedit,
3680 2982 3709 3009 ››

2063 3066 2138 3106 ne
2172 3065 2265 3104 me
2297 3049 2357 3102 in
2387 3048 2784 3119 arrogantiam
2809 3046 3072 3102 extollat.
3099 3046 3226 3101 Alio
3252 3065 3510 3120 namque
3534 3047 3710 3103 modo

302 3137 516 3210 ἑτέρους
575 3133 908 3210 ἐκᾳερίμενα
961 3136 1126 3208 φυσᾶν
1188 3132 1398 3201 εἶ’ωθεν,
1479 3130 1578 3188 οὒκ
1663 3134 1746 3186 δτι
1795 3133 1956 3196 αυτὸς

2067 3156 2194 3210 qua:
2226 3137 2381 3208 apud
2416 3112 2712 3206 quemque
2745 3142 3010 3193 manent.
3073 3143 3131 3190 et
3187 3153 3318 3206 quas
3368 3112 3522 3208 apud
3575 3139 3713 3193 illos

297 3229 462 3280 τοῦτο
520 3224 751 3301 πάσχειν
807 3219 1059 3293 ἔμελλεν,
1119 3220 1309 3295 ἄπαγε,
1370 3219 1516 3277 ἀλλᾶ
1584 3219 1950 3298 παιδαγωγῶν

306 3316 474 3386 ἡμᾶς,
515 3314 643 3385 παρ’
673 3312 885 3366 ἑαυτοῖς
932 3309 999 3365 τὰ
1053 3314 1278 3365 τοιαῦτα
1335 3305 1504 3385 ἔχειν,
1565 3311 1638 3372 ὡς
1685 3312 1782 3381 τῆς
1831 3309 1950 3381 διη-

294 3406 521 3478 γήσεως
579 3400 657 3462 εἷς
715 3399 976 3456 ἀπόνοιαν
1035 3400 1158 3474 ἆραι
1229 3396 1550 3472 δυναμένης.
1605 3431 1677 3444 -
1734 3399 1955 3463 Ἀλλως

300 3492 842 3570 [ΦΩ’1“.]³Αντὶτοῦ,
907 3493 1222 3568 Καυχᾶσθαι
1275 3490 1332 3547 δὲ
1364 3491 1506 3548 ἄλλα
1553 3493 1699 3569 παρᾶ
1743 3494 1810 3548 τὰ
1858 3501 1958 3562 τῆς

301 3584 576 3645 ἀσθενείας
636 3604 764 3657 μου,
823 3582 885 3636 οὗ
955 3581 1226 3658 σμμφέρει
1319 3603 1435 3655 μοι.
1497 3583 1634 3639 Εἷπε
1694 3583 1795 3658 γαρ
1851 3583 1956 3656 πρὸ

317 3694 540 3748 μικρου,
571 3702 598 3728 α
631 3673 701 3728 Εἴ
731 3675 1035 3745 καυχᾶσθαι
1091 3669 1191 3739 δεῖ,
1249 3672 1315 3725 τὰ
1366 3677 1467 3740 τῆς
1525 3671 1794 3733 ἀσθενείας
1855 3691 1960 3744 μου

311 3763 687 3840 καυχήσομαι.
743 3784 771 3812 ››
849 3761 983 3816 Εἶτα
1060 3760 1166 3823 θεὶς
1247 3760 1441 3832 μεταξὺ
1515 3767 1612 3830 τῆς
1687 3758 1960 3822 ἀσθενείας

314 3847 686 3927 παράδειγμα,
747 3849 934 3924 ἐπάγει
986 3846 1280 3911 ἀποδιδοὺς
1337 3850 1474 3923 πρὸς
1532 3849 1594 3904 τὸ
1653 3849 1960 3924 είρημένον,

317 3939 462 4005 οἷον,
494 3941 566 3995 "A
599 3937 654 3994 δὲ
686 3939 786 3994 οὐκ
823 3933 965 3994 ἔστιν
993 3939 1290 4007 ἀσθενείας,
1324 3936 1470 3994 ἀλλὰ
1532 3937 1740 4012 μᾶλλον
1794 3938 1963 4012 ὕψους

315 4027 731 4102 καὶδυνάμεως,
762 4033 949 4094 ταῦτα,
1001 4029 1184 4106 φησὶν,
1237 4028 1302 4082 οὐ
1359 4027 1618 4102 συμφέρει
1673 4049 1787 4101 μοι.
1844 4032 1966 4089 Πῶς

315 4119 408 4175 οὗν
511 4119 600 4173 καὶ
674 4121 841 4173 ταῦτα
915 4117 1132 4192 λέγων;
1209 4116 1320 4172 Οὐκ
1391 4112 1731 4190 ἐϐουλόμην,
1808 4117 1961 4196 φησί.

318 4209 416 4265 Διά
490 4205 548 4263 δὲ
621 4208 721 4276 τήν
799 4207 953 4278 ὒμῶν
1029 4206 1325 4280 σωτηρίαν,
1365 4207 1454 4261 καὶ
1495 4208 1529 4260 ὁὶ
1571 4206 1967 4281 μήβούλομαι

317 4295 681 4378 ἀναδέχομαι.
718 4297 822 4354 Καὶ
880 4297 1069 4351 σκόπει
1127 4301 1246 4356 πῶς
1299 4296 1588 4372 πανσὸφως
1645 4292 1844 4366 διαιτᾷ.
1893 4295 1966 4349 Οὐ

315 4391 495 4456 σιωπᾷ
525 4383 827 4452 παντελῶς,
879 4385 970 4438 ’ἰνα
1027 4382 1315 4460 ὠφελήσῃ,
1373 4383 1463 4438 καὶ
1522 4385 1584 4440 ού
1647 4382 1788 4456 λέγει
1843 4383 1972 4437 ἀνα-

2063 3229 2391 3283 είΐετιιηιιιι*
2421 3226 2643 3280 instare
2675 3225 2906 3290 solent;
2933 3225 3087 3280 694
3120 3242 3239 3280 non
3265 3226 3421 3296 quod
3449 3227 3714 3283 futurum

2064 3323 2222 3372 esset
2246 3322 2311 3370 ut
2342 3315 2451 3370 hoc
2494 3315 2605 3385 ipsi
2667 3315 3055 3383 contingeret.
3118 3315 3396 3382 Minime;
3459 3316 3562 3371 sed
3605 3334 3716 3372 nos

2065 3407 2388 3469 instruens,
2422 3410 2488 3459 ut
2509 3403 2847 3475 hujusmodi
2880 3403 3035 3474 apud
3061 3421 3170 3458 nos
3201 3405 3359 3475 ipsos
3392 3421 3716 3475 servemus,

2067 3495 2225 3568 quod
2258 3495 2518 3550 narratio
2551 3493 2738 3564 possit
2767 3493 2840 3547 ad
2873 3493 3272 3565 arrogantiam
3317 3495 3622 3550 extollere.
3650 3525 3721 3536 —

2069 3587 2186 3641 Alio
2215 3584 2396 3639 modo.
2432 3583 2549 3638 Hoc
2576 3589 2685 3647 est,
2715 3582 2965 3637 Gloriari
2997 3599 3129 3638 vero
3178 3583 3239 3637 in
3279 3583 3412 3638 aliis
3447 3600 3624 3654 quam
3657 3583 3719 3638 in

2070 3673 2163 3728 his
2195 3690 2326 3744 quaa
2357 3672 2722 3727 inﬁrmitatis
2754 3689 2900 3727 mem
2932 3678 3090 3736 sunt,
3125 3688 3245 3726 non
3279 3672 3516 3741 expedit
3547 3671 3716 3725 mihi.

2072 3763 2226 3818 Dixit
2258 3762 2416 3817 enim
2450 3762 2624 3834 paulo
2657 3767 2831 3816 ante:
2893 3784 2919 3810 «
2954 3761 3010 3814 Si
3057 3761 3296 3831 gloriari
3347 3766 3598 3830 oportet,
3650 3758 3722 3812 de

2072 3853 2166 3907 his
2197 3869 2327 3922 quae
2359 3851 2726 3906 inﬁrmitatis
2757 3866 2904 3904 mea;
2935 3855 3073 3903 sunt
3102 3847 3418 3918 gloriabor.
3447 3871 3474 3896 »
3498 3846 3722 3902 Deinde

2073 3942 2265 4013 posito
2302 3940 2667 3996 inﬁrmitatis
2697 3938 2982 4009 exemplo,
3018 3937 3322 4007 subjungit
3351 3937 3724 3992 consecutive

2075 4031 2148 4086 ad
2180 4031 2239 4085 id
2272 4029 2430 4100 quod
2462 4031 2682 4084 dictum
2716 4034 2822 4083 est.
2857 4043 2924 4081 ac
2957 4027 3004 4080 si
3037 4026 3231 4081 dicat:
3264 4027 3403 4092 Qum
3435 4044 3572 4083 vero
3605 4041 3725 4080 non

2079 4126 2218 4175 sunt
2248 4118 2636 4179 infirmitatis,
2669 4116 2772 4170 sed
2803 4115 2990 4187 magis
3023 4114 3408 4170 sublimitatis
3441 4122 3498 4170 et
3519 4122 3726 4188 poten-

2079 4209 2200 4269 tiae,
2233 4206 2304 4260 de
2335 4206 2449 4268 his,
2513 4206 2726 4275 inquit,
2787 4221 2906 4259 non
2964 4205 3201 4274 expedit
3256 4205 3404 4259 mihi
3462 4203 3725 4276 gloriari.

2081 4294 2386 4360 Quomodo
2418 4310 2554 4366 ergo
2589 4295 2767 4348 etiam
2797 4294 2921 4348 hazc
2952 4293 3101 4347 dicis
3134 4293 3159 4347 ?
3200 4292 3453 4359 Nollem,
3508 4292 3727 4361 inquit,

2081 4384 2184 4441 sed
2217 4388 2460 4455 propter
2488 4388 2740 4438 vestram
2775 4382 3046 4450 salutem,
3081 4382 3258 4436 etiam
3317 4397 3448 4452 quas
3506 4379 3728 4433 nollem

311 4474 765 4549 κεκαλυμμένως,
821 4472 949 4528 ἀλλ’
1007 4467 1058 4528 ἔν
1118 4474 1208 4527 καὶ
1264 4477 1428 4526 τοῦτο
1489 4469 1956 4544 συνεσκιασμὲνως

2082 4474 2361 4545 suscipio.
2398 4476 2461 4527 Et
2486 4471 2798 4528 considera
2821 4488 2934 4543 quo
2956 4477 3124 4542 pacto
3146 4487 3267 4526 rem
3293 4468 3731 4540 sapientissime

307 4562 398 4620 ’ίνα
449 4565 589 4642 φύγῃ
644 4565 708 4618 τὸ
766 4563 1097 4638 καυχᾶσθαι,
1155 4561 1242 4616 καὶ
1327 4561 1451 4616 τότε
1509 4560 1750 4634 ἀνάγκης
1823 4559 1969 4632 αὐτῷ

310 4660 409 4722 τῆς
442 4654 546 4709 ἀπὸ
596 4657 706 4707 τῶν
757 4649 1223 4726 ψευδοποστὸλων
1270 4647 1642 4722 ἐπικειμένης,
1697 4648 1967 4704 παιδεύων

315 4739 406 4797 διὰ
442 4744 660 4812 τούτου,
723 4741 890 4815 μηδὲν
947 4741 1085 4815 μέγα
1143 4741 1263 4815 περὶ
1325 4740 1528 4794 ἑαυτῶν
1587 4741 1734 4812 ἡμᾶς
1791 4737 1968 4813 λέγειν

314 4831 410 4886 κᾶν
444 4830 644 4901 ἀληθὲς
769 4829 811 4884 εἰ
859 4833 932 4903 μή
965 4831 1025 4885 ἐκ
1074 4828 1292 4897 πολλῆς
1321 4829 1583 4904 ἀνάγκης.
1629 4854 1652 4883 ιι
1697 4835 1774 4887 Ou
1829 4850 1970 4902 συμ-

316 4919 462 4997 φέιει
497 4941 612 4991 μοι.
652 4945 678 4969 n
707 4921 777 4974 ’Ἠ
806 4917 902 4972 ’ἱνα
937 4921 1012 4990 μή
1045 4940 1126 4980 τις
1162 4921 1380 4990 μείζονα
1425 4917 1520 4983 τῆς
1569 4918 1718 4990 ἀξίας
1762 4915 1968 4974 ἔννοιαν

318 5003 462 5082 λάϐῃ
496 5010 616 5078 περὶ
652 5008 812 5080 ἐμοῦ,
847 5010 981 5082 ὅπερ
1029 5009 1396 5081 παρακατιὼν,
1455 5008 1613 5082 φησὶ,
1665 5009 1845 5078 Μῆτις
1893 5010 1969 5071 είς

317 5099 417 5171 ἐμὲ
449 5097 742 5173 λογίσηται
793 5096 925 5170 ὓπερ
986 5096 1014 5149 δ
1074 5094 1262 5170 βλέπει
1328 5117 1414 5167 με,
1480 5094 1515 5163 ἦ
1571 5097 1751 5152 ἀκούει
1808 5119 1862 5153 τι
1918 5097 1966 5168 ἐξ

315 5189 472 5261 ἒμοῦ.
511 5215 538 5240 ››
571 5221 638 5232 -
671 5214 696 5239 ‹‹
736 5185 1064 5259 Ἐλεύσομαι
1094 5186 1197 5262 γὰρ
1229 5185 1303 5248 εἷς
1335 5184 1595 5248 ὀπτασίας
1635 5187 1725 5241 καὶ
1773 5189 1972 5243 ἀποκα-

322 5275 514 5352 λύψεις
543 5278 830 5352 Κυρίου.»
874 5275 1098 5350 Μεγάλη
1167 5275 1258 5348 μὲν
1317 5275 1405 5330 καὶ
1454 5275 1520 5344 ἢν
1572 5277 1717 5331 εἶπεν
1763 5277 1972 5332 ἀποκά-

318 5365 501 5441 λυψιν,
525 5365 669 5434 πλην
692 5365 906 5425 πολλάς
933 5363 1100 5420 εἰπεῖν
1134 5358 1298 5439 ἔχων,
1337 5362 1466 5437 μίαν
1495 5362 1696 5432 ταύτην
1727 5362 1968 5440 εἴρηκεν.

314 5457 441 5516 ’Ότι
471 5455 575 5531 γὰρ
609 5457 728 5530 εἶχε
759 5452 972 5516 πολλὰς
1005 5452 1194 5526 ιῖπεῖν,
1227 5453 1602 5530 παρακατιὼν,
1625 5454 1784 5532 φησί,
1817 5477 1846 5506 ‹‹
1871 5455 1969 5510 Καί

386 5603 428 5638 ⁷⁸
464 5601 663 5658 Matth.
707 5617 780 5672 vx,
815 5602 899 5656 13.
977 5597 1024 5636 ⁷⁸
1049 5598 1096 5636 ⁷³
1127 5598 1384 5673 Philipp.
1419 5616 1459 5668 ι,
1490 5600 1583 5656 23.

2079 4568 2416 4636 pertractet.
2453 4564 2577 4617 Non
2609 4567 2765 4616 tacet
2785 4561 3043 4632 penitus.
3071 4565 3135 4613 ut
3160 4559 3367 4630 prosit,
3397 4574 3509 4612 nec
3533 4563 3733 4629 aperte

2081 4654 2281 4710 omnia
2311 4653 2607 4724 exprimit,
2645 4651 2747 4706 sed
2777 4652 2887 4706 hoc
2917 4666 3137 4704 unum:
3165 4649 3345 4719 idque
3369 4647 3542 4702 etiam
3568 4647 3736 4702 obte-

2079 4743 2287 4817 gendo.
2310 4741 2746 4814 utjactantiam
2776 4739 3032 4809 effugiat.
3059 4737 3198 4791 licet
3217 4736 3568 4790 necessitate
3594 4741 3732 4789 tunc

2077 4840 2318 4904 propter
2344 4829 2838 4902 pseudapostolos
2868 4828 3180 4899 ingruente
3216 4841 3228 4879 :
3264 4841 3372 4879 nos
3430 4824 3732 4878 instruens

2078 4938 2184 4992 per
2213 4922 2344 4985 hoc,
2378 4937 2452 4974 ne
2484 4918 2812 4989 quidquam
2849 4916 3044 4988 magni
3077 4915 3148 4969 de
3184 4914 3357 4968 nobis
3390 4914 3552 4984 ipsos
3577 4912 3732 4966 dica-

2079 5028 2232 5075 mus,
2266 5010 2442 5063 etiam
2472 5009 2518 5061 si
2554 5023 2758 5061 verum
2805 5007 2898 5070 sit,
2961 5005 3076 5059 nisi
3133 5004 3319 5058 multa
3358 5003 3732 5057 necessitate.

2083 5122 2106 5152 ι
2143 5100 2267 5154 Non
2302 5096 2540 5168 expedit
2578 5095 2740 5149 mihi.
2782 5117 2807 5142 »
2842 5097 2956 5148 Aut
2987 5110 3060 5148 ne
3093 5093 3226 5164 quis
3259 5093 3546 5162 majorem
3579 5091 3737 5146 circa

2080 5205 2174 5242 me
2206 5186 2680 5241 benevolentiam
2712 5184 3014 5254 concipiat
3036 5199 3213 5252 quam
3247 5198 3350 5253 ego
3375 5184 3736 5252 promereat,

2080 5278 2236 5350 quod
2269 5278 2330 5332 in
2362 5292 2674 5348 progressu
2707 5276 2800 5330 bis
2824 5274 3015 5329 verbis
3037 5273 3182 5328 dicit
3207 5289 3218 5327 :
3243 5297 3270 5322 «
3297 5272 3376 5327 Ne
3397 5271 3532 5342 quis
3550 5271 3620 5326 de
3642 5284 3734 5322 me

2079 5367 2295 5436 cogitet
2323 5381 2502 5436 supra
2543 5364 2602 5418 id
2653 5364 2809 5434 quod
2869 5363 3026 5418 videt
3082 5378 3211 5417 esse
3262 5377 3378 5427 me,
3425 5365 3526 5414 aut
3574 5353 3734 5428 quod

2080 5455 2247 5513 audit
2275 5471 2345 5511 ex
2375 5470 2490 5510 me.
2525 5475 2550 5503 α
2594 5453 2832 5508 Veniam
2865 5453 3023 5509 enim
3059 5452 3131 5507 ad
3164 5450 3420 5506 visiones
3475 5453 3533 5502 et
3578 5460 3735 5500 reve-
