4106 6196
254 322 407 383 1065

1212 322 1627 382 COMMENT.
1674 322 1759 381 ΙΝ
1806 320 2057 381 EPIST.
2111 322 2162 382 ll
2205 325 2305 383 AD
2350 322 2721 384 CORINTH.

3500 329 3658 388 1066

245 453 507 532 Ὀτιγάρ
565 454 728 517 αὐτὸς
772 455 837 524 ἦν
889 454 918 507 6
976 452 1257 529 ἀρπαγείς,
1319 452 1602 509 αῒνίττεται
1653 453 1897 533 φάσκων,

2014 454 2197 511 rando
2222 454 2600 512 obumbrans.
2622 457 2773 512 Nam
2793 455 2951 527 quod
2974 457 3100 528 ipse
3116 463 3278 513 esset
3320 459 3421 530 qui
3453 466 3659 533 raptus

247 568 276 597 «
310 545 432 602 Ἐάν
490 544 595 619 γάρ
661 541 1188 619 καυχήσωμαι,οὖκ
1254 536 1448 615 ἔσομαι
1507 541 1714 621 ἄφρων·
1762 540 1901 614 ἀλή-

247 647 390 702 θειαν
419 636 521 712 γάρ
551 635 679 711 ἐρῶ.
706 657 732 690 ι
774 636 868 690 Καὶ
902 633 1036 703 ἄνω,
1101 658 1129 687 ‹‹
1162 638 1485 713 Καυχᾶσθαι
1519 631 1586 703 δὴ
1644 634 1705 689 οὔ
1760 655 1902 707 συμ-

248 723 395 801 φέρει
430 744 545 797 μοι.
580 748 610 776 »
652 729 816 780 Ποῖον
859 721 916 779 δὲ
960 723 1282 802 ἀσύμφορον
1314 722 1376 777 τὸ
1400 722 1534 795 ὗπὶρ
1566 719 1744 778 ἄλλου
1769 743 1902 778 καυ-

246 814 447 870 χᾶσθαι
478 812 567 868 γαὶ
606 812 893 885 ἀληθεύειν
929 831 942 881 ;
1004 837 1032 864 ‹‹
1065 811 1226 888 Ὑπὲρ
1266 808 1323 867 δὲ
1379 809 1617 883 ἐμαυτοό
1674 811 1736 865 οὗ
1768 831 1904 865 καυ-

246 904 526 980 χήσομαι.
581 929 603 957 ι
685 902 790 959 Καὶ
846 901 995 963 τίνος
1052 897 1225 956 ἕνεκεν
1307 898 1485 956 ἄλλου
1547 898 1899 975 ἀρπαγέντος,

249 998 311 1048 σὺ
342 997 614 1068 καυχᾶσαι
650 1012 665 1062 ;
697 990 869 1058 δῆλον
932 992 1023 1047 οὖν
1094 991 1178 1046 ὅτι
1235 990 1366 1066 περὶ
1424 993 1651 1046 σεαυτοῦ
1700 987 1910 1063 λὲγεις,

248 1081 414 1138 εἶκαὶ
465 1081 955 1156 συνεσκιασμένως.
1018 1103 1045 1134 α
1078 1080 1137 1137 Εἰ
1186 1082 1261 1153 μή
1323 1078 1375 1135 ἐν
1434 1084 1553 1141 ταῖς
1610 1078 1902 1143 ἀσθενείαις

253 1190 384 1244 μου.
429 1195 458 1223 ››
505 1171 625 1227 Οῗον
682 1169 733 1226 ἐν
787 1175 907 1231 ταῖς
970 1169 1214 1243 ολιψεσιν
1260 1214 1275 1238 ,
1331 1167 1383 1224 ἐν
1432 1173 1551 1230 τοῖς
1609 1165 1903 1245 διωγμοῖς.

254 1284 275 1310 ι
305 1258 430 1315 Ἐάν
462 1260 565 1337 γα)
598 1257 817 1331 θελήσω
838 1261 1252 1331 καυχήσασθαι,
1284 1258 1383 1314 οὐκ
1412 1253 1606 1329 ἔσομαι
1635 1256 1839 1336 ἄφρων.
1873 1280 1902 1309 ››

252 1349 353 1404 Καὶ
391 1354 510 1411 πῶς
538 1348 649 1405 ἅνω
687 1344 900 1426 ἔλεγεν,
951 1346 1152 1429 ὄφελον
1213 1348 1487 1424 ἀνείχεσθὲ
1545 1369 1650 1420 μου
1707 1348 1900 1423 μικρὸν

249 1446 351 1507 τῆς
416 1439 776 1519 ἀφροσύνηςς
838 1438 941 1496 Καῗ
1028 1438 1234 1494 πάλιν
1290 1438 1362 1495 ’Ὀ
1420 1435 1600 1505 λαλῶ,
1653 1435 1714 1492 οὐ
1767 1436 1904 1492 κατά

252 1526 455 1602 Κόριον
511 1526 685 1597 λαλῶ,
745 1525 872 1581 ἀλλ’
924 1527 999 1589 ὡς
1050 1526 1102 1582 ἐν
1158 1526 1486 1605 άφροσύνῃ;
1551 1525 1648 1580 Καὶ
1707 1546 1901 1604 φαμεν,

252 1615 336 1672 ὅτι
395 1617 460 1671 οὐ
522 1618 657 1671 κατά
707 1617 771 1672 τὸ
826 1622 1132 1692 καυχᾶσθαι
1187 1618 1308 1671 εἷπε
1363 1616 1428 1671 τὸ
1463 1659 1477 1683 ,
1529 1615 1648 1672 Οὐκ
1704 1612 1898 1689 ἔσομαι

251 1702 457 1784 ἄφρων,
491 1703 638 1761 ἀλλά
664 1707 801 1761 κατά
847 1708 909 1761 τὸ
972 1707 1047 1779 μὴ
1100 1704 1420 1780 ψεύσασθαι.
1469 1705 1623 1759 Ὅθεν
1683 1702 1894 1779 ἐπάγει·

2012 544 2168 601 096
2196 546 2393 602 fuerat
2412 546 2703 617 designat,
2727 545 2932 601 dicens
2957 562 2970 600 :
2997 567 3025 594 ‹‹
3044 545 3102 601 Si
3126 546 3367 619 gloriari
3392 549 3657 620 voluero,

2012 650 2131 689 non
2164 650 2264 689 ero
2296 634 2610 706 insipiens,
2641 636 2947 690 veritatem
2983 635 3141 690 enim
3175 635 3388 691 dicam.
3421 658 3447 687 ιι
3472 639 3541 694 Ει
3567 657 3663 696 su-

2008 739 2117 794 pra
2148 741 2162 780 :
2197 745 2226 775 ‹‹
2258 723 2509 779 Gloriari
2537 740 2678 779 sane
2708 741 2828 779 non
2862 726 3099 797 expedit
3154 726 3322 781 mihi.
3386 748 3415 776 »
3466 728 3665 792 Quod-

2010 829 2149 868 nam
2171 819 2263 869 est
2281 821 2504 873 autem.
2532 814 2606 869 de
2629 814 2746 869 alio
2760 814 3000 887 gloriari
3020 831 3152 871 vera
3193 814 3468 883 dicendo,
3501 817 3660 889 quod

2009 918 2131 957 non
2164 902 2443 973 expedit?
2475 926 2502 952 «
2530 903 2607 958 De
2636 904 2864 974 meipso
2894 920 3031 959 vero
3091 921 3210 959 non
3277 904 3597 974 gloriabor.
3630 928 3661 956 ››

2009 990 2079 1046 Ει
2108 1006 2290 1061 quare
2323 991 2439 1047 alio
2471 998 2637 1063 rapto
2670 998 2730 1047 tu
2759 992 3031 1065 gloriaris
3051 993 3079 1048 ?
3136 992 3509 1049 Manifestum
3570 1000 3660 1050 est

2009 1081 2210 1153 itaque
2241 1082 2399 1153 quod
2431 1082 2503 1138 de
2536 1084 2722 1155 teipso
2775 1083 2947 1150 dicis,
3008 1100 3351 1156 quanquam
3401 1084 3652 1142 obtecta.

2011 1192 2041 1222 «
2073 1172 2193 1227 Nisi
2221 1172 2879 1245 superinﬁrmitatibus
2900 1173 3070 1229 meis.
3099 1197 3124 1222 »ι
3150 1175 3269 1229 Hoc
3315 1181 3423 1242 est,
3477 1190 3659 1246 super

2011 1259 2437 1317 afflictionibus
2456 1268 2514 1316 et
2534 1261 3071 1334 persecutionibus.
3097 1286 3124 1312 ιι
3152 1264 3309 1331 Nam
3336 1263 3385 1319 si
3415 1262 3657 1336 gloriari

2008 1349 2270 1410 voluero.
2303 1368 2423 1407 non
2447 1368 2547 1407 ero
2574 1351 2884 1423 insipiens.
2909 1353 3342 1423 »thuomodo
3383 1354 3658 1424 superius

2009 1439 2177 1493 dixit.
2213 1440 2448 1496 Utinam
2475 1440 2808 1496 toleraretis
2838 1457 3030 1496 meam
3055 1441 3661 1513 paulisperinsipien-

2010 1529 2153 1584 tiam
2173 1527 2201 1583 Ῥ
2222 1534 2280 1584 et
2300 1546 2538 1585 rursum
2560 1547 2574 1585 :
2600 1531 2746 1586 Cum
2766 1530 2897 1586 dico
2946 1546 3067 1586 non
3111 1530 3441 1587 secundum
3475 1532 3664 1596 Domi-

2009 1632 2154 1673 num
2188 1617 2340 1685 dico,
2371 1618 2475 1675 sed
2519 1619 2678 1674 velut
2702 1635 2808 1691 per
2836 1620 3243 1690 insipientiam
3267 1619 3379 1675 ?Et
3406 1620 3664 1676 dicimus

2010 1706 2170 1777 quod
2197 1724 2317 1762 non
2345 1708 2494 1764 dixit
2519 1726 2533 1764 :
2562 1710 2686 1764 Non
2710 1725 2809 1764 ero
2833 1708 3144 1781 insipiens,
3180 1709 3240 1763 in
3259 1709 3370 1764 hoc
3387 1709 3544 1781 quod
3575 1713 3666 1765 est

250 1820 278 1847 ιι
314 1793 605 1865 Ἀλήθειαν
637 1795 741 1870 γάρ
784 1795 911 1872 ἐρῶ.
949 1820 976 1847 »ι
1007 1794 1224 1865 Καλῶς,
1258 1794 1445 1873 φησὶν,
1508 1820 1534 1847 «ι
1570 1793 1681 1850 Οὐκ
1702 1791 1897 1867 ’ἔσομαι

2008 1796 2268 1868 gloriari.
2295 1797 2400 1854 sed
2422 1798 2485 1853 iu
2507 1798 2619 1854 hoc
2637 1797 2795 1870 quod
2817 1805 2905 1854 est
2927 1815 3046 1855 non
3096 1798 3462 1854 mentiendo.
3497 1798 3662 1855 Unde

245 1884 455 1965 ἄφρων.
488 1910 516 1939 ››
590 1886 667 1946 05
719 1887 822 1962 γάρ
870 1885 1014 1941 ἐστιν
1074 1883 1308 1962 ἄφρονος
1364 1884 1427 1939 τό
1498 1883 1592 1939 ἐπὶ
1650 1882 1896 1958 σωτηρίᾳ

249 1976 340 2031 καὶ
387 1974 627 2056 ὠφελείᾳ
680 1978 876 2054 ψυχῶν
921 1973 1012 2030 καὶ
1071 1975 1308 2050 ἀνάγκης
1367 1972 1732 2046 ἰπικειμένης,
1799 1972 1897 2041 τὴν

254 2065 399 2132 παρὰ
456 2070 589 2121 Θεοῦ
645 2070 1079 2142 παρασχεθεῖσαν
1135 2065 1285 2137 αὐτῷ
1373 2065 1539 2139 χάριν
1595 2061 1900 2136 ἀνιηρότ-

256 2176 409 2214 τειν.
473 2154 704 2213 Μᾶλλον
763 2154 819 2212 δὲ
865 2164 957 2211 καί
1015 2153 1136 2210 λίαν
1212 2151 1483 2229 ἔμφροδος
1552 2154 1641 2209 καὶ
1705 2152 1898 2232 φιλαν-

257 2246 481 2319 θρώπου
535 2246 599 2302 τὸ
655 2246 901 2320 παριδειν
953 2246 1044 2301 καὶ
1103 2245 1337 2320 ὑποψίαν
1401 2244 1657 2315 οἰήσεως,
1723 2237 1893 2299 ἕνεκεν

252 2334 528 2407 σωτηρίας
577 2336 876 2411 ἀνθρώπων
913 2379 926 2391 .
1000 2360 1028 2387 ιι
1091 2332 1362 2407 Φείόομαι
1422 2331 1479 2389 δὲ
1541 2335 1616 2407 μή
1676 2353 1760 2396 τις
1818 2332 1894 2396 εἰς

251 2424 350 2499 ἐμὲ
397 2423 712 2502 λογίσηται,
746 2452 774 2480 ››
837 2425 1130 2499 Φείόομαι,
1191 2424 1350 2494 ἐλεῶ,
1408 2423 1724 2502 ἀποφεύγω.
1784 2422 1897 2482 Οὔκ

249 2516 388 2584 εἷπε,
449 2517 740 2592 mention,
798 2516 833 2587 ἢ
902 2512 1071 2592 Εῗπῃ,
1129 2512 1256 2571 ἀλλ’
1320 2536 1340 2563 ι
1395 2515 1509 2569 Ἰνα
1570 2510 1711 2587 μηδὶ
1742 2510 1897 2587 λογί-

246 2625 490 2678 amat,»
550 2603 585 2675 ἢ
648 2599 902 2679 ὑπολάϐῃ
963 2601 1145 2679 μεῖζόν
1213 2625 1316 2671 τι,
1376 2601 1532 2680 φησί,
1592 2609 1691 2671 τῆς
1753 2600 1894 2675 ἐμῆς

244 2694 410 2764 ἀξίας.
473 2695 571 2749 Διὰ
627 2699 789 2750 τοῦτο
859 2694 962 2772 γάρ
1019 2694 1086 2749 τά
1144 2693 1264 2768 περὶ
1356 2693 1549 2748 ἑαυτοῦ
1602 2691 1681 2747 ἀεὶ
1743 2689 1896 2766 ἕσίγα

240 2785 331 2840 καὶ
386 2778 637 2860 ἔκρυπτε,
723 2783 813 2839 καὶ
868 2783 914 2839 εἰ
992 2786 1069 2857 μή
1148 2804 1253 2838 που
1313 2782 1513 2857 ἀνάγκη
1575 2774 1892 2850 κατέλαϐεν,

242 2866 367 2927 οὐδὲ
393 2870 518 2944 περὶ
539 2871 730 2926 ξαυτου
786 2862 964 2944 ἔλεγε.
1017 2869 1120 2926 Καὶ
1180 2866 1352 2943 λέγων
1415 2865 1494 2936 δὲ,
1555 2866 1892 2936 συνεσκίαζεν

242 2960 401 3029 αὐτὰ,
431 2960 519 3015 ἳνα
554 2961 629 3032 μὴ
671 2960 891 3032 μείζονα
949 2959 1203 3014 ὑπόνοιαν
1255 2957 1379 3029 περὶ
1437 2957 1605 3012 αὐτοῦ
1663 2960 1892 3029 σχῶσιν.

246 3046 309 3105 Εἰ
368 3046 470 3121 γάρ
531 3047 683 3111 θεοὺς
722 3044 916 3108 αὐτοὺς
973 3044 1223 3117 ἐνόμισαν
1272 3044 1323 3098 οἱ
1356 3041 1633 3118 ἅνθρωποι
1692 3039 1781 3095 διὰ
1831 3041 1895 3095 τὸ

251 3135 477 3210 μέγεθος
505 3140 613 3191 τῶν
668 3134 936 3209 σημείων,
968 3135 1056 3189 καὶ
1091 3132 1322 3203 ταόρους
1387 3132 1635 3209 σφάττειν
1663 3128 1893 3200 ἤθελόι,

244 3225 298 3280 τὶ
358 3223 419 3280 ἃν
466 3223 723 3298 ᾠήθησαν
783 3223 828 3279 εί
880 3223 977 3288 τὶς
1032 3219 1405 3297 ἀποκαλόψεις
1465 3218 1743 3299 ἐφανέθου,
1802 3218 1893 3273 καὶ

244 3313 312 3369 τά
359 3316 478 3378 καθ’
534 3314 723 3370 ἑαυτὸν
785 3311 1053 3388 ἐκαυχᾶτο
1090 3330 1104 3381 ;
1136 3344 1202 3354 -
1236 3312 1448 3386 [ΦΩΤ.]
1518 3311 1611 3378 Τὸ,
1666 3307 1768 3366 Καὶ
1822 3310 1891 3381 τῇ

249 3398 529 3480 ὑπερϐολῇ
561 3409 669 3461 τῶν
726 3401 1156 3477 ἀποκαλύψεων,
1214 3402 1352 3474 πρὸς
1410 3401 1493 3470 τὸ,
1562 3398 1893 3473 Ἐλεύσομαι

246 3493 353 3572 γάρ
400 3492 478 3557 εἷς
532 3493 793 3556 ὀπτασίας
863 3493 955 3548 καὶ
1039 3488 1463 3565 ἀποκαλύψεις,
1526 3487 1892 3561 ἐξακουστέον.

248 3607 277 3637 (ί
305 3585 423 3641 Ἵνα
457 3584 533 3658 μὴ
567 3583 969 3660 ὑπεραίρωμαι.
1004 3605 1030 3633 ››
1078 3583 1194 3637 Ἵνα
1257 3580 1357 3653 μὴ,
1417 3579 1573 3657 φησὶ,
1633 3578 1894 3655 φροντίσω

250 3672 478 3746 μὲγα,ἢ
521 3672 611 3726 ἳνα
683 3672 758 3745 μὴ
821 3671 925 3727 ὑπὸ
980 3675 1088 3726 τῶν
1148 3668 1450 3742 ἀνθρώπων
1516 3667 1894 3743 ὑπεραίρωμαι

246 3762 338 3817 καὶ
399 3758 759 3836 δοξάζωμαι,
819 3761 951 3838 ὅπερ
1039 3760 1131 3815 καὶ
1212 3758 1451 3835 βέλτιον.
1537 3758 1616 3814 Οὐ
1678 3757 1778 3833 γάρ
1835 3753 1897 3810 ἂν

251 3849 477 3926 ἔχρῃζεν
507 3853 542 3920 ἡ
575 3853 729 3928 ψυχὴ
765 3850 981 3906 ηαῧλου
1015 3847 1252 3926 χαλινοῦ
1281 3866 1451 3913 τινος,
1510 3847 1646 3922 πρὸς
1698 3848 1761 3902 τὸ
1819 3846 1896 3920 μή

255 3946 469 4019 φρονεῖν
533 3944 687 4017 μέγα.
769 3965 797 3993 ι(
831 3938 1026 4009 Ἐδόθη
1095 3960 1187 4013 μοι
1247 3935 1476 4011 σκόλωψ
1531 3940 1599 4010 τῇ
1655 3935 1834 4013 σαρκί.
1869 3960 1898 3988 ››

253 4030 333 4086 Τὰ
365 4028 534 4104 δεσμὰ
584 4028 751 4106 λέγει,
805 4029 900 4092 τάς
958 4027 1174 4104 πληγάς
1229 4027 1353 4089 τοὺς
1413 4024 1738 4099 λιθασμοὺς,
1802 4025 1898 4088 τὰς

256 4117 516 4201 φυλακάς.
574 4144 602 4172 ‹‹
663 4116 929 4196 Ἀγγελος
1018 4121 1215 4188 Σατᾶν,
1276 4141 1303 4168 n
1372 4112 1647 4192 ’Ἄγγελος
1704 4118 1898 4184 Σατᾶν,

254 4212 283 4266 ὁ
326 4208 768 4285 ὑπηρετοΰμενος
799 4211 880 4280 τῷ
924 4204 1278 4278 ἀντικειμένῳ
1336 4202 1556 4275 δαίμονι
1594 4201 1898 4277 ἄνθρωπος.

250 4299 487 4377 Σκόλωφ
546 4294 625 4365 δὲ,
685 4297 778 4358 οὓς
819 4295 870 4351 ot
928 4299 1169 4352 τοιοῦτοι
1226 4292 1562 4367 πειρασμοὺς
1611 4291 1757 4363 αὐτῷ
1812 4302 1901 4356 καὶ

255 4387 470 4463 θλίψεις
499 4385 783 4466 ἀπέφερον.

2009 1886 2335 1960 subjungit,
2368 1908 2394 1938 ιο
2435 1888 2751 1943 Veritatem
2784 1888 2946 1944 enim
2978 1888 3193 1945 dicam.
3249 1910 3275 1937 »
3331 1889 3507 1944 Recte
3555 1888 3658 1955 ait,

2006 1995 2035 2024 «
2070 1975 2196 2029 Non
2232 1990 2332 2029 ero
2364 1975 2677 2047 insipiens.
2712 1999 2740 2026 n
2772 1977 2897 2031 Non
2924 1982 3014 2031 est
3070 1976 3229 2031 enim
3288 1975 3653 2047 insipientis,

2004 2066 2250 2137 gratiam
2270 2083 2305 2122 a
2326 2069 2442 2123 Deo
2466 2066 2577 2122 sibi
2601 2067 2874 2123 traditam
2896 2066 3654 2140 promulgare,imminente

2005 2156 2360 2212 necessitate
2391 2156 2464 2211 ob
2496 2156 2748 2213 salutem
2780 2162 2840 2212 et
2894 2157 3213 2213 utilitatem
3259 2157 3598 2212 animarum
3632 2169 3647 2222 ;

2005 2244 2148 2315 quin
2172 2246 2367 2317 potius
2389 2247 2771 2302 vehementer
2791 2246 3078 2319 sapientis
3100 2252 3209 2315 est,
3244 2251 3303 2302 et
3322 2246 3506 2302 animi
3537 2245 3650 2302 hu-

2004 2334 2251 2390 maniac
2279 2335 2543 2408 benigni,
2571 2334 2876 2407 despicere
2903 2336 3081 2392 etiam
3118 2335 3518 2408 suspicionem
3551 2351 3647 2391 ar-

2001 2425 2556 2496 rogantize,pr0pter
2576 2424 2889 2481 hominum
2910 2426 3220 2482 salutem.«
3241 2425 3354 2481 Sed
3373 2425 3644 2482 abstineo

2004 2527 2079 2566 ne
2109 2513 2242 2583 quis
2271 2512 2344 2569 de
2375 2530 2470 2570 me
2497 2514 2732 2586 cogitet.
2767 2535 2796 2564 ››
2828 2513 3132 2583 Abstineo,
3191 2514 3251 2571 id
3292 2519 3403 2580 est,
3442 2528 3645 2587 parco,

2005 2598 2216 2657 devito.
2238 2603 2367 2657 Non
2390 2602 2748 2659 dixitautem
2775 2604 2887 2659 :Ne
2907 2604 3110 2659 credat
3130 2609 3231 2659 aut
3279 2604 3456 2669 dicat,
3504 2601 3609 2659 sed
3633 2619 3647 2658 :

2004 2691 2083 2745 Ne
2116 2691 2353 2765 cogitet,
2386 2693 2604 2764 inquit.
2637 2699 2739 2750 aut
2790 2694 3127 2764 suspicetur
3184 2694 3376 2764 majus
3424 2690 3651 2764 aliquid

2004 2796 2181 2852 quam
2214 2782 2289 2837 sit
2320 2798 2454 2837 mea
2484 2783 2763 2854 dignitas.
2798 2785 3117 2856 Propterea
3174 2783 3333 2838 enim
3390 2798 3521 2854 qua;
3578 2781 3651 2837 de

2002 2871 2196 2943 seipso
2225 2878 2396 2927 erant
2447 2888 2684 2944 semper
2740 2872 2972 2928 tacebat
3029 2877 3088 2928 et
3140 2871 3521 2928 occultabat:
3572 2878 3652 2941 et,

2001 2959 2117 3014 nisi
2147 2965 2392 3028 cogente
2423 2960 2642 3016 alicubi
2700 2961 3078 3025 necessitate,
3138 2959 3287 3016 nihil
3337 2962 3410 3017 de
3450 2961 3651 3034 seipso

2002 3046 2387 3116 dicebat,imo
2411 3049 2652 3105 tandem
2675 3050 2878 3105 dicens
2900 3049 3212 3123 obtegebat
3235 3051 3383 3123 ipsa,
3417 3067 3492 3106 ne
3520 3067 3647 3107 ma-

1997 3137 2189 3209 jorem
2217 3139 2561 3209 opinionem
2580 3139 2652 3195 de
2667 3156 2736 3195 eo
2754 3139 3062 3196 haberent.
3086 3138 3253 3205 Quod
3284 3140 3333 3196 si
3375 3140 3647 3197 homines

1934 3204 1975 3271 (ἶ
2007 3227 2610 3301 existimabantipsos
2633 3246 2762 3285 esse
2780 3230 2922 3286 deos
2958 3230 3031 3286 ob
3082 3230 3387 3297 signorum
3416 3231 3650 3304 magni-

2001 3315 2580 3375 tudinemettauros
2606 3318 2913 3375 immolare
2935 3319 3213 3375 volebant
3255 3318 3322 3389 ⁷³,
3357 3319 3645 3392 quidnam

1999 3412 2310 3478 putassent
2337 3407 2386 3462 si
2418 3408 2808 3464 revelationes
2840 3408 3297 3474 manifestasset,
3332 3426 3400 3465 ac
3451 3409 3522 3465 de
3574 3409 3648 3464 iis

2001 3513 2132 3567 quae
2164 3499 2321 3552 circa
2350 3514 2411 3552 se
2440 3502 2610 3553 erant
2637 3496 2921 3570 gloriatus
2951 3497 3204 3553 fuisset?
3249 3521 3277 3549 «
3326 3499 3397 3554 Et
3442 3514 3517 3554 ne
3548 3515 3650 3555 ex-

2001 3585 2280 3642 cellentia
2308 3586 2757 3642 revelationum.
2789 3609 2816 3636 »
2839 3586 3175 3642 Secundum
3193 3586 3253 3642 id
3276 3586 3436 3658 quod
3484 3589 3650 3659 prius

2001 3673 2149 3730 dixit
2182 3691 2195 3728 :
2228 3674 2475 3731 Veniam
2505 3676 2667 3731 enim
2697 3675 2770 3732 ad
2801 3675 3057 3731 visiones
3114 3682 3174 3731 et
3228 3675 3647 3744 revelationes,

2001 3763 2456 3836 intelligendum
2477 3771 2583 3821 est.
2611 3787 2639 3816 ‹‹
2669 3765 2740 3821 Ut
2756 3781 2876 3820 non
2900 3764 3183 3829 extollat;
3230 3785 3257 3813 ››
3309 3770 3375 3817 ut
3417 3779 3539 3818 non
3570 3765 3655 3819 in-

2004 3852 2314 3917 solescam,
2340 3854 2555 3925 inquit.
2583 3857 2717 3915 Aut,
2743 3870 2817 3909 ne
2839 3852 2911 3908 ab
2941 3852 3283 3907 hominibus
3314 3852 3567 3907 extollar
3595 3858 3655 3908 et

2002 3942 2491 4015 gloriﬁcerzquod
2513 3943 2688 3998 etiam
2716 3941 2912 4013 potius
2934 3942 3248 4011 est.Neque
3271 3941 3429 3996 enim
3453 3942 3653 3998 anima

2004 4030 2169 4086 Pauli
2193 4030 2359 4086 freno
2392 4030 2592 4101 aliquo
2623 4029 2831 4103 egebat
2859 4046 2934 4084 ne
2968 4029 3373 4085 insolesceret.
3407 4053 3436 4081 »
3474 4031 3651 4087 Datus

2003 4118 2116 4175 fuit
2146 4120 2289 4175 mihi
2321 4121 2598 4175 stimulus
2628 4119 2690 4173 in
2718 4134 2914 4174 carne.
2949 4140 2977 4167 ››
3004 4118 3285 4176 Catenam
3317 4118 3479 4189 dicit,
3530 4120 3653 4193 pla-

2006 4224 2128 4281 gas,
2162 4208 2578 4279 lapidationes,
2619 4223 2907 4263 carceres.
2944 4229 2973 4257 «
3025 4208 3276 4264 Nuntius
3336 4209 3587 4264 Satanae.
3622 4231 3651 4259 »

2007 4296 2258 4352 Nuntius
2284 4296 2514 4352 Satanae
2544 4296 2763 4353 dicitur
2791 4296 2971 4353 homo
3019 4296 3396 4354 subserviens
3445 4297 3656 4353 adver-

2007 4385 2162 4440 sario
2192 4383 2471 4442 daemoni.
2508 4386 2796 4444 Stimulus
2827 4403 2986 4455 vero,
3026 4386 3324 4444 tentiones
3356 4390 3416 4442 et
3468 4384 3651 4443 afﬂic-

2012 4473 2228 4541 tiones,
2261 4489 2410 4546 quas
2439 4473 2775 4532 inferebant
2804 4476 2880 4532 ei.

324 4570 538 4644 [lQAN.
573 4570 591 4643 ]
623 4568 773 4629 Τινὶς
807 4567 900 4639 μὶν
935 4565 1050 4635 οὗν,
1083 4560 1456 4640 κεφαλαλγίαν
1512 4562 1634 4617 τινὰ
1698 4559 1898 4642 ἔφησαν

2089 4564 2239 4619 891
2277 4563 2525 4630 Quidem
2557 4565 2757 4637 itaque
2791 4566 3002 4637 capitis
3031 4565 3300 4621 dolorem
3330 4563 3526 4637 ipsum
3572 4562 3657 4620 di-

251 4659 413 4715 αὐτὸν
466 4656 667 4735 λεγειν,
727 4658 833 4713 ἀπὸ
889 4660 985 4712 τοῦ
1045 4648 1307 4710 διαϐόλου
1359 4649 1672 4729 γινομένην.
1740 4650 1901 4709 Ἀλλ’

256 4746 357 4803 οὐκ
411 4742 574 4803 ἔστιν.
651 4744 790 4804 Οὐδὲ
863 4745 967 4822 γάρ
1028 4746 1091 4799 τὸ
1146 4746 1306 4817 σῶμα
1365 4739 1584 4797 Παύλου
1631 4743 1750 4805 ταῖς
1807 4744 1904 4797 τοῦ

257 4832 520 4891 διαϐόλου
550 4837 737 4912 χερσὶν
768 4834 1008 4906 ἐξεδόθη.
1040 4835 1107 4889 Τί
1133 4832 1225 4889 οὖν
1287 4832 1402 4888 ἐστι
1433 4834 1494 4889 τὸ
1554 4830 1852 4908 λεγόμενον
1886 4853 1902 4903 ς

262 4916 435 4979 Σατᾶν
495 4926 523 4979 6
580 4924 951 4998 ἀντικείμενος
1008 4922 1223 4997 λέγεται
1280 4926 1348 4995 τῇ
1407 4915 1673 4996 Ἐϐραίων
1724 4924 1903 4996 φωνῇ,

260 5013 367 5070 Καί
399 5012 450 5068 ὲν
478 5017 546 5088 τῇ
603 5013 762 5090 τρίτῃ
818 5017 926 5070 τῶν
970 5011 1285 5079 Βασιλειῶν,
1316 5009 1441 5071 τοὺς
1502 5010 1906 5083 ἀντικειμένους

264 5102 445 5167 οὕτως
500 5102 749 5159 ἐκάλεσεν
779 5105 813 5172 ἡ
850 5102 1059 5179 Γραφή.
1103 5099 1200 5154 Καὶ
1241 5098 1364 5169 περὶ
1424 5097 1795 5170 Σολομῶντος
1826 5098 1907 5155 δι-

262 5191 569 5269 ηγουμένη,
597 5193 741 5248 οὕτω
769 5192 956 5270 φησῖν,
990 5188 1088 5244 οὐκ
1116 5189 1183 5257 ἦν
1221 5189 1392 5241 Σατᾶν
1424 5184 1475 5241 ἒν
1508 5192 1627 5248 ταῖς
1675 5187 1907 5260 ἡμέραις

259 5280 448 5351 αὐτοῦ,
497 5280 796 5352 τουτέστιν,
855 5279 1247 5352 ἀντικείμενος,
1320 5274 1604 5350 πολεμῶν,
1636 5274 1906 5352 ἐνοχλῶν.

255 5373 326 5431 Ὅ
352 5373 441 5427 οὗν
468 5370 640 5447 λέγει,
672 5372 819 5426 τοῦτ’
877 5365 1042 5426 ἔστιν.
1097 5368 1215 5426 Οὐκ
1271 5364 1448 5422 εἴασεν
1504 5367 1531 5421 6
1589 5365 1719 5428 Θεὸς
1768 5366 1909 5421 ἀπο-

254 5462 381 5534 νητὶ
411 5466 670 5539 χωρῆσαι
722 5462 786 5517 τὸ
815 5462 1100 5536 κήρυγμα,
1178 5465 1241 5513 τό
1299 5458 1557 5535 φρόνημα
1612 5454 1908 5511 καταστελ-

335 5638 377 5673 ⁷³
408 5639 535 5692 Act.
569 5652 681 5703 xxv,
714 5639 783 5689 40
813 5651 978 5707 seqq.
1011 5633 1057 5668 ⁷⁸
1088 5635 1225 5705 Reg.
1262 5649 1320 5699 ν,
1355 5633 1408 5684 4.

546 5756 809 5816 Ριιτιιοι..
855 5756 968 5814 Gn.
1017 5750 1274 5809 CXVIII.

2014 4671 2147 4711 cere
2173 4662 2559 4712 asseruerunt
2578 4672 2613 4711 a
2634 4656 2872 4712 diabolo
2897 4657 3253 4712 immissum.
3280 4655 3392 4710 Sed
3412 4671 3529 4710 non
3559 4655 3641 4710 ita

2016 4751 2119 4801 est.
2146 4747 2347 4818 Neque
2371 4746 2528 4801 enim
2552 4747 2722 4801 Pauli
2745 4751 2922 4818 caput
2942 4746 3162 4801 diaboli
3184 4743 3460 4802 manibus
3485 4741 3662 4799 tradi-

2013 4840 2141 4890 tum
2173 4836 2300 4890 fuit.
2337 4836 2486 4900 Quid
2519 4842 2611 4891 est
2635 4852 2772 4907 ergo
2805 4835 2958 4906 qaod
3007 4834 3272 4890 dicitur?
3330 4834 3508 4890 Satan
3557 4831 3663 4889 ad-

2014 4925 2339 4980 versarium
2357 4924 2751 4995 sonatlingua
2771 4924 3174 4979 Hebraicatet
3217 4923 3392 4980 tertio
3442 4925 3665 4991 Regum

2016 5013 2168 5068 libro
2200 5029 2333 5067 vere
2364 5013 2735 5068 adversarios
2767 5013 2847 5068 ita
2890 5010 3208 5084 appellavit
3262 5012 3563 5084 Scriptura
3592 5010 3661 5078 7‘,

2017 5120 2084 5158 ac
2106 5102 2177 5157 de
2204 5103 2517 5157 Salomone
2538 5118 2807 5166 narrans,
2832 5102 2915 5157 ait
2951 5102 3110 5173 quod
3157 5119 3277 5158 non
3332 5110 3459 5158 erat
3487 5102 3665 5157 Satan

2018 5193 2081 5246 in
2108 5191 2318 5246 diebus
2341 5190 2616 5262 ipsius,id
2639 5199 2746 5259 est,
2779 5192 3169 5256 adversarius,
3205 5192 3306 5263 qui
3328 5193 3666 5248 molestiam

2019 5298 2089 5336 ac
2105 5280 2329 5335 bellum
2349 5281 2615 5337 inferret.
2640 5281 2807 5346 Quod
2834 5299 2970 5355 ergo
2990 5282 3134 5338 dicit
3155 5283 3498 5355 hujusmodi
3525 5288 3617 5338 est
3647 5295 3662 5335 :

2020 5372 2145 5425 Non
2176 5371 2473 5424 concessit
2529 5372 2683 5426 Deus
2744 5371 2870 5427 sine
2931 5372 3133 5427 labore
3184 5373 3668 5444 praedicationem

2021 5457 2636 5531 procedere,nostrum
2662 5461 2940 5517 affectum
2959 5462 3388 5534 comprimens,
3423 5467 3526 5517 aut
3556 5460 3674 5515 fas-

3317 5751 3394 5808 3i
