4106 6196
570 253 724 315 1067

1667 249 1850 313 (ECU
1865 254 1910 310 λι
1925 251 2078 310 ENll
2125 247 2429 309 'l‘RlCtj/E
2475 251 2848 316 Et’lSCOPI.

3762 263 3876 326 1068

566 399 693 450 tum
723 407 973 456 cavens;
1007 390 1109 446 sed
1143 391 1414 461 permisit
1441 389 1807 446 adversarios
1864 391 2088 444 irruere
2149 388 2208 443 in

2325 383 2434 440 λῶν
2515 389 2701 461 ἡμῶν,
2768 389 2914 448 ἀλλὰ
2989 392 3336 467 συνεχώρησε
3393 397 3506 454 τοῖς
3567 394 3878 468 ἀντικειμένοτς

565 501 694 538 nos.
726 481 1006 537 Nuntium
1063 475 1263 548 itaque
1324 480 1552 535 Satanan
1611 480 1756 534 dicit
1811 479 2215 535 Alexandrum

562 572 795 628 fabrum
829 568 1126 634 aerarium,
1160 569 1542 640 Hymenaeum
1571 569 1963 628 etPhiletum.
1997 567 2096 638 qui
2127 567 2214 620 di-

562 661 779 716 cebant
797 660 1444 728 resurrectionemjam
1466 661 1680 714 factam
1710 675 1862 726 esse,
1888 673 2214 728 omnesque

565 749 824 804 sermoni
849 749 1291 818 praedicationis
1325 755 1719 820 repugnantes
1777 747 1842 800 7‘5.
1904 779 1969 787 —
2019 747 2212 802 Aliud.

564 835 814 902 Quidem
839 837 1005 892 aiunt
1027 837 1270 892 Paulum
1299 837 1508 907 capitis
1530 837 1796 891 dolorem
1819 835 2211 891 sustinuisse:

565 925 668 982 sed
688 943 799 980 non
827 927 902 980 ita
929 933 1166 984 estnon
1191 925 1255 980 ﬁt
1277 927 1435 982 enim
1461 926 1778 981 verisimile
1803 943 2014 996 corpus
2050 923 2215 978 Pauli

568 1015 851 1070 traditum
877 1016 1056 1071 fuisse
1083 1015 1332 1072 Satanan.
1371 1015 1468 1085 qui
1503 1015 1802 1070 interdum
1835 1015 1946 1086 ipsi
1999 1013 2214 1084 praeci-

569 1105 772 1177 piebat
799 1123 866 1158 ac
888 1111 1174 1160 terminos
1201 1103 1538 1176 prastigebat
1559 1104 1797 1175 quando
1827 1111 2216 1158 scortatorem

567 1195 620 1248 ei
653 1193 916 1261 tradidit,
951 1194 1156 1248 dicens
1187 1210 1198 1246 :
1233 1194 1318 1248 Ad
1361 1194 1666 1249 interitum
1725 1193 1922 1249 carnis
1983 1193 2047 1258 ⁷⁸,
2107 1207 2218 1245 nec

565 1285 887 1338 terminum
949 1289 1400 1354 prmtergressus
1455 1289 1545 1338 est
1601 1281 1894 1338 diabolus.
1951 1313 2019 1322 —
2067 1278 2217 1345 Quid

567 1388 702 1444 ergo
727 1379 814 1426 est
840 1371 867 1426 ‘2
891 1373 1067 1426 Satan
1089 1372 1459 1426 adversarius
1509 1371 1698 1426 dictus
1745 1377 1836 1428 est
1873 1371 2076 1443 lingua
2107 1371 2216 1425 He-

565 1460 785 1520 braica.
821 1461 1072 1516 Nuntius
1134 1461 1312 1534 igitur
1364 1461 1591 1516 Satanm
1651 1461 1795 1516 dicit
1850 1459 2218 1516 adversarios

565 1551 974 1622 praedicationi
1001 1569 1013 1604 :
1041 1553 1246 1622 quales
1273 1558 1446 1606 erant
1464 1553 1816 1618 Alexander,
1863 1554 2216 1624 Hymenaeus

569 1647 627 1696 et
647 1641 1296 1710 Philetus.Hacitaque
1347 1647 1435 1694 est
1483 1640 1643 1710 quod
1684 1639 1857 1696 dicit:
1905 1643 2030 1697 Non
2083 1660 2220 1698 con-

568 1730 744 1785 cessit
779 1730 928 1784 Beus
963 1731 1088 1784 sine
1123 1730 1323 1784 labore
1357 1729 1840 1800 praedicationem
1873 1731 2216 1800 procedere,
2255 1761 2297 1826 Β

570 1818 672 1874 sed
697 1820 960 1890 permisit
987 1835 1095 1874 nos
1121 1818 1282 1874 mala
1303 1819 1633 1888 patiquoad
1649 1835 1892 1890 corpus:
1924 1836 1996 1874 ne
2027 1822 2220 1891 majus

574 1908 882 1979 quippiam
911 1908 981 1962 de
1013 1908 1186 1962 nobis
1219 1914 1548 1962 statuerent
1573 1908 1869 1966 homines.
1903 1915 2004 1964 aut
2039 1909 2221 1966 nimis

567 2011 706 2068 erga
737 2013 844 2052 nos
874 1997 1275 2063 afﬁcerentur,
1307 1996 1504 2052 vident
1519 2013 1580 2051 es
1615 2003 1780 2051 tanta
1810 1996 1904 2051 edi
1947 1997 2132 2070 signa,
2166 2003 2223 2053 et

574 2087 804 2142 nullam
839 2088 1226 2142 tentationem
1261 2087 1528 2158 nihilque
1576 2086 1806 2142 adversi
1851 2089 1913 2142 in
1960 2105 2070 2143 nos
2117 2089 2219 2142 in-

577 2177 1046 2248 surgere.Quare
1079 2185 1278 2232 autem
1309 2193 1428 2231 non
1462 2176 1609 2230 dixit
1665 2177 1905 2232 nuntios
1966 2177 2218 2244 Satanae,

574 2281 708 2320 cum
741 2265 912 2320 multi
949 2273 1149 2320 essent
1177 2268 1278 2336 qui
1337 2266 1704 2332 resisterent,
1767 2266 1870 2322 sed
1929 2267 2097 2338 quasi
2147 2266 2218 2322 de

572 2353 1072 2422 uno,aitNuntius
1125 2355 1352 2410 Satanae
1374 2354 1401 2409 ‘2
1449 2355 1738 2420 Quoniam
1771 2355 2019 2426 singulis
2051 2355 2218 2426 locis,

571 2459 725 2498 unus
748 2443 1046 2514 quispiam
1067 2444 1474 2514 reperiebatur
1512 2459 1872 2516 repugnans,
1907 2445 2006 2516 qui
2041 2462 2220 2517 popu-

569 2529 694 2586 lum
727 2539 1152 2600 commoneret,
1188 2549 1303 2602 quo
1327 2533 1654 2603 primordia
1683 2533 1974 2605 capiente,
2021 2535 2218 2588 caeteri

571 2637 689 2676 una
713 2621 1139 2692 sequebantur.
1165 2645 1191 2671 ‹‹
1216 2623 1284 2677 Ut
1303 2639 1396 2676 me
1418 2621 1684 2693 colaphis
1727 2622 2003 2679 crederet.
2031 2648 2052 2674 ι
2089 2624 2219 2678 Νοιι

569 2712 718 2767 dixit
737 2712 896 2783 quod
921 2713 1188 2784 colaphis
1209 2713 1526 2780 cmciderit,
1561 2713 1664 2768 sed
1685 2713 2028 2786 signiﬁcans
2059 2714 2218 2784 quod

576 2819 811 2873 semper
841 2804 1086 2860 haberet
1118 2803 1540 2864 adversarium.
1565 2805 1684 2858 ait:
1723 2828 1748 2852 «
1783 2803 2064 2874 Colaphis
2113 2821 2220 2860 cm-

572 2892 740 2948 deret
769 2916 797 2944 ››
830 2926 896 2934 -
929 2919 955 2943 «ι
992 2896 1312 2966 Superhoc
1341 2901 1429 2950 ter
1477 2895 1792 2949 Dominum
1839 2895 2055 2966 rogavi.
2091 2921 2116 2944 η
2151 2897 2220 2950 Et

571 2982 685 3038 hoc
717 2984 968 3038 modesti
1000 2986 1180 3040 animi
1202 2993 1290 3039 est
1311 2985 1476 3040 fateri
1499 2984 1658 3054 quod
1691 3001 1810 3038 non
1835 2984 2006 3038 facile
2037 2984 2219 3040 ferret

569 3072 838 3136 insidias.
870 3075 1146 3146 quodque
1170 3075 1388 3146 saepius
1407 3079 1680 3145 precatus
1701 3089 1820 3128 non
1869 3073 2214 3128 obtinuerit.

569 3163 721 3218 698
755 3165 924 3228 Quod
957 3166 1114 3219 enim
1173 3165 1318 3220 dicit
1370 3186 1398 3215 ‹‹
1455 3166 1584 3224 Ter,
1643 3186 1670 3212 ››
1729 3164 2042 3231 signiﬁcat.
2083 3165 2221 3218 Fre-

568 3259 841 3322 quenter.
879 3275 905 3302 ‹‹
931 3253 1162 3308 Sufﬁcit
1191 3254 1296 3309 tibi
1321 3253 1506 3325 gratia
1540 3269 1688 3308 mea.
1729 3274 1756 3302 ιι
1805 3253 1968 3318 Quod
2027 3253 2214 3326 perfe-

567 3345 727 3393 ctum
760 3340 1087 3410 est,inquit,
1121 3341 1304 3396 habes
1335 3359 1345 3396 :
1382 3358 1455 3397 ne
1487 3341 1743 3412 amplius
1775 3359 2007 3411 quaeras
2040 3358 2216 3408 ;nam

569 3426 792 3481 sufﬁcit
826 3428 926 3481 tibi
960 3429 1119 3498 quod
1151 3429 1328 3484 talem
1363 3431 1630 3485 dederim
1689 3431 1793 3486 tibi
1853 3431 2102 3504 gratiam
2153 3437 2216 3486 ut

567 3520 834 3570 mortuos
867 3517 1173 3586 excitares,
1199 3520 1464 3588 potentia
1487 3519 1654 3590 signa
1681 3519 1908 3587 ederes,
1935 3537 2008 3575 ne
2037 3521 2214 3574 etiam

569 3619 800 3676 quaeras
831 3605 1317 3676 praedicationem
1349 3607 1478 3662 sine
1511 3607 1714 3662 labore
1743 3607 1846 3662 tibi
1871 3607 2210 3679 procedere.

569 3716 596 3744 ‹‹
621 3692 766 3748 Nam
791 3695 1056 3766 potentia
1086 3713 1220 3751 mea
1249 3713 1355 3767 per
1383 3696 1792 3750 inﬁrmitatem
1823 3697 2147 3766 perﬁcitur.
2183 3719 2211 3746 ››

568 3783 680 3840 Sed
709 3785 984 3842 fortassis
1014 3785 1200 3854 doles,
1229 3786 1446 3857 inquit,
1481 3784 1642 3856 quod
1673 3792 1726 3842 te
1759 3785 1885 3840 haec
1940 3787 2080 3856 pati,
2137 3787 2212 3840 vi-

566 3872 776 3929 deatur
807 3892 1000 3931 meam
1031 3892 1276 3948 arguere
1309 3875 1805 3932 imbecillitatem.
1841 3877 2042 3946 Itaque
2065 3877 2210 3930 scito

565 3961 678 4017 hoc
697 3963 889 4034 ipsum
913 3964 1445 4038 magis,ostendere
1470 3982 1664 4020 meam
1695 3965 2044 4037 potentiam,
2079 3981 2213 4020 con-

565 4054 816 4110 trarium
847 4073 986 4113 vero
1029 4059 1204 4114 etiam
1239 4059 1426 4130 ipsam
1461 4059 1838 4130 intercipere.
1875 4059 2020 4114 Nam
2078 4074 2211 4113 mea

559 4143 1048 4216 inquit,potentia
1063 4164 1168 4218 per
1191 4148 1596 4203 inﬁrmitatem
1619 4147 1927 4220 perﬁcitur
1949 4145 2208 4218 :quando

559 4233 602 4288 ii
634 4235 734 4304 qui
770 4235 1246 4305 persecutionem
1305 4238 1618 4302 sustinent,
1683 4237 2020 4308 superiores
2070 4241 2209 4291 sunt

555 4325 1074 4393 persecutoribus:
1110 4326 1348 4396 quando
1383 4326 1420 4380 ii
1453 4327 1553 4395 qui
1581 4333 1883 4394 vexantur,
1927 4331 2205 4381 vexantes

554 4410 891 4468 devincunt.
921 4416 1080 4469 Tunc
1095 4415 1254 4468 enim
1274 4415 1534 4485 potentia
1555 4431 1689 4469 mea
1734 4415 2200 4482 demonstratur,

2328 473 2654 538 ἐπιτίθεσθαι
2735 481 2895 552 ἡμῖν.
2984 480 3246 555 Ἄγγελον
3331 479 3506 536 τοίνυν
3565 491 3712 538 Σατὲν
3765 485 3887 562 λέγει,

2327 563 2681 634 Ἀλέξανδρον
2742 569 2832 624 τὸν
2889 568 3122 644 χάλκεα,
3183 570 3482 642 Ὑμέναιον,
3553 573 3632 626 καὶ
3686 579 3888 648 Φιλητὸν,

2323 655 2456 716 τοὺς
2507 659 2606 726 την
2661 657 2944 714 ἀνάστασιν
3013 657 3271 736 λέγοντας
3318 658 3426 729 ἤδη
3493 663 3780 736 γεγονέναι.
3827 671 3887 723 διιῖ

2325 745 2525 807 πάντας
2553 746 2678 808 τοῦς
2712 748 3115 820 ἀντικειμένους
3171 754 3250 821 τῷ
3289 748 3439 822 λογῳ
3463 755 3556 803 τοῦ
3583 753 3884 828 κηρύγματος.

2327 867 2394 876 —
2438 835 2636 894 Ἄλλο.
2690 839 3026 912 [ΘΕΟΔΩΡ.]
3081 839 3228 901 Τινὲς
3286 861 3414 912 φασι
3473 839 3794 916 κεφαλαλγεῐν
3828 848 3888 900 τὸν

2327 924 2560 990 Παῦλον,
2593 925 2720 982 ἀλλ’
2753 927 2852 982 οὐκ
2899 923 3032 985 ἔστι.
3068 933 3156 997 Μὴ
3218 929 3322 1004 γὰρ
3377 929 3459 998 εἶή
3515 931 3574 983 τὸ
3629 935 3765 1004 σῶμα
3793 935 3890 990 llr}-

2329 1010 2431 1067 λου
2501 1011 2811 1070 ἐκδεδόσθαι
2867 1021 2946 1088 τῷ
3003 1023 3231 1088 Σατανᾷ.
3297 1017 3464 1074 ὁπότε
3519 1018 3667 1078 auito;
3716 1023 3788 1075 καὶ
3831 1023 3890 1078 ἐπι

2328 1101 2541 1158 ἐταστεν
2575 1103 2741 1176 αὐτῷ,
2783 1105 2876 1160 καὶ
2933 1105 3093 1180 ὅρους
3127 1105 3306 1170 ἐτίθει,
3341 1106 3431 1162 ὅτε
3461 1107 3549 1162 τὸν
3605 1110 3893 1182 πορνεύσιντα

2326 1189 2586 1261 ἐξεδίδου,
2651 1191 2852 1270 λέγων,
2913 1194 2988 1256 εἷς
3057 1194 3282 1268 ὀλεθρον
3338 1203 3438 1263 τῆς
3495 1197 3696 1268 σαρκὸς⁷
3733 1200 3896 1275 καῖοὖχ

2331 1276 2565 1354 ὑπερέϐη
2599 1283 2689 1338 τὸν
2733 1279 2857 1358 ὅρον
2892 1284 2920 1338 ὀ
2955 1279 3234 1348 διάϐολος.
3261 1319 3331 1330 --
3359 1285 3558 1342 Ἄλλο.
3591 1287 3650 1342 Τί
3679 1288 3758 1342 οῦν
3785 1287 3894 1358 Em;

2332 1375 2506 1423 Σατῖιν
2555 1371 2584 1425 ὁ
2637 1371 3010 1445 ἀντικείμενος
3073 1373 3287 1450 εἶ’ρηται
3354 1378 3422 1448 τῇ
3483 1372 3728 1450 Ἐϐραίων
3775 1382 3897 1454 οωνῇ.

2327 1455 2624 1533 Ἀγγὲλους
2683 1457 2741 1515 δὲ
2822 1468 3014 1529 Σατᾶν,
3097 1463 3222 1524 τοὺς
3279 1463 3674 1536 ἀντικειμένους
3723 1471 3786 1536 τῷ
3833 1487 3900 1534 iu,-

2327 1547 2602 1620 ρύγματι,
2707 1551 2869 1626 φησὶν
2907 1592 2921 1606 ,
3000 1552 3126 1608 Οἶον
3202 1551 3328 1612 τοὺς
3404 1553 3530 1626 περὶ
3607 1551 3902 1626 ’Δλεξανδροη

2325 1636 2626 1709 ἰ’μέναιον,
2712 1639 2801 1693 καὶ
2889 1639 3160 1710 Φιλητόν,
3251 1642 3312 1694 Ὂ
3377 1641 3558 1695 τοίνυν
3611 1640 3746 1716 λέγει
3792 1647 3900 1698 τοῦτο

2329 1721 2488 1794 ἔστιν,
2550 1728 2650 1782 οὐκ
2731 1727 2902 1785 εἶάσεν
2961 1731 3114 1798 Θεὸς,
3173 1731 3358 1808 φησὶν,
3417 1732 3641 1800 ἀπονητὶ
3695 1727 3901 1806 προϐῆναι

2330 1817 2393 1870 τὸ
2449 1819 2727 1890 κήρυγμα,
2793 1817 2938 1874 ἀλλᾶ
2992 1818 3370 1896 συνεχώρησεν
3437 1823 3585 1893 ἡμᾶς
3637 1821 3828 1896 πάσχειν
3852 1821 3902 1883 εἷς

2334 1910 2492 1978 σῶμα
2523 1912 2728 1974 κακῶς,
2791 1905 2882 1962 είνσι
2945 1910 3022 1982 μή
3085 1909 3268 1983 μείζόν
3329 1931 3380 1964 τι
3444 1908 3743 1975 διατεθῶσιν
3785 1909 3906 1965 oliv-

2333 2007 2566 2067 θρωποι,
2619 1997 2846 2070 ὁρῶντες
2911 1999 3005 2071 μὲν
3055 2004 3255 2070 σημεῖα
3307 2003 3566 2064 τοσαῦτα,
3619 1997 3826 2072 οὐδαμοῦ
3866 1996 3906 2052 δι

2332 2087 2631 2158 πειρασμὸν
2673 2086 2708 2156 ἢ
2749 2109 2799 2142 τι
2855 2092 2961 2142 τῶν
3022 2087 3294 2143 ἐναντίων.
3331 2091 3430 2142 Διᾶ
3460 2088 3514 2144 τί
3563 2085 3617 2143 δὲ
3670 2089 3756 2144 οὐκ
3802 2089 3902 2143 εἶπεν

2331 2173 2595 2250 ἀγγέλους
2654 2181 2849 2248 Σατᾶν,
2957 2176 3184 2251 (πολλοὶ
3262 2179 3367 2253 γὰρ
3451 2178 3503 2234 οἷ
3559 2178 3904 2250 ἀνθιστάμενοι.)

2333 2262 2457 2320 ἀλλ’
2517 2264 2592 2326 ὦς
2641 2265 2724 2338 ἐφ’
2773 2267 2890 2328 ἕνὸς
2967 2289 3150 2346 φησιν,
3210 2265 3446 2343 ἅγγελος
3511 2271 3719 2338 Σατᾶνς

2331 2355 2467 2408 κατά
2504 2353 2672 2410 τόπον
2697 2356 2769 2416 εἷς
2798 2375 2880 2416 τις
2931 2357 3210 2430 εὑρίσκετο
3261 2358 3289 2410 ὁ
3333 2357 3679 2426 ἀντι-πίπτων,
3731 2355 3806 2410 καὶ
3847 2356 3904 2408 τὸν

2334 2440 2511 2516 δῆμάν
2543 2441 2822 2516 ἐπικινῶν,
2866 2444 2926 2499 οὗ
2956 2448 3510 2520 προκαταρχομένου,
3543 2446 3628 2500 καὶ
3682 2447 3728 2500 οἱ
3777 2442 3906 2498 λοιποὶ

2333 2534 2670 2588 συνείποντο.
2707 2557 2734 2584 ‹‹
2776 2536 2890 2591 Ἵνα
2933 2555 2998 2606 με
3048 2533 3336 2612 κολαφίζῃ.
3377 2561 3400 2589 ι
3460 2535 3574 2592 Ούκ
3629 2536 3735 2589 εἶπε
3783 2531 3906 2589 Κολα-

2333 2619 2486 2698 φίσῃ,
2552 2619 2697 2676 ἀλλὰ
2773 2623 2836 2676 τὸ
2911 2621 2994 2676 ἀεὶ
3048 2615 3194 2696 ἔχειν
3253 2623 3345 2677 τὸν
3407 2623 3702 2678 ἀνθεστῶτα
3754 2619 3905 2690 δηλῶν,

2333 2732 2361 2760 ‹‹
2395 2707 2707 2786 Κολαφίζῃ,
2739 2734 2768 2762 ››
2802 2709 2962 2765 εἶπεν.
3029 2735 3056 2762 cc
3088 2712 3243 2786 Ὑπὲρ
3300 2711 3500 2766 τούτου
3553 2713 3665 2786 τρὶς
3711 2711 3787 2765 τὸν
3834 2707 3905 2766 K5-

2333 2818 2456 2871 ριπν
2516 2797 2946 2873 παρεκάλεσα.»
2999 2801 3100 2856 Καὶ
3155 2805 3322 2855 τοῦτο
3389 2797 3902 2875 τοὶπεινοοροσύνηςτὸ

2333 2885 2703 2962 ὁμολογῆσαι,
2747 2888 2828 2942 ὅτι
2888 2889 2988 2943 οὐκ
3044 2883 3198 2966 ἔφερε
3251 2887 3456 2963 ῥᾳδίως
3507 2890 3599 2952 τὰς
3657 2885 3904 2954 ἑπιῦου).ὶς,

2331 2976 2420 3030 καὶ
2453 2977 2536 3030 ὅτι
2565 2976 2840 3038 πολλάκις
2897 2976 3280 3052 παρακαλέσας
3319 2977 3417 3032 ούκ
3480 2980 3658 3048 ἤνυσε.
3713 2975 3780 3034 Τό
3821 2975 3903 3050 γὶρ,

2333 3091 2360 3118 (ι
2391 3067 2541 3142 Τρὶς,
2576 3093 2596 3121 ι
2637 3065 2940 3134 Πολλάκις,
2967 3064 3152 3138 δηλοῖ.
3179 3092 3202 3121 α
3237 3069 3424 3144 Ἀρκεῖ
3454 3090 3540 3124 σοι
3570 3071 3602 3137 ἡ
3637 3070 3774 3142 χάρις
3795 3085 3906 3136 pom

2335 3157 2411 3211 Τὸ
2449 3155 2685 3226 τέλειον,
2739 3156 2924 3227 φησὶν,
2969 3153 3140 3235 ἔχεις,
3205 3159 3280 3227 μὴ
3342 3160 3496 3227 ζήτει
3555 3155 3726 3212 πλέον.
3775 3154 3910 3225 Ἀρκεῖ

2336 3266 2420 3300 σοι
2480 3246 2582 3320 γαρ
2620 3289 2634 3315 ,
2697 3245 2909 3324 φησὶν,
2967 3247 3052 3300 ὅτι
3102 3247 3358 3314 τοιαύτην
3409 3243 3590 3301 ἔδωκα
3653 3267 3732 3300 σοι
3778 3241 3908 3317 χάριν,

2332 3335 2554 3410 νεκροὺς
2587 3334 2834 3410 ἐγείρειν,
2895 3331 3148 3407 δυνάμεις
3207 3333 3504 3400 ἐπιτελεῖν,
3561 3338 3633 3408 μὴ
3693 3335 3814 3403 ζήτει
3852 3327 3910 3382 καὶ

2332 3423 2393 3478 τὸ
2447 3427 2708 3498 κήρυγμα
2765 3421 3044 3478 ἀκίνδυνόν
3137 3445 3220 3478 σοι
3277 3419 3615 3500 προϐαίνειν.
3675 3445 3700 3476 (ι
3749 3423 3799 3476 Ἠ
3841 3419 3907 3494 γὶρ

2333 3510 2560 3585 δύναμίς
2592 3534 2697 3584 μου
2735 3511 2786 3567 ἐν
2847 3512 3094 3584 ἀσθενείᾳ
3147 3512 3476 3570 τελειοῦται.
3513 3539 3540 3567 ››
3603 3511 3744 3571 Ἀλλ’
3799 3508 3904 3571 ἴσως,

2331 3601 2517 3674 φησὶν,
2541 3601 2729 3678 ἀλγεῖς
2765 3605 2840 3675 μὴ
2881 3599 3007 3676 δόξῃ
3060 3603 3122 3657 τὸ
3181 3602 3238 3658 σὶ
3287 3607 3457 3659 ταῦτα
3513 3605 3747 3678 πάσχειν,
3793 3593 3903 3659 ἀσθέ-

2327 3713 2473 3748 νειαν
2502 3693 2641 3765 ἐμοῦ
2697 3691 3041 3767 λατηγορεῖν.
3075 3695 3250 3750 Τοῦτο
3289 3693 3383 3766 μὶν
3417 3693 3513 3748 οῦν
3569 3692 3694 3748 αύτό
3747 3687 3902 3762 μᾶλλον

2329 3777 2565 3836 δείκνυσί
2600 3803 2704 3854 μου
2735 3783 2834 3852 τήν
2901 3778 3148 3854 δύναμιν,
3203 3781 3266 3837 τὰ
3321 3781 3378 3838 δὲ
3429 3780 3666 3840 ἐναντίον
3708 3779 3782 3834 καὶ
3808 3777 3896 3830 ὑπο·

2324 3869 2575 3942 τὲμνεται
2635 3870 2824 3939 αὐτῆς.
2915 3872 2972 3926 Ἱὶ
3033 3871 3133 3947 γὰρ
3195 3868 3420 3946 δύναμίς
3481 3894 3608 3946 μου,
3672 3867 3825 3949 φησὶν,
3867 3855 3899 3916 iv

2325 3961 2568 4031 ἀσθενείᾳ
2592 3959 2919 4017 τελειοῦται.
2979 3963 3137 4016 Ὅταν
3187 3959 3555 4035 ὃιωκώμενοι,
3588 3967 3687 4016 τῶν
3733 3953 3897 4013 διωκόν-

2321 4072 2427 4106 των
2487 4050 2830 4125 περιγίνησθε
2865 4096 2879 4120 ,
2956 4053 3081 4106 ὅταν
3126 4048 3502 4126 ἐλαυνόμενοι,
3559 4057 3659 4108 τῶν
3710 4041 3899 4105 ἕλαυνὸν-

2318 4161 2425 4194 των
2455 4146 2709 4214 κρατῆτε.
2745 4142 2881 4197 Τότε
2937 4143 3040 4217 γὰρ
3073 4143 3108 4210 ἡ
3142 4138 3366 4214 δύναμίς
3427 4163 3533 4215 μου
3588 4138 3896 4198 διαδείκνυται,

2321 4228 2446 4284 ὅταν
2494 4230 2646 4302 ὑμῶν
2706 4229 3070 4285 ἀσθενούντων
3106 4234 3187 4302 τῷ
3217 4230 3446 4305 πάσχειν
3509 4235 3701 4298 κακῶς,
3753 4241 3897 4281 παντί·

2319 4323 2426 4395 χοῦ
2508 4321 2753 4394 κρατήσῃ
2807 4320 2868 4373 τὸ
2920 4321 3196 4394 κήρυγμα.
3259 4319 3363 4374 Καὶ
3417 4321 3537 4393 δρα.
3597 4315 3786 4386 Ἄλλην
3831 4309 3892 4384 μὶν

2318 4408 2476 4471 αὐτὸς
2499 4409 2673 4463 αἰτίαν
2707 4410 2826 4463 εἷπε
2857 4413 2952 4463 τοῦ
2984 4405 3232 4464 δεδόσθαι
3261 4410 3352 4464 τὸν
3390 4408 3720 4484 κολαφισμὸν
3773 4401 3892 4469 αὐτῷ’

3771 2263 3904 2333 ἐπειδὴ

554 4502 790 4571 quando
811 4520 914 4574 per
941 4505 1050 4559 hoc
1071 4503 1230 4574 quod
1253 4521 1352 4558 vos
1375 4502 1706 4558 imbecilles
1761 4503 1937 4558 malis
1985 4504 2203 4558 afficia-

2325 4500 2426 4554 Ἰνα
2463 4522 2489 4549 ››
2543 4498 2670 4572 γὰρ,
2751 4497 2907 4576 φησὶ,
2970 4521 2993 4551 ‹ι
3027 4500 3103 4570 μή
3167 4497 3569 4572 ὑπεραίρωμαι,
3629 4500 3654 4552 ὁ
3710 4493 3758 4550 δὲ
3803 4489 3894 4547 Θεὸς

549 4591 718 4654 mini,
745 4593 1086 4664 pra'dicatio
1105 4592 1320 4663 ubique
1342 4592 1732 4664 prmvaluerit.
1757 4593 1825 4646 Et
1839 4593 2195 4648 considera:

549 4679 674 4750 ipse
707 4681 948 4752 quidem
981 4682 1158 4738 aliam
1189 4681 1510 4755 assignavit
1556 4697 1794 4736 causam
1855 4679 2014 4750 quod
2074 4679 2198 4735 dati

549 4767 668 4821 sint
693 4771 802 4824 sibi
825 4771 1076 4842 colaphi,
1109 4787 1344 4842 nempe,
1377 4795 1401 4820 ‹‹
1424 4772 1506 4826 Ne
1533 4768 1865 4832 extollerer,
1897 4791 1924 4817 ››
1976 4769 2192 4840 inquit.

549 4855 700 4911 Deus
719 4875 851 4913 vero
875 4861 1054 4914 aliam
1096 4861 1242 4914 dixit
1268 4877 1504 4916 causam
1533 4876 1544 4914 :
1573 4861 1642 4916 Ut
1685 4857 2052 4920 ostendatur,
2087 4859 2192 4924 ait,

545 4960 680 4999 mea
709 4949 972 5016 potentia
1001 4967 1105 5020 per
1135 4957 1411 5018 vestram,
1447 4957 1510 5004 ut
1541 4949 1792 5016 videtur,
1823 4947 2198 5003 imbecillita-

547 5035 1132 5094 lem.Perfectionem
1163 5040 1320 5094 enim
1345 5058 1410 5096 ac
1445 5041 1768 5094 terminum
1827 5039 2013 5093 sumit
2061 5053 2198 5092 mea

539 5124 807 5194 potentia
837 5141 904 5179 ex
927 5134 1117 5182 vestra
1137 5127 1562 5183 imbecillitate.
1595 5131 1738 5183 Nam
1763 5129 1808 5182 si
1833 5145 1938 5198 per
1960 5127 2194 5196 aliquos

539 5211 845 5284 sapientes
863 5229 928 5268 ac
956 5232 1120 5287 reges
1143 5217 1558 5272 administrata
1581 5217 1789 5274 fuisset
1824 5215 2190 5287 praedicatio,

539 5308 698 5357 certe
724 5303 1002 5374 potentiae
1036 5305 1450 5360 ministrorum
1481 5307 1895 5362 attribuissent
1915 5303 2192 5360 nonnulli

539 5391 807 5448 omnium
825 5391 1258 5466 subjectionem
1290 5411 1302 5447 :
1327 5410 1484 5450 nunc
1506 5401 1704 5452 autem
1723 5393 2191 5452 ministrantium

607 5591 654 5627 '5
683 5595 827 5655 Tim.
861 5611 917 5668 ιι,
952 5597 1058 5664 20;
1095 5593 1144 5652 II
1173 5595 1317 5654 Tim.
1349 5612 1407 5668 ιι,
1445 5597 1546 5660 l7;
1580 5610 1651 5662 ιν,
1688 5594 1772 5649 14.
1803 5594 1846 5630 ’⁸⁸
1877 5594 1902 5646 Ι
1931 5593 2062 5649 Cor.
2094 5608 2149 5660 ν,
2181 5593 2233 5645 Ι.

2313 4584 2490 4654 ἀλλην
2516 4587 2662 4639 εἶπεν
2695 4585 2886 4640 αἰτίαν.
2937 4585 3093 4656 Ὑπὲρ
3150 4584 3246 4640 τοῦ
3305 4584 3612 4662 δειχθῆσαι,
3669 4577 3890 4654 φησῗ,τῆν

2311 4670 2538 4748 δύναμίν
2600 4695 2726 4746 μου,

2307 4764 2473 4826 Τὲλος
2521 4767 2622 4840 γαρ
2677 4767 2768 4820 καὶ
2826 4765 2989 4841 πέρας
3029 4768 3064 4835 ἡ
3127 4765 3352 4838 δύναμίς
3407 4787 3512 4840 μου
3562 4759 3814 4836 λαμϐάνει.
3853 4753 3894 4807 ἐκ

2307 4859 2406 4920 τῆς
2435 4853 2584 4925 ὑμῶν
2613 4853 2909 4917 ἀσθενείας.
2955 4853 3019 4910 E'.‘
3068 4855 3171 4928 γὰρ
3241 4851 3329 4909 διά
3396 4877 3558 4910 τινων
3615 4841 3888 4932 σοφιστῶνῆ

2311 4940 2580 5018 βασιλέων
2647 4940 2955 5014 ὃιηλονεῖτο
3010 4944 3072 4998 τὸ
3138 4947 3418 5019 κήρυγμα,
3472 4943 3570 5000 κᾶν
3607 4943 3668 5017 τῇ
3719 4935 3890 5004 ἑυνάμει

2805 4671 2894 4728 διὰ
2957 4681 3057 4743 τῆς
3117 4672 3385 4746 δοκούσης
3455 4675 3712 4730 ἀσθενείας
3767 4670 3892 4740 ὗμῶνο

2306 5036 2410 5086 τῶν
2468 5029 2728 5086 διακόνων
2789 5031 2984 5088 ἔδωκέν
3043 5053 3123 5095 τις
3179 5041 3277 5102 τῆν
3341 5033 3584 5089 ὁπάντων
3645 5022 3884 5096 ὑποτσγῆν·

2341 5123 2386 5148 γα.
2455 5118 2497 5138 κς
2644 5127 2666 5136 υ
2765 5119 2788 5138 κ
2999 5121 3012 5140 ι
3227 5124 3240 5136 ι
3325 5123 3333 5138 ι
3557 5124 3571 5142 \
3723 5123 3744 5132 ·-
3827 5131 3836 5140 .
3865 5110 3882 5138 Γ

2309 5123 2422 5178 Nm
2453 5139 2508 5176 οε
2535 5124 2568 5190 ἡ
2601 5143 2708 5176 των
2761 5141 3154 5177 οιακονουντων
3216 5125 3478 5190 ασθενεια,
3512 5145 3608 5192 την
3662 5141 3747 5176 του
3790 5125 3885 5167 θιοδ

2308 5207 2633 5265 διαδείκνυσι
2701 5208 2952 5284 δύναμιν,
3019 5212 3109 5267 καὶ
3169 5211 3374 5268 τελειοῖ
3418 5213 3606 5283 αὐτήν.
3662 5201 3886 5266 Τουτέπιι

2304 5301 2364 5354 τὸ
2427 5298 2634 5354 τελειον
2697 5299 2861 5368 αὐτ-ἣν
2951 5298 3095 5376 ἔχειν
3157 5298 3442 5360 δείκνυσιν.
3501 5327 3527 5354 α
3559 5297 3766 5358 Ἥδιστα
3811 5285 3882 5344 οὖν

2306 5387 2518 5464 μᾶλλον
2548 5391 2923 5464 καυχήσομαι.
2958 5413 2985 5442 ››
3019 5392 3134 5446 Ἵνα
3193 5391 3270 5464 μὴ
3324 5389 3616 5464 νομίσωσιν
3671 5388 3886 5462 ὀλοφυρο·
