4106 6196
212 375 369 437 1069

1174 377 1581 440 couMEM.
1628 380 1704 440 lN
1753 353 2001 441 Episr.
2048 382 2102 442 η
2145 386 2251 443 Al)
2296 382 2665 444 0031mm.

3460 387 3617 447 1070

215 513 378 586 μὲνου
462 512 595 569 εἶναι
677 513 849 569 ταῦτα
918 512 984 568 τά
1072 481 1314 589 ῥήματα,
1393 514 1577 593 φησὶν.
1630 512 1860 573 Ἥδιστα

1997 518 2351 576 mbecillitas
2381 520 2574 592 arguit
2611 518 2715 575 Dei
2773 519 3120 591 potentiam,
3149 521 3458 593 ipsamque
3480 539 3617 595 per-

213 603 303 657 o'3v
365 601 581 675 μᾶλλον
635 607 1012 680 καυχήσομαι.
1054 628 1078 654 ιδ
1136 605 1234 660 Διά
1288 605 1384 674 τί;
1440 606 1587 675 ὅτιὴ
1622 606 1866 662 ἀσθένειά

217 713 343 764 μου,
376 694 461 748 καὶ
506 695 606 764 τὴν
663 698 761 749 τοῦ
822 698 959 750 Θεοὸ
1011 691 1245 750 δείκνυσι
1303 692 1555 768 δ·5ναμιν,
1616 697 1706 751 καὶ
1767 695 1864 767 ἐμὲ

214 780 595 857 λαμπρότερον
658 789 826 851 ποιεῖ,
889 781 1072 859 ὥσπερ
1128 781 1350 857 σίδηρον
1409 788 1690 856 στομοῦσα
1744 790 1861 846 τοῖς

216 867 504 946 διωγμοῖς,
538 871 664 928 ῶσεῖ
695 873 866 929 εἶ’πεν.
930 874 1069 946 Ἐγὼ
1102 875 1197 947 μὲν
1253 873 1317 929 τὸ
1375 873 1611 929 ἐναντίον
1664 875 1861 949 ᾕτοῦν,

216 957 342 1015 ἀλλ’
401 957 588 1030 ἐπε.δή
672 966 839 1017 ταῦτα
921 959 1131 1030 ’ἤκουσα
1188 961 1336 1037 παρά
1390 965 1544 1028 Θεοῦ,
1601 959 1864 1036 ἡδύτερον

213 1045 266 1102 ἐν
324 1056 446 1111 ταῖς
502 1048 800 1113 ἀσθενείαις
861 1052 1214 1126 καυχῶμασι.
1267 1076 1293 1103 ‹‹
1346 1052 1456 1107 Ἵνα
1512 1048 1859 1127 ἐπισκηνώσῃ

214 1135 297 1195 ἔπ’
380 1138 477 1213 ἐμὲ
532 1144 568 1211 ἡ
630 1140 859 1215 δύναμις
936 1147 1033 1197 τοῦ
1092 1142 1348 1217 Χριστώ.
1411 1166 1439 1193 ››
1525 1143 1676 1214 ’Ὁσῳ
1757 1143 1860 1216 γὰρ

214 1228 283 1283 τὰ
333 1234 440 1284 τῶν
522 1237 836 1306 πειρασμῶν
918 1230 1260 1299 ἐπιτείνεται,
1341 1231 1592 1304 τοσούτῳ
1663 1232 1732 1287 τά
1760 1237 1861 1301 τῆς

215 1318 445 1393 χάριτος
547 1317 779 1391 αὔξεται.
884 1322 1273 1396 Ἐπισκηνώσῃ
1312 1368 1325 1389 ,
1400 1319 1505 1392 ὅλη
1614 1319 1666 1376 ἐν
1744 1319 1863 1393 ὅλῳ

218 1411 522 1484 κατοικήσῃ
533 1453 545 1467 .

1974 608 2118 674 ficit,
2152 609 2210 663 id
2249 615 2356 671 est,
2393 608 2656 664 ostendit
2684 608 2875 680 ipsam
2930 610 3148 665 habere
3194 610 3618 683 perfectionem

1975 721 2001 746 ‹‹
2033 697 2449 753 Libentissime
2480 698 2659 770 igitur
2688 699 2883 770 potius
2909 699 3225 771 gloriabor.
3260 722 3287 750 ››
3320 700 3399 756 .\'e
3422 700 3622 771 deplo-

1972 788 2160 843 rantis
2191 804 2320 843 esse
2353 789 2478 843 hmo
2508 788 2685 844 verba
2716 790 3073 849 existiment.
3110 790 3218 845 ait:
3255 812 3282 839 ‹‹
3327 788 3620 845 Libentis-

1975 877 2123 933 sime
2154 878 2333 950 igitur
2358 878 2553 950 potius
2583 879 2899 950 gloriabor.
2939 904 2958 926 ι
2992 881 3181 945 Quare
3204 880 3232 934 ‘l
3297 878 3437 949 quia
3496 878 3617 933 im-

1972 966 2267 1023 becillitas
2300 984 2432 1023 mea
2460 974 2518 1023 et
2551 968 2650 1023 Dei
2698 967 2958 1025 ostendit
3015 969 3366 1041 potentiam,
3427 974 3486 1023 et
3527 983 3623 1023 me

1972 1055 2169 1110 reddit
2198 1057 2385 1128 magis
2416 1056 2736 1123 celebrem,
2771 1058 3057 1113 roborans
3085 1064 3366 1129 tanquam
3398 1057 3624 1112 ferrum

1973 1145 2255 1201 adversus
2285 1148 2750 1218 persecutiones,
2783 1163 2851 1202 ac
2883 1146 2930 1202 si
2959 1147 3208 1203 diceret:
3242 1148 3357 1219 Ego
3384 1145 3627 1218 quidem

1974 1235 2340 1292 contrarium
2361 1235 2662 1309 petebam,
2687 1235 2791 1291 sed
2816 1244 3130 1308 postquam
3156 1237 3280 1292 hmo
3310 1252 3345 1292 a
3381 1242 3492 1292 er
3515 1250 3629 1290 au-

1974 1325 2090 1379 divi
2117 1342 2130 1391 ;
2156 1325 2439 1381 libentius
2462 1326 2522 1380 in
2546 1326 2994 1381 infirmitatibus
3019 1326 3275 1400 glorior;
3301 1347 3329 1377 «
3353 1326 3424 1382 Ut
3452 1324 3623 1381 inha-

1975 1412 2123 1467 bitet
2152 1416 2214 1469 in
2249 1431 2340 1470 me
2371 1415 2640 1486 potentia
2668 1414 2905 1471 Christi.
2939 1436 2966 1465 »
3001 1415 3230 1481 Quanto
3274 1414 3434 1472 enim
3494 1420 3625 1471 ten-

218 1500 472 1557 tationes
503 1505 559 1555 et
588 1500 943 1558 afllictiones
975 1502 1159 1575 magis
1192 1501 1604 1569 intenduntur,
1640 1506 1799 1557 tanto
1830 1506 1890 1557 et
1917 1502 2131 1557 Christi
2163 1503 2427 1574 potentia
2480 1503 2667 1578 magis
2720 1510 2985 1577 augetur.
3046 1503 3458 1576 Ἐπισκηνώσῃ,
3512 1502 3626 1557 hoc

220 1594 329 1655 est,
364 1594 648 1660 tanquam
679 1588 741 1645 in
775 1590 1026 1646 tentorio
1052 1596 1338 1653 moretur,
1372 1590 1483 1645 hoc
1515 1594 1624 1658 est,
1656 1593 1780 1644 tota
1809 1588 1870 1645 in
1903 1594 2021 1645 toto
2050 1590 2360 1647 inhabitet.

290 1677 384 1731 Διὸ
438 1673 647 1732 εὐδοκῶ
703 1675 756 1732 ἐν
819 1676 1128 1750 ἀσθενείαις,
1187 1676 1240 1733 ἐν
1298 1672 1533 1753 ὕϐρεσιν,
1593 1676 1645 1732 ἐν
1704 1676 1870 1752 ἀνάγ-

216 1783 339 1825 καις
373 1808 386 1833 ,
444 1763 495 1820 ἐν
581 1761 854 1842 διωγμοῖς
890 1809 904 1834 ,
961 1766 1013 1821 ἐν
1069 1766 1462 1841 στενοχωρίαις
1540 1765 1672 1840 ὑπὲρ
1728 1766 1871 1839 Χρι-

220 1857 368 1910 στοῦ.
428 1854 597 1911 Ὅταν
681 1854 782 1929 γὰρ
839 1854 1068 1923 ἀσθενῶ,
1126 1855 1251 1911 τότε
1307 1852 1527 1918 δυνατὸς
1577 1853 1713 1927 εἶμι.
1772 1852 1864 1910 Γέ-

217 1962 348 2019 γονα
407 1940 590 2021 ἄφρων
673 1945 1047 2017 καυχώμενος,
1138 1945 1297 2015 ὑμεῖς
1386 1964 1453 2018 με
1508 1950 1871 2017 ἤναγκασατε.

220 2033 365 2109 Ἐγὼ
414 2035 512 2108 γὰρ
573 2028 809 2110 ὥξιιλον
893 2034 980 2109 ὑφ’
1066 2034 1219 2105 ὑμῶν
1284 2034 1647 2089 συνίστασθαι.
1699 2028 1869 2090 Οὐδὲν

224 2123 331 2196 γὰρ
435 2122 719 2196 ὖστήρησα
789 2125 897 2177 τῶν
978 2122 1114 2198 ὑπὲρ
1207 2120 1328 2177 λίαν
1402 2120 1748 2189 ἀποστόλων,
1826 2119 1872 2176 εἰ

222 2212 313 2267 καὶ
372 2210 525 2269 οὐδὲν
581 2213 720 2285 εἶμι.
807 2213 885 2268 Τὰ
972 2214 1066 2287 μὶν
1149 2219 1352 2286 σημεῖα
1414 2217 1513 2268 τοῦ
1562 2209 1872 2268 ἀποστόλου

222 2301 584 2377 κατειργάσθη
617 2302 669 2357 ἐν
730 2304 857 2375 ὑμῖν
889 2301 942 2358 ἐν
970 2304 1114 2377 πασῃ
1176 2303 1447 2376 ὑπομονῇ,
1507 2300 1558 2357 ἐν
1617 2300 1870 2375 σημείοις

218 2391 310 2446 καὶ
341 2389 527 2465 τέρασι
557 2391 649 2446 καὶ
682 2389 967 2464 δυνάμεσι.

228 2562 231 2563 ν
291 2573 429 2630 Εἶτα
455 2571 547 2628 ’ίνα
581 2575 657 2647 μή
688 2594 773 2629 τις
830 2592 1033 2647 νομισῃ
1091 2575 1421 2645 σωματικὴν
1479 2571 1748 2627 ἀσθένειαν
1778 2568 1867 2626 λέ-

214 2683 325 2736 γειν
357 2662 543 2730 αὐτὸν,
576 2662 700 2716 οἷον
746 2662 1001 2737 πυρετὸν,
1066 2662 1102 2730 ἢ
1159 2661 1342 2736 δτὶραν
1395 2659 1653 2738 περίοδον
1706 2664 1868 2732 νοσή-

222 2771 413 2825 ματος,
445 2753 632 2831 φησιν*
670 2775 695 2805 α
731 2753 817 2808 Ἐν
852 2746 1095 2826 ὕϐρεσιν,
1155 2751 1209 2807 ἐν
1266 2751 1541 2825 ἀνάγκαις,
1597 2750 1647 2806 ἰν
1708 2748 1872 2826 διωγ-

224 2846 374 2915 μοῖς,
428 2840 480 2895 iv
539 2845 930 2920 στενοχωρίαις
988 2840 1121 2915 ὑπὲρ
1177 2843 1434 2915 Χριστοῦ.
1468 2864 1498 2893 ››
1545 2844 1724 2896 Ταῦτα
1768 2840 1869 2916 γὰρ

221 2930 491 2986 ἀσθένειαν
536 2929 714 2989 καλεῖ.
776 2930 845 2985 Τὸ
912 2928 989 3001 δὲ,
1050 2927 1294 2999 Εὐδοκῶ,
1357 2929 1627 3003 ἐπιθυμῶ,
1687 2929 1870 3006 φησὶν,

222 3008 275 3075 ἓν
326 3022 547 3083 τούτοις
596 3020 731 3075 εἶναι
787 3021 879 3076 καὶ
941 3019 1322 3100 εὐφραίνομαι.
1383 3021 1562 3077 Ταῦτα
1611 3018 1700 3073 καὶ
1746 3018 1873 3079 τοὺς

226 3105 705 3183 ψευδαποστόλους
751 3110 1125 3184 καταισχύνει,
1159 3109 1248 3164 ἐπὶ
1276 3115 1393 3173 τοῖς
1447 3102 1711 3169 ἔναντίοις
1741 3127 1871 3161 καυ-

226 3199 660 3275 χωμένους,καὶ
692 3197 917 3260 τούτους
974 3200 1148 3254 πείθει
1213 3199 1288 3271 μή
1348 3197 1699 3272 αἰσχύνεσθαι
1756 3200 1872 3257 τοῖς

2052 1680 2205 1736 699
2236 1681 2354 1749 XII,
2391 1685 2580 1738 10-12.
2618 1704 2642 1734 α
2677 1683 3069 1749 Quamobrem
3104 1684 3308 1757 placeo
3358 1683 3505 1739 mihi
3564 1682 3626 1738 in

1987 1792 2011 1822 ι
2041 1770 2511 1838 infirmitatibus,
2546 1774 2607 1827 in
2640 1774 3108 1839 contumeliis,in
3138 1772 3637 1838 necessitatibus,

1978 1883 2005 1910 (ί
2030 1861 2091 1915 in
2111 1861 2663 1932 perfectionibus,in
2679 1862 3076 1920 anxietatibus
3098 1879 3203 1936 pro
3227 1863 3630 1920 Cbristo.CuIn

1987 1972 2015 1999 ι(
2049 1951 2206 2006 enim
2237 1950 2553 2007 imbecillis
2581 1968 2734 2021 sum,
2763 1959 2902 2008 tunc
2931 1953 3207 2010 robustus
3239 1970 3383 2008 sum.
3416 1953 3628 2010 Factus

1983 2062 2009 2088 ιι
2046 2056 2173 2095 sum
2209 2041 2499 2111 insipiens
2520 2041 2847 2114 gloriando.
2881 2058 2983 2097 vos
3016 2058 3107 2097 me
3136 2042 3431 2111 coegistis,
3485 2056 3627 2099 nam

1982 2150 2009 2178 α
2044 2145 2150 2202 ego
2181 2129 2499 2186 debueram
2532 2148 2566 2187 a
2597 2131 2757 2186 vobis
2788 2131 3211 2187 commendari.
3248 2131 3422 2187 Nulla
3468 2131 3627 2186 enim

1987 2239 2013 2270 ι
2042 2220 2104 2274 in
2136 2237 2202 2275 re
2231 2221 2313 2276 fui
2345 2221 2594 2278 inferior
2620 2223 2869 2278 summis
2899 2222 3207 2294 apostolis,
3246 2221 3480 2278 tametsi
3534 2220 3629 2275 ni-

1982 2331 2010 2358 ‹‹
2043 2307 2128 2363 hil
2160 2324 2312 2365 sum.
2348 2310 2521 2382 Signa
2551 2311 2794 2382 quidem
2825 2311 3076 2383 apostoli
3108 2316 3345 2383 peracta
3386 2311 3629 2367 fuerunt

1982 2397 2201 2452 «inter
2229 2415 2351 2468 vos,
2387 2415 2492 2470 per
2540 2416 2779 2456 omnem
2830 2400 3181 2472 patientiam
3228 2406 3287 2456 et
3345 2402 3514 2474 signa
3572 2403 3630 2456 et

1982 2507 2010 2534 «
2045 2487 2212 2558 signa
2242 2492 2302 2541 et
2322 2487 2591 2560 prodigia
2622 2505 2689 2545 ac
2720 2489 2877 2545 facta
2907 2490 3195 2561 potentia.
3233 2510 3257 2541 ν

2056 2576 2275 2631 Deinde
2295 2593 2372 2633 ne
2398 2578 2530 2649 quis
2550 2595 2682 2634 cum
2706 2578 2904 2636 dicere
2929 2580 3229 2635 existimet
3260 2579 3631 2651 corporalem

1980 2666 2413 2735 inﬁrmitatem,
2443 2675 2585 2740 puta
2614 2668 2840 2724 febrem
2867 2675 2983 2731 aut.
3018 2668 3203 2724 alium
3248 2668 3441 2723 morbi
3494 2683 3635 2722 cur-

1983 2772 2112 2811 sum
2138 2772 2205 2811 ac
2223 2757 2561 2825 circuitum,
2581 2756 2664 2811 ait
2690 2773 2703 2811 :
2730 2780 2756 2806 ‹‹
2783 2756 2847 2811 In
2879 2757 3279 2822 contumeliis,
3328 2756 3390 2811 in
3437 2772 3639 2813 neces-

1982 2845 2281 2912 sitatibus,
2318 2847 2378 2901 in
2413 2845 2950 2917 persecutionibus,
2986 2846 3047 2900 in
3071 2846 3471 2902 anxietatibus
3525 2862 3633 2918 pro

1981 2934 2235 2990 Christo.
2272 2957 2299 2983 »
2334 2936 2477 2989 Nam
2511 2935 2637 2989 hmc
2668 2942 2839 2990 vocat
2863 2934 3294 2991 inﬁrmitattm.
3321 2934 3486 3000 Quod
3529 2950 3641 2991 au-

1984 3029 2103 3077 tem
2128 3024 2209 3078 ait
2232 3019 2475 3087 ῐσῖὗδοκῶ,
2502 3024 2612 3078 hoc
2636 3029 2745 3090 est,
2770 3025 3126 3095 concupisco
3176 3029 3235 3080 et
3280 3024 3344 3080 in
3386 3024 3480 3079 his
3503 3039 3634 3080 esse

1983 3110 2373 3167 delector.His
2390 3117 2448 3166 et
2461 3111 2950 3183 pseudapostolos
2964 3113 3261 3185 pudefacit
3290 3113 3388 3185 qui
3407 3115 3467 3169 in
3488 3129 3637 3169 con-

1984 3201 2181 3257 trariis
2197 3200 2790 3273 gloriabantur,ethis
2802 3202 3092 3259 suadetne
3105 3204 3361 3277 magistri
3374 3202 3643 3258 afﬂictio-

225 3292 324 3344 τοῦ
388 3284 725 3344 διδασκᾶλου
810 3287 1022 3343 πάθεσι.
1114 3285 1353 3362 Λαμπρά
1406 3287 1507 3362 γὰρ
1555 3286 1727 3340 πάντα
1780 3283 1871 3339 καὶ

1989 3289 2510 3362 nibuspudeﬁant:
2543 3291 2746 3346 omnia
2785 3292 2944 3346 enim
2991 3291 3638 3363 hujusmodipraeclara

228 3373 364 3446 ἡδέα
390 3376 457 3432 τὰ
484 3380 731 3446 τοιαῦτα,
763 3378 1000 3452 Χριστὸν
1051 3373 1248 3451 ἔχοντα
1303 3379 1400 3429 τοῦ
1455 3374 1688 3449 πάσχείν
1744 3373 1877 3428 ὑπό-

228 3477 393 3531 θεσιν.
438 3492 464 3519 ιι
497 3467 664 3524 Ὅταν
691 3465 795 3541 γάρ
827 3465 1033 3529 ἀσθενῶ
1083 3488 1112 3517 ››
1142 3465 1309 3522 Ὅταν
1341 3463 1445 3541 γὲρ
1475 3458 1687 3534 ἐϐλήθη
1712 3460 1787 3525 εἴς
1813 3462 1878 3517 τὸ

228 3552 629 3632 δεσμωτήριον,
657 3555 783 3611 τότε
811 3556 880 3612 τά
913 3553 1140 3629 θεμίλια
1194 3554 1361 3611 αὐτοῦ
1415 3551 1750 3624 κλονηθῆναι
1782 3572 1881 3607 πε-

225 3647 477 3718 ποίηκεν·
525 3647 689 3704 Ὀταν
743 3648 1056 3719 ναυαγήσας
1114 3646 1190 3707 εἷς
1243 3646 1343 3713 τὴν
1404 3638 1685 3720 Βάρόαρον
1734 3641 1881 3719 ἐξερ-

229 3733 385 3814 ῥίφη,
411 3735 535 3791 τότε
592 3732 806 3809 μᾶλλον
866 3731 1150 3805 ἐδοξάσθη.
1192 3736 1319 3791 Ὀτε
1366 3734 1442 3796 εἰς
1500 3733 1563 3789 τὸ
1622 3729 1882 3804 δικαστή-

232 3843 348 3899 ριον
376 3823 601 3893 εἰσῆλθε
631 3821 937 3898 δεδεμένος,
966 3824 1090 3880 τότε
1121 3822 1359 3898 μᾶλιστα
1379 3823 1470 3878 καὶ
1500 3827 1597 3879 τοῦ
1627 3819 1882 3877 δικαστοῦ

230 3913 549 3991 περιγίγονε
628 3915 714 3971 καὶ
799 3921 907 3972 τῶν
995 3914 1341 3991 κατηγόρων.
1392 3916 1555 3990 Ὁρᾷς
1614 3914 1697 3971 ὅτι
1755 3913 1880 3969 ὅταν

235 4004 475 4075 ἠσθένει,
506 4006 780 4061 τουτέστιν
839 4005 892 4060 ἐν
950 4002 1223 4067 κινδύνοις
1280 4004 1347 4075 ἦν
1401 4003 1491 4060 καὶ
1549 3999 1733 4078 ὕϐρεσι
1794 4003 1884 4060 καὶ

237 4091 505 4171 πληγαῖς,
536 4095 660 4151 τότε
707 4091 949 4163 δυνατὸς,
997 4095 1064 4165 ἦν
1112 4096 1200 4150 καὶ
1262 4092 1566 4170 λαμπρός;
1627 4118 1656 4146 ‹‹
1687 4093 1888 4169 Γέγονα

236 4184 420 4261 ἄφρων
450 4184 836 4262 καυχώμενος.
870 4208 898 4235 ››
926 4184 992 4238 Ὢ
1028 4184 1520 4261 ταπεινοφροσύνης
1578 4177 1884 4255 ὑπερϐολή.

234 4274 318 4333 Τὰ
343 4274 491 4331 οὕτω
544 4271 820 4350 παράδοξα
876 4270 1130 4343 διελθὼν,
1188 4275 1263 4329 ὢν
1305 4274 1408 4329 οὐκ
1464 4275 1600 4342 ἦσαν
1661 4270 1800 4345 ἄξιαι
1832 4272 1888 4326 αἱ

230 4368 339 4419 τῶν
373 4364 677 4439 ἀνθρώπων
708 4363 890 4431 ἀκοαὶ,
924 4362 1130 4438 ἄφρονα
1186 4364 1374 4419 ἑαυτὸν
1434 4361 1615 4417 καλεῖ.
1680 4362 1802 4424 Πῶς
1831 4357 1889 4414 δὶ

232 4455 399 4525 ἡμεῖς
441 4475 499 4510 σε
556 4454 964 4531 ἠναγκάσαμεν,
1025 4451 1227 4509 ε’ἶποιεν
1258 4449 1368 4520 ὂίν;
1428 4453 1553 4509 Τῶν
1615 4447 1890 4525 ψευδαπο-

229 4543 442 4599 στόλων
486 4543 883 4624 καυχωμὲνων,
947 4543 1127 4620 φησίν.
1162 4544 1226 4600 Εί
1280 4542 1356 4615 μή
1391 4539 1715 4619 προσείχετε
1771 4544 1888 4601 τοῖς

1983 3379 2496 3439 suntetlasta.cum
2513 3381 2808 3437 Christum
2828 3381 3084 3437 habeant
3096 3398 3335 3439 causam
3353 3387 3409 3437 et
3425 3380 3639 3453 princi-

1983 3471 2143 3543 pium
2161 3470 2478 3542 patiendi.«
2496 3472 2635 3525 Cum
2653 3471 2809 3526 enim
2828 3471 3144 3527 imbecillis
3157 3488 3346 3527 sum.»
3358 3471 3500 3527 Nam
3518 3482 3649 3528 cum

1985 3560 2046 3615 in
2060 3576 2357 3616 carcerem
2377 3561 2680 3630 conjectus
2693 3566 2951 3625 est,tunc
2963 3561 3014 3632 ej
3026 3578 3092 3615 us
3106 3560 3493 3617 fundamenta
3506 3577 3640 3617 con-

1986 3651 2105 3706 cuti
2137 3649 2278 3706 fecit
2304 3647 2372 3702 ⁷⁷.
2405 3650 2650 3716 Quando
2681 3648 2833 3705 facto
2866 3649 3171 3722 naufragio
3198 3650 3260 3705 in
3315 3649 3634 3707 barbaram

1987 3739 2245 3796 insulam
2276 3740 2501 3810 ejectus
2532 3745 2643 3807 est,
2674 3746 2817 3797 tunc
2851 3740 3034 3811 magis
3064 3738 3426 3812 glorificatus
3454 3745 3543 3794 est
3563 3738 3631 3793 ⁷⁸.

1987 3828 2231 3895 Quando
2262 3829 2335 3884 ad
2361 3829 2621 3885 tribunal
2651 3830 2880 3884 vinctus
2911 3828 3182 3893 accessit,
3213 3833 3354 3882 tunc
3374 3827 3636 3882 maxime

1989 3918 2259 3990 superior
2280 3919 2482 3990 judice
2514 3924 2572 3974 et
2624 3916 3068 3974 accusatoribus
3100 3915 3400 3988 profectus
3444 3921 3536 3973 est
3562 3913 3632 3974 τ’.

1992 4008 2165 4064 Vides
2189 4007 2347 4079 quod
2368 4007 2509 4063 dum
2533 4005 2852 4063 imbecillis
2873 4011 2977 4061 aut
3021 4004 3294 4061 infirmus
3342 4010 3487 4076 erat,
3525 4005 3634 4062 hoc

1994 4086 2103 4165 est,
2135 4098 2198 4152 in
2228 4096 2532 4169 periculis,
2564 4096 2626 4150 in
2657 4094 3060 4160 contumeliis,
3110 4095 3172 4150 in
3233 4094 3442 4168 plagis,
3495 4101 3637 4152 tunc

1994 4193 2203 4258 potens
2225 4192 2351 4241 erat
2375 4191 2433 4240 et
2454 4184 2647 4240 clarus
2667 4183 2695 4238 7
2714 4206 2741 4234 «
2763 4183 2974 4240 Factus
2996 4199 3128 4241 sum
3179 4183 3471 4256 insipiens
3510 4184 3642 4257 glo-

1993 4275 2222 4330 riando.
2261 4297 2287 4324 »
2320 4276 2364 4330 Ο
2394 4274 2701 4329 modestia:
2731 4274 3102 4330 immensitas
3129 4273 3141 4327 !
3173 4288 3307 4329 cum
3339 4272 3486 4329 adeo
3544 4270 3644 4327 ad-

1995 4363 2272 4421 miranda
2296 4369 2615 4432 narrasset,
2652 4365 2868 4437 quibus
2910 4364 3186 4421 humanm
3216 4378 3391 4420 aures
3447 4359 3640 4435 dignm

1997 4471 2117 4510 non
2149 4461 2337 4520 erant,
2370 4455 2634 4526 seipsum
2661 4460 2827 4512 vocat
2879 4454 3280 4527 insipientem.
3333 4449 3641 4518 Quomodo

1999 4550 2197 4601 autem
2251 4562 2361 4601 nos
2417 4550 2475 4599 te
2532 4546 2852 4619 coegimus,
2914 4545 3130 4601 dixerit
3182 4542 3454 4616 aliquis?
3499 4541 3647 4598 Cum

229 4633 438 4689 τούτων
475 4634 669 4713 λόγοις
698 4636 786 4689 καὶ
824 4632 1162 4702 ἀπόλλυσθε,
1195 4632 1295 4688 οὐκ
1325 4630 1386 4687 ἄν
1418 4631 1492 4694 είς
1519 4636 1689 4688 ταῦτα
1718 4630 1875 4700 ἦλθοη

1997 4633 3233 4707 pseudapostoli,inquit.gloriarentur,nisi
3247 4649 3348 4689 vos
3359 4629 3646 4688 adhaesiso

231 4723 299 4777 τὰ
331 4722 570 4797 ῥήματα.
628 4724 788 4798 Ὁρᾶς
821 4722 903 4778 δτι
952 4724 1053 4792 τήν
1110 4721 1348 4797 ἀνάγκην
1405 4723 1502 4790 τῆς
1559 4722 1887 4795 καυχήσεως

238 4810 491 4881 ἰποίησεν
519 4815 553 4883 ὴ
584 4812 792 4868 τούτων
824 4811 1072 4869 ἀπώλεια
1106 4831 1119 4880 ;
1152 4811 1286 4889 μέγα
1336 4810 1438 4889 γὰρ
1472 4832 1521 4866 τι
1550 4811 1679 4874 τοὺς
1725 4805 1887 4884 ψευδ-

239 4898 582 4964 αποστόλους
638 4902 978 4976 ἡγούμενοι,
1036 4901 1165 4956 νόθα
1220 4913 1347 4973 παρ’
1396 4901 1573 4956 αὐτῶν
1628 4898 1718 4955 καὶ
1776 4896 1888 4954 διε-

241 4987 561 5062 στραμμένα
611 4984 812 5061 ἔμαθον
873 4986 1163 5064 δόγματα.
1196 5021 1264 5031 -—
1318 4985 1564 5051 Ἀλλως.
1627 5013 1654 5039 ι(
1690 4990 1888 5063 Γὲγονα

241 5074 449 5157 ἄφρων,
484 5101 512 5129 ››
558 5082 739 5133 Ταῦτα
795 5076 989 5149 εἰπὼν,
1050 5077 1238 5153 φησὶν.
1299 5076 1378 5134 Οὐ
1433 5077 1568 5130 κατά
1623 5076 1890 5153 ἀπόφασιν

241 5161 299 5220 δὲ
327 5171 488 5221 τοῦτο
516 5165 682 5241 λέγει,
714 5163 852 5241 (οἶδε
892 5166 992 5243 γὰρ
1049 5164 1231 5232 αὐτὸς,
1292 5161 1461 5237 μηδὲν
1522 5162 1754 5241 ἄφρονος
1812 5165 1887 5220 εἷο

239 5257 405 5324 πών,)
453 5255 601 5312 ἀλλά
654 5261 815 5313 τοῦτο
849 5300 865 5325 ,
926 5258 1114 5336 φησὶν,
1174 5256 1248 5318 ὡς
1306 5257 1422 5311 κατ’
1480 5253 1745 5331 ἐρώτησιν
1798 5255 1888 5310 καὶ

237 5345 574 5423 ἔπαπόρησιν
604 5349 740 5421 πρὸς
791 5348 1007 5417 αὐτοὺς,
1040 5348 1158 5401 οἷον
1210 5345 1313 5422 ἆρα
1365 5350 1534 5401 ταῦτα
1597 5342 1886 5415 διεξελθὼν

235 5432 420 5516 ἇιρρων
454 5437 581 5511 ὑμῖν
623 5431 778 5509 ἔδοξα
812 5456 825 5505 ;
883 5437 985 5493 Καὶ
1033 5434 1256 5504 τούτου,
1315 5435 1500 5515 φησῖν,
1534 5437 1571 5505 ἡ
1603 5432 1749 5491 αἰτία
1807 5434 1886 5497 εἷς

235 5523 376 5599 ὑμᾶς
433 5523 720 5606 ἀνατρὲχει
758 5570 771 5584 .
821 5526 989 5585 Αὐτοὶ
1066 5525 1167 5601 γὰρ
1229 5545 1295 5598 με
1343 5526 1705 5603 ἠναγκάσατε,
1757 5525 1883 5590 τοὺς

2002 4727 2142 4782 setis
2166 4726 2430 4799 ipsorum
2459 4726 2855 4792 sermonibus,
2889 4731 2945 4779 et
2970 4724 3647 4796 periretis,nequaquam

2000 4815 2073 4871 ad
2106 4817 2229 4871 hanc
2261 4815 2439 4871 verba
2469 4814 2860 4871 devenissem.
2894 4813 3073 4869 Vides
3091 4812 3251 4884 quod
3276 4809 3647 4886 gloriationis

2001 4905 2448 4960 necesssitatem
2476 4903 2685 4959 fecerit
2716 4904 2926 4958 horum
2959 4902 3213 4974 perditio
3233 4902 3261 4957 ‘i
3290 4902 3435 4958 Cum
3486 4898 3646 4956 enim

2000 4993 2490 5065 pseudapostolos
2547 5009 2823 5064 magnum
2881 4990 3108 5062 aliquid
3167 5007 3295 5046 esse
3338 4990 3647 5057 ducerent,

1999 5084 2334 5139 adulterina
2354 5100 2420 5138 ac
2444 5099 2719 5154 perversa
2741 5081 3050 5137 discebant
3065 5084 3137 5136 ab
3162 5081 3306 5152 ipsis
3348 5080 3644 5152 dogmata.

1999 5204 2064 5213 —
2096 5173 2216 5227 Alio
2246 5173 2423 5227 modo.
2460 5196 2485 5220 α
2526 5174 2732 5227 Factus
2764 5187 2894 5225 sum
2929 5171 3241 5241 insipiens.
3276 5171 3379 5234 ait,
3434 5193 3455 5221 ι
3521 5168 3648 5222 hanc

1999 5262 2266 5317 dicendo.
2305 5264 2427 5317 Non
2462 5268 2657 5317 autem
2695 5263 2805 5316 hoc
2836 5261 3194 5315 enuntiative
3259 5266 3315 5315 et
3364 5258 3647 5314 assertive

1998 5350 2177 5405 dicit:
2212 5352 2341 5422 Ipse
2375 5350 2533 5405 enim
2565 5357 2812 5405 noverat
2841 5366 2902 5405 se
2952 5348 3100 5404 nihil
3159 5349 3438 5421 en‘ugisse
3489 5344 3650 5417 quod

1998 5439 2285 5511 insipiens
2308 5446 2484 5507 esset,
2504 5439 2611 5495 sed
2639 5440 2751 5495 hoc
2775 5440 3228 5510 100tanquam
3263 5454 3370 5511 per
3399 5437 3656 5490 interro-

1996 5529 2292 5600 gationem
2354 5534 2456 5584 aut
2507 5528 2943 5584 dubitationem
3006 5528 3090 5583 ait
3147 5526 3219 5583 ad
3280 5526 3458 5589 illos;
3510 5536 3578 5576 ac
3602 5519 3652 5577 si

306 5727 353 5763 τ’
386 5733 510 5786 Act.
546 5746 651 5797 xiv,
680 5732 767 5783 26.
800 5727 843 5762 ⁷³
874 5732 997 5783 Act.
1036 5742 1199 5791 xxv",
1237 5728 1320 5781 14.
1354 5724 1401 5760 7°
1431 5728 1557 5784 Act.
1605 5744 1756 5798 τινι,
1788 5731 1822 5784 2
1861 5745 2028 5803 seqq.
