  <div class='ocr_page' id='page_1' title='image "/cluster/home/n/w/nwhite01/storage/ocr_20150623/118/hvd.32044073502247/541.png"; bbox 0 0 4106 6196; ppageno 0'>
   <div class='ocr_carea' id='block_1_1' title="bbox 583 322 738 383">
    <p class='ocr_par' dir='ltr' id='par_1_1' title="bbox 583 322 738 383">
     <span class='ocr_line' id='line_1_1' title="bbox 583 322 738 383; baseline -0.013 0"><span class='ocrx_word' id='word_1_1' title='bbox 583 322 738 383; x_wconf 78' lang='grc'>1071</span> 
     </span>
    </p>
   </div>
   <div class='ocr_carea' id='block_1_2' title="bbox 1697 318 2888 392">
    <p class='ocr_par' dir='ltr' id='par_1_2' title="bbox 1697 318 2888 392">
     <span class='ocr_line' id='line_1_2' title="bbox 1697 318 2888 392; baseline 0.001 -10"><span class='ocrx_word' id='word_1_2' title='bbox 1697 321 2120 392; x_wconf 72' lang='grc' dir='ltr'>(ΕΟΟΜΕΝΙΙ</span> <span class='ocrx_word' id='word_1_3' title='bbox 2165 318 2470 382; x_wconf 70' lang='grc' dir='ltr'>ΤΠῘΕΟΑΞ</span> <span class='ocrx_word' id='word_1_4' title='bbox 2517 323 2888 384; x_wconf 84' lang='lat' dir='ltr'>EPISCOPI.</span> 
     </span>
    </p>
   </div>
   <div class='ocr_carea' id='block_1_3' title="bbox 3774 334 3889 406">
    <p class='ocr_par' dir='ltr' id='par_1_3' title="bbox 3774 334 3889 406">
     <span class='ocr_line' id='line_1_3' title="bbox 3774 334 3889 406; baseline 0.009 -18"><span class='ocrx_word' id='word_1_5' title='bbox 3774 334 3889 406; x_wconf 75' lang='lat' dir='ltr'>tou</span> 
     </span>
    </p>
   </div>
   <div class='ocr_carea' id='block_1_4' title="bbox 583 448 2218 537">
    <p class='ocr_par' dir='ltr' id='par_1_4' title="bbox 583 452 2218 512">
     <span class='ocr_line' id='line_1_4' title="bbox 583 452 2218 512; baseline -0.002 0"><span class='ocrx_word' id='word_1_6' title='bbox 583 455 807 512; x_wconf 80' lang='lat' dir='ltr'>diceret</span> <span class='ocrx_word' id='word_1_7' title='bbox 840 471 852 508; x_wconf 91' lang='lat'><strong>:</strong></span> <span class='ocrx_word' id='word_1_8' title='bbox 886 455 1034 508; x_wconf 84' lang='lat' dir='ltr'>Num</span> <span class='ocrx_word' id='word_1_9' title='bbox 1064 452 1189 507; x_wconf 68' lang='lat' dir='ltr'>haec</span> <span class='ocrx_word' id='word_1_10' title='bbox 1222 452 1520 509; x_wconf 90' lang='lat' dir='ltr'>narrando</span> <span class='ocrx_word' id='word_1_11' title='bbox 1551 453 1710 510; x_wconf 91' lang='lat' dir='ltr'>visus</span> <span class='ocrx_word' id='word_1_12' title='bbox 1742 469 1871 511; x_wconf 90' lang='lat' dir='ltr'>sum</span> <span class='ocrx_word' id='word_1_13' title='bbox 1929 452 2092 510; x_wconf 83' lang='lat' dir='ltr'>vobis</span> <span class='ocrx_word' id='word_1_14' title='bbox 2133 453 2218 510; x_wconf 92' lang='lat' dir='ltr'>in-</span> 
     </span>
    </p>
   </div>
   <div class='ocr_carea' id='block_1_5' title="bbox 2325 448 3892 537">
    <p class='ocr_par' dir='ltr' id='par_1_5' title="bbox 2342 448 3892 537">
     <span class='ocr_line' id='line_1_5' title="bbox 2342 448 3892 537; baseline 0.006 -32"><span class='ocrx_word' id='word_1_15' title='bbox 2342 448 2819 524; x_wconf 77' lang='grc' dir='ltr'>ψευδαποστόλους</span> <span class='ocrx_word' id='word_1_16' title='bbox 2879 453 3264 528; x_wconf 73' lang='grc' dir='ltr'>οἰκειούμενοι.</span> <span class='ocrx_word' id='word_1_17' title='bbox 3331 478 3360 504; x_wconf 77' lang='grc' dir='ltr'>ι(</span> <span class='ocrx_word' id='word_1_18' title='bbox 3392 455 3531 529; x_wconf 84' lang='grc' dir='ltr'>Ἐγὼ</span> <span class='ocrx_word' id='word_1_19' title='bbox 3575 453 3665 532; x_wconf 68' lang='grc' dir='ltr'>γὰρ</span> <span class='ocrx_word' id='word_1_20' title='bbox 3711 455 3892 537; x_wconf 47' lang='lat' dir='ltr'>dissim</span> 
     </span>
    </p>
   </div>
   <div class='ocr_carea' id='block_1_6' title="bbox 585 542 2227 617">
    <p class='ocr_par' dir='ltr' id='par_1_6' title="bbox 585 542 2227 617">
     <span class='ocr_line' id='line_1_6' title="bbox 585 542 2227 617; baseline 0 -17"><span class='ocrx_word' id='word_1_21' title='bbox 585 542 848 617; x_wconf 81' lang='lat' dir='ltr'>sipiens?</span> <span class='ocrx_word' id='word_1_22' title='bbox 861 547 918 598; x_wconf 89' lang='lat' dir='ltr'>et</span> <span class='ocrx_word' id='word_1_23' title='bbox 934 542 1111 613; x_wconf 80' lang='lat' dir='ltr'>hujus</span> <span class='ocrx_word' id='word_1_24' title='bbox 1127 558 1325 609; x_wconf 89' lang='lat' dir='ltr'>causa,</span> <span class='ocrx_word' id='word_1_25' title='bbox 1346 542 1560 615; x_wconf 85' lang='lat' dir='ltr'>inquit,</span> <span class='ocrx_word' id='word_1_26' title='bbox 1573 543 1650 601; x_wconf 85' lang='lat' dir='ltr'>ad</span> <span class='ocrx_word' id='word_1_27' title='bbox 1665 561 1764 600; x_wconf 88' lang='lat' dir='ltr'>vos</span> <span class='ocrx_word' id='word_1_28' title='bbox 1804 544 2093 610; x_wconf 82' lang='lat' dir='ltr'>recurrit;</span> <span class='ocrx_word' id='word_1_29' title='bbox 2126 561 2227 600; x_wconf 90' lang='lat' dir='ltr'>vos</span> 
     </span>
    </p>
   </div>
   <div class='ocr_carea' id='block_1_7' title="bbox 581 632 2230 705">
    <p class='ocr_par' dir='ltr' id='par_1_7' title="bbox 581 632 2230 705">
     <span class='ocr_line' id='line_1_7' title="bbox 581 632 2230 705; baseline 0 -18"><span class='ocrx_word' id='word_1_30' title='bbox 581 633 740 687; x_wconf 88' lang='lat' dir='ltr'>enim</span> <span class='ocrx_word' id='word_1_31' title='bbox 773 647 864 686; x_wconf 89' lang='lat' dir='ltr'>me</span> <span class='ocrx_word' id='word_1_32' title='bbox 897 632 1193 704; x_wconf 85' lang='lat' dir='ltr'>coegistis,</span> <span class='ocrx_word' id='word_1_33' title='bbox 1228 632 1702 705; x_wconf 89' lang='lat' dir='ltr'>pseudapostolis</span> <span class='ocrx_word' id='word_1_34' title='bbox 1727 651 1823 689; x_wconf 88' lang='lat' dir='ltr'>vos</span> <span class='ocrx_word' id='word_1_35' title='bbox 1853 633 2230 689; x_wconf 84' lang='lat' dir='ltr'>familiariter</span> 
     </span>
    </p>
   </div>
   <div class='ocr_carea' id='block_1_8' title="bbox 582 721 2222 794">
    <p class='ocr_par' dir='ltr' id='par_1_8' title="bbox 582 721 2222 794">
     <span class='ocr_line' id='line_1_8' title="bbox 582 721 2222 794; baseline 0.001 -18"><span class='ocrx_word' id='word_1_36' title='bbox 582 721 980 794; x_wconf 57' lang='lat' dir='ltr'>adiungendo.</span> <span class='ocrx_word' id='word_1_37' title='bbox 1016 745 1042 772; x_wconf 88' lang='lat'>«</span> <span class='ocrx_word' id='word_1_38' title='bbox 1076 722 1221 777; x_wconf 85' lang='lat' dir='ltr'>Nam</span> <span class='ocrx_word' id='word_1_39' title='bbox 1257 738 1358 794; x_wconf 84' lang='lat' dir='ltr'>ego</span> <span class='ocrx_word' id='word_1_40' title='bbox 1392 722 1712 779; x_wconf 80' lang='lat' dir='ltr'>debueram</span> <span class='ocrx_word' id='word_1_41' title='bbox 1773 741 1807 780; x_wconf 92' lang='lat' dir='ltr'>a</span> <span class='ocrx_word' id='word_1_42' title='bbox 1863 724 2028 778; x_wconf 80' lang='lat' dir='ltr'>vobis</span> <span class='ocrx_word' id='word_1_43' title='bbox 2059 740 2222 779; x_wconf 91' lang='lat' dir='ltr'>com-</span> 
     </span>
    </p>
   </div>
   <div class='ocr_carea' id='block_1_9' title="bbox 577 812 2225 884">
    <p class='ocr_par' dir='ltr' id='par_1_9' title="bbox 577 812 2225 884">
     <span class='ocr_line' id='line_1_9' title="bbox 577 812 2225 884; baseline 0 -17"><span class='ocrx_word' id='word_1_44' title='bbox 577 813 868 868; x_wconf 89' lang='lat' dir='ltr'>mendari.</span> <span class='ocrx_word' id='word_1_45' title='bbox 901 835 928 860; x_wconf 85' lang='grc'>››</span> <span class='ocrx_word' id='word_1_46' title='bbox 964 812 1076 866; x_wconf 89' lang='lat' dir='ltr'>Vos</span> <span class='ocrx_word' id='word_1_47' title='bbox 1100 813 1259 868; x_wconf 90' lang='lat' dir='ltr'>enim</span> <span class='ocrx_word' id='word_1_48' title='bbox 1318 813 1579 884; x_wconf 82' lang='lat' dir='ltr'>oportuit</span> <span class='ocrx_word' id='word_1_49' title='bbox 1636 819 1870 869; x_wconf 88' lang='lat' dir='ltr'>nostros</span> <span class='ocrx_word' id='word_1_50' title='bbox 1927 813 2225 869; x_wconf 87' lang='lat' dir='ltr'>vindicare</span> 
     </span>
    </p>
   </div>
   <div class='ocr_carea' id='block_1_10' title="bbox 577 902 2224 974">
    <p class='ocr_par' dir='ltr' id='par_1_10' title="bbox 577 902 2224 974">
     <span class='ocr_line' id='line_1_10' title="bbox 577 902 2224 974; baseline 0.001 -18"><span class='ocrx_word' id='word_1_51' title='bbox 577 917 901 963; x_wconf 72' lang='lat' dir='ltr'>sermones,</span> <span class='ocrx_word' id='word_1_52' title='bbox 937 908 996 958; x_wconf 91' lang='lat' dir='ltr'>et</span> <span class='ocrx_word' id='word_1_53' title='bbox 1044 902 1390 974; x_wconf 81' lang='lat' dir='ltr'>Opiniones:</span> <span class='ocrx_word' id='word_1_54' title='bbox 1431 903 1780 974; x_wconf 89' lang='lat' dir='ltr'>cumitaque</span> <span class='ocrx_word' id='word_1_55' title='bbox 1813 903 1930 958; x_wconf 90' lang='lat' dir='ltr'>illis</span> <span class='ocrx_word' id='word_1_56' title='bbox 1962 903 2224 958; x_wconf 56' lang='lat' dir='ltr'>adhaere-</span> 
     </span>
    </p>
   </div>
   <div class='ocr_carea' id='block_1_11' title="bbox 575 991 2221 1055">
    <p class='ocr_par' dir='ltr' id='par_1_11' title="bbox 575 991 2221 1055">
     <span class='ocr_line' id='line_1_11' title="bbox 575 991 2221 1055; baseline 0.001 -9"><span class='ocrx_word' id='word_1_57' title='bbox 575 991 741 1055; x_wconf 85' lang='lat' dir='ltr'>retis,</span> <span class='ocrx_word' id='word_1_58' title='bbox 774 997 1013 1046; x_wconf 87' lang='lat' dir='ltr'>coactus</span> <span class='ocrx_word' id='word_1_59' title='bbox 1045 1008 1174 1046; x_wconf 90' lang='lat' dir='ltr'>sum</span> <span class='ocrx_word' id='word_1_60' title='bbox 1207 993 1276 1046; x_wconf 83' lang='lat' dir='ltr'>ad</span> <span class='ocrx_word' id='word_1_61' title='bbox 1313 993 1419 1047; x_wconf 91' lang='lat' dir='ltr'>hos</span> <span class='ocrx_word' id='word_1_62' title='bbox 1479 992 1838 1048; x_wconf 71' lang='lat' dir='ltr'>descendere</span> <span class='ocrx_word' id='word_1_63' title='bbox 1897 1009 2221 1048; x_wconf 89' lang='lat' dir='ltr'>sermones.</span> 
     </span>
    </p>
   </div>
   <div class='ocr_carea' id='block_1_12' title="bbox 575 1080 2222 1155">
    <p class='ocr_par' dir='ltr' id='par_1_12' title="bbox 575 1080 2222 1155">
     <span class='ocr_line' id='line_1_12' title="bbox 575 1080 2222 1155; baseline 0 -19"><span class='ocrx_word' id='word_1_64' title='bbox 575 1104 603 1131; x_wconf 86' lang='grc'>‹‹</span> <span class='ocrx_word' id='word_1_65' title='bbox 639 1080 805 1138; x_wconf 72' lang='lat' dir='ltr'>Nulla</span> <span class='ocrx_word' id='word_1_66' title='bbox 836 1083 996 1138; x_wconf 90' lang='lat' dir='ltr'>enim</span> <span class='ocrx_word' id='word_1_67' title='bbox 1030 1081 1090 1135; x_wconf 89' lang='lat' dir='ltr'>in</span> <span class='ocrx_word' id='word_1_68' title='bbox 1121 1099 1183 1136; x_wconf 91' lang='lat' dir='ltr'>re</span> <span class='ocrx_word' id='word_1_69' title='bbox 1219 1082 1466 1138; x_wconf 89' lang='lat' dir='ltr'>inferior</span> <span class='ocrx_word' id='word_1_70' title='bbox 1517 1082 1624 1138; x_wconf 90' lang='lat' dir='ltr'>fui.</span> <span class='ocrx_word' id='word_1_71' title='bbox 1681 1106 1708 1131; x_wconf 86' lang='grc'>››</span> <span class='ocrx_word' id='word_1_72' title='bbox 1761 1081 2044 1155; x_wconf 88' lang='lat' dir='ltr'>Superius</span> <span class='ocrx_word' id='word_1_73' title='bbox 2093 1083 2176 1137; x_wconf 85' lang='lat' dir='ltr'>ait</span> <span class='ocrx_word' id='word_1_74' title='bbox 2209 1097 2222 1136; x_wconf 87' lang='lat'>:</span> 
     </span>
    </p>
   </div>
   <div class='ocr_carea' id='block_1_13' title="bbox 575 1170 2224 1238">
    <p class='ocr_par' dir='ltr' id='par_1_13' title="bbox 575 1170 2224 1238">
     <span class='ocr_line' id='line_1_13' title="bbox 575 1170 2224 1238; baseline 0.004 -18"><span class='ocrx_word' id='word_1_75' title='bbox 575 1193 605 1220; x_wconf 84' lang='lat'><strong>«</strong></span> <span class='ocrx_word' id='word_1_76' title='bbox 639 1170 910 1226; x_wconf 81' lang='lat' dir='ltr'>Arbitror</span> <span class='ocrx_word' id='word_1_77' title='bbox 943 1187 1036 1226; x_wconf 87' lang='lat' dir='ltr'>me</span> <span class='ocrx_word' id='word_1_78' title='bbox 1069 1171 1258 1226; x_wconf 90' lang='lat' dir='ltr'>nihilo</span> <span class='ocrx_word' id='word_1_79' title='bbox 1293 1171 1636 1227; x_wconf 87' lang='lat' dir='ltr'>inferiorem</span> <span class='ocrx_word' id='word_1_80' title='bbox 1693 1171 1914 1238; x_wconf 86' lang='lat' dir='ltr'>fuisse;</span> <span class='ocrx_word' id='word_1_81' title='bbox 1975 1191 1999 1221; x_wconf 73' lang='grc' dir='ltr'>ιι</span> <span class='ocrx_word' id='word_1_82' title='bbox 2066 1187 2224 1226; x_wconf 90' lang='lat' dir='ltr'>nunc</span> 
     </span>
    </p>
   </div>
   <div class='ocr_carea' id='block_1_14' title="bbox 576 1257 2222 1329">
    <p class='ocr_par' dir='ltr' id='par_1_14' title="bbox 576 1257 2222 1329">
     <span class='ocr_line' id='line_1_14' title="bbox 576 1257 2222 1329; baseline 0.001 -17"><span class='ocrx_word' id='word_1_83' title='bbox 576 1263 774 1313; x_wconf 85' lang='lat' dir='ltr'>autem</span> <span class='ocrx_word' id='word_1_84' title='bbox 806 1257 1180 1329; x_wconf 81' lang='lat' dir='ltr'>affirmando,</span> <span class='ocrx_word' id='word_1_85' title='bbox 1215 1259 1358 1314; x_wconf 90' lang='lat' dir='ltr'>dicit</span> <span class='ocrx_word' id='word_1_86' title='bbox 1392 1276 1404 1313; x_wconf 88' lang='lat'>:</span> <span class='ocrx_word' id='word_1_87' title='bbox 1439 1282 1465 1309; x_wconf 90' lang='lat'><strong>«</strong></span> <span class='ocrx_word' id='word_1_88' title='bbox 1501 1259 1670 1314; x_wconf 86' lang='lat' dir='ltr'>Nulla</span> <span class='ocrx_word' id='word_1_89' title='bbox 1700 1259 1760 1314; x_wconf 88' lang='lat' dir='ltr'>in</span> <span class='ocrx_word' id='word_1_90' title='bbox 1819 1275 1882 1314; x_wconf 89' lang='lat' dir='ltr'>re</span> <span class='ocrx_word' id='word_1_91' title='bbox 1937 1259 2021 1315; x_wconf 90' lang='lat' dir='ltr'>fui</span> <span class='ocrx_word' id='word_1_92' title='bbox 2072 1259 2222 1314; x_wconf 85' lang='lat' dir='ltr'>infe-</span> 
     </span>
    </p>
   </div>
   <div class='ocr_carea' id='block_1_15' title="bbox 576 1346 2221 1420">
    <p class='ocr_par' dir='ltr' id='par_1_15' title="bbox 576 1346 2221 1420">
     <span class='ocr_line' id='line_1_15' title="bbox 576 1346 2221 1420; baseline 0.001 -19"><span class='ocrx_word' id='word_1_93' title='bbox 576 1346 734 1414; x_wconf 89' lang='lat' dir='ltr'>rior;</span> <span class='ocrx_word' id='word_1_94' title='bbox 771 1370 796 1395; x_wconf 81' lang='grc'>››</span> <span class='ocrx_word' id='word_1_95' title='bbox 827 1353 932 1403; x_wconf 89' lang='lat' dir='ltr'>aut</span> <span class='ocrx_word' id='word_1_96' title='bbox 961 1347 1282 1415; x_wconf 86' lang='lat' dir='ltr'>defeci,seu</span> <span class='ocrx_word' id='word_1_97' title='bbox 1305 1348 1495 1404; x_wconf 85' lang='lat' dir='ltr'>factus</span> <span class='ocrx_word' id='word_1_98' title='bbox 1519 1365 1646 1404; x_wconf 90' lang='lat' dir='ltr'>sum</span> <span class='ocrx_word' id='word_1_99' title='bbox 1682 1349 1994 1420; x_wconf 89' lang='lat' dir='ltr'>posterior,</span> <span class='ocrx_word' id='word_1_100' title='bbox 2051 1349 2221 1403; x_wconf 88' lang='lat' dir='ltr'>Petro</span> 
     </span>
    </p>
   </div>
   <div class='ocr_carea' id='block_1_16' title="bbox 574 1438 2219 1511">
    <p class='ocr_par' dir='ltr' id='par_1_16' title="bbox 574 1438 2219 1511">
     <span class='ocr_line' id='line_1_16' title="bbox 574 1438 2219 1511; baseline 0 -18"><span class='ocrx_word' id='word_1_101' title='bbox 574 1454 642 1493; x_wconf 89' lang='lat' dir='ltr'>ac</span> <span class='ocrx_word' id='word_1_102' title='bbox 664 1439 913 1494; x_wconf 81' lang='lat' dir='ltr'>caeteris.</span> <span class='ocrx_word' id='word_1_103' title='bbox 951 1438 1290 1510; x_wconf 85' lang='lat' dir='ltr'>Opportune</span> <span class='ocrx_word' id='word_1_104' title='bbox 1322 1446 1516 1495; x_wconf 88' lang='lat' dir='ltr'>autem</span> <span class='ocrx_word' id='word_1_105' title='bbox 1570 1441 1727 1495; x_wconf 87' lang='lat' dir='ltr'>venit</span> <span class='ocrx_word' id='word_1_106' title='bbox 1775 1439 1847 1494; x_wconf 92' lang='lat' dir='ltr'>ad</span> <span class='ocrx_word' id='word_1_107' title='bbox 1900 1439 2219 1511; x_wconf 85' lang='lat' dir='ltr'>apostolos,</span> 
     </span>
    </p>
   </div>
   <div class='ocr_carea' id='block_1_17' title="bbox 577 1528 2223 1601">
    <p class='ocr_par' dir='ltr' id='par_1_17' title="bbox 577 1528 2223 1601">
     <span class='ocr_line' id='line_1_17' title="bbox 577 1528 2223 1601; baseline 0 -19"><span class='ocrx_word' id='word_1_108' title='bbox 577 1528 746 1599; x_wconf 86' lang='lat' dir='ltr'>quasi</span> <span class='ocrx_word' id='word_1_109' title='bbox 780 1528 938 1584; x_wconf 88' lang='lat' dir='ltr'>dicat</span> <span class='ocrx_word' id='word_1_110' title='bbox 972 1543 982 1582; x_wconf 93' lang='lat'>:</span> <span class='ocrx_word' id='word_1_111' title='bbox 1014 1529 1138 1583; x_wconf 82' lang='lat' dir='ltr'>Non</span> <span class='ocrx_word' id='word_1_112' title='bbox 1171 1529 1364 1585; x_wconf 91' lang='lat' dir='ltr'>solum</span> <span class='ocrx_word' id='word_1_113' title='bbox 1397 1529 1876 1601; x_wconf 90' lang='lat' dir='ltr'>pseudapostolis</span> <span class='ocrx_word' id='word_1_114' title='bbox 1910 1545 2039 1584; x_wconf 89' lang='lat' dir='ltr'>sum</span> <span class='ocrx_word' id='word_1_115' title='bbox 2081 1545 2223 1600; x_wconf 65' lang='lat' dir='ltr'>pra:-</span> 
     </span>
    </p>
   </div>
   <div class='ocr_carea' id='block_1_18' title="bbox 576 1617 2219 1690">
    <p class='ocr_par' dir='ltr' id='par_1_18' title="bbox 576 1617 2219 1690">
     <span class='ocr_line' id='line_1_18' title="bbox 576 1617 2219 1690; baseline -0.001 -18"><span class='ocrx_word' id='word_1_116' title='bbox 576 1617 848 1688; x_wconf 84' lang='lat' dir='ltr'>stantior,</span> <span class='ocrx_word' id='word_1_117' title='bbox 883 1618 986 1674; x_wconf 89' lang='lat' dir='ltr'>sed</span> <span class='ocrx_word' id='word_1_118' title='bbox 1015 1624 1072 1673; x_wconf 92' lang='lat' dir='ltr'>et</span> <span class='ocrx_word' id='word_1_119' title='bbox 1102 1618 1388 1689; x_wconf 88' lang='lat' dir='ltr'>apostolis</span> <span class='ocrx_word' id='word_1_120' title='bbox 1421 1636 1550 1675; x_wconf 87' lang='lat' dir='ltr'>sum</span> <span class='ocrx_word' id='word_1_121' title='bbox 1584 1618 1850 1690; x_wconf 66' lang='lat' dir='ltr'>aequalis.</span> <span class='ocrx_word' id='word_1_122' title='bbox 1885 1642 1904 1667; x_wconf 75' lang='grc' dir='ltr'>ι</span> <span class='ocrx_word' id='word_1_123' title='bbox 1965 1617 2219 1673; x_wconf 84' lang='lat' dir='ltr'>Tametsi</span> 
     </span>
    </p>
   </div>
   <div class='ocr_carea' id='block_1_19' title="bbox 574 1695 2222 1782">
    <p class='ocr_par' dir='ltr' id='par_1_19' title="bbox 574 1695 2222 1782">
     <span class='ocr_line' id='line_1_19' title="bbox 574 1695 2222 1782; baseline 0.001 -21"><span class='ocrx_word' id='word_1_124' title='bbox 574 1695 724 1762; x_wconf 85' lang='lat' dir='ltr'>nihil</span> <span class='ocrx_word' id='word_1_125' title='bbox 757 1724 906 1762; x_wconf 91' lang='lat' dir='ltr'>sum.</span> <span class='ocrx_word' id='word_1_126' title='bbox 943 1730 970 1758; x_wconf 69' lang='grc' dir='ltr'>υ</span> <span class='ocrx_word' id='word_1_127' title='bbox 1022 1709 1326 1779; x_wconf 85' lang='lat' dir='ltr'>Tanquam</span> <span class='ocrx_word' id='word_1_128' title='bbox 1387 1725 1664 1782; x_wconf 86' lang='lat' dir='ltr'>magnum</span> <span class='ocrx_word' id='word_1_129' title='bbox 1721 1708 1951 1780; x_wconf 91' lang='lat' dir='ltr'>aliquid</span> <span class='ocrx_word' id='word_1_130' title='bbox 2008 1707 2222 1764; x_wconf 85' lang='lat' dir='ltr'>dixerit</span> 
     </span>
    </p>
   </div>
   <div class='ocr_carea' id='block_1_20' title="bbox 575 1796 2220 1873">
    <p class='ocr_par' dir='ltr' id='par_1_20' title="bbox 575 1796 2220 1873">
     <span class='ocr_line' id='line_1_20' title="bbox 575 1796 2220 1873; baseline 0.001 -21"><span class='ocrx_word' id='word_1_131' title='bbox 575 1796 735 1868; x_wconf 89' lang='lat' dir='ltr'>quod</span> <span class='ocrx_word' id='word_1_132' title='bbox 768 1813 903 1854; x_wconf 90' lang='lat' dir='ltr'>suas</span> <span class='ocrx_word' id='word_1_133' title='bbox 939 1798 1182 1854; x_wconf 83' lang='lat' dir='ltr'>excedat</span> <span class='ocrx_word' id='word_1_134' title='bbox 1212 1798 1383 1865; x_wconf 90' lang='lat' dir='ltr'>vires,</span> <span class='ocrx_word' id='word_1_135' title='bbox 1409 1799 1650 1873; x_wconf 78' lang='lat' dir='ltr'>corrigit</span> <span class='ocrx_word' id='word_1_136' title='bbox 1698 1798 1865 1855; x_wconf 92' lang='lat' dir='ltr'>illud.</span> <span class='ocrx_word' id='word_1_137' title='bbox 1918 1801 2043 1855; x_wconf 85' lang='lat' dir='ltr'>Non</span> <span class='ocrx_word' id='word_1_138' title='bbox 2073 1799 2220 1853; x_wconf 86' lang='lat' dir='ltr'>dixit</span> 
     </span>
    </p>
   </div>
   <div class='ocr_carea' id='block_1_21' title="bbox 575 1887 2221 1960">
    <p class='ocr_par' dir='ltr' id='par_1_21' title="bbox 575 1887 2221 1960">
     <span class='ocr_line' id='line_1_21' title="bbox 575 1887 2221 1960; baseline 0 -18"><span class='ocrx_word' id='word_1_139' title='bbox 575 1893 772 1942; x_wconf 88' lang='lat' dir='ltr'>autem</span> <span class='ocrx_word' id='word_1_140' title='bbox 808 1904 820 1940; x_wconf 91' lang='lat'>:</span> <span class='ocrx_word' id='word_1_141' title='bbox 855 1887 1136 1959; x_wconf 84' lang='lat' dir='ltr'>Abjectus</span> <span class='ocrx_word' id='word_1_142' title='bbox 1167 1905 1320 1954; x_wconf 91' lang='lat' dir='ltr'>sum,</span> <span class='ocrx_word' id='word_1_143' title='bbox 1371 1889 1474 1944; x_wconf 90' lang='lat' dir='ltr'>sed</span> <span class='ocrx_word' id='word_1_144' title='bbox 1527 1887 1684 1960; x_wconf 91' lang='lat' dir='ltr'>quod</span> <span class='ocrx_word' id='word_1_145' title='bbox 1737 1888 1920 1944; x_wconf 90' lang='lat' dir='ltr'>multo</span> <span class='ocrx_word' id='word_1_146' title='bbox 1973 1887 2221 1943; x_wconf 89' lang='lat' dir='ltr'>inferius</span> 
     </span>
    </p>
   </div>
   <div class='ocr_carea' id='block_1_22' title="bbox 575 1976 2216 2049">
    <p class='ocr_par' dir='ltr' id='par_1_22' title="bbox 575 1976 2216 2049">
     <span class='ocr_line' id='line_1_22' title="bbox 575 1976 2216 2049; baseline -0.001 -17"><span class='ocrx_word' id='word_1_147' title='bbox 575 1982 682 2043; x_wconf 88' lang='lat' dir='ltr'>est,</span> <span class='ocrx_word' id='word_1_148' title='bbox 714 1999 741 2027; x_wconf 88' lang='grc'>‹‹</span> <span class='ocrx_word' id='word_1_149' title='bbox 772 1976 931 2031; x_wconf 89' lang='lat' dir='ltr'>Nihil</span> <span class='ocrx_word' id='word_1_150' title='bbox 955 1993 1106 2033; x_wconf 90' lang='lat' dir='ltr'>sum.</span> <span class='ocrx_word' id='word_1_151' title='bbox 1151 1999 1178 2028; x_wconf 89' lang='grc'><strong>››</strong></span> <span class='ocrx_word' id='word_1_152' title='bbox 1211 1979 1295 2034; x_wconf 91' lang='lat' dir='ltr'>Tu</span> <span class='ocrx_word' id='word_1_153' title='bbox 1326 1995 1480 2045; x_wconf 73' lang='lat' dir='ltr'>vero,</span> <span class='ocrx_word' id='word_1_154' title='bbox 1519 1978 1734 2049; x_wconf 89' lang='lat' dir='ltr'>inquit,</span> <span class='ocrx_word' id='word_1_155' title='bbox 1793 1994 1866 2033; x_wconf 92' lang='lat' dir='ltr'>ne</span> <span class='ocrx_word' id='word_1_156' title='bbox 1928 1977 2216 2034; x_wconf 88' lang='lat' dir='ltr'>intuearis</span> 
     </span>
    </p>
   </div>
   <div class='ocr_carea' id='block_1_23' title="bbox 573 2066 2222 2130">
    <p class='ocr_par' dir='ltr' id='par_1_23' title="bbox 573 2066 2222 2130">
     <span class='ocr_line' id='line_1_23' title="bbox 573 2066 2222 2130; baseline 0.001 -10"><span class='ocrx_word' id='word_1_157' title='bbox 573 2066 707 2130; x_wconf 91' lang='lat' dir='ltr'>hoc,</span> <span class='ocrx_word' id='word_1_158' title='bbox 743 2067 790 2121; x_wconf 90' lang='lat' dir='ltr'>si</span> <span class='ocrx_word' id='word_1_159' title='bbox 822 2067 972 2121; x_wconf 90' lang='lat' dir='ltr'>nihil</span> <span class='ocrx_word' id='word_1_160' title='bbox 1006 2083 1174 2122; x_wconf 89' lang='lat' dir='ltr'>sum:</span> <span class='ocrx_word' id='word_1_161' title='bbox 1227 2067 1330 2121; x_wconf 90' lang='lat' dir='ltr'>sed</span> <span class='ocrx_word' id='word_1_162' title='bbox 1379 2067 1489 2122; x_wconf 92' lang='lat' dir='ltr'>hoc</span> <span class='ocrx_word' id='word_1_163' title='bbox 1535 2066 1797 2128; x_wconf 86' lang='lat' dir='ltr'>adverte.</span> <span class='ocrx_word' id='word_1_164' title='bbox 1831 2083 1987 2122; x_wconf 85' lang='lat' dir='ltr'>anne</span> <span class='ocrx_word' id='word_1_165' title='bbox 2020 2067 2222 2122; x_wconf 88' lang='lat' dir='ltr'>omnia</span> 
     </span>
    </p>
   </div>
   <div class='ocr_carea' id='block_1_24' title="bbox 573 2157 2223 2230">
    <p class='ocr_par' dir='ltr' id='par_1_24' title="bbox 573 2157 2223 2230">
     <span class='ocr_line' id='line_1_24' title="bbox 573 2157 2223 2230; baseline 0 -18"><span class='ocrx_word' id='word_1_166' title='bbox 573 2158 927 2229; x_wconf 89' lang='lat' dir='ltr'>perfecerim</span> <span class='ocrx_word' id='word_1_167' title='bbox 951 2174 1320 2228; x_wconf 59' lang='lat' dir='ltr'>quaecunque</span> <span class='ocrx_word' id='word_1_168' title='bbox 1349 2158 1693 2230; x_wconf 83' lang='lat' dir='ltr'>Apostolum</span> <span class='ocrx_word' id='word_1_169' title='bbox 1719 2157 2034 2227; x_wconf 79' lang='lat' dir='ltr'>designant</span> <span class='ocrx_word' id='word_1_170' title='bbox 2052 2164 2110 2213; x_wconf 88' lang='lat' dir='ltr'>et</span> <span class='ocrx_word' id='word_1_171' title='bbox 2138 2157 2223 2212; x_wconf 87' lang='lat' dir='ltr'>in-</span> 
     </span>
    </p>
   </div>
   <div class='ocr_carea' id='block_1_25' title="bbox 577 2247 2220 2322">
    <p class='ocr_par' dir='ltr' id='par_1_25' title="bbox 577 2247 2220 2322">
     <span class='ocr_line' id='line_1_25' title="bbox 577 2247 2220 2322; baseline 0.001 -21"><span class='ocrx_word' id='word_1_172' title='bbox 577 2247 859 2321; x_wconf 86' lang='lat' dir='ltr'>signiunt.</span> <span class='ocrx_word' id='word_1_173' title='bbox 893 2271 919 2297; x_wconf 93' lang='grc'><em>‹‹</em></span> <span class='ocrx_word' id='word_1_174' title='bbox 957 2249 1068 2303; x_wconf 90' lang='lat' dir='ltr'>Per</span> <span class='ocrx_word' id='word_1_175' title='bbox 1099 2265 1338 2304; x_wconf 89' lang='lat' dir='ltr'>omnem</span> <span class='ocrx_word' id='word_1_176' title='bbox 1370 2249 1741 2319; x_wconf 83' lang='lat' dir='ltr'>patientiam.</span> <span class='ocrx_word' id='word_1_177' title='bbox 1777 2270 1804 2297; x_wconf 85' lang='lat'>»</span> <span class='ocrx_word' id='word_1_178' title='bbox 1841 2250 1972 2314; x_wconf 86' lang='lat' dir='ltr'>Vos,</span> <span class='ocrx_word' id='word_1_179' title='bbox 2004 2249 2220 2322; x_wconf 86' lang='lat' dir='ltr'>inquit,</span> 
     </span>
    </p>
   </div>
   <div class='ocr_carea' id='block_1_26' title="bbox 579 2337 2221 2408">
    <p class='ocr_par' dir='ltr' id='par_1_26' title="bbox 579 2337 2221 2408">
     <span class='ocr_line' id='line_1_26' title="bbox 579 2337 2221 2408; baseline -0.001 -16"><span class='ocrx_word' id='word_1_180' title='bbox 579 2352 920 2393; x_wconf 86' lang='lat' dir='ltr'>sermonum</span> <span class='ocrx_word' id='word_1_181' title='bbox 952 2344 1132 2392; x_wconf 82' lang='lat' dir='ltr'>testes</span> <span class='ocrx_word' id='word_1_182' title='bbox 1165 2338 1326 2394; x_wconf 88' lang='lat' dir='ltr'>estis.</span> <span class='ocrx_word' id='word_1_183' title='bbox 1361 2337 1652 2395; x_wconf 88' lang='lat' dir='ltr'>Indicium</span> <span class='ocrx_word' id='word_1_184' title='bbox 1699 2343 1899 2393; x_wconf 88' lang='lat' dir='ltr'>autem</span> <span class='ocrx_word' id='word_1_185' title='bbox 1951 2337 2221 2408; x_wconf 83' lang='lat' dir='ltr'>Apostoli</span> 
     </span>
    </p>
   </div>
   <div class='ocr_carea' id='block_1_27' title="bbox 575 2426 2222 2484">
    <p class='ocr_par' dir='ltr' id='par_1_27' title="bbox 575 2426 2222 2484">
     <span class='ocr_line' id='line_1_27' title="bbox 575 2426 2222 2484; baseline -0.001 -3"><span class='ocrx_word' id='word_1_186' title='bbox 575 2426 833 2481; x_wconf 83' lang='lat' dir='ltr'>maxime</span> <span class='ocrx_word' id='word_1_187' title='bbox 867 2426 1136 2481; x_wconf 88' lang='lat' dir='ltr'>consistit</span> <span class='ocrx_word' id='word_1_188' title='bbox 1165 2427 1225 2480; x_wconf 90' lang='lat' dir='ltr'>in</span> <span class='ocrx_word' id='word_1_189' title='bbox 1256 2427 1500 2484; x_wconf 86' lang='lat' dir='ltr'>ferendo</span> <span class='ocrx_word' id='word_1_190' title='bbox 1532 2431 1728 2482; x_wconf 87' lang='lat' dir='ltr'>omnia</span> <span class='ocrx_word' id='word_1_191' title='bbox 1757 2426 2024 2484; x_wconf 84' lang='lat' dir='ltr'>viriliter.</span> <span class='ocrx_word' id='word_1_192' title='bbox 2064 2428 2222 2483; x_wconf 87' lang='lat' dir='ltr'>Con-</span> 
     </span>
    </p>
   </div>
   <div class='ocr_carea' id='block_1_28' title="bbox 578 2514 2224 2589">
    <p class='ocr_par' dir='ltr' id='par_1_28' title="bbox 578 2514 2224 2589">
     <span class='ocr_line' id='line_1_28' title="bbox 578 2514 2224 2589; baseline 0.001 -19"><span class='ocrx_word' id='word_1_193' title='bbox 578 2514 773 2571; x_wconf 87' lang='lat' dir='ltr'>sidera</span> <span class='ocrx_word' id='word_1_194' title='bbox 798 2532 932 2572; x_wconf 91' lang='lat' dir='ltr'>vero</span> <span class='ocrx_word' id='word_1_195' title='bbox 965 2515 1122 2589; x_wconf 88' lang='lat' dir='ltr'>quod</span> <span class='ocrx_word' id='word_1_196' title='bbox 1153 2516 1237 2571; x_wconf 88' lang='lat' dir='ltr'>ait</span> <span class='ocrx_word' id='word_1_197' title='bbox 1270 2533 1282 2570; x_wconf 91' lang='lat'><strong>:</strong></span> <span class='ocrx_word' id='word_1_198' title='bbox 1321 2543 1338 2565; x_wconf 70' lang='grc' dir='ltr'>υ</span> <span class='ocrx_word' id='word_1_199' title='bbox 1377 2516 1748 2573; x_wconf 89' lang='lat' dir='ltr'>Patientiam.</span> <span class='ocrx_word' id='word_1_200' title='bbox 1789 2541 1808 2565; x_wconf 75' lang='grc' dir='ltr'>ι</span> <span class='ocrx_word' id='word_1_201' title='bbox 1863 2517 2006 2572; x_wconf 85' lang='lat' dir='ltr'>Nam</span> <span class='ocrx_word' id='word_1_202' title='bbox 2069 2516 2224 2588; x_wconf 91' lang='lat' dir='ltr'>quod</span> 
     </span>
    </p>
   </div>
   <div class='ocr_carea' id='block_1_29' title="bbox 579 2605 2224 2680">
    <p class='ocr_par' dir='ltr' id='par_1_29' title="bbox 579 2605 2224 2680">
     <span class='ocr_line' id='line_1_29' title="bbox 579 2605 2224 2680; baseline 0.001 -20"><span class='ocrx_word' id='word_1_203' title='bbox 579 2605 812 2662; x_wconf 86' lang='lat' dir='ltr'>virtutis</span> <span class='ocrx_word' id='word_1_204' title='bbox 843 2607 1031 2678; x_wconf 89' lang='lat' dir='ltr'>ipsius</span> <span class='ocrx_word' id='word_1_205' title='bbox 1062 2612 1187 2662; x_wconf 87' lang='lat' dir='ltr'>erat</span> <span class='ocrx_word' id='word_1_206' title='bbox 1219 2606 1399 2662; x_wconf 87' lang='lat' dir='ltr'>unica</span> <span class='ocrx_word' id='word_1_207' title='bbox 1437 2607 1694 2662; x_wconf 88' lang='lat' dir='ltr'>dictione</span> <span class='ocrx_word' id='word_1_208' title='bbox 1750 2607 1947 2677; x_wconf 89' lang='lat' dir='ltr'>posuit</span> <span class='ocrx_word' id='word_1_209' title='bbox 1983 2623 1994 2661; x_wconf 92' lang='lat'>:</span> <span class='ocrx_word' id='word_1_210' title='bbox 2060 2607 2224 2680; x_wconf 83' lang='lat' dir='ltr'>signa</span> 
     </span>
    </p>
   </div>
   <div class='ocr_carea' id='block_1_30' title="bbox 576 2695 2225 2769">
    <p class='ocr_par' dir='ltr' id='par_1_30' title="bbox 576 2695 2225 2769">
     <span class='ocr_line' id='line_1_30' title="bbox 576 2695 2225 2769; baseline 0.001 -19"><span class='ocrx_word' id='word_1_211' title='bbox 576 2712 712 2752; x_wconf 91' lang='lat' dir='ltr'>vero</span> <span class='ocrx_word' id='word_1_212' title='bbox 733 2712 862 2768; x_wconf 81' lang='lat' dir='ltr'>qum</span> <span class='ocrx_word' id='word_1_213' title='bbox 891 2712 996 2752; x_wconf 90' lang='lat' dir='ltr'>sua</span> <span class='ocrx_word' id='word_1_214' title='bbox 1033 2712 1151 2752; x_wconf 93' lang='lat' dir='ltr'>non</span> <span class='ocrx_word' id='word_1_215' title='bbox 1197 2696 1494 2755; x_wconf 78' lang='lat' dir='ltr'>erantsed</span> <span class='ocrx_word' id='word_1_216' title='bbox 1544 2696 1746 2769; x_wconf 66' lang='lat' dir='ltr'>gratiae</span> <span class='ocrx_word' id='word_1_217' title='bbox 1798 2696 1918 2753; x_wconf 90' lang='lat' dir='ltr'>Dei.</span> <span class='ocrx_word' id='word_1_218' title='bbox 1955 2695 2225 2767; x_wconf 88' lang='lat' dir='ltr'>pluribus</span> 
     </span>
    </p>
   </div>
   <div class='ocr_carea' id='block_1_31' title="bbox 575 2785 2228 2857">
    <p class='ocr_par' dir='ltr' id='par_1_31' title="bbox 575 2785 2228 2857">
     <span class='ocr_line' id='line_1_31' title="bbox 575 2785 2228 2857; baseline -0.001 -15"><span class='ocrx_word' id='word_1_219' title='bbox 575 2787 918 2857; x_wconf 86' lang='lat' dir='ltr'>complexus</span> <span class='ocrx_word' id='word_1_220' title='bbox 939 2791 1047 2841; x_wconf 85' lang='lat' dir='ltr'>est.</span> <span class='ocrx_word' id='word_1_221' title='bbox 1075 2785 1184 2842; x_wconf 92' lang='lat' dir='ltr'>Sed</span> <span class='ocrx_word' id='word_1_222' title='bbox 1213 2786 1370 2840; x_wconf 89' lang='lat' dir='ltr'>Pauli</span> <span class='ocrx_word' id='word_1_223' title='bbox 1391 2786 1741 2841; x_wconf 85' lang='lat' dir='ltr'>modestiam</span> <span class='ocrx_word' id='word_1_224' title='bbox 1793 2786 2041 2840; x_wconf 90' lang='lat' dir='ltr'>intuere.</span> <span class='ocrx_word' id='word_1_225' title='bbox 2075 2785 2228 2849; x_wconf 90' lang='lat' dir='ltr'>Quot</span> 
     </span>
    </p>
   </div>
   <div class='ocr_carea' id='block_1_32' title="bbox 577 2875 2222 2948">
    <p class='ocr_par' dir='ltr' id='par_1_32' title="bbox 577 2875 2222 2948">
     <span class='ocr_line' id='line_1_32' title="bbox 577 2875 2222 2948; baseline -0.001 -17"><span class='ocrx_word' id='word_1_226' title='bbox 577 2891 872 2939; x_wconf 78' lang='lat' dir='ltr'>carceres,</span> <span class='ocrx_word' id='word_1_227' title='bbox 907 2882 1050 2946; x_wconf 89' lang='lat' dir='ltr'>quot</span> <span class='ocrx_word' id='word_1_228' title='bbox 1079 2876 1301 2948; x_wconf 81' lang='lat' dir='ltr'>plagas,</span> <span class='ocrx_word' id='word_1_229' title='bbox 1335 2882 1478 2947; x_wconf 89' lang='lat' dir='ltr'>quot</span> <span class='ocrx_word' id='word_1_230' title='bbox 1529 2876 1794 2948; x_wconf 88' lang='lat' dir='ltr'>pericula</span> <span class='ocrx_word' id='word_1_231' title='bbox 1845 2882 1902 2929; x_wconf 92' lang='lat' dir='ltr'>et</span> <span class='ocrx_word' id='word_1_232' title='bbox 1954 2875 2222 2941; x_wconf 83' lang='lat' dir='ltr'>insidias,</span> 
     </span>
    </p>
   </div>
   <div class='ocr_carea' id='block_1_33' title="bbox 570 2963 2224 3036">
    <p class='ocr_par' dir='ltr' id='par_1_33' title="bbox 570 2963 2224 3036">
     <span class='ocr_line' id='line_1_33' title="bbox 570 2963 2224 3036; baseline 0 -18"><span class='ocrx_word' id='word_1_233' title='bbox 570 2970 715 3036; x_wconf 89' lang='lat' dir='ltr'>quot</span> <span class='ocrx_word' id='word_1_234' title='bbox 749 2965 1139 3020; x_wconf 85' lang='lat' dir='ltr'>afllictionum</span> <span class='ocrx_word' id='word_1_235' title='bbox 1174 2965 1611 3022; x_wconf 87' lang='lat' dir='ltr'>inundationes.</span> <span class='ocrx_word' id='word_1_236' title='bbox 1647 2971 1791 3034; x_wconf 84' lang='lat' dir='ltr'>quot</span> <span class='ocrx_word' id='word_1_237' title='bbox 1821 2963 2224 3018; x_wconf 79' lang='lat' dir='ltr'>bellaintesti-</span> 
     </span>
    </p>
   </div>
   <div class='ocr_carea' id='block_1_34' title="bbox 569 3053 2225 3125">
    <p class='ocr_par' dir='ltr' id='par_1_34' title="bbox 569 3053 2225 3125">
     <span class='ocr_line' id='line_1_34' title="bbox 569 3053 2225 3125; baseline 0 -17"><span class='ocrx_word' id='word_1_238' title='bbox 569 3071 651 3108; x_wconf 89' lang='lat' dir='ltr'>na</span> <span class='ocrx_word' id='word_1_239' title='bbox 681 3071 748 3109; x_wconf 89' lang='lat' dir='ltr'>ac</span> <span class='ocrx_word' id='word_1_240' title='bbox 779 3061 1043 3123; x_wconf 78' lang='lat' dir='ltr'>externa,</span> <span class='ocrx_word' id='word_1_241' title='bbox 1076 3055 1252 3110; x_wconf 90' lang='lat' dir='ltr'>unica</span> <span class='ocrx_word' id='word_1_242' title='bbox 1284 3055 1544 3109; x_wconf 80' lang='lat' dir='ltr'>dictione</span> <span class='ocrx_word' id='word_1_243' title='bbox 1578 3070 1792 3125; x_wconf 85' lang='lat' dir='ltr'>nempe</span> <span class='ocrx_word' id='word_1_244' title='bbox 1823 3077 1848 3104; x_wconf 83' lang='lat'><strong>«</strong></span> <span class='ocrx_word' id='word_1_245' title='bbox 1878 3053 2225 3118; x_wconf 71' lang='lat' dir='ltr'>Patientia,»</span> 
     </span>
    </p>
   </div>
   <div class='ocr_carea' id='block_1_35' title="bbox 568 3143 2228 3216">
    <p class='ocr_par' dir='ltr' id='par_1_35' title="bbox 568 3143 2228 3216">
     <span class='ocr_line' id='line_1_35' title="bbox 568 3143 2228 3216; baseline -0.001 -17"><span class='ocrx_word' id='word_1_246' title='bbox 568 3145 878 3215; x_wconf 88' lang='lat' dir='ltr'>percurrit.</span> <span class='ocrx_word' id='word_1_247' title='bbox 915 3167 940 3194; x_wconf 83' lang='grc'><strong>‹‹</strong></span> <span class='ocrx_word' id='word_1_248' title='bbox 980 3147 1091 3198; x_wconf 89' lang='lat' dir='ltr'>Per</span> <span class='ocrx_word' id='word_1_249' title='bbox 1123 3160 1305 3215; x_wconf 79' lang='lat' dir='ltr'>segna</span> <span class='ocrx_word' id='word_1_250' title='bbox 1333 3151 1390 3199; x_wconf 87' lang='lat' dir='ltr'>et</span> <span class='ocrx_word' id='word_1_251' title='bbox 1415 3143 1700 3216; x_wconf 87' lang='lat' dir='ltr'>prodigia.</span> <span class='ocrx_word' id='word_1_252' title='bbox 1742 3167 1760 3190; x_wconf 77' lang='grc' dir='ltr'>ιι</span> <span class='ocrx_word' id='word_1_253' title='bbox 1799 3143 2228 3208; x_wconf 81' lang='lat' dir='ltr'>Quotmortuos</span> 
     </span>
    </p>
   </div>
   <div class='ocr_carea' id='block_1_36' title="bbox 3272 541 3893 618">
    <p class='ocr_par' dir='ltr' id='par_1_36' title="bbox 3272 541 3893 618">
     <span class='ocr_line' id='line_1_36' title="bbox 3272 541 3893 618; baseline 0.011 -22"><span class='ocrx_word' id='word_1_254' title='bbox 3272 543 3437 615; x_wconf 81' lang='grc' dir='ltr'>’Υμᾶς</span> <span class='ocrx_word' id='word_1_255' title='bbox 3502 543 3598 618; x_wconf 75' lang='grc' dir='ltr'>γᾶρ</span> <span class='ocrx_word' id='word_1_256' title='bbox 3667 541 3758 600; x_wconf 74' lang='grc' dir='ltr'>ἔδει</span> <span class='ocrx_word' id='word_1_257' title='bbox 3819 555 3893 605; x_wconf 63' lang='grc' dir='ltr'>τῶν</span> 
     </span>
    </p>
   </div>
   <div class='ocr_carea' id='block_1_37' title="bbox 3063 631 3893 710">
    <p class='ocr_par' dir='ltr' id='par_1_37' title="bbox 3063 631 3893 710">
     <span class='ocr_line' id='line_1_37' title="bbox 3063 631 3893 710; baseline 0.004 -23"><span class='ocrx_word' id='word_1_258' title='bbox 3063 634 3153 687; x_wconf 81' lang='grc' dir='ltr'>καὶ</span> <span class='ocrx_word' id='word_1_259' title='bbox 3239 631 3420 710; x_wconf 87' lang='grc' dir='ltr'>λόγων</span> <span class='ocrx_word' id='word_1_260' title='bbox 3475 633 3562 687; x_wconf 76' lang='grc' dir='ltr'>καὶ</span> <span class='ocrx_word' id='word_1_261' title='bbox 3617 634 3893 709; x_wconf 66' lang='grc' dir='ltr'>ὑπολήψεων,</span> 
     </span>
    </p>
   </div>
   <div class='ocr_carea' id='block_1_38' title="bbox 2335 539 3182 616">
    <p class='ocr_par' dir='ltr' id='par_1_38' title="bbox 2335 539 3182 616">
     <span class='ocr_line' id='line_1_38' title="bbox 2335 539 3182 616; baseline 0 -22"><span class='ocrx_word' id='word_1_262' title='bbox 2335 539 2422 616; x_wconf 63' lang='grc' dir='ltr'>ὑφ’</span> <span class='ocrx_word' id='word_1_263' title='bbox 2508 541 2659 614; x_wconf 84' lang='grc' dir='ltr'>ὑμῶν</span> <span class='ocrx_word' id='word_1_264' title='bbox 2743 544 3103 608; x_wconf 69' lang='grc' dir='ltr'>συνίστασθαι.</span> <span class='ocrx_word' id='word_1_265' title='bbox 3155 567 3182 596; x_wconf 88' lang='grc'>››</span> 
     </span>
    </p>
   </div>
   <div class='ocr_carea' id='block_1_39' title="bbox 2335 628 2980 702">
    <p class='ocr_par' dir='ltr' id='par_1_39' title="bbox 2335 628 2980 702">
     <span class='ocr_line' id='line_1_39' title="bbox 2335 628 2980 702; baseline 0.008 -19"><span class='ocrx_word' id='word_1_266' title='bbox 2335 628 2482 702; x_wconf 82' lang='grc' dir='ltr'>ἐμῶν</span> <span class='ocrx_word' id='word_1_267' title='bbox 2568 631 2980 696; x_wconf 76' lang='grc' dir='ltr'>ἀντιποιεῖσθαι,</span> 
     </span>
    </p>
   </div>
   <div class='ocr_carea' id='block_1_40' title="bbox 2335 717 3893 799">
    <p class='ocr_par' dir='ltr' id='par_1_40' title="bbox 2335 717 3893 799">
     <span class='ocr_line' id='line_1_40' title="bbox 2335 717 3893 799; baseline 0.006 -26"><span class='ocrx_word' id='word_1_268' title='bbox 2335 719 2488 792; x_wconf 82' lang='grc' dir='ltr'>ὑμῶν</span> <span class='ocrx_word' id='word_1_269' title='bbox 2525 717 2582 776; x_wconf 76' lang='grc' dir='ltr'>δὲ</span> <span class='ocrx_word' id='word_1_270' title='bbox 2642 721 2874 786; x_wconf 79' lang='grc' dir='ltr'>ἐκείνοις</span> <span class='ocrx_word' id='word_1_271' title='bbox 2930 723 3334 799; x_wconf 78' lang='grc' dir='ltr'>προσεχόντων,</span> <span class='ocrx_word' id='word_1_272' title='bbox 3394 721 3469 784; x_wconf 85' lang='grc' dir='ltr'>εἷς</span> <span class='ocrx_word' id='word_1_273' title='bbox 3522 724 3725 785; x_wconf 70' lang='grc' dir='ltr'>τοῦτους</span> <span class='ocrx_word' id='word_1_274' title='bbox 3767 725 3893 790; x_wconf 75' lang='grc' dir='ltr'>ἐλθεῖν</span> 
     </span>
    </p>
   </div>
   <div class='ocr_carea' id='block_1_41' title="bbox 2332 811 3895 890">
    <p class='ocr_par' dir='ltr' id='par_1_41' title="bbox 2332 811 3895 890">
     <span class='ocr_line' id='line_1_41' title="bbox 2332 811 3895 890; baseline 0.004 -27"><span class='ocrx_word' id='word_1_275' title='bbox 2332 811 2680 889; x_wconf 75' lang='grc' dir='ltr'>ἠναγκάσθην</span> <span class='ocrx_word' id='word_1_276' title='bbox 2712 814 2839 876; x_wconf 77' lang='grc' dir='ltr'>τοὺς</span> <span class='ocrx_word' id='word_1_277' title='bbox 2898 814 3120 888; x_wconf 85' lang='grc' dir='ltr'>λόγους.</span> <span class='ocrx_word' id='word_1_278' title='bbox 3185 841 3204 863; x_wconf 75' lang='grc' dir='ltr'>α</span> <span class='ocrx_word' id='word_1_279' title='bbox 3242 811 3409 870; x_wconf 74' lang='grc' dir='ltr'>Οὐδὲν</span> <span class='ocrx_word' id='word_1_280' title='bbox 3468 813 3566 888; x_wconf 72' lang='grc' dir='ltr'>γαρ</span> <span class='ocrx_word' id='word_1_281' title='bbox 3619 814 3895 890; x_wconf 73' lang='grc' dir='ltr'>ὑστὲρησα.»</span> 
     </span>
    </p>
   </div>
   <div class='ocr_carea' id='block_1_42' title="bbox 2332 899 3897 981">
    <p class='ocr_par' dir='ltr' id='par_1_42' title="bbox 2332 899 3897 981">
     <span class='ocr_line' id='line_1_42' title="bbox 2332 899 3897 981; baseline 0.003 -25"><span class='ocrx_word' id='word_1_282' title='bbox 2332 900 2479 956; x_wconf 80' lang='grc' dir='ltr'>ΙἈνιυ</span> <span class='ocrx_word' id='word_1_283' title='bbox 2510 902 2665 981; x_wconf 76' lang='grc' dir='ltr'>φησὶ,</span> <span class='ocrx_word' id='word_1_284' title='bbox 2721 925 2749 954; x_wconf 87' lang='grc'><em>‹‹</em></span> <span class='ocrx_word' id='word_1_285' title='bbox 2782 902 3082 977; x_wconf 88' lang='grc' dir='ltr'>Λογίζομαι</span> <span class='ocrx_word' id='word_1_286' title='bbox 3143 899 3312 974; x_wconf 70' lang='grc' dir='ltr'>μηδὲν</span> <span class='ocrx_word' id='word_1_287' title='bbox 3375 903 3724 976; x_wconf 67' lang='grc' dir='ltr'>ὑστερηκέναι,</span> <span class='ocrx_word' id='word_1_288' title='bbox 3779 909 3897 960; x_wconf 71' lang='grc' dir='ltr'>«νυνὶ</span> 
     </span>
    </p>
   </div>
   <div class='ocr_carea' id='block_1_43' title="bbox 2333 984 3896 1066">
    <p class='ocr_par' dir='ltr' id='par_1_43' title="bbox 2333 984 3896 1066">
     <span class='ocr_line' id='line_1_43' title="bbox 2333 984 3896 1066; baseline 0.003 -24"><span class='ocrx_word' id='word_1_289' title='bbox 2333 984 2389 1042; x_wconf 77' lang='grc' dir='ltr'>δὲ</span> <span class='ocrx_word' id='word_1_290' title='bbox 2418 988 2820 1066; x_wconf 77' lang='grc' dir='ltr'>ἀποφαντικῶς,</span> <span class='ocrx_word' id='word_1_291' title='bbox 2877 1017 2904 1043; x_wconf 86' lang='grc'><strong>‹‹</strong></span> <span class='ocrx_word' id='word_1_292' title='bbox 2935 989 3087 1047; x_wconf 78' lang='grc' dir='ltr'>οὐδὲν</span> <span class='ocrx_word' id='word_1_293' title='bbox 3151 989 3441 1066; x_wconf 72' lang='grc' dir='ltr'>ὑστέρησα,</span> <span class='ocrx_word' id='word_1_294' title='bbox 3475 1017 3503 1042; x_wconf 88' lang='grc'><strong>››</strong></span> <span class='ocrx_word' id='word_1_295' title='bbox 3534 989 3663 1050; x_wconf 69' lang='grc' dir='ltr'>Οὐδὲ</span> <span class='ocrx_word' id='word_1_296' title='bbox 3691 992 3896 1064; x_wconf 72' lang='grc' dir='ltr'>ἐνέλιπον,</span> 
     </span>
    </p>
   </div>
   <div class='ocr_carea' id='block_1_44' title="bbox 2331 1075 3898 1155">
    <p class='ocr_par' dir='ltr' id='par_1_44' title="bbox 2331 1075 3898 1155">
     <span class='ocr_line' id='line_1_44' title="bbox 2331 1075 3898 1155; baseline 0.004 -23"><span class='ocrx_word' id='word_1_297' title='bbox 2331 1075 2367 1145; x_wconf 72' lang='grc' dir='ltr'><strong>ἢ</strong></span> <span class='ocrx_word' id='word_1_298' title='bbox 2424 1077 2650 1134; x_wconf 82' lang='grc' dir='ltr'>κατόπιν</span> <span class='ocrx_word' id='word_1_299' title='bbox 2727 1078 2901 1150; x_wconf 78' lang='grc' dir='ltr'>ἦλθον</span> <span class='ocrx_word' id='word_1_300' title='bbox 2947 1085 3054 1136; x_wconf 80' lang='grc' dir='ltr'>τῶν</span> <span class='ocrx_word' id='word_1_301' title='bbox 3114 1081 3238 1154; x_wconf 76' lang='grc' dir='ltr'>περὶ</span> <span class='ocrx_word' id='word_1_302' title='bbox 3301 1083 3521 1155; x_wconf 78' lang='grc' dir='ltr'>[Ιὲτρον.</span> <span class='ocrx_word' id='word_1_303' title='bbox 3579 1082 3821 1155; x_wconf 75' lang='grc' dir='ltr'>Εὑκαίρως</span> <span class='ocrx_word' id='word_1_304' title='bbox 3864 1083 3898 1141; x_wconf 58' lang='lat' dir='ltr'>Et</span> 
     </span>
    </p>
   </div>
   <div class='ocr_carea' id='block_1_45' title="bbox 2332 1165 3897 1242">
    <p class='ocr_par' dir='ltr' id='par_1_45' title="bbox 2332 1165 3897 1242">
     <span class='ocr_line' id='line_1_45' title="bbox 2332 1165 3897 1242; baseline 0.004 -22"><span class='ocrx_word' id='word_1_305' title='bbox 2332 1165 2419 1220; x_wconf 76' lang='grc' dir='ltr'>ἐπὶ</span> <span class='ocrx_word' id='word_1_306' title='bbox 2474 1167 2599 1230; x_wconf 73' lang='grc' dir='ltr'>τοὺς</span> <span class='ocrx_word' id='word_1_307' title='bbox 2653 1168 2996 1232; x_wconf 79' lang='grc' dir='ltr'>ἀποστόλους</span> <span class='ocrx_word' id='word_1_308' title='bbox 3066 1170 3222 1239; x_wconf 77' lang='grc' dir='ltr'>ἦλθε,</span> <span class='ocrx_word' id='word_1_309' title='bbox 3282 1167 3493 1231; x_wconf 65' lang='grc' dir='ltr'>δεικνὺς</span> <span class='ocrx_word' id='word_1_310' title='bbox 3551 1169 3632 1225; x_wconf 79' lang='grc' dir='ltr'>ὅτι</span> <span class='ocrx_word' id='word_1_311' title='bbox 3685 1169 3738 1226; x_wconf 80' lang='grc' dir='ltr'>οὐ</span> <span class='ocrx_word' id='word_1_312' title='bbox 3785 1173 3897 1242; x_wconf 66' lang='grc' dir='ltr'>μόνον</span> 
     </span>
    </p>
   </div>
   <div class='ocr_carea' id='block_1_46' title="bbox 2335 1253 3900 1336">
    <p class='ocr_par' dir='ltr' id='par_1_46' title="bbox 2335 1253 3900 1336">
     <span class='ocr_line' id='line_1_46' title="bbox 2335 1253 3900 1336; baseline 0.003 -27"><span class='ocrx_word' id='word_1_313' title='bbox 2335 1253 2451 1328; x_wconf 80' lang='grc' dir='ltr'>είμί</span> <span class='ocrx_word' id='word_1_314' title='bbox 2482 1262 2590 1311; x_wconf 83' lang='grc' dir='ltr'>τῶν</span> <span class='ocrx_word' id='word_1_315' title='bbox 2623 1253 3106 1330; x_wconf 85' lang='grc' dir='ltr'>ψευδαποστόλων,</span> <span class='ocrx_word' id='word_1_316' title='bbox 3164 1258 3319 1336; x_wconf 67' lang='grc' dir='ltr'>ιρησὶ,</span> <span class='ocrx_word' id='word_1_317' title='bbox 3366 1258 3649 1332; x_wconf 80' lang='grc' dir='ltr'>κρείττων,</span> <span class='ocrx_word' id='word_1_318' title='bbox 3704 1258 3900 1315; x_wconf 70' lang='grc' dir='ltr'>ἀλλὰκαὶ</span> 
     </span>
    </p>
   </div>
   <div class='ocr_carea' id='block_1_47' title="bbox 2329 1343 3899 1422">
    <p class='ocr_par' dir='ltr' id='par_1_47' title="bbox 2329 1343 3899 1422">
     <span class='ocr_line' id='line_1_47' title="bbox 2329 1343 3899 1422; baseline 0.004 -25"><span class='ocrx_word' id='word_1_319' title='bbox 2329 1348 2438 1399; x_wconf 82' lang='grc' dir='ltr'>τῶν</span> <span class='ocrx_word' id='word_1_320' title='bbox 2469 1343 2785 1401; x_wconf 85' lang='grc' dir='ltr'>ἀποστόκων</span> <span class='ocrx_word' id='word_1_321' title='bbox 2821 1345 2958 1410; x_wconf 73' lang='grc' dir='ltr'>ἴσος.</span> <span class='ocrx_word' id='word_1_322' title='bbox 2993 1372 3020 1399; x_wconf 87' lang='grc'>‹‹</span> <span class='ocrx_word' id='word_1_323' title='bbox 3054 1346 3123 1405; x_wconf 75' lang='grc' dir='ltr'>Εἰ</span> <span class='ocrx_word' id='word_1_324' title='bbox 3153 1346 3244 1402; x_wconf 86' lang='grc' dir='ltr'>καὶ</span> <span class='ocrx_word' id='word_1_325' title='bbox 3303 1345 3457 1402; x_wconf 74' lang='grc' dir='ltr'>οὐδὲν</span> <span class='ocrx_word' id='word_1_326' title='bbox 3518 1346 3648 1420; x_wconf 78' lang='grc' dir='ltr'>εἶμι.</span> <span class='ocrx_word' id='word_1_327' title='bbox 3683 1373 3701 1398; x_wconf 77' lang='grc' dir='ltr'>ι</span> <span class='ocrx_word' id='word_1_328' title='bbox 3755 1351 3899 1422; x_wconf 72' lang='grc' dir='ltr'>Ὥσπερ</span> 
     </span>
    </p>
   </div>
   <div class='ocr_carea' id='block_1_48' title="bbox 2329 1431 3902 1512">
    <p class='ocr_par' dir='ltr' id='par_1_48' title="bbox 2329 1431 3902 1512">
     <span class='ocr_line' id='line_1_48' title="bbox 2329 1431 3902 1512; baseline 0.003 -25"><span class='ocrx_word' id='word_1_329' title='bbox 2329 1453 2378 1487; x_wconf 90' lang='grc' dir='ltr'>τι</span> <span class='ocrx_word' id='word_1_330' title='bbox 2415 1433 2552 1509; x_wconf 85' lang='grc' dir='ltr'>μέγα</span> <span class='ocrx_word' id='word_1_331' title='bbox 2585 1435 2820 1512; x_wconf 76' lang='grc' dir='ltr'>εἷρηκὼς</span> <span class='ocrx_word' id='word_1_332' title='bbox 2845 1437 2936 1492; x_wconf 83' lang='grc' dir='ltr'>καὶ</span> <span class='ocrx_word' id='word_1_333' title='bbox 2966 1431 3288 1511; x_wconf 80' lang='grc' dir='ltr'>ὑπερϐαῖνον</span> <span class='ocrx_word' id='word_1_334' title='bbox 3343 1437 3514 1493; x_wconf 74' lang='grc' dir='ltr'>αὐτοῦ</span> <span class='ocrx_word' id='word_1_335' title='bbox 3564 1437 3656 1504; x_wconf 74' lang='grc' dir='ltr'>τὴν</span> <span class='ocrx_word' id='word_1_336' title='bbox 3718 1434 3902 1509; x_wconf 63' lang='grc' dir='ltr'>δύναμιν,</span> 
     </span>
    </p>
   </div>
   <div class='ocr_carea' id='block_1_49' title="bbox 2330 1520 3904 1601">
    <p class='ocr_par' dir='ltr' id='par_1_49' title="bbox 2330 1520 3904 1601">
     <span class='ocr_line' id='line_1_49' title="bbox 2330 1520 3904 1601; baseline 0.004 -23"><span class='ocrx_word' id='word_1_337' title='bbox 2330 1520 2638 1598; x_wconf 77' lang='grc' dir='ltr'>διορθοῦται</span> <span class='ocrx_word' id='word_1_338' title='bbox 2671 1526 2823 1583; x_wconf 83' lang='grc' dir='ltr'>αὑτό.</span> <span class='ocrx_word' id='word_1_339' title='bbox 2858 1526 2970 1584; x_wconf 82' lang='grc' dir='ltr'>Οὐκ</span> <span class='ocrx_word' id='word_1_340' title='bbox 3019 1528 3137 1583; x_wconf 80' lang='grc' dir='ltr'>εἶπε</span> <span class='ocrx_word' id='word_1_341' title='bbox 3197 1525 3277 1598; x_wconf 71' lang='grc' dir='ltr'>δὲ,</span> <span class='ocrx_word' id='word_1_342' title='bbox 3332 1526 3582 1597; x_wconf 68' lang='grc' dir='ltr'>Εὐτελῆ(</span> <span class='ocrx_word' id='word_1_343' title='bbox 3638 1527 3760 1601; x_wconf 82' lang='grc' dir='ltr'>εἶμι,</span> <span class='ocrx_word' id='word_1_344' title='bbox 3805 1529 3904 1584; x_wconf 66' lang='grc' dir='ltr'>ἀλλὰ</span> 
     </span>
    </p>
   </div>
   <div class='ocr_carea' id='block_1_50' title="bbox 2326 1605 3903 1693">
    <p class='ocr_par' dir='ltr' id='par_1_50' title="bbox 2326 1613 3903 1693">
     <span class='ocr_line' id='line_1_50' title="bbox 2326 1613 3903 1693; baseline 0.003 -27"><span class='ocrx_word' id='word_1_345' title='bbox 2326 1613 2388 1667; x_wconf 87' lang='grc' dir='ltr'>τὸ</span> <span class='ocrx_word' id='word_1_346' title='bbox 2420 1613 2563 1669; x_wconf 85' lang='grc' dir='ltr'>πολὺ</span> <span class='ocrx_word' id='word_1_347' title='bbox 2612 1615 2798 1687; x_wconf 78' lang='grc' dir='ltr'>ἦττον,</span> <span class='ocrx_word' id='word_1_348' title='bbox 2852 1640 2879 1668; x_wconf 72' lang='grc' dir='ltr'>α</span> <span class='ocrx_word' id='word_1_349' title='bbox 2936 1613 3100 1672; x_wconf 77' lang='grc' dir='ltr'>Οὐδὲν</span> <span class='ocrx_word' id='word_1_350' title='bbox 3158 1616 3294 1690; x_wconf 84' lang='grc' dir='ltr'>εἶμι.</span> <span class='ocrx_word' id='word_1_351' title='bbox 3330 1641 3356 1668; x_wconf 87' lang='grc'><strong>››</strong></span> <span class='ocrx_word' id='word_1_352' title='bbox 3418 1617 3496 1672; x_wconf 74' lang='grc' dir='ltr'>Συ</span> <span class='ocrx_word' id='word_1_353' title='bbox 3556 1614 3630 1686; x_wconf 77' lang='grc' dir='ltr'>δὲ,</span> <span class='ocrx_word' id='word_1_354' title='bbox 3679 1618 3810 1693; x_wconf 70' lang='grc' dir='ltr'>φησί,</span> <span class='ocrx_word' id='word_1_355' title='bbox 3854 1619 3903 1688; x_wconf 72' lang='grc' dir='ltr'>μή</span> 
     </span>
    </p>
   </div>
   <div class='ocr_carea' id='block_1_51' title="bbox 2327 1701 3905 1782">
    <p class='ocr_par' dir='ltr' id='par_1_51' title="bbox 2327 1701 3905 1782">
     <span class='ocr_line' id='line_1_51' title="bbox 2396 1701 3898 1740; baseline -0.001 -16"><span class='ocrx_word' id='word_1_356' title='bbox 2396 1708 2420 1740; x_wconf 62' lang='grc' dir='ltr'>τι</span> <span class='ocrx_word' id='word_1_357' title='bbox 2543 1701 2631 1740; x_wconf 13' lang='grc' dir='ltr'>τινα,</span> <span class='ocrx_word' id='word_1_358' title='bbox 2893 1706 2906 1726; x_wconf 66' lang='grc' dir='ltr'><strong>ν</strong></span> <span class='ocrx_word' id='word_1_359' title='bbox 2954 1707 2972 1738; x_wconf 60' lang='grc' dir='ltr'>ι</span> <span class='ocrx_word' id='word_1_360' title='bbox 3095 1707 3109 1724; x_wconf 71' lang='grc' dir='ltr'><strong><em>τ</em></strong></span> <span class='ocrx_word' id='word_1_361' title='bbox 3161 1708 3176 1732; x_wconf 78' lang='lat'><strong><em>,</em></strong></span> <span class='ocrx_word' id='word_1_362' title='bbox 3270 1706 3283 1722; x_wconf 65' lang='grc' dir='ltr'>ο</span> <span class='ocrx_word' id='word_1_363' title='bbox 3381 1706 3395 1724; x_wconf 63' lang='grc' dir='ltr'><strong>ς</strong></span> <span class='ocrx_word' id='word_1_364' title='bbox 3564 1706 3577 1726; x_wconf 71' lang='grc' dir='ltr'>ο</span> <span class='ocrx_word' id='word_1_365' title='bbox 3796 1706 3810 1726; x_wconf 71' lang='grc' dir='ltr'>ι</span> <span class='ocrx_word' id='word_1_366' title='bbox 3887 1708 3898 1726; x_wconf 61' lang='grc' dir='ltr'>ε</span> 
     </span>
     <span class='ocr_line' id='line_1_52' title="bbox 2327 1704 3905 1782; baseline 0.001 -23"><span class='ocrx_word' id='word_1_367' title='bbox 2327 1725 2490 1760; x_wconf 74' lang='grc' dir='ltr'>τουτο</span> <span class='ocrx_word' id='word_1_368' title='bbox 2554 1719 2684 1780; x_wconf 75' lang='grc' dir='ltr'>ιοῃς,</span> <span class='ocrx_word' id='word_1_369' title='bbox 2746 1705 2788 1761; x_wconf 82' lang='grc' dir='ltr'>εἰ</span> <span class='ocrx_word' id='word_1_370' title='bbox 2852 1704 3004 1762; x_wconf 72' lang='grc' dir='ltr'>ουδεν</span> <span class='ocrx_word' id='word_1_371' title='bbox 3065 1727 3194 1781; x_wconf 80' lang='grc' dir='ltr'>ειμ,</span> <span class='ocrx_word' id='word_1_372' title='bbox 3258 1705 3406 1763; x_wconf 82' lang='grc' dir='ltr'>αλλα</span> <span class='ocrx_word' id='word_1_373' title='bbox 3471 1726 3724 1782; x_wconf 82' lang='grc' dir='ltr'>προσχες,</span> <span class='ocrx_word' id='word_1_374' title='bbox 3773 1728 3807 1761; x_wconf 82' lang='grc' dir='ltr'>ει</span> <span class='ocrx_word' id='word_1_375' title='bbox 3852 1729 3905 1778; x_wconf 65' lang='lat' dir='ltr'>pr,</span> 
     </span>
    </p>
   </div>
   <div class='ocr_carea' id='block_1_52' title="bbox 2253 1795 3902 1894">
    <p class='ocr_par' dir='ltr' id='par_1_52' title="bbox 2253 1795 3902 1894">
     <span class='ocr_line' id='line_1_53' title="bbox 2253 1795 3902 1894; baseline 0 -45"><span class='ocrx_word' id='word_1_376' title='bbox 2253 1830 2298 1894; x_wconf 78' lang='grc' dir='ltr'><strong>Β</strong></span> <span class='ocrx_word' id='word_1_377' title='bbox 2332 1795 2502 1850; x_wconf 67' lang='grc' dir='ltr'>πάντα</span> <span class='ocrx_word' id='word_1_378' title='bbox 2563 1797 2662 1852; x_wconf 79' lang='grc' dir='ltr'>ὅσα</span> <span class='ocrx_word' id='word_1_379' title='bbox 2729 1800 3124 1874; x_wconf 73' lang='grc' dir='ltr'>χαρακτηρίζει</span> <span class='ocrx_word' id='word_1_380' title='bbox 3215 1796 3530 1854; x_wconf 77' lang='grc' dir='ltr'>ἀπόστολον</span> <span class='ocrx_word' id='word_1_381' title='bbox 3609 1798 3902 1854; x_wconf 68' lang='grc' dir='ltr'>ἐπετέλεσα..</span> 
     </span>
    </p>
   </div>
   <div class='ocr_carea' id='block_1_53' title="bbox 2336 1887 3907 1966">
    <p class='ocr_par' dir='ltr' id='par_1_53' title="bbox 2336 1887 3907 1966">
     <span class='ocr_line' id='line_1_54' title="bbox 2336 1887 3907 1966; baseline -0.001 -23"><span class='ocrx_word' id='word_1_382' title='bbox 2336 1911 2362 1937; x_wconf 87' lang='grc'>‹‹</span> <span class='ocrx_word' id='word_1_383' title='bbox 2415 1887 2501 1943; x_wconf 89' lang='grc' dir='ltr'>Ἐν</span> <span class='ocrx_word' id='word_1_384' title='bbox 2562 1887 2705 1962; x_wconf 74' lang='grc' dir='ltr'>πάσῃ</span> <span class='ocrx_word' id='word_1_385' title='bbox 2798 1888 3068 1962; x_wconf 80' lang='grc' dir='ltr'>ὑπομονῇ.</span> <span class='ocrx_word' id='word_1_386' title='bbox 3106 1913 3132 1939; x_wconf 77' lang='grc' dir='ltr'>ι)</span> <span class='ocrx_word' id='word_1_387' title='bbox 3211 1889 3417 1961; x_wconf 72' lang='grc' dir='ltr'>Ὑμεῖς,</span> <span class='ocrx_word' id='word_1_388' title='bbox 3508 1888 3660 1966; x_wconf 64' lang='grc' dir='ltr'>φησὶ,</span> <span class='ocrx_word' id='word_1_389' title='bbox 3712 1892 3801 1942; x_wconf 80' lang='grc' dir='ltr'>τῶν</span> <span class='ocrx_word' id='word_1_390' title='bbox 3843 1887 3907 1942; x_wconf 79' lang='grc' dir='ltr'>λό-</span> 
     </span>
    </p>
   </div>
   <div class='ocr_carea' id='block_1_54' title="bbox 2333 1973 3911 2055">
    <p class='ocr_par' dir='ltr' id='par_1_54' title="bbox 2333 1973 3911 2055">
     <span class='ocr_line' id='line_1_55' title="bbox 2333 1973 3911 2055; baseline -0.001 -25"><span class='ocrx_word' id='word_1_391' title='bbox 2333 1996 2444 2050; x_wconf 83' lang='grc' dir='ltr'>γων</span> <span class='ocrx_word' id='word_1_392' title='bbox 2526 1975 2789 2052; x_wconf 76' lang='grc' dir='ltr'>μάρτυρες</span> <span class='ocrx_word' id='word_1_393' title='bbox 2825 2021 2838 2034; x_wconf 93' lang='grc'><strong>.</strong></span> <span class='ocrx_word' id='word_1_394' title='bbox 2926 1984 3135 2055; x_wconf 84' lang='grc' dir='ltr'>Δεῖγμα</span> <span class='ocrx_word' id='word_1_395' title='bbox 3219 1975 3276 2033; x_wconf 76' lang='grc' dir='ltr'>δὲ</span> <span class='ocrx_word' id='word_1_396' title='bbox 3353 1978 3661 2033; x_wconf 68' lang='grc' dir='ltr'>ἀποστόλου</span> <span class='ocrx_word' id='word_1_397' title='bbox 3737 1973 3911 2049; x_wconf 67' lang='grc' dir='ltr'>μάλιστα</span> 
     </span>
    </p>
   </div>
   <div class='ocr_carea' id='block_1_55' title="bbox 2331 2063 3909 2144">
    <p class='ocr_par' dir='ltr' id='par_1_55' title="bbox 2331 2063 3909 2144">
     <span class='ocr_line' id='line_1_56' title="bbox 2331 2063 3909 2144; baseline 0.003 -25"><span class='ocrx_word' id='word_1_398' title='bbox 2331 2066 2394 2119; x_wconf 87' lang='grc' dir='ltr'>τὸ</span> <span class='ocrx_word' id='word_1_399' title='bbox 2453 2066 2630 2142; x_wconf 66' lang='grc' dir='ltr'>φερειν</span> <span class='ocrx_word' id='word_1_400' title='bbox 2717 2068 2888 2122; x_wconf 74' lang='grc' dir='ltr'>πάντα</span> <span class='ocrx_word' id='word_1_401' title='bbox 2973 2067 3250 2144; x_wconf 81' lang='grc' dir='ltr'>γενναίως.</span> <span class='ocrx_word' id='word_1_402' title='bbox 3319 2069 3460 2142; x_wconf 83' lang='grc' dir='ltr'>’Ὀρα</span> <span class='ocrx_word' id='word_1_403' title='bbox 3523 2063 3600 2135; x_wconf 72' lang='grc' dir='ltr'>δὲ,</span> <span class='ocrx_word' id='word_1_404' title='bbox 3646 2066 3722 2134; x_wconf 83' lang='grc' dir='ltr'>τὸ,</span> <span class='ocrx_word' id='word_1_405' title='bbox 3770 2089 3793 2118; x_wconf 87' lang='grc'>‹‹</span> <span class='ocrx_word' id='word_1_406' title='bbox 3832 2069 3909 2133; x_wconf 76' lang='grc' dir='ltr'>Τῆς</span> 
     </span>
    </p>
   </div>
   <div class='ocr_carea' id='block_1_56' title="bbox 2335 2151 3911 2231">
    <p class='ocr_par' dir='ltr' id='par_1_56' title="bbox 2335 2151 3911 2231">
     <span class='ocr_line' id='line_1_57' title="bbox 2335 2151 3911 2231; baseline -0.001 -22"><span class='ocrx_word' id='word_1_407' title='bbox 2335 2154 2636 2228; x_wconf 75' lang='grc' dir='ltr'>ὑπομονῆς,</span> <span class='ocrx_word' id='word_1_408' title='bbox 2671 2180 2698 2207; x_wconf 89' lang='grc'><strong>››</strong></span> <span class='ocrx_word' id='word_1_409' title='bbox 2752 2155 2882 2230; x_wconf 79' lang='grc' dir='ltr'>ὅπερ</span> <span class='ocrx_word' id='word_1_410' title='bbox 2941 2159 3006 2226; x_wconf 76' lang='grc' dir='ltr'>ἧν</span> <span class='ocrx_word' id='word_1_411' title='bbox 3070 2156 3235 2211; x_wconf 73' lang='grc' dir='ltr'>αὑτοῦ</span> <span class='ocrx_word' id='word_1_412' title='bbox 3293 2158 3486 2231; x_wconf 71' lang='grc' dir='ltr'>ἀρετὴ,</span> <span class='ocrx_word' id='word_1_413' title='bbox 3549 2161 3645 2230; x_wconf 83' lang='grc' dir='ltr'>μιᾷ</span> <span class='ocrx_word' id='word_1_414' title='bbox 3699 2154 3815 2225; x_wconf 73' lang='grc' dir='ltr'>λέξει</span> <span class='ocrx_word' id='word_1_415' title='bbox 3854 2151 3911 2208; x_wconf 79' lang='grc' dir='ltr'>τέ-</span> 
     </span>
    </p>
   </div>
   <div class='ocr_carea' id='block_1_57' title="bbox 2335 2243 3912 2321">
    <p class='ocr_par' dir='ltr' id='par_1_57' title="bbox 2335 2243 3912 2321">
     <span class='ocr_line' id='line_1_58' title="bbox 2335 2243 3912 2321; baseline -0.001 -23"><span class='ocrx_word' id='word_1_416' title='bbox 2335 2246 2499 2316; x_wconf 84' lang='grc' dir='ltr'>θεικε,</span> <span class='ocrx_word' id='word_1_417' title='bbox 2530 2248 2597 2303; x_wconf 73' lang='grc' dir='ltr'>τὰ</span> <span class='ocrx_word' id='word_1_418' title='bbox 2628 2245 2684 2302; x_wconf 73' lang='grc' dir='ltr'>δὲ</span> <span class='ocrx_word' id='word_1_419' title='bbox 2709 2251 2817 2301; x_wconf 78' lang='grc' dir='ltr'>τῶν</span> <span class='ocrx_word' id='word_1_420' title='bbox 2869 2248 3115 2321; x_wconf 82' lang='grc' dir='ltr'>σημείων</span> <span class='ocrx_word' id='word_1_421' title='bbox 3173 2249 3304 2321; x_wconf 81' lang='grc' dir='ltr'>ἅπερ</span> <span class='ocrx_word' id='word_1_422' title='bbox 3338 2245 3440 2301; x_wconf 83' lang='grc' dir='ltr'>οὑκ</span> <span class='ocrx_word' id='word_1_423' title='bbox 3497 2247 3564 2316; x_wconf 73' lang='grc' dir='ltr'>ἦν</span> <span class='ocrx_word' id='word_1_424' title='bbox 3620 2247 3788 2312; x_wconf 75' lang='grc' dir='ltr'>αὑτοῦ,</span> <span class='ocrx_word' id='word_1_425' title='bbox 3813 2243 3912 2299; x_wconf 58' lang='lat' dir='ltr'>illi</span> 
     </span>
    </p>
   </div>
   <div class='ocr_carea' id='block_1_58' title="bbox 2337 2331 3911 2413">
    <p class='ocr_par' dir='ltr' id='par_1_58' title="bbox 2337 2331 3911 2413">
     <span class='ocr_line' id='line_1_59' title="bbox 2337 2331 3911 2413; baseline 0.003 -24"><span class='ocrx_word' id='word_1_426' title='bbox 2337 2335 2563 2413; x_wconf 77' lang='grc' dir='ltr'>χάριτος</span> <span class='ocrx_word' id='word_1_427' title='bbox 2649 2339 2804 2404; x_wconf 77' lang='grc' dir='ltr'>Θεοῦ,</span> <span class='ocrx_word' id='word_1_428' title='bbox 2884 2331 2975 2390; x_wconf 73' lang='grc' dir='ltr'>διὰ</span> <span class='ocrx_word' id='word_1_429' title='bbox 3059 2333 3328 2391; x_wconf 66' lang='grc' dir='ltr'>πλειόνων</span> <span class='ocrx_word' id='word_1_430' title='bbox 3412 2334 3733 2412; x_wconf 62' lang='grc' dir='ltr'>ἐξηγήσατο.</span> <span class='ocrx_word' id='word_1_431' title='bbox 3775 2336 3911 2406; x_wconf 76' lang='grc' dir='ltr'>Ὅμως</span> 
     </span>
    </p>
   </div>
   <div class='ocr_carea' id='block_1_59' title="bbox 2338 2421 3912 2499">
    <p class='ocr_par' dir='ltr' id='par_1_59' title="bbox 2338 2421 3912 2499">
     <span class='ocr_line' id='line_1_60' title="bbox 2338 2421 3912 2499; baseline -0.001 -22"><span class='ocrx_word' id='word_1_432' title='bbox 2338 2425 2616 2480; x_wconf 82' lang='grc' dir='ltr'>σκόπειτὸ</span> <span class='ocrx_word' id='word_1_433' title='bbox 2662 2425 2915 2480; x_wconf 83' lang='grc' dir='ltr'>ταπεινὸν</span> <span class='ocrx_word' id='word_1_434' title='bbox 2977 2423 3219 2496; x_wconf 79' lang='grc' dir='ltr'>Παύλου,</span> <span class='ocrx_word' id='word_1_435' title='bbox 3279 2425 3421 2480; x_wconf 84' lang='grc' dir='ltr'>πόσα</span> <span class='ocrx_word' id='word_1_436' title='bbox 3483 2421 3822 2499; x_wconf 66' lang='grc' dir='ltr'>δεσμωτήρια,</span> <span class='ocrx_word' id='word_1_437' title='bbox 3847 2424 3912 2476; x_wconf 80' lang='grc' dir='ltr'>πό-</span> 
     </span>
    </p>
   </div>
   <div class='ocr_carea' id='block_1_60' title="bbox 2336 2510 3913 2589">
    <p class='ocr_par' dir='ltr' id='par_1_60' title="bbox 2336 2510 3913 2589">
     <span class='ocr_line' id='line_1_61' title="bbox 2336 2510 3913 2589; baseline -0.003 -22"><span class='ocrx_word' id='word_1_438' title='bbox 2336 2534 2427 2574; x_wconf 86' lang='grc' dir='ltr'>σας</span> <span class='ocrx_word' id='word_1_439' title='bbox 2460 2513 2699 2589; x_wconf 69' lang='grc' dir='ltr'>πληγὰς,</span> <span class='ocrx_word' id='word_1_440' title='bbox 2731 2513 2934 2576; x_wconf 82' lang='grc' dir='ltr'>πόσους</span> <span class='ocrx_word' id='word_1_441' title='bbox 2967 2511 3244 2576; x_wconf 69' lang='grc' dir='ltr'>κινδύνους</span> <span class='ocrx_word' id='word_1_442' title='bbox 3287 2516 3376 2569; x_wconf 77' lang='grc' dir='ltr'>καὶ</span> <span class='ocrx_word' id='word_1_443' title='bbox 3441 2510 3748 2575; x_wconf 72' lang='grc' dir='ltr'>ἐπιϐουλὰς,</span> <span class='ocrx_word' id='word_1_444' title='bbox 3797 2511 3913 2570; x_wconf 69' lang='grc' dir='ltr'>πόσας</span> 
     </span>
    </p>
   </div>
   <div class='ocr_carea' id='block_1_61' title="bbox 2336 2598 3913 2681">
    <p class='ocr_par' dir='ltr' id='par_1_61' title="bbox 2336 2598 3913 2681">
     <span class='ocr_line' id='line_1_62' title="bbox 2336 2598 3913 2681; baseline 0.003 -25"><span class='ocrx_word' id='word_1_445' title='bbox 2336 2598 2558 2681; x_wconf 75' lang='grc' dir='ltr'>νιφάδας</span> <span class='ocrx_word' id='word_1_446' title='bbox 2587 2607 2926 2678; x_wconf 76' lang='grc' dir='ltr'>πειρασμῶν,</span> <span class='ocrx_word' id='word_1_447' title='bbox 2973 2603 3173 2666; x_wconf 77' lang='grc' dir='ltr'>πόσους</span> <span class='ocrx_word' id='word_1_448' title='bbox 3233 2601 3520 2676; x_wconf 81' lang='grc' dir='ltr'>πολέμους</span> <span class='ocrx_word' id='word_1_449' title='bbox 3583 2601 3842 2679; x_wconf 66' lang='grc' dir='ltr'>ἐμφυλίους</span> <span class='ocrx_word' id='word_1_450' title='bbox 3879 2619 3913 2653; x_wconf 78' lang='grc' dir='ltr'>τε</span> 
     </span>
    </p>
   </div>
   <div class='ocr_carea' id='block_1_62' title="bbox 2334 2689 3912 2766">
    <p class='ocr_par' dir='ltr' id='par_1_62' title="bbox 2334 2689 3912 2766">
     <span class='ocr_line' id='line_1_63' title="bbox 2334 2689 3912 2766; baseline 0.002 -21"><span class='ocrx_word' id='word_1_451' title='bbox 2334 2689 2424 2745; x_wconf 82' lang='grc' dir='ltr'>καὶ</span> <span class='ocrx_word' id='word_1_452' title='bbox 2459 2689 2828 2765; x_wconf 77' lang='grc' dir='ltr'>ἐξωτερικοὺς,</span> <span class='ocrx_word' id='word_1_453' title='bbox 2870 2696 2968 2762; x_wconf 77' lang='grc' dir='ltr'>μιᾷ</span> <span class='ocrx_word' id='word_1_454' title='bbox 3028 2691 3164 2761; x_wconf 70' lang='grc' dir='ltr'>λέξει</span> <span class='ocrx_word' id='word_1_455' title='bbox 3219 2695 3310 2766; x_wconf 75' lang='grc' dir='ltr'>τῇ,</span> <span class='ocrx_word' id='word_1_456' title='bbox 3363 2715 3387 2744; x_wconf 78' lang='grc' dir='ltr'>ιι</span> <span class='ocrx_word' id='word_1_457' title='bbox 3454 2695 3573 2760; x_wconf 79' lang='grc' dir='ltr'>Τῆς</span> <span class='ocrx_word' id='word_1_458' title='bbox 3631 2692 3912 2763; x_wconf 70' lang='grc' dir='ltr'>ὑπομονῆς,υ</span> 
     </span>
    </p>
   </div>
   <div class='ocr_carea' id='block_1_63' title="bbox 2335 2779 3912 2857">
    <p class='ocr_par' dir='ltr' id='par_1_63' title="bbox 2335 2779 3912 2857">
     <span class='ocr_line' id='line_1_64' title="bbox 2335 2779 3912 2857; baseline 0.001 -21"><span class='ocrx_word' id='word_1_459' title='bbox 2335 2779 2698 2856; x_wconf 69' lang='grc' dir='ltr'>παρέδραμεν.</span> <span class='ocrx_word' id='word_1_460' title='bbox 2761 2808 2787 2833; x_wconf 90' lang='grc'><strong>‹‹</strong></span> <span class='ocrx_word' id='word_1_461' title='bbox 2848 2785 2934 2838; x_wconf 70' lang='lat' dir='ltr'>&#39;Lv</span> <span class='ocrx_word' id='word_1_462' title='bbox 2990 2782 3243 2855; x_wconf 79' lang='grc' dir='ltr'>σημείοις</span> <span class='ocrx_word' id='word_1_463' title='bbox 3315 2783 3401 2837; x_wconf 84' lang='grc' dir='ltr'>καὶ</span> <span class='ocrx_word' id='word_1_464' title='bbox 3462 2785 3665 2857; x_wconf 76' lang='grc' dir='ltr'>τέρασι,</span> <span class='ocrx_word' id='word_1_465' title='bbox 3696 2806 3718 2830; x_wconf 76' lang='grc' dir='ltr'>ι»</span> <span class='ocrx_word' id='word_1_466' title='bbox 3765 2781 3912 2838; x_wconf 53' lang='lat' dir='ltr'>litim:</span> 
     </span>
    </p>
   </div>
   <div class='ocr_carea' id='block_1_64' title="bbox 2333 2870 3912 2948">
    <p class='ocr_par' dir='ltr' id='par_1_64' title="bbox 2333 2870 3912 2948">
     <span class='ocr_line' id='line_1_65' title="bbox 2333 2870 3912 2948; baseline -0.004 -23"><span class='ocrx_word' id='word_1_467' title='bbox 2333 2873 2556 2946; x_wconf 76' lang='grc' dir='ltr'>νεκροὺς</span> <span class='ocrx_word' id='word_1_468' title='bbox 2644 2870 2974 2947; x_wconf 70' lang='grc' dir='ltr'>ἐγεροέιοτας,</span> <span class='ocrx_word' id='word_1_469' title='bbox 3056 2871 3147 2926; x_wconf 84' lang='grc' dir='ltr'>καὶ</span> <span class='ocrx_word' id='word_1_470' title='bbox 3211 2870 3455 2948; x_wconf 58' lang='grc' dir='ltr'>τυφλοὺς</span> <span class='ocrx_word' id='word_1_471' title='bbox 3539 2871 3912 2946; x_wconf 73' lang='grc' dir='ltr'>ὀμματωθέντας,</span> 
     </span>
    </p>
   </div>
   <div class='ocr_carea' id='block_1_65' title="bbox 2334 2958 3916 3035">
    <p class='ocr_par' dir='ltr' id='par_1_65' title="bbox 2334 2958 3916 3035">
     <span class='ocr_line' id='line_1_66' title="bbox 2334 2958 3916 3035; baseline -0.004 -21"><span class='ocrx_word' id='word_1_472' title='bbox 2334 2960 2423 3015; x_wconf 87' lang='grc' dir='ltr'>καὶ</span> <span class='ocrx_word' id='word_1_473' title='bbox 2473 2958 2707 3035; x_wconf 79' lang='grc' dir='ltr'>λεπροὺς</span> <span class='ocrx_word' id='word_1_474' title='bbox 2739 2960 3172 3032; x_wconf 73' lang='grc' dir='ltr'>καθαρισθέντας,</span> <span class='ocrx_word' id='word_1_475' title='bbox 3234 2961 3323 3016; x_wconf 83' lang='grc' dir='ltr'>καὶ</span> <span class='ocrx_word' id='word_1_476' title='bbox 3385 2958 3649 3034; x_wconf 74' lang='grc' dir='ltr'>δαίμονας</span> <span class='ocrx_word' id='word_1_477' title='bbox 3701 2959 3916 3015; x_wconf 71' lang='grc' dir='ltr'>ἐλαθὲντις</span> 
     </span>
    </p>
   </div>
   <div class='ocr_carea' id='block_1_66' title="bbox 2338 3045 3912 3125">
    <p class='ocr_par' dir='ltr' id='par_1_66' title="bbox 2338 3045 3912 3125">
     <span class='ocr_line' id='line_1_67' title="bbox 2338 3045 3912 3125; baseline -0.004 -20"><span class='ocrx_word' id='word_1_478' title='bbox 2338 3048 2555 3125; x_wconf 64' lang='grc' dir='ltr'>ᾐνίξατο</span> <span class='ocrx_word' id='word_1_479' title='bbox 2616 3049 2804 3118; x_wconf 82' lang='grc' dir='ltr'>εἰπὼν,</span> <span class='ocrx_word' id='word_1_480' title='bbox 2849 3074 2876 3102; x_wconf 89' lang='grc'>‹‹</span> <span class='ocrx_word' id='word_1_481' title='bbox 2909 3053 2995 3107; x_wconf 84' lang='grc' dir='ltr'>Ἐν</span> <span class='ocrx_word' id='word_1_482' title='bbox 3032 3051 3306 3124; x_wconf 81' lang='grc' dir='ltr'>σημείοις,</span> <span class='ocrx_word' id='word_1_483' title='bbox 3336 3051 3427 3106; x_wconf 78' lang='grc' dir='ltr'>καὶ</span> <span class='ocrx_word' id='word_1_484' title='bbox 3460 3051 3665 3125; x_wconf 76' lang='grc' dir='ltr'>τέρασι,</span> <span class='ocrx_word' id='word_1_485' title='bbox 3692 3049 3769 3104; x_wconf 81' lang='grc' dir='ltr'>καὶ</span> <span class='ocrx_word' id='word_1_486' title='bbox 3795 3045 3912 3101; x_wconf 71' lang='grc' dir='ltr'>δυνέ-</span> 
     </span>
    </p>
   </div>
   <div class='ocr_carea' id='block_1_67' title="bbox 2343 3137 3404 3214">
    <p class='ocr_par' dir='ltr' id='par_1_67' title="bbox 2343 3137 3404 3214">
     <span class='ocr_line' id='line_1_68' title="bbox 2343 3137 3404 3214; baseline -0.001 -19"><span class='ocrx_word' id='word_1_487' title='bbox 2343 3162 2487 3214; x_wconf 86' lang='grc' dir='ltr'>μεσι,</span> <span class='ocrx_word' id='word_1_488' title='bbox 2521 3165 2547 3192; x_wconf 89' lang='grc'>›·</span> <span class='ocrx_word' id='word_1_489' title='bbox 2577 3144 2684 3195; x_wconf 79' lang='grc' dir='ltr'>τῶν</span> <span class='ocrx_word' id='word_1_490' title='bbox 2713 3145 2879 3214; x_wconf 82' lang='grc' dir='ltr'>τριῶν</span> <span class='ocrx_word' id='word_1_491' title='bbox 2903 3137 2954 3195; x_wconf 82' lang='grc' dir='ltr'>ἕν</span> <span class='ocrx_word' id='word_1_492' title='bbox 2983 3161 3034 3194; x_wconf 88' lang='grc' dir='ltr'>τι</span> <span class='ocrx_word' id='word_1_493' title='bbox 3069 3137 3404 3206; x_wconf 68' lang='grc' dir='ltr'>δηλούντων,</span> 
     </span>
    </p>
   </div>
   <div class='ocr_carea' id='block_1_68' title="bbox 561 3227 3914 3304">
    <p class='ocr_par' dir='ltr' id='par_1_68' title="bbox 561 3227 3914 3304">
     <span class='ocr_line' id='line_1_69' title="bbox 561 3227 3914 3304; baseline 0 -19"><span class='ocrx_word' id='word_1_494' title='bbox 561 3234 868 3299; x_wconf 85' lang='lat' dir='ltr'>excitatos,</span> <span class='ocrx_word' id='word_1_495' title='bbox 901 3250 1088 3287; x_wconf 70' lang='lat' dir='ltr'>caseos</span> <span class='ocrx_word' id='word_1_496' title='bbox 1122 3233 1511 3298; x_wconf 84' lang='lat' dir='ltr'>illuminatos,</span> <span class='ocrx_word' id='word_1_497' title='bbox 1547 3234 1811 3304; x_wconf 84' lang='lat' dir='ltr'>leprosos</span> <span class='ocrx_word' id='word_1_498' title='bbox 1837 3232 2178 3298; x_wconf 82' lang='lat' dir='ltr'>mundatos,</span> <span class='ocrx_word' id='word_1_499' title='bbox 2211 3239 2269 3287; x_wconf 89' lang='lat' dir='ltr'>et</span> <span class='ocrx_word' id='word_1_500' title='bbox 2298 3233 2600 3288; x_wconf 80' lang='lat' dir='ltr'>dzemones</span> <span class='ocrx_word' id='word_1_501' title='bbox 2632 3231 2914 3301; x_wconf 89' lang='lat' dir='ltr'>expulsos</span> <span class='ocrx_word' id='word_1_502' title='bbox 2940 3231 3288 3304; x_wconf 76' lang='lat' dir='ltr'>designavit,</span> <span class='ocrx_word' id='word_1_503' title='bbox 3322 3231 3532 3290; x_wconf 88' lang='lat' dir='ltr'>dicens</span> <span class='ocrx_word' id='word_1_504' title='bbox 3567 3251 3580 3288; x_wconf 89' lang='lat'>:</span> <span class='ocrx_word' id='word_1_505' title='bbox 3617 3255 3642 3283; x_wconf 86' lang='lat'>«</span> <span class='ocrx_word' id='word_1_506' title='bbox 3715 3233 3807 3288; x_wconf 86' lang='lat' dir='ltr'>Per</span> <span class='ocrx_word' id='word_1_507' title='bbox 3851 3227 3914 3283; x_wconf 80' lang='lat' dir='ltr'>si-</span> 
     </span>
    </p>
   </div>
   <div class='ocr_carea' id='block_1_69' title="bbox 557 3319 3274 3394">
    <p class='ocr_par' dir='ltr' id='par_1_69' title="bbox 557 3319 3274 3394">
     <span class='ocr_line' id='line_1_70' title="bbox 557 3319 3274 3394; baseline 0.001 -20"><span class='ocrx_word' id='word_1_508' title='bbox 557 3336 673 3391; x_wconf 83' lang='lat' dir='ltr'>gna</span> <span class='ocrx_word' id='word_1_509' title='bbox 705 3328 763 3374; x_wconf 88' lang='lat' dir='ltr'>et</span> <span class='ocrx_word' id='word_1_510' title='bbox 793 3319 1060 3392; x_wconf 84' lang='lat' dir='ltr'>prodigia</span> <span class='ocrx_word' id='word_1_511' title='bbox 1091 3338 1156 3376; x_wconf 90' lang='lat' dir='ltr'>ac</span> <span class='ocrx_word' id='word_1_512' title='bbox 1191 3323 1342 3376; x_wconf 87' lang='lat' dir='ltr'>facta</span> <span class='ocrx_word' id='word_1_513' title='bbox 1377 3324 1660 3392; x_wconf 87' lang='lat' dir='ltr'>potentia,</span> <span class='ocrx_word' id='word_1_514' title='bbox 1696 3345 1722 3369; x_wconf 90' lang='grc'>››</span> <span class='ocrx_word' id='word_1_515' title='bbox 1757 3339 1889 3394; x_wconf 66' lang='lat' dir='ltr'>quae</span> <span class='ocrx_word' id='word_1_516' title='bbox 1928 3322 2038 3376; x_wconf 86' lang='lat' dir='ltr'>tria</span> <span class='ocrx_word' id='word_1_517' title='bbox 2071 3339 2256 3378; x_wconf 87' lang='lat' dir='ltr'>unum</span> <span class='ocrx_word' id='word_1_518' title='bbox 2289 3321 2572 3394; x_wconf 82' lang='lat' dir='ltr'>quiddam</span> <span class='ocrx_word' id='word_1_519' title='bbox 2606 3321 2882 3391; x_wconf 87' lang='lat' dir='ltr'>idemque</span> <span class='ocrx_word' id='word_1_520' title='bbox 2916 3320 3274 3394; x_wconf 84' lang='lat' dir='ltr'>signiﬁcant.</span> 
     </span>
    </p>
   </div>
   <div class='ocr_carea' id='block_1_70' title="bbox 639 3409 2222 3481">
    <p class='ocr_par' dir='ltr' id='par_1_70' title="bbox 639 3409 2222 3481">
     <span class='ocr_line' id='line_1_71' title="bbox 639 3409 2222 3481; baseline 0.002 -18"><span class='ocrx_word' id='word_1_521' title='bbox 639 3409 769 3472; x_wconf 82' lang='lat' dir='ltr'>X11,</span> <span class='ocrx_word' id='word_1_522' title='bbox 808 3410 894 3472; x_wconf 82' lang='lat' dir='ltr'>t3,</span> <span class='ocrx_word' id='word_1_523' title='bbox 931 3412 1017 3463; x_wconf 77' lang='grc'>14.</span> <span class='ocrx_word' id='word_1_524' title='bbox 1055 3430 1081 3458; x_wconf 92' lang='grc'><em>‹‹</em></span> <span class='ocrx_word' id='word_1_525' title='bbox 1116 3411 1259 3464; x_wconf 79' lang='lat' dir='ltr'>Nam</span> <span class='ocrx_word' id='word_1_526' title='bbox 1292 3411 1434 3480; x_wconf 90' lang='lat' dir='ltr'>quid</span> <span class='ocrx_word' id='word_1_527' title='bbox 1467 3418 1556 3465; x_wconf 91' lang='lat' dir='ltr'>est</span> <span class='ocrx_word' id='word_1_528' title='bbox 1582 3411 1642 3466; x_wconf 93' lang='lat' dir='ltr'>in</span> <span class='ocrx_word' id='word_1_529' title='bbox 1676 3426 1791 3481; x_wconf 86' lang='lat' dir='ltr'>quo</span> <span class='ocrx_word' id='word_1_530' title='bbox 1823 3411 2019 3466; x_wconf 85' lang='lat' dir='ltr'>fuistis</span> <span class='ocrx_word' id='word_1_531' title='bbox 2071 3411 2222 3466; x_wconf 85' lang='lat' dir='ltr'>infe-</span> 
     </span>
    </p>
   </div>
   <div class='ocr_carea' id='block_1_71' title="bbox 571 3499 2223 3574">
    <p class='ocr_par' dir='ltr' id='par_1_71' title="bbox 571 3499 2223 3574">
     <span class='ocr_line' id='line_1_72' title="bbox 571 3499 2223 3574; baseline 0.005 -25"><span class='ocrx_word' id='word_1_532' title='bbox 571 3521 599 3550; x_wconf 87' lang='grc'>‹‹</span> <span class='ocrx_word' id='word_1_533' title='bbox 635 3499 823 3554; x_wconf 89' lang='lat' dir='ltr'>riores</span> <span class='ocrx_word' id='word_1_534' title='bbox 855 3500 1084 3555; x_wconf 64' lang='lat' dir='ltr'>caeteris</span> <span class='ocrx_word' id='word_1_535' title='bbox 1119 3501 1420 3561; x_wconf 82' lang='lat' dir='ltr'>Ecclesiis.</span> <span class='ocrx_word' id='word_1_536' title='bbox 1452 3501 1569 3555; x_wconf 86' lang='lat' dir='ltr'>nisi</span> <span class='ocrx_word' id='word_1_537' title='bbox 1603 3502 1761 3572; x_wconf 89' lang='lat' dir='ltr'>quod</span> <span class='ocrx_word' id='word_1_538' title='bbox 1789 3519 1898 3574; x_wconf 82' lang='lat' dir='ltr'>ego</span> <span class='ocrx_word' id='word_1_539' title='bbox 1930 3503 2056 3574; x_wconf 91' lang='lat' dir='ltr'>ipse</span> <span class='ocrx_word' id='word_1_540' title='bbox 2103 3520 2223 3558; x_wconf 90' lang='lat' dir='ltr'>non</span> 
     </span>
    </p>
   </div>
   <div class='ocr_carea' id='block_1_72' title="bbox 581 3587 2222 3663">
    <p class='ocr_par' dir='ltr' id='par_1_72' title="bbox 581 3587 2222 3663">
     <span class='ocr_line' id='line_1_73' title="bbox 581 3587 2222 3663; baseline 0.003 -21"><span class='ocrx_word' id='word_1_541' title='bbox 581 3610 604 3642; x_wconf 75' lang='grc' dir='ltr'>α</span> <span class='ocrx_word' id='word_1_542' title='bbox 640 3587 856 3645; x_wconf 85' lang='lat' dir='ltr'>fuerim</span> <span class='ocrx_word' id='word_1_543' title='bbox 887 3591 1086 3663; x_wconf 81' lang='lat' dir='ltr'>segnis</span> <span class='ocrx_word' id='word_1_544' title='bbox 1118 3606 1256 3661; x_wconf 86' lang='lat' dir='ltr'>erga</span> <span class='ocrx_word' id='word_1_545' title='bbox 1288 3589 1435 3645; x_wconf 86' lang='lat' dir='ltr'>vos?</span> <span class='ocrx_word' id='word_1_546' title='bbox 1467 3590 1810 3646; x_wconf 85' lang='lat' dir='ltr'>Condonate</span> <span class='ocrx_word' id='word_1_547' title='bbox 1867 3591 2011 3645; x_wconf 89' lang='lat' dir='ltr'>mihi</span> <span class='ocrx_word' id='word_1_548' title='bbox 2071 3591 2222 3647; x_wconf 86' lang='lat' dir='ltr'>hanc</span> 
     </span>
    </p>
   </div>
   <div class='ocr_carea' id='block_1_73' title="bbox 578 3680 2224 3751">
    <p class='ocr_par' dir='ltr' id='par_1_73' title="bbox 578 3680 2224 3751">
     <span class='ocr_line' id='line_1_74' title="bbox 578 3680 2224 3751; baseline 0.004 -21"><span class='ocrx_word' id='word_1_549' title='bbox 578 3701 605 3730; x_wconf 84' lang='grc' dir='ltr'>(ι</span> <span class='ocrx_word' id='word_1_550' title='bbox 639 3680 946 3751; x_wconf 83' lang='lat' dir='ltr'>injuriam.</span> <span class='ocrx_word' id='word_1_551' title='bbox 984 3684 1124 3735; x_wconf 87' lang='lat' dir='ltr'>Ecce</span> <span class='ocrx_word' id='word_1_552' title='bbox 1158 3681 1329 3735; x_wconf 87' lang='lat' dir='ltr'>tertio</span> <span class='ocrx_word' id='word_1_553' title='bbox 1363 3686 1604 3751; x_wconf 85' lang='lat' dir='ltr'>paratus</span> <span class='ocrx_word' id='word_1_554' title='bbox 1635 3696 1766 3735; x_wconf 89' lang='lat' dir='ltr'>sum</span> <span class='ocrx_word' id='word_1_555' title='bbox 1797 3686 1864 3736; x_wconf 92' lang='lat' dir='ltr'>ut</span> <span class='ocrx_word' id='word_1_556' title='bbox 1891 3680 1964 3736; x_wconf 90' lang='lat' dir='ltr'>ad</span> <span class='ocrx_word' id='word_1_557' title='bbox 1995 3697 2094 3735; x_wconf 90' lang='lat' dir='ltr'>vos</span> <span class='ocrx_word' id='word_1_558' title='bbox 2123 3698 2224 3736; x_wconf 90' lang='lat' dir='ltr'>ve-</span> 
     </span>
    </p>
   </div>
   <div class='ocr_carea' id='block_1_74' title="bbox 568 3771 2222 3844">
    <p class='ocr_par' dir='ltr' id='par_1_74' title="bbox 568 3771 2222 3844">
     <span class='ocr_line' id='line_1_75' title="bbox 568 3771 2222 3844; baseline 0.001 -20"><span class='ocrx_word' id='word_1_559' title='bbox 568 3795 596 3824; x_wconf 89' lang='grc'>‹‹</span> <span class='ocrx_word' id='word_1_560' title='bbox 629 3773 931 3836; x_wconf 87' lang='lat' dir='ltr'>niam,nec</span> <span class='ocrx_word' id='word_1_561' title='bbox 948 3787 1047 3827; x_wconf 91' lang='lat' dir='ltr'>ero</span> <span class='ocrx_word' id='word_1_562' title='bbox 1066 3771 1261 3844; x_wconf 87' lang='lat' dir='ltr'>segnis</span> <span class='ocrx_word' id='word_1_563' title='bbox 1285 3787 1422 3843; x_wconf 86' lang='lat' dir='ltr'>erga</span> <span class='ocrx_word' id='word_1_564' title='bbox 1434 3771 1684 3826; x_wconf 92' lang='lat' dir='ltr'>vos.Non</span> <span class='ocrx_word' id='word_1_565' title='bbox 1703 3771 1862 3826; x_wconf 91' lang='lat' dir='ltr'>enim</span> <span class='ocrx_word' id='word_1_566' title='bbox 1878 3786 2077 3841; x_wconf 74' lang='lat' dir='ltr'>quaero</span> <span class='ocrx_word' id='word_1_567' title='bbox 2092 3787 2222 3841; x_wconf 67' lang='lat' dir='ltr'>qua)</span> 
     </span>
    </p>
   </div>
   <div class='ocr_carea' id='block_1_75' title="bbox 568 3859 2219 3931">
    <p class='ocr_par' dir='ltr' id='par_1_75' title="bbox 568 3859 2219 3931">
     <span class='ocr_line' id='line_1_76' title="bbox 568 3859 2219 3931; baseline 0.002 -20"><span class='ocrx_word' id='word_1_568' title='bbox 568 3868 824 3916; x_wconf 78' lang='lat' dir='ltr'>«vestra</span> <span class='ocrx_word' id='word_1_569' title='bbox 855 3860 1124 3931; x_wconf 88' lang='lat' dir='ltr'>sunt,sed</span> <span class='ocrx_word' id='word_1_570' title='bbox 1175 3877 1297 3914; x_wconf 88' lang='lat' dir='ltr'>vos.</span> <span class='ocrx_word' id='word_1_571' title='bbox 1350 3860 1651 3930; x_wconf 90' lang='lat' dir='ltr'>Siquidem</span> <span class='ocrx_word' id='word_1_572' title='bbox 1703 3876 1824 3915; x_wconf 90' lang='lat' dir='ltr'>non</span> <span class='ocrx_word' id='word_1_573' title='bbox 1867 3859 2084 3914; x_wconf 91' lang='lat' dir='ltr'>debent</span> <span class='ocrx_word' id='word_1_574' title='bbox 2115 3859 2219 3914; x_wconf 80' lang='lat' dir='ltr'>filii</span> 
     </span>
    </p>
   </div>
   <div class='ocr_carea' id='block_1_76' title="bbox 574 3949 2069 4022">
    <p class='ocr_par' dir='ltr' id='par_1_76' title="bbox 574 3949 2069 4022">
     <span class='ocr_line' id='line_1_77' title="bbox 574 3949 2069 4022; baseline -0.003 -17"><span class='ocrx_word' id='word_1_575' title='bbox 574 3973 602 4000; x_wconf 86' lang='lat'><strong>«</strong></span> <span class='ocrx_word' id='word_1_576' title='bbox 631 3950 985 4021; x_wconf 86' lang='lat' dir='ltr'>parentibus</span> <span class='ocrx_word' id='word_1_577' title='bbox 1017 3951 1363 4016; x_wconf 90' lang='lat' dir='ltr'>recondere,</span> <span class='ocrx_word' id='word_1_578' title='bbox 1399 3950 1502 4004; x_wconf 92' lang='lat' dir='ltr'>sed</span> <span class='ocrx_word' id='word_1_579' title='bbox 1534 3956 1810 4022; x_wconf 90' lang='lat' dir='ltr'>parentes</span> <span class='ocrx_word' id='word_1_580' title='bbox 1844 3949 2004 4005; x_wconf 78' lang='lat' dir='ltr'>ﬁliis.</span> <span class='ocrx_word' id='word_1_581' title='bbox 2042 3971 2069 4000; x_wconf 83' lang='lat'>»</span> 
     </span>
    </p>
   </div>
   <div class='ocr_carea' id='block_1_77' title="bbox 643 4039 2217 4114">
    <p class='ocr_par' dir='ltr' id='par_1_77' title="bbox 643 4039 2217 4114">
     <span class='ocr_line' id='line_1_78' title="bbox 643 4039 2217 4114; baseline 0.001 -19"><span class='ocrx_word' id='word_1_582' title='bbox 643 4041 786 4095; x_wconf 73' lang='grc' dir='ltr'>τοι</span> <span class='ocrx_word' id='word_1_583' title='bbox 818 4041 899 4096; x_wconf 88' lang='lat' dir='ltr'>Ne</span> <span class='ocrx_word' id='word_1_584' title='bbox 921 4041 1053 4110; x_wconf 88' lang='lat' dir='ltr'>quis</span> <span class='ocrx_word' id='word_1_585' title='bbox 1075 4040 1269 4096; x_wconf 88' lang='lat' dir='ltr'>dicat:</span> <span class='ocrx_word' id='word_1_586' title='bbox 1297 4043 1539 4114; x_wconf 85' lang='lat' dir='ltr'>Magnus</span> <span class='ocrx_word' id='word_1_587' title='bbox 1563 4039 1803 4110; x_wconf 88' lang='lat' dir='ltr'>quidem</span> <span class='ocrx_word' id='word_1_588' title='bbox 1839 4056 1922 4106; x_wconf 91' lang='lat' dir='ltr'>es,</span> <span class='ocrx_word' id='word_1_589' title='bbox 1958 4045 2217 4096; x_wconf 86' lang='lat' dir='ltr'>attamen</span> 
     </span>
    </p>
   </div>
   <div class='ocr_carea' id='block_1_78' title="bbox 570 4129 2220 4202">
    <p class='ocr_par' dir='ltr' id='par_1_78' title="bbox 570 4129 2220 4202">
     <span class='ocr_line' id='line_1_79' title="bbox 570 4129 2220 4202; baseline 0 -18"><span class='ocrx_word' id='word_1_590' title='bbox 570 4145 691 4185; x_wconf 90' lang='lat' dir='ltr'>non</span> <span class='ocrx_word' id='word_1_591' title='bbox 715 4136 880 4186; x_wconf 88' lang='lat' dir='ltr'>tanta</span> <span class='ocrx_word' id='word_1_592' title='bbox 901 4136 1179 4200; x_wconf 88' lang='lat' dir='ltr'>operatus</span> <span class='ocrx_word' id='word_1_593' title='bbox 1203 4131 1590 4202; x_wconf 89' lang='lat' dir='ltr'>es,quantain</span> <span class='ocrx_word' id='word_1_594' title='bbox 1631 4129 1765 4186; x_wconf 89' lang='lat' dir='ltr'>aliis</span> <span class='ocrx_word' id='word_1_595' title='bbox 1804 4129 2085 4184; x_wconf 86' lang='lat' dir='ltr'>Ecclesiis</span> <span class='ocrx_word' id='word_1_596' title='bbox 2115 4145 2220 4184; x_wconf 76' lang='lat' dir='ltr'>cae-</span> 
     </span>
    </p>
   </div>
   <div class='ocr_carea' id='block_1_79' title="bbox 564 4218 2218 4291">
    <p class='ocr_par' dir='ltr' id='par_1_79' title="bbox 564 4218 2218 4291">
     <span class='ocr_line' id='line_1_80' title="bbox 564 4218 2218 4291; baseline 0 -17"><span class='ocrx_word' id='word_1_597' title='bbox 564 4219 679 4274; x_wconf 85' lang='lat' dir='ltr'>teri</span> <span class='ocrx_word' id='word_1_598' title='bbox 707 4219 985 4291; x_wconf 90' lang='lat' dir='ltr'>apostoli,</span> <span class='ocrx_word' id='word_1_599' title='bbox 1019 4220 1139 4276; x_wconf 89' lang='lat' dir='ltr'>ait:</span> <span class='ocrx_word' id='word_1_600' title='bbox 1175 4243 1201 4269; x_wconf 86' lang='lat'>«</span> <span class='ocrx_word' id='word_1_601' title='bbox 1235 4221 1380 4276; x_wconf 78' lang='lat' dir='ltr'>Nam</span> <span class='ocrx_word' id='word_1_602' title='bbox 1416 4219 1560 4291; x_wconf 89' lang='lat' dir='ltr'>quid</span> <span class='ocrx_word' id='word_1_603' title='bbox 1591 4227 1678 4275; x_wconf 89' lang='lat' dir='ltr'>est</span> <span class='ocrx_word' id='word_1_604' title='bbox 1737 4220 1798 4274; x_wconf 91' lang='lat' dir='ltr'>in</span> <span class='ocrx_word' id='word_1_605' title='bbox 1849 4236 1963 4290; x_wconf 89' lang='lat' dir='ltr'>quo</span> <span class='ocrx_word' id='word_1_606' title='bbox 2024 4218 2218 4274; x_wconf 84' lang='lat' dir='ltr'>fuistis</span> 
     </span>
    </p>
   </div>
   <div class='ocr_carea' id='block_1_80' title="bbox 559 4309 2219 4381">
    <p class='ocr_par' dir='ltr' id='par_1_80' title="bbox 559 4309 2219 4381">
     <span class='ocr_line' id='line_1_81' title="bbox 559 4309 2219 4381; baseline 0 -17"><span class='ocrx_word' id='word_1_607' title='bbox 559 4309 926 4366; x_wconf 82' lang='lat' dir='ltr'>inferiores?</span> <span class='ocrx_word' id='word_1_608' title='bbox 959 4333 986 4360; x_wconf 88' lang='grc'><strong>››</strong></span> <span class='ocrx_word' id='word_1_609' title='bbox 1023 4311 1140 4366; x_wconf 89' lang='lat' dir='ltr'>Hoc</span> <span class='ocrx_word' id='word_1_610' title='bbox 1171 4315 1278 4377; x_wconf 91' lang='lat' dir='ltr'>est,</span> <span class='ocrx_word' id='word_1_611' title='bbox 1316 4310 1514 4366; x_wconf 88' lang='lat' dir='ltr'>minus</span> <span class='ocrx_word' id='word_1_612' title='bbox 1542 4310 1833 4366; x_wconf 89' lang='lat' dir='ltr'>habuistis</span> <span class='ocrx_word' id='word_1_613' title='bbox 1882 4326 2058 4381; x_wconf 85' lang='lat' dir='ltr'>quam</span> <span class='ocrx_word' id='word_1_614' title='bbox 2105 4326 2219 4364; x_wconf 70' lang='lat' dir='ltr'>cm-</span> 
     </span>
    </p>
   </div>
   <div class='ocr_carea' id='block_1_81' title="bbox 558 4398 2218 4471">
    <p class='ocr_par' dir='ltr' id='par_1_81' title="bbox 558 4398 2218 4471">
     <span class='ocr_line' id='line_1_82' title="bbox 558 4398 2218 4471; baseline -0.001 -17"><span class='ocrx_word' id='word_1_615' title='bbox 558 4405 700 4454; x_wconf 66' lang='lat' dir='ltr'>terai</span> <span class='ocrx_word' id='word_1_616' title='bbox 736 4398 1065 4454; x_wconf 58' lang='lat' dir='ltr'>Ecclesia)?</span> <span class='ocrx_word' id='word_1_617' title='bbox 1115 4416 1259 4455; x_wconf 90' lang='lat' dir='ltr'>num</span> <span class='ocrx_word' id='word_1_618' title='bbox 1319 4400 1646 4463; x_wconf 88' lang='lat' dir='ltr'>minorem,</span> <span class='ocrx_word' id='word_1_619' title='bbox 1707 4399 1920 4470; x_wconf 88' lang='lat' dir='ltr'>inquit,</span> <span class='ocrx_word' id='word_1_620' title='bbox 1968 4399 2218 4471; x_wconf 86' lang='lat' dir='ltr'>gratiam</span> 
     </span>
    </p>
   </div>
   <div class='ocr_carea' id='block_1_82' title="bbox 561 4487 2215 4560">
    <p class='ocr_par' dir='ltr' id='par_1_82' title="bbox 561 4487 2215 4560">
     <span class='ocr_line' id='line_1_83' title="bbox 561 4487 2215 4560; baseline -0.001 -16"><span class='ocrx_word' id='word_1_621' title='bbox 561 4489 1071 4560; x_wconf 80' lang='lat' dir='ltr'>participastis?u</span> <span class='ocrx_word' id='word_1_622' title='bbox 1109 4489 1229 4543; x_wconf 78' lang='lat' dir='ltr'>Nisi</span> <span class='ocrx_word' id='word_1_623' title='bbox 1291 4489 1447 4558; x_wconf 91' lang='lat' dir='ltr'>quod</span> <span class='ocrx_word' id='word_1_624' title='bbox 1504 4505 1607 4560; x_wconf 78' lang='lat' dir='ltr'>ego</span> <span class='ocrx_word' id='word_1_625' title='bbox 1669 4489 1814 4559; x_wconf 88' lang='lat' dir='ltr'>ipse.</span> <span class='ocrx_word' id='word_1_626' title='bbox 1847 4510 1874 4537; x_wconf 87' lang='grc'><strong>››</strong></span> <span class='ocrx_word' id='word_1_627' title='bbox 1944 4487 2215 4542; x_wconf 89' lang='lat' dir='ltr'>Punitivo</span> 
     </span>
    </p>
   </div>
   <div class='ocr_carea' id='block_1_83' title="bbox 564 4576 2216 4646">
    <p class='ocr_par' dir='ltr' id='par_1_83' title="bbox 564 4576 2216 4646">
     <span class='ocr_line' id='line_1_84' title="bbox 564 4576 2216 4646; baseline -0.001 -14"><span class='ocrx_word' id='word_1_628' title='bbox 564 4593 840 4634; x_wconf 85' lang='lat' dir='ltr'>sermone</span> <span class='ocrx_word' id='word_1_629' title='bbox 874 4595 1016 4633; x_wconf 91' lang='lat' dir='ltr'>usus</span> <span class='ocrx_word' id='word_1_630' title='bbox 1049 4585 1138 4633; x_wconf 89' lang='lat' dir='ltr'>est</span> <span class='ocrx_word' id='word_1_631' title='bbox 1172 4595 1184 4630; x_wconf 86' lang='lat'><strong>:</strong></span> <span class='ocrx_word' id='word_1_632' title='bbox 1215 4577 1329 4632; x_wconf 88' lang='lat' dir='ltr'>nisi</span> <span class='ocrx_word' id='word_1_633' title='bbox 1385 4578 1652 4634; x_wconf 79' lang='lat' dir='ltr'>fortassis</span> <span class='ocrx_word' id='word_1_634' title='bbox 1711 4576 1820 4630; x_wconf 91' lang='lat' dir='ltr'>hoc</span> <span class='ocrx_word' id='word_1_635' title='bbox 1880 4577 2023 4631; x_wconf 90' lang='lat' dir='ltr'>mihi</span> <span class='ocrx_word' id='word_1_636' title='bbox 2058 4576 2216 4646; x_wconf 88' lang='lat' dir='ltr'>quis-</span> 
     </span>
    </p>
   </div>
   <div class='ocr_carea' id='block_1_84' title="bbox 562 4664 2212 4740">
    <p class='ocr_par' dir='ltr' id='par_1_84' title="bbox 562 4664 2212 4740">
     <span class='ocr_line' id='line_1_85' title="bbox 562 4664 2212 4740; baseline 0 -21"><span class='ocrx_word' id='word_1_637' title='bbox 562 4665 722 4740; x_wconf 85' lang='lat' dir='ltr'>piam</span> <span class='ocrx_word' id='word_1_638' title='bbox 754 4667 891 4722; x_wconf 89' lang='lat' dir='ltr'>vitio</span> <span class='ocrx_word' id='word_1_639' title='bbox 925 4672 1112 4722; x_wconf 87' lang='lat' dir='ltr'>vertat</span> <span class='ocrx_word' id='word_1_640' title='bbox 1145 4666 1300 4737; x_wconf 87' lang='lat' dir='ltr'>quod</span> <span class='ocrx_word' id='word_1_641' title='bbox 1339 4665 1481 4722; x_wconf 91' lang='lat' dir='ltr'>dum</span> <span class='ocrx_word' id='word_1_642' title='bbox 1538 4681 1738 4719; x_wconf 89' lang='lat' dir='ltr'>versor</span> <span class='ocrx_word' id='word_1_643' title='bbox 1792 4664 2096 4720; x_wconf 78' lang='lat' dir='ltr'>vobiscum</span> <span class='ocrx_word' id='word_1_644' title='bbox 2155 4671 2212 4719; x_wconf 91' lang='lat' dir='ltr'>et</span> 
     </span>
    </p>
   </div>
   <div class='ocr_carea' id='block_1_85' title="bbox 562 4754 2211 4828">
    <p class='ocr_par' dir='ltr' id='par_1_85' title="bbox 562 4754 2211 4828">
     <span class='ocr_line' id='line_1_86' title="bbox 562 4754 2211 4828; baseline -0.001 -20"><span class='ocrx_word' id='word_1_645' title='bbox 562 4769 827 4826; x_wconf 69' lang='lat' dir='ltr'>praesens</span> <span class='ocrx_word' id='word_1_646' title='bbox 847 4773 998 4819; x_wconf 87' lang='lat' dir='ltr'>sum,</span> <span class='ocrx_word' id='word_1_647' title='bbox 1034 4758 1173 4813; x_wconf 88' lang='lat' dir='ltr'>totis</span> <span class='ocrx_word' id='word_1_648' title='bbox 1210 4757 1432 4812; x_wconf 85' lang='lat' dir='ltr'>viribus</span> <span class='ocrx_word' id='word_1_649' title='bbox 1476 4771 1788 4828; x_wconf 78' lang='lat' dir='ltr'>procurem</span> <span class='ocrx_word' id='word_1_650' title='bbox 1839 4754 2090 4809; x_wconf 87' lang='lat' dir='ltr'>salutem</span> <span class='ocrx_word' id='word_1_651' title='bbox 2121 4769 2211 4808; x_wconf 87' lang='lat' dir='ltr'>ve-</span> 
     </span>
    </p>
   </div>
   <div class='ocr_carea' id='block_1_86' title="bbox 563 4843 2208 4917">
    <p class='ocr_par' dir='ltr' id='par_1_86' title="bbox 563 4843 2208 4917">
     <span class='ocr_line' id='line_1_87' title="bbox 563 4843 2208 4917; baseline -0.001 -21"><span class='ocrx_word' id='word_1_652' title='bbox 563 4848 764 4906; x_wconf 81' lang='lat' dir='ltr'>stram,</span> <span class='ocrx_word' id='word_1_653' title='bbox 800 4845 1015 4900; x_wconf 85' lang='lat' dir='ltr'>absens</span> <span class='ocrx_word' id='word_1_654' title='bbox 1048 4863 1153 4917; x_wconf 91' lang='lat' dir='ltr'>per</span> <span class='ocrx_word' id='word_1_655' title='bbox 1202 4845 1484 4917; x_wconf 87' lang='lat' dir='ltr'>epistolas</span> <span class='ocrx_word' id='word_1_656' title='bbox 1543 4843 1694 4898; x_wconf 87' lang='lat' dir='ltr'>viam</span> <span class='ocrx_word' id='word_1_657' title='bbox 1744 4846 2208 4897; x_wconf 87' lang='lat' dir='ltr'>commonstrem</span> 
     </span>
    </p>
   </div>
   <div class='ocr_carea' id='block_1_87' title="bbox 561 4929 2207 5007">
    <p class='ocr_par' dir='ltr' id='par_1_87' title="bbox 561 4929 2207 5007">
     <span class='ocr_line' id='line_1_88' title="bbox 561 4929 2207 5007; baseline 0 -23"><span class='ocrx_word' id='word_1_658' title='bbox 561 4929 634 4985; x_wconf 88' lang='lat' dir='ltr'>ad</span> <span class='ocrx_word' id='word_1_659' title='bbox 667 4948 737 4987; x_wconf 83' lang='lat' dir='ltr'>ea</span> <span class='ocrx_word' id='word_1_660' title='bbox 768 4949 898 5004; x_wconf 76' lang='lat' dir='ltr'>quae</span> <span class='ocrx_word' id='word_1_661' title='bbox 930 4935 1158 5007; x_wconf 88' lang='lat' dir='ltr'>agenda</span> <span class='ocrx_word' id='word_1_662' title='bbox 1192 4943 1347 5000; x_wconf 86' lang='lat' dir='ltr'>sunt,</span> <span class='ocrx_word' id='word_1_663' title='bbox 1385 4940 1443 4990; x_wconf 92' lang='lat' dir='ltr'>et</span> <span class='ocrx_word' id='word_1_664' title='bbox 1476 4935 1536 4988; x_wconf 93' lang='lat' dir='ltr'>in</span> <span class='ocrx_word' id='word_1_665' title='bbox 1594 4932 1758 4988; x_wconf 90' lang='lat' dir='ltr'>nullo</span> <span class='ocrx_word' id='word_1_666' title='bbox 1824 4947 2028 4988; x_wconf 89' lang='lat' dir='ltr'>eorum</span> <span class='ocrx_word' id='word_1_667' title='bbox 2076 4947 2207 5001; x_wconf 67' lang='lat' dir='ltr'>qua)</span> 
     </span>
    </p>
   </div>
   <div class='ocr_carea' id='block_1_88' title="bbox 558 5018 2208 5097">
    <p class='ocr_par' dir='ltr' id='par_1_88' title="bbox 558 5018 2208 5097">
     <span class='ocr_line' id='line_1_89' title="bbox 558 5018 2208 5097; baseline 0.001 -24"><span class='ocrx_word' id='word_1_668' title='bbox 558 5018 722 5074; x_wconf 84' lang='lat' dir='ltr'>vobis</span> <span class='ocrx_word' id='word_1_669' title='bbox 745 5023 916 5078; x_wconf 82' lang='lat' dir='ltr'>utilia</span> <span class='ocrx_word' id='word_1_670' title='bbox 941 5030 1098 5088; x_wconf 91' lang='lat' dir='ltr'>sunt,</span> <span class='ocrx_word' id='word_1_671' title='bbox 1126 5025 1361 5097; x_wconf 83' lang='lat' dir='ltr'>segnior</span> <span class='ocrx_word' id='word_1_672' title='bbox 1384 5023 1596 5079; x_wconf 85' lang='lat' dir='ltr'>fuerim</span> <span class='ocrx_word' id='word_1_673' title='bbox 1623 5030 1682 5077; x_wconf 91' lang='lat' dir='ltr'>et</span> <span class='ocrx_word' id='word_1_674' title='bbox 1718 5023 1932 5078; x_wconf 87' lang='lat' dir='ltr'>absens</span> <span class='ocrx_word' id='word_1_675' title='bbox 1980 5028 2037 5076; x_wconf 93' lang='lat' dir='ltr'>et</span> <span class='ocrx_word' id='word_1_676' title='bbox 2065 5036 2208 5092; x_wconf 69' lang='lat' dir='ltr'>pre:-</span> 
     </span>
    </p>
   </div>
   <div class='ocr_carea' id='block_1_89' title="bbox 557 5114 2205 5188">
    <p class='ocr_par' dir='ltr' id='par_1_89' title="bbox 557 5114 2205 5188">
     <span class='ocr_line' id='line_1_90' title="bbox 557 5114 2205 5188; baseline -0.001 -20"><span class='ocrx_word' id='word_1_677' title='bbox 557 5114 778 5168; x_wconf 89' lang='lat' dir='ltr'>sens.Si</span> <span class='ocrx_word' id='word_1_678' title='bbox 804 5116 940 5185; x_wconf 88' lang='lat' dir='ltr'>quid</span> <span class='ocrx_word' id='word_1_679' title='bbox 970 5117 1030 5172; x_wconf 90' lang='lat' dir='ltr'>iu</span> <span class='ocrx_word' id='word_1_680' title='bbox 1080 5117 1191 5172; x_wconf 94' lang='lat' dir='ltr'>hoc</span> <span class='ocrx_word' id='word_1_681' title='bbox 1245 5134 1444 5188; x_wconf 87' lang='lat' dir='ltr'>pecco.</span> <span class='ocrx_word' id='word_1_682' title='bbox 1496 5117 1825 5171; x_wconf 84' lang='lat' dir='ltr'>condonate</span> <span class='ocrx_word' id='word_1_683' title='bbox 1874 5114 2021 5169; x_wconf 90' lang='lat' dir='ltr'>mihi</span> <span class='ocrx_word' id='word_1_684' title='bbox 2053 5114 2205 5168; x_wconf 89' lang='lat' dir='ltr'>hanc</span> 
     </span>
    </p>
   </div>
   <div class='ocr_carea' id='block_1_90' title="bbox 551 5203 2204 5278">
    <p class='ocr_par' dir='ltr' id='par_1_90' title="bbox 551 5203 2204 5278">
     <span class='ocr_line' id='line_1_91' title="bbox 551 5203 2204 5278; baseline -0.001 -22"><span class='ocrx_word' id='word_1_685' title='bbox 551 5203 861 5272; x_wconf 63' lang='lat' dir='ltr'>iniuriam,</span> <span class='ocrx_word' id='word_1_686' title='bbox 897 5212 954 5260; x_wconf 91' lang='lat' dir='ltr'>et</span> <span class='ocrx_word' id='word_1_687' title='bbox 984 5206 1270 5278; x_wconf 81' lang='lat' dir='ltr'>ignoscite</span> <span class='ocrx_word' id='word_1_688' title='bbox 1302 5208 1583 5277; x_wconf 79' lang='lat' dir='ltr'>injuriam</span> <span class='ocrx_word' id='word_1_689' title='bbox 1642 5205 1904 5262; x_wconf 89' lang='lat' dir='ltr'>facienti.</span> <span class='ocrx_word' id='word_1_690' title='bbox 1966 5233 2034 5242; x_wconf 92' lang='lat'><strong>—</strong></span> <span class='ocrx_word' id='word_1_691' title='bbox 2083 5203 2204 5258; x_wconf 85' lang='lat' dir='ltr'>Nisi</span> 
     </span>
    </p>
   </div>
   <div class='ocr_carea' id='block_1_91' title="bbox 554 5292 2202 5366">
    <p class='ocr_par' dir='ltr' id='par_1_91' title="bbox 554 5292 2202 5366">
     <span class='ocr_line' id='line_1_92' title="bbox 554 5292 2202 5366; baseline -0.001 -18"><span class='ocrx_word' id='word_1_692' title='bbox 554 5293 711 5364; x_wconf 89' lang='lat' dir='ltr'>quod</span> <span class='ocrx_word' id='word_1_693' title='bbox 734 5310 837 5366; x_wconf 87' lang='lat' dir='ltr'>ego</span> <span class='ocrx_word' id='word_1_694' title='bbox 866 5295 990 5366; x_wconf 90' lang='lat' dir='ltr'>ipse</span> <span class='ocrx_word' id='word_1_695' title='bbox 1015 5295 1161 5349; x_wconf 91' lang='lat' dir='ltr'>mihi</span> <span class='ocrx_word' id='word_1_696' title='bbox 1187 5312 1303 5350; x_wconf 87' lang='lat' dir='ltr'>non</span> <span class='ocrx_word' id='word_1_697' title='bbox 1331 5295 1705 5363; x_wconf 84' lang='lat' dir='ltr'>indulserim,</span> <span class='ocrx_word' id='word_1_698' title='bbox 1730 5294 1928 5350; x_wconf 89' lang='lat' dir='ltr'>omnia</span> <span class='ocrx_word' id='word_1_699' title='bbox 1975 5292 2202 5347; x_wconf 85' lang='lat' dir='ltr'>faciens</span> 
     </span>
    </p>
   </div>
   <div class='ocr_carea' id='block_1_92' title="bbox 548 5383 2204 5457">
    <p class='ocr_par' dir='ltr' id='par_1_92' title="bbox 548 5383 2204 5457">
     <span class='ocr_line' id='line_1_93' title="bbox 548 5383 2204 5457; baseline 0 -19"><span class='ocrx_word' id='word_1_700' title='bbox 548 5385 738 5456; x_wconf 75' lang='lat' dir='ltr'>gratia</span> <span class='ocrx_word' id='word_1_701' title='bbox 767 5386 970 5451; x_wconf 88' lang='lat' dir='ltr'>vestri,</span> <span class='ocrx_word' id='word_1_702' title='bbox 1004 5401 1198 5456; x_wconf 91' lang='lat' dir='ltr'>neque</span> <span class='ocrx_word' id='word_1_703' title='bbox 1230 5385 1593 5457; x_wconf 82' lang='lat' dir='ltr'>neglexerim</span> <span class='ocrx_word' id='word_1_704' title='bbox 1625 5403 1746 5449; x_wconf 92' lang='lat' dir='ltr'>vos,</span> <span class='ocrx_word' id='word_1_705' title='bbox 1780 5401 1923 5440; x_wconf 90' lang='lat' dir='ltr'>num</span> <span class='ocrx_word' id='word_1_706' title='bbox 1974 5383 2036 5439; x_wconf 90' lang='lat' dir='ltr'>in</span> <span class='ocrx_word' id='word_1_707' title='bbox 2090 5383 2204 5438; x_wconf 91' lang='lat' dir='ltr'>hoc</span> 
     </span>
    </p>
   </div>
   <div class='ocr_carea' id='block_1_93' title="bbox 547 5471 2201 5548">
    <p class='ocr_par' dir='ltr' id='par_1_93' title="bbox 547 5471 2201 5548">
     <span class='ocr_line' id='line_1_94' title="bbox 547 5471 2201 5548; baseline -0.002 -18"><span class='ocrx_word' id='word_1_708' title='bbox 547 5474 860 5531; x_wconf 89' lang='lat' dir='ltr'>inferiores</span> <span class='ocrx_word' id='word_1_709' title='bbox 890 5475 1144 5531; x_wconf 87' lang='lat' dir='ltr'>fuistis?</span> <span class='ocrx_word' id='word_1_710' title='bbox 1202 5477 1347 5532; x_wconf 84' lang='lat' dir='ltr'>Num</span> <span class='ocrx_word' id='word_1_711' title='bbox 1408 5476 1520 5531; x_wconf 90' lang='lat' dir='ltr'>hoc</span> <span class='ocrx_word' id='word_1_712' title='bbox 1578 5476 1865 5548; x_wconf 87' lang='lat' dir='ltr'>injuriam</span> <span class='ocrx_word' id='word_1_713' title='bbox 1927 5471 2201 5530; x_wconf 83' lang='lat' dir='ltr'>ducitis?</span> 
     </span>
    </p>
   </div>
   <div class='ocr_carea' id='block_1_94' title="bbox 551 5565 2199 5639">
    <p class='ocr_par' dir='ltr' id='par_1_94' title="bbox 551 5565 2199 5639">
     <span class='ocr_line' id='line_1_95' title="bbox 551 5565 2199 5639; baseline -0.001 -19"><span class='ocrx_word' id='word_1_714' title='bbox 551 5565 892 5621; x_wconf 86' lang='lat' dir='ltr'>Condonate</span> <span class='ocrx_word' id='word_1_715' title='bbox 923 5566 1066 5621; x_wconf 87' lang='lat' dir='ltr'>mihi</span> <span class='ocrx_word' id='word_1_716' title='bbox 1098 5565 1250 5623; x_wconf 90' lang='lat' dir='ltr'>hanc</span> <span class='ocrx_word' id='word_1_717' title='bbox 1281 5566 1585 5639; x_wconf 86' lang='lat' dir='ltr'>injuriam.</span> <span class='ocrx_word' id='word_1_718' title='bbox 1625 5589 1653 5615; x_wconf 93' lang='grc'><strong>‹‹</strong></span> <span class='ocrx_word' id='word_1_719' title='bbox 1685 5566 1831 5621; x_wconf 87' lang='lat' dir='ltr'>Ecce</span> <span class='ocrx_word' id='word_1_720' title='bbox 1865 5567 2036 5620; x_wconf 89' lang='lat' dir='ltr'>tertio</span> <span class='ocrx_word' id='word_1_721' title='bbox 2098 5580 2199 5636; x_wconf 50' lang='lat' dir='ltr'>pa-</span> 
     </span>
    </p>
   </div>
   <div class='ocr_carea' id='block_1_95' title="bbox 554 5657 2200 5729">
    <p class='ocr_par' dir='ltr' id='par_1_95' title="bbox 554 5657 2200 5729">
     <span class='ocr_line' id='line_1_96' title="bbox 554 5657 2200 5729; baseline -0.002 -15"><span class='ocrx_word' id='word_1_722' title='bbox 554 5663 717 5714; x_wconf 83' lang='lat' dir='ltr'>ratus</span> <span class='ocrx_word' id='word_1_723' title='bbox 749 5675 880 5715; x_wconf 89' lang='lat' dir='ltr'>sum</span> <span class='ocrx_word' id='word_1_724' title='bbox 912 5664 977 5714; x_wconf 90' lang='lat' dir='ltr'>ut</span> <span class='ocrx_word' id='word_1_725' title='bbox 1012 5660 1271 5718; x_wconf 86' lang='lat' dir='ltr'>veniam.</span> <span class='ocrx_word' id='word_1_726' title='bbox 1339 5681 1366 5710; x_wconf 84' lang='lat'>»</span> <span class='ocrx_word' id='word_1_727' title='bbox 1421 5657 1709 5728; x_wconf 88' lang='lat' dir='ltr'>Secundo,</span> <span class='ocrx_word' id='word_1_728' title='bbox 1770 5658 1984 5729; x_wconf 74' lang='lat' dir='ltr'>inquit,</span> <span class='ocrx_word' id='word_1_729' title='bbox 2044 5657 2200 5724; x_wconf 90' lang='lat' dir='ltr'>veni,</span> 
     </span>
    </p>
   </div>
   <div class='ocr_carea' id='block_1_96' title="bbox 2406 3405 3910 3484">
    <p class='ocr_par' dir='ltr' id='par_1_96' title="bbox 2406 3405 3910 3484">
     <span class='ocr_line' id='line_1_97' title="bbox 2406 3405 3910 3484; baseline -0.001 -22"><span class='ocrx_word' id='word_1_730' title='bbox 2406 3408 2471 3466; x_wconf 80' lang='grc' dir='ltr'>Τί</span> <span class='ocrx_word' id='word_1_731' title='bbox 2501 3408 2605 3483; x_wconf 82' lang='grc' dir='ltr'>γὰρ</span> <span class='ocrx_word' id='word_1_732' title='bbox 2639 3407 2777 3463; x_wconf 84' lang='grc' dir='ltr'>ἐστιν</span> <span class='ocrx_word' id='word_1_733' title='bbox 2835 3408 2862 3461; x_wconf 86' lang='grc' dir='ltr'>ὃ</span> <span class='ocrx_word' id='word_1_734' title='bbox 2919 3410 3194 3479; x_wconf 71' lang='grc' dir='ltr'>ἡττήθητε</span> <span class='ocrx_word' id='word_1_735' title='bbox 3262 3408 3395 3484; x_wconf 69' lang='grc' dir='ltr'>ὑπὲρ</span> <span class='ocrx_word' id='word_1_736' title='bbox 3454 3410 3552 3470; x_wconf 71' lang='grc' dir='ltr'>τὰς</span> <span class='ocrx_word' id='word_1_737' title='bbox 3611 3407 3786 3467; x_wconf 77' lang='grc' dir='ltr'>λοιπὰς</span> <span class='ocrx_word' id='word_1_738' title='bbox 3828 3405 3910 3460; x_wconf 69' lang='grc' dir='ltr'>Ἐκ·</span> 
     </span>
    </p>
   </div>
   <div class='ocr_carea' id='block_1_97' title="bbox 2333 3496 3910 3575">
    <p class='ocr_par' dir='ltr' id='par_1_97' title="bbox 2333 3496 3910 3575">
     <span class='ocr_line' id='line_1_98' title="bbox 2333 3496 3910 3575; baseline -0.002 -23"><span class='ocrx_word' id='word_1_739' title='bbox 2333 3497 2610 3568; x_wconf 80' lang='grc' dir='ltr'>κλησίας;</span> <span class='ocrx_word' id='word_1_740' title='bbox 2697 3496 2743 3552; x_wconf 71' lang='grc' dir='ltr'>εἴ</span> <span class='ocrx_word' id='word_1_741' title='bbox 2836 3497 2912 3570; x_wconf 79' lang='grc' dir='ltr'>μή</span> <span class='ocrx_word' id='word_1_742' title='bbox 2972 3496 3056 3554; x_wconf 75' lang='grc' dir='ltr'>ὅτι</span> <span class='ocrx_word' id='word_1_743' title='bbox 3101 3497 3268 3559; x_wconf 77' lang='grc' dir='ltr'>αὐτὸς</span> <span class='ocrx_word' id='word_1_744' title='bbox 3319 3497 3432 3575; x_wconf 81' lang='grc' dir='ltr'>ἐγὼ</span> <span class='ocrx_word' id='word_1_745' title='bbox 3489 3499 3552 3554; x_wconf 74' lang='grc' dir='ltr'>οὐ</span> <span class='ocrx_word' id='word_1_746' title='bbox 3610 3496 3910 3568; x_wconf 69' lang='grc' dir='ltr'>κατενάρκηπ</span> 
     </span>
    </p>
   </div>
   <div class='ocr_carea' id='block_1_98' title="bbox 2337 3578 3907 3659">
    <p class='ocr_par' dir='ltr' id='par_1_98' title="bbox 2337 3578 3907 3659">
     <span class='ocr_line' id='line_1_99' title="bbox 2337 3578 3907 3659; baseline 0.001 -19"><span class='ocrx_word' id='word_1_747' title='bbox 2337 3586 2511 3659; x_wconf 83' lang='grc' dir='ltr'>ὑμῶν.</span> <span class='ocrx_word' id='word_1_748' title='bbox 2572 3585 2875 3659; x_wconf 76' lang='grc' dir='ltr'>Χαρίσασθὲ</span> <span class='ocrx_word' id='word_1_749' title='bbox 2960 3607 3052 3658; x_wconf 88' lang='grc' dir='ltr'>μοι</span> <span class='ocrx_word' id='word_1_750' title='bbox 3110 3588 3208 3657; x_wconf 72' lang='grc' dir='ltr'>τήν</span> <span class='ocrx_word' id='word_1_751' title='bbox 3282 3584 3502 3643; x_wconf 85' lang='grc' dir='ltr'>ἀδιλίαν</span> <span class='ocrx_word' id='word_1_752' title='bbox 3561 3587 3764 3656; x_wconf 75' lang='grc' dir='ltr'>ταύτην.</span> <span class='ocrx_word' id='word_1_753' title='bbox 3815 3578 3907 3636; x_wconf 66' lang='grc' dir='ltr'>’1δοῦ</span> 
     </span>
    </p>
   </div>
   <div class='ocr_carea' id='block_1_99' title="bbox 2331 3669 3907 3752">
    <p class='ocr_par' dir='ltr' id='par_1_99' title="bbox 2331 3669 3907 3752">
     <span class='ocr_line' id='line_1_100' title="bbox 2331 3669 3907 3752; baseline -0.002 -22"><span class='ocrx_word' id='word_1_754' title='bbox 2331 3675 2509 3750; x_wconf 87' lang='grc' dir='ltr'>τρίτον</span> <span class='ocrx_word' id='word_1_755' title='bbox 2540 3674 2776 3749; x_wconf 70' lang='grc' dir='ltr'>ετοίμως</span> <span class='ocrx_word' id='word_1_756' title='bbox 2807 3669 2922 3751; x_wconf 75' lang='grc' dir='ltr'>ἔχω</span> <span class='ocrx_word' id='word_1_757' title='bbox 2962 3673 3137 3730; x_wconf 81' lang='grc' dir='ltr'>ἐλθεῖν</span> <span class='ocrx_word' id='word_1_758' title='bbox 3193 3677 3328 3752; x_wconf 77' lang='grc' dir='ltr'>πρὸς</span> <span class='ocrx_word' id='word_1_759' title='bbox 3386 3677 3554 3750; x_wconf 76' lang='grc' dir='ltr'>ὑμᾶς,</span> <span class='ocrx_word' id='word_1_760' title='bbox 3602 3677 3686 3732; x_wconf 80' lang='grc' dir='ltr'>καὶ</span> <span class='ocrx_word' id='word_1_761' title='bbox 3739 3674 3792 3728; x_wconf 78' lang='grc' dir='ltr'>οὗ</span> <span class='ocrx_word' id='word_1_762' title='bbox 3837 3690 3907 3723; x_wconf 72' lang='grc' dir='ltr'>κα·</span> 
     </span>
    </p>
   </div>
   <div class='ocr_carea' id='block_1_100' title="bbox 2329 3754 3908 3841">
    <p class='ocr_par' dir='ltr' id='par_1_100' title="bbox 2329 3754 3908 3841">
     <span class='ocr_line' id='line_1_101' title="bbox 2329 3754 3908 3841; baseline -0.006 -21"><span class='ocrx_word' id='word_1_763' title='bbox 2329 3767 2652 3840; x_wconf 71' lang='grc' dir='ltr'>τανακρήσω</span> <span class='ocrx_word' id='word_1_764' title='bbox 2705 3765 2858 3838; x_wconf 83' lang='grc' dir='ltr'>ὑμῶν</span> <span class='ocrx_word' id='word_1_765' title='bbox 2894 3807 2906 3820; x_wconf 95' lang='grc'><strong><em>.</em></strong></span> <span class='ocrx_word' id='word_1_766' title='bbox 2969 3764 3047 3822; x_wconf 82' lang='grc' dir='ltr'>Οὐ</span> <span class='ocrx_word' id='word_1_767' title='bbox 3101 3765 3203 3841; x_wconf 71' lang='grc' dir='ltr'>γὰρ</span> <span class='ocrx_word' id='word_1_768' title='bbox 3271 3770 3418 3835; x_wconf 88' lang='grc' dir='ltr'>ζητῶ</span> <span class='ocrx_word' id='word_1_769' title='bbox 3472 3767 3539 3822; x_wconf 81' lang='grc' dir='ltr'>τὰ</span> <span class='ocrx_word' id='word_1_770' title='bbox 3608 3767 3767 3838; x_wconf 81' lang='grc' dir='ltr'>ὑμῶν,</span> <span class='ocrx_word' id='word_1_771' title='bbox 3811 3754 3908 3814; x_wconf 58' lang='lat' dir='ltr'>ﬂii</span> 
     </span>
    </p>
   </div>
   <div class='ocr_carea' id='block_1_101' title="bbox 2334 3845 3908 3934">
    <p class='ocr_par' dir='ltr' id='par_1_101' title="bbox 2334 3845 3908 3934">
     <span class='ocr_line' id='line_1_102' title="bbox 2334 3845 3908 3934; baseline -0.003 -24"><span class='ocrx_word' id='word_1_772' title='bbox 2334 3855 2492 3928; x_wconf 77' lang='grc' dir='ltr'>ὑμᾶς.</span> <span class='ocrx_word' id='word_1_773' title='bbox 2527 3857 2606 3912; x_wconf 80' lang='grc' dir='ltr'>Οὐ</span> <span class='ocrx_word' id='word_1_774' title='bbox 2637 3856 2740 3932; x_wconf 75' lang='grc' dir='ltr'>γὰρ</span> <span class='ocrx_word' id='word_1_775' title='bbox 2773 3855 3052 3934; x_wconf 71' lang='grc' dir='ltr'>ὀφείλειτά</span> <span class='ocrx_word' id='word_1_776' title='bbox 3093 3857 3255 3911; x_wconf 74' lang='grc' dir='ltr'>τέκνα</span> <span class='ocrx_word' id='word_1_777' title='bbox 3309 3861 3426 3919; x_wconf 87' lang='grc' dir='ltr'>τοῖς</span> <span class='ocrx_word' id='word_1_778' title='bbox 3485 3859 3693 3934; x_wconf 80' lang='grc' dir='ltr'>γονεῦσι</span> <span class='ocrx_word' id='word_1_779' title='bbox 3721 3845 3908 3923; x_wconf 66' lang='grc' dir='ltr'>θησαυρί-</span> 
     </span>
    </p>
   </div>
   <div class='ocr_carea' id='block_1_102' title="bbox 2333 3941 3310 4019">
    <p class='ocr_par' dir='ltr' id='par_1_102' title="bbox 2333 3941 3310 4019">
     <span class='ocr_line' id='line_1_103' title="bbox 2333 3941 3310 4019; baseline 0.004 -22"><span class='ocrx_word' id='word_1_780' title='bbox 2333 3949 2464 4013; x_wconf 84' lang='grc' dir='ltr'>ζειν,</span> <span class='ocrx_word' id='word_1_781' title='bbox 2492 3941 2619 3998; x_wconf 85' lang='grc' dir='ltr'>ἀλλ’</span> <span class='ocrx_word' id='word_1_782' title='bbox 2651 3944 2704 3998; x_wconf 84' lang='grc' dir='ltr'>οἱ</span> <span class='ocrx_word' id='word_1_783' title='bbox 2735 3948 2911 4019; x_wconf 83' lang='grc' dir='ltr'>γονεῖς</span> <span class='ocrx_word' id='word_1_784' title='bbox 2938 3949 3055 4006; x_wconf 82' lang='grc' dir='ltr'>τοῖς</span> <span class='ocrx_word' id='word_1_785' title='bbox 3085 3942 3310 4008; x_wconf 75' lang='grc' dir='ltr'>τέκνοις.</span> 
     </span>
    </p>
   </div>
   <div class='ocr_carea' id='block_1_103' title="bbox 2402 4023 3906 4112">
    <p class='ocr_par' dir='ltr' id='par_1_103' title="bbox 2402 4023 3906 4112">
     <span class='ocr_line' id='line_1_104' title="bbox 2402 4023 3906 4112; baseline -0.001 -22"><span class='ocrx_word' id='word_1_786' title='bbox 2402 4034 2512 4090; x_wconf 83' lang='grc' dir='ltr'>Ἵνα</span> <span class='ocrx_word' id='word_1_787' title='bbox 2546 4035 2620 4106; x_wconf 79' lang='grc' dir='ltr'>μή</span> <span class='ocrx_word' id='word_1_788' title='bbox 2661 4054 2742 4095; x_wconf 88' lang='grc' dir='ltr'>τις</span> <span class='ocrx_word' id='word_1_789' title='bbox 2803 4032 2948 4106; x_wconf 76' lang='grc' dir='ltr'>εἶ’πῃ,</span> <span class='ocrx_word' id='word_1_790' title='bbox 2999 4033 3166 4110; x_wconf 72' lang='grc' dir='ltr'>μέγας</span> <span class='ocrx_word' id='word_1_791' title='bbox 3229 4036 3324 4108; x_wconf 76' lang='grc' dir='ltr'>μὲν</span> <span class='ocrx_word' id='word_1_792' title='bbox 3379 4035 3445 4102; x_wconf 72' lang='grc' dir='ltr'>εἶ,</span> <span class='ocrx_word' id='word_1_793' title='bbox 3509 4036 3691 4112; x_wconf 69' lang='grc' dir='ltr'>φησὶν,</span> <span class='ocrx_word' id='word_1_794' title='bbox 3728 4031 3848 4105; x_wconf 78' lang='grc' dir='ltr'>ὅμως</span> <span class='ocrx_word' id='word_1_795' title='bbox 3870 4023 3906 4078; x_wconf 58' lang='lat'>0’3</span> 
     </span>
    </p>
   </div>
   <div class='ocr_carea' id='block_1_104' title="bbox 2329 4116 3907 4198">
    <p class='ocr_par' dir='ltr' id='par_1_104' title="bbox 2329 4116 3907 4198">
     <span class='ocr_line' id='line_1_105' title="bbox 2329 4116 3907 4198; baseline -0.002 -19"><span class='ocrx_word' id='word_1_796' title='bbox 2329 4126 2566 4179; x_wconf 79' lang='grc' dir='ltr'>τοσαῦτα</span> <span class='ocrx_word' id='word_1_797' title='bbox 2641 4123 2871 4198; x_wconf 77' lang='grc' dir='ltr'>εἰργασω</span> <span class='ocrx_word' id='word_1_798' title='bbox 2931 4123 3028 4179; x_wconf 81' lang='grc' dir='ltr'>ὅσα</span> <span class='ocrx_word' id='word_1_799' title='bbox 3086 4123 3138 4178; x_wconf 77' lang='grc' dir='ltr'>ἐν</span> <span class='ocrx_word' id='word_1_800' title='bbox 3199 4129 3316 4186; x_wconf 85' lang='grc' dir='ltr'>ταῖς</span> <span class='ocrx_word' id='word_1_801' title='bbox 3383 4123 3585 4189; x_wconf 75' lang='grc' dir='ltr'>ἄλλαις</span> <span class='ocrx_word' id='word_1_802' title='bbox 3638 4116 3907 4188; x_wconf 66' lang='grc' dir='ltr'>Ἐκκλησίακ</span> 
     </span>
    </p>
   </div>
   <div class='ocr_carea' id='block_1_105' title="bbox 2332 4206 3905 4291">
    <p class='ocr_par' dir='ltr' id='par_1_105' title="bbox 2332 4206 3905 4291">
     <span class='ocr_line' id='line_1_106' title="bbox 2332 4206 3905 4291; baseline -0.004 -23"><span class='ocrx_word' id='word_1_803' title='bbox 2332 4215 2382 4268; x_wconf 69' lang='grc' dir='ltr'>οἱ</span> <span class='ocrx_word' id='word_1_804' title='bbox 2433 4213 2620 4269; x_wconf 88' lang='grc' dir='ltr'>λοιποὶ</span> <span class='ocrx_word' id='word_1_805' title='bbox 2671 4211 2971 4268; x_wconf 87' lang='grc' dir='ltr'>ἀπόστολοι</span> <span class='ocrx_word' id='word_1_806' title='bbox 3055 4212 3189 4291; x_wconf 70' lang='grc' dir='ltr'>φτσί</span> <span class='ocrx_word' id='word_1_807' title='bbox 3271 4239 3297 4266; x_wconf 90' lang='grc'>‹‹</span> <span class='ocrx_word' id='word_1_808' title='bbox 3327 4215 3391 4270; x_wconf 86' lang='grc' dir='ltr'>Τί</span> <span class='ocrx_word' id='word_1_809' title='bbox 3463 4215 3492 4268; x_wconf 78' lang='grc' dir='ltr'>ἀ</span> <span class='ocrx_word' id='word_1_810' title='bbox 3561 4215 3581 4248; x_wconf 79' lang='grc'><strong>²</strong></span> <span class='ocrx_word' id='word_1_811' title='bbox 3618 4237 3695 4268; x_wconf 80' lang='grc' dir='ltr'>-ιν</span> <span class='ocrx_word' id='word_1_812' title='bbox 3733 4206 3905 4266; x_wconf 52' lang='lat' dir='ltr'>Bitti-</span> 
     </span>
     <span class='ocr_line' id='line_1_107' title="bbox 2981 4236 3883 4291; baseline -0.01 -15"><span class='ocrx_word' id='word_1_813' title='bbox 2981 4257 2996 4280; x_wconf 69' lang='grc' dir='ltr'><strong>ν</strong></span> <span class='ocrx_word' id='word_1_814' title='bbox 3118 4259 3128 4283; x_wconf 62' lang='grc' dir='ltr'><strong><em>ι</em></strong></span> <span class='ocrx_word' id='word_1_815' title='bbox 3199 4257 3209 4269; x_wconf 79' lang='grc' dir='ltr'><strong><em>ο</em></strong></span> <span class='ocrx_word' id='word_1_816' title='bbox 3424 4237 3456 4291; x_wconf 71' lang='grc' dir='ltr'>γ</span> <span class='ocrx_word' id='word_1_817' title='bbox 3495 4236 3646 4288; x_wconf 71' lang='grc' dir='ltr'>ρι’-συ</span> <span class='ocrx_word' id='word_1_818' title='bbox 3802 4255 3809 4277; x_wconf 73' lang='grc' dir='ltr'>ι</span> <span class='ocrx_word' id='word_1_819' title='bbox 3876 4249 3883 4272; x_wconf 75' lang='grc' dir='ltr'>ι</span> 
     </span>
    </p>
   </div>
   <div class='ocr_carea' id='block_1_106' title="bbox 2332 4294 3905 4383">
    <p class='ocr_par' dir='ltr' id='par_1_106' title="bbox 2332 4294 3905 4383">
     <span class='ocr_line' id='line_1_108' title="bbox 2332 4294 3905 4383; baseline -0.001 -26"><span class='ocrx_word' id='word_1_820' title='bbox 2332 4304 2461 4371; x_wconf 83' lang='grc' dir='ltr'>θητε</span> <span class='ocrx_word' id='word_1_821' title='bbox 2496 4322 2509 4372; x_wconf 88' lang='grc'>;</span> <span class='ocrx_word' id='word_1_822' title='bbox 2545 4328 2572 4354; x_wconf 88' lang='grc'><strong>››</strong></span> <span class='ocrx_word' id='word_1_823' title='bbox 2598 4305 2896 4373; x_wconf 68' lang='grc' dir='ltr'>τουτέστιν,</span> <span class='ocrx_word' id='word_1_824' title='bbox 2950 4300 3173 4360; x_wconf 75' lang='grc' dir='ltr'>ἔλαττον</span> <span class='ocrx_word' id='word_1_825' title='bbox 3229 4297 3404 4383; x_wconf 81' lang='grc' dir='ltr'>ἔχετε,</span> <span class='ocrx_word' id='word_1_826' title='bbox 3467 4304 3600 4376; x_wconf 73' lang='grc' dir='ltr'>ὑπὲρ</span> <span class='ocrx_word' id='word_1_827' title='bbox 3632 4304 3719 4365; x_wconf 73' lang='grc' dir='ltr'>τὰς</span> <span class='ocrx_word' id='word_1_828' title='bbox 3764 4294 3905 4355; x_wconf 58' lang='grc' dir='ltr'>λοιπάς</span> 
     </span>
    </p>
   </div>
   <div class='ocr_carea' id='block_1_107' title="bbox 2330 4387 3903 4471">
    <p class='ocr_par' dir='ltr' id='par_1_107' title="bbox 2330 4387 3903 4471">
     <span class='ocr_line' id='line_1_109' title="bbox 2330 4387 3903 4471; baseline 0.003 -26"><span class='ocrx_word' id='word_1_829' title='bbox 2330 4392 2660 4461; x_wconf 83' lang='grc' dir='ltr'>Ἐκκλησίας</span> <span class='ocrx_word' id='word_1_830' title='bbox 2693 4436 2705 4449; x_wconf 94' lang='grc'><strong>.</strong></span> <span class='ocrx_word' id='word_1_831' title='bbox 2740 4393 2828 4460; x_wconf 73' lang='grc' dir='ltr'>Μή</span> <span class='ocrx_word' id='word_1_832' title='bbox 2862 4391 3152 4451; x_wconf 74' lang='grc' dir='ltr'>ἐλάττονος</span> <span class='ocrx_word' id='word_1_833' title='bbox 3174 4435 3188 4460; x_wconf 86' lang='grc'>,</span> <span class='ocrx_word' id='word_1_834' title='bbox 3221 4392 3377 4471; x_wconf 73' lang='grc' dir='ltr'>φησὶ,</span> <span class='ocrx_word' id='word_1_835' title='bbox 3411 4395 3667 4470; x_wconf 73' lang='grc' dir='ltr'>μετέχετε</span> <span class='ocrx_word' id='word_1_836' title='bbox 3694 4387 3903 4466; x_wconf 68' lang='grc' dir='ltr'>χαρίσμα·</span> 
     </span>
    </p>
   </div>
   <div class='ocr_carea' id='block_1_108' title="bbox 2324 4469 3900 4555">
    <p class='ocr_par' dir='ltr' id='par_1_108' title="bbox 2324 4469 3900 4555">
     <span class='ocr_line' id='line_1_110' title="bbox 2324 4469 3900 4555; baseline -0.001 -19"><span class='ocrx_word' id='word_1_837' title='bbox 2324 4503 2417 4544; x_wconf 78' lang='grc' dir='ltr'>τος</span> <span class='ocrx_word' id='word_1_838' title='bbox 2451 4504 2464 4550; x_wconf 88' lang='lat'><strong>;</strong></span> <span class='ocrx_word' id='word_1_839' title='bbox 2499 4505 2526 4534; x_wconf 87' lang='grc'>‹‹</span> <span class='ocrx_word' id='word_1_840' title='bbox 2559 4481 2627 4539; x_wconf 78' lang='grc' dir='ltr'>Εἰ</span> <span class='ocrx_word' id='word_1_841' title='bbox 2661 4482 2737 4552; x_wconf 77' lang='grc' dir='ltr'>μή</span> <span class='ocrx_word' id='word_1_842' title='bbox 2765 4481 2849 4537; x_wconf 83' lang='grc' dir='ltr'>’ὁτι</span> <span class='ocrx_word' id='word_1_843' title='bbox 2892 4481 3052 4544; x_wconf 81' lang='grc' dir='ltr'>αὐτὸς</span> <span class='ocrx_word' id='word_1_844' title='bbox 3101 4469 3286 4554; x_wconf 50' lang='grc' dir='ltr'>ἐγὼί»</span> <span class='ocrx_word' id='word_1_845' title='bbox 3331 4488 3627 4555; x_wconf 68' lang='grc' dir='ltr'>Πληκτικῷ</span> <span class='ocrx_word' id='word_1_846' title='bbox 3674 4479 3805 4552; x_wconf 78' lang='grc' dir='ltr'>λόγῳ</span> 
     </span>
    </p>
   </div>
   <div class='ocr_carea' id='block_1_109' title="bbox 2248 4561 3900 4647">
    <p class='ocr_par' dir='ltr' id='par_1_109' title="bbox 2248 4561 3900 4647">
     <span class='ocr_line' id='line_1_111' title="bbox 2248 4561 3900 4647; baseline -0.028 2"><span class='ocrx_word' id='word_1_847' title='bbox 2248 4566 2291 4629; x_wconf 82' lang='lat' dir='ltr'><strong>D</strong></span> <span class='ocrx_word' id='word_1_848' title='bbox 2326 4589 2549 4646; x_wconf 71' lang='grc' dir='ltr'>χρηται·</span> <span class='ocrx_word' id='word_1_849' title='bbox 2589 4570 2652 4626; x_wconf 64' lang='grc' dir='ltr'>Εἰ</span> <span class='ocrx_word' id='word_1_850' title='bbox 2689 4571 2764 4642; x_wconf 71' lang='grc' dir='ltr'>μὴ</span> <span class='ocrx_word' id='word_1_851' title='bbox 2798 4569 2898 4644; x_wconf 69' lang='grc' dir='ltr'>δίρᾶ</span> <span class='ocrx_word' id='word_1_852' title='bbox 2945 4591 3027 4632; x_wconf 79' lang='grc' dir='ltr'>τις</span> <span class='ocrx_word' id='word_1_853' title='bbox 3075 4570 3234 4625; x_wconf 75' lang='grc' dir='ltr'>τοῦτό</span> <span class='ocrx_word' id='word_1_854' title='bbox 3270 4592 3364 4642; x_wconf 86' lang='grc' dir='ltr'>μοι</span> <span class='ocrx_word' id='word_1_855' title='bbox 3397 4570 3692 4647; x_wconf 70' lang='grc' dir='ltr'>ἐγκαλέσει,</span> <span class='ocrx_word' id='word_1_856' title='bbox 3722 4568 3796 4622; x_wconf 74' lang='grc' dir='ltr'>ὅτε</span> <span class='ocrx_word' id='word_1_857' title='bbox 3821 4561 3900 4616; x_wconf 71' lang='grc' dir='ltr'>ἐπε.</span> 
     </span>
    </p>
   </div>
   <div class='ocr_carea' id='block_1_110' title="bbox 2321 4647 3905 4735">
    <p class='ocr_par' dir='ltr' id='par_1_110' title="bbox 2321 4647 3905 4735">
     <span class='ocr_line' id='line_1_112' title="bbox 2321 4647 3905 4735; baseline 0.005 -23"><span class='ocrx_word' id='word_1_858' title='bbox 2321 4660 2581 4735; x_wconf 77' lang='grc' dir='ltr'>χωριάζω</span> <span class='ocrx_word' id='word_1_859' title='bbox 2644 4659 2798 4732; x_wconf 78' lang='grc' dir='ltr'>ὑμῖν,</span> <span class='ocrx_word' id='word_1_860' title='bbox 2855 4659 2945 4714; x_wconf 78' lang='grc' dir='ltr'>καὶ</span> <span class='ocrx_word' id='word_1_861' title='bbox 3009 4657 3330 4735; x_wconf 75' lang='grc' dir='ltr'>ἔρχόμενος,</span> <span class='ocrx_word' id='word_1_862' title='bbox 3381 4663 3542 4717; x_wconf 78' lang='grc' dir='ltr'>παντί</span> <span class='ocrx_word' id='word_1_863' title='bbox 3615 4647 3905 4724; x_wconf 63' lang='grc' dir='ltr'>σθὲνεικίδ⁰⁴</span> 
     </span>
    </p>
   </div>
   <div class='ocr_carea' id='block_1_111' title="bbox 2323 4739 3902 4823">
    <p class='ocr_par' dir='ltr' id='par_1_111' title="bbox 2323 4739 3902 4823">
     <span class='ocr_line' id='line_1_113' title="bbox 2323 4739 3902 4823; baseline -0.006 -21"><span class='ocrx_word' id='word_1_864' title='bbox 2323 4769 2421 4823; x_wconf 88' lang='grc' dir='ltr'>μαι</span> <span class='ocrx_word' id='word_1_865' title='bbox 2451 4755 2552 4817; x_wconf 77' lang='grc' dir='ltr'>τῆς</span> <span class='ocrx_word' id='word_1_866' title='bbox 2583 4747 2864 4821; x_wconf 76' lang='grc' dir='ltr'>σωτηρίας</span> <span class='ocrx_word' id='word_1_867' title='bbox 2913 4749 3087 4820; x_wconf 84' lang='grc' dir='ltr'>ὑμῶν,</span> <span class='ocrx_word' id='word_1_868' title='bbox 3151 4749 3249 4806; x_wconf 80' lang='grc' dir='ltr'>Καὶ</span> <span class='ocrx_word' id='word_1_869' title='bbox 3308 4749 3482 4819; x_wconf 74' lang='grc' dir='ltr'>ἀπὼν,</span> <span class='ocrx_word' id='word_1_870' title='bbox 3546 4749 3615 4806; x_wconf 77' lang='grc' dir='ltr'>δι’</span> <span class='ocrx_word' id='word_1_871' title='bbox 3668 4739 3902 4802; x_wconf 73' lang='grc' dir='ltr'>ἐπιστολῶν</span> 
     </span>
    </p>
   </div>
   <div class='ocr_carea' id='block_1_112' title="bbox 2318 4832 3902 4917">
    <p class='ocr_par' dir='ltr' id='par_1_112' title="bbox 2318 4832 3902 4917">
     <span class='ocr_line' id='line_1_114' title="bbox 2318 4832 3902 4917; baseline -0.004 -23"><span class='ocrx_word' id='word_1_872' title='bbox 2318 4834 2506 4911; x_wconf 81' lang='grc' dir='ltr'>ὁδηγῶ</span> <span class='ocrx_word' id='word_1_873' title='bbox 2538 4839 2671 4912; x_wconf 72' lang='grc' dir='ltr'>πρὸς</span> <span class='ocrx_word' id='word_1_874' title='bbox 2702 4837 2767 4892; x_wconf 68' lang='grc' dir='ltr'>τὸ.</span> <span class='ocrx_word' id='word_1_875' title='bbox 2817 4838 3080 4913; x_wconf 78' lang='grc' dir='ltr'>πρακτέα,</span> <span class='ocrx_word' id='word_1_876' title='bbox 3112 4838 3202 4893; x_wconf 81' lang='grc' dir='ltr'>καὶ</span> <span class='ocrx_word' id='word_1_877' title='bbox 3263 4838 3414 4895; x_wconf 74' lang='grc' dir='ltr'>οὐδὲν</span> <span class='ocrx_word' id='word_1_878' title='bbox 3469 4840 3605 4917; x_wconf 79' lang='grc' dir='ltr'>πρὸς</span> <span class='ocrx_word' id='word_1_879' title='bbox 3653 4835 3699 4894; x_wconf 79' lang='grc' dir='ltr'>ἔν</span> <span class='ocrx_word' id='word_1_880' title='bbox 3752 4856 3796 4890; x_wconf 80' lang='grc' dir='ltr'>τι</span> <span class='ocrx_word' id='word_1_881' title='bbox 3833 4832 3902 4881; x_wconf 58' lang='lat' dir='ltr'>iw</span> 
     </span>
    </p>
   </div>
   <div class='ocr_carea' id='block_1_113' title="bbox 2320 4921 3900 5007">
    <p class='ocr_par' dir='ltr' id='par_1_113' title="bbox 2320 4921 3900 5007">
     <span class='ocr_line' id='line_1_115' title="bbox 2320 4921 3900 5007; baseline -0.003 -22"><span class='ocrx_word' id='word_1_882' title='bbox 2320 4931 2444 5003; x_wconf 75' lang='grc' dir='ltr'>ὑμῖν</span> <span class='ocrx_word' id='word_1_883' title='bbox 2486 4931 2869 5007; x_wconf 62' lang='grc' dir='ltr'>συμφερόντων</span> <span class='ocrx_word' id='word_1_884' title='bbox 2921 4929 3298 5005; x_wconf 70' lang='grc' dir='ltr'>ἐρῥᾳοὺμησα,</span> <span class='ocrx_word' id='word_1_885' title='bbox 3359 4931 3510 4986; x_wconf 84' lang='grc' dir='ltr'>ἀπών</span> <span class='ocrx_word' id='word_1_886' title='bbox 3561 4953 3616 4988; x_wconf 88' lang='grc' dir='ltr'>τε</span> <span class='ocrx_word' id='word_1_887' title='bbox 3643 4928 3725 4985; x_wconf 81' lang='grc' dir='ltr'>καὶ</span> <span class='ocrx_word' id='word_1_888' title='bbox 3752 4921 3900 4995; x_wconf 59' lang='lat' dir='ltr'>1:3de-</span> 
     </span>
    </p>
   </div>
   <div class='ocr_carea' id='block_1_114' title="bbox 2317 5007 3898 5094">
    <p class='ocr_par' dir='ltr' id='par_1_114' title="bbox 2317 5007 3898 5094">
     <span class='ocr_line' id='line_1_116' title="bbox 2317 5007 3898 5094; baseline -0.009 -17"><span class='ocrx_word' id='word_1_889' title='bbox 2317 5019 2380 5078; x_wconf 79' lang='grc' dir='ltr'>Εἰ</span> <span class='ocrx_word' id='word_1_890' title='bbox 2438 5016 2528 5074; x_wconf 74' lang='grc' dir='ltr'>διὰ</span> <span class='ocrx_word' id='word_1_891' title='bbox 2584 5022 2744 5074; x_wconf 74' lang='grc' dir='ltr'>τοῦτο</span> <span class='ocrx_word' id='word_1_892' title='bbox 2807 5016 3000 5089; x_wconf 81' lang='grc' dir='ltr'>ἀδικῶ,</span> <span class='ocrx_word' id='word_1_893' title='bbox 3063 5018 3360 5094; x_wconf 80' lang='grc' dir='ltr'>χαρίσασοὲ</span> <span class='ocrx_word' id='word_1_894' title='bbox 3443 5043 3536 5092; x_wconf 88' lang='grc' dir='ltr'>μοι</span> <span class='ocrx_word' id='word_1_895' title='bbox 3593 5021 3688 5087; x_wconf 71' lang='grc' dir='ltr'>την</span> <span class='ocrx_word' id='word_1_896' title='bbox 3741 5007 3898 5070; x_wconf 68' lang='grc' dir='ltr'>ἀδικίαν</span> 
     </span>
    </p>
   </div>
   <div class='ocr_carea' id='block_1_115' title="bbox 2313 5097 3892 5183">
    <p class='ocr_par' dir='ltr' id='par_1_115' title="bbox 2313 5097 3892 5183">
     <span class='ocr_line' id='line_1_117' title="bbox 2313 5097 3892 5183; baseline 0.001 -17"><span class='ocrx_word' id='word_1_897' title='bbox 2313 5109 2535 5179; x_wconf 72' lang='grc' dir='ltr'>ταύτην,</span> <span class='ocrx_word' id='word_1_898' title='bbox 2568 5108 2656 5162; x_wconf 81' lang='grc' dir='ltr'>καὶ</span> <span class='ocrx_word' id='word_1_899' title='bbox 2689 5107 2963 5183; x_wconf 66' lang='grc' dir='ltr'>σῦγγνωτε</span> <span class='ocrx_word' id='word_1_900' title='bbox 2994 5105 3297 5164; x_wconf 74' lang='grc' dir='ltr'>ἀδικοῦντι.</span> <span class='ocrx_word' id='word_1_901' title='bbox 3334 5143 3399 5152; x_wconf 89' lang='grc'><strong>-</strong></span> <span class='ocrx_word' id='word_1_902' title='bbox 3431 5111 3636 5183; x_wconf 79' lang='grc' dir='ltr'>[ΦΩΤ.]</span> <span class='ocrx_word' id='word_1_903' title='bbox 3669 5106 3719 5163; x_wconf 73' lang='grc' dir='ltr'>Εἰ</span> <span class='ocrx_word' id='word_1_904' title='bbox 3750 5104 3810 5176; x_wconf 74' lang='grc' dir='ltr'>μή</span> <span class='ocrx_word' id='word_1_905' title='bbox 3834 5097 3892 5151; x_wconf 62' lang='grc' dir='ltr'>δτι</span> 
     </span>
    </p>
   </div>
   <div class='ocr_carea' id='block_1_116' title="bbox 2315 5183 3896 5273">
    <p class='ocr_par' dir='ltr' id='par_1_116' title="bbox 2315 5183 3896 5273">
     <span class='ocr_line' id='line_1_118' title="bbox 2315 5183 3896 5273; baseline -0.015 -16"><span class='ocrx_word' id='word_1_906' title='bbox 2315 5199 2479 5261; x_wconf 81' lang='grc' dir='ltr'>αὐτὸς</span> <span class='ocrx_word' id='word_1_907' title='bbox 2514 5197 2612 5253; x_wconf 86' lang='grc' dir='ltr'>οὑκ</span> <span class='ocrx_word' id='word_1_908' title='bbox 2643 5194 2875 5252; x_wconf 72' lang='grc' dir='ltr'>ἐνέδωκα</span> <span class='ocrx_word' id='word_1_909' title='bbox 2907 5198 3074 5252; x_wconf 77' lang='grc' dir='ltr'>πάντα</span> <span class='ocrx_word' id='word_1_910' title='bbox 3109 5200 3387 5272; x_wconf 72' lang='grc' dir='ltr'>πράττων,</span> <span class='ocrx_word' id='word_1_911' title='bbox 3422 5200 3580 5273; x_wconf 62' lang='grc' dir='ltr'>χάριν</span> <span class='ocrx_word' id='word_1_912' title='bbox 3615 5200 3768 5270; x_wconf 61' lang='grc' dir='ltr'>ὑμῶν,</span> <span class='ocrx_word' id='word_1_913' title='bbox 3805 5183 3896 5242; x_wconf 61' lang='grc' dir='ltr'>οὐδὲ</span> 
     </span>
    </p>
   </div>
   <div class='ocr_carea' id='block_1_117' title="bbox 2311 5280 3892 5363">
    <p class='ocr_par' dir='ltr' id='par_1_117' title="bbox 2311 5280 3892 5363">
     <span class='ocr_line' id='line_1_119' title="bbox 2311 5280 3892 5363; baseline -0.012 -18"><span class='ocrx_word' id='word_1_914' title='bbox 2311 5288 2748 5363; x_wconf 85' lang='grc' dir='ltr'>κατωλιγώρησα</span> <span class='ocrx_word' id='word_1_915' title='bbox 2783 5287 2962 5360; x_wconf 81' lang='grc' dir='ltr'>ὑμῶν,</span> <span class='ocrx_word' id='word_1_916' title='bbox 2999 5287 3076 5360; x_wconf 78' lang='grc' dir='ltr'>μή</span> <span class='ocrx_word' id='word_1_917' title='bbox 3133 5291 3294 5343; x_wconf 79' lang='grc' dir='ltr'>τοῦτο</span> <span class='ocrx_word' id='word_1_918' title='bbox 3327 5290 3600 5359; x_wconf 66' lang='grc' dir='ltr'>ἡττήθητε</span> <span class='ocrx_word' id='word_1_919' title='bbox 3632 5306 3645 5356; x_wconf 83' lang='grc'><strong>;</strong></span> <span class='ocrx_word' id='word_1_920' title='bbox 3682 5285 3748 5358; x_wconf 70' lang='grc' dir='ltr'>μὴ</span> <span class='ocrx_word' id='word_1_921' title='bbox 3773 5280 3892 5333; x_wconf 73' lang='grc' dir='ltr'>τοῦτο</span> 
     </span>
    </p>
   </div>
   <div class='ocr_carea' id='block_1_118' title="bbox 2312 5369 3889 5453">
    <p class='ocr_par' dir='ltr' id='par_1_118' title="bbox 2312 5369 3889 5453">
     <span class='ocr_line' id='line_1_120' title="bbox 2312 5369 3889 5453; baseline -0.003 -17"><span class='ocrx_word' id='word_1_922' title='bbox 2312 5379 2522 5436; x_wconf 74' lang='grc' dir='ltr'>ἀδικίαν</span> <span class='ocrx_word' id='word_1_923' title='bbox 2553 5377 2805 5449; x_wconf 87' lang='grc' dir='ltr'>νομίζετε</span> <span class='ocrx_word' id='word_1_924' title='bbox 2835 5397 2849 5445; x_wconf 84' lang='grc'>;</span> <span class='ocrx_word' id='word_1_925' title='bbox 2893 5378 3198 5453; x_wconf 74' lang='grc' dir='ltr'>Χαρίσασθὲ</span> <span class='ocrx_word' id='word_1_926' title='bbox 3246 5400 3337 5451; x_wconf 88' lang='grc' dir='ltr'>μοι</span> <span class='ocrx_word' id='word_1_927' title='bbox 3367 5381 3468 5449; x_wconf 71' lang='grc' dir='ltr'>τήν</span> <span class='ocrx_word' id='word_1_928' title='bbox 3499 5377 3694 5434; x_wconf 81' lang='grc' dir='ltr'>ἀδικίαν</span> <span class='ocrx_word' id='word_1_929' title='bbox 3727 5369 3889 5432; x_wconf 66' lang='grc' dir='ltr'>ταύτην·</span> 
     </span>
    </p>
   </div>
   <div class='ocr_carea' id='block_1_119' title="bbox 2315 5455 3887 5554">
    <p class='ocr_par' dir='ltr' id='par_1_119' title="bbox 2315 5455 3887 5554">
     <span class='ocr_line' id='line_1_121' title="bbox 2315 5455 3887 5554; baseline -0.01 -32"><span class='ocrx_word' id='word_1_930' title='bbox 2315 5495 2341 5522; x_wconf 79' lang='grc' dir='ltr'>ι(</span> <span class='ocrx_word' id='word_1_931' title='bbox 2374 5466 2515 5526; x_wconf 75' lang='grc' dir='ltr'>Ἰδοὺ</span> <span class='ocrx_word' id='word_1_932' title='bbox 2545 5465 2726 5541; x_wconf 83' lang='grc' dir='ltr'>τρίτον</span> <span class='ocrx_word' id='word_1_933' title='bbox 2762 5465 2997 5538; x_wconf 71' lang='grc' dir='ltr'>ἑτοίμως</span> <span class='ocrx_word' id='word_1_934' title='bbox 3036 5465 3152 5545; x_wconf 80' lang='grc' dir='ltr'>ἔχω</span> <span class='ocrx_word' id='word_1_935' title='bbox 3180 5465 3378 5531; x_wconf 63' lang='grc' dir='ltr'>ἐλθεῖν,</span> <span class='ocrx_word' id='word_1_936' title='bbox 3417 5492 3443 5520; x_wconf 80' lang='grc'><strong>›)</strong></span> <span class='ocrx_word' id='word_1_937' title='bbox 3470 5468 3730 5540; x_wconf 57' lang='grc' dir='ltr'>Δεύτερον,</span> <span class='ocrx_word' id='word_1_938' title='bbox 3756 5455 3887 5554; x_wconf 33' lang='grc' dir='ltr'>ρησῖνέ</span> 
     </span>
    </p>
   </div>
   <div class='ocr_carea' id='block_1_120' title="bbox 2311 5543 3883 5634">
    <p class='ocr_par' dir='ltr' id='par_1_120' title="bbox 2311 5543 3883 5634">
     <span class='ocr_line' id='line_1_122' title="bbox 2311 5543 3883 5634; baseline -0.01 -20"><span class='ocrx_word' id='word_1_939' title='bbox 2311 5557 2509 5634; x_wconf 67' lang='grc' dir='ltr'>ᾗλθον,</span> <span class='ocrx_word' id='word_1_940' title='bbox 2533 5553 2651 5610; x_wconf 74' lang='grc' dir='ltr'>ἰδοὺ</span> <span class='ocrx_word' id='word_1_941' title='bbox 2681 5555 2862 5630; x_wconf 85' lang='grc' dir='ltr'>τρίτον</span> <span class='ocrx_word' id='word_1_942' title='bbox 2895 5555 3330 5630; x_wconf 69' lang='grc' dir='ltr'>παρεσκεύασμαι</span> <span class='ocrx_word' id='word_1_943' title='bbox 3358 5556 3553 5630; x_wconf 79' lang='grc' dir='ltr'>ἐλθεῖν,</span> <span class='ocrx_word' id='word_1_944' title='bbox 3574 5555 3658 5612; x_wconf 84' lang='grc' dir='ltr'>καί</span> <span class='ocrx_word' id='word_1_945' title='bbox 3679 5553 3723 5608; x_wconf 82' lang='grc' dir='ltr'>ἐν</span> <span class='ocrx_word' id='word_1_946' title='bbox 3750 5543 3883 5604; x_wconf 79' lang='grc' dir='ltr'>οὐδενῖ</span> 
     </span>
    </p>
   </div>
   <div class='ocr_carea' id='block_1_121' title="bbox 2309 5639 3880 5721">
    <p class='ocr_par' dir='ltr' id='par_1_121' title="bbox 2309 5639 3880 5721">
     <span class='ocr_line' id='line_1_123' title="bbox 2309 5639 3880 5721; baseline -0.007 -19"><span class='ocrx_word' id='word_1_947' title='bbox 2309 5657 2412 5718; x_wconf 76' lang='grc' dir='ltr'>τῆς</span> <span class='ocrx_word' id='word_1_948' title='bbox 2447 5649 2596 5720; x_wconf 75' lang='grc' dir='ltr'>ὑμῶν</span> <span class='ocrx_word' id='word_1_949' title='bbox 2632 5646 2899 5720; x_wconf 76' lang='grc' dir='ltr'>ἀμελήσω</span> <span class='ocrx_word' id='word_1_950' title='bbox 2931 5645 3224 5720; x_wconf 85' lang='grc' dir='ltr'>σῶτηρίας.</span> <span class='ocrx_word' id='word_1_951' title='bbox 3259 5647 3386 5703; x_wconf 76' lang='grc' dir='ltr'>Εἶτα</span> <span class='ocrx_word' id='word_1_952' title='bbox 3436 5647 3521 5701; x_wconf 76' lang='grc' dir='ltr'>’ἱνα</span> <span class='ocrx_word' id='word_1_953' title='bbox 3555 5649 3623 5721; x_wconf 69' lang='grc' dir='ltr'>μὴ</span> <span class='ocrx_word' id='word_1_954' title='bbox 3649 5639 3880 5718; x_wconf 71' lang='grc' dir='ltr'>νομίσωστν</span> 
     </span>
    </p>
   </div>
  </div>
