4128 6192
279 393 300 452 l
315 392 436 453 O73

1196 388 1608 450 COMMENT.
1655 389 1732 448 ΙΝ
1781 387 2034 449 EPIST.
2085 387 2136 447 Il
2181 390 2286 447 AD
2327 389 2695 449 CORINTH.

3539 391 3698 448 10⁸74

269 527 357 583 ὅτι
397 523 479 579 δεῖ
508 525 724 586 πάντως
756 523 916 578 αὑτὸν
958 522 1263 598 ἐρχόμενον
1322 525 1415 575 νῦν
1469 525 1598 596 γοῦν
1652 523 1892 602 τραφῆνα

2039 531 2176 578 ecce
2210 523 2380 578 tertio
2414 530 2717 594 prmparor
2741 521 2814 578 ad
2863 521 3241 588 veniendum,
3294 525 3354 577 et
3408 522 3472 578 in
3526 521 3694 581 nullo

268 621 395 689 παρ’
429 616 628 680 αὐτῶν,
666 611 905 686 μάλιστα
937 609 1123 682 ἐπειδὴ
1184 612 1274 665 καὶ
1316 612 1440 683 περὶ
1495 610 1693 665 τούτου
1724 607 1925 680 πολλῷ

270 703 651 776 διεξελήλυθεν
685 703 735 757 ἐν
783 708 898 763 τοῖς
959 700 1284 776 ἔμπροσθεν,
1328 699 1564 755 ἐντεῦθεν
1623 697 1730 770 ἤδη
1787 719 1924 774 προ-

270 802 480 869 αναιρεῐ
510 794 710 864 ταύτην
752 794 850 862 τήν
883 793 1163 861 ὑπόνοιαν,
1197 791 1281 846 ὅτι
1354 791 1492 863 ὑμᾶς
1550 790 1715 856 θέλω,
1749 789 1812 844 οὐ
1857 789 1922 843 τὰ

275 887 451 959 ὑμῶν,
495 885 580 938 καὶ
616 885 754 955 ὑμᾶς
787 883 1003 957 ἀγαπῶ,
1046 881 1111 935 οὗ
1135 883 1201 935 τὰ
1261 881 1434 953 ὑμῶν,
1467 877 1646 954 ὥσπερ
1679 879 1731 932 οἱ
1760 875 1920 951 ψευδ-

275 972 594 1030 απόστολοι.
633 976 766 1030 Εἶτα
796 973 885 1027 καὶ
918 972 1026 1027 ἀπὸ
1055 975 1152 1025 τοῦ
1191 975 1374 1026 κοινοῦ
1405 970 1674 1044 λογισμοῦ
1701 968 1791 1022 καὶ
1819 970 1919 1031 τῆς

273 1064 506 1144 φύσεως,
538 1068 822 1120 πιστοῦται
869 1064 962 1117 τὸν
1018 1062 1208 1136 λόγον,
1262 1060 1448 1115 ἑαυτὸν
1513 1059 1606 1130 μὲν
1666 1056 1715 1111 ἒ]
1775 1057 1919 1126 τάξει

267 1155 497 1228 πατρὸς,
530 1154 766 1214 ἐκείνους
801 1150 858 1207 δὲ
887 1155 937 1206 ἐν
961 1152 1106 1221 τάξει
1127 1153 1345 1205 τέκνων.

2036 611 2429 682 negligentior
2487 627 2585 666 ero
2644 611 2800 666 circa
2850 617 3103 665 vestram
3137 610 3409 666 salutem.
3471 612 3693 670 Deinde

2035 700 2560 771 existimentquod
2594 701 2971 771 nuncipsum
3031 701 3365 755 venientem
3423 707 3695 772 oporteat

2033 791 2278 845 omnino
2313 791 2384 846 ab
2419 792 2504 846 eis
2550 791 2649 852 ali,
2684 793 2939 847 maxime
2979 792 3263 863 quoniam
3299 791 3369 846 de
3401 793 3511 846 hoc
3543 809 3690 864 quo-

2033 897 2146 951 que
2174 881 2354 936 mulis
2377 881 2660 938 disseruit
2685 883 2744 936 in
2771 881 3178 953 superioribus
3207 882 3518 951 :hincjam
3536 881 3690 936 tollit

2031 971 2288 1041 primum
2323 971 2475 1026 hanc
2527 972 2922 1044 suspicionem
2952 989 2963 1025 :
3000 971 3281 1042 quoniam
3314 988 3436 1037 vos,
3472 971 3686 1042 inquit,

2031 1061 2354 1130 cupio.non
2376 1078 2505 1132 quaa
2524 1069 2714 1116 vestra
2747 1067 2902 1126 sunt,
2923 1067 2981 1116 et
3003 1078 3099 1115 vos
3118 1060 3296 1124 diligo
3319 1076 3438 1114 non
3471 1068 3685 1130 vestra,

2031 1151 2532 1220 quemadmodum
2568 1151 3009 1224 pseudapostoli
3041 1150 3261 1204 Deinde
3285 1149 3460 1204 etiam
3485 1166 3518 1204 a
3549 1166 3690 1220 com_

266 1247 433 1302 muni
469 1263 646 1301 sensu
679 1251 737 1300 et
787 1250 998 1299 natura
1050 1257 1386 1298 sermonem
1437 1239 1798 1295 confirmat:
1863 1237 2120 1310 seipsum
2179 1240 2420 1311 quidem
2479 1241 2600 1296 vice
2633 1241 2816 1313 patris
2865 1257 3114 1312 ponens,
3148 1240 3284 1294 illos
3305 1246 3502 1294 autem
3533 1239 3661 1295 loco

267 1336 553 1391 ﬁliorum.

343 1424 482 1496 Ἐγὼ
563 1421 619 1478 δὲ
696 1420 888 1492 ἥδιστα
947 1419 1242 1489 δαπανήσω
1319 1417 1408 1472 καὶ
1480 1414 1920 1488 ἐκδαπανηθήσο-

274 1534 366 1584 μαι
430 1512 560 1585 ὑπὲρ
617 1516 721 1566 τῶν
779 1515 971 1590 ψυχῶν
1031 1511 1203 1582 ὑμῶν,
1269 1509 1314 1563 εἶ
1371 1507 1460 1562 καὶ
1522 1508 1915 1579 περισσοτὲἓως

270 1599 409 1671 ὑμᾶς
451 1599 694 1672 ἀγαπῶς,
753 1599 921 1667 ἧττον
979 1597 1294 1670 ἀγαπῶμαι.
1356 1596 1536 1650 Ἔστω
1585 1591 1640 1648 δὲ
1687 1592 1798 1669 ἐγὼ
1852 1592 1913 1647 οὐ

262 1682 608 1759 κατεϐάρησα
669 1688 828 1759 ὑμᾶς,
889 1684 1015 1740 ἀλλ’
1075 1685 1338 1760 ὑπάρχων
1398 1687 1728 1757 πανοῦργος,
1763 1679 1912 1754 δόλῳ

258 1778 398 1848 ὑμᾶς
430 1772 649 1834 ἔλαϐον.
684 1779 772 1847 Μή
804 1797 925 1830 τινα
954 1777 1027 1830 ὧν
1058 1773 1368 1830 ἀπέσταλκα
1423 1774 1561 1846 πρὸς
1615 1774 1775 1845 ὑμᾶς,
1839 1770 1908 1826 δι’

2102 1417 2400 1485 ΧῙῐ,15-59.
2439 1441 2466 1467 ‹‹
2497 1420 2612 1491 Ego
2643 1435 2778 1475 vero
2828 1418 3221 1474 libentissime
3254 1418 3593 1490 impendam
3625 1425 3684 1475 et

2029 1531 2056 1556 ‹‹
2085 1511 2387 1580 expendar
2408 1527 2513 1582 pro
2537 1510 2846 1565 animabus
2870 1511 3074 1564 vestris
3109 1527 3121 1563 :
3157 1510 3294 1564 licet
3323 1509 3563 1565 uberius
3582 1527 3681 1564 vos

2027 1620 2053 1645 «
2087 1598 2342 1670 diligens
2373 1599 2570 1654 minus
2601 1599 2950 1670 diligar.Sed
2982 1599 3263 1669 esto,ipse
3296 1615 3414 1653 non
3445 1598 3676 1670 gravavi

2024 1709 2052 1735 «
2085 1703 2206 1748 vos,
2231 1704 2430 1742 verum
2455 1704 2586 1742 cum
2613 1705 2805 1743 essem
2830 1688 3221 1755 astutus,dolo
3244 1705 3343 1743 vos
3365 1688 3672 1759 cepi.Num

2020 1797 2046 1823 «
2081 1792 2186 1846 per
2200 1792 2559 1847 quemquam
2584 1792 2784 1832 eorum
2802 1793 2948 1848 quos
2964 1778 3095 1831 misi
3113 1777 3184 1832 ad
3198 1793 3300 1832 vos
3313 1777 3673 1832 circumveni

255 1866 421 1921 αὐτοῦ
465 1863 859 1935 ἐπλεονέκτησα
921 1866 1104 1936 ὑμᾶςς
1170 1861 1514 1937 ΙΙαρεκάλεσα
1569 1861 1752 1929 Τίτον,
1811 1862 1892 1916 καῖ

2013 1886 2040 1910 ‹‹
2061 1881 2160 1918 vos
2186 1865 2212 1919 τ
2244 1866 2456 1937 Rogavi
2495 1866 2708 1928 Titum,
2743 1873 2800 1921 et
2829 1883 2947 1921 una
2969 1883 3101 1922 cum
3121 1866 3224 1921 illo
3248 1866 3380 1920 misi
3404 1865 3667 1922 fratrem.

250 1953 636 2009 συναπέστειλα
669 1955 760 2008 τὸν
791 1951 1044 2031 ἀδελῳὸν.
1081 1954 1168 2023 Μή
1202 1975 1253 2007 τι
1307 1951 1728 2021 ἐπλεονέκτησεν
1760 1951 1899 2023 ὑμᾶς

248 2045 409 2107 Τίτος
446 2064 458 2112 ;
492 2045 567 2101 Οὐ
612 2049 688 2115 τῷ
739 2043 887 2116 αὐτῷ
943 2045 1208 2117 πνεύματι
1267 2043 1738 2116 περιεπατήσαμεν
1776 2041 1898 2109 ;()ὐ

243 2141 366 2196 τοῖς
399 2135 582 2198 αὐτοῖς
609 2135 790 2208 ’ἰχνεσι
827 2154 839 2202 ;
881 2133 1051 2190 Πάλιν
1111 2132 1318 2188 δοκεῖτε
1376 2135 1460 2187 δτι
1515 2132 1641 2203 ὑμῖν
1694 2130 1900 2186 ἀπολο-

238 2225 504 2299 γούμεθα.

311 2315 472 2384 Ὁρᾷς
507 2315 713 2375 πόσους
775 2313 1017 2387 βαθμοὺς
1085 2307 1202 2387 ἔχει
1264 2306 1585 2385 ὑπερϐολῶν
1641 2310 1706 2364 τὰ
1763 2310 1896 2364 κατὰ

237 2405 331 2458 τὸν
368 2402 587 2458 Παῦλον
623 2423 635 2470 ς
671 2399 819 2458 Ἔδει
855 2398 1065 2466 λαϐεῖν,
1098 2405 1194 2454 τοῦ
1238 2397 1472 2472 Χριστοῦ
1523 2403 1686 2453 τοῦτο
1715 2398 1899 2454 κελεύ-

240 2513 455 2559 σαντος,
488 2493 572 2546 καῖ
609 2493 708 2548 οὐκ
764 2487 976 2547 ἔλαϐεν.
1037 2488 1177 2548 Ἰδοὺ
1234 2491 1337 2550 εἷς,
1400 2488 1499 2545 Καὶ
1558 2489 1893 2562 ὑστερούμε-

240 2603 352 2644 νος.
387 2581 525 2637 Ἰδοὺ
558 2581 672 2638 δύο.
717 2583 817 2639 Kal
847 2581 1031 2642 αὐτοῖς
1069 2580 1383 2654 κηρύσσων.
1427 2576 1566 2634 Ἰδοὺ
1595 2583 1759 2653 τρεῖς.
1800 2578 1894 2633 Καὶ

243 2668 307 2724 οἱ)
343 2669 506 2742 μόνον
541 2669 600 2724 οὐ
627 2665 918 2741 λαμϐάνει,
975 2666 1120 2723 ἀλλά
1158 2667 1247 2721 καὶ
1299 2668 1397 2736 τὴν
1451 2667 1620 2740 σάρκα
1653 2665 1698 2720 εἰ
1757 2661 1892 2735 δέοι,

242 2756 600 2831 προσδίδωσι.
633 2760 920 2831 Τέσσαρες.
972 2757 1106 2814 Εἶτα
1166 2755 1256 2810 σὺν
1312 2759 1380 2828 τῇ
1415 2755 1592 2829 σαρκὶ,
1647 2753 1736 2806 καὶ
1795 2753 1893 2820 τήν

249 2850 435 2922 ψυχήν
502 2849 690 2918 αὐτήν.
752 2849 1029 2919 Πέμπτον,
1081 2847 1180 2902 Καὶ
1243 2845 1376 2918 ὑπὲρ
1405 2849 1513 2899 τῶν
1578 2844 1654 2915 μὴ
1685 2838 1894 2921 σφόδρχ

243 2937 548 3016 φιλοῦντων
585 2938 767 2994 αὐτόν.
797 2940 1020 2994 Ἐκτον.
1058 2936 1153 2990 Καὶ
1178 2933 1305 2990 οὐδὲ
1334 2938 1397 2989 τὸ
1457 2933 1755 3007 ἀγαπῶντα
1813 2933 1890 3004 μὴ

240 3028 572 3102 ἀγαπᾶσθαι,
616 3027 848 3100 ἐγκοπήν
907 3046 1029 3079 τινα
1081 3030 1246 3080 ποιεῖ.
1290 3018 1590 3094 Ἔϐδομον.
1637 3020 1776 3095 Ἐγὼ
1835 3019 1892 3074 δὶ

234 3119 440 3190 πατρὸς
471 3117 683 3192 ἐπέχων
713 3117 788 3178 εἷς
819 3117 958 3188 υμᾶς
983 3115 1147 3186 τάξιν,
1181 3113 1242 3168 οὐ
1298 3113 1460 3185 μόνον
1491 3112 1552 3165 οὐ
1612 3109 1890 3185 λήψομαι,

234 3206 381 3263 ἀλλά
440 3209 528 3262 καὶ
617 3209 850 3282 παρέξω,
910 3207 998 3260 καὶ
1085 3205 1146 3259 οὐ

233 3298 324 3353 τὸν
377 3299 474 3372 ἐμὲ
532 3299 620 3352 καὶ
688 3299 786 3366 τήν
839 3296 1076 3367 ἐμαυτοῦ
1163 3295 1353 3369 σάρκα.
1413 3295 1591 3349 Τοῦτο
1639 3292 1744 3366 γὰρ
1800 3289 1884 3357 τὸ,

236 3385 815 3456 Ἑκόαπανῃθέσοςλαι,
899 3386 1169 3454 τουτέστι,
1229 3382 1324 3437 κᾶν
1395 3383 1492 3449 τήν
1553 3380 1721 3456 σάρκα
1775 3376 1886 3434 δέοι

235 3472 568 3540 δαπανᾶσθαι
599 3477 730 3549 ὓπερ
764 3476 941 3547 ὓμῶν,
975 3475 1040 3530 οὐ
1074 3473 1349 3550 φείσομαι,
1385 3497 1411 3522 (ι
1455 3469 1519 3526 Εἰ
1579 3471 1667 3524 καί
1699 3488 1884 3542 περισ-

231 3568 466 3640 σοτέρως
525 3567 662 3636 ὑμᾶς
723 3565 936 3638 ἀγαπῶ.
1001 3588 1028 3614 ι»
1078 3564 1180 3622 Καὶ
1236 3564 1402 3615 ταῦτα
1471 3563 1638 3626 ποιῶ,
1697 3557 1883 3632 φησῖν,

231 3654 365 3728 ὑπὲρ
395 3660 503 3710 τῶν
545 3655 663 3709 λίαν
726 3655 819 3726 μέν
877 3651 1247 3730 φιλουμένων,
1297 3651 1460 3719 ἦττον
1517 3646 1574 3704 δὲ
1630 3648 1884 3724 ἀγαπῶν-ι

227 3764 360 3798 των.
397 3768 423 3795 (ι
457 3745 638 3801 Ἔστω
669 3741 726 3798 δέ
783 3742 894 3816 ἐγὼ
957 3744 1019 3798 οὐ
1069 3736 1412 3813 κατεϐάρησα
1477 3739 1634 3811 ὑμᾶς.
1671 3761 1698 3788 ››
1763 3738 1883 3794 Κατ’

233 3829 505 3904 ἆρώτησιν
527 3833 754 3910 προάγει
785 3834 877 3887 τὸν
913 3830 1104 3904 λόγον,
1139 3831 1228 3885 καί
1289 3848 1444 3900 φησι,
1505 3831 1666 3882 τοῦτο
1724 3827 1882 3898 ὡμοο

240 3919 498 3997 λόγηται,
531 3923 611 3977 ὅτι
645 3921 749 3996 ἐγὼ
772 3923 837 3977 οὐ
867 3915 1211 3996 κατεϐάρησα
1270 3921 1408 3991 ὑμᾶς
1467 3916 1518 3972 ἐν
1553 3921 1635 3989 τῷ
1694 3911 1880 3971 )αϐεῖν

236 4029 310 4063 τι.
348 4009 504 4066 Ἀλλ’
549 4012 812 4090 ὑπάρχων
869 4015 1193 4085 πανοῦργος,
1256 4005 1404 4080 δόλῳ
1462 4009 1603 4079 ὓμᾶς
1664 3999 1881 4074 ἔλαϐον,

233 4102 498 4170 τουτέστι,
561 4098 712 4172 δόλῳ
767 4103 910 4172 ὑμᾶς
971 4099 1433 4172 μετεχειρισάμτ,ν
1485 4097 1573 4150 καὶ
1603 4096 1878 4165 ἠκόντισα.

236 4191 335 4247 Καὶ
368 4191 478 4265 ἐγὼ
515 4192 607 4263 μὲν
649 4188 1089 4260 αὺτοπροσώπως
1139 4184 1291 4242 οὐδὲν
1347 4186 1566 4264 ε’ἷληφα.
1626 4186 1770 4260 ’Λρα
1802 4188 1878 4259 μή

236 4278 327 4338 διὰ
387 4281 565 4354 μέσων
623 4284 784 4334 τινῶν
837 4283 999 4333 τοῦτο
1055 4276 1273 4352 ἔπραξα,
1322 4277 1539 4349 πέμψας
1592 4276 1737 4337 τινας
1791 4276 1880 4330 καὶ

234 4370 308 4429 δι’
338 4373 512 4426 αὐτῶν
549 4365 777 4439 λαϐών;
818 4369 1117 4442 Οὐμενοῦν.
1178 4368 1240 4422 Οἱ
1293 4367 1394 4440 γαρ
1441 4364 1686 4427 ἐλθόντες
1744 4367 1880 4440 πρὸς

234 4464 399 4535 υμᾶς,
433 4467 550 4524 τοῖς
579 4459 734 4531 ἐμοῖς
797 4459 1000 4534 ἴχνεσιν
1057 4456 1463 4528 ἠκολούθησαν.
1501 4478 1528 4507 ιι
1552 4458 1630 4510 Δι’
1686 4457 1879 4512 ἑαυτοῦ

228 4552 630 4623 ἰπλεονέκτησα
661 4552 801 4622 υμᾶς
839 4570 908 4618 ;››
950 4552 1080 4608 Οἴον
1137 4547 1226 4604 διά
1287 4547 1450 4620 μέσου
1509 4547 1706 4604 αὐτῶν.
1737 4549 1878 4623 ’Όρα
1913 4577 1958 4642 D

232 4640 313 4712 δὲ,
344 4641 658 4710 πλεονεξίαν
685 4642 862 4707 καλεῖ,
884 4641 947 4694 τὸ
977 4640 1120 4712 παρὰ
1153 4638 1390 4692 ἀκόντων
1425 4631 1633 4690 λαϐεῖν.
1659 4637 1750 4693 Καὶ
1782 4637 1881 4692 αὖ·

230 4737 348 4794 τοῖς
383 4730 440 4786 δὲ
468 4732 650 4806 ἠρέμα
711 4727 984 4799 ὀνειδίζει,
1036 4729 1110 4789 ὡς
1165 4729 1251 4782 καὶ
1308 4727 1482 4782 αὐτῶν
1538 4724 1880 4782 πλεονεκτεῖ-

232 4823 354 4876 σθαι
383 4822 731 4894 ἡγουμένων,
791 4819 835 4874 εἰ
894 4819 1153 4893 θρέψουσι
1204 4815 1438 4875 Παῦλον.
1472 4842 1498 4868 ‹‹
1536 4815 1882 4891 Παρεκάλεσα

232 4908 416 4968 Τίτον.
480 4933 507 4960 ι)
559 4909 661 4966 Καὶ
715 4912 874 4962 τοῦτο
906 4904 1296 4967 ὀνειδιπικῶς.
1351 4905 1422 4960 Οὐ
1482 4906 1584 4982 γὰρ
1642 4900 1881 4980 ἔπεμψα,

233 4996 384 5054 ἀλλὰ
430 4996 791 5073 παρεκάλεσα,
844 4995 1053 5058 δεικνὺς
1085 4995 1168 5050 ὅτι
1227 4994 1272 5049 εἰ
1331 4995 1418 5048 καὶ
1476 4993 1722 5072 εἴληφεν,
1781 4996 1882 5050 οὐκ

233 5085 574 5164 ἆσφάλη.()ἷ›
631 5086 734 5164 γὰρ
800 5084 1140 5159 αὒτομάτως,
1174 5082 1320 5139 ἀλλά
1403 5083 1538 5137 κατά
1593 5082 1878 5157 παράκλη-

233 5196 317 5232 σιν
351 5175 539 5244 ἦλθεν.
573 5173 727 5233 Ἀλλ’
757 5176 934 5249 ὅμως,
958 5171 1082 5230 οἱ)δέ
1113 5172 1286 5234 οὕτως
1308 5169 1551 5250 εἴληφεν.
1581 5171 1678 5228 Ἦν
1713 5167 1770 5226 δὲ
1789 5172 1878 5226 καί

232 5285 352 5322 τινα
378 5263 549 5320 ἅΑλον
580 5269 660 5338 τῷ
708 5266 859 5337 Τίτῳ
916 5259 1358 5322 συναποστείλας.
1393 5284 1420 5310 ‹‹
1453 5257 1530 5317 Οἱ)
1587 5263 1666 5331 τῷ
1733 5257 1880 5333 αὒτῷ

230 5355 500 5430 πνεύματι
528 5358 1002 5428 περιεπατήσαμεν
1040 5373 1053 5421 ;
1090 5377 1116 5404 ››
1163 5353 1472 5419 Τουτὲστιν,
1521 5348 1583 5406 οὒ
1613 5349 1682 5425 τῇ
1742 5351 1877 5425 αὐτῇ

233 5447 420 5521 χάριτι
515 5445 601 5499 καὶ
637 5443 744 5520 ἐγώ
779 5463 792 5513 ;
824 5446 998 5501 Τοῦτο
1047 5443 1198 5518 λέγει
1256 5443 1491 5513 πνεῦμα,
1545 5437 1714 5514 ἤγουν
1768 5439 1878 5515 χά-

229 5553 401 5610 ρισμα
432 5533 817 5605 πνευματικόν.
852 5532 1110 5605 Χάρισμα
1141 5527 1198 5584 δὲ
1239 5527 1399 5584 καλεῖ
1450 5530 1512 5584 τὸ
1541 5535 1766 5602 πρᾶγμα
1821 5528 1882 5582 τὸ

233 5622 586 5696 κενούμενον
615 5623 690 5694 μή
726 5615 932 5677 λαϐεῖν.
962 5621 1102 5693 ’Ὀρα
1133 5616 1190 5674 δὲ
1217 5621 1335 5680 πῶς
1365 5617 1430 5672 τά
1460 5617 1634 5673 οἰκεῖα
1687 5637 1881 5691 κατορο

235 5711 463 5786 θώματα
491 5716 572 5782 τῷ
601 5715 718 5783 οιῷ
743 5710 1049 5780 ἀνατίθησι.
1089 5733 1115 5762 ‹‹
1147 5705 1223 5768 Οὔ
1253 5711 1369 5769 τοῖς
1402 5707 1583 5768 αὐτοῖς
1616 5703 1790 5784 ἴχνεσι
1814 5729 1830 5782 ;
1856 5735 1884 5762 »

2012 1975 2038 2001 «
2073 1955 2218 2008 Num
2244 1954 2518 2026 inaliquo
2561 1956 2950 2011 circumvenit
2968 1973 3067 2010 vos
3096 1956 3257 2010 Titus
3279 1955 3305 2009 ?
3330 1959 3544 2012 Annon
3567 1972 3672 2011 eo-

2012 2063 2039 2089 ‹‹
2065 2042 2199 2097 dem
2225 2043 2922 2116 spirituambulavimus‘?
2943 2043 3673 2117 annoniisdemvestigiis?

2010 2153 2036 2179 «
2069 2133 2321 2188 Rursum
2345 2133 2717 2189 arbitramini
2767 2134 2922 2205 quod
2942 2151 3052 2190 nos
3080 2151 3282 2189 coram
3313 2135 3476 2189 vobis
3501 2149 3671 2189 excu-

2006 2242 2034 2270 «
2069 2222 2327 2277 seruus?
2358 2245 2386 2271 »

2082 2311 2439 2384 Viden,quot
2460 2313 2825 2368 excellentiae
2839 2313 3054 2385 gradus
3070 2311 3464 2367 habentPauli
3478 2311 3671 2385 gesta?

2005 2401 2493 2472 Potuitaccipere
2529 2417 2664 2456 cum
2694 2402 3060 2472 hocjuberet
3094 2401 3383 2464 Christus,
3437 2406 3499 2456 et
3547 2417 3666 2456 non

2003 2490 2232 2560 accepit
2273 2505 2284 2544 :
2337 2506 2473 2545 ecce
2523 2506 2698 2546 unus.
2751 2493 2820 2544 Et
2857 2506 3034 2562 egens
3087 2496 3260 2545 erat:
3309 2505 3445 2544 ecce
3491 2489 3662 2545 alter.

2003 2584 2074 2638 Et
2107 2585 2254 2639 702
2287 2584 2431 2656 ipsis
2486 2585 2849 2656 praedicabat
2882 2601 2894 2638 :
2955 2585 3103 2639 Ecce
3160 2584 3391 2638 tertius.
3421 2585 3534 2638 Nec
3568 2600 3660 2638 so-

2007 2673 2129 2726 lum
2163 2689 2281 2728 non
2315 2675 2785 2745 accipit,,verum
2819 2675 2997 2729 etiam
3031 2674 3077 2726 si
3109 2690 3259 2745 opus
3292 2674 3389 2739 sit,
3421 2688 3660 2727 carnem

2005 2760 2421 2832 impenderet:
2459 2779 2594 2818 ecce
2627 2769 2892 2833 quartus.
2949 2761 3172 2816 Deinde
3227 2779 3361 2817 cum
3414 2777 3658 2832 corpore

2002 2850 2180 2904 etiam
2215 2851 2476 2905 animam
2507 2851 2695 2922 ipsam
2724 2868 2736 2915 ;
2772 2867 2907 2905 ecce
2941 2851 3206 2921 quintus.
3232 2850 3416 2920 quue
3448 2866 3552 2921 pro
3586 2850 3658 2905 iis

2004 2939 2102 3009 qui
2138 2955 2256 2993 non
2325 2939 2644 2994 admodum
2683 2940 2877 3010 ipsum
2908 2944 3214 2993 amarent:
3247 2955 3380 2993 ecce
3441 2945 3659 2996 sextus.

2001 3029 2125 3080 lmo
2157 3045 2290 3082 cum
2353 3045 2544 3098 neque
2605 3034 2904 3082 amantem
2959 3027 3359 3092 reclamarent,
3405 3028 3556 3082 nihil
3587 3028 3658 3083 de

2002 3132 2202 3170 amore
2239 3116 2556 3171 diminuit:
2590 3133 2726 3172 ecce
2765 3117 3074 3188 septimus.
3109 3119 3224 3187 Ego
3281 3124 3504 3183 tamen,
3564 3118 3656 3173 in-

1235 3206 1518 3278 χρήματα,
1598 3202 1724 3256 ἀΑλ⁹
1799 3200 1890 3255 αὐ-

2006 3205 2151 3275 quit,
2185 3221 2320 3259 cum
2354 3206 2536 3276 patris
2557 3205 2738 3260 vicem
2788 3222 2986 3276 geram
3020 3221 3157 3277 erga
3186 3222 3306 3272 vos,
3332 3222 3451 3261 non
3484 3205 3656 3260 modo

2002 3314 2121 3352 non
2151 3299 2668 3369 accipiam,verum
2694 3300 2870 3354 etiam
2901 3299 3175 3370 praébebo
3201 3316 3213 3353 :
3236 3316 3346 3354 nec
3376 3301 3657 3371 pecunias

1994 3393 2097 3442 aut
2143 3387 2572 3457 possessiones,
2635 3389 2736 3442 sed
2793 3390 3085 3460 meipsum
3121 3393 3178 3442 et
3225 3404 3418 3443 meam
3466 3389 3651 3460 ipsius

1993 3491 2252 3530 carnem.
2279 3477 2423 3531 Nam
2455 3478 2565 3532 hoc
2613 3477 2884 3546 designat
2913 3498 2940 3527 ‹‹
2975 3477 3317 3550 Expendar:
3344 3499 3373 3527 »
3398 3479 3508 3532 hoc
3539 3483 3646 3545 est,

1993 3564 2169 3619 etiam
2203 3565 2251 3619 si
2283 3581 2526 3620 carnem
2557 3571 2948 3638 oporteatpro
2967 3566 3133 3621 vobis
3156 3565 3647 3638 impendere,non

1993 3669 2249 3724 parcam.
2285 3677 2310 3703 α
2349 3655 2507 3710 Licet
2536 3656 2779 3710 uberius
2808 3673 2909 3711 vos
2942 3656 3143 3729 diligo.
3181 3677 3210 3705 »
3259 3659 3330 3710 Et
3377 3657 3521 3722 haac,
3555 3657 3642 3710 in-

1992 3744 2140 3814 quit,
2173 3743 2321 3799 facio
2354 3761 2460 3815 pro
2508 3745 2599 3799 his
2622 3746 2721 3816 qui
2748 3745 3134 3799 vehementer
3163 3745 3403 3816 quidem
3435 3761 3641 3798 aman-

1990 3839 2106 3895 tur,
2144 3834 2247 3888 sed
2311 3835 2508 3890 minus
2557 3841 2779 3890 amant.
2837 3857 2864 3884 ‹‹
2899 3835 3010 3890 Sed
3045 3841 3188 3898 esto,
3217 3849 3320 3905 ego
3365 3833 3490 3902 ipse
3524 3848 3648 3889 non

1989 3923 2216 3991 gravavi
2247 3940 2368 3978 vos.
2422 3945 2449 3972 »
2501 3925 2610 3977 Per
2641 3923 3165 3994 interrogationem
3207 3919 3479 3992 producit
3527 3936 3647 3976 ser-

1989 4030 2250 4078 monem,
2286 4019 2344 4070 et
2371 4014 2455 4069 ait
2484 4030 2496 4066 :
2531 4015 2647 4068 Hoc
2683 4013 2740 4068 in
2774 4012 3043 4068 confesso
3075 4018 3165 4068 est
3189 4011 3346 4083 quod
3386 4027 3490 4084 ego
3520 4012 3645 4084 ipse

1989 4119 2110 4158 non
2139 4103 2502 4175 gravaverim
2532 4119 2635 4156 vos
2666 4101 3011 4172 accipiendo
3041 4101 3364 4172 quidquam
3402 4118 3413 4155 :
3440 4117 3644 4158 verum

1989 4208 2123 4246 cum
2156 4196 2386 4245 astutus
2424 4206 2638 4254 essem,
2673 4190 2807 4245 dolo
2841 4207 2940 4245 vos
2971 4191 3099 4262 cepi
3135 4206 3148 4246 :
3194 4191 3304 4246 hoc
3363 4196 3471 4257 est,
3506 4189 3642 4246 dolo

1989 4298 2088 4335 vos
2121 4280 2362 4334 tractavi
2393 4285 2452 4334 et
2481 4295 2791 4352 aggressus
2817 4297 2946 4336 sum
2973 4298 2984 4336 :
3021 4286 3078 4335 et
3110 4297 3213 4352 ego
3237 4279 3479 4352 quidem
3511 4297 3643 4351 pro-

1989 4369 2116 4440 pria
2140 4383 2395 4439 persona
2426 4369 2575 4424 nihil
2609 4371 2807 4442 accepi
2848 4387 2860 4423 :
2894 4386 3035 4426 num
3070 4371 3248 4443 igitur
3279 4386 3382 4441 per
3411 4368 3640 4424 medios

1990 4457 2275 4526 quosdam
2309 4458 2420 4513 hoc
2450 4459 2581 4525 feci,
2617 4460 2858 4515 mittens
2885 4459 3118 4531 aliquos
3149 4467 3210 4515 et
3239 4475 3345 4530 per
3382 4458 3514 4514 illos
3544 4474 3638 4514 ao-
3688 4485 3694 4490 ’

1990 4549 2216 4619 cipiens
2237 4550 2265 4605 ?
2295 4552 2698 4622 Nequaquam.
2731 4553 2876 4606 Nam
2909 4552 3010 4623 qui
3061 4552 3132 4608 ad
3190 4567 3292 4606 vos
3331 4556 3642 4616 venerunt,

1994 4655 2128 4694 mea
2149 4640 2390 4713 vestigia
2434 4642 2619 4697 secuti
2652 4648 2808 4698 sunt.
2849 4665 2868 4690 ι
2921 4643 3070 4698 Num
3121 4659 3226 4714 per
3281 4659 3644 4716 quemquam

1993 4729 2464 4785 circumvenivos
2495 4731 2522 4784 ?
2546 4753 2572 4781 ››
2607 4732 2723 4786 Hoc
2755 4737 2862 4797 est,
2898 4748 3004 4802 per
3032 4731 3294 4787 medium
3329 4732 3594 4804 ipsorum
3619 4733 3647 4789 ?

1995 4818 2136 4874 Vide
2175 4825 2371 4875 autem
2405 4820 2564 4890 quod
2596 4820 2865 4876 fraudem
2921 4836 2989 4875 ac
3041 4822 3443 4878 extorsionem
3489 4821 3646 4879 dicat

1991 4908 2064 4964 ab
2096 4909 2295 4964 invitis
2334 4910 2602 4979 accipere
2627 4913 2652 4975 ξε
2706 4910 2968 4980 ipsisque
3022 4910 3198 4965 tacite
3256 4912 3640 4984 improperat,

1991 4999 2148 5069 quod
2181 5015 2241 5052 se
2276 4998 2704 5054 circumvenire
2735 4998 3022 5054 ducerent
3038 5001 3082 5054 si
3109 5000 3356 5056 Paulum
3388 5001 3638 5060 alerent.

1992 5109 2020 5137 «
2053 5088 2264 5159 Rogavi
2314 5087 2524 5143 Titum.
2565 5110 2592 5136 »
2651 5089 2720 5141 Et
2749 5087 2860 5143 hoc
2891 5104 2996 5158 per
3025 5089 3449 5162 improperium
3489 5089 3640 5146 dici-

1991 5181 2087 5232 tur
2118 5193 2130 5230 :
2163 5192 2284 5231 non
2313 5176 2471 5232 enim
2501 5177 2659 5244 misi,
2695 5177 2795 5233 sed
2839 5180 3032 5252 rogavi
3069 5197 3081 5234 :
3133 5179 3454 5236 ostendens
3485 5180 3643 5252 quod

1989 5265 2036 5320 si
2064 5265 2241 5320 etiam
2271 5266 2597 5337 accepisset
2617 5282 2734 5321 non
2757 5274 3084 5339 peccasset:
3117 5285 3311 5340 neque
3335 5270 3494 5326 enim
3510 5286 3644 5342 pro-

1989 5355 2118 5425 pria
2151 5361 2359 5425 sponte
2393 5354 2690 5426 profectus
2730 5363 2838 5423 est,
2874 5357 2975 5412 sed
3024 5365 3297 5431 rogatus:
3330 5365 3388 5414 et
3444 5365 3642 5415 tamen

1989 5441 2163 5497 neita
2193 5443 2435 5513 quidem
2467 5444 2714 5515 accepit.
2750 5445 2985 5500 Miserat
3007 5453 3202 5502 autem
3234 5447 3417 5502 alium
3442 5463 3642 5518 quem.

1992 5529 2128 5586 dam
2159 5547 2277 5588 una
2306 5549 2441 5588 cum
2479 5534 2623 5590 Tito.
2660 5556 2687 5582 ιι
2723 5537 2929 5590 Annon
2987 5535 3196 5590 eodem
3246 5535 3460 5607 spiritu
3516 5551 3640 5591 am-

1991 5620 2372 5679 bulavimus?
2405 5644 2427 5674 ο
2460 5624 2523 5680 ld
2559 5629 2665 5691 est,
2699 5640 2899 5682 nonne
2961 5623 3164 5680 eadem
3223 5631 3410 5696 gratia
3441 5639 3558 5695 qua
3588 5628 3647 5680 et

1994 5712 2147 5786 ego?
2176 5713 2295 5770 Hoc
2308 5714 2592 5786 spiritum
2631 5713 2775 5772 dicit
2805 5715 2925 5770 sive
2955 5713 3181 5770 donum
3212 5711 3498 5784 spiritale.
3532 5715 3642 5773 Fa-
