4128 6192
541 354 696 414 10⁸75

1647 341 2062 406 CECUMENII
2105 337 2413 400 TllICCE
2457 335 2834 398 EPISCOPI.

3763 335 3895 395 ιο-ιθ

541 490 700 542 etum
731 487 928 539 autem
958 485 1126 536 vocat
1151 480 1398 547 donum,
1423 495 1637 550 nempe
1668 479 1848 538 etiam
1879 477 1940 532 in
1999 475 2183 549 angu-

2314 472 2612 539 Γοοτέστιν,
2637 467 2762 525 οῦδὲ
2795 470 2986 545 μικρὸν
3017 467 3365 543 παρήλλαξαν
3415 466 3605 522 ἐκεῖνοι
3641 467 3730 535 τήν
3777 465 3892 539 ἐμὴν

541 575 670 630 etiis
701 572 960 643 positum
989 586 1106 626 non
1141 571 1428 640 accipere.
1462 569 1785 624 Considera
1839 583 1974 622 vero
2034 582 2188 636 quo-

539 661 714 717 modo
739 677 844 714 sua
875 660 1031 714 bona
1061 677 1243 732 opera
1265 661 1382 714 Deo
1441 658 1659 712 referat
1716 662 1978 727 accepta.
2013 677 2039 704 «
2101 662 2190 709 An

539 767 656 806 non
689 750 901 804 iisdem
933 749 1212 820 vestigiis.
1249 771 1274 796 υ
1309 749 1426 803 Hoc
1449 753 1556 810 est.
1591 764 1664 801 ne
1697 748 1754 800 in
1785 745 2030 800 minimo
2061 744 2190 814 qui-

541 840 676 895 dem
705 839 918 896 diversi
949 842 1192 894 l'nerunt
1219 840 1304 893 illi
1333 856 1368 894 a
1398 856 1528 893 mea
1559 835 2054 911 diligentiavide
2085 851 2190 888 au-

542 937 660 985 tem
693 931 848 1001 quod
878 947 998 984 non
1033 929 1350 1002 modoipse
1367 946 1486 983 non
1519 928 1764 999 accepit.
1789 942 1990 980 verum
2013 925 2192 980 etiam

543 1019 617 1075 iis
648 1037 798 1090 quos
829 1021 992 1074 misit
1031 1035 1104 1074 ne
1138 1019 1479 1090 acciperent
1509 1017 1803 1088 persuasit
1837 1031 1848 1068 :
1883 1038 1906 1064 ιι
1937 1017 2193 1069 Rursum

545 1109 920 1164 arbitramini
953 1109 1112 1180 quod
1144 1125 1252 1162 nos
1303 1123 1504 1162 coram
1557 1105 1722 1160 vobis
1769 1119 2189 1160 excusemus.»

516 1189 779 1254 "Veritus
807 1206 896 1253 est
923 1213 998 1254 ne
1029 1197 1416 1253 assentatoris
1438 1195 1778 1266 Opinionem
1803 1193 1873 1247 de
1897 1209 1963 1248 eo
1997 1207 2197 1246 sume-

543 1296 679 1345 rent
709 1306 720 1344 :
754 1288 886 1343 ideo
919 1289 1092 1342 etiam
1123 1287 1398 1358 superius
1429 1285 1577 1340 dixit
1627 1284 1774 1338 703
1799 1285 2051 1338 Rursum
2087 1297 2196 1336 nos

547 1380 708 1450 ipsos
729 1377 1220 1432 commendamus
1249 1376 1276 1430 ?
1306 1382 1365 1430 et
1395 1393 1407 1430 :
1447 1377 1594 1429 Num
1626 1389 1867 1446 egemus
1899 1387 2198 1426 commen-

544 1465 768 1522 datitiis
801 1467 1090 1538 epistoliis
1124 1465 1150 1520 ?
1179 1467 1302 1521 Non
1337 1480 1472 1536 ergo
1505 1463 1666 1518 vobis
1697 1464 2198 1527 assentantes,aut

2301 555 2769 636 ἀκρίϐειαν.⁴“ορα
2829 557 2906 622 δὲ,
2956 557 3018 614 οῦ
3082 559 3244 630 μόνον
3318 553 3479 616 αὑτὸς
3547 553 3642 609 οὒκ
3687 553 3894 635 emes,

2300 649 2446 706 ἀλλᾶ
2475 650 2716 711 καὶτοὺς
2764 647 3164 710 ἀποσταλέντας
3205 641 3380 702 ἔπεισε
3431 647 3508 717 μὴ
3539 639 3734 700 λαϐεῖν.
3767 669 3790 694 ιι
3817 645 3898 699 Πά-

2303 739 2388 796 λιν
2423 738 2629 795 δοκεῖτε
2649 739 2732 794 ὅτι
2763 741 2892 812 ῦμῖν
2917 736 3340 810 ἀπολογούμεθα
3373 756 3387 802 ς
3427 759 3452 784 n
3489 731 3696 790 Δεδοικε
3729 737 3793 805 μὴ
3819 735 3896 788 κό-

2303 829 2470 891 λακάς
2501 850 2646 888 τινος
2675 823 2817 903 λάϐῃ
2852 825 3030 897 δόξαν.
3081 828 3173 880 Διὸ
3231 824 3316 879 καὶ
3377 822 3488 878 ἅνω
3543 819 3708 895 ἔλεγε.
3765 821 3898 876 Πάλιν

2303 921 2522 978 ἑαυτοὺς
2556 921 2964 988 συνιστανομεν,
2991 937 3023 970 κ
3047 915 3081 968 ti
3106 916 3150 970 εἰ
3185 917 3262 986 μή
3297 933 3336 988 χ
3343 915 3407 988 ρή
3421 919 3582 984 ζομεν
3615 916 3898 965 σδστατικῶν

2303 1007 2623 1063 ἐπιστολῶν.
2659 1005 2783 1080 Οῦχ
2803 1007 2942 1078 ὒμᾶς
2973 1005 3062 1059 οῦν
3091 1002 3502 1064 κολακεύοντες,
3527 999 3562 1068 ἤ
3589 1001 3710 1071 ὒμῖν
3735 998 3902 1054 ἀπολο-

2301 1098 2582 1172 γούμενοι,
2613 1101 2780 1150 ταῦτα
2813 1094 3067 1168 λὲγομεν,
3100 1090 3226 1147 ἀλλ’
3257 1092 3332 1152 ὡς
3389 1089 3620 1144 ἐνώπιον
3671 1091 3757 1141 τοῦ
3781 1091 3903 1154 Θεοῦ,

2304 1188 2418 1252 καῖ,
2453 1187 2687 1260 ὁρῶντος
2715 1183 2878 1238 αὐτοῦ
2912 1182 3209 1256 λαλοῦμεν,
3241 1181 3332 1236 καὶ
3365 1179 3416 1234 ἐν
3447 1182 3682 1246 Χριστῷ,
3713 1177 3814 1230 οἷον
3837 1175 3906 1230 διὰ

2307 1279 2540 1348 Χριστοῦ
2573 1273 2870 1346 λαλοῦμεν.
2895 1275 2997 1330 Τὸν
3033 1269 3086 1326 δὲ
3111 1271 3338 1326 ἐνώπιον
3367 1271 3465 1323 τοῦ
3497 1271 3631 1322 Θεοῦ
3661 1263 3904 1332 λαλοῦντα,

2307 1365 2396 1420 καὶ
2427 1363 2516 1419 διὰ
2553 1365 2787 1438 Χριστοῦ
2835 1359 3228 1441 φθεγγόμενον,
3261 1364 3378 1420 πῶς
3413 1354 3635 1412 δυνατὸν
3665 1353 3903 1414 κολακείας

2305 1457 2339 1526 ἦ
2374 1455 2606 1516 θωπείας
2627 1451 2800 1508 ἕνεκεν
2822 1451 3028 1508 λαλεῖν.

543 1569 655 1610 nos
686 1534 886 1610 coram
917 1555 1080 1610 vobis
1103 1534 1475 1618 excusantes,
1511 1553 1634 1606 hac
1674 1551 1930 1606 dicimus
1965 1568 1976 1604 :
2011 1551 2122 1605 Sed
2169 1548 2347 1604 veluti
2408 1548 2466 1602 in
2531 1551 2849 1616 conspectu
2909 1542 3037 1606 Dei,
3098 1547 3156 1596 et
3213 1556 3281 1595 eo
3332 1541 3703 1610 inspectante
3745 1534 3905 1604 loqui-

551 1659 721 1700 mur:
755 1649 815 1700 et
844 1644 905 1700 in
935 1641 1166 1698 Christo
1210 1643 1328 1698 sive
1357 1658 1461 1714 per
1491 1639 1788 1696 Christum
1817 1639 2139 1711 loquimur.
2169 1637 2470 1704 Quomodo
2503 1641 2698 1692 autem
2731 1631 3014 1706 possibile
3043 1634 3216 1696 esset,
3251 1643 3386 1684 eum
3419 1625 3522 1698 qui
3581 1638 3767 1680 coram
3815 1621 3906 1677 Deo

553 1731 816 1804 loquitur
847 1737 905 1788 et
933 1749 1038 1804 per
1068 1733 1364 1788 Christum
1395 1729 1680 1802 loquitur,
1711 1727 2100 1786 assentationi
2126 1733 2184 1782 et
2207 1725 2566 1782 adulationis
2587 1725 2775 1797 gratia
2805 1722 2989 1792 loqui.

533 1891 544 1972 -Ι
623 1935 741 2002 Xll,
777 1936 963 1991 19-21.
999 1955 1026 1984 ‹‹
1049 1935 1452 2004 Inconspectu
1468 1931 2204 2004 DeiperChristumloquiv
2240 1956 2286 2020 Β

550 2049 566 2070 ιι
589 2040 729 2079 mur:
750 2023 852 2078 sed
867 2020 1451 2088 omnia,charissimi,
1469 2039 1574 2092 pro
1593 2021 1768 2077 vestri
1783 2021 2197 2076 aedificatione.

545 2137 573 2165 ιι
589 2115 779 2168 Metuo
796 2113 954 2167 enim
973 2128 1046 2166 ne
1061 2111 1290 2182 quatiat
1317 2111 1440 2164 utsi
1455 2127 1670 2164 venero
1683 2127 1799 2164 non
1817 2109 2202 2180 qualesvelim

549 2226 575 2251 «
597 2201 884 2274 reperiam
901 2217 1017 2262 ros,
1045 2207 1104 2256 et
1121 2217 1224 2270 ego
1245 2201 1507 2272 reperiar
1519 2199 1673 2254 vobis
1692 2200 1928 2270 qualem
1947 2199 2150 2253 nolitis
2183 2213 2197 2252 :

549 2315 576 2342 ιι
593 2308 668 2348 ne
691 2307 806 2362 quo
829 2289 1006 2346 modo
1030 2291 1150 2344 sint
1170 2289 2041 2354 contentionesmmulationes,
2076 2289 2200 2358 irae,

561 2405 579 2430 ι
605 2378 1882 2442 concertationes.obtrectationes.susurria,
1916 2382 2198 2446 tumores,

557 2469 1027 2525 «seditionesﬁe
1047 2469 1260 2522 iterum
1279 2467 1374 2520 ubi
1399 2483 1610 2520 venero
1627 2467 1902 2521 humiliet
1931 2482 2022 2520 me
2049 2467 2202 2522 Deus

551 2582 580 2610 α
595 2575 763 2614 meus
777 2558 932 2628 apud
947 2573 1050 2612 vos
1077 2573 1088 2610 :
1113 2563 1172 2610 et
1191 2556 1420 2628 lugeam
1437 2556 1652 2610 multos
1675 2571 1878 2610 eorum
1895 2556 1992 2625 qui
2027 2561 2204 2610 antea

551 2670 579 2700 ιι
595 2652 988 2720 peccaverunt
1001 2662 1108 2700 nec
1123 2644 1584 2716 resipueruntab
1601 2644 2202 2710 immunditia,libidi-

555 2753 798 2808 «neque
830 2741 888 2791 et
917 2735 1288 2805 impudicitia
1311 2751 1490 2804 quam
1521 2738 1851 2805 patrarunt.
1887 2755 1914 2782 »

627 2829 750 2881 Non
807 2841 944 2898 ergo
993 2823 1296 2895 loquimur
1352 2823 1514 2878 vobis
1571 2822 1645 2878 ad
1692 2823 1940 2895 gratiam
1973 2827 2072 2878 aut
2130 2821 2202 2876 ad

553 2915 1040 2978 assentationem,
1092 2914 1194 2970 sed
1253 2913 1327 2969 ad
1385 2914 1560 2968 vestri
1617 2912 2094 2978 aediﬁcationem,
2147 2915 2206 2966 et

553 3005 895 3070 utilitatem,
929 3010 994 3060 ut
1047 3004 1271 3059 relictis
1329 3003 1824 3074 pseudapostolis,
1860 3001 2032 3056 nobis
2063 3000 2204 3055 solis

554 3096 909 3153 adhaereatis
940 3111 1008 3149 ac
1035 3094 1255 3148 nostris
1287 3093 1680 3148 sermonibus.
1713 3095 1850 3159 Aut,
1893 3097 2208 3164 propterea

553 3201 673 3242 non
700 3184 1138 3255 accepimus,ne
1177 3199 1278 3237 vos
1309 3182 1408 3252 qui
1440 3181 1662 3235 inﬁrmi
1687 3181 1850 3248 estis,
1881 3180 2207 3235 offendicu-

557 3275 680 3330 lum
711 3273 1030 3328 haberetis.
1065 3293 1091 3320 ιι
1135 3272 1326 3324 Metuo
1359 3271 1539 3325 enim.
1579 3291 1606 3318 »
1670 3270 1844 3325 Vides
1899 3279 2206 3342 paternam

2389 1928 2518 1986 Κατ’
2557 1927 2790 1982 ἐνώπιον
2843 1929 2940 1980 τοῦ
3017 1929 3150 1981 Θεοῦ
3236 1923 3288 1978 ἦν
3355 1925 3576 1994 Χριστῷ
3661 1917 3914 1988 λαλοῦμεν.

2309 2019 2389 2075 Τὰ
2449 2015 2506 2072 δὲ
2561 2017 2756 2086 πάντα,
2817 2014 3109 2090 ἀγαπητοὶ,
3173 2013 3307 2086 ὑπὲρ
3364 2018 3468 2080 τῆς
3527 2011 3677 2084 ὑμῶν
3731 2005 3916 2064 οἰκοδο-

2313 2115 2442 2180 μῆς.
2477 2102 2767 2178 Φοϐοῦμαι
2800 2105 2904 2180 γὰρ
2940 2106 3015 2177 μή
3049 2124 3166 2164 πως
3225 2101 3398 2158 ἐλθὼν
3451 2098 3562 2179 οὺχ
3619 2099 3760 2159 οἴους
3805 2094 3916 2151 θέλω

2309 2198 2450 2272 εὕρω
2518 2197 2683 2269 tam,
2762 2197 2916 2272 κάγὼ
2992 2195 3194 2270 εὒρεθῶ
3278 2193 3404 2264 ὓμῖν
3469 2195 3585 2246 οἷον
3642 2187 3701 2244 οὺ
3751 2186 3914 2250 θὲλετε.

2309 2289 2400 2355 Μή
2435 2307 2552 2348 πως
2583 2283 2748 2358 ἕρεις,
2809 2281 2994 2354 ζῆλοι,
3049 2282 3238 2354 θυμοὶ,
3297 2281 3556 2356 ἐριθεῖαι,
3605 2274 3913 2342 καταλαλιαὲ,

2305 2375 2626 2450 ψιθυρισμοῖ
2665 2417 2679 2441 ,
2767 2375 3101 2452 φυσιώσεις,
3186 2371 3595 2438 ἀκαταστασίαι,
3659 2368 3731 2442 μή
3783 2361 3914 2418 πάλιν

2309 2464 2536 2528 ἐλθόντα
2569 2485 2636 2536 με
2665 2463 3047 2518 ταπεινώσειὸ
3099 2461 3228 2522 Θεός
3289 2481 3392 2533 μου
3452 2460 3591 2532 πρὸς
3646 2457 3796 2528 huic.
3845 2452 3914 2506 7υαῖ

2307 2556 2558 2624 πενθήσω
2587 2551 2834 2614 πολλοὺς
2863 2558 2971 2607 τῶν
3005 2549 3546 2625 προημαρτηκότων,
3577 2548 3664 2602 καὶ
3725 2547 3792 2619 μή
3845 2563 3917 2614 με·

2306 2643 2685 2713 τανοησάντων
2721 2643 2808 2697 ἐπὶ
2837 2645 2906 2714 τῇ
2929 2641 3229 2718 ἀκαθαρσίᾳ
3257 2642 3348 2696 καὶ
3397 2639 3625 2714 πορνείᾳ
3676 2635 3758 2691 καὶ
3787 2631 3914 2687 ἀσελ-

2305 2733 2421 2806 γείᾳ
2513 2729 2762 2806 ἔπραξαν.

2381 2822 2458 2880 Οἱ)
2488 2822 2764 2896 λαλοῦμεν
2795 2823 2888 2876 (ὗν
2919 2824 3056 2894 πρὸς
3089 2823 3249 2898 χάριν
3313 2821 3496 2893 ὒμῶν,
3528 2821 3564 2888 ἤ
3616 2817 3744 2893 πρὸς
3780 2811 3918 2869 κολα-

2309 2913 2479 2982 κείαν,
2515 2912 2640 2969 ἀλλ’
2671 2914 2802 2983 imis;
2833 2917 2930 2968 τοῦ
2961 2913 3103 2986 ὒμᾶς
3159 2909 3536 2982 οἰκοδομῆσαι
3593 2909 3681 2962 καὶ
3731 2903 3916 2968 ὠφελῆ-

2313 3025 2418 3071 σαι,
2447 3002 2538 3058 ’ἕνα
2566 3003 2693 3064 τοὺς
2723 3001 3202 3077 ψευδαποστὸλους
3243 3001 3530 3078 φυγόντες,
3591 3002 3720 3070 ἡμῖν
3771 2995 3921 3068 μόνοις

2313 3093 2646 3168 προσέχητε,
2699 3093 2788 3146 καὶ
2845 3097 2964 3152 τοῖς
3016 3091 3306 3164 ἡμετέροις
3366 3087 3582 3164 λόγοις.
3622 3091 3694 3142 "li
3739 3081 3810 3139 ὅτι
3853 3077 3920 3134 διὰ

2312 3187 2474 3237 τοῦτο
2529 3181 2628 3237 οὐκ
2679 3177 2970 3253 ἐλάϐομεν,
3025 3181 3115 3234 ’ἱνα
3175 3181 3251 3254 μὴ
3313 3181 3474 3254 ὒμεῖς
3527 3179 3756 3240 ἀσθενεῖς
3804 3165 3920 3228 ὄντες

2321 3269 2768 3341 σκανδαλισθῆτε.
2799 3296 2824 3322 ιι
2859 3266 3148 3343 Φοϐοῦμαι
3175 3270 3301 3344 γάρ.
3343 3290 3368 3322 ι
3417 3269 3586 3341 Ὁρᾷς
3643 3259 3922 3336 κηδεμονίαν

557 3363 991 3434 providentiam
1021 3361 1048 3414 Ἰ
1095 3360 1210 3414 Alii
1249 3367 1573 3431 peccarunt
1601 3367 1660 3415 et
1705 3324 1922 3416 Paulus
1975 3363 2202 3418 metuit.

2323 3363 2590 3437 πατρικήν
2627 3380 2640 3430 ;
2672 3361 2877 3418 ’Ἄλλοι
2909 3324 3220 3432 ἡμάρτανον
3253 3324 3364 3413 Ικαὶ
3422 3355 3648 3419 Παῦλος
3695 3347 3918 3432 φοϐεῖται,

559 3452 693 3504 «Ne
735 3465 852 3519 qua
903 3449 1022 3502 ﬁat.
1083 3469 1102 3495 ο
1169 3447 1408 3502 Dubitat
1459 3447 1651 3503 adhuc
1709 3455 1766 3504 et
1809 3465 1930 3504 non
1979 3449 2212 3504 asserit.

563 3561 590 3588 (ι
625 3539 750 3593 Non
777 3537 983 3608 quales
1013 3535 1144 3589 volo
1174 3535 1468 3607 reperiam
1503 3553 1620 3592 vos.
1659 3557 1687 3584 »
1720 3539 1938 3608 Nempe
1970 3555 2211 3608 corrup-

556 3633 646 3684 tos
668 3645 682 3682 :
705 3633 764 3682 et
783 3644 888 3698 ego
901 3641 1139 3698 quoque
1162 3626 1515 3682 necessitate
1529 3627 1741 3681 ductus
1759 3628 2056 3698 resperiar
2076 3643 2215 3698 qua-

555 3719 674 3774 lem
707 3717 910 3772 nolitis
937 3734 948 3772 :
972 3715 1369 3787 boc,puniens
1399 3732 1502 3770 eos
1533 3716 1634 3787 qui
1694 3717 2216 3772 immedicabiliter

554 3813 842 3874 mgrotant
871 3823 883 3862 :
919 3829 936 3854 α
981 3808 1060 3861 Ne
1091 3806 1392 3876 quomodo
1425 3805 1545 3860 sint
1575 3806 2211 3872 contentiones,zemu-

551 3897 878 3953 lationes.»
919 3896 1068 3951 Dicit
1109 3896 1286 3950 etiam
1346 3895 1628 3968 deinceps
1687 3895 1893 3967 quales
1941 3895 2208 3950 invenire

551 3987 747 4042 nolit:
781 3987 928 4043 Cum
958 3986 1073 4050 his,
1120 3985 1334 4057 inquit,
1369 3985 1542 4040 vitiis.
1603 3986 1753 4040 Dicit
1811 3992 2009 4044 autem
2071 4003 2207 4041 con-

551 4075 948 4140 tentiones,eo
981 4073 1136 4145 quod
1165 4074 1528 4130 dissiderent
1560 4092 1572 4129 :
1602 4097 1628 4124 α
1663 4075 2144 4131 Concertationes
2179 4097 2200 4124 ι

558 4169 839 4236 tanquam
877 4162 1019 4218 belli
1046 4163 1352 4234 praeludia.
1383 4186 1410 4213 ιι
1434 4165 1736 4231 Tumores,
1773 4187 1798 4212 ››
1818 4164 1976 4235 quod
2007 4164 2205 4220 adver-

553 4257 864 4328 susipsum
898 4256 1108 4311 cristas
1169 4257 1484 4328 erigerent,
1518 4257 2014 4328 Pseudapostolos
2069 4275 2205 4313 vero

549 4346 932 4404 honorarent.
961 4366 988 4394 ιι
1043 4346 1124 4401 Ne
1163 4346 1379 4402 iterum
1435 4346 1534 4400 ubi
1567 4363 1800 4402 venero.
1838 4370 1866 4397 ››
1899 4348 2201 4417 Sufﬂcere,

551 4435 1060 4506 inquit,deberent
1091 4436 1306 4506 priora.
1339 4457 1366 4484 ‹‹
1391 4437 1675 4493 Humiliet
1697 4455 1788 4492 me
1817 4438 1964 4493 Deus
1999 4455 2199 4492 meus»

551 4525 848 4584 Ultionem
873 4539 1108 4580 sumere
1139 4524 1211 4580 de
1243 4523 1510 4580 sontibus
1532 4533 1700 4580 vocat
1723 4527 1813 4581 sui
1837 4525 2201 4582 humiliatio-

553 4629 714 4680 nem,
745 4613 1070 4670 ostendens
1096 4614 1254 4684 quod
1281 4629 1400 4668 non
1433 4614 1560 4669 sine
1608 4629 1821 4687 magna
1853 4617 2206 4671 necessitate

2324 3476 2350 3504 ι(
2381 3454 2468 3520 Μή
2501 3473 2616 3514 πως
2645 3450 2842 3514 ἐλθών.
2879 3475 2906 3501 υ
2939 3446 3232 3518 Ἐνδοιάζει
3284 3447 3382 3516 ἔτι,
3428 3448 3522 3501 καὶ
3581 3443 3680 3502 οὒκ
3721 3437 3920 3512 ἀποταξ-

2321 3562 2487 3597 νεται.
2523 3564 2551 3592 (ι
2585 3539 2707 3615 Οὒχ
2734 3538 2888 3600 ε’ίους
2919 3538 3062 3594 θέλω
3093 3539 3232 3612 εῦρω
3265 3539 3426 3610 suae.
3461 3561 3489 3588 n
3549 3538 3673 3591 Οἷον
3711 3531 3920 3608 διεφθαρ-

2325 3631 2540 3704 μένους,
2573 3631 2664 3685 καὶ
2722 3630 2920 3706 εὕρεθῶ
2971 3630 3106 3682 κατὰ
3157 3628 3390 3704 ἀνάγκην
3445 3626 3602 3700 κάγὼ
3659 3622 3918 3698 γινόμενος,

2322 3721 2440 3774 οἷον
2475 3717 2536 3774 οὒ
2568 3718 2768 3780 θέλετε,
2797 3719 3066 3787 τουτέστι,
3125 3717 3549 3790 τιμωρούμενος
3605 3713 3726 3772 τοῦς
3775 3707 3919 3763 ἆνῖατα

2317 3813 2624 3872 νοσοῦντας.
2665 3835 2684 3858 ι
2713 3810 2800 3875 Μή
2833 3829 2950 3870 πως
2982 3807 3140 3882 ἕρεις.
3178 3805 3362 3876 ζῆλοι.
3397 3831 3424 3856 ››
3483 3805 3593 3863 Καὶ
3647 3799 3824 3858 λοιπὸν
3849 3793 3920 3848 λέ-

2318 3919 2420 3972 γει,
2454 3899 2648 3958 ποίους
2681 3897 2851 3972 εῦρεῖν
2897 3895 2996 3952 οὒκ
3048 3896 3233 3967 ἤθελε.
3295 3896 3448 3953 Μετὰ
3499 3893 3729 3961 τοῦτον,
3771 3885 3920 3964 φησῗνς

2318 3992 2424 4042 τῶν
2455 3986 2873 4060 ἐλαττωμάτων.
2907 3993 3086 4062 ’Έρεις
3118 3983 3175 4041 δὲ
3231 4007 3360 4062 φησι
3417 3983 3505 4040 διὰ
3564 3983 3626 4038 τὸ
3679 3977 3921 4035 διεστάναι.

2322 4101 2349 4129 α
2383 4079 2662 4151 Ἐριθεῖαι.
2701 4101 2727 4127 ››
2768 4077 2926 4146 Οἶον,
2993 4077 3318 4151 ἁψιμαχίαι.
3353 4099 3382 4126 (ι
3415 4074 3738 4131 Φυσιώσεις.
3779 4091 3803 4118 υ
3827 4065 3924 4119 Ὅτι

2320 4169 2434 4220 κατ’
2467 4164 2633 4222 αὺτοῦ
2668 4167 2761 4238 μὲν
2811 4165 3130 4240 ὠφρυῶντο,
3185 4163 3312 4226 τοὺς
3373 4161 3432 4218 δὲ
3485 4151 3924 4237 ψευδαποστέλοθς

2322 4254 2546 4330 ἐτίμων.
2581 4281 2606 4308 ιι
2639 4259 2730 4326 Mr,
2765 4253 2932 4311 πάλιν
2961 4253 3186 4318 ἐλθόντα
3221 4275 3308 4326 με.
3363 4277 3391 4304 »
3452 4254 3657 4327 Ἀρκεῖ,
3687 4237 3925 4330 φησὶν-τί

2321 4345 2575 4419 πρότερα.
2637 4369 2666 4397 (ι
2719 4345 3052 4401 Ταπεινώσει
3113 4345 3140 4398 ὁ
3193 4343 3322 4407 Θεὲς
3381 4363 3508 4416 μου.
3577 4365 3604 4392 ιι
3651 4339 3723 4393 Τὸ
3777 4325 3925 4389 λαϐεῖν

2323 4432 2476 4504 δίκην
2513 4434 2659 4509 παρὰ
2713 4439 2820 4488 τῶν
2877 4433 3088 4500 αῖτίων,
3147 4433 3470 4488 ταπείνωσιν
3529 4427 3728 4485 οἰκείαν
3779 4421 3922 4482 καλεῖς

2323 4522 2653 4591 δεικνῦς,ὡς
2712 4522 2810 4578 οὒκ
2863 4522 2924 4578 ἄν
2985 4521 3112 4598 δίχα
3171 4520 3418 4596 μεγάλης
3466 4522 3704 4592 ἀνάγκη(
3751 4505 3926 4568 κατεδέσ

2316 4615 2460 4684 ξατο.
2511 4615 2752 4670 Δείκνυσι
2811 4611 2868 4668 δὲ
2924 4613 3004 4668 ὅτι
3067 4610 3137 4667 δι’
3194 4611 3388 4674 αὐτοὺς
3455 4615 3628 4668 πάντα
3681 4605 3924 4675 {inanimo

559 4707 839 4758 sumeret.
877 4699 1150 4756 Ustendit
1180 4707 1374 4756 autem
1392 4701 1548 4772 quod
1563 4685 1982 4773 propteripsos
2013 4703 2202 4760 omnia

2319 4703 2408 4758 καὶ
2441 4705 2501 4758 τὸ
2529 4705 2932 4768 ταπεινοῦσθαι,
2961 4703 3049 4757 καὶ
3080 4702 3143 4758 τὸ
3200 4701 3429 4770 πενθείν,
3489 4705 3567 4771 τῷ
3623 4699 3801 4762 εἰπεῖν,
3830 4715 3854 4744 α
3877 4685 3924 4743 ὀ

561 4791 872 4857 sustineat,
904 4795 962 4844 et
989 4789 1290 4846 humiliari
1357 4790 1478 4845 sive
1531 4790 1806 4861 deprimi,
1867 4797 1926 4846 et
1983 4791 2204 4865 lugere.

553 4898 580 4925 ‹‹
615 4878 767 4932 Deus
799 4895 982 4934 meus.
1010 4899 1036 4928 ››
1075 4881 1184 4944 Per
1216 4877 1326 4934 hoc
1352 4879 1510 4951 quod
1565 4879 1750 4948 addit,
1783 4904 1808 4928 ιι
1831 4883 2010 4936 Meus.
2051 4905 2077 4930 ››
2110 4899 2206 4937 ar-

549 4967 792 5022 dentem
820 4969 1034 5022 Christi
1094 4985 1356 5025 amorem
1416 4970 1712 5044 significat
1753 4972 1904 5026 704
1933 5002 1996 5012 —
2035 4973 2210 5028 Aliud

550 5055 649 5110 Sui
683 5055 1082 5112 humilitatem
1105 5059 1224 5113 sive
1247 5059 1693 5130 depressionem
1723 5061 1948 5116 vocavit
1969 5061 2208 5118 illorum

555 5145 1113 5217 transgressionem,
1146 5147 1506 5204 confirmans
1539 5166 1670 5220 quae
1685 5150 1810 5220 jam
1835 5150 2190 5222 praedixerat

551 5257 580 5284 «
607 5234 748 5301 Quis
781 5234 1121 5289 inﬁrmatur
1151 5241 1211 5290 et
1239 5252 1344 5306 ego
1377 5254 1497 5293 non
1529 5238 1838 5295 inﬁrmor?
1859 5241 1992 5310 quis
2023 5241 2210 5296 citen-

546 5323 728 5388 ditur,
762 5329 822 5376 et
852 5337 956 5394 ego
991 5337 1108 5376 non
1169 5340 1309 5379 uror
1339 5325 1365 5378 ?
1399 5349 1428 5374 »
1471 5349 1498 5376 ιι
1543 5329 1610 5382 Et
1643 5327 1874 5401 lugeam
1908 5329 2142 5384 multos.
2181 5351 2210 5379 ι)

555 5413 700 5468 Vide
733 5413 1118 5485 apostolicam
1150 5417 1446 5471 virtutem.
1485 5418 1628 5472 Cum
1661 5421 1884 5474 nullius
1929 5420 2068 5475 mali
2099 5420 2212 5474 sibi

541 5504 815 5558 conscius
843 5503 938 5566 sit,
975 5519 1082 5575 pro
1115 5503 1368 5560 aliorum
1406 5505 1644 5560 delictis
1677 5507 1838 5575 luget
1861 5509 1989 5564 Non
2013 5515 2211 5566 autem

541 5591 733 5648 dixit:
769 5592 1006 5658 Omnes,
1033 5591 1136 5646 sed
1179 5614 1204 5640 ιι
1249 5591 1488 5657 Multos,
1525 5614 1550 5638 ››
1585 5599 1642 5648 et
1684 5611 1878 5665 neque
1929 5597 2037 5652 hos
2095 5613 2214 5652 ma-

545 5681 804 5752 rtifestat,
835 5681 984 5748 dans
1016 5678 1390 5750 paenitentiae
1425 5679 1732 5746 locum,et
1761 5699 1834 5736 ne
1891 5684 2212 5755 impuden-

2319 4795 2449 4857 Θεός
2485 4815 2589 4868 μου
2619 4815 2650 4847 ι)
2679 4795 2773 4862 Τὸ,
2809 4821 2835 4844 «ι
2879 4795 3024 4854 Μοῦ,
3060 4816 3088 4846 ››
3119 4795 3221 4868 γαρ
3253 4793 3662 4867 προσκείμενον,
3717 4787 3804 4854 τήν
3831 4780 3922 4836 δια·

2316 4893 2422 4954 καῆ
2453 4885 2672 4959 ἀγάπην
2707 4882 2875 4955 δηλοῖ
2903 4889 2997 4940 τοῦ
3029 4888 3282 4959 Χριστοῦ.
3307 4917 3372 4927 -
3405 4881 3606 4940 Ἀλλο.
3639 4869 3926 4955 [ΘΕΟΔΩΡο]

2317 4975 2652 5032 Ταπεὶνωσιν
2684 4975 2898 5040 ἑαυτοῦ,
2951 4977 3052 5044 τήν
3110 4973 3326 5028 ἐκείνων
3385 4971 3719 5046 παρανομίαν
3774 4960 3924 5046 ἐκάλει

2317 5086 2424 5135 σεν,
2463 5059 2698 5139 βεϐαιῶν
2739 5062 2874 5136 ἅπερ
2923 5060 3034 5132 ἤδη
3093 5061 3410 5137 προείρηκε,
3465 5061 3548 5124 τίς
3602 5058 3809 5118 ἀσθενεῖ,
3859 5043 3926 5139 ιιξῖ

2317 5151 2416 5208 οῦκ
2499 5155 2754 5220 ἀσθενῶς
2835 5151 2931 5214 Τίς
3021 5149 3466 5222 σκανδαλίζεται,
3527 5148 3617 5203 καὶ
3696 5141 3786 5198 οῦκ
3840 5133 3924 5208 ἐγὼ

2319 5246 2644 5316 1“aurium;
2683 5267 2710 5292 α
2765 5243 2864 5297 Καὶ
2919 5243 3170 5310 πενθήσω
3225 5237 3496 5301 πολλούς.
3555 5263 3582 5288 ι)
3637 5237 3766 5305 Ὅρα
3815 5229 3927 5316 ᾇπε-

2321 5329 2584 5399 στολικὴν
2614 5331 2833 5403 ἀρετὴν,
2863 5327 3030 5402 μηδεν
3065 5327 3320 5390 συνειδὼς
3379 5329 3566 5400 ἑαυτῷ
3604 5323 3775 5388 κακὸν,
3825 5311 3927 5403 ὓτξὶρ

2319 5425 2427 5474 τῶν
2457 5426 2578 5480 τοῖς
2603 5417 2798 5482 ἄλλοις
2827 5430 3010 5486 πεπΑη
3023 5417 3209 5492 μςιελη
3223 5418 3396 5491 μένων
3415 5421 3614 5480 πενθεῖ.
3631 5411 3738 5472 Οὔκ
3756 5407 3856 5463 εἶπε
3867 5399 3924 5466 δδι

2325 5508 2576 5576 Πάντας,
2645 5506 2810 5570 ἀλλὰ,
2893 5530 2920 5558 (ι
2983 5505 3256 5575 Πολλοὺς,
3319 5527 3343 5558 ι
3403 5509 3492 5560 καὶ
3569 5499 3687 5558 οῦδὲ
3737 5493 3924 5552 τούτους

2325 5595 2508 5668 δηλοῖ,
2547 5597 2828 5670 μετανοίας
2857 5597 3045 5671 χώραν
3081 5592 3284 5659 διδοὺς,
3329 5595 3420 5652 καὶ
3481 5597 3627 5654 ὅπως
3658 5592 3728 5666 μὴ
3759 5583 3918 5671 γένωνς

2323 5708 2409 5742 ττιι
2442 5684 2942 5761 ἀναισχυντότεροι.
2976 5711 3002 5736 ι(
3041 5687 3142 5744 Καὶ
3185 5687 3261 5760 μή
3297 5685 3754 5759 μετανοησάντων.
3781 5699 3800 5727 ι
3831 5667 3914 5728 Ηοδ
