4128 6192
312 438 463 499 1077

1276 439 1677 500 COMMENT.
1732 437 1804 498 IN
1854 438 2099 499 EPIST.
2148 441 2195 501 [ι
2240 443 2347 501 AD
2389 438 2757 506 CORINTH.

3563 444 3720 508 1078

309 570 442 625 εἰσὶν
476 572 527 626 οἱ
560 570 924 640 Ναυατιανοίς
987 595 1013 622 ‹‹
1048 569 1170 627 Ἐπὶ
1228 574 1296 645 τῇ
1353 569 1673 646 ἀκαθαρσίᾳ.
1734 594 1763 622 ‹‹
1806 570 1956 625 Ἀκα-

2076 573 2258 630 tiores
2288 576 2641 633 efﬁciantur.
2686 597 2708 625 ε
2740 581 2856 635 Nec
2898 560 3307 651 resipuerunt.'
3330 600 3358 629 ››
3391 564 3499 635 Ubi
3530 566 3721 636 sunt?

313 660 525 736 θαρσία,
560 658 779 715 δίναται
811 659 897 715 ὲπῗ
959 660 1189 732 ἑκάστης
1236 662 1505 736 ἁμαρτίας
1555 659 1823 735 λέγεσθαι.
1866 658 1970 717 Οὖ-

312 748 398 805 δὲν
428 751 530 825 γὰρ
565 751 834 824 ἁμαρτίας
866 747 1288 829 εἶδεχθὲστερον.

378 841 568 914 Τρίτον
629 846 792 897 τοῦτο
851 839 1090 920 ἔρχομαι
1149 842 1284 916 πρὸς
1372 843 1533 915 ὑμᾶς,
1595 838 1683 894 ἐπὶ
1769 839 1969 912 στόμα-

306 951 397 993 τος
462 929 559 985 δύο
646 930 935 1006 μαρτύρων
1019 930 1110 985 καὶ
1194 935 1360 1005 τριῶν
1448 928 1771 999 orae/petat
1863 932 1967 983 πᾶν

308 1022 479 1096 ῥῆμα.
523 1022 840 1095 ΙΙροείρηκα
898 1022 985 1076 καὶ
1046 1019 1303 1098 προλέγω
1354 1022 1429 1084 ὡς
1485 1020 1673 1092 παρὼν
1727 1019 1791 1074 τὸ
1845 1016 1966 1074 δεύ-

304 1133 484 1186 τερον,
547 1112 639 1167 καὶ
701 1112 851 1166 ἀπὼν
903 1116 994 1166 νῦν
1055 1111 1249 1189 γράξω
1302 1117 1418 1173 τοῖς
1500 1108 1963 1185 προημαρτηκόσι

306 1202 544 1260 καὶτοῖς
601 1198 832 1261 λοιποῖς
886 1205 1066 1268 πᾶσιν,
1123 1200 1206 1255 ὅτι
1264 1198 1351 1255 ἐὰν
1413 1194 1561 1264 ἔλθω
1618 1198 1693 1261 ei;
1750 1200 1811 1254 τὸ
1868 1197 1965 1253 πά-

310 1301 420 1359 Λιν,
480 1290 547 1345 οὗ
606 1290 882 1366 φείσομαι.
941 1290 1093 1345 Ἐπεὶ
1158 1287 1393 1364 δοκιμὴν
1480 1292 1691 1359 ζητεῖτε
1755 1290 1852 1343 τοῦ
1909 1284 1960 1341 ἑν

308 1375 432 1452 ἐμοὶ
467 1376 770 1440 λαλοῦντος
801 1382 1060 1448 Χριστοῦ,
1112 1377 1170 1440 ὅς
1236 1377 1313 1441 εἰς
1375 1378 1515 1449 ὑμᾶς
1570 1377 1673 1433 οὐκ
1733 1377 1959 1445 ἀσθενεῖ,

305 1466 452 1523 ἀλλᾶ
484 1466 697 1522 δυνατεῖ
727 1468 777 1522 ἐν
814 1468 964 1541 ὑμῖν.

375 1580 475 1635 Ἦν
510 1574 758 1650 δεῦτερον
789 1577 1055 1647 ἐπελθὼν,
1101 1577 1147 1633 εἰ
1202 1576 1295 1633 οῦν
1344 1579 1432 1633 καὶ
1477 1582 1568 1632 νῦν
1615 1571 1782 1641 ἔλθω,
1836 1575 1959 1651 τρί-

302 1688 395 1723 τον
429 1660 689 1742 ἔρχομαι.
728 1665 829 1723 Καὶ
861 1668 912 1722 τί
938 1671 1146 1733 τοῦτος
1189 1672 1417 1741 ”Ωσπερ,
1467 1666 1649 1743 φησὶν,
1699 1666 1787 1720 ἐπὶ
1836 1665 1958 1720 στό-

312 1777 483 1828 ματος
516 1754 611 1809 δύο
642 1756 732 1810 καὶ
752 1756 918 1830 τριῶν
979 1756 1290 1832 μαρτύρων,
1341 1755 1482 1811 ’ἁπαν
1534 1756 1686 1831 ῥῆμα
1728 1749 1961 1829 ἀμφίϐο-

302 1844 402 1900 λον
430 1842 675 1909 ἵσταται,
706 1843 794 1899 καὶ
826 1845 994 1918 πέρας
1035 1840 1323 1917 λαμϐάνει,
1370 1842 1542 1906 οὕτως
1588 1843 1674 1899 ἐπὶ
1725 1841 1820 1899 δύο
1868 1845 1957 1899 καὶ

2075 664 2376 721 Novatiani
2402 666 2431 722 ‘Z
2458 690 2485 716 ‹‹
2521 667 2607 723 Ab
2638 668 3035 725 immunditia.
3063 691 3090 717 »
3118 667 3501 723 lmmunditia
3531 675 3725 741 potest

2073 753 2145 807 de
2179 754 2427 827 singulis
2455 755 2566 811 dici
2587 757 3202 828 peccatis.Nihilenim
3228 764 3467 827 peccato
3488 758 3719 813 tardius.

2145 843 2290 903 XIII.
2328 846 2491 900 1ο4.‹‹
2526 846 2628 901 Hic
2660 848 2869 902 tertius
2885 846 3299 902 eritadventus
3332 847 3583 902 meusad
3600 863 3717 902 vos.

2075 954 2102 982 ‹‹
2127 934 2191 987 In
2210 950 2310 988 ore
2324 933 2577 989 duorum
2606 936 2844 991 testium
2861 936 3109 991 ettrium
3138 937 3719 992 constituetnromne

2072 1043 2100 1070 «
2136 1022 2669 1079 verbum.Praedixi
2703 1031 2760 1079 et
2791 1026 3067 1097 praedico,
3102 1031 3593 1095 utprmsenscum
3624 1042 3713 1080 es-

2074 1133 2101 1159 ‹‹
2136 1127 2260 1166 sem
2294 1112 2598 1178 iterum,et
2626 1114 2842 1169 absens
2872 1132 3030 1169 nunc
3064 1114 3255 1169 scribo
3307 1114 3399 1168 his
3447 1114 3547 1184 qui
3579 1119 3716 1168 ante

2070 1224 2098 1250 ‹‹
2123 1210 2519 1273 peccaverunt
2549 1220 2616 1258 ac
2649 1206 2879 1259 cmteris
2911 1205 3205 1261 omnibus.
3236 1204 3394 1276 qvod
3414 1205 3463 1258 si
3500 1221 3716 1259 venero

2073 1312 2101 1342 «
2133 1292 2349 1355 denuo,
2373 1309 2492 1347 non
2526 1310 2784 1365 parcam.
2820 1293 3308 1364 Quandoquidem
3341 1293 3717 1364 experimen-

2070 1403 2097 1431 ‹‹
2132 1385 2257 1436 tum
2281 1383 2513 1453 quaeriti
2537 1383 2913 1454 loquentisin
2945 1399 3039 1438 me
3071 1383 3288 1438 Christi
3335 1382 3436 1454 qui
3467 1397 3717 1454 ergavos

2075 1493 2094 1517 ι
2128 1488 2245 1526 non
2277 1476 2368 1527 est
2396 1472 2732 1538 imbecillis,
2768 1472 2871 1528 sed
2902 1480 3115 1545 potens
3148 1478 3237 1528 est
3268 1472 3328 1528 in
3360 1470 3543 1528 vobis.
3582 1493 3610 1521 η
3710 1476 3715 1480 ’

2137 1577 2263 1633 Iam
2298 1579 2560 1635 secundo
2582 1580 2735 1643 veni,
2772 1580 2818 1634 si
2847 1580 3028 1652 igitur
3056 1579 3232 1634 etiam
3288 1596 3446 1635 nunc
3480 1595 3719 1651 venero,

2068 1668 2242 1723 tertio
2266 1670 2587 1733 veniam,et
2616 1686 2799 1742 quare
2823 1669 3722 1741 hoc.Quemadmodum,inquit,

2067 1757 2128 1812 in
2161 1775 2261 1813 ore
2280 1757 2531 1814 duorum
2550 1764 2609 1815 et
2631 1760 3071 1815 triumtestium
3094 1765 3319 1814 certum
3334 1758 3717 1814 constituitur
3804 1788 3811 1795 ι

2068 1855 2127 1905 et
2155 1849 2334 1906 finem
2368 1851 2584 1922 accipit
2610 1867 2790 1906 omne
2821 1850 3177 1915 verbum,ita
3209 1850 3269 1904 in
3300 1848 3610 1905 duobusac
3624 1848 3722 1905 tri-

310 1939 475 2009 τριῶν
515 1954 619 2005 μου
669 1938 1005 2008 παρουσιῶν,
1059 1934 1196 1989 ἅπαν
1248 1935 1400 2008 ῥῆμα
1441 1931 1797 2004 ἆπειλητικὸν
1848 1954 1956 1989 στα-

2071 1939 2180 1995 bus
2198 1940 2347 1994 meis
2368 1940 2715 1995 adventibus
2729 1956 2900 1996 omne
2927 1940 3168 1996 verbum
3197 1939 3720 1996 comminatorium

303 2024 529 2094 θήσεται
588 2023 708 2087 καθ’
768 2022 941 2094 ὑμῶν,
1000 2022 1089 2078 καὶ
1148 2022 1314 2098 πέρας
1374 2022 1630 2098 λήψεται.
1694 2026 1830 2099 Ὅρα
1882 2020 1959 2094 δὲ,

300 2112 385 2168 ὅτι
414 2118 531 2173 ταῖς
563 2112 915 2186 παρουσίαις,
949 2111 1066 2167 ἀντὶ
1103 2112 1388 2187 μαρτύρων
1421 2111 1717 2191 ἐχρήσατο.
1754 2137 1781 2164 ‹‹
1821 2115 1959 2188 [lpo-

306 2203 498 2277 εἴρηκα
529 2206 654 2282 γάρ.
688 2228 716 2256 ››
753 2205 855 2260 Καὶ
915 2201 1023 2275 ἢδη
1075 2211 1339 2280 προεῖπον
1390 2205 1478 2259 καὶ
1538 2209 1628 2260 νῦν
1677 2204 1958 2281 προλέγω.

304 2294 506 2365 Ὠσπερ
551 2294 734 2368 πορὼν
794 2294 931 2368 πρὸς
987 2294 1126 2367 ὑμᾶς
1182 2295 1245 2349 τὸ
1304 2292 1549 2368 δεύτερον
1604 2297 1779 2365 εἷπον,
1841 2291 1959 2348 ἰδοὺ

302 2383 394 2439 καὶ
428 2384 579 2437 ἀπὼν
621 2383 683 2438 τὸ
710 2382 886 2457 τρίτον
920 2383 1200 2458 προλέγω.
1232 2381 1374 2439 Ἰδοὺ
1405 2390 1550 2451 τρεῖς
1604 2381 1768 2439 ἁλλοι
1820 2384 1957 2457 μάρ-

303 2494 479 2547 τυρες.
514 2473 683 2527 Ἦσαν
722 2471 816 2544 μὲν
853 2473 907 2525 αἱ
941 2470 1037 2526 δύο
1086 2473 1400 2546 παρουσίαι,
1450 2473 1540 2527 καὶ
1590 2475 1624 2541 ἡ
1678 2471 1960 2545 μέλλουσα

294 2557 528 2627 ἔσεσθαι,
565 2559 659 2615 δύο
702 2560 791 2615 καὶ
846 2566 991 2636 τρεῖς
1049 2564 1339 2637 μάρτυρες.
1392 2559 1532 2617 Ἰδοὺ
1580 2560 1745 2617 πάλιν
1793 2559 1957 2617 ἄλλοι

300 2657 448 2725 τρεῖς
502 2650 788 2725 μαρτυρες.
851 2650 924 2707 Τὸ
978 2647 1057 2712 δῖς
1118 2650 1307 2725 παρὼν
1362 2657 1661 2727 προειπεῖν,
1721 2651 1810 2705 καὶ
1866 2655 1954 2705 νῦν

303 2740 443 2809 ἀπαξ
475 2737 526 2794 ἐν
584 2743 649 2813 τῇ
712 2738 959 2810 ἀπουσίᾳ.
1021 2740 1248 2815 Εὖφοῶς
1308 2736 1365 2795 δὲ
1420 2742 1519 2811 τήν
1580 2741 1797 2814 Γραφῆν
1859 2741 1959 2811 τὴν

309 2829 571 2901 περὶτῶν
619 2829 907 2903 μαρτύρων
955 2823 1200 2897 ἐξέλαϐεν
1253 2826 1328 2892 ε’ἰς
1375 2850 1431 2883 τε
1475 2830 1571 2892 τὰς
1619 2833 1764 2905 τρεῖς
1820 2850 1955 2905 παρ-

305 2918 506 2983 ουσίας,
544 2920 632 2974 καὶ
675 2918 751 2979 εἰς
808 2918 903 2980 τὰς
960 2923 1108 2993 τρεῖς
1166 2918 1562 2994 παραγγελίας.
1626 2945 1653 2969 ‹‹
1689 2918 1789 2977 Καὶ
1839 2925 1955 2983 τοῖς

296 3008 518 3070 λοιποῖς
552 3012 704 3064 πᾶσι.
742 3034 762 3061 ι
820 3010 950 3069 Τοῖς
1001 3009 1095 3081 μὶν
1144 3009 1546 3084 ⁹ἡμαρτηκόσιν,
1590 3006 1681 3063 ’ἱνα
1729 3005 1955 3082 διορθώ-

298 3119 526 3164 σωνται,
559 3104 675 3161 τοῖς
726 3095 785 3153 δὲ
843 3094 1062 3159 λοιποῖς
1117 3103 1297 3165 πᾶσιν,
1347 3096 1442 3152 ’ίνα
1497 3098 1763 3173 μαρτυρες
1823 3098 1953 3169 εἶεν,

293 3186 399 3255 ὅτι,
434 3189 591 3263 φησὶ,
653 3188 782 3260 παρ’
840 3187 938 3251 ἐμὲ
997 3185 1175 3256 οὐδέν,
1234 3186 1321 3242 ἐὰν
1381 3189 1456 3259 μή
1520 3188 1950 3261 μετανοήσαντας

2070 2028 2464 2084 constituetur
2484 2027 2799 2084 adversum
2832 2044 2954 2093 vos,
2990 2035 3048 2083 et
3091 2029 3414 2083 terminum
3445 2027 3716 2099 accipiet.

2067 2117 2390 2173 Considera
2411 2123 2607 2173 autem
2633 2118 2790 2189 quod
2812 2117 3157 2174 adventibus
3170 2134 3275 2189 pro
3308 2116 3558 2171 testibus
3574 2133 3718 2173 usus

2069 2204 2162 2260 sit.
2198 2228 2225 2255 «
2259 2205 2531 2261 Praedixi.
2569 2230 2589 2257 ι
2621 2207 2835 2277 Etjam
2871 2206 3115 2279 prmdixi
3158 2212 3217 2260 et
3245 2221 3406 2260 nunc
3435 2204 3714 2276 praedico.

2066 2294 2576 2359 Quemadmodum
2608 2312 2743 2350 cum
2776 2295 3036 2350 secundo
3070 2311 3334 2366 praesens
3350 2311 3539 2349 essem
3561 2293 3717 2365 apud

2066 2399 2166 2438 vos
2196 2384 2335 2451 dixi,
2371 2400 2506 2439 ecce
2550 2385 2678 2456 jam
2734 2384 2949 2439 absens
3004 2385 3177 2439 tertio
3236 2383 3522 2455 prazdico.
3570 2384 3719 2439 Ecce

2067 2478 2184 2528 tres
2212 2473 2313 2528 alii
2352 2478 2552 2529 testes.
2614 2473 2792 2529 Erant
2850 2474 3090 2545 quidem
3137 2474 3252 2527 duo
3306 2473 3595 2528 adventus
3656 2478 3717 2529 et

2064 2560 2271 2615 tertius
2301 2561 2401 2632 qui
2428 2564 2658 2616 iuturus
2691 2567 2800 2622 est.
2861 2560 2975 2616 duo
3035 2577 3103 2616 ac
3156 2568 3273 2615 tres
3306 2566 3506 2617 testes.
3568 2561 3714 2617 Ecce

2062 2669 2292 2708 rursum
2308 2653 2408 2708 alii
2441 2658 2559 2709 tres
2581 2658 2761 2709 testes
2792 2653 2885 2709 bis
2914 2658 3265 2725 prmsentem
3294 2653 3641 2724 praedixisse
3657 2654 3721 2706 et

2060 2758 2219 2797 nunc
2251 2742 2435 2798 semel
2468 2742 2529 2798 in
2582 2742 2872 2797 absentia.
2924 2743 3078 2797 Scite
3118 2748 3316 2797 autem
3345 2741 3710 2811 Scripturam

2060 2848 2193 2902 quae
2227 2830 2299 2886 de
2330 2831 2520 2886 tribus
2552 2837 2640 2886 est
2673 2832 2923 2886 testibus
2952 2829 3269 2901 accepitad
3287 2836 3405 2884 tres
3423 2828 3711 2885 adventus

2066 2925 2124 2974 et
2145 2926 2263 2974 tres
2306 2920 2763 2975 admonitiones.
2817 2941 2845 2969 «
2902 2924 2982 2974 Ac
3038 2918 3287 2990 reliquis
3340 2918 3640 2975 omnibus.
3679 2941 3700 2967 ι

2062 3009 2161 3063 His
2212 3007 2451 3079 quidem
2521 3007 2619 3079 qui
2691 3008 3091 3079 deliquerunt,
3154 3013 3218 3062 ut
3291 3008 3700 3080 corrigantur:

2059 3097 2310 3167 reliquis
2338 3113 2476 3150 vero
2497 3095 2794 3158 omnibus.
2835 3102 2901 3151 ut
2939 3101 3119 3151 testes
3170 3096 3291 3151 sint
3320 3095 3477 3168 quod
3534 3095 3711 3153 nulla

2061 3186 2138 3240 sit
2166 3186 2226 3240 in
2256 3200 2352 3240 me
2384 3201 2578 3245 causa.
2598 3185 2645 3240 si
2671 3202 2769 3241 eos
2787 3184 3024 3257 quinon
3057 3185 3706 3257 resiouerintpuniero.

296 3280 728 3352 τιμωρήσωμαι.
765 3302 791 3327 ‹‹
823 3278 945 3334 "Ut:
979 3275 1067 3331 ἐὰν
1098 3275 1243 3340 ἔλθω
1275 3276 1350 3338 εἷς
1378 3277 1440 3331 τὸ
1471 3274 1661 3343 πάλιν,
1719 3276 1784 3331 οὐ
1833 3275 1948 3354 φεί-

2071 3298 2088 3323 ξι
2124 3274 2288 3340 Quod
2348 3274 2394 3328 si
2454 3291 2668 3330 venero
2726 3275 2942 3341 denuo,
3002 3291 3122 3329 non
3164 3290 3424 3346 parcam.
3487 3295 3511 3325 ι
3559 3275 3705 3332 705

299 3387 487 3440 σομαι.
526 3390 552 3416 ››
587 3366 655 3423 Τί
693 3365 1038 3440 προείρηκας,
1070 3366 1161 3421 καὶ
1192 3369 1284 3418 νῦν
1326 3362 1383 3420 δὲ
1426 3364 1479 3419 τί
1525 3366 1789 3443 γράφειςς
1840 3364 1945 3433 ὅτι,

293 3458 481 3534 φησὶν,
515 3456 605 3512 ἐὰν
639 3453 784 3520 ἔλθω
817 3455 892 3518 εἷς
922 3456 983 3511 τὸ
1016 3454 1208 3523 πάλιν,
1238 3457 1507 3525 τουτέστι,
1539 3458 1601 3510 τὸ
1624 3453 1765 3512 ἄλλο
1786 3456 1947 3527 ἃπαξ,

289 3546 354 3601 οὗ
420 3545 697 3622 φείσομαι,
759 3542 967 3605 δεικνὺς
1027 3544 1110 3599 δτι
1168 3539 1245 3599 ἔτι
1298 3541 1559 3619 φείδεται,
1637 3544 1728 3599 καὶ
1783 3547 1950 3599 ταῦτα

292 3634 712 3711 σφαλκομένων.
754 3659 781 3686 ‹‹
807 3631 1029 3703 Ἐπειδή
1055 3631 1291 3707 δοκιμήν
1318 3639 1547 3704 ζητεῖτε.
1574 3658 1602 3685 ››
1638 3637 1947 3711 [ΘΕΟΔΩΡ.

294 3724 570 3799 ΦΩΤῐυΥ]
604 3724 875 3795 Δοκιμῆν.
910 3725 1127 3798 Ηεῖραν.
1181 3722 1259 3779 Οὐ
1310 3720 1398 3778 διὰ
1451 3727 1611 3778 τοῦτο
1662 3721 1719 3778 δὲ
1766 3721 1957 3779 ἐκολα-

303 3812 506 3880 ζεν,ὡς
539 3810 771 3884 δοκιμὴν
832 3808 1046 3879 δώσων,
1095 3808 1224 3866 ἀλλ’
1269 3812 1353 3867 δτι
1397 3813 1729 3885 ἡμάρτανον.
1779 3814 1953 3870 Τοῦτο

307 3898 365 3956 δὲ
394 3900 792 3973 ε”ρτ,ται,κατὰ
815 3906 921 3957 τῶν
982 3899 1251 3975 λεγόντων
1304 3901 1389 3957 ὃτι
1449 3904 1484 3972 ή
1543 3901 1811 3979 παρουσία
1866 3901 1955 3958 αὖ-

302 3996 401 4047 τοῦ
431 3992 673 4063 ἀσθενής.
714 3989 965 4061 Ἐπειδὴ,
1025 3993 1180 4069 φησὶ,
1233 3991 1416 4057 θέλετε
1466 3990 1758 4065 δοκιμάσαι
1807 3992 1852 4049 εἴ
1901 3992 1952 4048 ἰν

300 4079 426 4153 ἐμοὶ
483 4080 644 4136 λαλεῖ
691 4081 720 4135 ὁ
755 4081 1015 4153 Χριστός.
1074 4081 1278 4156 Ὠσπερ
1335 4081 1438 4159 γὰρ
1472 4079 1680 4155 ἔρημόν
1744 4103 1811 4156 με
1859 4086 1956 4138 τοῦ

296 4171 532 4245 Χριστοῦ
609 4169 753 4225 οὕτω
812 4171 1105 4226 σκώπτετε.
1157 4176 1351 4245 Πεῖραν
1406 4165 1621 4239 λαϐεῖν,
1668 4172 1742 4234 ὡς
1792 4168 1956 4239 ἔοικε,

291 4260 554 4336 βούλεσθε
581 4265 679 4315 τοῦ
728 4260 778 4315 ἐν
833 4260 956 4332 ἰμοῖ
1016 4262 1394 4340 φθεγγομένου
1463 4266 1725 4337 Χριστοῦ,
1776 4262 1955 4318 καίτοι

289 4356 474 4426 σαφῶς
508 4350 674 4405 αὐτοῦ
731 4349 990 4422 μαθόντες
1055 4351 1156 4419 τήν
1216 4348 1470 4422 δύναμιν.
1534 4351 1633 4405 Καὶ
1692 4351 1828 4406 αὐτὸ
1887 4350 1950 4406 τὸ

290 4439 526 4512 δοκιμὴν
563 4445 765 4510 ζητεῖν,
818 4439 1128 4515 ἁμάρτημα
1171 4441 1260 4510 ἦν.
1313 4442 1390 4499 Τὸ
1439 4443 1539 4517 γὰρ
1599 4441 1957 4515 ἐκπειράζειν,

289 4522 378 4587 καὶ
417 4529 655 4602 μάλιστα
690 4531 823 4604 μετᾶ
851 4534 1112 4595 τοσαῦτα,
1151 4530 1464 4605 ἀχαρίστων
1524 4530 1591 4599 ἦν
1640 4530 1729 4584 καὶ
1784 4529 1956 4606 ἀγνω-

2063 3363 2213 3429 Quid
2245 3362 2572 3436 przedixisti
2602 3363 2631 3418 ?
2652 3369 2711 3419 et
2740 3380 2901 3419 nunc
2953 3380 3192 3418 rursum
3250 3363 3392 3435 quid
3451 3363 3662 3418 scribis
3684 3363 3715 3419 ’ἰ

2065 3453 2222 3526 quod
2250 3453 2298 3507 si
2322 3453 2538 3520 denuo,
2570 3454 2784 3525 inquit,
2819 3453 2878 3509 id
2908 3458 3017 3519 est,
3041 3453 3235 3508 adhuc
3266 3452 3451 3508 semel
3472 3468 3711 3520 venero,

2066 3558 2187 3597 non
2221 3557 2477 3614 parcam.
2514 3541 2837 3597 ostendens
2867 3540 3024 3613 quod
3047 3540 3242 3596 adhuc
3278 3545 3500 3617 parcat,
3533 3540 3713 3611 idque

2067 3642 2211 3714 ipsis
2241 3639 2642 3712 peccantibus.
2676 3663 2703 3687 «
2733 3640 3217 3710 Quandoquidem
3244 3640 3717 3711 experimentum

2067 3727 2348 3799 quaeritis.
2376 3751 2392 3771 ι
2413 3728 2556 3781 Nam
2584 3720 2787 3796 δοκιμή
2821 3726 3231 3797 probationem
3263 3730 3323 3778 et
3350 3725 3726 3796 experimen-

2069 3822 2191 3872 tum
2224 3815 2538 3887 signiﬁcat.
2565 3816 2689 3869 Non
2721 3820 2919 3870 tamen
2976 3819 3291 3885 propterea
3339 3812 3625 3884 puniebat.
3653 3817 3722 3869 ut

2068 3905 2541 3977 experimentum
2601 3903 2789 3971 daret,
2840 3902 2944 3957 sed
3001 3903 3141 3973 quia
3194 3900 3521 3973 peccabant
3602 3901 3721 3957 Hoc

2068 4001 2266 4051 autem
2290 3994 2571 4049 adversus
2602 4009 2703 4047 eos
2724 3991 2947 4046 dictum
2981 3996 3071 4046 est
3101 3991 3201 4062 qui
3236 3989 3533 4057 dicebant,
3560 3991 3719 4063 quod

2067 4084 2386 4157 prmsentia
2436 4084 2567 4154 ejus
2626 4082 2945 4137 imbecillis
3004 4087 3179 4137 esset.
3226 4080 3719 4154 Quandoquidem

2067 4171 2753 4243 vultis.inquit,experiri
2775 4187 2918 4226 num
2938 4170 2998 4225 in
3023 4187 3114 4226 me
3138 4170 3417 4243 loquatur
3430 4172 3721 4228 Christus.

2070 4260 2373 4333 Siquidem
2405 4260 2575 4332 quasi
2606 4260 2878 4315 desertus
2936 4275 3129 4315 essem
3177 4275 3211 4314 a
3239 4260 3470 4315 Christo
3496 4261 3578 4316 ita
3623 4275 3719 4315 me

2070 4348 2348 4405 irridetis.
2388 4349 2865 4420 Experimentum
2897 4364 3135 4404 sumere
3164 4348 3362 4409 vultis.
3387 4354 3453 4403 ut
3473 4351 3720 4421 apparet

2069 4438 2453 4511 loquentisin
2484 4455 2579 4494 me
2610 4439 2847 4501 Christi.
2901 4439 3041 4495 licet
3098 4438 3411 4495 manifeste
3456 4438 3585 4510 ejus
3616 4454 3722 4509 po-

2071 4527 2317 4582 tentiam
2350 4526 2696 4583 didiceritis.
2733 4528 2801 4582 Et
2831 4528 2944 4582 hoc
2990 4527 3139 4582 velle
3198 4527 3476 4598 experiri,
3509 4542 3722 4599 pecca-

296 4620 479 4693 μόνων
523 4619 610 4673 καὶ
663 4613 953 4674 ἀϐεϐαίων.
1012 4644 1033 4668 ι
1069 4620 1138 4676 ’Ὀ
1188 4617 1263 4680 εἷς
1318 4619 1459 4689 ὑμᾶς
1518 4618 1621 4674 οὐκ
1660 4620 1888 4684 ἀσθενεῖ.
1923 4644 1952 4671 ››

296 4707 359 4721 ....
394 4708 422 4721 Α
477 4704 519 4721 ,ς
693 4706 718 4721 ..
903 4716 918 4721 -
950 4707 963 4721 .
1166 4706 1188 4718 ν
1310 4705 1371 4721 η.
1438 4707 1451 4721 .
1521 4711 1545 4721 ..
1770 4706 1782 4721 .
1900 4711 1926 4721 ..

2073 4625 2193 4673 tum
2229 4622 2373 4684 erat,
2399 4634 2537 4674 nam
2570 4623 2699 4673 erat
2721 4623 2949 4673 tentare
2976 4634 2988 4672 :
3024 4624 3082 4672 et
3102 4618 3358 4673 maxime
3380 4621 3718 4689 posttanta,

292 4707 359 4765 Τί
392 4704 655 4784 βούλεται
684 4706 719 4774 ἢ
752 4707 1065 4781 προσθήκη,
1096 4706 1211 4774 τοῦ,
1253 4726 1274 4754 α
1310 4705 1404 4768 Εἰς
1436 4707 1600 4779 ὑμᾶς,
1638 4731 1665 4757 ››
1695 4706 1783 4761 καὶ
1834 4711 1953 4774 τοῦ,

296 4820 324 4847 (ι
359 4797 447 4851 Ἐν
479 4795 608 4866 ὑμῖν
639 4814 652 4863 ;
683 4817 712 4846 ››
744 4795 809 4849 οὐ
843 4794 946 4870 γὰρ
979 4794 1116 4869 πρὸς
1147 4794 1343 4859 αὐτοὺς
1376 4795 1566 4867 μόνον,
1617 4792 1762 4850 ἀλλᾶ
1813 4816 1950 4850 παν-

294 4886 471 4956 ταχοῦ
504 4880 725 4944 δυνατὸς
765 4883 793 4936 ὁ
824 4882 1078 4953 Χριστός.
1122 4880 1224 4938 Καί
1274 4901 1470 4954 φαμεν,
1525 4881 1609 4938 ὅτι
1662 4880 1955 4954 ἀπειλητι-

297 4972 392 5026 κὸν
418 4972 480 5025 τὸ
513 4972 687 5044 ῥῆμα,
720 4971 848 5026 ὡσεὶ
880 4969 1055 5045 ἔλεγε.
1094 4976 1286 5045 ΙΙεῖραν
1330 4965 1485 5046 ἔχετε
1517 4972 1608 5046 ἀφ’
1638 4973 1713 5027 ὧν
1755 4974 1956 5029 πεπόν-

304 5071 447 5124 θατε,
482 5060 570 5115 ’ὁτι
622 5059 721 5115 οὐκ
774 5061 998 5128 ἀσθενής
1054 5060 1081 5113 ὁ
1136 5060 1369 5134 Χριστός
1452 5060 1521 5115 ’11
1580 5061 1663 5116 ’ὁτι
1722 5060 1857 5124 τέως
1907 5060 1959 5116 ἐν

305 5149 457 5223 ὗμῖν,
505 5150 660 5227 φησὶ,
719 5154 836 5209 τοῖς
892 5148 982 5203 καὶ
1042 5146 1407 5223 διορθωθῆναι
1466 5145 1806 5221 δυναμένοις,
1857 5152 1956 5222 τὴν

304 5237 531 5310 δύναμιν
590 5234 937 5295 ἐπιδείκνυσι.
1000 5236 1137 5301 Τοὺς
1205 5236 1308 5311 γὰρ
1394 5237 1582 5292 ἀνίατα
1646 5235 1956 5306 νοσοῦντας,

299 5327 413 5384 ἐκεῖ
439 5330 834 5401 τιμωρήσεται.

2068 4709 2434 4783 ingratorum
2480 4714 2608 4765 erat
2659 4714 2718 4763 et
2764 4707 3125 4780 perfidorum
3197 4724 3264 4763 ac
3323 4707 3716 4766 instabilium.

2067 4822 2093 4848 ‹‹
2128 4798 2237 4864 Qui
2287 4815 2426 4871 erga
2482 4815 2580 4853 vos
2621 4814 2742 4852 non
2796 4803 2886 4851 est
2942 4796 3282 4852 imbecillis.
3315 4816 3340 4845 ιι
3399 4796 3549 4861 Quid
3608 4796 3720 4852 sibi

2067 4888 2191 4943 vult
2220 4887 2445 4943 additio
2477 4886 2597 4951 illa,
2631 4910 2656 4935 ‹‹
2688 4886 2837 4958 Erga
2856 4902 3016 4943 vos.»
3036 4889 3113 4952 et,
3136 4906 3159 4935 ι
3181 4886 3245 4939 In
3271 4884 3505 4939 vobis?»
3525 4875 3720 4958 neque

2064 4979 2227 5033 enim
2258 4993 2398 5049 erga
2431 4976 2591 5048 ipsos
2652 4981 2905 5042 tantum,
2968 4974 3071 5030 sed
3117 4973 3335 5045 ubique
3387 4980 3598 5047 potens
3628 4980 3720 5032 est

2067 5067 2355 5123 Christus.
2378 5066 2446 5119 Et
2476 5064 2731 5120 dicimus
2762 5063 3278 5119 comminatorium
3298 5080 3426 5119 esse
3449 5064 3718 5132 verbum,

2069 5172 2135 5211 ac
2166 5154 2214 5209 si
2248 5153 2508 5209 diceret:
2544 5152 3027 5223 Experimentum
3089 5151 3319 5208 habetis
3352 5152 3425 5208 ab
3458 5153 3551 5207 his
3582 5169 3715 5225 quas

2068 5242 2231 5297 vobis
2263 5242 2662 5313 contigerunt.
2697 5240 2854 5314 quod
2873 5258 2991 5296 non
3008 5241 3415 5298 sitimbecillis
3429 5242 3719 5298 Christus.

2069 5333 2182 5385 Aut
2207 5329 2365 5401 quod
2395 5329 2509 5384 hoc
2538 5335 2803 5400 tempore
2827 5329 2886 5384 in
2919 5329 3012 5384 his
3044 5330 3143 5400 qui
3177 5330 3330 5386 inter
3358 5346 3459 5386 vos
3507 5329 3721 5402 corrigi

297 5425 548 5492 possunt
576 5417 839 5474 ostendit
866 5418 1241 5490 potentiam:
1285 5433 1416 5474 nam
1476 5419 1548 5474 de
1602 5420 1697 5475 his
1750 5418 1852 5490 qui
1911 5417 2434 5476 immedicabiliter
2484 5423 2789 5486 aegrotant,
2848 5418 2909 5472 in
2964 5418 3164 5473 futuro
3224 5424 3420 5473 sumet
3481 5417 3711 5489 suppli-

300 5510 486 5566 cium'

379 5661 480 5718 Καὶ
537 5662 640 5736 γὰρ
722 5660 768 5715 εἰ
854 5659 1167 5733 ἐσταυρώθη
1226 5659 1278 5727 ἆξ
1335 5661 1631 5729 ἀσθενείας,
1683 5657 1832 5716 ἀλλά
1884 5662 1949 5733 ζῇ

308 5748 366 5802 lx
442 5745 726 5820 δυνάμεως
800 5750 953 5804 Θεοῦ.
1036 5748 1133 5803 Καὶ
1207 5748 1309 5821 γὰρ
1388 5749 1549 5819 ἡμεῖς
1623 5747 1949 5820 ἀσθενοῦμεν

2131 5659 2277 5723 XIII.
2307 5662 2472 5716 bo...
2506 5663 2649 5717 Nam
2680 5661 2952 5732 quamvis
2982 5659 3302 5715 cruciﬁxus
3324 5658 3435 5711 fuit
3455 5658 3704 5714 exinflr-

2064 5771 2091 5799 ‹‹
2113 5749 2486 5818 mitate,vivit
2497 5755 2694 5807 tamen
2713 5765 2783 5806 ex
2804 5748 3071 5821 potentia
3083 5746 3517 5816 Dei.Siquidem
3531 5751 3588 5803 et
3598 5763 3709 5819 nos
