4128 6192
336 404 489 468 1081

1307 408 1707 470 ΟΟΜΜΕΝΤ.
1758 409 1836 468 ΙΝ
1885 409 2127 470 EPIST.
2177 409 2227 468 II
2275 409 2376 468 AD
2422 409 2785 470 CORINTH.

3590 421 3749 482 1082

335 562 522 621 φησιν,
557 537 710 595 οὐδὲν
769 540 905 614 πρὸς
963 541 1062 608 τήν
1123 537 1346 612 δύναμιν
1408 535 1734 617 παρεϐλάόη
1790 537 1976 608 ἐπειδή

2095 558 2305 614 passus
2336 548 2422 598 est
2451 559 2582 614 quae
2613 559 2822 614 passus
2845 551 2951 601 est.
2987 578 3055 590 —-
3085 549 3198 602 Aut
3228 549 3327 604 hoc
3353 553 3520 606 etiam
3537 555 3697 611 modo
3726 572 3740 611 :

337 633 676 703 ἐσταυρώθη,
709 629 881 691 οὕτως
914 628 1037 684 οὗδὶ
1067 631 1231 702 ἡμεῖς
1261 627 1446 698 ἐπειδὴ
1507 629 1840 705 διωκόμεθα,
1892 629 1984 684 καὶ

339 713 693 792 ὑϐριζόμεθα.
756 719 848 774 Διό
908 717 1115 793 ἐπάγει,
1181 739 1209 767 ‹‹
1277 718 1364 773 Ἐν
1420 716 1588 788 αὐτῷ.
1643 740 1666 770 ι
1728 719 1800 774 Τὸ
1858 719 1983 791 γάρ,

340 835 366 862 ι(
404 810 504 867 Καὶ
538 811 700 880 ἡμεῖς
734 806 1060 878 ἀσθενοῦμεν
1093 805 1147 860 ἐν
1179 805 1347 880 αὐτῷ,
1389 832 1407 854 ι
1450 807 1484 876 ἢ
1529 807 1611 863 ὅτι
1643 807 1676 862 ἆ
1699 806 1982 885 πάσχομεν

339 898 412 954 δι’
441 900 603 955 αὐτὸν
634 899 945 973 πάσχομενο
987 896 1023 966 ἢ
1073 895 1154 950 ὅτι
1227 894 1491 967 δοκοῦμεν
1547 898 1672 970 ὑμῖν
1723 897 1983 961 ἀσθενεῖν,

336 988 398 1045 ἑκ
425 993 526 1043 τοῦ
578 989 654 1062 μὴ
712 988 966 1054 κολάζειν
1025 985 1111 1040 καὶ
1166 990 1430 1059 τιμωρεῖν
1491 985 1654 1056 ὑμᾶς,
1711 982 1856 1039 ἀλλᾶ
1894 982 1984 1039 καὶ

336 1083 500 1135 τοῦτο
530 1077 583 1132 ἐν
617 1075 838 1151 Χριστῷ
893 1080 1182 1147 ποιοῦμεν.
1229 1073 1400 1137 Αὐτὸς
1450 1074 1554 1149 γὰρ
1603 1075 1751 1147 ἡμᾶς
1800 1069 1985 1127 ἐδίδα-

335 1169 420 1239 ξεν
468 1169 752 1241 ἀνέχεσθαι
802 1165 891 1219 καὶ
944 1172 1330 1239 μακροθυμεῖν,
1382 1160 1512 1218 ἀλλ’
1561 1163 1741 1236 ὥσπερ
1791 1161 1982 1240 ἀνέχεο

336 1269 458 1320 σθαι
518 1255 609 1310 καὶ
675 1255 1060 1326 μακροθυμεῖν,
1120 1253 1294 1314 οὕτως
1343 1253 1431 1308 ἐπὶ
1497 1257 1604 1308 τῶν
1665 1251 1984 1327 ἀναλγήτως

337 1347 580 1427 ἰχόντων
630 1346 720 1401 καὶ
777 1348 850 1418 μή
915 1342 1399 1418 μεταμελομένων,
1457 1346 1555 1411 τήν
1603 1343 1985 1416 τιμωρητικήν

335 1437 426 1494 καὶ
483 1436 814 1504 κολαστικήν
867 1432 1095 1507 δῦναμιν
1144 1431 1515 1490 ἐπιδεικνύειν·
1557 1431 1729 1495 οὕτως
1758 1432 1862 1506 γὰρ
1893 1433 1982 1487 καὶ

338 1526 503 1586 αὐτὸς
533 1530 701 1580 ποιεῖ.
732 1551 758 1577 u
801 1527 888 1581 Ἑν
918 1525 1086 1597 αὐτῷ.
1126 1550 1151 1574 υ
1177 1520 1462 1589 Τουτέστι,
1504 1520 1572 1577 δι’
1604 1522 1764 1578 αὐτὸν
1787 1520 1874 1576 καῖ
1895 1518 1985 1576 διὰ

334 1615 397 1670 τὸ
423 1616 681 1689 κήρυγμα
719 1615 906 1681 αὑτοῦ,
967 1616 1290 1686 ἂσθενοῦμεν
1322 1612 1375 1667 ἐν
1400 1617 1518 1674 τοῖς
1577 1609 1841 1687 διωγμοῖς
1891 1610 1982 1666 καὶ

334 1705 388 1760 ἐν
417 1709 534 1765 τοῖς
563 1701 846 1765 κινδύνοις.
882 1701 1041 1758 Ἀλλ’
1073 1703 1253 1777 ὥσπερ
1297 1707 1404 1758 τῶν
1461 1703 1792 1776 σκυθρωπῶν
1835 1698 1984 1773 αὖτῷ

330 1797 727 1866 κοινωνοῦμεν,
778 1793 923 1849 οὕτω
980 1793 1069 1846 καὶ
1109 1796 1216 1848 τῶν
1266 1788 1504 1871 φαιδρῶν
1552 1791 1978 1862 κοινωνήσομεν.

330 1887 488 1947 Ὅθεν
521 1883 731 1961 ἐπάγει.
761 1911 785 1936 «ι
814 1882 988 1940 Ἀλλὰ
1031 1883 1306 1955 ζησόμεθα
1337 1884 1427 1938 σὺν
1487 1882 1660 1974 αὐτῷ.Δ
1689 1905 1716 1932 »
1776 1881 1982 1974 [αξΩΤᾸ
2015 1909 2060 1974 Β

331 1976 608 2043 Τουτὲστι,
641 1972 1049 2053 δειχθησόμεθα
1079 1972 1130 2028 ἐν
1168 1975 1293 2045 ὑμῖν
1343 1977 1556 2041 ζῶντες,
1608 1970 1716 2046 οὐχ
1764 1968 1978 2036 ἁπλῶς,

332 2063 476 2119 ἀλλᾶ
504 2063 598 2118 συν
631 2063 776 2134 αὖτῷ
825 2068 905 2135 τῷ
953 2065 1191 2137 Χριστῷ.
1246 2062 1347 2117 Καὶ
1400 2059 1527 2116 οὐδὲ
1575 2064 1734 2116 τοῦτο
1788 2059 1980 2122 ἁπλῶς

334 2161 550 2224 ζῶντες,
609 2153 736 2210 ἀλλ’
794 2153 852 2208 ἐκ
906 2160 1008 2221 τῆς
1068 2150 1346 2225 δυνάμεως
1427 2151 1592 2207 αὐτοῦ
1676 2152 1774 2219 τὴν
1833 2153 1976 2221 ζωήν

329 2237 571 2318 ἔχοντες,
617 2241 685 2297 δι’
720 2244 788 2312 ἧς
817 2243 905 2298 καὶ
937 2242 1097 2304 αὐτὸς
1136 2243 1360 2297 Θάνατον
1417 2243 1660 2311 πατήσας
1707 2239 1797 2294 καὶ
1844 2238 1981 2310 ᾅδην

331 2333 652 2396 σκυλεῦσας,
685 2335 774 2388 καὶ
814 2334 1010 2403 ἀνέστη
1070 2334 1160 2387 καὶ
1216 2336 1303 2406 ζῇ.
1346 2331 1492 2401 Αὕτη
1545 2329 1600 2386 δὲ
1641 2334 1674 2400 ἡ
1725 2333 1837 2401 ζωὴ
1889 2331 1979 2385 καὶ

328 2425 364 2491 ἡ
402 2421 650 2496 δύναμις,
713 2420 973 2493 δηλονότι
1021 2424 1371 2496 τιμωρητική
1415 2421 1524 2474 ἐστι
1573 2425 1683 2475 τῶν
1731 2421 1798 2476 τά
1848 2417 1981 2498 ἔργα

328 2516 426 2568 τοῦ
483 2516 728 2583 πονηροῦ
778 2516 1144 2586 πραττόντων,
1196 2509 1374 2584 ὥσπερ
1427 2511 1665 2578 σωστική
1718 2513 1826 2564 τῶν
1881 2530 1981 2583 με·

330 2603 547 2659 τάνοιαν
578 2600 989 2659 ἐπιτελούντων.
1025 2603 1122 2655 Δια
1150 2600 1379 2662 τούτους
1421 2597 1477 2655 δὶ
1531 2598 1702 2676 λέγει,
1761 2600 1846 2655 ὅτι
1903 2601 1979 2672 μή

331 2698 715 2769 καταφρονεῖτε
748 2695 929 2764 ἡμῶν,
989 2690 1064 2751 ὡς
1121 2691 1350 2762 ὁρῶντες
1405 2692 1553 2762 ἡμᾶς
1610 2686 1979 2762 διωκομένους

329 2783 419 2838 καὶ
459 2782 622 2858 μυρία
651 2781 987 2856 πάσιοιτας,
1050 2779 1192 2834 οὕτω
1244 2777 1333 2832 καὶ
1367 2779 1394 2833 ὁ
1427 2777 1662 2853 Χριστὸς
1714 2799 1982 2858 κατεφρο-

326 2876 464 2944 νήθη
509 2870 925 2944 σταυροόμενος,
984 2867 1110 2924 ἀλλ’
1168 2868 1416 2935 ἀναστὰς,
1476 2869 1650 2922 πάντα
1707 2865 1805 2922 ὅσα
1853 2869 1982 2938 ήθὲ-

324 2962 488 3032 λησεν
547 2961 825 3028 ἐποίησεν.
914 2956 1012 3012 Καί
1097 2960 1263 3028 ἡμεῖς
1353 2953 1408 3010 δὶ
1465 2955 1496 3010 ἃ
1555 2957 1860 3030 πάσχομεν,
1917 2953 1987 3011 δι’

323 3051 487 3106 αὐτὸν
545 3049 858 3127 πάσχομεν.
912 3049 1070 3101 Ὥστε
1138 3047 1183 3100 εἰ
1238 3045 1328 3100 καὶ
1387 3045 1696 3118 πάσχομεν,
1783 3043 1986 3107 ἐκεῖνος

323 3137 382 3194 δὲ
416 3142 482 3213 ζῇ
515 3138 605 3192 καὶ
659 3135 906 3204 δύναται,
957 3136 1047 3190 καὶ
1097 3138 1261 3206 ἡμεῖς
1315 3135 1404 3189 σὺν
1458 3134 1604 3206 αὐτῷ
1654 3134 1766 3188 οἷον
1823 3133 1988 3188 αὐτοῦ

333 3228 612 3294 θέλοντος,
667 3227 757 3281 καὶ
813 3230 1008 3298 ζῶμεν,
1068 3225 1158 3280 καὶ
1212 3221 1426 3278 δυνατοί
1475 3221 1633 3294 ἐσμεν
1684 3229 1910 3291 ποιῆσαι
1957 3222 1988 3278 ὅ

337 3317 655 3393 βουλόμεθα
685 3316 760 3376 εἰς
794 3316 957 3388 ὑμᾶς,
988 3315 1079 3369 καὶ
1115 3312 1351 3386 μάλιστα
1391 3310 1467 3372 εἷς
1503 3313 1664 3384 ὑμᾶς.
1693 3311 1985 3368 δτιπολλὰ

328 3405 533 3484 ἔχομεν
588 3406 948 3460 ἀπειθουντων
1012 3405 1182 3476 ὑμῶν,
1241 3401 1585 3475 δικαιώματα
1637 3403 1756 3456 καθ’
1807 3402 1979 3474 ὑμῶν.

329 3522 356 3550 α
394 3499 489 3553 Ἐκ
518 3493 795 3567 δυνάμεως
825 3498 960 3550 θεοῦ
989 3493 1066 3556 εἰς
1097 3495 1258 3566 ὑμᾶς.
1285 3517 1312 3543 υ
1342 3525 1404 3534 -—-
1438 3493 1980 3567 [ΟΙΚΟΥΜΕΝΙΟΥ.]

337 3585 563 3658 Ομοίως
590 3585 784 3654 νόησον
817 3583 907 3637 καὶ
936 3587 1098 3638 τοῦτο
1128 3588 1206 3653 τῷ
1238 3581 1365 3637 ἂνω.
1397 3606 1424 3633 α
1450 3580 1631 3636 Ἀλλά
1654 3585 1717 3655 ζῇ
1741 3581 1800 3637 ἐκ
1820 3579 1981 3637 δυνά-

333 3696 489 3748 μεως·
510 3678 664 3729 Θεοῦ.
698 3698 726 3724 ››
759 3673 838 3730 Τὸ
870 3670 948 3738 δὲ,
973 3696 1001 3724 ‹‹
1024 3671 1114 3733 Εἷς
1141 3673 1304 3743 ὑμᾶς,
1327 3694 1356 3722 ››
1380 3671 1515 3738 οἷον,
1539 3675 1691 3742 Ὑμῖν
1719 3673 1977 3743 ζήσομεν,

327 3763 602 3819 τουτέστιν
636 3763 712 3823 εἷς
741 3763 842 3829 τὴν
877 3763 1028 3835 ὑμῶν
1060 3759 1346 3841 ὠφέλειαν.
1373 3761 1466 3829 ”Η,
1498 3762 1576 3816 Δι’
1603 3761 1762 3833 ὑμᾶς.
1788 3759 1974 3832 ἐπειδή

330 3874 517 3932 φησιν.
550 3851 947 3924 ἐπεπρὲψαμεν
983 3852 1122 3924 ὑμᾶς
1155 3851 1190 3920 ἢ
1225 3851 1317 3904 σὺν
1372 3850 1502 3924 ὑμῖν
1558 3851 1794 3922 ζήσομεν
1832 3851 1973 3908 τότε.

330 3967 360 3994 ‹‹
391 3942 648 4004 Ἑαυτοὺς
678 3942 962 4016 πειράζετε
997 3963 1023 3989 ι)
1053 3941 1216 4012 Ὁρᾷς
1266 3942 1379 3994 οἷον
1431 3941 1833 4009 κατασκευάζει,
1878 3941 1976 3996 Καὶ

322 4034 373 4089 τί
407 4033 570 4107 λέγω,
605 4031 762 4104 φησί,
793 4031 915 4101 περί
967 4031 1226 4104 ἒμαυτοῦ,
1277 4030 1359 4085 ὃτι
1393 4031 1420 4085 ὂ
1453 4031 1688 4104 Χριστὸς
1741 4029 1792 4085 ἐν
1844 4029 1974 4106 ἐμοὶ

320 4124 502 4182 λαλεῖ
535 4124 625 4178 καὶ
657 4125 815 4196 ὑμεῖς
843 4127 947 4197 γαρ
979 4120 1154 4189 αυτοὶ,
1189 4121 1233 4174 εἷ
1266 4122 1342 4190 μή
1391 4141 1444 4174 τι
1505 4117 1763 4192 ἀδόκιμοι
1811 4122 1974 4196 γεγό-

316 4235 465 4283 νατε,
497 4207 655 4292 ἔχετε
712 4211 763 4267 ἐν
829 4211 1039 4272 δαυτοῖς
1093 4210 1186 4264 τὸν
1241 4207 1495 4283 Χριστόν.
1556 4209 1618 4266 Εἰ
1677 4207 1735 4265 δί
1792 4210 1974 4284 ὑμεῖς,

316 4300 517 4372 πολλῴ
547 4297 790 4372 μᾶλλον,
824 4298 1010 4377 φησὶν,
1048 4296 1178 4375 ἐγώ.
1212 4299 1450 4354 Ἐαυτῶν
1495 4301 1781 4372 τοιγαροῦν
1834 4297 1971 4352 ἀπό-

318 4411 509 4465 πειραν
540 4394 800 4452 ποιεῖσθε,
866 4390 939 4460 μή
1001 4407 1085 4448 τις
1144 4383 1203 4440 ἔκ
1259 4389 1364 4442 τῶν
1417 4385 1593 4460 ὀρθῶν
1650 4386 1967 4461 παρετράπη

321 4477 637 4554 δογμάτων,
688 4481 754 4551 τῇ
796 4481 904 4533 τῶν
963 4473 1427 4550 ψευδαπαστόλων
1487 4472 1712 4550 διδαχῇ.
1766 4477 1968 4551 [ΦΩΤ.]

319 4570 464 4641 Ἀρα
507 4568 582 4639 μή
641 4565 864 4630 ἑαυτοὺς
911 4567 1190 4642 πειράζετε
1248 4564 1300 4620 εἶ’
1352 4565 1468 4621 ἐστε
1522 4564 1574 4620 ἐν
1629 4568 1697 4639 τῇ
1751 4563 1966 4634 nictet;

2093 631 2440 702 Quanquam
2473 648 2682 702 passus
2713 640 2827 696 est,
2857 635 3143 706 inquit,ut
3173 639 3277 707 qui
3309 646 3582 696 naturam
3616 661 3744 714 pos-

2095 719 2328 775 sibilem
2352 727 2410 776 et
2439 721 2738 777 inﬁrmam
2770 725 3114 796 assumpsit,
3137 719 3298 782 vivit'
3327 736 3526 785 tamen
3558 732 3657 787 ubi
3711 751 3745 789 a

2096 810 2344 866 mortuis
2377 813 2698 867 resurrexit
2735 813 2960 869 habens
3015 832 3081 870 ac
3138 816 3333 872 ferens
3392 819 3454 874 in
3514 821 3741 892 seipsos

2094 905 2368 954 naturam
2401 902 2868 974 omnipotentem
2901 921 2968 958 ac
2998 905 3274 961 divinam.
3309 930 3335 956 «
3373 909 3670 979 Siquidem
3686 918 3744 968 et

2093 1006 2202 1044 nos
2233 989 2454 1044 infirmi
2488 1008 2712 1047 sumus.
2749 1013 2775 1040 n
2830 994 2974 1047 701
3038 996 3180 1049 Nam
3235 998 3740 1066 quemadmodum

2094 1079 2471 1150 ipse,inquit,
2496 1081 2646 1135 nihil
2678 1090 3103 1138 nocumentum
3135 1084 3197 1138 in
3229 1087 3495 1156 potentia
3516 1090 3745 1161 accepit

2095 1185 2161 1224 ex
2177 1185 2245 1224 eo
2259 1169 2414 1239 quod
2436 1172 2882 1241 persecutiones
2903 1179 2962 1228 et
2977 1175 3369 1230 contumelias
3387 1178 3743 1237 sustinemus

2093 1257 2230 1312 Ideo
2264 1257 2610 1328 subjunxit:
2646 1283 2671 1309 ‹‹
2709 1262 2773 1316 In
2801 1262 2949 1333 ipso.
2990 1287 3008 1310 -
3049 1263 3212 1327 Quod
3245 1264 3401 1320 enim
3445 1267 3562 1322 ait:
3612 1290 3639 1317 ‹‹
3675 1271 3745 1324 Et

2093 1364 2203 1403 nos
2235 1347 2456 1403 inﬁrmi
2484 1365 2688 1405 sumus
2723 1351 2781 1406 in
2814 1350 2961 1422 ipso,
3008 1375 3034 1401 ››
3096 1359 3198 1408 aut
3254 1353 3365 1410 hoc
3423 1355 3740 1428 signiﬁcat,

2096 1436 2256 1508 quod
2285 1454 2415 1508 qua:
2447 1439 2707 1509 patimur
2754 1445 2994 1511 propter
3051 1442 3244 1512 ipsum
3296 1444 3573 1514 patimur.
3627 1448 3742 1502 Aut

2095 1525 2253 1597 quod
2281 1527 2614 1582 videbimur
2633 1528 2794 1583 vobis
2827 1529 3070 1596 infirmi,
3105 1547 3172 1586 e0
3205 1533 3362 1602 quod
3393 1551 3512 1588 non
3563 1538 3741 1606 puni-

2093 1629 2227 1670 mus
2248 1621 2350 1670 aut
2379 1616 2669 1689 supplicio
2703 1618 2990 1674 tradimus
3025 1635 3038 1676 :
3074 1619 3174 1674 sed
3210 1621 3322 1676 hoc
3382 1639 3618 1694 quoque
3678 1625 3739 1680 in

2094 1703 2324 1759 Christo
2345 1703 2614 1759 facimus.
2650 1705 2794 1760 Nam
2827 1707 2952 1778 ipse
3010 1723 3117 1762 nos
3177 1707 3376 1765 docuit
3405 1712 3652 1767 sufferre
3682 1718 3739 1768 et

2093 1794 2464 1873 longanimes
2497 1811 2644 1851 esse.
2681 1797 2792 1853 Sed
2824 1799 3325 1868 quemadmodum
3357 1804 3604 1858 sutTerre
3634 1803 3738 1860 do-

2094 1884 2214 1939 cuit
2245 1890 2302 1938 et
2333 1884 2702 1956 longanimes
2727 1903 2875 1950 esse,
2923 1888 3005 1943 ita
3064 1906 3298 1960 quoque
3357 1891 3418 1946 in
3470 1893 3736 1964 stupidos

2092 1979 2151 2030 et
2179 1990 2296 2028 non
2332 1976 3102 2049 resipiscentes,punitivam
3134 1985 3193 2033 et
3221 1981 3601 2039 cruciativam
3633 1999 3736 2039 seu

2091 2064 2505 2119 vindicativam
2546 2066 2872 2136 potentiam
2913 2067 3266 2122 ostendere:
3328 2069 3409 2124 ita
3462 2072 3621 2125 enim
3679 2076 3738 2127 et

2091 2153 2218 2225 ipse
2251 2153 2409 2212 facit.
2442 2177 2466 2202 ‹‹
2503 2155 2567 2209 1n
2599 2155 2744 2226 ipso.
2785 2178 2810 2203 ››
2858 2156 2974 2211 Hoc
3007 2162 3116 2222 est,
3149 2162 3389 2228 prOpter
3426 2159 3620 2229 ipsum
3679 2165 3739 2216 et

2091 2243 2574 2316 praedicationem
2607 2245 2791 2315 ipsius
2814 2245 3038 2300 inﬁrmi
3071 2262 3275 2300 sumus
3298 2245 3357 2300 in
3378 2247 3737 2318 persecutio-

2090 2334 2264 2390 nibus
2298 2335 2446 2388 etin
2494 2335 2796 2405 periculis.
2859 2335 2969 2390 Sed
3030 2335 3533 2406 quemadmodum
3593 2339 3736 2394 socii

2090 2423 2312 2478 fuimus
2344 2423 2456 2494 ipsi
2492 2424 2553 2478 in
2588 2425 2875 2488 tristibus,
2904 2425 2987 2480 ita
3036 2442 3270 2497 quoque
3301 2427 3443 2482 socii
3477 2428 3538 2483 in
3589 2428 3740 2484 lastis

2092 2513 2507 2568 erimus.Unde
2540 2513 2843 2587 subjungit
2873 2532 2930 2568 ;‹‹
2957 2515 3064 2570 Sed
3098 2517 3363 2571 venimus
3387 2533 3520 2572 cum
3552 2518 3740 2589 ipso.»

2093 2602 2212 2656 Hoc
2239 2608 2347 2670 est,
2381 2604 2765 2659 ostendemur
2789 2605 3048 2660 viventes
3069 2605 3127 2660 in
3161 2605 3344 2666 vobis.
3374 2623 3495 2660 non
3517 2607 3743 2677 vulgari

2091 2690 2400 2756 modo,sed
2433 2708 2566 2747 cum
2590 2693 2716 2763 ipso
2750 2694 3126 2750 Christo.Nec
3144 2700 3446 2765 utcunque
3462 2695 3739 2757 viventes.

2096 2779 2200 2834 sed
2231 2796 2300 2835 ex
2361 2780 2626 2851 potentia
2681 2782 2868 2853 ipsius
2917 2783 3091 2838 vitam
3153 2783 3484 2838 habentes:
3517 2799 3635 2854 qua
3687 2789 3744 2840 et

2095 2870 2222 2942 ipse
2252 2870 2598 2925 conculcata
2628 2877 2837 2936 morte,
2871 2872 3242 2944 spoliatoque
3273 2873 3504 2928 inferno
3529 2879 3587 2928 et
3612 2890 3744 2929 sur-

2096 2960 2248 3014 rexit
2272 2965 2330 3013 et
2359 2959 2511 3012 vivit.
2548 2959 2681 3014 Hzec
2711 2965 2906 3014 autem
2940 2961 3029 3015 via
3057 2967 3108 3015 et
3163 2966 3427 3033 potestas
3479 2963 3746 3034 punitiva

2100 3063 2242 3102 sane
2273 3053 2364 3102 est
2394 3047 2674 3102 adversus
2705 3065 2806 3103 eos
2833 3049 2930 3120 qui
2967 3066 3146 3120 opera
3188 3050 3330 3105 mali
3390 3050 3553 3105 illius
3603 3067 3742 3122 ope-

2099 3144 2344 3192 rantur:
2371 3137 2871 3206 quemadmodum
2905 3139 3080 3193 etiam
3113 3139 3402 3194 servativa
3434 3145 3524 3194 est
3552 3139 3612 3194 in
3645 3156 3745 3194 e0-

2100 3244 2230 3282 rum
2264 3227 2579 3282 utilitatem
2623 3228 2722 3298 qui
2770 3227 3026 3299 perfecte
3077 3230 3453 3302 resipiscunt.
3500 3231 3746 3300 Propter

2097 3319 2222 3374 hinc
2253 3317 2450 3388 itaque
2476 3334 2550 3374 ne
2581 3334 2709 3383 nos,
2765 3317 2979 3389 inquit,
3033 3317 3392 3389 despiciatis,
3445 3318 3602 3389 quod
3635 3335 3741 3373 nos

2093 3407 2340 3464 videatis
2371 3408 2816 3480 persecutiones
2840 3407 3076 3479 aliaque
3131 3408 3377 3464 adversa
3427 3409 3744 3464 innumera

2092 3499 2404 3572 patientes.
2432 3499 2522 3553 Ita
2545 3503 2604 3551 et
2627 3497 2894 3552 Christus
2945 3497 3261 3570 despectus
3289 3503 3379 3552 est
3419 3514 3554 3553 cum
3611 3515 3738 3554 cru-

2092 3588 2430 3660 ciﬁgeretur
2465 3604 2476 3641 :
2511 3592 2571 3641 at
2598 3585 2697 3640 ubi
2728 3587 3070 3652 resurrexit,
3124 3586 3328 3643 omnia
3373 3604 3741 3660 quacunque

2090 3676 2274 3733 voluit
2304 3676 2459 3732 fecit.
2484 3677 2674 3730 Etnos
2707 3691 2848 3732 sane
2879 3692 3011 3746 quae
3030 3676 3516 3746 patimus.Itaque
3531 3693 3739 3746 quam-

2090 3767 2174 3820 vis
2205 3765 2490 3837 patimur,
2522 3764 2624 3820 ille
2682 3770 2880 3820 tamen
2911 3765 3050 3818 vivit
3103 3769 3162 3818 et
3191 3769 3399 3834 potens
3449 3767 3557 3826 est,
3589 3780 3736 3819 nos-

2090 3871 2204 3927 que
2227 3871 2359 3910 cum
2389 3855 2517 3925 ipso
2545 3869 2557 3908 :
2592 3854 2704 3908 hoc
2731 3859 2840 3920 est,
2869 3854 2994 3924 ipso
3022 3851 3251 3906 volente
3309 3856 3368 3905 et
3404 3851 3651 3908 vivimus
3681 3858 3740 3908 et

2088 3951 2362 4018 potentes
2386 3961 2592 4001 sumus
2622 3943 2816 3998 facere
2866 3957 3237 4012 quaecunque
3296 3941 3569 3996 volumus
3600 3958 3738 4015 erga

2087 4052 2208 4100 vos,
2244 4041 2300 4089 et
2325 4032 2778 4105 potentissimus
2809 4047 2947 4104 erga
2977 4047 3114 4086 vos:
3141 4029 3358 4086 multas
3381 4031 3731 4087 enimbabe-

2088 4141 2220 4180 mus
2253 4123 2414 4177 vobis
2450 4137 2583 4178 cum
2652 4119 3033 4176 credentibus
3072 4119 3473 4190 justiﬂcantes
3522 4137 3730 4176 causas

2087 4212 2399 4268 adversum
2431 4227 2550 4265 vos.
2588 4232 2614 4258 «
2651 4211 2733 4264 Ex
2790 4208 3058 4280 potentia
3105 4209 3206 4264 Dei
3255 4225 3391 4281 erga
3447 4226 3568 4264 vos.
3601 4231 3629 4258 ι,
3664 4240 3730 4252 .-

2088 4301 2219 4356 Pari
2251 4300 2424 4354 modo
2455 4299 2566 4355 hoc
2597 4298 2863 4368 intellige
2904 4315 3039 4356 cum
3071 4314 3139 4353 eo
3197 4299 3356 4370 quod
3414 4315 3594 4370 supra
3649 4297 3734 4353 di-

2087 4396 2246 4445 ctum
2282 4389 2583 4445 est:Vivit
2610 4395 2810 4444 tamen
2862 4405 2934 4443 ex
2990 4389 3257 4460 potentia
3301 4387 3424 4443 Dei.
3483 4408 3506 4437 ιι
3568 4387 3734 4451 Quod

2087 4485 2286 4536 autem
2318 4479 2438 4535 ait:
2470 4501 2495 4527 ‹‹
2523 4478 2670 4551 Erga
2698 4494 2824 4540 vos.
2859 4499 2885 4526 »
2918 4477 3030 4533 hoc
3089 4483 3197 4539 est,
3254 4476 3417 4533 vobis
3473 4477 3732 4531 vivemus

2087 4568 2144 4624 id
2176 4567 2366 4625 estad
2411 4567 2732 4624 utilitatem
2784 4571 3059 4621 vestram.
3123 4567 3257 4629 Aut,
3317 4567 3562 4637 Propter
3609 4581 3730 4630 vos,

323 4654 425 4729 ἄρα
459 4657 534 4727 μή
569 4653 795 4714 ἑαυτοὺς
829 4651 1188 4728 δοκιμαζετες
1220 4653 1282 4708 τὸ
1322 4652 1423 4730 γὰρ
1463 4645 1542 4708 ἔτι
1591 4649 1826 4726 δοκιμὴν
1871 4658 1969 4724 (71-

2088 4657 2565 4731 quandoquidem
2598 4656 2997 4713 convertimus
3046 4670 3171 4710 vos.
3232 4657 3365 4720 Aut,
3415 4635 3730 4711 Vobiscum

319 4750 427 4802 τεῖν
457 4750 553 4800 τοῦ
584 4745 634 4800 ἐν
665 4744 789 4818 ἐμοὶ
824 4743 1125 4807 λαλοῦντος
1165 4747 1422 4820 Χριστοῦ,
1471 4744 1558 4799 καὶ
1609 4742 1762 4801 οὔπω
1811 4746 1968 4821 ἀκρι-

324 4829 436 4896 ϐῶς
465 4839 750 4898 πεπεῖσθαι
778 4834 853 4895 ὡς
917 4833 971 4888 ἐν
1031 4832 1110 4906 τῷ
1168 4829 1482 4906 διδασκάλῳ
1540 4831 1703 4889 λαλεῖ
1758 4835 1786 4891 ὁ
1840 4837 1965 4912 Χρι-

321 4923 471 4990 στὸς,
499 4925 550 4977 τί
606 4919 787 4997 ἕτερόν
851 4922 992 4978 ἑστιν
1048 4923 1082 4991 ἦ
1142 4922 1232 4977 καὶ
1291 4921 1512 4988 δαυτοὺς
1566 4923 1858 4999 πειράζειν,
1919 4923 1965 4981 εἴ

317 5012 436 5070 ἕστε
465 5013 647 5068 πιστοὶ
677 5013 765 5068 καὶ
798 5007 1174 5092 ἀμφιϐάλλειν
1203 5011 1294 5066 καὶ
1347 5011 1470 5086 περὶ
1517 5011 1720 5068 ἑαυτῶν
1745 5031 1760 5082 ;
1823 5013 1967 5085 μᾶλ-

317 5102 413 5161 λον
447 5099 504 5159 δὲ
529 5102 628 5158 καὶ
653 5103 864 5178 ἀγνοεῖ-ι
895 5100 1065 5170 ὅλως,
1097 5101 1181 5158 ὅτι
1213 5101 1243 5156 ὁ
1265 5101 1496 5176 Χριστὸς
1526 5101 1578 5157 ἐν
1612 5102 1742 5178 ὑμῖν
1799 5103 1962 5161 ἐστιν.

313 5192 380 5252 Ei
409 5190 642 5268 γὰρ-οὐκ
669 5190 720 5248 ἐν
751 5196 832 5264 τῷ
863 5187 1176 5263 διδασκάλῳ
1208 5191 1236 5246 ὁ
1264 5191 1516 5266 Χριστὸς,
1571 5191 1771 5263 πολλῷ
1822 5194 1962 5266 μᾶλ-

311 5282 412 5340 λον
452 5278 572 5338 οὐδ8
600 5281 656 5337 ἐν
683 5285 801 5342 τοῖς
870 5285 1161 5353 μαθηταῖς.
1221 5279 1399 5336 Ἀλλά
1435 5283 1574 5347 πῶς,
1625 5301 1811 5357 φησιν,
1863 5283 1965 5338 οὐκ

310 5373 695 5447 ἰπιγινώσκετε
726 5367 810 5424 ὅτι
849 5367 900 5423 ἐν
955 5368 1080 5440 ὑμῖν
1138 5369 1166 5424 ὁ
1225 5367 1478 5442 Χριστὸς.
1536 5362 1594 5430 ὅς
1648 5370 1736 5424 καὶ
1797 5369 1962 5445 χαρί-

313 5483 476 5536 σματι
527 5459 813 5537 διαφόροις
862 5456 1177 5512 ἐπλούτισεν
1235 5456 1481 5528 ὑμᾶς;ἢ
1532 5453 1621 5513 διὰ
1668 5462 1775 5513 τῶν
1825 5459 1963 5531 πρά-

309 5557 442 5628 ξεων
507 5553 661 5626 ὑμῶν
735 5545 1034 5619 ἀδοκίμους
1091 5545 1311 5607 ἑαυτοὺς
1366 5549 1822 5620 παραστήσαντες,
1874 5554 1962 5606 καὶ

311 5643 520 5700 τούτων
553 5637 843 5710 ἐξεπέσετε,
891 5641 1052 5693 τοῦτο
1112 5633 1189 5706 δὶ,
1238 5632 1334 5711 ’ἰγα
1390 5633 1531 5710 εἴπῃ,
1582 5636 1666 5693 ὅτι
1711 5639 1760 5694 εἰ
1806 5638 1964 5715 (qui:

313 5729 632 5809 χαρίσματα
697 5727 786 5782 καὶ
861 5726 1019 5801 ἰσχὺν
1072 5725 1212 5781 κατὰ
1267 5725 1584 5798 πνευμάτων
1649 5726 1962 5807 ἀκαθάρτων

2076 4755 2216 4807 tunc
2244 4748 2521 4803 vivemus.
2560 4767 2589 4795 «
2622 4745 2738 4800 Vos
2797 4744 2955 4818 ipsos
3006 4748 3251 4799 tentate.
3283 4762 3310 4793 ο
3377 4743 3548 4800 Vides
3590 4743 3732 4816 quid

2075 4837 2292 4913 paret?
2320 4839 2389 4892 Et
2420 4835 2562 4908 quid
2585 4835 2657 4890 de
2687 4850 2783 4890 me
2807 4833 2962 4901 dico,
2996 4833 3211 4905 inquit,
3247 4833 3405 4904 quod
3463 4832 3729 4890 Christus

2073 4929 2259 4986 inme
2290 4924 2619 4998 loquatur?
2649 4926 2795 4981 Nam
2830 4929 2890 4978 et
2946 4937 3048 4980 vos
3095 4923 3230 4994 ipsi,
3294 4921 3444 4979 708
3496 4923 3614 4982 nisi
3670 4924 3732 4980 in

2074 5017 2277 5088 aliquo
2309 5013 2548 5088 reprobi
2580 5013 2719 5070 facti
2753 5012 2895 5068 estis
2926 5011 3227 5070 Christum
3281 5011 3343 5068 in
3372 5011 3537 5068 vobis
3583 5013 3730 5088 ipsis

2074 5105 2306 5165 habetis
2340 5101 2539 5176 :quod
2563 5103 2611 5158 si
2646 5101 2962 5169 vos,mult0
2994 5102 3184 5172 magis
3223 5117 3349 5175 ego,
3383 5102 3598 5174 inquit.
3624 5103 3736 5161 Ex‘

2073 5195 2474 5271 perimentum
2509 5191 2688 5265 igitur
2717 5191 2896 5246 vestri
2927 5192 3192 5263 ipsorum
3221 5189 3396 5248 facite
3427 5207 3503 5248 ne
3537 5191 3671 5264 quis
3692 5208 3726 5249 a

2072 5285 2252 5342 rectis
2273 5286 2641 5355 pervertatur
2669 5280 2982 5353 dogmatis,
3016 5295 3122 5353 per
3161 5280 3494 5336 doctrinam
3543 5295 3724 5352 pseu-

2074 5372 2540 5445 dapostolorum.
2570 5373 2720 5427 Num
2763 5371 3028 5442 vosipsos
3077 5370 3318 5426 tentatis
3367 5385 3444 5426 an
3496 5369 3557 5425 in
3606 5368 3723 5425 ﬁde

2075 5463 2204 5520 sitis
2233 5462 2260 5518 ‘I
2289 5477 2432 5521 num
2456 5478 2556 5516 vos
2586 5461 2748 5533 ipsos
2777 5459 3038 5533 probatis
3066 5458 3094 5513 ?
3135 5458 3440 5530 Siquidem
3489 5458 3723 5531 experi-

2071 5559 2340 5614 mentum
2363 5567 2630 5624 qumrere
2656 5550 2956 5621 loquentis
2987 5548 3050 5604 in
3099 5565 3192 5604 me
3217 5547 3454 5613 Cbristi,
3486 5552 3545 5601 et
3575 5562 3725 5605 non-

2071 5645 2215 5703 dum
2245 5644 2421 5718 plene
2452 5657 2768 5716 persuasos
2797 5657 2927 5697 esse
2950 5637 3193 5712 quodin
3216 5637 3498 5710 magistro
3521 5635 3728 5710 loqua-

2068 5740 2167 5792 tur
2194 5731 2630 5808 Christus,quid
2662 5730 2824 5790 aliud
2852 5734 2941 5787 ut
2970 5743 3149 5801 quam
3170 5742 3270 5782 vos
3301 5727 3718 5800 ipsosquoquo
