4106 6196
543 425 697 490 1083

1608 420 2031 482 mCUMENlI
2076 417 2377 479 'l‘lilCCIE
2426 415 2804 476 EPISCOPI.

3779 431 3893 493 1084

539 564 767 616 tentare
799 571 938 610 num
973 552 1181 609 ﬁdeles
1226 553 1376 622 sitis,
1425 559 1485 608 et
1532 523 1832 622 ambigere
1885 554 2062 609 etiam
2113 551 2184 608 de

2300 542 2533 603 ἐλάϐετε
2563 567 2630 602 κα
2690 542 2864 624 ἔχετε,
2907 545 2957 603 εἲ
3016 550 3090 623 μή
3151 547 3452 625 ἀδοκίμους
3510 554 3720 620 ἑαυτοὺς
3765 580 3897 634 παρα.

541 649 704 701 vobis
751 645 914 715 ipsis,
968 643 1088 696 imo
1173 643 1372 714 potius
1433 643 1705 714 ignorare
1765 644 2009 698 omnino
2042 640 2198 713 quod

542 735 885 792 Chtistusin
905 733 1071 787 vobis
1087 731 1180 787 sit.
1211 733 1354 788 Nam
1389 733 1432 787 si
1471 750 1589 788 non
1624 740 1714 788 est
1743 735 1802 788 in
1835 739 2198 806 praeceptore

538 823 1030 888 Christus,multo
1062 823 1263 878 minus
1296 824 1354 876 in
1377 822 1708 894 discipulis.
1745 823 1854 878 Sed
1877 822 2194 894 quomodo,

538 915 880 984 inquit,non
917 912 1273 982 cognoscitis
1307 913 1465 982 quod
1496 913 1763 968 Christus
1795 914 1855 967 in
1903 913 2067 968 vobis
2098 912 2192 982 sit,

541 1005 641 1076 qui
671 1005 846 1058 etiam
880 1001 1054 1055 variis
1087 1001 1257 1055 donis
1280 1001 1485 1055 ditavit
1511 1018 1610 1056 vos
1631 1001 1658 1055 ?
1679 1004 1765 1056 An
1799 1019 1904 1073 per
1932 1002 2195 1057 actiones

540 1099 764 1148 vestras
795 1090 1188 1146 constituistis
1215 1107 1315 1144 vos
1346 1090 1504 1161 ipsos
1528 1090 1813 1162 reprobos
1847 1096 1906 1144 et
1934 1091 2023 1145 his
2047 1091 2195 1146 exci-

539 1183 758 1242 distis?
791 1183 906 1237 Hoc
932 1188 1128 1236 autem
1167 1187 1275 1242 est,
1310 1197 1377 1236 ac
1404 1183 1450 1236 si
1484 1181 1677 1236 dicat:
1713 1182 1768 1236 Si
1821 1199 1918 1237 vos
1949 1181 2107 1236 dona
2136 1187 2196 1237 et

538 1278 893 1346 potestatem
916 1271 1194 1325 adversus
1220 1271 1462 1342 spiritus
1514 1270 1855 1326 immundos
1882 1273 2192 1344 accepistis

541 1368 600 1418 et
631 1362 880 1417 habetis.
910 1361 1022 1414 nisi
1059 1377 1154 1414 vos
1188 1361 1346 1431 ipsos
1405 1359 1717 1416 efﬁciendo
1777 1361 2057 1432 reprobos
2098 1362 2191 1417 his

534 1450 923 1525 privaveritis,
957 1467 1157 1504 annon
1190 1466 1293 1521 ego
1344 1450 1530 1504 multo
1590 1451 1779 1522 magis
1837 1455 2189 1522 potestatem

537 1538 724 1595 habeo
757 1537 1037 1592 adversus
1071 1552 1170 1591 eos
1199 1537 1298 1608 qui
1333 1537 1700 1608 impurorum
1734 1537 2070 1593 daamonum
2090 1554 2186 1592 vo-

534 1627 797 1683 luntates
828 1627 1064 1698 explere
1098 1627 1518 1697 conantur,qui
1553 1627 1692 1681 estis
1723 1627 1864 1681 vos?
1885 1627 2186 1682 Autetiam

447 1757 462 1772 .
537 1718 648 1773 hoc
671 1716 865 1772 modo.
893 1717 957 1770 In
980 1732 1073 1770 me
1099 1717 1571 1787 experimentum
1587 1716 2002 1787 qumritis‘Hos
2025 1717 2186 1788 ipsos

537 1810 781 1869 tentate,
815 1805 1030 1859 acriter
1061 1819 1159 1859 vos
1184 1805 1344 1876 ipsos
1376 1804 1617 1876 probate
1651 1821 1726 1859 an
1761 1805 1888 1859 sitis
1930 1805 1991 1859 in
2047 1803 2182 1860 fide.

2311 637 2659 698 σκευάσαντες
2739 636 2946 692 τούτων
3005 635 3348 711 ἐστερήθητε,
3407 642 3537 718 οὐχὶ
3595 643 3696 722 ἐγὼ
3744 651 3897 724 πολλῷ

2315 723 2527 798 μᾶλλον
2559 725 2800 796 ἐξουσίαν
2857 720 2973 800 ἔχω
3030 729 3165 783 κατᾶ
3219 734 3329 784 τῶν
3387 732 3457 785 τὰ
3513 720 3774 806 θελήματα
3818 720 3898 796 τῶν

2309 816 2622 887 ἀκαθάρτων
2683 813 2959 889 δαιμόνων
3020 815 3284 872 ἐπιτελεῖν
3364 821 3720 893 αἱρουμένων,
3796 828 3900 884 οἳτι.

2307 907 2392 968 νὲς
2449 905 2566 960 ἐστε
2625 906 2828 977 ὑμεῖς;
2881 907 2916 975 ἤ
2973 908 3063 960 καὶ
3122 906 3314 970 οὕτως,
3385 912 3475 964 Ἐν
3538 910 3658 982 ἐμοὶ
3715 911 3900 988 δοκιμήν

2313 1001 2584 1066 ζητεῖτε,
2652 994 2871 1057 ἑαυτοὺς
2930 997 3228 1067 πειράζετε.
3313 1000 3753 1070 Ἑπιπληκτικῶς
3816 1008 3904 1062 ἔξω.

2308 1087 2434 1148 τοὺς
2515 1082 2858 1158 δοκιμάζετε,
2946 1084 2991 1139 εἰ
3043 1086 3159 1140 ἐστέ
3213 1086 3265 1141 ἐν
3319 1093 3386 1161 τῇ
3449 1090 3649 1148 πίστει.
3709 1095 3786 1155 Ὠς
3830 1099 3903 1170 γὰρ

2307 1169 2470 1243 ἔοικε,
2528 1175 2617 1229 καὶ
2697 1175 2897 1244 ταύτης
2955 1173 3222 1246 ἐξέστητε,
3277 1177 3389 1232 ἐπεὶ
3455 1179 3519 1233 οὐ
3577 1179 3670 1236 κᾶν
3720 1180 3902 1257 δοκιμῆν

2307 1264 2639 1336 ἐπεζητεῖτε.
2702 1265 2836 1321 Εἶτα
2920 1261 3102 1340 ὥσπερ
3161 1263 3389 1321 λεαίνων
3449 1267 3514 1324 τὸ
3573 1268 3788 1348 σφοδρὸν
3831 1279 3901 1338 τῆς

2308 1355 2697 1426 ἐπιτιμήσεως,
2733 1376 2762 1405 ‹‹
2822 1355 2891 1411 Ἠ
2961 1353 3061 1409 οὐκ
3116 1353 3527 1430 ἐπιγινώσκετε,
3597 1359 3766 1434 φησὶν,
3814 1362 3902 1417 Er.)-

2303 1443 2452 1512 τοὺς,
2488 1469 2513 1493 ι)
2573 1444 2661 1499 ὃτι
2720 1445 2931 1514 Ἰησοῦς
2987 1446 3220 1519 Χριστὸς
3281 1444 3332 1500 ἐν
3395 1448 3530 1519 ὑμῖν
3591 1447 3772 1518 ἐστιν;
3817 1452 3902 1506 αντὶ

2301 1537 2398 1588 τοῦ
2439 1532 2543 1606 ἐγὼ
2597 1531 2772 1594 οὕτως
2809 1533 2947 1604 ὑμᾶς
2999 1533 3357 1608 ἐπιγινώσκω·
3410 1535 3498 1591 δτι
3548 1538 3576 1592 ό
3617 1539 3830 1614 Χριστὸς
3865 1541 3900 1596 ἐν

2304 1622 2455 1693 ὑμῖν.
2498 1621 2560 1678 Εἰ
2593 1619 2649 1676 δὲ
2680 1620 2836 1676 αὐτοὶ
2888 1625 3050 1676 τοῦτο
3099 1623 3359 1697 ἀγνοεῖτε,
3411 1625 3569 1699 ὑμῶν
3617 1624 3715 1700 ἂρα
3757 1629 3810 1682 τὸ
3847 1627 3905 1704 ἔγ

2300 1710 2514 1784 κλημα.
2573 1709 2782 1769 Οὐκοῦν
2851 1710 3073 1772 ἑαυτοὺς
3166 1709 3466 1786 ἀδοκίμους
3536 1715 3898 1790 ἀπειργάσασθε.

2298 1807 2448 1873 *Αμα
2477 1797 2534 1855 δὲ
2561 1799 2651 1854 καί
2681 1798 2943 1874 ἐντρέπει.
2975 1801 3063 1862 Ὠς
3095 1801 3140 1856 εἰ
3171 1799 3276 1878 ἐγὼ
3307 1803 3397 1858 τὸν
3463 1805 3694 1879 Χριστὸν
3737 1805 3780 1859 ἐν
3806 1805 3897 1878 ὑμῖι

539 1899 680 1951 Nam
713 1901 778 1949 ut
805 1900 1050 1966 apparet
1081 1895 1258 1950 etiam
1316 1893 1388 1948 ab
1439 1894 1548 1948 hac
1605 1894 1909 1950 excidistis
1945 1911 1958 1948 :
1991 1910 2187 1966 neque

2300 1891 2432 1945 εἶναι
2462 1891 2717 1966 γινώσκω
2750 1889 2794 1944 εἰ
2839 1891 2915 1963 μή
2952 1886 3209 1963 ἀδόκιμοι
3239 1893 3518 1969 γεγόνατε,
3551 1896 3669 1954 πῶς
3691 1892 3822 1948 αὗτοῖ
3847 1892 3902 1950 ἔτι

538 1984 697 2041 enim
729 1984 902 2039 aliter
932 1986 1403 2055 experimentum
1421 1984 1789 2054 quaereretis.
1809 1984 2032 2039 Deinde
2060 1990 2187 2039 tan-

536 2091 713 2146 quam
749 2075 1026 2146 mitigans
1066 2073 1506 2128 vehementiam
1566 2073 2018 2145 increpationis,
2055 2076 2193 2130 «An

538 2181 657 2220 non
691 2162 1066 2235 cognoscitis,
1099 2161 1313 2233 inquit,
1331 2163 1739 2233 vosmetipsos,
1776 2185 1804 2211 »
1835 2162 1991 2234 quod
2023 2162 2194 2218 Jesus

540 2252 883 2309 christusin
917 2251 1081 2306 vobis
1134 2252 1256 2306 sit?
1310 2258 1386 2306 Ac
1447 2253 1494 2306 si
1555 2252 1760 2307 dicat:
1799 2257 1908 2326 Ego
1957 2252 2038 2306 ita
2095 2269 2194 2307 vos

535 2357 827 2415 cognosco
863 2343 1019 2412 quod
1060 2342 1326 2396 Christus
1376 2341 1438 2395 in
1496 2341 1658 2395 vobis
1689 2342 1766 2395 sit
1825 2357 1837 2394 :
1898 2341 1946 2396 si
1996 2347 2194 2397 autem

535 2432 646 2503 ipsi
682 2433 792 2486 hoc
851 2431 1154 2502 ignoratis,
1209 2435 1466 2484 vestrum
1522 2445 1664 2484 sane
1717 2435 2022 2500 peccatum
2084 2435 2190 2484 est.

533 2523 736 2592 Itaque
767 2537 867 2575 vos
898 2535 1057 2591 ipsos
1089 2519 1372 2591 reprobos
1403 2519 1700 2574 etTecistis.
1740 2518 1925 2573 Simul
1958 2534 2192 2590 quoque

537 2610 817 2666 admonet
859 2626 872 2663 :
907 2609 1074 2680 quasi
1108 2610 1264 2663 dicat
1295 2625 1309 2661 :
1347 2608 1402 2662 Si
1430 2625 1533 2679 ego
1578 2607 1878 2662 Christum
1937 2607 1998 2662 in
2029 2608 2194 2663 vobis

540 2716 668 2755 esse
700 2715 1011 2770 cognosco,
1047 2699 1160 2753 nisi
1226 2697 1460 2768 reprobi
1514 2697 1652 2752 facti
1685 2697 1834 2766 sitis,
1897 2697 2192 2768 quomodo

541 2790 652 2863 ipsi
685 2789 877 2845 adhuc
911 2789 1384 2859 experimentum
1408 2786 1538 2859 ejus
1570 2787 1631 2840 in
1663 2802 1757 2840 me
1789 2785 2107 2858 qumretis?
2131 2787 2194 2840 Et

544 2879 923 2936 manifestum
957 2884 1046 2932 est
1073 2877 1392 2949 tripliciter
1416 2876 1604 2948 accipi
1636 2892 1811 2947 posse
1843 2876 2192 2947 hancparti-

541 2969 886 3040 culam,per
926 2967 1245 3023 consilium
1303 2972 1360 3021 et
1418 2965 1897 3021 adhortationem
1956 2971 2022 3019 ut
2060 2964 2194 3020 aliis

535 3059 763 3132 placet:
798 3075 903 3132 per
961 3058 1394 3113 haesitationem
1448 3063 1507 3111 et
1545 3057 2032 3112 accusationem:
2089 3071 2194 3128 per

534 3149 1000 3222 increpationem
1034 3163 1102 3202 ac
1133 3146 1660 3219 reprehensionem
1693 3146 1848 3201 sicut
1876 3161 2037 3200 nunc
2090 3161 2191 3200 ex-

533 3241 831 3313 ponimus.
867 3260 894 3286 ‹‹
929 3241 1141 3292 Annon
1176 3237 1530 3309 cognoscitis
1581 3252 1686 3291 vos
1734 3235 1914 3307 ipsos.
1953 3257 1978 3284 υ
2036 3235 2192 3299 Quo-

533 3329 708 3383 modo
740 3333 938 3381 autem
972 3333 1246 3397 poterant
1275 3342 1629 3398 cognoscere
1659 3325 1686 3380 ?
1717 3342 1785 3380 ex
1817 3324 2000 3394 signis
2060 3341 2192 3395 qum

537 3418 812 3479 edebant,
847 3423 1044 3471 utrum
1079 3433 1147 3471 ea
1177 3417 1368 3472 adhuc
1401 3419 1664 3472 ederent.
1691 3437 1713 3466 ιι
1748 3416 1870 3471 Nisi
1904 3417 1962 3471 in
1994 3416 2194 3487 aliquo

534 3505 771 3577 reprobi
805 3505 965 3559 estis.
1003 3527 1029 3554 ››
1064 3505 1183 3559 Hoc
1213 3505 1342 3559 loco
1387 3506 1562 3560 etiam
1616 3521 1812 3576 prava:
1869 3506 2002 3560 vita)
2035 3506 2187 3560 clam

536 3611 636 3650 eos
667 3592 1014 3648 insimulat:
1044 3591 1344 3663 Siquidem
1380 3598 1438 3647 et
1467 3592 1583 3647 ﬁde
1611 3599 1669 3647 et
1711 3598 1869 3648 recta
1893 3594 2012 3648 vita
2041 3609 2189 3663 Opus

2303 1978 2538 2054 δοκιμὴν
2572 1981 2736 2036 αὐτοῦ
2768 1979 2820 2035 ἐν
2854 1979 2979 2053 ἐμοι
3012 1985 3226 2050 ζητεῖτε
3253 2000 3266 2050 ;
3297 1984 3386 2037 καὶ
3422 1980 3597 2052 δῆλον
3631 1983 3712 2039 ὅτι
3739 1988 3903 2061 τριχῶς

2300 2067 2441 2126 ἔστιν
2497 2065 2750 2125 ἐκλαϐεῖν
2807 2071 2869 2125 τὸ
2925 2071 3155 2146 χωρίον,
3239 2073 3377 2127 κατὰ
3463 2068 3776 2144 συμϐουλὴν
3838 2073 3902 2127 καὶ

2299 2158 2628 2234 παραίνεσιν,
2697 2159 2880 2233 ὥσπερ
2965 2157 3162 2232 ἕτεροι,
3251 2162 3389 2216 κατὶ
3446 2161 3776 2236 ἐπαπόρησιν
3836 2162 3901 2215 καὶ

2299 2247 2557 2325 ἔλεγχον,
2605 2250 2740 2304 κατὰ
2823 2247 3116 2321 ἐπιπληξιν
3173 2250 3264 2304 καὶ
3335 2249 3679 2324 ἐπιτίμησιν,
3733 2251 3798 2312 ὡς
3837 2254 3899 2303 νῦν

2299 2331 2555 2391 ἔκκειται.
2610 2360 2638 2387 ‹‹
2699 2337 2771 2394 Ἥ
2819 2336 2919 2390 οὐκ
2977 2335 3361 2413 ἐπιγινώσκετε
3443 2339 3684 2400 ἑαυτούς.
3741 2364 3764 2388 υ
3812 2340 3903 2400 Πῶς

2301 2425 2347 2480 δ’
2401 2423 2461 2481 ἃν
2519 2426 2817 2502 γνοίησανς
2871 2426 2931 2480 ἐκ
2977 2431 3082 2481 τῶν
3145 2427 3386 2498 σημείων
3453 2431 3532 2484 ὧν
3609 2426 3826 2494 ἔποίουν,
3872 2429 3902 2482 εἰ

2298 2511 2377 2570 ἔτι
2446 2519 2659 2570 ποιοῖεν
2738 2515 2899 2583 αὐτὰ,
2990 2514 3175 2586 φησίν.
3243 2540 3263 2565 ι
3324 2515 3391 2571 δί’
3449 2519 3527 2589 μή
3585 2539 3635 2571 τι
3696 2515 3901 2586 ἀδόκιμοί

2299 2606 2437 2667 ἐστε.
2473 2635 2496 2655 ιι
2530 2609 2788 2672 Ἐνταῦοα
2818 2610 2907 2663 καὶ
2937 2608 3012 2669 εἷς
3047 2608 3166 2684 βίον
3199 2609 3442 2686 πονηρόν
3475 2612 3671 2672 αὐτοὺς
3716 2609 3902 2664 αἰνίττε-

2296 2718 2407 2752 ται.
2451 2703 2542 2753 Δεῖ
2568 2699 2671 2773 γὰρ
2701 2697 2790 2752 καὶ
2823 2697 3057 2760 πίστεως
3087 2697 3178 2753 καὶ
3229 2699 3374 2769 βίου,
3425 2701 3566 2776 πρὸς
3615 2701 3680 2754 τὰ
3721 2702 3896 2770 σημεῖα.

2300 2786 2360 2842 Ei
2391 2786 2486 2840 οὗν
2516 2788 2605 2840 καί
2639 2785 2756 2840 ἐστε
2787 2785 2838 2840 ἐν
2871 2789 2940 2860 τῇ
2971 2787 3172 2851 πίστει,
3209 2788 3287 2860 μὴ
3336 2788 3429 2842 καὶ
3487 2789 3608 2864 βίον
3653 2785 3706 2842 δὲ
3744 2784 3902 2841 κατάλ-

2299 2873 2477 2946 ληλον
2509 2873 2874 2946 ἐπιτηδεύετε,
2907 2876 3094 2953 φησὶν,
3126 2873 3385 2948 ἀδόκιμοί
3415 2880 3472 2933 τέ
3509 2876 3645 2944 ἐσνε,
3675 2877 3755 2931 καὶ
3803 2878 3900 2948 Χριο

2299 2965 2424 3028 στος
2455 2964 2506 3019 ἐν
2542 2966 2671 3037 ὑμῖν
2702 2964 2807 3020 οὐκ
2861 2959 3031 3033 ἔστιν,
3081 2963 3206 3020 οὐδὲ
3255 2963 3346 3020 διὰ
3395 2971 3510 3022 τῶν
3555 2967 3782 3038 σημείων
3823 2961 3902 3017 δειε-

2297 3075 2449 3109 κνυσι
2477 3053 2664 3126 παρὼν
2695 3055 2829 3127 πρὸς
2868 3055 3031 3126 ὑμᾶς.
3067 3077 3096 3106 ‹‹
3125 3054 3370 3124 Ἐλπίζω
3393 3053 3450 3111 δὲ
3481 3056 3572 3112 ὅτι
3610 3055 3896 3131 γνώσεσθε.»

2299 3143 2360 3202 Εἰ
2394 3142 2452 3198 δὲ
2481 3143 2627 3205 ὅλως
2659 3143 2815 3216 ὓμεῖς
2849 3145 2925 3216 μή
2986 3142 3103 3199 ἐστε
3148 3140 3432 3216 ἀδόκιμοι,
3477 3144 3687 3214 ἐλπίζω
3732 3143 3803 3198 δτι
3839 3138 3901 3194 διὰ

2303 3236 2400 3303 τῆς
2462 3232 2538 3296 εἰς
2594 3232 2733 3305 ὗμᾶς
2782 3235 3052 3308 τιμωρίας
3135 3234 3427 3308 γνώσεσθε.
3487 3237 3576 3291 δτι
3643 3237 3788 3305 ἡμεῖς
3830 3226 3901 3283 οὔκ

2305 3323 2464 3395 ἐσμεν
2494 3319 2772 3394 ἀδόκιμοι.
2827 3320 2974 3378 Ἔδει
3025 3323 3119 3394 μὶν
3175 3324 3266 3378 οὖν
3317 3323 3476 3397 ἄλλῳ
3518 3325 3702 3401 τρόπῳ
3748 3323 3900 3398 sptium

2309 3413 2450 3481 ὑμᾶς
2476 3411 2566 3466 καὶ
2596 3409 2797 3466 εἰδέναι
2853 3410 2938 3466 ὅτι
2996 3409 3220 3484 δόκιμοι
3267 3411 3450 3485 ἐσμεν.
3514 3410 3729 3480 Ἐπειδὴ
3769 3408 3816 3463 δὲ
3857 3404 3898 3460 οὖ

2310 3501 2594 3575 βούλεσθε,
2657 3499 2746 3555 διὰ
2796 3507 2897 3569 τῆς
2954 3501 3108 3574 ὒμῶν
3175 3502 3450 3577 τιμωρίας
3539 3507 3695 3559 τοῦτο
3745 3496 3898 3574 γνώσε-

2301 3591 2406 3643 σΘε.

532 3689 621 3742 est
648 3683 722 3738 ad
753 3682 938 3755 signa.
961 3683 1163 3752 Itaque
1198 3681 1338 3735 licet
1367 3681 1427 3735 in
1459 3680 1575 3735 ﬁde
1615 3681 1763 3742 sitis,
1800 3682 1948 3736 709
1979 3680 2094 3735 nisi
2125 3686 2184 3736 et
2213 3681 2391 3735 vitam
2422 3680 2809 3738 conformiter
2872 3681 3217 3747 instituatis,
3249 3683 3484 3754 reprobi
3539 3683 3699 3741 estis,
3725 3674 3891 3747 inquit.

536 3781 594 3830 et
623 3773 890 3830 Christus
922 3772 981 3827 in
1014 3771 1176 3825 vobis
1209 3787 1327 3824 non
1362 3775 1469 3833 est,
1505 3785 1698 3841 neque
1723 3770 1906 3842 signis
1945 3769 2206 3825 ostendit
2227 3769 2383 3841 quod
2416 3787 2678 3840 praesens
2710 3770 2786 3826 sit
2813 3771 2970 3842 apud
3001 3788 3120 3827 vos.
3155 3795 3180 3819 «ι
3209 3775 3282 3827 At
3329 3789 3502 3844 spero
3533 3790 3634 3830 vos
3670 3766 3881 3840 cognitu-

533 3880 650 3919 ros.
698 3885 724 3911 »
761 3863 814 3918 Si
849 3868 1046 3916 autem
1079 3877 1199 3916 non
1234 3862 1476 3915 omnino
1510 3859 1748 3931 reprobi
1779 3859 1943 3925 estis,
1978 3875 2150 3930 spero
2181 3875 2282 3914 vos
2307 3859 2647 3930 cognituros
2678 3876 2785 3932 per
2816 3861 3104 3916 ultionem
3133 3877 3265 3932 quas
3295 3861 3360 3916 in
3381 3879 3481 3917 vos
3511 3863 3614 3918 ﬁet
3642 3856 3782 3933 quod
3805 3866 3884 3910 nos

536 3969 656 4009 non
694 3953 880 4006 simus
910 3951 1174 4022 reprobi.
1205 3951 1517 4022 Oporteret
1544 3949 1749 4020 utique
1781 3966 1880 4004 vos
1912 3948 2028 4005 alio
2061 3947 2237 4004 modo
2271 3963 2623 4019 cognoscere
2655 3965 2723 4004 ac
2753 3949 2905 4005 scire
2935 3951 3094 4021 quod
3125 3950 3354 4022 probati
3396 3952 3624 4010 simus:
3655 3946 3885 4022 quoniam

536 4048 734 4098 autem
767 4057 884 4095 non
917 4041 1111 4107 vultis,
1142 4057 1246 4112 per
1273 4039 1634 4112 supplicium
1666 4046 1924 4096 vestrum
1955 4039 2344 4110 cognoscetis.

607 4129 886 4194 XIIl,7-9.
925 4153 952 4179 ‹‹
983 4129 1130 4200 Opto
1153 4136 1349 4185 autem
1384 4129 1540 4201 apud
1575 4130 1757 4184 Deum
1790 4144 1863 4184 ne
1884 4127 2023 4200 quid
2045 4127 2186 4184 mali

531 4244 563 4272 -‹‹
588 4220 966 4287 faciatis,non
999 4236 1114 4292 quo
1148 4237 1256 4275 nos
1285 4219 1519 4292 probati
1551 4217 2092 4292 appareamus.sed
2121 4223 2187 4273 ut

518 4333 564 4360 ν-‹‹
595 4325 698 4366 vos
729 4309 887 4381 quod
921 4310 1236 4365 honestum
1270 4315 1360 4365 est
1391 4309 1640 4373 faciatis,
1697 4326 1806 4364 nos
1863 4325 1999 4364 vero
2031 4307 2190 4364 velut

539 4423 562 4453 α
597 4400 834 4472 reprobi
870 4399 1055 4455 simus
1085 4415 1206 4454 non
1225 4399 1386 4454 enim
1410 4415 1724 4471 possumus
1749 4397 2072 4470 quidquam
2092 4395 2188 4452 ad-

537 4515 564 4540 ο‹
595 4507 800 4547 versus
829 4489 1157 4554 veritatem,
1218 4488 1322 4543 sed
1376 4505 1481 4560 pro
1537 4488 1799 4544 veritate.
1853 4487 2187 4545 Gaudemus

537 4605 562 4632 κ
605 4581 764 4637 enim
796 4597 928 4636 cum
961 4597 1072 4634 nos
1101 4577 1322 4634 inﬁrmi
1352 4578 1662 4645 fuerimus,
1704 4594 1804 4632 vos
1861 4583 2061 4632 autem
2092 4591 2184 4630 va-

522 4695 564 4722 -‹‹
587 4672 692 4728 lidi
717 4671 967 4727 fueritis.
1001 4671 1117 4726 Hoc
1149 4675 1347 4725 autem
1371 4669 1618 4740 insuper
1649 4673 1922 4738 optamus
1937 4672 2187 4722 vestram

534 4782 561 4809 κ
596 4761 1017 4834 integritatem.
1045 4783 1072 4808 ν

515 4971 522 4975 -
609 4938 750 4994 Vide
806 4947 1066 4996 mentem
1121 4939 1597 5013 philosophicam
1663 4955 1675 4992 :
1729 4936 2188 5010 despiciebatur,

519 5029 1012 5087 subsannabatur
1041 5039 1327 5104 tanquam
1359 5030 1508 5088 nihil
1541 5036 1762 5103 posset,
1790 5029 1894 5087 sed
1925 5031 1987 5086 in
2030 5029 2184 5086 litte-

509 5120 617 5200 ‘ris
646 5119 930 5176 duntaxat
949 5122 1406 5194 gloriareturzet
1436 5137 1556 5176 non
1589 5119 1764 5176 modo
1794 5119 2186 5181 diﬂ‘ertjllato

533 5213 813 5267 adversus
844 5211 979 5266 illos
1011 5213 1327 5283 supplicio,
1350 5212 1652 5285 propriam
1686 5211 2069 5268 manifestare
2087 5228 2188 5284 po-

531 5301 780 5360 tentiam
816 5317 829 5356 :
862 5318 1064 5356 verum
1097 5302 1274 5356 etiam
1304 5307 1582 5374 precatur
1612 5318 1685 5357 ne
1718 5300 1954 5374 quando
1977 5301 2037 5357 in
2071 5317 2184 5358 ne-

533 5391 869 5449 cessitatem
902 5391 1121 5447 incidat
1177 5391 1332 5446 hanc
1372 5390 1845 5447 demonstrandi.
1878 5391 2183 5457 Quomodo

533 5497 669 5556 ergo
687 5487 744 5537 et
776 5498 977 5555 speras
1001 5481 1156 5552 quod
1181 5480 1462 5552 probatus
1485 5481 2184 5553 apparebis,rursumque

531 5573 792 5644 precaris
825 5587 897 5625 ne
931 5571 1032 5625 ﬁat
1060 5572 1088 5624 ‘I
1119 5571 1334 5624 Precor
1363 5569 1602 5639 quidem
1636 5575 1700 5622 ut
1743 5586 1846 5624 vos
1905 5571 2184 5626 meliores

513 5659 885 5728 "reddamini,
921 5677 1028 5716 nec
1060 5660 1205 5716 mihi
1239 5676 1386 5731 opus
1420 5659 1495 5713 sit
1548 5658 1765 5713 inferre
1817 5658 1876 5713 in
1909 5676 2006 5723 vos
2031 5658 2180 5732 sup-

530 5751 798 5822 plicium,
833 5757 934 5808 aut
965 5768 1056 5806 me
1091 5751 1403 5824 prohatu‘m
1462 5742 1552 5805 ex
1582 5743 1692 5804 hoc
1715 5805 1728 5810 ,
1749 5746 2024 5806 ostendi
2065 5750 2182 5806 Hoc

2371 4124 2621 4201 Εὕχομαι
2681 4123 2738 4181 δὲ
2796 4128 2931 4202 πρὸς
2985 4128 3077 4182 τὸν
3139 4130 3268 4184 Θεὸν
3349 4129 3425 4201 μὴ
3506 4131 3726 4191 ποιῆσαι
3787 4117 3891 4191 ὓμᾶς

2298 4216 2463 4272 κακὸν
2522 4214 2716 4290 μηδὲν,
2777 4217 2877 4272 οὐκ
2931 4219 3022 4272 ἳνα
3107 4220 3271 4290 ἡμεῖς
3357 4216 3583 4291 δόκιμοι
3667 4216 3885 4298 φανῶμεν,

2297 4304 2424 4363 ἀλλ’
2482 4303 2572 4360 ’ἱνα
2639 4307 2797 4381 ὒμεῖς
2857 4307 2920 4362 τὸ
2987 4305 3155 4362 καλὸν
3222 4315 3437 4377 ποιῆτε,
3531 4296 3688 4383 ἡμεῖς
3748 4300 3795 4357 δὲ
3835 4296 3888 4353 ὦ(

2297 4392 2555 4471 ἀδόκιμοι
2629 4397 2798 4468 ὦμεν.
2897 4395 2974 4453 Οὐ
3064 4397 3166 4473 γὰρ
3225 4394 3497 4471 δυνάμεθά
3554 4420 3608 4454 τι
3659 4392 3776 4450 κατὰ
3815 4391 3885 4452 τῆς

2299 4483 2583 4555 ἄληθείας,
2685 4483 2812 4541 ἀλλ’
2889 4484 3023 4559 ῧπὶρ
3098 4493 3199 4556 τῆς
3289 4486 3572 4556 ἀληθείας.
3673 4480 3887 4559 Χαίρομεγ

2300 4575 2403 4649 γὰρ
2480 4576 2607 4630 ’ὁταν
2682 4577 2847 4646 ἡμεῖς
2923 4558 3253 4646 ἀσθενῶμεν,
3330 4577 3488 4650 ὕμεῖς
3585 4575 3640 4633 δί
3721 4558 3885 4630 δυνατοί

2297 4664 2396 4731 ἦτε
2443 4665 2622 4720 Τοῦτο
2681 4661 2738 4718 δὲ
2801 4665 2889 4719 καὶ
2951 4662 3228 4739 εὐχόμεθα
3281 4667 3380 4735 τήν
3449 4667 3608 4739 ὕμῶν
3687 4656 3886 4729 κατάρτι-

2299 4772 2401 4806 σιν.

2292 4938 2296 4942 ’
2371 4938 2508 5012 Ὅρα
2583 4938 2893 5017 φιλόσοφον
2968 4939 3224 5013 ηνώμην,
3299 4959 3693 5017 κατεφρονειτο.
3751 4931 3880 4996 imi"

2295 5025 2493 5102 ῳδεῖτο
2523 5025 2597 5089 ὠς
2630 5025 2786 5082 οὐδὲν
2819 5024 3138 5100 δυνάμενος,
3169 5027 3300 5084 ἀλλ’
3329 5027 3380 5084 ἐν
3442 5033 3717 5106 γράμμασι
3759 5017 3878 5106 μόνον

2295 5117 2616 5186 κομπάζων.
2653 5116 2750 5172 Καὶ
2783 5118 2848 5172 οὖ
2886 5118 3050 5189 μόνον
3106 5112 3472 5174 ἀναϐάλλεται
3535 5115 3627 5173 διὰ
3674 5121 3756 5180 τῆς
3794 5100 3880 5160 κατ’

2295 5205 2514 5262 ἐκείνων
2588 5204 2857 5280 τιμωρίας
2931 5207 3031 5275 τήν
3108 5206 3310 5262 οἰκείαν
3387 5206 3545 5283 ἰσχὺν
3620 5203 3877 5288 οανερῶσιιν

2294 5296 2442 5354 ἀλλά
2465 5297 2553 5354 καὶ
2586 5297 2674 5372 cii;
2691 5318 2803 5354 εται
2840 5299 2914 5371 μή
2948 5296 3200 5371 ἐμπεσεῖν
3243 5320 3374 5354 ποτε
3563 5282 3771 5374 ἆνιὶγκην
3805 5282 3872 5338 τοῦ

2293 5388 2495 5458 ταύτην
2528 5384 2808 5458 ἐπιδεῖξαι.
2860 5420 2928 5431 -
2977 5388 3186 5465 [ΦΩΤ.]
3247 5393 3369 5451 Πῶς
3421 5387 3512 5444 οὖν
3565 5389 3654 5445 καὶ
3693 5377 3874 5446 ἑλπίζει(

2295 5476 2524 5550 δόκιμος
2577 5478 2828 5554 ὀφθῆναι,
2884 5477 2977 5530 καὶ
3061 5477 3228 5533 πάλιν
3287 5474 3425 5553 εὔχῃ
3485 5481 3559 5552 μή
3637 5471 3874 5554 γενέσθαιῖ

2295 5565 2525 5642 εὔχομαι
2563 5566 2656 5639 μὲν
2697 5565 3058 5640 βελτιωθῆναι
3111 5567 3274 5638 ὓμᾶς,
3314 5567 3402 5622 καῖ
3441 5569 3516 5640 μὴ
3564 5564 3801 5642 δεηθῆναι,
3827 5567 3872 5623 ps

2289 5641 2394 5726 τῆς
2419 5655 2500 5735 ἐφ’
2531 5659 2671 5728 υμᾶς
2702 5655 2996 5729 τιμωρίας,
3034 5652 3173 5727 μῄδὶ
3214 5653 3443 5730 δόκιμον
3497 5655 3550 5712 ἂν
3603 5655 3747 5724 ταύτῃ

2281 5726 2598 5822 δειχθῆναῖ.
2637 5726 3132 5821 Τοῦτο-εὔχομαι,
3183 5747 3234 5801 ἐν
3281 5726 3458 5821 τοξιτφ
3508 5747 3699 5825 χαίρω⁸
3747 5734 3797 5796 El
3831 5726 3869 5783 δι
