4106 6196
321 389 474 455 1085

1278 395 1686 457 COMMENT.
1732 396 1809 456 IN
1856 395 2101 457 EPIST.
2145 396 2203 457 II
2254 398 2354 457 :‘D
2397 395 2769 457 CORlNTH.

3568 396 3723 459 1086

296 521 597 607 ’ἰπιμὲνετε
624 528 693 599 τῇ
735 524 975 600 ἁμαρτίᾳ
997 530 1462 607 καταφρονοῦντες
1515 533 1616 598 τῆς
1670 526 1962 601 τιμωρίας,

2083 504 2303 602 opto,in
2335 529 2449 584 hoc
2477 526 2725 599 gaudeo.
2760 527 2818 583 Si
2848 544 2988 584 vero
3021 527 3082 583 in
3111 531 3352 600 peccato
3381 545 3728 601 permanse-

320 602 626 685 ἀνιώμενος
659 615 756 687 μὲν
786 615 873 669 καὶ
939 602 1290 691 βαρυθυμῶν,
1348 615 1501 690 ὅμως
1554 618 1971 692 τιμωρήσομαι.

302 701 533 773 Ῥᾴδιον
565 703 669 781 γάρ
707 726 800 777 μοι
827 708 891 761 τὸ
940 704 1179 777 ἐλπίζειν
1211 710 1396 763 τοῦτο.
1431 730 1457 761 σ
1497 706 1620 782 Οὐχ
1671 707 1761 762 ἳνα
1812 709 1975 780 ἡμεῖς

321 789 542 865 δόκιμοι
567 799 847 869 φανῶμεν.
886 820 911 845 ››
942 796 1033 852 Ἐγ
1067 797 1171 871 γάρ
1202 801 1300 853 τοῦ
1362 798 1437 869 μὴ
1488 797 1812 871 ἁμαρτάνειν
1874 795 1975 850 αὖ·

316 879 466 952 τοὺς,
499 882 600 938 οὐκ
628 876 707 937 ἔτι
739 884 839 953 τήν
882 886 1265 960 τιμωρητικὴν
1326 883 1664 941 ἐπεδείκνυτο
1723 881 1974 957 δύναμιν,

298 971 416 1027 καὶ
472 971 639 1028 πάλιν
694 973 768 1033 ὡς
832 970 1098 1046 ἀδόκιμος
1151 974 1241 1029 καὶ
1335 974 1631 1055 ἀνίσχυρος
1713 973 1972 1049 ἐκρίνετο.

296 1062 570 1136 ίαἭμεῖς
601 1061 659 1119 ὂὶ
717 1064 792 1127 ὡς
848 1063 1133 1137 ἀδόκιμοι.
1168 1089 1194 1117 ››
1256 1067 1450 1127 Καλῶς
1505 1068 1586 1128 τὸ,
1644 1067 1732 1128 Ὧς
1790 1062 1973 1121 ἀδόκι-

325 1173 442 1226 μοι.
474 1152 554 1210 Οὖ
585 1153 691 1228 γὰρ
745 1156 813 1227 τῇ
875 1153 1105 1225 ἀληθείᾳ
1159 1153 1424 1228 ἢμελλεν,
1494 1154 1608 1210 ἐπεὶ
1669 1156 1746 1228 μὴ
1803 1175 1977 1227 τιμω-

326 1245 502 1315 ρεῖται
555 1243 631 1313 μή
721 1244 1142 1317 ἁμαρτάνοντας,
1192 1241 1457 1317 ἀδόκιμος
1512 1245 1774 1322 γίνεσθαι,
1832 1242 1977 1300 ἀλλὰ

300 1330 415 1386 “καὶ
449 1328 688 1403 μάλιστα
715 1329 962 1404 δόκιμος,
996 1331 1139 1388 ἀλΛά
1166 1329 1254 1387 διὰ
1283 1335 1381 1403 τὴν
1411 1338 1516 1388 τῶν
1579 1330 1807 1388 πολλῶν
1841 1332 1977 1389 ὑπό-

328 1419 522 1495 ληψιν,
553 1419 670 1476 εἶπε
696 1422 781 1485 τὸ,
813 1422 888 1481 ὡς
917 1419 1195 1495 ἀδόκιμοι·
1229 1447 1257 1475 ‹‹
1319 1423 1392 1478 Οὐ
1449 1423 1552 1500 γάρ
1610 1420 1884 1497 δυνάμεθοὶ
1921 1442 1975 1478 τι

327 1511 462 1567 κατὰ
491 1518 592 1580 τῆς
632 1508 914 1583 ἀληθείας.
949 1535 977 1564 »
1016 1514 1139 1568 Ἐάν
1191 1533 1274 1573 τις
1332 1511 1555 1584 ἀληθῶς
1621 1513 1758 1590 βιοῖ,
1816 1513 1973 1590 φησί,

325 1599 416 1655 καὶ
448 1595 704 1662 εὐσεϐῶς.
749 1599 1038 1672 Ἀλήθειαν
1069 1602 1173 1677 γὰρ
1240 1606 1331 1655 νῦν
1388 1603 1488 1669 τὴν
1544 1596 1814 1658 εὐσέϐειαν
1872 1623 1972 1658 κα-

323 1689 431 1757 λεῖ,
463 1691 538 1752 ὡς
569 1692 731 1748 νόθου
761 1688 916 1756 ὄντος
970 1691 1068 1749 τοῦ
1126 1690 1418 1754 δυσσεϐοῦς
1462 1692 1602 1769 βίου.
1637 1691 1715 1751 Οὔ
1767 1692 1869 1770 γὰρ
1925 1693 1972 1759 εί

320 1774 662 1853 βουλοίμεθα
746 1779 1032 1855 ἐπαγαγεῖν
1123 1781 1394 1856 τιμωρίαν
1429 1828 1445 1851 ,
1529 1778 1833 1854 δυνάμεθα.
1891 1780 1969 1840 Οὔ

318 1874 569 1968 συνεργεῖ
584 1871 686 1945 γάρ
720 1870 748 1925 ὁ
781 1870 931 1931 Θεός.
966 1871 1039 1926 Οὐ
1072 1871 1176 1946 γὰρ
1208 1871 1346 1968 κατὰ
1388 1877 1491 1941 τῆς
1547 1870 1806 1940 ἀληθείας
1846 1872 1965 1927 οἷον
1999 1903 2045 1968 Β

319 1951 594 2019 εὐσεϐείας
661 1980 715 2013 τι
773 1959 1065 2034 ΐσχύομεν.
1115 1960 1173 2016 Ἦ
1235 1957 1292 2014 δὲ
1348 1959 1507 2037 ἰσχὺς
1576 1962 1760 2033 ἡμῶν.
1808 1961 1966 2037 Ὑπὶρ

299 2045 510 2116 αὐτῆς,
541 2046 627 2102 ’ἕνα
656 2047 784 2110 τοὺς
820 2050 895 2121 μὴ
929 2051 1046 2103 κατ’
1106 2048 1270 2118 αὖτῆν
1311 2055 1532 2119 ζῶντας,
1595 2046 1683 2105 διά
1718 2056 1820 2119 τῆς
1883 2072 1969 2106 τι·

326 2136 538 2211 μωρίας
594 2136 963 2215 ἀναγκάζομεν
1018 2140 1285 2213 αἱρεῖσθαι
1342 2139 1541 2209 αὐτήν.
1608 2165 1627 2188 ι
1685 2138 1967 2214 Χαίρομεν

319 2224 423 2300 γάρ
456 2226 582 2280 ὅταν
624 2228 789 2301 ἡμεῖς
821 2228 1144 2302 ἀσθενῶμεν.
1192 2251 1221 2279 ››
1274 2230 1342 2284 Τί
1407 2228 1497 2283 οὖν
1536 2246 1550 2296 ;
1583 2226 1733 2285 Ἐπεέ
1768 2229 1845 2300 μὴ
1878 2225 1970 2283 δό-

317 2334 487 2385 ναμαι
517 2315 604 2368 καὶ
644 2313 980 2389 βουλόμενος
1010 2316 1146 2371 κατᾶ
1195 2323 1296 2384 τῆς
1329 2313 1608 2387 ἀληθείας.
1641 2319 1776 2392 Ἀρα
1814 2315 1971 2391 ἀλγῶ

324 2402 459 2473 ὑπὲρ
500 2403 745 2473 τούτου;
805 2405 1112 2477 Οὖμενοῦν.
1180 2406 1388 2480 Χαίρων
1457 2406 1559 2481 γὰρ
1620 2406 1746 2462 ὅταν
1805 2408 1973 2479 ἡμεῖς

322 2491 560 2555 ἀσθενεῖς
589 2494 963 2567 νομιζώμεοα,
1016 2493 1074 2549 ἐκ
1130 2499 1228 2550 τοῦ
1298 2497 1374 2570 μή
1408 2494 1625 2569 ἐπάγειν
1680 2496 1972 2571 τιμωρίαν.

302 2581 506 2654 ’Ὑμεῖς
529 2580 587 2637 δὲ
626 2582 865 2658 ἰσχυροὶ,
901 2582 959 2638 ἐκ
986 2588 1082 2637 τοῦ
1137 2582 1417 2641 ἀνάλωτοι
1477 2584 1614 2641 εἶναι
1659 2588 1729 2659 τῇ
1803 2604 1976 2657 τιμω-

330 2672 532 2745 ρητικῇ
563 2692 670 2745 μου
713 2669 958 2747 δυνάμει,
1020 2670 1109 2729 διὰ
1164 2674 1227 2730 τὸ
1281 2675 1435 2750 βιοῦν
1490 2674 1685 2750 ὀρθῶς.
1728 2696 1756 2727 ‹‹
1798 2676 1975 2731 Τοῦτο

316 2759 375 2816 δὶ
403 2761 493 2815 καὶ
528 2760 830 2836 εὐχόμεθα.
865 2785 893 2812 ››
928 2764 1069 2837 Ἆρα
1127 2760 1221 2817 οὖν
1285 2763 1447 2836 μόνον
1508 2763 1776 2842 χαίρομεν
1811 2784 1825 2830 ς
1882 2763 1974 2819 καὶ

315 2848 591 2930 εὐχόμεθα
625 2852 718 2925 μὲν
753 2852 848 2907 οὗν
909 2853 1011 2921 τήν
1069 2855 1231 2927 ἡμῶν
1285 2854 1622 2928 κατάρτισιν,
1678 2854 1973 2925 τουτέστιν,

325 2935 706 3009 εὐδοκίμησιν,
732 2939 823 2993 καὶ
857 2940 921 2994 τὸ
956 2938 1292 3011 ἀπηρτίσθαι
1348 2940 1399 2995 ἐν
1461 2941 1567 3016 βίῳ
1614 2942 1703 2996 καῖ
1739 2939 1977 3019 δόγμασι

324 3032 614 3102 χρηστοῖς.
644 3029 715 3083 ’Ἡ
753 3024 849 3082 ’ίνα
879 3025 1296 3106 σφαλλομένους
1327 3030 1761 3105 τιμωρούμενοι,
1816 3029 1981 3103 δόξω-

330 3135 426 3189 μεν
454 3115 586 3170 εἶναι
618 3113 858 3172 δυνατοί.

387 3399 484 3454 Διά
546 3402 710 3455 τοῦτο
767 3402 937 3454 ταῦτα
1004 3400 1158 3457 ἀπὼν
1223 3401 1444 3479 γράφω,
1496 3401 1587 3456 ἳνα
1646 3401 1722 3473 μή
1783 3402 1972 3473 παρὼν

316 3486 613 3561 ἀποτόμως
720 3491 1071 3565 χρήσωμαι,
1173 3490 1313 3547 κατὰ
1411 3491 1512 3559 τήν
1587 3490 1828 3565 ἱξουσίαν
1902 3492 1971 3563 ἢν

315 3566 485 3629 ἴδωκὲ
552 3596 647 3647 μοι
705 3576 735 3631 6
794 3574 1014 3653 Κόριος,
1073 3576 1151 3640 εἲς
1205 3575 1510 3653 οἰκοδομήν
1566 3578 1656 3634 καὶ
1716 3579 1815 3636 οὐκ
1893 3580 1971 3645 εἰς

312 3662 637 3737 καθαίρεσιν.

390 3748 614 3821 Ἐπειδὴ
649 3749 858 3831 σφόδρα
892 3750 1192 3825 ἐπέπληξεν
1252 3754 1448 3818 αὐτοὺς
1506 3761 1791 3837 πανταχοῖ)
1852 3757 1970 3831 μὲν,

322 3839 560 3911 μάλιστα
587 3838 644 3895 δί
674 3841 726 3897 ἰν
766 3847 845 3914 τῷ
874 3840 1019 3898 τέλει
1048 3850 1148 3911 τῆς
1178 3843 1499 3914 ἐπιστολῆς,
1540 3849 1631 3900 νῦν
1661 3842 1690 3902 δ
1716 3846 1750 3902 ὰ
1788 3846 1974 3904 τοιού-

319 3949 429 3984 των
460 3926 843 4009 ἀπολογεῖται,
876 3932 967 3986 καί
992 3953 1144 4007 φησι·
1190 3935 1290 3989 Διά
1318 3938 1486 3990 τοῦτο
1520 3935 1696 3998 οὕτως
1740 3934 1972 4012 ἒγραψα,

317 4015 391 4080 ὡς
478 4019 821 4094 βουλόμενος
879 4020 1013 4096 ἃχρι
1096 4025 1227 4081 τῶν,
1264 4024 1607 4099 γραμμάτων
1676 4025 1814 4081 εῗναι
1873 4027 1974 4097 τήν

320 4106 655 4180 ἀποτομίαν,
757 4110 850 4164 καὶ
956 4110 1032 4182 μὴ
1139 4110 1191 4166 ἐν
1291 4106 1473 4187 ἔργοις
1567 4110 1970 4189 ἐπιδειχθῆναι.

325 4197 528 4253 «Κατᾶ
598 4199 701 4268 τήν
776 4195 1019 4269 ἐξουσίαν
1096 4198 1162 4269 ἣν
1236 4196 1409 4256 ἔδει.κὲ
1486 4222 1579 4275 μοι
1628 4203 1656 4258 6
1715 4203 1971 4277 Κύριος.»

314 4292 473 4342 Ὠστε
560 4284 656 4343 κᾶν
738 4287 984 4358 κολάζω,
1071 4289 1256 4369 ρησὶν,
1341 4289 1440 4347 οὐκ
1532 4291 1643 4366 ἐγὼ
1727 4290 1973 4364 κολάζω,

299 4371 463 4430 ’ἀλλὰ
521 4372 610 4431 διὰ
686 4376 852 4449 μέσου
927 4376 1085 4451 ἐμοῦ,
1163 4378 1191 4434 6
1266 4378 1465 4448 ταύτην
1547 4400 1642 4453 μοι
1720 4377 1972 4445 δεδωκὼς

316 4463 416 4533 τὴν
445 4463 686 4537 ἐξουσίαν
721 4467 973 4542 Χριστός.
1019 4468 1161 4540 ’Ὅρα
1220 4463 1299 4536 δὲ,
1352 4466 1403 4523 ἂν
1454 4472 1533 4540 τῷ
1559 4465 1972 4543 ἀπολογεῖσθαι,

320 4547 701 4632 φοϐερώτερον
728 4556 820 4611 τὸν
854 4549 1018 4632 λόγον
1047 4554 1361 4634 εἰργάσατο.
1420 4555 1482 4614 Τί
1537 4556 1631 4613 οὗν
1667 4576 1681 4624 ;
1715 4554 1858 4613 ε’ίποι
1889 4578 1972 4619 τις

2082 618 2232 683 ritis,
2266 624 2614 673 contemnes
2641 617 2932 689 supplicia
2963 636 2976 674 :
3010 620 3222 674 anxius
3253 618 3493 691 quidem
3526 626 3583 675 et
3637 638 3732 677 re-

2081 714 2380 779 pugnante
2401 707 2625 767 animo.
2654 707 2912 763 ulcuscar
2959 712 3157 764 tamen
3195 725 3208 762 :
3266 725 3403 764 nam
3428 709 3487 764 id
3544 711 3730 784 magis

2080 804 2419 868 promptum
2452 803 2544 853 est
2575 814 2815 869 sperare
2841 798 2960 853 sive
2988 799 3195 854 vereri.
3227 821 3254 850 «
3286 800 3414 855 Non
3446 816 3563 871 quo
3620 818 3731 857 uos

2080 886 2312 960 probati
2334 903 2783 959 appareamus.»
2810 889 2891 942 Ex
2912 904 2982 943 eo
3006 889 3163 943 enim
3189 888 3344 960 quod
3375 905 3495 944 non
3519 906 3729 961 pecca-

2080 982 2232 1037 rent,
2261 977 2387 1048 jam
2429 977 2757 1049 punitivam
2817 994 2936 1032 non
2996 977 3340 1033 ostenderet
3379 980 3726 1050 potentiam,

2083 1065 2229 1137 quin
2261 1072 2458 1138 potus
2488 1071 2555 1120 ut
2606 1066 2892 1138 reprobus
2941 1072 2999 1122 et
3046 1066 3344 1138 impotens
3383 1068 3725 1125 haberetur.

2085 1177 2111 1204 α
2144 1156 2258 1210 Nos
2278 1171 2413 1210 vero
2445 1156 2602 1211 velut
2632 1156 2887 1228 reprobi.
2925 1177 2954 1205 »
2987 1157 3143 1212 Bene
3211 1156 3336 1212 ait:
3397 1157 3569 1212 Velut
3624 1174 3727 1214 re-

2081 1242 2250 1316 probi
2285 1261 2297 1299 :
2332 1261 2526 1316 neque
2559 1245 2718 1300 enim
2777 1261 2921 1305 vere.
2959 1245 3249 1317 reprobus
3306 1245 3542 1303 futurus
3585 1252 3735 1319 erat,

2082 1333 2238 1406 quod
2284 1350 2405 1389 non
2463 1340 2778 1406 peccantes
2825 1335 3145 1407 puniturus
3208 1350 3330 1390 non
3381 1341 3559 1399 esset,
3615 1336 3734 1392 imo

2081 1422 2337 1479 maxime
2370 1423 2656 1496 probatus
2685 1441 2697 1479 :
2734 1423 2837 1479 sed
2871 1423 2946 1479 ob
2976 1424 3301 1480 multorum
3336 1425 3735 1498 suspicionem

2080 1512 2263 1568 dixit:
2299 1534 2327 1562 ‹‹
2364 1512 2533 1569 Velut
2558 1513 2868 1585 reprobi.»
2899 1545 2966 1554 -
3004 1535 3025 1563 ι
3063 1514 3189 1569 Non
3217 1513 3376 1569 enim
3409 1530 3731 1586 possumus

2079 1601 2405 1675 quidquam
2437 1602 2717 1659 adversus
2745 1604 3073 1660 veritatem.
3110 1624 3134 1652 η
3169 1602 3224 1657 Si
3259 1603 3392 1674 quis
3437 1619 3592 1671 vere,
3645 1604 3729 1660 iu-

2079 1692 2228 1765 quit,
2260 1708 2327 1748 ac
2357 1692 2452 1764 pie
2486 1691 2637 1748 vivat
2665 1694 2822 1757 (nam
2854 1692 3158 1747 veritatem
3188 1698 3355 1748 vocat
3376 1694 3555 1762 {nunc
3611 1694 3733 1767 pie—

2079 1787 2282 1846 tatem,
2345 1786 2625 1853 tanquam
2678 1798 2811 1837 vere
2886 1781 3196 1855 illegitima
3236 1782 3314 1837 sit
3355 1782 3541 1854 impia
3590 1783 3726 1850 vita,

2078 1872 2255 1927 etiam
2284 1871 2331 1927 si
2364 1871 2611 1928 velimus
2643 1872 3003 1945 supplicium
3046 1872 3327 1928 inducere
3358 1873 3678 1943 nequimus
3712 1890 3727 1928 :

2078 1977 2197 2016 non
2232 1961 2389 2016 enim
2422 1967 2775 2033 cooperatur
2822 1962 2995 2023 Deus,
3033 1962 3185 2017 710
3214 1961 3519 2034 Siquidem
3575 1962 3729 2018 nihil

2076 2050 2353 2107 adversus
2381 2051 2687 2106 veritatem
2728 2051 2846 2106 sive
2904 2051 3183 2122 pietatem
3237 2068 3575 2123 possumus,
3622 2050 3727 2108 sed

2077 2156 2182 2212 pro
2213 2141 2343 2212 ipsa
2374 2154 2388 2195 :
2416 2146 2482 2194 ut
2507 2157 2607 2195 eos
2639 2140 2740 2212 qui
2765 2140 2937 2212 juxta
2968 2140 3156 2212 ipsam
3187 2156 3307 2195 non
3330 2141 3555 2206 vivunt,
3585 2157 3724 2214 sup-

2077 2229 2255 2302 plicio
2287 2246 2564 2301 cogamus
2601 2235 2669 2285 ut
2717 2246 2847 2284 eam
2878 2229 3081 2284 velint.
3137 2250 3161 2280 α
3198 2229 3532 2285 Gaudemus
3563 2230 3726 2286 enim

2079 2335 2211 2375 cum
2237 2335 2345 2374 nos
2368 2318 2591 2373 inﬁrmi
2623 2317 2930 2374 fuerimus.
2961 2340 2989 2367 »
3012 2318 3159 2383 Quid
3194 2334 3329 2391 ergo
3359 2317 3389 2373 ?
3417 2318 3728 2386 Quoniam,

2080 2407 2295 2479 inquit,
2325 2407 2503 2462 etiam
2531 2407 2579 2462 si
2606 2407 2779 2462 velim
2810 2423 2931 2461 non
2960 2423 3204 2479 possum
3236 2408 3547 2465 adversum
3577 2410 3732 2466 veri-

2080 2502 2281 2559 tatem,
2316 2512 2457 2552 num
2489 2501 2801 2568 propterea
2849 2496 3021 2552 doleo
3051 2496 3080 2552 ‘2
3130 2499 3534 2569 Nequaquam.
3583 2498 3731 2554 Nam

2082 2586 2308 2660 gaudeo
2339 2602 2475 2641 cum
2508 2601 2618 2640 nos
2648 2584 2980 2641 imbecilles
3002 2585 3318 2640 existimati
3352 2585 3735 2642 fuerimusco

2084 2677 2241 2749 quod
2272 2676 2559 2732 ultionem
2581 2693 2700 2731 non
2725 2675 3115 2731 inducamus:
3148 2692 3249 2730 vos
3308 2681 3505 2730 autem
3539 2676 3739 2744 validi,

2084 2783 2152 2822 eo
2178 2764 2335 2838 quod
2367 2764 2792 2837 comprehendi
2824 2781 2859 2819 a
2887 2780 3019 2819 mea
3039 2763 3303 2835 punitiva
3332 2764 3599 2836 potentia
3620 2780 3741 2820 non
3830 2786 3839 2796 ·

2083 2853 2417 2928 potueritis,
2442 2853 2516 2908 ob
2549 2859 2876 2908 correctam
2907 2853 3103 2907 vitam.
3132 2875 3158 2901 «
3190 2853 3306 2907 Hoc
3338 2858 3537 2908 autem
3569 2853 3734 2909 insu-

2083 2960 2190 3017 per
2218 2950 2515 3015 optamus.
2546 2964 2574 2991 ››
2609 2943 2755 2996 Num
2790 2958 2925 3014 ergo
2944 2941 3134 2995 solum
3157 2940 3482 3014 gaudemus
3502 2942 3530 2997 ‘?
3558 2943 3738 2999 etiam

2084 3038 2357 3104 optamus
2389 3047 2530 3087 sane
2550 3031 2736 3102 magis
2762 3037 3015 3086 vestram
3039 3032 3463 3104 integritatem.
3488 3032 3600 3088 hoc
3624 3038 3735 3099 est,

2084 3126 2150 3176 ut
2177 3119 2345 3192 probi
2378 3119 2717 3176 habeamini
2740 3135 2808 3175 ac
2834 3120 3229 3192 perflciamini
3252 3120 3312 3177 in
3341 3121 3460 3176 vita
3488 3126 3550 3178 et
3578 3122 3739 3177 sanis

2084 3207 2480 3281 dogmatibus,
2514 3224 2693 3280 quam
2717 3214 2782 3263 ut
2809 3225 2919 3264 nos
2950 3209 3243 3281 supplicio
3274 3210 3606 3267 afﬁcientes
3637 3227 3738 3266 eos

2004 3273 2047 3339 ο
2084 3299 2185 3371 qui
2223 3304 2448 3363 errant,
2481 3297 2788 3354 videamur
2819 3315 2949 3355 esse
2978 3305 3277 3371 potentes.

2151 3395 2305 3465 XIII,
2344 3398 2462 3452 10."
2488 3399 2809 3470 Propterea
2836 3397 2965 3453 hac
2994 3397 3210 3455 absens
3240 3399 3459 3466 scribo,
3492 3415 3569 3457 ne
3600 3414 3737 3457 cum

2086 3513 2104 3535 ι
2138 3503 2401 3560 praesens
2424 3486 2841 3559 fuero,rigidus
2858 3503 2970 3543 sim
2994 3488 3163 3559 juxta
3186 3493 3538 3563 potestatem
3555 3504 3734 3561 quam

2082 3598 2110 3627 ‹ι
2145 3575 2472 3633 deditmibi
2497 3576 2871 3632 Dominusin
2912 3575 3370 3635 aedificationem
3405 3584 3464 3632 et
3514 3595 3633 3634 non
3674 3579 3736 3634 in

2079 3687 2105 3716 (ι
2140 3665 2547 3722 abolitionem.
2588 3689 2607 3712 ι

2151 3755 2439 3821 Quoniam
2516 3754 2902 3811 vehementer
2950 3753 3173 3825 ubique
3232 3770 3332 3809 eos
3388 3755 3737 3826 increpavit,

2080 3845 2335 3901 maxime
2358 3845 2631 3901 tamenin
2655 3843 2775 3900 {lue
2802 3842 3066 3915 epistolas
3091 3858 3105 3908 ;
3130 3848 3371 3916 propter
3395 3843 3737 3915 hujusmodi

2079 3952 2239 3992 nunc
2269 3952 2331 3990 se
2361 3940 2623 4001 excusat,
2668 3939 2728 3989 et
2756 3934 2871 3988 ait:
2897 3934 3219 4004 Propterea
3246 3932 3326 3987 ita
3370 3933 3603 4005 scripsi,
3636 3951 3734 3991 vo-

2079 4024 2211 4082 lens
2242 4024 2303 4079 in
2330 4023 2544 4078 litteris
2583 4021 2872 4078 duntaxat
2908 4035 3038 4076 esse
3094 4021 3489 4086 severitatem.
3525 4028 3733 4081 etnon

2080 4110 2361 4182 Operibus
2415 4125 2544 4164 eam
2602 4108 3019 4165 demonstrari.
3082 4129 3112 4158 «
3151 4109 3323 4164 Juxta
3377 4116 3731 4182 potestatem

2081 4214 2259 4271 quam
2287 4196 2617 4253 deditmibi
2649 4196 3001 4252 Dominus.»
3036 4196 3240 4268 Itaque
3273 4199 3321 4252 si
3354 4199 3731 4270 supplicium,

2080 4289 2631 4361 inquit,sumpsero,
2654 4305 2776 4345 non
2805 4302 2911 4360 ego
2932 4303 3164 4344 sumam
3186 4288 3546 4362 supplicium
3581 4307 3594 4345 :
3627 4290 3734 4346 sed

2081 4394 2188 4450 per
2217 4377 2501 4445 medium,
2561 4377 2689 4450 ipse
2735 4378 2836 4449 qui
2898 4377 3052 4434 hanc
3112 4377 3255 4433 mihi
3288 4377 3453 4433 dedit
3482 4384 3737 4450 potesta-

2081 4472 2201 4523 tem
2233 4478 2245 4517 t
2273 4466 2516 4524 bristus.
2551 4468 2878 4525 Considera
2907 4484 3043 4523 vero
3075 4466 3232 4539 quod
3275 4483 3339 4523 se
3399 4468 3733 4526 excusando

2081 4553 2609 4611 formidabiliorem
2640 4555 2979 4612 exhibuerit
2998 4556 3504 4622 sermonemQuid
3535 4573 3674 4632 ergo
3702 4559 3731 4615 ‘2

316 4630 378 4697 ἂν
428 4643 575 4715 αὖτῷ
629 4644 727 4701 Διά
781 4630 946 4701 τοῦτο
1000 4630 1233 4722 εἶ’ληιρας
1296 4646 1561 4718 ἱξουσίαν,
1624 4646 1713 4703 ’ἱνα
1741 4653 1963 4724 τιμωρῇ

2083 4651 2275 4719 posset
2305 4646 2601 4720 quispiam
2633 4646 2745 4719 ipsi
2799 4646 3026 4715 dicere,
3067 4662 3143 4702 an
3175 4646 3251 4702 ob
3283 4646 3342 4702 id
3373 4630 3729 4720 potestatem

316 4729 445 4799 τοὺς
499 4733 821 4805 ἀνθρώπους
889 4735 1018 4796 τοὺς
1090 4736 1208 4791 κατ’
1264 4735 1447 4792 εῗκόνα
1504 4739 1683 4806 Θεοῦς
1745 4736 1835 4792 καὶ
1893 4736 1969 4800 εἷς

314 4819 477 4875 τοῦτό
508 4840 566 4874 σε
594 4820 741 4883 ὅλως
779 4822 1103 4893 κατέστησεν
1163 4826 1191 4880 6
1248 4822 1632 4903 φιλάνθρωπος
1687 4826 1919 4902 Χριστός
1950 4845 1965 4895 ;

314 4908 428 4966 Οὖκ
468 4909 545 4973 εἷς
575 4913 909 4983 καθαίρεσιν,
942 4913 1098 4989 φησὶ,
1125 4914 1217 4969 καὶ
1273 4913 1497 4991 ὄλεθρον
1535 4919 1728 4992 ψυχῶν
1761 4914 1967 4995 εἴληφα

315 4999 413 5065 τήν
454 4997 717 5068 ἐξουσίαν,
749 4998 878 5057 ἀλλ’
918 5001 993 5063 εἰς
1023 4998 1353 5077 οἰκοδομήν.
1388 5004 1535 5062 Αὐτὸ
1563 5007 1663 5080 γὰρ
1709 5011 1872 5062 τοῦτο
1900 5007 1964 5062 16

316 5085 444 5150 τοὺς
475 5085 685 5150 αἷτίους
712 5094 1094 5164 τιμωρεῖσθαι,
1128 5088 1399 5164 οἰκοδομή
1446 5091 1771 5164 Ἐκκλησῖας
1799 5094 1962 5167 ἐστὶν,

318 5175 736 5254 ἀσφαλεστέρων
767 5182 875 5234 τῶν
909 5176 1122 5237 λοιπῶν
1150 5180 1238 5235 καὶ
1273 5175 1680 5258 δοκιμωτέρων,
1723 5180 1810 5240 διὰ
1859 5190 1964 5256 τῆς

313 5265 583 5341 τιμωρίας
613 5263 942 5342 γινομένων.

385 5447 615 5513 Λοιπὸν,
669 5443 919 5526 ἀδελφοὶ,

308 5532 586 5600 καλεῖσθε,

314 5623 444 5686 Θεὸς
499 5629 599 5694 τῆς
662 5623 883 5702 ἀγάπης
935 5625 1024 5681 καὶ
1082 5625 1301 5701 εἰρήνης
1358 5623 1507 5686 ἔσται
1593 5630 1711 5705 μεθ’
1782 5629 1956 5705 ὑμῶν.

308 5712 644 5771 Ἀσπάσασθε
712 5712 996 5786 ἀλλήλους
1081 5712 1133 5771 ἂν
1190 5715 1331 5793 ἁγίῳ
1387 5716 1681 5799 φιλήματι,
1759 5720 1959 5782 Ἀσπά.

1005 5448 1247 5525 χαίρετε,
1326 5450 1726 5525 καταρτίζεσθε,
1784 5473 1960 5527 παρα-

673 5535 736 5592 16
808 5535 934 5590 αὖτὸ
1015 5542 1276 5614 φρονεῖτε,
1356 5537 1679 5613 εῗρηνεόετε.
1769 5542 1871 5600 Καὶ
1930 5542 1959 5597 6

2079 4736 2355 4810 accepisti
2388 4742 2453 4792 ut
2509 4736 2754 4809 punires
2808 4736 3083 4793 homines
3141 4737 3216 4792 ad
3272 4737 3593 4809 imaginem
3625 4735 3728 4792 Dei

2078 4831 2306 4882 creatos
2335 4824 2363 4880 ‘I
2384 4831 2442 4881 et
2470 4826 2543 4881 ad
2574 4825 2686 4882 hoc
2717 4826 2960 4882 omnino
2992 4831 3046 4882 te
3096 4826 3405 4882 constituit
3436 4825 3729 4898 benignus

2076 4914 2389 4970 hominum
2416 4922 2645 4971 amator
2674 4914 2940 4970 Christus
2970 4914 2997 4968 ?
3028 4916 3155 4971 Non
3186 4914 3260 4971 ad
3315 4914 3727 4982 abolitionem,

2076 5003 2287 5075 inquit,
2312 5002 2787 5075 etperditionem
2816 5003 3152 5059 animarum
3205 5004 3408 5077 accepi
3465 5010 3732 5078 potesta-

2075 5092 2325 5161 tem,sed
2352 5093 2424 5149 ad
2456 5093 2932 5149 aediﬁcationem.
2963 5093 3107 5150 Nam
3138 5094 3250 5151 hoc
3276 5094 3727 5168 ipsum,nempe

2071 5184 2301 5258 punire-
2332 5189 2668 5257 peccantes,
2705 5182 3019 5240 mdit'lcatio
3075 5184 3354 5241 Ecclesiae
3413 5190 3522 5250 est,
3580 5185 3722 5241 dum

2072 5273 2270 5330 caeteri
2320 5272 2534 5328 horum
2567 5272 2857 5346 supplicio
2890 5272 3181 5331 firmiores
3234 5291 3303 5332 ac
3349 5274 3718 5347 probatiores

2070 5361 2421 5418 redduntur.

2139 5458 2284 5526 XIII,
2321 5461 2551 5515 11-13.‹‹
2580 5459 2745 5525 Quod
2776 5467 3067 5533 superest,
3099 5457 3713 5534 fratres.gaudeto,in-

2069 5572 2094 5597 α
2115 5547 2260 5621 tegri
2279 5548 2959 5605 estoteconsolationem
2979 5548 3571 5621 accipite,uuanimes
3586 5546 3714 5602 sitis

2068 5662 2095 5690 «
2121 5654 2327 5713 pacem
2346 5636 2644 5708 habete,et
2672 5639 2828 5696 Deus
2856 5637 3162 5697 charitatis
3192 5654 3260 5694 ac
3287 5636 3450 5711 pacis
3472 5636 3585 5693 erit
3614 5652 3714 5693 vo-
3738 5670 3745 5679 ι

2067 5753 2093 5780 ε(
2114 5727 2630 5787 hiscum.Salutate
2654 5746 2754 5786 vos
2772 5735 2975 5786 mutuo
2992 5732 3197 5786 sancto
3219 5725 3719 5787 osculo.Salutant
