4106 6196
531 388 685 449 1087

1610 376 1856 439 (ΕΟοΜ
1870 375 2027 436 ENII
2072 375 2376 438 TRICCAE
2424 378 2792 442 EPISCOPI.

3761 389 3878 448 1088

524 543 551 569 α
589 519 777 578 sancti
808 513 1238 572 omnes.Gratia
1256 512 1490 568 Domini
1516 512 1658 568 Iesu
1683 511 1826 567 771
1865 507 2150 578 Christi,e

2296 513 2472 578 ζονται
2527 510 2668 583 ὑμᾶς
2728 513 2780 568 οἱ
2838 513 2985 590 ἅγιοι
3046 515 3258 578 πάντες.
3318 516 3380 574 Ἦ
3453 517 3614 592 χάρις
3667 523 3752 575 τοῦ
3805 527 3887 577 Κυ-

527 607 842 662 «Charitas
877 604 1074 662 Dei.et
1101 602 1560 658 communicatio
1591 601 1846 674 Spiritus
1878 600 2067 656 sancti
2103 600 2179 656 sit

521 720 550 750 ‹‹
586 714 719 754 cum
752 695 1030 752 omnibus
1056 695 1238 751 vobis.
1273 698 1480 750 Amen.
1517 716 1544 743 »

588 877 909 945 Postquam
944 890 1070 943 ego.
1097 874 1312 946 inquit.
1346 872 1504 945 quod
1535 888 1733 928 meum
1767 876 1856 926 est
1877 870 1987 926 feci
2024 871 2175 937 ;hoc

515 971 625 1032 est,
645 966 963 1020 consilium
989 965 1125 1021 dedi
1157 983 1224 1020 ac
1259 965 1517 1020 minatus
1544 981 1672 1020 sum
1705 981 1717 1019 :
1755 963 2052 1036 reliquum
2087 967 2174 1018 est

516 1062 583 1111 ut
613 1063 670 1111 et
697 1073 796 1112 vos
835 1073 966 1128 quae
1026 1062 1218 1112 vestra
1267 1061 1406 1111 sunt
1462 1055 1799 1117 conferatis,
1843 1071 2058 1125 nempe
2109 1059 2174 1110 ut

511 1144 840 1219 gaudeatis.
875 1146 1216 1203 Gaudebitis
1273 1151 1470 1202 autem
1525 1143 1796 1211 correcti,
1832 1150 1889 1198 et
1924 1160 2083 1199 nunc
2112 1153 2171 1205 et

513 1234 578 1291 in
611 1236 894 1291 futurum.
929 1257 956 1283 «
1004 1235 1282 1290 Gaudete.
1346 1257 1374 1283 ››
1425 1234 1688 1289 Scientes
1737 1233 1895 1306 quod
1929 1250 1999 1290 ea
2038 1249 2169 1306 quas

513 1325 914 1380 comminatus
947 1341 1100 1389 sum,
1134 1340 1326 1396 neque
1381 1325 1492 1379 hoc
1523 1323 1696 1395 cupio
1726 1341 1738 1378 :
1778 1323 1922 1394 quin
1983 1323 2168 1396 magis

512 1414 738 1487 refugio
771 1431 844 1469 ne
879 1413 1042 1479 ﬁant,
1078 1415 1336 1469 minatus
1367 1421 1587 1480 autem,
1619 1420 1683 1468 ut
1739 1414 1986 1468 correcti
2021 1413 2169 1471 nihil

511 1507 678 1559 triste
709 1503 1044 1575 patiamini,
1098 1503 1230 1557 ideo
1263 1503 1530 1575 gaudete.
1568 1525 1593 1550 «
1645 1502 1860 1575 Integri
1895 1509 2098 1558 estote.
2135 1526 2164 1553 »

511 1594 631 1650 Hoc
665 1593 1026 1664 est,perfecti
1061 1592 1212 1662 sitis,
1247 1592 1539 1664 complete
1571 1609 1640 1648 ea
1669 1609 1800 1663 qum
1833 1591 2068 1656 desunt,
2102 1593 2163 1647 in

513 1682 721 1738 virtute
780 1680 1194 1752 perﬁciamini,
1231 1687 1287 1736 et
1318 1688 1529 1737 czetera
1568 1681 1761 1737 facite.
1796 1683 1940 1738 Nam
1981 1682 2030 1736 si
2063 1698 2163 1737 vos

511 1770 638 1826 haec
670 1771 1018 1842 operemini,
1055 1787 1176 1826 non
1218 1771 1412 1826 solum
1443 1770 1594 1826 nihil
1623 1786 1794 1844 grave
1826 1771 2159 1844 patiemini,

3873 611 3885 630 ἢ

2291 597 2408 670 ρίου
2441 599 2624 670 Ἰησοῦ
2684 603 2950 678 Χριστοῦ,
3009 604 3098 658 καὶ
3147 607 3181 674 ἡ
3241 604 3424 680 ἀγάπη
3485 609 3580 660 τοῦ
3634 612 3774 676 Θεοῦ,
3820 611 3888 666 καὶ

2287 689 2322 756 ἡ
2355 689 2613 744 κοινωνία
2641 695 2738 745 τοῦ
2769 692 2928 768 ἁγίου
2960 694 3296 766 Πνεύματος,
3345 695 3486 769 μετὰ
3518 696 3720 751 πάντων
3750 699 3886 770 ὑμῶν.

2288 775 2483 849 Ἀμήν.

2358 869 2508 925 Μετὰ
2537 871 2598 926 τὸ
2631 869 2750 945 ἐμὲ,
2784 873 2940 950 φησὶ,
2971 873 3033 928 τὸ
3087 872 3323 948 ἐμαυτοῦ
3371 882 3626 945 ποιῆσαι,
3667 876 3888 948 τουτέστι,

2287 954 2716 1031 συμϐουλεύσω,
2778 961 3096 1032 ἀπειλῆσαι,
3165 962 3473 1020 ὑπόλοιπόν
3533 965 3641 1021 ἔστι
3694 969 3777 1036 τὸ,
3823 972 3891 1025 καὶ

2287 1047 2430 1120 ὑμᾶς
2469 1050 2534 1104 τὰ
2565 1050 2655 1128 ἀφ’
2699 1052 2849 1124 ὑμῶν
2902 1051 3309 1128 συνεισενέγκαι.
3367 1055 3446 1108 Τὸ
3519 1051 3576 1110 δὲ
3628 1054 3750 1122 ἐστι,
3800 1060 3894 1132 χαί.

2283 1158 2422 1215 ρετε·
2459 1142 2767 1214 χαρήσεσθε
2797 1139 2854 1198 δὲ
2886 1139 3289 1216 διορθούμενοι,
3318 1149 3411 1198 νῦν
3473 1164 3555 1215 τε,
3612 1144 3698 1199 καὶ
3745 1144 3789 1201 ἰν
3835 1153 3891 1221 τῷ

2285 1225 2570 1299 μέλλοντι.
2605 1255 2632 1281 ι(
2668 1232 2914 1304 Χαίρετε.
2952 1256 2980 1284 ››
3005 1233 3282 1297 Μαοόντες
3315 1233 3396 1288 ὅτι
3461 1233 3602 1308 ἆπερ
3641 1234 3891 1305 ἠπείλησα,

2283 1318 2394 1398 οὐχ
2418 1317 2506 1374 ’ίνα
2535 1322 2753 1391 ποιήσω
2794 1321 3098 1393 ἠπείλησα,
3159 1322 3282 1379 ούδὶ
3339 1322 3491 1379 θέλω
3550 1328 3728 1389 τοῦτο,
3781 1322 3892 1381 ἀλλὰ

2279 1408 2368 1463 καὶ
2401 1409 2714 1490 ἀπεύχομαι
2756 1413 3022 1485 γενέσθαι.
3089 1413 3389 1485 Ἠπεῖλησα
3450 1411 3511 1468 δὲ
3562 1412 3653 1467 ἳνα
3706 1411 3890 1488 διορθω-

2279 1498 2477 1568 θέντες,
2515 1499 2684 1573 μηδὲν
2738 1501 2957 1576 ἀνιαρὸν
3013 1501 3241 1573 πάθητε.
3297 1504 3389 1559 Διὸ
3456 1503 3703 1579 χαίρετε,
3733 1529 3756 1554 ‹‹
3787 1511 3891 1559 Κιτ-

2277 1587 2577 1662 αρτίζεσθε,
2613 1613 2640 1640 ››
2703 1591 2869 1646 οἱονεὶ
2919 1588 3124 1647 τέλειοι
3163 1593 3394 1667 γίνεσθε,
3431 1591 3801 1664 ἀναπληροῦτε
3843 1596 3890 1648 τὰ

2278 1674 2562 1746 λείποντα,
2595 1677 2646 1734 ἐν
2696 1680 2862 1756 ἀρετῇ
2891 1679 3220 1753 τελειοῦσθε,
3253 1682 3341 1737 καὶ
3401 1679 3590 1738 τᾶλλα
3646 1683 3884 1757 πράττετε.

2274 1768 2458 1822 Ταῦτα
2484 1769 2584 1844 γὰρ
2620 1769 2771 1844 ὑμῶν
2805 1771 3236 1846 κατορθούντων,
3279 1771 3340 1827 οὐ
3376 1773 3550 1847 μόνον
3581 1768 3729 1828 ούδέν
3754 1769 3888 1828 δεινὸν

507 1862 896 1918 verumetiam
956 1863 1109 1918 Deus
1167 1862 1471 1917 charitatis
1529 1879 1595 1917 ac
1653 1862 1814 1934 pacis
1875 1863 1987 1918 erit
2059 1880 2156 1917 vo-

2269 1855 2533 1922 πείσεσθε,
2557 1856 2703 1914 ἀλλᾶ
2734 1859 2823 1914 καὶ
2855 1860 2883 1914 ὁ
2916 1860 3046 1923 Θεὸς
3078 1867 3177 1931 τῆς
3211 1862 3428 1939 ἀγάπης
3490 1861 3583 1917 καὶ
3644 1868 3739 1930 τῆς
3768 1860 3890 1933 εἴπ’·

505 1952 757 2009 hiscum.
797 1976 816 2002 ε
875 1953 1355 2010 Consolationem
1417 1952 1684 2024 accipite.
1749 1975 1778 2002 »
1871 1953 2162 2018 Quoniam

504 2042 708 2099 multa:
739 2048 910 2098 erant
941 2043 1413 2106 afﬂictiones.ait
1446 2060 1458 2098 :
1494 2042 1974 2098 Consolationem
2007 2043 2162 2100 acci-

503 2133 623 2206 pite
655 2139 776 2189 eta
818 2133 982 2188 vobis
1013 2134 1156 2206 ipsis
1206 2139 1264 2188 et
1315 2133 1387 2190 ab
1438 2134 1618 2190 aliis:
1675 2140 1964 2206 praeterea
2015 2139 2073 2188 et
2129 2150 2164 2188 a

503 2223 872 2279 conscientia
891 2223 965 2278 ad
996 2224 1307 2279 meliorem
1342 2224 1734 2280 mutationem
1765 2225 2033 2279 animum
2068 2238 2160 2280 su-

506 2313 667 2368 mite.
708 2334 736 2362 ‹‹
795 2316 1005 2369 Pacem
1059 2313 1290 2368 habete.
1329 2335 1356 2362 ››
1417 2315 1535 2369 Hoc
1583 2314 1644 2368 in
1676 2313 1892 2386 prioris
1923 2329 2158 2385 quoque

503 2404 769 2477 epistola
802 2402 1042 2458 exordio
1101 2402 1304 2474 petivit
1336 2419 1348 2456 :
1383 2401 1754 2459 dissidebant
1811 2403 1969 2458 enim
2003 2403 2160 2458 inter

498 2511 581 2551 se.
615 2493 766 2560 Quid
798 2509 934 2564 ergo
984 2492 1202 2563 cupit?
1233 2497 1296 2548 ut
1338 2491 1495 2547 idem
1532 2493 1825 2548 sentirent
1861 2499 1918 2548 et
1950 2509 2155 2565 pacem

496 2584 788 2640 haberent
821 2583 995 2654 :quia
1025 2581 1493 2652 contingitidem
1519 2582 1738 2637 sentire
1762 2581 1821 2636 in
1842 2580 2154 2655 dogmatis,

496 2689 618 2730 non
650 2679 849 2730 tamen
876 2687 1080 2743 pacem
1099 2678 1304 2726 mutuo
1328 2670 1603 2726 habere.«
1627 2673 1696 2726 Et
1727 2672 1878 2726 Deus
1899 2671 2154 2728 charita-

495 2765 592 2820 tis.
627 2785 655 2814 ιο
698 2765 853 2819 Deus
883 2763 1220 2834 appellatur
1243 2764 1396 2819 Deus
1411 2763 1717 2818 cbaritatis
1746 2762 1864 2818 sive
1886 2763 2148 2819 dilectio-

495 2854 612 2915 nis.
650 2870 719 2910 eo
750 2853 908 2924 quod
969 2869 1076 2909 nos
1125 2853 1398 2908 dilexerit
1430 2868 1442 2906 :
1478 2853 1641 2924 pacis
1699 2868 1834 2908 vero
1893 2869 1962 2908 eo
1995 2851 2155 2924 quod

494 2942 931 3015 pacejunxerit
959 2941 1221 2998 cmlestia
1280 2942 1554 2996 terrenis.
1584 2943 1664 2995 Ex
1695 2941 2016 2996 dilectione
2047 2957 2154 2996 au-

493 3035 614 3089 tem
666 3037 756 3088 est
803 3049 934 3104 pax.
964 3031 1019 3085 Si
1055 3032 1201 3098 haec,
1227 3030 1442 3104 inquit.
1478 3030 1757 3094 feceritis,
1809 3030 1923 3085 erit
1966 3029 2152 3086 vobis-

490 3138 626 3178 cum
644 3123 816 3177 Deus.
851 3124 966 3178 Aut
991 3127 1119 3176 orat
1148 3129 1215 3178 ut
1245 3122 1326 3176 ita
1366 3121 1487 3177 flat.
1547 3145 1574 3170 «
1617 3121 1829 3176 Sancto
1861 3121 2084 3177 osculo.
2119 3143 2148 3170 »

2272 1965 2393 2015 νης,
2451 1941 2599 2002 ἔσται
2663 1949 2780 2019 μεθ’
2837 1949 3013 2022 ὑμων.
3074 1975 3102 2002 ‹‹
3155 1949 3584 2026 Παρακαλεῖσθε.
3620 1975 3648 2003 ι)
3702 1949 3886 2018 Ἐπειδή

2271 2031 2478 2089 πολλοῖ
2514 2035 2650 2105 ἦσαν
2680 2037 2730 2091 οἱ
2760 2041 3076 2114 πειρασμοῖ,
3138 2041 3290 2119 φησὶ,
3351 2039 3775 2117 ΙΙαρακαλεῖσΘε,
3820 2040 3888 2094 καὶ

2273 2123 2356 2202 ὑφ’
2386 2124 2610 2194 ἑαυτῶν,
2643 2127 2733 2180 καὶ
2794 2128 2897 2183 ὑπὸ
2929 2127 3136 2186 ἀλλων.
3171 2131 3293 2187 Ἔτι
3339 2152 3399 2186 τε
3461 2131 3570 2187 ὑπό
3625 2137 3720 2199 τῆς
3748 2149 3886 2184 συνει-

2271 2211 2502 2286 δήσεως,
2539 2216 2614 2278 εἷς
2665 2216 2867 2291 βελτίω
2928 2215 3241 2293 μεταϐολὴν
3297 2223 3723 2298 παραμυθεῖσθε.
3754 2245 3778 2273 (ι
3813 2221 3888 2278 Εἷ-

2269 2304 2540 2376 ρηνεύετε,
2602 2330 2629 2358 ››
2691 2311 2864 2365 Τοῦτο
2920 2311 3009 2364 καὶ
3069 2309 3121 2365 ἐν
3183 2315 3250 2386 τῇ
3310 2314 3508 2388 πρώτῃ
3553 2309 3800 2384 ἐπιστολῇ
3847 2308 3884 2365 ἐν

2268 2397 2586 2470 προοιμίοις
2635 2393 2828 2472 ᾔτησε.
2891 2402 3269 2470 Διεστασίαζον
3327 2404 3434 2479 γὰρ
3489 2403 3629 2478 πρὸς
3687 2402 3886 2468 ἑαυτούς,

2266 2485 2332 2542 Τί
2365 2482 2422 2542 δὲ
2453 2485 2760 2562 βούλεται;
2819 2489 2881 2544 τό
2938 2509 2997 2545 τε
3050 2490 3114 2544 τὸ
3153 2489 3284 2547 αὑτὸ
3327 2496 3572 2570 φρονεῖν,
3625 2491 3711 2546 καὶ
3764 2489 3876 2564 εἰρη,

2266 2574 2454 2640 νεύειν,
2499 2577 2583 2632 ὅτι
2613 2572 2690 2631 ἔνι
2719 2577 2782 2632 τὸ
2811 2578 2942 2633 αὐτὸ
2975 2579 3071 2651 μὶν
3100 2585 3320 2658 φρονεῖν
3373 2580 3426 2636 ἐν
3486 2588 3608 2643 τοῖς
3666 2578 3880 2655 δόγμασι.

2269 2665 2346 2739 μὴ
2390 2664 2680 2740 είρηνεύειν
2735 2664 2792 2722 δὲ
2849 2669 2984 2742 πρὸς
3038 2669 3279 2734 ἑαυτούς.
3329 2695 3356 2722 ‹‹
3401 2671 3508 2728 Καὶ
3569 2672 3597 2726 ό
3628 2672 3749 2731 Θεὸς
3801 2676 3880 2737 τῆς

2264 2754 2498 2830 ἀγάπης·
2531 2780 2558 2809 ³
2595 2758 2723 2818 θεὸς
2779 2759 3000 2836 ἀγάπης
3050 2760 3079 2814 ὃ
3132 2760 3261 2822 Θεὸς
3290 2760 3656 2836 χρηματίζει,
3706 2758 3786 2816 διὰ
3830 2758 3876 2812 τὸ

2264 2844 2603 2920 ἠγαπηκέναι
2633 2849 2803 2918 ἡμᾶς’
2839 2847 3065 2923 εἰρήνης
3095 2845 3172 2917 δί,
3235 2845 3325 2904 διὰ
3373 2851 3438 2905 τὸ
3490 2850 3785 2924 είρηνεῦσαι
3831 2847 3878 2901 τὰ

2264 2931 2315 2986 ἐν
2349 2933 2563 3009 οὐρανῷ
2590 2940 2706 2995 τοῖς
2749 2934 2802 2990 ἐν
2832 2941 2925 3011 γῇ.
2971 2938 3064 2994 Ἐκ
3095 2935 3152 2993 δὲ
3188 2945 3287 3008 τῆς
3345 2938 3591 3014 ἀγᾶπης,
3616 2943 3650 3010 ἡ
3697 2938 3872 3014 εῗριξνη.

2261 3023 2410 3090 Ἐᾶν,
2445 3025 2602 3104 φησὶ,
2642 3029 2808 3080 ταῦτα
2837 3034 3054 3097 ποιῆτε,
3095 3021 3244 3083 ἔσται
3297 3032 3416 3102 μεθ’
3469 3031 3628 3103 ὑμῶν
3677 3029 3704 3084 ό
3755 3027 3874 3089 Θεὸς-

2261 3113 2296 3182 ﬁ
2328 3112 2636 3190 ἐπεύχεται.
2673 3141 2701 3168 (ι
2763 3118 2848 3172 Ἐν
2908 3117 3046 3192 ἁγίῳ
3105 3116 3404 3197 φιλήματι.
3440 3145 3466 3170 )›
3536 3122 3622 3189 Μὴ
3670 3116 3872 3188 ὑπούλῳ,

489 3212 615 3266 Νοη
650 3210 1100 3280 doloso,inquit,
1126 3216 1182 3265 et
1214 3209 1614 3276 fraudulento,
1647 3208 2147 3280 quemadmodum

2266 3204 2416 3282 φησὶ,
2449 3204 2538 3259 καὶ
2567 3202 2803 3281 δολερῷ,
2837 3206 2910 3270 ὡς
2933 3207 2962 3261 ὁ
3004 3204 3234 3269 Ἰούδας.
3269 3209 3365 3264 Διά
3404 3215 3572 3266 τοῦτο
3605 3207 3660 3264 δὲ
3714 3206 3872 3285 ιριλοῦ-

486 3300 679 3355 Jndas.
723 3302 1047 3371 Propterea
1077 3306 1278 3354 autem
1326 3299 1766 3364 deosculamur,
1800 3305 1866 3353 ut
1897 3298 2147 3355 suscite-

488 3404 625 3443 mus
657 3403 796 3459 erga
826 3404 933 3442 nos
957 3388 1115 3458 ipsos
1146 3404 1428 3442 amorem.
1472 3411 1498 3437 «
1533 3388 1804 3442 Salutant
1833 3404 1934 3442 vos
1965 3387 2154 3443 sancti

491 3491 719 3531 omnes.
776 3496 804 3522 »
860 3476 1191 3529 Prmsentes
1251 3474 1492 3544 quidem
1553 3476 1758 3532 osculo
1815 3475 2150 3549 conjungit,

483 3565 769 3620 absentes
791 3579 924 3618 vero
958 3562 1316 3618 salutatione
1364 3569 1422 3618 et
1450 3563 1734 3635 alloquio.
1771 3565 1915 3620 Nam
1947 3564 2018 3619 ab
2051 3581 2147 3619 eo-

498 3653 634 3709 dem
665 3652 904 3708 interim
929 3668 1029 3707 ore
1053 3651 1382 3723 procedunt
1403 3652 1678 3707 salutatio
1711 3658 1769 3707 et
1802 3653 2146 3724 alloquium.

495 3764 524 3794 ιι
556 3742 752 3799 Gratia
779 3742 1012 3798 Domini
1041 3743 1179 3798 Jesn
1225 3741 1438 3797 Christi
1499 3763 1524 3789 »
1557 3742 1878 3812 Postquam
1938 3759 2147 3798 omnes

491 3833 820 3902 conjunxit,
847 3849 1024 3902 quem
1057 3849 1229 3888 suum
1279 3847 1407 3886 mor
1434 3848 1503 3883 -m
1539 3830 1716 3886 etiam
1771 3847 1929 3887 nunc
1956 3838 2150 3888 servat

488 3929 765 3999 precatur
784 3923 870 3982 eis
899 3924 1086 3991 gratia
1120 3923 1250 3982 ﬁlii.
1273 3939 1387 3995 qua
1404 3921 1592 3977 salvos
1623 3937 1732 3978 nos
1763 3921 1902 3977 fecit
1957 3923 2148 3995 gratia

491 4015 723 4072 occisus
755 4032 858 4086 pro
892 4015 1086 4081 nobis,
1123 4021 1180 4071 et
1215 4029 1334 4071 non
1366 4019 1608 4086 propter
1664 4030 1845 4086 opera
1898 4019 2137 4070 nostra:

492 4109 551 4160 et
579 4104 928 4161 charitatem
951 4104 1074 4168 Dei,
1110 4119 1227 4175 qua
1257 4121 1365 4159 nos
1396 4103 1626 4164 dilexit.
1667 4103 1804 4160 dato
1835 4120 1941 4176 pro
1972 4101 2144 4158 nobis

492 4194 642 4250 112
669 4193 977 4266 Unigenito
1003 4210 1016 4246 :
1040 4193 1643 4249 communicationem
1666 4193 1917 4266 Spiritus
1931 4194 2140 4259 sancti,

485 4283 599 4341 hoc
629 4290 740 4351 est,
773 4283 1289 4356 participationem
1322 4284 1450 4356 ejus
1482 4288 1539 4338 et
1571 4284 2000 4357 acceptionem.
2034 4299 2142 4356 per

485 4389 664 4446 quam
682 4389 890 4430 omnes
913 4373 1358 4430 sanctificamur
1387 4373 1448 4428 in
1481 4373 2000 4445 superventionem
2030 4374 2143 4429 Pa-

481 4463 692 4520 racleti
719 4463 820 4520 Dei
853 4463 1124 4535 Spiritus.

487 4587 660 4656 Finis,
693 4589 883 4644 divino
931 4591 1148 4656 favente
1198 4589 1435 4652 auxilio,
1474 4590 1792 4657 posterioris
1848 4589 1922 4644 ad
1949 4589 2138 4646 Corin-
2166 4582 2212 4648 D

1079 4661 1218 4716 thios
1257 4659 1536 4731 Epistola.

590 4761 763 4835 Missa
795 4784 886 4834 est
915 4795 949 4833 a
997 4777 1286 4850 Philippis
1339 4793 1446 4848 per
1474 4775 1668 4832 Titum
1700 4781 1759 4831 et
1787 4775 2025 4832 Lucam.

2262 3314 2382 3366 μεν,
2413 3294 2503 3349 ἳνα
2540 3294 2984 3370 ἀναζωπυρῶμεν
3036 3297 3135 3364 τὴν
3178 3298 3315 3372 πρὸς
3381 3299 3608 3363 ἑαυτοὺς
3669 3297 3866 3374 ἀγάπην.

2260 3405 2287 3432 ‹‹
2322 3384 2686 3453 Ἀσπάζονται
2729 3386 2868 3458 ὑμᾶς
2925 3387 2976 3442 οἱ
3037 3385 3186 3460 ἅγιοι
3245 3388 3438 3450 πάντες
3527 3414 3554 3441 »ι
3615 3387 3747 3448 Τοὺς
3793 3385 3866 3459 μὶν

2256 3473 2527 3546 παρόντας
2589 3471 2676 3528 διὰ
2724 3474 3044 3555 φιλήματος
3103 3479 3374 3547 συνάπτει,
3407 3477 3539 3541 τοὺς
3590 3476 3644 3535 δὲ
3673 3477 3866 3534 ἀπόντας

2257 3559 2344 3616 διὰ
2376 3566 2750 3640 προσρήσεως.
2813 3566 2945 3624 Ἀπὸ
3001 3568 3105 3643 γὰρ
3162 3573 3260 3624 τοῦ
3315 3570 3484 3626 αὐτοῦ
3518 3571 3726 3646 πρόεισι
3770 3565 3865 3621 στόο

2257 3671 2446 3722 ματος,
2482 3651 2511 3706 ὅ
2539 3673 2597 3707 τε
2625 3653 2911 3729 ἀσπασμὸς
2947 3656 3037 3710 καὶ
3098 3659 3132 3724 ἡ
3192 3658 3522 3732 πρόσρησις.
3559 3684 3586 3711 ιι
3624 3659 3684 3714 Ἦ
3734 3656 3862 3731 χάρις

2250 3743 2346 3794 τοῦ
2378 3743 2582 3816 Κυρίου
2644 3745 2802 3815 ἡμῶν
2863 3745 3046 3814 Ἰησοῦ
3100 3749 3366 3821 Χριστοῦ.
3411 3770 3440 3798 ››
3502 3743 3720 3813 Ἐπειδὴ
3771 3764 3861 3798 6W-

2251 3832 2388 3903 ἧψεν
2467 3831 2730 3900 ἅπαντας,
2778 3831 2909 3909 ὅπερ
2995 3826 3115 3898 ἔθος
3173 3835 3344 3907 αὐτῷ,
3404 3836 3494 3891 καὶ
3555 3841 3644 3892 νῦν
3721 3835 3855 3896 ποιεῖ,

2250 3919 2539 3999 ἐπεύχεται
2568 3922 2757 3984 αὐτοῖς
2800 3924 2898 3992 τήν
2931 3925 3091 4000 χάριν
3149 3929 3247 3980 τοῦ
3304 3927 3453 3992 Υἱοῦ,
3516 3925 3589 3984 δι’
3616 3929 3677 3996 ἧς
3700 3920 3856 3986 ἔσωσε.

2249 4011 2438 4086 χάριτι
2468 4011 2556 4064 καὶ
2589 4013 2651 4066 οὐ
2685 4011 2755 4067 δι’
2785 4008 2918 4089 ἔργα
2948 4018 3108 4086 ἡμῶν
3141 4017 3363 4097 σφαγεὶς
3404 4019 3538 4093 ὑπὲρ
3597 4021 3760 4092 ἡμῶν,
3785 4010 3852 4068 διιῖ

2247 4101 2346 4168 τήν
2369 4099 2588 4175 ἀγάπην
2619 4105 2715 4155 τοῦ
2750 4105 2957 4178 ΙΙατρὸς
2988 4105 3054 4175 ἣν
3084 4107 3364 4180 ἠγάπησεν
3395 4109 3571 4181 ἡμᾶς,
3609 4109 3695 4164 τὸν
3726 4123 3852 4179 povo-

2245 4197 2372 4267 γενῆ
2410 4187 2535 4253 δοὺς
2563 4192 2697 4266 ὑπὲρ
2737 4195 2921 4265 ἡμῶν,
2958 4195 3062 4252 Καὶ
3121 4197 3219 4266 τήν
3281 4199 3567 4256 κοινωνίαν
3601 4201 3692 4254 τοῦ
3730 4193 3851 4268 ἁγίου

2249 4279 2581 4352 Πνεύματος,
2615 4283 2732 4336 οἷον
2765 4285 2865 4351 τήν
2907 4287 3154 4359 μετοχὴν
3216 4285 3380 4342 αὐτοῦ
3419 4289 3508 4343 καὶ
3568 4285 3852 4363 μετάληψιν,

2247 4367 2316 4425 δι’
2348 4373 2414 4440 ἧς
2445 4371 2639 4432 πάντες
2671 4371 3023 4447 ἀγιαζόμεθα,
3049 4371 3102 4429 ἐν
3133 4378 3202 4450 τῇ
3259 4373 3606 4454 ἱπιφοιτήσει
3660 4378 3745 4432 τοῦ
3770 4390 3850 4426 πα·

2249 4459 2529 4534 ρακλτςτου
2569 4465 2702 4517 Θεοῦ
2730 4465 2825 4516 τοῦ
2856 4460 3173 4536 Πνεύματος

2421 4584 2610 4652 Τέλος,
2669 4584 2762 4640 σὺν
2821 4589 2960 4666 Θεῷ.
2992 4593 3092 4654 τῆς
3113 4589 3258 4666 πρὸς
3302 4592 3625 4666 Κορινθίους
3662 4591 3708 4666 β’

2881 4658 3238 4728 Ἐπιστολῆς.

2356 4775 2597 4852 Ἐγράιρη
2659 4774 2766 4830 ἀπὸ
2799 4771 3120 4850 Φιλίππων,
3151 4773 3239 4834 διὰ
3270 4778 3435 4838 Τίτου
3461 4781 3555 4838 καὶ
3585 4781 3764 4847 Λουκᾷ.
