4128 6192
383 293 536 401 4099'

1443 338 1848 398 COMMENT.
1899 337 1985 398 IN
2021 336 2280 398 'EPIST.
2329 337 2428 396 AD
2471 341 2756 400 GALAT.

3631 341 3788 404 1090

377 466 3784 516 Μ

1635 639 2521 770 ΥΠΟΘΕΣΙΣ

993 898 1234 991 ΤΗΣ
1328 897 1653 992 ΠΡΟΣ
1751 895 2310 992 ΓΑΛΑΤΑΣ
2398 898 3145 996 ΕΠΙΣΤΟΛΗΣ.

1483 1284 2681 1409 ARGUMENTUM

1281 1507 1912 1604 EPISTOLE
2005 1506 2168 1600 AD
2263 1507 2843 1616 GALATAS.

416 1865 631 1936 Ταύτην
665 1862 976 1920 ἐπιστέλλει
1027 1866 1130 1920 ἀπὸ
1188 1866 1432 1939 Ῥώμης,
1490 1865 1744 1940 ἑωρακὼς
1803 1863 1997 1926 αὐτοὺς

2194 1864 2344 1919 718
2371 1865 2527 1920 Hanc
2546 1865 2619 1920 ab
2651 1864 2794 1921 urbe
2815 1866 2997 1921 Roma
3012 1866 3518 1940 scribit,cumjam
3532 1870 3773 1928 vidisset

342 1951 454 2025 ἤδη
512 1955 604 2009 καὶ
672 1951 911 2028 διδάξας.
998 1955 1059 2010 ῚΙ
1119 1952 1175 2010 δὲ
1219 1956 1489 2032 πρόφασις
1542 1962 1641 2024 τῆς
1685 1952 2003 2024 ἐπιστολῆς,

341 2044 501 2114 αὕτη·
539 2041 898 2120 Διδαχθὲντες
939 2043 1122 2108 καλῶς
1158 2046 1208 2100 οἱ
1242 2043 1476 2100 Γαλάται
1509 2045 1654 2120 παρᾶ
1707 2047 1806 2100 τοῦ
1838 2046 2001 2102 Ἀπο-

349 2131 570 2202 ato/.09,
631 2132 720 2187 καὶ
780 2133 1156 2195 πιστεύσαντες
1200 2133 1437 2209 γνησίως
1493 2130 1569 2196 εἲς
1625 2134 1716 2188 τὸν
1770 2134 1999 2206 Χριστὸν

349 2217 815 2296 ἀποδημήσαντος
898 2225 995 2277 τοῦ
1098 2221 1491 2296 Ἀποστόλου,
1576 2223 1998 2298 ὑφηρπάσθησαν

350 2313 497 2387 παρά
562 2316 746 2383 τινῶν,
833 2310 974 2368 ὥστε
1054 2313 1489 2387 περιτέμνεσθαι.
1575 2317 1754 2368 Ταῦτα
1825 2312 2001 2368 τοίνυν

350 2400 532 2473 μαθὼν
563 2401 590 2456 ὁ
623 2399 980 2474 Ἀπόστολος,
1011 2401 1207 2478 γράφει
1253 2402 1391 2475 πρὸς
1445 2400 1659 2465 αὐτοὺς.
1716 2401 1812 2458 Καὶ
1843 2406 1999 2478 πρῶ-

342 2509 436 2544 τον
484 2489 600 2562 μὶν,
662 2494 926 2566 μαρτυρεῖ
979 2491 1163 2552 αὑτοῖς
1220 2492 1345 2564 περὶ
1404 2490 1470 2560 ἧς
1529 2491 1682 2567 εἶχον
1738 2491 1996 2563 πίστεως,

350 2577 440 2632 καὶ
482 2578 708 2652 γνησίας
739 2577 790 2634 ἐν
848 2581 1066 2655 Χριστῷ
1127 2577 1432 2644 διαθέσεως.
1497 2577 1864 2655 Μὲμφεταιδὶ
1921 2581 1994 2643 ὡς

360 2665 606 2737 ἀνοήτως
664 2669 965 2743 πράξαναας
1021 2668 1109 2724 καὶ
1169 2665 1692 2743 μεταϐαλλομένους
1779 2668 1993 2732 αὐτούς.

345 2756 567 2812 Ἔπειτα
597 2753 958 2831 διαλαμϐάνει
1007 2759 1128 2834 περὶ
1191 2762 1287 2813 τοῦ
1340 2759 1539 2831 νόμου,
1581 2759 1669 2813 καὶ
1719 2765 1819 2829 τῆς
1861 2760 1997 2814 κατὰ

340 2844 431 2899 τὸν
497 2840 742 2922 Ἀϐραὰμ
796 2848 1052 2910 πίστεως.
1117 2848 1218 2905 Καὶ
1278 2846 1656 2904 ἀποδείκνυσιν
1715 2847 1774 2904 ἔκ
1810 2870 1869 2904 τε
1898 2853 1994 2905 τοῦ

338 2935 532 3007 νόμου,
577 2937 664 2990 καὶ
723 2941 830 2991 τῶν
881 2942 1145 3013 γυναικῶν
1191 2942 1288 2992 τοῦ
1339 2933 1609 3011 Ἀϐραὰμ,
1669 2937 1994 3014 ἀλληγορή-

339 3043 434 3084 σας
467 3024 652 3094 αύτᾶς,
691 3031 856 3101 μέχρι
890 3031 1089 3099 καιροῦ
1121 3023 1365 3082 διδοσθαι
1395 3028 1493 3094 τὴν
1542 3029 1690 3082 σκιὰν
1752 3027 1840 3082 καὶ
1890 3029 1990 3096 τήν

339 3115 666 3187 περιτομὴν,
709 3117 799 3170 καὶ
861 3115 1038 3191 ἀργεῖν
1075 3115 1209 3172 αὐτὰ
1242 3115 1434 3172 λοιπὸν
1487 3120 1556 3190 τῇ
1599 3120 1695 3170 τοῦ
1756 3117 1990 3192 Χριστοῦ

335 3204 629 3278 παρουσίᾳ.
691 3203 792 3260 Καὶ
843 3205 1018 3267 οὕτως
1079 3203 1382 3276 ἀποδείξας,
1442 3203 1810 3280 παραγγέλλει
1877 3205 1992 3262 λοι·-

337 3293 438 3347 πὸν
473 3292 660 3356 αὐτοῖς
695 3297 890 3366 μηκέτι
931 3295 1225 3371 προσέχεῖν
1278 3301 1396 3358 τοῖς
1454 3295 1813 3366 ἀπατήσασιν,
1844 3295 1990 3351 ἀλλὰ

343 3379 560 3454 μᾶλλον
585 3379 804 3459 ἔχεσθαι
853 3391 953 3454 τὴς
984 3385 1037 3439 ἐν
1097 3388 1316 3460 Χριστῷ
1366 3385 1622 3455 πίστεως,
1679 3385 1769 3440 καὶ
1825 3386 1992 3461 γινώ-

342 3494 493 3530 σκειν
528 3475 610 3530 δτι
670 3477 704 3545 ἡ
765 3475 816 3531 ἒν
877 3479 1091 3550 Χριστῷ
1141 3476 1322 3553 χάρις,
1389 3482 1647 3552 καταργεῖ
1700 3477 1800 3546 τήν
1855 3477 1992 3532 κατὰ

338 3571 513 3638 σαρκα
545 3568 882 3640 περιτομήν.
922 3565 1019 3622 Καὶ
1052 3567 1227 3628 οὕτως
1274 3566 1440 3623 πάλιν
1495 3566 1573 3628 εἷς
1621 3566 1689 3622 τὰ
1717 3565 1824 3638 ἤθη
1857 3587 1991 3643 παρ-

337 3653 548 3715 αινὲσας
587 3655 678 3709 καὶ
713 3651 929 3728 διδάξας
959 3654 1168 3711 τελειοῖ
1195 3657 1293 3725 τὴν
1318 3653 1632 3726 ἐπιστολήν.

928 3785 1393 3842 ΘΕΟΔΩΡΗΤΟΥ.

411 3903 480 3957 Τὸ
527 3904 620 3978 μὲν
674 3905 988 3980 προοίμιον,
1040 3907 1130 3962 καὶ
1184 3913 1327 3962 πᾶσα
1384 3904 1579 3987 σχεδὸν
1629 3911 1664 3978 ἡ
1695 3907 1985 3980 ἐπιστολὴ,

338 3997 512 4065 θυμοῦ
543 4016 722 4072 γεμει.
762 3997 821 4052 ἹΙ
869 3994 924 4051 δὲ
981 3995 1129 4052 αἰτία
1193 3996 1347 4068 αὕτη.
1410 3999 1564 4060 Τινὶς
1617 3999 1724 4053 τῶν
1755 3998 1802 4069 ἐξ
1835 3999 1982 4056 Ἱου-

329 4076 495 4136 δαίων
530 4084 935 4156 πιστεύσαντες,
966 4087 1058 4141 καὶ
1107 4081 1185 4142 ἔτι
1235 4091 1314 4160 τῷ
1343 4088 1584 4161 πατρῴῳ
1639 4087 1794 4161 νόμῳ
1851 4111 1978 4144 κατ·

324 4174 610 4247 σχόμενοι,
670 4173 885 4231 ἔπεισαν
941 4176 1188 4239 πολλοὺς
1244 4182 1352 4233 τῶν
1392 4178 1443 4233 ἐν
1493 4179 1736 4251 Γαλατίᾳ
1774 4185 1977 4237 πιστῶν

319 4262 756 4338 περιτέμνεσθαι,
809 4267 898 4321 καὶ
955 4262 1198 4322 σάϐϐατα
1252 4272 1460 4342 τηρεῖν,
1510 4269 1599 4322 καὶ
1657 4268 1975 4340 νουμηνίας.

319 4350 574 4407 Ἐπειῦον
609 4350 688 4423 δὲ,
723 4351 974 4430 λέγοντες
1009 4356 1086 4428 μὴ
1120 4353 1228 4411 δεῖν
1269 4361 1347 4427 τῷ
1407 4355 1611 4427 Παύλῳ
1669 4355 1974 4426 πείθεσθαι,

314 4445 394 4512 τῷ
425 4442 556 4520 χθὲς
589 4443 679 4497 καὶ
717 4447 955 4518 σήμερον
986 4447 1222 4526 φανέντι,
1256 4444 1403 4501 ἀλλὰ
1435 4443 1650 4518 μᾶλλον
1679 4449 1797 4506 τοῖς
1829 4445 1974 4525 ἀμφὶ

318 4530 523 4604 Πέτρον
580 4531 670 4585 καὶ
757 4529 1018 4590 Ἰάκωϐον
1075 4534 1164 4590 καὶ
1250 4537 1487 4604 Ιωαννην
1522 4577 1533 4590 .
1595 4533 1760 4590 Οῦτοι
1812 4535 1914 4608 γὰρ
1954 4577 1967 4602 ,

2117 1968 2217 2008 eos
2249 1969 2315 2008 ac
2347 1953 2665 2009 docuisset.
2700 1954 2941 2010 Occasio
2992 1972 3126 2011 vero
3157 1959 3421 2028 epistolae
3455 1960 3580 2015 hmo
3610 1961 3722 2016 fuit
3753 1977 3766 2017 :

2115 2039 2334 2094 Galatae
2367 2046 2524 2096 recte
2555 2040 2627 2094 ab
2660 2041 2942 2112 Apostolo
2974 2042 3188 2105 edocti.
3223 2061 3355 2100 cum
3390 2045 3648 2117 legitime
3705 2047 3767 2103 in

2112 2128 2412 2184 Christum
2441 2128 2852 2196 credidissent,
2890 2132 2989 2185 ubi
3023 2131 3395 2188 discessisset
3424 2136 3764 2206 Apostolus,

2109 2218 2363 2288 surrepti
2397 2224 2539 2274 sunt
2567 2235 2600 2273 a
2627 2217 2981 2289 quibusdam
3014 2227 3071 2274 et
3102 2220 3422 2289 seducti,ut
3451 2223 3764 2280 circumci-

2107 2307 2473 2366 deretur.His
2496 2309 2676 2382 igitur
2692 2310 3260 2382 cognitis,scribitad
3293 2330 3393 2368 eos
3423 2315 3760 2386 Apostolus.

2108 2397 2177 2452 Et
2206 2398 2463 2468 primum
2515 2397 2756 2469 quidem
2813 2405 3126 2456 attestatur
3183 2401 3328 2473 ipsis
3380 2402 3557 2459 ﬁdem
3585 2420 3764 2476 quam

2107 2485 2425 2554 habebant,
2487 2494 2543 2542 et
2573 2487 2903 2560 legitimum
2935 2490 2996 2544 in
3029 2489 3212 2545 Deum
3244 2492 3525 2549 affectum
3560 2511 3573 2547 :
3606 2494 3764 2549 indi-

2106 2582 2318 2648 gnatur
2346 2583 2543 2632 autem
2577 2576 2733 2649 quod
2767 2577 3119 2650 insipienter
3149 2581 3766 2652 egerintettransmu-

2105 2665 2208 2720 tati
2242 2665 2379 2720 sint.
2417 2666 2640 2722 Deinde
2671 2667 2742 2720 de
2784 2666 2909 2739 lege
2942 2667 3182 2722 disserit
3210 2686 3278 2724 ac
3311 2670 3426 2724 ilde
3476 2688 3608 2741 quasi
3666 2688 3762 2726 se-

2105 2753 2363 2808 cundum
2398 2753 2695 2809 Abraham
2729 2761 2837 2809 est.
2874 2757 3166 2810 Praeterea
3199 2773 3269 2811 ex
3301 2757 3428 2828 lege
3477 2758 3761 2826 ostendit,

2104 2848 2163 2897 et
2191 2859 2258 2896 ex
2283 2843 2567 2898 uxoribus
2598 2843 2892 2898 Abraham
2925 2844 3241 2916 allegorice
3288 2846 3629 2908 intellectis.
3689 2847 3762 2903 ad

2103 2937 2336 3004 tempus
2368 2933 2563 2987 datam
2595 2932 2775 2987 fuisse
2803 2932 3071 2988 umbram
3106 2951 3173 2988 ac
3217 2934 3755 3005 circumcisionem,

2101 3035 2287 3092 eaque
2313 3021 2593 3092 deinceps
2635 3039 2740 3091 per
2789 3022 3107 3077 adventum
3165 3023 3380 3080 Christi
3439 3026 3593 3081 facta
3624 3043 3755 3082 esse

2100 3112 2307 3167 otiosa.
2335 3113 2403 3164 Et
2432 3111 2523 3166 his
2551 3111 2631 3165 ita
2657 3111 3100 3180 demonstratis,
3136 3124 3572 3186 consequenter
3601 3135 3754 3190 prae-

2100 3199 2242 3270 cipit
2274 3199 2438 3270 ipsis,
2471 3217 2543 3255 ne
2602 3199 2860 3271 amplius
2916 3201 3262 3258 adhaereant
3309 3204 3754 3276 impostoribus,

2099 3289 2200 3344 sed
2231 3289 2426 3360 potius
2456 3289 2671 3344 Christi
2715 3288 2850 3344 ﬁdei
2912 3290 3216 3358 hmreant;
3281 3299 3339 3348 et
3396 3302 3754 3368 cognoscant

2098 3377 2255 3448 quod
2286 3394 2391 3449 per
2411 3377 2706 3433 Christum
2739 3380 2926 3452 gratia
2973 3379 3295 3436 aboleverit
3349 3383 3753 3441 circumcisio-

2097 3481 2233 3522 nem
2265 3467 2592 3524 secundum
2617 3483 2856 3523 carnem
2884 3485 2896 3522 :
2931 3475 2989 3524 et
3013 3470 3094 3524 ita
3116 3487 3352 3526 rursum
3383 3473 3539 3529 circa
3559 3490 3753 3530 mores

2095 3554 2472 3614 admonendo
2502 3572 2570 3613 ac
2601 3556 2870 3614 docendo
2903 3557 3207 3614 concludit
3240 3560 3586 3634 Epistolam.

2698 3782 2784 3836 TH
2798 3782 3164 3839 EODORETI.

2166 3909 2316 3964 714
2366 3909 2723 3965 Prooemium
2773 3925 2842 3964 ac
2892 3913 3012 3963 tota
3042 3909 3226 3962 ferme
3256 3908 3519 3980 Epistola
3574 3912 3753 3982 plena

2089 4003 2180 4053 est
2211 3998 2719 4053 excandescentia.
2764 3997 2952 4052 Causa
2985 4003 3183 4051 autem
3218 3998 3342 4054 base
3400 3999 3509 4054 fuit
3541 4017 3554 4054 :
3599 4001 3746 4066 Qui-

2088 4085 2222 4141 dam
2256 4087 2355 4157 qui
2389 4103 2418 4141 e
2447 4085 2664 4141 Judmis
2705 4084 3089 4140 crediderant
3146 4092 3204 4141 et
3235 4087 3427 4144 adhuc
3482 4096 3744 4161 paternae

2087 4174 2197 4246 legi
2231 4173 2635 4238 adhmrebant,
2667 4173 2871 4228 multis
2897 4173 3173 4230 fidelibus
3205 4178 3302 4247 qui
3339 4178 3495 4234 inter
3512 4181 3743 4236 Galatas

2085 4268 2273 4329 erant,
2299 4268 2722 4333 persuaserunt
2745 4264 3386 4322 utcircumciderentur
3416 4274 3472 4321 et
3493 4267 3745 4323 Sabbata

2084 4369 2152 4408 ac
2182 4352 2537 4407 Neomcnias
2570 4359 2897 4408 servarent.
2934 4353 3377 4410 Persuadebant
3406 4361 3626 4416 autem.
3652 4356 3745 4412 di-

2081 4446 2284 4496 centes
2309 4457 2430 4495 non
2465 4457 2596 4497 esse
2624 4439 2805 4496 Paulo
2831 4441 3494 4515 obtemperandum.qui
3524 4460 3743 4516 paucos

2078 4537 2213 4585 ante
2245 4529 2373 4585 dies
2424 4531 2821 4602 apparuisset.
2858 4531 2960 4587 sed
2987 4533 3174 4604 magis
3203 4533 3398 4597 Petro,
3430 4533 3645 4589 Jacobo
3675 4551 3742 4590 ac

317 4619 472 4695 φησὶ,
531 4622 664 4693 μετὰ
709 4623 947 4692 Χριστοῦ
1008 4624 1287 4700 γενόμενοι
1350 4626 1413 4677 ού
1471 4622 1748 4678 κωλύουσι
1806 4621 2001 4697 περι-⁴

2093 4621 2304 4678 loanni.
2345 4623 2486 4677 Nam
2522 4622 2605 4688 bi,
2644 4638 2775 4676 cum
2806 4622 3060 4677 fuissent
3103 4640 3238 4678 cum
3296 4624 3547 4691 Christo,
3581 4625 3742 4700 dices-

312 4711 522 4782 τομήν.
559 4711 662 4767 Καὶ
720 4711 942 4782 ἀληθῶς
1006 4715 1099 4786 μὲν
1169 4713 1320 4769 οὗτοι
1378 4707 1774 4790 συγκαταϐἁσει
1829 4715 1965 4786 πρὸς

312 4796 610 4863 Ἰουδαίους
639 4801 940 4876 χρώμενοι,
995 4801 1096 4856 οῦκ
1148 4801 1389 4859 ἐκώλυον
1446 4803 1774 4875 περιτομὴν,
1810 4802 1963 4873 ὅμως

318 4885 470 4942 οὗτοι
505 4889 940 4963 ἀποκρύπτοντες
967 4895 1067 4959 τήν
1122 4891 1297 4948 αἰτίαν
1339 4891 1424 4946 ὅτι
1483 4888 1571 4946 διὰ
1628 4886 1962 4966 συγκαταϐαο

318 4995 400 5029 σιν
429 4976 491 5031 ού
522 4976 852 5047 κωλύουσιν,
885 4979 945 5035 ἐκ
973 4985 1068 5036 τοῦ
1107 4983 1399 5055 γινομένου
1451 4979 1644 5053 μύνου,
1684 4978 1963 5049 ἐδελὲαζον

315 5064 512 5128 αὐτοὺς
541 5068 616 5130 εἷς
650 5072 972 5142 περιτομὴν,
1015 5071 1104 5126 καὶ
1157 5073 1250 5126 τὸν
1323 5075 1538 5125 Παῦλον
1595 5069 1958 5140 ἐξηυτέλιζον,

313 5155 604 5232 φάσκοντες
635 5157 694 5214 οὐ
727 5163 824 5214 τοῦ
876 5163 1136 5233 Χριστοῦ,
1167 5159 1314 5215 ἀλλά
1364 5163 1471 5214 τῶν
1505 5163 1764 5231 μαθητῶν
1824 5159 1959 5214 εἶναι

310 5247 580 5315 μαθητήν,
613 5248 738 5310 τοὺς
774 5247 831 5305 δὲ
870 5249 992 5322 περὶ
1053 5249 1271 5324 Πέτρον,
1325 5247 1488 5303 αὐτοῦ
1543 5252 1642 5302 τοῦ
1697 5253 1956 5322 Χριστοῦ.

304 5332 529 5390 Ἔπειτα
568 5333 777 5412 ἔλεγον,
833 5338 918 5396 ὅτι
977 5339 1138 5400 αὐτὸς
1172 5341 1199 5392 ὁ
1233 5337 1444 5398 Παῦλος
1504 5338 1746 5415 φαίνεται
1781 5335 1956 5392 αλλαο

301 5426 410 5497 χοῦ
443 5428 772 5497 περιτεμὼν.
808 5427 872 5484 Τί
907 5425 1114 5498 δήποτε
1146 5426 1264 5494 οῦν,
1331 5427 1488 5505 φασὶν
1549 5427 1689 5499 ὑμᾶς
1740 5426 1802 5481 οὑ
1855 5447 1951 5481 πε-

301 5511 543 5586 ριτεμνει
574 5533 587 5584 ;
631 5516 699 5586 ἦν
729 5517 830 5592 γὰρ
877 5521 956 5590 τῷ
1011 5515 1210 5585 ἁληθεῖ
1240 5519 1268 5572 ὁ
1299 5515 1512 5580 Παῦλος
1563 5517 1655 5573 τὸν
1684 5515 1954 5590 Τιμὸθεον

297 5598 666 5676 οῗκονομικῶς
710 5607 1062 5682 περιτεμὼν.
1129 5606 1275 5683 Πρὸς
1341 5610 1509 5663 ταῦτα
1567 5606 1659 5661 οῦν
1711 5604 1951 5683 γράφει,

295 5691 388 5748 καὶ
421 5691 619 5756 ιόθᾶως
667 5693 726 5748 ix
781 5697 1092 5770 προοιμίων
1148 5697 1284 5770 πρὸς
1352 5694 1524 5750 ἇκιῖνο
1581 5693 1947 5765 ἀποτείνεται,

2083 4708 2226 4764 bant
2255 4725 2373 4764 non
2412 4708 2726 4780 prohibere
2767 4709 3303 4764 circumcisionem.
3361 4712 3429 4765 Et
3473 4727 3606 4766 vere
3650 4698 3738 4768 illi

2082 4798 2525 4870 dispensatione
2557 4815 2624 4853 ac
2664 4797 3170 4853 condescensione
3195 4799 3451 4870 quadam
3483 4818 3619 4874 erga
3639 4802 3735 4857 Ju-

2080 4887 2238 4943 dtl‘OS
2266 4893 2506 4943 utentes
2522 4903 2643 4942 non
2670 4887 3068 4957 prohibebant
3086 4888 3734 4947 circumcisionem.Ve-

2077 4993 2208 5033 rum
2226 4977 2282 5030 lii
2298 4975 2588 5031 occultata
2601 4992 2792 5031 causa.
2805 4993 3017 5049 nempe
3033 4978 3190 5047 quod
3205 4980 3732 5038 condescendendo

2075 5083 2196 5122 non
2227 5064 2632 5136 prohiberent.
2666 5082 2735 5120 ex
2758 5065 2910 5120 facto
2954 5083 3053 5121 eos
3093 5067 3168 5121 ad
3217 5069 3731 5126 circumcisionem

2075 5155 2506 5215 inescabant.et
2529 5154 2775 5209 Paulum
2789 5155 3084 5226 abjectum
3111 5157 3730 5218 reddebantdicentes

2072 5246 2268 5316 ipsum
2299 5259 2417 5296 non
2449 5243 2688 5305 Christi,
2723 5244 2824 5298 sed
2874 5245 3277 5315 apostolorum
3310 5264 3440 5304 esse
3472 5250 3728 5320 discipu-

2070 5333 2459 5392 lum.Petrum
2492 5347 2626 5384 vero
2650 5348 2715 5386 ac
2739 5338 2983 5387 caeteros
3009 5333 3192 5406 ipsius
3232 5337 3470 5392 Christi.
3505 5337 3722 5391 Deinde

2071 5419 2346 5477 dicebant
2361 5418 2518 5489 quod
2537 5418 2663 5490 ipse
2687 5420 2900 5476 Paulus
2922 5422 3059 5477 alibi
3076 5423 3518 5481 circumcidisse
3533 5431 3727 5480 osten-

2071 5511 2311 5566 deretur
2341 5525 2353 5563 :
2390 5525 2571 5579 quare
2600 5523 2698 5563 vos
2730 5527 2888 5583 ergo,
2923 5512 3220 5583 inquiunt,
3256 5531 3373 5568 non
3413 5513 3722 5568 circumci-

2069 5600 2156 5656 dit
2184 5599 2211 5654 ?
2232 5599 2377 5656 Vere
2410 5597 2572 5656 enim
2604 5599 2822 5656 Paulus
2854 5600 3230 5657 Timotheum
3274 5602 3722 5673 dispensatione

2069 5687 2324 5762 quadam
2353 5687 2828 5745 circumcideret.
2875 5689 2964 5745 Ad
3004 5689 3130 5744 hac
3170 5705 3306 5762 ergo
3338 5690 3563 5754 scribit,
3599 5696 3722 5747 sta-
