4106 6196
267 274 422 338 1093

1308 268 1713 331 COMMENT.
1762 267 1835 326 ΙΝ
1882 266 2128 336 EPIST.
2183 267 2282 327 Αἵ)
2328 267 2601 328 GALAT.

3515 267 3673 331 1094

260 401 569 482 ,χειρισθεὶς
601 403 701 471 τὴν
723 399 1066 471 ἀποστολήν,
1098 398 1227 456 οὐδὲ
1258 398 1328 456 δι’
1360 400 1672 473 ἀνθρώπου,
1693 396 1840 455 ἀλλὰ
1856 397 1926 453 δι’

2047 399 2112 455 ab
2143 399 2485 458 hominibus
2506 399 2864 473 apostolatu,
2896 400 2997 472 qui
3028 415 3146 456 non
3195 415 3301 471 per
3350 400 3680 470 hominem,

275 499 443 555 αὐτοῦ
466 500 563 551 τοῦ
591 498 832 570 Χριστοῦ
866 494 941 557 εἷς
979 498 1142 551 τοῦτο
1180 492 1352 550 ἐλθὼν
1384 493 1446 549 τὸ
1476 488 1652 569 ἔργον.
1687 517 1715 545 ιι
1748 489 1926 550 Ἀλλὰ

274 586 365 643 διὰ
403 584 582 656 Ἰησοῦ
613 588 855 661 Χριστοῦ
884 584 975 640 καὶ
1007 589 1147 641 Θεοῦ
1185 585 1420 660 Πατρός.
1457 583 1924 659 »Σημείωσαιτεῃ

265 675 377 744 δια,
416 676 504 732 ἐπὶ
546 676 751 750 πατρὸς
781 675 873 731 καὶ
906 676 1034 730 I‘io5
1083 674 1356 747 κείμενον,
1412 674 1504 729 καὶ
1562 678 1778 750 πρῶτον
1834 673 1924 728 τὸν

268 769 396 822 Υὶὸν
428 766 818 838 ὀνομασθέντα,
854 789 880 816 ιι
933 766 1047 821 Τοῦ
1104 762 1406 840 ἐγείραντος
1468 761 1714 818 αὐτόν.»
1771 760 1928 834 Ὑπὲρ

271 863 371 925 τῆς
402 856 476 917 εἰς
506 856 599 912 τὸν
627 854 837 927 Πατέρα
868 860 1040 928 τιμῆς
1070 857 1234 908 τοῦτο
1286 850 1526 927 ε”ρηται,
1588 850 1678 907 καὶ
1711 847 1801 905 δια
1830 870 1929 917 τζν

270 950 382 1000 τῶν
414 946 720 1000 ἀκουόντων
751 943 1041 1006 ἀσθένειαν.
1078 960 1131 994 ιι’
1157 943 1256 997 Ἐκ
1285 944 1513 1017 νεκρῶν.
1559 964 1583 993 ι
1643 937 1929 1013 Εὐκαίρως

272 1042 375 1103 ἐἰς
403 1033 724 1107 οἷκονομίας
750 1033 839 1087 καί
871 1035 972 1087 τοῦ
1002 1030 1236 1087 θανάτου
1264 1028 1509 1102 ἐμνήσθη
1569 1033 1664 1084 τοῦ
1711 1028 1932 1104 Κυρίου,

269 1121 364 1178 ’ίνα
390 1129 498 1178 τῶν
528 1127 626 1177 τοῦ
685 1124 924 1194 Χριστοῦ
986 1118 1307 1195 εὐεργεσιῶν
1370 1119 1713 1189 ὑπομνήσας,
1752 1117 1932 1191 τούτῳ

271 1216 404 1287 γοῦν
455 1216 534 1285 τῷ
585 1210 775 1285 τρόπῳ
833 1208 992 1284 πείσῃ
1047 1216 1245 1284 μῃκὲτι
1295 1213 1373 1280 τῷ
1422 1207 1578 1283 νόμῳ
1618 1206 1932 1283 προσέχειν,

266 1300 419 1358 ἀλλα
448 1306 527 1373 τῷ
558 1302 798 1377 Χριστῷ.
832 1325 859 1352 ιι
895 1301 993 1357 Καὶ
1030 1300 1083 1355 οἱ
1115 1299 1209 1354 σὺν
1240 1298 1365 1371 ἐμοὶ
1396 1298 1587 1362 πάντες
1616 1295 1866 1379 ἀδελφοί.
1906 1321 1933 1349 »ι

277 1394 346 1450 Τί
376 1389 442 1462 δή
476 1411 608 1445 ποτε
635 1394 724 1445 νῦν
758 1388 970 1444 πάντων
1008 1391 1283 1463 μέμνηται
1311 1392 1422 1443 τῶν
1476 1385 1726 1468 ἀδελφῶν
1763 1407 1777 1457 ;
1809 1389 1936 1443 ’Ότι

280 1481 332 1536 οἱ
365 1475 756 1543 διαϐάλλοντες
783 1478 944 1535 αὐτὸν
977 1472 1167 1553 ἔλεγον
1206 1477 1369 1552 μόνον
1411 1477 1502 1532 τὸν
1564 1476 1776 1533 Παῦλον
1835 1496 1935 1531 κα.

273 1569 341 1624 τὰ
397 1570 749 1641 καινοτομίαν
805 1570 905 1637 τὴν
966 1567 1272 1644 περιτομὴν
1341 1564 1602 1623 κωλύειν.
1667 1564 1937 1622 Βούλεται

272 1657 366 1714 05v
403 1655 873 1729 δεῖξαι,πολλοὺς
930 1662 1038 1714 τῶν
1093 1663 1367 1712 τοιοῦτων
1428 1653 1715 1731 δογμάτων
1779 1653 1933 1716 ὄντας

2035 490 2138 547 sed
2158 506 2263 562 per
2287 492 2480 564 ipsum
2507 491 2802 546 Christum
2826 489 2901 546 ad
2918 491 3028 546 hoc
3051 490 3315 546 venerim
3337 508 3538 563 opus.«
3572 492 3683 549 Sed

2034 599 2140 654 per
2167 584 2368 639 Jesum
2400 582 2696 637 Christum
2728 598 2796 636 ac
2826 582 3010 637 Deum
3044 588 3293 653 patrem.
3331 604 3359 631 »
3390 583 3681 639 Animad-

2035 677 2231 727 vetere
2251 671 2347 726 hic
2365 671 2844 743 praepositionem
2868 665 2975 731 διὰ,
3005 670 3063 724 id
3083 676 3188 726 est.
3211 671 3417 741 per.ad
3448 672 3680 728 Patrem

2036 776 2107 815 ac
2135 759 2351 816 Filium
2381 761 2624 831 apponi,
2678 759 3059 830 primumque
3119 759 3307 815 tilium
3364 759 3682 815 nominari.

2036 869 2067 899 «
2099 849 2206 914 Qui
2231 848 2533 904 suscitavit
2558 848 2772 919 ipsum.
2802 870 2828 897 »
2853 848 2935 903 Oh
2960 850 3247 903 honorem
3273 864 3412 922 erga
3454 853 3683 919 patrem

2037 938 2149 993 hoc
2179 937 2404 993 dictum
2437 943 2545 1002 est,
2581 944 2637 991 et
2666 943 2910 1008 pr0pler
2930 937 3267 1014 auditorum
3302 937 3685 992 imbecillita-

2034 1032 2175 1083 tem.
2209 1050 2234 1072 α
2273 1027 2355 1081 Ex
2408 1026 2677 1082 mortuis.
2711 1026 3051 1097 Opportune
3106 1026 3569 1097 dispensationis
3621 1014 3691 1083 ac

2036 1118 2247 1174 mortis
2306 1117 2537 1173 Domini
2597 1116 2893 1175 meminit.
2953 1125 3022 1173 ut
3074 1117 3227 1174 facta
3258 1118 3689 1174 beneficiorum

2037 1207 2251 1262 Christi
2287 1207 2610 1264 mentione.
2646 1206 2758 1261 hoc
2789 1223 2931 1262 sane
2965 1207 3139 1262 modo
3185 1206 3561 1279 persuadeat.
3614 1222 3688 1263 ne

2042 1296 2194 1352 720
2215 1295 2500 1367 deinceps
2520 1295 2631 1367 legi
2657 1295 3022 1364 adhmreant,
3042 1296 3144 1352 sed
3184 1296 3434 1351 Christo.
3473 1317 3500 1346 «
3544 1295 3688 1361 Qui-

2039 1400 2275 1457 cunque
2311 1401 2545 1441 mecum
2577 1391 2720 1440 sunt
2742 1385 2976 1441 fratres.
3014 1408 3040 1434 u
3072 1385 3257 1450 Quam
3316 1384 3389 1441 ob
3448 1401 3688 1441 causam

2039 1474 2308 1530 omnium
2333 1473 2512 1529 simul
2536 1474 2786 1529 fratrum
2813 1490 2973 1529 nunc
2995 1474 3317 1529 meminit?
3342 1475 3489 1540 Quia
3511 1475 3570 1529 bi
3586 1473 3686 1545 qui

2040 1564 2236 1636 ipsum
2254 1564 2771 1620 calumniabantur
2782 1564 3058 1620 dicebant
3070 1565 3263 1621 solum
3277 1564 3522 1621 Paulum
3539 1579 3689 1620 novo

2040 1652 2219 1710 modo
2243 1653 2557 1725 prohibere
2588 1654 3104 1710 circumcisionem
3130 1670 3144 1708 :
3178 1653 3301 1710 vult
3330 1670 3466 1727 ergo
3497 1659 3691 1709 osten-

269 1749 586 1809 ‘I-Otvw‘oo'3:.
621 1772 649 1800 ιι
682 1749 815 1808 Ταῖς
884 1745 1244 1817 Ἐκκλησίαις
1271 1752 1373 1815 τῆς
1404 1744 1696 1808 Γαλατίας,
1735 1769 1762 1796 ››
1794 1745 1933 1820 Ὅρα

2047 1739 2181 1796 dere
2208 1740 2426 1796 multos
2447 1757 2578 1801 esse
2598 1740 2711 1795 sibi
2734 1741 2927 1796 socios
2964 1741 3025 1795 in
3076 1740 3420 1812 bujusmodi
3447 1740 3691 1813 dogma-

270 1842 368 1894 τοῦ
401 1841 577 1909 θυμοῦ
629 1838 730 1907 τὴν
790 1830 1032 1905 ἔνδειξιν.
1092 1834 1170 1893 Οὐ
1221 1835 1325 1911 γὰρ
1380 1835 1546 1903 εἶπεν,
1597 1834 1672 1897 ὡς
1723 1833 1928 1903 εἶώθει,

275 1931 395 1988 τοῖς
431 1925 791 2001 Ἀγαπητοῖς,
823 1923 858 1993 ἢ
917 1929 1034 1987 τοῖς
1100 1925 1504 1997 Ἢγιασμὲνοις,
1536 1924 1572 1994 ἢ
1630 1927 1759 1999 γοῦν
1816 1929 1931 1987 ταῖς

276 2012 628 2084 Ἐκκλησίαις
686 2017 784 2070 τοῦ
842 2017 976 2069 Θεοῦ
1011 2058 1025 2081 ,
1117 2010 1264 2068 ἀλλὰ
1316 2038 1345 2066 ιι
1404 2014 1517 2081 Τῆς
1575 2012 1925 2075 Γαλατίας..

277 2136 346 2147 -
379 2128 406 2155 ιι
433 2104 602 2177 Χάρις
637 2102 784 2176 ὑμῖν.
821 2126 848 2155 n
881 2099 1106 2171 Ἐπειδὴ
1138 2102 1240 2177 γὰρ
1301 2098 1636 2157 ἐκινδΰνευον
1677 2105 1746 2176 τῇ
1777 2121 1935 2177 περι-

275 2196 445 2268 τομῇ,
473 2200 574 2262 τῆς
606 2193 835 2268 χάριτος
881 2190 1144 2258 ἐκπεσεῖν,
1207 2192 1409 2263 ταύτην
1453 2190 1643 2256 αὐτοῖς
1700 2189 1932 2268 ἐπε-ὄχε-

272 2303 381 2337 ται.
416 2280 618 2344 Καλῶς
650 2279 707 2337 δέ
739 2303 897 2359 φησι,
931 2306 958 2334 ιι
998 2282 1097 2337 Καὶ
1128 2281 1343 2357 εἰρήνη.
1384 2301 1412 2335 ι
1452 2282 1624 2338 Ἦσαν
1678 2280 1782 2356 γὰρ
1842 2280 1933 2336 ὲκ-

274 2370 691 2443 πολεμωθεντες
724 2372 861 2448 πρὸς
893 2371 1048 2437 Θεὸν,
1072 2375 1140 2444 τῇ
1172 2375 1280 2426 τῶν
1307 2374 1549 2445 νομικῶν
1581 2368 1930 2443 ἐνταλμάτων

278 2464 676 2536 παρατηρήσει.
718 2484 746 2513 ιι
789 2462 927 2516 Ἀπὸ
958 2459 1092 2516 Θεοῦ
1149 2460 1382 2535 Πατρός.
1445 2484 1472 2511 »
1534 2459 1701 2524 Πόθεν
1755 2454 1935 2534 ἔχετε,

279 2549 434 2628 φησὶ,
463 2547 653 2604 καλεῖν
692 2548 901 2625 Ιίατὲρα
939 2550 1033 2605 τὸν
1066 2548 1218 2617 Θεὸν,
1276 2549 1375 2604 οὐκ
1433 2549 1541 2604 ἀπὸ
1600 2551 1698 2605 τοῦ
1739 2547 1937 2623 βαπτίο

279 2660 489 2713 σματος
524 2660 540 2709 ;
570 2640 621 2696 τί
657 2641 749 2695 οῦν
782 2636 974 2716 ἔχεσοε
1002 2644 1100 2695 τοῦ
1132 2640 1307 2712 νόμου
1343 2660 1357 2709 ;
1388 2664 1413 2690 ιι
1454 2642 1568 2697 Τοῦ
1599 2637 1784 2701 δόντος
1812 2640 1937 2695 ἑαυ-

274 2728 389 2784 τόν.
423 2752 445 2781 ι
483 2726 623 2784 ἰδοῦ
655 2728 843 2784 ἑαυτὸν
890 2726 1113 2784 ἔδωκεν·
1173 2731 1337 2787 Ὅταδ
1390 2728 1482 2783 οὗν
1541 2728 1782 2803 ἆγουσῃς
1834 2728 1937 2785 ὑπὸ

276 2821 375 2872 τοῦ
420 2817 625 2891 Πατρὸς
684 2817 846 2873 αὐτὸν
905 2816 1175 2887 δεδόσθαι,
1237 2815 1486 2873 εὐδοκίαν
1515 2816 1625 2873 νόει
1682 2822 1780 2873 τοῦ
1836 2822 1939 2873 Πα-

281 2906 430 2982 τρός.
465 2930 493 2958 ιι
526 2907 718 2969 Ὀπίυς
748 2905 999 2978 ἐξέληται
1027 2910 1196 2979 ἡμᾶς.
1234 2931 1262 2960 ››
1294 2904 1531 2963 Ἔδωκεν
1590 2908 1777 2963 ἑαυτὸν
1805 2908 1939 2982 ὑπὲρ

281 3000 389 3051 τῶν
416 2996 694 3069 ἁμαρτιῶν
757 2999 917 3069 ἡμῶν
979 2995 1274 3072 ἐξαλείφων
1312 3018 1371 3052 τε
1406 2998 1474 3052 τὰ
1525 2997 1788 3072 πρότερα,
1846 2999 1938 3051 καὶ

283 3085 417 3155 πρὸς
451 3084 512 3140 τὸ
563 3082 767 3157 μὲλλον
802 3091 1105 3161 συντηρῶν.
1136 3110 1165 3139 ιι
1194 3087 1383 3147 Ὅπως
1446 3086 1572 3160 γαρ,
1603 3086 1792 3165 φησίν,
1853 3085 1940 3156 ἐξ·

278 3175 474 3247 ἕληται
528 3179 676 3251 ἡμᾶς
731 3176 791 3231 ἐκ
844 3180 940 3234 τοῦ
1000 3177 1292 3239 ἐνεστῶτος
1364 3178 1560 3238 αίῶνος
1616 3180 1937 3249 πονηροῦ,›ι

278 3267 580 3333 τουτέστιν,
614 3265 675 3321 ἐκ
698 3267 806 3322 τῶν
837 3267 1017 3322 κακῶν
1048 3264 1291 3341 πρᾰίξεων
1351 3267 1442 3320 καὶ
1506 3272 1608 3335 τῆς
1673 3262 1937 3342 διεφθαρ-

287 3353 453 3429 μένης
482 3358 650 3428 ζωῆς.
684 3357 898 3428 Ταύτην
927 3358 1032 3432 γὰρ
1066 3356 1238 3412 αῗῶνα
1266 3354 1428 3413 καλεῖ
1464 3357 1724 3433 πονηρὸν,
1756 3356 1823 3412 οὐ
1846 3359 1937 3412 τὸν

283 3446 480 3521 χρόνον
512 3444 548 3516 ἤ
580 3448 677 3509 τὰς
710 3449 942 3523 ἡμέρας,
977 3448 1207 3522 Ἀπαγε.
1242 3447 1437 3509 Οὕτως
1469 3447 1573 3523 γὰρ
1632 3450 1796 3522 ἡμεῖς
1848 3442 1941 3504 λέ-

283 3556 398 3613 γειν
430 3536 715 3609 εἰώθαμεν,
749 3538 875 3593 ὅταν
905 3557 960 3592 τι
1015 3541 1124 3593 τῶν
1183 3534 1471 3609 ἀδοκήτων
1531 3540 1668 3611 ἡμῖν
1728 3531 1937 3611 συμϐῇ.

285 3628 495 3696 Κακὴν,
526 3626 716 3705 ρησὶν,
747 3624 960 3702 ἡμέραν
994 3626 1245 3697 ἐποίησα.
1281 3651 1309 3679 ιι
1345 3627 1556 3690 Αἶῶνος
1606 3631 1874 3704 πονηροῦ.
1911 3651 1941 3680 ››

284 3715 382 3771 Δια
409 3719 505 3770 τοῦ
535 3715 705 3771 εἷπεῖν
736 3720 833 3771 τοῦ
869 3716 1163 3780 ἐνεστῶτος
1219 3715 1421 3778 αἰῶνος
1478 3721 1749 3792 πονηροῦ,
1799 3713 1939 3773 ἔδει-

284 3807 367 3875 ξεν
399 3805 483 3859 ’ὁτι
530 3806 593 3861 τὸ
650 3806 814 3861 κακὸν
866 3804 968 3861 οὐκ
1022 3803 1314 3880 ἀγένητον,
1372 3802 1498 3860 οὐδὲ
1537 3804 1737 3875 ἀΐδιον,
1795 3805 1942 3863 ἀλλὰ

292 3894 641 3969 πρόσκαιρον.
673 3916 694 3944 ι
727 3895 876 3952 Κατᾶ
910 3895 974 3950 τὸ
1004 3894 1221 3968 θέλημα
1263 3898 1360 3950 τοῦ
1418 3899 1551 3951 Θεοῦ
1606 3895 1695 3952 καὶ
1727 3897 1940 3973 Ηατρὸς

292 3986 474 4058 ⁴ἡμῶν.
511 4009 537 4035 υ
569 3984 794 4055 Ἐπειδὴ
825 3986 929 4062 γὰρ
958 3979 1154 4060 ἔλεγον
1200 3987 1277 4059 μὴ
1318 3983 1427 4041 δεῖν
1481 3985 1569 4058 ἐᾷν
1627 3987 1719 4043 τὸν
1774 3988 1942 4062 νόμον

292 4075 366 4137 ὡς
399 4074 502 4131 ὑπὸ
529 4079 661 4130 Θεοῦ
693 4072 935 4144 δοθέντα,
967 4073 1225 4131 δείκνυσιν
1260 4076 1344 4131 ὅτι
1394 4076 1486 4131 καὶ
1540 4078 1626 4149 τὸ,
1663 4081 1743 4150 τῷ
1807 4079 1941 4153 Χρι-

286 4168 395 4236 στῷ
423 4162 729 4233 πιστεῦσαι,
760 4162 982 4237 Θὲλημα
1036 4168 1134 4220 τοῦ
1192 4165 1404 4238 Πατρός
1465 4163 1599 4224 ἐστι,
1662 4167 1813 4223 Κατᾶ
1876 4166 1940 4222 τὸ

282 4253 498 4327 θελημα
526 4255 629 4329 γὰρ
656 4251 754 4310 τοῦ
809 4256 1040 4329 Πατρὸς,
1102 4252 1304 4310 ἔδωκεν
1344 4255 1535 4311 ἑαυτὸν
1594 4256 1622 4310 ὁ
1682 4256 1937 4328 Χριστός.

281 4344 444 4418 Ὀρᾷς
510 4342 592 4398 ὅτι
652 4340 901 4416 οὐδαμοῦ
961 4343 1192 4421 ἑπιταγὴ
1251 4348 1348 4399 τοῦ
1398 4345 1606 4419 Πατρὸς
1656 4345 1792 4419 πρὸς
1845 4345 1936 4399 τὸν

285 4434 434 4502 Υίὸν,
466 4431 614 4488 ἀλλὰ
660 4434 797 4504 μόνη
852 4434 1142 4497 σύννευσις.
1205 4432 1378 4489 Πάλιν
1441 4430 1518 4501 δὲ,
1576 4437 1674 4488 τοῦ
1734 4434 1939 4508 Ιιατρὸς

291 4526 474 4598 ἡμῶν,
533 4522 723 4589 εῗπὼν,
776 4527 873 4578 τοῦ
948 4523 1323 4599 βαπτίσματος
1393 4522 1822 4596 ὑπομιμνήσκει.
1883 4522 1942 4577 Τί

285 4613 378 4669 οὐν
411 4609 605 4692 ἔχεσθε
631 4616 728 4669 τοῦ
756 4612 928 4686 νόμου
955 4632 968 4682 ;
1002 4639 1027 4664 ιι
1058 4617 1126 4691 ᾮ
1156 4614 1190 4681 ἡ
1227 4608 1356 4683 δόξα
1385 4610 1462 4674 είς
1494 4610 1622 4673 τοὺς
1655 4610 1878 4674 αἰῶ-ἀς.
1911 4635 1940 4665 ››

283 4702 639 4774 Ἐνθυμηθενῖς
663 4700 752 4758 διὰ
779 4708 886 4757 τῶν
915 4703 1220 4776 εἰρημένων
1241 4702 1337 4763 τὰς
1368 4700 1606 4780 ἀφέτους
1637 4701 1941 4777 εὐεργεσίας

285 4796 381 4846 τοῦ
413 4797 568 4859 Θεοῦ,
600 4792 675 4854 εἷς
698 4790 1017 4867 δοξολογίαν
1048 4792 1350 4848 κατέπαυτε
1378 4794 1469 4848 τὸν
1515 4790 1700 4870 λόγον.
1735 4792 1809 4847 Οὐ
1837 4792 1940 4869 γὰρ

290 4880 355 4948 ἦν
390 4880 553 4943 αὐτας
582 4880 829 4950 ἐξειπεῖν.

363 4971 632 5041 Θαυμαζω
664 4970 747 5024 ’ὁτι
792 4970 966 5032 οὕτως
1023 4969 1235 5044 ταχέως
1299 4972 1645 5041 μετατίθεσθε
1708 4973 1815 5028 ἀπὸ
1844 4976 1941 5028 τοῦ

284 5056 611 5119 καλέσαντος
646 5058 785 5130 ὑμᾶς
809 5057 860 5113 ἐν
887 5059 1072 5133 χάριτι
1092 5063 1250 5117 Θεοῦ,
1270 5058 1345 5121 εἰς
1368 5055 1548 5133 ἕτερον
1582 5058 1937 5137 Εὐαγγέλιον,

281 5148 348 5203 ⁸0
380 5146 481 5202 οὐκ
512 5144 654 5203 ἔστιν
687 5144 853 5216 ἄλλο,
895 5147 940 5202 εί
979 5151 1056 5219 μή
1091 5146 1234 5209 τινές
1294 5147 1424 5202 εἰσιν
1485 5148 1537 5201 οἱ
1583 5148 1937 5223 ταράσσοντες

284 5236 444 5308 ὑμᾶς,
479 5238 569 5292 καὶ
601 5235 846 5301 θέλοντες
904 5240 1267 5314 μεταστρέψαι
1325 5237 1388 5293 τὸ
1447 5236 1785 5315 Εὐαγγὲλιον
1843 5244 1939 5296 τοῦ

284 5329 545 5401 Χριστοῦ.
581 5327 756 5383 Ἀλλὰ
786 5328 878 5384 καὶ
906 5328 994 5383 ἐὰν
1025 5330 1190 5402 ἡμεῖς
1243 5329 1278 5400 ἢ
1339 5326 1576 5406 ἃγγελος
1706 5328 1939 5405 οὐρανοῦ

279 5414 712 5493 εὐαγγελίζηται
746 5419 874 5493 ὑμῖν
900 5417 1026 5493 παρ’
1055 5418 1085 5474 δ
1115 5417 1594 5496 εὐηγγελισάμεθα
1625 5418 1777 5493 ὑμῖν,
1808 5417 1936 5474 ἀνά-

282 5506 423 5580 θεμα
452 5506 611 5565 ἔστω.

354 5596 459 5652 Δύο
492 5595 833 5672 ἰγκλήματα,
881 5598 945 5654 τό
1000 5619 1059 5655 τι
1119 5597 1515 5671 μετατίθεσθαι,
1554 5598 1645 5653 καὶ
1700 5597 1786 5669 τὸ,
1842 5617 1938 5656 τα-

2044 1831 2138 1885 tis.
2175 1853 2202 1878 ‹‹
2238 1829 2518 1886 Ecclesiis
2540 1829 2800 1886 Galatiae.
2823 1852 2850 1879 »
2884 1830 3208 1886 Considera
3264 1828 3691 1902 indignationis

2044 1920 2476 1984 ostensionem;
2505 1920 2871 1991 nequeenim
2890 1918 3114 1975 dixitut
3136 1918 3306 1983 solet,
3333 1919 3571 1974 Dilectis
3590 1923 3694 1975 aut

2047 2007 2460 2074 Sanctiﬁcatis,
2493 2008 2617 2063 sixe
2639 2006 2915 2064 Ecclesiis
2935 2008 3059 2073 Dei,
3092 2007 3195 2063 sed
3219 2029 3247 2058 ιι
3271 2007 3525 2063 Galatia.
3564 2033 3589 2057 κ
3621 2036 3691 2049 -

2049 2119 2074 2150 α
2105 2096 2304 2154 Gratia
2323 2098 2508 2153 vobis.
2534 2118 2563 2147 ››
2589 2096 2893 2168 Siquidem
2916 2097 3056 2168 quia
3077 2096 3150 2151 ob
3172 2097 3690 2152 circumcisionem

2047 2186 2558 2258 periclitabantur,
2591 2216 2658 2227 ——
2690 2202 2765 2240 ne
2797 2201 2831 2240 a
2877 2186 3066 2258 gratia
3122 2184 3486 2247 exciderent,
3536 2183 3693 2239 hanc

2046 2274 2191 2346 ipsis
2211 2280 2509 2347 precatur.
2534 2274 2689 2328 Bene
2712 2279 2910 2330 autem
2935 2272 3081 2328 dixit
3104 2289 3116 2328 :
3144 2294 3171 2323 ιι
3197 2273 3265 2327 Ει
3286 2289 3419 2344 pax,
3448 2296 3468 2321 ι
3513 2273 3696 2326 Erant

2045 2373 2207 2429 enim
2238 2370 2468 2427 inimici
2499 2371 2692 2426 eﬂ‘ecti
2723 2385 2862 2443 erga
2891 2371 3077 2425 Deum
3119 2386 3224 2441 per
3253 2369 3691 2425 observantiam

2046 2460 2326 2533 legalium
2349 2464 2801 2532 praeceptorum.
2834 2479 2854 2505 ι
2871 2462 2918 2514 Α
2940 2460 3058 2514 Deo
3081 2460 3275 2515 Patre.
3303 2481 3327 2508 ››
3375 2457 3564 2521 Unde,
3595 2458 3694 2514 in-

2046 2549 2193 2620 quit,
2212 2549 2446 2604 habetis
2466 2554 2532 2603 ut
2553 2549 2739 2604 Deum
2763 2550 2996 2604 Patrem
3017 2548 3236 2604 vocetis
3257 2546 3283 2602 ?
3303 2563 3503 2602 nonne
3525 2563 3559 2601 a
3584 2546 3693 2602 ba-

2046 2639 2324 2711 ptismate
2346 2637 2372 2691 ‘2
2401 2654 2506 2694 cur
2535 2654 2672 2710 ergo
2701 2637 2815 2710 legi
2847 2636 3125 2694 haeretis?
3160 2658 3187 2688 ιι
3216 2636 3324 2700 Qui
3358 2635 3522 2691 dedit
3580 2634 3693 2689 sei-

2048 2744 2243 2799 psum.
2281 2750 2309 2776 »
2340 2728 2487 2782 Ecce
2518 2727 2780 2798 seipsum
2816 2726 2979 2781 dedit
3011 2743 3024 2779 :
3058 2742 3193 2780 cum
3244 2740 3379 2797 ergo
3430 2722 3697 2779 audieris

2048 2817 2245 2889 ipsum
2269 2833 2302 2872 a
2323 2817 2494 2871 Patre
2518 2815 2721 2871 datum
2746 2814 2949 2883 fuisse,
2966 2813 3403 2885 beneplacitum
3429 2811 3693 2884 intellige

2048 2907 2252 2961 Patris.
2284 2927 2312 2955 «
2337 2906 2408 2960 Ut
2424 2905 2683 2976 eriperet
2704 2920 2823 2959 vos.
2850 2925 2879 2953 »
2910 2934 2979 2944 --
3028 2926 3056 2953 ιι
3104 2903 3276 2958 Dedit
3306 2902 3695 2973 semetipsum

2048 3012 2155 3066 pro
2178 2994 2435 3066 peccatis
2459 2993 2702 3054 nostris,
2727 2998 2785 3046 et
2802 2992 3101 3064 praeterita
3122 2992 3368 3047 abolens
3413 2997 3470 3047 et
3516 2992 3577 3046 in
3607 2992 3697 3047 fu-

2047 3089 2245 3139 turum
2267 3098 2652 3153 praeservans.
2679 3081 2774 3136 Ait
2796 3081 2955 3136 enim
2980 3098 2993 3135 :
3018 3103 3045 3130 ιι
3075 3082 3143 3137 Ut
3175 3082 3434 3153 eriperet
3480 3098 3590 3136 nos
3621 3098 3693 3137 ex

2046 3172 2324 3244 praesenti
2348 3171 2565 3227 saeculo
2588 3170 2762 3231 malo.
2790 3193 2815 3218 ιι
2841 3170 2951 3226 hoc
2973 3176 3083 3231 est.
3126 3187 3197 3225 ex
3247 3171 3419 3225 malis
3450 3171 3695 3227 actioni-

2046 3261 2155 3318 bus
2189 3262 2419 3333 vitaque
2451 3265 2732 3332 corrupta
2763 3277 2776 3314 :
2812 3260 2967 3315 hanc
2994 3259 3153 3314 enim
3185 3265 3352 3316 vocat
3408 3260 3691 3318 saeculum

2046 3351 2294 3417 malum,
2318 3367 2437 3405 non
2460 3355 2698 3421 tempus
2721 3349 2917 3420 ipsum
2935 3355 3038 3404 aut
3063 3348 3225 3404 dies:
3252 3349 3515 3405 Minime.
3550 3351 3695 3405 Nam

2046 3442 2128 3497 ita
2158 3457 2267 3496 nos
2294 3456 2531 3512 quoque
2565 3438 2761 3494 dicere
2794 3438 3056 3495 solemus
3085 3438 3184 3494 ubi
3216 3438 3360 3510 quid
3400 3437 3694 3511 inopinati

2047 3529 2217 3586 nobis
2243 3529 2561 3602 contigerit
2593 3544 2606 3583 :
2640 3527 2854 3584 Malum
2884 3526 3043 3583 diem
3076 3527 3332 3601 transegi
3389 3550 3417 3577 ιι
3470 3527 3694 3584 Saecula

2047 3628 2222 3686 malo.
2253 3650 2272 3676 ι
2306 3629 2417 3684 Per
2434 3626 2545 3681 hoc
2569 3624 2726 3697 quod
2749 3625 2851 3681 ait.
2877 3647 2905 3676 ιι
2929 3625 3214 3680 Praesenti
3230 3625 3445 3681 szecqu
3472 3626 3690 3695 malo,»

2046 3716 2307 3773 ostendit
2328 3715 2550 3771 malum
2571 3732 2692 3771 non
2706 3730 2836 3770 esse
2860 3713 2989 3769 sine
3010 3713 3329 3785 principio,
3354 3720 3455 3769 aut
3475 3714 3693 3785 sempi-

2046 3813 2308 3870 ternum.
2341 3805 2445 3862 sed
2478 3803 2823 3876 temporale.
2859 3826 2888 3853 ιι
2918 3803 3088 3858 Juxta
3118 3802 3481 3857 voluntatem
3502 3802 3605 3857 Dei
3637 3806 3697 3858 et

2046 3897 2235 3953 Patris
2252 3896 2498 3952 nostri.»
2520 3894 2809 3960 Quoniam
2824 3892 2983 3947 enim
2997 3891 3405 3947 dicebantnon
3422 3896 3695 3963 oportere

2046 3987 2238 4060 legem
2268 3985 2630 4055 relinquere,
2666 3999 2796 4054 quae
2829 3998 2863 4036 a
2896 3980 3012 4036 Deo
3045 3981 3179 4035 data
3210 3986 3390 4049 esset,
3430 3979 3695 4036 ostendit

2046 4077 2224 4133 etiam
2255 4073 2446 4130 Patris
2474 4072 2841 4127 voluntatem
2874 4069 3058 4125 fuisse
3089 4071 3248 4141 quod
3273 4071 3335 4126 in
3391 4070 3691 4127 Christum

2045 4160 2768 4233 credidissent.Siquidem
2782 4159 2955 4231 juxta
2970 4162 3157 4232 patris
3194 4160 3555 4217 voluntatem
3586 4160 3692 4215 de-

2045 4254 2132 4310 dit
2155 4253 2418 4324 seipsum
2440 4250 2728 4307 Christus.
2754 4248 2929 4305 Vides
2947 4248 3105 4320 quod
3123 4265 3417 4321 nusquam
3458 4249 3691 4305 dicatur

2039 4343 2279 4414 jussum
2302 4340 2496 4395 Patris
2519 4354 2656 4409 erga
2672 4338 2907 4406 Filium,
2933 4338 3035 4395 sed
3057 4339 3184 4394 sola
3212 4338 3498 4394 assensio.
3550 4339 3696 4392 Rur-

2049 4448 2180 4488 sum
2205 4437 2403 4486 autem
2428 4429 2680 4485 dicendo
2703 4432 2892 4487 Patris
2941 4431 3146 4490 nostri.
3198 4430 3457 4504 suggerit
3485 4429 3557 4485 de
3589 4429 3695 4488 ba-

2052 4524 2303 4596 ptismo:
2339 4540 2445 4579 cur
2474 4523 2653 4596 igitur
2681 4524 2793 4597 legi
2825 4524 3139 4579 adhaeretis
3159 4523 3187 4578 ?
3212 4546 3235 4575 ιι
3280 4524 3381 4578 Cui
3417 4521 3605 4595 gloria
3634 4522 3697 4578 in

2054 4612 2291 4669 swculo-
2318 4635 2340 4658 η
2367 4612 2768 4669 Consideratis
2790 4629 2895 4685 per
2917 4628 2984 4668 ea
3005 4629 3136 4682 quae
3159 4612 3317 4667 dicta
3370 4617 3509 4666 sunt
3557 4609 3703 4666 inef-

2050 4702 2332 4758 fabilibus
2356 4702 2456 4757 Dei
2480 4701 2874 4762 beneﬁciis.in
2892 4701 3380 4774 gloriﬁcationem
3407 4699 3701 4756 conclusit

2053 4807 2393 4848 sermonem
2428 4808 2442 4847 :
2474 4807 2667 4862 neque
2698 4791 2857 4845 enim
2888 4795 3120 4863 poterat
3168 4790 3296 4861 ipsa
3344 4788 3694 4860 exprimere.

2128 4974 2170 5039 Ι,
2201 4970 2325 5026 6-8.
2361 4992 2389 5020 «
2423 4971 2601 5025 Miror
2630 4971 2789 5041 quod
2819 4988 2853 5026 a
2886 4972 3003 5026 Deo
3037 4971 3136 5042 qui
3170 4971 3393 5026 voeavit
3444 4987 3543 5026 vos
3593 4984 3701 5041 per

2051 5086 2078 5111 ιι
2114 5061 2384 5133 gratiam,
2420 5064 2540 5114 tam
2572 5060 2689 5115 cito
2712 5060 3151 5116 transferamini
3186 5062 3247 5115 in
3309 5060 3469 5116 aliud
3516 5061 3700 5115 Evan-

2049 5174 2077 5202 ιι
2114 5151 2356 5223 gelium,
2390 5150 2547 5219 quod
2580 5167 2699 5205 non
2733 5158 2821 5205 est
2851 5151 3035 5207 aliud.
3068 5153 3182 5207 nisi
3217 5169 3331 5223 quo
3382 5159 3521 5206 sunt
3570 5152 3698 5222 qui-

2051 5264 2079 5291 ιι
2120 5240 2257 5294 dam
2291 5238 2389 5309 qui
2422 5255 2520 5293 vos
2551 5238 2811 5298 turbant.
2846 5246 2907 5295 et
2947 5241 3152 5296 volunt
3204 5247 3465 5296 evertere
3516 5243 3698 5295 Evan-

2052 5352 2080 5381 ιι
2110 5327 2330 5401 gelium
2361 5327 2597 5382 Christi.
2630 5328 2918 5384 Caeterum
2952 5330 3132 5385 etiam
3166 5330 3215 5385 si
3247 5347 3353 5385 nos
3384 5336 3487 5384 aut
3516 5342 3692 5400 ange~

2049 5440 2078 5469 ιι
2112 5418 2206 5474 lus
2234 5432 2266 5471 e
2295 5415 2440 5471 czelo
2470 5416 2880 5488 praedicaverit
2902 5418 3066 5474 vobis
3090 5418 3696 5491 Evangeliumprmler

2049 5532 2077 5560 ιι
2112 5506 2175 5565 id
2203 5504 2362 5579 quod
2391 5506 2847 5579 prmdicavimus
2875 5508 3040 5567 vobis
3070 5509 3389 5566 anathema
3421 5508 3517 5563 sit.
3556 5527 3585 5555 ››

2121 5597 2247 5653 Duo
2270 5600 2513 5668 peccata
2534 5602 2791 5662 erant,et
2810 5598 2968 5669 quod
2989 5598 3444 5664 transferentur,
3459 5600 3517 5650 et
3535 5592 3697 5665 quod
