4128 6192
262 296 418 357 1097

1304 296 1714 358 COMMENT.
1762 292 1837 352 IN
1886 290 2136 352 EPIST.
2184 290 2286 350 AD
2333 292 2609 353 GALAT.

3514 300 3670 362 1098

256 426 381 482 οὔτε
435 423 733 503 ἐδιδάχθην
771 472 784 498 ,
839 426 987 484 ἀλλὰ
1038 424 1110 482 δι’
1176 417 1577 503 ἀποκαλύψεως
1643 426 1892 502 Χριστοῦ,

2019 424 2192 480 didici
2221 442 2233 479 :
2265 426 2359 480 sed
2387 425 2401 473 .'
2404 442 2509 496 per
2537 426 2922 482 revelationem
2960 429 3087 482 Jesu
3139 428 3362 484 Christi.
3422 432 3672 489 Audistis

255 514 553 571 Ἠκούσατε
637 515 742 594 γὰρ
826 517 928 585 τήν
1012 515 1150 589 ἐμὴν
1238 517 1576 595 ἀναστροφήν
1659 536 1792 571 ποτε
1856 512 1907 567 ἐν

257 609 337 677 τῷ
396 602 766 679 Ἰουδαϊσμῷ,
835 605 920 662 ὅτι
979 607 1096 660 καθ’
1158 601 1470 681 ὑπερϐολὴν
1526 603 1751 660 ἐδίωκον
1806 603 1904 671 τὴν

259 693 588 763 Ἐκκλησίαν
673 699 771 750 τοῦ
838 699 992 753 Θεοῦ.
1078 696 1183 751 Καὶ
1246 694 1508 771 ἐπόρθουν
1566 694 1757 765 αὐτὴν,
1815 692 1904 746 καὶ

982 786 1314 864 Ἰουδαῖσμῷ
1421 790 1551 863 ὑπὲρ
1653 786 1905 848 πολλοὺς

912 882 991 950 τῷ
1088 877 1223 954 γένει
1303 898 1433 951 μου,
1508 874 1902 952 περισσοτέρως

963 971 1071 1021 τῶν
1145 972 1421 1041 πατρικῶν
1500 987 1605 1039 μου
1662 961 1905 1040 παραδό-

255 788 595 863 προέκοπτον
692 788 743 844 ἐν
820 795 899 863 τῷ

257 876 666 947 συνηλικιώτας
757 876 809 931 ἐν

257 965 515 1037 ζηλωτὴς
594 967 859 1042 ὑπάρχων

254 1076 413 1114 σεων.

324 1143 592 1200 Βούλεται
654 1142 822 1215 δεῖξαι
880 1144 1089 1215 αὐτοῖς,
1147 1145 1229 1200 δτι
1263 1144 1324 1200 οὐ
1380 1144 1524 1219 παρὰ
1573 1144 1899 1215 ἀνθρώπων,

251 1240 379 1308 παρ’
436 1233 605 1289 αὐτοῦ
659 1231 716 1288 δὲ
766 1238 862 1289 τοῦ
910 1235 1141 1311 Χριστοῦ
1181 1231 1457 1309 παρέλαϐε
1512 1234 1573 1288 τὸ
1615 1236 1898 1310 κήρυγμα.

258 1324 439 1379 ι”Οτι
474 1321 577 1377 οὐκ
629 1317 740 1378 ἔστι
804 1326 939 1378 κατᾶ
1005 1321 1307 1398 ἄνθρωπον.
1344 1349 1372 1375 ››
1434 1323 1575 1379 Κατὰ
1633 1323 1762 1377 Θεὸν
1796 1322 1899 1400 γὰρ

253 1410 391 1482 ἐστι,
434 1413 699 1481 τουτέστι,
755 1412 888 1467 κατὰ
944 1417 1077 1468 Θεοῦ
1134 1411 1495 1487 ἀποκάλυψιν.
1560 1437 1587 1465 ‹‹
1621 1409 1762 1469 Οὐδὲ
1796 1412 1899 1487 γὰρ

254 1501 401 1573 παρᾶ
430 1501 736 1575 ἀνθρώπου,
769 1502 922 1579 φησὶ,
972 1497 1281 1577 παρέλαϐον
1337 1502 1490 1559 αὐτό.
1530 1526 1554 1552 ››
1587 1504 1763 1559 Τοῦτο
1796 1500 1897 1578 γὰρ

253 1584 442 1665 ἔλεγον
499 1591 551 1643 οἱ
601 1586 994 1653 διαϐάλλοντες
1052 1592 1238 1661 αὐτὸν,
1308 1592 1451 1646 ὅτιὸ
1485 1590 1700 1652 Παῦλος
1755 1590 1901 1665 παρὰ

250 1677 551 1752 ἀνθρώπων
589 1675 864 1755 παρέλαϐε
893 1682 955 1735 τὸ
984 1683 1261 1757 κήρυγμα,
1297 1681 1405 1757 οὐχ
1436 1681 1614 1755 ὥσπερ
1674 1682 1724 1734 οἱ
1758 1680 1894 1759 ἀμφὶ

2016 517 2161 569 enim
2198 532 2378 570 meam
2444 516 2910 571 conversationem
2959 518 3238 588 quondam
3270 521 3327 574 in
3356 522 3666 589 Judaismo,

2015 604 2163 672 quod
2189 620 2360 674 supra
2427 604 2649 659 modum
2670 636 2675 643 ο
2699 607 3068 676 persequebar
3124 608 3424 663 Ecclesiam
3456 611 3568 677 Dei,
3603 628 3667 666 ac

2015 694 2400 761 empugnabam
2431 693 2609 760 illam,
2642 701 2692 749 et
2718 697 3071 765 proﬁciebam
3099 698 3159 750 in
3188 699 3471 753 Juaaismo
3493 715 3665 769 supra

2014 781 2213 836 multos
2229 783 2470 854 aequales
2496 786 2553 837 in
2575 800 2771 853 genere
2790 802 2925 852 meo,
2949 803 3071 841 cum
3097 787 3438 842 vehementer
3456 789 3666 844 zelator

2014 886 2181 928 essem
2209 874 2537 927 traditarum
2568 889 2603 927 a
2632 876 2935 945 majoribus
2963 878 3096 933 meis
3117 878 3515 933 institutorum.

2086 1155 2228 1210 721
2262 1153 2583 1211 Ostendere
2615 1155 2737 1211 vult
2758 1156 2915 1227 quod
2947 1174 3067 1213 non
3085 1157 3156 1213 ab
3188 1157 3532 1213 hominibus
3557 1158 3660 1214 sed

2010 1244 2082 1300 ab
2114 1245 2240 1316 ipso
2273 1245 2503 1299 Christo
2526 1246 3009 1317 praedicationem
3032 1248 3275 1319 accepit.
3301 1271 3327 1298 ι(
3358 1248 3486 1304 Non
3530 1264 3660 1302 esse

2013 1334 2341 1389 secundum
2380 1334 2739 1390 hominem».
2788 1337 2888 1390 Est
2933 1337 3096 1391 enim
3131 1336 3461 1393 secundum
3482 1339 3660 1395 Deum

2011 1423 2120 1478 hoc
2136 1427 2242 1488 est,
2270 1423 2597 1479 secundum
2618 1424 2719 1479 Dei
2752 1424 3193 1480 revelationem.
3224 1449 3250 1476 «
3277 1426 3477 1498 Neque
3497 1430 3660 1485 enim

2010 1511 2082 1567 ab
2100 1513 2340 1568 homine
2363 1513 2564 1585 accepi
2590 1513 2759 1581 illud,
2788 1536 2813 1563 »
2840 1514 3051 1584 inquit.
3086 1517 3228 1569 Nam
3253 1513 3361 1569 hoc
3385 1514 3662 1571 dicebant

2009 1603 2110 1672 qui
2129 1602 2325 1673 ipsum
2342 1602 2882 1672 calumniabantur,
2908 1604 3066 1675 quod
3084 1604 3302 1659 Paulus
3318 1603 3389 1659 ab
3409 1604 3661 1660 homini-

2005 1690 2117 1747 bus
2129 1691 2612 1764 prwdicationem
2626 1693 2951 1765 accepisset
2967 1698 3154 1749 etnon
3172 1694 3670 1765 quemadmodum

246 1767 450 1843 Πέτρον
479 1769 622 1843 παρᾶ
646 1774 742 1824 τοῦ
772 1773 1031 1846 Χριστοῦ.
1085 1772 1179 1825 Διὸ
1237 1764 1447 1846 ἔλεγον.
1483 1770 1559 1827 Οὖ
1612 1767 1695 1824 δεῖ
1750 1768 1892 1841 αὖτῷ

2006 1783 2217 1837 Petrus
2247 1799 2281 1837 a
2306 1782 2557 1839 Christo.
2593 1783 2729 1838 Ideo
2763 1764 3039 1839 dicebant
3085 1764 3205 1839 non
3237 1788 3510 1855 oportere
3542 1783 3654 1855 ipsi

247 1858 545 1916 πείθεσθαι.
603 1883 630 1910 ‹‹
664 1860 960 1916 Ἠκούσατε
997 1862 1121 1935 γάρ.
1157 1884 1184 1912 ι)
1248 1862 1379 1916 Εἶτα
1435 1857 1623 1928 ἐπειδὴ
1678 1862 1778 1928 τήν
1810 1880 1900 1935 γε·

246 1949 481 2021 νομένην
523 1948 672 2021 αῦτῷ
725 1949 831 2004 ἀπὸ
889 1954 1129 2025 Χριστοῦ
1182 1950 1525 2025 ἀποκάλυψιν
1580 1949 1814 2025 ἠγνόουν
1847 1949 1898 2003 οἱ

250 2037 510 2105 Γαλάται,
576 2036 833 2112 βούλεται
893 2038 953 2093 ἐκ
1006 2044 1101 2093 τοῦ
1161 2036 1327 2108 δείξαι
1388 2039 1576 2095 ἑαυτὸν
1634 2040 1896 2115 πρότερον

251 2125 512 2198 δίώκτην,
544 2128 633 2183 καὶ
699 2134 788 2182 νῦν
851 2128 1101 2209 ἐξαίφνης
1174 2125 1674 2204 μεταϐεϐλημένον,
1732 2150 1896 2185 κατα·

253 2218 523 2277 σκευάσαι.
559 2216 643 2272 ὅτι
706 2216 754 2272 εἴ
795 2220 871 2290 μή
923 2219 1038 2273 θεία
1069 2240 1152 2281 τις
1204 2220 1352 2291 αὐτῷ
1408 2220 1750 2293 ἀποκάλυψις
1783 2219 1894 2293 ἐγε-

246 2307 417 2381 γόνει,
453 2308 555 2362 οὐκ
612 2307 671 2362 ἂν
714 2306 889 2369 οὕτως
935 2303 1246 2381 μετεϐλήθη
1280 2309 1516 2385 ταχέως,
1554 2308 1645 2364 ἳνα
1676 2306 1735 2363 ἐκ
1770 2309 1897 2364 τού-

246 2417 344 2450 του
402 2397 706 2461 πεισθέντες
774 2399 1014 2471 Χριστοῦ
1079 2399 1209 2452 εἷναι
1262 2397 1420 2453 αὐτὸν
1483 2399 1754 2470 μαθητὴν,
1817 2398 1892 2469 μή

244 2486 665 2562 καταφρονῶσιν
696 2484 885 2545 αὐτοῦ,
938 2512 957 2537 ι
992 2488 1106 2556 Τὴν
1141 2486 1278 2560 ἐμην
1334 2488 1690 2564 ἀναστροφήν.
1730 2512 1754 2537 υ
1783 2486 1897 2543 Οὐκ

246 2574 310 2628 ἂν
345 2571 403 2629 δὶ
432 2575 539 2629 ἀπὸ
593 2575 962 2645 Παλαιστίνης
1019 2576 1094 2639 εἷς
1153 2576 1418 2632 Γαλατίαν
1467 2578 1815 2647 ἠκηκόεισαν,
1847 2574 1895 2629 εἴ

248 2664 325 2736 μή
360 2662 566 2739 σφόδρα
585 2665 651 2733 ἦν
682 2662 941 2735 διώκτης.
976 2687 997 2711 ι
1024 2667 1111 2721 Ἐν
1132 2670 1211 2737 τῷ
1234 2662 1585 2739 Ἰουδαϊσμῷ.
1628 2699 1687 2709 ηο
1709 2666 1896 2738 [ΣΕΥ-

186 2820 195 2827 0
251 2754 391 2826 ΗΡ.]
424 2753 520 2815 Τίς
545 2754 703 2828 χρεία
749 2757 847 2823 τῆς
906 2755 956 2809 ἐν
988 2760 1065 2826 τῷ
1119 2752 1446 2828 Ἰουδαϊσμῷ
1503 2757 1842 2832 ἀναστροφῆς
1880 2773 1893 2822 ;

244 2840 374 2896 ἀλλ’
409 2840 497 2895 ἳνα
527 2839 667 2916 δείξῃ
698 2842 779 2897 ὅτι
815 2842 877 2897 οὐ
928 2842 1206 2917 προλήψει
1264 2841 1534 2913 δουλεύει,
1596 2841 1721 2898 ἀλλ’
1751 2842 1889 2913 ἁλη-

245 2930 380 3002 θείᾳ.
423 2929 500 2987 Οὐ
531 2930 635 3005 γὰρ
672 2934 906 3003 μισήσας
938 2932 1030 2986 τὸν
1088 2934 1255 3004 νόμον
1312 2930 1587 3008 ὑπέδραμε
1644 2934 1741 2999 τήν
1784 2932 1894 3009 χά-

247 3040 330 3094 ριν
406 3017 650 3093 κὲξεδίκει
711 3020 814 3095 γὰρ
876 3020 1079 3091 αὐτὸν),
1125 3018 1250 3076 ἀλλ’
1306 3020 1479 3096 εὑρὼν
1537 3022 1600 3075 τὸ
1656 3018 1888 3087 τέλειον,

244 3107 449 3180 ἀπέστη
485 3113 582 3164 τοῦ
640 3108 834 3182 νόμου,
900 3132 926 3161 «ι
986 3109 1085 3166 Καὶ
1147 3108 1409 3182 ἐπόρθουν
1466 3109 1655 3179 αὑτήν.
1689 3130 1715 3163 ι
1778 3107 1893 3165 Οὐκ

244 3196 470 3255 ἐδίωκον
529 3199 733 3272 μόνον,
785 3198 969 3275 φησὶν,
1027 3196 1173 3253 ἀλλὰ
1230 3198 1321 3253 καὶ
1378 3199 1741 3274 καταστρέψαι
1799 3198 1887 3252 καὶ

246 3288 498 3365 ἀφανίσαι
540 3287 708 3357 αὐτὴν
766 3287 1155 3363 προῃρούμην.
1214 3290 1395 3344 Τοῦτο
1451 3286 1665 3362 γὰρτὸ,
1725 3287 1887 3343 «Καὶ

242 3379 508 3455 ἐπόρθουν
540 3380 731 3449 αὐτήν.
767 3401 794 3430 v
817 3411 885 3421 —
915 3403 942 3429 ‹‹
964 3378 1065 3435 Καὶ
1088 3376 1450 3454 προέκοπτον.
1486 3401 1513 3428 ››
1544 3375 1886 3451 Προέκοπτον

244 3468 296 3522 ἐν
325 3467 396 3542 τῇ
427 3469 694 3541 πορθήσει
730 3473 838 3523 τῶν
886 3465 1214 3539 ἐκκλησίῶν,
1273 3463 1564 3535 τουτέστιν,
1606 3462 1885 3520 ἐπεδίδουν

245 3558 326 3612 ἀεὶ
352 3558 487 3632 πρὸς
536 3558 599 3613 τὸ
656 3556 1045 3633 χαλεπώτερος
1104 3558 1265 3615 εἶναι.
1326 3558 1396 3612 Ἢ
1426 3554 1764 3631 προέκοπτον
1796 3554 1887 3609 καὶ

242 3640 458 3719 ἔντιμος
489 3648 642 3720 ἤμην
672 3647 759 3701 διὰ
787 3651 950 3702 τοῦτο
980 3646 1125 3721 παρᾶ
1146 3651 1263 3708 τοῖς
1309 3642 1617 3706 Ἰουδαίοις.
1678 3646 1737 3700 Τί
1788 3643 1884 3698 οὖν

241 3738 306 3793 τὸ
336 3735 512 3793 αἴτιον
539 3742 636 3792 τοῦ
666 3738 992 3812 αἱρήσασθαί
1027 3759 1092 3811 με
1147 3736 1398 3817 ἐξαίφνης
1449 3735 1694 3810 πόλεμον
1749 3736 1885 3811 πρὸς

244 3825 464 3895 αὐτοὺς,
494 3827 620 3889 τοὺς
650 3831 923 3899 τιμῶντας
954 3826 1041 3881 καὶ
1095 3829 1409 3903 ἀγαπῶντας
1446 3846 1459 3896 ;
1520 3824 1688 3884 Οὐδὲν
1722 3822 1884 3896 ἄλλο,

246 3915 432 3993 φησὶν,
476 3917 511 3985 ἢ
556 3918 590 3986 ἡ
623 3914 966 3989 ἀποκάλυψις
1023 3919 1118 3969 τοῦ
1175 3920 1438 3990 Χριστοῦ.
1503 3942 1527 3969 υ
1565 3913 1884 3991 Περισσοτέ-

250 4024 359 4081 ρως
421 4004 674 4077 ζηλωτὴς
719 4007 1065 4081 ὑπάρχων.»
1126 4007 1488 4081 Προέκοπτον,
1547 4004 1732 4077 ἐπειδή
1766 4005 1886 4062 λίαν

247 4092 401 4169 ἤμην
433 4095 690 4165 ζηλωτὴς
722 4099 827 4149 τῶν
858 4101 1131 4169 πατρικῶν
1165 4117 1268 4168 μου
1299 4094 1670 4172 παραδόσεων.
1702 4099 1884 4167 "dare,

248 4183 434 4261 φησὶν,
480 4181 738 4239 οὐδέποτε
790 4185 926 4239 κατᾶ
964 4183 1269 4257 κενοδοξίαν
1329 4184 1545 4241 ἐποίουν
1579 4186 1612 4240 ’ὰ
1644 4185 1885 4255 ἐποίουν,

245 4271 393 4329 ἀλλᾶ
455 4274 591 4327 κατὰ
641 4271 811 4342 ζῆλον
872 4272 1026 4343 Θεοῦ,
1078 4275 1122 4329 εἶ
1189 4276 1278 4330 καὶ
1344 4275 1783 4348 πεπλανημένον.
1826 4277 1888 4333 Ὁ

246 4363 338 4418 οὗν
371 4360 510 4435 μηδέ
538 4363 661 4417 τότε
690 4363 825 4416 κατὰ
854 4360 1156 4433 κενοδοξίαν
1183 4387 1236 4419 τι
1268 4369 1466 4435 ποιῶν,
1499 4368 1615 4426 πῶς
1683 4365 1745 4418 ’ἀν
1798 4369 1887 4419 νῦν

249 4453 384 4525 μετᾶ
412 4453 511 4520 τήν
571 4450 862 4527 ἐπίγνωσιν
921 4460 1019 4524 τῆς
1077 4453 1339 4525 ἀληθείας
1391 4453 1682 4529 ἐκήρυττον
1716 4450 1887 4527 ψευδῆ

2007 1887 2234 1942 parere.
2265 1894 2286 1923 ‹ι
2315 1871 2576 1927 Audistis
2600 1872 2779 1928 enim.
2804 1897 2823 1925 ι
2858 1873 3099 1940 Deinde,
3135 1873 3413 1944 quoniam
3439 1873 3653 1928 factam

2004 1961 2115 2032 ipsi
2142 1978 2175 2015 a
2195 1961 2424 2016 Christo
2448 1962 2871 2018 revelationem
2896 1962 3497 2035 ignorabantGalataa,
3522 1980 3655 2018 con-

2003 2048 2241 2105 firmare
2276 2051 2396 2106 vult
2435 2068 2507 2106 ex
2541 2068 2608 2106 eo
2643 2053 2797 2123 quod
2828 2051 3105 2107 ostendat
3143 2068 3205 2106 se
3253 2052 3418 2123 prius
3470 2052 3652 2108 fuisse

2002 2146 2459 2210 persecutorem.
2495 2156 2653 2195 nunc
2676 2146 2874 2195 autem
2903 2145 3147 2212 repente
3182 2144 3643 2194 transmutatum

2003 2244 2153 2294 esse,
2181 2228 2341 2298 quod
2365 2228 2481 2283 nisi
2506 2227 2706 2282 divina
2729 2227 2841 2282 sibi
2862 2227 3063 2298 aliqua
3083 2227 3228 2282 visio
3252 2227 3650 2294 factafuisset,

1999 2332 2376 2388 nequaquam
2398 2322 2641 2388 repente
2665 2317 2811 2371 adeo
2828 2322 3258 2372 transmutatus
3286 2322 3461 2384 esset,
3497 2321 3561 2371 ut
3581 2333 3655 2371 ex

1996 2405 2109 2460 hoc
2124 2406 2390 2477 persuasi
2408 2407 2603 2477 ipsum
2620 2422 2748 2461 esse
2762 2406 2976 2462 Christi
2994 2406 3502 2478 discipulum,nou
3518 2422 3652 2462 eum

1995 2493 2391 2565 despicerent.
2421 2517 2446 2543 α
2472 2496 2657 2550 Meam
2680 2496 3241 2552 conversationem.»
3266 2498 3650 2568 Nequaquam

1994 2590 2192 2638 autem
2209 2600 2279 2639 ex
2311 2584 2626 2639 Palaestina
2658 2585 2717 2639 in
2751 2584 3036 2640 Galatiam
3060 2602 3251 2656 usque
3282 2602 3489 2640 rumor
3510 2602 3645 2656 per-

1989 2674 2259 2743 vasisset,
2283 2673 2398 2728 nisi
2432 2674 2755 2729 vehemens
2779 2681 3126 2746 persecutor
3146 2674 3373 2729 fuisset.
3401 2697 3427 2723 ‹‹
3461 2675 3523 2729 In
3546 2675 3646 2728 Ju-

1992 2762 2240 2817 daiszno.
2273 2785 2297 2811 n
2322 2763 2460 2827 Quae
2491 2763 2601 2817 fuit
2632 2763 2955 2817 necessitas
2989 2762 3244 2817 faciendi
3278 2762 3643 2817 mentionem

1991 2852 2455 2907 conversationis
2488 2852 2549 2905 in
2581 2852 2880 2906 Judaismo
2912 2852 2939 2906 7
2988 2852 3135 2906 Sane
3193 2858 3259 2906 ut
3306 2851 3647 2907 ostenderet

1994 2942 2152 3012 quod
2168 2957 2287 2995 non
2312 2941 2579 3011 opinioni
2596 2941 2969 3007 serviret,sed
2987 2941 3237 2996 veritati.
3259 2942 3457 3011 Neque
3482 2942 3642 2997 enim

1991 3029 2125 3084 odio
2154 3030 2299 3101 legis
2331 3029 2405 3084 ad
2435 3029 2685 3097 gratiam
2728 3028 3104 3100 profugerat:
3158 3030 3350 3100 ipsam
3383 3046 3642 3101 namque

1996 3118 2396 3173 ulciscebatur
2425 3117 2745 3189 1egem,sed
2770 3118 3005 3173 invento
3028 3134 3096 3173 eo
3120 3118 3277 3189 quod
3302 3125 3427 3174 erat
3448 3119 3641 3190 perfe-

1949 3205 1962 3227 ‘
1996 3208 2167 3273 ctius,
2214 3207 2487 3262 discessit
2516 3223 2550 3262 a
2580 3206 2725 3277 lege.
2787 3229 2814 3256 «
2850 3210 2930 3261 Ac
2960 3206 3367 3280 expugnabam
3398 3208 3584 3265 illam.
3616 3231 3644 3258 ››

1994 3298 2121 3352 Non
2148 3297 2339 3352 solum
2374 3297 2562 3367 ipsam
2582 3295 3002 3367 persequebar,
3020 3297 3236 3368 inquit,
3270 3298 3371 3353 sed
3403 3303 3461 3353 et.
3482 3314 3643 3353 ever-

1992 3394 2116 3444 tere
2148 3405 2214 3443 ac
2244 3388 2563 3443 obscurare
2607 3385 2772 3441 illam
2830 3386 3122 3441 conabar:
3183 3388 3295 3441 hoc
3325 3392 3526 3443 autem
3551 3392 3642 3442 est

1994 3501 2022 3530 «
2046 3476 2487 3550 Expugnabam-
2509 3497 2529 3526 ι
2547 3468 2613 3516 :-
2634 3498 2661 3525 «
2684 3479 2754 3531 Et
2774 3476 3179 3547 proficiebam.
3198 3501 3218 3529 ι
3244 3476 3638 3532 Proﬂciebam

1991 3568 2053 3621 in
2102 3566 2483 3638 populatione
2537 3564 2970 3619 Ecclesiarum:
3018 3564 3129 3619 hoc
3178 3569 3287 3628 est,
3346 3564 3636 3619 addebam

1991 3673 2226 3727 semper
2247 3655 2533 3710 utsaevior
2554 3670 2765 3709 essem.
2792 3656 2906 3709 Aut
2928 3653 3338 3725 proﬁciebam,
3363 3653 3422 3707 id
3451 3659 3560 3721 est,
3577 3658 3637 3707 et

1992 3746 2064 3801 ob
2097 3746 2154 3800 id
2177 3744 2545 3800 honorabilis
2577 3760 2738 3799 eram
2769 3742 2923 3814 apud
2941 3742 3192 3797 Judaaos.
3239 3741 3388 3805 Quid
3407 3757 3542 3813 ergo
3576 3741 3635 3795 in

1992 3852 2169 3891 causa
2198 3835 2309 3890 fuit
2338 3840 2403 3889 ut
2423 3839 2666 3905 repente
2688 3832 2911 3887 bellum
2953 3831 3313 3901 susciperem
3357 3829 3637 3883 adversus

1992 3942 2092 3980 eos
2116 3925 2215 3996 qui
2242 3941 2332 3979 me
2352 3924 2411 3978 in
2427 3924 2653 3978 honore
2688 3920 2985 3975 habebant
3005 3936 3072 3974 ac
3095 3917 3459 3990 diligebant?
3479 3917 3637 3971 Nihil

1992 4014 2517 4086 aliud,inquit.nisi
2543 4010 2821 4067 revelatio
2837 4010 3071 4063 Christi.
3101 4031 3127 4059 (ι
3151 4009 3295 4063 Cum
3321 4007 3636 4063 vehemen-

1991 4105 2312 4161 terzelator
2330 4118 2541 4157 essem.
2563 4124 2588 4149 ››
2604 4098 3301 4169 Proﬁciebam,quoniam
3318 4096 3642 4153 admodum

1992 4193 2211 4248 zelator
2231 4206 2393 4245 eram
2418 4187 2766 4242 traditorum
2801 4203 2836 4241 a
2866 4186 3193 4258 majoribus
3224 4187 3375 4241 meis
3408 4186 3644 4241 institu-

1994 4280 2528 4347 torum.Nunquam
2547 4276 2745 4346 itaque
2761 4275 3037 4331 faciebam
3056 4275 3218 4330 inani
3237 4274 3448 4329 ductus
3462 4272 3649 4346 gloria

1994 4386 2124 4439 quea
2138 4366 2426 4422 faciebam
2442 4364 2542 4420 sed
2562 4364 2636 4418 ob
2653 4365 2753 4419 Dei
2773 4365 2961 4419 zelum
2977 4379 3318 4435 quanquam
3332 4376 3647 4417 erroneum

1999 4460 2106 4525 Qui
2130 4474 2265 4529 ergo
2288 4473 2363 4510 ne
2384 4461 2525 4511 tunc
2552 4454 2796 4526 quidem
2850 4455 3014 4510 inani
3037 4460 3233 4510 motus
3263 4453 3451 4525 gloria
3472 4449 3651 4522 quid-

240 4541 337 4597 ’ίνα
421 4542 731 4617 ἀνθρώποις
789 4543 982 4618 ἀρέσω,
1044 4545 1133 4599 καὶ
1196 4546 1272 4618 μὴ
1333 4544 1526 4615 ἐκεῖνα,
1584 4544 1736 4599 ἅτινα
1783 4544 1889 4599 ἀπὸ

2003 4563 2178 4617 quam
2236 4545 2549 4612 faciebam,
2636 4544 2934 4616 quomodo
2986 4560 3145 4599 nunc
3206 4548 3340 4614 post
3389 4539 3653 4596 veritatis

245 4636 494 4706 Χριστοῦ
535 4628 845 4708 παρέλαϐον
883 4653 896 4703 ;

318 4813 451 4870 ’Ὀτε
506 4811 563 4869 δὲ
622 4812 913 4886 εὐδόκησεν
969 4817 996 4870 ὁ
1056 4814 1317 4893 ἀφορίσας
1389 4837 1454 4890 με
1535 4815 1594 4869 ἐκ
1676 4812 1894 4878 κοιλίας

253 4901 461 4975 μητρός
522 4922 629 4975 μου
686 4904 775 4958 καὶ
846 4903 1078 4968 καλέσας
1138 4903 1227 4960 διὰ
1282 4912 1383 4974 τῆς
1442 4906 1672 4984 χάριτος
1729 4904 1893 4959 αὐτοῦ

246 4989 601 5067 ἀποκαλῦψαι
658 4993 749 5048 τὸν
836 4995 959 5049 Υἱόν
1048 4994 1211 5050 αὐτοῦ
1270 4994 1320 5049 ἐν
1381 4988 1531 5067 ἐμοὶ,
1582 4992 1679 5048 ’ίνα
1734 4995 1895 5070 εὐαγ-

246 5076 560 5157 γελίζωμαι
611 5081 771 5138 αὐτὸν
842 5084 893 5138 ἐν
946 5090 1064 5146 τοῖς
1097 5083 1317 5156 ἔθνεσιν,
1353 5085 1547 5147 εὐθέως
1607 5084 1670 5139 οὐ
1722 5105 1890 5161 προσ-

250 5168 523 5241 ανεθέμην
556 5170 712 5244 σαρκὶ
744 5172 832 5227 καὶ
864 5170 1082 5245 α’ίματι.

324 5257 391 5314 Εἰ
422 5257 483 5313 ἐκ
520 5257 737 5323 κοιλίας
766 5261 974 5337 μητρὸς
1008 5262 1176 5317 αὐτοῦ
1207 5262 1483 5342 ἀφώριστο
1514 5263 1648 5336 πρὸς
1678 5264 1741 5317 rb
1792 5264 1893 5333 κή-

248 5368 432 5424 ρυγμα
460 5349 550 5403 καὶ
584 5347 931 5419 ἐπελέλεκτο,
967 5349 1054 5406 διά
1094 5374 1212 5407 τινα
1269 5351 1485 5417 πάντως
1543 5352 1686 5416 θείαν
1747 5352 1896 5406 οἰκο-

241 5438 438 5509 νομίαν
471 5440 563 5494 τὸν
597 5438 759 5513 μέσον
791 5440 943 5511 είᾶθη
987 5441 1207 5515 χρόνον,
1265 5442 1355 5496 ἳνα
1408 5445 1441 5512 ἡ
1500 5440 1672 5503 οὕτως
1731 5441 1897 5496 αὐτοῦ

242 5528 422 5607 ἀφρόα
460 5524 765 5602 μεταϐολὴ,
808 5530 1053 5592 πολλοὺς
1111 5533 1473 5604 πιστώσηται.
1511 5557 1537 5585 ι(
1570 5533 1669 5589 Καὶ
1730 5532 1896 5587 καλέ-

244 5636 340 5679 σας
374 5615 461 5672 διὰ
491 5622 591 5683 τῆς
632 5620 863 5697 χάριτος
920 5619 1104 5675 αὐτοῦ·
1148 5646 1167 5672 ι
1204 5620 1377 5683 Αὐτὸς
1414 5624 1505 5696 μὲν
1570 5622 1643 5684 ὡς
1704 5624 1892 5683 σκεῦος

568 5744 838 5801 Parum.
885 5739 995 5800 Gn.
1046 5741 1301 5801 (.XVIH.

2002 4636 2363 4709 agnitionem
2397 4634 2546 4689 falsa
2574 4633 2895 4706 praedicare
2928 4650 3163 4705 possem
3202 4638 3265 4688 ut
3306 4632 3654 4687 hominibus

2001 4724 2321 4795 placerem,
2357 4728 2415 4777 et
2436 4738 2555 4777 non
2590 4738 2659 4777 ea
2690 4738 2820 4792 qua;
2845 4738 2878 4775 a
2902 4721 3131 4776 (,hristo
3164 4720 3528 4791 accepissem
3557 4719 3586 4773 ‘l

2078 4814 2226 4870 722
2250 4815 2293 4880 Ι,
2336 4815 2414 4875 15,
2454 4813 2537 4865 16.
2573 4811 2758 4865 Atubi
2786 4814 2916 4879 Deo,
2948 4810 3048 4881 qui
3067 4819 3446 4882 segregaverat
3473 4829 3559 4867 me
3590 4811 3658 4868 ab

2003 4910 2157 4957 utero
2188 4904 2379 4957 matris
2408 4916 2559 4965 meae,
2592 4906 2644 4954 et
2684 4902 2899 4955 vocavit
2940 4918 3043 4971 per
3070 4902 3317 4971 gratiam
3347 4919 3521 4972 suam,
3566 4918 3656 4957 re-

2003 4991 2235 5047 velando
2270 4991 2469 5044 Filium
2512 5004 2672 5044 suum
2708 4991 2767 5042 in
2798 5006 2901 5052 me,
2934 4989 3109 5045 visum
3140 4997 3216 5046 est
3269 4998 3331 5046 ut
3373 4991 3654 5061 praedica-

2003 5097 2115 5136 rem
2148 5079 2328 5149 ipsum
2360 5080 2506 5133 inter
2534 5084 2716 5147 gentes
2738 5094 2757 5131 :
2787 5078 3048 5134 continuo
3075 5096 3185 5135 non
3214 5082 3468 5151 acquievi
3498 5082 3660 5136 carni

2004 5178 2054 5226 et
2084 5171 2368 5238 sanguini.

2078 5260 2133 5314 Si
2168 5258 2240 5313 ab
2272 5263 2441 5313 utero
2473 5257 2680 5311 matris
2711 5274 2832 5312 suas
2863 5265 3200 5332 segregatus
3230 5259 3423 5315 fuerat
3444 5266 3505 5315 et
3533 5260 3660 5315 ele-

2006 5355 2155 5413 ctus,
2195 5348 2403 5417 utique
2458 5345 2654 5400 divina
2686 5346 2940 5417 quadam
2979 5348 3423 5420 dispensatione
3457 5347 3657 5403 medio

2008 5445 2275 5511 tempore
2306 5435 2550 5491 relictus
2572 5435 2701 5503 fuit,
2731 5442 2793 5491 ut
2815 5436 2962 5492 adeo
2980 5438 3293 5509 repentina
3322 5438 3506 5509 ipsius
3530 5452 3664 5490 mu-

2006 5529 2149 5585 tatio
2184 5526 2400 5582 multos
2434 5525 2834 5581 confirmaret.
2872 5547 2894 5578 α
2926 5527 2994 5580 Et
3023 5528 3246 5583 vocavit
3276 5545 3381 5599 per
3409 5525 3663 5599 gratiam

2009 5634 2199 5675 suam.
2228 5639 2255 5663 »ι
2282 5619 2410 5688 Ipse
2429 5615 2668 5687 quidem
2690 5620 2974 5687 tanquam
2995 5634 3095 5671 vas
3108 5616 3414 5671 electionis
3427 5617 3670 5668 vocatus

3311 5731 3389 5789 35
