4106 6196
574 351 729 411 1099

1653 347 2077 410 OECUMENII
2125 342 2430 404 TRICCxE
2479 340 2857 406 EPISCOPI.

3793 349 3907 413 1100

573 488 684 550 est,
717 484 861 539 dicit
887 488 1084 536 autem
1115 497 1177 536 se
1203 482 1392 554 gratia
1420 488 1689 540 vocatum
1720 500 1850 539 esse
1882 499 1950 538 ac
1981 482 2031 537 si
2063 480 2213 536 dice-

2334 446 2573 552 ἐκλογῆς
2605 474 2836 548 ἐκλήθη⁹
2882 475 3031 554 λέγει
3064 473 3121 531 δὲ
3173 477 3356 531 ἑαυτὸν
3418 479 3604 555 χάριτι
3653 478 3908 553 κεκλῆσθαι,

574 578 666 626 ret
698 589 711 624 ε
740 576 881 626 Cum
915 569 1195 643 indignus
1222 587 1412 626 essem
1444 578 1503 627 et
1548 588 1669 628 non
1728 572 2003 637 idoneus,
2034 570 2224 644 gratia

572 659 796 714 vocavit
822 675 917 714 me
950 661 1255 716 Dominus.
1292 683 1319 711 ‹‹
1347 662 1683 719 Revelando
1713 663 1927 717 Filium
1960 677 2154 716 suum.
2192 679 2217 711 ι

571 749 1069 821 Pater,inquit,me
1083 752 1306 807 vocavit
1318 753 1632 809 revelando
1649 752 2006 808 mihiFilium
2024 767 2219 807 suum.

572 837 729 893 Dixit
756 844 955 894 autem
1003 862 1029 889 «
1060 844 1122 895 In
1154 857 1272 905 me,
1304 864 1333 891 ››
1366 842 1679 897 ostendere
1709 842 1911 897 volens
1942 857 2065 896 non
2095 839 2223 895 solo

575 945 853 985 sermone
868 948 929 985 se
954 930 1256 999 didicisse,
1274 933 1378 988 sed
1394 939 1452 988 et
1477 941 1676 988 mente
1700 939 1759 989 et
1787 933 1964 989 corde
1990 950 2004 1000 ;
2040 932 2221 987 veluti

570 1019 867 1075 insidente
882 1021 1412 1076 scientiainteriori
1432 1022 1679 1077 homini.
1705 1046 1732 1071 «
1750 1022 2220 1094 Utprmdicarem

571 1107 787 1178 ipsum.
820 1130 848 1159 »
877 1110 1049 1164 Vides
1080 1110 1239 1180 quod
1261 1112 1435 1165 Pater
1457 1112 1560 1182 qui
1592 1111 1819 1166 vocavit
1846 1118 1906 1166 et
1946 1110 2224 1166 revelavit

571 1196 684 1267 ipsi
716 1197 927 1252 Filium
960 1214 1153 1259 suum.
1188 1198 1313 1269 ipse
1346 1216 1481 1254 eum
1514 1199 1963 1271 prmdicatorem
1989 1204 2049 1254 et
2076 1216 2220 1270 apo-

573 1285 791 1340 stolum
840 1286 1178 1341 ordinavit?
1209 1288 1513 1352 Quomodo
1546 1288 1727 1360 igitur
1755 1288 1827 1343 ab
1877 1285 2221 1343 hominibus

572 1375 772 1445 accepi
814 1381 873 1429 et
902 1376 1145 1431 edoctus
1176 1393 1307 1431 sum
1338 1377 1820 1447 praedicationem
1842 1378 1870 1432 ‘l
1899 1376 2223 1431 Confestim

573 1480 694 1518 non
713 1464 1000 1520 declinavi
1027 1465 1101 1520 ad
1125 1467 1537 1522 remissionem
1562 1473 1621 1522 et
1644 1466 1956 1522 mollitiem
1981 1482 1994 1520 :
2027 1482 2219 1538 neque

573 1554 740 1623 quasi
769 1570 1049 1626 magnum
1073 1554 1300 1626 aliquid
1323 1562 1602 1628 operatus
1621 1572 1838 1623 essem,
1872 1556 1934 1610 in
1963 1556 2150 1610 otium
2164 1560 2221 1609 et

570 1641 991 1715 negligentiam
1023 1644 1205 1699 recidi
1231 1663 1244 1711 ;
1281 1645 1384 1700 sed
1406 1648 1617 1701 fortem
1649 1663 1717 1701 ac
1750 1644 2004 1718 rigidum
2035 1646 2220 1699 Evan-

568 1731 961 1803 geliicursum
991 1739 1340 1804 prosecutus
1367 1751 1497 1789 sum
1536 1766 1604 1773 —
1625 1737 1729 1790 Αιιι
1754 1735 1852 1789 hoc
1880 1733 2057 1788 modo.
2093 1734 2220 1787 Non

570 1821 873 1892 antiquius
894 1821 1074 1876 habui
1100 1822 1295 1878 videre
1314 1830 1593 1895 cognatos
1611 1829 1713 1879 aut
1735 1823 1972 1878 domum
2003 1826 2106 1877 aut
2126 1838 2221 1876 so-

570 1908 736 1965 dales
765 1915 867 1965 aut
904 1911 1178 1982 patriam.
1241 1912 1347 1966 sed
1391 1913 1668 1968 omnibus
1727 1912 1948 1968 relictis
2006 1912 2221 1982 (neque

574 1999 734 2053 enim
765 1999 827 2054 in
858 1999 968 2055 hoc
989 2001 1162 2054 Petro
1193 2017 1260 2056 ac
1288 2002 1514 2057 Joanne
1545 2019 1678 2057 sum
1701 2001 1990 2073 inferior),
2023 2000 2222 2055 statim

574 2091 635 2144 in
656 2092 1005 2147 Damascum
1026 2099 1082 2147 et
1096 2094 1155 2147 in
1170 2094 1448 2149 Arabiam
1460 2094 1636 2149 etiam
1651 2093 1724 2149 ad
1738 2093 2220 2165 praedicationem

576 2180 829 2236 cucurri.
862 2203 888 2231 «
921 2183 1047 2235 Non
1069 2182 1293 2237 contuli
1325 2199 1459 2238 cum
1492 2200 1669 2238 carne
1701 2188 1760 2239 et
1789 2182 2097 2255 sanguine.
2139 2178 2218 2237 Οὐ

578 2263 982 2338 προσανεθέμην
1031 2269 1187 2341 σαρκί
1225 2267 1315 2322 καὶ
1346 2269 1557 2341 αἶ’ματι,
1594 2294 1624 2321 ››
1683 2270 1868 2342 (Quod
1925 2287 2035 2326 nos
2082 2269 2218 2324 reli-

577 2372 725 2427 quos
749 2358 934 2412 secuti
967 2359 1321 2430 interpretes
1351 2361 1671 2417 vertimus:
1709 2383 1733 2413 α
1778 2362 1903 2416 Non
1954 2357 2219 2431 acquievi

573 2448 737 2503 carni
767 2454 825 2502 et
857 2450 1163 2521 sanguini;
1198 2474 1223 2497 »ι
1248 2468 1386 2506 nam
1419 2457 1478 2507 et
1506 2451 1664 2506 hunc
1723 2468 1964 2506 sensum
2023 2449 2222 2522 priora

572 2536 801 2593 scholia
833 2538 1217 2609 indicarunt.)
1250 2542 1374 2595 Non
1424 2540 1729 2605 descendi,
1757 2540 1971 2610 inquit,
2005 2539 2065 2593 in
2098 2556 2218 2593 ser-

570 2643 744 2681 mone
767 2645 901 2683 cum
925 2629 1211 2699 apostolis
1233 2630 1305 2684 de
1328 2630 1766 2701 praedicatione,
1797 2633 2112 2683 contentus
2133 2627 2220 2682 di-

567 2716 701 2772 vina
721 2718 1101 2773 revelatione.
1137 2722 1255 2775 Hoc
1276 2725 1476 2774 autem
1498 2718 1646 2774 dicit
1666 2717 1987 2774 ostendens
2010 2716 2169 2788 quod
2188 2732 2223 2770 a

2326 564 2371 619 ὡ
2440 565 2453 581 ε
2512 565 2540 587 τ
2690 570 2702 591 9
3091 566 3101 583 ν
3380 565 3411 583 ’⁷
3583 563 3631 587 ’λ
3822 572 3830 589 ν

2376 585 2456 620 σει
2489 586 2665 635 ειπενη
2708 566 2937 638 Δνάξιόν
2973 586 3041 640 με
3070 566 3200 620 ὂντα
3227 566 3316 620 καὶ
3368 582 3753 645 ανεπιτηοειον,
3774 591 3912 647 χαριτι

2325 652 2590 725 κέκληκεν
2624 656 2654 709 ὁ
2684 654 2903 731 Κύριος,
2954 679 2983 706 ‹‹
3017 653 3398 729 ’Λποκαλῦψαι
3456 656 3549 710 τὸν
3582 657 3697 712 Υἱὸν
3722 658 3870 718 αὐτοῦ.
3894 690 3912 714 ι

2326 745 2388 801 Ὁ
2416 746 2602 818 Πατήρ
2664 764 2752 816 με,
2804 744 2991 821 φησὶν,
3033 743 3305 813 ἐκάλεσεν,
3357 743 3452 800 ἐπὶ
3501 749 3580 813 τῷ
3642 745 3915 823 ἀνακσλῦψιί

2333 854 2427 907 μοι
2485 832 2577 888 τὸν
2639 833 2763 888 Υὶὸν
2827 834 3013 889 αὐτοῦ.
3076 859 3103 885 ‹‹
3139 835 3226 890 Ἐν
3283 833 3410 906 ἐμοὶ
3442 857 3472 885 ››
3534 831 3593 888 δὲ
3647 835 3770 905 εἶπε,
3798 836 3916 909 δεῖξαι

2328 920 2502 986 θὲλων
2538 920 2600 976 ού
2633 919 2792 997 λόγῳ
2853 917 3019 996 μόνον
3078 923 3316 996 μαθόντα
3372 922 3560 988 αὐτὸν,
3619 922 3754 978 ἀλλά
3776 926 3918 1000 nivi}

2326 1012 2419 1066 καὶ
2451 1008 2651 1086 βαρδίᾳ
2683 1012 2804 1066 οἷον
2852 1011 2930 1073 εἷς
2984 1010 3076 1065 τὸν
3105 1004 3212 1065 ἔσω
3268 1009 3559 1087 ἄνθρωπον
3610 1018 3704 1081 τῆς
3731 1016 3919 1085 γνώσεως

2329 1099 2672 1172 ἐνιζησάσης.
2712 1123 2737 1153 ιι
2770 1102 2884 1157 Ἵνα
2932 1099 3373 1175 εὐαγγελίζωμαι
3430 1100 3623 1156 αὐτόν.
3656 1125 3681 1151 ι»
3708 1103 3841 1177 Ὁρᾷς
3864 1106 3918 1159 δτι

2329 1188 2357 1243 ὁ
2398 1187 2635 1253 καλέσας
2693 1192 2881 1265 Πατὴρ
2940 1190 3029 1244 καὶ
3082 1187 3449 1263 ἀποκαλύψας
3514 1189 3665 1263 αύτῷ
3716 1190 3796 1246 τόν
3836 1194 3919 1248 Υἱὸν

2330 1279 2518 1347 αὐτοῦ,
2548 1276 2709 1342 αὕτὸς
2742 1275 2905 1337 αῧτόν
2932 1281 3146 1353 κήρυκα
3179 1279 3273 1334 καὶ
3330 1277 3648 1335 ἀπόστολον
3704 1280 3919 1355 ἐχειροτὸε

2327 1387 2501 1439 νησε;
2538 1373 2659 1431 Πῶς
2719 1369 2836 1438 οὖν,
2897 1369 3053 1448 φησὶ,
3109 1369 3256 1443 παρά
3311 1368 3621 1444 ἀνθρώπων
3677 1366 3921 1445 παρέλαϐον

2326 1458 2418 1512 καὶ
2448 1455 2746 1535 ἐδιδάχθην
2776 1458 2837 1513 τὸ
2862 1460 3123 1535 κήρυγμα
3155 1477 3170 1528 ;
3208 1460 3426 1523 Εὐθέως
3458 1458 3565 1514 οῦκ
3594 1457 3831 1513 ἀπέκλινα
3868 1461 3921 1522 εἰς

2328 1546 2502 1602 ἄνεσιν
2535 1547 2626 1602 καὶ
2659 1545 3008 1617 ἡδυπάθειαν,
3043 1547 3104 1603 οὐ
3136 1544 3185 1602 δ’
3237 1548 3313 1611 ὡς
3374 1547 3522 1624 μέγα
3579 1569 3633 1603 τι
3689 1560 3921 1623 κατωρθω-

2327 1635 2461 1705 κὼς,
2494 1635 2569 1697 εἰς
2600 1635 2881 1711 ῥᾳστώνην
2913 1635 3003 1690 καὶ
3062 1634 3357 1711 ὀλιγωρίαν
3389 1634 3651 1704 ἀνέπεσα,
3679 1634 3811 1690 ἀλλὰ
3833 1637 3923 1689 σύν-

2325 1744 2478 1778 τονον
2509 1723 2601 1779 τὸν
2640 1728 2737 1779 τοῦ
2780 1721 3123 1801 Εὑαγγελῖου
3173 1721 3379 1799 δρόμον
3439 1724 3767 1797 ἐποιούμην.
3803 1726 3918 1780 -Ἦ

2328 1809 2523 1871 οὕτως.
2556 1811 2634 1869 Ού
2680 1813 3140 1886 προετιμησάμην
3206 1810 3335 1865 ἰδεῖν
3375 1817 3686 1888 συγγενεῖς,
3712 1812 3744 1881 ἢ
3774 1810 3921 1877 οῗκὶσν,

2329 1898 2366 1968 ἢ
2398 1902 2669 1971 συνήθεις,
2722 1898 2758 1969 ἢ
2813 1897 3099 1976 πρατρίδα,
3146 1898 3293 1955 ἀλλά
3365 1901 3549 1956 πάντα
3603 1899 3770 1955 λιπὼν
3815 1896 3921 1973 (οὐδὲ

2331 1992 2433 2066 γὰρ
2466 1990 2517 2043 ἐν
2544 1989 2760 2053 τούτοις
2793 1994 2899 2043 τῶν
2932 1990 3053 2065 περὶ
3100 1989 3302 2064 Πέτρον
3357 1991 3450 2044 καὶ
3517 1990 3756 2060 Ἰωάννην
3805 1988 3919 2043 ἐλατο

2329 2080 2574 2153 τοῦμαι),
2628 2077 2824 2141 εύθέως
2861 2078 2937 2141 εἰς
2997 2074 3254 2153 Ἀραϐίαν
3302 2080 3395 2134 καὶ
3457 2078 3539 2141 εἷς
3579 2078 3836 2152 Δαμασκὸν
3858 2077 3920 2132 καὶ

2330 2166 2405 2230 εἷς
2438 2168 2500 2223 τὸ
2531 2168 2795 2244 κήρυγμα
2850 2163 3101 2244 ἔτρεχον.
3152 2192 3179 2220 (ι
3215 2167 3295 2225 Οὖ
3345 2170 3756 2242 προσανεθέμην
3806 2164 3919 2240 σαρκὶ

2329 2258 2418 2313 καὶ
2448 2254 2658 2331 α’ίματι.
2693 2256 2805 2313 Ούκ
2853 2256 3025 2326 ἦλθον
3060 2255 3136 2320 εἰς
3197 2255 3423 2333 λόγους,
3484 2257 3646 2335 φησὶ,
3675 2261 3781 2317 τοῖς
3826 2256 3922 2308 ἀπο·

2332 2345 2552 2411 στόλοις
2614 2347 2738 2425 περὶ
2797 2350 2892 2403 τοῦ
2946 2345 3316 2423 κηρύγματος,
3376 2345 3658 2421 ἀρκεσθεὶς
3711 2347 3774 2417 τῇ
3838 2344 3921 2413 θείᾳ

2330 2437 2693 2513 ἀποκαλύψει.
2749 2441 2928 2495 Τοῦτο
2987 2435 3043 2493 δέ
3099 2459 3254 2515 φησι,
3316 2436 3531 2499 δεικνὺς
3586 2436 3668 2492 δτι
3721 2436 3777 2490 οὗ
3819 2434 3925 2506 παρὰ

2328 2534 2436 2585 τῶν
2468 2532 2726 2602 μαθητῶν
2754 2522 2918 2600 ἔμαθε
2961 2527 3024 2581 τὸ
3080 2529 3364 2604 κήρυγμα,
3423 2526 3578 2583 ἀλλά
3636 2526 3755 2599 παρ’
3803 2523 3924 2578 αὐτοῦ

2327 2622 2427 2674 τοῦ
2485 2621 2743 2693 Χριστοῦ.
2795 2617 2861 2674 Οἱ
2908 2616 3010 2693 γὰρ
3070 2612 3464 2678 διαϐάλλοντες
3508 2612 3693 2687 αὐτόν,
3747 2609 3924 2692 ἔφασκον

2330 2710 2627 2784 ἀνθρώπων
2662 2709 2797 2762 εἶναι
2825 2708 2912 2763 καὶ
2947 2709 3178 2782 Χριστοῦ
3207 2710 3479 2780 μαθητήν,

569 2805 876 2877 discipulis
908 2807 1392 2879 prmdicationem
1423 2824 1542 2864 non
1572 2808 1866 2875 didicerit,
1903 2806 2006 2862 sed
2035 2805 2111 2861 ad
2142 2805 2269 2877 ipso
2301 2801 2556 2865 Christo,
2602 2802 2747 2855 Nam
2782 2799 2883 2870 qui
2931 2814 3067 2853 eum
3121 2798 3664 2866 calumniabantur,
3706 2794 3925 2852 dicebant

568 2895 763 2965 ipsum
794 2896 1121 2965 hominum,
1154 2914 1274 2953 non
1305 2898 1522 2953 Christi
1545 2914 1674 2953 esse
1705 2896 2084 2968 discipulum.

639 3042 684 3097 Ι.
719 3044 903 3097 17-19.
930 3066 957 3093 ‹‹
992 3045 1189 3115 Neque
1208 3044 1355 3100 redii
1381 3044 1846 3116 Hierosolymam
1878 3042 1951 3098 ad
1983 3058 2084 3097 eos
2113 3041 2213 3111 qui

2398 3030 2535 3088 Οὐδὲ
2592 3029 2833 3103 ἀνῆλθον
2919 3032 2995 3094 εἰς
3079 3029 3436 3107 Ἰεροσόλυμα
3495 3031 3636 3109 πρὸς
3685 3026 3915 3116 τοῦςέπρό

573 3153 602 3182 ‹‹
634 3137 772 3188 ante
824 3149 915 3188 me
960 3132 1195 3188 fuerant
1234 3134 1510 3205 apostoli,
1545 3134 1647 3189 sed
1679 3134 1796 3188 abii
1829 3133 1889 3188 in
1920 3131 2218 3196 Arabiam,

571 3243 601 3271 «
634 3238 701 3277 ac
732 3221 927 3277 denuo
959 3238 1229 3278 reversus
1274 3240 1404 3277 sum
1437 3224 1808 3289 Damascum,
1831 3220 2058 3289 Ideinde
2087 3223 2223 3291 post

576 3330 604 3357 ‹‹
634 3325 823 3363 annos
857 3315 976 3363 tres
1008 3310 1155 3365 redii
1190 3311 1688 3382 Hierosolymam,
1720 3316 1785 3365 ut
1813 3309 2074 3366 viderem
2108 3310 2218 3362 Pe-

574 3417 602 3444 ‹‹
636 3401 815 3461 trum,
850 3403 907 3451 et
936 3398 1128 3452 mansi
1160 3399 1316 3468 apud
1349 3416 1485 3454 eum
1508 3400 1636 3455 dies
1668 3399 2030 3471 quindecim.
2066 3398 2217 3453 728

576 3504 605 3533 ι(
635 3482 833 3538 Alium
852 3491 1051 3540 autem
1079 3501 1147 3540 ex
1164 3488 1448 3557 apostolis
1472 3505 1591 3543 non
1623 3488 1761 3556 vidi,
1793 3488 1908 3543 nisi
1936 3486 2218 3543 Jacobum

571 3597 598 3624 «
631 3574 877 3630 fratrem
910 3576 1166 3633 Domini.
1200 3598 1227 3628 »

640 3786 803 3842 Idem
833 3787 981 3843 dixit
1010 3785 1404 3855 manifestius,
1431 3783 1750 3841 ostendens
1772 3784 1929 3855 quod
1953 3801 2071 3839 non
2093 3783 2217 3840 fue-

569 3877 648 3931 rit
677 3877 750 3931 ab
783 3876 1067 3949 apostolis
1098 3877 1360 3942 edoctus,
1388 3875 1491 3930 sed
1522 3874 1593 3929 ab
1626 3875 1753 3946 ipso
1789 3874 2041 3928 Christo.
2090 3876 2215 3929 Non

572 3965 744 4030 redii,
777 3966 991 4036 inquit,
1025 3965 1497 4036 Hierosolymam
1555 3970 1620 4019 ut
1675 3963 1933 4018 viderem
1983 3980 2081 4019 eos
2113 3968 2214 4035 qui

572 4058 709 4106 ante
738 4068 830 4105 me
854 4054 1376 4124 fuerantapostoli,
1402 4059 1457 4109 et
1480 4052 1703 4124 aliquid
1725 4053 1796 4109 ab
1821 4053 1906 4107 eis
1930 4052 2189 4108 dicerem

570 4139 872 4210 Siquidem
914 4141 1197 4197 Damasco
1228 4142 1407 4198 rediit
1439 4142 1925 4213 Hierosolymam,
1966 4149 2031 4197 ut
2056 4142 2211 4198 indi-

569 4234 704 4283 cant
728 4231 870 4285 Acta
900 4230 1304 4302 apostolorum
1328 4232 1368 4297 ¹,
1393 4240 1451 4288 at
1469 4250 1587 4287 non
1621 4232 1693 4288 ad
1713 4232 2084 4298 discendum,
2110 4232 2213 4288 sed

568 4318 1011 4390 praadicandum
1040 4323 1233 4395 ipsum
1257 4323 1553 4379 Christum
1581 4329 1638 4379 et
1657 4324 1990 4379 docendum
2010 4324 2209 4381 fidem.

2327 3123 2463 3198 ἐμοῦ
2523 3120 2889 3193 ἀποστόλους,
2976 3120 3122 3177 ἀλλὰ
3201 3120 3447 3191 ἀπῆλθον
3536 3121 3613 3184 εἷς
3696 3112 3913 3193 Ἀραϐίαν,

2325 3213 2415 3268 καὶ
2481 3212 2650 3268 πάλιν
2711 3212 3016 3287 ὑπεστρεψα
3073 3210 3150 3273 εἷς
3208 3211 3536 3285 Δαμασκόν,
3598 3213 3803 3266 Ἔπειτα
3847 3226 3912 3259 κα-

2325 3303 2391 3359 τὰ
2439 3300 2535 3375 ἓτη
2595 3302 2739 3377 τρία,
2800 3300 3038 3372 ἀνῆλθον
3096 3302 3173 3364 εἷς
3245 3303 3607 3377 Ἰεροσόλυμα
3690 3302 3913 3372 ἱστορῆσαι

2328 3391 2525 3469 Πέτρον
2561 3436 2578 3461 ,
2636 3392 2726 3447 καὶ
2785 3390 3041 3465 ἐπέμεινα
3121 3393 3258 3467 πρὸς
3313 3392 3472 3447 αὑτὸν
3550 3389 3752 3465 ἡμέρας
3799 3385 3914 3441 δέκα·

2327 3483 2503 3538 πὲντε.
2536 3481 2760 3557 Ἕτερον
2801 3476 2858 3534 δὶ
2913 3484 3020 3534 τῶν
3076 3478 3397 3535 ἀπόστολων
3458 3479 3561 3536 οὐκ
3620 3476 3769 3545 εἶδον,
3796 3474 3831 3530 εἰ
3858 3472 3912 3547 μή

2325 3565 2583 3629 Ἰάκωϐον
2613 3570 2704 3626 τὸν
2744 3565 2978 3644 ἀδελφὸν
3010 3572 3106 3624 τοῦ
3138 3569 3364 3644 Κυρίου.

2397 3768 2732 3851 Σαφὲστερον
2764 3770 2894 3826 αὐτὸ
2943 3772 3082 3838 εἷπε,
3142 3768 3345 3834 δεικνὺς
3404 3771 3481 3834 ὠς
3543 3771 3606 3828 οὐ
3662 3768 3794 3845 παρὰ
3835 3767 3910 3819 τῶν

2324 3859 2646 3918 ἀποστόλων
2677 3857 2965 3934 ἐδιδάχθη,
2998 3858 3145 3915 ἀλλὰ
3174 3862 3298 3935 παρ’
3327 3860 3493 3916 αὐτοῦ
3552 3865 3649 3917 τοῦ
3703 3856 3903 3933 Ῡριστοῦ.

2322 3952 2435 4010 Οὐκ
2485 3948 2747 4021 ἀνῆλθον,
2787 3950 2972 4028 φησὶν,
3014 3949 3090 4012 εἰς
3121 3950 3501 4025 Ἰεροσόλυμα,
3563 3952 3696 4028 πρὸς
3744 3947 3799 4003 τὸ
3821 3942 3908 3997 θεά-

2322 4045 2508 4098 σασθαι
2540 4041 2666 4104 τοὺς
2725 4039 2830 4116 πρὸ
2886 4039 3020 4114 ἐμοῦ
3068 4040 3408 4101 ἀποστόλους
3438 4042 3531 4095 καὶ
3598 4041 3772 4115 μαθεῖν
3808 4029 3904 4100 τιέξ

2320 4133 2517 4189 αὐτῶν.
2554 4128 2782 4200 Ἀνῆλθε
2816 4129 2909 4202 μὶν
2943 4129 3047 4206 γὰρ
3089 4129 3166 4190 εἰς
3220 4129 3583 4204 Ἱεροσόλυμα
3608 4130 3708 4185 ἀπὸ
3766 4133 3906 4194 Δαμα-

2321 4222 2472 4289 σκοῦ,
2506 4220 2579 4283 ὠς
2614 4218 2876 4291 δηλοῦσιν
2908 4219 2962 4273 αἱ
2994 4217 3236 4291 Ιίράξεις,
3270 4216 3397 4273 ἀλλ’
3429 4217 3531 4273 ούκ
3570 4218 3655 4274 ἐπὶ
3716 4219 3785 4286 τῷ
3833 4226 3903 4281 μα’

2320 4315 2594 4384 θητεῦσαι,
2628 4305 2756 4362 ἀλλ’
2784 4307 2872 4363 ἐπὶ
2901 4312 2982 4380 τῷ
3010 4307 3100 4362 καὶ
3132 4307 3289 4362 αὐτὸν
3330 4308 3622 4381 κηρύσσειν
3678 4305 3760 4361 τὸν
3808 4300 3903 4372 Χρι·

566 4412 711 4467 Nam
742 4418 801 4468 et
830 4430 897 4469 eo
924 4414 1099 4470 modo
1123 4433 1239 4487 quo
1266 4417 1327 4471 in
1371 4417 1643 4473 Arabiam
1675 4417 1959 4482 abieram,
1993 4417 2206 4489 inquit,

2322 4405 2468 4475 στὸν,
2498 4401 2588 4456 καὶ
2618 4401 2718 4469 τὴν
2757 4399 2935 4454 πίστιν
2997 4396 3293 4458 διδάσκειν,
3358 4399 3457 4454 Καὶ
3513 4400 3619 4475 γὰρ
3675 4398 3727 4452 ὃν
3752 4391 3901 4467 τρόπον

566 4501 1382 4577 praadicaturus,rursumque
1402 4506 1780 4561 Damascum:
1802 4506 2008 4562 eodem
2033 4506 2205 4561 modo

565 4595 624 4646 et
654 4592 1145 4665 Hierosolymam.
1189 4596 1329 4650 Post
1357 4600 1477 4650 tres
1508 4601 1705 4650 autem
1768 4612 1958 4650 annos
2007 4595 2078 4651 ab
2113 4595 2204 4650 in-

564 4688 732 4754 cepta
762 4683 1183 4755 praedicatione
1210 4690 1266 4739 et
1298 4684 1565 4739 doctrina
1604 4701 1737 4739 mea
1767 4684 1917 4738 redii
1953 4689 2020 4738 ut
2050 4683 2209 4738 vide-

562 4787 688 4825 rem
718 4773 979 4839 Petrum,
1012 4790 1130 4828 non
1158 4780 1222 4829 ut
1283 4773 1510 4844 aliquid
1560 4772 1633 4829 ab
1689 4773 1816 4844 ipso
1869 4771 2203 4827 discerem:

554 4858 681 4928 jam
703 4862 859 4915 enim
878 4863 1259 4932 Evangelium
1279 4862 1709 4919 annuntiabam
1733 4868 1792 4916 et
1810 4860 2204 4933 praedicabant

564 4967 591 4993 «
626 4945 737 5002 Sed
771 4949 889 5002 adii
922 4951 983 5004 in
1017 4952 1313 5008 Arabiam.
1350 4973 1374 5003 ι
1400 4952 1660 5008 Narratis
1686 4950 1758 5007 ad
1778 4968 1924 5024 quas
1956 4948 2201 5018 adierat,

562 5036 915 5104 civitatibus,
951 5044 1181 5116 egregia
1212 5060 1392 5116 opera
1422 5044 1559 5100 silet
1614 5061 1744 5117 quas
1792 5042 1874 5097 ibi
1930 5042 2084 5099 facta
2130 5040 2201 5097 ab

560 5125 687 5197 ipso
720 5134 907 5189 erant.
935 5132 1092 5200 quod
1116 5149 1344 5206 magna:
1367 5140 1495 5189 erat
1523 5134 1705 5190 animi
1734 5132 2061 5189 modestiae.
2100 5132 2205 5187 «Ut

554 5215 812 5270 viderem
831 5217 1123 5275 Petrum.»
1138 5222 1659 5280 Consideraanimi
1680 5222 2049 5279 modestiam.
2073 5223 2204 5278 Post

552 5310 640 5359 tot
656 5310 938 5378 tantaque
962 5312 1283 5367 certamina
1305 5313 1449 5368 abiit
1472 5320 1536 5369 ut
1557 5315 2037 5370 videretPetrum
2072 5317 2198 5367 tan-

549 5412 726 5466 quam
759 5397 1070 5469 majorem.
1107 5400 1176 5454 Ut
1231 5407 1430 5457 autem
1463 5404 1642 5458 etiam
1703 5409 1990 5473 maneret,
2024 5418 2201 5458 causa

544 5484 789 5543 honoris
822 5504 998 5559 quem
1030 5489 1203 5545 Petro
1245 5489 1567 5561 deferebat,
1627 5498 1823 5548 actum
1886 5497 1994 5547 est.
2056 5490 2198 5546 Vide

543 5582 745 5632 autem
770 5577 1068 5650 quomodo
1094 5585 1264 5636 caute
1295 5580 1453 5637 dicat
1479 5597 1491 5636 :
1528 5604 1554 5631 ‹‹
1582 5582 1764 5637 Mansi
1790 5580 1945 5653 apud
1986 5597 2142 5652 eum,
2168 5601 2196 5629 »

538 5682 659 5722 non
701 5669 945 5726 edoctus
1006 5687 1159 5727 sum.
1228 5694 1248 5721 ι
1288 5669 1481 5728 Alium
1523 5677 1722 5728 autem
1782 5687 1853 5727 ex
1903 5669 2196 5742 apostolis

2316 4486 2676 4566 εῗςἈραϐίαν
2718 4488 2937 4565 ἀπῄειν,
2995 4489 3154 4567 φησὶ,
3211 4489 3486 4566 κηρύξων,
3541 4489 3632 4545 καὶ
3687 4483 3827 4542 πάλιν
3852 4474 3903 4535 εἷς

2315 4580 2620 4654 Δαμασκὸν,
2672 4579 2763 4634 τὸν
2823 4576 2981 4633 αὐτὸν
3037 4577 3240 4653 τρόπον
3299 4579 3391 4634 καὶ
3449 4577 3524 4642 εἷς
3586 4570 3900 4653 Ἰεροσόλυμα.

2316 4676 2464 4733 Μετά
2495 4671 2551 4728 δε
2589 4668 2681 4743 ἔτη
2741 4671 2863 4746 τρία
2916 4676 3014 4727 τοῦ
3070 4672 3356 4747 κηρύσσειν
3396 4695 3462 4747 με
3513 4675 3606 4728 καὶ
3664 4668 3900 4725 διδάσκειν,

2314 4760 2550 4834 ἀνῆλθον
2585 4758 2716 4816 ἰδεῖν
2751 4760 2973 4831 Πέτρον,
3006 4781 3071 4816 ου
3103 4766 3294 4835 μαθεῖν
3324 4783 3378 4816 τι
3408 4764 3534 4838 παρ’
3577 4762 3749 4817 αὐτοῦ.
3792 4747 3895 4838 Ἤδη

2311 4852 2410 4927 γὰρ
2471 4849 2579 4926 ἐγὼ
2669 4848 3108 4926 εὐηγγελιζομην
3188 4850 3281 4905 καὶ
3340 4835 3656 4923 ἐκήρυσσον.
3712 4873 3737 4899 ι(
3769 4835 3898 4901 Ἀλλά

2312 4938 2560 5010 ἀπῆλθον
2597 4937 2673 4999 εἷς
2732 4934 3008 5013 Ἀραϐίαν.
3044 4964 3071 4990 »
3130 4938 3240 5001 Τὰς
3288 4938 3480 5002 πόλεις
3534 4939 3694 4995 εἰπὼν
3742 4933 3787 4989 ἐν
3831 4927 3895 4983 αἷς

2313 5030 2548 5101 ἀπῆλθε,
2595 5030 2664 5085 τὰ
2714 5026 2827 5083 ἐκεῖ
2880 5030 3141 5103 γενόμενα
3191 5029 3339 5103 αύτῷ
3394 5032 3773 5105 κατορθώματα
3804 5037 3896 5073 σιω·

2312 5125 2385 5192 πᾷ
2426 5118 2558 5196 ὅπερ
2616 5115 2835 5188 πολλῆς
2891 5116 2959 5186 ἧν
3016 5118 3567 5194 ταπεινοφροσύνης..
3615 5140 3636 5168 ι
3670 5114 3889 5208 Inopia“:

2312 5211 2538 5286 Πέτρον.
2575 5232 2604 5259 ››
2683 5214 2818 5282 Ὅρα
2898 5207 3243 5263 ταπείνωσιν
3322 5210 3456 5283 μετά
3525 5205 3790 5264 τοσούτους
3829 5205 3889 5286 lii“

2308 5299 2591 5360 τοιούτους
2626 5298 2839 5375 ἀγῶνας
2898 5296 3063 5372 ἀπῂει
3115 5299 3424 5374 ῖστορήσων
3454 5299 3680 5370 Πέτρον,
3715 5292 3778 5352 ὡς
3803 5279 3866 5358 μεί

2312 5397 2458 5462 ζονα.
2495 5385 2592 5443 Καὶ
2620 5386 2683 5440 τὸ
2723 5391 3043 5461 προσμεῖναι
3077 5383 3155 5454 δὲ,
3185 5394 3287 5458 τῆς
3344 5388 3470 5462 περὶ
3531 5389 3721 5462 Πέτρον
3769 5376 3888 5447 τιμῆς

2305 5482 2476 5539 ἕνεκεν
2511 5477 2737 5554 ἐγένετο.
2794 5479 2908 5553 Ορα
2967 5475 3024 5532 δὲ
3077 5482 3193 5541 πῶς
3248 5478 3506 5558 ἀσφαλῶς
3553 5478 3722 5535 λαλεῖ·
3760 5469 3890 5558 ι-Ὲτθ

2308 5572 2515 5646 ἔμεινα,
2574 5567 2731 5637 conci,
2810 5567 2945 5641 πρὸς
3024 5565 3202 5636 αὐτὸν,
3237 5592 3260 5617 η
3331 5556 3412 5622 -ού
3470 5569 3579 5641 μὴν
3629 5556 3884 5646 ἐδιδάχθηῇ

2305 5686 2332 5714 «
2366 5664 2587 5733 Ἕτερον
2622 5654 2678 5709 δὲ
2706 5658 2813 5709 τῶν
2848 5655 3169 5710 ἀποστόλων
3221 5656 3320 5711 οὐκ
3350 5653 3517 5714 εἶδον.
3554 5681 3582 5709 ι»
3612 5658 3670 5713 Ὁ
3699 5653 3763 5726 μὴ
3789 5639 3879 5697 ἰδών
