4106 6196
226 364 374 427 1101

213 516 356 568 τινα,
383 517 502 561 πως
538 499 599 553 ἄν
632 496 800 573 ἔμαθε
828 501 959 576 παρ’
990 499 1168 556 αὐτῶν
1206 521 1220 571 ;

214 588 438 660 Κυρίου.
475 612 505 641 ››
551 589 667 646 υύκ
704 590 795 659 ἦν,
829 590 955 647 ἀλλ’
1014 591 1324 664 ἐνομίζετο,
1371 590 1521 660 πλὴν
1576 591 1665 646 ἳνα
1704 588 1866 644 αὐτὸν

210 675 409 752 ἐπάρῃ,
440 675 694 770 ἀδελφῶν
727 676 891 735 καλεῖ
919 684 1019 735 τοῦ
1049 680 1275 757 Κυρίου.

286 859 356 915 ’Δ
388 855 446 913 δὲ
473 859 664 937 γράφω
718 862 874 934 ὑμῖν,
933 858 1052 917 ἰδοὺ
1120 861 1357 918 ἐνώπιον
1415 866 1512 919 τοῦ
1569 866 1724 931 Θεοῦ,
1782 860 1870 917 ὅτι

215 948 281 1003 οὖ
367 947 657 1024 ψεύδομαι.
720 953 949 1009 Ἔπειτα
999 951 1172 1021 ἦλθον
1232 954 1307 1015 εἰς
1360 953 1428 1008 τὰ
1482 951 1724 1026 κλίματα
1766 958 1868 1021 τῆς

219 1037 416 1113 Συρίας
482 1040 573 1095 καὶ
649 1048 752 1111 τῆς
802 1040 1081 1106 Κιλικίας.
1143 1044 1330 1117 Ἤμην
1390 1040 1447 1098 δὲ
1502 1040 1866 1117 ἀγνοοὺμενος

216 1131 296 1200 τῷ
356 1131 635 1204 προσώπῳ
692 1136 813 1193 ταῖς
873 1130 1225 1202 Ἐκκλησίαις
1281 1139 1382 1201 τῆς
1437 1131 1704 1195 Ἰουδαίας
1745 1136 1866 1192 ταῖς

219 1215 273 1271 ἰν
304 1218 540 1290 Χριστῷ.
576 1218 758 1275 Μόνον
818 1217 876 1274 δὶ
930 1220 1219 1283 ἁκοόοντες
1276 1221 1438 1293 ἦσαν,
1497 1222 1581 1276 δτι
1639 1221 1702 1278 Ὀ
1735 1216 1868 1275 διώ-

217 1325 330 1359 κων
387 1309 536 1379 ἡμᾶς
594 1328 748 1382 ποτε,
815 1313 904 1363 νῦν
958 1309 1352 1385 εὐαγγελίζεται
1412 1312 1515 1379 τὴν
1582 1308 1764 1365 πίστιν
1796 1307 1864 1377 ἥν

217 1414 353 1450 ποσε
382 1394 623 1471 ἐπόρθει,
652 1398 741 1452 καὶ
772 1394 1024 1467 ἒδόξαζον
1058 1399 1151 1453 τὸν
1183 1399 1312 1454 Θεὸν
1344 1397 1399 1454 ἐν
1432 1398 1577 1472 ἐμοί.

290 1480 444 1558 Λέγω
484 1486 612 1558 ὑμῖν
664 1484 897 1541 ἐνώπιον
953 1491 1050 1542 τοῦ
1081 1486 1283 1562 Κυρίου
1336 1487 1419 1544 ὅτι
1452 1487 1514 1542 οὐ
1571 1484 1863 1561 ψεύδομαι.

215 1572 387 1645 ’Ὁρᾷς
417 1577 534 1635 πῶς
566 1572 951 1650 ἐπαγωνίζεται
992 1576 1173 1649 τούτῳ
1220 1599 1299 1649 τῳ
1357 1576 1555 1650 λόγῳ;
1608 1575 1711 1632 Καὶ
1760 1575 1866 1652 γὰρ

215 1656 520 1716 ἐκινδύνευε
571 1665 647 1736 μὴ
710 1664 847 1719 εἶναι
904 1664 1215 1735 ἀξιόπιστος
1274 1666 1410 1742 πρὸς
1466 1665 1530 1719 τὸ
1585 1667 1867 1742 κήρυγμα,

216 1748 291 1811 ὡς
324 1746 623 1825 ἅνθρώπων
653 1752 828 1809 καὶοῦ
857 1757 955 1809 τοῦ
993 1756 1232 1829 Χριστοῦ
1266 1756 1515 1827 μαθητὴς
1562 1753 1658 1809 ὥν.
1710 1777 1740 1805 ιι
1774 1753 1868 1815 Εἰς

212 1838 280 1893 τὰ
335 1837 581 1913 κλίματα
639 1849 739 1912 τῆς
797 1842 1019 1917 Συρίας.
1060 1868 1081 1894 ι

214 1925 383 1982 πάλιν
415 1929 599 2005 εἴχετο
627 1938 729 2002 τῆς
762 1933 900 2009 πρὸς
918 1935 984 1987 τά
1012 1929 1137 2004 ἔθνη
1171 1930 1322 1989 ὁδοῦ.
1384 1933 1527 2007 Πρὸς
1575 1934 1644 1987 τὰ
1702 1931 1865 2006 μέρη,

217 2018 374 2095 φησὶ,
433 2020 630 2095 Συρίας
683 2021 773 2077 καὶ
824 2021 1098 2085 Κιλικίας
1188 2022 1326 2100 πρὸς
1402 2022 1537 2078 αὐτὰ
1596 2023 1700 2100 γὰρ
1758 2018 1860 2076 ἄπ-

214 2105 464 2165 ἐσταλτο.
499 2132 527 2161 ιι
559 2112 626 2166 ’Ἠ
638 2132 747 2183 μην
779 2108 836 2166 δὲ
866 2111 1252 2188 ἄγνοούμενος.
1290 2137 1317 2163 ››
1349 2114 1643 2177 Τοσοῦτον,
1676 2112 1865 2189 φησὶν,

213 2198 315 2253 οὐκ
366 2199 598 2275 ἐκήρυξα
680 2207 796 2263 τοῖς
854 2201 913 2257 ἐκ
968 2211 1279 2279 περιτομῆς
1345 2203 1749 2272 πεπιστευκόσι,
1799 2203 1864 2257 τὸ

214 2283 325 2342 δεῖν
378 2289 718 2363 περίτὲμνειν
774 2296 957 2365 (τοῦτο
1016 2294 1124 2369 γάρ
1182 2294 1233 2347 οἱ
1303 2288 1698 2356 διαϐάλλοντες
1755 2290 1869 2348 ἔλε-

215 2397 338 2451 γον,
395 2378 480 2431 δτι
536 2383 651 2441 τοῖς
711 2378 763 2450 ἐξ
820 2378 1106 2437 Ἰουδαίων
1163 2382 1499 2449 πιστεύουσι,
1556 2384 1865 2457 περιτομὴν

218 2466 520 2540 κηρύσσει)·
578 2465 836 2524 τοσοῦτον
899 2468 1017 2539 οὖν,
1075 2470 1267 2545 φησὶν,
1315 2471 1412 2525 οὐκ
1467 2470 1719 2546 ἆκήρυξα,
1780 2472 1865 2526 δτι

214 2554 307 2609 καὶ
330 2554 564 2630 ἠγνόουν
594 2577 700 2631 μου
731 2557 794 2612 τὸ
835 2558 1153 2633 πρόσωπον.
1188 2591 1256 2603 --
1285 2560 1353 2616 Ἢ
1403 2560 1597 2622 οὕτως.
1660 2560 1865 2635 [ΦΩΤ.]

218 2644 371 2717 [lupi
425 2645 631 2715 Ηέτρου
684 2645 788 2701 οὐκ
818 2642 1041 2719 ἔμαθον·
1093 2647 1257 2721 μόνον
1299 2645 1441 2702 εἶδον
1497 2647 1680 2705 αὐτόν.
1715 2647 1864 2719 Παρὰ

215 2726 481 2787 Ἰακώϐου
506 2732 605 2788 οὐκ
624 2731 845 2808 ἔμαθον
865 2737 1115 2791 κάκεῖνον
1134 2736 1238 2812 γὰρ
1263 2736 1429 2809 μόνον
1456 2734 1620 2793 εἶδον.
1652 2734 1863 2793 ’ΛλΛον

213 2826 324 2877 τῶν
352 2824 677 2879 ἀποστοΑων
706 2825 806 2880 οὐκ
836 2824 1003 2884 εἶδον.
1033 2825 1213 2882 Ἀλλὰ
1244 2828 1320 2900 μή
1352 2826 1460 2883 ἀπό
1489 2848 1638 2889 τινος
1680 2825 1864 2900 ἐτέρου

215 2913 600 2988 ταπεινοτέρου
660 2916 749 2969 καὶ
808 2915 915 2991 οὐχ
971 2916 1144 2979 οὕτως
1201 2915 1470 2989 ἐπιςήμου
1517 2916 1861 2992 προσώπους

218 3002 318 3057 Καὶ
377 3007 495 3067 πῶς
549 3008 713 3058 τοῦτο
771 3006 958 3080 χώραν
1011 2999 1150 3080 ἔχει,
1221 3012 1377 3080 μθεῖν
1435 3007 1487 3076 ἐξ
1534 3006 1777 3072 ἐκείνων,
1809 3004 1865 3059 οἳ

214 3088 341 3147 οὖδὶ
371 3093 434 3147 τὸ
465 3092 759 3169 πρόσωπόν
795 3116 901 3166 μου
930 3096 1231 3170 ἑωράκασιν
1264 3114 1279 3164 ;
1333 3096 1735 3170 Ἀγνοούμενος
1760 3095 1864 3171 γὰρ

209 3181 364 3255 ἤμην
393 3186 473 3253 τῷ
529 3183 830 3257 προσώπῳ,
880 3189 1002 3246 ταῖς
1033 3184 1086 3238 ἐν
1128 3187 1344 3257 Χριστῷ
1376 3183 1725 3252 Ἑκκλησίαις
1754 3191 1855 3253 τῆς

204 3268 493 3332 Ἰουδαίας.
534 3272 602 3329 Οἱ
632 3272 737 3347 γάρ
770 3271 957 3327 λοιποὶ
1019 3270 1233 3329 ἐδέοντο
1291 3270 1669 3343 διδασκαλίας,
1728 3272 1858 3329 ἀλλ’

208 3361 310 3417 οὐκ
356 3358 660 3419 ἐδίδασκον.
711 3363 947 3433 Οὐκοῦν,
1006 3365 1108 3419 οὑκ
1148 3365 1239 3419 ἀπ’
1290 3364 1575 3439 ἀνθρὼπου
1631 3362 1857 3438 ἔμαθον.

208 3475 236 3501 ιι
267 3452 400 3513 Ταῖς
434 3449 789 3520 ’Βκκλησίαις
820 3455 919 3517 τῆς
966 3449 1251 3515 Ἰουδαίας.
1284 3476 1313 3506 ιο
1372 3459 1502 3514 Ταῖς
1560 3450 1699 3533 ἄμφὶ
1755 3455 1857 3524 τήν

206 3539 403 3614 Συρίαν
435 3540 521 3594 καὶ
585 3537 840 3597 Κιλικίαν
902 3538 1271 3614 διακειμέναις
1323 3541 1680 3612 Ἐκκλησίας,
1736 3549 1856 3607 ταῖς

207 3627 260 3698 ἐξ
289 3625 569 3684 Ἰουδαίων
603 3628 1019 3704 ἐπιστρεψάσαις
1051 3632 1186 3705 πρὸς
1242 3632 1338 3687 τὸν
1404 3630 1621 3707 Κύριον.
1678 3634 1858 3689 Τοῦτο

208 3716 314 3790 γὰρ
345 3714 513 3787 δηλοῖ
564 3719 648 3786 τὸ,
694 3742 722 3771 ιι
758 3720 845 3774 Ἐν
875 3721 1111 3791 Χριστῷ.
1145 3743 1173 3773 ››
1204 3753 1276 3761 -
1334 3745 1361 3772 ιι
1399 3720 1494 3775 Καὶ
1526 3718 1775 3791 ὶδόξαζον
1804 3719 1858 3775 ἐν

211 3804 337 3879 ἐμοι
369 3806 460 3862 τὸν
491 3806 643 3866 Θεόν.
677 3831 705 3859 ››
760 3808 873 3865 Οὐκ
901 3809 1069 3877 εἶπεν,
1134 3810 1423 3882 Ἐπῄνουν,
1455 3808 1514 3879 ἢ,
1573 3807 1859 3881 Ἐδόξαζόν

219 3916 286 3967 με
315 3891 482 3963 ἄλλά,
541 3921 569 3948 ιι
600 3898 708 3954 Τὸν
749 3899 902 3968 Θεὸν,
958 3899 1146 3973 φησὶν,
1195 3896 1466 3969 ἐδόξαζον.
1499 3924 1527 3951 ››
1557 3898 1729 3957 ’Όλον
1759 3900 1861 3976 γάρ

211 3983 277 4039 τὸ
323 3986 441 4039 κατ’
487 3982 605 4058 ἐμὲ,
659 3986 816 4063 φησὶ,
849 3994 946 4057 τῆς
980 3988 1208 4066 χάριτος
1263 3994 1333 4058 ῆν
1362 3992 1460 4043 τοῦ
1518 3993 1675 4045 Θεοῦ.
1714 4011 1736 4040 ι
1770 3989 1858 4046 Ἐν

211 4069 359 4145 ἐμοὶ,
394 4096 424 4124 η
473 4073 739 4141 τουτέστι,
794 4076 873 4130 Δι’
919 4074 1038 4148 ἐμὲ.
1098 4100 1126 4128 ιι
1163 4073 1445 4149 Ἐδόεαζον
1493 4077 1550 4132 ἐν
1600 4076 1725 4151 ἐμοὶ
1766 4078 1858 4132 τὸν

229 4165 382 4237 Θεὸν,
414 4190 444 4217 ››
475 4165 606 4240 οὐχὶ
647 4168 740 4221 τὸν
772 4164 943 4222 δεῖναι
973 4167 1008 4237 ἢ
1038 4168 1132 4223 τὸν
1177 4166 1325 4223 δεῖνα
1355 4166 1703 4239 διδάσκαλον,
1731 4168 1861 4225 ἄλλ’

213 4253 374 4309 αὐτὸν
403 4255 497 4310 τὸν
530 4256 682 4310 Θεόν.
742 4255 917 4317 Αὐτὸς
974 4258 1040 4326 ἦν
1099 4258 1128 4311 ὁ
1174 4256 1532 4332 ἃποκαλόψας
1591 4256 1739 4331 ἐμοὶ,
1768 4260 1859 4312 καὶ

210 4341 427 4417 διδάξας
454 4346 518 4402 τὸ
540 4348 607 4417 κή
620 4365 827 4422 ρυγμα.

840 4440 1098 4495 ΚΕΦΑΛ.
1144 4439 1221 4494 Β“.

213 4523 341 4598 Περὶ
399 4531 499 4595 τῆς
551 4529 657 4581 τῶν
716 4523 1036 4602 ἂποστόλων
1083 4526 1572 4602 ἐπιμαρτυρήοτως
1626 4524 1703 4588 εἰς
1757 4524 1856 4595 τὴν

782 4598 836 4654 ἒν
879 4620 1055 4655 πιστει
1122 4598 1290 4669 ζωήν.

282 4705 510 4761 Ἔπειτα
567 4704 657 4761 διά
725 4705 1128 4783 δεκατεσσάρων
1207 4706 1365 4778 ἐτῶν,
1433 4706 1600 4763 πάλιν
1658 4701 1855 4778 ῶέόην

212 4791 287 4854 εἰς
368 4795 725 4869 Ἰεροσόλυμα
811 4797 946 4869 μετὰ
1065 4791 1333 4871 Βαρνάϐα,
1410 4791 1856 4872 συμπαραλαϐὼν

209 4879 300 4934 καὶ
362 4882 525 4937 Τίτον
568 4927 582 4942 .
654 4879 887 4955 Ἀνέϐην
978 4883 1036 4940 δὲ
1120 4888 1259 4942 κατά
1322 4883 1668 4959 ἃποκάλυψιν
1700 4932 1717 4955 ,
1766 4886 1858 4942 καὶ

211 4970 478 5044 ἂνεθξμην
546 4972 733 5035 αὐτοῖς
787 4975 852 5029 τὸ
911 4974 1247 5050 Εὑαγγὲλιον
1298 4976 1327 5030 ’ὀ
1357 4976 1614 5048 κηρύσσω
1658 4976 1712 5030 ἒν
1741 4982 1858 5039 τοῖς

210 5056 383 5123 ἔθνεσι
418 5106 431 5119 .
491 5064 624 5118 Κατ’
686 5059 821 5118 ίδίαν
882 5060 940 5117 δί
983 5068 1099 5123 τοῖς
1157 5060 1417 5130 δοκοῦσι,
1482 5067 1557 5135 μή
1610 5085 1728 5129 πως
1781 5065 1856 5129 εἷς

210 5149 366 5205 κενὸν
420 5149 651 5226 τρέχων,
709 5151 746 5221 ἦ
803 5147 1061 5228 ἔδραμον.
1122 5152 1280 5209 Ἀλλ’
1337 5150 1462 5207 οὐδὲ
1504 5152 1663 5216 Τίτος
1702 5155 1732 5209 ὁ
1763 5156 1858 5211 σόν

214 5237 340 5313 ἐμοὶ
370 5238 585 5311 Ἕλλην
618 5238 717 5311 ὤν,
744 5243 1062 5319 ἠναγκάσθη
1091 5244 1517 5319 περιτμηθῆναι.

283 5421 399 5476 Τυό
462 5422 556 5494 μὲν
626 5422 690 5477 τὸ
746 5441 964 5497 πρωτον
1014 5421 1279 5492 ἆνελθεῖν,
1339 5424 1541 5498 Πέτρον
1591 5424 1710 5478 εἶπε
1758 5425 1861 5493 τήν

211 5508 414 5564 αἰτίαν
445 5515 543 5566 τοῦ
574 5508 632 5566 δὲ
679 5511 742 5566 τὸ
802 5509 1074 5587 δεύτερον,
1105 5514 1206 5583 τὴν
1249 5512 1614 5586 ἂποκαλυψιν.
1652 5536 1680 5565 ιι
1712 5513 1862 5569 Μετὰ

213 5593 466 5673 Βαρνάϐα
523 5595 969 5675 συμπαραλαϐὼν
1025 5602 1113 5656 καὶ
1171 5601 1351 5659 Τίτον.
1390 5626 1418 5652 ››
1475 5601 1716 5663 Τούτους
1767 5600 1862 5657 ἐπ-

213 5684 375 5762 ήγετδ
410 5690 684 5765 μάρτυρας
714 5690 809 5743 12-3
844 5687 986 5744 ἰδίου
1043 5690 1417 5766 κηρύγματος.
1479 5712 1501 5742 ι
1538 5684 1768 5761 ’Λνὲϐην
1805 5686 1863 5744 δὲ

1275 368 1693 432 COMMENT.
1743 364 1819 426 IN
1863 361 2107 426 ωηεν.
2143 365 2245 426 AD
2278 324 2552 429 GALA'I‘.

1288 522 1318 556 α
1344 502 1451 558 Τὸν
1509 497 1741 556 ἀδελφὸν
1770 498 1861 552 τοῦ

1983 514 2104 553 non
2135 498 2329 556 vidi.»
2360 499 2468 564 Qui
2516 517 2635 556 non
2694 501 2840 556 vidit
2891 518 3277 575 quemquam,
3331 509 3629 578 quomodo

1138 1844 1289 1901 Μετὰ
1328 1843 1390 1898 τὸ
1446 1841 1581 1898 ἰδεῖν
1640 1844 1863 1917 Πέτρον,
1899 1875 1945 1939 Β

3474 376 3631 437 H02

1972 587 2046 643 ab
2084 589 2230 659 ipsis
2252 586 2561 645 didicisset
2587 590 2662 645 ?«
2696 592 2958 647 Fratrem
2993 594 3247 650 Domini.
3283 614 3307 645 ιι
3346 598 3472 652 Non
3506 606 3632 654 erat

1974 677 2158 731 frater
2188 677 2447 744 Domini,
2482 679 2586 734 sed
2645 680 2984 751 putabatur,
3044 688 3306 739 attamen
3339 690 3403 740 ut
3433 686 3628 757 ipsum

1973 764 2293 832 attolleret,
2327 764 2574 822 fratrem
2606 768 2839 824 Domini
2870 774 3058 825 vocat.

2045 856 2092 922 Ι,
2121 858 2310 910 2ιιε24.
2379 875 2402 904 ι
2438 858 2621 913 Porro
2675 875 2807 929 quas
2854 860 3048 914 scribo
3079 859 3242 916 vobis
3272 877 3402 917 esse
3428 878 3629 919 coram

1980 963 2006 996 ιι
2040 945 2158 999 Deo
2176 944 2332 1016 quod
2354 961 2474 1001 non
2498 948 2771 1003 mentiar.
2830 948 3054 1004 Deinde
3104 950 3238 1005 veni
3262 951 3325 1005 in
3356 951 3629 1024 regiones

1974 1056 2003 1083 «
2037 1033 2219 1105 Syrias
2238 1041 2299 1089 et
2313 1035 2555 1091 Ciliciae.
2576 1037 2745 1091 Eram
2760 1039 3211 1111 autemignotus
3224 1041 3396 1111 juxta
3415 1040 3629 1097 faciem

1976 1144 2003 1172 «
2031 1123 2310 1178 Ecclesiis
2330 1123 2546 1179 Judazaa
2568 1143 2700 1196 quae
2718 1133 2888 1182 erant
2913 1128 2973 1183 in
2992 1129 3245 1184 Christo.
3266 1128 3378 1184 Sed
3399 1136 3627 1186 tantum

1976 1235 2005 1263 ιι
2039 1213 2134 1268 hic
2156 1230 2363 1269 rumor
2378 1215 2534 1286 apud
2558 1216 2695 1273 illos
2708 1224 2863 1273 erat:
2888 1218 2997 1283 Qui
3019 1220 3493 1291 persequebatur
3519 1237 3630 1276 nos

1975 1325 2006 1354 ιι
2046 1304 2389 1375 aliquando,
2416 1322 2575 1361 nunc
2599 1307 2885 1379 praedicat
2906 1308 3106 1378 fidem,
3129 1327 3309 1381 quam
3325 1311 3628 1382 quondam

1977 1413 2006 1444 ιι
2037 1393 2415 1465 expugnabat
2441 1410 2453 1448 ε
2486 1400 2544 1449 et
2574 1395 2635 1450 in
2660 1412 2753 1451 me
2782 1396 3415 1469 glorificabantDeum.
3453 1423 3482 1450 »

2044 1482 2188 1538 Dico
2218 1483 2383 1539 vobis
2414 1500 2614 1539 coram
2647 1487 2765 1541 Deo
2788 1487 2948 1557 quod
2970 1504 3093 1543 non
3132 1489 3411 1543 mentiar.
3454 1490 3628 1545 Vides

1977 1577 2269 1643 quantum
2293 1590 2399 1644 pro
2430 1574 2542 1629 hoc
2600 1574 2864 1630 decertet
2917 1592 3192 1632 sermone
3218 1577 3247 1631 ’ἲ
3284 1578 3624 1633 Periculum

1978 1662 2137 1716 enim
2170 1668 2296 1717 erat
2324 1680 2399 1718 ne
2429 1664 2544 1719 fide
2574 1664 2789 1737 dignus
2812 1683 2935 1722 non
2965 1673 3124 1723 esset
3149 1667 3223 1722 ad
3255 1667 3629 1738 praedicatio-

1973 1768 2138 1815 nem,
2173 1753 2342 1824 quasi
2388 1754 2698 1810 hominum
2728 1760 2787 1810 et
2844 1773 2967 1811 non
3023 1757 3242 1812 Christi
3297 1756 3629 1830 discipulus

1975 1840 2206 1897 fuisset.
2240 1865 2267 1891 «
2315 1843 2375 1896 In
2408 1848 2605 1913 partes
2638 1843 2838 1915 Syriaa.
2876 1867 2903 1894 ››
2949 1845 3058 1900 Ubi
3090 1847 3330 1901 Petrum
3358 1845 3623 1915 vidisset,

1977 1946 2217 1985 rursum
2247 1931 2321 1986 ad
2351 1937 2555 2003 gentes
2605 1934 3114 2004 proficiscebatur.
3156 1935 3245 1991 Ad
3275 1941 3494 2007 partes,
3529 1936 3625 1991 in-

1975 2018 2321 2090 quit,Syriaa
2343 2025 2400 2074 et
2416 2020 2667 2077 Cilicia):
2702 2039 2840 2077 nam
2861 2022 3110 2094 adipsas
3156 2024 3372 2079 missus
3405 2024 3619 2081 fuerat.

1978 2107 2133 2163 724
2163 2130 2189 2157 ιι
2226 2110 2400 2163 Eram
2431 2115 2630 2165 autem
2663 2111 2917 2183 ignotus.
2955 2135 2982 2161 υ
3013 2112 3198 2180 Adeo,
3232 2113 3448 2184 inquit,
3500 2129 3622 2167 non

1975 2199 2287 2270 prmdicavi
2319 2201 2411 2256 his
2458 2202 2559 2271 qui
2607 2202 2681 2259 de
2738 2204 3190 2259 circumcisione
3249 2204 3626 2259 crediderant

1975 2289 2134 2359 quod
2163 2296 2464 2361 oporteret
2494 2291 2841 2347 circumcidi
2871 2293 3035 2364 (nam
3075 2293 3186 2348 hoc
3216 2292 3495 2348 dicebant
3523 2309 3623 2349 ca-

1973 2376 2367 2434 lumniatores
2395 2380 2552 2450 quod
2583 2380 2964 2437 credentibus
2994 2399 3065 2437 ex
3093 2382 3309 2437 Judwis
3367 2383 3626 2438 circum-

1973 2468 2262 2524 cisionem
2291 2469 2687 2542 praedicarem
2720 2470 2868 2526 adeo
2908 2471 3090 2544 igitur
3123 2489 3245 2527 non
3287 2472 3623 2544 praadicavi,

1972 2555 2190 2626 inquit,
2214 2574 2349 2613 cum
2382 2575 2576 2630 neque
2606 2575 2700 2614 me
2749 2561 2821 2615 de
2878 2560 3026 2615 facie
3085 2566 3390 2616 noverant.
3417 2592 3489 2603 —-
3511 2564 3627 2617 Aut

1973 2645 2073 2701 hoc
2102 2647 2283 2703 modo.
2326 2650 2372 2702 Α
2405 2650 2577 2703 Petro
2604 2665 2723 2703 non
2779 2648 2980 2718 didici,
3016 2649 3119 2703 sed
3149 2649 3344 2720 ipsum
3390 2655 3621 2705 tantum

1972 2735 2127 2801 vidi;
2162 2752 2197 2791 a
2221 2736 2436 2791 Jacobo
2474 2753 2593 2791 non
2624 2736 2825 2801 didici,
2886 2754 3026 2792 nam
3066 2744 3125 2792 et
3172 2738 3368 2808 ipsum
3426 2738 3621 2793 solum

1972 2824 2110 2879 vidi.
2146 2825 2342 2880 Alium
2374 2842 2443 2880 ex
2476 2826 2781 2896 apostolis,
2815 2842 2891 2880 ne
2919 2825 3036 2880 vidi
3068 2826 3332 2896 quidem.
3373 2828 3447 2880 At
3475 2842 3621 2881 num

1971 2914 2044 2968 ab
2076 2913 2193 2969 alio
2225 2914 2426 2985 aliquo
2462 2914 2776 2969 humiliore
2805 2921 2864 2968 et
2915 2932 3036 2970 non
3095 2914 3242 2970 adeo
3302 2915 3518 2986 insigni
3550 2932 3623 2972 ex

1972 3018 2242 3072 personui
2272 3001 2560 3072 aspectu?
2582 3004 2650 3055 Et
2679 3001 2975 3073 quomodo
3005 3003 3117 3057 hoc
3148 3002 3343 3058 locum
3378 3003 3626 3060 haberet

1970 3097 2036 3146 ut
2063 3090 2135 3144 ab
2167 3091 2303 3145 aliis
2333 3090 2697 3159 didicissem,
2732 3092 2831 3161 qui
2864 3108 3059 3163 neque
3092 3108 3285 3148 meam
3307 3092 3521 3149 faciem
3546 3088 3624 3149 vi-

1971 3178 2229 3234 derant?
2274 3180 2420 3233 Nam
2465 3179 2703 3250 ignotus
2725 3196 2885 3235 eram
2902 3181 3074 3252 juxta
3102 3180 3316 3237 faciem
3343 3182 3621 3239 Ecclesiis

1966 3270 2183 3325 Iudam
2215 3288 2349 3341 quae
2379 3277 2551 3326 erant
2581 3272 2640 3326 in
2671 3272 2901 3328 Christo
2928 3273 3159 3328 :cmteri
3184 3290 3317 3329 vero
3349 3272 3622 3330 doctrina

1966 3360 2238 3433 egebant,
2265 3377 2386 3415 non
2417 3360 2732 3416 docebant.
2772 3362 3159 3433 Nequaquam
3210 3363 3389 3433 igitur
3417 3363 3491 3418 ab
3520 3364 3620 3418 ho-

1964 3450 2127 3506 mine
2150 3449 2353 3505 didici.
2378 3472 2405 3499 »
2437 3448 2715 3505 Ecclesiis
2731 3450 2967 3505 Iudaeae.
2994 3474 3023 3501 ››
3048 3452 3186 3517 Qua)
3209 3452 3366 3507 circa
3390 3451 3619 3523 Syriam

1966 3544 2025 3594 et
2050 3539 2317 3596 Ciliciam
2349 3539 2476 3593 sitas
2500 3544 2669 3593 erant
2694 3541 3201 3613 congregationes,
3247 3558 3379 3611 qua:
3411 3558 3483 3596 ex
3519 3544 3622 3599 Ju-

1964 3628 2108 3683 dmis
2138 3645 2435 3684 conversa;
2460 3634 2633 3683 erant
2681 3628 2752 3684 ad
2786 3629 3119 3696 Dominum,
3180 3630 3291 3685 hoc
3320 3636 3410 3686 est
3456 3632 3617 3686 enim

1963 3718 2125 3788 quod
2154 3717 2316 3773 addit
2348 3734 2360 3773 :
2406 3740 2434 3768 ιι
2465 3718 2603 3783 Quae
2661 3724 2832 3774 erant
2858 3719 2918 3773 in
2951 3719 3202 3774 Christo.
3237 3741 3264 3767 »
3297 3750 3361 3759 —
3384 3742 3413 3769 «
3455 3721 3525 3772 Et
3554 3720 3616 3774 in

1964 3823 2059 3861 me
2088 3806 2501 3879 glorificabant
2531 3807 2736 3863 Deum.
2770 3839 2794 3862 η
2852 3809 2977 3862 Non
3028 3807 3194 3875 dixit,
3251 3805 3613 3876 Laudabant,

1965 3902 2085 3965 aut,
2110 3896 2536 3951 Glorificabant
2563 3913 2693 3965 me;
2750 3896 2875 3958 sed.
2917 3920 2943 3946 ιι
2976 3897 3184 3963 Deum,
3242 3894 3457 3965 inquit,
3488 3895 3613 3965 glo-

1966 3987 2260 4053 ﬂcabant;
2299 4010 2325 4035 ››
2359 3986 2648 4057 quidquid
2681 3986 2838 4041 enim
2870 3985 2932 4039 in
2954 4001 3049 4040 me
3075 3984 3377 4053 agebatur,
3410 3986 3613 4056 gratia)

1966 4078 2068 4131 Dei
2101 4081 2244 4132 erat.
2286 4095 2307 4123 ι
2344 4077 2406 4129 In
2435 4092 2549 4143 me,
2588 4097 2614 4122 »ι
2648 4075 2760 4129 hoc
2792 4080 2899 4128 est.
2933 4079 3178 4145 propter
3213 4091 3328 4129 me.
3362 4098 3389 4124 ιι
3424 4074 3617 4129 Glori-

1966 4165 2225 4219 ficabant
2246 4165 2306 4218 in
2337 4180 2433 4218 me
2467 4165 2673 4227 Deum,
2706 4180 2827 4218 non
2887 4164 3044 4219 hunc
3102 4170 3205 4218 aut
3263 4164 3433 4219 illum
3466 4181 3619 4236 pras-

1967 4257 2289 4323 ceptorem.
2324 4252 2429 4307 sed
2471 4252 2668 4323 ipsum
2696 4253 2901 4307 Deum.
2949 4252 3254 4323 Siquidem
3302 4252 3427 4323 ipse
3475 4251 3624 4306 mihi

1966 4340 2353 4408 revelaverat,
2379 4357 2595 4411 meque
2624 4340 2913 4396 docuerat
2938 4340 3446 4413 prmdicationem.

2619 4440 2849 4495 CAPUT
2902 4441 2972 4494 ll.

1971 4529 2044 4584 De
2058 4528 2426 4599 productione
2485 4528 2857 4600 apostolorum
2887 4532 2943 4584 in
2971 4536 3124 4585 testes
3173 4544 3283 4599 pro
3341 4529 3455 4583 vita
3507 4542 3629 4597 qua

2592 4607 2669 4656 est
2692 4618 2798 4671 per
2821 4601 3003 4671 ﬁdem.

2041 4709 2116 4774 II,
2144 4707 2253 4763 4-3.
2276 4730 2301 4757 ιι
2320 4707 2545 4763 Deinde
2564 4713 2901 4779 postannos
2921 4706 3372 4778 quatuordecim
3388 4721 3625 4761 rursum

1968 4822 1996 4849 ιι
2022 4797 2263 4853 ascendi
2281 4797 2751 4869 Hierosolymam
2768 4814 2901 4852 cum
2918 4797 3206 4862 Barnaba,
3230 4801 3534 4868 assumpto
3554 4795 3636 4851 si-.

1970 4912 1997 4941 ιι
2022 4888 2147 4943 mul
2172 4893 2229 4942 et
2250 4887 2397 4941 Tito.
2418 4886 2672 4941 Ascendi
2697 4886 3079 4956 autemjuxta
3099 4885 3545 4948 revelationem,
3566 4890 3623 4939 et

1970 5000 1997 5028 ιι
2018 4976 2238 5032 contuli
2260 4991 2394 5030 cum
2419 4975 2540 5030 illis
2567 4973 2953 5047 Evangelium
2991 4974 3151 5046 quod
3192 4974 3446 5046 praedico
3467 4974 3626 5029 inter

1970 5090 1999 5117 ιι
2016 5070 2247 5138 gentes,
2281 5062 2385 5119 sed
2434 5064 2707 5135 privatim
2745 5080 2880 5118 cum
2907 5064 2981 5118 iis
3007 5064 3107 5135 qui
3123 5064 3365 5119 erantin
3389 5063 3580 5134 pretio
3611 5078 3624 5117 :

1971 5180 1998 5207 ιι
2031 5171 2176 5209 num
2200 5153 2496 5224 quomodo
2530 5154 2589 5207 in
2624 5169 2837 5208 vanum
2871 5169 3172 5209 currerem
3204 5158 3307 5207 aut
3356 5152 3627 5207 cucurri-

1972 5268 1998 5294 ιι
2032 5260 2158 5299 sem
2206 5240 2318 5296 Sed
2340 5258 2535 5311 neque
2561 5242 2727 5297 Titus
2748 5243 2850 5314 qui
2880 5258 3114 5297 mecum
3146 5247 3291 5310 erat,
3313 5258 3448 5297 cum
3472 5245 3631 5295 esset

1971 5359 1997 5384 ιι
2025 5335 2285 5397 Graecus,
2317 5332 2662 5402 compulsus
2694 5331 2805 5387 fuit
2834 5331 3200 5387 circumcidi.

2047 5422 2196 5477 125
2243 5419 2407 5484 Quod
2436 5420 2697 5491 primum
2729 5419 2970 5492 quidem
3004 5419 3363 5483 ascenderit,
3391 5420 3629 5473 Petrum

1972 5512 2034 5565 in
2056 5525 2298 5566 causam
2314 5508 2497 5565 fuisse
2513 5510 2688 5565 dixit:
2718 5510 2876 5581 quod
2898 5516 3099 5566 autem
3115 5507 3397 5571 secundo,
3413 5505 3631 5560 revela-

1973 5602 2219 5657 tionem.
2248 5599 2451 5653 «Cum
2492 5599 2761 5656 Barnaba
2785 5606 3093 5673 assumpto
3126 5597 3304 5654 simul
3335 5601 3393 5651 et
3419 5594 3566 5649 Tito.
3600 5614 3630 5644 »

1973 5691 2086 5745 Hos
2113 5705 2309 5744 secum
2332 5687 2584 5745 ducebat
2601 5695 2784 5745 testes
2809 5707 2931 5744 sum
2963 5685 3425 5760 prmdicatiouis.
3459 5705 3487 5731 ‹‹
3522 5685 3628 5753 Αθ-
