4128 6192
502 351 658 413 1103

1620 330 2047 393 (ΕΟΗΜΕΝΙΙ
2092 322 2400 385 TRICCE
2444 324 2799 385 EPISCOPI

3726 315 3856 377 1104

506 485 677 544 cendi
711 487 906 538 autem
929 477 1098 548 juxta
1145 469 1587 528 revelationem.
1643 488 1671 515 »
1716 464 1785 519 Et
1834 477 2015 535 quare
2067 459 2174 527 ab,

2279 458 2392 511 ιατὰ
2423 452 2794 528 ἀποκάλυψιν.
2823 475 2850 505 n
2888 451 2990 508 Καὶ
3042 450 3186 512 τίνος
3238 446 3413 503 ἕνεκεν
3477 448 3551 520 μὴ
3604 446 3737 519 παρὰ
3780 446 3867 512 τὴν

2382 546 2389 548 ξ
2499 543 2511 548 -
2565 542 2603 548 .-
2807 540 2820 548 .
2900 547 2920 548 η
3351 539 3362 548 .
3574 538 3598 548 -
3742 531 3763 548 ν

504 573 676 629 initio
706 582 839 624 cum
873 564 1019 636 ipsis
1048 578 1167 618 non
1201 557 1473 623 contulit,
1498 555 1603 612 sed
1632 558 1766 627 post
1794 556 1877 607 tot
1908 566 2100 607 annos
2120 548 2148 604 ‘?

507 657 798 727 Quoniam
830 652 1003 710 multi
1031 651 1297 706 videntes
1355 650 1593 702 Petrum
1626 660 1691 699 ac
1742 647 1989 698 caeteros
2046 637 2148 709 qui

507 764 640 806 cum
671 762 741 802 eo
800 749 971 799 erant
1011 739 1311 814 apostolos
1367 735 1783 810 permittentes
1836 728 2148 785 circumci-

507 839 759 901 sionem,
789 833 1040 889 Paulum
1071 846 1205 886 vero
1235 845 1356 883 non
1387 824 1853 897 permittentem,
1887 816 2153 873 offende—

504 929 725 985 bantur
755 924 925 997 quasi
957 921 1254 978 dissidens
1285 922 1443 972 esset
1471 911 1834 987 praedicatio.
1860 906 2154 964 Revelavit

505 1019 686 1091 igitur
715 995 969 1087 spiritus
1005 1015 1265 1074 sanctus,
1298 1012 1365 1061 ut
1409 1003 1763 1060 ascenderet
1819 995 2152 1066 Hierosoly-

508 1087 691 1175 mam,
724 1121 840 1176 quo
899 1098 1405 1174 persuaderentur
1445 1093 1484 1147 ii
1518 1092 1618 1164 qui
1677 1087 2152 1151 offendebantur,

511 1196 741 1252 nullam
762 1192 1005 1249 omnino
1028 1206 1155 1245 esse
1171 1189 1233 1242 in
1254 1182 1675 1258 praedicatione
1699 1176 2152 1241 dissonantiam,

514 1285 618 1341 sed
650 1284 835 1356 magis
867 1278 1310 1352 dispensatione
1331 1273 1583 1345 quadam
1614 1267 1874 1342 permitti
1907 1267 2156 1321 circum-

514 1355 823 1430 cisionem.
861 1392 881 1418 ι
915 1372 983 1423 Et
1005 1367 1229 1425 contuli
1254 1382 1384 1422 cum
1409 1360 1693 1435 apostolis
1718 1355 2149 1429 Evangelium.»

514 1465 634 1519 Hoc
658 1467 766 1529 est,
801 1456 1255 1523 communicavi,
1289 1453 1514 1525 sumpsi
1541 1467 1675 1506 cum
1697 1450 1783 1505 eis
1815 1445 2154 1503 consilium.

516 1576 543 1604 ‹‹
577 1551 742 1619 Quod
771 1550 1052 1623 prmdico,
1090 1570 1115 1597 ι)
1150 1547 1281 1602 sine
1311 1541 1784 1600 circumcisione.
1823 1560 1845 1590 (ι
1891 1536 2004 1593 Sed
2035 1535 2155 1606 pri-

514 1643 714 1699 vatim.
749 1663 777 1692 »
812 1639 1102 1705 Quoniam
1135 1637 1194 1690 hi
1252 1635 1353 1706 qui
1387 1651 1458 1688 ex
1513 1630 1731 1686 Judazis
1781 1626 2159 1683 crediderant

516 1724 1421 1801 Hierosolymis,offendebantur
1435 1721 1482 1775 si
1496 1720 1629 1791 quis
1642 1716 2157 1773 circumcisionem

517 1819 882 1893 prohiberet,
910 1815 1072 1871 Pauli
1093 1819 1287 1869 autem
1305 1808 1851 1882 praadicatioipsam
1881 1803 2124 1859 tollebat
2145 1817 2156 1852 :

520 1916 587 1965 ut
615 1911 776 1982 ipsos
802 1907 1024 1977 absque
1057 1900 1413 1959 offendiculo
1438 1894 1995 1967 servaret,privatim
2026 1907 2161 1946 cum

523 2000 609 2055 eis
638 1980 891 2054 contulit
940 1992 1443 2068 praedicationem.
1484 1989 1553 2042 Et
1601 1982 1991 2057 quamobrem
2042 1980 2164 2052 pri-

522 2090 705 2144 vatim
724 2088 751 2142 ?
772 2087 851 2141 Ne
873 2101 980 2157 per
1001 2083 1115 2138 hoc
1138 2079 1298 2153 quod
1319 2078 1486 2150 prius
1508 2077 1707 2131 omnia
1738 2071 2166 2130 concessissem

525 2176 889 2234 offenderem
920 2190 1021 2229 eos
1053 2172 1153 2243 qui
1186 2186 1376 2241 nuper
1406 2184 1478 2223 ex
1509 2163 1960 2221 circumcisione
1993 2159 2066 2214 ad
2097 2158 2168 2212 ﬁ-

526 2268 663 2324 dem
689 2270 1055 2333 venerant,et
1080 2262 1378 2317 efﬁcerem
1402 2264 1521 2313 uta
1539 2255 1754 2313 Christi
1784 2253 1899 2308 fide
1924 2250 2167 2306 omnino

528 2352 1363 2425 discederent,perderemque
1377 2362 1615 2402 cursum
1628 2359 1826 2399 meum
1846 2358 1859 2407 ;
1875 2358 1941 2397 ac
1952 2353 2167 2394 vanum

529 2457 866 2517 efficeretur
893 2457 1194 2508 certamen
1225 2452 1284 2502 et
1312 2445 1576 2502 studium
1600 2458 1820 2499 meum.
1854 2441 1997 2495 Nam
2029 2452 2171 2508 quo-

531 2545 709 2602 modo
739 2559 859 2599 non
890 2545 1049 2597 esset
1078 2539 1187 2594 hoc
1219 2537 1279 2591 in
1308 2550 1522 2590 vanum
1553 2545 1791 2587 currere
1821 2533 1924 2584 aut
1962 2541 2170 2581 cucur-

531 2636 761 2703 risse,si
792 2630 1084 2689 currendo
1119 2633 1179 2683 ut
1208 2626 1398 2682 salvos
1425 2624 1960 2689 facerem,rursum
1991 2630 2173 2685 quos-

533 2727 666 2783 dam
695 2721 1015 2780 temeraria
1045 2715 1401 2774 certitudine
1459 2712 1769 2785 perderem
1789 2709 1817 2764 ‘2
1867 2703 2173 2772 Quomodo

534 2817 715 2890 igitur
743 2830 902 2869 nunc
931 2810 1110 2866 etiam
1144 2806 1378 2878 publice
1405 2803 1641 2875 arguit?
1670 2800 1960 2865 Quoniam
1992 2794 2176 2865 magis

535 2887 874 2979 promotum
908 2906 1052 2968 erat,
1109 2904 1167 2953 et
1195 2896 1295 2968 qui
1354 2892 1627 2949 nonnulli
1669 2887 2189 2961 dispensationem.

537 2977 839 3051 audebant
858 2991 1051 3046 facere
1075 2986 1430 3060 dogmaAut
1461 2978 1619 3051 quod
1651 2979 1732 3033 ait
1766 2977 1841 3049 μή
1872 2995 1990 3035 πως
2012 2977 2179 3045 {num

538 3082 1077 3157 q'uomodo),potest
1104 3091 1209 3147 per
1234 3069 1754 3142 interrogationem
1782 3066 2005 3120 dictum
2029 3079 2178 3130 esse,

537 3155 825 3243 tanquam
847 3169 1033 3237 magis
1056 3162 1532 3221 confirmativum
1552 3156 1709 3229 quod
1733 3172 1853 3210 non
1875 3155 1937 3209 in
1958 3168 2179 3209 vanum

539 3278 797 3327 curram,
830 3258 1044 3328 inquit,
1097 3260 1199 3309 aut
1256 3251 1589 3313 currebam,
1623 3248 1726 3303 sed
1785 3246 1989 3302 omnia
2044 3259 2178 3301 cum

541 3351 822 3404 firmitate
853 3362 921 3400 ac
950 3342 1321 3414 providentia
1350 3338 1656 3411 Operabar.
1692 3359 1719 3386 ‹‹
1781 3335 1926 3390 Cum
1961 3335 2033 3389 iis
2079 3330 2179 3403 qui

541 3436 802 3493 erantin
832 3433 1043 3504 pretio.
1080 3452 1107 3481 ι»
1160 3429 1325 3494 Quod
1370 3428 1473 3495 ait,
1510 3449 1536 3477 ‹‹
1588 3425 1696 3490 Qui
1728 3429 1898 3479 erant
1945 3424 2006 3477 in
2053 3437 2180 3493 pre-

542 3525 650 3592 tio,
688 3544 716 3573 »
750 3538 869 3577 non
902 3526 992 3575 est
1016 3518 1276 3573 tollentis
1306 3522 1408 3570 aut
1438 3514 1706 3586 negantis
1738 3514 1975 3567 Petrum
2006 3515 2180 3564 caete-

542 3628 760 3684 rosque
790 3626 926 3666 cum
959 3624 1025 3664 eo
1058 3605 1355 3678 apostolos
1380 3620 1625 3675 magnos
1664 3601 1886 3664 fuisse;
1934 3598 2038 3654 sed
2096 3603 2185 3652 est

543 3702 723 3760 veluti
751 3700 800 3759 si
823 3699 956 3771 quis
973 3697 1165 3753 dicat:
1188 3694 1295 3760 Qui
1319 3691 1545 3763 aliquid
1567 3695 1757 3758 erant,
1780 3704 1994 3759 nempe
2017 3703 2182 3758 cory-

542 3794 754 3868 phaei.«
778 3793 928 3848 Num
947 3786 1243 3862 quomodo
1267 3786 1328 3839 in
1349 3798 1566 3839 vanum
1589 3796 1948 3837 currerem.»
1969 3779 2095 3833 Non
2122 3781 2188 3833 ut

540 3885 833 3941 discerem
854 3897 999 3937 num
1017 3876 1314 3950 quomodo
1334 3875 1394 3929 in
1410 3888 1623 3928 vanum
1646 3885 1947 3927 currerem
1969 3874 2070 3924 aut
2092 3883 2187 3922 cu-

540 3972 1153 4029 currissemmoveram
1167 3966 1322 4021 enim
1336 3980 1405 4019 ex
1418 3961 1777 4017 revelatione
1790 3958 2004 4015 Christi
2020 3957 2188 4013 certi-

541 4060 810 4116 tudinem
843 4056 1284 4130 prmdioationis
1312 4071 1324 4108 :
1357 4053 1508 4109 726
1541 4051 1645 4106 sed
1673 4056 1739 4106 ut
1759 4049 2056 4104 discerent
2087 4046 2187 4117 qui

540 4152 698 4207 inter
718 4165 813 4206 me
835 4154 893 4204 et
916 4149 1160 4204 Petrum
1180 4162 1313 4202 cum
1333 4143 1565 4200 caeteris
1588 4140 2045 4213 suspicabantur
2060 4155 2189 4194 esse

539 4240 877 4307 dissidium,
893 4237 1053 4310 quod
1069 4253 1187 4292 non
1205 4236 1265 4290 in
1281 4250 1495 4290 vanum
1528 4247 1829 4286 currerem
1844 4236 1946 4285 aut
1977 4244 2190 4285 cucur-

538 4330 780 4386 rissem.
819 4352 845 4379 «
888 4327 1000 4381 Sed
1026 4341 1224 4396 neque
1254 4324 1414 4377 Titus
1430 4337 1680 4376 'mecum
1713 4325 2008 4386 erat,cum
2038 4322 2195 4373 esset

541 4420 833 4475 Graecus.»
850 4415 957 4482 Qui
979 4430 1212 4469 mecum
1231 4408 2085 4478 ascenderatHierosolymam,
2099 4406 2194 4459 in-

542 4507 957 4579 quit,Grmcus,
986 4503 1043 4558 id
1058 4498 1571 4558 estcircumcisus.
1600 4498 1777 4570 Igitur
1797 4513 1931 4552 cum
1961 4511 2189 4565 praepu-

2253 545 2433 623 ἀρχὴν
2487 542 2704 598 ἀνέθετο
2763 540 2972 611 αὐτοῖς,
3031 538 3178 594 ἀλλὰ
3240 539 3374 611 μετὰ
3440 538 3667 591 τοσαῦτα
3742 531 3865 605 ἔτη;

2254 631 2477 703 Ἐπειδὴ
2505 630 2714 688 πολλοὶ
2746 632 2974 706 ὁρῶντες
3034 630 3160 689 τοὺς
3214 627 3351 705 ἀμφὶ
3409 624 3605 699 Πέτρον
3668 643 3868 700 συγχω-

2256 729 2481 799 ροῦντας
2514 723 2844 797 περιτομὴν,
2874 719 2965 775 τὸν
3000 717 3055 774 δὲ
3106 717 3319 773 Παῦλον
3383 715 3461 789 μὴ
3512 715 3867 788 συγχωροῦντα

2256 810 2706 882 ἐσκανδαλίζοντο
2775 810 2849 873 ὡς
2918 806 3214 887 διαφωνίας
3271 806 3438 874 οὔσης
3507 801 3559 856 ἐν
3601 805 3678 872 τῷ
3727 799 3871 874 κηρῦο

2257 924 2449 979 γματι,
2479 907 2540 957 τὸ
2575 904 2793 975 Πνεῦμα
2820 900 2882 955 τὸ
2914 899 3063 974 ἅγιον
3122 893 3465 965 ἀπεκάλυψεν
3521 890 3664 962 αὐτῷ
3712 889 3801 957 τὴν
3828 890 3868 944 ἐν

2260 976 2631 1067 ’.Ιερουσαλήμ
2676 986 2895 1058 ἄνοδον,
2950 984 3042 1042 ’ίνα
3092 988 3380 1048 πεισθῶσιν
3440 982 3494 1036 οἱ
3553 976 3871 1047 σκανδαλιζὸ-

2264 1101 2440 1153 μενοι,
2475 1081 2558 1137 ὅτι
2592 1076 2859 1157 διαφωνία
2894 1077 2987 1149 μὲν
3016 1072 3247 1147 οὐδεμία
3269 1071 3321 1127 ἐν
3354 1076 3431 1142 τῷ
3464 1069 3787 1144 κηρύγματι,
3814 1067 3874 1121 οἱ·

2256 1168 2495 1242 κονομία
2522 1165 2579 1222 δὲ
2614 1154 2828 1240 μᾶλλον
2850 1169 2948 1220 τοῦ
2978 1162 3380 1239 συγχωρεῖσθαι
3404 1159 3725 1234 περιτομήν.
3748 1180 3771 1205 ι(
3793 1154 3875 1211 Καὶ

2261 1259 2533 1332 ἀνεθεμην
2562 1263 2678 1318 τοῖς
2714 1252 3046 1317 ἀποστόλοις
3066 1253 3127 1307 τὸ
3158 1247 3497 1326 Εὐαγγέλον.
3526 1272 3551 1298 ››
3574 1246 3702 1303 Οῒον
3730 1246 3876 1300 Ἐκοι-

2261 1353 2548 1423 νωσάμην,
2581 1344 2996 1404 συνεϐούλευσα.
3033 1370 3060 1398 ι(
3082 1348 3151 1402 Ὅ
3181 1343 3462 1416 κηρύσσω.
3499 1366 3527 1391 ››
3590 1338 3721 1412 Δίχα
3751 1357 3879 1410 περι-

2258 1449 2458 1515 τομῆς.
2492 1466 2519 1492 ‹‹
2543 1442 2670 1497 Κατ’
2704 1436 2842 1494 ἰδίαν
2874 1436 2952 1495 δέ,
2991 1460 3017 1487 ι)
3059 1432 3283 1502 Ἐπειδὴ
3325 1434 3379 1487 οἱ
3411 1430 3461 1500 ἐξ
3496 1426 3760 1488 Ἰουδαίων
3806 1446 3878 1479 τι·

2266 1529 2580 1591 στεύσαντες
2627 1528 2679 1584 ἐν
2742 1524 3103 1602 Ἰερουσαλὴμ
3162 1519 3616 1589 ἐσκανδαλίζοντο
3650 1562 3664 1587 ,
3718 1514 3767 1571 εἷ’
3808 1535 3878 1576 τις

2263 1621 2567 1694 περιτομήν
2604 1616 2831 1685 κωλύει,
2862 1618 2924 1671 τὸ
2958 1613 3017 1670 δὲ
3045 1618 3142 1669 τοῦ
3173 1610 3396 1669 Παύλου
3426 1612 3689 1684 κήρυγμα
3715 1605 3871 1678 ἀνῄρει

2262 1716 2451 1785 αὐτὴν,
2476 1716 2625 1779 ὅπως
2650 1714 2845 1779 αὐτοὺς
2869 1710 3332 1771 ἄσκανδαλίστους
3351 1709 3596 1782 τηρήσῃ,
3632 1711 3741 1760 κατ’
3764 1702 3879 1757 ἰδίαν

2196 1831 2239 1895 Β
2269 1808 2461 1895 αγότοῖς
2492 1805 2705 1861 ἀνέθετο
2735 1806 2798 1860 τὸ
2842 1806 3124 1880 κήρυγμα.
3159 1835 3227 1843 —
3260 1801 3428 1874 [ΦΩΤ
3459 1800 3478 1871 ]
3539 1796 3637 1850 Διὰ
3686 1794 3735 1847 τί
3783 1792 3880 1845 κατ’

2273 1894 2411 1951 ἰδίαν
2444 1897 2596 1965 ςἽνα
2631 1896 2706 1969 μὴ
2769 1892 3070 1968 ἔμπροσθεν
3123 1890 3339 1946 πάντων
3398 1887 3638 1956 ἀναθεὶς,
3694 1879 3884 1938 σκανδαο

2273 1984 2414 2040 λίσω
2444 1989 2730 2060 νεοπαγεῖς
2772 1980 2930 2045 ὄντας
2983 1981 3108 2037 τότε
3162 1979 3289 2040 τοὺς
3356 1978 3416 2032 ἐκ
3480 1975 3790 2048 περιτομῆς,
3813 1970 3888 2024 καὶ

2274 2077 2575 2143 ἂποστῆναι
2614 2072 2808 2134 αὐτοὺς
2872 2070 3263 2145 παρασκευάσω
3319 2065 3514 2123 διόλου
3569 2071 3668 2133 τῆς
3694 2062 3889 2117 πίστεως

2271 2167 2371 2219 τοῦ
2401 2166 2665 2238 Χριστοῦ,
2696 2161 2784 2217 καὶ
2816 2159 3073 2217 ἀπολέσω
3103 2158 3197 2214 τὸν
3245 2155 3449 2229 δρόμον
3489 2175 3616 2227 μου,
3658 2151 3744 2206 καὶ
3770 2147 3889 2207 κενὸς

2277 2250 2471 2327 δειχθῇ
2502 2252 2531 2306 ὁ
2562 2252 2704 2327 ἀγών
2741 2272 2846 2324 μου
2895 2249 2986 2305 καὶ
3013 2252 3047 2318 ἠ
3082 2244 3293 2317 σπουδή
3330 2266 3457 2320 μου.
3524 2246 3646 2304 Ιίῶς
3680 2240 3773 2317 γὰρ
3813 2237 3892 2292 οὐκ

2277 2339 2389 2397 ἔστι
2446 2342 2596 2397 κενὸν
2648 2339 2862 2416 τρέχειν
2920 2339 3010 2394 καὶ
3066 2334 3495 2411 δεδραμηκέναι,
3555 2332 3680 2387 ὅταν
3711 2327 3887 2403 τρέχων

2271 2429 2364 2486 ’ἱνα
2423 2432 2606 2499 σώσω,
2687 2428 2903 2503 ἑτέρους
2986 2426 3153 2482 πάλιν
3232 2424 3322 2479 διὰ
3378 2430 3477 2491 τῆς
3540 2418 3892 2496 ἀπερίσκεπτον

2278 2515 2557 2596 ἀκριϐείας
2603 2517 2923 2585 ἀπολλύως
3001 2521 3123 2578 Πῶς
3184 2516 3278 2570 οὗν
3336 2517 3426 2567 νῦν
3471 2555 3486 2580 ,
3544 2510 3635 2566 καὶ
3692 2504 3896 2580 δημοσίᾳ

2280 2609 2503 2686 ἐλέγχει
2538 2628 2551 2678 ;
2587 2610 2672 2664 ὅτι
2702 2609 2955 2681 προκοπὴ
2988 2609 3078 2675 ἦν,
3136 2604 3229 2660 καὶ
3286 2605 3375 2658 ὅτι
3431 2601 3525 2656 καὶ
3558 2598 3735 2676 δόγμα
3780 2596 3894 2655 τινες

2279 2701 2378 2769 τήν
2409 2698 2725 2769 οἰκονομίαν
2758 2697 3007 2770 ἐτόλμων
3041 2699 3237 2750 ποιεῖν.
3280 2699 3349 2748 ’Ἡ
3379 2693 3465 2759 τὸ,
3533 2693 3609 2764 μὴ
3666 2707 3791 2753 πως,
3822 2681 3896 2739 δῦ-

2281 2807 2431 2840 ναται
2468 2785 2558 2839 καὶ
2585 2784 2703 2838 κατ’
2735 2784 3003 2853 ἐρώτησιν
3068 2781 3339 2853 εἰρῆσθαι,
3372 2779 3447 2839 ὡς
3483 2770 3895 2831 διαϐεϐαιωτικὸν

2284 2875 2342 2929 ’ὸν
2375 2877 2492 2943 τοῦ,
2516 2872 2600 2928 ὅτι
2622 2871 2721 2926 οὐκ
2744 2871 2819 2932 εἰς
2851 2872 3003 2925 κενὸν
3036 2868 3219 2947 τρέχω
3250 2869 3284 2938 ἢ
3320 2861 3737 2941 ἕδραμον,ἀλλά
3754 2860 3896 2915 πάντα

2288 2963 2378 3018 σὺν
2406 2961 2672 3041 ἀσφαλείᾳ
2703 2958 2968 3035 ἔπραττον
2997 2959 3089 3015 καὶ
3121 2956 3371 3032 προνοίᾳ.
3409 2981 3435 3008 υ
3469 2958 3600 3016 Τοῖς
3633 2950 3847 3007 δοκοῦσι.
3874 2969 3895 2995 υ

2289 3055 2389 3124 Τὸ,
2424 3077 2445 3106 ι
2479 3055 2612 3115 Τοῖς
2645 3049 2918 3122 δοκοῦσιν,
2955 3074 2983 3101 ››
3016 3049 3115 3104 οὐκ
3164 3044 3515 3122 ἀναιροὺντός
3549 3041 3659 3099 ἐστι
3709 3041 3766 3096 τὸ
3793 3037 3898 3093 εἶναι

2290 3146 2416 3208 τοὺς
2460 3143 2581 3217 περὶ
2648 3143 2849 3216 Πέτρον
2924 3137 3220 3216 μεγάλους,
3272 3135 3396 3191 ἀλλ’
3429 3135 3508 3196 ὡς
3568 3133 3628 3189 ἄν
3659 3153 3737 3193 τις
3766 3127 3896 3195 εἶποι,

2211 3207 2253 3273 C
2289 3240 2407 3296 τοῖς
2442 3231 2563 3287 οὖσι
2619 3231 2697 3300 τὶ,
2755 3235 2871 3291 τοῖς
2939 3227 3272 3306 κερυφαίοις.
3310 3250 3337 3277 ‹‹
3375 3227 3466 3294 Μή
3503 3243 3622 3285 πως
3654 3220 3724 3283 εἷς
3778 3216 3899 3273 κενὸν

2287 3322 2546 3399 τρέχω.»
2605 3320 2684 3377 Οὐ
2716 3320 2817 3395 γὰρ
2875 3318 2964 3373 ’ἱνα
2995 3317 3100 3393 ἐγὼ
3135 3315 3313 3389 μάθω,
3350 3316 3424 3386 μή
3490 3333 3612 3374 πως
3658 3310 3729 3373 εἷς
3777 3306 3897 3362 κενὸν

2287 3415 2823 3494 τρέχω,ἢέδραμον
2875 3412 3045 3490 (ᾔδειν
3105 3413 3207 3489 γὰρ
3267 3411 3326 3466 ἐκ
3380 3417 3482 3480 τῆς
3535 3404 3895 3477 ἀποκαλύψεως

2286 3514 2384 3563 τοῦ
2415 3511 2680 3580 Χριστοῦ,
2738 3507 2836 3575 τὴν
2894 3499 3173 3579 ἂκρίϐειαν
3228 3505 3328 3557 τοῦ
3370 3498 3768 3575 κηρύγματος)·
3797 3488 3898 3547 ἀλλ’

2287 3598 2378 3652 ἳνα
2410 3598 2651 3669 μάθωσιν
2709 3596 2760 3649 οἱ
2818 3591 3213 3661 διαστασιάζειν
3274 3609 3342 3664 με
3369 3595 3489 3654 τοῖς
3546 3588 3673 3663 περὶ
3729 3584 3895 3657 Πέτρον

2293 3687 2668 3755 ὑπονοοῦντες,
2700 3686 2782 3740 ὃτι
2843 3681 2941 3739 οὐκ
3003 3682 3078 3744 εἷς
3134 3681 3281 3736 κενὸν
3336 3679 3524 3756 τρέχω
3582 3678 3616 3747 ἢ
3674 3672 3897 3748 ἔδραμον.

2291 3796 2323 3830 (ι
2354 3772 2509 3831 Ἀλλ’
2542 3771 2666 3829 οὐδέ
2715 3774 2873 3834 Τίτος
2904 3772 2932 3826 ὁ
2965 3770 3055 3826 σὺν
3117 3768 3243 3842 ἐμοὶ
3291 3765 3511 3836 Ἕλλην
3557 3764 3656 3824 ὣν.
3689 3789 3715 3815 ι»
3742 3763 3796 3820 Ὁ
3823 3758 3894 3813 σὺν

2292 3863 2440 3938 ἐμοί,
2472 3863 2655 3937 φησὶν,
2688 3859 2925 3917 ἀνελθὼν
2973 3859 3049 3922 εἷς
3105 3856 3463 3932 Ἱεροσόλυμα
3518 3854 3752 3924 Ἕλλην,
3801 3870 3903 3904 του-

2294 3952 2459 4022 έστιν,
2502 3946 2859 4026 ἂκρόϐυστος.
2920 3952 3226 4027 Τοιγαροῦν
3296 3941 3635 4023 ἀκρόϐυστος
3692 3941 3778 4010 ὢν,
3827 3937 3905 3992 οὐκ

2295 4041 2612 4118 ἠναγκάσθη
2645 4042 2792 4115 παρὰ
2829 4043 2937 4096 τῶν
2992 4036 3323 4094 ἀποστολων
3356 4037 3777 4111 περιτμηθῆναι,
3804 4027 3907 4099 ὅπερ

2296 4130 2531 4207 ἔλεγχος
2562 4133 2649 4203 ἦν,
2695 4126 2836 4205 μηδέ
2868 4129 2995 4192 τοὺς
3026 4128 3148 4202 περὶ
3215 4125 3417 4201 Πέτρον
3473 4124 3762 4198 κηρύσσειν
3790 4136 3908 4188 περι·

2296 4223 2495 4295 τομὴν,
2525 4217 2616 4274 διὰ
2663 4217 2720 4273 δὲ
2776 4212 3178 4294 σία-(κατάϐασιν
3207 4221 3314 4271 τῶν
3344 4210 3393 4285 ἔξ
3427 4211 3653 4288 Ἰσραὴλ
3710 4211 3901 4265 πιστῶν.

2298 4308 2608 4397 συγχωρεῖν
2637 4319 2735 4388 τήν
2781 4318 3107 4391 περιτομήν.
3139 4348 3209 4358 --
3238 4313 3484 4375 Ἀλλως.
3546 4310 3775 4384 [ΦΩΤ.]
3797 4298 3909 4361 Οὖδέ

2297 4408 2482 4473 Τίτον,
2545 4406 2699 4487 φησὶ,
2759 4405 2940 4462 καίτοι
2989 4402 3251 4474 ἒπίδηλον
3310 4397 3438 4457 ὄντα
3498 4400 3547 4472 ἐξ
3610 4397 3908 4466 Ἑλληνικῆς

2302 4503 2503 4573 σπορᾶς
2534 4499 2917 4571 γεγενημένον,
2947 4491 3072 4550 οὐδὲ
3094 4493 3287 4548 τοῦτον
3348 4494 3659 4566 ἠνάγκασαν
3704 4486 3753 4540 οἱ
3796 4482 3909 4536 ἀπό·

544 4598 726 4652 tiatus
740 4600 1046 4661 esset,non
1063 4596 1152 4645 est
1164 4590 1236 4645 ab
1250 4587 1535 4660 apostolis
1550 4592 1788 4642 coactus
1800 4582 2146 4639 circumcidi

2299 4588 2487 4643 στολοι
2518 4586 2946 4661 περιτμηθῆναι,
3006 4584 3187 4639 καίτοι
3242 4565 3511 4656 παρόντας
3571 4578 3793 4654 ὁρῶντες
3839 4565 3908 4624 καὶ

544 4684 703 4756 quod
732 4687 1148 4755 argumentum
1178 4682 1304 4732 erat
1329 4691 1522 4745 neque
1544 4676 1782 4728 Petrum
1806 4687 1940 4727 cum
1962 4671 2187 4727 caeteris

538 4770 862 4844 pradicare
888 4762 1542 4828 circumcisionem,sed
1567 4767 1808 4833 propter
1831 4759 2184 4814 condescen-

545 4860 777 4914 sionem
809 4859 1216 4915 Israelitarum
1250 4854 1513 4910 fidelium
1543 4851 1865 4907 concedere
1888 4850 2193 4905 circumci-

543 4947 798 5002 sionem.
833 4978 897 4989 —
930 4947 1052 5001 Alio
1105 4944 1282 5000 modo.
1316 4946 1515 5013 Neque
1545 4942 1758 5009 Titum,
1804 4938 2019 5010 inquit,
2053 4938 2190 4994 licet

542 5035 930 5092 manifestum
966 5041 1123 5091 esset
1150 5034 1348 5089 Graeco
1378 5037 1582 5087 natum
1614 5048 1743 5087 esse
1785 5030 2034 5097 semine,
2068 5027 2189 5084 ullo

546 5123 725 5183 modo
753 5124 1175 5196 compulerunt
1201 5120 1449 5194 apostoli
1473 5119 2191 5190 circumcidi,quanquam

559 5219 883 5288 prassentes
932 5212 1199 5267 viderent
1252 5211 1432 5266 falsos
1462 5210 1693 5265 fratres.
1750 5211 1893 5265 Nam
1942 5225 1975 5263 a
2032 5225 2192 5264 com-

557 5304 725 5361 muni
754 5318 934 5358 sensu
963 5318 1201 5357 rursum
1234 5299 1794 5372 subintelligendum
1835 5304 1958 5354 est:
1993 5320 2022 5348 «
2080 5297 2192 5353 Sed

551 5411 783 5466 neque,
825 5416 854 5444 »
884 5399 951 5448 ut
978 5392 1056 5447 sit
1083 5408 1293 5447 sensus
1328 5408 1341 5445 :
1383 5391 1493 5447 Sed
1516 5406 1708 5461 neque
1734 5390 1895 5445 Titus
1927 5389 2196 5461 compul-

561 5501 664 5542 sus
711 5483 823 5539 fuit
881 5480 1247 5548 circumcidi,
1304 5495 1497 5550 neque
1556 5485 1799 5551 propter
1854 5478 2046 5534 obiter
2111 5478 2195 5533 in-

556 5590 791 5647 gressos
847 5571 1029 5628 falsos
1084 5570 1316 5626 fratres.
1377 5568 1525 5632 Quid
1582 5583 1717 5639 ergo
1762 5568 1789 5621 ‘2
1856 5568 2046 5633 Quare
2103 5568 2194 5622 Ti-

545 5663 856 5717 motheum
919 5655 1312 5719 circumcidit,
1375 5655 1424 5708 si
1478 5654 1772 5708 rationem
1832 5672 1951 5709 non
2019 5656 2197 5712 habet

2294 4676 2422 4738 τοὺς
2453 4672 2883 4752 ψευδαδέΛφους.
2923 4673 2994 4730 Τὸ
3025 4672 3151 4748 γὰρ,
3187 4697 3214 4723 ‹‹
3248 4668 3419 4728 Ἀλλ’-
3440 4665 3585 4733 οὐδὲ,
3622 4691 3649 4718 ››
3679 4664 3779 4720 ἀπὸ
3811 4679 3908 4715 κοι-

2296 4770 2388 4822 νοῦ
2421 4749 2751 4835 έκληπτέον,
2784 4764 2922 4819 οἷον.
2986 4759 3145 4817 Ἀλλ’
3201 4758 3328 4816 οὐδὲ
3396 4758 3556 4818 Τίτος
3616 4749 3909 4829 ἠναγκάσθην

2298 4853 2453 4932 φησὶ,
2513 4853 2922 4928 περιτμηθῆναι
2958 4894 2970 4907 .
3033 4846 3159 4905 οὐδὲ
3233 4847 3325 4904 διὰ
3378 4849 3505 4912 τοὺς
3557 4842 3911 4922 παρεισάκτους

2298 4940 2731 5019 ψεῦδαδέλφους.
2772 4941 2837 4998 Τί
2870 4941 2963 4995 οῦν
2996 4961 3010 5010 ;
3062 4941 3159 4996 Διά
3187 4940 3240 4995 τί
3278 4940 3370 4994 τὸν
3403 4937 3668 5007 Τιμόθεον
3700 4928 3911 5007 περιέτε-

2306 5053 2423 5107 μεν,
2477 5031 2523 5087 ei:
2575 5030 2739 5106 λόγον
2774 5027 2836 5085 οὗ
2892 5035 3135 5086 ποιεῖται
3191 5033 3299 5084 τῶν
3360 5010 3912 5101 ψευδαδέλφιυν;υῦδ’

2298 5115 2504 5176 ἕκεῖνον
2546 5119 2634 5175 διὰ
2663 5119 2888 5182 τούτους
2935 5120 3243 5193 περιέτεμε,
3280 5119 3356 5190 μή
3387 5115 3602 5190 γένοιτο
3636 5117 3649 5171 Ι
3683 5107 3821 5169 Ἀλλ’
3844 5103 3909 5157 ἳνα

2298 5208 2538 5285 κερδήσῃ
2599 5209 2724 5270 τοὸς
2785 5206 2852 5263 δι’
2912 5207 3191 5263 ἀσθένειαν
3252 5207 3530 5279 λογισμῶν
3586 5197 3908 5262 σκανδαλιζο-

2306 5302 2518 5373 μένους.
2548 5301 2679 5363 Τοῖς
2728 5298 2820 5372 μῗεν
2866 5299 2968 5373 γὰρ
3001 5296 3311 5365 ἀσθενοῦσι,
3374 5293 3455 5350 δεῖ
3512 5284 3908 5369 συγκαταϐαίνειν

2303 5390 2388 5445 ἐπὶ
2425 5388 2683 5461 θεραπείᾳ
2726 5386 2924 5459 πραείᾳ
2980 5391 3075 5441 τοῦ
3134 5384 3598 5460 ἅᾷῥωστήματος,
3654 5385 3762 5437 τοῖς
3803 5371 3911 5429 δ’ἐκ

2299 5456 2630 5554 κακουργίας
2664 5456 2778 5531 imi
2829 5456 3072 5550 πονηρᾶς
3119 5456 3350 5553 γνώμης
3416 5470 3763 5548 ὁρμωμένοις
3813 5456 3911 5518 οὖδὶ

2302 5570 2365 5624 τὸ
2404 5566 2698 5641 ἐλάχιστον
2734 5565 2991 5622 ὑπείκειν.
3026 5550 3191 5622 Οὗτοι
3221 5564 3345 5639 γὰρ,
3390 5563 3453 5618 οὐ
3488 5563 3646 5635 μόνον
3696 5556 3753 5612 οὗ
3785 5550 3909 5609 δέον·

2304 5675 2390 5709 ται
2451 5652 2759 5726 θεραπείας,
2845 5648 3156 5725 κρείττονος
3230 5647 3444 5720 ἁπάσης
3491 5634 3786 5724 θεραπείας
3834 5634 3908 5689 τοῦ
