4128 6192
344 346 505 408 1105
1433 346 1840 411 COMMENT.
1888 345 1945 407 I.‘

2061 345 2258 408 PIST.
2297 349 2403 409 AD
2447 350 2733 411 GALAT.
3597 359 3749 421 1106

339 477 549 542 πάθους
582 478 768 542 αὐτοῖς
800 477 1272 554 ἐνστηριχθέντος,
1307 479 1453 536 ἀλλὰ
1481 480 1571 535 καὶ
1600 478 1727 543 τοὺς
1758 476 1945 548 πλησίε

2059 512 2075 559 γ
2112 479 2398 537 falsorum
2424 480 2671 537 fratrum
2697 483 2725 537 ‘2
2754 486 2953 555 Neque
2983 486 3154 543 illum
3183 496 3425 560 propter
3453 490 3610 564 ipsos
3639 495 3757 551 cir-

341 572 568 639 ζητοῦσι
598 576 701 638 τῆς
733 568 938 631 οἰκείας
966 568 1125 624 νόσου
1150 569 1484 636 ἀναπλῆσαι.
1502 570 1615 640 Διὸ,
1651 594 1678 622 ‹‹
1704 567 1844 628 Οὐδὲ
1866 588 1945 643 πρέ

2112 570 2413 625 cumcidit.
2449 572 2708 628 Minime.
2751 572 2863 628 Sed
2921 581 2984 629 ut
3041 575 3178 631 illos
3228 577 3606 637 lucrifaceret
3656 586 3756 655 qui

344 658 488 732 ὥραν
518 657 705 720 αὐτοῖς
739 658 980 732 ε’ῗξαμεν,
1012 660 1101 713 καὶ
1134 660 1161 713 ὁ
1207 662 1351 722 θεῖος
1383 660 1737 737 ἀποφαίνεται
1760 657 1945 714 Παῦλο

2111 659 2460 714 inﬁrmitate
2487 661 2961 718 offendebantur.
2997 665 3254 720 Infirmis
3287 668 3581 739 siquidem
3614 689 3760 728 con-

343 748 709 805 descendere
741 751 1058 822 oportetin
1090 752 1218 805 mili
1254 752 1485 807 medela
1503 750 1910 824 aegritudinis:
1943 748 2036 803 his
2066 764 2200 803 vero
2233 749 2331 818 qui
2365 767 2437 804 ex
2460 751 2613 806 malo
2644 758 2859 807 conatu
2880 770 3174 826 pravaque
3207 763 3405 813 mente
3432 776 3558 815 rem
3592 761 3759 817 insti-

338 843 533 905 tuunt,
552 856 627 895 ne
660 840 722 894 in
756 840 1008 895 minimo
1033 840 1275 911 quidem
1311 841 1542 897 cedere.
1576 843 1719 896 Nam
1750 839 1812 894 hi
1841 856 1962 894 non
1981 838 2171 893 solum
2199 838 2492 896 medelam
2527 857 2647 896 non
2670 847 2955 913 expetunt
2983 860 3118 899 cum
3143 847 3327 919 magis
3369 847 3429 902 in
3454 850 3611 905 malo
3650 851 3752 907 ﬁr-

336 934 523 983 matus
564 929 640 983 sit
669 929 816 1000 ipsis
846 931 1099 984 affectus
1131 946 1312 1001 quam
1335 936 1403 986 ut
1434 930 1616 985 ullam
1648 929 1923 985 admittat
1952 942 2176 993 curam,
2196 944 2397 983 verum
2430 929 2608 985 etiam
2640 931 2940 1001 proximos
2969 934 3218 1004 cupiunt
3249 938 3490 1007 proprio
3520 940 3752 1011 replere

335 1018 564 1072 morbo.
598 1017 758 1085 Ideo,
800 1040 828 1068 «
863 1019 945 1073 Ne
967 1018 1043 1073 ad
1074 1019 1282 1074 horam
1315 1019 1557 1091 quidem
1587 1018 1874 1074 cessimus
1900 1016 2043 1088 ipsis
2076 1033 2090 1082 ;
2126 1040 2147 1069 ι
2187 1022 2246 1073 et
2269 1020 2627 1075 sententiam
2658 1020 2815 1075 hanc
2848 1021 3110 1092 loquitur
3136 1024 3302 1079 divus
3359 1027 3599 1082 Paulus.

407 1106 499 1161 Δή

325 1549 487 1622 ὑμᾶς,

392 1637 534 1696 Οὐδὲ
562 1638 750 1710 ἐπειδὴ
787 1642 839 1695 οἱ
881 1638 1248 1717 ψευδάδελφοι
1296 1650 1567 1718 παρῆσαν,
1627 1642 1813 1720 φησὶν,
1842 1642 1980 1712 ἠνά-

319 1749 526 1803 γκασαν
572 1731 623 1784 οἱ
681 1729 985 1785 ἀπόστολοι
1041 1731 1194 1786 Τίτον
1249 1734 1672 1806 περιτμηθῆναι,
1721 1731 1854 1806 ὅπερ
1908 1732 1975 1801 ἦν

603 1102 659 1160 δὲ
742 1104 870 1166 τοὺς
926 1106 1319 1181 παρεισάκτους
1405 1103 1813 1183 ψευδαδέλφους
1899 1101 1989 1159 σ’ί-

328 1214 469 1257 τινες
531 1194 902 1267 παρεισῆλθον
989 1203 1403 1266 κατασκοπῆσαι
1489 1198 1589 1266 τὴν
1679 1195 1987 1269 ἰλευθερίαν

329 1284 511 1354 ἡμῶν,
548 1281 616 1351 ἤν
653 1282 854 1363 ἔχομεν
886 1283 938 1339 ἐν
966 1287 1183 1360 Χριστῷ
1233 1287 1433 1356 Ἰησοῦ,
1488 1287 1580 1341 ’ἱνα
1636 1287 1785 1359 ἡμᾶς
1824 1305 1983 1340 κατα-

331 1369 741 1439 δουλώσωνται,
802 1375 881 1435 οἷς
938 1371 1064 1429 ουδὲ
1119 1376 1255 1447 πρὸς
1308 1375 1454 1448 ὥραν
1495 1373 1707 1447 εἴξαμεν
1746 1376 1816 1447 τῇ
1850 1373 1980 1429 ὑπο-

324 1465 489 1535 ταγῇ,
525 1461 619 1517 ’ἱνα
648 1465 681 1531 ἡ
716 1461 953 1533 ἀλήθεια
987 1468 1083 1518 τοῦ
1142 1462 1479 1540 Εὔαγγελίου
1539 1461 1794 1537 διαμείνῃ
1844 1462 1979 1537 πρὸς

2172 1107 2242 1170 ΙΙ,
2273 1109 2326 1173 4,
2350 1110 2401 1162 5.
2436 1108 2599 1163 «Sed
2631 1115 2872 1181 propter
2901 1110 3091 1166 obiter
3118 1113 3412 1184 ingressos
3433 1115 3611 1172 falsos
3632 1117 3747 1174 fra-

2102 1218 2129 1243 ‹‹
2157 1201 2300 1263 tres,
2333 1197 2434 1268 qui
2464 1197 2934 1254 subintroierant
2963 1200 3037 1255 ad
3060 1202 3483 1272 explorandam
3504 1205 3748 1264 liberta-

2100 1306 2127 1331 ‹‹
2161 1290 2279 1340 tem
2313 1292 2779 1358 nostram,quam
2812 1288 3100 1345 habemus
3132 1291 3190 1345 in
3213 1291 3441 1347 Christo
3468 1294 3748 1366 Jesu,quo

2096 1399 2123 1426 ‹‹
2157 1378 2338 1433 nosin
2371 1378 2712 1434 servitutem
2734 1379 3325 1452 adigerent.Quorum
3346 1400 3421 1439 ne
3449 1384 3523 1440 ad
3539 1385 3749 1444 horam

2094 1487 2122 1515 ‹‹
2155 1466 2396 1538 quidem
2426 1468 2710 1523 cessimus
2739 1468 2868 1539 subj
2881 1469 3191 1539 ectioni,ut
3209 1472 3423 1528 veritas
3447 1475 3745 1547 Evangelii

2091 1577 2117 1603 ‹‹
2151 1561 2530 1626 permaneret
2559 1556 2717 1628 apud
2747 1574 2864 1612 vos.
2891 1580 2918 1606 ››

2160 1645 2359 1716 Neque
2391 1661 2461 1700 eo
2503 1645 2659 1715 quod
2717 1646 2992 1702 adessent
3043 1648 3175 1703 falsi
3228 1648 3460 1717 fratres,
3521 1651 3580 1706 id
3630 1659 3737 1722 est,

2090 1731 2209 1786 ficti
2242 1733 2579 1801 Christiani,
2611 1735 3028 1806 compulerunt
3056 1737 3309 1809 apostoli
3368 1740 3560 1795 Titum
3619 1743 3737 1797 cir-

319 1817 541 1894 δεῖγμα,
573 1823 669 1873 τοῦ
713 1822 786 1892 μή
852 1827 1163 1892 νομοθετεῖν
1222 1822 1348 1883 τοὺς
1408 1821 1547 1899 ἀμφὶ
1607 1823 1805 1895 [Ιὲτρον
1873 1822 1942 1889 τῆ

2086 1823 2528 1895 cumcidi,quod
2559 1824 2792 1897 signum
2825 1830 2954 1882 erat
2981 1830 3217 1884 Petrum
3264 1845 3396 1884 cum
3457 1830 3580 1886 suis
3613 1849 3733 1888 non

316 1913 647 1984 περιτομήν,
684 1908 1063 1990 Ψευδάδελφοι
1113 1908 1170 1966 δὲ
1226 1912 1363 1981 ἦσαν
1422 1900 1564 1971 τίνες
1609 1910 1660 1966 ἐν
1719 1913 1971 1986 σχήματι

2082 1913 2314 1967 sancire
2346 1914 2882 1970 circumcisionem.
2925 1917 3079 1971 Falsi
3111 1922 3308 1973 autem
3324 1918 3534 1975 fratres
3564 1928 3736 1978 erant

311 1997 568 2078 ἀδελφῶν
637 2003 998 2075 Χριστιανῶν,
1060 2002 1366 2075 περιτομὴν
1420 2000 1805 2076 κηρύσσοντες,
1863 1998 1945 2075 οὒ]

2079 2001 2323 2072 quidam
2358 2003 2419 2056 in
2452 2002 2654 2057 habitu
2688 2002 2936 2059 fratrum
2969 2006 3088 2087 sive
3118 2006 3587 2064 Christianorum
3619 2010 3736 2065 cir-

314 2090 389 2152 ὡς
414 2090 465 2142 οἱ
522 2089 644 2162 περὶ
716 2090 941 2168 Πέτρον,
1004 2087 1093 2144 διὰ
1143 2086 1542 2165 συγκατάϐασιν
1599 2090 1689 2144 καὶ
1747 2089 1965 2145 οἱκονοο

315 2182 466 2253 μίαν,
499 2180 629 2236 ἀλλ’
670 2182 744 2242 ὡς
774 2181 944 2253 νόμον
976 2179 1315 2243 ἐκδικοῦντες
1345 2182 1409 2236 τὸ
1463 2186 1712 2254 πρᾶγμα.
1753 2180 1854 2237 Καὶ
1912 2180 1965 2235 οἱ

311 2271 408 2344 μὲν
437 2270 760 2331 ἀπόστολοι,
796 2272 921 2345 παρ’
958 2268 1240 2332 Ἰουδαίοις
1272 2274 1435 2325 τοῦτο
1500 2269 1659 2342 μόνον
1721 2270 1964 2345 συνεχώ-

308 2381 455 2434 ρουν,
490 2358 689 2414 ἐκεῖνοι
724 2356 780 2414 δὲ
808 2360 899 2414 καὶ
931 2358 982 2414 ἐν
1020 2365 1137 2421 τοῖς
1194 2358 1365 2424 ἓθνεσι
1417 2362 1722 2433 περιτομήν
1771 2358 1963 2433 ἐνομο-

303 2449 515 2506 θέτουν.
547 2449 713 2505 Οὗτοι
739 2452 843 2524 γὰρ
873 2449 1010 2519 ἦσαν
1062 2450 1115 2504 οἱ
1184 2450 1429 2510 Γαλάτας
1491 2445 1955 2523 διαθορυϐοὒντες.

305 2536 449 2596 Οὐδὲ
477 2536 651 2593 αὐτῶν
708 2540 824 2606 οὖν,
878 2540 1035 2616 φησὶ,
1095 2539 1392 2615 παρόντων,
1454 2541 1536 2600 οἷς
1593 2537 1746 2613 ἔργον
1805 2558 1956 2614 περι-

302 2629 481 2701 τομὴν
540 2629 853 2704 κηρύσσειν,
929 2628 1244 2702 ἠναγκάσθη
1305 2627 1471 2691 Τίτος
1530 2635 1952 2704 περιτμηθῆναι.

303 2742 331 2768 ‹‹
366 2715 581 2777 (Ῑίτινες
611 2716 1002 2792 παρεισῆλθον.
1042 2740 1069 2769 ››
1100 2718 1170 2774 Οἱ
1199 2715 1588 2792 ψευδαδελφοι,
1636 2718 1790 2794 φησί,
1850 2715 1952 2772 λα-

300 2809 501 2882 θραίως
549 2806 968 2883 παρεισὲδυσαν,
1026 2811 1434 2878 κατασκοπῆσαι
1490 2812 1652 2881 ἡμῶν
1728 2813 1950 2879 ζητοῦν-

296 2919 381 2960 τες
411 2900 511 2968 τήν
543 2897 594 2953 ἐν
646 2901 868 2971 Χριστῷ
919 2896 1246 2969 ἐλευθερίαν,
1294 2896 1387 2953 ’ίνα
1444 2900 1592 2970 ἡμᾶς
1644 2898 1810 2953 πάλιν
1871 2903 1952 2971 τῷ

294 2992 445 3061 ζυγῷ
504 2992 602 3042 τοῦ
660 2986 838 3059 νόμου
900 2982 1243 3053 ὑποϐάλωσι,
1301 2988 1389 3041 καὶ
1450 2992 1568 3046 ταῖς
1624 2983 1950 3048 Ἰουδαῖκαῖς

296 3079 730 3151 παρατηρήσεσι.
765 3077 840 3135 Τὸ
870 3078 975 3151 γὰρ
1011 3079 1085 3149 μή
1144 3078 1360 3138 τούτοις
1421 3076 1758 3146 ὑποκεῖσθαι,
1791 3075 1950 3131 ἐλευ-

292 3165 473 3239 θερίαν
502 3164 673 3239 λὲγει.
705 3169 844 3238 Ὂρα
869 3163 927 3221 δὲ
957 3171 1074 3227 πῶς
1106 3161 1301 3236 ἔδειξεν
1356 3163 1552 3227 αὖτοὺς
1612 3164 1941 3237 πολεμίους,

287 3254 375 3310 καὶ
411 3255 499 3309 ἐπὶ
558 3253 708 3331 λύμῃ
767 3263 865 3325 τῆς
926 3254 1160 3317 πίστεως
1227 3252 1675 3324 εἰσεληλυθότας,
1722 3259 1940 3328 πρῶτον

281 3349 365 3416 τῷ
386 3344 578 3412 εἰπεῖν,
612 3369 639 3398 ‹‹
673 3342 1065 3419 παρεισῆλθον,
1101 3368 1130 3395 ››
1162 3346 1261 3414 τήν
1296 3342 1558 3416 λαθραίαν
1618 3342 1795 3398 αὐτῶν
1850 3343 1941 3397 καὶ

285 3429 584 3490 ἐπίϐουλον
638 3430 845 3489 εἶ’σοδον
898 3431 1105 3505 δηλῶν,
1165 3433 1252 3487 καὶ
1315 3437 1396 3504 τῷ
1452 3432 1644 3503 εἰπεῖν,
1676 3456 1703 3484 ‹‹
1768 3437 1939 3487 Κατα-

285 3526 576 3592 σκοπῆσαι.
614 3548 642 3575 ‹‹
676 3524 738 3580 Ὁ
763 3524 866 3599 γὰρ
894 3527 1275 3589 κατασκοπῶν,
1308 3520 1397 3577 ἐπὶ
1457 3516 1643 3596 βλάϐῃ
1676 3521 1768 3575 καὶ
1816 3520 1937 3577 ἐπι-

285 3607 464 3685 ϐουλῇ
495 3617 848 3667 κατασκοπεῖ.
882 3612 1008 3679 Καὶ,
1046 3613 1214 3668 «Ἵνα
1268 3612 1417 3683 ἡμᾶς
1468 3606 1938 3664 καταδουλώσων-

283 3722 397 3769 ται,
445 3726 470 3752 η
511 3701 692 3778 φησίν.
727 3702 795 3759 Οἱ
825 3702 919 3775 μὶν
951 3701 1052 3776 γὰρ
1085 3700 1223 3777 αμφὶ
1249 3698 1449 3773 Πέτρον
1483 3699 1823 3774 συνεχώρουν
1838 3699 1936 3767 τὴν

287 3791 616 3864 περιτομὴν,
645 3789 739 3844 ’ἱνα
769 3792 907 3846 κατᾶ
940 3790 1132 3863 μικρὸν
1166 3786 1515 3862 ὑποκλέψωσι
1543 3790 1642 3856 τῆς
1680 3784 1935 3851 δουλείας

285 3883 382 3934 τοῦ
410 3878 601 3950 νόμουσ
634 3880 785 3936 οὗτοι
817 3876 895 3945 δὲ,
943 3876 1036 3933 ’ἱνα
1064 3875 1584 3933 καταδουλώσωσιν.
1621 3900 1650 3929 ιι
1682 3878 1779 3941 Οἷς
1809 3874 1935 3933 ουδὲ

283 3967 422 4039 πρὸς
456 3967 594 4041 ὥραν
628 3966 859 4040 εἴξαμεν.
895 3991 922 4018 ››
956 3966 1053 4022 Δια
1082 3970 1266 4035 τοῦτο,
1321 3965 1507 4044 φησὶν,
1566 3963 1666 4020 οὒκ
1720 3963 1934 4038 εἴξαμεν

282 4054 456 4122 αὑτῶν
482 4061 550 4129 τῇ
585 4054 975 4131 ὺποταγῇ,’ίνα
1034 4058 1066 4125 ἡ
1125 4054 1356 4127 ἀλήθεια
1408 4060 1505 4110 τοῦ
1558 4052 1930 4130 κηρυχθέντος

278 4147 405 4218 παρ’
433 4144 570 4218 ἐμοῦ
604 4146 740 4220 πρὸς
775 4146 914 4219 ὑμᾶς
946 4142 1302 4220 Εὒαῃελίου,
1335 4144 1490 4218 μείνῃ
1519 4142 1817 4206 ἀσάλευτος
1840 4153 1930 4207 καὶ

279 4230 492 4309 βεϐαία.
528 4235 626 4296 Τίς
658 4232 716 4288 δὲ
745 4237 779 4302 ἡ
813 4233 1042 4303 ἀλήθεια
1073 4233 1239 4288 αὐτοῦ
1272 4253 1287 4301 ;
1321 4257 1347 4284 ‹‹
1371 4232 1454 4290 Τὰ
1484 4233 1688 4308 ἃρχαῖα
1717 4230 1930 4306 παρῆλ-

275 4334 354 4389 θε,
386 4323 476 4377 καὶ
508 4323 556 4376 εἳ
586 4343 668 4383 τις
709 4321 759 4376 ἐν
791 4324 1011 4395 Χριστῷ
1040 4325 1200 4391 καινή
1234 4322 1433 4382 κτίσις.
1478 4344 1506 4373 »
1540 4321 1643 4377 Καὶ
1674 4320 1757 4375 ’ὁτι
1802 4318 1930 4382 τοὺς

275 4414 795 4484 περιτεμνομένους,
826 4413 1057 4487 Χριστὸς
1088 4409 1245 4468 οὐδὲν
1273 4410 1568 4487 ὠφελήσει.
1612 4431 1633 4459 ι
1678 4411 1760 4481 Τῇ
1794 4408 1929 4464 ὑπο-

271 4504 436 4579 ταγῇ.
476 4526 503 4553 ››
534 4500 651 4560 Οὐκ
681 4503 819 4569 εἶπε,
851 4505 934 4576 Τῇ
968 4500 1197 4578 διδαχῇ,
1227 4500 1397 4566 ἀλλὰ,
1433 4524 1460 4552 ‹‹
1492 4503 1576 4572 Τῇ
1610 4499 1927 4574 ὁποταγῇ,››

2074 2091 2498 2146 cumcisionem
2545 2092 2971 2162 prtedicantes:
3005 2111 3123 2149 non
3155 2096 3308 2151 sicut
3355 2098 3564 2152 Petrus
3595 2115 3730 2153 cum

2073 2182 2303 2238 cmteris
2359 2190 2603 2255 propter
2659 2186 3227 2242 condescensionem
3286 2194 3344 2243 et
3407 2190 3728 2260 quamdam

2071 2268 2597 2340 dispensationem,
2631 2274 2735 2328 sed
2768 2290 2891 2328 rem
2952 2281 3234 2345 tanquam
3294 2276 3485 2347 legem
3518 2277 3721 2334 defen-

2070 2357 2296 2414 dentes.
2329 2362 2471 2416 7’27
2508 2363 2576 2415 Et
2605 2362 2855 2433 apostoli
2888 2362 3128 2432 quidem
3165 2364 3321 2436 apud
3343 2365 3575 2421 Iudaeos
3608 2368 3721 2423 hoc

2068 2446 2259 2502 solum
2282 2450 2726 2519 permittebant,
2753 2450 2836 2505 illi
2870 2468 3004 2506 vero
3044 2453 3202 2507 inter
3230 2458 3434 2523 gentes
3485 2472 3720 2528 quoque

2065 2536 2583 2593 circumcisionem
2610 2538 2737 2612 lege
2761 2539 3101 2596 statuebant
3131 2542 3219 2609 ;hi
3247 2543 3405 2598 enim
3432 2545 3716 2615 erantqui

2064 2624 2295 2680 Galatas
2328 2627 2663 2683 turbabant.
2696 2629 2898 2700 Neque
2946 2630 3039 2684 his
3096 2630 3275 2703 igitur
3304 2632 3719 2703 prmsentibus,

2062 2713 2278 2785 inquit,
2309 2732 2563 2786 quorum
2589 2715 2851 2771 ofﬁcium
2884 2724 3009 2773 erat
3029 2718 3547 2774 circumcisionem
3569 2737 3716 2792 prm-

2059 2802 2638 2876 dicare,‘_compulsus
2666 2805 2781 2861 fuit
2806 2807 2967 2861 Titus
3000 2808 3367 2862 circumcidi.
3398 2830 3425 2857 ‹‹
3450 2809 3559 2874 Qui
3580 2810 3714 2865 sub-

2058 2894 2433 2949 introierant.
2464 2916 2492 2944 »
2529 2894 2703 2961 Falsi,
2738 2896 2953 2965 inquit,
3007 2895 3239 2963 fratres,
3273 2897 3426 2952 clam
3463 2898 3712 2971 irrepse-

2057 2989 2191 3037 rant
2216 2983 2525 3053 explorare
2550 2989 2884 3053 quaerentes
2915 2990 3177 3040 nostram
3203 2986 3262 3039 in
3278 2987 3506 3042 Christo
3539 2987 3713 3044 liber-

2057 3076 2257 3134 tatem,
2315 3078 2380 3127 ut
2426 3087 2535 3125 nos
2595 3088 2828 3127 rursum
2881 3073 3026 3145 jugo
3084 3073 3230 3146 legis
3278 3075 3601 3132 subderent
3637 3094 3706 3134 ac

2053 3162 2312 3218 Judaicis
2343 3162 2875 3218 observationibus.
2910 3164 3010 3219 His
3042 3165 3201 3220 enim
3233 3183 3353 3221 non
3404 3168 3596 3232 subdi,
3630 3169 3702 3224 Ιί-

1975 3226 2016 3292 C
2055 3252 2345 3307 bertatem
2386 3252 2548 3307 dicit.
2588 3252 2728 3308 Vide
2760 3258 2959 3309 autem
2991 3254 3289 3326 quomodo
3315 3257 3475 3327 ipsos
3504 3226 3703 3315 ostem

2049 3340 2204 3396 derit
2235 3357 2362 3396 esse
2389 3341 2591 3395 hostes
2621 3347 2679 3396 et
2727 3341 2801 3397 ad
2830 3344 3273 3414 corruptionem
3307 3344 3445 3400 fidei
3503 3347 3704 3404 subin-

2046 3430 2569 3502 gressos.Primum
2593 3447 2698 3501 per
2716 3430 2827 3486 hoc
2846 3431 3005 3502 quod
3018 3432 3119 3499 ait,
3133 3456 3151 3480 ι
3165 3432 3698 3504 Subintroierant,»

2045 3519 2329 3577 latentem
2360 3536 2428 3574 ac
2457 3520 2810 3575 insidiosum
2843 3520 3179 3593 ingressum
3211 3522 3556 3594 significans
3588 3543 3601 3580 :
3638 3531 3697 3581 et

2044 3626 2147 3680 per
2177 3609 2287 3663 hoc
2310 3608 2468 3680 quod
2499 3608 2665 3676 dixit,
2699 3630 2724 3660 ιι
2756 3608 2842 3663 Ad
2874 3609 3322 3680 explorandum.
3358 3636 3385 3662 »
3417 3614 3694 3684 Explora-

2043 3704 2135 3754 tor
2157 3698 2319 3754 enim
2376 3699 2450 3754 ad
2523 3699 2947 3755 documentum
3005 3705 3063 3754 et
3117 3701 3362 3756 insidias
3401 3703 3687 3772 explorat.

2041 3789 2427 3853 Praetereamt
2456 3804 2583 3853 nos,
2615 3787 2831 3858 inquit,
2851 3788 2912 3841 in
2936 3789 3276 3842 servitutem
3307 3788 3633 3859 adigerent.
3663 3812 3685 3839 ιι

2041 3876 2345 3948 Siquidem
2366 3878 2574 3931 Petrus
2587 3893 2655 3931 ac
2681 3876 2877 3931 caateri
2900 3876 3151 3946 apostoli
3173 3876 3691 3934 circumcisionem

2039 3965 2448 4021 concedebant
2476 3972 2541 4020 ut
2592 3964 2878 4037 paulatim
2929 3963 3075 4036 legis
3132 3965 3472 4020 servitutem
3528 3965 3693 4023 falle-

2040 4056 2261 4118 rent.hi
2290 4071 2426 4110 vero
2458 4060 2522 4110 ut
2551 4053 2611 4108 in
2641 4053 2981 4109 servitutem
2999 4052 3592 4124 adigerent.«Quibus
3612 4074 3687 4112 ne

2036 4144 2111 4199 ad
2132 4144 2340 4198 horam
2371 4140 2612 4213 quidem
2645 4141 2941 4196 cessimus.
2962 4143 3688 4215 nPropterea.inquit.non

2037 4231 2321 4288 cessimus
2350 4231 2615 4301 ipsorum
2647 4228 3111 4301 subjectioni,ut
3139 4231 3354 4287 veritas
3384 4232 3686 4303 praadicati

2035 4336 2141 4392 per
2174 4335 2267 4373 me
2289 4318 2445 4390 apud
2478 4335 2577 4373 vos
2613 4318 2910 4391 Evangelii
2947 4325 3214 4375 maneret
3237 4319 3590 4385 inconcussa
3617 4335 3687 4375 ac

2035 4408 2371 4472 firma.Quaa
2387 4413 2478 4462 est
2505 4412 2705 4464 autem
2733 4408 2947 4463 veritas
2978 4408 3164 4479 ipsius
3183 4409 3211 4463 ?
3229 4409 3483 4465 «Vetera
3495 4414 3684 4465 trans-

2036 4499 2281 4561 ierunt;
2316 4498 2364 4552 si
2416 4498 2550 4569 quis
2609 4498 2746 4552 vivit
2802 4498 2864 4552 in
2921 4498 3174 4560 Christo,
3225 4513 3378 4553 nova
3415 4503 3687 4554 creatura

275 4588 463 4660 δηλῶν
497 4592 696 4655 αὐτοὺς
730 4588 1050 4661 σπουδάζειν
1088 4590 1345 4660 ὑποτάξαι
1376 4588 1465 4644 καὶ
1506 4584 1922 4645 καταδουλῶσαι

2059 4592 2121 4644 st
2148 4588 2190 4655 ⁸,
2224 4608 2252 4636 ››
2286 4591 2344 4643 et
2374 4586 2532 4658 quod
2565 4588 2651 4642 eis
2681 4586 2780 4657 qui
2840 4585 3369 4650 circumciduntur,
3415 4585 3683 4643 Christus

270 4680 436 4737 πάλιν
462 4681 542 4754 τῷ
571 4682 750 4754 νόμῳ.

2034 4677 2185 4734 nihil
2218 4676 2479 4749 prodest.
2514 4699 2540 4726 «
2567 4673 2952 4746 Subjectioni.
2981 4676 3150 4729 nNon
3189 4675 3681 4745 dixit,Doctrina,

274 4771 400 4838 sed,
437 4794 461 4822 ι
497 4773 862 4845 Subjectioni
896 4790 909 4838 ;
944 4796 968 4823 »
1006 4772 1351 4845 significans
1382 4771 1543 4843 ipsos
1583 4770 1655 4827 ad
1687 4771 1800 4826 hoc
1829 4768 1937 4824 niti
1961 4774 2029 4824 ut
2055 4784 2291 4824 rursum
2330 4766 2695 4838 subjicerent
2748 4780 2816 4818 ac
2874 4763 2936 4818 in
2968 4763 3313 4819 servitutem
3368 4764 3680 4836 adigerent

274 4862 383 4917 sub
415 4862 561 4934 lege.

341 4948 477 5005 Ἀπὸ
563 4943 619 5002 δὲ
673 4953 781 5003 τῶν
857 4946 1164 5004 δοκούντων
1222 4948 1359 5004 εἷναί
1411 4968 1487 5017 τι,
1547 4947 1732 5003 ὁποῖοί
1786 4967 1919 5003 ποτε

266 5037 436 5106 ἦσαν,
510 5034 661 5092 οὺδέν
747 5059 845 5111 μοι
920 5036 1184 5117 διαφέρει.
1274 5037 1575 5112 Ιῐρόσωπον
1644 5036 1774 5097 Θεὸς
1831 5037 1919 5090 ἀνι

270 5127 492 5202 θρώπου
578 5127 638 5182 οὐ
716 5123 1009 5200 λαμϐάνει.
1095 5127 1254 5200 Ἐμοὶ
1327 5127 1432 5200 γὰρ
1489 5126 1542 5180 οἱ
1611 5123 1914 5195 δοκοῦντες,

266 5214 420 5271 οὐδὲν
478 5217 893 5289 προσανέθεντο,
951 5216 1101 5273 ἀλλὰ
1154 5214 1486 5283 τοὺναντίον,
1545 5212 1749 5279 εἰδότες
1831 5215 1915 5270 ’ὁτι

262 5307 624 5379 πεπίστευμαι
672 5306 735 5362 τὰ
780 5307 1112 5382 Εὐαγγὲλιον
1144 5313 1243 5374 τῆς
1301 5300 1683 5380 ἀκροϐυστίας,
1732 5305 1915 5367 καθὼς

260 5396 463 5469 Πέτρος
494 5402 594 5464 τῆς
626 5403 957 5469 περιτομῆς.
988 5397 1045 5449 Ὀ
1102 5397 1206 5472 γὰρ
1265 5394 1551 5470 ἐνεργήσας
1605 5394 1793 5469 Πέτρῳ
1839 5393 1916 5458 εἰς

259 5484 576 5557 ἀποστολὴν
604 5495 703 5557 τῆς
736 5495 1063 5564 περιτομῆς,
1096 5487 1482 5562 ἐνήργησεκαὶ
1536 5486 1662 5560 ἐμοὶ
1712 5486 1789 5549 εἷς
1849 5487 1915 5542 τὰ

260 5574 406 5647 ἔθνη.

300 5740 303 5743 '
331 5723 356 5760 ¹
383 5724 433 5781 Ii
466 5723 597 5784 Cor.
632 5740 683 5796 ν,
718 5727 804 5781 17.

2096 4946 2168 5010 Il,
2189 4946 2301 5000 6-8.
2319 4966 2345 4992 α
2363 4942 2450 4998 Ab
2480 4942 2555 4996 iis
2575 4946 2775 4997 autem
2802 4942 2903 5012 qui
2930 4940 3282 4997 videbantur
3309 4942 3537 5015 aliquid
3552 4960 3678 5002 esse

2027 5057 2055 5085 ‹‹
2089 5034 2296 5106 quales
2327 5032 2649 5102 aliquando
2666 5031 2890 5086 fuerint
2907 5031 3060 5088 nihil
3094 5049 3226 5088 mea
3241 5034 3438 5090 refert.
3470 5036 3678 5091 Perso-

2027 5147 2054 5174 ‹‹
2088 5139 2225 5179 nam
2248 5120 2511 5176 hominis
2539 5121 2690 5175 Deus
2719 5137 2841 5175 non
2871 5121 3261 5193 accipit.Nam
3285 5123 3428 5179 mihi
3460 5123 3562 5195 qui
3593 5124 3678 5180 vi-

2028 5234 2055 5263 ι(
2089 5212 2383 5268 debantur
2413 5226 2540 5264 esse
2566 5210 2626 5263 in
2650 5210 2863 5280 pretio,
2896 5210 3046 5265 nihil
3096 5212 3496 5268 contulerunt.
3553 5215 3677 5268 Imo

2026 5322 2054 5352 ισ
2088 5306 2319 5363 contra,
2347 5316 2483 5354 cum
2514 5299 2799 5354 vidissent
2855 5299 2999 5353 mihi
3059 5302 3465 5358 concreditum
3496 5302 3677 5358 fuisse

2029 5412 2053 5441 ι
2089 5388 2469 5460 Evangelium
2498 5388 2797 5460 praaputii,
2821 5388 3323 5459 quemadmodum
3356 5393 3529 5447 Petro
3561 5391 3677 5446 cir-

2028 5501 2050 5531 c
2089 5477 2492 5534 cumcisionis.
2528 5477 2675 5534 Nam
2709 5478 2809 5549 qui
2841 5477 3052 5534 efficax
3082 5478 3196 5534 fuit
3223 5482 3395 5534 Petro
3426 5480 3501 5534 ad
3530 5495 3671 5551 apo-

2022 5590 2051 5619 α
2085 5567 2371 5624 stolatum
2402 5568 2898 5636 circumcisionis,
2932 5567 3141 5624 efficax
3194 5567 3307 5623 fuit
3361 5573 3421 5623 et
3468 5568 3529 5622 in
3576 5583 3672 5624 me

2024 5679 2053 5709 α
2086 5673 2222 5731 erga
2249 5663 2476 5732 gentes.
2503 5682 2525 5709 ι
