4128 6192
498 361 650 423 11οῖ
1613 353 2042 415 CBCUMENII
2085 350 2172 411 Ἰ*Ιί

2282 350 2392 410 3E
2436 351 2783 413 EPISCOPI
3726 354 3861 414 1108

571 493 629 549 Si
660 492 856 565 palam
911 488 1158 543 dixisset
1214 486 1431 542 Paulus
1490 486 1650 558 quod
1708 482 2141 557 dispensatorie

2326 480 2387 537 Εἰ
2419 487 2660 559 φανερῶς
2693 483 2841 538 εἶπεν
2890 484 2919 538 6
2976 483 3195 546 Παῦλος
3250 483 3334 537 δτι
3391 481 3738 554 οἰκονομικῶς
3777 486 3860 554 τὴν

498 578 1010 638 circumcisionem
1043 574 1968 640 concederent,discessissentab
2000 573 2146 645 ipsis

2282 571 2558 645 περιτομὴν
2613 576 3021 651 συγχωροῦσιν,
3096 570 3460 651 ἀπεφοίτησαν
3519 568 3579 625 ἂν
3627 568 3785 626 αἰιτῶν
3821 576 3865 628 οἱ

499 669 705 726 ﬁdeles
736 684 804 723 ex
824 666 1043 722 Iudaeis
1074 666 1173 737 qui
1198 665 1654 720 circumcisione
1684 663 2041 737 gaudebant,
2077 678 2145 717 eo

2284 662 2319 732 ᾖ
2351 664 2626 735 περιτομῇ
2660 661 2946 736 χαίροντες
2978 662 3028 731 ἐξ
3092 658 3370 717 Ἰουδαίων
3420 660 3624 726 πιστοὶ,
3673 660 3748 714 δτι
3802 662 3865 735 μή

495 758 653 829 quod
680 773 801 811 non
828 757 887 810 in
918 756 1162 811 veritate
1184 754 1332 811 128
1359 752 2149 825 susciperentcircumcisio-

2354 749 2589 820 ἀληθεία
2618 748 2872 827 ἐδέχοντο
2904 753 3001 820 τήν
3056 751 3386 823 περιτομὴν,
3436 748 3565 805 ἀλλ’
3614 748 3868 823 οἰκονομίᾳ

493 864 650 907 nem,
672 845 773 901 sed
803 845 1246 917 dispensatione
1260 844 1516 915 quadam
1549 840 2146 898 etcondescensione.

2282 838 2343 891 ,αὶ
2384 835 2798 911 συγκαταϐάσει.
2862 847 3018 903 Ὅθεν
3081 838 3179 895 οὒκ
3234 838 3599 894 ἀνακαλύπτει
3654 842 3736 892 νῦν
3787 841 3867 907 τήν

495 936 720 993 Idcirco
744 951 865 990 non
896 934 1118 1006 detegit
1148 950 1306 987 nunc
1350 933 1568 987 Paulus
1620 931 2147 1003 dispensationem,

2289 927 2575 1002 ἰκονομίαν
2612 931 2640 984 6
2672 932 2904 992 Παῦλος.
2938 928 3160 990 Ἀλλως
3194 926 3251 984 δὲ
3285 925 3565 1001 μεθοδεύει
3593 928 3680 982 τὸν
3708 925 3869 1002 λόγον,

495 1026 599 1082 sed
611 1025 728 1079 alio
744 1024 917 1079 modo
935 1028 1145 1078 tractat
1156 1027 1349 1077 astute
1364 1036 1697 1075 sermonem
1711 1067 1718 1079 ,
1730 1026 2010 1089 tanquam
2023 1018 2153 1073 bel-

2282 1018 2333 1078 b:
2365 1016 2426 1071 ἄν
2453 1020 2889 1094 ἀπομαχόμενος
2917 1025 3037 1081 τοῖς
3096 1018 3219 1094 περὶ
3273 1016 3500 1087 Πέτρον,
3558 1018 3702 1086 Ὅτι,
3743 1018 3872 1094 φησί,

495 1116 621 1171 lum
641 1130 775 1170 cum
798 1116 969 1168 Petro
999 1128 1067 1167 ac
1092 1111 1321 1167 caeteris
1344 1111 1671 1181 susciperet
1694 1126 1707 1175 ;
1733 1110 1871 1179 quia
1890 1111 2029 1175 Deo,
2062 1108 2151 1162 in-

2282 1108 2424 1183 λόγον
2460 1106 2726 1165 δώσουσιν
2780 1109 2854 1164 ὧν
2903 1110 3237 1185 κηρύσσουσι
3297 1113 3433 1181 Θεῷ-
3495 1112 3657 1163 τοῦτο
3712 1104 3765 1163 δὲ
3804 1106 3873 1163 ὂιὶ

500 1202 1099 1277 quit.prmdicationis
1113 1217 1234 1255 suae
1249 1200 1541 1254 rationem
1555 1199 1801 1254 dabunt.
1818 1199 1934 1253 Hoc
1951 1204 2152 1253 autem

2282 1199 2356 1267 ἢν
2388 1197 2604 1253 ἐκείνων
2634 1200 2931 1256 ἀσθένειαν.
2966 1225 2992 1251 ιι
3028 1200 3186 1257 Εἶναι
3228 1199 3300 1257 τί,
3370 1222 3399 1251 ι)
3465 1198 3600 1255 Ἀπὸ
3651 1202 3752 1252 τῶν
3803 1194 3875 1251 δο-

500 1301 745 1367 propter
774 1292 1016 1347 illorum
1049 1289 1545 1345 imbecillitatem.
1581 1310 1608 1337 «
1640 1290 1781 1343 Esse
1840 1287 2088 1358 aliquid.
2125 1308 2151 1335 »

2282 1293 2497 1346 ιούντων
2555 1292 2689 1346 εἶναι
2753 1292 3030 1368 μεγάλων,
3090 1299 3202 1348 τῶν
3261 1291 3399 1369 ἀμφὶ
3460 1291 3684 1365 Πέτρον,
3725 1290 3878 1345 ὁποῖοί

499 1384 585 1439 Ab
617 1384 710 1438 his
740 1382 841 1453 qui
873 1380 1071 1452 magni
1100 1396 1231 1434 esse
1263 1378 1632 1445 videbantur,
1658 1393 1871 1448 nempe
1900 1379 2072 1432 Petro
2086 1392 2154 1431 ac

2282 1400 2388 1434 rore
2417 1380 2574 1450 ἦσαν,
2608 1378 2716 1435 εἷ’τε
2744 1379 3148 1455 εῦαρεστοῦντες
3197 1385 3336 1453 Θεῷ,
3394 1377 3506 1435 εἴτε
3563 1375 3648 1447 οὔ,
3699 1374 3778 1432 διὰ
3826 1379 3877 1433 τὸ

498 1473 729 1528 caeteris
752 1470 958 1541 quales
1017 1467 1340 1540 aliquando
1391 1467 1630 1534 fuerint,
1682 1467 1800 1521 sive
1855 1466 1973 1521 Deo
2038 1466 2155 1537 pla-

2282 1475 2571 1544 τυγχωρεῖν
2612 1471 2939 1544 περιτομὴν,
3000 1469 3132 1543 ἐγὼ,
3196 1468 3383 1543 φησὶν,
3434 1465 3499 1523 οὺ
3560 1465 3873 1540 διαφέρομαι.

499 1568 672 1619 ceant
703 1562 821 1616 sive
854 1576 994 1627 non,
1030 1576 1096 1613 eo
1130 1558 1287 1628 quod
1332 1556 1849 1612 circumcisionem
1906 1554 2151 1627 permit-

2282 1555 2397 1613 )ἶ’δα
2436 1559 2540 1635 γάρ
2572 1558 2655 1613 ὅτι
2711 1556 2876 1633 λόγον
2903 1555 3129 1620 ἕκαστος
3186 1555 3350 1612 δώσει
3407 1561 3548 1629 Θεῷ,
3578 1556 3667 1611 καὶ
3695 1554 3753 1610 οὒ
3800 1553 3876 1610 κᾶν

501 1657 649 1717 tant,
685 1645 1225 1719 nihil,inquit,mea
1256 1646 1585 1713 refert,scio
1618 1645 1777 1700 enim
1810 1644 1967 1715 quod
1991 1645 2151 1715 quis-

2282 1644 2455 1706 ιῦτοῦς
2487 1648 2515 1701 6
2576 1648 2706 1710 Θεὸς
2738 1646 3054 1722 ἑρυθριάσοι
3099 1644 3189 1701 διὰ
3241 1646 3305 1701 τὸ
3363 1647 3507 1701 εἶναι
3563 1644 3876 1721 κορυφαίους

502 1756 618 1812 que
630 1741 749 1796 Deo
771 1738 1064 1793 rationem
1080 1736 1539 1802 reddet,etDeus
1556 1750 1933 1804 nequaquam
1947 1750 2050 1788 eos
2066 1749 2156 1788 ve-

2282 1762 2287 1787 ι
2323 1735 2624 1810 ΙΙρόσωπον
2657 1738 2761 1813 γάρ
2794 1737 2924 1797 Θεὸς
2959 1737 3250 1812 ἀνθρώπου
3277 1734 3338 1791 οὐ
3367 1730 3661 1808 λαμϐάνει.
3690 1737 3879 1792 »Τοῦτο

504 1829 734 1885 rebitur
755 1841 1095 1898 quanquam
1117 1824 1414 1896 coryphaei
1439 1824 1590 1889 sint;
1610 1839 1749 1878 nam
1773 1844 1799 1871 ‹‹
1828 1824 2151 1878 Personam

2282 1827 2317 1880 ῖὲ
2393 1827 2543 1887 ὅπως
2599 1823 2834 1907 εἴρηται,
2891 1822 2999 1880 ἅνω
3074 1822 3532 1902 περιγέγραπται.
3612 1847 3640 1875 ‹‹
3698 1822 3881 1880 Ὀποῖοί

505 1916 768 1973 hominis
782 1916 934 1970 Deus
946 1930 1067 1969 non
1080 1912 1348 1983 accipit.»
1383 1913 1500 1967 Hoc
1512 1916 1711 1966 autem
1724 1916 1791 1966 ut
1803 1910 2027 1965 dictum
2040 1915 2151 1977 est,

2282 1936 2393 1970 τοτε
2422 1915 2579 1983 ἦσαν.
2616 1937 2643 1965 ι)
2679 1914 2918 1970 Δείκνυσι
2951 1914 3043 1969 καὶ
3084 1912 3302 1981 αῦτοὺς,
3364 1910 3476 1983 ἤδη
3537 1913 3881 1985 πεπαυμένους

502 2006 777 2078 superius
794 2003 1239 2059 manifestatum
1266 2006 1374 2057 est.
1409 2023 1438 2051 ‹‹
1458 2000 1672 2066 Quales
1693 1998 2016 2070 aliquando
2029 2000 2153 2055 fue-

2282 2008 2358 2059 τοῦ
2389 2002 2753 2076 οἰκονομικῶς
2786 2002 3098 2079 συγχωρεῖν
3153 2004 3483 2077 περιτομήν.
3547 1999 3625 2060 Oi:
3674 2002 3771 2077 γὰρ
3819 2001 3886 2055 εἴ·

502 2093 1138 2164 rint.»Ostenditipsos
1159 2108 1398 2163 quoque
1414 2092 1539 2162 jam
1559 2106 1910 2146 cessassene
1923 2089 2158 2161 dispen-
2263 2123 2379 2170 7m,
2411 2101 2533 2157 οἷοί
2562 2100 2704 2164 τινές
2732 2100 2962 2162 atoma)
2975 2099 3049 2169 λ’,
3076 2127 3103 2153 ‹‹
3130 2100 3346 2158 Όποῑοί
3369 2122 3506 2157 ποτε
3528 2102 3685 2170 ἦσαν.
3708 2125 3735 2152 ‹‹
3753 2101 3884 2172 Ἐμοὶ

503 2185 685 2240 sative
708 2182 1222 2238 circumcisionem
1236 2180 1493 2251 amplius
1506 2178 1921 2234 concederent.
1955 2180 2155 2248 Neque

2282 2193 2369 2269 γὰρ
2402 2191 2454 2245 οἰ
2486 2188 2792 2255 δοκοῦντες,
2825 2188 2978 2246 οῦδὲν
3024 2189 3437 2265 προσανέθεντο.
3484 2218 3509 2245 ι
3576 2190 3721 2248 Κατὰ
3752 2194 3887 2245 τοῦτο

503 2273 663 2328 enim
679 2272 847 2337 dixit,
880 2270 1097 2336 Quales
1110 2270 1247 2335 sint,
1267 2269 1426 2333 sed,«
1453 2268 1669 2332 Quales
1681 2266 2003 2338 aliquando
2028 2267 2159 2321 fue-

2282 2279 2347 2348 Βὲ,
2379 2281 2562 2356 φησὶν,
2591 2279 2652 2334 οὗ
2685 2275 2923 2357 διαφέρει
2968 2281 3034 2334 τὰ
3086 2282 3216 2352 παρ’
3264 2278 3464 2349 αὑτῶν,
3499 2281 3590 2336 ’ὁτι
3642 2278 3769 2341 τέως
3809 2283 3888 2334 τοῦ

501 2364 646 2418 rint.
665 2383 694 2411 »ι
715 2392 783 2401 -
819 2380 845 2411 ι
876 2361 1020 2415 Nam
1038 2358 1184 2413 mihi
1213 2358 1315 2428 qui
1343 2356 1696 2412 videbantur
1719 2372 1850 2411 esse
1882 2357 1944 2411 in
1968 2356 2157 2427 pretio

2282 2372 2404 2443 ίμοῦ
2461 2356 2816 2443 κηρύγματος
2873 2369 3221 2436 ἀκούσαντες,
3259 2364 3412 2423 οὐδὲν
3466 2368 3505 2438 ἢ
3561 2368 3887 2443 προσέθηκαν,

507 2451 659 2507 nihil
689 2449 1130 2506 contulerunt.»
1186 2448 1357 2503 Juxta
1415 2447 1525 2501 hoc
1572 2452 1773 2502 autem
1821 2446 1943 2501 ait:
2002 2444 2161 2500 Nihil

2282 2456 2586 2532 ἣάφεῖλοψ
2631 2455 2922 2520 δοκοῦντας
2979 2455 3057 2527 δὶ,
3116 2460 3235 2513 οἷον
3305 2456 3587 2533 μεγάλους
3644 2457 3729 2512 καὶ
3759 2456 3887 2519 ὄντας

507 2539 689 2597 refert
716 2539 789 2594 de
820 2538 913 2593 his
944 2553 1076 2608 quae
1108 2536 1264 2591 circa
1293 2551 1395 2589 eos
1430 2540 1569 2589 sunt
1600 2550 1613 2588 :
1648 2534 1929 2605 quoniam
1960 2532 2164 2588 audita

2282 2546 2399 2607 τοὺς
2424 2549 2548 2620 περὶ
2590 2549 2790 2623 Πέτρον
2849 2545 3033 2623 φησίν.
3093 2570 3122 2598 ‹‹
3182 2544 3360 2603 Ἀλλὰ
3390 2532 3741 2602 γτούναντίον.
3773 2570 3798 2597 »
3824 2546 3888 2603 Οὐ

514 2629 755 2685 interim
784 2643 915 2683 mea
946 2624 1550 2698 praadicationemihil
1570 2630 1673 2678 aut
1691 2623 2164 2678 addideruntaut

2282 2636 2461 2710 μόνον,
2520 2634 2706 2714 φησὶν,
2789 2631 2939 2689 οῦδὲν
3009 2631 3328 2709 διώρθωσαν
3401 2638 3499 2688 τοῦ
3557 2633 3693 2707 ἐμοῦ
3746 2633 3893 2708 κηρύ-

514 2717 1038 2776 detraxerunt.Eos
1068 2719 1267 2770 autem
1290 2714 1391 2784 qui
1423 2729 1550 2767 esse
1583 2713 1643 2767 in
1670 2712 1858 2783 pretio
1877 2711 2160 2766 videban-

2282 2746 2497 2800 γματος,
2546 2723 2695 2779 ἀλλὰ
2745 2722 3081 2792 τοῦναντίον,
3139 2723 3230 2778 καὶ
3260 2721 3551 2797 ἐπῄνεσαν.
3597 2728 3661 2779 ’H
3710 2720 3765 2778 δέ
3790 2722 3890 2776 σύνο

519 2808 702 2872 tur.id
735 2812 826 2862 est
854 2821 988 2860 vere
1018 2820 1266 2876 magnos
1286 2803 1672 2873 dicit,uempe
1703 2803 1942 2856 Petrum
1973 2806 2032 2855 et
2061 2801 2163 2872 qui

2282 2813 2418 2885 εαξις
2462 2815 2623 2883 αῦτη*
2655 2834 2677 2863 ι
2710 2811 2888 2870 Ἀλλά
2913 2812 3256 2875 τοὺναντίον,
3291 2809 3496 2874 ἰδόντες
3531 2812 3893 2869 δτιπιπίστευ-

521 2914 655 2954 cum
686 2913 755 2952 eo
785 2900 976 2951 erant.
1006 2918 1033 2943 «
1067 2896 1190 2948 lmo
1221 2899 1448 2949 contra.
1482 2914 1510 2942 ››
1542 2894 1668 2947 Non
1700 2891 1915 2957 solum,
1949 2890 2165 2961 inquit,

2282 2924 2375 2977 μαι
2414 2903 2477 2957 τὸ
2510 2900 2849 2979 Εὗαγγέλιον
2907 2909 3008 2971 τῆς
3066 2896 3452 2975 ἀκροϐυστίας,
3488 2926 3517 2954 υ
3579 2905 3615 2972 ἡ
3672 2899 3895 2960 ἀπόδοσις

517 2985 669 3043 nihil
686 2990 1075 3041 correxerunt
1104 2983 1167 3037 in
1197 2998 1331 3038 mea
1362 2980 1802 3052 praedicatione,
1829 2980 1933 3035 sed
1957 2986 2168 3036 contra

2282 2992 2413 3067 μετᾶ
2442 2990 2649 3059 πολλὰ,
2684 3016 2711 3043 ‹‹
2741 2991 2947 3062 Δεξιᾶς,
2976 2992 3159 3068 φησῖν,
3184 2984 3392 3046 ἔδωκαν
3424 2989 3552 3064 ὶμοὶ
3578 2986 3898 3065 καὶΒαρνάδᾳ

519 3076 698 3133 etiam
731 3073 1467 3130 laudaverunt.Estautem
1496 3070 1709 3124 litterae
1742 3069 2034 3124 ordinatio
2057 3068 2166 3124 hu-

2282 3082 2588 3143 κοινωνίας.
2626 3105 2654 3133 ››
2682 3084 2865 3137 Τοῦτο
2896 3082 2991 3136 οῦν
3023 3079 3133 3135 ἔστι
3165 3085 3263 3136 τοῦ
3295 3078 3664 3156 διορθωθῆναι
3690 3083 3749 3138 τὸ
3775 3080 3899 3135 ἐναν-

504 3164 771 3239 jusmodi
797 3180 855 3218 τι(
874 3164 997 3217 Imo
1020 3167 1258 3216 contra:
1291 3176 1427 3215 cum
1453 3159 1741 3214 vidissent
1760 3158 2167 3214 concreditum

519 3258 541 3273 ιι
585 3258 595 3267 ι
680 3271 689 3273 Α
732 3253 873 3273 μειβ
920 3250 1287 3273 D._-_..-Ii-__.
1313 3250 1583 3273 ..-μ----ιέ2
1620 3271 1639 3273 ..
1669 3254 1799 3273 ---Δ
1846 3249 2026 3273 ...--IL-
2064 3264 2165 3273 ---Α

2282 3173 2417 3241 τίον,
2468 3171 2529 3226 τὸ
2560 3170 2649 3225 καὶ
2682 3167 2858 3240 δεξιὰς
2886 3164 3099 3239 λαϐεῖν,
3134 3171 3163 3225 6'
3191 3173 3260 3239 ἦν
3318 3167 3514 3246 δεῖγμα
3582 3176 3679 3226 τοῦ
3731 3166 3898 3225 ἆποδέ·

515 3258 700 3313 fuisse
730 3253 875 3307 mihi
920 3250 1291 3322 Evangelium
1313 3250 1646 3321 prazputii,»
1669 3254 1804 3321 post
1845 3249 2034 3304 multa
2063 3264 2169 3304 suo

2282 3263 2472 3337 χεσθαι
2526 3259 2703 3314 αὐτῶν
2755 3259 2821 3314 τὸ
2875 3261 3158 3335 κήρυγμα.
3220 3285 3247 3311 ‹‹
3308 3261 3386 3317 Τὸ
3442 3258 3771 3337 [εὐαγγέλιον
3820 3266 3900 3327 τῆς

518 3342 712 3399 tenori
746 3340 1015 3395 redditur
1043 3340 1252 3405 oratio,
1277 3360 1306 3387 «
1342 3340 1585 3393 llextras
1614 3338 1909 3393 dederunt
1938 3338 2083 3393 mihi
2114 3342 2172 3392 et

2282 3345 2661 3423 ἄκροϐυστίας.
2722 3372 2752 3399 υ
2810 3350 2940 3405 Οῖον
3003 3352 3110 3403 τῶν
3161 3343 3513 3419 ἁκροόύστων
3576 3347 3760 3403 ἐθνῶν.
3788 3348 3899 3418 ὀρα

524 3429 804 3486 Barnabm
837 3427 1155 3483 societatis.
1191 3449 1219 3476 ››
1250 3428 1368 3482 Hoc
1399 3427 1577 3499 igitur
1607 3432 1839 3483 tantum
1869 3427 2075 3494 abfuit,
2107 3431 2174 3481 ut

520 3519 919 3590 corrigeretur
947 3516 1064 3571 mei
1087 3515 1448 3587 praadicatio,
1484 3522 1548 3572 ut
1577 3517 1756 3573 etiam
1789 3517 2024 3573 dextras
2074 3532 2172 3570 so-

521 3609 753 3667 cietatis
809 3607 1167 3678 acciperent,
1196 3606 1353 3677 quod
1384 3607 1672 3663 indicium
1701 3612 1792 3663 est
1828 3623 1923 3661 me
1966 3622 2173 3662 eorum

524 3698 1012 3772 praedicationem
1040 3697 1358 3769 suscipere.
1381 3719 1407 3746 ι(
1432 3696 1810 3768 Evangelium
1840 3695 2167 3766 prmputii,u

526 3789 585 3846 id
617 3793 728 3853 est,
758 3788 1025 3860 gentium
1076 3786 1562 3858 praaputiatarum
1621 3786 1740 3839 sive
1798 3783 2174 3839 incircumci-

526 3895 750 3936 sarum.
777 3876 1104 3933 Considera
1132 3881 1330 3931 autem
1362 3881 1661 3946 quomodo
1712 3873 1970 3943 seipsum
2003 3874 2172 3929 Petro

2284 3892 2593 3968 συντρέχων
2627 3888 2901 3946 ἐδείκνυτο
2931 3873 3147 3960 dubie
3174 3891 3326 3967 ἔργον
3382 3894 3498 3969 εἶχε
3547 3873 3822 3967 πολεμεῖν.
3851 3890 3901 3948 Εἰ

528 3967 821 4039 aequalem
851 3966 1062 4021 faciat:
1097 3981 1232 4020 nam
1268 3965 1378 4019 hoc
1405 3980 1562 4018 nunc
1591 3978 1738 4034 opus
1770 3967 1897 4016 erat
1927 3978 2044 4032 quo
2067 3963 2172 4017 Ga-

2283 3984 2386 4057 γάρ
2417 3963 2628 4055 ’Πέτρος
2657 3980 2842 4043 καλῶς
2869 3986 3019 4036 ποιεῖ
3047 3963 3377 4059 συγχωρῶν,
3552 3986 3630 4057 μὴ
3664 3963 3755 4039 καὶ
3802 3981 3856 4035 σύ
3887 3996 3900 4046 ;

526 4065 664 4122 latis
696 4064 811 4119 fide
842 4063 1055 4135 dignus
1083 4080 1214 4118 esse
1254 4062 1570 4115 videretur.
1604 4083 1630 4109 «ι
1664 4060 2172 4125 Quemadmodum

2285 4069 2439 4151 φησί.
2471 4069 2539 4125 Τί
2590 4065 2646 4123 δὲ
2674 4068 2764 4124 καὶ
2812 4068 3003 4144 μέμφῃ
3050 4075 3279 4143 πικρῶς,
3335 4073 3402 4141 ἢν
3462 4073 3775 4146 οἰκονομίαν
3826 4091 3903 4124 κα·

527 4159 724 4209 Petro.
752 4172 780 4199 »
806 4151 862 4206 Si
893 4151 1141 4206 dixisset
1172 4150 1390 4206 Paulus
1421 4151 1657 4204 Petrum
1691 4155 1751 4206 et
1778 4154 2024 4207 caateros
2054 4150 2172 4207 dis-

2287 4157 2403 4219 λεῖς
2432 4177 2444 4226 ;
2478 4159 2582 4214 Ἔα
2609 4155 2860 4233 πράττειν
2920 4159 3011 4214 καὶ
3064 4161 3140 4231 μή
3192 4159 3439 4233 ἰπιτίμα,
3479 4163 3569 4215 καὶ
3624 4162 3700 4224 ὡς
3730 4160 3787 4219 ἄν
3833 4179 3903 4215 σοι

530 4241 869 4317 pensatorie
900 4238 1413 4297 circumcisionem
1456 4256 1710 4307 servare,
1758 4241 1915 4297 visus
1972 4241 2172 4297 fuisset

2288 4246 2451 4326 φίλον
2503 4245 2759 4319 ὀνόμαζε,
2820 4247 2926 4303 εἶ’τε
3009 4248 3350 4321 οἰκονομίαν,
3436 4248 3543 4305 εἴτε
3619 4248 3790 4326 δόγμα
3831 4246 3904 4303 καὶ

528 4335 656 4405 ipse
686 4346 922 4403 quoque
946 4344 1076 4384 eam
1107 4326 1432 4383 concedere
1457 4345 1472 4383 :
1503 4335 1564 4384 et
1591 4329 1674 4385 ita
1689 4331 2172 4387 ostensusfuissel

2290 4330 2595 4410 ἀκρίϐειαν.
2621 4339 2800 4392 Ταῦτα
2828 4333 2888 4389 ἄν
2934 4334 3023 4390 καὶ
3055 4334 3377 4413 ἐλογίζοντο
3407 4338 3497 4394 καὶ
3559 4336 3742 4415 ἔλεγον
3792 4336 3906 4411 πρὸς

530 4422 603 4479 ad
636 4438 737 4477 eos
768 4432 1078 4474 accurrere
1100 4433 1235 4472 cum
1266 4416 1484 4488 quibus
1513 4434 1662 4489 opus
1693 4424 1822 4474 erat
1854 4420 2172 4475 decertare.

2290 4426 2383 4481 τὸν
2415 4424 2655 4493 Παῦλον,
2689 4424 2733 4479 εἰ
2767 4424 2903 4479 κατὰ
2941 4424 3258 4498 οἰκονομίαν
3305 4427 3423 4482 εἶπε
3478 4429 3606 4489 τοὺς
3653 4428 3771 4503 περὶ
3818 4425 3907 4483 1Ιὲ-

531 4513 675 4568 Nam
700 4510 749 4565 si
777 4511 987 4565 Petrus
1017 4510 1175 4563 recte
1208 4506 1329 4579 agit
1357 4507 1759 4573 concedendo,
1807 4525 1914 4564 cur
1942 4525 2063 4564 non
2094 4510 2172 4564 si-

2288 4533 2416 4588 τρον
2444 4514 2544 4582 τήν
2572 4514 2876 4589 περιτομὴν
2925 4511 3340 4579 καταδέχεσθαι.
3373 4519 3543 4591 Ψυχή
3603 4518 3704 4594 γάρ
3737 4516 3909 4584 ἐπτοη-

533 4600 757 4656 militer
788 4603 845 4651 et
875 4601 936 4651 tu
968 4595 1092 4667 agis
1113 4594 1142 4649 ?
1179 4611 1360 4665 quare
1392 4610 1531 4649 vero
1572 4595 1782 4651 acerbe
1814 4598 1987 4651 etiam
2022 4596 2172 4651 indi-

2297 4583 2428 4675 μένη
2474 4603 2595 4675 περί
2643 4583 2728 4669 τι,
2769 4583 2985 4678 -μικρᾶς
3040 4603 3131 4658 καὶ
3186 4610 3287 4674 τῆς
3342 4583 3626 4680 τυχούσης
3676 4583 3909 4682 *ἀφορμῆς

533 4688 734 4763 gnaris
765 4686 838 4741 ob
870 4684 929 4740 id
960 4682 1120 4754 quod
1148 4699 1321 4739 voces
1349 4682 1857 4754 dispensationem
1890 4684 2066 4739 ‘Isine
2083 4701 2172 4740 eos

2294 4686 2600 4765 λαϐομένη,
2636 4687 2801 4746 πλέον
2836 4689 2982 4763 αἱ)τῷ
3035 4693 3335 4749 οἷκειοῦται
3390 4694 3480 4749 καὶ
3529 4696 3909 4770 περιπλέκεται.

538 4793 731 4849 agere,
753 4792 862 4831 nec
886 4773 1287 4846 reprehendas
1317 4790 1330 4839 ;
1355 4778 1414 4826 et
1433 4774 1602 4843 quasi
1633 4773 1738 4828 tibi
1761 4780 1991 4845 gratum
2006 4780 2172 4829 esset

2298 4780 2390 4836 Διὸ
2421 4783 2603 4856 σοφῶς
2637 4778 2762 4853 ἃγαν
2797 4780 2825 4835 ὁ
2884 4776 3121 4845 Παῦλος,
3180 4781 3242 4837 τὸ
3304 4782 3396 4855 μὶν
3459 4790 3561 4853 τῆς
3620 4781 3909 4855 οἰκονομίας

537 4872 642 4923 aut
669 4863 1179 4936 dispensationem
1210 4862 1455 4918 nomina
1483 4868 1585 4918 aut
1604 4861 1821 4935 dogma
1850 4864 1970 4918 sive
1984 4868 2172 4920 caute-

2296 4866 2443 4931 ὅλως
2483 4868 2794 4938 ἀποσιωπᾷ,
2855 4864 3097 4942 δριμέως
3152 4866 3209 4924 δὲ
3265 4871 3591 4928 καθάπτεται
3648 4879 3748 4943 τῆς
3793 4870 3912 4944 πράο

539 4956 682 5011 lam.
702 4952 836 5007 Haec
869 4969 1009 5008 sane
1033 4959 1091 5009 et
1121 4953 1479 5025 cogitassent
1508 4957 1565 5008 et
1595 4953 1886 5008 dixissent
1905 4953 2172 5009 adversus

2296 4959 2449 5029 εεως,
2502 4955 2591 5010 καὶ
2648 4956 2723 5017 ὡς
2788 4961 3239 5031 παρανομοῦντας
3315 4956 3476 5029 δῆθεν
3536 4959 3754 5037 ὲλέγχες
3802 4958 3910 5019 τοὺς

540 5042 868 5110 Paulum,si
898 5044 1135 5096 Petrum
1167 5058 1305 5097 cum
1336 5042 1460 5097 suis
1491 5041 1739 5097 dixisset
1757 5042 2172 5113 dispensatorie

2296 5044 2777 5121 συγχωρήσαντας,
2805 5042 2893 5099 ’ίνα
2952 5050 3030 5116 τῷ
3090 5043 3311 5123 σφοδρῷ
3367 5055 3469 5119 τῆς
3528 5050 3648 5125 περὶ
3702 5048 3910 5107 ἐκείνους

540 5131 1055 5191 circumcisionem
1116 5132 1438 5203 suscipere.
1504 5131 1653 5188 729
1724 5133 1971 5188 Animus
2028 5133 2172 5187 enim

2301 5132 2692 5207 ἐπιτιμήσεως,
2753 5133 2881 5196 τοὺς
2940 5135 3165 5205 ἀληθῶς
3221 5142 3671 5213 παρανομοῦντας
3726 5140 3913 5208 πτοήσει

543 5222 748 5296 quavis
793 5222 853 5276 in
913 5238 974 5275 re
1017 5226 1437 5276 consternatus
1491 5238 1559 5277 ac
1609 5224 1867 5289 territus,
1957 5222 2172 5278 modica

2299 5222 2387 5276 καὶ
2448 5220 2837 5298 διορθώσηται.
2897 5224 2991 5278 Διὸ
3047 5224 3134 5279 καὶ
3212 5222 3506 5289 δοκοῦντας
3580 5227 3786 5297 αὐτοὺς,
3839 5225 3911 5280 καὶ

542 5312 1262 5381 occasione,quaacunque
1294 5309 1398 5365 illa
1429 5311 1506 5365 sit
1525 5327 1655 5381 quea
1686 5329 1747 5368 se
1779 5313 2007 5378 offerat,
2032 5328 2168 5367 acce

2300 5313 2803 5388 κατεγνωσμένους,
2861 5312 2951 5367 καὶ
3013 5314 3499 5389 ὑποκρινομένους,
3529 5318 3617 5372 καί
3679 5318 3754 5390 μή
3784 5316 3916 5389 ὀρθο-

538 5409 660 5475 pta,
692 5415 823 5456 eam
852 5399 1039 5470 magis
1070 5397 1181 5451 sibi
1213 5397 1475 5453 vindicat
1505 5405 1565 5454 et
1620 5401 2016 5471 amplectitur.
2051 5400 2172 5456 Idec

2301 5397 2620 5469 ποδοῦντας,
2651 5399 2714 5455 ού
2740 5402 3080 5475 παραιτεῖταί
3120 5401 3332 5473 καλεῖν,
3376 5403 3468 5460 ’ίνα
3529 5406 3686 5478 μόνον
3732 5405 3792 5461 τό
3833 5404 3915 5458 τοῦ

540 5490 760 5549 Paulus
786 5486 1107 5543 admodum
1131 5485 1431 5557 sapienter
1461 5504 1800 5543 sermonem
1846 5490 2088 5560 quidem
2119 5489 2172 5545 ἀι

2302 5489 2547 5563 Χριστοῦ
2576 5492 2838 5564 κήρυγμα
2880 5484 3178 5567 βεϐαιώσῃ.
3233 5491 3421 5555 Οὕτως
3474 5492 3748 5566 ἀλλήλοις
3801 5492 3913 5565 ὑπὲρ

542 5577 988 5651 dispensatione
1018 5574 1263 5630 omnino
1293 5575 1523 5643 reticet,
1556 5576 1675 5629 imo
1730 5577 1951 5631 factum
1982 5594 2172 5649 asper:

2303 5581 2400 5633 τοῦ
2458 5576 2815 5650 κηρύγματος
2874 5576 3151 5654 ἰθάρῥουν,
3198 5581 3289 5635 καὶ
3343 5581 3656 5657 τηλικούτῳ
3704 5579 3911 5638 ἐδέδενῖο

545 5663 975 5741 reprehendit;
1036 5668 1095 5717 et
1143 5668 1427 5734 tanquam
1496 5668 1965 5734 transgressores
2034 5671 2172 5722 certa

2305 5662 2611 5740 συνδέσμῳ,
2639 5665 2714 5728 ὡς
2743 5662 2959 5736 δεῆσαν,
2992 5666 3053 5722 ἂν
3081 5670 3226 5726 οὕτω
3272 5672 3437 5747 τύχῃ,
3471 5669 3561 5728 διὰ
3613 5678 3707 5743 τῆς
3756 5667 3913 5741 ἀλλή-

2281 3445 2336 3503 δὶ
2366 3450 2484 3508 πῶς
2528 3446 2717 3502 ἑαυτὸν
2772 3444 2941 3515 ἐξισοῖ
2990 3451 3071 3518 τῷ
3136 3445 3346 3522 Πέτρῳ.
3404 3446 3620 3503 Τούτου
3677 3447 3774 3524 γὰρ
3824 3449 3896 3497 νῦν

2280 3533 2441 3610 χρεία
2468 3534 2555 3604 ἦν,
2585 3535 2677 3588 ἳνα
2732 3531 2930 3613 δειχθῇ
2983 3531 3252 3596 Γαλάταις
3294 3534 3627 3605 ἀξιόπιστος,
3664 3561 3692 3589 ιι
3734 3534 3900 3594 Καθὼς

2285 3622 2507 3692 Πέτρος.
2532 3647 2559 3675 δ)
2599 3657 2650 3667 -
2677 3624 2891 3698 [ΦΩΤ.]
2917 3623 2977 3677 Εἰ
3006 3614 3148 3678 εἶπεν
3181 3624 3208 3678 ὁ
3240 3622 3454 3686 Παῦλος
3471 3626 3593 3680 κατ’
3614 3622 3898 3696 οἰκονομίαν

2281 3714 2535 3788 πράττειν
2593 3717 2694 3782 τήν
2744 3714 3048 3787 περιτομὴν
3098 3714 3227 3775 τοὺς
3282 3715 3405 3786 περὶ
3465 3714 3692 3791 Πέτρον,
3750 3712 3895 3783 ἔδοξεν

2284 3803 2341 3858 ἂν
2375 3802 2464 3857 καὶ
2498 3802 2660 3865 αὐτὸς
2684 3801 2887 3872 ταύτην
2947 3809 3273 3878 συγχωρεῖν,
3330 3804 3421 3857 καὶ
3481 3804 3660 3866 οὕτως
3717 3803 3900 3877 μᾶλλον
