  <div class='ocr_page' id='page_1' title='image "/cluster/home/n/w/nwhite01/storage/ocr_20150623/118/hvd.32044073502247/560.png"; bbox 0 0 4128 6192; ppageno 0'>
   <div class='ocr_carea' id='block_1_1' title="bbox 259 389 415 451">
    <p class='ocr_par' dir='ltr' id='par_1_1' title="bbox 259 389 415 451">
     <span class='ocr_line' id='line_1_1' title="bbox 259 389 415 451; baseline -0.013 -1"><span class='ocrx_word' id='word_1_1' title='bbox 259 389 415 451; x_wconf 80' lang='grc'>1109</span> 
     </span>
    </p>
   </div>
   <div class='ocr_carea' id='block_1_2' title="bbox 1295 384 2603 449">
    <p class='ocr_par' dir='ltr' id='par_1_2' title="bbox 1295 384 2603 449">
     <span class='ocr_line' id='line_1_2' title="bbox 1295 384 2603 449; baseline -0.004 -1"><span class='ocrx_word' id='word_1_2' title='bbox 1295 387 1706 449; x_wconf 76' lang='lat' dir='ltr'>COMMEN&#39;I‘.</span> <span class='ocrx_word' id='word_1_3' title='bbox 1755 387 1836 446; x_wconf 85' lang='lat' dir='ltr'><strong>IN</strong></span> <span class='ocrx_word' id='word_1_4' title='bbox 1882 386 2132 447; x_wconf 85' lang='lat' dir='ltr'>EPIST.</span> <span class='ocrx_word' id='word_1_5' title='bbox 2177 385 2282 444; x_wconf 83' lang='lat' dir='ltr'><strong>AD</strong></span> <span class='ocrx_word' id='word_1_6' title='bbox 2327 384 2603 444; x_wconf 79' lang='lat' dir='ltr'>GALAT.</span> 
     </span>
    </p>
   </div>
   <div class='ocr_carea' id='block_1_3' title="bbox 3507 384 3665 445">
    <p class='ocr_par' dir='ltr' id='par_1_3' title="bbox 3507 384 3665 445">
     <span class='ocr_line' id='line_1_3' title="bbox 3507 384 3665 445; baseline 0 0"><span class='ocrx_word' id='word_1_7' title='bbox 3507 384 3665 445; x_wconf 80' lang='grc'>1110</span> 
     </span>
    </p>
   </div>
   <div class='ocr_carea' id='block_1_4' title="bbox 258 515 1921 595">
    <p class='ocr_par' dir='ltr' id='par_1_4' title="bbox 258 518 1904 595">
     <span class='ocr_line' id='line_1_4' title="bbox 258 518 1904 595; baseline -0.003 -18"><span class='ocrx_word' id='word_1_8' title='bbox 258 521 372 578; x_wconf 84' lang='grc' dir='ltr'>λων</span> <span class='ocrx_word' id='word_1_9' title='bbox 402 518 794 595; x_wconf 69' lang='grc' dir='ltr'>καταγνώσεως</span> <span class='ocrx_word' id='word_1_10' title='bbox 826 521 918 575; x_wconf 85' lang='grc' dir='ltr'>τὸν</span> <span class='ocrx_word' id='word_1_11' title='bbox 957 524 1055 575; x_wconf 88' lang='grc' dir='ltr'>τοῦ</span> <span class='ocrx_word' id='word_1_12' title='bbox 1110 520 1463 595; x_wconf 78' lang='grc' dir='ltr'>κηρύγματος</span> <span class='ocrx_word' id='word_1_13' title='bbox 1517 521 1904 593; x_wconf 84' lang='grc' dir='ltr'>κραταιοῦσθαι</span> 
     </span>
    </p>
   </div>
   <div class='ocr_carea' id='block_1_5' title="bbox 2036 515 3664 595">
    <p class='ocr_par' dir='ltr' id='par_1_5' title="bbox 2036 515 3664 590">
     <span class='ocr_line' id='line_1_5' title="bbox 2036 515 3664 590; baseline 0 -17"><span class='ocrx_word' id='word_1_14' title='bbox 2036 517 2211 590; x_wconf 70' lang='grc' dir='ltr'>ιτειιὶῐ</span> <span class='ocrx_word' id='word_1_15' title='bbox 2240 533 2340 572; x_wconf 91' lang='lat' dir='ltr'>eos</span> <span class='ocrx_word' id='word_1_16' title='bbox 2373 515 2474 587; x_wconf 85' lang='lat' dir='ltr'>qui</span> <span class='ocrx_word' id='word_1_17' title='bbox 2495 519 2931 583; x_wconf 81' lang='lat' dir='ltr'>concesserant,</span> <span class='ocrx_word' id='word_1_18' title='bbox 2963 520 3029 569; x_wconf 89' lang='lat' dir='ltr'>ut</span> <span class='ocrx_word' id='word_1_19' title='bbox 3076 516 3446 572; x_wconf 83' lang='lat' dir='ltr'>vehementia</span> <span class='ocrx_word' id='word_1_20' title='bbox 3473 516 3664 573; x_wconf 89' lang='lat' dir='ltr'>incre-</span> 
     </span>
    </p>
   </div>
   <div class='ocr_carea' id='block_1_6' title="bbox 259 605 1909 686">
    <p class='ocr_par' dir='ltr' id='par_1_6' title="bbox 259 605 1909 686">
     <span class='ocr_line' id='line_1_6' title="bbox 259 605 1909 686; baseline -0.003 -20"><span class='ocrx_word' id='word_1_21' title='bbox 259 607 448 686; x_wconf 90' lang='grc' dir='ltr'>λόγον,</span> <span class='ocrx_word' id='word_1_22' title='bbox 481 605 623 682; x_wconf 75' lang='grc' dir='ltr'>μηδὲ</span> <span class='ocrx_word' id='word_1_23' title='bbox 653 612 822 663; x_wconf 90' lang='grc' dir='ltr'>τοῦτο</span> <span class='ocrx_word' id='word_1_24' title='bbox 856 612 1251 684; x_wconf 86' lang='grc' dir='ltr'>παραιτεῖσθαι.</span> <span class='ocrx_word' id='word_1_25' title='bbox 1285 608 1390 664; x_wconf 83' lang='grc' dir='ltr'>Καὶ</span> <span class='ocrx_word' id='word_1_26' title='bbox 1442 605 1530 663; x_wconf 73' lang='grc' dir='ltr'>’ίνα</span> <span class='ocrx_word' id='word_1_27' title='bbox 1577 612 1744 663; x_wconf 88' lang='grc' dir='ltr'>τοῦτο</span> <span class='ocrx_word' id='word_1_28' title='bbox 1806 605 1909 680; x_wconf 81' lang='grc' dir='ltr'>μά-</span> 
     </span>
    </p>
   </div>
   <div class='ocr_carea' id='block_1_7' title="bbox 261 693 1908 774">
    <p class='ocr_par' dir='ltr' id='par_1_7' title="bbox 261 693 1908 774">
     <span class='ocr_line' id='line_1_7' title="bbox 261 693 1908 774; baseline -0.002 -20"><span class='ocrx_word' id='word_1_29' title='bbox 261 710 360 774; x_wconf 75' lang='grc' dir='ltr'>θῃς</span> <span class='ocrx_word' id='word_1_30' title='bbox 394 693 659 772; x_wconf 86' lang='grc' dir='ltr'>ἀκριϐῶς,</span> <span class='ocrx_word' id='word_1_31' title='bbox 718 699 930 753; x_wconf 80' lang='grc' dir='ltr'>σκόπει’</span> <span class='ocrx_word' id='word_1_32' title='bbox 990 696 1205 760; x_wconf 81' lang='grc' dir='ltr'>Παῦλος</span> <span class='ocrx_word' id='word_1_33' title='bbox 1259 695 1348 752; x_wconf 82' lang='grc' dir='ltr'>διὰ</span> <span class='ocrx_word' id='word_1_34' title='bbox 1402 702 1510 752; x_wconf 87' lang='grc' dir='ltr'>τῶν</span> <span class='ocrx_word' id='word_1_35' title='bbox 1568 695 1908 753; x_wconf 77' lang='grc' dir='ltr'>Ἐπιστολῶν</span> 
     </span>
    </p>
   </div>
   <div class='ocr_carea' id='block_1_8' title="bbox 260 783 1913 864">
    <p class='ocr_par' dir='ltr' id='par_1_8' title="bbox 260 783 1913 864">
     <span class='ocr_line' id='line_1_8' title="bbox 260 783 1913 864; baseline -0.002 -20"><span class='ocrx_word' id='word_1_36' title='bbox 260 789 657 864; x_wconf 68' lang='grc' dir='ltr'>καταγινώσκει</span> <span class='ocrx_word' id='word_1_37' title='bbox 690 788 920 862; x_wconf 83' lang='grc' dir='ltr'>Πέτρου,</span> <span class='ocrx_word' id='word_1_38' title='bbox 960 788 1051 842; x_wconf 76' lang='grc' dir='ltr'>καὶ</span> <span class='ocrx_word' id='word_1_39' title='bbox 1086 787 1287 862; x_wconf 81' lang='grc' dir='ltr'>Πέτρος</span> <span class='ocrx_word' id='word_1_40' title='bbox 1319 783 1409 842; x_wconf 88' lang='grc' dir='ltr'>διά</span> <span class='ocrx_word' id='word_1_41' title='bbox 1452 793 1553 855; x_wconf 78' lang='grc' dir='ltr'>τῆς</span> <span class='ocrx_word' id='word_1_42' title='bbox 1587 784 1913 855; x_wconf 85' lang='grc' dir='ltr'>Ἐπιστολῆς</span> 
     </span>
    </p>
   </div>
   <div class='ocr_carea' id='block_1_9' title="bbox 260 875 1914 955">
    <p class='ocr_par' dir='ltr' id='par_1_9' title="bbox 260 875 1914 955">
     <span class='ocr_line' id='line_1_9' title="bbox 260 875 1914 955; baseline -0.002 -23"><span class='ocrx_word' id='word_1_43' title='bbox 260 875 595 952; x_wconf 75' lang='grc' dir='ltr'>ἐγκωμιάζει</span> <span class='ocrx_word' id='word_1_44' title='bbox 623 875 862 943; x_wconf 79' lang='grc' dir='ltr'>Παῦλον,</span> <span class='ocrx_word' id='word_1_45' title='bbox 895 876 985 932; x_wconf 87' lang='grc' dir='ltr'>καὶ</span> <span class='ocrx_word' id='word_1_46' title='bbox 1008 877 1105 937; x_wconf 85' lang='grc' dir='ltr'>τὰς</span> <span class='ocrx_word' id='word_1_47' title='bbox 1155 876 1505 944; x_wconf 77' lang='grc' dir='ltr'>Ἑπιστολάς,</span> <span class='ocrx_word' id='word_1_48' title='bbox 1560 875 1748 955; x_wconf 72' lang='grc' dir='ltr'>σοφίας</span> <span class='ocrx_word' id='word_1_49' title='bbox 1778 879 1914 931; x_wconf 87' lang='grc' dir='ltr'>Θεοῦ</span> 
     </span>
    </p>
   </div>
   <div class='ocr_carea' id='block_1_10' title="bbox 257 962 1911 1046">
    <p class='ocr_par' dir='ltr' id='par_1_10' title="bbox 257 962 1911 1046">
     <span class='ocr_line' id='line_1_10' title="bbox 257 962 1911 1046; baseline -0.002 -24"><span class='ocrx_word' id='word_1_50' title='bbox 257 967 348 1022; x_wconf 83' lang='grc' dir='ltr'>καὶ</span> <span class='ocrx_word' id='word_1_51' title='bbox 383 966 612 1046; x_wconf 72' lang='grc' dir='ltr'>χάριτος</span> <span class='ocrx_word' id='word_1_52' title='bbox 656 966 794 1020; x_wconf 73' lang='grc' dir='ltr'>εἶναι</span> <span class='ocrx_word' id='word_1_53' title='bbox 827 962 1062 1040; x_wconf 68' lang='grc' dir='ltr'>πλήρεις</span> <span class='ocrx_word' id='word_1_54' title='bbox 1098 969 1381 1040; x_wconf 86' lang='grc' dir='ltr'>μαρτυρεῖ,</span> <span class='ocrx_word' id='word_1_55' title='bbox 1438 963 1526 1019; x_wconf 78' lang='grc' dir='ltr'>καὶ</span> <span class='ocrx_word' id='word_1_56' title='bbox 1584 964 1712 1027; x_wconf 79' lang='grc' dir='ltr'>τοὺς</span> <span class='ocrx_word' id='word_1_57' title='bbox 1744 964 1911 1035; x_wconf 83' lang='grc' dir='ltr'>ἀστη-</span> 
     </span>
    </p>
   </div>
   <div class='ocr_carea' id='block_1_11' title="bbox 262 1052 1915 1131">
    <p class='ocr_par' dir='ltr' id='par_1_11' title="bbox 262 1052 1915 1131">
     <span class='ocr_line' id='line_1_11' title="bbox 262 1052 1915 1131; baseline -0.002 -21"><span class='ocrx_word' id='word_1_58' title='bbox 262 1055 507 1131; x_wconf 85' lang='grc' dir='ltr'>ρίκτους,</span> <span class='ocrx_word' id='word_1_59' title='bbox 543 1057 633 1109; x_wconf 85' lang='grc' dir='ltr'>τὸν</span> <span class='ocrx_word' id='word_1_60' title='bbox 689 1055 741 1110; x_wconf 81' lang='grc' dir='ltr'>ἐν</span> <span class='ocrx_word' id='word_1_61' title='bbox 794 1055 979 1117; x_wconf 80' lang='grc' dir='ltr'>αὐταῖς</span> <span class='ocrx_word' id='word_1_62' title='bbox 1020 1054 1395 1130; x_wconf 78' lang='grc' dir='ltr'>κεκρυμμένον</span> <span class='ocrx_word' id='word_1_63' title='bbox 1460 1058 1611 1121; x_wconf 82' lang='grc' dir='ltr'>νοῦν,</span> <span class='ocrx_word' id='word_1_64' title='bbox 1672 1052 1734 1110; x_wconf 81' lang='grc' dir='ltr'>οὗ</span> <span class='ocrx_word' id='word_1_65' title='bbox 1792 1074 1915 1108; x_wconf 63' lang='grc' dir='ltr'>συν-</span> 
     </span>
    </p>
   </div>
   <div class='ocr_carea' id='block_1_12' title="bbox 265 1137 1914 1217">
    <p class='ocr_par' dir='ltr' id='par_1_12' title="bbox 265 1137 1914 1217">
     <span class='ocr_line' id='line_1_12' title="bbox 265 1137 1914 1217; baseline -0.002 -17"><span class='ocrx_word' id='word_1_66' title='bbox 265 1145 421 1211; x_wconf 83' lang='grc' dir='ltr'>ιέναι,</span> <span class='ocrx_word' id='word_1_67' title='bbox 454 1142 605 1199; x_wconf 85' lang='grc' dir='ltr'>ἀλλά</span> <span class='ocrx_word' id='word_1_68' title='bbox 638 1144 728 1198; x_wconf 81' lang='grc' dir='ltr'>καὶ</span> <span class='ocrx_word' id='word_1_69' title='bbox 760 1140 1099 1217; x_wconf 73' lang='grc' dir='ltr'>διαστρέφειν</span> <span class='ocrx_word' id='word_1_70' title='bbox 1145 1137 1369 1213; x_wconf 80' lang='grc' dir='ltr'>ἀναϐοᾷ.</span> <span class='ocrx_word' id='word_1_71' title='bbox 1431 1139 1659 1204; x_wconf 78' lang='grc' dir='ltr'>Ἀλλῶς</span> <span class='ocrx_word' id='word_1_72' title='bbox 1690 1139 1768 1211; x_wconf 77' lang='grc' dir='ltr'>δὲ,</span> <span class='ocrx_word' id='word_1_73' title='bbox 1823 1143 1914 1197; x_wconf 86' lang='grc' dir='ltr'>καὶ</span> 
     </span>
    </p>
   </div>
   <div class='ocr_carea' id='block_1_13' title="bbox 262 1231 1914 1309">
    <p class='ocr_par' dir='ltr' id='par_1_13' title="bbox 262 1231 1914 1309">
     <span class='ocr_line' id='line_1_13' title="bbox 262 1231 1914 1309; baseline -0.004 -16"><span class='ocrx_word' id='word_1_74' title='bbox 262 1234 484 1296; x_wconf 74' lang='grc' dir='ltr'>Παῦλος</span> <span class='ocrx_word' id='word_1_75' title='bbox 537 1234 670 1308; x_wconf 67' lang='grc' dir='ltr'>ὑπὲρ</span> <span class='ocrx_word' id='word_1_76' title='bbox 710 1237 805 1289; x_wconf 87' lang='grc' dir='ltr'>τοῦ</span> <span class='ocrx_word' id='word_1_77' title='bbox 864 1232 1212 1309; x_wconf 78' lang='grc' dir='ltr'>κηρύγματος</span> <span class='ocrx_word' id='word_1_78' title='bbox 1301 1235 1470 1286; x_wconf 89' lang='grc' dir='ltr'>ταῦτα</span> <span class='ocrx_word' id='word_1_79' title='bbox 1523 1231 1648 1306; x_wconf 80' lang='grc' dir='ltr'>περὶ</span> <span class='ocrx_word' id='word_1_80' title='bbox 1708 1231 1914 1307; x_wconf 76' lang='grc' dir='ltr'>Πέτρου</span> 
     </span>
    </p>
   </div>
   <div class='ocr_carea' id='block_1_14' title="bbox 262 1320 1911 1399">
    <p class='ocr_par' dir='ltr' id='par_1_14' title="bbox 262 1320 1911 1399">
     <span class='ocr_line' id='line_1_14' title="bbox 262 1320 1911 1399; baseline -0.001 -20"><span class='ocrx_word' id='word_1_81' title='bbox 262 1322 461 1399; x_wconf 80' lang='grc' dir='ltr'>λέγων,</span> <span class='ocrx_word' id='word_1_82' title='bbox 492 1324 628 1378; x_wconf 85' lang='grc' dir='ltr'>κατά</span> <span class='ocrx_word' id='word_1_83' title='bbox 658 1321 803 1378; x_wconf 76' lang='grc' dir='ltr'>πολὺ</span> <span class='ocrx_word' id='word_1_84' title='bbox 835 1320 1000 1377; x_wconf 87' lang='grc' dir='ltr'>πλέον</span> <span class='ocrx_word' id='word_1_85' title='bbox 1060 1324 1251 1378; x_wconf 71' lang='grc' dir='ltr'>ἑαυτοῦ</span> <span class='ocrx_word' id='word_1_86' title='bbox 1305 1320 1548 1396; x_wconf 78' lang='grc' dir='ltr'>περιέπει</span> <span class='ocrx_word' id='word_1_87' title='bbox 1600 1325 1791 1376; x_wconf 88' lang='grc' dir='ltr'>τοῦτον</span> <span class='ocrx_word' id='word_1_88' title='bbox 1822 1322 1911 1377; x_wconf 84' lang='grc' dir='ltr'>καὶ</span> 
     </span>
    </p>
   </div>
   <div class='ocr_carea' id='block_1_15' title="bbox 259 1405 1912 1487">
    <p class='ocr_par' dir='ltr' id='par_1_15' title="bbox 259 1405 1912 1487">
     <span class='ocr_line' id='line_1_15' title="bbox 259 1405 1912 1487; baseline -0.003 -19"><span class='ocrx_word' id='word_1_89' title='bbox 259 1418 416 1486; x_wconf 75' lang='grc' dir='ltr'>τιμᾷ.</span> <span class='ocrx_word' id='word_1_90' title='bbox 442 1411 510 1470; x_wconf 87' lang='grc' dir='ltr'>Τί</span> <span class='ocrx_word' id='word_1_91' title='bbox 542 1412 644 1487; x_wconf 81' lang='grc' dir='ltr'>γάρ</span> <span class='ocrx_word' id='word_1_92' title='bbox 676 1410 816 1466; x_wconf 83' lang='grc' dir='ltr'>ἐστιν</span> <span class='ocrx_word' id='word_1_93' title='bbox 852 1411 928 1475; x_wconf 87' lang='grc' dir='ltr'>εἰς</span> <span class='ocrx_word' id='word_1_94' title='bbox 958 1409 1126 1486; x_wconf 88' lang='grc' dir='ltr'>λόγον</span> <span class='ocrx_word' id='word_1_95' title='bbox 1160 1405 1394 1485; x_wconf 73' lang='grc' dir='ltr'>ὕϐρεως,</span> <span class='ocrx_word' id='word_1_96' title='bbox 1424 1410 1487 1465; x_wconf 89' lang='grc' dir='ltr'>τὸ</span> <span class='ocrx_word' id='word_1_97' title='bbox 1518 1407 1695 1465; x_wconf 80' lang='grc' dir='ltr'>δοκεῖν</span> <span class='ocrx_word' id='word_1_98' title='bbox 1723 1409 1912 1484; x_wconf 84' lang='grc' dir='ltr'>καὶμή</span> 
     </span>
    </p>
   </div>
   <div class='ocr_carea' id='block_1_16' title="bbox 261 1498 1911 1577">
    <p class='ocr_par' dir='ltr' id='par_1_16' title="bbox 261 1498 1911 1577">
     <span class='ocr_line' id='line_1_16' title="bbox 261 1498 1911 1577; baseline -0.002 -21"><span class='ocrx_word' id='word_1_99' title='bbox 261 1498 607 1577; x_wconf 79' lang='grc' dir='ltr'>ὀρθοποδεῖν,</span> <span class='ocrx_word' id='word_1_100' title='bbox 640 1503 775 1575; x_wconf 87' lang='grc' dir='ltr'>πρὸς</span> <span class='ocrx_word' id='word_1_101' title='bbox 796 1501 857 1555; x_wconf 87' lang='grc' dir='ltr'>τὸ</span> <span class='ocrx_word' id='word_1_102' title='bbox 889 1500 1131 1568; x_wconf 78' lang='grc' dir='ltr'>ἀνάθεμα</span> <span class='ocrx_word' id='word_1_103' title='bbox 1161 1500 1298 1555; x_wconf 76' lang='grc' dir='ltr'>εἶναι</span> <span class='ocrx_word' id='word_1_104' title='bbox 1333 1500 1438 1555; x_wconf 89' lang='grc' dir='ltr'>ἀπὸ</span> <span class='ocrx_word' id='word_1_105' title='bbox 1495 1503 1591 1553; x_wconf 85' lang='grc' dir='ltr'>τοῦ</span> <span class='ocrx_word' id='word_1_106' title='bbox 1630 1503 1862 1574; x_wconf 80' lang='grc' dir='ltr'>Χριστοῦ</span> <span class='ocrx_word' id='word_1_107' title='bbox 1896 1520 1911 1565; x_wconf 79' lang='lat'><strong>;</strong></span> 
     </span>
    </p>
   </div>
   <div class='ocr_carea' id='block_1_17' title="bbox 262 1585 1517 1665">
    <p class='ocr_par' dir='ltr' id='par_1_17' title="bbox 262 1585 1517 1665">
     <span class='ocr_line' id='line_1_17' title="bbox 262 1585 1517 1665; baseline 0.003 -24"><span class='ocrx_word' id='word_1_108' title='bbox 262 1614 289 1642; x_wconf 84' lang='lat'><strong><em>«</em></strong></span> <span class='ocrx_word' id='word_1_109' title='bbox 323 1593 437 1660; x_wconf 77' lang='grc' dir='ltr'>Τῆς</span> <span class='ocrx_word' id='word_1_110' title='bbox 468 1597 798 1665; x_wconf 73' lang='grc' dir='ltr'>περιτομῆς,</span> <span class='ocrx_word' id='word_1_111' title='bbox 837 1614 864 1639; x_wconf 72' lang='grc' dir='ltr'>›ὶ</span> <span class='ocrx_word' id='word_1_112' title='bbox 898 1590 1038 1656; x_wconf 83' lang='grc' dir='ltr'>οἷον,</span> <span class='ocrx_word' id='word_1_113' title='bbox 1068 1594 1179 1645; x_wconf 88' lang='grc' dir='ltr'>τῶν</span> <span class='ocrx_word' id='word_1_114' title='bbox 1215 1585 1517 1646; x_wconf 77' lang='grc' dir='ltr'>Ἰουδαίων.</span> 
     </span>
    </p>
   </div>
   <div class='ocr_carea' id='block_1_18' title="bbox 2021 604 3667 679">
    <p class='ocr_par' dir='ltr' id='par_1_18' title="bbox 2021 604 3667 679">
     <span class='ocr_line' id='line_1_18' title="bbox 2021 604 3667 679; baseline 0.001 -18"><span class='ocrx_word' id='word_1_115' title='bbox 2021 605 2281 679; x_wconf 91' lang='lat' dir='ltr'>pationis</span> <span class='ocrx_word' id='word_1_116' title='bbox 2313 605 2473 660; x_wconf 89' lang='lat' dir='ltr'>circa</span> <span class='ocrx_word' id='word_1_117' title='bbox 2504 604 2660 672; x_wconf 91' lang='lat' dir='ltr'>illos,</span> <span class='ocrx_word' id='word_1_118' title='bbox 2694 610 2944 660; x_wconf 87' lang='lat' dir='ltr'>terreret</span> <span class='ocrx_word' id='word_1_119' title='bbox 2973 622 3042 660; x_wconf 86' lang='lat' dir='ltr'>ac</span> <span class='ocrx_word' id='word_1_120' title='bbox 3071 604 3393 677; x_wconf 82' lang='lat' dir='ltr'>corrigeret</span> <span class='ocrx_word' id='word_1_121' title='bbox 3433 622 3534 660; x_wconf 91' lang='lat' dir='ltr'>eos</span> <span class='ocrx_word' id='word_1_122' title='bbox 3564 607 3667 677; x_wconf 88' lang='lat' dir='ltr'>qui</span> 
     </span>
    </p>
   </div>
   <div class='ocr_carea' id='block_1_19' title="bbox 2017 694 3673 767">
    <p class='ocr_par' dir='ltr' id='par_1_19' title="bbox 2017 694 3673 767">
     <span class='ocr_line' id='line_1_19' title="bbox 2017 694 3673 767; baseline -0.001 -16"><span class='ocrx_word' id='word_1_123' title='bbox 2017 712 2151 751; x_wconf 86' lang='lat' dir='ltr'>vere</span> <span class='ocrx_word' id='word_1_124' title='bbox 2179 700 2644 767; x_wconf 80' lang='lat' dir='ltr'>transgressores</span> <span class='ocrx_word' id='word_1_125' title='bbox 2659 700 2830 749; x_wconf 91' lang='lat' dir='ltr'>erant</span> <span class='ocrx_word' id='word_1_126' title='bbox 2853 711 2865 748; x_wconf 91' lang='lat'><em>:</em></span> <span class='ocrx_word' id='word_1_127' title='bbox 2895 694 3028 751; x_wconf 90' lang='lat' dir='ltr'>ideo</span> <span class='ocrx_word' id='word_1_128' title='bbox 3045 711 3282 765; x_wconf 91' lang='lat' dir='ltr'>quoque</span> <span class='ocrx_word' id='word_1_129' title='bbox 3302 711 3420 749; x_wconf 90' lang='lat' dir='ltr'>non</span> <span class='ocrx_word' id='word_1_130' title='bbox 3442 701 3673 750; x_wconf 88' lang='lat' dir='ltr'>veretur</span> 
     </span>
    </p>
   </div>
   <div class='ocr_carea' id='block_1_20' title="bbox 2022 783 3670 856">
    <p class='ocr_par' dir='ltr' id='par_1_20' title="bbox 2022 783 3670 856">
     <span class='ocr_line' id='line_1_20' title="bbox 2022 783 3670 856; baseline -0.001 -15"><span class='ocrx_word' id='word_1_131' title='bbox 2022 786 2182 856; x_wconf 90' lang='lat' dir='ltr'>ipsos</span> <span class='ocrx_word' id='word_1_132' title='bbox 2208 785 2403 840; x_wconf 83' lang='lat' dir='ltr'>dicere</span> <span class='ocrx_word' id='word_1_133' title='bbox 2434 783 2588 839; x_wconf 84' lang='lat' dir='ltr'>visos</span> <span class='ocrx_word' id='word_1_134' title='bbox 2620 783 2681 839; x_wconf 89' lang='lat' dir='ltr'>in</span> <span class='ocrx_word' id='word_1_135' title='bbox 2729 783 2918 855; x_wconf 89' lang='lat' dir='ltr'>pretio</span> <span class='ocrx_word' id='word_1_136' title='bbox 2955 800 3106 850; x_wconf 87' lang='lat' dir='ltr'>esse,</span> <span class='ocrx_word' id='word_1_137' title='bbox 3164 790 3222 838; x_wconf 87' lang='lat' dir='ltr'>et</span> <span class='ocrx_word' id='word_1_138' title='bbox 3274 784 3670 856; x_wconf 89' lang='lat' dir='ltr'>reprehensos</span> 
     </span>
    </p>
   </div>
   <div class='ocr_carea' id='block_1_21' title="bbox 2023 872 3673 942">
    <p class='ocr_par' dir='ltr' id='par_1_21' title="bbox 2023 872 3673 942">
     <span class='ocr_line' id='line_1_21' title="bbox 2023 872 3673 942; baseline -0.002 -12"><span class='ocrx_word' id='word_1_139' title='bbox 2023 891 2090 931; x_wconf 89' lang='lat' dir='ltr'>ac</span> <span class='ocrx_word' id='word_1_140' title='bbox 2122 873 2452 935; x_wconf 87' lang='lat' dir='ltr'>simulatos,</span> <span class='ocrx_word' id='word_1_141' title='bbox 2486 879 2547 928; x_wconf 90' lang='lat' dir='ltr'>et</span> <span class='ocrx_word' id='word_1_142' title='bbox 2574 890 2694 928; x_wconf 91' lang='lat' dir='ltr'>non</span> <span class='ocrx_word' id='word_1_143' title='bbox 2751 879 2909 928; x_wconf 84' lang='lat' dir='ltr'>recte</span> <span class='ocrx_word' id='word_1_144' title='bbox 2966 872 3329 942; x_wconf 85' lang='lat' dir='ltr'>incedentes,</span> <span class='ocrx_word' id='word_1_145' title='bbox 3364 873 3557 928; x_wconf 89' lang='lat' dir='ltr'>solum</span> <span class='ocrx_word' id='word_1_146' title='bbox 3605 878 3673 929; x_wconf 88' lang='lat' dir='ltr'>ut</span> 
     </span>
    </p>
   </div>
   <div class='ocr_carea' id='block_1_22' title="bbox 2022 962 3667 1035">
    <p class='ocr_par' dir='ltr' id='par_1_22' title="bbox 2022 962 3667 1035">
     <span class='ocr_line' id='line_1_22' title="bbox 2022 962 3667 1035; baseline -0.002 -15"><span class='ocrx_word' id='word_1_147' title='bbox 2022 963 2237 1021; x_wconf 86' lang='lat' dir='ltr'>Christi</span> <span class='ocrx_word' id='word_1_148' title='bbox 2252 963 2734 1035; x_wconf 60' lang='lat' dir='ltr'>praedicationem</span> <span class='ocrx_word' id='word_1_149' title='bbox 2747 962 3159 1018; x_wconf 83' lang='lat' dir='ltr'>conﬁrmaret:</span> <span class='ocrx_word' id='word_1_150' title='bbox 3182 969 3407 1018; x_wconf 85' lang='lat' dir='ltr'>tantum</span> <span class='ocrx_word' id='word_1_151' title='bbox 3437 962 3667 1017; x_wconf 72' lang='lat' dir='ltr'>ﬁducim</span> 
     </span>
    </p>
   </div>
   <div class='ocr_carea' id='block_1_23' title="bbox 2024 1050 3668 1123">
    <p class='ocr_par' dir='ltr' id='par_1_23' title="bbox 2024 1050 3668 1123">
     <span class='ocr_line' id='line_1_23' title="bbox 2024 1050 3668 1123; baseline -0.001 -15"><span class='ocrx_word' id='word_1_152' title='bbox 2024 1053 2096 1108; x_wconf 93' lang='lat' dir='ltr'>de</span> <span class='ocrx_word' id='word_1_153' title='bbox 2128 1070 2191 1108; x_wconf 89' lang='lat' dir='ltr'>se</span> <span class='ocrx_word' id='word_1_154' title='bbox 2222 1058 2429 1107; x_wconf 90' lang='lat' dir='ltr'>mutuo</span> <span class='ocrx_word' id='word_1_155' title='bbox 2462 1068 2641 1123; x_wconf 85' lang='lat' dir='ltr'>super</span> <span class='ocrx_word' id='word_1_156' title='bbox 2666 1050 3085 1123; x_wconf 67' lang='lat' dir='ltr'>praedicatione</span> <span class='ocrx_word' id='word_1_157' title='bbox 3116 1051 3668 1122; x_wconf 84' lang='lat' dir='ltr'>habebant,talique</span> 
     </span>
    </p>
   </div>
   <div class='ocr_carea' id='block_1_24' title="bbox 2022 1140 3674 1215">
    <p class='ocr_par' dir='ltr' id='par_1_24' title="bbox 2022 1140 3674 1215">
     <span class='ocr_line' id='line_1_24' title="bbox 2022 1140 3674 1215; baseline -0.002 -15"><span class='ocrx_word' id='word_1_158' title='bbox 2022 1144 2445 1215; x_wconf 82' lang='lat' dir='ltr'>conjunctione</span> <span class='ocrx_word' id='word_1_159' title='bbox 2484 1142 2736 1197; x_wconf 83' lang='lat' dir='ltr'>connexi</span> <span class='ocrx_word' id='word_1_160' title='bbox 2794 1146 2982 1207; x_wconf 89' lang='lat' dir='ltr'>erant,</span> <span class='ocrx_word' id='word_1_161' title='bbox 3044 1146 3108 1196; x_wconf 90' lang='lat' dir='ltr'>ut</span> <span class='ocrx_word' id='word_1_162' title='bbox 3153 1147 3448 1212; x_wconf 83' lang='lat' dir='ltr'>optarent,</span> <span class='ocrx_word' id='word_1_163' title='bbox 3495 1140 3544 1195; x_wconf 91' lang='lat' dir='ltr'>si</span> <span class='ocrx_word' id='word_1_164' title='bbox 3590 1140 3674 1196; x_wconf 89' lang='lat' dir='ltr'>ita</span> 
     </span>
    </p>
   </div>
   <div class='ocr_carea' id='block_1_25' title="bbox 2023 1230 3672 1303">
    <p class='ocr_par' dir='ltr' id='par_1_25' title="bbox 2023 1230 3672 1303">
     <span class='ocr_line' id='line_1_25' title="bbox 2023 1230 3672 1303; baseline -0.003 -13"><span class='ocrx_word' id='word_1_165' title='bbox 2023 1251 2118 1290; x_wconf 88' lang='lat' dir='ltr'>res</span> <span class='ocrx_word' id='word_1_166' title='bbox 2146 1234 2461 1303; x_wconf 83' lang='lat' dir='ltr'>ferret.per</span> <span class='ocrx_word' id='word_1_167' title='bbox 2488 1238 2756 1288; x_wconf 90' lang='lat' dir='ltr'>mutuam</span> <span class='ocrx_word' id='word_1_168' title='bbox 2788 1232 3353 1302; x_wconf 84' lang='lat' dir='ltr'>compensationem,</span> <span class='ocrx_word' id='word_1_169' title='bbox 3386 1230 3672 1302; x_wconf 77' lang='lat' dir='ltr'>praedica—</span> 
     </span>
    </p>
   </div>
   <div class='ocr_carea' id='block_1_26' title="bbox 2024 1319 3665 1391">
    <p class='ocr_par' dir='ltr' id='par_1_26' title="bbox 2024 1319 3665 1391">
     <span class='ocr_line' id='line_1_26' title="bbox 2024 1319 3665 1391; baseline -0.002 -13"><span class='ocrx_word' id='word_1_170' title='bbox 2024 1323 2203 1378; x_wconf 87' lang='lat' dir='ltr'>tionis</span> <span class='ocrx_word' id='word_1_171' title='bbox 2223 1321 2565 1378; x_wconf 86' lang='lat' dir='ltr'>confirmari</span> <span class='ocrx_word' id='word_1_172' title='bbox 2587 1337 2949 1385; x_wconf 84' lang='lat' dir='ltr'>sermonem,</span> <span class='ocrx_word' id='word_1_173' title='bbox 2964 1336 3155 1391; x_wconf 88' lang='lat' dir='ltr'>neque</span> <span class='ocrx_word' id='word_1_174' title='bbox 3179 1320 3290 1375; x_wconf 90' lang='lat' dir='ltr'>hoc</span> <span class='ocrx_word' id='word_1_175' title='bbox 3312 1319 3665 1375; x_wconf 81' lang='lat' dir='ltr'>devitarent.</span> 
     </span>
    </p>
   </div>
   <div class='ocr_carea' id='block_1_27' title="bbox 2023 1408 3669 1483">
    <p class='ocr_par' dir='ltr' id='par_1_27' title="bbox 2023 1408 3669 1483">
     <span class='ocr_line' id='line_1_27' title="bbox 2023 1408 3669 1483; baseline -0.002 -16"><span class='ocrx_word' id='word_1_176' title='bbox 2023 1414 2210 1483; x_wconf 89' lang='lat' dir='ltr'>thue</span> <span class='ocrx_word' id='word_1_177' title='bbox 2242 1412 2353 1466; x_wconf 88' lang='lat' dir='ltr'>hoc</span> <span class='ocrx_word' id='word_1_178' title='bbox 2383 1410 2647 1482; x_wconf 86' lang='lat' dir='ltr'>apertius</span> <span class='ocrx_word' id='word_1_179' title='bbox 2677 1410 2891 1477; x_wconf 90' lang='lat' dir='ltr'>discas,</span> <span class='ocrx_word' id='word_1_180' title='bbox 2925 1408 3237 1465; x_wconf 87' lang='lat' dir='ltr'>considera</span> <span class='ocrx_word' id='word_1_181' title='bbox 3269 1409 3515 1464; x_wconf 86' lang='lat' dir='ltr'>:Paulus</span> <span class='ocrx_word' id='word_1_182' title='bbox 3547 1409 3669 1464; x_wconf 85' lang='lat' dir='ltr'>suis</span> 
     </span>
    </p>
   </div>
   <div class='ocr_carea' id='block_1_28' title="bbox 2022 1498 3673 1573">
    <p class='ocr_par' dir='ltr' id='par_1_28' title="bbox 2022 1498 3673 1573">
     <span class='ocr_line' id='line_1_28' title="bbox 2022 1498 3673 1573; baseline -0.003 -17"><span class='ocrx_word' id='word_1_183' title='bbox 2022 1500 2304 1573; x_wconf 83' lang='lat' dir='ltr'>Epistolis</span> <span class='ocrx_word' id='word_1_184' title='bbox 2334 1498 2691 1555; x_wconf 88' lang='lat' dir='ltr'>condemnat</span> <span class='ocrx_word' id='word_1_185' title='bbox 2718 1498 2978 1555; x_wconf 76' lang='lat' dir='ltr'>Petrum.</span> <span class='ocrx_word' id='word_1_186' title='bbox 3013 1500 3222 1554; x_wconf 91' lang='lat' dir='ltr'>Petrus</span> <span class='ocrx_word' id='word_1_187' title='bbox 3251 1514 3383 1552; x_wconf 90' lang='lat' dir='ltr'>vero</span> <span class='ocrx_word' id='word_1_188' title='bbox 3417 1513 3523 1554; x_wconf 88' lang='lat' dir='ltr'>sua</span> <span class='ocrx_word' id='word_1_189' title='bbox 3543 1498 3673 1569; x_wconf 89' lang='lat' dir='ltr'>Epi-</span> 
     </span>
    </p>
   </div>
   <div class='ocr_carea' id='block_1_29' title="bbox 2024 1586 3671 1659">
    <p class='ocr_par' dir='ltr' id='par_1_29' title="bbox 2024 1586 3671 1659">
     <span class='ocr_line' id='line_1_29' title="bbox 2024 1586 3671 1659; baseline -0.002 -15"><span class='ocrx_word' id='word_1_190' title='bbox 2024 1588 2177 1644; x_wconf 90' lang='lat' dir='ltr'>stola</span> <span class='ocrx_word' id='word_1_191' title='bbox 2205 1587 2506 1644; x_wconf 84' lang='lat' dir='ltr'>collaudat</span> <span class='ocrx_word' id='word_1_192' title='bbox 2558 1588 2811 1645; x_wconf 88' lang='lat' dir='ltr'>Paulum</span> <span class='ocrx_word' id='word_1_193' title='bbox 2843 1591 2886 1651; x_wconf 81' lang='grc'>³,</span> <span class='ocrx_word' id='word_1_194' title='bbox 2932 1587 3179 1659; x_wconf 78' lang='lat' dir='ltr'>ejusque</span> <span class='ocrx_word' id='word_1_195' title='bbox 3241 1586 3527 1658; x_wconf 85' lang='lat' dir='ltr'>Epistolas</span> <span class='ocrx_word' id='word_1_196' title='bbox 3567 1586 3671 1642; x_wconf 90' lang='lat' dir='ltr'>Dei</span> 
     </span>
    </p>
   </div>
   <div class='ocr_carea' id='block_1_30' title="bbox 263 1676 3661 1754">
    <p class='ocr_par' dir='ltr' id='par_1_30' title="bbox 263 1676 3661 1754">
     <span class='ocr_line' id='line_1_30' title="bbox 263 1676 3661 1754; baseline -0.002 -17"><span class='ocrx_word' id='word_1_197' title='bbox 263 1682 564 1752; x_wconf 85' lang='lat' dir='ltr'>sapientia</span> <span class='ocrx_word' id='word_1_198' title='bbox 594 1687 653 1736; x_wconf 88' lang='lat' dir='ltr'>et</span> <span class='ocrx_word' id='word_1_199' title='bbox 680 1680 871 1754; x_wconf 85' lang='lat' dir='ltr'>gratia</span> <span class='ocrx_word' id='word_1_200' title='bbox 899 1681 1106 1753; x_wconf 88' lang='lat' dir='ltr'>plenas</span> <span class='ocrx_word' id='word_1_201' title='bbox 1133 1696 1261 1736; x_wconf 88' lang='lat' dir='ltr'>esse</span> <span class='ocrx_word' id='word_1_202' title='bbox 1295 1684 1563 1745; x_wconf 85' lang='lat' dir='ltr'>testatur,</span> <span class='ocrx_word' id='word_1_203' title='bbox 1588 1683 1647 1734; x_wconf 92' lang='lat' dir='ltr'>et</span> <span class='ocrx_word' id='word_1_204' title='bbox 1674 1694 1884 1751; x_wconf 89' lang='lat' dir='ltr'>parum</span> <span class='ocrx_word' id='word_1_205' title='bbox 1909 1678 2113 1734; x_wconf 78' lang='lat' dir='ltr'>ﬁrmos</span> <span class='ocrx_word' id='word_1_206' title='bbox 2142 1678 2423 1734; x_wconf 86' lang='lat' dir='ltr'>latentem</span> <span class='ocrx_word' id='word_1_207' title='bbox 2480 1677 2542 1732; x_wconf 91' lang='lat' dir='ltr'>in</span> <span class='ocrx_word' id='word_1_208' title='bbox 2594 1676 2716 1732; x_wconf 87' lang='lat' dir='ltr'>illis</span> <span class='ocrx_word' id='word_1_209' title='bbox 2772 1693 2890 1730; x_wconf 92' lang='lat' dir='ltr'>non</span> <span class='ocrx_word' id='word_1_210' title='bbox 2942 1676 3177 1747; x_wconf 88' lang='lat' dir='ltr'>assequi</span> <span class='ocrx_word' id='word_1_211' title='bbox 3236 1692 3500 1743; x_wconf 82' lang='lat' dir='ltr'>sensum,</span> <span class='ocrx_word' id='word_1_212' title='bbox 3558 1691 3661 1730; x_wconf 88' lang='lat' dir='ltr'>seu</span> 
     </span>
    </p>
   </div>
   <div class='ocr_carea' id='block_1_31' title="bbox 258 1763 3665 1842">
    <p class='ocr_par' dir='ltr' id='par_1_31' title="bbox 258 1763 3665 1842">
     <span class='ocr_line' id='line_1_31' title="bbox 258 1763 3665 1842; baseline -0.002 -16"><span class='ocrx_word' id='word_1_213' title='bbox 258 1777 597 1842; x_wconf 81' lang='lat' dir='ltr'>pervertere</span> <span class='ocrx_word' id='word_1_214' title='bbox 623 1770 975 1825; x_wconf 84' lang='lat' dir='ltr'>conclamat.</span> <span class='ocrx_word' id='word_1_215' title='bbox 1012 1772 1304 1824; x_wconf 66' lang='lat' dir='ltr'>Prasterea</span> <span class='ocrx_word' id='word_1_216' title='bbox 1335 1786 1469 1824; x_wconf 83' lang='lat' dir='ltr'>vero</span> <span class='ocrx_word' id='word_1_217' title='bbox 1502 1769 1679 1824; x_wconf 89' lang='lat' dir='ltr'>etiam</span> <span class='ocrx_word' id='word_1_218' title='bbox 1712 1767 1933 1824; x_wconf 90' lang='lat' dir='ltr'>Paulus</span> <span class='ocrx_word' id='word_1_219' title='bbox 1963 1769 2064 1840; x_wconf 88' lang='lat' dir='ltr'>qui</span> <span class='ocrx_word' id='word_1_220' title='bbox 2098 1768 2254 1824; x_wconf 90' lang='lat' dir='ltr'>circa</span> <span class='ocrx_word' id='word_1_221' title='bbox 2285 1766 2770 1839; x_wconf 61' lang='lat' dir='ltr'>praedicationem</span> <span class='ocrx_word' id='word_1_222' title='bbox 2801 1766 2928 1820; x_wconf 65' lang='lat' dir='ltr'>haec</span> <span class='ocrx_word' id='word_1_223' title='bbox 2958 1765 3031 1820; x_wconf 89' lang='lat' dir='ltr'>de</span> <span class='ocrx_word' id='word_1_224' title='bbox 3060 1766 3232 1819; x_wconf 90' lang='lat' dir='ltr'>Petro</span> <span class='ocrx_word' id='word_1_225' title='bbox 3269 1765 3431 1831; x_wconf 87' lang='lat' dir='ltr'>dicit,</span> <span class='ocrx_word' id='word_1_226' title='bbox 3490 1763 3665 1836; x_wconf 86' lang='lat' dir='ltr'>longe</span> 
     </span>
    </p>
   </div>
   <div class='ocr_carea' id='block_1_32' title="bbox 257 1853 3665 1931">
    <p class='ocr_par' dir='ltr' id='par_1_32' title="bbox 257 1853 3665 1931">
     <span class='ocr_line' id='line_1_32' title="bbox 257 1853 3665 1931; baseline -0.002 -16"><span class='ocrx_word' id='word_1_227' title='bbox 257 1860 520 1931; x_wconf 87' lang='lat' dir='ltr'>amplius</span> <span class='ocrx_word' id='word_1_228' title='bbox 554 1876 736 1930; x_wconf 87' lang='lat' dir='ltr'>quam</span> <span class='ocrx_word' id='word_1_229' title='bbox 771 1859 1031 1930; x_wconf 87' lang='lat' dir='ltr'>seipsum</span> <span class='ocrx_word' id='word_1_230' title='bbox 1063 1859 1223 1913; x_wconf 90' lang='lat' dir='ltr'>hunc</span> <span class='ocrx_word' id='word_1_231' title='bbox 1245 1857 1460 1913; x_wconf 82' lang='lat' dir='ltr'>excolit</span> <span class='ocrx_word' id='word_1_232' title='bbox 1490 1863 1547 1913; x_wconf 89' lang='lat' dir='ltr'>et</span> <span class='ocrx_word' id='word_1_233' title='bbox 1578 1858 1851 1913; x_wconf 86' lang='lat' dir='ltr'>honorat.</span> <span class='ocrx_word' id='word_1_234' title='bbox 1885 1856 2036 1923; x_wconf 87' lang='lat' dir='ltr'>Quid</span> <span class='ocrx_word' id='word_1_235' title='bbox 2066 1858 2225 1913; x_wconf 88' lang='lat' dir='ltr'>enim</span> <span class='ocrx_word' id='word_1_236' title='bbox 2259 1856 2436 1912; x_wconf 85' lang='lat' dir='ltr'>estin</span> <span class='ocrx_word' id='word_1_237' title='bbox 2469 1871 2741 1911; x_wconf 88' lang='lat' dir='ltr'>sermone</span> <span class='ocrx_word' id='word_1_238' title='bbox 2781 1854 3118 1919; x_wconf 73' lang='lat' dir='ltr'>calumnias,</span> <span class='ocrx_word' id='word_1_239' title='bbox 3178 1853 3360 1908; x_wconf 86' lang='lat' dir='ltr'>videri</span> <span class='ocrx_word' id='word_1_240' title='bbox 3420 1853 3480 1908; x_wconf 91' lang='lat' dir='ltr'>in</span> <span class='ocrx_word' id='word_1_241' title='bbox 3530 1869 3665 1924; x_wconf 86' lang='lat' dir='ltr'>pre-</span> 
     </span>
    </p>
   </div>
   <div class='ocr_carea' id='block_1_33' title="bbox 261 1941 3676 2015">
    <p class='ocr_par' dir='ltr' id='par_1_33' title="bbox 261 1941 3676 2015">
     <span class='ocr_line' id='line_1_33' title="bbox 261 1941 3676 2015; baseline -0.002 -12"><span class='ocrx_word' id='word_1_242' title='bbox 261 1949 342 2003; x_wconf 91' lang='lat' dir='ltr'>tio</span> <span class='ocrx_word' id='word_1_243' title='bbox 376 1964 529 2014; x_wconf 90' lang='lat' dir='ltr'>esse,</span> <span class='ocrx_word' id='word_1_244' title='bbox 560 1954 614 2003; x_wconf 86' lang='lat' dir='ltr'>et</span> <span class='ocrx_word' id='word_1_245' title='bbox 638 1964 757 2003; x_wconf 91' lang='lat' dir='ltr'>non</span> <span class='ocrx_word' id='word_1_246' title='bbox 787 1953 947 2002; x_wconf 90' lang='lat' dir='ltr'>recte</span> <span class='ocrx_word' id='word_1_247' title='bbox 980 1947 1278 2015; x_wconf 89' lang='lat' dir='ltr'>incedere,</span> <span class='ocrx_word' id='word_1_248' title='bbox 1303 1947 1351 2002; x_wconf 89' lang='lat' dir='ltr'>si</span> <span class='ocrx_word' id='word_1_249' title='bbox 1382 1946 1656 2002; x_wconf 83' lang='lat' dir='ltr'>conferas</span> <span class='ocrx_word' id='word_1_250' title='bbox 1684 1946 1760 2001; x_wconf 92' lang='lat' dir='ltr'>ad</span> <span class='ocrx_word' id='word_1_251' title='bbox 1791 1945 2111 2002; x_wconf 86' lang='lat' dir='ltr'>anathema</span> <span class='ocrx_word' id='word_1_252' title='bbox 2139 1962 2271 2001; x_wconf 91' lang='lat' dir='ltr'>esse</span> <span class='ocrx_word' id='word_1_253' title='bbox 2327 1962 2363 2001; x_wconf 88' lang='lat' dir='ltr'>a</span> <span class='ocrx_word' id='word_1_254' title='bbox 2419 1944 2650 2000; x_wconf 88' lang='lat' dir='ltr'>Christo</span> <span class='ocrx_word' id='word_1_255' title='bbox 2672 1943 2699 1999; x_wconf 78' lang='lat' dir='ltr'>‘I</span> <span class='ocrx_word' id='word_1_256' title='bbox 2730 1966 2757 1993; x_wconf 86' lang='lat'><strong>«</strong></span> <span class='ocrx_word' id='word_1_257' title='bbox 2790 1942 3295 2010; x_wconf 88' lang='lat' dir='ltr'>Circumcisionis,</span> <span class='ocrx_word' id='word_1_258' title='bbox 3355 1964 3382 1990; x_wconf 85' lang='lat'><strong>»</strong></span> <span class='ocrx_word' id='word_1_259' title='bbox 3436 1941 3549 1997; x_wconf 91' lang='lat' dir='ltr'>hoc</span> <span class='ocrx_word' id='word_1_260' title='bbox 3580 1947 3676 1996; x_wconf 90' lang='lat' dir='ltr'>est</span> 
     </span>
    </p>
   </div>
   <div class='ocr_carea' id='block_1_34' title="bbox 260 2037 620 2093">
    <p class='ocr_par' dir='ltr' id='par_1_34' title="bbox 260 2037 620 2093">
     <span class='ocr_line' id='line_1_34' title="bbox 260 2037 620 2093; baseline -0.006 0"><span class='ocrx_word' id='word_1_261' title='bbox 260 2037 620 2093; x_wconf 68' lang='lat' dir='ltr'>Judaaorum.</span> 
     </span>
    </p>
   </div>
   <div class='ocr_carea' id='block_1_35' title="bbox 337 2118 1987 2201">
    <p class='ocr_par' dir='ltr' id='par_1_35' title="bbox 337 2118 1987 2201">
     <span class='ocr_line' id='line_1_35' title="bbox 337 2121 1665 2180; baseline 0.003 -40"><span class='ocrx_word' id='word_1_262' title='bbox 337 2132 375 2180; x_wconf 78' lang='grc' dir='ltr'>Κ</span> <span class='ocrx_word' id='word_1_263' title='bbox 416 2126 430 2144; x_wconf 80' lang='lat'><strong><em>\</em></strong></span> <span class='ocrx_word' id='word_1_264' title='bbox 550 2125 562 2143; x_wconf 70' lang='grc' dir='ltr'><strong><em>ο</em></strong></span> <span class='ocrx_word' id='word_1_265' title='bbox 761 2125 774 2140; x_wconf 61' lang='grc' dir='ltr'><strong>Ω</strong></span> <span class='ocrx_word' id='word_1_266' title='bbox 910 2125 921 2141; x_wconf 84' lang='grc'><strong><em>1</em></strong></span> <span class='ocrx_word' id='word_1_267' title='bbox 1100 2125 1112 2141; x_wconf 61' lang='grc'><strong>1</strong></span> <span class='ocrx_word' id='word_1_268' title='bbox 1216 2121 1239 2141; x_wconf 51' lang='grc' dir='ltr'>’λ</span> <span class='ocrx_word' id='word_1_269' title='bbox 1340 2129 1361 2139; x_wconf 71' lang='lat' dir='ltr'>Il</span> <span class='ocrx_word' id='word_1_270' title='bbox 1410 2127 1419 2143; x_wconf 77' lang='grc' dir='ltr'><strong><em>Ι</em></strong></span> <span class='ocrx_word' id='word_1_271' title='bbox 1653 2125 1665 2145; x_wconf 72' lang='grc'><strong>9</strong></span> 
     </span>
     <span class='ocr_line' id='line_1_36' title="bbox 381 2118 1987 2201; baseline -0.001 -22"><span class='ocrx_word' id='word_1_272' title='bbox 381 2147 431 2179; x_wconf 90' lang='grc' dir='ltr'>αι</span> <span class='ocrx_word' id='word_1_273' title='bbox 467 2145 685 2201; x_wconf 86' lang='grc' dir='ltr'>γνοντες</span> <span class='ocrx_word' id='word_1_274' title='bbox 716 2146 813 2193; x_wconf 84' lang='grc' dir='ltr'>την</span> <span class='ocrx_word' id='word_1_275' title='bbox 851 2143 1012 2200; x_wconf 82' lang='grc' dir='ltr'>χαριν</span> <span class='ocrx_word' id='word_1_276' title='bbox 1055 2146 1153 2192; x_wconf 88' lang='grc' dir='ltr'>την</span> <span class='ocrx_word' id='word_1_277' title='bbox 1212 2134 1457 2188; x_wconf 84' lang='grc' dir='ltr'>οοθεισαν</span> <span class='ocrx_word' id='word_1_278' title='bbox 1529 2145 1621 2195; x_wconf 86' lang='grc' dir='ltr'>μοι</span> <span class='ocrx_word' id='word_1_279' title='bbox 1670 2118 1913 2185; x_wconf 85' lang='grc' dir='ltr'>Ιάκωϐος</span> <span class='ocrx_word' id='word_1_280' title='bbox 1943 2130 1987 2193; x_wconf 85' lang='grc' dir='ltr'><strong><em>Β</em></strong></span> 
     </span>
    </p>
   </div>
   <div class='ocr_carea' id='block_1_36' title="bbox 259 2210 1908 2293">
    <p class='ocr_par' dir='ltr' id='par_1_36' title="bbox 259 2210 1908 2293">
     <span class='ocr_line' id='line_1_37' title="bbox 259 2210 1908 2293; baseline -0.002 -24"><span class='ocrx_word' id='word_1_281' title='bbox 259 2214 351 2269; x_wconf 85' lang='grc' dir='ltr'>καὶ</span> <span class='ocrx_word' id='word_1_282' title='bbox 386 2218 574 2293; x_wconf 77' lang='grc' dir='ltr'>Κηφᾶς</span> <span class='ocrx_word' id='word_1_283' title='bbox 605 2214 693 2269; x_wconf 81' lang='grc' dir='ltr'>καὶ</span> <span class='ocrx_word' id='word_1_284' title='bbox 732 2214 1012 2284; x_wconf 80' lang='grc' dir='ltr'>Ἰωάννης,</span> <span class='ocrx_word' id='word_1_285' title='bbox 1073 2214 1123 2267; x_wconf 72' lang='grc' dir='ltr'>οἱ</span> <span class='ocrx_word' id='word_1_286' title='bbox 1184 2210 1467 2275; x_wconf 89' lang='grc' dir='ltr'>δοκοῦντες</span> <span class='ocrx_word' id='word_1_287' title='bbox 1526 2211 1716 2268; x_wconf 90' lang='grc' dir='ltr'>στῦλοι</span> <span class='ocrx_word' id='word_1_288' title='bbox 1749 2214 1908 2281; x_wconf 75' lang='grc' dir='ltr'>εἶναι,</span> 
     </span>
    </p>
   </div>
   <div class='ocr_carea' id='block_1_37' title="bbox 260 2297 1911 2378">
    <p class='ocr_par' dir='ltr' id='par_1_37' title="bbox 260 2297 1911 2378">
     <span class='ocr_line' id='line_1_38' title="bbox 260 2297 1911 2378; baseline -0.001 -19"><span class='ocrx_word' id='word_1_289' title='bbox 260 2301 438 2376; x_wconf 74' lang='grc' dir='ltr'>δεξιὰς</span> <span class='ocrx_word' id='word_1_290' title='bbox 469 2300 674 2358; x_wconf 80' lang='grc' dir='ltr'>ἔδωκαν</span> <span class='ocrx_word' id='word_1_291' title='bbox 708 2302 833 2377; x_wconf 73' lang='grc' dir='ltr'>ἐμοὶ</span> <span class='ocrx_word' id='word_1_292' title='bbox 865 2305 952 2359; x_wconf 77' lang='grc' dir='ltr'>καὶ</span> <span class='ocrx_word' id='word_1_293' title='bbox 992 2297 1240 2378; x_wconf 78' lang='grc' dir='ltr'>Βαρνάϐᾳ</span> <span class='ocrx_word' id='word_1_294' title='bbox 1270 2302 1577 2372; x_wconf 82' lang='grc' dir='ltr'>κοινωνίας,</span> <span class='ocrx_word' id='word_1_295' title='bbox 1621 2300 1710 2357; x_wconf 72' lang='grc' dir='ltr'>’ίνα</span> <span class='ocrx_word' id='word_1_296' title='bbox 1748 2304 1911 2376; x_wconf 77' lang='grc' dir='ltr'>ἡμεῖς</span> 
     </span>
    </p>
   </div>
   <div class='ocr_carea' id='block_1_38' title="bbox 257 2388 1912 2469">
    <p class='ocr_par' dir='ltr' id='par_1_38' title="bbox 257 2388 1912 2469">
     <span class='ocr_line' id='line_1_39' title="bbox 257 2388 1912 2469; baseline -0.001 -21"><span class='ocrx_word' id='word_1_297' title='bbox 257 2392 336 2455; x_wconf 80' lang='grc' dir='ltr'>είς</span> <span class='ocrx_word' id='word_1_298' title='bbox 363 2394 430 2449; x_wconf 74' lang='grc' dir='ltr'>τὰ</span> <span class='ocrx_word' id='word_1_299' title='bbox 460 2388 610 2463; x_wconf 78' lang='grc' dir='ltr'>ἔθνη,</span> <span class='ocrx_word' id='word_1_300' title='bbox 643 2393 795 2448; x_wconf 79' lang='grc' dir='ltr'>αὐτοὶ</span> <span class='ocrx_word' id='word_1_301' title='bbox 831 2390 887 2448; x_wconf 70' lang='grc' dir='ltr'>δὲ</span> <span class='ocrx_word' id='word_1_302' title='bbox 918 2393 996 2455; x_wconf 87' lang='grc' dir='ltr'>εἰς</span> <span class='ocrx_word' id='word_1_303' title='bbox 1051 2395 1153 2463; x_wconf 79' lang='grc' dir='ltr'>τὴν</span> <span class='ocrx_word' id='word_1_304' title='bbox 1208 2393 1541 2469; x_wconf 76' lang='grc' dir='ltr'>περιτομὴν,</span> <span class='ocrx_word' id='word_1_305' title='bbox 1603 2391 1765 2464; x_wconf 91' lang='grc' dir='ltr'>μόνον</span> <span class='ocrx_word' id='word_1_306' title='bbox 1804 2395 1912 2447; x_wconf 88' lang='grc' dir='ltr'>τῶν</span> 
     </span>
    </p>
   </div>
   <div class='ocr_carea' id='block_1_39' title="bbox 256 2479 1917 2562">
    <p class='ocr_par' dir='ltr' id='par_1_39' title="bbox 256 2479 1917 2562">
     <span class='ocr_line' id='line_1_40' title="bbox 256 2479 1917 2562; baseline -0.002 -24"><span class='ocrx_word' id='word_1_307' title='bbox 256 2487 501 2562; x_wconf 81' lang='grc' dir='ltr'>πτωχῶν</span> <span class='ocrx_word' id='word_1_308' title='bbox 532 2482 620 2537; x_wconf 81' lang='grc' dir='ltr'>ἳνα</span> <span class='ocrx_word' id='word_1_309' title='bbox 652 2482 1103 2557; x_wconf 68' lang='grc' dir='ltr'>μνημονεύωμεν.</span> <span class='ocrx_word' id='word_1_310' title='bbox 1154 2484 1221 2540; x_wconf 87' lang='grc' dir='ltr'><strong>Ὃ</strong></span> <span class='ocrx_word' id='word_1_311' title='bbox 1278 2484 1368 2538; x_wconf 76' lang='grc' dir='ltr'>καὶ</span> <span class='ocrx_word' id='word_1_312' title='bbox 1427 2479 1732 2537; x_wconf 73' lang='grc' dir='ltr'>ἐσπούδασα</span> <span class='ocrx_word' id='word_1_313' title='bbox 1786 2480 1917 2536; x_wconf 75' lang='grc' dir='ltr'>αὐτὸ</span> 
     </span>
    </p>
   </div>
   <div class='ocr_carea' id='block_1_40' title="bbox 256 2576 696 2642">
    <p class='ocr_par' dir='ltr' id='par_1_40' title="bbox 256 2576 696 2642">
     <span class='ocr_line' id='line_1_41' title="bbox 256 2576 696 2642; baseline -0.002 -15"><span class='ocrx_word' id='word_1_314' title='bbox 256 2576 425 2628; x_wconf 88' lang='grc' dir='ltr'>τοῦτο</span> <span class='ocrx_word' id='word_1_315' title='bbox 448 2579 696 2642; x_wconf 79' lang='grc' dir='ltr'>ποιῆσαι,</span> 
     </span>
    </p>
   </div>
   <div class='ocr_carea' id='block_1_41' title="bbox 341 2748 1919 2826">
    <p class='ocr_par' dir='ltr' id='par_1_41' title="bbox 341 2748 1919 2826">
     <span class='ocr_line' id='line_1_42' title="bbox 341 2748 1919 2826; baseline -0.003 -19"><span class='ocrx_word' id='word_1_316' title='bbox 341 2775 367 2802; x_wconf 71' lang='grc' dir='ltr'>(ι</span> <span class='ocrx_word' id='word_1_317' title='bbox 407 2752 510 2807; x_wconf 77' lang='grc' dir='ltr'>Καὶ</span> <span class='ocrx_word' id='word_1_318' title='bbox 551 2752 765 2826; x_wconf 80' lang='grc' dir='ltr'>γνόντες</span> <span class='ocrx_word' id='word_1_319' title='bbox 794 2754 894 2821; x_wconf 78' lang='grc' dir='ltr'>τὴν</span> <span class='ocrx_word' id='word_1_320' title='bbox 926 2751 1104 2826; x_wconf 61' lang='grc' dir='ltr'>Ᾰάριν,</span> <span class='ocrx_word' id='word_1_321' title='bbox 1134 2778 1158 2803; x_wconf 77' lang='grc' dir='ltr'>›ι</span> <span class='ocrx_word' id='word_1_322' title='bbox 1174 2754 1288 2823; x_wconf 85' lang='grc' dir='ltr'>Τῆς</span> <span class='ocrx_word' id='word_1_323' title='bbox 1320 2748 1569 2822; x_wconf 81' lang='grc' dir='ltr'>δοθείσης</span> <span class='ocrx_word' id='word_1_324' title='bbox 1586 2750 1734 2821; x_wconf 83' lang='grc' dir='ltr'>αὐτῷ</span> <span class='ocrx_word' id='word_1_325' title='bbox 1755 2749 1919 2825; x_wconf 85' lang='grc' dir='ltr'>χάρι-</span> 
     </span>
    </p>
   </div>
   <div class='ocr_carea' id='block_1_42' title="bbox 266 2835 1920 2917">
    <p class='ocr_par' dir='ltr' id='par_1_42' title="bbox 266 2835 1920 2917">
     <span class='ocr_line' id='line_1_43' title="bbox 266 2835 1920 2917; baseline -0.002 -22"><span class='ocrx_word' id='word_1_326' title='bbox 266 2860 363 2902; x_wconf 92' lang='grc' dir='ltr'>τος</span> <span class='ocrx_word' id='word_1_327' title='bbox 394 2839 521 2900; x_wconf 78' lang='grc' dir='ltr'>τοὺς</span> <span class='ocrx_word' id='word_1_328' title='bbox 552 2839 673 2914; x_wconf 81' lang='grc' dir='ltr'>περὲ</span> <span class='ocrx_word' id='word_1_329' title='bbox 711 2842 913 2915; x_wconf 75' lang='grc' dir='ltr'>Πέτρον</span> <span class='ocrx_word' id='word_1_330' title='bbox 942 2842 1167 2917; x_wconf 83' lang='grc' dir='ltr'>παράγει</span> <span class='ocrx_word' id='word_1_331' title='bbox 1203 2842 1497 2916; x_wconf 83' lang='grc' dir='ltr'>μάρτυρας.</span> <span class='ocrx_word' id='word_1_332' title='bbox 1542 2864 1570 2891; x_wconf 71' lang='grc' dir='ltr'>ι(</span> <span class='ocrx_word' id='word_1_333' title='bbox 1603 2840 1670 2896; x_wconf 73' lang='grc' dir='ltr'>Οἱ</span> <span class='ocrx_word' id='word_1_334' title='bbox 1692 2835 1920 2893; x_wconf 84' lang='grc' dir='ltr'>δοκοῦν-</span> 
     </span>
    </p>
   </div>
   <div class='ocr_carea' id='block_1_43' title="bbox 265 2925 1918 3007">
    <p class='ocr_par' dir='ltr' id='par_1_43' title="bbox 265 2925 1918 3007">
     <span class='ocr_line' id='line_1_44' title="bbox 265 2925 1918 3007; baseline -0.004 -22"><span class='ocrx_word' id='word_1_335' title='bbox 265 2950 356 2990; x_wconf 88' lang='grc' dir='ltr'>τες</span> <span class='ocrx_word' id='word_1_336' title='bbox 391 2928 605 2986; x_wconf 85' lang='grc' dir='ltr'>στῦλοι.</span> <span class='ocrx_word' id='word_1_337' title='bbox 634 2954 661 2981; x_wconf 85' lang='grc'>››</span> <span class='ocrx_word' id='word_1_338' title='bbox 704 2929 770 2987; x_wconf 76' lang='lat' dir='ltr'>Ol</span> <span class='ocrx_word' id='word_1_339' title='bbox 803 2928 978 3000; x_wconf 82' lang='grc' dir='ltr'>ὄντες,</span> <span class='ocrx_word' id='word_1_340' title='bbox 1010 2930 1166 3007; x_wconf 79' lang='grc' dir='ltr'>φησὶ,</span> <span class='ocrx_word' id='word_1_341' title='bbox 1191 2927 1385 2985; x_wconf 87' lang='grc' dir='ltr'>στῦλοι</span> <span class='ocrx_word' id='word_1_342' title='bbox 1413 2936 1513 2998; x_wconf 82' lang='grc' dir='ltr'>τῆς</span> <span class='ocrx_word' id='word_1_343' title='bbox 1545 2928 1799 2996; x_wconf 86' lang='grc' dir='ltr'>πίστεως,</span> <span class='ocrx_word' id='word_1_344' title='bbox 1829 2925 1918 2980; x_wconf 86' lang='grc' dir='ltr'>καὶ</span> 
     </span>
    </p>
   </div>
   <div class='ocr_carea' id='block_1_44' title="bbox 268 3014 1918 3095">
    <p class='ocr_par' dir='ltr' id='par_1_44' title="bbox 268 3014 1918 3095">
     <span class='ocr_line' id='line_1_45' title="bbox 268 3014 1918 3095; baseline -0.002 -22"><span class='ocrx_word' id='word_1_345' title='bbox 268 3025 398 3076; x_wconf 77' lang='grc' dir='ltr'>πᾶσι</span> <span class='ocrx_word' id='word_1_346' title='bbox 431 3016 745 3082; x_wconf 81' lang='grc' dir='ltr'>δοκοῦντες.</span> <span class='ocrx_word' id='word_1_347' title='bbox 796 3045 824 3072; x_wconf 83' lang='grc'><strong>‹‹</strong></span> <span class='ocrx_word' id='word_1_348' title='bbox 858 3020 1039 3089; x_wconf 77' lang='grc' dir='ltr'>Δεξιάς</span> <span class='ocrx_word' id='word_1_349' title='bbox 1071 3016 1299 3077; x_wconf 81' lang='grc' dir='ltr'>ἔδωκαν.</span> <span class='ocrx_word' id='word_1_350' title='bbox 1332 3047 1352 3072; x_wconf 79' lang='grc' dir='ltr'><strong><em>ι</em></strong></span> <span class='ocrx_word' id='word_1_351' title='bbox 1389 3020 1504 3074; x_wconf 69' lang='lat' dir='ltr'>&quot;Ou</span> <span class='ocrx_word' id='word_1_352' title='bbox 1543 3018 1722 3084; x_wconf 77' lang='grc' dir='ltr'>κοινὰ,</span> <span class='ocrx_word' id='word_1_353' title='bbox 1763 3014 1918 3095; x_wconf 73' lang='grc' dir='ltr'>φησὶ,</span> 
     </span>
    </p>
   </div>
   <div class='ocr_carea' id='block_1_45' title="bbox 269 3104 1920 3183">
    <p class='ocr_par' dir='ltr' id='par_1_45' title="bbox 269 3104 1920 3183">
     <span class='ocr_line' id='line_1_46' title="bbox 269 3104 1920 3183; baseline -0.002 -20"><span class='ocrx_word' id='word_1_354' title='bbox 269 3109 339 3164; x_wconf 84' lang='grc' dir='ltr'>τά</span> <span class='ocrx_word' id='word_1_355' title='bbox 371 3106 643 3183; x_wconf 81' lang='grc' dir='ltr'>δόγματα,</span> <span class='ocrx_word' id='word_1_356' title='bbox 676 3110 761 3163; x_wconf 84' lang='grc' dir='ltr'>καὶ</span> <span class='ocrx_word' id='word_1_357' title='bbox 798 3110 881 3164; x_wconf 86' lang='grc' dir='ltr'>δτι</span> <span class='ocrx_word' id='word_1_358' title='bbox 912 3107 1206 3171; x_wconf 79' lang='grc' dir='ltr'>κοινωνοὺς</span> <span class='ocrx_word' id='word_1_359' title='bbox 1239 3111 1387 3180; x_wconf 78' lang='grc' dir='ltr'>ἡμᾶς</span> <span class='ocrx_word' id='word_1_360' title='bbox 1447 3107 1669 3168; x_wconf 74' lang='grc' dir='ltr'>ἑαυτοὺς</span> <span class='ocrx_word' id='word_1_361' title='bbox 1716 3104 1920 3175; x_wconf 76' lang='grc' dir='ltr'>ἰποιή-</span> 
     </span>
    </p>
   </div>
   <div class='ocr_carea' id='block_1_46' title="bbox 272 3190 1919 3274">
    <p class='ocr_par' dir='ltr' id='par_1_46' title="bbox 272 3190 1919 3274">
     <span class='ocr_line' id='line_1_47' title="bbox 272 3190 1919 3274; baseline -0.003 -22"><span class='ocrx_word' id='word_1_362' title='bbox 272 3218 429 3252; x_wconf 84' lang='grc' dir='ltr'>σαντο</span> <span class='ocrx_word' id='word_1_363' title='bbox 454 3198 531 3259; x_wconf 84' lang='grc' dir='ltr'>εἷς</span> <span class='ocrx_word' id='word_1_364' title='bbox 561 3198 624 3252; x_wconf 90' lang='grc' dir='ltr'>τὸ</span> <span class='ocrx_word' id='word_1_365' title='bbox 652 3200 721 3268; x_wconf 72' lang='grc' dir='ltr'>κή</span> <span class='ocrx_word' id='word_1_366' title='bbox 734 3199 1042 3274; x_wconf 84' lang='grc' dir='ltr'>ρυγμα.Διὰ</span> <span class='ocrx_word' id='word_1_367' title='bbox 1055 3202 1215 3252; x_wconf 89' lang='grc' dir='ltr'>τοῦτο</span> <span class='ocrx_word' id='word_1_368' title='bbox 1238 3197 1340 3272; x_wconf 77' lang='grc' dir='ltr'>γὰρ</span> <span class='ocrx_word' id='word_1_369' title='bbox 1370 3196 1460 3250; x_wconf 84' lang='grc' dir='ltr'>καὶ</span> <span class='ocrx_word' id='word_1_370' title='bbox 1492 3193 1667 3268; x_wconf 82' lang='grc' dir='ltr'>δεξιὰς</span> <span class='ocrx_word' id='word_1_371' title='bbox 1689 3190 1919 3263; x_wconf 85' lang='grc' dir='ltr'>ἔδωκαν,</span> 
     </span>
    </p>
   </div>
   <div class='ocr_carea' id='block_1_47' title="bbox 272 3280 1919 3360">
    <p class='ocr_par' dir='ltr' id='par_1_47' title="bbox 272 3280 1919 3360">
     <span class='ocr_line' id='line_1_48' title="bbox 272 3280 1919 3360; baseline -0.004 -19"><span class='ocrx_word' id='word_1_372' title='bbox 272 3283 572 3358; x_wconf 78' lang='grc' dir='ltr'>δηλοῦντες</span> <span class='ocrx_word' id='word_1_373' title='bbox 604 3286 686 3341; x_wconf 81' lang='grc' dir='ltr'>δτι</span> <span class='ocrx_word' id='word_1_374' title='bbox 717 3285 1029 3360; x_wconf 80' lang='grc' dir='ltr'>ἀρέσκονται</span> <span class='ocrx_word' id='word_1_375' title='bbox 1060 3289 1140 3356; x_wconf 83' lang='grc' dir='ltr'>τῷ</span> <span class='ocrx_word' id='word_1_376' title='bbox 1188 3283 1462 3358; x_wconf 78' lang='grc' dir='ltr'>ἡμετέρῳ,</span> <span class='ocrx_word' id='word_1_377' title='bbox 1530 3282 1687 3358; x_wconf 78' lang='grc' dir='ltr'>φησὶ,</span> <span class='ocrx_word' id='word_1_378' title='bbox 1744 3280 1919 3357; x_wconf 90' lang='grc' dir='ltr'>κηρύ-</span> 
     </span>
    </p>
   </div>
   <div class='ocr_carea' id='block_1_48' title="bbox 272 3373 1920 3453">
    <p class='ocr_par' dir='ltr' id='par_1_48' title="bbox 272 3373 1920 3453">
     <span class='ocr_line' id='line_1_49' title="bbox 272 3373 1920 3453; baseline -0.004 -23"><span class='ocrx_word' id='word_1_379' title='bbox 272 3396 468 3453; x_wconf 84' lang='grc' dir='ltr'>γματι,</span> <span class='ocrx_word' id='word_1_380' title='bbox 503 3373 593 3430; x_wconf 66' lang='grc' dir='ltr'>διὰ</span> <span class='ocrx_word' id='word_1_381' title='bbox 620 3375 682 3430; x_wconf 86' lang='grc' dir='ltr'>τὸ</span> <span class='ocrx_word' id='word_1_382' title='bbox 729 3376 868 3430; x_wconf 79' lang='grc' dir='ltr'>εἶναι</span> <span class='ocrx_word' id='word_1_383' title='bbox 905 3374 1098 3431; x_wconf 83' lang='grc' dir='ltr'>ταύτὸν</span> <span class='ocrx_word' id='word_1_384' title='bbox 1130 3379 1209 3447; x_wconf 84' lang='grc' dir='ltr'>τῷ</span> <span class='ocrx_word' id='word_1_385' title='bbox 1266 3373 1507 3430; x_wconf 76' lang='grc' dir='ltr'>ἐκείνων.</span> <span class='ocrx_word' id='word_1_386' title='bbox 1542 3396 1570 3424; x_wconf 91' lang='grc'><strong><em>‹‹</em></strong></span> <span class='ocrx_word' id='word_1_387' title='bbox 1598 3374 1710 3427; x_wconf 83' lang='grc' dir='ltr'>Ἵνα</span> <span class='ocrx_word' id='word_1_388' title='bbox 1755 3373 1920 3444; x_wconf 78' lang='grc' dir='ltr'>ἡμεῖς</span> 
     </span>
    </p>
   </div>
   <div class='ocr_carea' id='block_1_49' title="bbox 2088 2120 3670 2193">
    <p class='ocr_par' dir='ltr' id='par_1_49' title="bbox 2088 2120 3670 2193">
     <span class='ocr_line' id='line_1_50' title="bbox 2088 2120 3670 2193; baseline -0.004 -14"><span class='ocrx_word' id='word_1_389' title='bbox 2088 2123 2160 2191; x_wconf 87' lang='lat' dir='ltr'>Il,</span> <span class='ocrx_word' id='word_1_390' title='bbox 2190 2127 2246 2192; x_wconf 90' lang='lat'>0,</span> <span class='ocrx_word' id='word_1_391' title='bbox 2281 2124 2366 2180; x_wconf 87' lang='grc'>10.</span> <span class='ocrx_word' id='word_1_392' title='bbox 2410 2124 2650 2193; x_wconf 80' lang='lat' dir='ltr'>Cumque</span> <span class='ocrx_word' id='word_1_393' title='bbox 2706 2124 3082 2193; x_wconf 79' lang='lat' dir='ltr'>cognovissent</span> <span class='ocrx_word' id='word_1_394' title='bbox 3111 2125 3353 2191; x_wconf 79' lang='lat' dir='ltr'>gratiam</span> <span class='ocrx_word' id='word_1_395' title='bbox 3399 2121 3539 2174; x_wconf 87' lang='lat' dir='ltr'>mihi</span> <span class='ocrx_word' id='word_1_396' title='bbox 3568 2120 3670 2174; x_wconf 89' lang='lat' dir='ltr'>da-</span> 
     </span>
    </p>
   </div>
   <div class='ocr_carea' id='block_1_50' title="bbox 2023 2210 3674 2283">
    <p class='ocr_par' dir='ltr' id='par_1_50' title="bbox 2023 2210 3674 2283">
     <span class='ocr_line' id='line_1_51' title="bbox 2023 2210 3674 2283; baseline -0.004 -14"><span class='ocrx_word' id='word_1_397' title='bbox 2023 2221 2137 2269; x_wconf 90' lang='lat' dir='ltr'>tam</span> <span class='ocrx_word' id='word_1_398' title='bbox 2163 2214 2416 2279; x_wconf 74' lang='lat' dir='ltr'>Iacobus,</span> <span class='ocrx_word' id='word_1_399' title='bbox 2450 2219 2500 2267; x_wconf 89' lang='lat' dir='ltr'>et</span> <span class='ocrx_word' id='word_1_400' title='bbox 2531 2213 2762 2283; x_wconf 84' lang='lat' dir='ltr'>Cephas,</span> <span class='ocrx_word' id='word_1_401' title='bbox 2819 2219 2873 2266; x_wconf 87' lang='lat' dir='ltr'>et</span> <span class='ocrx_word' id='word_1_402' title='bbox 2927 2213 3184 2276; x_wconf 83' lang='lat' dir='ltr'>Joannes,</span> <span class='ocrx_word' id='word_1_403' title='bbox 3217 2213 3315 2280; x_wconf 86' lang='lat' dir='ltr'>qui</span> <span class='ocrx_word' id='word_1_404' title='bbox 3343 2210 3674 2265; x_wconf 79' lang='lat' dir='ltr'>videbantur</span> 
     </span>
    </p>
   </div>
   <div class='ocr_carea' id='block_1_51' title="bbox 2022 2299 3677 2371">
    <p class='ocr_par' dir='ltr' id='par_1_51' title="bbox 2022 2299 3677 2371">
     <span class='ocr_line' id='line_1_52' title="bbox 2022 2299 3677 2371; baseline -0.005 -11"><span class='ocrx_word' id='word_1_405' title='bbox 2022 2320 2131 2360; x_wconf 90' lang='lat' dir='ltr'>esse</span> <span class='ocrx_word' id='word_1_406' title='bbox 2188 2304 2478 2371; x_wconf 71' lang='lat' dir='ltr'>columnae,</span> <span class='ocrx_word' id='word_1_407' title='bbox 2530 2303 2755 2357; x_wconf 66' lang='lat' dir='ltr'>dextras</span> <span class='ocrx_word' id='word_1_408' title='bbox 2808 2301 3076 2356; x_wconf 87' lang='lat' dir='ltr'>dederunt</span> <span class='ocrx_word' id='word_1_409' title='bbox 3124 2300 3261 2356; x_wconf 81' lang='lat' dir='ltr'>mihi</span> <span class='ocrx_word' id='word_1_410' title='bbox 3315 2306 3369 2355; x_wconf 90' lang='lat' dir='ltr'>et</span> <span class='ocrx_word' id='word_1_411' title='bbox 3406 2299 3677 2354; x_wconf 67' lang='lat' dir='ltr'>Barnabz</span> 
     </span>
    </p>
   </div>
   <div class='ocr_carea' id='block_1_52' title="bbox 2022 2386 3679 2460">
    <p class='ocr_par' dir='ltr' id='par_1_52' title="bbox 2022 2386 3679 2460">
     <span class='ocr_line' id='line_1_53' title="bbox 2022 2386 3679 2460; baseline -0.004 -12"><span class='ocrx_word' id='word_1_412' title='bbox 2022 2392 2351 2449; x_wconf 73' lang='lat' dir='ltr'>societatis:</span> <span class='ocrx_word' id='word_1_413' title='bbox 2409 2399 2473 2446; x_wconf 90' lang='lat' dir='ltr'>ut</span> <span class='ocrx_word' id='word_1_414' title='bbox 2513 2407 2609 2446; x_wconf 90' lang='lat' dir='ltr'>nos</span> <span class='ocrx_word' id='word_1_415' title='bbox 2655 2390 2879 2460; x_wconf 83' lang='lat' dir='ltr'>quidem</span> <span class='ocrx_word' id='word_1_416' title='bbox 2937 2390 2995 2443; x_wconf 80' lang='lat' dir='ltr'>in</span> <span class='ocrx_word' id='word_1_417' title='bbox 3050 2394 3250 2457; x_wconf 84' lang='lat' dir='ltr'>gentes,</span> <span class='ocrx_word' id='word_1_418' title='bbox 3306 2390 3416 2458; x_wconf 86' lang='lat' dir='ltr'>ipsi</span> <span class='ocrx_word' id='word_1_419' title='bbox 3461 2404 3585 2444; x_wconf 80' lang='lat' dir='ltr'>vero</span> <span class='ocrx_word' id='word_1_420' title='bbox 3617 2386 3679 2443; x_wconf 82' lang='lat' dir='ltr'>in</span> 
     </span>
    </p>
   </div>
   <div class='ocr_carea' id='block_1_53' title="bbox 2025 2479 3680 2550">
    <p class='ocr_par' dir='ltr' id='par_1_53' title="bbox 2025 2479 3680 2550">
     <span class='ocr_line' id='line_1_54' title="bbox 2025 2479 3680 2550; baseline -0.004 -13"><span class='ocrx_word' id='word_1_421' title='bbox 2025 2483 2508 2547; x_wconf 86' lang='lat' dir='ltr'>circumcisionem,</span> <span class='ocrx_word' id='word_1_422' title='bbox 2577 2479 2886 2550; x_wconf 82' lang='lat' dir='ltr'>apostolatu</span> <span class='ocrx_word' id='word_1_423' title='bbox 2968 2481 3329 2549; x_wconf 83' lang='lat' dir='ltr'>fungeremur</span> <span class='ocrx_word' id='word_1_424' title='bbox 3384 2496 3407 2543; x_wconf 88' lang='lat'><strong><em>;</em></strong></span> <span class='ocrx_word' id='word_1_425' title='bbox 3464 2484 3680 2532; x_wconf 86' lang='lat' dir='ltr'>tantum</span> 
     </span>
    </p>
   </div>
   <div class='ocr_carea' id='block_1_54' title="bbox 2024 2567 3681 2642">
    <p class='ocr_par' dir='ltr' id='par_1_54' title="bbox 2024 2567 3681 2642">
     <span class='ocr_line' id='line_1_55' title="bbox 2024 2567 3681 2642; baseline -0.004 -15"><span class='ocrx_word' id='word_1_426' title='bbox 2024 2573 2120 2641; x_wconf 69' lang='lat' dir='ltr'>ut;</span> <span class='ocrx_word' id='word_1_427' title='bbox 2130 2586 2447 2642; x_wconf 85' lang='lat' dir='ltr'>pauperum</span> <span class='ocrx_word' id='word_1_428' title='bbox 2493 2585 2754 2624; x_wconf 81' lang='lat' dir='ltr'>memores</span> <span class='ocrx_word' id='word_1_429' title='bbox 2810 2584 3061 2635; x_wconf 87' lang='lat' dir='ltr'>essemus,</span> <span class='ocrx_word' id='word_1_430' title='bbox 3096 2567 3153 2621; x_wconf 88' lang='lat' dir='ltr'>in</span> <span class='ocrx_word' id='word_1_431' title='bbox 3201 2583 3311 2638; x_wconf 86' lang='lat' dir='ltr'>quo</span> <span class='ocrx_word' id='word_1_432' title='bbox 3335 2574 3389 2621; x_wconf 89' lang='lat' dir='ltr'>et</span> <span class='ocrx_word' id='word_1_433' title='bbox 3444 2567 3681 2636; x_wconf 77' lang='lat' dir='ltr'>diligens</span> 
     </span>
    </p>
   </div>
   <div class='ocr_carea' id='block_1_55' title="bbox 2023 2659 2829 2729">
    <p class='ocr_par' dir='ltr' id='par_1_55' title="bbox 2023 2659 2829 2729">
     <span class='ocr_line' id='line_1_56' title="bbox 2023 2659 2829 2729; baseline -0.005 -15"><span class='ocrx_word' id='word_1_434' title='bbox 2023 2660 2112 2728; x_wconf 84' lang='lat' dir='ltr'>fui</span> <span class='ocrx_word' id='word_1_435' title='bbox 2141 2666 2201 2714; x_wconf 86' lang='lat' dir='ltr'>ut</span> <span class='ocrx_word' id='word_1_436' title='bbox 2229 2659 2327 2714; x_wconf 85' lang='lat' dir='ltr'>hoc</span> <span class='ocrx_word' id='word_1_437' title='bbox 2356 2661 2535 2729; x_wconf 85' lang='lat' dir='ltr'>ipsum</span> <span class='ocrx_word' id='word_1_438' title='bbox 2571 2661 2829 2727; x_wconf 86' lang='lat' dir='ltr'>facerem.</span> 
     </span>
    </p>
   </div>
   <div class='ocr_carea' id='block_1_56' title="bbox 2099 2742 3684 2821">
    <p class='ocr_par' dir='ltr' id='par_1_56' title="bbox 2099 2742 3684 2821">
     <span class='ocr_line' id='line_1_57' title="bbox 2099 2742 3684 2821; baseline -0.004 -17"><span class='ocrx_word' id='word_1_439' title='bbox 2099 2750 2363 2821; x_wconf 87' lang='lat' dir='ltr'>Cumque</span> <span class='ocrx_word' id='word_1_440' title='bbox 2395 2746 2811 2820; x_wconf 81' lang='lat' dir='ltr'>cognovissent</span> <span class='ocrx_word' id='word_1_441' title='bbox 2839 2745 3112 2816; x_wconf 79' lang='lat' dir='ltr'>gratiam.</span> <span class='ocrx_word' id='word_1_442' title='bbox 3149 2765 3176 2792; x_wconf 85' lang='lat'><strong>»</strong></span> <span class='ocrx_word' id='word_1_443' title='bbox 3201 2743 3362 2798; x_wconf 72' lang='lat' dir='ltr'>Dataa</span> <span class='ocrx_word' id='word_1_444' title='bbox 3394 2742 3507 2797; x_wconf 89' lang='lat' dir='ltr'>sibi</span> <span class='ocrx_word' id='word_1_445' title='bbox 3552 2758 3684 2813; x_wconf 82' lang='lat' dir='ltr'>gra-</span> 
     </span>
    </p>
   </div>
   <div class='ocr_carea' id='block_1_57' title="bbox 2029 2827 3684 2909">
    <p class='ocr_par' dir='ltr' id='par_1_57' title="bbox 2029 2827 3684 2909">
     <span class='ocr_line' id='line_1_58' title="bbox 2029 2827 3684 2909; baseline -0.005 -15"><span class='ocrx_word' id='word_1_446' title='bbox 2029 2839 2122 2894; x_wconf 67' lang='lat' dir='ltr'>tite</span> <span class='ocrx_word' id='word_1_447' title='bbox 2152 2842 2329 2894; x_wconf 84' lang='lat' dir='ltr'>testes</span> <span class='ocrx_word' id='word_1_448' title='bbox 2342 2836 2617 2909; x_wconf 85' lang='lat' dir='ltr'>producit</span> <span class='ocrx_word' id='word_1_449' title='bbox 2636 2838 2874 2891; x_wconf 88' lang='lat' dir='ltr'>Petrum</span> <span class='ocrx_word' id='word_1_450' title='bbox 2891 2839 3059 2889; x_wconf 89' lang='lat' dir='ltr'>eteos</span> <span class='ocrx_word' id='word_1_451' title='bbox 3085 2834 3329 2904; x_wconf 91' lang='lat' dir='ltr'>quicum</span> <span class='ocrx_word' id='word_1_452' title='bbox 3348 2827 3684 2904; x_wconf 28' lang='lat' dir='ltr'>ipso&#39;erant.</span> 
     </span>
    </p>
   </div>
   <div class='ocr_carea' id='block_1_58' title="bbox 2030 2922 3683 2995">
    <p class='ocr_par' dir='ltr' id='par_1_58' title="bbox 2030 2922 3683 2995">
     <span class='ocr_line' id='line_1_59' title="bbox 2030 2922 3683 2995; baseline -0.002 -15"><span class='ocrx_word' id='word_1_453' title='bbox 2030 2952 2057 2980; x_wconf 81' lang='lat'>«</span> <span class='ocrx_word' id='word_1_454' title='bbox 2091 2929 2200 2995; x_wconf 87' lang='lat' dir='ltr'>Qui</span> <span class='ocrx_word' id='word_1_455' title='bbox 2221 2927 2571 2982; x_wconf 82' lang='lat' dir='ltr'>videbantur</span> <span class='ocrx_word' id='word_1_456' title='bbox 2601 2925 2917 2981; x_wconf 64' lang='lat' dir='ltr'>columnas.</span> <span class='ocrx_word' id='word_1_457' title='bbox 2954 2945 2981 2972; x_wconf 74' lang='grc' dir='ltr'>ι»</span> <span class='ocrx_word' id='word_1_458' title='bbox 3014 2924 3121 2989; x_wconf 88' lang='lat' dir='ltr'>Qui</span> <span class='ocrx_word' id='word_1_459' title='bbox 3145 2928 3334 2988; x_wconf 89' lang='lat' dir='ltr'>erant,</span> <span class='ocrx_word' id='word_1_460' title='bbox 3365 2922 3683 2995; x_wconf 87' lang='lat' dir='ltr'>inquit,co-</span> 
     </span>
    </p>
   </div>
   <div class='ocr_carea' id='block_1_59' title="bbox 2029 3012 3682 3073">
    <p class='ocr_par' dir='ltr' id='par_1_59' title="bbox 2029 3012 3682 3073">
     <span class='ocr_line' id='line_1_60' title="bbox 2029 3012 3682 3073; baseline -0.004 0"><span class='ocrx_word' id='word_1_461' title='bbox 2029 3018 2249 3073; x_wconf 72' lang='lat' dir='ltr'>lumnaa</span> <span class='ocrx_word' id='word_1_462' title='bbox 2291 3014 2429 3070; x_wconf 77' lang='lat' dir='ltr'>fidei</span> <span class='ocrx_word' id='word_1_463' title='bbox 2460 3020 2519 3069; x_wconf 90' lang='lat' dir='ltr'>et</span> <span class='ocrx_word' id='word_1_464' title='bbox 2537 3013 2816 3068; x_wconf 89' lang='lat' dir='ltr'>omnibus</span> <span class='ocrx_word' id='word_1_465' title='bbox 2838 3029 2968 3068; x_wconf 90' lang='lat' dir='ltr'>esse</span> <span class='ocrx_word' id='word_1_466' title='bbox 2993 3012 3401 3068; x_wconf 83' lang='lat' dir='ltr'>videbantur.«</span> <span class='ocrx_word' id='word_1_467' title='bbox 3433 3012 3682 3068; x_wconf 84' lang='lat' dir='ltr'>Dextras</span> 
     </span>
    </p>
   </div>
   <div class='ocr_carea' id='block_1_60' title="bbox 2030 3102 3685 3175">
    <p class='ocr_par' dir='ltr' id='par_1_60' title="bbox 2030 3102 3685 3175">
     <span class='ocr_line' id='line_1_61' title="bbox 2030 3102 3685 3175; baseline -0.005 -11"><span class='ocrx_word' id='word_1_468' title='bbox 2030 3108 2341 3164; x_wconf 86' lang='lat' dir='ltr'>dederunt.</span> <span class='ocrx_word' id='word_1_469' title='bbox 2376 3127 2405 3155; x_wconf 85' lang='lat'>»</span> <span class='ocrx_word' id='word_1_470' title='bbox 2428 3104 2799 3170; x_wconf 81' lang='lat' dir='ltr'>Communia,</span> <span class='ocrx_word' id='word_1_471' title='bbox 2825 3103 3043 3174; x_wconf 89' lang='lat' dir='ltr'>inquit,</span> <span class='ocrx_word' id='word_1_472' title='bbox 3089 3102 3359 3159; x_wconf 86' lang='lat' dir='ltr'>fecerunt</span> <span class='ocrx_word' id='word_1_473' title='bbox 3413 3103 3685 3175; x_wconf 80' lang='lat' dir='ltr'>dogmata</span> 
     </span>
    </p>
   </div>
   <div class='ocr_carea' id='block_1_61' title="bbox 2031 3192 3684 3266">
    <p class='ocr_par' dir='ltr' id='par_1_61' title="bbox 2031 3192 3684 3266">
     <span class='ocr_line' id='line_1_62' title="bbox 2031 3192 3684 3266; baseline -0.004 -14"><span class='ocrx_word' id='word_1_474' title='bbox 2031 3214 2100 3252; x_wconf 90' lang='lat' dir='ltr'>ac</span> <span class='ocrx_word' id='word_1_475' title='bbox 2119 3212 2227 3251; x_wconf 91' lang='lat' dir='ltr'>nos</span> <span class='ocrx_word' id='word_1_476' title='bbox 2250 3194 2409 3266; x_wconf 90' lang='lat' dir='ltr'>ipsos</span> <span class='ocrx_word' id='word_1_477' title='bbox 2439 3192 2513 3248; x_wconf 89' lang='lat' dir='ltr'>ad</span> <span class='ocrx_word' id='word_1_478' title='bbox 2543 3192 3026 3264; x_wconf 61' lang='lat' dir='ltr'>praedicationem</span> <span class='ocrx_word' id='word_1_479' title='bbox 3073 3192 3265 3248; x_wconf 91' lang='lat' dir='ltr'>socios</span> <span class='ocrx_word' id='word_1_480' title='bbox 3329 3192 3684 3247; x_wconf 89' lang='lat' dir='ltr'>asciverunt.</span> 
     </span>
    </p>
   </div>
   <div class='ocr_carea' id='block_1_62' title="bbox 2034 3279 3685 3356">
    <p class='ocr_par' dir='ltr' id='par_1_62' title="bbox 2034 3279 3685 3356">
     <span class='ocr_line' id='line_1_63' title="bbox 2034 3279 3685 3356; baseline -0.004 -15"><span class='ocrx_word' id='word_1_481' title='bbox 2034 3289 2351 3356; x_wconf 89' lang='lat' dir='ltr'>Propterea</span> <span class='ocrx_word' id='word_1_482' title='bbox 2380 3282 2538 3338; x_wconf 89' lang='lat' dir='ltr'>enim</span> <span class='ocrx_word' id='word_1_483' title='bbox 2571 3287 2631 3337; x_wconf 91' lang='lat' dir='ltr'>et</span> <span class='ocrx_word' id='word_1_484' title='bbox 2657 3281 2894 3337; x_wconf 83' lang='lat' dir='ltr'>dextras</span> <span class='ocrx_word' id='word_1_485' title='bbox 2932 3281 3246 3348; x_wconf 88' lang='lat' dir='ltr'>dederunt,</span> <span class='ocrx_word' id='word_1_486' title='bbox 3310 3283 3347 3335; x_wconf 76' lang='grc'>7</span> <span class='ocrx_word' id='word_1_487' title='bbox 3361 3282 3462 3337; x_wconf 77' lang='lat'><strong>30</strong></span> <span class='ocrx_word' id='word_1_488' title='bbox 3508 3279 3685 3352; x_wconf 86' lang='lat' dir='ltr'>signi-</span> 
     </span>
    </p>
   </div>
   <div class='ocr_carea' id='block_1_63' title="bbox 2034 3368 3681 3444">
    <p class='ocr_par' dir='ltr' id='par_1_63' title="bbox 2034 3368 3681 3444">
     <span class='ocr_line' id='line_1_64' title="bbox 2034 3368 3681 3444; baseline -0.004 -15"><span class='ocrx_word' id='word_1_489' title='bbox 2034 3376 2281 3430; x_wconf 83' lang='lat' dir='ltr'>ficantes</span> <span class='ocrx_word' id='word_1_490' title='bbox 2301 3377 2526 3444; x_wconf 84' lang='lat' dir='ltr'>gratam</span> <span class='ocrx_word' id='word_1_491' title='bbox 2548 3371 2694 3442; x_wconf 89' lang='lat' dir='ltr'>ipsis</span> <span class='ocrx_word' id='word_1_492' title='bbox 2716 3386 2845 3425; x_wconf 87' lang='lat' dir='ltr'>esse</span> <span class='ocrx_word' id='word_1_493' title='bbox 2876 3376 3142 3425; x_wconf 89' lang='lat' dir='ltr'>nostram</span> <span class='ocrx_word' id='word_1_494' title='bbox 3174 3368 3681 3441; x_wconf 60' lang='lat' dir='ltr'>praedicationem,</span> 
     </span>
    </p>
   </div>
   <div class='ocr_carea' id='block_1_64' title="bbox 274 3457 1921 3558">
    <p class='ocr_par' dir='ltr' id='par_1_64' title="bbox 274 3459 1921 3539">
     <span class='ocr_line' id='line_1_65' title="bbox 274 3459 1921 3539; baseline -0.004 -20"><span class='ocrx_word' id='word_1_495' title='bbox 274 3465 372 3537; x_wconf 76' lang='grc' dir='ltr'>μὶν</span> <span class='ocrx_word' id='word_1_496' title='bbox 397 3466 472 3527; x_wconf 81' lang='grc' dir='ltr'>εἷς</span> <span class='ocrx_word' id='word_1_497' title='bbox 502 3465 569 3519; x_wconf 86' lang='grc' dir='ltr'>τά</span> <span class='ocrx_word' id='word_1_498' title='bbox 601 3462 749 3535; x_wconf 78' lang='grc' dir='ltr'>ἔθνη.</span> <span class='ocrx_word' id='word_1_499' title='bbox 786 3490 813 3515; x_wconf 75' lang='grc' dir='ltr'>υ</span> <span class='ocrx_word' id='word_1_500' title='bbox 843 3466 952 3521; x_wconf 88' lang='grc' dir='ltr'>Ἲνα</span> <span class='ocrx_word' id='word_1_501' title='bbox 982 3467 1144 3539; x_wconf 82' lang='grc' dir='ltr'>ἡμεῖς</span> <span class='ocrx_word' id='word_1_502' title='bbox 1181 3466 1274 3538; x_wconf 70' lang='grc' dir='ltr'>μὲν</span> <span class='ocrx_word' id='word_1_503' title='bbox 1308 3463 1385 3526; x_wconf 84' lang='grc' dir='ltr'>εἷς</span> <span class='ocrx_word' id='word_1_504' title='bbox 1441 3463 1507 3517; x_wconf 75' lang='grc' dir='ltr'>τὰ</span> <span class='ocrx_word' id='word_1_505' title='bbox 1544 3459 1691 3533; x_wconf 80' lang='grc' dir='ltr'>ἔθνη,</span> <span class='ocrx_word' id='word_1_506' title='bbox 1731 3459 1921 3537; x_wconf 77' lang='grc' dir='ltr'>φησὶν,</span> 
     </span>
    </p>
   </div>
   <div class='ocr_carea' id='block_1_65' title="bbox 2036 3457 3680 3558">
    <p class='ocr_par' dir='ltr' id='par_1_65' title="bbox 2036 3457 3680 3534">
     <span class='ocr_line' id='line_1_66' title="bbox 2036 3457 3680 3534; baseline -0.004 -15"><span class='ocrx_word' id='word_1_507' title='bbox 2036 3480 2102 3519; x_wconf 90' lang='lat' dir='ltr'>eo</span> <span class='ocrx_word' id='word_1_508' title='bbox 2134 3460 2294 3534; x_wconf 90' lang='lat' dir='ltr'>quod</span> <span class='ocrx_word' id='word_1_509' title='bbox 2315 3460 2521 3516; x_wconf 89' lang='lat' dir='ltr'>eadem</span> <span class='ocrx_word' id='word_1_510' title='bbox 2552 3464 2710 3515; x_wconf 86' lang='lat' dir='ltr'>esset</span> <span class='ocrx_word' id='word_1_511' title='bbox 2735 3475 2870 3515; x_wconf 90' lang='lat' dir='ltr'>cum</span> <span class='ocrx_word' id='word_1_512' title='bbox 2914 3458 3337 3530; x_wconf 66' lang='lat' dir='ltr'>praedicatione</span> <span class='ocrx_word' id='word_1_513' title='bbox 3365 3457 3632 3528; x_wconf 87' lang='lat' dir='ltr'>ipsorum</span> <span class='ocrx_word' id='word_1_514' title='bbox 3666 3474 3680 3512; x_wconf 89' lang='lat'><strong>:</strong></span> 
     </span>
    </p>
   </div>
   <div class='ocr_carea' id='block_1_66' title="bbox 268 3550 1918 3629">
    <p class='ocr_par' dir='ltr' id='par_1_66' title="bbox 268 3550 1918 3629">
     <span class='ocr_line' id='line_1_67' title="bbox 268 3550 1918 3629; baseline -0.002 -21"><span class='ocrx_word' id='word_1_515' title='bbox 268 3554 464 3609; x_wconf 75' lang='grc' dir='ltr'>ἐκεῖνοι</span> <span class='ocrx_word' id='word_1_516' title='bbox 497 3551 554 3609; x_wconf 82' lang='grc' dir='ltr'>δὲ</span> <span class='ocrx_word' id='word_1_517' title='bbox 594 3555 741 3626; x_wconf 81' lang='grc' dir='ltr'>παρά</span> <span class='ocrx_word' id='word_1_518' title='bbox 796 3552 1081 3617; x_wconf 78' lang='grc' dir='ltr'>Ἰουδαίοις</span> <span class='ocrx_word' id='word_1_519' title='bbox 1133 3553 1431 3629; x_wconf 81' lang='grc' dir='ltr'>κηρύξωσι.</span> <span class='ocrx_word' id='word_1_520' title='bbox 1487 3576 1513 3604; x_wconf 84' lang='grc'><strong>‹‹</strong></span> <span class='ocrx_word' id='word_1_521' title='bbox 1575 3550 1754 3608; x_wconf 88' lang='grc' dir='ltr'>Μόνον</span> <span class='ocrx_word' id='word_1_522' title='bbox 1811 3552 1918 3603; x_wconf 87' lang='grc' dir='ltr'>τῶν</span> 
     </span>
    </p>
   </div>
   <div class='ocr_carea' id='block_1_67' title="bbox 272 3639 1925 3721">
    <p class='ocr_par' dir='ltr' id='par_1_67' title="bbox 272 3639 1925 3721">
     <span class='ocr_line' id='line_1_68' title="bbox 272 3639 1925 3721; baseline -0.004 -22"><span class='ocrx_word' id='word_1_523' title='bbox 272 3650 538 3719; x_wconf 78' lang='grc' dir='ltr'>πτωχῶν.</span> <span class='ocrx_word' id='word_1_524' title='bbox 579 3670 599 3693; x_wconf 79' lang='grc' dir='ltr'>ι</span> <span class='ocrx_word' id='word_1_525' title='bbox 636 3645 708 3701; x_wconf 85' lang='grc' dir='ltr'>Τὸ</span> <span class='ocrx_word' id='word_1_526' title='bbox 730 3645 1011 3718; x_wconf 79' lang='grc' dir='ltr'>κήρυγμα,</span> <span class='ocrx_word' id='word_1_527' title='bbox 1043 3644 1197 3721; x_wconf 74' lang='grc' dir='ltr'>φησὶ,</span> <span class='ocrx_word' id='word_1_528' title='bbox 1241 3640 1583 3714; x_wconf 81' lang='grc' dir='ltr'>διελόμενοι,</span> <span class='ocrx_word' id='word_1_529' title='bbox 1613 3639 1741 3701; x_wconf 74' lang='grc' dir='ltr'>τοὺς</span> <span class='ocrx_word' id='word_1_530' title='bbox 1772 3659 1925 3694; x_wconf 85' lang='grc' dir='ltr'>πτω-</span> 
     </span>
    </p>
   </div>
   <div class='ocr_carea' id='block_1_68' title="bbox 274 3729 1920 3812">
    <p class='ocr_par' dir='ltr' id='par_1_68' title="bbox 274 3729 1920 3812">
     <span class='ocr_line' id='line_1_69' title="bbox 274 3729 1920 3812; baseline -0.004 -24"><span class='ocrx_word' id='word_1_531' title='bbox 274 3734 414 3812; x_wconf 74' lang='grc' dir='ltr'>χοὺς</span> <span class='ocrx_word' id='word_1_532' title='bbox 444 3733 770 3807; x_wconf 77' lang='grc' dir='ltr'>ἀμερίστους</span> <span class='ocrx_word' id='word_1_533' title='bbox 789 3729 1011 3806; x_wconf 65' lang='grc' dir='ltr'>ἕἈομεν.</span> <span class='ocrx_word' id='word_1_534' title='bbox 1043 3734 1209 3791; x_wconf 82' lang='grc' dir='ltr'>Οὗτοι</span> <span class='ocrx_word' id='word_1_535' title='bbox 1240 3730 1298 3788; x_wconf 69' lang='grc' dir='ltr'>δὲ</span> <span class='ocrx_word' id='word_1_536' title='bbox 1326 3735 1460 3801; x_wconf 66' lang='grc' dir='ltr'>’ἦσαν</span> <span class='ocrx_word' id='word_1_537' title='bbox 1495 3731 1548 3785; x_wconf 72' lang='grc' dir='ltr'>οἱ</span> <span class='ocrx_word' id='word_1_538' title='bbox 1604 3729 1749 3804; x_wconf 76' lang='grc' dir='ltr'>ποιρά</span> <span class='ocrx_word' id='word_1_539' title='bbox 1813 3731 1920 3783; x_wconf 88' lang='grc' dir='ltr'>τῶν</span> 
     </span>
    </p>
   </div>
   <div class='ocr_carea' id='block_1_69' title="bbox 278 3815 1923 3899">
    <p class='ocr_par' dir='ltr' id='par_1_69' title="bbox 278 3815 1923 3899">
     <span class='ocr_line' id='line_1_70' title="bbox 278 3815 1923 3899; baseline 0.001 -24"><span class='ocrx_word' id='word_1_540' title='bbox 278 3820 431 3875; x_wconf 75' lang='grc' dir='ltr'>ἰδίων</span> <span class='ocrx_word' id='word_1_541' title='bbox 463 3820 818 3899; x_wconf 75' lang='grc' dir='ltr'>συμφυλετῶν</span> <span class='ocrx_word' id='word_1_542' title='bbox 846 3826 951 3878; x_wconf 87' lang='grc' dir='ltr'>τῶν</span> <span class='ocrx_word' id='word_1_543' title='bbox 988 3823 1065 3896; x_wconf 81' lang='grc' dir='ltr'>μὴ</span> <span class='ocrx_word' id='word_1_544' title='bbox 1094 3821 1494 3877; x_wconf 79' lang='grc' dir='ltr'>πιστευσάντων</span> <span class='ocrx_word' id='word_1_545' title='bbox 1525 3815 1923 3894; x_wconf 81' lang='grc' dir='ltr'>διαρπαγέντες,</span> 
     </span>
    </p>
   </div>
   <div class='ocr_carea' id='block_1_70' title="bbox 279 3905 1104 3983">
    <p class='ocr_par' dir='ltr' id='par_1_70' title="bbox 279 3905 1104 3983">
     <span class='ocr_line' id='line_1_71' title="bbox 279 3905 1104 3983; baseline 0.005 -20"><span class='ocrx_word' id='word_1_546' title='bbox 279 3905 368 3963; x_wconf 81' lang='grc' dir='ltr'>διὰ</span> <span class='ocrx_word' id='word_1_547' title='bbox 398 3908 495 3977; x_wconf 79' lang='grc' dir='ltr'>τήν</span> <span class='ocrx_word' id='word_1_548' title='bbox 526 3906 600 3971; x_wconf 71' lang='grc' dir='ltr'>εἷς</span> <span class='ocrx_word' id='word_1_549' title='bbox 638 3910 871 3983; x_wconf 85' lang='grc' dir='ltr'>Χριστὸν</span> <span class='ocrx_word' id='word_1_550' title='bbox 903 3910 1104 3967; x_wconf 90' lang='grc' dir='ltr'>πίστιν.</span> 
     </span>
    </p>
   </div>
   <div class='ocr_carea' id='block_1_71' title="bbox 882 4146 1247 4243">
    <p class='ocr_par' dir='ltr' id='par_1_71' title="bbox 882 4146 1247 4243">
     <span class='ocr_line' id='line_1_72' title="bbox 882 4146 1247 4243; baseline 0.005 -2"><span class='ocrx_word' id='word_1_551' title='bbox 882 4182 1142 4242; x_wconf 58' lang='lat' dir='ltr'>suam.</span> <span class='ocrx_word' id='word_1_552' title='bbox 1176 4185 1247 4243; x_wconf 76' lang='lat' dir='ltr'>r‘.</span> 
     </span>
    </p>
   </div>
   <div class='ocr_carea' id='block_1_72' title="bbox 275 4274 1926 4366">
    <p class='ocr_par' dir='ltr' id='par_1_72' title="bbox 275 4274 1926 4366">
     <span class='ocr_line' id='line_1_73' title="bbox 275 4274 1926 4366; baseline 0.002 -38"><span class='ocrx_word' id='word_1_553' title='bbox 275 4275 407 4346; x_wconf 84' lang='grc' dir='ltr'>Περὶ</span> <span class='ocrx_word' id='word_1_554' title='bbox 436 4281 535 4344; x_wconf 85' lang='grc' dir='ltr'>τῆς</span> <span class='ocrx_word' id='word_1_555' title='bbox 564 4275 702 4349; x_wconf 87' lang='grc' dir='ltr'>πρὸς</span> <span class='ocrx_word' id='word_1_556' title='bbox 732 4280 916 4366; x_wconf 57' lang='grc' dir='ltr'>Κηφᾷν</span> <span class='ocrx_word' id='word_1_557' title='bbox 944 4274 1335 4366; x_wconf 61' lang='grc' dir='ltr'>ἀντιρρήσεως,</span> <span class='ocrx_word' id='word_1_558' title='bbox 1366 4277 1490 4365; x_wconf 64' lang='grc' dir='ltr'>περὶ</span> <span class='ocrx_word' id='word_1_559' title='bbox 1533 4282 1635 4345; x_wconf 84' lang='grc' dir='ltr'>τῆς</span> <span class='ocrx_word' id='word_1_560' title='bbox 1666 4274 1719 4329; x_wconf 70' lang='grc' dir='ltr'>ἐν</span> <span class='ocrx_word' id='word_1_561' title='bbox 1748 4276 1926 4331; x_wconf 87' lang='grc' dir='ltr'>πίστει</span> 
     </span>
    </p>
   </div>
   <div class='ocr_carea' id='block_1_73' title="bbox 707 4344 1498 4422">
    <p class='ocr_par' dir='ltr' id='par_1_73' title="bbox 707 4344 1498 4422">
     <span class='ocr_line' id='line_1_74' title="bbox 707 4344 1498 4422; baseline 0.005 -23"><span class='ocrx_word' id='word_1_562' title='bbox 707 4346 797 4400; x_wconf 88' lang='grc' dir='ltr'>καὶ</span> <span class='ocrx_word' id='word_1_563' title='bbox 820 4344 919 4401; x_wconf 72' lang='grc' dir='ltr'>ὀῦκ</span> <span class='ocrx_word' id='word_1_564' title='bbox 942 4344 993 4402; x_wconf 79' lang='grc' dir='ltr'>ἐν</span> <span class='ocrx_word' id='word_1_565' title='bbox 1024 4344 1179 4419; x_wconf 71' lang='grc' dir='ltr'>νόμῳ</span> <span class='ocrx_word' id='word_1_566' title='bbox 1203 4344 1498 4422; x_wconf 74' lang='grc' dir='ltr'>σωτηρίας.</span> 
     </span>
    </p>
   </div>
   <div class='ocr_carea' id='block_1_74' title="bbox 350 4432 1927 4510">
    <p class='ocr_par' dir='ltr' id='par_1_74' title="bbox 350 4432 1927 4510">
     <span class='ocr_line' id='line_1_75' title="bbox 350 4432 1927 4510; baseline -0.002 -18"><span class='ocrx_word' id='word_1_567' title='bbox 350 4436 479 4492; x_wconf 82' lang='grc' dir='ltr'>Ὅτε</span> <span class='ocrx_word' id='word_1_568' title='bbox 525 4432 580 4490; x_wconf 73' lang='grc' dir='ltr'>δὲ</span> <span class='ocrx_word' id='word_1_569' title='bbox 654 4434 790 4504; x_wconf 76' lang='grc' dir='ltr'>ἦλθε</span> <span class='ocrx_word' id='word_1_570' title='bbox 891 4434 1088 4510; x_wconf 78' lang='grc' dir='ltr'>Πέτρος</span> <span class='ocrx_word' id='word_1_571' title='bbox 1183 4437 1261 4499; x_wconf 77' lang='grc' dir='ltr'>εἷς</span> <span class='ocrx_word' id='word_1_572' title='bbox 1366 4435 1734 4510; x_wconf 75' lang='grc' dir='ltr'>Ἀντιόχειαν,</span> <span class='ocrx_word' id='word_1_573' title='bbox 1791 4435 1927 4489; x_wconf 88' lang='grc' dir='ltr'>κατά</span> 
     </span>
    </p>
   </div>
   <div class='ocr_carea' id='block_1_75' title="bbox 279 4523 1930 4599">
    <p class='ocr_par' dir='ltr' id='par_1_75' title="bbox 279 4523 1930 4599">
     <span class='ocr_line' id='line_1_76' title="bbox 279 4523 1930 4599; baseline -0.001 -20"><span class='ocrx_word' id='word_1_574' title='bbox 279 4525 577 4599; x_wconf 82' lang='grc' dir='ltr'>πρόσωπον</span> <span class='ocrx_word' id='word_1_575' title='bbox 673 4526 823 4599; x_wconf 78' lang='grc' dir='ltr'>αὐτῷ</span> <span class='ocrx_word' id='word_1_576' title='bbox 922 4525 1204 4597; x_wconf 77' lang='grc' dir='ltr'>ἀντέστην,</span> <span class='ocrx_word' id='word_1_577' title='bbox 1301 4523 1386 4579; x_wconf 82' lang='grc' dir='ltr'>ὅτι</span> <span class='ocrx_word' id='word_1_578' title='bbox 1488 4524 1930 4599; x_wconf 78' lang='grc' dir='ltr'>κατεγνωσμένος</span> 
     </span>
    </p>
   </div>
   <div class='ocr_carea' id='block_1_76' title="bbox 279 4607 1926 4690">
    <p class='ocr_par' dir='ltr' id='par_1_76' title="bbox 279 4607 1926 4690">
     <span class='ocr_line' id='line_1_77' title="bbox 279 4607 1926 4690; baseline -0.002 -20"><span class='ocrx_word' id='word_1_579' title='bbox 279 4616 372 4685; x_wconf 79' lang='grc' dir='ltr'>ἧν.</span> <span class='ocrx_word' id='word_1_580' title='bbox 452 4615 563 4690; x_wconf 86' lang='grc' dir='ltr'>Πρὸ</span> <span class='ocrx_word' id='word_1_581' title='bbox 637 4620 734 4670; x_wconf 86' lang='grc' dir='ltr'>τοῦ</span> <span class='ocrx_word' id='word_1_582' title='bbox 807 4616 905 4689; x_wconf 82' lang='grc' dir='ltr'>γάρ</span> <span class='ocrx_word' id='word_1_583' title='bbox 983 4615 1160 4679; x_wconf 53' lang='grc' dir='ltr'>ἐλθεῖν</span> <span class='ocrx_word' id='word_1_584' title='bbox 1236 4635 1385 4677; x_wconf 88' lang='grc' dir='ltr'>τινας</span> <span class='ocrx_word' id='word_1_585' title='bbox 1462 4614 1566 4669; x_wconf 85' lang='grc' dir='ltr'>ἀπὸ</span> <span class='ocrx_word' id='word_1_586' title='bbox 1641 4607 1926 4681; x_wconf 88' lang='grc' dir='ltr'>Ἰακώϐου,</span> 
     </span>
    </p>
   </div>
   <div class='ocr_carea' id='block_1_77' title="bbox 288 4700 1931 4777">
    <p class='ocr_par' dir='ltr' id='par_1_77' title="bbox 288 4700 1931 4777">
     <span class='ocr_line' id='line_1_78' title="bbox 288 4700 1931 4777; baseline -0.002 -16"><span class='ocrx_word' id='word_1_587' title='bbox 288 4707 421 4777; x_wconf 86' lang='grc' dir='ltr'>μετά</span> <span class='ocrx_word' id='word_1_588' title='bbox 475 4709 581 4760; x_wconf 86' lang='grc' dir='ltr'>τῶν</span> <span class='ocrx_word' id='word_1_589' title='bbox 650 4705 817 4760; x_wconf 83' lang='grc' dir='ltr'>ἐθνῶν</span> <span class='ocrx_word' id='word_1_590' title='bbox 872 4706 1170 4776; x_wconf 75' lang='grc' dir='ltr'>συνήσθιεν.</span> <span class='ocrx_word' id='word_1_591' title='bbox 1241 4705 1369 4761; x_wconf 85' lang='grc' dir='ltr'>Ὀτε</span> <span class='ocrx_word' id='word_1_592' title='bbox 1440 4700 1496 4758; x_wconf 78' lang='grc' dir='ltr'>δὶ</span> <span class='ocrx_word' id='word_1_593' title='bbox 1568 4701 1764 4772; x_wconf 84' lang='grc' dir='ltr'>ἦλθον,</span> <span class='ocrx_word' id='word_1_594' title='bbox 1826 4703 1931 4757; x_wconf 85' lang='grc' dir='ltr'>ὑπ-</span> 
     </span>
    </p>
   </div>
   <div class='ocr_carea' id='block_1_78' title="bbox 285 4788 1930 4872">
    <p class='ocr_par' dir='ltr' id='par_1_78' title="bbox 285 4788 1930 4872">
     <span class='ocr_line' id='line_1_79' title="bbox 285 4788 1930 4872; baseline -0.002 -22"><span class='ocrx_word' id='word_1_595' title='bbox 285 4793 536 4850; x_wconf 76' lang='grc' dir='ltr'>έστελλεν</span> <span class='ocrx_word' id='word_1_596' title='bbox 615 4798 703 4850; x_wconf 74' lang='grc' dir='ltr'>καί</span> <span class='ocrx_word' id='word_1_597' title='bbox 760 4794 1031 4871; x_wconf 80' lang='grc' dir='ltr'>ἀφώριζεν</span> <span class='ocrx_word' id='word_1_598' title='bbox 1118 4793 1326 4862; x_wconf 71' lang='grc' dir='ltr'>ἑαυτὸν,</span> <span class='ocrx_word' id='word_1_599' title='bbox 1406 4788 1750 4872; x_wconf 78' lang='grc' dir='ltr'>φοϐούμενος</span> <span class='ocrx_word' id='word_1_600' title='bbox 1802 4791 1930 4855; x_wconf 82' lang='grc' dir='ltr'>τοὺς</span> 
     </span>
    </p>
   </div>
   <div class='ocr_carea' id='block_1_79' title="bbox 2036 3546 3687 3621">
    <p class='ocr_par' dir='ltr' id='par_1_79' title="bbox 2036 3546 3687 3621">
     <span class='ocr_line' id='line_1_80' title="bbox 2036 3546 3687 3621; baseline -0.002 -18"><span class='ocrx_word' id='word_1_601' title='bbox 2036 3576 2063 3603; x_wconf 90' lang='grc'><em>‹‹</em></span> <span class='ocrx_word' id='word_1_602' title='bbox 2094 3553 2167 3608; x_wconf 94' lang='lat' dir='ltr'>Ut</span> <span class='ocrx_word' id='word_1_603' title='bbox 2194 3567 2303 3606; x_wconf 90' lang='lat' dir='ltr'>nos</span> <span class='ocrx_word' id='word_1_604' title='bbox 2338 3549 2579 3621; x_wconf 87' lang='lat' dir='ltr'>quidem</span> <span class='ocrx_word' id='word_1_605' title='bbox 2604 3549 2665 3603; x_wconf 92' lang='lat' dir='ltr'>in</span> <span class='ocrx_word' id='word_1_606' title='bbox 2694 3553 2921 3621; x_wconf 83' lang='lat' dir='ltr'>gentes.</span> <span class='ocrx_word' id='word_1_607' title='bbox 2956 3570 2982 3596; x_wconf 83' lang='lat'><em>»</em></span> <span class='ocrx_word' id='word_1_608' title='bbox 3016 3548 3087 3602; x_wconf 90' lang='lat' dir='ltr'>Ut</span> <span class='ocrx_word' id='word_1_609' title='bbox 3116 3564 3248 3613; x_wconf 89' lang='lat' dir='ltr'>nos,</span> <span class='ocrx_word' id='word_1_610' title='bbox 3279 3546 3494 3618; x_wconf 76' lang='lat' dir='ltr'>inquit,</span> <span class='ocrx_word' id='word_1_611' title='bbox 3529 3546 3687 3600; x_wconf 91' lang='lat' dir='ltr'>inter</span> 
     </span>
    </p>
   </div>
   <div class='ocr_carea' id='block_1_80' title="bbox 2031 3635 3686 3715">
    <p class='ocr_par' dir='ltr' id='par_1_80' title="bbox 2031 3635 3686 3715">
     <span class='ocr_line' id='line_1_81' title="bbox 2031 3635 3686 3715; baseline -0.004 -18"><span class='ocrx_word' id='word_1_612' title='bbox 2031 3647 2236 3715; x_wconf 81' lang='lat' dir='ltr'>gentes</span> <span class='ocrx_word' id='word_1_613' title='bbox 2258 3638 2736 3711; x_wconf 75' lang='lat' dir='ltr'>prmdicaremus,</span> <span class='ocrx_word' id='word_1_614' title='bbox 2767 3638 2877 3709; x_wconf 91' lang='lat' dir='ltr'>ipsi</span> <span class='ocrx_word' id='word_1_615' title='bbox 2898 3653 3034 3693; x_wconf 90' lang='lat' dir='ltr'>vero</span> <span class='ocrx_word' id='word_1_616' title='bbox 3057 3637 3215 3708; x_wconf 90' lang='lat' dir='ltr'>apud</span> <span class='ocrx_word' id='word_1_617' title='bbox 3241 3635 3686 3693; x_wconf 71' lang='lat' dir='ltr'>Judzeos.«Tan-</span> 
     </span>
    </p>
   </div>
   <div class='ocr_carea' id='block_1_81' title="bbox 2035 3722 3685 3799">
    <p class='ocr_par' dir='ltr' id='par_1_81' title="bbox 2035 3722 3685 3799">
     <span class='ocr_line' id='line_1_82' title="bbox 2035 3722 3685 3799; baseline -0.007 -13"><span class='ocrx_word' id='word_1_618' title='bbox 2035 3739 2161 3786; x_wconf 88' lang='lat' dir='ltr'>tum</span> <span class='ocrx_word' id='word_1_619' title='bbox 2190 3734 2259 3785; x_wconf 84' lang='lat' dir='ltr'>ut</span> <span class='ocrx_word' id='word_1_620' title='bbox 2288 3743 2635 3799; x_wconf 87' lang='lat' dir='ltr'>pauperum.</span> <span class='ocrx_word' id='word_1_621' title='bbox 2672 3748 2699 3775; x_wconf 87' lang='grc'>››</span> <span class='ocrx_word' id='word_1_622' title='bbox 2760 3726 3209 3788; x_wconf 66' lang='lat' dir='ltr'>Praedicatione,</span> <span class='ocrx_word' id='word_1_623' title='bbox 3243 3724 3458 3794; x_wconf 85' lang='lat' dir='ltr'>inquit,</span> <span class='ocrx_word' id='word_1_624' title='bbox 3490 3722 3685 3790; x_wconf 91' lang='lat' dir='ltr'>divisi,</span> 
     </span>
    </p>
   </div>
   <div class='ocr_carea' id='block_1_82' title="bbox 2032 3815 3686 3894">
    <p class='ocr_par' dir='ltr' id='par_1_82' title="bbox 2032 3815 3686 3894">
     <span class='ocr_line' id='line_1_83' title="bbox 2032 3815 3686 3894; baseline -0.007 -17"><span class='ocrx_word' id='word_1_625' title='bbox 2032 3835 2326 3894; x_wconf 85' lang='lat' dir='ltr'>pauperes</span> <span class='ocrx_word' id='word_1_626' title='bbox 2375 3817 2663 3873; x_wconf 85' lang='lat' dir='ltr'>habemus</span> <span class='ocrx_word' id='word_1_627' title='bbox 2720 3816 3023 3872; x_wconf 83' lang='lat' dir='ltr'>indivisos.</span> <span class='ocrx_word' id='word_1_628' title='bbox 3068 3815 3136 3870; x_wconf 83' lang='lat' dir='ltr'>Hi</span> <span class='ocrx_word' id='word_1_629' title='bbox 3192 3830 3328 3867; x_wconf 88' lang='lat' dir='ltr'>vero</span> <span class='ocrx_word' id='word_1_630' title='bbox 3395 3828 3686 3884; x_wconf 91' lang='lat' dir='ltr'>pauperes</span> 
     </span>
    </p>
   </div>
   <div class='ocr_carea' id='block_1_83' title="bbox 2035 3900 3679 3979">
    <p class='ocr_par' dir='ltr' id='par_1_83' title="bbox 2035 3900 3679 3979">
     <span class='ocr_line' id='line_1_84' title="bbox 2035 3900 3679 3979; baseline -0.007 -12"><span class='ocrx_word' id='word_1_631' title='bbox 2035 3907 2334 3979; x_wconf 83' lang='lat' dir='ltr'>erant.qui</span> <span class='ocrx_word' id='word_1_632' title='bbox 2367 3906 2527 3963; x_wconf 90' lang='lat' dir='ltr'>asuis</span> <span class='ocrx_word' id='word_1_633' title='bbox 2557 3903 2991 3960; x_wconf 86' lang='lat' dir='ltr'>contribulibus</span> <span class='ocrx_word' id='word_1_634' title='bbox 3021 3901 3369 3964; x_wconf 88' lang='lat' dir='ltr'>incredulis,</span> <span class='ocrx_word' id='word_1_635' title='bbox 3391 3900 3679 3956; x_wconf 90' lang='lat' dir='ltr'>bonorum</span> 
     </span>
    </p>
   </div>
   <div class='ocr_carea' id='block_1_84' title="bbox 2033 3990 3683 4070">
    <p class='ocr_par' dir='ltr' id='par_1_84' title="bbox 2033 3990 3683 4070">
     <span class='ocr_line' id='line_1_85' title="bbox 2033 3990 3683 4070; baseline -0.006 -15"><span class='ocrx_word' id='word_1_636' title='bbox 2033 3997 2432 4070; x_wconf 89' lang='lat' dir='ltr'>direptionem</span> <span class='ocrx_word' id='word_1_637' title='bbox 2490 3999 2733 4065; x_wconf 90' lang='lat' dir='ltr'>propter</span> <span class='ocrx_word' id='word_1_638' title='bbox 2788 3991 2966 4047; x_wconf 84' lang='lat' dir='ltr'>ﬁdem</span> <span class='ocrx_word' id='word_1_639' title='bbox 3049 3992 3111 4046; x_wconf 91' lang='lat' dir='ltr'>in</span> <span class='ocrx_word' id='word_1_640' title='bbox 3169 3990 3469 4047; x_wconf 89' lang='lat' dir='ltr'>Christum</span> <span class='ocrx_word' id='word_1_641' title='bbox 3524 3991 3683 4063; x_wconf 88' lang='lat' dir='ltr'>passi</span> 
     </span>
    </p>
   </div>
   <div class='ocr_carea' id='block_1_85' title="bbox 2034 4091 2272 4147">
    <p class='ocr_par' dir='ltr' id='par_1_85' title="bbox 2034 4091 2272 4147">
     <span class='ocr_line' id='line_1_86' title="bbox 2034 4091 2272 4147; baseline -0.004 0"><span class='ocrx_word' id='word_1_642' title='bbox 2034 4095 2208 4147; x_wconf 86' lang='lat' dir='ltr'>erant</span> <span class='ocrx_word' id='word_1_643' title='bbox 2230 4091 2272 4146; x_wconf 70' lang='grc' dir='ltr'>δ.</span> 
     </span>
    </p>
   </div>
   <div class='ocr_carea' id='block_1_86' title="bbox 2671 4171 3038 4230">
    <p class='ocr_par' dir='ltr' id='par_1_86' title="bbox 2671 4171 3038 4230">
     <span class='ocr_line' id='line_1_87' title="bbox 2671 4171 3038 4230; baseline -0.011 0"><span class='ocrx_word' id='word_1_644' title='bbox 2671 4173 2900 4230; x_wconf 85' lang='lat' dir='ltr'>CAPUT</span> <span class='ocrx_word' id='word_1_645' title='bbox 2936 4171 3038 4227; x_wconf 88' lang='lat' dir='ltr'>III.</span> 
     </span>
    </p>
   </div>
   <div class='ocr_carea' id='block_1_87' title="bbox 2036 4257 3682 4332">
    <p class='ocr_par' dir='ltr' id='par_1_87' title="bbox 2036 4257 3682 4332">
     <span class='ocr_line' id='line_1_88' title="bbox 2036 4257 3682 4332; baseline -0.01 -4"><span class='ocrx_word' id='word_1_646' title='bbox 2036 4274 2113 4328; x_wconf 91' lang='lat' dir='ltr'>De</span> <span class='ocrx_word' id='word_1_647' title='bbox 2142 4268 2502 4326; x_wconf 79' lang='lat' dir='ltr'>altercatione</span> <span class='ocrx_word' id='word_1_648' title='bbox 2544 4266 2800 4321; x_wconf 82' lang='lat' dir='ltr'>adversus</span> <span class='ocrx_word' id='word_1_649' title='bbox 2830 4262 3067 4332; x_wconf 87' lang='lat' dir='ltr'>Cepham</span> <span class='ocrx_word' id='word_1_650' title='bbox 3118 4260 3186 4315; x_wconf 89' lang='lat' dir='ltr'>de</span> <span class='ocrx_word' id='word_1_651' title='bbox 3237 4258 3413 4314; x_wconf 85' lang='lat' dir='ltr'>salute</span> <span class='ocrx_word' id='word_1_652' title='bbox 3470 4260 3527 4312; x_wconf 86' lang='lat' dir='ltr'>in</span> <span class='ocrx_word' id='word_1_653' title='bbox 3574 4257 3682 4325; x_wconf 78' lang='lat' dir='ltr'>ﬁde</span> 
     </span>
    </p>
   </div>
   <div class='ocr_carea' id='block_1_88' title="bbox 2569 4332 3144 4400">
    <p class='ocr_par' dir='ltr' id='par_1_88' title="bbox 2569 4332 3144 4400">
     <span class='ocr_line' id='line_1_89' title="bbox 2569 4332 3144 4400; baseline -0.014 -8"><span class='ocrx_word' id='word_1_654' title='bbox 2569 4339 2677 4393; x_wconf 89' lang='lat' dir='ltr'>sita</span> <span class='ocrx_word' id='word_1_655' title='bbox 2705 4342 2756 4390; x_wconf 89' lang='lat' dir='ltr'>et</span> <span class='ocrx_word' id='word_1_656' title='bbox 2778 4350 2887 4389; x_wconf 89' lang='lat' dir='ltr'>non</span> <span class='ocrx_word' id='word_1_657' title='bbox 2918 4334 2975 4386; x_wconf 87' lang='lat' dir='ltr'>in</span> <span class='ocrx_word' id='word_1_658' title='bbox 3010 4332 3144 4400; x_wconf 90' lang='lat' dir='ltr'>lege.</span> 
     </span>
    </p>
   </div>
   <div class='ocr_carea' id='block_1_89' title="bbox 2109 4418 3683 4503">
    <p class='ocr_par' dir='ltr' id='par_1_89' title="bbox 2109 4418 3683 4503">
     <span class='ocr_line' id='line_1_90' title="bbox 2109 4418 3683 4503; baseline -0.009 -15"><span class='ocrx_word' id='word_1_659' title='bbox 2109 4435 2180 4503; x_wconf 90' lang='lat' dir='ltr'>II,</span> <span class='ocrx_word' id='word_1_660' title='bbox 2219 4434 2301 4499; x_wconf 80' lang='lat' dir='ltr'>ll,</span> <span class='ocrx_word' id='word_1_661' title='bbox 2336 4431 2423 4485; x_wconf 77' lang='lat' dir='ltr'>l3.</span> <span class='ocrx_word' id='word_1_662' title='bbox 2460 4430 2593 4487; x_wconf 85' lang='lat' dir='ltr'>Cum</span> <span class='ocrx_word' id='word_1_663' title='bbox 2621 4433 2805 4483; x_wconf 88' lang='lat' dir='ltr'>autem</span> <span class='ocrx_word' id='word_1_664' title='bbox 2834 4424 3066 4480; x_wconf 84' lang='lat' dir='ltr'>venisset</span> <span class='ocrx_word' id='word_1_665' title='bbox 3084 4424 3276 4478; x_wconf 86' lang='lat' dir='ltr'>Petrus</span> <span class='ocrx_word' id='word_1_666' title='bbox 3306 4418 3683 4486; x_wconf 83' lang='lat' dir='ltr'>Antiochiam,</span> 
     </span>
    </p>
   </div>
   <div class='ocr_carea' id='block_1_90' title="bbox 2031 4509 3687 4595">
    <p class='ocr_par' dir='ltr' id='par_1_90' title="bbox 2031 4509 3687 4595">
     <span class='ocr_line' id='line_1_91' title="bbox 2031 4509 3687 4595; baseline -0.009 -17"><span class='ocrx_word' id='word_1_667' title='bbox 2031 4523 2226 4595; x_wconf 84' lang='lat' dir='ltr'>palam</span> <span class='ocrx_word' id='word_1_668' title='bbox 2262 4519 2353 4576; x_wconf 88' lang='lat' dir='ltr'>illi</span> <span class='ocrx_word' id='word_1_669' title='bbox 2400 4521 2581 4575; x_wconf 80' lang='lat' dir='ltr'>restiti</span> <span class='ocrx_word' id='word_1_670' title='bbox 2631 4534 2692 4573; x_wconf 86' lang='lat' dir='ltr'>eo</span> <span class='ocrx_word' id='word_1_671' title='bbox 2736 4515 2886 4588; x_wconf 87' lang='lat' dir='ltr'>quod</span> <span class='ocrx_word' id='word_1_672' title='bbox 2925 4512 3282 4584; x_wconf 81' lang='lat' dir='ltr'>reprehensus</span> <span class='ocrx_word' id='word_1_673' title='bbox 3335 4516 3489 4566; x_wconf 87' lang='lat' dir='ltr'>esset.</span> <span class='ocrx_word' id='word_1_674' title='bbox 3548 4509 3687 4564; x_wconf 90' lang='lat' dir='ltr'>Nam</span> 
     </span>
    </p>
   </div>
   <div class='ocr_carea' id='block_1_91' title="bbox 2037 4597 3688 4682">
    <p class='ocr_par' dir='ltr' id='par_1_91' title="bbox 2037 4597 3688 4682">
     <span class='ocr_line' id='line_1_92' title="bbox 2037 4597 3688 4682; baseline -0.009 -15"><span class='ocrx_word' id='word_1_675' title='bbox 2037 4616 2331 4682; x_wconf 88' lang='lat' dir='ltr'>antequam</span> <span class='ocrx_word' id='word_1_676' title='bbox 2358 4612 2625 4667; x_wconf 81' lang='lat' dir='ltr'>venissent</span> <span class='ocrx_word' id='word_1_677' title='bbox 2643 4607 2871 4678; x_wconf 90' lang='lat' dir='ltr'>quidam</span> <span class='ocrx_word' id='word_1_678' title='bbox 2907 4602 3181 4670; x_wconf 83' lang='lat' dir='ltr'>aJacobo,</span> <span class='ocrx_word' id='word_1_679' title='bbox 3212 4616 3329 4656; x_wconf 87' lang='lat' dir='ltr'>unu</span> <span class='ocrx_word' id='word_1_680' title='bbox 3346 4616 3469 4654; x_wconf 85' lang='lat' dir='ltr'>eum</span> <span class='ocrx_word' id='word_1_681' title='bbox 3506 4597 3688 4669; x_wconf 89' lang='lat' dir='ltr'>genti-</span> 
     </span>
    </p>
   </div>
   <div class='ocr_carea' id='block_1_92' title="bbox 2044 4688 3684 4762">
    <p class='ocr_par' dir='ltr' id='par_1_92' title="bbox 2044 4688 3684 4762">
     <span class='ocr_line' id='line_1_93' title="bbox 2044 4688 3684 4762; baseline -0.01 -5"><span class='ocrx_word' id='word_1_682' title='bbox 2044 4703 2139 4758; x_wconf 87' lang='lat' dir='ltr'>bus</span> <span class='ocrx_word' id='word_1_683' title='bbox 2183 4702 2426 4759; x_wconf 86' lang='lat' dir='ltr'>sumebat</span> <span class='ocrx_word' id='word_1_684' title='bbox 2474 4699 2651 4755; x_wconf 85' lang='lat' dir='ltr'>cibum</span> <span class='ocrx_word' id='word_1_685' title='bbox 2690 4713 2703 4762; x_wconf 92' lang='lat'><strong>;</strong></span> <span class='ocrx_word' id='word_1_686' title='bbox 2744 4711 2866 4750; x_wconf 91' lang='lat' dir='ltr'>cum</span> <span class='ocrx_word' id='word_1_687' title='bbox 2908 4700 3091 4747; x_wconf 89' lang='lat' dir='ltr'>autem</span> <span class='ocrx_word' id='word_1_688' title='bbox 3131 4692 3422 4757; x_wconf 73' lang='lat' dir='ltr'>emissent,</span> <span class='ocrx_word' id='word_1_689' title='bbox 3460 4688 3684 4743; x_wconf 81' lang='lat' dir='ltr'>vereba-</span> 
     </span>
    </p>
   </div>
   <div class='ocr_carea' id='block_1_93' title="bbox 2041 4779 3687 4862">
    <p class='ocr_par' dir='ltr' id='par_1_93' title="bbox 2041 4779 3687 4862">
     <span class='ocr_line' id='line_1_94' title="bbox 2041 4779 3687 4862; baseline -0.011 -15"><span class='ocrx_word' id='word_1_690' title='bbox 2041 4798 2131 4848; x_wconf 85' lang='lat' dir='ltr'>tur</span> <span class='ocrx_word' id='word_1_691' title='bbox 2159 4808 2221 4848; x_wconf 92' lang='lat' dir='ltr'>ac</span> <span class='ocrx_word' id='word_1_692' title='bbox 2262 4790 2552 4862; x_wconf 82' lang='lat' dir='ltr'>separabat</span> <span class='ocrx_word' id='word_1_693' title='bbox 2580 4803 2633 4843; x_wconf 89' lang='lat' dir='ltr'>se</span> <span class='ocrx_word' id='word_1_694' title='bbox 2678 4785 2746 4840; x_wconf 90' lang='lat' dir='ltr'>ab</span> <span class='ocrx_word' id='word_1_695' title='bbox 2794 4782 2928 4850; x_wconf 82' lang='lat' dir='ltr'>illis,</span> <span class='ocrx_word' id='word_1_696' title='bbox 2968 4785 3208 4835; x_wconf 84' lang='lat' dir='ltr'>metuens</span> <span class='ocrx_word' id='word_1_697' title='bbox 3256 4794 3345 4833; x_wconf 76' lang='lat' dir='ltr'>eos</span> <span class='ocrx_word' id='word_1_698' title='bbox 3391 4779 3489 4847; x_wconf 86' lang='lat' dir='ltr'>qui</span> <span class='ocrx_word' id='word_1_699' title='bbox 3530 4782 3687 4832; x_wconf 88' lang='lat' dir='ltr'>erant</span> 
     </span>
    </p>
   </div>
   <div class='ocr_carea' id='block_1_94' title="bbox 287 4855 1921 4957">
    <p class='ocr_par' dir='ltr' id='par_1_94' title="bbox 287 4880 1921 4957">
     <span class='ocr_line' id='line_1_95' title="bbox 287 4880 1921 4957; baseline -0.002 -20"><span class='ocrx_word' id='word_1_700' title='bbox 287 4883 349 4937; x_wconf 69' lang='grc' dir='ltr'>ἑκ</span> <span class='ocrx_word' id='word_1_701' title='bbox 405 4892 728 4957; x_wconf 79' lang='grc' dir='ltr'>περιτομῆς,</span> <span class='ocrx_word' id='word_1_702' title='bbox 813 4885 903 4939; x_wconf 80' lang='grc' dir='ltr'>καὶ</span> <span class='ocrx_word' id='word_1_703' title='bbox 987 4882 1448 4955; x_wconf 80' lang='grc' dir='ltr'>συνυπεκρίθησαν</span> <span class='ocrx_word' id='word_1_704' title='bbox 1505 4881 1671 4955; x_wconf 78' lang='grc' dir='ltr'>αὐτῷ,</span> <span class='ocrx_word' id='word_1_705' title='bbox 1722 4880 1813 4936; x_wconf 80' lang='grc' dir='ltr'>καὶ</span> <span class='ocrx_word' id='word_1_706' title='bbox 1880 4880 1921 4935; x_wconf 76' lang='lat' dir='ltr'>ol</span> 
     </span>
    </p>
   </div>
   <div class='ocr_carea' id='block_1_95' title="bbox 2036 4855 3689 4957">
    <p class='ocr_par' dir='ltr' id='par_1_95' title="bbox 2042 4855 3689 4939">
     <span class='ocr_line' id='line_1_96' title="bbox 2042 4855 3689 4939; baseline -0.013 0"><span class='ocrx_word' id='word_1_707' title='bbox 2042 4899 2111 4939; x_wconf 75' lang='lat' dir='ltr'>ea:</span> <span class='ocrx_word' id='word_1_708' title='bbox 2163 4855 2628 4936; x_wconf 71' lang='lat' dir='ltr'>circumcisione:</span> <span class='ocrx_word' id='word_1_709' title='bbox 2678 4891 2741 4928; x_wconf 89' lang='lat' dir='ltr'>ac</span> <span class='ocrx_word' id='word_1_710' title='bbox 2774 4869 3114 4928; x_wconf 85' lang='lat' dir='ltr'>simulabant</span> <span class='ocrx_word' id='word_1_711' title='bbox 3178 4883 3301 4922; x_wconf 89' lang='lat' dir='ltr'>cum</span> <span class='ocrx_word' id='word_1_712' title='bbox 3357 4865 3455 4922; x_wconf 86' lang='lat' dir='ltr'>illo</span> <span class='ocrx_word' id='word_1_713' title='bbox 3502 4866 3689 4921; x_wconf 61' lang='lat' dir='ltr'>ceteri</span> 
     </span>
    </p>
   </div>
   <div class='ocr_carea' id='block_1_96' title="bbox 286 4966 1932 5048">
    <p class='ocr_par' dir='ltr' id='par_1_96' title="bbox 286 4966 1932 5048">
     <span class='ocr_line' id='line_1_97' title="bbox 286 4966 1932 5048; baseline -0.002 -21"><span class='ocrx_word' id='word_1_714' title='bbox 286 4971 477 5027; x_wconf 86' lang='grc' dir='ltr'>λοιποὶ</span> <span class='ocrx_word' id='word_1_715' title='bbox 500 4970 776 5030; x_wconf 88' lang='grc' dir='ltr'>Ἰουδαῖοι.</span> <span class='ocrx_word' id='word_1_716' title='bbox 795 4975 956 5029; x_wconf 74' lang='grc' dir='ltr'>’Ὠστε</span> <span class='ocrx_word' id='word_1_717' title='bbox 975 4973 1063 5028; x_wconf 87' lang='grc' dir='ltr'>καὶ</span> <span class='ocrx_word' id='word_1_718' title='bbox 1093 4966 1375 5048; x_wconf 84' lang='grc' dir='ltr'>Βαρνάϐας</span> <span class='ocrx_word' id='word_1_719' title='bbox 1398 4972 1723 5045; x_wconf 79' lang='grc' dir='ltr'>συναπήχθη</span> <span class='ocrx_word' id='word_1_720' title='bbox 1753 4969 1932 5025; x_wconf 82' lang='grc' dir='ltr'>αὐτῶν</span> 
     </span>
    </p>
   </div>
   <div class='ocr_carea' id='block_1_97' title="bbox 280 5062 683 5138">
    <p class='ocr_par' dir='ltr' id='par_1_97' title="bbox 280 5062 683 5138">
     <span class='ocr_line' id='line_1_98' title="bbox 280 5062 683 5138; baseline 0.002 -20"><span class='ocrx_word' id='word_1_721' title='bbox 280 5068 351 5138; x_wconf 79' lang='grc' dir='ltr'>τῇ</span> <span class='ocrx_word' id='word_1_722' title='bbox 386 5062 683 5138; x_wconf 84' lang='grc' dir='ltr'>ὑποκρίσει.</span> 
     </span>
    </p>
   </div>
   <div class='ocr_carea' id='block_1_98' title="bbox 355 5148 1932 5232">
    <p class='ocr_par' dir='ltr' id='par_1_98' title="bbox 355 5148 1932 5232">
     <span class='ocr_line' id='line_1_99' title="bbox 355 5148 1932 5232; baseline -0.004 -23"><span class='ocrx_word' id='word_1_723' title='bbox 355 5152 435 5209; x_wconf 79' lang='grc' dir='ltr'>Οὐ</span> <span class='ocrx_word' id='word_1_724' title='bbox 473 5150 659 5232; x_wconf 77' lang='grc' dir='ltr'>μάχης</span> <span class='ocrx_word' id='word_1_725' title='bbox 694 5151 821 5209; x_wconf 70' lang='grc' dir='ltr'>οὐδὲ</span> <span class='ocrx_word' id='word_1_726' title='bbox 874 5153 1269 5229; x_wconf 77' lang='grc' dir='ltr'>καταγνώσεως</span> <span class='ocrx_word' id='word_1_727' title='bbox 1316 5154 1405 5222; x_wconf 78' lang='grc' dir='ltr'>ἦν,</span> <span class='ocrx_word' id='word_1_728' title='bbox 1447 5150 1510 5206; x_wconf 80' lang='grc' dir='ltr'>τὸ</span> <span class='ocrx_word' id='word_1_729' title='bbox 1567 5151 1658 5205; x_wconf 88' lang='grc' dir='ltr'>τὸν</span> <span class='ocrx_word' id='word_1_730' title='bbox 1718 5148 1932 5204; x_wconf 84' lang='grc' dir='ltr'>Παῦλον</span> 
     </span>
    </p>
   </div>
   <div class='ocr_carea' id='block_1_99' title="bbox 280 5234 1931 5315">
    <p class='ocr_par' dir='ltr' id='par_1_99' title="bbox 280 5234 1931 5315">
     <span class='ocr_line' id='line_1_100' title="bbox 280 5234 1931 5315; baseline -0.004 -19"><span class='ocrx_word' id='word_1_731' title='bbox 280 5244 595 5312; x_wconf 79' lang='grc' dir='ltr'>ἀντιστῆναι</span> <span class='ocrx_word' id='word_1_732' title='bbox 626 5248 707 5314; x_wconf 76' lang='grc' dir='ltr'>τῷ</span> <span class='ocrx_word' id='word_1_733' title='bbox 739 5240 1102 5315; x_wconf 74' lang='grc' dir='ltr'>Πέτρῳ,ἀλλ’</span> <span class='ocrx_word' id='word_1_734' title='bbox 1149 5240 1487 5312; x_wconf 81' lang='grc' dir='ltr'>οἰκονομίας.</span> <span class='ocrx_word' id='word_1_735' title='bbox 1547 5234 1770 5306; x_wconf 79' lang='grc' dir='ltr'>Ἐπειδὴ</span> <span class='ocrx_word' id='word_1_736' title='bbox 1827 5238 1931 5314; x_wconf 87' lang='grc' dir='ltr'>γάρ</span> 
     </span>
    </p>
   </div>
   <div class='ocr_carea' id='block_1_100' title="bbox 281 5326 1932 5408">
    <p class='ocr_par' dir='ltr' id='par_1_100' title="bbox 281 5326 1932 5408">
     <span class='ocr_line' id='line_1_101' title="bbox 281 5326 1932 5408; baseline -0.005 -19"><span class='ocrx_word' id='word_1_737' title='bbox 281 5331 375 5389; x_wconf 84' lang='grc' dir='ltr'>διά</span> <span class='ocrx_word' id='word_1_738' title='bbox 430 5328 821 5407; x_wconf 84' lang='grc' dir='ltr'>συγκατάϐασιν</span> <span class='ocrx_word' id='word_1_739' title='bbox 891 5333 946 5385; x_wconf 73' lang='grc' dir='ltr'>οἱ</span> <span class='ocrx_word' id='word_1_740' title='bbox 1003 5333 1127 5408; x_wconf 83' lang='grc' dir='ltr'>περὶ</span> <span class='ocrx_word' id='word_1_741' title='bbox 1188 5331 1387 5407; x_wconf 74' lang='grc' dir='ltr'>Πέτρον</span> <span class='ocrx_word' id='word_1_742' title='bbox 1457 5329 1509 5384; x_wconf 86' lang='grc' dir='ltr'>ἐν</span> <span class='ocrx_word' id='word_1_743' title='bbox 1567 5326 1932 5402; x_wconf 74' lang='grc' dir='ltr'>Ἰερουσαλὴμ</span> 
     </span>
    </p>
   </div>
   <div class='ocr_carea' id='block_1_101' title="bbox 283 5415 1929 5499">
    <p class='ocr_par' dir='ltr' id='par_1_101' title="bbox 283 5415 1929 5499">
     <span class='ocr_line' id='line_1_102' title="bbox 283 5415 1929 5499; baseline -0.005 -20"><span class='ocrx_word' id='word_1_744' title='bbox 283 5423 633 5499; x_wconf 84' lang='grc' dir='ltr'>συνεχώρουν</span> <span class='ocrx_word' id='word_1_745' title='bbox 664 5423 763 5490; x_wconf 77' lang='grc' dir='ltr'>τὴν</span> <span class='ocrx_word' id='word_1_746' title='bbox 794 5443 889 5497; x_wconf 88' lang='grc' dir='ltr'>περ</span> <span class='ocrx_word' id='word_1_747' title='bbox 903 5424 1121 5496; x_wconf 80' lang='grc' dir='ltr'>ιτομήν,</span> <span class='ocrx_word' id='word_1_748' title='bbox 1153 5422 1289 5477; x_wconf 88' lang='grc' dir='ltr'>κατά</span> <span class='ocrx_word' id='word_1_749' title='bbox 1340 5420 1531 5494; x_wconf 77' lang='grc' dir='ltr'>μικρὸν</span> <span class='ocrx_word' id='word_1_750' title='bbox 1594 5415 1929 5495; x_wconf 84' lang='grc' dir='ltr'>βουλόμενοι</span> 
     </span>
    </p>
   </div>
   <div class='ocr_carea' id='block_1_102' title="bbox 281 5505 1929 5584">
    <p class='ocr_par' dir='ltr' id='par_1_102' title="bbox 281 5505 1929 5584">
     <span class='ocr_line' id='line_1_103' title="bbox 281 5505 1929 5584; baseline -0.005 -15"><span class='ocrx_word' id='word_1_751' title='bbox 281 5514 411 5575; x_wconf 71' lang='grc' dir='ltr'>τοὺς</span> <span class='ocrx_word' id='word_1_752' title='bbox 443 5511 493 5583; x_wconf 78' lang='grc' dir='ltr'>ἐξ</span> <span class='ocrx_word' id='word_1_753' title='bbox 535 5508 812 5570; x_wconf 81' lang='grc' dir='ltr'>Ἰουδαίων</span> <span class='ocrx_word' id='word_1_754' title='bbox 871 5509 959 5566; x_wconf 80' lang='grc' dir='ltr'>ἐπὶ</span> <span class='ocrx_word' id='word_1_755' title='bbox 997 5511 1061 5566; x_wconf 85' lang='grc' dir='ltr'>τὸ</span> <span class='ocrx_word' id='word_1_756' title='bbox 1112 5509 1322 5566; x_wconf 81' lang='grc' dir='ltr'>τέλειον</span> <span class='ocrx_word' id='word_1_757' title='bbox 1372 5511 1609 5584; x_wconf 82' lang='grc' dir='ltr'>ἀγαγεῖν,</span> <span class='ocrx_word' id='word_1_758' title='bbox 1667 5505 1844 5571; x_wconf 75' lang='grc' dir='ltr'>ἒλθὼν</span> <span class='ocrx_word' id='word_1_759' title='bbox 1901 5506 1929 5561; x_wconf 84' lang='grc' dir='ltr'>ὁ</span> 
     </span>
    </p>
   </div>
   <div class='ocr_carea' id='block_1_103' title="bbox 364 5692 1308 5763">
    <p class='ocr_par' dir='ltr' id='par_1_103' title="bbox 364 5692 1308 5763">
     <span class='ocr_line' id='line_1_104' title="bbox 364 5692 1308 5763; baseline -0.003 -13"><span class='ocrx_word' id='word_1_760' title='bbox 364 5694 431 5750; x_wconf 82' lang='grc'>³1</span> <span class='ocrx_word' id='word_1_761' title='bbox 459 5694 609 5753; x_wconf 87' lang='lat' dir='ltr'>Petr.</span> <span class='ocrx_word' id='word_1_762' title='bbox 644 5709 724 5763; x_wconf 86' lang='grc' dir='ltr'>ιιι,</span> <span class='ocrx_word' id='word_1_763' title='bbox 760 5695 845 5749; x_wconf 59' lang='lat' dir='ltr'>ii.</span> <span class='ocrx_word' id='word_1_764' title='bbox 877 5692 901 5728; x_wconf 87' lang='grc'><strong>⁴</strong></span> <span class='ocrx_word' id='word_1_765' title='bbox 930 5693 1104 5750; x_wconf 80' lang='lat' dir='ltr'>Hebr.</span> <span class='ocrx_word' id='word_1_766' title='bbox 1137 5710 1193 5750; x_wconf 75' lang='grc' dir='ltr'>ι.</span> <span class='ocrx_word' id='word_1_767' title='bbox 1219 5692 1308 5747; x_wconf 71' lang='grc'>34.</span> 
     </span>
    </p>
   </div>
   <div class='ocr_carea' id='block_1_104' title="bbox 2043 4956 3688 5044">
    <p class='ocr_par' dir='ltr' id='par_1_104' title="bbox 2043 4956 3688 5044">
     <span class='ocr_line' id='line_1_105' title="bbox 2043 4956 3688 5044; baseline -0.012 -16"><span class='ocrx_word' id='word_1_768' title='bbox 2043 4987 2257 5044; x_wconf 88' lang='lat' dir='ltr'>quoque</span> <span class='ocrx_word' id='word_1_769' title='bbox 2283 4969 2505 5025; x_wconf 62' lang='lat' dir='ltr'>Judaei:</span> <span class='ocrx_word' id='word_1_770' title='bbox 2532 4965 2667 5020; x_wconf 87' lang='lat' dir='ltr'>adeo</span> <span class='ocrx_word' id='word_1_771' title='bbox 2696 4968 2760 5017; x_wconf 89' lang='lat' dir='ltr'>ut</span> <span class='ocrx_word' id='word_1_772' title='bbox 2804 4959 3085 5015; x_wconf 87' lang='lat' dir='ltr'>Barnabas</span> <span class='ocrx_word' id='word_1_773' title='bbox 3116 4956 3281 5012; x_wconf 86' lang='lat' dir='ltr'>simul</span> <span class='ocrx_word' id='word_1_774' title='bbox 3326 4957 3688 5013; x_wconf 84' lang='lat' dir='ltr'>abduceretur</span> 
     </span>
    </p>
   </div>
   <div class='ocr_carea' id='block_1_105' title="bbox 2043 5055 2796 5115">
    <p class='ocr_par' dir='ltr' id='par_1_105' title="bbox 2043 5055 2796 5115">
     <span class='ocr_line' id='line_1_106' title="bbox 2043 5055 2796 5115; baseline -0.013 0"><span class='ocrx_word' id='word_1_775' title='bbox 2043 5063 2100 5115; x_wconf 89' lang='lat' dir='ltr'>in</span> <span class='ocrx_word' id='word_1_776' title='bbox 2120 5059 2345 5115; x_wconf 85' lang='lat' dir='ltr'>illorum</span> <span class='ocrx_word' id='word_1_777' title='bbox 2371 5055 2796 5113; x_wconf 83' lang='lat' dir='ltr'>simulationem.</span> 
     </span>
    </p>
   </div>
   <div class='ocr_carea' id='block_1_106' title="bbox 2114 5135 3687 5219">
    <p class='ocr_par' dir='ltr' id='par_1_106' title="bbox 2114 5135 3687 5219">
     <span class='ocr_line' id='line_1_107' title="bbox 2114 5135 3687 5219; baseline -0.01 -14"><span class='ocrx_word' id='word_1_778' title='bbox 2114 5151 2237 5206; x_wconf 86' lang='lat' dir='ltr'>Non</span> <span class='ocrx_word' id='word_1_779' title='bbox 2260 5162 2469 5219; x_wconf 70' lang='lat' dir='ltr'>pugnaa</span> <span class='ocrx_word' id='word_1_780' title='bbox 2491 5148 2594 5200; x_wconf 88' lang='lat' dir='ltr'>aut</span> <span class='ocrx_word' id='word_1_781' title='bbox 2613 5136 3450 5209; x_wconf 88' lang='lat' dir='ltr'>condemnationiserat,quod</span> <span class='ocrx_word' id='word_1_782' title='bbox 3470 5135 3687 5191; x_wconf 90' lang='lat' dir='ltr'>Paulus</span> 
     </span>
    </p>
   </div>
   <div class='ocr_carea' id='block_1_107' title="bbox 2042 5224 3685 5301">
    <p class='ocr_par' dir='ltr' id='par_1_107' title="bbox 2042 5224 3685 5301">
     <span class='ocr_line' id='line_1_108' title="bbox 2042 5224 3685 5301; baseline -0.009 -8"><span class='ocrx_word' id='word_1_783' title='bbox 2042 5238 2348 5293; x_wconf 87' lang='lat' dir='ltr'>resisteret</span> <span class='ocrx_word' id='word_1_784' title='bbox 2373 5230 2682 5296; x_wconf 87' lang='lat' dir='ltr'>Petro,sed</span> <span class='ocrx_word' id='word_1_785' title='bbox 2712 5226 3494 5301; x_wconf 86' lang='lat' dir='ltr'>dispensationis.Quoniam</span> <span class='ocrx_word' id='word_1_786' title='bbox 3524 5224 3685 5280; x_wconf 89' lang='lat' dir='ltr'>enim</span> 
     </span>
    </p>
   </div>
   <div class='ocr_carea' id='block_1_108' title="bbox 2041 5312 3687 5395">
    <p class='ocr_par' dir='ltr' id='par_1_108' title="bbox 2041 5312 3687 5395">
     <span class='ocr_line' id='line_1_109' title="bbox 2041 5312 3687 5395; baseline -0.009 -14"><span class='ocrx_word' id='word_1_787' title='bbox 2041 5328 2250 5381; x_wconf 86' lang='lat' dir='ltr'>Petrus</span> <span class='ocrx_word' id='word_1_788' title='bbox 2281 5330 2339 5378; x_wconf 91' lang='lat' dir='ltr'>et</span> <span class='ocrx_word' id='word_1_789' title='bbox 2367 5323 2469 5395; x_wconf 90' lang='lat' dir='ltr'>qui</span> <span class='ocrx_word' id='word_1_790' title='bbox 2499 5337 2632 5377; x_wconf 89' lang='lat' dir='ltr'>cum</span> <span class='ocrx_word' id='word_1_791' title='bbox 2665 5336 2733 5375; x_wconf 89' lang='lat' dir='ltr'>eo</span> <span class='ocrx_word' id='word_1_792' title='bbox 2765 5323 2951 5384; x_wconf 87' lang='lat' dir='ltr'>erant,</span> <span class='ocrx_word' id='word_1_793' title='bbox 2988 5315 3410 5387; x_wconf 87' lang='lat' dir='ltr'>Hierosolymis</span> <span class='ocrx_word' id='word_1_794' title='bbox 3442 5312 3687 5369; x_wconf 89' lang='lat' dir='ltr'>condes-</span> 
     </span>
    </p>
   </div>
   <div class='ocr_carea' id='block_1_109' title="bbox 2041 5402 3684 5483">
    <p class='ocr_par' dir='ltr' id='par_1_109' title="bbox 2041 5402 3684 5483">
     <span class='ocr_line' id='line_1_110' title="bbox 2041 5402 3684 5483; baseline -0.01 -13"><span class='ocrx_word' id='word_1_795' title='bbox 2041 5414 2324 5470; x_wconf 89' lang='lat' dir='ltr'>censione</span> <span class='ocrx_word' id='word_1_796' title='bbox 2354 5409 2609 5483; x_wconf 90' lang='lat' dir='ltr'>quadam</span> <span class='ocrx_word' id='word_1_797' title='bbox 2666 5405 3091 5481; x_wconf 87' lang='lat' dir='ltr'>permittebant</span> <span class='ocrx_word' id='word_1_798' title='bbox 3143 5402 3684 5466; x_wconf 88' lang='lat' dir='ltr'>circumcisionem,</span> 
     </span>
    </p>
   </div>
   <div class='ocr_carea' id='block_1_110' title="bbox 2041 5490 3690 5574">
    <p class='ocr_par' dir='ltr' id='par_1_110' title="bbox 2041 5490 3690 5574">
     <span class='ocr_line' id='line_1_111' title="bbox 2041 5490 3690 5574; baseline -0.01 -15"><span class='ocrx_word' id='word_1_799' title='bbox 2041 5503 2307 5561; x_wconf 89' lang='lat' dir='ltr'>volentes</span> <span class='ocrx_word' id='word_1_800' title='bbox 2336 5499 2622 5574; x_wconf 84' lang='lat' dir='ltr'>paulatim</span> <span class='ocrx_word' id='word_1_801' title='bbox 2654 5516 2754 5556; x_wconf 90' lang='lat' dir='ltr'>eos</span> <span class='ocrx_word' id='word_1_802' title='bbox 2777 5497 2875 5570; x_wconf 90' lang='lat' dir='ltr'>qui</span> <span class='ocrx_word' id='word_1_803' title='bbox 2909 5513 2979 5553; x_wconf 79' lang='lat' dir='ltr'>ex</span> <span class='ocrx_word' id='word_1_804' title='bbox 3005 5495 3223 5552; x_wconf 72' lang='lat' dir='ltr'>Judaais</span> <span class='ocrx_word' id='word_1_805' title='bbox 3262 5496 3435 5549; x_wconf 87' lang='lat' dir='ltr'>erant</span> <span class='ocrx_word' id='word_1_806' title='bbox 3469 5490 3544 5545; x_wconf 91' lang='lat' dir='ltr'>ad</span> <span class='ocrx_word' id='word_1_807' title='bbox 3565 5504 3690 5561; x_wconf 91' lang='lat' dir='ltr'>per-</span> 
     </span>
    </p>
   </div>
  </div>
