4106 6196
533 403 691 464 1111

1655 390 2081 455 ἜΟΗΜΕΝΙΙ
2128 393 2428 457 ΤΒΙΟΟΛΞ
2474 397 2828 465 EPISCOPI

3792 411 3904 473 1112

533 540 851 598 fectionem
883 533 1175 590 deducere
1211 548 1225 598 ;
1257 546 1393 587 cum
1414 529 1681 584 venisset
1719 530 1928 583 Petrus
1988 527 2176 583 Antio-

2301 530 2503 607 Πέτρος
2537 535 2613 599 εἰς
2649 538 3010 616 Ἀντιόχειαν,
3042 539 3174 616 ἄχρι
3218 541 3309 615 μὶν
3370 537 3565 604 οὐδεὶς
3613 542 3676 609 ἦν
3734 546 3823 596 τῶν
3868 544 3904 613 ἒξ

536 632 751 693 chiam,
786 625 1025 682 interim
1058 623 1199 678 dum
1232 621 1425 677 fidelis
1482 619 1686 675 nullus
1736 636 1805 674 ex
1834 617 2051 674 Iudaeis
2106 617 2187 673 ibi

538 725 681 783 erat,
717 719 846 773 sine
878 715 1001 771 ullo
1034 712 1380 768 discrimine
1412 727 1530 765 una
1560 726 1695 765 cum
1749 708 2028 780 gentibus
2086 708 2187 779 qui

536 808 915 867 crediderant
939 803 1136 860 cibum
1168 800 1439 857 sumebat
1465 818 1477 853 :
1521 816 1653 855 cum
1687 804 1884 853 autem
1916 798 2189 852 advenis-

540 906 691 961 sent,
726 915 800 953 ne
833 915 932 953 eos
967 893 1297 950 offenderet
1327 908 1459 946 cum
1493 890 1685 944 adhuc
1732 888 2064 943 imbecilles
2105 903 2191 941 es-

540 997 692 1053 sent,
725 986 1038 1041 verebatur
1068 999 1189 1037 una
1218 998 1351 1037 cum
1386 980 1507 1034 illis
1539 979 1731 1034 edere.
1778 978 1960 1046 Hujus
1990 981 2188 1031 autem

539 1083 809 1142 causa,ut
830 1074 1054 1129 dictum
1085 1076 1327 1135 est,erat
1345 1084 1549 1121 eorum
1582 1066 1978 1120 imbecillitas.
2023 1063 2188 1129 Quod

535 1174 733 1224 autem
765 1164 982 1219 Paulus
1014 1161 1102 1215 illi
1133 1158 1328 1232 palam
1363 1164 1421 1211 et
1449 1171 1567 1210 non
1581 1155 1850 1227 privatim
1880 1153 2185 1219 restiterit,

535 1253 997 1328 dispensationis
1028 1256 1174 1311 erat,
1203 1247 1547 1302 utvidentes
1573 1245 1674 1315 qui
1706 1261 1771 1298 ex
1804 1241 2019 1298 Judaeis
2049 1258 2185 1296 cre-

537 1346 1032 1416 diderant,ipsum
1065 1345 1490 1414 praeceptorem
1522 1353 1694 1392 suum
1727 1338 1963 1390 Petrum
1989 1335 2185 1406 palam

535 1436 698 1509 argui
730 1432 888 1505 quod
919 1448 1052 1486 cum
1109 1426 1475 1500 praeputiatis
1506 1441 1626 1479 non
1674 1430 2183 1494 conversarentur,

534 1540 645 1579 nec
667 1519 1192 1579 contradicentem,
1223 1515 1367 1569 781
1406 1518 1792 1583 agnoscerent
1850 1511 2008 1581 quod
2062 1527 2182 1566 non

534 1614 690 1667 esset
745 1608 1025 1677 deinceps
1080 1602 1412 1660 necessaria
1470 1601 1614 1673 legis
1662 1599 1993 1655 observatio
2052 1607 2184 1671 post

535 1697 848 1766 ﬁdem,sed
876 1695 1063 1767 magis
1094 1692 1465 1748 occasionem
1492 1689 1659 1744 daret
1687 1692 1753 1743 ut
1779 1689 2181 1759 reprehende-

532 1792 698 1844 retur
758 1791 984 1841 Petrus.
1016 1782 1163 1848 Quia
1218 1797 1354 1835 vero
1406 1779 1517 1835 hoc
1565 1777 1997 1848 dispensatorie
2045 1794 2184 1848 age-

531 1877 723 1942 batur,
756 1873 1069 1930 manifeste
1126 1871 1289 1927 venit
1343 1868 1561 1924 Paulus
1599 1867 1673 1921 ad
1730 1867 1837 1922 hos
1876 1884 2180 1925 sermones
2214 1904 2255 1966 Β

531 1982 665 2023 cum
697 1967 892 2028 Petro,
926 1967 991 2017 ut
1020 1960 1328 2017 audientes
1361 1958 1566 2013 ﬁdeles
1625 1957 1723 2028 qui
1764 1973 1831 2011 ex
1864 1956 2176 2012 circumci-

529 2056 697 2113 sione
729 2057 916 2117 erant,
978 2054 1279 2106 mutarent
1310 2046 1456 2118 legis
1487 2045 1983 2101 observationem.
2017 2047 2181 2110 Quod

506 2145 578 2223 'si
607 2159 745 2201 vera
772 2142 979 2197 fuisset
1002 2141 1111 2207 ira,
1145 2136 1506 2209 oportuisset
1530 2135 1807 2207 privatim
1837 2135 1998 2206 ipsos
2026 2136 2182 2208 apud

531 2253 592 2293 se
621 2240 826 2292 mutuo
858 2234 1165 2289 disserere.

604 2326 734 2380 Alio
784 2323 961 2378 modo.
1022 2320 1307 2376 Eusebius
1357 2318 1650 2390 Pamphili
1710 2319 1769 2372 in
1803 2318 2183 2374 Ecclesiastica

534 2412 767 2470 historia
796 2409 1053 2467 ostendit
1080 2409 1237 2463 hunc
1268 2410 1503 2463 Petrum
1551 2424 1672 2462 non
1715 2422 1840 2461 esse
1897 2407 2179 2478 Cepham,

534 2503 636 2559 sed
667 2500 935 2574 ejusdem
965 2515 1099 2555 cum
1129 2498 1256 2569 ipso
1310 2496 1571 2551 nominis
1624 2511 1806 2550 unum
1842 2511 1911 2550 ex
1944 2501 2179 2567 septua-

532 2594 714 2665 ginta.
774 2592 844 2646 Et
901 2588 1306 2661 apparentiam
1349 2585 1529 2640 habet
1583 2586 1678 2640 hic
1732 2601 1947 2640 sermo.
1982 2587 2178 2656 Neque

533 2682 694 2739 enim
725 2683 897 2751 Petro
929 2694 1165 2734 rursum
1195 2693 1342 2749 opus
1372 2682 1497 2730 erat
1521 2680 1804 2740 metuere,
1832 2675 1933 2745 qui
1948 2675 2075 2746 jam
2106 2675 2178 2729 de

532 2773 645 2829 hoc
657 2769 1049 2842 responderat
1070 2764 1915 2837 Hierosolymis,omnibusque
1934 2780 2177 2836 persua-

530 2858 952 2931 seratquando
975 2873 1095 2911 una
1114 2872 1248 2911 cum
1267 2853 1541 2910 Correlio
1563 2859 1796 2924 sumpto
1818 2853 1972 2920 cibo,
2002 2870 2174 2924 quos-

529 2950 665 3007 dam
699 2967 766 3004 ex
800 2945 1247 3003 circumcisione
1289 2943 1619 2999 offenderat
1654 2961 1666 2997 :
1701 2942 1937 3015 quando
1998 2943 2176 2998 etiam

526 3039 676 3096 dixit
708 3056 720 3093 :
754 3060 783 3087 ‹‹
814 3039 962 3092 Vere
993 3034 1316 3105 comperio,
1349 3034 1581 3097 fratres,
1619 3032 1775 3103 quod
1802 3048 1921 3087 non
1949 3031 2024 3086 sit
2053 3049 2179 3103 per-

526 3144 806 3188 sonarum
839 3130 1142 3197 respectus
1173 3139 1370 3179 coram
1395 3124 1532 3185 Deo,
1564 3122 1665 3177 sed
1698 3122 1759 3175 in
1802 3122 2007 3192 quavis
2037 3137 2175 3194 geu~

526 3227 581 3276 te
614 3219 715 3291 qui
746 3213 1206 3286 timetipsum,is
1237 3218 1514 3284 acceptus
1545 3217 1634 3266 est
1658 3211 1747 3265 illi
1776 3211 1849 3264 ⁸.-
1894 3213 2018 3265 Non
2051 3215 2178 3265 erat

2298 620 2571 680 Ἰουδαίων
2603 630 2795 692 πιστὸς
2828 629 2958 697 ἐκεῖ,
2991 629 3301 708 ἀδιαφόρως
3332 630 3484 705 μετᾶ
3541 633 3650 685 τῶν
3708 628 3753 700 ἐξ
3786 630 3906 694 levis:

2295 716 2690 772 πιστευσάντων
2723 722 3027 791 συνήσθιεν,
3059 720 3148 776 ὅτε
3198 718 3255 777 δὲ
3310 719 3707 797 παρεγένοντο,
3733 719 3808 774 ’ἱνα
3852 725 3903 792 μῆ

2295 801 2494 866 αὐτοὺς
2525 803 2857 884 σκανδαλίσῃ
2913 803 2990 864 ἔτι
3050 809 3286 875 ἀσθενεῖς
3340 808 3538 877 ὄντας,
3604 808 3906 866 ὑπεστέλλετο

2295 893 2586 949 συνεσθίειν
2621 896 2866 961 ἐκείνοις,
2927 899 3138 955 Τούτου
3196 898 3254 956 δὲ
3310 902 3520 970 αἲτιον,
3582 900 3658 961 ὡς
3724 899 3906 974 ετρητιι,

2294 985 2327 1051 ἡ
2360 981 2578 1039 ἐκείνων
2613 987 2870 1050 ἀσθένεια.
2903 989 2999 1044 Καῖ
3043 991 3104 1046 τὸ
3135 993 3227 1047 τὸν
3292 990 3517 1047 Παῦλον
3584 988 3642 1045 δὲ
3697 997 3907 1068 φανερῶς,

2293 1068 2438 1126 ἀλλᾶ
2472 1074 2545 1144 μή
2578 1076 2694 1131 κατ’
2725 1074 2862 1132 ἰδίαν
2896 1078 3207 1148 ἀντιστῆναι
3236 1084 3315 1152 τῷ
3356 1076 3586 1152 Πέτρῳ,
3641 1078 3911 1151 οἴκονομίαε

2410 1158 2431 1177 η
2530 1163 2542 1175 .
2595 1167 2622 1179 -

2292 1158 2375 1226 ἦν,
2418 1181 2494 1213 ινα
2522 1182 2756 1234 ορωντες
2788 1168 2840 1221 οἱ
2881 1165 2933 1236 ἐξ
2973 1166 3251 1223 Ἰουδαίων
3306 1169 3496 1223 πιστοὶ
3562 1168 3656 1223 16v
3710 1165 3911 1224 διδάσκα-

2293 1244 2390 1302 λον
2424 1248 2583 1305 αὐτὸν
2618 1254 2823 1327 Πέτρον
2882 1255 3279 1331 ἐγκαλούμενον
3321 1262 3605 1337 ερανερῶς,
3662 1256 3715 1311 τί
3754 1254 3912 1326 δήποτε

2295 1342 2370 1411 μή
2434 1341 2646 1398 σύνεστι
2702 1350 2820 1407 τοῖς
2876 1343 3236 1422 ἄκροϐύστοις
3295 1348 3382 1402 καὶ
3433 1348 3518 1421 μή
3582 1346 3908 1425 ἀντιλέγοντα,

2291 1435 2492 1506 γνῶσιν
2527 1432 2602 1497 ὡς
2633 1433 2694 1489 ού
2730 1433 3007 1511 χρειώδης
3069 1436 3263 1493 λοιπὸν
3321 1440 3356 1507 ἡ
3418 1440 3799 1512 παρατήρησις
3843 1441 3910 1492 τοῦ

2288 1520 2458 1592 νόμου
2497 1523 2629 1595 μετὰ
2657 1525 2756 1593 τῆν
2790 1524 2993 1598 πίστιν,
3050 1526 3196 1583 ἀλλὰ
3253 1527 3534 1608 πρόφασιν
3580 1530 3907 1603 παρασχοῦσα,

2288 1611 2383 1661 106
2443 1608 2773 1685 ἐγκληθῆναι
2830 1613 3057 1688 Πέτρον.
3088 1616 3210 1674 ’Ὁτι
3270 1613 3325 1670 δὲ
3379 1619 3558 1670 τοῦτο
3608 1615 3907 1688 ᾠκονόμητο,

2289 1703 2535 1773 φανερῶς
2568 1699 2644 1763 εἷς
2675 1700 2877 1781 λόγους
2917 1701 3084 1774 ἦλθεν
3117 1705 3143 1758 6
3179 1702 3393 1766 Παῦλος
3452 1708 3540 1776 τῷ
3604 1704 3803 1778 Πέτρῳ,
3846 1702 3908 1758 ’ἕνα

2288 1786 2340 1840 οἱ
2372 1785 2431 1841 ἐκ
2470 1797 2774 1864 περιτομῆς
2828 1793 3011 1847 πιστοὶ
3071 1792 3379 1865 ἀκούοντες,
3448 1796 3794 1867 μεταθῶνται
3836 1799 3908 1861 τῆς

2286 1883 2381 1934 106
2410 1881 2583 1954 νόμου
2628 1887 3079 1959 παρατηρήσεως
3142 1886 3217 1945 ὡς
3275 1884 3330 1940 εἷ’
3379 1908 3447 1964 γε
3507 1888 3576 1942 τὸ
3638 1884 3827 1955 ἀληθὲς
3864 1887 3909 1953 ἦν

2296 1968 2453 2043 ὀργῆ,
2488 1964 2594 2025 ἔδει
2624 1977 2739 2026 κατ’
2772 1970 2907 2029 ἰδίαν
2966 1973 3161 2036 αὐτοὺς
3220 1972 3595 2054 διαλεχθῆναι
3654 1975 3907 2047 1196:110-

2288 2058 2436 2120 τούς,

2363 2314 2605 2377 Ἄλλως.
2651 2313 2912 2383 Εὐσέϐιος
2968 2320 2995 2372 6
3052 2320 3349 2400 Παμφίλου
3394 2320 3449 2375 ἐν
3513 2323 3585 2393 τῇ
3620 2317 3905 2388 Ἐκκλησια-

2292 2407 2448 2477 στικῇ
2473 2404 2686 2480 ἱστορίᾳ
2714 2403 3059 2461 ἀποδείκνυσι
3097 2409 3171 2481 μή
3208 2409 3345 2463 εἶναι
3400 2411 3498 2465 τὸν
3568 2413 3754 2486 Κηφᾶν
3801 2410 3904 2459 106-

2291 2512 2405 2557 10v,
2421 2493 2511 2548 τὸν
2547 2495 2771 2569 Πέτρον,
2790 2494 2914 2551 ἀλλ’
2937 2496 3230 2569 ὁμώνυμον
3251 2496 3418 2570 αύτῷ,
3440 2496 3541 2553 ἕνα
3561 2501 3671 2551 τῶν
3702 2491 3900 2567 ἑϐδομή-

2290 2604 2466 2638 κοντα.
2503 2585 2604 2639 Καὶ
2636 2584 2859 2649 πιθανὸς
2891 2586 2917 2640 ὁ
2950 2585 3138 2662 λόγος.
3173 2588 3253 2645 Ού
3283 2588 3383 2663 γὰρ
3414 2585 3478 2642 ἄν
3511 2590 3540 2642 ὁ
3574 2589 3768 2660 Πέτρος
3789 2581 3905 2653 ἐδεή-

2289 2674 2352 2743 θη
2389 2670 2557 2727 πάλιν
2590 2673 2926 2744 ὑποστολῆς,
2955 2675 3103 2738 ὅστις
3132 2673 3239 2747 ἤδη
3275 2678 3398 2752 περὶ
3424 2676 3630 2733 τούτου
3660 2672 3899 2749 ἀπολογη-

2289 2764 2520 2833 σάμενος
2551 2763 2618 2833 ἦν
2653 2763 2703 2818 ἐν
2735 2764 3105 2841 Ἰερουσαλὴμ
3142 2765 3232 2821 καὶ
3285 2767 3478 2830 πείσας
3539 2768 3783 2832 ἃπαντας,
3834 2760 3900 2817 ὅτε

2286 2851 2365 2922 τῷ
2422 2851 2718 2926 Κορνηλίῳ
2778 2854 3101 2931 συμφαγὼν,
3158 2853 3308 2915 τινᾶς
3364 2859 3473 2909 τῶν
3528 2853 3591 2909 ἐκ
3641 2855 3898 2927 περιτομῆς

2289 2939 2688 3008 ἐσκανδαλισεν,
2722 2944 2813 2997 ὅτε
2870 2942 2961 2998 καὶ
3018 2944 3188 3008 εἶπεν,
3229 2969 3258 2997 ‹‹
3291 2946 3409 3001 Ἐπ’
3461 2944 3745 3014 ἀληθείας,
3775 2937 3896 2993 ἀδελ-

2288 3032 2405 3111 φοὶ,
2436 3028 3069 3105 καταλαμϐάνομαι,’ὀτι
3126 3035 3226 3089 οὐκ
3279 3028 3389 3089 ἔστι
3452 3030 3897 3111 προσωπολήπτηϐ

2288 3122 2315 3175 ὁ
2349 3122 2500 3190 Θεὸς,
2564 3120 2690 3177 ἀλλ’
2750 3126 2800 3176 ἐν
2850 3123 3011 3178 παντῖ
3074 3118 3213 3179 ἔυνει
3277 3125 3305 3178 6
3358 3120 3704 3201 φοϐούμενος
3751 3118 3892 3182 αὐτὸν,

2289 3207 2473 3272 δεκτὸς
2500 3209 2645 3281 αύτῴ
2677 3210 2835 3266 ἐστιν.
2873 3235 2900 3261 ›)
2931 3212 3007 3267 Οὐ
3039 3212 3142 3286 γὰρ
3195 3212 3261 3283 ἦν
3319 3215 3345 3267 ὁ
3405 3213 3578 3268 εἰπὼν
3629 3215 3800 3266 ταῦτα.
3847 3203 3896 3261 Εἴ

528 3273 651 3365 ἱοιει
668 3306 769 3377 qui
801 3305 929 3360 haec
959 3302 1205 3357 dixerat.
1238 3303 1383 3356 Nam
1416 3301 1464 3356 si
1515 3301 1627 3354 hoc
1657 3299 1730 3354 ab
1760 3299 1931 3355 initio
1958 3298 2173 3371 ιπωῶ-

2290 3295 2346 3354 δὲ
2373 3304 2534 3354 τοῦτο
2566 3300 2709 3374 παρὰ
2737 3300 2838 3368 τήν
2872 3301 3051 3374 ἀρχὴν
3110 3305 3208 3354 106
3263 3301 3627 3377 κηρύγματος
3682 3299 3892 3367 ποιήσας,

531 3395 782 3453 cationis
810 3393 986 3459 facto,
1018 3391 1312 3464 persuasit
1341 3388 1620 3444 omnibus
1651 3388 1809 3459 quod
1858 3396 1977 3443 non
2020 3388 2174 3444 male

532 3482 993 3558 egisset,Spiritu
1025 3482 1218 3552 ipsum
1250 3478 1323 3532 ad
1354 3478 1466 3531 hoc
1497 3476 1852 3531 inducente:
1879 3477 2174 3548 quomodo

531 3590 691 3632 nunc
720 3578 853 3645 post
880 3576 1109 3628 tantum
1142 3573 1396 3636 tempus,
1430 3569 1742 3635 postquam
1773 3564 2019 3621 dederat
2069 3568 2174 3621 Pe-

524 3672 651 3722 trus
683 3662 1151 3735 experimentum
1209 3654 1297 3708 sui
1357 3653 1503 3707 recti
1552 3652 1768 3723 operis,
1816 3669 2051 3708 rursum
2084 3654 2173 3709 illi

527 3770 675 3828 opus
707 3757 832 3808 erat
864 3743 1209 3816 hujusmodi
1267 3741 1706 3812 dispensatione
1737 3741 1765 3795 ‘2
1800 3742 1916 3797 Hoc
1950 3748 2171 3811 tamen,

527 3843 686 3918 quod
742 3835 1139 3908 reprehensus
1201 3836 1373 3897 esset,
1419 3836 1611 3902 potest
1647 3829 1758 3886 hoc
1790 3831 1966 3886 etiam
1997 3833 2173 3888 modo

524 3927 777 3997 intelligi
814 3942 826 3978 :
852 3921 1025 3977 Nulla
1055 3919 1173 3975 alia
1202 3919 1313 3975 fuit
1343 3920 1513 3985 mihi,
1560 3920 1643 3975 ait
1672 3920 1908 3983 Paulus,
1941 3921 2171 3977 occasio

523 4018 722 4090 palam
753 4013 806 4068 ei
840 4009 1152 4066 resistendi
1184 4015 1243 4065 et
1272 4026 1408 4065 eum
1460 4009 1842 4081 corripiendi,
1874 4010 1986 4065 nisi
2016 4011 2173 4083 quod

526 4105 596 4163 de
629 4102 918 4158 sumendo
950 4100 1147 4156 cibum
1178 4117 1297 4155 una
1326 4116 1459 4155 cum
1491 4099 1854 4155 circumcisis
1884 4105 2058 4156 antea
2086 4118 2174 4156 re-

524 4192 856 4267 prehensus
884 4190 1093 4248 fuisset
1122 4207 1156 4246 a
1182 4189 1399 4245 Iudaeis
1421 4189 1657 4260 quando
1707 4206 1841 4245 cum
1900 4191 2172 4246 Cornelio

527 4284 729 4343 ederat
753 4300 765 4338 :
799 4282 912 4339 nisi
943 4282 1103 4337 enim
1127 4279 1336 4335 fuisset
1362 4285 1536 4335 antea
1562 4280 1958 4351 reprehensus
1989 4281 2061 4336 ab
2084 4281 2174 4336 his

526 4390 675 4449 quos
704 4372 784 4427 ibi
812 4369 1162 4434 offenderat,
1195 4384 1571 4440 nequaquam
1604 4385 1763 4424 nunc
1820 4369 2125 4425 metuisset
2159 4387 2171 4424 :

526 4462 684 4536 quod
717 4461 764 4516 si
796 4476 916 4515 non
948 4458 1274 4524 metuisset,
1307 4457 1474 4512 nulla
1504 4456 1712 4513 fuisset
1742 4474 1889 4529 opus
1938 4476 2173 4530 correp-

524 4553 683 4608 tione
714 4555 815 4606 aut
846 4547 1087 4621 publica
1116 4546 1475 4602 resistentia.
1504 4547 1713 4600 Verum
1756 4545 1899 4617 quid
1930 4548 2173 4602 omnino

2287 3382 2493 3445 ἔπεισεν
2527 3383 2762 3450 ἅπαντας
2796 3389 2870 3449 ὡς
2904 3388 2966 3442 ού
2999 3392 3181 3453 κακῶς
3238 3389 3487 3461 ἐποίησε,
3544 3395 3642 3446 106
3687 3387 3894 3459 Πνεύμα-

2286 3499 2378 3540 τος
2427 3478 2586 3532 αὐτὸν
2656 3478 2732 3540 εἷς
2787 3481 2954 3533 τοῦτο
3005 3477 3316 3555 ἐνάγοντος,
3359 3486 3481 3543 πῶς
3543 3483 3603 3536 ἅν
3652 3484 3737 3533 νῦν
3787 3472 3891 3550 ptri

2284 3571 2544 3623 τοσοῦτον
2578 3562 2802 3646 χρόνον,
2836 3567 2968 3639 μετὰ
2989 3566 3051 3621 τὸ
3101 3572 3290 3643 πεῖραν
3350 3566 3543 3625 δοῦναι
3594 3569 3686 3624 τὸν
3728 3564 3889 3637 Βέτρον

2283 3663 2383 3725 τῆς
2416 3656 2620 3718 οἰκείας
2651 3656 2868 3731 ἀρετῆς,
2902 3653 3098 3726 ἐδεήθη
3132 3656 3296 3712 πάλιν
3326 3665 3426 3728 τῆς
3484 3657 3735 3725 τοιαύτης
3770 3652 3886 3708 οἱκο-

2282 3748 2479 3818 νομίας
2513 3766 2526 3815 ;
2558 3748 2637 3804 Τὸ
2676 3743 2734 3801 δὲ
2783 3747 2866 3802 ὃτι
2921 3747 3365 3821 κατεγνωσμένος
3413 3748 3506 3817 ἧν,
3570 3746 3771 3803 δύνασαι
3818 3738 3886 3796 καὶ

2286 3836 2459 3897 οὓτως
2486 3842 2702 3904 νοῆσαι’
2737 3836 2933 3912 Γέγονέ
2993 3857 3108 3907 μοι,
3159 3836 3316 3916 φησὶ,
3348 3839 3621 3916 πρόφασις
3644 3839 3732 3892 τοῦ
3780 3827 3884 3886 κατὰ

2284 3925 2577 3999 πρόσωπον
2612 3924 2757 3996 αὐτῷ
2787 3925 3097 3994 ἀντιστῆναι
3146 3915 3237 3980 καὶ
3269 3915 3541 4000 διελέγξαι
3575 3926 3748 3993 αὐτὸν,
3775 3915 3882 3975 ἄλλο

2288 4014 2382 4084 μὲν
2419 4009 2598 4082 οὐδὲν,
2630 4009 2666 4081 ἤ
2700 4012 2783 4067 ὅτι
2814 4014 2939 4089 περὶ
2984 4017 3081 4068 106
3131 4016 3422 4079 συνεσθίειν
3476 4022 3599 4079 τοῖς
3656 4012 3702 4069 ἐν
3752 4010 3883 4082 ἀκρο-

2284 4098 2476 4175 ϐυστίᾳ
2558 4105 3114 4181 προκατεγνωσμένος
3198 4106 3265 4173 ἦν
3320 4105 3428 4161 ἀπὸ
3483 4112 3597 4161 τῶν
3653 4095 3879 4161 Ἰουδαίων

2283 4192 2372 4247 ’ὁτε
2407 4190 2486 4265 τῷ
2548 4192 2832 4266 Κορνηλίῳ
2890 4195 3197 4273 συνέφαγεν.
3244 4195 3305 4250 Ei
3369 4196 3444 4267 μὴ
3505 4195 3611 4273 γὰρ
3690 4203 3880 4273 προκατέ-

2285 4281 2530 4357 εγνώσθη
2582 4284 2710 4358 παρ’
2767 4284 2948 4338 αὐτῶν
3009 4271 3528 4348 σκανδαλισθέντωνή
3560 4271 3798 4349 ἐκεῖ,σύκ
3837 4271 3880 4330 εν

2283 4378 2378 4427 ν’ύν
2423 4371 2721 4441 ὑπεστάλη.
2755 4374 2848 4442 Μὴ
2896 4371 3296 4434 ὑποσταλέντος
3355 4371 3434 4440 δὲ,
3493 4375 3599 4432 οὐκ
3650 4373 3712 4442 ἦν
3759 4362 3877 4443 χρεία

2281 4466 2379 4516 106
2412 4482 2471 4517 τε
2501 4460 2760 4538 ἐλέγχου,
2791 4468 2892 4531 τῆς
2922 4483 2981 4517 τε
3038 4463 3173 4517 κατᾶ
3229 4464 3521 4538 πρόσωπον
3552 4459 3878 4519 ἀντιστάσεωςο

2284 4551 2352 4607 Τί
2382 4548 2439 4606 δὲ
2496 4550 2643 4612 ὅλως
2702 4549 2904 4628 ὠφελεῖ
2961 4554 2996 4622 ἡ
3053 4551 3191 4607 κατᾶ
3248 4553 3542 4627 πρόσωπον
3582 4552 3874 4610 ἀντίστασίςῖ

468 4642 473 4649 ’
522 4641 763 4714 prodest
792 4636 1026 4711 publice
1056 4634 1374 4691 resistere?
1403 4667 1471 4674 —
1511 4636 1656 4700 Quia
1695 4642 2023 4706 opportune
2058 4637 2173 4708 egit

2288 4674 2351 4684 ...
2384 4642 2544 4714 [ΤΟΥ
2576 4642 2846 4714 ΑΥΤΟΥ.]
2876 4642 3001 4697 ’Ότι
3061 4641 3323 4717 εὐκαίρως
3380 4641 3610 4713 ἐποίησε
3663 4640 3879 4714 λεχθῆναι

523 4738 590 4787 ut
618 4745 814 4787 coram
847 4726 1065 4783 Iudaeis
1095 4725 1315 4780 dictum
1350 4730 1505 4780 esset
1533 4740 1544 4778 :
1579 4726 1693 4778 Nos
1724 4730 1939 4779 natura
1985 4725 2171 4780 Judaei

526 4826 585 4875 et
615 4837 735 4874 non
767 4836 835 4873 ex
859 4816 1137 4891 gentibus
1169 4820 1527 4887 peccatores,
1583 4829 1834 4884 cumque
1888 4814 2174 4871 sciremus

527 4907 686 4980 quod
715 4924 836 4962 non
860 4905 1223 4978 justificetur
1244 4905 1422 4960 homo
1451 4920 1521 4958 ex
1551 4902 1829 4975 Operibus
1860 4902 2025 4975 legis,
2059 4896 2172 4959 nisi

526 5013 633 5070 per
658 4996 837 5053 fidem
861 4997 997 5052 Jesu
1032 4994 1270 5060 Christi,
1304 5000 1361 5049 et
1389 5010 1497 5049 nos
1536 4993 1597 5048 in
1629 4993 1924 5048 Christum
1971 4994 2169 5050 losum

525 5084 885 5144 credidimus
906 5090 972 5140 ut
994 5084 1462 5155 justiﬁcaremur
1487 5083 1546 5136 in
1577 5081 1691 5137 ﬁde
1722 5081 1933 5137 Christi
1964 5089 2021 5137 et
2050 5100 2170 5140 non

527 5193 597 5231 ex
624 5172 898 5246 operibus
929 5172 1074 5242 legis
1109 5189 1121 5226 :
1156 5173 1294 5243 quia
1317 5174 1441 5228 haec
1472 5188 1671 5227 coram
1702 5173 1978 5228 omnibus
2014 5173 2169 5229 dicta

525 5268 685 5329 sunt,
716 5261 829 5318 fuit
863 5260 1101 5332 publica
1132 5261 1491 5318 resistentia.
1553 5262 1783 5316 Etenim
1842 5263 1891 5317 si
1950 5262 2167 5333 aliquis

523 5371 689 5412 error
721 5351 943 5414 fuisset,
977 5350 1334 5420 oportuisset
1358 5352 1629 5422 privatim
1652 5368 1897 5425 arguere
1939 5359 1995 5409 et
2026 5371 2163 5409 cor-

521 5448 733 5520 rigere.
769 5443 1001 5500 dicente
1036 5441 1283 5496 Domino
1314 5444 1463 5498 732
1495 5460 1507 5496 :
1542 5466 1567 5491 «
1604 5444 1660 5498 Si
1695 5446 2021 5515 peccaverit
2049 5445 2163 5503 rm.

523 5543 614 5595 ter
642 5542 779 5592 tuus
803 5533 1034 5606 corripe
1090 5547 1226 5588 eum
1284 5532 1560 5603 privatim
1595 5550 1607 5588 :
1641 5535 1797 5605 quod
1826 5535 1873 5590 si
1905 5552 2025 5593 non
2056 5537 2161 5593 ob-

602 5691 623 5725 ⁸
650 5691 759 5745 Act
796 5705 854 5756 ι,
886 5688 976 5744 35.

2288 4724 2587 4803 ἔμπροσθεν
2619 4734 2727 4783 τῶν
2760 4727 3058 4798 Ἰουδαίων,
3090 4732 3174 4799 τὸ,
3215 4733 3403 4803 Ἡμεῖς
3458 4733 3613 4813 φύσει
3652 4724 3874 4791 Ἰουδαῖοι,

2285 4819 2373 4872 καὶ
2407 4818 2505 4873 ούκ
2526 4817 2575 4888 ἐξ
2610 4817 2770 4873 ἐθνῶν
2799 4819 3145 4894 ἁμαρτωλοὶ,
3193 4818 3393 4883 εἰδότες
3424 4821 3507 4877 ὅτι
3566 4822 3630 4878 ού
3683 4813 3874 4874 δικαιοῦ-

2282 4928 2367 4963 ται
2402 4905 2681 4982 ἃνθρωπος
2712 4907 2760 4979 ἐξ
2807 4906 2980 4986 ἔργων
3037 4909 3233 4982 νόμου,
3275 4908 3362 4965 ἐὰν
3424 4914 3500 4984 μὴ
3559 4910 3648 4967 διὰ
3691 4905 3875 4965 πίστεως

2283 4999 2464 5068 Ἰησοῦ
2517 5001 2783 5072 Χριστοῦ,
2865 4997 2956 5053 καὶ
3044 4999 3209 5072 ἡμεῖς
3296 4999 3370 5055 εἰς
3430 5002 3660 5076 Χριστὸν
3711 4986 3871 5067 Ἰηωῶ

2280 5086 2665 5154 ἐπιστεύσαμεν
2721 5088 2813 5142 ἳνα
2873 5085 3255 5161 δικαιωθῶμεν
3312 5088 3370 5145 ἐκ
3409 5089 3644 5152 πίστεως
3671 5076 3870 5162 Χρισῗῧὸ

2278 5176 2369 5231 καὶ
2404 5176 2501 5232 οὐκ
2569 5177 2619 5247 ἐξ
2669 5174 2844 5254 ἔργων
2917 5179 3110 5250 νόμου·
3173 5175 3263 5234 διὰ
3317 5180 3379 5234 τὸ
3436 5177 3699 5256 λεχθῆναι
3747 5174 3870 5229 ταῦτα

2278 5262 2583 5340 ἔμπροσθεν
2642 5269 2876 5335 πάντων,
2934 5265 3153 5344 γέγονεν
3201 5270 3236 5338 ἡ
3294 5270 3432 5325 κατᾶ
3487 5271 3760 5345 πρόσωπον
3804 5259 3871 5313 ἂν·

2272 5355 2534 5416 τίστασις.
2590 5357 2738 5411 Ἐπεὶ
2817 5342 2987 5431 ἐχρῆν
3048 5353 3200 5432 εἷ’περ
3287 5355 3390 5431 ἄρα
3444 5379 3499 5414 τι
3533 5342 3760 5439 σφάλμα
3800 5342 3866 5439 ἦν’

2272 5446 2388 5501 κατ’
2431 5442 2568 5498 ἰδίαν
2629 5442 2913 5520 ἐγκαλέσαι
2951 5443 3043 5500 καὶ
3085 5442 3511 5520 διορθώσασθαι,
3564 5436 3659 5503 106
3708 5436 3866 5505 Κυρίου

2276 5533 2554 5609 λέγοντοςο
2610 5554 2630 5582 ι
2700 5532 2820 5590 Ἐὰν
2878 5532 3091 5608 ἁμάρτῃ
3158 5536 3186 5589 6
3246 5531 3481 5616 ἀδελφός
3537 5557 3655 5608 σου,
3701 5526 3864 5603 ἔλεγεν*
