4128 6192
296 407 453 469 1113

1321 392 1737 458 COMMENT.
1786 389 1861 449 ΙΝ
1909 387 2159 449 EPIST.
2207 390 2311 449 AD
2356 390 2636 451 GALAT.

3552 393 3707 453 1114

291 541 454 599 αὐτὸν
485 538 604 595 κατ’
661 533 825 594 ἰδίαν.
886 535 1231 596 ’Λπειοοῦντι
1290 527 1368 598 δὲ,
1430 526 1522 583 καὶ
1577 525 1791 603 ἐτέρους
1848 521 1940 579 καὶ

2073 526 2493 598 .emperaverit,
2546 526 2691 582 alios
2744 544 2980 600 quoque
3032 527 3211 583 simul
3271 533 3328 581 et
3383 529 3705 584 Ecclesiam

296 632 396 699 τὴν
458 626 752 698 ἐκκλησίαν
814 622 1127 694 ἐπίστησον.
1232 642 1253 669 ι
1307 619 1432 676 Ὀτι
1506 614 1949 692 κατεγνωσμένος

287 720 378 789 ἧν.
411 743 437 771 ››
471 714 928 793 Κατεγνωσμένος
978 714 1044 780 ἦν
1107 711 1134 763 ὁ
1188 709 1415 783 Πὲτρος,
1472 704 1532 760 οὗ
1589 708 1657 778 τῇ
1714 701 1951 793 ἀληθείᾳ

290 806 416 865 οὔτε
483 789 638 881 παραγ
703 801 925 858 Παύλου
980 804 1078 856 τοῦ
1143 801 1242 867 τήν
1333 795 1648 869 οἰκονομίαν
1718 789 1947 857 εἰδότος,

289 901 463 972 ἄπαγε
500 897 512 953 ί
545 893 691 952 ἀλλᾶ
720 894 869 965 παρὰ
896 896 1004 945 τῶν
1037 888 1382 967 ἀγνοούντων
1435 883 1497 940 τὸ
1547 878 1951 953 οἰκονομούμε-

290 1010 404 1057 νον,
462 986 552 1041 καὶ
613 983 882 1056 οἰομένων
942 978 1319 1052 ὑποκρίνεσθαι
1409 972 1498 1028 διὰ
1579 973 1642 1026 τὸ
1696 975 1948 1045 πρᾶγμα,

296 1078 382 1133 δτὶ
414 1076 662 1131 ἀπόντων
696 1072 793 1144 μὶν
833 1077 940 1127 τῶν
1001 1067 1051 1138 ἐξ
1112 1063 1385 1122 Ἰουδαίων
1433 1067 1638 1118 πιστῶν
1694 1058 1950 1144 συνήσθιε

292 1171 411 1229 τοῖς
462 1164 651 1232 ἔθνεσι,
698 1143 997 1233 παρόντων
1064 1154 1137 1219 δὲ,
1200 1153 1301 1208 οὐκ
1369 1152 1465 1208 ἔτι.
1537 1146 1705 1210 Οἶδας
1774 1146 1832 1203 δὲ
1896 1143 1946 1199 τί

289 1256 742 1332 παραγὲγραπται
842 1246 933 1303 διὰ
1036 1248 1244 1319 Κηφᾶν.
1326 1240 1524 1299 «Ἀπὸ
1600 1233 1878 1295 Ἰακώϐου.
1918 1260 1946 1287 ››

296 1325 555 1405 Ἰἀκωδος
632 1343 659 1396 ὁ
731 1343 827 1394 τοῦ
900 1339 1147 1411 Χριστοῦ
1247 1329 1596 1408 χρηματίσας
1690 1325 1945 1405 ἀδελφὸς,

293 1433 589 1492 ἐπίσκοπος
646 1431 709 1498 ἦν
769 1423 1190 1502 Ἱεροσολύμων.
1258 1421 1382 1477 Ἀπ’
1434 1418 1599 1472 αὐτοῦ
1659 1416 1753 1470 οὖν
1810 1414 1944 1469 ἀπο-

294 1521 577 1582 σταλέντες
607 1519 779 1588 ἧλθον
822 1515 875 1586 ἐξ
934 1510 1212 1571 Ἰουδαίων
1260 1507 1661 1575 πιστεύσαντες,
1720 1498 1797 1559 ἔτι
1855 1503 1947 1558 καὶ

286 1616 383 1668 τοῦ
456 1609 626 1684 νόμου
701 1606 982 1682 ἐχόμενοι.
1079 1597 1404 1656 ’Υπέστελλε
1494 1596 1586 1651 καὶ
1678 1594 1947 1684 ἀφώριζεν

284 1700 496 1757 ἑαυτόν.
525 1682 562 1748 ἡ»
596 1698 689 1754 Ἐκ
729 1703 830 1764 τῆς
889 1697 997 1748 τῶν
1052 1690 1277 1745 ἐθνικῶν
1327 1685 1590 1758 δηλονότι
1638 1682 1940 1744 συνουσίας.

284 1792 358 1848 Τὸ
391 1787 467 1859 δὲ,
512 1812 539 1839 ‹‹
577 1781 957 1857 Φοϐούμενος,
1024 1781 1087 1835 οὗ
1136 1783 1298 1834 τοῦτο
1352 1775 1498 1852 λέγει
1547 1776 1631 1831 ὃτι
1682 1770 1942 1831 δεδοικὼς

2056 615 2291 670 adhibe.
2314 638 2341 666 n
2373 645 2432 656 —
2459 638 2484 665 ‹‹
2513 616 2676 680 Quod
2696 618 3094 688 reprehensus
3118 622 3293 671 esset.
3321 639 3348 666 n
3373 618 3707 688 Reprehen-

2056 721 2156 759 sus
2188 710 2313 759 erat
2342 706 2550 759 Petrus
2581 722 2700 760 non
2724 707 2890 776 justa
2919 705 2989 760 de
3021 721 3220 768 causa,
3251 721 3443 776 neque
3470 722 3504 760 a
3527 705 3704 759 Paulo

2055 793 2155 864 qui
2186 792 2692 864 dispensationem
2728 800 2969 849 noverat
2993 811 3006 848 :
3040 794 3195 849 absit
3223 793 3235 849 ί
3271 794 3374 848 sed
3396 793 3468 848 ab
3494 794 3586 848 his
3605 795 3707 865 qui

2055 881 2408 954 ignorabant
2423 883 2563 954 quid
2587 883 2985 955 dispensative
3008 888 3367 954 ageretur,et
3387 882 3707 954 opinaban-

2053 978 2151 1028 tur
2181 988 2249 1028 ex
2276 988 2338 1026 re
2368 973 2499 1043 ipsa
2518 972 2643 1028 ﬁeri
2669 972 3114 1027 simulationem
3140 988 3153 1026 :
3180 972 3339 1043 quod
3360 971 3707 1028 absentibus

2055 1062 2296 1134 quidem
2325 1062 2544 1117 Iudmis
2576 1062 2853 1117 fidelibus
2886 1079 3018 1117 cum
3051 1061 3323 1134 gentibus
3355 1061 3708 1125 ederet,non

2052 1156 2251 1207 autem
2284 1151 2698 1222 praesentibus.
2758 1152 2918 1207 Nosti
2969 1156 3169 1206 autem
3218 1150 3363 1222 quid
3423 1152 3707 1222 scriptum

2052 1257 2120 1297 ac
2146 1241 2586 1314 promulgatum
2621 1241 2699 1296 sit
2728 1245 2970 1313 propter
2991 1241 3250 1312 Cephan.
3290 1264 3311 1290 ιι
3339 1243 3386 1295 Α
3414 1240 3651 1297 Iacobo.
3679 1264 3706 1289 ››

2049 1330 2302 1387 Iacobus
2333 1330 2430 1385 hic
2469 1330 2687 1385 Christi
2746 1331 2929 1387 frater
2984 1329 3337 1401 appellatus,
3395 1331 3709 1402 episcopus

2054 1426 2181 1475 erat
2209 1419 2755 1491 Hierosolymorum
2785 1437 2796 1473 :
2829 1419 2901 1475 ab
2935 1420 3061 1490 ipso
3094 1420 3272 1491 igitur
3302 1419 3469 1475 missi
3530 1436 3708 1475 vene-

2052 1516 2186 1565 rant
2219 1510 2319 1581 qui
2352 1525 2420 1564 ex
2447 1509 2666 1565 Iudaais
2698 1509 3077 1565 crediderant
3105 1510 3477 1565 adhaerentes
3515 1510 3709 1564 adhuc

2052 1599 2185 1672 legi.
2215 1620 2239 1647 ‹‹
2266 1598 2591 1653 Verebatur
2612 1603 2670 1654 et
2692 1598 3038 1671 segregabat
3058 1614 3141 1654 se.
3160 1618 3183 1647 υ
3204 1610 3244 1650 Α
3266 1598 3532 1671 gentium
3554 1597 3709 1653 vide:

2052 1686 2848 1753 licetconversationeQuod
2860 1694 3059 1743 autem
3074 1686 3367 1752 additur,«
3383 1689 3707 1753 Metuens,»

2051 1795 2172 1834 non
2195 1778 2306 1833 hoc
2329 1777 2611 1850 intelligit
2638 1776 2795 1848 quod
2828 1777 3063 1831 timeret
3086 1793 3159 1831 ne
3180 1776 3321 1845 quid
3344 1776 3416 1831 ab
3439 1777 3585 1847 ipsis
3612 1792 3708 1848 pa-

290 1880 488 1941 αὗτοὺς
525 1880 600 1953 μή
649 1898 701 1932 τι
761 1875 901 1944 πάθῃ
955 1873 1081 1946 παρ’
1140 1871 1340 1935 αὐτῶν,
1400 1866 1545 1922 ἀλλᾶ
1603 1859 1943 1942 φοϐούμενος

2073 1872 2312 1923 eretur:
2347 1866 2449 1922 sed
2480 1872 2756 1921 metuens
2788 1882 2861 1920 ne
2884 1866 3312 1922 oﬂ'endiculum
3336 1866 3495 1938 passi
3513 1866 3711 1920 resili-

295 1974 371 2048 μὴ
434 1963 929 2031 σκανδαΛισθέντες,
984 1961 1428 2033 ἅποσκιρτήσωσι
1512 1962 1613 2026 τῆς
1685 1954 1941 2013 πίστεως.

306 2085 326 2112 α
366 2058 463 2115 Καὶ
495 2054 957 2129 συνυπεκρίθησαν
989 2052 1160 2123 αὐτῷ.
1198 2074 1226 2102 ››
1256 2048 1564 2123 Ὑπόκρισιν
1611 2045 1675 2100 τὸ
1723 2047 1947 2119 πρᾶγμα

298 2146 480 2214 καλεῖ,
554 2146 645 2200 ἳνα
718 2147 753 2213 ἡ
831 2140 1120 2213 οἰκονομία
1195 2134 1670 2210 ἐκκαλυπτομέθη,

300 2240 492 2317 ὠφελῇ
522 2238 650 2298 τοὺς
683 2235 741 2290 ἐκ
782 2238 1089 2308 περιτομῆς
1140 2226 1389 2290 πεστούς.
1445 2250 1471 2278 ‹‹
1504 2227 1601 2280 Καὶ
1651 2227 1702 2279 o't
1757 2220 1947 2278 λοιποὶ

301 2315 582 2387 Ἰουδαῖοι.
655 2349 682 2376 ››
736 2325 906 2380 Ἦσαν
966 2324 1069 2395 γὰρ
1127 2318 1218 2373 καὶ
1300 2315 1465 2372 ἄλλοι
1519 2315 1577 2369 ἐκ
1640 2316 1947 2386 περιτομῆς

300 2418 485 2474 πιστοὶ
517 2417 592 2478 εἰς
625 2414 991 2487 Ἀντιόχειαν,
1050 2410 1101 2464 οἰ
1153 2407 1243 2463 καὶ
1292 2406 1471 2475 αὐτοὶ,
1523 2402 1706 2482 φησὶν,
1745 2401 1949 2477 ἀφώρι-

301 2529 395 2564 σαν
430 2505 650 2567 ἒαυτοὺς
685 2503 744 2558 ἐκ
772 2507 879 2557 τῶν
908 2501 957 2570 ἐξ
1016 2494 1400 2573 ἀκροϐυστίας,
1454 2492 1543 2550 διὰ
1590 2494 1715 2554 τοὺς
1764 2489 1952 2546 ἐλθόν-

300 2618 397 2658 τας
429 2595 534 2650 ἀπὸ
565 2587 846 2650 Ἰακώϐου.

377 2683 538 2740 Ἀλλ’
633 2681 722 2738 ὅτε
823 2677 970 2735 εἶδον
1045 2677 1128 2732 ὅτι
1204 2677 1304 2732 οὐκ
1379 2670 1737 2749 ὁρθοποδοῦσι
1814 2671 1950 2745 πρὸς

305 2777 405 2844 τὴν
478 2773 737 2843 ἀλήθειαν
813 2774 910 2825 τοῦ
986 2764 1354 2845 Εὐαγγελίου,
1431 2764 1582 2819 εἶπον
1679 2767 1758 2834 τῷ
1853 2757 1954 2816 Πέ-

302 2885 419 2941 τρῳ
492 2862 796 2938 ἔμπροσθεν
890 2860 1127 2913 πάντων·
1205 2857 1270 2913 Ei
1346 2853 1409 2908 σὺ
1485 2849 1749 2913 Ἰουδαῖος
1854 2850 1957 2906 ὁπ-

305 2938 519 3031 άρχων,
588 2952 814 3015 ἐθνικῶς
896 2952 994 3020 ζῇς
1078 2947 1171 3001 καὶ
1251 2942 1349 2998 οὔκ
1396 2938 1731 3009 Ἰουδαϊκῶς,
1781 2938 1835 2994 τί
1890 2939 1959 2992 τὰ

560 3040 879 3114 ἀναγκάζεις
1006 3032 1319 3102 Ἰουδαῖζειν
1392 3051 1405 3100 ;
1508 3031 1700 3099 Ἡμεῖς
1802 3028 1957 3106 φύσει

304 3113 568 3192 Ἰουδαῖοι
632 3113 721 3184 καὶ
780 3127 880 3183 οὐκ
935 3124 987 3195 ἐξ
1075 3124 1240 3187 ἐθνῶν
1328 3116 1671 3194 ἁμαρτωλοὶ,
1758 3113 1962 3175 εἰδότες

308 3222 393 3276 ὅτι
463 3219 528 3273 οὐ
596 3215 897 3271 δικαιοῦται
991 3209 1269 3286 ἅνθρωπος
1367 3207 1416 3277 ἐξ
1506 3203 1677 3282 ἔργων
1762 3203 1959 3278 νόμου,

310 3307 399 3364 ἐὰν
459 3309 534 3381 μῆ
606 3302 693 3360 διὰ
749 3303 981 3364 πίστεως
1035 3303 1219 3371 Ἰησοῦ
1298 3299 1558 3369 Χριστοῦ.
1618 3293 1715 3351 Καὶ
1793 3294 1957 3366 ἡμεῖς

310 3396 388 3461 εἰς
461 3395 689 3468 Χριστὸν
794 3393 1001 3461 Ἰησοῦν
1075 3387 1481 3460 ἐπιστεύσαμεν,
1563 3384 1656 3437 ἳνα
1732 3379 1961 3436 δικαιω-

312 3465 609 3559 θῶμεν-ἐκ
669 3483 901 3544 πίστεως
997 3481 1257 3551 Χριστοῦ,
1326 3475 1417 3530 καὶ
1486 3474 1589 3528 οὐκ
1653 3472 1705 3542 ἐξ
1785 3465 1960 3546 ἔργων

307 3576 505 3651 νόμου.
575 3573 722 3629 Διότι
786 3572 855 3626 οὐ
923 3567 1339 3637 δικαιωθήσεται
1407 3566 1458 3636 ἐξ
1534 3560 1709 3638 ἔργων
1786 3559 1960 3651 νόμου

310 3648 457 3722 πάσα
531 3665 680 3739 σάρξ.
768 3662 832 3719 Εἰ
926 3658 983 3715 δὶ
1073 3660 1360 3729 ζητοῦντες
1455 3651 1811 3720 δικαιωθῆναι
1910 3648 1962 3704 ἐν

311 3759 556 3831 Χριστῷ,
631 3752 926 3826 εὗρὲθημεν
1001 3748 1092 3801 καὶ
1167 3744 1322 3801 αὐτοὶ
1414 3740 1760 3818 ἁμαρτωλοὶ,
1860 3740 1961 3815 ἄρα

313 3844 552 3920 Χριστὸς
576 3840 843 3918 ἁμαρτίας
876 3836 1159 3904 διάκονος;
1194 3836 1286 3904 Μὴ
1321 3832 1557 3908 γένοιτο.

390 3933 492 4005 ΟΊᾳ
524 3930 736 4002 διανοίᾳ
766 3927 975 4003 ε’ίρηται
1005 3928 1090 3994 τὸ,
1142 3950 1168 3977 ‹‹
1205 3923 1680 3997 Συνυπεκρίθησαν
1734 3922 1904 3991 αὐτῷ,
1934 3944 1961 3971 ››

316 4024 541 4098 τοιαύτῃ
572 4022 659 4078 καὶ
690 4021 773 4086 τὸ,
810 4044 828 4070 ι
853 4017 968 4074 Οὐκ
997 4012 1413 4091 ὂρθοδοποῦσιν,
1438 4038 1463 4064 ››
1497 4008 1726 4088 ἐλέχθη,
1753 4010 1832 4068 Οὐ
1860 4010 1962 4084 γὰρ

320 4113 579 4189 βούλεται
655 4113 753 4181 τὴν
827 4106 1144 4175 οἰκονομίαν
1218 4100 1582 4177 ἀνακαλῦψαι,
1625 4101 1819 4176 «Πρὸς
1861 4101 1960 4167 τῆν

316 4188 574 4273 ἇλήθειαν
646 4203 742 4254 τοῦ
818 4193 1173 4270 Εὖαγγελίου.
1210 4216 1238 4243 ››
1268 4192 1332 4248 ’Π
1390 4190 1493 4265 γὰρ
1564 4188 1797 4259 ἀλήθεια
1868 4190 1965 4240 τοῦ

319 4287 663 4365 Εὐαγγελίου
690 4284 800 4340 ἐστὶ
831 4284 892 4338 τὸ
937 4284 1076 4354 μήτε
1124 4280 1490 4353 περιτέμνειν,
1546 4279 1685 4365 μήτε
1724 4276 1968 4365 ,ἀποχω-

322 4383 433 4455 ρεῖν
466 4363 571 4431 τῶν
602 4374 650 4444 ἐξ
682 4366 1039 4447 ἀκροϐυστίας
1070 4372 1296 4424 πιστῶν.
1334 4390 1362 4418 ‹‹
1393 4366 1512 4424 Οὔκ
1556 4363 1631 4419 ἔνι
1676 4364 1777 4438 γὰρ
1824 4364 1968 4419 Ἰου-

323 4465 478 4529 δαῖος
507 4462 630 4519 οὔδε
656 4458 892 4531 Ἕλλην.
932 4482 959 4509 »

397 4577 425 4606 ‹‹
459 4552 640 4609 Εἰπὼν
671 4554 752 4622 τῷ
777 4548 965 4623 Πέτρῳ
1023 4542 1323 4619 ἔμπροσθεν
1370 4541 1605 4596 πάντων.
1633 4562 1661 4591 ››
1692 4539 1852 4613 Ὁρᾷς
1882 4536 1968 4593 ὅτι

1751 2131 1946 2206 μηκέτι
2003 2171 2008 2175 .

2058 1962 2192 2012 rent
2220 1974 2255 2012 a
2286 1955 2423 2011 fide.
2458 1981 2484 2005 ιι
2521 1960 2600 2010 Ac
2632 1955 2997 2011 simulabant
3021 1972 3154 2011 cum
3187 1972 3277 2011 eo.
3309 1978 3336 2003 »
3371 1955 3708 2011 Simulatio-

2059 2064 2195 2103 nem
2227 2046 2487 2118 appellat
2512 2062 2638 2101 rem
2661 2047 2870 2117 ipsam,
2896 2046 2981 2100 sic
3002 2052 3064 2099 ut
3084 2045 3315 2100 occulta
3340 2044 3704 2115 dispensatio

2052 2138 2178 2211 jam
2211 2154 2329 2192 non
2363 2135 2673 2208 prodesset
2700 2134 3079 2190 credentibus
3110 2150 3179 2188 ex
3228 2133 3700 2189 circumcisione.

2063 2246 2091 2274 ‹‹
2123 2223 2329 2279 Caeteri
2357 2238 2592 2294 quoque
2622 2221 2828 2277 Iudaei.
2868 2243 2895 2269 »
2943 2222 3126 2275 Erant
3174 2219 3332 2275 enim
3385 2223 3443 2273 et
3488 2217 3589 2273 alii
3639 2233 3708 2272 ex

2062 2312 2517 2369 circumcisione
2569 2310 2882 2366 credentes
2928 2309 3279 2374 Antiochim,
3315 2308 3413 2379 qui
3456 2312 3515 2362 et
3568 2307 3704 2378 ipsi,

2064 2402 2279 2473 inquit,
2312 2399 2700 2474 segregabant
2740 2400 2966 2470 seipsos
2998 2397 3070 2454 ab
3102 2397 3174 2452 iis
3206 2398 3305 2468 qui
3358 2413 3429 2453 ex
3474 2411 3708 2468 praapu-

2064 2493 2224 2548 tiatis
2257 2492 2372 2546 sive
2428 2487 2862 2545 incircumcisis
2911 2495 3079 2542 erant
3119 2493 3361 2559 propter
3398 2503 3498 2541 eos
3545 2485 3712 2556 quia

2061 2582 2274 2639 Iacobo
2306 2584 2604 2637 venerant.

2136 2673 2205 2737 II,
2238 2674 2423 2725 14-17.
2465 2693 2485 2719 ι
2524 2670 2738 2723 Verum
2770 2667 2869 2722 ubi
2902 2666 3178 2720 vidissem
3211 2664 3367 2735 quod
3400 2680 3520 2718 non
3552 2667 3710 2719 recte

2067 2788 2093 2815 ι(
2130 2763 2475 2818 incederent
2507 2759 2581 2815 ad
2610 2760 2916 2814 veritatem
2943 2756 3262 2828 Evangelii,
3289 2754 3405 2809 dixi
3430 2756 3600 2808 Petro
3624 2770 3716 2808 co-

2070 2876 2096 2904 ι(
2131 2869 2258 2908 ram
2292 2849 2570 2906 omnibus
2597 2865 2609 2902 :
2642 2848 2700 2902 Si
2732 2852 2793 2901 tu
2826 2863 2960 2900 cum
2993 2846 3073 2899 sis
3101 2843 3357 2910 Iudaeus,
3416 2842 3720 2913 gentiliter

2071 2968 2099 2996 «
2133 2945 2275 2999 vivis
2307 2959 2373 2998 ac
2403 2958 2522 2995 non
2544 2939 2805 3002 Iudaice,
2830 2953 2936 2992 cur
2954 2942 3160 3009 gentes
3183 2936 3342 3003 cogis
3367 2934 3672 3007 judaizare
3693 2935 3721 2989 Ἰ

2073 3058 2101 3084 ‹‹
2133 3036 2244 3088 Nos
2274 3036 2489 3086 natura
2516 3028 2700 3083 Judaei
2735 3031 2792 3080 et
2821 3043 2942 3081 non
2972 3043 3040 3082 ex
3057 3025 3331 3098 gentibus
3353 3029 3714 3096 peccatores,

2074 3146 2102 3174 ‹‹
2136 3122 2392 3178 scientes
2422 3135 2543 3173 non
2568 3116 2885 3187 justificari
2919 3116 3222 3171 hominem
3247 3130 3313 3169 ex
3342 3112 3621 3185 operibus
3642 3112 3721 3167 le-

2076 3235 2105 3263 «
2136 3211 2245 3285 gis,
2278 3209 2393 3264 nisi
2425 3224 2531 3280 per
2560 3205 2739 3262 fidem
2767 3207 2905 3261 Iesu
2926 3205 3141 3262 Christi
3168 3220 3310 3271 ;nos
3341 3204 3399 3258 in
3422 3202 3720 3257 Christum

2075 3326 2101 3352 (ι
2133 3302 2331 3357 Iesum
2364 3296 2743 3358 credidimus,
2770 3294 3322 3366 utjustificaremur
3351 3308 3419 3347 ex
3446 3292 3559 3346 fide
3582 3292 3717 3347 Jesu

2072 3411 2103 3445 ι(
2134 3389 2368 3454 Christi,
2401 3392 2459 3444 et
2488 3402 2608 3441 non
2641 3401 2711 3439 ex
2742 3384 3021 3453 operibus
3052 3382 3218 3454 legis,
3261 3379 3545 3452 quoniam
3598 3395 3719 3434 non

2080 3502 2101 3530 α
2128 3477 2558 3554 justiticabitur
2583 3492 2653 3529 ex
2683 3472 2962 3545 operibus
2992 3471 3137 3545 legis
3159 3471 3354 3526 omnis
3375 3486 3532 3525 caro.
3557 3467 3723 3534 Quod

2073 3592 2101 3619 ι‹
2136 3570 2205 3637 si,
2242 3568 2383 3622 dum
2415 3565 2740 3637 qumrimus
2761 3562 3080 3633 justiﬁcari
3114 3577 3219 3633 per
3257 3561 3577 3626 Christum,
3629 3575 3724 3613 re—

2074 3683 2102 3710 ‹‹
2135 3658 2286 3732 perti
2320 3672 2523 3713 sumus
2555 3659 2609 3709 et
2644 3653 2755 3725 ipsi
2786 3657 3147 3725 peccatores,
3180 3667 3322 3706 num
3356 3665 3492 3721 ergo
3524 3648 3720 3703 Chris-

2075 3772 2102 3802 ‹‹
2137 3756 2231 3805 tus
2262 3747 2484 3821 peccati
2520 3744 2794 3800 minister
2825 3742 2965 3797 est?
2995 3739 3199 3796 Absit!

2146 3922 2364 3979 Eodem
2388 3918 2695 3976 intellectu
2726 3931 2842 3985 quo
2875 3914 3098 3968 dictum
3131 3916 3237 3980 est,
3292 3932 3318 3960 ‹‹
3352 3910 3723 3966 Simulabant

2077 4030 2210 4070 cum
2245 4029 2335 4077 eo,
2370 4032 2397 4060 ››
2431 4009 2610 4065 etiam
2642 4006 2867 4061 dictum
2901 4007 3008 4070 est,
3043 4023 3069 4052 «
3105 4003 3230 4057 Non
3275 4007 3432 4057 recte
3483 3999 3721 4065 incede-

2076 4107 2227 4158 rent.
2255 4122 2283 4149 ››
2312 4101 2437 4154 Non
2468 4095 2589 4150 vult
2619 4094 2779 4149 enim
2810 4090 3317 4164 dispensationem
3367 4090 3516 4145 783
3558 4088 3723 4144 dete-

2076 4206 2231 4264 gere.
2297 4210 2325 4237 ‹‹
2362 4185 2444 4240 Λᾶ
2503 4184 2809 4239 veritatem
2874 4179 3188 4250 Evangelii.
3229 4202 3249 4224 ι
3312 4181 3455 4234 Nam
3511 4179 3727 4232 veritas

2080 4275 2377 4349 Evangelii
2409 4279 2499 4329 est
2528 4287 2723 4343 neque
2754 4268 3123 4336 circumcidi,
3160 4284 3356 4338 neque
3385 4284 3420 4322 a
3450 4264 3726 4320 ﬁdelibus

2081 4364 2447 4422 circumcisis
2478 4360 2792 4434 segregari,
2827 4358 3122 4431 siquidem
3150 4379 3177 4407 ‹‹
3213 4358 3339 4412 Non
3373 4360 3461 4411 est
3490 4352 3726 4409 Iudaaus

2079 4470 2273 4526 neque
2305 4454 2558 4510 Graecus.
2595 4473 2623 4501 ››

2155 4540 2324 4595 «Dixi
2345 4542 2515 4596 Petro
2530 4553 2729 4593 coram
2743 4535 3039 4592 omnibus.
3070 4534 3276 4589 nVides
3290 4531 3445 4604 quod
3462 4534 3727 4603 propter

325 4644 413 4702 διὰ
439 4647 599 4699 τοῦτο
624 4638 928 4717 ἔμπροσθεν
960 4640 1176 4693 πάντων
1212 4633 1495 4707 ἐμέμψατο
1517 4635 1598 4702 τῷ
1623 4630 1832 4705 Πέτρῳ,
1867 4628 1958 4702 οὐ)

2084 4649 2153 4689 ea
2183 4647 2378 4687 coram
2413 4627 2692 4684 omnibus
2710 4623 3096 4698 reprehendit
3124 4625 3385 4686 Petrum,
3410 4637 3532 4676 non
3556 4621 3731 4674 utPe-

322 4736 410 4790 ’ἱνα
442 4733 645 4808 Πέτρου
674 4732 942 4804 καταγνῷ,
976 4724 1103 4781 ἀλλ’
1124 4721 1213 4778 ’ίνα
1240 4723 1367 4783 τοὺς
1398 4720 1458 4775 ἐκ
1496 4725 1825 4794 περιτομῆς,
1875 4738 1975 4773 κα-

327 4829 434 4888 θὼς
457 4824 800 4902 προείρηται,
822 4817 1113 4901 ὠφελήσῃ.
1141 4840 1169 4869 ιι
1192 4814 1257 4872 Εἰ
1280 4810 1620 4875 σὺἹουδαῖος
1644 4812 1926 4887 ὑπάρχων.
1946 4834 1975 4863 ››

331 4899 513 4975 Μόνον
545 4916 605 4970 οὐ
648 4899 893 4991 φανερῶς
946 4909 1063 4965 εἶπε
1110 4911 1225 4968 τοῖς
1276 4905 1380 4960 ἀπὸ
1437 4899 1722 4961 Ἰακώϐου’
1782 4902 1979 4977 Μιμή-

331 5007 490 5063 σασθε
539 5006 629 5060 τὸν
685 4998 1011 5057 διδάσκαλον
1072 4997 1225 5070 ὑμῶν
1282 4991 1504 5053 ἐθνικῶς
1562 4996 1759 5062 ζῶντα,
1814 5012 1979 5046 τουτ-

328 5094 494 5165 ἐστιν,
598 5091 1058 5167 ἀπαρατηρήτως.
1138 5086 1316 5141 Τοῦτο
1390 5083 1493 5157 γὰρ
1594 5080 1977 5150 κατασκευάζει

328 5185 388 5241 ἐκ
418 5188 515 5250 τῆς
545 5182 681 5257 πρὸς
709 5164 909 5254 Πέτρον
944 5172 1191 5248 ὁμιλίας.
1227 5196 1255 5224 ‹‹
1288 5169 1356 5229 Τί
1392 5170 1460 5225 τὰ
1514 5164 1640 5239 ἔθνη
1669 5188 1682 5237 ;
1722 5192 1742 5220 ιι
1775 5170 1842 5225 Ὃ
1890 5170 1975 5257 ab,

328 5275 483 5352 φησὶ,
520 5255 598 5346 μῆ
643 5273 843 5338 ποιεῖς,
905 5266 1047 5339 μήτε
1102 5260 1311 5324 ἄλλους
1365 5259 1653 5352 ἀνάγκαῄζε.
1715 5257 1883 5352 Διατίὲ
1921 5255 1979 5314 δὲ

332 5343 409 5439 μὴ
442 5343 581 5425 εἶπε,
613 5359 676 5413 Τί
731 5356 857 5416 τοὺς
915 5353 976 5408 ἐκ
1030 5356 1337 5427 περιτομῆς
1381 5347 1699 5425 ἀναγκάζεις
1751 5343 1976 5402 Ἰουδαῖ.

330 5434 474 5522 ζειν;
508 5448 605 5505 Καὶ
636 5447 740 5525 γὰρ
800 5442 871 5499 δι’
919 5440 1156 5504 ἐκείνους
1201 5442 1367 5494 ταῦτα
1418 5436 1659 5512 ἐλέγετο,
1715 5434 1804 5489 καὶ
1854 5435 1978 5490 ἀκο-

329 5537 550 5599 λουθίαν
582 5522 734 5616 εἶχεν
760 5530 932 5594 οὕτως
980 5529 1271 5605 λεχθῆναι.
1328 5526 1516 5587 Οὕτως
1569 5522 1627 5581 δὲ
1674 5523 1849 5595 εἶπεν,
1886 5523 1977 5578 ’ἱνα

399 5722 421 5757 ⁸
451 5717 656 5777 Matth.
694 5731 848 5786 xvm,
888 5712 973 5768 15.

2086 4729 2242 4777 trum
2274 4717 2717 4784 condemnaret,
2750 4714 2855 4770 sed
2884 4719 2951 4768 ut
2977 4713 3050 4767 iis
3080 4712 3181 4783 qui
3213 4729 3282 4767 ex
3329 4709 3733 4766 circumcisio-

2086 4829 2161 4867 ne
2195 4814 2364 4866 erant
2400 4806 2728 4880 prodesset.
2789 4804 2902 4857 tsi
2962 4807 3027 4856 tu
3085 4818 3218 4857 cum
3275 4799 3511 4856 Judaaus
3568 4799 3731 4854 sis.»

2087 4903 2336 4957 Tantum
2359 4915 2478 4953 non
2500 4896 2650 4951 dixit
2675 4899 2875 4965 aperte
2897 4893 2990 4946 his
3008 4892 3106 4963 qui
3131 4907 3165 4946 a
3182 4889 3395 4945 Iacobo
3414 4884 3729 4945 venerant:

2089 4987 2407 5046 Imitamini
2441 4988 2867 5056 praeceptorem
2897 4986 3154 5036 vestrum
3186 4977 3486 5052 gentiliter
3535 4978 3735 5032 viven-

2087 5085 2223 5143 tem,
2252 5078 2363 5132 hoc
2393 5081 2502 5142 est,
2536 5073 2702 5129 nullo
2751 5071 3132 5127 discrimine:
3178 5086 3317 5126 nam
3360 5069 3472 5125 hoc
3523 5068 3736 5125 astruit

2092 5186 2161 5225 ex
2194 5166 2590 5224 collocutione
2620 5163 2695 5219 ad
2727 5165 2985 5218 Petrum.
3021 5182 3050 5211 ‹‹
3081 5161 3196 5215 Cur
3219 5166 3443 5233 gentes.
3480 5181 3508 5207 »
3566 5157 3732 5223 Quod

2086 5264 2175 5324 tu,
2210 5256 2420 5328 inquit,
2452 5271 2573 5309 non
2632 5252 2798 5315 facis,
2853 5266 3046 5322 neque
3090 5250 3240 5305 alios
3295 5250 3489 5305 facere
3536 5263 3729 5318 cogas.

2088 5354 2276 5418 Quare
2308 5355 2504 5405 autem
2537 5365 2656 5403 non
2686 5348 2869 5401 dixit:
2903 5346 3090 5411 Quare
3122 5361 3222 5401 eos
3245 5345 3346 5415 qui
3379 5360 3446 5399 ex
3477 5343 3728 5397 circum-

2086 5443 2311 5499 cisione
2344 5444 2484 5494 sunt
2502 5438 2660 5511 cogis
2675 5436 2974 5507 judaizare
2988 5435 3015 5489 ?
3030 5434 3325 5505 siquidem
3342 5430 3728 5504 propterillos

2086 5531 2212 5586 bmc
2243 5528 2495 5594 dicebat,
2529 5531 2589 5582 et
2616 5525 2909 5581 sermonis
2940 5521 3370 5593 consequentia.
3398 5525 3526 5574 erat
3555 5522 3619 5572 ut
3646 5516 3730 5571 ita
