2053 3098
240 178 318 210 1115

797 172 1007 203 (ECUMENII
1029 171 1181 203 TRICCAE
1205 174 1383 205 EPISCOPI

1871 175 1933 206 1116

238 247 395 275 diceretur.
410 245 469 271 Hoc
484 243 573 271 modo
593 245 694 271 autem
715 242 789 270 dixit
804 244 836 269 ut
847 241 979 269 videatur
994 248 1064 268 suo-

1129 239 1183 277 ἳόξῃ
1200 243 1254 268 τῶν
1278 239 1355 269 ἰδίων
1383 241 1512 278 κήδεσθαι
1541 244 1681 280 μαθητῶν,
1711 245 1771 271 τῶν
1801 242 1827 277 ἐξ
1855 242 1931 278 ἐθνῶν,

240 299 306 319 rum
318 297 417 317 curam
428 288 538 316 habere
549 287 889 323 discipulorum,nempe
900 294 1003 314 eorum
1015 285 1066 321 qui

241 344 276 363 ex
287 334 425 371 gentibus
436 335 570 363 erant.ne
581 332 735 369 detegntur
746 331 930 367 dispensatio
945 333 1068 366 propter

240 387 329 415 quam
346 381 410 406 erat
423 377 625 413 reprehensio.
645 388 658 402 «
674 378 730 404 Nos
746 379 853 404 natura
864 375 968 403 Judaei.
982 386 993 400 1
1007 375 1067 402 Hoc

242 426 296 455 est.
326 423 406 459 quod
434 422 471 450 ad
501 422 630 458 majores
659 421 766 449 attinet
794 421 821 448 el
850 420 1065 456 progenitores.

243 479 254 494 ε
273 469 406 496 Scientes
421 476 481 495 non
493 466 654 503 justiﬁcari
665 466 829 493 hominem.
844 477 857 490 n
871 465 992 501 Expleto
1006 472 1067 492 ser-

242 520 330 541 mone
346 520 403 548 quo
420 512 506 539 Petro
521 511 641 545 restitit,
657 510 738 538 venit
752 510 892 545 deinceps
908 509 944 537 ad
960 517 1067 545 propo-

242 558 342 590 situm,
359 556 617 584 circumcisionem
635 555 779 591 paulatim
793 554 1008 590 deprimens,et
1022 553 1069 580 di—

242 611 313 630 cens
323 609 381 628 non
390 601 563 628 hznrendum
576 608 640 627 esse
653 599 707 635 legi
722 602 754 627 ut
766 608 831 633 quae
844 598 956 626 salvum
971 598 1067 625 facere

242 649 380 682 nequeat.
401 646 432 672 Et
447 646 509 672 haec
518 645 638 680 quidem
651 644 685 670 de
699 643 911 678 Petro,inquit;
929 646 1067 670 creterum

241 700 296 719 nos
312 691 362 725 qui
385 690 476 717 Judaei
499 698 610 718 sumus.
630 689 683 715 hoc
707 691 761 721 est,
785 696 844 714 non
870 687 1012 723 proselyti
1027 687 1069 722 (id

242 736 321 763 enim
338 738 391 762 est.
410 735 471 761 Non
487 742 521 760 ex
537 733 674 769 gentibus
690 735 881 768 peccatores),
912 732 961 767 qui
988 732 1070 758 novi-

243 788 308 806 mus
323 778 403 813 quod
419 787 479 805 non
495 778 646 811 contingat
661 777 791 812 aliquem
808 776 919 803 salvum
951 775 1013 802 ﬁeri
1035 783 1069 802 ex

242 823 382 859 operibus
398 823 470 858 legis
487 830 567 856 ,nam
585 821 676 848 multa
692 821 731 847 ibi
743 820 905 855 requiritur
916 820 1070 855 diligentia

243 871 272 896 et
286 867 423 901 cautela),
440 866 619 893 credidimus
635 865 760 898 Christo,
779 873 831 900 per
846 864 935 891 ﬁdem
957 872 1021 899 quze
1039 864 1069 891 in

241 913 339 949 ipsum
356 915 400 939 est
415 911 520 938 salvari
537 911 699 946 cupientes.
718 911 784 937 llzec
799 912 897 937 autem
920 908 1069 944 quadrant

241 960 274 985 ut
288 957 325 984 ad
341 958 460 984 Petrum
477 959 505 982 et
520 955 555 982 ad
572 955 688 982 Galatas
703 955 783 981 dicta
796 954 864 981 sint.
885 965 896 979 α
915 955 954 980 Ex
970 953 1066 988 operi-

241 1002 295 1030 bus
310 1002 393 1037 legis.
410 1012 424 1024 ι)
452 1002 574 1035 Propter
600 1000 773 1035 gravitatem
798 1007 862 1034 quae
891 999 919 1024 in
949 1006 982 1025 ea
1013 1000 1069 1025 est.

242 1058 255 1070 ‹‹
269 1047 413 1078 Quoniam
429 1046 678 1081 nonjustiﬁcatur
693 1053 728 1072 ex
740 1044 879 1079 operibus
889 1043 962 1079 legis
973 1043 1071 1070 omnis

244 1099 322 1119 caro.
341 1102 354 1115 ››
371 1091 439 1122 Quas
455 1090 623 1117 necessaria
639 1092 709 1116 sunt
728 1089 758 1115 in
775 1089 836 1124 lege
853 1088 943 1115 etiam
966 1091 1072 1115 natura

246 1135 365 1162 docuit:
382 1138 461 1170 puta,
477 1145 490 1158 ‹‹
507 1136 569 1161 Non
585 1133 764 1161 adulterium
781 1133 882 1159 facies.
900 1133 963 1159 Non
995 1132 1071 1159 occi-

247 1180 309 1214 des,
326 1181 387 1207 Non
405 1179 515 1206 furtum
531 1179 630 1212 facies,
650 1190 663 1202 υ
693 1181 722 1204 et
746 1177 862 1212 reliqua
888 1184 1072 1211 quaecunque

246 1227 315 1253 sunt
332 1223 500 1259 hujusniodi
516 1224 537 1250 τ.
554 1224 644 1250 Porro
655 1222 690 1249 de
707 1222 855 1252 Sabbatto.
867 1221 902 1248 de
920 1220 1074 1248 circumci~

245 1269 338 1302 sione,
349 1269 385 1295 de
396 1268 524 1303 leproso,
538 1267 573 1294 de
587 1275 688 1294 semen
702 1266 906 1298 emittente,de
918 1265 1074 1293 sacriﬁciis

245 1313 283 1342 de
299 1321 503 1349 asperstonum
521 1312 597 1339 vasis
612 1319 618 1338 :
632 1312 694 1338 lizec
705 1311 777 1346 legis
791 1311 911 1346 propria
920 1314 1005 1338 erant
1020 1319 1025 1336 :
1039 1310 1074 1337 de

247 1359 293 1386 his
309 1358 389 1385 enim
406 1360 512 1384 natura
527 1356 601 1383 nihil
617 1356 725 1383 docuit.
742 1356 808 1383 Haec
821 1364 888 1391 ergo
904 1355 977 1382 dicit
1002 1354 1074 1390 legis

248 1411 347 1439 opera.
365 1403 474 1429 Horum
492 1402 591 1436 itaque
620 1400 814 1436 transgressio
840 1402 993 1435 peccatum
1020 1402 1074 1431 est,

250 1447 384 1476 custodia
394 1455 463 1474 vero
477 1454 537 1473 non
547 1446 638 1473 efﬁcit
649 1446 809 1481 perfectam
822 1444 980 1479 justitiam.
1001 1444 1018 1470 7
1026 1444 1077 1470 34

252 1493 311 1521 Ista
325 1492 404 1520 enirn
421 1491 546 1519 aliorum
561 1491 660 1527 ﬁguraa
677 1494 771 1520 erant.
787 1498 956 1524 quanquam
968 1488 1077 1516 ludatis

251 1546 287 1565 ex
295 1541 426 1572 tempore
434 1539 638 1569 congruerent.
645 1536 684 1562 De
692 1535 737 1562 his
745 1534 818 1561 dixit
825 1534 940 1561 divinus
947 1535 1076 1568 Aposto-

250 1583 316 1610 lus:
343 1593 357 1606 «
373 1582 517 1614 Quoniam
543 1589 603 1607 non
630 1579 847 1615 justiﬁcabitur
880 1587 913 1605 ex
937 1578 1076 1613 operibus

250 1627 323 1662 legis
339 1626 436 1652 omnis
452 1634 530 1652 caro.
548 1636 562 1649 ››
579 1640 612 1644 ρ-
629 1636 641 1648 ‹‹
659 1624 741 1656 Quod
758 1624 793 1655 si,
819 1623 888 1650 dum
914 1623 1075 1657 quaerimus

247 1670 405 1706 justiﬁcari
422 1677 474 1705 per
489 1669 647 1696 Christum.
675 1680 687 1692 ι(
707 1668 733 1694 Si
760 1668 891 1694 volentes
916 1675 968 1702 per
992 1666 1075 1693 Chri-

252 1718 329 1742 stum
342 1714 511 1749 justiﬁcari,
529 1713 636 1748 reperti
653 1721 765 1745 sumus,
783 1712 890 1746 inquit,
906 1714 1076 1746 peccatores

253 1758 418 1786 deserendo
441 1767 473 1786 ac
502 1757 748 1793 transgrediendo
775 1757 880 1791 legem,
912 1764 983 1782 num
1009 1763 1076 1791 ergo

257 1803 388 1832 Christus
400 1807 550 1839 peccatum
564 1800 751 1829 conciliavit?
764 1801 849 1827 Vides
862 1799 1010 1834 quomodo
1027 1807 1078 1834 per

255 1849 447 1877 absurditatis
462 1848 669 1877 remotionem,
693 1845 785 1877 legent
815 1844 932 1870 elevat?
956 1844 984 1870 Si
1009 1851 1078 1878 ergo

254 1894 412 1923 adhaeretis
428 1893 495 1925 legi,
514 1895 542 1918 et
558 1891 646 1918 vultis
660 1899 686 1925 pr
701 1900 705 1915 ι
736 1889 884 1916 Christum
907 1888 1077 1923 justiﬁcari,

254 1938 425 1975 reperimini
445 1939 613 1971 peccatores
630 1942 663 1960 eo
691 1933 768 1968 quod
795 1933 889 1968 legem
916 1932 1076 1965 deseratis;

253 1991 324 2010 num
342 1990 409 2016 ergo
425 1980 558 2007 Christus
575 1978 649 2006 illud
664 1978 749 2005 nobis
766 1977 961 2013 praestiterit?
976 1977 1076 2004 Absit!

253 2025 336 2058 Quod
351 2023 512 2052 absurdum
529 2026 582 2056 est,
600 2022 728 2058 simplici
744 2022 901 2058 negatione
919 2021 1047 2049 sustulit,

291 2071 326 2102 ll,
347 2070 439 2096 18—21.
458 2079 470 2092 ‹‹
486 2068 559 2095 Nam
576 2068 674 2103 siquae
684 2067 870 2098 destruxi.ea
879 2075 995 2094 rursum
1008 2074 1077 2094 reae-

255 2127 268 2141 (ι
286 2114 384 2148 difico,
410 2117 656 2150 transgressorem
676 2113 820 2149 meipsum
852 2112 1004 2140 continuo.
1021 2113 1079 2148 Ego

256 2172 270 2187 ‹‹
289 2161 368 2189 enim
379 2169 430 2196 per
443 2160 537 2196 legem
549 2159 605 2195 legi
618 2162 751 2186 mortuus
762 2159 814 2190 fui,
827 2161 859 2186 ut
870 2159 928 2186 Deo
937 2158 1078 2190 viverem;

260 2217 270 2232 ε
285 2214 345 2233 una
358 2214 424 2234 cum
436 2205 551 2232 Christo
559 2204 718 2231 cruciﬁxus
728 2212 803 2230 sum.
817 2203 872 2231 Sed
882 2203 1012 2238 vivojam
1021 2210 1079 2229 non

255 2263 270 2278 ‹‹
282 2260 346 2288 ego,
354 2251 423 2277 vivit
433 2252 530 2277 autem
542 2250 570 2276 in
579 2257 625 2276 me
637 2248 879 2275 Cliristus.Vitam
891 2251 988 2274 autem
996 2255 1079 2281 quam

1120 284 1195 315 ὅπως
1212 286 1250 322 μή
1277 284 1451 326 ἇνακαλυφθῇ
1468 289 1485 321 ἡ
1502 288 1658 324 οἰκονομία,
1682 286 1724 314 δι’
1750 288 1785 321 ἦν
1807 288 1825 322 ἠ
1848 286 1937 324 ἔγκλη-

1119 339 1170 360 σις.
1188 331 1317 367 ((⁷Ημεῖς
1346 331 1424 371 φύσει
1453 331 1622 361 Ἰουδαῖοι.»
1652 332 1730 360 Ἀντὶ
1760 334 1822 365 τοῦ,
1851 332 1935 364 ἃνωθιν

1119 373 1164 401 καὶ
1180 374 1210 401 ἑκ
1234 375 1385 413 προγόνων.
1422 388 1432 402 ι
1450 375 1559 407 Εἰδότες
1584 376 1626 404 ὅτι
1655 376 1686 404 οὗ
1721 375 1877 404 δικαιοῦται
1901 377 1938 405 ἄν·

1120 420 1240 455 θρωπος.
1259 431 1271 446 ι
1304 420 1456 456 υληρώσας
1484 422 1519 449 τὰ
1545 422 1615 450 κατᾶ
1639 423 1689 457 τήν
1722 421 1878 449 ἀντίστασιν
1900 424 1938 449 τοῦ

1120 464 1235 500 Πέτρου,
1249 463 1348 492 λοιπὸν
1356 463 1453 504 ἕρχετε
1464 476 1575 506 ερχεται
1586 466 1624 497 εἷς
1632 466 1664 494 τὸ
1674 466 1874 504 προκείμενον,
1884 468 1939 494 κατὰ

1122 508 1221 545 μικρὸν
1264 508 1438 544 ἐξευτελίζων
1467 511 1518 544 τὴν
1560 512 1729 548 περιτομὴν,
1761 510 1809 538 καὶ
1838 511 1940 549 etiam,

1123 553 1160 588 μή
1178 550 1288 589 ἔχεσθαι
1308 556 1356 581 τοῦ
1371 554 1469 591 νόμου,
1486 555 1524 586 ὡς
1540 555 1579 592 μή
1596 554 1753 592 δυναμένου
1783 558 1879 583 σῶσαι.
1901 557 1941 584 Καὶ

1121 597 1153 624 τὰ
1186 598 1232 632 μὲν
1262 599 1330 626 κατὰ
1360 599 1471 636 Πέτρον,
1499 600 1576 638 φησὶ,
1611 602 1703 628 ταῦτα.
1736 601 1836 636 Ἡμεῖς
1874 599 1899 627 δὶ
1920 600 1942 627 ἐκ

1122 643 1226 678 φύσεως
1257 641 1330 673 ὄντες
1361 642 1498 677 Ἰουδαῖοι,
1531 645 1680 679 τουτέστιν,
1711 645 1746 672 οὐ
1787 644 1940 682 προσήλυτοι

1121 689 1213 721 (τοῦτο
1229 687 1281 724 γάρ
1297 687 1352 715 ἐστι
1367 688 1408 721 τὸ,
1422 688 1477 716 Οὐκ
1492 688 1518 723 ἐξ
1534 688 1614 716 ὲθνων
1642 688 1839 727 ἁμαρτωλοὶ),
1864 688 1941 723 ἐπειδὴ

1121 729 1240 768 ἔγνωμεν
1267 732 1307 759 ὅτι
1338 733 1389 759 οὐκ
1417 730 1473 760 ἔστι
1503 735 1621 768 σωθῆναι
1652 733 1697 761 διὰ
1725 735 1786 761 τῶν
1817 734 1847 760 ἐκ
1872 734 1941 770 νόμον

1122 774 1208 813 ἔργων
1248 775 1351 811 (πολλῆ
1390 777 1439 814 γὰρ
1478 779 1495 811 ἡ
1535 776 1600 810 ἐκεῖ,
1623 778 1718 816 φησὶν,
1746 777 1939 813 ἐπιζητουμένη

1122 817 1267 856 ἀκρίϐεια),
1284 821 1498 857 πεπιστεύκαμεν
1515 823 1636 859 Χριστῷ,
1650 821 1695 849 διὰ
1724 826 1783 857 τῆς
1809 821 1849 853 εἷς
1876 822 1941 849 αὐτὸν

1123 864 1249 898 πίστεως,
1275 865 1353 904 φησὶ,
1384 869 1504 900 σωθῆναι
1540 865 1772 904 προσδοκῶντες.
1802 869 1888 894 Ταῦτα
1907 867 1941 894 ν.ιῖ

1086 909 1190 954 Βπρὸς
1225 910 1325 954 11ἑτρον
1353 910 1398 937 καὶ
1428 911 1495 947 πρὶς
1525 911 1647 942 Γαλάτας
1677 911 1809 949 εἰρῆσθαι
1837 912 1943 948 ἁρμόζει.

1127 966 1141 979 ‹‹
1162 954 1204 988 Ἐξ
1226 952 1314 991 ἔργων
1338 955 1433 991 νόμου.
1454 967 1467 980 ι)
1492 955 1539 983 Διᾶ
1563 956 1612 990 τήν
1636 955 1662 983 ἐν
1693 956 1774 992 αὐτῷ
1803 956 1944 993 ἐπάχθειαν.

1129 1011 1141 1025 α
1172 999 1247 1026 Διότι
1278 999 1308 1026 οὐ
1339 998 1551 1035 δικαιωθήσεται
1581 999 1606 1036 ἐξ
1642 999 1729 1038 ἔργων
1774 1000 1864 1036 νόμου
1889 1002 1945 1027 πᾶσι

1127 1044 1200 1079 σάρξ.
1216 1054 1230 1068 ››
1248 1043 1290 1071 Τὰ
1304 1043 1434 1081 ἀναγκαῖα
1448 1046 1489 1080 τῷ
1508 1044 1599 1080 νόμῳ,
1623 1044 1667 1071 καὶ
1683 1046 1700 1079 ἡ
1718 1044 1805 1083 φύσις
1828 1043 1944 1079 ἐδίδασκε,

1125 1088 1247 1115 τουτέστι
1277 1089 1318 1123 τὸ,
1351 1101 1361 1113 α
1391 1088 1429 1117 Οὐ
1458 1089 1628 1126 μοιχεύσεις,
1663 1090 1702 1117 Οὐ
1741 1089 1892 1130 φονεύσεις,
1915 1089 1944 1118 03

1126 1132 1247 1168 κλέψεις,
1265 1144 1279 1158 ››
1294 1133 1337 1160 καὶ
1359 1134 1391 1160 τὰ
1407 1133 1490 1160 λοιπὰ
1506 1134 1555 1161 ὅσα
1578 1137 1702 1162 τοιαῦτα.
1728 1135 1768 1164 Τὸ
1795 1134 1824 1162 δέ
1846 1145 1875 1172 γε
1897 1135 1944 1171 περὶ

1129 1175 1283 1211 Σαϐϐάτου,
1308 1178 1353 1205 καὶ
1382 1182 1547 1214 περιτομῆς,
1574 1179 1618 1206 καὶ
1647 1178 1766 1217 λεπροῦ,
1795 1179 1841 1207 καὶ
1863 1178 1944 1216 7040;5-

1128 1222 1208 1259 ῥύου,
1223 1223 1267 1249 καὶ
1289 1223 1400 1257 θυσιῶν,
1423 1223 1467 1250 καὶ
1494 1223 1743 1262 περιρραντηρίων,
1772 1222 1832 1251 ἴδια
1858 1223 1888 1258 ἧν
1906 1225 1943 1251 τοῦ

1128 1267 1225 1302 νόμου.
1242 1266 1326 1294 Οὐδὲν
1349 1267 1399 1305 γὰρ
1430 1268 1492 1305 περὶ
1521 1269 1624 1295 τούτων
1655 1270 1672 1303 ἡ
1702 1268 1787 1308 φύσις
1811 1266 1943 1296 ἔπαέδευσε.

1128 1313 1215 1338 Ταῦτα
1231 1310 1412 1349 τοίνυν,ἕργα
1442 1312 1514 1350 λέγει
1542 1315 1593 1340 τοῦ
1621 1313 1719 1349 νόμου.
1751 1313 1866 1342 Τούτων
1891 1311 1939 1346 δὶἠ

1131 1356 1178 1392 μὶν
1194 1354 1345 1393 παράϐασις
1361 1357 1490 1394 ἁμαρτία,
1511 1359 1528 1392 ἡ
1555 1356 1583 1385 δὲ
1611 1358 1733 1396 φυλακὴ,
1764 1358 1797 1386 οὐ
1823 1356 1943 1385 δικαιοσύ-

1129 1411 1176 1435 νης
1206 1400 1311 1432 τελείας
1339 1401 1518 1439 κατόρθωσις.
1549 1403 1641 1430 Ταῦτα
1667 1402 1719 1440 γὰρ
1747 1402 1848 1440 ἑτέρων
1871 1401 1941 1438 αἰνίγ-

1133 1457 1213 1481 ματα,
1230 1445 1373 1477 Ἰουδαίοις
1391 1445 1419 1473 δὲ
1449 1446 1525 1482 ὅμως
1560 1447 1605 1474 καὶ
1628 1446 1731 1474 ἐκεῖνον
1759 1448 1883 1485 ἥρμοττε
1905 1445 1941 1473 τὸν

1131 1493 1235 1529 καιρόν.
1258 1493 1324 1529 Περὶ
1361 1492 1465 1520 τούτων
1504 1493 1575 1521 εἶπεν
1614 1494 1628 1521 ὁ
1667 1497 1740 1526 θεῖος
1779 1492 1939 1524 Ἀπόστολος,

1133 1549 1147 1562 ‹‹
1178 1538 1251 1565 Διότι
1279 1537 1309 1564 οὐ
1339 1536 1548 1572 δικαιωθήσεται
1577 1538 1603 1573 ἐξ
1632 1537 1721 1576 ἔργων
1752 1539 1843 1575 νόμου
1883 1539 1940 1563 ita“

1133 1583 1207 1619 σάρξ.
1223 1595 1236 1607 n
1254 1599 1287 1603 —
1303 1582 1335 1611 Ei
1351 1581 1379 1609 δὲ
1395 1585 1535 1616 ζητοῦντες
1552 1581 1731 1617 δικαιωθῆναι
1762 1583 1790 1610 ἐν
1805 1583 1915 1620 Χριστῷ.
1929 1592 1939 1605 ι

1133 1626 1163 1654 Εἰ
1181 1625 1209 1653 δὲ
1237 1627 1399 1664 βουλόμενοι
1430 1625 1474 1653 διὰ
1503 1629 1624 1664 Χριστοῦ
1658 1626 1850 1662 δικαιωθῆναι,
1880 1624 1940 1661 εὗρέ·

1132 1673 1217 1709 Θημεν
1233 1671 1448 1708 ἁμαρτωλοὶτῷ
1477 1672 1523 1699 τὸν
1551 1670 1653 1708 νόμον,
1683 1673 1761 1711 φησί,
1789 1670 1939 1702 καταλιπεῖν,

1133 1717 1183 1753 ἆρα
1210 1717 1224 1744 ὁ
1254 1717 1367 1753 Χριστὸς
1412 1717 1545 1753 ἁμαρτίας
1588 1717 1652 1753 ὑμῖν
1681 1717 1781 1756 γέγονε
1813 1716 1939 1753 πρόξενοςς

1132 1763 1217 1798 Ὀρᾷς
1233 1763 1291 1792 πῶς
1308 1760 1353 1788 διὰ
1378 1764 1426 1794 τῆς
1456 1762 1494 1792 εἷς
1522 1761 1623 1789 ἃτοτιον
1646 1762 1800 1801 ἀπαγωγῆς
1822 1757 1939 1789 καταϐάλ-

1133 1806 1174 1833 λει
1189 1807 1236 1833 τὸν
1250 1807 1333 1843 νόμον
1348 1816 1354 1839 ;
1373 1806 1403 1833 Εἰ
1418 1806 1469 1843 ἂρα
1484 1803 1578 1844 ἔχεσθε
1593 1809 1641 1834 τοῦ
1656 1817 1744 1843 νομου
1758 1807 1806 1835 καὶ
1826 1803 1936 1843 βούλεσθε

1133 1851 1176 1878 καὶ
1193 1849 1238 1878 διὰ
1258 1853 1375 1888 Χριστοῦ
1400 1849 1589 1886 δικαιωθῆναι,
1617 1851 1774 1888 εὑρίσκεσθε
1795 1845 1936 1888 ἁμαρτωλοῖ

1134 1896 1158 1923 ἐν
1186 1897 1226 1932 τῷ
1255 1895 1413 1923 καταλιπεῖν
1442 1896 1487 1923 τὸν
1515 1896 1609 1931 νόμον.
1640 1897 1686 1931 Μὴ
1717 1894 1770 1933 ἄρα
1799 1896 1814 1923 ὁ
1840 1892 1936 1932 Χριστὸς

1133 1943 1213 1968 τοῦτο
1227 1941 1421 1977 προεεένησεν;
1438 1941 1482 1974 Μή
1498 1940 1618 1977 γένοιτο.
1646 1941 1683 1968 Τὸ
1710 1940 1823 1976 ἃτοπον,
1846 1939 1878 1975 τῇ
1895 1935 1935 1964 ἀπ’

1134 1985 1275 2023 αγορεύσει
1291 1984 1402 2012 ἀνειλεν.

1171 2074 1200 2103 Εἰ
1238 2074 1290 2111 γὰρ
1328 2073 1344 2101 ἃ
1381 2074 1527 2109 κατέλυσα,
1564 2077 1647 2102 ταῦτα
1683 2074 1766 2103 πάλιν
1804 2071 1932 2107 οἶκοδομῦι

1135 2116 1292 2156 παραϐάτην
1331 2118 1447 2154 ἐμαυτὸν
1493 2118 1647 2155 συνίστημι.
1695 2119 1766 2157 Ἐγὼ
1811 2118 1861 2158 γὰρ
1899 2113 1933 2142 διὰ

1133 2165 1218 2200 νόμου
1247 2164 1324 2200 νόμῳ
1353 2163 1497 2198 ἀπέθανον,
1530 2164 1577 2191 ἳνα
1620 2166 1678 2200 θεῷ
1720 2165 1807 2200 ζήσω,
1845 2162 1932 2199 Χριστψ

1135 2209 1367 2247 συνεσταύρωμαι.
1399 2211 1440 2236 Ζῶ
1489 2207 1518 2236 δὲ
1562 2208 1615 2236 οὐκ
1639 2206 1679 2237 ἔτι
1717 2208 1782 2246 ὶγὼ,
1869 2203 1894 2233 δέ
1913 2202 1933 2230 ιν

1135 2253 1195 2291 ἕμοὶ
1214 2254 1341 2290 Χριστός.
1370 2254 1403 2282 '0
1431 2252 1460 2280 δὲ
1486 2255 1531 2280 νῦν
1563 2255 1601 2287 ζῶ
1635 2253 1662 2280 ἐν
1690 2253 1781 2291 σαρκὶ,
1809 2252 1834 2280 ἓν
1863 2249 1928 2278 κιο-ιι·

255 2310 268 2324 ι(
282 2306 361 2326 nunc
374 2297 436 2324 vivo
451 2297 481 2323 in
498 2303 596 2328 carne,
618 2302 670 2330 per
687 2294 775 2321 ﬁdem
792 2293 853 2320 vivo
868 2292 932 2320 Filii
949 2293 1010 2323 Dei,
1028 2300 1073 2326 qui

1134 2286 1172 2333 ζιῦ
1199 2286 1242 2335 τῇ,
1262 2300 1311 2324 τοῦ
1341 2298 1404 2324 Υἱοῦ
1433 2299 1481 2325 τοῦ
1510 2286 1576 2325 Θεοῖι
1605 2299 1655 2324 τοῦ
1697 2286 1879 2335 ἢαπῆωός
1896 2300 1932 2328 ιιι»

255 2354 269 2368 ι(
285 2342 388 2370 dilexit
404 2349 450 2368 me
466 2347 495 2367 et
511 2339 632 2367 tradidit
646 2338 839 2372 semetipsum
857 2345 909 2372 pro
929 2344 984 2364 me.
1014 2337 1077 2363 Non

259 2397 269 2410 ι
287 2394 430 2421 aspernor
445 2385 569 2421 gratiam
585 2384 645 2411 Dei.
663 2384 735 2410 Nam
751 2382 774 2409 si
791 2389 843 2417 per
858 2381 952 2414 legem
969 2381 1079 2416 estjus-

259 2442 272 2455 ‹‹
291 2431 365 2462 titia,
383 2431 471 2465 igitur
486 2430 618 2457 Christus
633 2429 745 2455 frustra
759 2429 894 2454 mortuus
909 2428 963 2453 est.
981 2435 993 2451 ι

294 2475 509 2506 Destruximus,
524 2474 630 2509 inquit,
647 2473 706 2500 sive
721 2471 909 2499 dissolvimus
924 2470 1030 2507 legem,
1046 2478 1081 2498 ea

258 2519 361 2547 relicta
377 2517 414 2545 ad
429 2518 577 2544 Christum
593 2516 749 2544 currendo.
764 2516 792 2542 Si
808 2523 876 2551 ergo
887 2523 1006 2542 rursum
1017 2522 1081 2541 eam

259 2565 370 2599 erigere
391 2571 553 2590 conamur:
571 2570 604 2589 eo
621 2562 684 2597 ipso
709 2564 940 2596 transgressores
968 2568 1081 2593 sumus,

260 2608 338 2645 quod
353 2617 369 2635 a
386 2607 471 2634 nobis
487 2607 583 2634 soluta
598 2615 699 2633 rursus
714 2605 831 2633 ﬁrmare
848 2606 980 2632 nitimur.
1006 2605 1080 2631 Con-

258 2654 357 2682 sidera
371 2661 435 2680 vero
453 2652 518 2687 ejus
534 2651 732 2687 prudentiam.
750 2651 795 2677 Illi
811 2650 992 2686 putabantur
1003 2658 1037 2677 ex
1049 2657 1082 2677 eo

260 2703 494 2735 transgressores
504 2705 568 2723 esse
580 2695 659 2731 quod
671 2695 765 2731 legem
778 2704 836 2722 non
851 2697 1012 2726 servarent,
1021 2694 1084 2730 ipse

260 2750 359 2775 autem
376 2752 409 2772 ex
427 2752 460 2771 eo
477 2741 607 2770 ostendit
617 2749 681 2769 esse
695 2744 929 2776 transgressores
940 2740 1019 2775 quod
1029 2740 1086 2776 legi

297 2835 307 2851 ⁷
324 2834 413 2862 Exod.
427 2841 477 2867 xx,
497 2832 585 2860 13-15.

1134 2344 1176 2370 καὶ
1218 2341 1386 2379 παραδόντος
1434 2342 1526 2369 ἑαυτὸν
1567 2341 1633 2380 ὑπὶρ
1669 2341 1751 2378 ἰμοῦ.
1784 2340 1840 2370 Οὔκ
1862 2335 1928 2369 ἆσατῦ

1132 2388 1182 2422 τὴν
1199 2387 1280 2426 χάριν
1297 2389 1345 2414 τοῦ
1359 2389 1435 2414 Θεοῦ.
1467 2386 1497 2414 El
1525 2385 1575 2424 γὰρ
1603 2385 1647 2414 διὰ
1674 2385 1761 2423 νόμου
1787 2381 1931 2414 δικαιοσύνη,

1134 2432 1186 2469 ἄρα
1200 2432 1314 2469 Χριστὸς
1328 2430 1431 2468 δωρεὰν
1445 2431 1583 2462 ἀπέθανεν.

1170 2476 1374 2513 Κατελύσαμεν,
1390 2475 1468 2515 φησὶ,
1491 2475 1538 2503 τὸν
1567 2474 1663 2511 νόμον,
1691 2477 1732 2511 τῷ
1759 2474 1834 2503 licet

1135 2519 1179 2546 καὶ
1200 2511 1319 2556 Χριστῷ
1342 2511 1537 2555 προσδραμεῖν.
1564 2518 1627 2546 Ἐὰν
1655 2517 1746 2545 τοίνυν
1767 2517 1848 2546 πάλιν

1136 2565 1210 2599 ἱστᾷν
1252 2564 1447 2602 ἐπιχειρῶμεν,
1488 2565 1547 2590 κατ’
1589 2562 1654 2590 αὐτὸ
1695 2564 1776 2591 τοῦτο
1803 2555 1928 2600 mpm

1137 2609 1225 2645 ἐσμὲν,
1242 2610 1283 2636 ὅτι
1299 2610 1364 2646 παρ’
1388 2609 1467 2645 ἡμῶν
1493 2607 1617 2643 λυθέντα,
1644 2607 1717 2644 ἰστᾷν
1744 2607 1827 2637 πάλιν
1847 2603 1928 2646 hx":

1138 2644 1248 2692 ρουμεν.
1287 2644 1356 2690 Ὅρα
1394 2644 1422 2681 δὲ
1459 2653 1542 2681 αὐτοῦ
1579 2653 1696 2680 σύνεσιν·
1722 2652 1837 2681 Ἐκεῖνοι
1855 2644 1928 2692 θεῖαί

1140 2701 1178 2736 μή
1209 2698 1353 2738 φυλάττειν
1381 2699 1426 2726 τὸν
1455 2698 1554 2735 νόμου,
1583 2696 1670 2734 ᾤοντο
1694 2697 1766 2726 εἶναι

1139 2745 1221 2775 αὐτὸς
1242 2742 1271 2771 δὲ
1287 2742 1430 2779 δείκνυσιν,
1451 2742 1480 2771 ἐκ
1507 2745 1556 2770 τοῦ
1580 2739 1691 2782 ἔχεσθαι
1718 2735 1820 2778 c.5105,-

1775 2836 1778 2840 η
1819 2820 1905 2849 ἡμίν·

1727 2942 1958 3065 Α
