4128 6192
331 351 488 413 1117

1337 360 1746 423 COMMENT.
1793 359 1872 420 IN
1920 353 2164 418 EPIST.
2212 358 2313 416 AD
2360 356 2644 417 GALAT.

3577 357 3731 418 1118

327 509 425 551 τας
455 487 613 544 εἶναι.
641 512 669 541 ‹‹
692 486 1017 566 Παραιϐάτην
1065 491 1296 566 ἐμαυτὸν
1337 494 1647 569 συνίστημι.
1676 517 1706 546 ι)
1731 494 1826 551 Ἐκ
1872 491 1972 568 γὰρ

2090 493 2480 550 ειάὴεετοτοηι.
2491 515 2517 541 ‹‹
2531 494 3048 564 Transgressorem
3064 490 3356 564 meipsum
3378 492 3723 550 constituo.-

330 582 429 632 τοῦ
459 577 623 634 πάλιν
652 579 928 644 πείθεσθαι
956 585 1036 654 τῷ
1065 582 1243 655 νόμῳ,
1278 580 1508 639 δεικνύω
1565 583 1647 639 ὅτι
1681 584 1755 646 ὡς
1808 602 1985 659 παρα-

335 662 530 739 ϐάτης,
554 668 713 723 αὐτὸν
741 669 831 724 τὸν
852 674 1071 743 πρῶτον
1096 668 1269 744 εἴασα,
1296 672 1386 727 καὶ
1409 673 1629 747 Χριστῷ
1676 671 1981 728 ἰπίστευσα.

333 784 362 812 ‹‹
395 760 534 835 Ἐγὼ
562 758 685 835 γάρ.
719 781 748 810 ››
780 760 945 835 Ἐγὼ,
977 760 1159 837 φησὶν,
1199 761 1348 834 αὐτῷ
1393 767 1474 835 τῷ
1522 761 1679 836 νόμῳ
1725 763 1983 834 πεισθεὶς,

330 849 521 920 νεκρὸν
551 849 784 920 ἒμαυτον
814 852 896 921 τῷ
950 848 1106 922 νόμῳ
1164 849 1485 922 κατέστησα.
1545 852 1606 908 Ὀ
1654 851 1824 923 νόμος
1879 850 1985 927 γάρ

332 958 430 1012 μοι
458 938 552 993 τὸν
603 939 841 1011 Χριστὸν
898 941 1268 1014 προεμήνυσε,
1326 940 1418 995 καὶ
1475 940 1658 1014 ἐκεῖνῳ
1720 939 1815 1014 μέν
1867 939 1983 1013 εἶμι

331 1027 522 1099 νεκρὸς
598 1028 721 1099 (οὐκ
794 1022 873 1083 ἔτι
947 1029 1049 1103 γὰρ
1125 1030 1242 1083 κατ’
1316 1028 1514 1085 ἐκεῖνον
1570 1028 1981 1103 πολιτεύομαι),

328 1122 449 1179 τοῖς
485 1113 542 1172 δὲ
569 1116 765 1172 τούτου
805 1115 1072 1191 δόγμασιν
1102 1116 1324 1191 ἕπομαι.
1391 1142 1419 1171 ‹‹
1454 1120 1550 1175 Διά
1597 1119 1771 1193 νόμου
1824 1119 1981 1192 νόμῳ

330 1204 622 1270 ἀπέθανον.
683 1231 710 1259 ››
772 1212 846 1264 ’ἸΙ
904 1205 990 1261 διὰ
1042 1211 1138 1262 τοῦ
1193 1208 1366 1283 νόμου
1450 1213 1547 1264 τοῦ
1605 1207 1980 1285 εὐαγγελικοῦ,

330 1293 597 1359 ἀπέθανον
626 1301 703 1369 τῷ
746 1295 985 1358 Μωσέως
1042 1297 1215 1371 νόμῳ.
1284 1304 1404 1360 Πῶς
1462 1297 1553 1354 οὖν
1617 1298 1644 1352 ὁ
1696 1297 1979 1373 νεκρωθεὶς

329 1383 815 1458 καὶάνενεργήτως
861 1378 1007 1463 ἔχων
1062 1386 1197 1460 πρὸς
1257 1385 1438 1457 αὐτὸν,
1499 1388 1720 1465 φυλάξω
1780 1388 1977 1459 αὖτόν;

329 1472 400 1528 Ἦ
430 1469 519 1527 διὰ
550 1477 645 1527 τοῦ
670 1474 842 1547 νόμου
873 1474 1061 1542 αὐτοῦ,
1101 1476 1193 1530 καὶ
1246 1480 1354 1531 τῶν
1401 1476 1454 1531 ἐν
1502 1478 1649 1550 αὐτῷ
1701 1474 1981 1553 δυσχερῶν

328 1563 782 1634 παρατηρήσεων,
834 1569 1021 1638 νεκρὸς
1076 1565 1273 1641 γέγονα
1330 1568 1397 1639 τῇ
1455 1566 1696 1642 ἁμαρτίᾳ
1756 1563 1825 1621 δι’
1880 1565 1976 1621 αὖ·

327 1653 445 1706 τοῦ.
502 1655 643 1724 Ἀρα
700 1650 791 1705 οὗν
844 1654 935 1708 τὸν
995 1654 1381 1709 ἀποκτείναντα
1431 1653 1718 1734 φυλάττειν
1778 1655 1975 1730 ἄξιον;

330 1763 359 1790 ‹‹
392 1742 506 1795 Ἵνα
580 1745 698 1812 Θεῷ
774 1742 940 1812 ζήσω.
978 1766 1006 1794 ››
1083 1745 1365 1815 Τουτέστι,
1440 1746 1541 1814 τήν
1590 1745 1849 1810 ἀθάνατον
1885 1747 1976 1801 καὶ

325 1826 524 1903 ἀγήρω
556 1831 720 1899 ζωήν.
765 1856 790 1881 ‹‹

330 1941 359 1969 ‹‹
392 1918 852 1995 συνεσταύρωμαι.
897 1946 926 1973 ››
992 1923 1052 1980 Ὀ
1104 1924 1282 1979 τοίνυν
1332 1920 1498 1997 νόμος
1563 1926 1625 1981 τὸ
1691 1925 1776 1980 ἐπ’
1832 1924 1979 1998 αὐτῷ

324 2006 657 2076 ἀπέκτεινεν,
735 2010 763 2065 ὁ
839 2007 897 2065 δὲ
970 2012 1197 2082 Χριστὸς
1273 2013 1630 2085 ἐζωοποίησε.
1708 2019 1832 2077 Πῶς
1879 2015 1973 2071 οὗν

325 2095 584 2174 φυλάττω
612 2097 707 2153 τὸν
744 2099 910 2172 νόμον
957 2120 972 2167 ;
1024 2123 1048 2154 α
1083 2106 1166 2156 Ζῶ
1216 2098 1273 2156 δὲ
1320 2102 1418 2158 οὐκ
1475 2098 1551 2158 ἔτι
1614 2103 1744 2180 ἐγώ.
1781 2126 1809 2155 ››
1877 2104 1975 2160 Διά

325 2188 426 2253 τῆς
460 2187 594 2259 μετά
648 2184 814 2242 ταῦτα
873 2186 1175 2251 πολιτείας,
1237 2187 1304 2245 δι’
1353 2192 1422 2260 ἧς
1477 2190 1749 2267 ἐνεκρώθη
1808 2192 1972 2249 αὐτοῦ

322 2275 391 2330 τά
424 2274 588 2348 μέλη.
628 2300 652 2328 ι·
686 2276 1005 2351 Νεκρώσατε
1039 2278 1165 2351 γὰρ,
1199 2278 1355 2355 φησὶ,
1384 2280 1450 2334 τὰ
1510 2280 1652 2352 μέλη
1704 2282 1858 2356 ὑμῶν
1905 2282 1971 2337 τὰ

322 2363 412 2417 ἐπὶ
442 2370 564 2437 γῆς.
600 2388 629 2415 ››
660 2397 731 2408 --
762 2388 789 2416 «
820 2365 882 2423 Ὁ
913 2362 970 2420 δὲ
1020 2368 1254 2441 Χριστὸς
1306 2372 1369 2442 ζῇ
1423 2367 1475 2423 ἐν
1521 2368 1667 2442 ἐμοί.
1715 2393 1745 2422 ››
1794 2371 1969 2445 Ἑνερ-

323 2457 459 2528 γῶν,
492 2452 647 2529 φησὶ,
707 2449 1002 2523 δεσπόζων,
1062 2455 1234 2511 πάντα
1289 2478 1382 2530 μοι
1449 2457 1608 2520 αὐτὸς
1659 2460 1969 2534 γενόμενος·

325 2540 380 2598 ἰν
408 2543 589 2615 τούτῳ
646 2539 703 2597 δὲ
753 2546 819 2616 ζῇ
877 2542 930 2598 ἐν
985 2543 1132 2619 ἐμοὶ,
1190 2551 1269 2619 τῷ
1325 2544 1491 2621 μηδὶν
1550 2549 1789 2622 γίνεσθαι
1843 2550 1971 2625 παρ’

326 2630 465 2705 ἐμοῦ
494 2637 601 2687 τῶν
663 2635 738 2705 μή
784 2631 1087 2691 δοκούντων
1147 2637 1318 2710 αὐτῷ.
1361 2662 1388 2690 ‹‹
1440 2640 1507 2696 Ὀ
1556 2635 1613 2694 δὲ
1655 2643 1747 2693 νῦν
1802 2644 1878 2710 ζῶ
1917 2638 1969 2695 ἒν

328 2724 503 2799 σαρκί.
540 2749 567 2778 ››
600 2726 702 2781 Καὶ
743 2724 805 2779 οὐ
840 2726 1029 2798 μόνον,
1079 2728 1233 2808 φησὶ,
1278 2730 1380 2797 τὴτ
1430 2731 1637 2800 νοητὴν
1681 2732 1829 2802 ζωὴν
1880 2728 1970 2786 διὰ

324 2815 418 2868 τὸν
478 2815 718 2888 Χριστὸν
778 2819 873 2884 ζῶ,
927 2813 1074 2871 ἀλλὰ
1130 2817 1220 2872 καὶ
1276 2839 1375 2887 την
1429 2819 1710 2892 αἰσθητήν.
1796 2822 1967 2891 ΙῙῶς;

322 2903 453 2958 Ὑπὸ
528 2903 826 2982 ἀπόφανσιν
906 2900 1056 2968 ὅντες
1133 2904 1222 2961 διὰ
1257 2909 1350 2963 τὸν
1400 2907 1593 2981 νόμον,
1635 2907 1970 2984 ἐμέλλομεν,

318 2992 475 3069 φησί,
507 2991 595 3047 καὶ
630 2998 901 3067 σαρκικῶς
960 2994 1314 3065 ἀποθνήσκειν
1378 2996 1452 3057 ὡς
1512 2995 1599 3051 ἐπὶ
1656 3001 1754 3053 τοῦ
1801 3019 1969 3053 κατα-

314 3079 588 3153 κλυσμοῦ.
650 3082 711 3140 Ὁ
770 3079 827 3138 δὲ
877 3084 1109 3157 Χριστὸς
1166 3087 1262 3158 ζῇν
1344 3090 1494 3157 ἧμᾶς
1561 3085 1808 3157 ἐποίησε,
1865 3094 1966 3157 τῆς

314 3169 450 3242 ἀρᾶς
503 3174 601 3224 τοῦ
657 3170 830 3243 νόμου
888 3170 1325 3247 λυτρωσάμειος·
1388 3174 1547 3229 Ὥστε
1603 3174 1667 3231 οὐ
1729 3174 1897 3249 μόνον
1928 3179 1964 3248 ἠ

316 3234 492 3330 νοητή
535 3260 670 3329 ζωὴ,
701 3234 849 3316 ἀλλὰ
877 3262 967 3316 καὶ
1064 3234 1324 3332 αἰσθητή,
1358 3260 1448 3318 διὰ
1475 3266 1573 3333 τήν
1607 3264 1684 3328 εἷς
1729 3234 1967 3339 ’Χριστὸν
2004 3234 2046 3301 C

318 3348 500 3402 πίστιν
534 3344 785 3423 ἐδωρήθη
818 3351 972 3422 ἡμῖν,
1026 3355 1148 3414 Πῶς
1195 3351 1286 3405 οὗν
1333 3351 1501 3407 πάλιν
1553 3353 1962 3431 ὑποστρέφομεν

320 3440 455 3515 πρὸς
528 3440 619 3494 τὸν
694 3439 904 3513 νόμον;
986 3463 1009 3493 α
1043 3441 1149 3499 Καὶ
1223 3439 1560 3517 παραδόντος
1599 3444 1786 3499 ἑαυτὸν
1835 3447 1969 3522 ὑπὲρ

317 3528 475 3601 ἐμοῦ.
514 3528 647 3585 »Τὸ
686 3529 866 3585 κοινὸν
927 3527 1066 3586 ἴδιον
1124 3534 1383 3600 ποιεῖται,
1441 3529 1649 3595 δεικνὺς
1701 3533 1968 3605 τοσαύτην

317 3614 541 3674 ἕκαστον
575 3615 685 3674 δεῖν
714 3619 1011 3698 ὁμολογεῖν
1048 3620 1210 3696 χάριν
1256 3624 1335 3694 τῷ
1384 3624 1628 3697 Χριστῷ,
1678 3624 1751 3687 ὡς
1803 3625 1850 3680 εἰ
1898 3623 1967 3681 δι’

322 3706 484 3760 αὐτὸν
530 3705 694 3780 μόνον
746 3706 1179 3780 ἑνηνθρώπησεν.
1245 3729 1271 3755 α
1320 3708 1435 3767 Οὐκ
1487 3710 1661 3774 ἀθετῶ
1712 3712 1811 3781 τὴν
1869 3713 1969 3788 χάο

320 3814 482 3867 ριν..
546 3796 632 3857 Ὧς
687 3793 738 3850 o'l
793 3817 854 3870 γε
911 3794 988 3852 ἔτι
1045 3798 1133 3852 καὶ
1180 3802 1269 3853 νῦν
1335 3803 1432 3853 τοῦ
1484 3801 1656 3874 νόμου
1711 3801 1968 3878 ἐχόμενοι

319 3883 564 3947 ἀθετοῦσι
612 3886 710 3954 τὴν
772 3884 862 3941 διὰ
916 3888 1152 3961 Χριστοῦ
1207 3889 1387 3964 χάριν.
1451 3890 1686 3946 ’Δθετεῖν
1741 3889 1798 3948 δέ
1854 3892 1965 3949 ἐστι

320 3973 385 4029 τὸ
441 3973 707 4044 ἀπιστεῖν,
762 3976 825 4031 τὸ
880 3973 1253 4048 ἐξευτελίζειν,
1308 3977 1371 4033 τὸ
1428 3975 1751 4049 διαπαίζειν.
1809 3982 1969 4057 Ὁρᾷς

319 4067 427 4117 ποῦ
468 4063 711 4140 ἀνήγαγε
738 4064 830 4119 τὸν
860 4062 1027 4140 λόγον
1055 4084 1067 4134 ;
1102 4090 1129 4117 ‹‹
1168 4066 1234 4123 Ei
1260 4068 1361 4144 γὰρ
1393 4065 1483 4123 διὰ
1535 4070 1710 4144 νόμου
1760 4067 1968 4127 δικαιο-

316 4152 469 4223 σύνη.
508 4176 535 4203 ››
570 4153 630 4209 Εἰ
658 4154 760 4229 γὰρ
792 4154 821 4208 ὁ
869 4154 1060 4227 νόμος.
1116 4155 1272 4232 φησὶ,
1332 4158 1521 4228 σώζειν
1575 4160 1665 4215 καὶ
1724 4157 1966 4217 διγαιοῦν

320 4242 523 4315 ἰσχύει,
599 4243 627 4294 ὁ
703 4242 930 4316 Χριστὸς
1008 4242 1182 4317 μάτην
1282 4246 1527 4306 ἀπέθανε.
1624 4249 1722 4304 Διὰ
1807 4253 1968 4307 τοῦτο

317 4330 426 4406 γὰρ
459 4327 767 4398 παρέδωκεν
796 4331 1003 4404 ἑαυτὸν,
1038 4334 1111 4397 ὡς
1159 4338 1257 4389 τοῦ
1300 4336 1474 4409 νόμου
1526 4338 1603 4410 μὴ
1657 4336 1969 4413 ἶσχυοντος,

845 1836 935 1903 Τῷ
993 1838 1209 1906 Χριστῷ
1240 1859 1262 1888 ι
1316 1831 1405 1933 διά
1450 1839 1547 1889 τοῦ
1600 1835 2054 1933 βαπτίσματοςΒ

2092 584 2226 657 Legi
2247 584 2461 640 iterum
2481 584 2972 657 obtemperando,
3004 583 3253 639 ostendo
3274 584 3430 655 quod
3455 589 3732 656 tanquam

2091 677 2489 746 transgressor
2543 672 2734 744 ipsam
2789 672 3048 744 primum
3109 671 3343 727 deserui
3393 689 3460 727 ac
3504 673 3733 729 Christo

2090 761 2334 817 credidi.
2371 784 2400 812 ‹‹
2431 764 2547 836 Ego
2572 763 2754 818 enim.
2781 784 2809 811 »
2853 762 2993 835 Ego,
3044 762 3259 833 inquit,
3284 761 3398 832 legi
3428 761 3732 834 obtempe-

2089 852 2295 917 rando,
2326 852 2604 907 constitui
2629 852 2919 924 meipsum
2941 852 3051 923 legi
3085 856 3401 906 mortuum.
3428 851 3730 922 Siquidem

2088 941 2183 998 lex
2239 941 2381 996 mihi
2438 940 2736 996 Christum
2795 940 3218 1013 pur-signavit:
3282 939 3457 995 etilli
3490 940 3732 1011 quidem

2088 1035 2359 1086 mortuus
2384 1030 2683 1102 sum,quia
2695 1030 2866 1103 juxta
2886 1029 3049 1084 illam
3068 1030 3194 1098 jam
3240 1045 3359 1083 non
3393 1045 3728 1096 conversor,

2088 1121 2267 1192 hujus
2289 1135 2422 1175 vero
2446 1120 2721 1193 dogmata
2742 1135 2977 1189 sequor.
3000 1140 3029 1167 ‹‹
3058 1118 3166 1173 Per
3208 1118 3399 1189 legem
3425 1117 3539 1191 legi
3571 1135 3732 1174 mor—

2091 1215 2225 1266 tuus
2251 1226 2402 1265 sum.
2439 1229 2467 1258 »
2504 1213 2618 1263 Aut
2646 1225 2751 1279 per
2781 1208 2971 1280 legem
3002 1206 3401 1280 evangelicam
3459 1212 3728 1263 mortuus

2088 1316 2218 1355 sum
2250 1297 2363 1372 legi
2391 1297 2549 1353 Mosi.
2611 1297 2914 1363 Quomodo
2972 1297 3152 1365 igitur
3192 1296 3601 1358 mortiﬁcatus,
3661 1314 3729 1352 ac

2085 1388 2330 1461 perinde
2359 1403 2453 1443 me
2484 1386 2558 1443 ad
2588 1387 2752 1443 illam
2780 1386 3007 1442 habens
3038 1386 3207 1458 quasi
3253 1386 3383 1457 ejus
3440 1386 3608 1441 nulla
3654 1385 3731 1442 sit

2086 1477 2332 1541 utilitas,
2366 1476 2611 1532 servabo
2643 1476 2833 1549 ipsam
2856 1476 2884 1531 ‘?
2914 1478 3029 1531 Aut
3059 1491 3164 1547 per
3194 1476 3383 1547 ipsam
3416 1475 3606 1547 legem
3659 1492 3726 1532 ac

2084 1583 2287 1641 graves
2313 1566 2754 1622 observationes
2785 1581 2991 1620 eorum
3024 1581 3154 1636 quae
3185 1565 3246 1618 in
3276 1564 3404 1636 ipsa
3459 1564 3724 1621 contine-

2082 1656 2320 1724 bantur,
2357 1654 2503 1711 135
2535 1661 2809 1710 mortuus
2867 1670 2996 1709 sum
3054 1658 3294 1726 peccato
3352 1670 3459 1725 per
3513 1654 3723 1724 ipsam.

2083 1748 2231 1819 Num
2256 1745 2434 1819 igitur
2455 1760 2690 1815 aequum
2709 1749 2799 1799 est
2814 1760 3045 1799 servare
3065 1760 3195 1798 eam
3218 1760 3350 1814 quae
3392 1743 3727 1799 interimit?

2084 1858 2113 1887 «
2143 1836 2215 1892 Ut
2246 1836 2360 1889 Deo
2390 1834 2661 1901 viverem,
2700 1856 2726 1883 »
2758 1849 2971 1905 nempe
3003 1831 3349 1897 immortali,
3390 1838 3450 1887 et
3505 1837 3729 1889 aeterna

2084 1924 2204 1979 vita
2254 1946 2273 1969 ι
2302 1926 2427 1979 Una
2442 1939 2575 1978 cum
2598 1921 2829 1978 Christo
2850 1922 3170 1977 cruciﬁxus
3214 1937 3366 1986 sum,
3419 1942 3445 1969 ››
3477 1937 3585 1993 per
3613 1921 3724 1977 ba-

2085 2013 2388 2087 ptismum.
2423 2013 2534 2067 Lex
2562 2013 2761 2085 igitur,
2788 2011 3013 2083 quodin
3029 2028 3089 2067 se
3109 2016 3255 2075 erat,
3289 2010 3525 2076 occidit,
3558 2011 3725 2068 Chri-

2084 2108 2208 2159 stus
2228 2109 2425 2159 autem
2456 2102 2801 2158 viviﬁcavit:
2846 2101 3143 2173 quomodo
3188 2116 3323 2173 ergo
3368 2100 3609 2155 servabo
3641 2100 3725 2155 le-

2081 2209 2213 2267 gem
2236 2192 2307 2247 ?«
2332 2192 2445 2247 Sed
2466 2192 2728 2263 vivojam
2753 2208 2872 2246 non
2927 2206 3050 2262 ego.
3108 2212 3134 2239 ››
3182 2189 3290 2244 Per
3326 2190 3721 2243 conversatio-

2082 2297 2219 2336 nem
2253 2298 2384 2352 quee
2417 2279 2525 2335 iste
2557 2279 2960 2351 consequitur,
2994 2295 3111 2349 qua
3140 2283 3378 2333 mortua
3433 2283 3572 2333 sunt
3617 2292 3723 2333 sua

2080 2370 2371 2427 membra.
2404 2370 2497 2424 Ait
2528 2369 2688 2425 enim
2715 2384 2728 2423 :
2762 2388 2792 2419 ιι
2818 2368 3161 2424 Mortificate
3212 2367 3480 2425 membra
3532 2372 3724 2423 vestra

2081 2461 2385 2518 terrestria
2413 2459 2456 2515 ⁸.
2483 2483 2511 2509 ››
2543 2491 2609 2502 -
2636 2483 2665 2510 ‹‹
2703 2460 2850 2514 Vivit
2876 2464 3075 2514 autem
3106 2460 3167 2513 in
3217 2475 3311 2515 me
3370 2458 3651 2514 Christus.
3689 2480 3717 2508 »

2079 2551 2384 2624 Operator,
2415 2550 2773 2617 dominator,
2807 2550 3007 2605 omnia
3040 2548 3277 2605 tandem
3301 2548 3359 2603 in
3386 2564 3477 2603 me
3509 2549 3717 2603 factus.

2078 2642 2192 2698 Per
2221 2641 2332 2696 hoc
2362 2645 2560 2696 autem
2590 2637 2729 2693 vivit
2757 2639 2819 2694 in
2852 2655 2966 2697 me.
3000 2636 3156 2709 quod
3186 2636 3339 2691 nihil
3384 2636 3445 2691 in
3489 2652 3583 2690 me
3615 2635 3720 2689 ﬁat

2078 2746 2306 2795 eorum,
2339 2747 2469 2801 qua:
2496 2728 2568 2784 ab
2599 2746 2669 2786 eo
2701 2745 2822 2784 non
2852 2726 3275 2802 approbantur.
3313 2747 3333 2771 ι
3369 2724 3559 2778 Vitam
3603 2740 3714 2777 au-

2075 2826 2198 2877 tem
2225 2836 2403 2892 quam
2429 2835 2587 2874 nunc
2616 2818 2745 2873 vivo
2776 2817 2837 2871 in
2867 2832 3062 2870 carne.
3123 2837 3150 2863 ››
3208 2815 3324 2869 Nec
3377 2812 3592 2877 solum,
3634 2812 3718 2867 in-

2077 2911 2227 2982 quit,
2252 2907 2640 2965 intellectuali
2671 2907 2786 2960 vita
2822 2910 3065 2977 propter
3111 2903 3410 2961 Christum
3442 2902 3588 2969 vivo,
3620 2918 3713 2956 ve-

2078 3015 2210 3055 rum
2230 2998 2409 3053 etiam
2432 2996 2730 3052 sensitiva.
2754 2995 3020 3059 Quonam
3046 2991 3220 3049 modo
3243 2990 3271 3045 ?
3303 2995 3449 3047 Cum
3480 2996 3726 3064 propter

2079 3088 2292 3161 legem,
2312 3087 2528 3158 inquit,
2550 3084 2860 3143 sententiae
2888 3099 3153 3139 essemus
3174 3081 3437 3146 obnoxii,
3458 3081 3725 3149 futurum

2078 3182 2206 3235 erat
2234 3180 2302 3232 ut
2331 3176 2511 3232 etiam
2541 3173 2862 3230 carnaliter
2893 3187 3264 3229 moreremur
3316 3175 3603 3241 tanquam
3663 3171 3726 3225 in

2080 3267 2336 3341 quodam
2369 3265 2610 3322 diluvio.
2643 3264 2909 3319 Christus
2938 3268 3136 3319 autem
3193 3261 3387 3317 vivere
3439 3277 3549 3317 nos
3589 3260 3729 3317 fecit

2080 3359 2277 3432 alegis
2300 3355 2718 3413 maledictione
2750 3353 3054 3410 liberatos.
3094 3352 3277 3424 Igitur
3311 3367 3432 3407 non
3461 3350 3727 3406 intellec-

2079 3449 2257 3505 tualis
2279 3447 2456 3504 modo
2486 3447 2625 3514 vita,
2644 3444 2749 3502 sed
2772 3443 3127 3501 etsensitiva
3164 3441 3337 3498 nobis
3386 3441 3607 3498 donata
3635 3444 3725 3497 est

2078 3556 2185 3612 per
2214 3537 2394 3594 ﬁdem
2425 3553 2556 3609 quaa
2585 3536 2647 3590 in
2680 3533 2976 3590 Christum
3030 3536 3121 3587 est
3185 3530 3490 3597 Quomodo
3547 3530 3727 3602 igitur

2079 3645 2315 3686 rursum
2342 3626 2714 3699 postliminio
2736 3628 3101 3681 revertemur
3118 3622 3192 3678 ad
3210 3622 3402 3691 legem
3424 3619 3452 3675 ?
3475 3643 3504 3670 ‹‹
3526 3623 3596 3676 Et
3614 3627 3727 3677 tra-

2079 3717 2230 3774 didit
2258 3717 2643 3787 semetipsum
2672 3731 2778 3788 pro
2808 3730 2923 3769 me.
2958 3735 2987 3763 »
3019 3711 3184 3777 Quod
3242 3726 3556 3765 commune
3582 3771 3587 3778 ,
3617 3715 3724 3779 est,

2077 3807 2386 3882 proprium
2416 3805 2576 3873 facit,
2610 3802 2931 3861 ostendens
2961 3806 3196 3857 tantum
3236 3799 3559 3870 gratiarum
3621 3814 3726 3852 ac-

2079 3895 2260 3953 tionis
2291 3911 2588 3967 quemque
2618 3893 2835 3948 debere
2866 3889 3117 3951 Christo.
3152 3903 3221 3943 ac
3252 3887 3301 3941 si
3333 3889 3575 3959 propter
3630 3886 3722 3958 ip-

2077 4004 2210 4044 sum
2240 3986 2432 4043 solum
2464 3985 2644 4040 homo
2675 3980 2864 4036 factus
2893 3977 3119 4035 fuisset.
3165 3999 3192 4025 ‹‹
3252 3977 3378 4033 Non
3434 3991 3725 4047 aspernor

2078 4076 2347 4149 gratiam.
2381 4094 2411 4125 »
2442 4074 2746 4141 Tanquam
2779 4068 2840 4123 hi
2867 4066 2970 4139 qui
3000 4064 3193 4123 adhuc
3222 4065 3337 4139 legi
3394 4065 3721 4131 adhaerent,

2079 4162 2294 4220 Christi
2325 4161 2572 4235 gratiam
2603 4162 3017 4230 aspernentur.
3078 4154 3395 4227 Aspernari
3450 4171 3585 4210 vero
3634 4158 3726 4209 est

2079 4268 2201 4307 non
2234 4249 2498 4316 credere,
2528 4252 2858 4315 attenuare,
2891 4245 3161 4302 irridere.
3192 4243 3367 4301 Vides
3423 4260 3539 4314 quo
3599 4258 3723 4297 ser-

2081 4355 2321 4397 monem
2345 4337 2672 4393 deduxerit.
2691 4357 2721 4387 «
2765 4338 2908 4392 Nam
2931 4336 2978 4392 si
2999 4352 3104 4407 per
3123 4334 3315 4407 legem
3326 4332 3580 4405 justitia.
3607 4355 3636 4384 »
3663 4330 3723 4387 Si

317 4418 409 4473 ἳνα
434 4418 599 4481 αὐτὸς
640 4420 788 4493 σώσῃ
845 4418 934 4475 διὰ
987 4426 1084 4477 τοῦ
1143 4422 1378 4486 θανάτου
1425 4424 1611 4481 αὐτοῦ.
1671 4427 1760 4488 Ὠς
1805 4426 1854 4481 εἲ
1908 4448 1971 4504 γε

380 4508 436 4529 Ιυ
521 4508 534 4529 ι
614 4508 629 4529 Ι
988 4511 999 4526 ι
1078 4514 1092 4529 ο
1131 4513 1157 4529 Α
1180 4513 1190 4528 Ι
1449 4513 1476 4525 ‘I
1512 4519 1546 4529 η
1628 4513 1639 4529 1

2083 4429 2240 4485 enim
2267 4426 2698 4498 lexjustificare
2716 4431 2932 4498 posset,
2964 4425 3232 4482 Christus
3266 4424 3483 4480 frustra
3508 4429 3567 4479 et
3596 4423 3722 4481 sine

321 4508 488 4580 σώζει
514 4508 541 4564 ὁ
570 4508 759 4584 νόμος,
793 4511 1040 4585 περιττὸς
1072 4514 1099 4567 ὁ
1130 4513 1354 4575 Θάνατος
1381 4513 1477 4568 τοῦ
1512 4513 1730 4588 Κυρίου.

2084 4534 2262 4575 causa
2284 4523 2554 4573 mortuus
2584 4521 2758 4574 esset.
2791 4516 2875 4570 0b
2907 4515 2966 4570 id
2994 4529 3252 4586 namque
3293 4513 3555 4585 seipsum
3601 4517 3723 4569 tra-

318 4598 489 4668 didit,
523 4605 607 4669 ut,
641 4601 799 4673 quod
826 4602 920 4659 lex
950 4619 1071 4660 non
1102 4608 1350 4676 poterat,
1382 4605 1510 4677 ipse
1540 4622 1649 4662 nos
1679 4623 1787 4664 sua
1816 4614 2004 4666 morte
2035 4607 2225 4665 salvos
2254 4607 2476 4665 faceret
2504 4624 2521 4661 ;
2556 4605 2713 4679 quod
2742 4605 2790 4661 si
2824 4604 2919 4660 lex
2976 4603 3168 4660 salvos
3218 4602 3459 4673 faceret,
3518 4618 3722 4675 super-

319 4704 504 4745 vacua
532 4689 741 4745 fuisset
770 4707 930 4747 mors
960 4692 1215 4749 Domini.

945 4809 1210 4865 ΚΕΦΑΛ.
1254 4810 1306 4866 Δ“
1319 4853 1331 4869 .

396 4899 519 4951 Ὀτι
553 4891 644 4950 διὰ
667 4894 899 4957 πίστεως
931 4896 959 4950 ὁ
988 4896 1282 4972 ἁγιασμὸς,
1312 4899 1378 4955 οὐ
1409 4896 1499 4956 διὰ
1527 4900 1723 4975 νόμου.

394 4985 458 5038 Ὠ
529 4982 753 5055 ἀνόητοι
819 4983 1080 5054 Γαλάται,
1146 4986 1228 5048 τίς
1299 4988 1439 5060 ὑμᾶς
1530 4984 1818 5047 ἔϐάσκανεν
1902 4996 1973 5066 τῇ

319 5070 554 5143 ἀληθείᾳ
660 5075 736 5145 μή
841 5073 1140 5144 πείθεσθαι,
1244 5077 1328 5138 οἷς
1431 5079 1546 5132 κατ’
1649 5078 1972 5158 ὀφθαλμοὺς

319 5164 534 5232 Ἰησοῦς
596 5163 832 5235 Χριστὸς
894 5163 1239 5243 ξπροεγράφη
1330 5164 1381 5219 ἐν
1481 5166 1606 5240 ὑμῖν
1702 5166 1974 5243 ἐσταυρω-

324 5250 486 5325 μένος
541 5270 555 5321 ;
622 5253 798 5310 Τοῦτο
869 5254 1035 5326 μόνον
1097 5252 1241 5309 θὲλω
1337 5256 1525 5328 μαθεῖν
1616 5257 1707 5336 ἀφ’
1796 5259 1972 5330 ὑμῶν,

319 5338 372 5410 ἐξ
430 5336 605 5414 ἔργων
661 5342 838 5413 νόμου
894 5337 1119 5398 ἐλάϐετε
1168 5343 1231 5398 τὸ
1299 5342 1534 5417 πνεῦμα,
1596 5346 1631 5417 ἢ
1693 5344 1745 5419 ἐξ
1801 5346 1973 5417 ἀκοῆς

322 5429 580 5501 πίστεως,
633 5430 806 5495 οὕτως
859 5432 1080 5504 ἀνόητοί
1163 5433 1303 5504 Eoos,
1378 5435 1730 5511 ἐναρξάμενοι
1812 5438 1976 5493 πνεύ-

326 5540 478 5592 ματι,
542 5524 632 5575 νῦν
717 5521 873 5595 σαρκὶ
970 5522 1325 5589 ἐπιτελεῖσθε.
1417 5530 1660 5583 Τοσαῦτα
1752 5525 1976 5583 ἰπάθετε

326 5738 336 5749 ,
392 5673 413 5707 ⁸
446 5671 777 5761 βρὶοιμιι,
803 5677 854 5730 5.

2722 4813 2950 4870 CAPUT
2990 4813 3082 4866 IV.

2083 4906 2239 4972 Ωιιοά
2259 4922 2360 4976 per
2375 4904 2536 4974 ﬁdem
2555 4905 2728 4971 fuerit
2747 4903 3133 4973 sanctiﬁcatio,
3166 4907 3220 4955 et
3260 4915 3374 4955 non
3403 4914 3509 4971 per
3530 4899 3723 4971 legem.

2153 4997 2252 5065 IIl,
2277 4999 2395 5051 1-6.
2430 4997 2602 5052 Stulti
2629 4996 2858 5059 Galatae,
2890 4996 3013 5066 quis
3058 4993 3260 5048 invidit
3312 4994 3464 5048 vobis
3518 5009 3585 5048 ne
3627 4992 3729 5048 σου

2084 5087 2483 5155 temperat-etis,
2512 5091 2565 5139 et
2594 5085 2883 5139 crederetis
2906 5084 3147 5147 veritati,
3197 5081 3394 5152 quibus
3444 5097 3565 5153 pra
3594 5097 3727 5137 ocu-

2086 5175 2153 5230 lis
2178 5176 2332 5230 Iesus
2361 5174 2609 5231 Christus
2637 5176 2751 5243 fuit
2783 5174 3051 5244 depictus,
3087 5172 3237 5228 786
3276 5174 3422 5228 inter
3477 5188 3569 5227 vos
3599 5187 3728 5226 cru-

2082 5265 2277 5331 ciﬁxus
2297 5263 2324 5318 '?
2348 5265 2461 5319 Hoc
2490 5264 2663 5319 solum
2694 5268 2858 5333 cupio
2887 5263 3093 5336 discere
3121 5279 3155 5317 a
3181 5263 3365 5318 vobis:
3416 5278 3486 5317 ea:
3540 5261 3727 5329 operi-

2086 5353 2180 5408 bus
2244 5353 2377 5421 legis
2432 5355 2704 5423 Spiritum
2742 5355 3042 5424 accepistis,
3076 5370 3149 5408 an
3212 5370 3282 5408 ea:
3335 5350 3729 5424 praedicatione

2081 5440 2213 5511 ﬁdei
2257 5444 2286 5495 ?
2339 5443 2491 5498 Adeo
2545 5443 2700 5499 stulti
2756 5445 2903 5511 estis,
2957 5459 3081 5499 cum
3141 5444 3358 5514 Spiritu
3424 5441 3676 5510 ceperiti

2082 5548 2229 5590 nunc
2259 5550 2424 5591 carne
2452 5534 2907 5591 consummamini
2932 5538 2962 5591 7
2994 5536 3128 5591 Tam
3180 5533 3359 5590 multa
3399 5532 3556 5603 passi
3598 5531 3726 5587 estis
