4128 6192
499 365 649 425 1119

495 591 644 644 vobis
674 588 966 656 Spiritum,
1001 592 1264 655 operatur
1293 588 1522 640 virtutes
1551 587 1612 639 in
1641 587 1808 650 vobis,
1843 593 2034 640 utrum
2066 604 2134 641 ea:

495 677 746 747 operibus
774 676 926 744 legis,
957 692 1026 728 an
1087 691 1154 728 ea:
1205 675 1599 744 prmdicatione
1645 676 1780 744 ﬁdei
1830 675 1891 730 id
1943 678 2135 744 facit?

492 767 956 835 Quemadmodum
989 768 1268 822 Abraham
1290 769 1524 822 credidit
1557 769 1676 836 Deo,
1710 775 1760 822 et
1799 771 2135 838 imputatum

491 867 568 915 cst
599 859 684 913 illi
714 859 787 912 ad
809 859 1112 928 justitiam.

563 957 669 1013 Ubi
693 957 1118 1011 demonstravit
1135 957 1392 1026 seipsum
1417 973 1534 1010 non
1558 957 1629 1011 ab
1655 957 2013 1022 hominibus,
2030 955 2133 1012 sed

491 1065 525 1104 a
547 1047 796 1104 Domino
824 1047 1002 1102 fuisse
1025 1047 1321 1110 edoctum,
1351 1047 1562 1116 majori
1587 1063 1744 1102 nunc
1783 1048 2132 1103 auctoritate

494 1130 686 1199 docet,
721 1135 1222 1203 comparationem
1255 1131 1400 1203 legis
1432 1148 1497 1185 ac
1521 1131 1656 1186 ﬁdei
1708 1132 1948 1187 faciens.
1978 1133 2134 1188 Stul~

493 1221 581 1273 tos
609 1224 710 1272 aut
740 1223 908 1273 vocat
936 1217 1110 1288 ipsos.
1151 1217 1292 1271 Vere
1326 1217 1482 1271 enim
1517 1217 1762 1271 stultum
1793 1224 1882 1272 est
1912 1234 1944 1272 a
1973 1219 2134 1272 Chri-

489 1313 578 1362 sto
611 1307 935 1372 discedere,
970 1307 1200 1376 legique
1233 1306 1556 1361 adhmrere.
1594 1329 1618 1355 ‹‹
1652 1307 1791 1371 Quis
1821 1307 1982 1362 vobis
2041 1308 2134 1362 in-

489 1397 682 1452 vidit?
713 1421 739 1446 n
771 1397 984 1467 inquit.
1012 1399 1140 1452 Non
1173 1397 1336 1461 dixit,
1371 1397 1510 1460 Quis
1537 1397 1700 1451 vobis
1731 1397 2012 1468 imposuit
2033 1397 2132 1452 ?ne

487 1487 870 1559 opprobrium
896 1487 1170 1542 misceret
1203 1486 1558 1558 opprobrio;
1603 1486 1725 1554 sed,
1787 1488 1918 1557 quis
1977 1487 2133 1542 indi-

484 1583 696 1651 gnatus
727 1581 834 1640 est,
865 1577 983 1630 sive
1017 1576 1223 1630 invidit
1254 1576 1280 1630 '?
1319 1575 1639 1631 ostendens
1691 1593 1905 1648 magna
1950 1577 2129 1632 fuisse

486 1681 554 1724 ea
586 1685 715 1738 quae
747 1667 910 1738 prius
937 1665 1355 1737 operabantur.
1420 1689 1446 1714 ‹‹
1497 1666 1720 1730 Quibus
1773 1683 1892 1737 prae
1943 1666 2131 1722 oculis

483 1756 649 1810 Jesus
663 1754 944 1808 Christus.
973 1775 998 1800 ι»
1033 1753 1647 1824 AtquiHierosolymis
1662 1754 1978 1809 cruciﬁxus
2001 1759 2089 1808 est
2115 1771 2127 1809 :

486 1842 782 1916 quomodo
815 1857 950 1913 ergo
981 1842 1064 1895 ait
1097 1859 1109 1896 :
1145 1843 1350 1906 Quibus
1371 1857 1490 1911 pra
1521 1841 1691 1897 oculis
1723 1849 1780 1896 et
1809 1845 1956 1898 inter
1985 1859 2076 1898 vos
2105 1845 2132 1897 ?

482 1932 750 1988 Ostendit
782 1932 898 1986 vim
953 1931 1111 1995 fidei,
1167 1948 1298 2002 quas
1355 1931 1532 1986 etiam
1589 1933 1794 2003 procul
1854 1933 2134 1989 distantia

475 2022 776 2094 prospicit.
814 2027 1086 2076 Attamen
1119 2021 1259 2090 quia
1291 2021 1568 2091 Depictus
1631 2027 1718 2076 est
1783 2021 1952 2087 dixit,
2014 2024 2132 2078 sive

474 2112 824 2181 descriptus,
861 2127 1076 2180 nempe
1109 2127 1214 2181 per
1247 2109 1688 2181 praedicationis
1749 2113 2127 2182 scripturam,

476 2200 849 2256 tantumdem
877 2205 966 2254 est
1022 2215 1090 2254 ac
1151 2199 1198 2253 si
1259 2198 1529 2253 diceret:
1591 2199 1937 2255 Praadicatio
1999 2202 2131 2272 qui-

477 2290 612 2346 dem
671 2289 936 2360 depinxit
992 2287 1158 2342 vobis
1217 2304 1454 2343 crucem
1515 2305 1584 2343 ac
1647 2294 1901 2344 mortem
1965 2291 2131 2345 Chri-

480 2381 569 2442 sti,
609 2397 708 2434 vos
741 2383 940 2434 autem
981 2377 1169 2432 oculis
1231 2377 1368 2432 ﬁdei
1431 2383 1716 2449 tanquam
1776 2387 2132 2451 praesentem

481 2472 676 2542 ipsum
707 2468 932 2522 vidistis
967 2485 978 2522 :
1011 2468 1092 2522 ita
1121 2467 1283 2522 enim
1317 2467 1672 2535 credidistis,
1734 2485 1800 2524 ac
1840 2470 1887 2524 si
1943 2471 2132 2542 ipsam

479 2559 690 2615 Christi
753 2563 1002 2612 mortem
1063 2557 1264 2612 intuiti
1315 2557 1540 2612 essetis.
1603 2588 1666 2597 —
1711 2580 1738 2607 ‹‹
1773 2559 1892 2613 Hoc
1939 2559 2132 2614 solum

483 2649 655 2722 cupio
675 2645 1164 2704 discereavobis.
1203 2669 1230 2695 ››
1280 2647 1591 2714 Quoniam,
1642 2648 1858 2719 inquit,
1907 2653 2132 2704 tantam

480 2738 984 2810 dispensationem
1019 2753 1140 2792 non
1170 2736 1662 2804 animadvertitis,
1722 2737 1896 2794 breve
1946 2739 2132 2809 quod-

485 2828 620 2883 dam
644 2827 888 2882 verbum
912 2827 1124 2896 loquor
1150 2826 1221 2880 ad
1255 2843 1390 2881 vos:
1447 2842 1590 2880 num
1643 2843 1749 2897 per
1777 2827 1922 2900 legis
1954 2845 2135 2899 opera

485 2915 768 2988 Spiritum
801 2920 1073 2970 sanctum
1127 2914 1459 2984 accepistis,
1515 2919 1827 2984 tantasque
1888 2915 2134 2970 virtutes

485 3025 551 3062 ac
575 3008 740 3088 signa
763 3008 988 3079 operati
1007 3007 1252 3074 estis,an
1279 3025 1384 3078 per
1405 3007 1581 3062 ﬁdem
1599 3007 1626 3062 ‘?
1647 3006 2134 3079 quandoquidem

484 3096 623 3154 dum
655 3097 772 3166 legi
806 3097 1220 3160 adhaerebatis,
1252 3113 1370 3150 non
1404 3097 1687 3168 Spiritum
1741 3098 2082 3170 suscepistis
2119 3115 2131 3153 :

485 3186 780 3258 quomodo
841 3202 976 3258 ergo
1033 3202 1268 3240 rursum
1329 3185 1532 3240 relicta
1591 3185 1703 3241 ﬁde
1763 3186 1876 3258 legi
1935 3188 2129 3242 adhae-

483 3277 622 3332 retis
653 3277 680 3331 ?
711 3299 737 3324 ‹‹
775 3277 932 3330 Adeo
966 3275 1130 3330 stulti
1161 3275 1322 3330 estis.
1361 3298 1388 3322 υ
1449 3275 1631 3340 Adeo,
1693 3276 1907 3346 inquit,
1967 3277 2130 3332 stulti

482 3367 644 3428 estis,
679 3371 742 3419 ut
773 3365 1056 3435 temporis
1097 3379 1408 3434 progressu
1470 3369 1795 3418 retrorsum
1855 3367 2128 3421 curratis.

479 3457 622 3509 Nam
647 3471 780 3510 cum
808 3453 1024 3525 Spiritu
1044 3451 1338 3524 cmperitis
1361 3453 1789 3507 consummari:
1827 3454 1938 3508 hoc
1971 3455 2131 3510 enim

482 3561 516 3599 a
537 3542 837 3600 communi
862 3557 1036 3596 sensu
1061 3539 1414 3594 sumendum
1442 3547 1528 3593 est
1554 3557 1565 3594 :
1595 3557 1754 3594 nunc
1771 3557 1948 3596 carne
1990 3560 2132 3597 con-

481 3631 878 3689 summamini.
892 3629 1112 3700 Spiritu
1132 3628 1288 3681 enim
1305 3617 1888 3692 consumm‘abantur,
1901 3647 2034 3686 cum
2051 3632 2129 3686 si-

481 3739 596 3794 gna
619 3722 891 3778 ederent:
921 3735 1075 3772 nunc
1125 3733 1258 3771 vero
1305 3732 1480 3770 carne
1525 3717 2124 3774 circumcidebantur.

481 3811 896 3869 Animadverte
913 3816 1108 3863 autem
1125 3807 1280 3878 quod
1295 3807 1368 3860 ιιι-ὲ
1383 3825 1410 3858 It
1431 3805 2042 3872 dixerit,ConsummaI
2057 3811 2125 3874 is,

484 3903 586 3960 sed
601 3925 630 3952 ‹‹
645 3896 1171 3964 Consummamini,
1209 3917 1235 3945 ››
1250 3895 1568 3951 ostendens
1582 3895 1740 3966 quod
1753 3913 1915 3953 more
1933 3899 2127 3955 ovium

483 3995 782 4047 sumentes
807 3987 962 4057 ipsos
975 3986 1478 4042 circumcidebant
1505 4003 1580 4040 ne
1603 3986 1860 4042 scientes
1885 3987 2127 4058 quidem

484 4077 628 4149 quid
659 4081 1020 4146 paterentur.
1058 4097 1084 4124 ιι
1116 4076 1281 4132 Nunc
1315 4091 1488 4130 carne
1540 4077 2061 4132 consummamini.
2102 4099 2122 4128 ι

565 4166 710 4220 737
747 4163 1028 4236 Spiritum
1077 4163 1318 4236 quidem
1375 4163 1522 4218 dixit
1565 4166 1834 4236 gratiam,
1888 4182 2127 4222 carnem

481 4272 616 4312 vero
631 4255 1134 4311 conversationem
1151 4253 1476 4309 secundum
1493 4253 1740 4326 legem.«
1781 4255 1920 4310 Tam
1943 4255 2130 4312 multa

477 4347 636 4419 passi
656 4345 796 4401 estis
823 4345 1054 4398 frustra.
1085 4363 1110 4389 η
1133 4340 1330 4396 Multis
1351 4342 1424 4396 ob
1447 4342 1746 4398 Christum
1789 4342 2126 4400 afflictioni-

481 4435 590 4493 bus
620 4451 688 4490 ac
718 4432 994 4505 periculis
1020 4431 1327 4486 exercitati
1385 4431 1639 4486 fuerant.
1705 4433 1888 4488 Tanta
1927 4433 2125 4505 igitur,

482 4523 698 4594 inquit,
717 4521 881 4578 nullo
905 4520 1101 4577 fructu
1121 4519 1279 4590 passi
1303 4519 1462 4574 estis.
1486 4520 1629 4575 Nam
1653 4520 1703 4575 si
1751 4520 2124 4577 circumcidi-

1623 359 1863 421 cm:ch
1881 362 1975 420 ΕΝ
1985 361 2032 420 ll
2079 361 2384 422 ΤΗΙΟΟᾸΞ
2431 363 2780 424 EPISCOPI

493 505 726 572 frustra,
757 501 803 554 si
834 505 1013 551 tamen
1045 503 1094 552 et
1123 499 1356 564 frustra.
1390 499 1496 562 Qui
1527 499 1704 566 igitur
1753 496 2129 552 subministrat

2257 496 2405 564 είπῆ,
2475 495 2588 570 εἳγε
2655 495 2743 550 καὶ
2813 495 2956 566 εἰκῆ.
3023 498 3084 553 Ὀ
3147 497 3239 550 οὖν

2165 1869 2208 1932 Β

2163 3231 2205 3296 C

3721 367 3852 426 11ἓο

3335 495 3678 570 ἐπιχορηγῶν
3749 495 3856 569 ὑμῖν

2241 587 2304 640 τὸ
2368 589 2605 658 πνεῦμα,
2672 585 2763 640 καὶ
2859 585 3088 659 ἐνεργῶν
3184 583 3434 657 δυνάμεις
3527 583 3577 638 ὲν
3641 585 3778 656 ὑμῖν,
3821 586 3862 654 ἐξ

2243 667 2414 747 ἔργων
2515 674 2713 748 νόμου,
2910 675 2960 744 ἐξ
3069 675 3237 742 ἀκοῆς
3341 673 3616 741 πίστεωςς
3704 673 3866 734 Καθὼς

2247 757 2500 836 Ἀϐραὰμ
2557 763 2834 819 ἐπίστευσε
2913 769 2994 836 τῷ
3079 769 3217 835 Θεῷ,
3283 765 3370 818 καὶ
3431 761 3680 838 ἐλογίσθη
3737 762 3862 833 αὐτῷ

2245 852 2319 912 εἰς
2353 850 2718 922 δικαιοσύνην,

3184 583 3434 657 δυνάμεις

3341 673 3569 734 πίστεως
3604 691 3616 741 ;

2313 947 2620 1020 Ὑποδείξας
2651 952 2837 1013 ὲαυτὸς
2889 954 2964 1024 μὴ
3025 953 3172 1026 παρὰ
3229 952 3550 1024 ἀνθρώπων,
3606 948 3727 1004 ἀλλ’
3771 951 3860 1006 ὑπὸ

2243 1041 2339 1092 τοῦ
2369 1039 2568 1112 Κυρίου
2609 1036 3010 1113 δεδιδαγμένον,
3063 1045 3152 1093 νῦν
3211 1039 3345 1111 μετᾶ
3391 1037 3646 1097 πλείονος
3699 1036 3860 1100 αὐθεν-

2242 1128 2360 1189 τίας
2394 1125 2656 1196 διδάσκει,
2689 1129 2964 1205 σύγκρισιν
3007 1133 3104 1183 τοῦ
3157 1129 3330 1202 νόμου
3381 1125 3468 1182 καί
3519 1134 3616 1196 τῆς
3663 1125 3864 1187 πίστεως

2241 1218 2599 1291 ποιούμενος.
2661 1219 2962 1290 Ἀνοήτους
3023 1217 3079 1275 ὂὶ
3133 1219 3330 1282 αὐτοὺς
3383 1216 3565 1274 καλεῖ.
3639 1217 3734 1273 Καὶ
3783 1217 3864 1292 γὰρ

2243 1300 2414 1368 ὅντως
2497 1307 2726 1376 ἀνόητον
2805 1309 2890 1380 τὸ,
2951 1308 3165 1386 ἀφεῖναι
3221 1308 3481 1382 Χριστὸν,
3537 1306 3624 1360 καὶ
3675 1303 3863 1379 ἔχεσθαι

2241 1399 2336 1450 τοῦ
2377 1395 2572 1468 νόμου.
2637 1421 2664 1448 ιι
2721 1396 2816 1460 Τίς
2875 1397 3040 1470 ὑμᾶς,
3099 1398 3282 1474 φησὶν,
3349 1392 3676 1464 ἐϐάσκανενς
3709 1420 3733 1446 ›)
3771 1395 3862 1454 Οὐκ

2243 1487 2380 1554 εἷπε,
2433 1483 2527 1546 Τίς
2589 1485 2728 1558 ὑμᾶς
2785 1486 3063 1556 ἠπάτησεν
3113 1505 3128 1554 ;
3174 1483 3266 1539 ⁹ίνα
3326 1487 3402 1558 μή
3463 1482 3736 1557 λοιδορίαν
3787 1483 3858 1538 ἐπὶ

2243 1570 2496 1648 λοιδορίᾳ
2527 1574 2676 1649 μίξῃ·
2736 1574 2904 1646 ἀλλὰ,
2963 1575 3056 1636 Τίς
3114 1570 3370 1630 ἐϐάσκαινε
3429 1574 3519 1630 καὶ
3581 1573 3860 1653 ἐφθόνησες

2243 1659 2452 1724 δεικνὺς
2485 1663 2606 1732 ἄξια
2653 1666 2856 1743 φθόνου
2905 1665 3010 1740 πρὸ
3067 1665 3263 1719 τούτου
3317 1665 3676 1739 πράττοντας.
3733 1689 3756 1715 ιι
3785 1665 3864 1726 Οἷς

2240 1754 2356 1806 κατ’
2415 1751 2733 1832 ὀφθαλμοὺς
2791 1755 3002 1824 Ἰησοῦς
3081 1755 3330 1829 Χριστός.
3395 1779 3422 1804 ››
3501 1755 3606 1809 Καὶ
3679 1754 3777 1825 μὴν
3819 1753 3860 1806 ἐν

2239 1840 2608 1916 Ἰερουσαλὴμ
2659 1842 2996 1918 ἐσταυρώθη.
3049 1848 3172 1904 Πῶς
3227 1844 3318 1898 οὗν
3376 1865 3572 1922 φησιν,
3629 1846 3718 1904 Οἷς
3765 1845 3863 1898 κατ’

2241 1930 2582 2003 ὀφθαλμοὺς,
2638 1933 2753 2001 καὶ,
2813 1933 2896 1988 Ἐν
2956 1933 3137 2004 ὑμῖνς
3200 1933 3444 1988 Δείκνυσι
3503 1939 3607 2001 τῆς
3663 1933 3867 1994 πίστεως

2239 2021 2340 2088 τήν
2377 2019 2560 2095 ἰσχὺν,
2617 2021 2708 2075 καὶ
2765 2023 2829 2077 τὰ
2887 2021 3077 2097 πὸῤῥω
3135 2021 3373 2095 ὁρώσης.
3425 2022 3583 2090 Πλὴν
3643 2022 3724 2077 ὅτι
3761 2043 3872 2096 προ·

2243 2107 2451 2184 εγράφη
2511 2110 2650 2176 εἷπε,
2711 2107 2975 2178 τουτέστι,
3037 2106 3125 2163 διὰ
3200 2116 3298 2178 τῆς
3365 2113 3463 2163 τοῦ
3543 2111 3874 2184 κηρύγματος

2240 2205 2474 2275 γραφῆς,
2509 2198 2636 2254 ὡσεὶ
2677 2193 2854 2276 ἔλεγε·
2909 2199 2979 2255 Τὸ
3041 2200 3136 2272 μὲν
3195 2201 3458 2276 κήρυγμα
3523 2199 3871 2276 ἐζωγρὰφησεν

2244 2289 2372 2360 ὑμῖν
2404 2289 2496 2342 τὸν
2534 2290 2782 2360 σταυρὸν,
2819 2289 2974 2362 ὑμεῖς
3025 2286 3083 2342 δὲ
3112 2294 3232 2350 τοῖς
3262 2296 3361 2358 τῆς
3409 2289 3647 2352 πίστεως
3699 2290 3870 2366 ὀφθαλ-

2248 2383 2372 2450 μοῖς
2401 2379 2476 2439 ὡς
2507 2380 2750 2452 παρόντα
2809 2379 2972 2433 αὐτὸν
3033 2375 3222 2436 εἷ’δετε.
3275 2376 3434 2434 Οὕτω
3495 2381 3599 2453 γὰρ
3659 2378 3874 2434 ἐπιστεύ-

2242 2475 2388 2538 σατε,
2431 2467 2506 2530 ὡς
2561 2466 2718 2522 αὐτὸν
2779 2471 2875 2522 τοῦ
2929 2471 3162 2542 Χριστοῦ
3207 2467 3298 2521 τὸν
3349 2468 3583 2541 σταυρὸν
3646 2465 3871 2538 θεασάμε-

2239 2575 2346 2612 νοι.
2396 2587 2466 2598 ——
2523 2558 2764 2612 «Τοῦτο
2821 2557 2985 2622 μόνον
3047 2555 3190 2611 θέλω
3253 2561 3446 2628 μαθεῖν
3511 2556 3601 2633 ἀφ’
3663 2557 3870 2628 ὑμῶν.»

2245 2645 2582 2717 [ΘΕΟΔΩΡ.]
2641 2642 2888 2713 Ἐπειδὴ,
2951 2646 3108 2720 φησὶ,
3166 2648 3234 2718 τῇ
3287 2643 3526 2719 τοσαύτῃ
3614 2643 3872 2715 οἰκονομίᾳ

2243 2731 2304 2786 οὐ
2326 2734 2642 2807 προσέχετε,
2677 2733 2944 2805 σύντομόν
2997 2755 3049 2788 τι
3102 2734 3210 2806 ἐρῶ
3251 2733 3385 2805 πρὸς
3434 2733 3602 2807 ὑμᾶς.
3651 2734 3741 2788 Διά
3783 2737 3871 2786 τῶν

2245 2821 2479 2894 ἐννόμῳ
2537 2817 2713 2896 ἔργων
2773 2826 2994 2893 Πνεῦμα
3050 2821 3201 2897 ἃγιον
3254 2817 3500 2892 ἐλάϐετε,
3561 2824 3649 2877 καὶ
3705 2822 3868 2878 τοσαῦ-

2241 2931 2336 2972 τας
2395 2908 2651 2984 δυνάμεις
2707 2911 2799 2966 καὶ
2859 2917 3062 2985 σημεῖα
3147 2906 3460 2983 ἔποιησατε,
3551 2915 3588 2984 ἦ
3669 2910 3752 2966 διὰ
3789 2913 3869 2979 τῆς

2243 3003 2474 3066 πίστεως
2503 3025 2517 3072 ;
2553 3004 2705 3062 Ἐπεὶ
2743 3008 2820 3078 μή
2852 3007 2940 3061 ὅτε
2971 3011 3068 3061 τοῦ
3097 3005 3270 3078 νόμου
3320 3005 3558 3080 έῗχεσθε,
3589 3005 3867 3077 Πνεύματος

2241 3095 2340 3162 ἦτε
2365 3093 2682 3167 ἠξιωμένοι·
2746 3099 2864 3156 πῶς
2916 3093 3008 3150 οῦν
3071 3093 3292 3174 ἀφέντες
3349 3097 3448 3164 τήν
3509 3095 3712 3156 πίστιν,
3763 3091 3866 3166 ἔχει

2247 3186 2336 3238 σθε
2411 3184 2573 3240 πάλιν
2646 3189 2742 3238 τοῦ
2816 3185 3031 3256 νόμου;
3112 3185 3379 3250 ιιΟὕτως,
3457 3185 3646 3261 φησὶν,
3679 3179 3868 3251 ἀνόητοί

2245 3271 2382 3342 ἐστε,
2437 3299 2463 3324 ››
2523 3275 2606 3328 ὅτι
2671 3277 2766 3326 τοῦ
2841 3273 3045 3348 χρόνου
3109 3268 3441 3348 προϐάντος,
3515 3273 3594 3335 εἰς
3651 3273 3868 3326 τοῦπίσω

2234 3364 2477 3440 τρέχετε.
2559 3363 2940 3437 Ἐναρξάμενοι
3024 3364 3127 3440 γάρ
3215 3364 3477 3436 πνεύματι
3535 3362 3868 3419 ἐπιτελεῖσθαι

2237 3454 2420 3527 (τοῦτο
2491 3454 2593 3530 γὰρ
2672 3453 2776 3508 ἀπὸ
2843 3455 3071 3526 κοινοῦ),
3165 3458 3254 3508 νῦν
3320 3455 3472 3528 σαρκὶ
3537 3447 3864 3513 ἔπιτελεῖσθε.

2239 3541 2514 3614 Πνε·3ματι
2598 3543 2699 3616 γὰρ
2803 3539 3180 3606 ἐπετελοῦντο,
3285 3548 3488 3614 σημεῖα
3583 3547 3865 3606 ποιοῦντες,

2238 3631 2393 3703 σαρκὶ
2469 3627 2528 3684 δὲ
2603 3631 3079 3706 περιτεμνόμενοι.
3157 3633 3296 3705 ’Όρα
3371 3630 3450 3702 δὲ,
3526 3633 3630 3686 οὐκ
3717 3633 3862 3694 εἶπεν,

2239 3719 2592 3788 Ἐπιτελεῖτε,
2669 3718 2820 3790 ἀλλ’,
2883 3745 2908 3772 ιι
2963 3719 3352 3790 Ἐπιτελεῖσθε,
3421 3744 3444 3768 ι)
3519 3720 3728 3782 δεικνὺς
3795 3717 3863 3774 ὅτι

2239 3807 2395 3880 δίκην
2492 3805 2780 3884 προϐάτων
2885 3805 3258 3882 λαμϐάνοντες
3361 3811 3558 3874 αὐτοὺς
3657 3811 3866 3881 περιετε·

2242 3923 2394 3975 μνον,
2431 3904 2570 3975 μήτε
2601 3899 2811 3963 εἶδότας
2841 3901 2873 3956 a
2923 3903 3220 3978 πάσχουσι.
3279 3929 3305 3956 (ι
3335 3903 3446 3960 Νῦν
3505 3904 3662 3978 σαρκὶ
3710 3902 3864 3956 ἐπιτε-

2239 3990 2440 4050 λεῖσθε.
2476 4009 2503 4038 »

2311 4170 2526 4238 Πνεῦμα
2590 4166 2684 4238 μὲν
2735 4167 2836 4234 τήν
2899 4165 3059 4244 χάριν
3117 4165 3356 4236 ἐκάλεσε,
3415 4171 3585 4242 σάρκα
3654 4168 3727 4238 δὲ,
3780 4171 3862 4238 τήν

2237 4255 2371 4310 κατά
2436 4256 2604 4326 νόμον
2656 4252 2956 4310 πολιτείαν.
3021 4278 3048 4306 ‹‹
3097 4261 3336 4311 Τοσαῦτα
3393 4255 3613 4314 ἐπάθετε
3679 4259 3808 4326 εἰκῆ.
3837 4281 3858 4306 ››

2239 4342 2480 4406 Πολλοῖς
2507 4345 2642 4412 ἦσαν
2671 4349 2996 4417 πειρασμοῖς
3031 4341 3118 4398 8ιά
3173 4345 3264 4398 τὸν
3311 4347 3543 4419 Χριστὸν
3589 4347 3860 4403 παλαίσαν-

2237 4453 2341 4495 τες.
2374 4435 2623 4488 Τοσαῦτα
2681 4431 2796 4498 οῦν,
2850 4432 3003 4512 φησὶ,
3059 4434 3235 4507 μάτην
3289 4435 3610 4492 πεπόνθατε.
3673 4435 3730 4492 Ei
3774 4435 3859 4509 γὰρ

2238 4521 2640 4596 περιτέμνεσθε,
2705 4522 2878 4595 μάτην
2948 4521 3143 4588 ἐκεῖνα,
3201 4523 3498 4592 τουτέστιν,
3571 4524 3861 4579 ἀπωλέσατε

487 4613 654 4676 mini,
689 4609 1050 4666 nullumilla
1081 4608 1339 4664 fructum
1373 4607 1611 4674 habent,
1671 4609 1782 4664 hoc
1840 4615 1949 4678 est,
2001 4611 2129 4682 ipsa

2241 4610 2386 4666 αὐτά
2423 4613 2536 4666 εἷτα
2591 4609 2682 4666 ’ίνα
2747 4613 2822 4684 μή
2883 4611 2960 4674 είς
3027 4611 3335 4690 ἀπόγνωσιν
3393 4612 3585 4674 αὐτοὺς
3643 4605 3858 4686 ἐμεάεῃ,

483 4701 842 4774 perdidistis.
877 4699 1100 4756 Deinde
1125 4715 1198 4753 ne
1219 4698 1458 4769 ipsosin
1495 4697 1970 4768 desperationem
1997 4717 2133 4756 con-

475 4793 666 4862 jiciat,
698 4793 806 4848 ait:
830 4815 851 4841 a
899 4793 954 4846 Si
969 4799 1171 4847 tamen
1203 4796 1261 4845 et
1297 4790 1535 4845 frustra.
1557 4811 1582 4836 υ
1605 4791 1748 4844 Nam
1763 4792 1810 4844 si
1835 4792 2129 4863 respicere

485 4879 806 4946 volueritis,
843 4897 960 4934 non
992 4885 1166 4934 erunt
1191 4879 1428 4933 frustra.
1463 4900 1490 4927 α
1521 4878 1578 4932 Si
1613 4883 1810 4934 tamen
1869 4885 1928 4935 et
1981 4880 2131 4936 frus-

485 4973 594 5021 tra.
632 4987 658 5013 »
691 4968 758 5020 Et
789 4983 907 5022 non
940 4967 1118 5022 etiam
1151 4983 1286 5022 cum
1318 4965 1552 5020 damno.
1587 4967 1828 5022 Frustra
1870 4985 2128 5040 namque

485 5055 882 5120 ﬁeri,autesse
909 5055 1313 5126 dicitur,quod
1328 5072 1519 5128 neque
1552 5056 1782 5112 confert
1803 5057 2126 5130 quidquam

487 5160 679 5214 neque
699 5143 916 5198 aufert:
937 5151 997 5200 at
1019 5145 1116 5215 qui
1141 5145 1353 5216 spiritu
1371 5145 1632 5217 ccepit,et
1651 5146 1724 5202 ob
1747 5147 1806 5202 id
1826 5149 1888 5202 in
1911 5149 2127 5204 multas

482 5233 693 5290 incidit
716 5231 1066 5298 aﬂictiones,
1129 5232 1342 5288 deinde
1407 5240 1855 5304 transmutatur,
1901 5237 1951 5292 is
2009 5253 2129 5294 non

482 5325 673 5382 solum
705 5323 924 5376 frustra
957 5338 1158 5394 passus
1190 5329 1278 5376 est
1309 5339 1376 5378 ea
1433 5342 1562 5394 quae
1617 5343 1824 5396 passus
1875 5333 1981 5394 est,
2031 5345 2125 5382 ve-

479 5431 612 5469 rum
643 5413 821 5468 etiam
853 5429 988 5466 cum
1022 5410 1262 5476 damno,
1295 5413 1602 5483 perdendo
1633 5433 1765 5486 qua)
1788 5415 1899 5471 sibi
1959 5433 2126 5489 repo-

481 5509 680 5560 suerat
711 5503 954 5574 premia
985 5501 1056 5560 ob
1089 5517 1398 5572 perpessas
1429 5520 1532 5572 pro
1565 5503 1796 5560 Christo
1855 5505 2127 5562 afﬂictio-

481 5610 605 5647 nes.
637 5615 664 5641 ‹‹
697 5593 802 5657 Qui
838 5592 1014 5665 igitur
1045 5589 1456 5648 subministrat
1477 5592 1657 5647 vobis.
1698 5615 1722 5640 υ
1760 5599 1911 5649 Deus
1951 5595 2126 5668 igitur

483 5683 582 5750 qui
611 5681 770 5736 vobis
828 5681 1110 5750 Spiritum
1170 5679 1584 5735 subministrat
1641 5685 1698 5735 et
1755 5682 1857 5752 qui
1915 5699 2120 5755 opera-

2241 4701 2426 4779 φησῖν,
2463 4727 2488 4752 ‹‹
2525 4698 2595 4756 Εἴ
2616 4721 2676 4775 γε
2702 4700 2792 4755 καὶ
2824 4700 2966 4770 είκῆ.
3003 4725 3030 4752 η
3061 4701 3132 4758 Εἴ
3159 4701 3261 4777 γὰρ
3295 4702 3658 4771 βουληθείητε
3683 4703 3862 4766 ἀνανῆ-

2239 4791 2356 4861 ψαι,
2391 4789 2490 4844 οὐκ
2548 4789 2687 4859 εῗκῆ.
2747 4814 2773 4840 ‹‹
2807 4788 2874 4844 E’t'
2929 4809 2989 4868 γε
3047 4789 3137 4844 καὶ
3195 4789 3336 4859 εἰκῆ,
3375 4813 3402 4840 υ
3453 4790 3600 4846 ἀλλά
3658 4793 3730 4864 μὴ
3783 4786 3860 4842 καὶ

2239 4875 2569 4951 ἐπιζημίως.
2609 4877 2745 4946 Εἶκῆ
2777 4878 2871 4950 μὶν
2903 4879 3002 4952 γὰρ
3034 4877 3144 4934 ἐστι
3173 4880 3235 4934 τὸ
3302 4875 3470 4951 μηδὲν
3527 4883 3668 4953 μήτε
3711 4898 3860 4952 προσ-

2241 4963 2450 5036 λαϐεῖν,
2513 4971 2650 5042 μήτε
2701 4968 3013 5033 ἀποθέσθαι.
3074 4971 3134 5026 Ὁ
3189 4967 3246 5024 δὲ
3319 4968 3674 5043 ἐναρξάμενος
3723 4967 3860 5024 πνεό-

2243 5079 2394 5130 ματι,
2427 5058 2517 5112 καὶ
2558 5057 2647 5112 διὰ
2697 5062 2857 5114 τοῦτο
2891 5056 3127 5120 πολλοῖς
3182 5060 3486 5134 περιπεσὼν
3533 5062 3856 5136 πειρασμοῖς,

2239 5147 2358 5200 εἶτα
2413 5142 2922 5219 μεταϐαλλόμενος,
2979 5147 3048 5201 οὗ
3110 5145 3271 5219 μόνον
3329 5145 3446 5215 εἷκῆ
3495 5142 3682 5202 ἔπαθεν
3739 5147 3855 5219 ἅπερ

2237 5229 2451 5304 ἔπαθεν,
2495 5233 2640 5290 ἀλλά
2683 5235 2770 5290 καὶ
2840 5234 3168 5306 ἐπιζημίως,
3227 5233 3500 5300 ἀπολέσας
3551 5237 3583 5291 ἄ
3631 5233 3854 5291 ἀπέκειτο

2235 5323 2401 5395 αὐτῷ,
2439 5323 2528 5379 διὰ
2577 5324 2671 5386 τὰς
2733 5323 2864 5398 ὑπὲρ
2919 5329 3147 5399 χριστοῦ
3187 5322 3400 5398 θλίψεις
3446 5327 3535 5380 καὶ
3581 5327 3700 5388 τοὺς
3753 5343 3856 5378 πει-

2239 5413 2478 5488 ρασμοῦς
2509 5407 2736 5468 ἔπαθλα.
2797 5437 2824 5464 (ί
2871 5415 2939 5470 Ὀ
2983 5413 3074 5468 οὗν
3137 5412 3494 5490 ἐπιχορηγῶν
3559 5415 3699 5487 ὑμῖν.
3731 5437 3756 5466 »ι
3803 5411 3852 5466 Ὀ

2235 5502 2606 5577 ἐπιχορηγῶν,
2643 5500 2830 5578 φησὶν,
2869 5502 2998 5573 ὑμῖν
3045 5502 3106 5556 τὸ
3165 5505 3374 5572 πνεῦμα
3421 5503 3550 5564 Θεὸς
3599 5503 3686 5558 καὶ
3730 5499 3852 5573 ἐνερ-

2235 5597 2366 5669 γῶν,
2399 5591 2667 5659 τουτέστι,
2729 5587 2984 5664 δυνάμεις
3042 5589 3284 5664 σημείων
3343 5589 3395 5645 ἐν
3459 5591 3586 5665 ὑμῖν
3647 5591 3851 5668 ἐργαζο-

2237 5701 2416 5758 μινος,
2452 5677 2540 5736 διὰ
2577 5681 2643 5736 τά
2703 5701 2762 5737 εκ
2814 5680 2984 5755 νόμου
3042 5677 3170 5758 ἴργα
3225 5684 3393 5736 ταῦτα
3445 5685 3632 5756 ποιεῖ,
3687 5677 3848 5758 φησίν.
