4128 6192
304 322 458 381 1121

1344 288 1763 386 bOMMENT.
1813 324 1886 383 IN
1938 320 2181 382 EPIST.
2232 325 2330 383 At)
2378 326 2507 384 GAI
2540 325 2661 384 AT.

3555 333 3710 391 1122

301 453 391 524 Ἐξ
452 455 525 509 ὧν
585 452 931 510 ἐπετελέσατε
978 457 1245 527 σημείων,
1305 453 1551 534 ὀφείλετε
1598 460 1798 532 γνῶναι
1856 457 1953 524 τήν

2083 462 2186 523 tur,
2225 480 2249 506 ››
2282 458 2391 513 hoc
2423 464 2529 517 est.
2560 460 2823 530 potentia
2853 460 3019 533 signa
3051 460 3110 516 in
3140 460 3301 517 vobis
3330 464 3513 518 efﬁcit
3536 481 3548 521 :
3569 481 3713 520 num

310 541 536 618 δύναμιν
566 548 663 611 τῆς
695 544 951 606 πίστεως.
987 544 1139 615 υλὴν
1167 545 1255 600 καὶ
1312 547 1446 621 πρὸς
1494 546 1586 601 τὸν
1643 545 1963 621 προπάτορα

306 627 561 707 Ἀϐρααμ
617 630 856 702 ἀπίόετε,
906 631 994 687 ὅτι
1048 633 1137 688 καὶ
1195 633 1354 694 αὐτὸς
1412 632 1472 689 ἐκ
1556 634 1788 696 πίστεως
1851 631 1962 687 ἐδι-

307 723 544 793 καιώθη.

940 926 1207 981 ΚΕΦΑΛ.
1248 924 1326 981 E'.

306 1014 428 1069 Ὀτι
458 1012 549 1068 καὶ
605 1008 861 1087 Ἀϐραάμ
919 1012 978 1067 ἐκ
1032 1012 1266 1087 πίστεως
1318 1008 1612 1081 ἐδικαιώθη
1668 1009 1743 1073 εἰς
1792 1009 1961 1064 τύπον

1040 1086 1218 1157 ἡμῶκ

386 1177 678 1233 Γινώσκετε
738 1175 839 1254 ἄρα
931 1177 1013 1232 ὅτι
1068 1177 1120 1231 οἱ
1181 1174 1240 1231 ἐκ
1294 1176 1548 1245 πίστεως,
1620 1172 1767 1230 οὗτοί
1828 1172 1961 1228 εἰσιν

313 1264 424 1319 υἱοὶ
475 1260 747 1342 Ἀϐραάμ.
830 1262 1134 1340 ΙΙροϊδοῦσα
1194 1262 1251 1320 δὶ
1334 1267 1369 1336 ἡ
1460 1266 1666 1340 Γραφὴ,
1746 1262 1827 1318 ὅτι
1907 1260 1965 1318 ἐκ

310 1355 545 1417 πίστεως
632 1353 839 1410 δικαιοῖ
922 1355 990 1411 τὰ
1074 1353 1195 1426 ἔθνη
1256 1356 1283 1410 6
1341 1355 1492 1422 Θεὸς,
1559 1351 1965 1429 προευηγγελί-

316 1464 446 1499 σατο
502 1466 581 1517 τῳ
650 1439 922 1519 Ἀϐραάμ,
994 1446 1077 1499 ’ὸτι
1154 1442 1710 1518 Ἐνευλογηθήσονται
1766 1442 1818 1496 ἐν
1875 1442 1964 1497 σοὶ

311 1534 482 1589 πάντα
536 1534 602 1588 τὰ
668 1532 820 1605 ἔθνη.
886 1536 1046 1590 ’Ὡστε
1112 1534 1164 1589 οἱ
1226 1532 1287 1589 ἐκ
1351 1533 1586 1595 πίστεως
1655 1529 1964 1607 εὐλογοῧν-

308 1642 399 1677 ται
432 1623 524 1677 σὺν
553 1627 630 1695 τῷ
660 1627 836 1695 πιστῷ
868 1618 1140 1698 Ἀϐραάμ.

384 1708 606 1781 Ἐπειδή
641 1709 1000 1767 ἐδεδοίκεισαν
1050 1712 1264 1791 ἀφεῖναι
1315 1711 1406 1766 τὸν
1461 1710 1647 1783 νόμον,
1712 1712 1785 1783 μή
1846 1730 1964 1770 πως

308 1805 411 1868 τῆς
442 1801 755 1877 συγγενείας
788 1801 1050 1856 ἐπιπέσωσι
1108 1805 1206 1855 τοῦ
1259 1796 1530 1875 Ἀϐραὰμ,
1582 1799 1657 1861 εἷς
1702 1800 1765 1853 τὸ
1815 1800 1963 1854 ἐναν-
1998 1840 2042 1906 Β

348 1886 360 1905 .
567 1889 573 1895 -
621 1890 632 1906 .
895 1893 909 1906 .
1007 1890 1026 1906 κ
1060 1891 1072 1906 ,
1248 1890 1317 1906 η..
1440 1891 1461 1906 ..
1881 1893 1904 1903 ..

306 1886 424 1943 τίον
485 1889 797 1965 περιίστησι
857 1893 948 1946 τὸν
1007 1890 1190 1967 λόγον.
1248 1890 1348 1959 Τὸ,
1435 1891 1557 1964 ἄρα,
1647 1893 1960 1965 τοιγαροῦν.

309 1983 490 2037 «Ὅτι
523 1981 573 2033 οἱ
627 1979 689 2035 ἐκ
744 1980 1003 2043 πίστεως.
1059 2004 1086 2033 ›)
1150 1979 1318 2038 Οὗτοι
1377 1976 1466 2033 διὰ
1502 1982 1665 2034 τοῦτο
1727 1976 1964 2052 μάλιστα

309 2070 534 2149 ε’ἰχοντο
560 2074 656 2124 τοῦ
684 2071 884 2141 νόμου,
917 2072 979 2125 τὸ
1018 2070 1252 2146 ἀρχαῖον
1310 2069 1477 2124 αὐτοῦ
1526 2066 1963 2142 δυσωπούμενοι.

307 2157 461 2214 Θὲλει
495 2156 592 2213 οὖν
644 2156 811 2228 δεῖξαι
858 2159 941 2213 ὅτι
972 2161 1006 2228 ἡ
1041 2158 1222 2223 πίστις
1272 2158 1603 2237 ἀρχαιοτέρα
1646 2163 1743 2213 τοῦ
1788 2159 1962 2231 νόμου

309 2246 628 2318 καθέστηκε,
660 2246 947 2322 καὶταύτῃ
1004 2245 1240 2319 μάλιστα
1286 2250 1485 2311 ἄνωθεν
1531 2251 1611 2319 τῷ
1662 2251 1778 2319 Θεῷ
1832 2247 1962 2322 ἀρέ-

314 2338 554 2393 σκεσθαι.
590 2361 617 2388 ‹‹
653 2333 1185 2412 Προευηγγελίσατο.
1222 2360 1251 2388 ››
1294 2338 1383 2400 Ὠς
1442 2336 1574 2411 μέγα
1624 2357 1678 2391 τι
1734 2334 1965 2412 λέγουσα

310 2426 532 2503 ἀγαθὸν,
564 2427 626 2481 τὸ
658 2425 717 2481 ἐκ
746 2428 979 2488 πίστεως
1004 2429 1264 2495 σωθῆναι.
1298 2430 1471 2482 Τοῦτο
1511 2427 1613 2500 γὰρ
1664 2423 1831 2497 δηλοῖ
1878 2427 1961 2495 τὸ,

307 2512 848 2592 Προευηγγελίσατο.
946 2539 974 2566 «ι
1076 2514 1630 2591 Ἐνευλογηθήσονται
1725 2514 1778 2569 ἐν
1878 2515 1961 2569 σοὶ

315 2605 493 2660 πάντα
521 2605 586 2659 τὰ
618 2599 763 2675 ἔθνη.
800 2629 827 2655 ιι
873 2604 970 2670 Τὸ,
1034 2626 1065 2659 κ
1123 2606 1211 2661 Ἐν
1271 2605 1379 2674 σοὶ,
1435 2628 1463 2657 ››
1524 2603 1822 2673 τουτέστιν,
1876 2605 1963 2658 Ἐν

316 2695 398 2767 τῷ
430 2692 696 2769 σπέρματί
724 2715 844 2761 σου,
884 2693 942 2756 6';
1000 2693 1110 2749 ἐστι
1166 2694 1422 2767 Χριστός.
1478 2699 1597 2757 ἷΙῶς
1644 2690 1703 2748 δὲ
1750 2691 1962 2748 ὲνευλο-

316 2788 575 2861 γοῦνται;
635 2785 732 2839 Διὰ
786 2791 886 2853 τῆς
946 2783 1177 2846 πίστεως
1236 2780 1475 2853 δηλαδὴ,
1532 2784 1599 2852 ἧς
1658 2782 1964 2860 ἀρχηγὸςὸ

314 2868 586 2948 Ἀϐραάμ.
646 2873 870 2929 Δύναται
919 2870 976 2927 δὲ
1023 2874 1107 2940 τὸ,
1156 2872 1208 2928 ἐν
1259 2873 1372 2942 σοὶ,
1432 2873 1523 2926 καὶ
1580 2869 1669 2925 διὰ
1722 2873 1821 2941 τὴν
1877 2872 1963 2926 ἀπ’

313 2964 482 3019 αὐτοῦ
539 2964 717 3017 πίστιν
772 2964 1029 3019 νοεῖσθαι.
1087 2964 1184 3032 Τὸ,
1244 2959 1297 3015 ἐν
1356 2961 1470 3031 σοὶ,
1526 2962 1660 3015 κατὰ
1733 2958 1967 3032 μίμησίν

312 3074 409 3108 σου
438 3052 528 3109 καὶ
562 3052 890 3125 ὁμοιότητα,
945 3052 1229 3126 ἑρμηνεύει
1286 3052 1314 3104 6
1360 3049 1413 3104 ἐν
1458 3049 1633 3124 ἁγίοις
1686 3045 1963 3123 Κύριλλος

314 3142 367 3199 ἐν
433 3138 635 3218 βιϐλίῳ
693 3139 925 3217 δευτέρῳ
982 3149 1081 3210 τῆς
1137 3140 1191 3196 ἐν
1264 3139 1532 3213 πνεύματι
1589 3139 1675 3193 καὶ
1736 3135 1965 3207 ἀληθείᾳ

314 3209 712 3309 πραγματείας,
745 3209 871 3306 περ-ἱ
898 3209 1015 3294 ⁷τόις
1040 3209 1045 3210 7
1070 3229 1246 3304 ἀρχὰς
1301 3209 1413 3283 τοῦ.
1452 3223 1695 3303 βιϐλίου.
1734 3251 1755 3277 ι
1806 3228 1969 3280 Ὥστε
1998 3209 2040 3276 C

323 3324 375 3377 οἳ
435 3321 496 3377 ἐκ
551 3321 782 3383 πίστεως
841 3320 1219 3396 εὐλογοῦνται.
1256 3344 1283 3372 ››
1341 3320 1408 3378 Οἱ
1462 3317 1522 3374 ἐκ
1576 3324 1676 3388 τῆς
1736 3317 1967 3377 πίστεως

319 3414 595 3485 ἡνωμένοι
625 3416 703 3483 τῷ
735 3406 985 3486 Ἀϐρααμ
1013 3410 1102 3465 καὶ
1132 3409 1208 3471 εἰς
1258 3409 1475 3483 σπέρμα
1524 3408 1694 3463 αὐτοῦ
1744 3403 1970 3461 τελοῦν-

314 3522 427 3570 τες,
459 3501 567 3577 οὐχ
589 3502 641 3556 οἱ
672 3501 731 3557 ἐκ
763 3501 981 3577 σαρκός.

948 3800 1214 3854 ΚΕΦΑΛ.
1260 3797 1319 3864 ξ’.

306 3892 430 3948 Ὀτι
480 3889 507 3943 6
564 3887 731 3963 νόμος
786 3885 857 3963 ὀὗ
918 3883 1322 3963 ξδ-ικαιοῖη-ἀκλξ
1383 3883 1629 3963 ἐλέγχει,
1690 3883 1967 3937 καὶκατ-

619 3955 751 4031 άραν
782 3956 1115 4028 ἐπιτίθησιν,
1146 3958 1214 4028 ἧν
1249 3955 1365 4011 λύει
1398 3955 1653 4031 Χρὶσῖτός.

390 4051 550 4107 Ὅσοι
608 4049 711 4125 γάρ
772 4046 822 4120 ἐξ
870 4046 1038 4122 ἔργων
1093 4046 1265 4119 νόμου
1324 4045 1473 4113 εἰσὶν,
1565 4045 1669 4099 ὑπὸ
1734 4043 1966 4119 κατάραν

320 4138 444 4194 εἰσί.
499 4138 807 4212 Τέγραπται
887 4137 1011 4212 γὰρ,
1092 4136 1518 4210 Ἐπικατάρατος
1596 4138 1701 4197 πᾶς
1756 4134 1815 4194 ὃς
1870 4132 1970 4187 οὐκ

320 4226 547 4300 ἐμμένει
580 4226 631 4281 ἐν
701 4230 829 4280 πᾶσι
886 4230 1000 4287 τοῖς
1056 4224 1458 4300 γεγραμμένοις
1516 4221 1567 4277 ἐν
1627 4226 1707 4294 τῷ
1761 4216 1968 4295 βιϐλίῳ

313 4320 414 4372 τοῦ
458 4316 631 4384 νόμου
697 4319 793 4370 τοῦ
860 4317 1085 4379 ποιῆσαι
1154 4312 1310 4369 αὑτά.
1379 4313 1503 4368 Ὀτι
1572 4307 1630 4364 δὲ
1694 4309 1746 4363 ἐν
1812 4308 1968 4381 νόμῳ

317 4401 501 4467 οὐδεὶς
533 4402 832 4460 δικαιοῦται
875 4403 1021 4478 παρᾶ
1076 4407 1156 4474 τῷ
1203 4405 1339 4472 Θεῷ,
1401 4397 1594 4469 δῆλον,
1656 4398 1738 4451 δτι
1797 4398 1825 4451 6
1875 4393 1966 4450 δί-

319 4514 475 4556 καιος
580 4494 638 4549 ἐκ
714 4493 962 4563 πίστεως,
1043 4494 1279 4563 ζήσεται.
1356 4490 1417 4547 ’0
1493 4486 1551 4542 δὲ
1623 4488 1793 4559 νόμος
1871 4484 1969 4541 οὐκ

2071 563 2177 618 per
2206 546 2351 619 legis
2381 564 2580 618 opera,
2613 548 2738 603 haec
2768 548 2923 611 facit,
2958 550 3199 620 inquit?
3224 553 3302 606 Ex
3328 568 3395 606 eo
3446 554 3603 623 quod
3633 552 3715 609 si-

2070 651 2186 708 gna
2215 635 2498 702 edebatis,
2532 636 2883 691 debuissetis
2928 638 3065 693 ﬁdei
3124 641 3450 709 potentiam
3508 658 3715 714 cogno-

2072 741 2257 780 scere.
2290 726 2509 781 Tamen
2541 726 2631 780 vel
2661 728 2736 782 ad
2766 728 3203 799 progenitorem
3235 730 3533 786 Abraham
3593 748 3718 786 res-

2069 813 2271 886 picite,
2305 815 2590 885 quoniam
2621 821 2680 870 et
2707 816 2831 888 ipse
2866 833 2935 871 ex
2969 818 3083 874 ﬁde
3107 818 3470 889 justiﬁcatus
3502 826 3610 875 est.

2732 925 2955 979 CAPUT
3000 924 3066 979 V.

2145 1010 2301 1074 Quod
2330 1011 2613 1067 Abraham
2643 1029 2712 1066 ex
2739 1012 2845 1137 ﬁctie
2866 1016 3209 1081 justiﬁcatus
3240 1017 3311 1069 sit
3361 1018 3419 1069 in
3476 1018 3650 1070 nostri

2816 1101 3000 1137 unum.

2814 1101 3000 1154 ypum.

2150 1172 2244 1236 ΙΙΙ,
2280 1174 2390 1227 7-9.
2426 1195 2452 1221 ‹‹
2487 1172 2657 1227 Scitis
2688 1173 2867 1245 igitur
2894 1172 3053 1243 quod
3083 1176 3183 1245 qui
3216 1191 3284 1229 ex
3317 1174 3431 1230 fide
3470 1181 3629 1242 sunt,
3660 1177 3718 1231 hi

2079 1283 2098 1310 ι
2136 1261 2257 1316 sint
2288 1259 2394 1315 ﬁlii
2446 1259 2713 1317 Abrahaa.
2776 1263 3109 1318 Praevidens
3159 1270 3358 1319 autem
3419 1264 3719 1336 Scriptura

2074 1373 2102 1400 ιι
2137 1349 2293 1421 quod
2326 1366 2393 1404 ex
2455 1349 2569 1405 fide
2620 1351 2910 1421 justiﬁcet
2964 1359 3168 1423 gentes
3224 1354 3399 1420 Deus,
3460 1353 3718 1426 primum

2075 1461 2103 1489 ‹‹
2135 1440 2511 1495 annuntiavit
2537 1439 2810 1504 Abrahai,
2846 1440 3296 1512 Benedicentur,
3312 1444 3604 1515 inquiens.
3614 1460 3722 1515 per

2079 1551 2099 1576 ι
2138 1534 2191 1583 te
2232 1545 2441 1583 omnes
2471 1534 2694 1600 gentes.
2728 1531 2932 1600 Itaque
2964 1532 3064 1602 qui
3095 1548 3164 1587 ex
3195 1532 3308 1587 ﬁde
3340 1538 3497 1602 sunt,
3536 1533 3719 1589 bene-

2076 1639 2102 1668 «
2139 1618 2421 1673 dicuntur
2450 1635 2584 1673 cum
2616 1618 2777 1673 ﬁdeli
2810 1619 3128 1675 Abraham.
3168 1644 3194 1671 ››

2146 1708 2635 1779 Quandoquidem
2669 1710 3017 1766 metuebant
3045 1711 3235 1783 legem
3268 1712 3718 1784 relinquere,ne

2075 1798 2373 1868 quomodo
2405 1816 2438 1852 a
2467 1800 2798 1871 cognitione
2832 1800 3080 1855 Abrahae
3112 1803 3471 1869 exciderent,
3506 1802 3565 1855 in
3583 1817 3720 1856 con-

2078 1891 2324 1946 trarium
2356 1898 2681 1948 commutat
2712 1910 3069 1949 sermonem.
3099 1899 3261 1967 "Aper,
3296 1894 3354 1948 id
3388 1903 3494 1963 est,
3519 1895 3716 1966 igitur,

2074 1980 2295 2051 itaque.
2321 2004 2346 2029 α
2368 1981 2532 2046 Quod
2554 1982 2654 2053 qui
2677 1997 2748 2037 ex
2770 1983 2954 2037 ﬁde.»
2994 1984 3062 2037 Hi
3112 1984 3430 2054 propterid
3460 1984 3719 2038 maxime

2074 2066 2187 2141 legi
2220 2070 2623 2138 adhaerebant,
2647 2073 2804 2143 quod
2829 2075 2955 2145 ejus
2973 2074 3389 2144 antiquitatem
3424 2091 3491 2129 ac
3526 2081 3714 2129 vetus-

2076 2163 2261 2214 tatem
2283 2159 2344 2214 in
2368 2163 2693 2217 reverentia
2715 2161 3168 2217 haberent.Vult
3186 2163 3384 2233 itaque
3407 2163 3717 2218 ostendere

2078 2248 2255 2304 ﬁdem
2276 2249 2457 2306 fuisse
2490 2251 2614 2323 lege
2646 2251 3066 2323 antiquiorem,
3092 2258 3149 2307 et
3173 2258 3309 2307 ante
3333 2252 3521 2324 ipsam
3543 2267 3717 2307 cons-

2074 2338 2286 2406 titisse,
2318 2339 2597 2410 quodque
2630 2341 2904 2411 primitus
2929 2357 3035 2411 per
3082 2340 3235 2396 hanc
3290 2341 3549 2396 maxime
3600 2343 3717 2396 Deo

2072 2428 2424 2499 placuerint.
2460 2430 2608 2485 138
2632 2454 2658 2479 «
2688 2430 2951 2485 Primum
2975 2431 3351 2486 annuntiavit
3381 2430 3652 2487 Abrahaa.
3687 2451 3712 2479 ο

2075 2517 2200 2572 Sive
2231 2534 2357 2573 rem
2393 2519 2585 2573 laetam
2619 2520 2932 2586 nuntiavit,
2961 2526 3246 2591 tanquam
3280 2537 3561 2590 magnum
3609 2520 3716 2575 ali-

2076 2607 2234 2676 quod
2256 2607 2460 2661 dicens
2478 2607 2719 2675 bonum,
2743 2625 2959 2681 nempe
2986 2610 3144 2678 quod
3175 2608 3291 2664 ﬁde
3313 2610 3505 2664 salvus
3530 2610 3715 2662 ﬁeret.

2074 2700 2218 2755 Nam
2241 2700 2353 2755 hoc
2406 2700 2698 2773 Signiﬁcat
2749 2702 2927 2757 dictio
2980 2698 3505 2776 προευηγγελίσατο.
3558 2724 3585 2750 (ι
3623 2701 3720 2754 Be-

2075 2792 2431 2848 nedicentur
2450 2809 2557 2864 per
2584 2801 2636 2849 te
2655 2811 2863 2849 omnes
2886 2801 3107 2866 gentes.
3137 2818 3161 2843 υ
3188 2793 3354 2859 Quod
3403 2794 3486 2848 ait
3532 2794 3638 2847 Per
3669 2799 3720 2846 te

2076 2882 2193 2936 sive
2217 2884 2275 2935 in
2307 2888 2377 2947 te,
2406 2882 2515 2936 hoc
2538 2889 2645 2945 est,
2672 2898 2775 2953 per
2796 2901 2822 2937 s
2844 2900 2997 2937 :men
3020 2890 3208 2950 tuum,
3261 2884 3362 2954 qui
3411 2888 3497 2937 est
3527 2882 3720 2936 Chris-

2076 2976 2189 3025 tus.
2218 2970 2522 3034 Quomodo
2543 2977 2741 3025 autem
2764 2971 3239 3026 benedicentur?
3267 2978 3375 3026 Per
3424 2970 3603 3026 ﬁdem
3634 2970 3718 3023 vi-

2077 3058 2313 3126 delicet,
2346 3059 2516 3129 cujus
2546 3060 2973 3132 antesignanus
3004 3060 3115 3115 fuit
3144 3059 3464 3115 Abraham.
3523 3061 3724 3114 Potest

2081 3163 2313 3218 quoque
2332 3144 2382 3199 ἐν
2412 3148 2495 3199 σοί
2520 3148 2767 3219 intelligi
2791 3167 2803 3204 :
2833 3151 3076 3220 Propter
3095 3149 3272 3204 ﬁdem
3295 3166 3425 3220 quae
3448 3154 3535 3203 est
3557 3148 3617 3202 in
3640 3154 3719 3202 te.

2083 3236 2255 3292 Divus
2282 3237 2534 3307 Cyrillus
2564 3238 2823 3293 secundo
2875 3238 3024 3293 libro
3080 3239 3597 3297 commentationis
3648 3236 3719 3292 de

2074 3326 2257 3392 cultu,
2281 3327 2381 3397 qui
2407 3332 2493 3381 est
2514 3327 2574 3382 in
2600 3328 2814 3400 spiritu
2835 3334 2893 3383 et
2915 3328 3156 3384 veritate
3180 3330 3336 3384 circa
3381 3329 3551 3383 initia
3580 3327 3717 3382 libri

2073 3417 2500 3487 interpretatur
2520 3412 2573 3469 ἐν
2605 3415 2709 3487 σοί,
2739 3417 2798 3471 id
2822 3424 2927 3483 est,
2983 3417 3056 3473 ad
3109 3418 3191 3472 tui
3241 3417 3717 3472 imitatiationem

2073 3523 2141 3562 ac
2170 3506 2649 3562 similitudinem.
2675 3530 2701 3557 «
2728 3506 2928 3577 Itaque
2951 3508 3051 3577 qui
3076 3523 3148 3561 ex
3187 3506 3302 3562 ﬁde
3350 3513 3509 3575 sunt,
3544 3505 3719 3561 bene-

2073 3593 2373 3648 dicuntur.
2408 3614 2436 3643 »
2469 3594 2575 3659 Qui
2605 3611 2673 3649 ex
2702 3593 2814 3649 ﬁde
2848 3595 2998 3650 uniti
3038 3599 3178 3649 sunt
3232 3593 3501 3659 Abrahae,
3551 3599 3610 3648 et
3658 3592 3719 3646 in

2076 3698 2281 3738 semen
2313 3684 2442 3755 ejus
2467 3682 2845 3755 adoptantur,
2878 3700 2997 3739 non
3030 3684 3131 3754 qui
3166 3700 3235 3738 ex
3268 3699 3467 3738 carne.

2703 3791 2934 3845 CAPUT
2976 3790 3070 3844 Vl.

2074 3880 2228 3944 Quod
2260 3878 2349 3934 lea:
2386 3895 2494 3933 non
2516 3879 2808 3948 justiﬁcet,
2852 3879 2947 3932 sed
2987 3885 3224 3946 arguat;
3276 3884 3326 3932 et
3368 3876 3716 3932 maledictio-

2380 3968 2503 4005 nem
2534 3950 2726 4017 addat,
2760 3966 2923 4019 quam
2954 3950 3113 4003 solvit
3141 3950 3407 4005 Christus.

2148 4044 2238 4111 ΙΙΙ,
2278 4045 2459 4098 10-12.
2499 4067 2518 4091 ι
2576 4043 2720 4097 Nam
2778 4047 3070 4113 quotquot
3124 4059 3194 4096 ex
3246 4042 3524 4114 Operibus
3574 4040 3718 4113 legis

2075 4152 2103 4181 ‹‹
2138 4136 2297 4196 sunt,
2326 4130 2715 4186 exsecrationi
2774 4137 2912 4185 sunt
2967 4130 3225 4186 obnoxii.
3288 4132 3582 4203 Scriptum
3640 4134 3728 4185 est

2073 4243 2100 4270 ‹‹
2137 4219 2296 4274 enim
2331 4237 2343 4272 ί
2379 4219 2770 4274 Exsecrabilis
2816 4221 3010 4275 omnis
3057 4221 3157 4291 qui
3190 4238 3310 4276 non
3342 4221 3627 4276 manserit
3665 4220 3725 4273 in

2073 4332 2100 4358 ‹‹
2131 4309 2408 4363 omnibus
2440 4326 2570 4379 qua)
2602 4310 2822 4380 scripta
2850 4315 2991 4365 sunt
3021 4311 3082 4365 in
3106 4310 3259 4365 libro
3292 4310 3527 4381 legis.ut
3546 4308 3725 4363 faciat

2081 4416 2103 4444 ι
2136 4414 2225 4452 ea.
2259 4396 2424 4463 Quod
2455 4404 2650 4453 autem
2686 4398 2746 4453 in
2780 4399 2904 4472 lege
2938 4400 3139 4454 nullus
3160 4399 3525 4470 justiﬁcetur
3563 4398 3724 4468 apud

2074 4509 2102 4536 «
2136 4488 2344 4552 Deum,
2379 4486 2572 4557 palam
2604 4494 2727 4543 est:
2757 4488 3051 4559 siquidem
3080 4488 3282 4561 justus
3305 4505 3373 4542 ex
3406 4487 3518 4541 ﬁde
3540 4486 3724 4555 vivet;

320 4578 468 4639 ἔστιν
535 4582 596 4639 ἐκ
659 4583 914 4645 πίστεωςο
975 4579 1104 4637 ἀλλ’
1162 4581 1189 4635 6
1245 4579 1479 4649 ποιήσας
1544 4575 1677 4631 αὐτὰ
1759 4574 1965 4650 ἄνθρω-

2085 4598 2110 4629 ι
2134 4576 2224 4631 lex
2253 4582 2451 4631 autem
2485 4593 2604 4632 non
2632 4583 2723 4632 est
2753 4594 2820 4632 ex
2853 4577 2989 4645 ﬁde,
3049 4577 3154 4633 sed
3211 4577 3308 4649 qui
3368 4576 3574 4632 fecerit
3633 4591 3722 4643 ea,

315 4695 423 4734 πος
456 4675 672 4743 ζήσεται
705 4673 756 4728 ἐν
789 4672 995 4735 αὐτοῖς.

391 4763 553 4819 ’Όσοι
585 4763 706 4827 ε’σὶ,
743 4761 925 4836 φησῖν,
961 4759 1222 4839 ἐχόμενοι
1252 4763 1359 4814 τῶν
1407 4756 1582 4835 ἔργων
1628 4760 1727 4812 τοῦ
1775 4755 1971 4829 νόμου,

319 4848 708 4926 ἔπικατάρατοί
794 4850 949 4907 εἱσιν.
1052 4845 1274 4918 Ἐπειδή
1334 4847 1436 4923 γὰρ
1503 4846 1739 4910 ἐκείνους
1793 4844 1971 4900 ἐπτόει

315 4939 471 4997 ἐᾶσαι
518 4942 612 4996 τὸν
672 4940 863 5013 νόμον,
926 4943 1001 5012 μή
1071 4959 1189 5000 πως
1250 4937 1356 4992 ὑπὸ
1414 4937 1650 5011 κατάραν
1708 4934 1970 5010 γένωνται

323 5027 415 5084 διὰ
469 5030 532 5085 τὸ
591 5031 910 5106 γεγράφθαι,
970 5026 1395 5101 Ἐπικατάρατος
1455 5026 1483 5079 6
1545 5026 1620 5097 μὴ
1699 5023 1969 5098 ἐμμένων,

321 5119 476 5199 φησὶ,
509 5124 589 5191 τῷ
641 5119 815 5191 νόμῳ,
871 5117 1034 5180 αὐτὸς
1082 5115 1397 5190 ἀγωνίζεται
1449 5111 1678 5182 δεῖζεται
1728 5113 1812 5167 ’ὁτι
1868 5110 1971 5167 ὑπὸ

320 5210 553 5277 κατάραν
589 5208 720 5262 εἰσὶν
773 5208 825 5263 οἱ
885 5206 1212 5279 ἐμμένοντες
1267 5208 1347 5276 τῷ
1402 5203 1573 5275 νόμῳ.
1635 5205 1797 5268 Πῶςς
1855 5203 1972 5256 Ὀτι

324 5295 530 5367 οὐδεὶς,
563 5299 721 5377 φησὶ,
755 5296 966 5370 πληροῖ
1019 5296 1108 5351 τὸν
1169 5296 1359 5368 νόμον,
1421 5289 1506 5347 διὸ
1565 5290 1969 5365 επικατάρατοι.

317 5389 411 5448 Ὧς
443 5385 494 5442 οἵ
525 5410 587 5463 γε
642 5387 973 5450 ἀποστάντες
1028 5390 1125 5442 103
1183 5386 1378 5457 νόμου,
1438 5382 1527 5438 καὶ
1580 5386 1679 5448 τῆς
1737 5382 1972 5453 κατάρας

323 5474 799 5553 ἠλευθερώθησαν.
833 5502 859 5529 ‹‹
886 5482 995 5539 Πᾶς
1027 5475 1084 5538 ὃς
1115 5475 1215 5531 οὐκ
1243 5472 1483 5549 εμμὲνει.
1517 5496 1545 5525 ››
1573 5471 1669 5527 Δια
1689 5476 1851 5526 τοῦτο
1880 5468 1971 5525 οὗν

317 5566 702 5643 ἐπικατάρατοι
761 5567 813 5621 οἱ
864 5566 1125 5642 ἐχόμενοι
1179 5568 1278 5619 τοῦ
1348 5564 1547 5638 νόμου,
1633 5562 1721 5616 διὰ
1774 5562 1835 5616 τὸ
1896 5561 1973 5633 μή

389 5685 411 5722 ⁹
440 5685 609 5740 Deut.
642 5700 818 5753 xxvn,
850 5685 939 5740 26.

2083 4688 2109 4715 ‹‹
2145 4666 2324 4721 homo
2355 4666 2506 4721 vivet
2534 4666 2595 4721 in
2624 4667 2787 4737 ipsis.
2820 4690 2848 4716 υ

2154 4756 2469 4826 Quotquot.
2504 4756 2721 4827 inquit,
2755 4755 2981 4810 hmrent
3008 4755 3154 4827 legis
3208 4755 3507 4825 operibus,
3566 4771 3726 4810 exse-

2084 4844 2337 4901 crabiles
2360 4851 2514 4899 sunt.
2543 4844 3035 4914 Quandoquidem
3059 4844 3216 4899 enim
3242 4843 3300 4897 id
3325 4862 3393 4900 eo
3443 4845 3719 4908 terrebat,

2081 4951 2156 4989 ne
2182 4935 2372 5007 legem
2406 4934 2833 5005 relinquerent,
2893 4951 2970 4990 ne
3026 4935 3326 5006 quomodo
3385 4935 3494 4991 sub
3542 4936 3723 4990 male-

2083 5023 2406 5079 dictionem
2437 5022 2725 5087 venirent,
2758 5030 3000 5095 prOpter
3029 5023 3088 5079 id
3121 5023 3278 5097 quod
3310 5027 3592 5097 scriptum
3615 5031 3722 5091 est,

2092 5136 2116 5167 α
2147 5112 2539 5168 Exsecrabilis
2590 5119 2679 5167 est
2726 5114 2921 5168 omnis
2973 5115 3073 5185 qui
3131 5132 3253 5171 non
3319 5117 3606 5173 manserit
3662 5115 3722 5169 in

2084 5204 2209 5267 lege
2231 5205 2289 5269 9;
2325 5226 2343 5249 υ
2367 5202 2493 5273 ipse
2512 5207 2718 5256 contra
2750 5203 2961 5258 nititur
2976 5206 3286 5261 ostendere
3336 5204 3722 5261 exsecrationi

2083 5291 2370 5347 obnoxios
2419 5306 2569 5347 esse.
2604 5298 2894 5362 quotquot
2936 5296 3265 5349 manserint
3296 5296 3357 5349 in
3389 5296 3535 5366 lege.
3568 5293 3724 5357 Quo-

2084 5398 2220 5436 nam
2246 5379 2420 5434 modo
2443 5379 2470 5434 ?
2492 5380 2639 5444 Quia
2668 5381 2886 5439 nullus.
2915 5383 3128 5454 inquit,
3172 5384 3431 5455 complet
3487 5383 3675 5454 legem
3711 5398 3724 5435 :

2085 5469 2422 5541 suntigitur
2443 5470 2931 5539 exsecrabiles,ut
2952 5474 3053 5544 qui
3086 5491 3117 5528 a
3149 5473 3275 5540 lege
3307 5473 3728 5538 discesserunt,

2085 5564 2144 5615 et
2201 5560 2603 5616 exsecratione
2662 5560 2901 5618 liberali
2952 5566 3110 5616 sunt.
3171 5582 3191 5608 ι
3253 5561 3359 5625 Qui
3410 5576 3528 5616 non
3560 5573 3726 5614 man~
