  <div class='ocr_page' id='page_1' title='image "/cluster/home/n/w/nwhite01/storage/ocr_20150623/118/hvd.32044073502247/567.png"; bbox 0 0 4128 6192; ppageno 0'>
   <div class='ocr_carea' id='block_1_1' title="bbox 489 319 643 381">
    <p class='ocr_par' dir='ltr' id='par_1_1' title="bbox 489 319 643 381">
     <span class='ocr_line' id='line_1_1' title="bbox 489 319 643 381; baseline -0.019 0"><span class='ocrx_word' id='word_1_1' title='bbox 489 319 643 381; x_wconf 80' lang='grc'>1123</span> 
     </span>
    </p>
   </div>
   <div class='ocr_carea' id='block_1_2' title="bbox 1562 313 2727 384">
    <p class='ocr_par' dir='ltr' id='par_1_2' title="bbox 1562 313 2727 384">
     <span class='ocr_line' id='line_1_2' title="bbox 1562 313 2727 384; baseline 0.006 -7"><span class='ocrx_word' id='word_1_2' title='bbox 1562 313 1975 378; x_wconf 67' lang='grc' dir='ltr'>ἝΕῙΙΜΕΝΠ</span> <span class='ocrx_word' id='word_1_3' title='bbox 2020 316 2329 378; x_wconf 71' lang='grc' dir='ltr'>ΤΗΙΟΟΑΞ</span> <span class='ocrx_word' id='word_1_4' title='bbox 2372 318 2727 384; x_wconf 85' lang='lat' dir='ltr'>EPISCOPI</span> 
     </span>
    </p>
   </div>
   <div class='ocr_carea' id='block_1_3' title="bbox 3710 328 3844 390">
    <p class='ocr_par' dir='ltr' id='par_1_3' title="bbox 3710 328 3844 390">
     <span class='ocr_line' id='line_1_3' title="bbox 3710 328 3844 390; baseline 0.022 -3"><span class='ocrx_word' id='word_1_5' title='bbox 3710 328 3844 390; x_wconf 68' lang='grc'>1124</span> 
     </span>
    </p>
   </div>
   <div class='ocr_carea' id='block_1_4' title="bbox 491 451 2110 537">
    <p class='ocr_par' dir='ltr' id='par_1_4' title="bbox 491 452 2110 527">
     <span class='ocr_line' id='line_1_4' title="bbox 491 452 2110 527; baseline -0.003 -14"><span class='ocrx_word' id='word_1_6' title='bbox 491 459 659 515; x_wconf 81' lang='lat' dir='ltr'>serit.</span> <span class='ocrx_word' id='word_1_7' title='bbox 692 478 719 506; x_wconf 83' lang='lat'>»</span> <span class='ocrx_word' id='word_1_8' title='bbox 742 457 1061 525; x_wconf 76' lang='lat' dir='ltr'>Propterea</span> <span class='ocrx_word' id='word_1_9' title='bbox 1093 467 1229 524; x_wconf 87' lang='lat' dir='ltr'>ergo</span> <span class='ocrx_word' id='word_1_10' title='bbox 1261 452 1657 510; x_wconf 81' lang='lat' dir='ltr'>exsecrabiles</span> <span class='ocrx_word' id='word_1_11' title='bbox 1685 458 1819 510; x_wconf 89' lang='lat' dir='ltr'>sunt</span> <span class='ocrx_word' id='word_1_12' title='bbox 1852 453 1953 526; x_wconf 87' lang='lat' dir='ltr'>qui</span> <span class='ocrx_word' id='word_1_13' title='bbox 2010 452 2110 527; x_wconf 84' lang='lat' dir='ltr'>leg</span> 
     </span>
    </p>
   </div>
   <div class='ocr_carea' id='block_1_5' title="bbox 2224 451 3846 537">
    <p class='ocr_par' dir='ltr' id='par_1_5' title="bbox 2235 451 3846 537">
     <span class='ocr_line' id='line_1_5' title="bbox 2235 451 3846 537; baseline 0.009 -32"><span class='ocrx_word' id='word_1_14' title='bbox 2235 451 2444 528; x_wconf 76' lang='grc' dir='ltr'>ἰσχύειν</span> <span class='ocrx_word' id='word_1_15' title='bbox 2476 461 2771 533; x_wconf 77' lang='grc' dir='ltr'>πληρῶσαι</span> <span class='ocrx_word' id='word_1_16' title='bbox 2811 457 2906 514; x_wconf 87' lang='grc' dir='ltr'>τὸν</span> <span class='ocrx_word' id='word_1_17' title='bbox 2938 456 3134 532; x_wconf 86' lang='grc' dir='ltr'>νόμον.</span> <span class='ocrx_word' id='word_1_18' title='bbox 3202 482 3231 511; x_wconf 78' lang='grc' dir='ltr'>ιι</span> <span class='ocrx_word' id='word_1_19' title='bbox 3282 464 3589 517; x_wconf 78' lang='grc' dir='ltr'>Δικαιοῦται</span> <span class='ocrx_word' id='word_1_20' title='bbox 3624 463 3757 535; x_wconf 70' lang='grc' dir='ltr'>παρὰ</span> <span class='ocrx_word' id='word_1_21' title='bbox 3780 467 3846 537; x_wconf 80' lang='grc' dir='ltr'>τῷ</span> 
     </span>
    </p>
   </div>
   <div class='ocr_carea' id='block_1_6' title="bbox 486 542 2123 618">
    <p class='ocr_par' dir='ltr' id='par_1_6' title="bbox 486 542 2123 618">
     <span class='ocr_line' id='line_1_6' title="bbox 486 542 2123 618; baseline -0.004 -13"><span class='ocrx_word' id='word_1_22' title='bbox 486 549 809 611; x_wconf 80' lang='lat' dir='ltr'>adhaerent,</span> <span class='ocrx_word' id='word_1_23' title='bbox 867 542 1023 613; x_wconf 88' lang='lat' dir='ltr'>quod</span> <span class='ocrx_word' id='word_1_24' title='bbox 1082 558 1202 597; x_wconf 91' lang='lat' dir='ltr'>non</span> <span class='ocrx_word' id='word_1_25' title='bbox 1252 543 1481 614; x_wconf 86' lang='lat' dir='ltr'>possint</span> <span class='ocrx_word' id='word_1_26' title='bbox 1538 545 1837 616; x_wconf 84' lang='lat' dir='ltr'>complere</span> <span class='ocrx_word' id='word_1_27' title='bbox 1910 545 2123 618; x_wconf 83' lang='lat' dir='ltr'>legem.</span> 
     </span>
    </p>
   </div>
   <div class='ocr_carea' id='block_1_7' title="bbox 487 632 2127 705">
    <p class='ocr_par' dir='ltr' id='par_1_7' title="bbox 487 632 2127 705">
     <span class='ocr_line' id='line_1_7' title="bbox 487 632 2127 705; baseline 0.001 -18"><span class='ocrx_word' id='word_1_28' title='bbox 487 659 515 687; x_wconf 88' lang='grc'><strong>‹‹</strong></span> <span class='ocrx_word' id='word_1_29' title='bbox 545 635 906 691; x_wconf 80' lang='lat' dir='ltr'>Justitlcetur</span> <span class='ocrx_word' id='word_1_30' title='bbox 935 632 1092 705; x_wconf 91' lang='lat' dir='ltr'>apud</span> <span class='ocrx_word' id='word_1_31' title='bbox 1127 633 1333 687; x_wconf 90' lang='lat' dir='ltr'>Deum.</span> <span class='ocrx_word' id='word_1_32' title='bbox 1369 654 1397 681; x_wconf 75' lang='grc' dir='ltr'>υ</span> <span class='ocrx_word' id='word_1_33' title='bbox 1428 634 1713 689; x_wconf 81' lang='lat' dir='ltr'>Fortassis</span> <span class='ocrx_word' id='word_1_34' title='bbox 1754 634 1913 690; x_wconf 87' lang='lat' dir='ltr'>enim</span> <span class='ocrx_word' id='word_1_35' title='bbox 1970 634 2127 705; x_wconf 90' lang='lat' dir='ltr'>apud</span> 
     </span>
    </p>
   </div>
   <div class='ocr_carea' id='block_1_8' title="bbox 483 721 2127 796">
    <p class='ocr_par' dir='ltr' id='par_1_8' title="bbox 483 721 2127 796">
     <span class='ocr_line' id='line_1_8' title="bbox 483 721 2127 796; baseline -0.001 -15"><span class='ocrx_word' id='word_1_36' title='bbox 483 725 757 781; x_wconf 86' lang='lat' dir='ltr'>homines</span> <span class='ocrx_word' id='word_1_37' title='bbox 779 723 980 796; x_wconf 89' lang='lat' dir='ltr'>justus</span> <span class='ocrx_word' id='word_1_38' title='bbox 1007 721 1219 793; x_wconf 86' lang='lat' dir='ltr'>aliquis</span> <span class='ocrx_word' id='word_1_39' title='bbox 1240 721 1552 778; x_wconf 81' lang='lat' dir='ltr'>videbitur.</span> <span class='ocrx_word' id='word_1_40' title='bbox 1587 744 1617 773; x_wconf 85' lang='lat'><strong>«</strong></span> <span class='ocrx_word' id='word_1_41' title='bbox 1676 723 1980 794; x_wconf 86' lang='lat' dir='ltr'>Siquidem</span> <span class='ocrx_word' id='word_1_42' title='bbox 2023 723 2127 795; x_wconf 85' lang='lat' dir='ltr'>jus</span> 
     </span>
    </p>
   </div>
   <div class='ocr_carea' id='block_1_9' title="bbox 484 811 2122 883">
    <p class='ocr_par' dir='ltr' id='par_1_9' title="bbox 484 811 2122 883">
     <span class='ocr_line' id='line_1_9' title="bbox 484 811 2122 883; baseline -0.002 -13"><span class='ocrx_word' id='word_1_43' title='bbox 484 820 579 870; x_wconf 90' lang='lat' dir='ltr'>tus</span> <span class='ocrx_word' id='word_1_44' title='bbox 610 829 679 869; x_wconf 86' lang='lat' dir='ltr'>ex</span> <span class='ocrx_word' id='word_1_45' title='bbox 709 812 825 868; x_wconf 77' lang='lat' dir='ltr'>fide</span> <span class='ocrx_word' id='word_1_46' title='bbox 855 811 1024 867; x_wconf 86' lang='lat' dir='ltr'>vivet.</span> <span class='ocrx_word' id='word_1_47' title='bbox 1060 833 1087 861; x_wconf 89' lang='grc'><strong>››</strong></span> <span class='ocrx_word' id='word_1_48' title='bbox 1121 811 1269 867; x_wconf 72' lang='grc'>739</span> <span class='ocrx_word' id='word_1_49' title='bbox 1304 813 1447 866; x_wconf 87' lang='lat' dir='ltr'>Nam</span> <span class='ocrx_word' id='word_1_50' title='bbox 1503 812 1682 868; x_wconf 89' lang='lat' dir='ltr'>unica</span> <span class='ocrx_word' id='word_1_51' title='bbox 1740 818 1847 880; x_wconf 86' lang='lat' dir='ltr'>est,</span> <span class='ocrx_word' id='word_1_52' title='bbox 1907 813 2122 883; x_wconf 84' lang='lat' dir='ltr'>inquit,</span> 
     </span>
    </p>
   </div>
   <div class='ocr_carea' id='block_1_10' title="bbox 485 900 2126 973">
    <p class='ocr_par' dir='ltr' id='par_1_10' title="bbox 485 900 2126 973">
     <span class='ocr_line' id='line_1_10' title="bbox 485 900 2126 973; baseline -0.002 -14"><span class='ocrx_word' id='word_1_53' title='bbox 485 904 620 959; x_wconf 79' lang='lat' dir='ltr'>ﬁdei</span> <span class='ocrx_word' id='word_1_54' title='bbox 652 903 745 957; x_wconf 88' lang='lat' dir='ltr'>via</span> <span class='ocrx_word' id='word_1_55' title='bbox 780 919 911 973; x_wconf 66' lang='lat' dir='ltr'>quae</span> <span class='ocrx_word' id='word_1_56' title='bbox 934 900 1241 973; x_wconf 81' lang='lat' dir='ltr'>justificat.</span> <span class='ocrx_word' id='word_1_57' title='bbox 1279 922 1306 950; x_wconf 83' lang='lat'><strong><em>»</em></strong></span> <span class='ocrx_word' id='word_1_58' title='bbox 1342 901 1453 955; x_wconf 86' lang='lat' dir='ltr'>Lex</span> <span class='ocrx_word' id='word_1_59' title='bbox 1484 906 1682 955; x_wconf 87' lang='lat' dir='ltr'>autem</span> <span class='ocrx_word' id='word_1_60' title='bbox 1731 917 1852 957; x_wconf 87' lang='lat' dir='ltr'>non</span> <span class='ocrx_word' id='word_1_61' title='bbox 1911 907 2001 956; x_wconf 91' lang='lat' dir='ltr'>est</span> <span class='ocrx_word' id='word_1_62' title='bbox 2056 917 2126 956; x_wconf 85' lang='lat' dir='ltr'>ex</span> 
     </span>
    </p>
   </div>
   <div class='ocr_carea' id='block_1_11' title="bbox 484 989 2125 1061">
    <p class='ocr_par' dir='ltr' id='par_1_11' title="bbox 484 989 2125 1061">
     <span class='ocr_line' id='line_1_11' title="bbox 484 989 2125 1061; baseline -0.002 -13"><span class='ocrx_word' id='word_1_63' title='bbox 484 993 622 1058; x_wconf 78' lang='lat' dir='ltr'>fide,</span> <span class='ocrx_word' id='word_1_64' title='bbox 653 1018 676 1039; x_wconf 73' lang='grc' dir='ltr'>ιι</span> <span class='ocrx_word' id='word_1_65' title='bbox 712 992 817 1047; x_wconf 88' lang='lat' dir='ltr'>sed</span> <span class='ocrx_word' id='word_1_66' title='bbox 843 1008 912 1047; x_wconf 85' lang='lat' dir='ltr'>ex</span> <span class='ocrx_word' id='word_1_67' title='bbox 971 990 1289 1061; x_wconf 66' lang='lat' dir='ltr'>operibus:</span> <span class='ocrx_word' id='word_1_68' title='bbox 1350 989 1508 1060; x_wconf 92' lang='lat' dir='ltr'>quod</span> <span class='ocrx_word' id='word_1_69' title='bbox 1566 990 1703 1045; x_wconf 90' lang='lat' dir='ltr'>inde</span> <span class='ocrx_word' id='word_1_70' title='bbox 1746 990 2125 1046; x_wconf 86' lang='lat' dir='ltr'>manifestum</span> 
     </span>
    </p>
   </div>
   <div class='ocr_carea' id='block_1_12' title="bbox 483 1079 2123 1152">
    <p class='ocr_par' dir='ltr' id='par_1_12' title="bbox 483 1079 2123 1152">
     <span class='ocr_line' id='line_1_12' title="bbox 483 1079 2123 1152; baseline -0.005 -15"><span class='ocrx_word' id='word_1_71' title='bbox 483 1088 589 1138; x_wconf 89' lang='lat' dir='ltr'>est.</span> <span class='ocrx_word' id='word_1_72' title='bbox 625 1104 651 1126; x_wconf 77' lang='grc' dir='ltr'><em>υ</em></span> <span class='ocrx_word' id='word_1_73' title='bbox 684 1082 829 1137; x_wconf 90' lang='lat' dir='ltr'>Nam</span> <span class='ocrx_word' id='word_1_74' title='bbox 860 1081 961 1151; x_wconf 88' lang='lat' dir='ltr'>qui</span> <span class='ocrx_word' id='word_1_75' title='bbox 993 1080 1200 1135; x_wconf 80' lang='lat' dir='ltr'>fecerit</span> <span class='ocrx_word' id='word_1_76' title='bbox 1230 1094 1317 1143; x_wconf 87' lang='lat' dir='ltr'>ea,</span> <span class='ocrx_word' id='word_1_77' title='bbox 1354 1079 1530 1134; x_wconf 89' lang='lat' dir='ltr'>homo</span> <span class='ocrx_word' id='word_1_78' title='bbox 1577 1080 1730 1134; x_wconf 80' lang='lat' dir='ltr'>vivet</span> <span class='ocrx_word' id='word_1_79' title='bbox 1776 1080 1838 1134; x_wconf 92' lang='lat' dir='ltr'>in</span> <span class='ocrx_word' id='word_1_80' title='bbox 1897 1080 2058 1152; x_wconf 88' lang='lat' dir='ltr'>ipsis.</span> <span class='ocrx_word' id='word_1_81' title='bbox 2093 1101 2123 1130; x_wconf 78' lang='grc'><strong>››</strong></span> 
     </span>
    </p>
   </div>
   <div class='ocr_carea' id='block_1_13' title="bbox 477 1169 2124 1244">
    <p class='ocr_par' dir='ltr' id='par_1_13' title="bbox 477 1169 2124 1244">
     <span class='ocr_line' id='line_1_13' title="bbox 477 1169 2124 1244; baseline -0.002 -17"><span class='ocrx_word' id='word_1_82' title='bbox 477 1173 683 1243; x_wconf 85' lang='lat' dir='ltr'>Itaque</span> <span class='ocrx_word' id='word_1_83' title='bbox 715 1188 822 1244; x_wconf 89' lang='lat' dir='ltr'>per</span> <span class='ocrx_word' id='word_1_84' title='bbox 850 1186 1031 1242; x_wconf 82' lang='lat' dir='ltr'>opera</span> <span class='ocrx_word' id='word_1_85' title='bbox 1052 1170 1284 1225; x_wconf 85' lang='lat' dir='ltr'>videtur</span> <span class='ocrx_word' id='word_1_86' title='bbox 1313 1186 1441 1226; x_wconf 91' lang='lat' dir='ltr'>esse</span> <span class='ocrx_word' id='word_1_87' title='bbox 1468 1169 1529 1223; x_wconf 91' lang='lat' dir='ltr'>in</span> <span class='ocrx_word' id='word_1_88' title='bbox 1562 1169 1688 1242; x_wconf 90' lang='lat' dir='ltr'>lege</span> <span class='ocrx_word' id='word_1_89' title='bbox 1720 1170 1900 1235; x_wconf 84' lang='lat' dir='ltr'>salus,</span> <span class='ocrx_word' id='word_1_90' title='bbox 1927 1175 1982 1225; x_wconf 88' lang='lat' dir='ltr'>et</span> <span class='ocrx_word' id='word_1_91' title='bbox 2002 1186 2124 1225; x_wconf 92' lang='lat' dir='ltr'>non</span> 
     </span>
    </p>
   </div>
   <div class='ocr_carea' id='block_1_14' title="bbox 482 1260 817 1333">
    <p class='ocr_par' dir='ltr' id='par_1_14' title="bbox 482 1260 817 1333">
     <span class='ocr_line' id='line_1_14' title="bbox 482 1260 817 1333; baseline -0.003 -17"><span class='ocrx_word' id='word_1_92' title='bbox 482 1278 590 1333; x_wconf 91' lang='lat' dir='ltr'>per</span> <span class='ocrx_word' id='word_1_93' title='bbox 617 1260 817 1316; x_wconf 78' lang='lat' dir='ltr'>ﬁdem.</span> 
     </span>
    </p>
   </div>
   <div class='ocr_carea' id='block_1_15' title="bbox 552 1348 2124 1418">
    <p class='ocr_par' dir='ltr' id='par_1_15' title="bbox 552 1348 2124 1418">
     <span class='ocr_line' id='line_1_15' title="bbox 552 1348 2124 1418; baseline 0 -13"><span class='ocrx_word' id='word_1_94' title='bbox 552 1350 650 1418; x_wconf 88' lang='lat' dir='ltr'>Ill,</span> <span class='ocrx_word' id='word_1_95' title='bbox 686 1351 771 1417; x_wconf 83' lang='grc'>13,</span> <span class='ocrx_word' id='word_1_96' title='bbox 806 1352 891 1404; x_wconf 79' lang='grc'>14.</span> <span class='ocrx_word' id='word_1_97' title='bbox 923 1369 950 1398; x_wconf 81' lang='grc' dir='ltr'>α</span> <span class='ocrx_word' id='word_1_98' title='bbox 980 1348 1246 1403; x_wconf 78' lang='lat' dir='ltr'>Christus</span> <span class='ocrx_word' id='word_1_99' title='bbox 1276 1365 1382 1402; x_wconf 91' lang='lat' dir='ltr'>nos</span> <span class='ocrx_word' id='word_1_100' title='bbox 1413 1348 1667 1403; x_wconf 85' lang='lat' dir='ltr'>redemit</span> <span class='ocrx_word' id='word_1_101' title='bbox 1685 1348 1758 1404; x_wconf 89' lang='lat' dir='ltr'>ab</span> <span class='ocrx_word' id='word_1_102' title='bbox 1781 1350 2124 1405; x_wconf 83' lang='lat' dir='ltr'>exsecratio-</span> 
     </span>
    </p>
   </div>
   <div class='ocr_carea' id='block_1_16' title="bbox 483 1437 2119 1512">
    <p class='ocr_par' dir='ltr' id='par_1_16' title="bbox 483 1437 2119 1512">
     <span class='ocr_line' id='line_1_16' title="bbox 483 1437 2119 1512; baseline 0.003 -23"><span class='ocrx_word' id='word_1_103' title='bbox 483 1463 511 1490; x_wconf 83' lang='lat'><strong>«</strong></span> <span class='ocrx_word' id='word_1_104' title='bbox 544 1456 617 1495; x_wconf 90' lang='lat' dir='ltr'>ne</span> <span class='ocrx_word' id='word_1_105' title='bbox 666 1439 832 1512; x_wconf 82' lang='lat' dir='ltr'>legis,</span> <span class='ocrx_word' id='word_1_106' title='bbox 876 1438 1017 1494; x_wconf 90' lang='lat' dir='ltr'>dum</span> <span class='ocrx_word' id='word_1_107' title='bbox 1063 1454 1169 1510; x_wconf 88' lang='lat' dir='ltr'>pro</span> <span class='ocrx_word' id='word_1_108' title='bbox 1230 1437 1402 1494; x_wconf 87' lang='lat' dir='ltr'>nobis</span> <span class='ocrx_word' id='word_1_109' title='bbox 1433 1438 1622 1493; x_wconf 90' lang='lat' dir='ltr'>factus</span> <span class='ocrx_word' id='word_1_110' title='bbox 1652 1443 1743 1494; x_wconf 91' lang='lat' dir='ltr'>est</span> <span class='ocrx_word' id='word_1_111' title='bbox 1771 1440 2119 1495; x_wconf 82' lang='lat' dir='ltr'>exsecratio.</span> 
     </span>
    </p>
   </div>
   <div class='ocr_carea' id='block_1_17' title="bbox 481 1527 2122 1602">
    <p class='ocr_par' dir='ltr' id='par_1_17' title="bbox 481 1527 2122 1602">
     <span class='ocr_line' id='line_1_17' title="bbox 481 1527 2122 1602; baseline 0.002 -23"><span class='ocrx_word' id='word_1_112' title='bbox 481 1550 509 1580; x_wconf 88' lang='grc'><em>‹‹</em></span> <span class='ocrx_word' id='word_1_113' title='bbox 538 1529 832 1602; x_wconf 85' lang='lat' dir='ltr'>Scriptum</span> <span class='ocrx_word' id='word_1_114' title='bbox 865 1533 952 1583; x_wconf 89' lang='lat' dir='ltr'>est</span> <span class='ocrx_word' id='word_1_115' title='bbox 982 1529 1141 1583; x_wconf 89' lang='lat' dir='ltr'>enim</span> <span class='ocrx_word' id='word_1_116' title='bbox 1172 1544 1184 1582; x_wconf 91' lang='lat'>:</span> <span class='ocrx_word' id='word_1_117' title='bbox 1219 1527 1608 1583; x_wconf 84' lang='lat' dir='ltr'>Exsecrabilis</span> <span class='ocrx_word' id='word_1_118' title='bbox 1640 1528 1835 1583; x_wconf 89' lang='lat' dir='ltr'>omnis</span> <span class='ocrx_word' id='word_1_119' title='bbox 1868 1530 1966 1600; x_wconf 90' lang='lat' dir='ltr'>qui</span> <span class='ocrx_word' id='word_1_120' title='bbox 1986 1545 2122 1600; x_wconf 89' lang='lat' dir='ltr'>pen-</span> 
     </span>
    </p>
   </div>
   <div class='ocr_carea' id='block_1_18' title="bbox 480 1616 2126 1691">
    <p class='ocr_par' dir='ltr' id='par_1_18' title="bbox 480 1616 2126 1691">
     <span class='ocr_line' id='line_1_18' title="bbox 480 1616 2126 1691; baseline -0.001 -17"><span class='ocrx_word' id='word_1_121' title='bbox 480 1640 507 1668; x_wconf 87' lang='grc'>‹‹</span> <span class='ocrx_word' id='word_1_122' title='bbox 539 1618 638 1675; x_wconf 90' lang='lat' dir='ltr'>det</span> <span class='ocrx_word' id='word_1_123' title='bbox 668 1620 729 1673; x_wconf 92' lang='lat' dir='ltr'>in</span> <span class='ocrx_word' id='word_1_124' title='bbox 760 1619 944 1691; x_wconf 88' lang='lat' dir='ltr'>ligno,</span> <span class='ocrx_word' id='word_1_125' title='bbox 976 1622 1041 1672; x_wconf 91' lang='lat' dir='ltr'>ut</span> <span class='ocrx_word' id='word_1_126' title='bbox 1070 1617 1131 1672; x_wconf 89' lang='lat' dir='ltr'>in</span> <span class='ocrx_word' id='word_1_127' title='bbox 1159 1621 1364 1689; x_wconf 82' lang='lat' dir='ltr'>gentes</span> <span class='ocrx_word' id='word_1_128' title='bbox 1395 1616 1726 1672; x_wconf 88' lang='lat' dir='ltr'>benedictio</span> <span class='ocrx_word' id='word_1_129' title='bbox 1758 1617 2005 1673; x_wconf 77' lang='lat' dir='ltr'>Abrahae</span> <span class='ocrx_word' id='word_1_130' title='bbox 2028 1634 2126 1672; x_wconf 90' lang='lat' dir='ltr'>ve-</span> 
     </span>
    </p>
   </div>
   <div class='ocr_carea' id='block_1_19' title="bbox 479 1707 2121 1783">
    <p class='ocr_par' dir='ltr' id='par_1_19' title="bbox 479 1707 2121 1783">
     <span class='ocr_line' id='line_1_19' title="bbox 479 1707 2121 1783; baseline 0.004 -25"><span class='ocrx_word' id='word_1_131' title='bbox 479 1732 507 1759; x_wconf 83' lang='lat'>«</span> <span class='ocrx_word' id='word_1_132' title='bbox 540 1710 699 1764; x_wconf 89' lang='lat' dir='ltr'>niret</span> <span class='ocrx_word' id='word_1_133' title='bbox 742 1725 850 1783; x_wconf 89' lang='lat' dir='ltr'>per</span> <span class='ocrx_word' id='word_1_134' title='bbox 906 1707 1201 1762; x_wconf 89' lang='lat' dir='ltr'>Christum</span> <span class='ocrx_word' id='word_1_135' title='bbox 1262 1708 1482 1772; x_wconf 72' lang='lat' dir='ltr'>Iesum,</span> <span class='ocrx_word' id='word_1_136' title='bbox 1538 1712 1602 1762; x_wconf 89' lang='lat' dir='ltr'>ut</span> <span class='ocrx_word' id='word_1_137' title='bbox 1668 1708 2121 1779; x_wconf 87' lang='lat' dir='ltr'>promissionem</span> 
     </span>
    </p>
   </div>
   <div class='ocr_carea' id='block_1_20' title="bbox 482 1797 1660 1871">
    <p class='ocr_par' dir='ltr' id='par_1_20' title="bbox 482 1797 1660 1871">
     <span class='ocr_line' id='line_1_20' title="bbox 482 1797 1660 1871; baseline -0.007 -17"><span class='ocrx_word' id='word_1_138' title='bbox 482 1821 509 1849; x_wconf 83' lang='grc'>‹‹</span> <span class='ocrx_word' id='word_1_139' title='bbox 541 1800 793 1871; x_wconf 87' lang='lat' dir='ltr'>Spiritus</span> <span class='ocrx_word' id='word_1_140' title='bbox 823 1798 1227 1870; x_wconf 82' lang='lat' dir='ltr'>acciperemus</span> <span class='ocrx_word' id='word_1_141' title='bbox 1257 1813 1363 1869; x_wconf 90' lang='lat' dir='ltr'>per</span> <span class='ocrx_word' id='word_1_142' title='bbox 1393 1797 1590 1854; x_wconf 80' lang='lat' dir='ltr'>ﬁdem.</span> <span class='ocrx_word' id='word_1_143' title='bbox 1632 1818 1660 1847; x_wconf 80' lang='grc'><strong>››</strong></span> 
     </span>
    </p>
   </div>
   <div class='ocr_carea' id='block_1_21' title="bbox 549 1885 2119 1958">
    <p class='ocr_par' dir='ltr' id='par_1_21' title="bbox 549 1885 2119 1958">
     <span class='ocr_line' id='line_1_21' title="bbox 549 1885 2119 1958; baseline 0 -16"><span class='ocrx_word' id='word_1_144' title='bbox 549 1889 743 1944; x_wconf 80' lang='lat' dir='ltr'>Tacite</span> <span class='ocrx_word' id='word_1_145' title='bbox 756 1893 1168 1944; x_wconf 86' lang='lat' dir='ltr'>occurrentem</span> <span class='ocrx_word' id='word_1_146' title='bbox 1186 1885 1357 1942; x_wconf 84' lang='lat' dir='ltr'>solvit</span> <span class='ocrx_word' id='word_1_147' title='bbox 1372 1886 2094 1958; x_wconf 82' lang='lat' dir='ltr'>objectionem.Abraham</span> <span class='ocrx_word' id='word_1_148' title='bbox 2106 1929 2119 1953; x_wconf 91' lang='lat'>,</span> 
     </span>
    </p>
   </div>
   <div class='ocr_carea' id='block_1_22' title="bbox 479 1968 2117 2053">
    <p class='ocr_par' dir='ltr' id='par_1_22' title="bbox 479 1968 2117 2053">
     <span class='ocr_line' id='line_1_22' title="bbox 479 1968 2117 2053; baseline -0.002 -28"><span class='ocrx_word' id='word_1_149' title='bbox 479 1970 635 2026; x_wconf 87' lang='lat' dir='ltr'>dicet</span> <span class='ocrx_word' id='word_1_150' title='bbox 666 1969 903 2053; x_wconf 85' lang='lat' dir='ltr'>aliquis,</span> <span class='ocrx_word' id='word_1_151' title='bbox 954 1974 1269 2040; x_wconf 86' lang='lat' dir='ltr'>propterea</span> <span class='ocrx_word' id='word_1_152' title='bbox 1327 1983 1396 2021; x_wconf 83' lang='lat' dir='ltr'>ex</span> <span class='ocrx_word' id='word_1_153' title='bbox 1443 1968 1558 2022; x_wconf 84' lang='lat' dir='ltr'>lide</span> <span class='ocrx_word' id='word_1_154' title='bbox 1602 1968 1966 2039; x_wconf 81' lang='lat' dir='ltr'>justiﬁcatus</span> <span class='ocrx_word' id='word_1_155' title='bbox 2009 1974 2117 2036; x_wconf 88' lang='lat' dir='ltr'>est,</span> 
     </span>
    </p>
   </div>
   <div class='ocr_carea' id='block_1_23' title="bbox 476 2057 2122 2132">
    <p class='ocr_par' dir='ltr' id='par_1_23' title="bbox 476 2057 2122 2132">
     <span class='ocr_line' id='line_1_23' title="bbox 476 2057 2122 2132; baseline -0.002 -16"><span class='ocrx_word' id='word_1_156' title='bbox 476 2061 656 2132; x_wconf 91' lang='lat' dir='ltr'>quod,</span> <span class='ocrx_word' id='word_1_157' title='bbox 688 2076 823 2115; x_wconf 88' lang='lat' dir='ltr'>cum</span> <span class='ocrx_word' id='word_1_158' title='bbox 845 2065 981 2114; x_wconf 87' lang='lat' dir='ltr'>ante</span> <span class='ocrx_word' id='word_1_159' title='bbox 999 2058 1187 2131; x_wconf 88' lang='lat' dir='ltr'>legem</span> <span class='ocrx_word' id='word_1_160' title='bbox 1208 2063 1382 2125; x_wconf 78' lang='lat' dir='ltr'>esset,</span> <span class='ocrx_word' id='word_1_161' title='bbox 1411 2074 1531 2112; x_wconf 92' lang='lat' dir='ltr'>non</span> <span class='ocrx_word' id='word_1_162' title='bbox 1553 2064 1682 2113; x_wconf 89' lang='lat' dir='ltr'>erat</span> <span class='ocrx_word' id='word_1_163' title='bbox 1727 2057 1835 2113; x_wconf 88' lang='lat' dir='ltr'>sub</span> <span class='ocrx_word' id='word_1_164' title='bbox 1867 2059 2010 2130; x_wconf 86' lang='lat' dir='ltr'>jugo</span> <span class='ocrx_word' id='word_1_165' title='bbox 2042 2059 2122 2113; x_wconf 90' lang='lat' dir='ltr'>le-</span> 
     </span>
    </p>
   </div>
   <div class='ocr_carea' id='block_1_24' title="bbox 477 2145 2118 2223">
    <p class='ocr_par' dir='ltr' id='par_1_24' title="bbox 477 2145 2118 2223">
     <span class='ocr_line' id='line_1_24' title="bbox 477 2145 2118 2223; baseline 0 -19"><span class='ocrx_word' id='word_1_166' title='bbox 477 2152 599 2223; x_wconf 88' lang='lat' dir='ltr'>gis:</span> <span class='ocrx_word' id='word_1_167' title='bbox 623 2148 1137 2218; x_wconf 87' lang='lat' dir='ltr'>credimusitaque</span> <span class='ocrx_word' id='word_1_168' title='bbox 1177 2147 1353 2203; x_wconf 79' lang='lat' dir='ltr'>fidem</span> <span class='ocrx_word' id='word_1_169' title='bbox 1401 2145 1753 2217; x_wconf 84' lang='lat' dir='ltr'>justiﬁcare,</span> <span class='ocrx_word' id='word_1_170' title='bbox 1777 2153 1838 2202; x_wconf 89' lang='lat' dir='ltr'>at</span> <span class='ocrx_word' id='word_1_171' title='bbox 1866 2164 1966 2202; x_wconf 91' lang='lat' dir='ltr'>eos</span> <span class='ocrx_word' id='word_1_172' title='bbox 1993 2153 2118 2204; x_wconf 87' lang='lat' dir='ltr'>tan-</span> 
     </span>
    </p>
   </div>
   <div class='ocr_carea' id='block_1_25' title="bbox 476 2243 2115 2318">
    <p class='ocr_par' dir='ltr' id='par_1_25' title="bbox 476 2243 2115 2318">
     <span class='ocr_line' id='line_1_25' title="bbox 476 2243 2115 2318; baseline -0.002 -15"><span class='ocrx_word' id='word_1_173' title='bbox 476 2253 600 2303; x_wconf 91' lang='lat' dir='ltr'>tum</span> <span class='ocrx_word' id='word_1_174' title='bbox 625 2248 722 2318; x_wconf 91' lang='lat' dir='ltr'>qui</span> <span class='ocrx_word' id='word_1_175' title='bbox 747 2263 866 2302; x_wconf 87' lang='lat' dir='ltr'>non</span> <span class='ocrx_word' id='word_1_176' title='bbox 890 2245 1126 2301; x_wconf 83' lang='lat' dir='ltr'>fuerunt</span> <span class='ocrx_word' id='word_1_177' title='bbox 1149 2250 1413 2316; x_wconf 86' lang='lat' dir='ltr'>tempore</span> <span class='ocrx_word' id='word_1_178' title='bbox 1432 2245 1596 2317; x_wconf 81' lang='lat' dir='ltr'>legis.</span> <span class='ocrx_word' id='word_1_179' title='bbox 1613 2243 2115 2315; x_wconf 82' lang='lat' dir='ltr'>quemadmodum</span> 
     </span>
    </p>
   </div>
   <div class='ocr_carea' id='block_1_26' title="bbox 472 2334 2114 2408">
    <p class='ocr_par' dir='ltr' id='par_1_26' title="bbox 472 2334 2114 2408">
     <span class='ocr_line' id='line_1_26' title="bbox 472 2334 2114 2408; baseline -0.004 -13"><span class='ocrx_word' id='word_1_180' title='bbox 472 2337 1143 2403; x_wconf 80' lang='lat' dir='ltr'>etAbraham;nosvero</span> <span class='ocrx_word' id='word_1_181' title='bbox 1159 2335 1258 2406; x_wconf 88' lang='lat' dir='ltr'>qui</span> <span class='ocrx_word' id='word_1_182' title='bbox 1265 2336 1392 2407; x_wconf 86' lang='lat' dir='ltr'>jam</span> <span class='ocrx_word' id='word_1_183' title='bbox 1408 2335 1515 2389; x_wconf 90' lang='lat' dir='ltr'>sub</span> <span class='ocrx_word' id='word_1_184' title='bbox 1558 2335 1747 2408; x_wconf 86' lang='lat' dir='ltr'>legem</span> <span class='ocrx_word' id='word_1_185' title='bbox 1789 2334 2032 2404; x_wconf 78' lang='lat' dir='ltr'>fuimus,</span> <span class='ocrx_word' id='word_1_186' title='bbox 2066 2335 2114 2391; x_wconf 87' lang='lat' dir='ltr'>si</span> 
     </span>
    </p>
   </div>
   <div class='ocr_carea' id='block_1_27' title="bbox 472 2423 2113 2500">
    <p class='ocr_par' dir='ltr' id='par_1_27' title="bbox 472 2423 2113 2500">
     <span class='ocr_line' id='line_1_27' title="bbox 472 2423 2113 2500; baseline -0.001 -18"><span class='ocrx_word' id='word_1_187' title='bbox 472 2427 659 2500; x_wconf 89' lang='lat' dir='ltr'>ipsam</span> <span class='ocrx_word' id='word_1_188' title='bbox 688 2426 1055 2493; x_wconf 70' lang='lat' dir='ltr'>solvet-imus,</span> <span class='ocrx_word' id='word_1_189' title='bbox 1085 2425 1328 2495; x_wconf 86' lang='lat' dir='ltr'>solaque</span> <span class='ocrx_word' id='word_1_190' title='bbox 1352 2423 1467 2479; x_wconf 83' lang='lat' dir='ltr'>ﬁde</span> <span class='ocrx_word' id='word_1_191' title='bbox 1489 2424 1752 2480; x_wconf 89' lang='lat' dir='ltr'>contenti</span> <span class='ocrx_word' id='word_1_192' title='bbox 1802 2425 2113 2493; x_wconf 85' lang='lat' dir='ltr'>fuerimus,</span> 
     </span>
    </p>
   </div>
   <div class='ocr_carea' id='block_1_28' title="bbox 474 2513 2112 2588">
    <p class='ocr_par' dir='ltr' id='par_1_28' title="bbox 474 2513 2112 2588">
     <span class='ocr_line' id='line_1_28' title="bbox 474 2513 2112 2588; baseline -0.001 -16"><span class='ocrx_word' id='word_1_193' title='bbox 474 2518 607 2588; x_wconf 90' lang='lat' dir='ltr'>quis</span> <span class='ocrx_word' id='word_1_194' title='bbox 638 2517 891 2573; x_wconf 89' lang='lat' dir='ltr'>redimet</span> <span class='ocrx_word' id='word_1_195' title='bbox 919 2516 992 2571; x_wconf 88' lang='lat' dir='ltr'>ab</span> <span class='ocrx_word' id='word_1_196' title='bbox 1021 2514 1426 2571; x_wconf 84' lang='lat' dir='ltr'>exsecratione</span> <span class='ocrx_word' id='word_1_197' title='bbox 1457 2513 1604 2586; x_wconf 86' lang='lat' dir='ltr'>legis</span> <span class='ocrx_word' id='word_1_198' title='bbox 1629 2530 1762 2569; x_wconf 88' lang='lat' dir='ltr'>cum</span> <span class='ocrx_word' id='word_1_199' title='bbox 1822 2514 2112 2586; x_wconf 89' lang='lat' dir='ltr'>scriptum</span> 
     </span>
    </p>
   </div>
   <div class='ocr_carea' id='block_1_29' title="bbox 470 2603 2110 2674">
    <p class='ocr_par' dir='ltr' id='par_1_29' title="bbox 470 2603 2110 2674">
     <span class='ocr_line' id='line_1_29' title="bbox 470 2603 2110 2674; baseline -0.002 -13"><span class='ocrx_word' id='word_1_200' title='bbox 470 2607 547 2661; x_wconf 85' lang='lat' dir='ltr'>sit</span> <span class='ocrx_word' id='word_1_201' title='bbox 577 2624 589 2661; x_wconf 88' lang='lat'><strong>:</strong></span> <span class='ocrx_word' id='word_1_202' title='bbox 625 2630 651 2658; x_wconf 87' lang='grc'>‹‹</span> <span class='ocrx_word' id='word_1_203' title='bbox 686 2605 1090 2662; x_wconf 84' lang='lat' dir='ltr'>Exsecrabiles</span> <span class='ocrx_word' id='word_1_204' title='bbox 1123 2608 1281 2670; x_wconf 91' lang='lat' dir='ltr'>sunt,</span> <span class='ocrx_word' id='word_1_205' title='bbox 1334 2604 1433 2674; x_wconf 89' lang='lat' dir='ltr'>qui</span> <span class='ocrx_word' id='word_1_206' title='bbox 1493 2619 1612 2657; x_wconf 91' lang='lat' dir='ltr'>non</span> <span class='ocrx_word' id='word_1_207' title='bbox 1672 2603 2004 2658; x_wconf 86' lang='lat' dir='ltr'>manserint</span> <span class='ocrx_word' id='word_1_208' title='bbox 2050 2604 2110 2658; x_wconf 91' lang='lat' dir='ltr'>in</span> 
     </span>
    </p>
   </div>
   <div class='ocr_carea' id='block_1_30' title="bbox 469 2691 2112 2768">
    <p class='ocr_par' dir='ltr' id='par_1_30' title="bbox 469 2691 2112 2768">
     <span class='ocr_line' id='line_1_30' title="bbox 469 2691 2112 2768; baseline -0.001 -18"><span class='ocrx_word' id='word_1_209' title='bbox 469 2695 637 2768; x_wconf 78' lang='lat' dir='ltr'>lege?</span> <span class='ocrx_word' id='word_1_210' title='bbox 658 2719 685 2746; x_wconf 83' lang='lat'><strong><em>«</em></strong></span> <span class='ocrx_word' id='word_1_211' title='bbox 714 2697 832 2752; x_wconf 88' lang='lat' dir='ltr'>Hoc</span> <span class='ocrx_word' id='word_1_212' title='bbox 855 2696 1032 2768; x_wconf 89' lang='lat' dir='ltr'>igitur</span> <span class='ocrx_word' id='word_1_213' title='bbox 1052 2694 1244 2760; x_wconf 89' lang='lat' dir='ltr'>solvit,</span> <span class='ocrx_word' id='word_1_214' title='bbox 1268 2691 1588 2748; x_wconf 88' lang='lat' dir='ltr'>ostendens</span> <span class='ocrx_word' id='word_1_215' title='bbox 1638 2692 1797 2763; x_wconf 92' lang='lat' dir='ltr'>quod</span> <span class='ocrx_word' id='word_1_216' title='bbox 1846 2693 2112 2748; x_wconf 88' lang='lat' dir='ltr'>Christus</span> 
     </span>
    </p>
   </div>
   <div class='ocr_carea' id='block_1_31' title="bbox 468 2785 2107 2859">
    <p class='ocr_par' dir='ltr' id='par_1_31' title="bbox 468 2785 2107 2859">
     <span class='ocr_line' id='line_1_31' title="bbox 468 2785 2107 2859; baseline -0.002 -14"><span class='ocrx_word' id='word_1_217' title='bbox 468 2790 559 2845; x_wconf 90' lang='lat' dir='ltr'>sui</span> <span class='ocrx_word' id='word_1_218' title='bbox 581 2789 1121 2858; x_wconf 85' lang='lat' dir='ltr'>exsecratione,nos</span> <span class='ocrx_word' id='word_1_219' title='bbox 1146 2804 1180 2841; x_wconf 89' lang='lat' dir='ltr'>a</span> <span class='ocrx_word' id='word_1_220' title='bbox 1222 2786 1369 2859; x_wconf 88' lang='lat' dir='ltr'>legis</span> <span class='ocrx_word' id='word_1_221' title='bbox 1412 2785 1816 2840; x_wconf 83' lang='lat' dir='ltr'>exsecratione</span> <span class='ocrx_word' id='word_1_222' title='bbox 1846 2786 2107 2841; x_wconf 87' lang='lat' dir='ltr'>remede-</span> 
     </span>
    </p>
   </div>
   <div class='ocr_carea' id='block_1_32' title="bbox 464 2875 2107 2947">
    <p class='ocr_par' dir='ltr' id='par_1_32' title="bbox 464 2875 2107 2947">
     <span class='ocr_line' id='line_1_32' title="bbox 464 2875 2107 2947; baseline -0.001 -16"><span class='ocrx_word' id='word_1_223' title='bbox 464 2879 723 2934; x_wconf 90' lang='lat' dir='ltr'>rit.Bene</span> <span class='ocrx_word' id='word_1_224' title='bbox 752 2884 947 2934; x_wconf 89' lang='lat' dir='ltr'>autem</span> <span class='ocrx_word' id='word_1_225' title='bbox 971 2877 1189 2932; x_wconf 89' lang='lat' dir='ltr'>dicitur</span> <span class='ocrx_word' id='word_1_226' title='bbox 1210 2875 1550 2930; x_wconf 88' lang='lat' dir='ltr'>redemisse.</span> <span class='ocrx_word' id='word_1_227' title='bbox 1579 2876 1721 2930; x_wconf 87' lang='lat' dir='ltr'>Dato</span> <span class='ocrx_word' id='word_1_228' title='bbox 1746 2876 1901 2929; x_wconf 88' lang='lat' dir='ltr'>enim</span> <span class='ocrx_word' id='word_1_229' title='bbox 1917 2876 2107 2947; x_wconf 89' lang='lat' dir='ltr'>pretio</span> 
     </span>
    </p>
   </div>
   <div class='ocr_carea' id='block_1_33' title="bbox 464 2964 2108 3039">
    <p class='ocr_par' dir='ltr' id='par_1_33' title="bbox 464 2964 2108 3039">
     <span class='ocr_line' id='line_1_33' title="bbox 464 2964 2108 3039; baseline -0.002 -17"><span class='ocrx_word' id='word_1_230' title='bbox 464 2967 547 3022; x_wconf 90' lang='lat' dir='ltr'>sic</span> <span class='ocrx_word' id='word_1_231' title='bbox 579 2972 644 3022; x_wconf 92' lang='lat' dir='ltr'>ut</span> <span class='ocrx_word' id='word_1_232' title='bbox 672 2967 796 3039; x_wconf 89' lang='lat' dir='ltr'>ipse</span> <span class='ocrx_word' id='word_1_233' title='bbox 830 2966 1000 3022; x_wconf 83' lang='lat' dir='ltr'>fieret</span> <span class='ocrx_word' id='word_1_234' title='bbox 1023 2964 1371 3031; x_wconf 85' lang='lat' dir='ltr'>exsecratio,</span> <span class='ocrx_word' id='word_1_235' title='bbox 1429 2964 1682 3020; x_wconf 88' lang='lat' dir='ltr'>redemit</span> <span class='ocrx_word' id='word_1_236' title='bbox 1736 2980 1843 3019; x_wconf 89' lang='lat' dir='ltr'>nos</span> <span class='ocrx_word' id='word_1_237' title='bbox 1900 2980 1934 3019; x_wconf 91' lang='lat' dir='ltr'>a</span> <span class='ocrx_word' id='word_1_238' title='bbox 1963 2964 2108 3038; x_wconf 90' lang='lat' dir='ltr'>legis</span> 
     </span>
    </p>
   </div>
   <div class='ocr_carea' id='block_1_34' title="bbox 465 3053 2103 3112">
    <p class='ocr_par' dir='ltr' id='par_1_34' title="bbox 465 3053 2103 3112">
     <span class='ocr_line' id='line_1_34' title="bbox 465 3053 2103 3112; baseline -0.001 -1"><span class='ocrx_word' id='word_1_239' title='bbox 465 3056 886 3112; x_wconf 85' lang='lat' dir='ltr'>exsecratione.</span> <span class='ocrx_word' id='word_1_240' title='bbox 920 3053 1334 3109; x_wconf 85' lang='lat' dir='ltr'>Animadverte</span> <span class='ocrx_word' id='word_1_241' title='bbox 1367 3060 1582 3109; x_wconf 88' lang='lat' dir='ltr'>autem.</span> <span class='ocrx_word' id='word_1_242' title='bbox 1644 3054 1891 3108; x_wconf 80' lang='lat' dir='ltr'>Eramus</span> <span class='ocrx_word' id='word_1_243' title='bbox 1943 3070 2103 3110; x_wconf 86' lang='lat' dir='ltr'>exse-</span> 
     </span>
    </p>
   </div>
   <div class='ocr_carea' id='block_1_35' title="bbox 463 3146 2102 3220">
    <p class='ocr_par' dir='ltr' id='par_1_35' title="bbox 463 3146 2102 3220">
     <span class='ocr_line' id='line_1_35' title="bbox 463 3146 2102 3220; baseline -0.002 -14"><span class='ocrx_word' id='word_1_244' title='bbox 463 3151 711 3206; x_wconf 87' lang='lat' dir='ltr'>orationi</span> <span class='ocrx_word' id='word_1_245' title='bbox 733 3149 1071 3215; x_wconf 84' lang='lat' dir='ltr'>obnoxii,eo</span> <span class='ocrx_word' id='word_1_246' title='bbox 1094 3149 1253 3220; x_wconf 92' lang='lat' dir='ltr'>quod</span> <span class='ocrx_word' id='word_1_247' title='bbox 1276 3165 1395 3203; x_wconf 89' lang='lat' dir='ltr'>non</span> <span class='ocrx_word' id='word_1_248' title='bbox 1418 3148 1852 3220; x_wconf 81' lang='lat' dir='ltr'>compleremus</span> <span class='ocrx_word' id='word_1_249' title='bbox 1872 3146 2062 3219; x_wconf 84' lang='lat' dir='ltr'>legem</span> <span class='ocrx_word' id='word_1_250' title='bbox 2088 3164 2102 3202; x_wconf 88' lang='lat'>:</span> 
     </span>
    </p>
   </div>
   <div class='ocr_carea' id='block_1_36' title="bbox 2235 545 3845 623">
    <p class='ocr_par' dir='ltr' id='par_1_36' title="bbox 2235 545 3845 623">
     <span class='ocr_line' id='line_1_36' title="bbox 2235 545 3845 623; baseline 0.006 -27"><span class='ocrx_word' id='word_1_251' title='bbox 2235 547 2371 615; x_wconf 80' lang='grc' dir='ltr'>θεῷ.</span> <span class='ocrx_word' id='word_1_252' title='bbox 2410 570 2438 596; x_wconf 85' lang='grc'>››</span> <span class='ocrx_word' id='word_1_253' title='bbox 2469 546 2631 610; x_wconf 79' lang='grc' dir='ltr'>Ἴσως</span> <span class='ocrx_word' id='word_1_254' title='bbox 2659 548 2762 623; x_wconf 77' lang='grc' dir='ltr'>γάρ</span> <span class='ocrx_word' id='word_1_255' title='bbox 2795 548 2941 623; x_wconf 79' lang='grc' dir='ltr'>παρὰ</span> <span class='ocrx_word' id='word_1_256' title='bbox 2971 547 3281 623; x_wconf 78' lang='grc' dir='ltr'>ἀνθρώποις</span> <span class='ocrx_word' id='word_1_257' title='bbox 3330 545 3533 612; x_wconf 83' lang='grc' dir='ltr'>δίκαιός</span> <span class='ocrx_word' id='word_1_258' title='bbox 3579 570 3658 611; x_wconf 79' lang='grc' dir='ltr'>τις</span> <span class='ocrx_word' id='word_1_259' title='bbox 3703 547 3845 621; x_wconf 78' lang='grc' dir='ltr'>δόξει.</span> 
     </span>
    </p>
   </div>
   <div class='ocr_carea' id='block_1_37' title="bbox 2236 632 3845 714">
    <p class='ocr_par' dir='ltr' id='par_1_37' title="bbox 2236 632 3845 714">
     <span class='ocr_line' id='line_1_37' title="bbox 2236 632 3845 714; baseline 0.003 -24"><span class='ocrx_word' id='word_1_260' title='bbox 2236 654 2265 683; x_wconf 77' lang='grc' dir='ltr'>ι(</span> <span class='ocrx_word' id='word_1_261' title='bbox 2294 634 2418 690; x_wconf 75' lang='grc' dir='ltr'>’Ὁτι</span> <span class='ocrx_word' id='word_1_262' title='bbox 2445 635 2473 690; x_wconf 99' lang='lat'>6</span> <span class='ocrx_word' id='word_1_263' title='bbox 2496 632 2707 699; x_wconf 84' lang='grc' dir='ltr'>δίκαιος</span> <span class='ocrx_word' id='word_1_264' title='bbox 2734 636 2795 693; x_wconf 70' lang='grc' dir='ltr'>ἑκ</span> <span class='ocrx_word' id='word_1_265' title='bbox 2823 638 3053 700; x_wconf 86' lang='grc' dir='ltr'>πίστεως</span> <span class='ocrx_word' id='word_1_266' title='bbox 3104 640 3341 710; x_wconf 75' lang='grc' dir='ltr'>ζήσεται.</span> <span class='ocrx_word' id='word_1_267' title='bbox 3377 663 3405 691; x_wconf 86' lang='grc'><strong>››</strong></span> <span class='ocrx_word' id='word_1_268' title='bbox 3455 639 3567 695; x_wconf 71' lang='grc' dir='ltr'>Μία</span> <span class='ocrx_word' id='word_1_269' title='bbox 3596 641 3692 714; x_wconf 74' lang='grc' dir='ltr'>γάρ</span> <span class='ocrx_word' id='word_1_270' title='bbox 3722 639 3845 696; x_wconf 78' lang='grc' dir='ltr'>ἐστιν</span> 
     </span>
    </p>
   </div>
   <div class='ocr_carea' id='block_1_38' title="bbox 2234 719 3851 807">
    <p class='ocr_par' dir='ltr' id='par_1_38' title="bbox 2234 719 3851 807">
     <span class='ocr_line' id='line_1_38' title="bbox 2234 719 3851 807; baseline 0.007 -31"><span class='ocrx_word' id='word_1_271' title='bbox 2234 719 2359 785; x_wconf 79' lang='grc' dir='ltr'>ὁδὸς</span> <span class='ocrx_word' id='word_1_272' title='bbox 2390 721 2695 797; x_wconf 80' lang='grc' dir='ltr'>δικαιοῦσα,</span> <span class='ocrx_word' id='word_1_273' title='bbox 2726 727 2913 807; x_wconf 73' lang='grc' dir='ltr'>ιρησὶν,</span> <span class='ocrx_word' id='word_1_274' title='bbox 2944 730 2979 799; x_wconf 82' lang='grc' dir='ltr'>ἡ</span> <span class='ocrx_word' id='word_1_275' title='bbox 3007 726 3097 783; x_wconf 84' lang='grc' dir='ltr'>διά</span> <span class='ocrx_word' id='word_1_276' title='bbox 3124 730 3380 791; x_wconf 85' lang='grc' dir='ltr'>πίστεως.</span> <span class='ocrx_word' id='word_1_277' title='bbox 3434 752 3465 781; x_wconf 88' lang='grc'>‹‹</span> <span class='ocrx_word' id='word_1_278' title='bbox 3496 730 3557 787; x_wconf 91' lang='grc' dir='ltr'>Ὁ</span> <span class='ocrx_word' id='word_1_279' title='bbox 3606 727 3661 785; x_wconf 68' lang='grc' dir='ltr'>δὲ</span> <span class='ocrx_word' id='word_1_280' title='bbox 3702 731 3851 803; x_wconf 82' lang='grc' dir='ltr'>νόμος</span> 
     </span>
    </p>
   </div>
   <div class='ocr_carea' id='block_1_39' title="bbox 2235 807 3853 893">
    <p class='ocr_par' dir='ltr' id='par_1_39' title="bbox 2235 807 3853 893">
     <span class='ocr_line' id='line_1_39' title="bbox 2235 807 3853 893; baseline 0.006 -27"><span class='ocrx_word' id='word_1_281' title='bbox 2235 810 2336 866; x_wconf 81' lang='grc' dir='ltr'>οὐκ</span> <span class='ocrx_word' id='word_1_282' title='bbox 2364 807 2504 869; x_wconf 78' lang='grc' dir='ltr'>ἔστιν</span> <span class='ocrx_word' id='word_1_283' title='bbox 2538 815 2598 871; x_wconf 81' lang='grc' dir='ltr'>ἐκ</span> <span class='ocrx_word' id='word_1_284' title='bbox 2632 816 2886 885; x_wconf 81' lang='grc' dir='ltr'>πίστεως,</span> <span class='ocrx_word' id='word_1_285' title='bbox 2918 840 2945 871; x_wconf 80' lang='grc' dir='ltr'>ιι</span> <span class='ocrx_word' id='word_1_286' title='bbox 3005 815 3132 872; x_wconf 83' lang='grc' dir='ltr'>ἀλλ’</span> <span class='ocrx_word' id='word_1_287' title='bbox 3192 811 3242 889; x_wconf 81' lang='grc' dir='ltr'><strong>ἔξ</strong></span> <span class='ocrx_word' id='word_1_288' title='bbox 3301 815 3499 893; x_wconf 82' lang='grc' dir='ltr'>ἔργων.</span> <span class='ocrx_word' id='word_1_289' title='bbox 3559 820 3658 875; x_wconf 80' lang='grc' dir='ltr'>Καὶ</span> <span class='ocrx_word' id='word_1_290' title='bbox 3703 816 3853 889; x_wconf 76' lang='grc' dir='ltr'>δῆλον</span> 
     </span>
    </p>
   </div>
   <div class='ocr_carea' id='block_1_40' title="bbox 2233 894 3855 981">
    <p class='ocr_par' dir='ltr' id='par_1_40' title="bbox 2233 894 3855 981">
     <span class='ocr_line' id='line_1_40' title="bbox 2233 894 3855 981; baseline 0.007 -27"><span class='ocrx_word' id='word_1_291' title='bbox 2233 894 2399 971; x_wconf 67' lang='grc' dir='ltr'>ἔνθεν,</span> <span class='ocrx_word' id='word_1_292' title='bbox 2429 903 2514 959; x_wconf 83' lang='grc' dir='ltr'>’ὁτι</span> <span class='ocrx_word' id='word_1_293' title='bbox 2551 929 2579 956; x_wconf 79' lang='grc' dir='ltr'>(ι</span> <span class='ocrx_word' id='word_1_294' title='bbox 2610 906 2671 962; x_wconf 81' lang='grc' dir='ltr'>Ὀ</span> <span class='ocrx_word' id='word_1_295' title='bbox 2728 908 2962 977; x_wconf 70' lang='grc' dir='ltr'>ποιήσας</span> <span class='ocrx_word' id='word_1_296' title='bbox 3017 905 3154 962; x_wconf 74' lang='grc' dir='ltr'>αὐτὰ</span> <span class='ocrx_word' id='word_1_297' title='bbox 3205 906 3515 981; x_wconf 70' lang='grc' dir='ltr'>ἅνθρωπος,</span> <span class='ocrx_word' id='word_1_298' title='bbox 3562 910 3770 978; x_wconf 70' lang='grc' dir='ltr'>ζήσεται</span> <span class='ocrx_word' id='word_1_299' title='bbox 3811 908 3855 965; x_wconf 71' lang='grc' dir='ltr'>ἒν</span> 
     </span>
    </p>
   </div>
   <div class='ocr_carea' id='block_1_41' title="bbox 2232 989 3856 1074">
    <p class='ocr_par' dir='ltr' id='par_1_41' title="bbox 2232 989 3856 1074">
     <span class='ocr_line' id='line_1_41' title="bbox 2232 989 3856 1074; baseline 0.006 -29"><span class='ocrx_word' id='word_1_300' title='bbox 2232 989 2439 1055; x_wconf 79' lang='grc' dir='ltr'>αὐτοῖς.</span> <span class='ocrx_word' id='word_1_301' title='bbox 2475 1016 2505 1046; x_wconf 84' lang='grc'><strong>››</strong></span> <span class='ocrx_word' id='word_1_302' title='bbox 2535 996 2695 1051; x_wconf 68' lang='lat' dir='ltr'>&quot;Qa-ts</span> <span class='ocrx_word' id='word_1_303' title='bbox 2725 992 2795 1051; x_wconf 86' lang='grc' dir='ltr'>δι’</span> <span class='ocrx_word' id='word_1_304' title='bbox 2836 992 3010 1074; x_wconf 78' lang='grc' dir='ltr'>ἔργων</span> <span class='ocrx_word' id='word_1_305' title='bbox 3067 996 3210 1053; x_wconf 77' lang='grc' dir='ltr'>ἐστὶν</span> <span class='ocrx_word' id='word_1_306' title='bbox 3241 1000 3276 1068; x_wconf 79' lang='grc' dir='ltr'><strong>ἡ</strong></span> <span class='ocrx_word' id='word_1_307' title='bbox 3310 996 3362 1052; x_wconf 84' lang='grc' dir='ltr'>ἐν</span> <span class='ocrx_word' id='word_1_308' title='bbox 3408 997 3571 1071; x_wconf 83' lang='grc' dir='ltr'>νόμῳ</span> <span class='ocrx_word' id='word_1_309' title='bbox 3617 999 3856 1074; x_wconf 81' lang='grc' dir='ltr'>σωτηρία,</span> 
     </span>
    </p>
   </div>
   <div class='ocr_carea' id='block_1_42' title="bbox 2231 1079 2868 1147">
    <p class='ocr_par' dir='ltr' id='par_1_42' title="bbox 2231 1079 2868 1147">
     <span class='ocr_line' id='line_1_42' title="bbox 2231 1079 2868 1147; baseline 0.008 -13"><span class='ocrx_word' id='word_1_310' title='bbox 2231 1081 2317 1135; x_wconf 75' lang='grc' dir='ltr'>καὶ</span> <span class='ocrx_word' id='word_1_311' title='bbox 2352 1080 2413 1136; x_wconf 82' lang='grc' dir='ltr'>οὐ</span> <span class='ocrx_word' id='word_1_312' title='bbox 2445 1079 2533 1138; x_wconf 79' lang='grc' dir='ltr'>διά</span> <span class='ocrx_word' id='word_1_313' title='bbox 2563 1085 2817 1147; x_wconf 85' lang='grc' dir='ltr'>πίστεως.</span> <span class='ocrx_word' id='word_1_314' title='bbox 2856 1130 2868 1139; x_wconf 92' lang='grc'><em>.</em></span> 
     </span>
    </p>
   </div>
   <div class='ocr_carea' id='block_1_43' title="bbox 2304 1342 3854 1423">
    <p class='ocr_par' dir='ltr' id='par_1_43' title="bbox 2304 1342 3854 1423">
     <span class='ocr_line' id='line_1_43' title="bbox 2304 1342 3854 1423; baseline 0.003 -27"><span class='ocrx_word' id='word_1_315' title='bbox 2304 1342 2534 1417; x_wconf 84' lang='grc' dir='ltr'>Χριστὸς</span> <span class='ocrx_word' id='word_1_316' title='bbox 2618 1346 2765 1419; x_wconf 79' lang='grc' dir='ltr'>ἡμᾶς</span> <span class='ocrx_word' id='word_1_317' title='bbox 2843 1343 3169 1423; x_wconf 70' lang='grc' dir='ltr'>ἐξηγόρασεν</span> <span class='ocrx_word' id='word_1_318' title='bbox 3225 1346 3284 1402; x_wconf 73' lang='grc' dir='ltr'>ἐκ</span> <span class='ocrx_word' id='word_1_319' title='bbox 3336 1354 3439 1417; x_wconf 82' lang='grc' dir='ltr'>τῆς</span> <span class='ocrx_word' id='word_1_320' title='bbox 3494 1349 3725 1422; x_wconf 76' lang='grc' dir='ltr'>κατάρας</span> <span class='ocrx_word' id='word_1_321' title='bbox 3772 1351 3854 1401; x_wconf 74' lang='grc' dir='ltr'>τοῦ</span> 
     </span>
    </p>
   </div>
   <div class='ocr_carea' id='block_1_44' title="bbox 2228 1429 3856 1514">
    <p class='ocr_par' dir='ltr' id='par_1_44' title="bbox 2228 1429 3856 1514">
     <span class='ocr_line' id='line_1_44' title="bbox 2228 1429 3856 1514; baseline 0.004 -29"><span class='ocrx_word' id='word_1_322' title='bbox 2228 1429 2420 1503; x_wconf 78' lang='grc' dir='ltr'>νόμου,</span> <span class='ocrx_word' id='word_1_323' title='bbox 2485 1433 2776 1508; x_wconf 87' lang='grc' dir='ltr'>γενόμενος</span> <span class='ocrx_word' id='word_1_324' title='bbox 2859 1434 2992 1510; x_wconf 74' lang='grc' dir='ltr'>ὑπὲρ</span> <span class='ocrx_word' id='word_1_325' title='bbox 3067 1437 3230 1510; x_wconf 70' lang='grc' dir='ltr'>ἡμῶν</span> <span class='ocrx_word' id='word_1_326' title='bbox 3277 1437 3508 1512; x_wconf 86' lang='grc' dir='ltr'>κατάρα.</span> <span class='ocrx_word' id='word_1_327' title='bbox 3581 1435 3856 1514; x_wconf 78' lang='grc' dir='ltr'>Γέγραπται</span> 
     </span>
    </p>
   </div>
   <div class='ocr_carea' id='block_1_45' title="bbox 2228 1520 3852 1601">
    <p class='ocr_par' dir='ltr' id='par_1_45' title="bbox 2228 1520 3852 1601">
     <span class='ocr_line' id='line_1_45' title="bbox 2228 1520 3852 1601; baseline 0.006 -27"><span class='ocrx_word' id='word_1_328' title='bbox 2228 1520 2350 1597; x_wconf 85' lang='grc' dir='ltr'>γὰρ.</span> <span class='ocrx_word' id='word_1_329' title='bbox 2410 1524 2839 1598; x_wconf 76' lang='grc' dir='ltr'>Ἐπικατάρατος</span> <span class='ocrx_word' id='word_1_330' title='bbox 2892 1528 2996 1587; x_wconf 86' lang='grc' dir='ltr'>πᾶς</span> <span class='ocrx_word' id='word_1_331' title='bbox 3051 1526 3080 1581; x_wconf 88' lang='lat'>6</span> <span class='ocrx_word' id='word_1_332' title='bbox 3138 1527 3484 1601; x_wconf 76' lang='grc' dir='ltr'>κρεμάμενος</span> <span class='ocrx_word' id='word_1_333' title='bbox 3544 1524 3633 1581; x_wconf 79' lang='grc' dir='ltr'>ἐπὶ</span> <span class='ocrx_word' id='word_1_334' title='bbox 3689 1524 3852 1596; x_wconf 68' lang='grc' dir='ltr'>ξύλου.</span> 
     </span>
    </p>
   </div>
   <div class='ocr_carea' id='block_1_46' title="bbox 2228 1606 3851 1692">
    <p class='ocr_par' dir='ltr' id='par_1_46' title="bbox 2228 1606 3851 1692">
     <span class='ocr_line' id='line_1_46' title="bbox 2228 1606 3851 1692; baseline 0.002 -27"><span class='ocrx_word' id='word_1_335' title='bbox 2228 1611 2341 1665; x_wconf 85' lang='grc' dir='ltr'>Ἵνα</span> <span class='ocrx_word' id='word_1_336' title='bbox 2372 1611 2447 1673; x_wconf 86' lang='grc' dir='ltr'>εἷς</span> <span class='ocrx_word' id='word_1_337' title='bbox 2499 1611 2564 1666; x_wconf 72' lang='grc' dir='ltr'>τὰ</span> <span class='ocrx_word' id='word_1_338' title='bbox 2621 1606 2746 1685; x_wconf 79' lang='grc' dir='ltr'>ἔθνη</span> <span class='ocrx_word' id='word_1_339' title='bbox 2796 1615 2832 1683; x_wconf 81' lang='grc' dir='ltr'>ἡ</span> <span class='ocrx_word' id='word_1_340' title='bbox 2893 1612 3121 1691; x_wconf 82' lang='grc' dir='ltr'>εὐλογία</span> <span class='ocrx_word' id='word_1_341' title='bbox 3174 1619 3271 1671; x_wconf 73' lang='grc' dir='ltr'>τοῦ</span> <span class='ocrx_word' id='word_1_342' title='bbox 3324 1610 3583 1691; x_wconf 76' lang='grc' dir='ltr'>’Δόραὰμ</span> <span class='ocrx_word' id='word_1_343' title='bbox 3634 1616 3851 1692; x_wconf 71' lang='grc' dir='ltr'>γενηται,</span> 
     </span>
    </p>
   </div>
   <div class='ocr_carea' id='block_1_47' title="bbox 2229 1696 3851 1781">
    <p class='ocr_par' dir='ltr' id='par_1_47' title="bbox 2229 1696 3851 1781">
     <span class='ocr_line' id='line_1_47' title="bbox 2229 1696 3851 1781; baseline 0.007 -28"><span class='ocrx_word' id='word_1_344' title='bbox 2229 1696 2282 1753; x_wconf 81' lang='grc' dir='ltr'>ἐν</span> <span class='ocrx_word' id='word_1_345' title='bbox 2312 1704 2537 1775; x_wconf 73' lang='grc' dir='ltr'>Χριστῷ</span> <span class='ocrx_word' id='word_1_346' title='bbox 2567 1701 2771 1772; x_wconf 79' lang='grc' dir='ltr'>Ἰησοῦ,</span> <span class='ocrx_word' id='word_1_347' title='bbox 2796 1700 2883 1757; x_wconf 79' lang='grc' dir='ltr'>’ίνα</span> <span class='ocrx_word' id='word_1_348' title='bbox 2912 1704 3013 1774; x_wconf 80' lang='grc' dir='ltr'>τὴν</span> <span class='ocrx_word' id='word_1_349' title='bbox 3045 1702 3368 1781; x_wconf 87' lang='grc' dir='ltr'>επαγγελίαν</span> <span class='ocrx_word' id='word_1_350' title='bbox 3416 1709 3518 1760; x_wconf 77' lang='grc' dir='ltr'>τοῦ</span> <span class='ocrx_word' id='word_1_351' title='bbox 3568 1703 3851 1777; x_wconf 78' lang='grc' dir='ltr'>Πνεύματος</span> 
     </span>
    </p>
   </div>
   <div class='ocr_carea' id='block_1_48' title="bbox 2232 1783 3030 1863">
    <p class='ocr_par' dir='ltr' id='par_1_48' title="bbox 2232 1783 3030 1863">
     <span class='ocr_line' id='line_1_48' title="bbox 2232 1783 3030 1863; baseline 0.008 -21"><span class='ocrx_word' id='word_1_352' title='bbox 2232 1783 2492 1863; x_wconf 77' lang='grc' dir='ltr'>λάϐωμεν</span> <span class='ocrx_word' id='word_1_353' title='bbox 2527 1786 2617 1845; x_wconf 80' lang='grc' dir='ltr'>διὰ</span> <span class='ocrx_word' id='word_1_354' title='bbox 2646 1797 2745 1861; x_wconf 84' lang='grc' dir='ltr'>τῆς</span> <span class='ocrx_word' id='word_1_355' title='bbox 2774 1793 3030 1856; x_wconf 85' lang='grc' dir='ltr'>πίστεως.</span> 
     </span>
    </p>
   </div>
   <div class='ocr_carea' id='block_1_49' title="bbox 2304 1878 3857 1959">
    <p class='ocr_par' dir='ltr' id='par_1_49' title="bbox 2304 1878 3857 1959">
     <span class='ocr_line' id='line_1_49' title="bbox 2304 1878 3857 1959; baseline 0.001 -24"><span class='ocrx_word' id='word_1_356' title='bbox 2304 1878 2602 1935; x_wconf 78' lang='grc' dir='ltr'>Ἀντίθεσιν</span> <span class='ocrx_word' id='word_1_357' title='bbox 2693 1882 3011 1937; x_wconf 81' lang='grc' dir='ltr'>ὖπαντῶσαν</span> <span class='ocrx_word' id='word_1_358' title='bbox 3070 1882 3212 1939; x_wconf 82' lang='grc' dir='ltr'>λύει.</span> <span class='ocrx_word' id='word_1_359' title='bbox 3271 1885 3335 1941; x_wconf 79' lang='grc' dir='ltr'><strong>Ὀ</strong></span> <span class='ocrx_word' id='word_1_360' title='bbox 3392 1879 3665 1959; x_wconf 71' lang='grc' dir='ltr'>Ἀϐρααμ,</span> <span class='ocrx_word' id='word_1_361' title='bbox 3722 1884 3857 1958; x_wconf 72' lang='grc' dir='ltr'>φησί,</span> 
     </span>
    </p>
   </div>
   <div class='ocr_carea' id='block_1_50' title="bbox 2232 1962 3865 2048">
    <p class='ocr_par' dir='ltr' id='par_1_50' title="bbox 2232 1962 3865 2048">
     <span class='ocr_line' id='line_1_50' title="bbox 2232 1962 3865 2048; baseline 0.002 -27"><span class='ocrx_word' id='word_1_362' title='bbox 2232 1962 2322 2021; x_wconf 80' lang='grc' dir='ltr'>διὰ</span> <span class='ocrx_word' id='word_1_363' title='bbox 2350 1971 2512 2024; x_wconf 79' lang='grc' dir='ltr'>τοῦτο</span> <span class='ocrx_word' id='word_1_364' title='bbox 2545 1966 2839 2042; x_wconf 79' lang='grc' dir='ltr'>ἐδικαιώθη</span> <span class='ocrx_word' id='word_1_365' title='bbox 2876 1969 2935 2026; x_wconf 81' lang='grc' dir='ltr'>ἐκ</span> <span class='ocrx_word' id='word_1_366' title='bbox 2982 1972 3238 2044; x_wconf 78' lang='grc' dir='ltr'>πίστεως,</span> <span class='ocrx_word' id='word_1_367' title='bbox 3292 1972 3373 2028; x_wconf 84' lang='grc' dir='ltr'>ὅτι</span> <span class='ocrx_word' id='word_1_368' title='bbox 3421 1973 3533 2048; x_wconf 83' lang='grc' dir='ltr'>πρὸ</span> <span class='ocrx_word' id='word_1_369' title='bbox 3577 1975 3675 2028; x_wconf 77' lang='grc' dir='ltr'>τοῦ</span> <span class='ocrx_word' id='word_1_370' title='bbox 3714 1972 3865 2046; x_wconf 81' lang='grc' dir='ltr'>νόμου</span> 
     </span>
    </p>
   </div>
   <div class='ocr_carea' id='block_1_51' title="bbox 2229 2054 3866 2139">
    <p class='ocr_par' dir='ltr' id='par_1_51' title="bbox 2229 2054 3866 2139">
     <span class='ocr_line' id='line_1_51' title="bbox 2229 2054 3866 2139; baseline 0.005 -30"><span class='ocrx_word' id='word_1_371' title='bbox 2229 2054 2322 2127; x_wconf 77' lang='grc' dir='ltr'>ὢν,</span> <span class='ocrx_word' id='word_1_372' title='bbox 2357 2056 2455 2113; x_wconf 82' lang='grc' dir='ltr'>οὐκ</span> <span class='ocrx_word' id='word_1_373' title='bbox 2482 2058 2551 2129; x_wconf 75' lang='grc' dir='ltr'>ἦν</span> <span class='ocrx_word' id='word_1_374' title='bbox 2581 2059 2685 2115; x_wconf 77' lang='grc' dir='ltr'>ὑπὸ</span> <span class='ocrx_word' id='word_1_375' title='bbox 2714 2061 2808 2115; x_wconf 84' lang='grc' dir='ltr'>τὸν</span> <span class='ocrx_word' id='word_1_376' title='bbox 2865 2060 3026 2136; x_wconf 82' lang='grc' dir='ltr'>ςυγὸν</span> <span class='ocrx_word' id='word_1_377' title='bbox 3055 2061 3152 2117; x_wconf 76' lang='grc' dir='ltr'>τοῦ</span> <span class='ocrx_word' id='word_1_378' title='bbox 3190 2063 3380 2137; x_wconf 84' lang='grc' dir='ltr'>νόμου.</span> <span class='ocrx_word' id='word_1_379' title='bbox 3429 2065 3560 2119; x_wconf 71' lang='grc' dir='ltr'>Ὀτι</span> <span class='ocrx_word' id='word_1_380' title='bbox 3621 2062 3714 2136; x_wconf 65' lang='grc' dir='ltr'>μὲν</span> <span class='ocrx_word' id='word_1_381' title='bbox 3757 2062 3866 2139; x_wconf 81' lang='grc' dir='ltr'>γὰρ,</span> 
     </span>
    </p>
   </div>
   <div class='ocr_carea' id='block_1_52' title="bbox 2227 2146 3861 2225">
    <p class='ocr_par' dir='ltr' id='par_1_52' title="bbox 2227 2146 3861 2225">
     <span class='ocr_line' id='line_1_52' title="bbox 2227 2146 3861 2225; baseline 0.004 -26"><span class='ocrx_word' id='word_1_382' title='bbox 2227 2146 2412 2225; x_wconf 76' lang='grc' dir='ltr'>φησὶν,</span> <span class='ocrx_word' id='word_1_383' title='bbox 2448 2149 2483 2217; x_wconf 81' lang='grc' dir='ltr'><strong>ἡ</strong></span> <span class='ocrx_word' id='word_1_384' title='bbox 2525 2148 2708 2212; x_wconf 82' lang='grc' dir='ltr'>πίστις</span> <span class='ocrx_word' id='word_1_385' title='bbox 2769 2146 2994 2221; x_wconf 80' lang='grc' dir='ltr'>δικαιοῖ,</span> <span class='ocrx_word' id='word_1_386' title='bbox 3053 2151 3375 2224; x_wconf 78' lang='grc' dir='ltr'>πειθόμεθα,</span> <span class='ocrx_word' id='word_1_387' title='bbox 3431 2149 3585 2206; x_wconf 84' lang='grc' dir='ltr'>ἀλλᾶ</span> <span class='ocrx_word' id='word_1_388' title='bbox 3629 2149 3753 2214; x_wconf 79' lang='grc' dir='ltr'>τοὺς</span> <span class='ocrx_word' id='word_1_389' title='bbox 3798 2150 3861 2222; x_wconf 70' lang='grc' dir='ltr'>μὴ</span> 
     </span>
    </p>
   </div>
   <div class='ocr_carea' id='block_1_53' title="bbox 2224 2234 3857 2317">
    <p class='ocr_par' dir='ltr' id='par_1_53' title="bbox 2224 2234 3857 2317">
     <span class='ocr_line' id='line_1_53' title="bbox 2224 2234 3857 2317; baseline 0.006 -29"><span class='ocrx_word' id='word_1_390' title='bbox 2224 2234 2549 2311; x_wconf 71' lang='grc' dir='ltr'>γενομὲνους</span> <span class='ocrx_word' id='word_1_391' title='bbox 2582 2238 2684 2293; x_wconf 83' lang='grc' dir='ltr'>ὑπὸ</span> <span class='ocrx_word' id='word_1_392' title='bbox 2715 2239 2806 2294; x_wconf 85' lang='grc' dir='ltr'>τὸν</span> <span class='ocrx_word' id='word_1_393' title='bbox 2861 2241 3057 2315; x_wconf 80' lang='grc' dir='ltr'>νόμον,</span> <span class='ocrx_word' id='word_1_394' title='bbox 3107 2239 3289 2317; x_wconf 79' lang='grc' dir='ltr'>ὥσπερ</span> <span class='ocrx_word' id='word_1_395' title='bbox 3325 2241 3414 2297; x_wconf 81' lang='grc' dir='ltr'>καὶ</span> <span class='ocrx_word' id='word_1_396' title='bbox 3460 2242 3560 2297; x_wconf 83' lang='grc' dir='ltr'>τὸν</span> <span class='ocrx_word' id='word_1_397' title='bbox 3612 2235 3857 2313; x_wconf 73' lang='grc' dir='ltr'>Ἀὃραάμ.</span> 
     </span>
    </p>
   </div>
   <div class='ocr_carea' id='block_1_54' title="bbox 2224 2323 3861 2408">
    <p class='ocr_par' dir='ltr' id='par_1_54' title="bbox 2224 2323 3861 2408">
     <span class='ocr_line' id='line_1_54' title="bbox 2224 2323 3861 2408; baseline 0.002 -29"><span class='ocrx_word' id='word_1_398' title='bbox 2224 2324 2399 2398; x_wconf 77' lang='grc' dir='ltr'>Ἠμᾶς</span> <span class='ocrx_word' id='word_1_399' title='bbox 2430 2323 2491 2381; x_wconf 69' lang='grc' dir='ltr'>δὲ</span> <span class='ocrx_word' id='word_1_400' title='bbox 2517 2323 2627 2399; x_wconf 75' lang='grc' dir='ltr'>ἤδη</span> <span class='ocrx_word' id='word_1_401' title='bbox 2663 2326 2767 2383; x_wconf 77' lang='grc' dir='ltr'>ὑπὸ</span> <span class='ocrx_word' id='word_1_402' title='bbox 2811 2330 2901 2384; x_wconf 79' lang='grc' dir='ltr'>τὸν</span> <span class='ocrx_word' id='word_1_403' title='bbox 2951 2331 3121 2403; x_wconf 83' lang='grc' dir='ltr'>νόμον</span> <span class='ocrx_word' id='word_1_404' title='bbox 3167 2331 3521 2408; x_wconf 75' lang='grc' dir='ltr'>γενομὲνους,</span> <span class='ocrx_word' id='word_1_405' title='bbox 3583 2328 3729 2404; x_wconf 70' lang='grc' dir='ltr'>εἴπερ</span> <span class='ocrx_word' id='word_1_406' title='bbox 3773 2329 3861 2383; x_wconf 76' lang='grc' dir='ltr'>αὖ-</span> 
     </span>
    </p>
   </div>
   <div class='ocr_carea' id='block_1_55' title="bbox 2224 2415 3855 2496">
    <p class='ocr_par' dir='ltr' id='par_1_55' title="bbox 2224 2415 3855 2496">
     <span class='ocr_line' id='line_1_55' title="bbox 2224 2415 3855 2496; baseline 0.004 -27"><span class='ocrx_word' id='word_1_407' title='bbox 2224 2416 2315 2470; x_wconf 85' lang='grc' dir='ltr'>τὸν</span> <span class='ocrx_word' id='word_1_408' title='bbox 2375 2415 2741 2493; x_wconf 66' lang='grc' dir='ltr'>ἀπολίπωμεν)</span> <span class='ocrx_word' id='word_1_409' title='bbox 2796 2420 2887 2474; x_wconf 84' lang='grc' dir='ltr'>καὶ</span> <span class='ocrx_word' id='word_1_410' title='bbox 2948 2424 3017 2495; x_wconf 81' lang='grc' dir='ltr'>τῇ</span> <span class='ocrx_word' id='word_1_411' title='bbox 3075 2421 3249 2476; x_wconf 78' lang='grc' dir='ltr'>πίστει</span> <span class='ocrx_word' id='word_1_412' title='bbox 3313 2421 3448 2496; x_wconf 79' lang='grc' dir='ltr'>μόνῃ</span> <span class='ocrx_word' id='word_1_413' title='bbox 3506 2420 3855 2495; x_wconf 79' lang='grc' dir='ltr'>ἆρκεσθῶμεν,</span> 
     </span>
    </p>
   </div>
   <div class='ocr_carea' id='block_1_56' title="bbox 2218 2503 3859 2585">
    <p class='ocr_par' dir='ltr' id='par_1_56' title="bbox 2218 2503 3859 2585">
     <span class='ocr_line' id='line_1_56' title="bbox 2218 2503 3859 2585; baseline 0.003 -27"><span class='ocrx_word' id='word_1_414' title='bbox 2218 2503 2300 2567; x_wconf 85' lang='grc' dir='ltr'>τίς</span> <span class='ocrx_word' id='word_1_415' title='bbox 2334 2503 2668 2582; x_wconf 83' lang='grc' dir='ltr'>λυτρώσεται</span> <span class='ocrx_word' id='word_1_416' title='bbox 2711 2508 2771 2564; x_wconf 78' lang='grc' dir='ltr'>ἐκ</span> <span class='ocrx_word' id='word_1_417' title='bbox 2825 2516 2924 2579; x_wconf 80' lang='grc' dir='ltr'>τῆς</span> <span class='ocrx_word' id='word_1_418' title='bbox 2972 2508 3209 2584; x_wconf 76' lang='grc' dir='ltr'>κατάρας</span> <span class='ocrx_word' id='word_1_419' title='bbox 3263 2515 3362 2566; x_wconf 74' lang='grc' dir='ltr'>τοῦ</span> <span class='ocrx_word' id='word_1_420' title='bbox 3417 2512 3617 2585; x_wconf 82' lang='grc' dir='ltr'>νόμου,</span> <span class='ocrx_word' id='word_1_421' title='bbox 3676 2508 3759 2566; x_wconf 72' lang='grc' dir='ltr'>διὰ</span> <span class='ocrx_word' id='word_1_422' title='bbox 3805 2510 3859 2563; x_wconf 86' lang='grc' dir='ltr'>τὸ</span> 
     </span>
    </p>
   </div>
   <div class='ocr_carea' id='block_1_57' title="bbox 2218 2595 3858 2675">
    <p class='ocr_par' dir='ltr' id='par_1_57' title="bbox 2218 2595 3858 2675">
     <span class='ocr_line' id='line_1_57' title="bbox 2218 2595 3858 2675; baseline 0.003 -28"><span class='ocrx_word' id='word_1_423' title='bbox 2218 2595 2536 2673; x_wconf 71' lang='grc' dir='ltr'>γεγράφθαι,</span> <span class='ocrx_word' id='word_1_424' title='bbox 2596 2596 2781 2675; x_wconf 73' lang='grc' dir='ltr'>φησὶν,</span> <span class='ocrx_word' id='word_1_425' title='bbox 2835 2622 2862 2650; x_wconf 87' lang='grc'><em>‹‹</em></span> <span class='ocrx_word' id='word_1_426' title='bbox 2896 2599 3320 2674; x_wconf 84' lang='grc' dir='ltr'>Ἐπικατάρατοι</span> <span class='ocrx_word' id='word_1_427' title='bbox 3373 2598 3427 2653; x_wconf 80' lang='grc' dir='ltr'>οἱ</span> <span class='ocrx_word' id='word_1_428' title='bbox 3490 2601 3570 2673; x_wconf 80' lang='grc' dir='ltr'>μή</span> <span class='ocrx_word' id='word_1_429' title='bbox 3618 2597 3858 2672; x_wconf 77' lang='grc' dir='ltr'>ἐμμένον-</span> 
     </span>
    </p>
   </div>
   <div class='ocr_carea' id='block_1_58' title="bbox 2218 2685 3857 2765">
    <p class='ocr_par' dir='ltr' id='par_1_58' title="bbox 2218 2685 3857 2765">
     <span class='ocr_line' id='line_1_58' title="bbox 2218 2685 3857 2765; baseline 0.001 -21"><span class='ocrx_word' id='word_1_430' title='bbox 2218 2703 2305 2744; x_wconf 80' lang='grc' dir='ltr'>τες</span> <span class='ocrx_word' id='word_1_431' title='bbox 2336 2688 2414 2757; x_wconf 76' lang='grc' dir='ltr'>τῷ</span> <span class='ocrx_word' id='word_1_432' title='bbox 2443 2685 2597 2759; x_wconf 82' lang='grc' dir='ltr'>νόμῳ</span> <span class='ocrx_word' id='word_1_433' title='bbox 2624 2708 2638 2756; x_wconf 88' lang='lat'><strong>;</strong></span> <span class='ocrx_word' id='word_1_434' title='bbox 2682 2712 2707 2737; x_wconf 83' lang='grc'>››</span> <span class='ocrx_word' id='word_1_435' title='bbox 2739 2692 2909 2743; x_wconf 79' lang='grc' dir='ltr'>Τοῦτο</span> <span class='ocrx_word' id='word_1_436' title='bbox 2940 2689 3031 2744; x_wconf 82' lang='grc' dir='ltr'>οὗν</span> <span class='ocrx_word' id='word_1_437' title='bbox 3062 2687 3298 2759; x_wconf 72' lang='grc' dir='ltr'>ἐπιλύει,</span> <span class='ocrx_word' id='word_1_438' title='bbox 3333 2687 3543 2752; x_wconf 65' lang='grc' dir='ltr'>δεικνὺς</span> <span class='ocrx_word' id='word_1_439' title='bbox 3592 2690 3683 2745; x_wconf 87' lang='grc' dir='ltr'>τὸν</span> <span class='ocrx_word' id='word_1_440' title='bbox 3736 2695 3857 2765; x_wconf 78' lang='grc' dir='ltr'>Χρι-</span> 
     </span>
    </p>
   </div>
   <div class='ocr_carea' id='block_1_59' title="bbox 2219 2773 3855 2854">
    <p class='ocr_par' dir='ltr' id='par_1_59' title="bbox 2219 2773 3855 2854">
     <span class='ocr_line' id='line_1_59' title="bbox 2219 2773 3855 2854; baseline 0.003 -28"><span class='ocrx_word' id='word_1_441' title='bbox 2219 2773 2339 2827; x_wconf 86' lang='grc' dir='ltr'>στὸν</span> <span class='ocrx_word' id='word_1_442' title='bbox 2371 2776 2522 2847; x_wconf 66' lang='grc' dir='ltr'>ἡμᾶς</span> <span class='ocrx_word' id='word_1_443' title='bbox 2555 2773 2933 2849; x_wconf 74' lang='grc' dir='ltr'>λελυτρῶσθαι</span> <span class='ocrx_word' id='word_1_444' title='bbox 2990 2777 3049 2833; x_wconf 78' lang='grc' dir='ltr'>ἐκ</span> <span class='ocrx_word' id='word_1_445' title='bbox 3103 2785 3206 2849; x_wconf 85' lang='grc' dir='ltr'>τῆς</span> <span class='ocrx_word' id='word_1_446' title='bbox 3251 2780 3489 2854; x_wconf 75' lang='grc' dir='ltr'>κατάρας</span> <span class='ocrx_word' id='word_1_447' title='bbox 3549 2783 3649 2835; x_wconf 74' lang='grc' dir='ltr'>τοῦ</span> <span class='ocrx_word' id='word_1_448' title='bbox 3706 2778 3855 2851; x_wconf 81' lang='grc' dir='ltr'>νόμου</span> 
     </span>
    </p>
   </div>
   <div class='ocr_carea' id='block_1_60' title="bbox 2214 2861 3854 2945">
    <p class='ocr_par' dir='ltr' id='par_1_60' title="bbox 2214 2861 3854 2945">
     <span class='ocr_line' id='line_1_60' title="bbox 2214 2861 3854 2945; baseline 0.009 -29"><span class='ocrx_word' id='word_1_449' title='bbox 2214 2868 2283 2938; x_wconf 81' lang='grc' dir='ltr'>τῇ</span> <span class='ocrx_word' id='word_1_450' title='bbox 2308 2861 2419 2935; x_wconf 79' lang='grc' dir='ltr'>ἰδίᾳ</span> <span class='ocrx_word' id='word_1_451' title='bbox 2436 2867 2662 2941; x_wconf 81' lang='grc' dir='ltr'>κατάρᾳ.</span> <span class='ocrx_word' id='word_1_452' title='bbox 2688 2866 2885 2931; x_wconf 80' lang='grc' dir='ltr'>Καλῶς</span> <span class='ocrx_word' id='word_1_453' title='bbox 2908 2865 2965 2923; x_wconf 74' lang='grc' dir='ltr'>δὲ</span> <span class='ocrx_word' id='word_1_454' title='bbox 2993 2868 3077 2934; x_wconf 80' lang='grc' dir='ltr'>τὸ,</span> <span class='ocrx_word' id='word_1_455' title='bbox 3102 2892 3129 2922; x_wconf 83' lang='grc'><em>‹‹</em></span> <span class='ocrx_word' id='word_1_456' title='bbox 3159 2868 3537 2945; x_wconf 78' lang='grc' dir='ltr'>Ἐξηγόρασεν.</span> <span class='ocrx_word' id='word_1_457' title='bbox 3559 2896 3585 2921; x_wconf 84' lang='lat'><em>»</em></span> <span class='ocrx_word' id='word_1_458' title='bbox 3609 2868 3739 2929; x_wconf 75' lang='grc' dir='ltr'>Δοὺς</span> <span class='ocrx_word' id='word_1_459' title='bbox 3764 2868 3854 2942; x_wconf 80' lang='grc' dir='ltr'>γὰρ</span> 
     </span>
    </p>
   </div>
   <div class='ocr_carea' id='block_1_61' title="bbox 2213 2952 3854 3033">
    <p class='ocr_par' dir='ltr' id='par_1_61' title="bbox 2213 2952 3854 3033">
     <span class='ocr_line' id='line_1_61' title="bbox 2213 2952 3854 3033; baseline 0.006 -26"><span class='ocrx_word' id='word_1_460' title='bbox 2213 2953 2402 3025; x_wconf 72' lang='grc' dir='ltr'>τιμήν,</span> <span class='ocrx_word' id='word_1_461' title='bbox 2440 2952 2600 3016; x_wconf 78' lang='grc' dir='ltr'>αὐτὸς</span> <span class='ocrx_word' id='word_1_462' title='bbox 2653 2953 2906 3031; x_wconf 73' lang='grc' dir='ltr'>γενέσθαι</span> <span class='ocrx_word' id='word_1_463' title='bbox 2957 2959 3186 3032; x_wconf 84' lang='grc' dir='ltr'>κατάρα,</span> <span class='ocrx_word' id='word_1_464' title='bbox 3244 2958 3511 3033; x_wconf 76' lang='grc' dir='ltr'>ἠγόρασεν</span> <span class='ocrx_word' id='word_1_465' title='bbox 3572 2961 3719 3031; x_wconf 65' lang='grc' dir='ltr'>ἡμᾶς</span> <span class='ocrx_word' id='word_1_466' title='bbox 3772 2959 3854 3021; x_wconf 79' lang='grc' dir='ltr'>τῆς</span> 
     </span>
    </p>
   </div>
   <div class='ocr_carea' id='block_1_62' title="bbox 2212 3045 3855 3129">
    <p class='ocr_par' dir='ltr' id='par_1_62' title="bbox 2212 3045 3855 3129">
     <span class='ocr_line' id='line_1_62' title="bbox 2212 3045 3855 3129; baseline 0.002 -30"><span class='ocrx_word' id='word_1_467' title='bbox 2212 3045 2448 3119; x_wconf 78' lang='grc' dir='ltr'>κατάρας</span> <span class='ocrx_word' id='word_1_468' title='bbox 2477 3049 2574 3100; x_wconf 77' lang='grc' dir='ltr'>τοῦ</span> <span class='ocrx_word' id='word_1_469' title='bbox 2602 3047 2799 3120; x_wconf 86' lang='grc' dir='ltr'>νόμου.</span> <span class='ocrx_word' id='word_1_470' title='bbox 2858 3049 2997 3121; x_wconf 79' lang='grc' dir='ltr'>Ὅρα</span> <span class='ocrx_word' id='word_1_471' title='bbox 3043 3048 3170 3126; x_wconf 82' lang='grc' dir='ltr'>γάρ.</span> <span class='ocrx_word' id='word_1_472' title='bbox 3221 3051 3392 3122; x_wconf 81' lang='grc' dir='ltr'>Ἦμεν</span> <span class='ocrx_word' id='word_1_473' title='bbox 3450 3049 3558 3104; x_wconf 82' lang='grc' dir='ltr'>ὑπὸ</span> <span class='ocrx_word' id='word_1_474' title='bbox 3613 3049 3855 3129; x_wconf 60' lang='grc' dir='ltr'>κατάραν,</span> 
     </span>
    </p>
   </div>
   <div class='ocr_carea' id='block_1_63' title="bbox 2214 3128 3852 3212">
    <p class='ocr_par' dir='ltr' id='par_1_63' title="bbox 2214 3128 3852 3212">
     <span class='ocr_line' id='line_1_63' title="bbox 2214 3128 3852 3212; baseline 0.002 -26"><span class='ocrx_word' id='word_1_475' title='bbox 2214 3128 2303 3187; x_wconf 74' lang='grc' dir='ltr'>διὰ</span> <span class='ocrx_word' id='word_1_476' title='bbox 2330 3134 2392 3189; x_wconf 82' lang='grc' dir='ltr'>τὸ</span> <span class='ocrx_word' id='word_1_477' title='bbox 2426 3134 2502 3207; x_wconf 79' lang='grc' dir='ltr'>μή</span> <span class='ocrx_word' id='word_1_478' title='bbox 2527 3134 2816 3210; x_wconf 76' lang='grc' dir='ltr'>πληρῶσαι</span> <span class='ocrx_word' id='word_1_479' title='bbox 2862 3138 2953 3192; x_wconf 82' lang='grc' dir='ltr'>τὸν</span> <span class='ocrx_word' id='word_1_480' title='bbox 3013 3138 3200 3211; x_wconf 85' lang='grc' dir='ltr'>νόμον.</span> <span class='ocrx_word' id='word_1_481' title='bbox 3259 3139 3321 3196; x_wconf 87' lang='grc' dir='ltr'>Ὁ</span> <span class='ocrx_word' id='word_1_482' title='bbox 3373 3138 3611 3212; x_wconf 86' lang='grc' dir='ltr'>Χριστὸς</span> <span class='ocrx_word' id='word_1_483' title='bbox 3667 3138 3765 3192; x_wconf 76' lang='grc' dir='ltr'>οὐκ</span> <span class='ocrx_word' id='word_1_484' title='bbox 3795 3128 3852 3205; x_wconf 76' lang='grc' dir='ltr'>ἦν</span> 
     </span>
    </p>
   </div>
   <div class='ocr_carea' id='block_1_64' title="bbox 464 3212 2110 3312">
    <p class='ocr_par' dir='ltr' id='par_1_64' title="bbox 464 3240 2107 3312">
     <span class='ocr_line' id='line_1_64' title="bbox 464 3240 2107 3312; baseline -0.002 -16"><span class='ocrx_word' id='word_1_485' title='bbox 464 3241 729 3297; x_wconf 88' lang='lat' dir='ltr'>Christus</span> <span class='ocrx_word' id='word_1_486' title='bbox 759 3243 810 3296; x_wconf 90' lang='lat' dir='ltr'>ei</span> <span class='ocrx_word' id='word_1_487' title='bbox 843 3240 1132 3296; x_wconf 88' lang='lat' dir='ltr'>obnoxius</span> <span class='ocrx_word' id='word_1_488' title='bbox 1189 3256 1309 3294; x_wconf 91' lang='lat' dir='ltr'>non</span> <span class='ocrx_word' id='word_1_489' title='bbox 1368 3244 1513 3307; x_wconf 88' lang='lat' dir='ltr'>erat,</span> <span class='ocrx_word' id='word_1_490' title='bbox 1575 3255 1643 3293; x_wconf 90' lang='lat' dir='ltr'>eo</span> <span class='ocrx_word' id='word_1_491' title='bbox 1701 3240 1858 3312; x_wconf 91' lang='lat' dir='ltr'>quod</span> <span class='ocrx_word' id='word_1_492' title='bbox 1917 3240 2107 3311; x_wconf 89' lang='lat' dir='ltr'>ipsam</span> 
     </span>
    </p>
   </div>
   <div class='ocr_carea' id='block_1_65' title="bbox 2224 3212 3850 3312">
    <p class='ocr_par' dir='ltr' id='par_1_65' title="bbox 2224 3222 3850 3302">
     <span class='ocr_line' id='line_1_65' title="bbox 2224 3222 3850 3302; baseline 0.002 -25"><span class='ocrx_word' id='word_1_493' title='bbox 2224 3222 2325 3277; x_wconf 80' lang='grc' dir='ltr'>ὑπὸ</span> <span class='ocrx_word' id='word_1_494' title='bbox 2351 3223 2573 3295; x_wconf 62' lang='grc' dir='ltr'>ταύτην·</span> <span class='ocrx_word' id='word_1_495' title='bbox 2608 3227 2962 3302; x_wconf 73' lang='grc' dir='ltr'>πεπληρώκει</span> <span class='ocrx_word' id='word_1_496' title='bbox 2990 3230 3092 3302; x_wconf 75' lang='grc' dir='ltr'>γάρ</span> <span class='ocrx_word' id='word_1_497' title='bbox 3150 3226 3312 3282; x_wconf 75' lang='grc' dir='ltr'>αὐτόν</span> <span class='ocrx_word' id='word_1_498' title='bbox 3388 3227 3479 3282; x_wconf 76' lang='grc' dir='ltr'>καὶ</span> <span class='ocrx_word' id='word_1_499' title='bbox 3537 3227 3691 3301; x_wconf 72' lang='grc' dir='ltr'>ὅμως</span> <span class='ocrx_word' id='word_1_500' title='bbox 3737 3246 3850 3280; x_wconf 82' lang='grc' dir='ltr'>κατ·</span> 
     </span>
    </p>
   </div>
   <div class='ocr_carea' id='block_1_66' title="bbox 462 3329 2111 3403">
    <p class='ocr_par' dir='ltr' id='par_1_66' title="bbox 462 3329 2111 3403">
     <span class='ocr_line' id='line_1_66' title="bbox 462 3329 2111 3403; baseline -0.002 -17"><span class='ocrx_word' id='word_1_501' title='bbox 462 3331 908 3403; x_wconf 87' lang='lat' dir='ltr'>complevisset:</span> <span class='ocrx_word' id='word_1_502' title='bbox 943 3337 1001 3385; x_wconf 89' lang='lat' dir='ltr'>et</span> <span class='ocrx_word' id='word_1_503' title='bbox 1051 3335 1247 3385; x_wconf 88' lang='lat' dir='ltr'>tamen</span> <span class='ocrx_word' id='word_1_504' title='bbox 1309 3329 1771 3385; x_wconf 80' lang='lat' dir='ltr'>exsecrationem</span> <span class='ocrx_word' id='word_1_505' title='bbox 1833 3329 2111 3401; x_wconf 85' lang='lat' dir='ltr'>suscepit,</span> 
     </span>
    </p>
   </div>
   <div class='ocr_carea' id='block_1_67' title="bbox 462 3417 2103 3489">
    <p class='ocr_par' dir='ltr' id='par_1_67' title="bbox 462 3417 2103 3489">
     <span class='ocr_line' id='line_1_67' title="bbox 462 3417 2103 3489; baseline -0.002 -15"><span class='ocrx_word' id='word_1_506' title='bbox 462 3421 555 3474; x_wconf 89' lang='lat' dir='ltr'>cui</span> <span class='ocrx_word' id='word_1_507' title='bbox 579 3437 698 3476; x_wconf 91' lang='lat' dir='ltr'>non</span> <span class='ocrx_word' id='word_1_508' title='bbox 721 3426 846 3476; x_wconf 84' lang='lat' dir='ltr'>erat</span> <span class='ocrx_word' id='word_1_509' title='bbox 888 3419 1202 3484; x_wconf 86' lang='lat' dir='ltr'>obnoxius,</span> <span class='ocrx_word' id='word_1_510' title='bbox 1249 3434 1383 3472; x_wconf 91' lang='lat' dir='ltr'>cum</span> <span class='ocrx_word' id='word_1_511' title='bbox 1432 3434 1756 3489; x_wconf 86' lang='lat' dir='ltr'>suspensus</span> <span class='ocrx_word' id='word_1_512' title='bbox 1795 3419 1907 3473; x_wconf 84' lang='lat' dir='ltr'>fuit</span> <span class='ocrx_word' id='word_1_513' title='bbox 1936 3419 1997 3472; x_wconf 92' lang='lat' dir='ltr'>in</span> <span class='ocrx_word' id='word_1_514' title='bbox 2030 3417 2103 3472; x_wconf 85' lang='lat' dir='ltr'>li-</span> 
     </span>
    </p>
   </div>
   <div class='ocr_carea' id='block_1_68' title="bbox 460 3506 2111 3581">
    <p class='ocr_par' dir='ltr' id='par_1_68' title="bbox 460 3506 2111 3581">
     <span class='ocr_line' id='line_1_68' title="bbox 460 3506 2111 3581; baseline -0.002 -18"><span class='ocrx_word' id='word_1_515' title='bbox 460 3514 666 3581; x_wconf 85' lang='lat' dir='ltr'>gno,ut</span> <span class='ocrx_word' id='word_1_516' title='bbox 682 3508 1151 3564; x_wconf 82' lang='lat' dir='ltr'>exsecrationem</span> <span class='ocrx_word' id='word_1_517' title='bbox 1196 3506 1466 3574; x_wconf 79' lang='lat' dir='ltr'>solveret,</span> <span class='ocrx_word' id='word_1_518' title='bbox 1504 3524 1634 3576; x_wconf 63' lang='lat' dir='ltr'>quae</span> <span class='ocrx_word' id='word_1_519' title='bbox 1658 3507 1967 3562; x_wconf 86' lang='lat' dir='ltr'>adversum</span> <span class='ocrx_word' id='word_1_520' title='bbox 2002 3523 2111 3561; x_wconf 88' lang='lat' dir='ltr'>nos</span> 
     </span>
    </p>
   </div>
   <div class='ocr_carea' id='block_1_69' title="bbox 462 3595 2104 3665">
    <p class='ocr_par' dir='ltr' id='par_1_69' title="bbox 462 3595 2104 3665">
     <span class='ocr_line' id='line_1_69' title="bbox 462 3595 2104 3665; baseline -0.002 -13"><span class='ocrx_word' id='word_1_521' title='bbox 462 3604 608 3655; x_wconf 90' lang='lat' dir='ltr'>erat.</span> <span class='ocrx_word' id='word_1_522' title='bbox 642 3596 1153 3665; x_wconf 88' lang='lat' dir='ltr'>Quemadmodum</span> <span class='ocrx_word' id='word_1_523' title='bbox 1183 3595 1231 3649; x_wconf 91' lang='lat' dir='ltr'>si</span> <span class='ocrx_word' id='word_1_524' title='bbox 1263 3595 1397 3665; x_wconf 90' lang='lat' dir='ltr'>quis</span> <span class='ocrx_word' id='word_1_525' title='bbox 1430 3595 1602 3649; x_wconf 88' lang='lat' dir='ltr'>morti</span> <span class='ocrx_word' id='word_1_526' title='bbox 1634 3595 1904 3651; x_wconf 87' lang='lat' dir='ltr'>addictos</span> <span class='ocrx_word' id='word_1_527' title='bbox 1948 3595 2104 3650; x_wconf 79' lang='lat' dir='ltr'>redi-</span> 
     </span>
    </p>
   </div>
   <div class='ocr_carea' id='block_1_70' title="bbox 463 3683 2107 3759">
    <p class='ocr_par' dir='ltr' id='par_1_70' title="bbox 463 3683 2107 3759">
     <span class='ocr_line' id='line_1_70' title="bbox 463 3683 2107 3759; baseline -0.001 -16"><span class='ocrx_word' id='word_1_528' title='bbox 463 3693 673 3756; x_wconf 90' lang='lat' dir='ltr'>meret,</span> <span class='ocrx_word' id='word_1_529' title='bbox 706 3688 830 3759; x_wconf 91' lang='lat' dir='ltr'>ipse</span> <span class='ocrx_word' id='word_1_530' title='bbox 862 3687 1056 3742; x_wconf 83' lang='lat' dir='ltr'>ferens</span> <span class='ocrx_word' id='word_1_531' title='bbox 1088 3688 1339 3739; x_wconf 88' lang='lat' dir='ltr'>mortem</span> <span class='ocrx_word' id='word_1_532' title='bbox 1373 3700 1504 3754; x_wconf 66' lang='lat' dir='ltr'>qua:</span> <span class='ocrx_word' id='word_1_533' title='bbox 1565 3683 1686 3739; x_wconf 85' lang='lat' dir='ltr'>illis</span> <span class='ocrx_word' id='word_1_534' title='bbox 1748 3685 2107 3743; x_wconf 85' lang='lat' dir='ltr'>immineret.</span> 
     </span>
    </p>
   </div>
   <div class='ocr_carea' id='block_1_71' title="bbox 465 3772 2108 3849">
    <p class='ocr_par' dir='ltr' id='par_1_71' title="bbox 465 3772 2108 3849">
     <span class='ocr_line' id='line_1_71' title="bbox 465 3772 2108 3849; baseline 0 -22"><span class='ocrx_word' id='word_1_535' title='bbox 465 3800 493 3827; x_wconf 84' lang='lat'>«</span> <span class='ocrx_word' id='word_1_536' title='bbox 532 3778 601 3833; x_wconf 91' lang='lat' dir='ltr'>Ut</span> <span class='ocrx_word' id='word_1_537' title='bbox 631 3778 691 3831; x_wconf 91' lang='lat' dir='ltr'>in</span> <span class='ocrx_word' id='word_1_538' title='bbox 718 3781 938 3849; x_wconf 87' lang='lat' dir='ltr'>gentes.</span> <span class='ocrx_word' id='word_1_539' title='bbox 978 3798 1006 3826; x_wconf 89' lang='grc'>››</span> <span class='ocrx_word' id='word_1_540' title='bbox 1040 3773 1330 3840; x_wconf 90' lang='lat' dir='ltr'>Christus,</span> <span class='ocrx_word' id='word_1_541' title='bbox 1399 3772 1617 3842; x_wconf 89' lang='lat' dir='ltr'>inquit,</span> <span class='ocrx_word' id='word_1_542' title='bbox 1678 3778 1888 3845; x_wconf 90' lang='lat' dir='ltr'>sponte</span> <span class='ocrx_word' id='word_1_543' title='bbox 1918 3773 2108 3829; x_wconf 70' lang='lat' dir='ltr'>factus</span> 
     </span>
    </p>
   </div>
   <div class='ocr_carea' id='block_1_72' title="bbox 464 3861 2107 3935">
    <p class='ocr_par' dir='ltr' id='par_1_72' title="bbox 464 3861 2107 3935">
     <span class='ocr_line' id='line_1_72' title="bbox 464 3861 2107 3935; baseline -0.001 -14"><span class='ocrx_word' id='word_1_544' title='bbox 464 3873 554 3922; x_wconf 89' lang='lat' dir='ltr'>est</span> <span class='ocrx_word' id='word_1_545' title='bbox 574 3866 977 3931; x_wconf 80' lang='lat' dir='ltr'>exsecrabilis,</span> <span class='ocrx_word' id='word_1_546' title='bbox 1009 3869 1075 3918; x_wconf 89' lang='lat' dir='ltr'>ut</span> <span class='ocrx_word' id='word_1_547' title='bbox 1102 3863 1163 3917; x_wconf 89' lang='lat' dir='ltr'>in</span> <span class='ocrx_word' id='word_1_548' title='bbox 1193 3861 1486 3934; x_wconf 85' lang='lat' dir='ltr'>gentibus,</span> <span class='ocrx_word' id='word_1_549' title='bbox 1521 3861 1579 3917; x_wconf 86' lang='lat' dir='ltr'>id</span> <span class='ocrx_word' id='word_1_550' title='bbox 1609 3869 1716 3924; x_wconf 88' lang='lat' dir='ltr'>est.</span> <span class='ocrx_word' id='word_1_551' title='bbox 1751 3864 1811 3918; x_wconf 88' lang='lat' dir='ltr'>in</span> <span class='ocrx_word' id='word_1_552' title='bbox 1866 3864 1959 3919; x_wconf 87' lang='lat' dir='ltr'>his</span> <span class='ocrx_word' id='word_1_553' title='bbox 2007 3863 2107 3935; x_wconf 90' lang='lat' dir='ltr'>qui</span> 
     </span>
    </p>
   </div>
   <div class='ocr_carea' id='block_1_73' title="bbox 463 3951 2106 4028">
    <p class='ocr_par' dir='ltr' id='par_1_73' title="bbox 463 3951 2106 4028">
     <span class='ocr_line' id='line_1_73' title="bbox 463 3951 2106 4028; baseline -0.001 -18"><span class='ocrx_word' id='word_1_554' title='bbox 463 3955 572 4010; x_wconf 88' lang='lat' dir='ltr'>sub</span> <span class='ocrx_word' id='word_1_555' title='bbox 614 3955 739 4028; x_wconf 88' lang='lat' dir='ltr'>lege</span> <span class='ocrx_word' id='word_1_556' title='bbox 799 3971 919 4009; x_wconf 88' lang='lat' dir='ltr'>non</span> <span class='ocrx_word' id='word_1_557' title='bbox 976 3951 1458 4015; x_wconf 83' lang='lat' dir='ltr'>continebantur,</span> <span class='ocrx_word' id='word_1_558' title='bbox 1506 3953 1920 4025; x_wconf 88' lang='lat' dir='ltr'>contingerent</span> <span class='ocrx_word' id='word_1_559' title='bbox 1976 3971 2106 4025; x_wconf 77' lang='lat' dir='ltr'>qum</span> 
     </span>
    </p>
   </div>
   <div class='ocr_carea' id='block_1_74' title="bbox 462 4042 2111 4115">
    <p class='ocr_par' dir='ltr' id='par_1_74' title="bbox 462 4042 2111 4115">
     <span class='ocr_line' id='line_1_74' title="bbox 462 4042 2111 4115; baseline 0.001 -16"><span class='ocrx_word' id='word_1_560' title='bbox 462 4044 713 4100; x_wconf 65' lang='lat' dir='ltr'>Abrahae</span> <span class='ocrx_word' id='word_1_561' title='bbox 746 4042 1199 4115; x_wconf 88' lang='lat' dir='ltr'>promissionem</span> <span class='ocrx_word' id='word_1_562' title='bbox 1229 4048 1596 4098; x_wconf 88' lang='lat' dir='ltr'>concernunt</span> <span class='ocrx_word' id='word_1_563' title='bbox 1627 4059 1640 4097; x_wconf 91' lang='lat'>:</span> <span class='ocrx_word' id='word_1_564' title='bbox 1696 4043 2111 4115; x_wconf 87' lang='lat' dir='ltr'>contingerent</span> 
     </span>
    </p>
   </div>
   <div class='ocr_carea' id='block_1_75' title="bbox 460 4130 2108 4205">
    <p class='ocr_par' dir='ltr' id='par_1_75' title="bbox 460 4130 2108 4205">
     <span class='ocr_line' id='line_1_75' title="bbox 460 4130 2108 4205; baseline 0.001 -17"><span class='ocrx_word' id='word_1_565' title='bbox 460 4136 659 4188; x_wconf 85' lang='lat' dir='ltr'>autem</span> <span class='ocrx_word' id='word_1_566' title='bbox 690 4148 796 4203; x_wconf 90' lang='lat' dir='ltr'>per</span> <span class='ocrx_word' id='word_1_567' title='bbox 826 4132 1022 4204; x_wconf 89' lang='lat' dir='ltr'>ipsum</span> <span class='ocrx_word' id='word_1_568' title='bbox 1051 4131 1367 4187; x_wconf 91' lang='lat' dir='ltr'>Christum.</span> <span class='ocrx_word' id='word_1_569' title='bbox 1395 4130 1698 4195; x_wconf 90' lang='lat' dir='ltr'>Quomodo</span> <span class='ocrx_word' id='word_1_570' title='bbox 1717 4149 1824 4204; x_wconf 88' lang='lat' dir='ltr'>per</span> <span class='ocrx_word' id='word_1_571' title='bbox 1852 4132 2049 4205; x_wconf 90' lang='lat' dir='ltr'>ipsum</span> <span class='ocrx_word' id='word_1_572' title='bbox 2080 4134 2108 4189; x_wconf 61' lang='grc' dir='ltr'><strong><em>Ἰ</em></strong></span> 
     </span>
    </p>
   </div>
   <div class='ocr_carea' id='block_1_76' title="bbox 459 4221 2104 4295">
    <p class='ocr_par' dir='ltr' id='par_1_76' title="bbox 459 4221 2104 4295">
     <span class='ocr_line' id='line_1_76' title="bbox 459 4221 2104 4295; baseline 0.001 -18"><span class='ocrx_word' id='word_1_573' title='bbox 459 4237 664 4277; x_wconf 87' lang='lat' dir='ltr'>semen</span> <span class='ocrx_word' id='word_1_574' title='bbox 695 4228 895 4279; x_wconf 88' lang='lat' dir='ltr'>autem</span> <span class='ocrx_word' id='word_1_575' title='bbox 925 4222 1055 4295; x_wconf 89' lang='lat' dir='ltr'>ejus</span> <span class='ocrx_word' id='word_1_576' title='bbox 1086 4226 1177 4276; x_wconf 90' lang='lat' dir='ltr'>est</span> <span class='ocrx_word' id='word_1_577' title='bbox 1229 4221 1516 4276; x_wconf 87' lang='lat' dir='ltr'>Christus.</span> <span class='ocrx_word' id='word_1_578' title='bbox 1579 4221 1848 4278; x_wconf 89' lang='lat' dir='ltr'>Christus</span> <span class='ocrx_word' id='word_1_579' title='bbox 1907 4223 2104 4294; x_wconf 90' lang='lat' dir='ltr'>itaque</span> 
     </span>
    </p>
   </div>
   <div class='ocr_carea' id='block_1_77' title="bbox 459 4311 2104 4383">
    <p class='ocr_par' dir='ltr' id='par_1_77' title="bbox 459 4311 2104 4383">
     <span class='ocr_line' id='line_1_77' title="bbox 459 4311 2104 4383; baseline 0.003 -16"><span class='ocrx_word' id='word_1_580' title='bbox 459 4318 751 4383; x_wconf 90' lang='lat' dir='ltr'>quatenus</span> <span class='ocrx_word' id='word_1_581' title='bbox 782 4319 889 4380; x_wconf 90' lang='lat' dir='ltr'>est,</span> <span class='ocrx_word' id='word_1_582' title='bbox 947 4318 1007 4368; x_wconf 87' lang='lat' dir='ltr'>et</span> <span class='ocrx_word' id='word_1_583' title='bbox 1061 4311 1414 4383; x_wconf 88' lang='lat' dir='ltr'>intelligitur</span> <span class='ocrx_word' id='word_1_584' title='bbox 1469 4312 1666 4377; x_wconf 91' lang='lat' dir='ltr'>homo,</span> <span class='ocrx_word' id='word_1_585' title='bbox 1729 4313 2104 4372; x_wconf 67' lang='lat' dir='ltr'>hmreditario</span> 
     </span>
    </p>
   </div>
   <div class='ocr_carea' id='block_1_78' title="bbox 447 4401 2104 4476">
    <p class='ocr_par' dir='ltr' id='par_1_78' title="bbox 447 4401 2104 4476">
     <span class='ocr_line' id='line_1_78' title="bbox 447 4401 2104 4476; baseline 0.003 -20"><span class='ocrx_word' id='word_1_586' title='bbox 447 4402 584 4472; x_wconf 85' lang='lat' dir='ltr'>jure</span> <span class='ocrx_word' id='word_1_587' title='bbox 606 4403 905 4476; x_wconf 86' lang='lat' dir='ltr'>accipiens</span> <span class='ocrx_word' id='word_1_588' title='bbox 922 4401 1614 4474; x_wconf 88' lang='lat' dir='ltr'>promissiones,reliquo</span> <span class='ocrx_word' id='word_1_589' title='bbox 1629 4402 1888 4459; x_wconf 89' lang='lat' dir='ltr'>humano</span> <span class='ocrx_word' id='word_1_590' title='bbox 1902 4407 2104 4476; x_wconf 88' lang='lat' dir='ltr'>generi</span> 
     </span>
    </p>
   </div>
   <div class='ocr_carea' id='block_1_79' title="bbox 454 4491 2101 4566">
    <p class='ocr_par' dir='ltr' id='par_1_79' title="bbox 454 4491 2101 4566">
     <span class='ocr_line' id='line_1_79' title="bbox 454 4491 2101 4566; baseline 0.002 -18"><span class='ocrx_word' id='word_1_591' title='bbox 454 4492 613 4565; x_wconf 84' lang='lat' dir='ltr'>ipsas</span> <span class='ocrx_word' id='word_1_592' title='bbox 634 4493 891 4561; x_wconf 90' lang='lat' dir='ltr'>donavit,</span> <span class='ocrx_word' id='word_1_593' title='bbox 926 4492 1083 4564; x_wconf 90' lang='lat' dir='ltr'>quod</span> <span class='ocrx_word' id='word_1_594' title='bbox 1118 4492 1180 4547; x_wconf 91' lang='lat' dir='ltr'>in</span> <span class='ocrx_word' id='word_1_595' title='bbox 1230 4509 1291 4548; x_wconf 91' lang='lat' dir='ltr'>se</span> <span class='ocrx_word' id='word_1_596' title='bbox 1344 4491 1652 4547; x_wconf 69' lang='lat' dir='ltr'>crederet:</span> <span class='ocrx_word' id='word_1_597' title='bbox 1695 4514 1725 4543; x_wconf 74' lang='grc' dir='ltr'>‹ιτ</span> <span class='ocrx_word' id='word_1_598' title='bbox 1750 4494 1821 4549; x_wconf 89' lang='lat' dir='ltr'>Ut</span> <span class='ocrx_word' id='word_1_599' title='bbox 1851 4497 2101 4566; x_wconf 84' lang='lat' dir='ltr'>promis-</span> 
     </span>
    </p>
   </div>
   <div class='ocr_carea' id='block_1_80' title="bbox 2220 3310 3856 3398">
    <p class='ocr_par' dir='ltr' id='par_1_80' title="bbox 2220 3310 3856 3398">
     <span class='ocr_line' id='line_1_80' title="bbox 2220 3310 3856 3398; baseline 0.002 -31"><span class='ocrx_word' id='word_1_600' title='bbox 2220 3310 2434 3384; x_wconf 79' lang='grc' dir='ltr'>εδέξατο</span> <span class='ocrx_word' id='word_1_601' title='bbox 2464 3315 2719 3391; x_wconf 71' lang='grc' dir='ltr'>κατάραν,</span> <span class='ocrx_word' id='word_1_602' title='bbox 2777 3314 2844 3387; x_wconf 70' lang='grc' dir='ltr'>ἤν</span> <span class='ocrx_word' id='word_1_603' title='bbox 2914 3316 3011 3373; x_wconf 78' lang='grc' dir='ltr'>οὐκ</span> <span class='ocrx_word' id='word_1_604' title='bbox 3066 3315 3290 3398; x_wconf 71' lang='grc' dir='ltr'>ὤφειλε,</span> <span class='ocrx_word' id='word_1_605' title='bbox 3347 3319 3449 3388; x_wconf 79' lang='grc' dir='ltr'>τήν</span> <span class='ocrx_word' id='word_1_606' title='bbox 3505 3323 3609 3374; x_wconf 79' lang='grc' dir='ltr'>τοῦ</span> <span class='ocrx_word' id='word_1_607' title='bbox 3664 3336 3856 3394; x_wconf 83' lang='grc' dir='ltr'>κρεμα-</span> 
     </span>
    </p>
   </div>
   <div class='ocr_carea' id='block_1_81' title="bbox 2220 3403 3853 3482">
    <p class='ocr_par' dir='ltr' id='par_1_81' title="bbox 2220 3403 3853 3482">
     <span class='ocr_line' id='line_1_81' title="bbox 2220 3403 3853 3482; baseline 0.002 -26"><span class='ocrx_word' id='word_1_608' title='bbox 2220 3405 2409 3473; x_wconf 75' lang='grc' dir='ltr'>σθῆναι</span> <span class='ocrx_word' id='word_1_609' title='bbox 2446 3403 2531 3460; x_wconf 81' lang='grc' dir='ltr'>ἐπὶ</span> <span class='ocrx_word' id='word_1_610' title='bbox 2592 3404 2778 3476; x_wconf 73' lang='grc' dir='ltr'>ξύλου,</span> <span class='ocrx_word' id='word_1_611' title='bbox 2841 3407 2933 3462; x_wconf 82' lang='grc' dir='ltr'>ἳνα</span> <span class='ocrx_word' id='word_1_612' title='bbox 2988 3408 3088 3475; x_wconf 76' lang='grc' dir='ltr'>τήν</span> <span class='ocrx_word' id='word_1_613' title='bbox 3145 3410 3268 3471; x_wconf 81' lang='grc' dir='ltr'>καθ’</span> <span class='ocrx_word' id='word_1_614' title='bbox 3322 3409 3481 3480; x_wconf 72' lang='grc' dir='ltr'>ἡμῶν</span> <span class='ocrx_word' id='word_1_615' title='bbox 3540 3405 3681 3482; x_wconf 75' lang='grc' dir='ltr'>λύσῃ</span> <span class='ocrx_word' id='word_1_616' title='bbox 3735 3426 3853 3461; x_wconf 80' lang='grc' dir='ltr'>κατ-</span> 
     </span>
    </p>
   </div>
   <div class='ocr_carea' id='block_1_82' title="bbox 2220 3490 3855 3569">
    <p class='ocr_par' dir='ltr' id='par_1_82' title="bbox 2220 3490 3855 3569">
     <span class='ocr_line' id='line_1_82' title="bbox 2220 3490 3855 3569; baseline 0.002 -26"><span class='ocrx_word' id='word_1_617' title='bbox 2220 3490 2371 3565; x_wconf 85' lang='grc' dir='ltr'>άραν.</span> <span class='ocrx_word' id='word_1_618' title='bbox 2404 3494 2608 3569; x_wconf 81' lang='grc' dir='ltr'>Ὥσπερ</span> <span class='ocrx_word' id='word_1_619' title='bbox 2634 3492 2686 3549; x_wconf 75' lang='grc' dir='ltr'>εἶ’</span> <span class='ocrx_word' id='word_1_620' title='bbox 2710 3515 2793 3557; x_wconf 92' lang='grc' dir='ltr'>τις</span> <span class='ocrx_word' id='word_1_621' title='bbox 2824 3494 2949 3556; x_wconf 81' lang='grc' dir='ltr'>τοὺς</span> <span class='ocrx_word' id='word_1_622' title='bbox 2978 3494 3380 3567; x_wconf 64' lang='grc' dir='ltr'>ξκελευσθέντας</span> <span class='ocrx_word' id='word_1_623' title='bbox 3425 3495 3717 3562; x_wconf 76' lang='grc' dir='ltr'>ἀποθανεῖν</span> <span class='ocrx_word' id='word_1_624' title='bbox 3767 3491 3855 3548; x_wconf 85' lang='grc' dir='ltr'>λυ-</span> 
     </span>
    </p>
   </div>
   <div class='ocr_carea' id='block_1_83' title="bbox 2215 3583 3851 3662">
    <p class='ocr_par' dir='ltr' id='par_1_83' title="bbox 2215 3583 3851 3662">
     <span class='ocr_line' id='line_1_83' title="bbox 2215 3583 3851 3662; baseline 0.001 -26"><span class='ocrx_word' id='word_1_625' title='bbox 2215 3583 2482 3656; x_wconf 82' lang='grc' dir='ltr'>τρώσεται</span> <span class='ocrx_word' id='word_1_626' title='bbox 2528 3585 2708 3655; x_wconf 79' lang='grc' dir='ltr'>αὐτὸς,</span> <span class='ocrx_word' id='word_1_627' title='bbox 2769 3585 3091 3660; x_wconf 68' lang='grc' dir='ltr'>αἱρούμενος</span> <span class='ocrx_word' id='word_1_628' title='bbox 3148 3586 3239 3641; x_wconf 84' lang='grc' dir='ltr'>τὸν</span> <span class='ocrx_word' id='word_1_629' title='bbox 3299 3586 3432 3662; x_wconf 73' lang='grc' dir='ltr'>ὑπὲρ</span> <span class='ocrx_word' id='word_1_630' title='bbox 3490 3586 3670 3642; x_wconf 79' lang='grc' dir='ltr'>αὐτῶν</span> <span class='ocrx_word' id='word_1_631' title='bbox 3710 3586 3851 3639; x_wconf 81' lang='grc' dir='ltr'>θάνα·</span> 
     </span>
    </p>
   </div>
   <div class='ocr_carea' id='block_1_84' title="bbox 2214 3671 3850 3754">
    <p class='ocr_par' dir='ltr' id='par_1_84' title="bbox 2214 3671 3850 3754">
     <span class='ocr_line' id='line_1_84' title="bbox 2214 3671 3850 3754; baseline 0.001 -29"><span class='ocrx_word' id='word_1_632' title='bbox 2214 3691 2325 3728; x_wconf 88' lang='grc' dir='ltr'>τον.</span> <span class='ocrx_word' id='word_1_633' title='bbox 2365 3697 2385 3722; x_wconf 76' lang='grc' dir='ltr'>ι</span> <span class='ocrx_word' id='word_1_634' title='bbox 2419 3676 2532 3728; x_wconf 67' lang='grc' dir='ltr'>*Ινα</span> <span class='ocrx_word' id='word_1_635' title='bbox 2562 3673 2637 3737; x_wconf 85' lang='grc' dir='ltr'>είς</span> <span class='ocrx_word' id='word_1_636' title='bbox 2668 3675 2733 3729; x_wconf 74' lang='grc' dir='ltr'>τά</span> <span class='ocrx_word' id='word_1_637' title='bbox 2787 3671 2936 3745; x_wconf 83' lang='grc' dir='ltr'>ἔθνη.</span> <span class='ocrx_word' id='word_1_638' title='bbox 2988 3699 3015 3726; x_wconf 83' lang='grc'><strong>››</strong></span> <span class='ocrx_word' id='word_1_639' title='bbox 3064 3674 3256 3749; x_wconf 80' lang='grc' dir='ltr'>Γέγονε</span> <span class='ocrx_word' id='word_1_640' title='bbox 3304 3671 3380 3746; x_wconf 73' lang='grc' dir='ltr'>δὲ,</span> <span class='ocrx_word' id='word_1_641' title='bbox 3431 3674 3620 3754; x_wconf 70' lang='grc' dir='ltr'>φησὶν,</span> <span class='ocrx_word' id='word_1_642' title='bbox 3669 3693 3850 3729; x_wconf 85' lang='grc' dir='ltr'>επικα-</span> 
     </span>
    </p>
   </div>
   <div class='ocr_carea' id='block_1_85' title="bbox 2213 3758 3853 3839">
    <p class='ocr_par' dir='ltr' id='par_1_85' title="bbox 2213 3758 3853 3839">
     <span class='ocr_line' id='line_1_85' title="bbox 2213 3758 3853 3839; baseline 0.001 -26"><span class='ocrx_word' id='word_1_643' title='bbox 2213 3758 2446 3835; x_wconf 88' lang='grc' dir='ltr'>τάρατος</span> <span class='ocrx_word' id='word_1_644' title='bbox 2480 3760 2775 3837; x_wconf 79' lang='grc' dir='ltr'>βουληθεὶς</span> <span class='ocrx_word' id='word_1_645' title='bbox 2804 3763 2833 3818; x_wconf 87' lang='lat'>6</span> <span class='ocrx_word' id='word_1_646' title='bbox 2864 3763 3124 3839; x_wconf 84' lang='grc' dir='ltr'>Χριστὸς,</span> <span class='ocrx_word' id='word_1_647' title='bbox 3150 3760 3246 3818; x_wconf 65' lang='grc' dir='ltr'>*ίνα</span> <span class='ocrx_word' id='word_1_648' title='bbox 3276 3762 3351 3825; x_wconf 67' lang='grc' dir='ltr'>εἷς</span> <span class='ocrx_word' id='word_1_649' title='bbox 3390 3763 3458 3818; x_wconf 76' lang='grc' dir='ltr'>τά</span> <span class='ocrx_word' id='word_1_650' title='bbox 3506 3760 3662 3834; x_wconf 80' lang='grc' dir='ltr'>ἔθνη,</span> <span class='ocrx_word' id='word_1_651' title='bbox 3705 3780 3853 3816; x_wconf 86' lang='grc' dir='ltr'>τουτ-</span> 
     </span>
    </p>
   </div>
   <div class='ocr_carea' id='block_1_86' title="bbox 2216 3847 3850 3931">
    <p class='ocr_par' dir='ltr' id='par_1_86' title="bbox 2216 3847 3850 3931">
     <span class='ocr_line' id='line_1_86' title="bbox 2216 3847 3850 3931; baseline 0.005 -28"><span class='ocrx_word' id='word_1_652' title='bbox 2216 3847 2381 3918; x_wconf 73' lang='grc' dir='ltr'>έστιν,</span> <span class='ocrx_word' id='word_1_653' title='bbox 2433 3848 2509 3912; x_wconf 85' lang='grc' dir='ltr'>εἷς</span> <span class='ocrx_word' id='word_1_654' title='bbox 2567 3848 2694 3913; x_wconf 74' lang='grc' dir='ltr'>τοὺς</span> <span class='ocrx_word' id='word_1_655' title='bbox 2748 3851 2826 3924; x_wconf 76' lang='grc' dir='ltr'>μή</span> <span class='ocrx_word' id='word_1_656' title='bbox 2886 3850 3185 3931; x_wconf 71' lang='grc' dir='ltr'>ἐχομένους</span> <span class='ocrx_word' id='word_1_657' title='bbox 3240 3856 3338 3908; x_wconf 77' lang='grc' dir='ltr'>τοῦ</span> <span class='ocrx_word' id='word_1_658' title='bbox 3394 3850 3590 3925; x_wconf 79' lang='grc' dir='ltr'>νόμου,</span> <span class='ocrx_word' id='word_1_659' title='bbox 3644 3850 3712 3907; x_wconf 74' lang='grc' dir='ltr'>τά</span> <span class='ocrx_word' id='word_1_660' title='bbox 3759 3855 3850 3918; x_wconf 75' lang='grc' dir='ltr'>τῆς</span> 
     </span>
    </p>
   </div>
   <div class='ocr_carea' id='block_1_87' title="bbox 2214 3936 3846 4019">
    <p class='ocr_par' dir='ltr' id='par_1_87' title="bbox 2214 3936 3846 4019">
     <span class='ocr_line' id='line_1_87' title="bbox 2214 3936 3846 4019; baseline 0 -26"><span class='ocrx_word' id='word_1_661' title='bbox 2214 3936 2541 4016; x_wconf 70' lang='grc' dir='ltr'>ἐπαγγελίας</span> <span class='ocrx_word' id='word_1_662' title='bbox 2569 3944 2667 3995; x_wconf 72' lang='grc' dir='ltr'>τοῦ</span> <span class='ocrx_word' id='word_1_663' title='bbox 2694 3936 2953 4017; x_wconf 80' lang='grc' dir='ltr'>Ἀϐραὰμ</span> <span class='ocrx_word' id='word_1_664' title='bbox 3001 3940 3242 4019; x_wconf 76' lang='grc' dir='ltr'>γένηται.</span> <span class='ocrx_word' id='word_1_665' title='bbox 3292 3940 3513 4014; x_wconf 73' lang='grc' dir='ltr'>Γένηται</span> <span class='ocrx_word' id='word_1_666' title='bbox 3558 3940 3617 3997; x_wconf 74' lang='grc' dir='ltr'>δὲ</span> <span class='ocrx_word' id='word_1_667' title='bbox 3661 3940 3709 3996; x_wconf 85' lang='grc' dir='ltr'>δ’</span> <span class='ocrx_word' id='word_1_668' title='bbox 3761 3938 3846 3994; x_wconf 81' lang='grc' dir='ltr'>αὖ·</span> 
     </span>
    </p>
   </div>
   <div class='ocr_carea' id='block_1_88' title="bbox 2210 4025 3847 4103">
    <p class='ocr_par' dir='ltr' id='par_1_88' title="bbox 2210 4025 3847 4103">
     <span class='ocr_line' id='line_1_88' title="bbox 2210 4025 3847 4103; baseline 0.001 -21"><span class='ocrx_word' id='word_1_669' title='bbox 2210 4032 2306 4082; x_wconf 72' lang='grc' dir='ltr'>τοῦ</span> <span class='ocrx_word' id='word_1_670' title='bbox 2336 4032 2431 4083; x_wconf 77' lang='grc' dir='ltr'>τοῦ</span> <span class='ocrx_word' id='word_1_671' title='bbox 2461 4030 2715 4101; x_wconf 69' lang='grc' dir='ltr'>Χριστοῦ.</span> <span class='ocrx_word' id='word_1_672' title='bbox 2750 4034 2874 4093; x_wconf 83' lang='grc' dir='ltr'>Πῶς</span> <span class='ocrx_word' id='word_1_673' title='bbox 2917 4028 2985 4086; x_wconf 87' lang='grc' dir='ltr'>δι’</span> <span class='ocrx_word' id='word_1_674' title='bbox 3044 4031 3253 4101; x_wconf 82' lang='grc' dir='ltr'>αὖτοῦ;</span> <span class='ocrx_word' id='word_1_675' title='bbox 3312 4028 3535 4101; x_wconf 83' lang='grc' dir='ltr'>Ἐπειδή</span> <span class='ocrx_word' id='word_1_676' title='bbox 3583 4036 3662 4103; x_wconf 80' lang='grc' dir='ltr'>τῷ</span> <span class='ocrx_word' id='word_1_677' title='bbox 3705 4025 3847 4102; x_wconf 75' lang='grc' dir='ltr'>σπέρ·</span> 
     </span>
    </p>
   </div>
   <div class='ocr_carea' id='block_1_89' title="bbox 2214 4112 3845 4197">
    <p class='ocr_par' dir='ltr' id='par_1_89' title="bbox 2214 4112 3845 4197">
     <span class='ocr_line' id='line_1_89' title="bbox 2214 4112 3845 4197; baseline -0.001 -25"><span class='ocrx_word' id='word_1_678' title='bbox 2214 4137 2344 4188; x_wconf 89' lang='grc' dir='ltr'>ματι</span> <span class='ocrx_word' id='word_1_679' title='bbox 2374 4120 2470 4173; x_wconf 80' lang='grc' dir='ltr'>τοῦ</span> <span class='ocrx_word' id='word_1_680' title='bbox 2512 4112 2766 4195; x_wconf 65' lang='grc' dir='ltr'>Ἀϐραάμ.</span> <span class='ocrx_word' id='word_1_681' title='bbox 2822 4116 3065 4176; x_wconf 72' lang='grc' dir='ltr'>δέδονται</span> <span class='ocrx_word' id='word_1_682' title='bbox 3124 4120 3177 4174; x_wconf 73' lang='grc' dir='ltr'>αἱ</span> <span class='ocrx_word' id='word_1_683' title='bbox 3237 4118 3580 4197; x_wconf 65' lang='grc' dir='ltr'>ἐπαγγελίαι,</span> <span class='ocrx_word' id='word_1_684' title='bbox 3646 4114 3845 4193; x_wconf 75' lang='grc' dir='ltr'>σπέρμα</span> 
     </span>
    </p>
   </div>
   <div class='ocr_carea' id='block_1_90' title="bbox 2213 4203 3844 4285">
    <p class='ocr_par' dir='ltr' id='par_1_90' title="bbox 2213 4203 3844 4285">
     <span class='ocr_line' id='line_1_90' title="bbox 2213 4203 3844 4285; baseline -0.002 -24"><span class='ocrx_word' id='word_1_685' title='bbox 2213 4205 2270 4261; x_wconf 72' lang='grc' dir='ltr'>δὲ</span> <span class='ocrx_word' id='word_1_686' title='bbox 2298 4206 2466 4262; x_wconf 77' lang='grc' dir='ltr'>αὐτοῦ</span> <span class='ocrx_word' id='word_1_687' title='bbox 2498 4207 2800 4283; x_wconf 79' lang='grc' dir='ltr'>ὁΧριστός.</span> <span class='ocrx_word' id='word_1_688' title='bbox 2851 4210 2913 4266; x_wconf 80' lang='grc' dir='ltr'>Ὀ</span> <span class='ocrx_word' id='word_1_689' title='bbox 2972 4209 3203 4285; x_wconf 88' lang='grc' dir='ltr'>Χριστὸς</span> <span class='ocrx_word' id='word_1_690' title='bbox 3263 4207 3356 4264; x_wconf 75' lang='grc' dir='ltr'>οὖν</span> <span class='ocrx_word' id='word_1_691' title='bbox 3411 4209 3549 4274; x_wconf 84' lang='grc' dir='ltr'>καθὸ</span> <span class='ocrx_word' id='word_1_692' title='bbox 3599 4208 3714 4264; x_wconf 76' lang='grc' dir='ltr'>ἐστι</span> <span class='ocrx_word' id='word_1_693' title='bbox 3763 4203 3844 4261; x_wconf 81' lang='grc' dir='ltr'>καὶ</span> 
     </span>
    </p>
   </div>
   <div class='ocr_carea' id='block_1_91' title="bbox 2209 4293 3846 4375">
    <p class='ocr_par' dir='ltr' id='par_1_91' title="bbox 2209 4293 3846 4375">
     <span class='ocr_line' id='line_1_91' title="bbox 2209 4293 3846 4375; baseline -0.001 -25"><span class='ocrx_word' id='word_1_694' title='bbox 2209 4301 2412 4351; x_wconf 84' lang='grc' dir='ltr'>νοεῖται</span> <span class='ocrx_word' id='word_1_695' title='bbox 2486 4295 2791 4373; x_wconf 70' lang='grc' dir='ltr'>ἄνθρωπὸς,</span> <span class='ocrx_word' id='word_1_696' title='bbox 2850 4297 3279 4372; x_wconf 76' lang='grc' dir='ltr'>κληρονομήσας</span> <span class='ocrx_word' id='word_1_697' title='bbox 3335 4299 3434 4361; x_wconf 84' lang='grc' dir='ltr'>τὰς</span> <span class='ocrx_word' id='word_1_698' title='bbox 3500 4293 3846 4375; x_wconf 79' lang='grc' dir='ltr'>ἐπαγγελίας,</span> 
     </span>
    </p>
   </div>
   <div class='ocr_carea' id='block_1_92' title="bbox 2208 4385 3845 4465">
    <p class='ocr_par' dir='ltr' id='par_1_92' title="bbox 2208 4385 3845 4465">
     <span class='ocr_line' id='line_1_92' title="bbox 2208 4385 3845 4465; baseline -0.002 -24"><span class='ocrx_word' id='word_1_699' title='bbox 2208 4390 2287 4458; x_wconf 79' lang='grc' dir='ltr'>τῷ</span> <span class='ocrx_word' id='word_1_700' title='bbox 2336 4385 2517 4459; x_wconf 81' lang='grc' dir='ltr'>λοιπῷ</span> <span class='ocrx_word' id='word_1_701' title='bbox 2572 4390 2687 4442; x_wconf 82' lang='grc' dir='ltr'>τῶν</span> <span class='ocrx_word' id='word_1_702' title='bbox 2741 4389 3038 4465; x_wconf 83' lang='grc' dir='ltr'>ἀνθρώπων</span> <span class='ocrx_word' id='word_1_703' title='bbox 3097 4387 3235 4464; x_wconf 72' lang='grc' dir='ltr'>γένει</span> <span class='ocrx_word' id='word_1_704' title='bbox 3290 4387 3489 4451; x_wconf 75' lang='grc' dir='ltr'>ταύτας</span> <span class='ocrx_word' id='word_1_705' title='bbox 3542 4385 3845 4463; x_wconf 76' lang='grc' dir='ltr'>ἐδωρήσατο</span> 
     </span>
    </p>
   </div>
   <div class='ocr_carea' id='block_1_93' title="bbox 2209 4474 3845 4553">
    <p class='ocr_par' dir='ltr' id='par_1_93' title="bbox 2209 4474 3845 4553">
     <span class='ocr_line' id='line_1_93' title="bbox 2209 4474 3845 4553; baseline -0.002 -24"><span class='ocrx_word' id='word_1_706' title='bbox 2209 4474 2515 4532; x_wconf 67' lang='grc' dir='ltr'>πιστεύοντι</span> <span class='ocrx_word' id='word_1_707' title='bbox 2575 4475 2651 4541; x_wconf 81' lang='grc' dir='ltr'>εἷς</span> <span class='ocrx_word' id='word_1_708' title='bbox 2698 4475 2879 4534; x_wconf 82' lang='grc' dir='ltr'>αὐτόν.</span> <span class='ocrx_word' id='word_1_709' title='bbox 2959 4501 2988 4529; x_wconf 87' lang='grc'>‹‹</span> <span class='ocrx_word' id='word_1_710' title='bbox 3049 4480 3165 4532; x_wconf 82' lang='grc' dir='ltr'>Ἵνα</span> <span class='ocrx_word' id='word_1_711' title='bbox 3219 4478 3320 4546; x_wconf 73' lang='grc' dir='ltr'>τὴν</span> <span class='ocrx_word' id='word_1_712' title='bbox 3388 4474 3707 4553; x_wconf 79' lang='grc' dir='ltr'>ἐπαγγελίαν</span> <span class='ocrx_word' id='word_1_713' title='bbox 3758 4474 3845 4529; x_wconf 77' lang='grc' dir='ltr'>τοῦ</span> 
     </span>
    </p>
   </div>
   <div class='ocr_carea' id='block_1_94' title="bbox 455 4561 2110 4657">
    <p class='ocr_par' dir='ltr' id='par_1_94' title="bbox 455 4582 2098 4657">
     <span class='ocr_line' id='line_1_94' title="bbox 455 4582 2098 4657; baseline 0.002 -20"><span class='ocrx_word' id='word_1_714' title='bbox 455 4584 683 4639; x_wconf 91' lang='lat' dir='ltr'>sionem</span> <span class='ocrx_word' id='word_1_715' title='bbox 715 4585 970 4657; x_wconf 87' lang='lat' dir='ltr'>Spiritus</span> <span class='ocrx_word' id='word_1_716' title='bbox 1000 4583 1427 4656; x_wconf 85' lang='lat' dir='ltr'>acciperemus.</span> <span class='ocrx_word' id='word_1_717' title='bbox 1462 4605 1487 4631; x_wconf 74' lang='grc' dir='ltr'>υ</span> <span class='ocrx_word' id='word_1_718' title='bbox 1522 4583 1589 4637; x_wconf 94' lang='lat' dir='ltr'>Ut</span> <span class='ocrx_word' id='word_1_719' title='bbox 1624 4582 1734 4637; x_wconf 91' lang='lat' dir='ltr'>hoc</span> <span class='ocrx_word' id='word_1_720' title='bbox 1762 4585 1959 4652; x_wconf 90' lang='lat' dir='ltr'>modo,</span> <span class='ocrx_word' id='word_1_721' title='bbox 2007 4587 2098 4641; x_wconf 86' lang='lat' dir='ltr'>in-</span> 
     </span>
    </p>
   </div>
   <div class='ocr_carea' id='block_1_95' title="bbox 2224 4561 3844 4657">
    <p class='ocr_par' dir='ltr' id='par_1_95' title="bbox 2224 4561 3844 4657">
     <span class='ocr_line' id='line_1_95' title="bbox 2224 4561 3844 4657; baseline -0.002 -38"><span class='ocrx_word' id='word_1_722' title='bbox 2224 4565 2521 4639; x_wconf 77' lang='grc' dir='ltr'>’Ῑνεύματος</span> <span class='ocrx_word' id='word_1_723' title='bbox 2550 4561 2832 4657; x_wconf 47' lang='grc' dir='ltr'>λάᾷυμεν.</span> <span class='ocrx_word' id='word_1_724' title='bbox 2867 4591 2896 4618; x_wconf 82' lang='lat' dir='ltr'>n</span> <span class='ocrx_word' id='word_1_725' title='bbox 2927 4568 3038 4623; x_wconf 85' lang='grc' dir='ltr'>Ἰνα</span> <span class='ocrx_word' id='word_1_726' title='bbox 3087 4570 3166 4639; x_wconf 79' lang='grc' dir='ltr'>τῷ</span> <span class='ocrx_word' id='word_1_727' title='bbox 3213 4567 3403 4643; x_wconf 84' lang='grc' dir='ltr'>τρόπῳ</span> <span class='ocrx_word' id='word_1_728' title='bbox 3450 4565 3648 4638; x_wconf 74' lang='grc' dir='ltr'>τούτῳ,</span> <span class='ocrx_word' id='word_1_729' title='bbox 3695 4561 3844 4643; x_wconf 70' lang='grc' dir='ltr'>φησὶ,</span> 
     </span>
    </p>
   </div>
   <div class='ocr_carea' id='block_1_96' title="bbox 456 4671 2096 4745">
    <p class='ocr_par' dir='ltr' id='par_1_96' title="bbox 456 4671 2096 4745">
     <span class='ocr_line' id='line_1_96' title="bbox 456 4671 2096 4745; baseline 0.002 -19"><span class='ocrx_word' id='word_1_730' title='bbox 456 4672 602 4741; x_wconf 90' lang='lat' dir='ltr'>quit,</span> <span class='ocrx_word' id='word_1_731' title='bbox 636 4672 918 4745; x_wconf 88' lang='lat' dir='ltr'>Spiritum</span> <span class='ocrx_word' id='word_1_732' title='bbox 955 4673 1380 4743; x_wconf 90' lang='lat' dir='ltr'>acciperemus.</span> <span class='ocrx_word' id='word_1_733' title='bbox 1447 4671 1598 4726; x_wconf 74' lang='lat'>140</span> <span class='ocrx_word' id='word_1_734' title='bbox 1651 4672 1883 4727; x_wconf 80' lang='lat' dir='ltr'>Etenim</span> <span class='ocrx_word' id='word_1_735' title='bbox 1931 4689 2096 4729; x_wconf 82' lang='lat' dir='ltr'>exse-</span> 
     </span>
    </p>
   </div>
   <div class='ocr_carea' id='block_1_97' title="bbox 454 4761 2095 4834">
    <p class='ocr_par' dir='ltr' id='par_1_97' title="bbox 454 4761 2095 4834">
     <span class='ocr_line' id='line_1_97' title="bbox 454 4761 2095 4834; baseline 0.004 -20"><span class='ocrx_word' id='word_1_736' title='bbox 454 4762 639 4817; x_wconf 88' lang='lat' dir='ltr'>cratio</span> <span class='ocrx_word' id='word_1_737' title='bbox 663 4765 902 4834; x_wconf 89' lang='lat' dir='ltr'>quidem</span> <span class='ocrx_word' id='word_1_738' title='bbox 933 4778 1104 4818; x_wconf 87' lang='lat' dir='ltr'>cruce</span> <span class='ocrx_word' id='word_1_739' title='bbox 1136 4762 1329 4816; x_wconf 88' lang='lat' dir='ltr'>soluta</span> <span class='ocrx_word' id='word_1_740' title='bbox 1354 4766 1444 4815; x_wconf 86' lang='lat' dir='ltr'>est</span> <span class='ocrx_word' id='word_1_741' title='bbox 1471 4778 1484 4815; x_wconf 90' lang='lat'>:</span> <span class='ocrx_word' id='word_1_742' title='bbox 1518 4777 1623 4832; x_wconf 88' lang='lat' dir='ltr'>per</span> <span class='ocrx_word' id='word_1_743' title='bbox 1671 4761 1846 4816; x_wconf 81' lang='lat' dir='ltr'>fidem</span> <span class='ocrx_word' id='word_1_744' title='bbox 1897 4770 2095 4820; x_wconf 89' lang='lat' dir='ltr'>autem</span> 
     </span>
    </p>
   </div>
   <div class='ocr_carea' id='block_1_98' title="bbox 454 4849 2098 4924">
    <p class='ocr_par' dir='ltr' id='par_1_98' title="bbox 454 4849 2098 4924">
     <span class='ocr_line' id='line_1_98' title="bbox 454 4849 2098 4924; baseline 0.005 -20"><span class='ocrx_word' id='word_1_745' title='bbox 454 4864 585 4919; x_wconf 71' lang='lat' dir='ltr'>quae</span> <span class='ocrx_word' id='word_1_746' title='bbox 609 4852 669 4906; x_wconf 92' lang='lat' dir='ltr'>in</span> <span class='ocrx_word' id='word_1_747' title='bbox 692 4853 988 4909; x_wconf 88' lang='lat' dir='ltr'>Christum</span> <span class='ocrx_word' id='word_1_748' title='bbox 1012 4857 1102 4907; x_wconf 88' lang='lat' dir='ltr'>est</span> <span class='ocrx_word' id='word_1_749' title='bbox 1121 4850 1409 4921; x_wconf 87' lang='lat' dir='ltr'>contingit</span> <span class='ocrx_word' id='word_1_750' title='bbox 1449 4849 1721 4920; x_wconf 86' lang='lat' dir='ltr'>justitia:</span> <span class='ocrx_word' id='word_1_751' title='bbox 1769 4868 1837 4906; x_wconf 81' lang='lat' dir='ltr'>ex</span> <span class='ocrx_word' id='word_1_752' title='bbox 1862 4852 2098 4924; x_wconf 89' lang='lat' dir='ltr'>justitia</span> 
     </span>
    </p>
   </div>
   <div class='ocr_carea' id='block_1_99' title="bbox 453 4938 2097 5016">
    <p class='ocr_par' dir='ltr' id='par_1_99' title="bbox 453 4938 2097 5016">
     <span class='ocr_line' id='line_1_99' title="bbox 453 4938 2097 5016; baseline 0.004 -24"><span class='ocrx_word' id='word_1_753' title='bbox 453 4953 587 4993; x_wconf 91' lang='lat' dir='ltr'>vero</span> <span class='ocrx_word' id='word_1_754' title='bbox 618 4940 838 4995; x_wconf 90' lang='lat' dir='ltr'>accitus</span> <span class='ocrx_word' id='word_1_755' title='bbox 871 4947 959 4995; x_wconf 87' lang='lat' dir='ltr'>est</span> <span class='ocrx_word' id='word_1_756' title='bbox 983 4940 1234 5011; x_wconf 88' lang='lat' dir='ltr'>Spiritus</span> <span class='ocrx_word' id='word_1_757' title='bbox 1266 4939 1620 5011; x_wconf 85' lang='lat' dir='ltr'>paracletus.</span> <span class='ocrx_word' id='word_1_758' title='bbox 1674 4938 1820 4995; x_wconf 88' lang='lat' dir='ltr'>Nam</span> <span class='ocrx_word' id='word_1_759' title='bbox 1880 4947 1937 4996; x_wconf 91' lang='lat' dir='ltr'>et</span> <span class='ocrx_word' id='word_1_760' title='bbox 1969 4944 2097 5016; x_wconf 91' lang='lat' dir='ltr'>Spi-</span> 
     </span>
    </p>
   </div>
   <div class='ocr_carea' id='block_1_100' title="bbox 452 5027 2098 5099">
    <p class='ocr_par' dir='ltr' id='par_1_100' title="bbox 452 5027 2098 5099">
     <span class='ocr_line' id='line_1_100' title="bbox 452 5027 2098 5099; baseline 0.003 -17"><span class='ocrx_word' id='word_1_761' title='bbox 452 5028 601 5083; x_wconf 90' lang='lat' dir='ltr'>ritus</span> <span class='ocrx_word' id='word_1_762' title='bbox 633 5028 693 5083; x_wconf 88' lang='lat' dir='ltr'>in</span> <span class='ocrx_word' id='word_1_763' title='bbox 723 5030 1117 5099; x_wconf 89' lang='lat' dir='ltr'>promissione</span> <span class='ocrx_word' id='word_1_764' title='bbox 1149 5034 1293 5085; x_wconf 87' lang='lat' dir='ltr'>erat.</span> <span class='ocrx_word' id='word_1_765' title='bbox 1327 5027 1588 5084; x_wconf 91' lang='lat' dir='ltr'>Dicendo</span> <span class='ocrx_word' id='word_1_766' title='bbox 1644 5029 1803 5084; x_wconf 90' lang='lat' dir='ltr'>enim</span> <span class='ocrx_word' id='word_1_767' title='bbox 1839 5047 1851 5085; x_wconf 92' lang='lat'><strong>:</strong></span> <span class='ocrx_word' id='word_1_768' title='bbox 1906 5054 1934 5082; x_wconf 93' lang='grc'>‹‹</span> <span class='ocrx_word' id='word_1_769' title='bbox 1984 5034 2098 5089; x_wconf 89' lang='lat' dir='ltr'>Per</span> 
     </span>
    </p>
   </div>
   <div class='ocr_carea' id='block_1_101' title="bbox 451 5116 2091 5191">
    <p class='ocr_par' dir='ltr' id='par_1_101' title="bbox 451 5116 2091 5191">
     <span class='ocr_line' id='line_1_101' title="bbox 451 5116 2091 5191; baseline 0.004 -20"><span class='ocrx_word' id='word_1_770' title='bbox 451 5122 508 5171; x_wconf 91' lang='lat' dir='ltr'>te</span> <span class='ocrx_word' id='word_1_771' title='bbox 540 5116 971 5173; x_wconf 86' lang='lat' dir='ltr'>benedicentur</span> <span class='ocrx_word' id='word_1_772' title='bbox 1001 5136 1209 5174; x_wconf 88' lang='lat' dir='ltr'>omnes</span> <span class='ocrx_word' id='word_1_773' title='bbox 1238 5124 1465 5190; x_wconf 88' lang='lat' dir='ltr'>gentes.</span> <span class='ocrx_word' id='word_1_774' title='bbox 1502 5140 1528 5167; x_wconf 85' lang='grc'><strong>››</strong></span> <span class='ocrx_word' id='word_1_775' title='bbox 1560 5134 1667 5190; x_wconf 89' lang='lat' dir='ltr'>per</span> <span class='ocrx_word' id='word_1_776' title='bbox 1717 5119 1966 5191; x_wconf 90' lang='lat' dir='ltr'>Spiritus</span> <span class='ocrx_word' id='word_1_777' title='bbox 1998 5139 2091 5178; x_wconf 90' lang='lat' dir='ltr'>su-</span> 
     </span>
    </p>
   </div>
   <div class='ocr_carea' id='block_1_102' title="bbox 452 5205 1730 5278">
    <p class='ocr_par' dir='ltr' id='par_1_102' title="bbox 452 5205 1730 5278">
     <span class='ocr_line' id='line_1_102' title="bbox 452 5205 1730 5278; baseline 0.002 -18"><span class='ocrx_word' id='word_1_778' title='bbox 452 5205 898 5278; x_wconf 87' lang='lat' dir='ltr'>perventionem</span> <span class='ocrx_word' id='word_1_779' title='bbox 931 5207 1203 5278; x_wconf 89' lang='lat' dir='ltr'>promisit</span> <span class='ocrx_word' id='word_1_780' title='bbox 1231 5206 1730 5263; x_wconf 88' lang='lat' dir='ltr'>benedictionem.</span> 
     </span>
    </p>
   </div>
   <div class='ocr_carea' id='block_1_103' title="bbox 1081 5306 1469 5361">
    <p class='ocr_par' dir='ltr' id='par_1_103' title="bbox 1081 5306 1469 5361">
     <span class='ocr_line' id='line_1_103' title="bbox 1081 5306 1469 5361; baseline -0.003 -1"><span class='ocrx_word' id='word_1_781' title='bbox 1081 5306 1310 5361; x_wconf 80' lang='lat' dir='ltr'>CAPUT</span> <span class='ocrx_word' id='word_1_782' title='bbox 1354 5306 1469 5360; x_wconf 89' lang='lat' dir='ltr'>VII.</span> 
     </span>
    </p>
   </div>
   <div class='ocr_carea' id='block_1_104' title="bbox 447 5403 2095 5474">
    <p class='ocr_par' dir='ltr' id='par_1_104' title="bbox 447 5403 2095 5474">
     <span class='ocr_line' id='line_1_104' title="bbox 447 5403 2095 5474; baseline 0.005 -17"><span class='ocrx_word' id='word_1_783' title='bbox 447 5403 602 5469; x_wconf 84' lang='lat' dir='ltr'>Quod</span> <span class='ocrx_word' id='word_1_784' title='bbox 630 5420 737 5458; x_wconf 87' lang='lat' dir='ltr'>non</span> <span class='ocrx_word' id='word_1_785' title='bbox 769 5419 838 5459; x_wconf 69' lang='lat' dir='ltr'>ex</span> <span class='ocrx_word' id='word_1_786' title='bbox 867 5403 981 5473; x_wconf 85' lang='lat' dir='ltr'>lege</span> <span class='ocrx_word' id='word_1_787' title='bbox 1008 5405 1117 5458; x_wconf 80' lang='lat' dir='ltr'>sint</span> <span class='ocrx_word' id='word_1_788' title='bbox 1150 5404 1307 5465; x_wconf 82' lang='lat' dir='ltr'>bona,</span> <span class='ocrx_word' id='word_1_789' title='bbox 1341 5404 1435 5459; x_wconf 82' lang='lat' dir='ltr'>sed</span> <span class='ocrx_word' id='word_1_790' title='bbox 1463 5421 1531 5457; x_wconf 67' lang='lat' dir='ltr'>ea:</span> <span class='ocrx_word' id='word_1_791' title='bbox 1556 5406 1922 5474; x_wconf 77' lang='lat' dir='ltr'>promissione</span> <span class='ocrx_word' id='word_1_792' title='bbox 1952 5426 1971 5465; x_wconf 90' lang='lat'><strong><em>:</em></strong></span> <span class='ocrx_word' id='word_1_793' title='bbox 2003 5409 2095 5466; x_wconf 70' lang='lat' dir='ltr'>lex</span> 
     </span>
    </p>
   </div>
   <div class='ocr_carea' id='block_1_105' title="bbox 650 5475 1911 5548">
    <p class='ocr_par' dir='ltr' id='par_1_105' title="bbox 650 5475 1911 5548">
     <span class='ocr_line' id='line_1_105' title="bbox 650 5475 1911 5548; baseline 0.004 -18"><span class='ocrx_word' id='word_1_794' title='bbox 650 5492 775 5531; x_wconf 78' lang='lat' dir='ltr'>vero</span> <span class='ocrx_word' id='word_1_795' title='bbox 798 5477 1184 5548; x_wconf 49' lang='lat' dir='ltr'>preparatan</span> <span class='ocrx_word' id='word_1_796' title='bbox 1213 5475 1288 5531; x_wconf 82' lang='lat' dir='ltr'>sit</span> <span class='ocrx_word' id='word_1_797' title='bbox 1310 5490 1415 5545; x_wconf 81' lang='lat' dir='ltr'>per</span> <span class='ocrx_word' id='word_1_798' title='bbox 1443 5481 1911 5546; x_wconf 78' lang='lat' dir='ltr'>redargutionem.</span> 
     </span>
    </p>
   </div>
   <div class='ocr_carea' id='block_1_106' title="bbox 516 5573 2089 5641">
    <p class='ocr_par' dir='ltr' id='par_1_106' title="bbox 516 5573 2089 5641">
     <span class='ocr_line' id='line_1_106' title="bbox 516 5573 2089 5641; baseline 0.005 -14"><span class='ocrx_word' id='word_1_799' title='bbox 516 5576 611 5638; x_wconf 83' lang='lat' dir='ltr'>Ill,</span> <span class='ocrx_word' id='word_1_800' title='bbox 676 5578 859 5630; x_wconf 75' lang='lat' dir='ltr'>l518.</span> <span class='ocrx_word' id='word_1_801' title='bbox 922 5576 1159 5641; x_wconf 59' lang='lat' dir='ltr'>Fratres,</span> <span class='ocrx_word' id='word_1_802' title='bbox 1218 5573 1517 5628; x_wconf 75' lang='lat' dir='ltr'>secundum</span> <span class='ocrx_word' id='word_1_803' title='bbox 1591 5574 1861 5631; x_wconf 78' lang='lat' dir='ltr'>hominem</span> <span class='ocrx_word' id='word_1_804' title='bbox 1947 5580 2089 5635; x_wconf 82' lang='lat' dir='ltr'>dico.</span> 
     </span>
    </p>
   </div>
   <div class='ocr_carea' id='block_1_107' title="bbox 448 5662 2093 5733">
    <p class='ocr_par' dir='ltr' id='par_1_107' title="bbox 448 5662 2093 5733">
     <span class='ocr_line' id='line_1_107' title="bbox 448 5662 2093 5733; baseline 0.003 -18"><span class='ocrx_word' id='word_1_805' title='bbox 448 5665 696 5717; x_wconf 80' lang='lat' dir='ltr'>Hominis</span> <span class='ocrx_word' id='word_1_806' title='bbox 725 5664 845 5719; x_wconf 82' lang='lat' dir='ltr'>licet</span> <span class='ocrx_word' id='word_1_807' title='bbox 876 5669 1285 5729; x_wconf 65' lang='lat' dir='ltr'>testamentum,</span> <span class='ocrx_word' id='word_1_808' title='bbox 1334 5663 1381 5715; x_wconf 81' lang='lat' dir='ltr'>si</span> <span class='ocrx_word' id='word_1_809' title='bbox 1440 5666 1618 5712; x_wconf 79' lang='lat' dir='ltr'>tamen</span> <span class='ocrx_word' id='word_1_810' title='bbox 1677 5662 1751 5715; x_wconf 65' lang='lat' dir='ltr'>sit</span> <span class='ocrx_word' id='word_1_811' title='bbox 1801 5669 2093 5733; x_wconf 79' lang='lat' dir='ltr'>conﬁrma-</span> 
     </span>
    </p>
   </div>
   <div class='ocr_carea' id='block_1_108' title="bbox 2204 4649 3838 4731">
    <p class='ocr_par' dir='ltr' id='par_1_108' title="bbox 2204 4649 3838 4731">
     <span class='ocr_line' id='line_1_108' title="bbox 2204 4649 3838 4731; baseline 0 -24"><span class='ocrx_word' id='word_1_812' title='bbox 2204 4653 2267 4708; x_wconf 88' lang='grc' dir='ltr'>τὸ</span> <span class='ocrx_word' id='word_1_813' title='bbox 2296 4658 2515 4727; x_wconf 81' lang='grc' dir='ltr'>Πνεῦμα</span> <span class='ocrx_word' id='word_1_814' title='bbox 2563 4649 2843 4726; x_wconf 76' lang='grc' dir='ltr'>λάϐωμεν.</span> <span class='ocrx_word' id='word_1_815' title='bbox 2907 4654 3005 4710; x_wconf 81' lang='grc' dir='ltr'>Καὶ</span> <span class='ocrx_word' id='word_1_816' title='bbox 3051 4656 3152 4731; x_wconf 76' lang='grc' dir='ltr'>γὰρ</span> <span class='ocrx_word' id='word_1_817' title='bbox 3211 4657 3247 4725; x_wconf 84' lang='grc' dir='ltr'>ἠ</span> <span class='ocrx_word' id='word_1_818' title='bbox 3306 4655 3399 4728; x_wconf 72' lang='grc' dir='ltr'>μὲν</span> <span class='ocrx_word' id='word_1_819' title='bbox 3436 4654 3641 4729; x_wconf 83' lang='grc' dir='ltr'>κατάρα</span> <span class='ocrx_word' id='word_1_820' title='bbox 3684 4650 3838 4715; x_wconf 72' lang='grc' dir='ltr'>ἐλύθη</span> 
     </span>
    </p>
   </div>
   <div class='ocr_carea' id='block_1_109' title="bbox 2203 4739 3840 4818">
    <p class='ocr_par' dir='ltr' id='par_1_109' title="bbox 2203 4739 3840 4818">
     <span class='ocr_line' id='line_1_109' title="bbox 2203 4739 3840 4818; baseline -0.003 -20"><span class='ocrx_word' id='word_1_821' title='bbox 2203 4747 2284 4814; x_wconf 80' lang='grc' dir='ltr'>τῷ</span> <span class='ocrx_word' id='word_1_822' title='bbox 2306 4747 2541 4817; x_wconf 78' lang='grc' dir='ltr'>σταυρῷ,</span> <span class='ocrx_word' id='word_1_823' title='bbox 2575 4740 2664 4798; x_wconf 73' lang='grc' dir='ltr'>διὰ</span> <span class='ocrx_word' id='word_1_824' title='bbox 2693 4740 2750 4799; x_wconf 75' lang='grc' dir='ltr'>δὶ</span> <span class='ocrx_word' id='word_1_825' title='bbox 2787 4750 2888 4813; x_wconf 78' lang='grc' dir='ltr'>τῆς</span> <span class='ocrx_word' id='word_1_826' title='bbox 2946 4742 3023 4808; x_wconf 84' lang='grc' dir='ltr'>εἰς</span> <span class='ocrx_word' id='word_1_827' title='bbox 3079 4744 3313 4818; x_wconf 88' lang='grc' dir='ltr'>Χριστὸν</span> <span class='ocrx_word' id='word_1_828' title='bbox 3363 4743 3595 4802; x_wconf 77' lang='grc' dir='ltr'>πίστεως</span> <span class='ocrx_word' id='word_1_829' title='bbox 3642 4739 3840 4797; x_wconf 82' lang='grc' dir='ltr'>δικαιο-</span> 
     </span>
    </p>
   </div>
   <div class='ocr_carea' id='block_1_110' title="bbox 2207 4830 3838 4907">
    <p class='ocr_par' dir='ltr' id='par_1_110' title="bbox 2207 4830 3838 4907">
     <span class='ocr_line' id='line_1_110' title="bbox 2207 4830 3838 4907; baseline -0.002 -22"><span class='ocrx_word' id='word_1_830' title='bbox 2207 4831 2334 4903; x_wconf 69' lang='grc' dir='ltr'>σύνη</span> <span class='ocrx_word' id='word_1_831' title='bbox 2367 4834 2675 4907; x_wconf 72' lang='grc' dir='ltr'>γεγὲνηταυ</span> <span class='ocrx_word' id='word_1_832' title='bbox 2729 4832 2788 4888; x_wconf 78' lang='grc' dir='ltr'>ἐκ</span> <span class='ocrx_word' id='word_1_833' title='bbox 2840 4831 2897 4889; x_wconf 70' lang='grc' dir='ltr'>δὲ</span> <span class='ocrx_word' id='word_1_834' title='bbox 2953 4830 3298 4904; x_wconf 74' lang='grc' dir='ltr'>δικαιοσύνης</span> <span class='ocrx_word' id='word_1_835' title='bbox 3355 4831 3696 4905; x_wconf 81' lang='grc' dir='ltr'>ἔπισπασμὸς</span> <span class='ocrx_word' id='word_1_836' title='bbox 3749 4831 3838 4884; x_wconf 78' lang='grc' dir='ltr'>τοῦ</span> 
     </span>
    </p>
   </div>
   <div class='ocr_carea' id='block_1_111' title="bbox 2205 4921 3833 4998">
    <p class='ocr_par' dir='ltr' id='par_1_111' title="bbox 2205 4921 3833 4998">
     <span class='ocr_line' id='line_1_111' title="bbox 2205 4921 3833 4998; baseline -0.005 -19"><span class='ocrx_word' id='word_1_837' title='bbox 2205 4922 2565 4998; x_wconf 76' lang='grc' dir='ltr'>παρακλήτου</span> <span class='ocrx_word' id='word_1_838' title='bbox 2624 4921 2957 4997; x_wconf 78' lang='grc' dir='ltr'>Πνεύματος.</span> <span class='ocrx_word' id='word_1_839' title='bbox 3044 4923 3147 4980; x_wconf 77' lang='grc' dir='ltr'>Καὶ</span> <span class='ocrx_word' id='word_1_840' title='bbox 3205 4922 3308 4998; x_wconf 73' lang='grc' dir='ltr'>γὰρ</span> <span class='ocrx_word' id='word_1_841' title='bbox 3366 4923 3456 4978; x_wconf 79' lang='grc' dir='ltr'>καὶ</span> <span class='ocrx_word' id='word_1_842' title='bbox 3506 4922 3570 4977; x_wconf 84' lang='grc' dir='ltr'>τὸ</span> <span class='ocrx_word' id='word_1_843' title='bbox 3628 4924 3833 4992; x_wconf 75' lang='grc' dir='ltr'>Πνεῦμα</span> 
     </span>
    </p>
   </div>
   <div class='ocr_carea' id='block_1_112' title="bbox 2206 5009 3835 5090">
    <p class='ocr_par' dir='ltr' id='par_1_112' title="bbox 2206 5009 3835 5090">
     <span class='ocr_line' id='line_1_112' title="bbox 2206 5009 3835 5090; baseline -0.007 -17"><span class='ocrx_word' id='word_1_844' title='bbox 2206 5013 2257 5069; x_wconf 79' lang='grc' dir='ltr'>ἐν</span> <span class='ocrx_word' id='word_1_845' title='bbox 2287 5011 2583 5087; x_wconf 72' lang='grc' dir='ltr'>ἐπαγγελίᾳ</span> <span class='ocrx_word' id='word_1_846' title='bbox 2610 5012 2699 5082; x_wconf 76' lang='grc' dir='ltr'>ἦν.</span> <span class='ocrx_word' id='word_1_847' title='bbox 2729 5015 2790 5071; x_wconf 82' lang='grc'>⁸0</span> <span class='ocrx_word' id='word_1_848' title='bbox 2820 5012 2923 5090; x_wconf 78' lang='grc' dir='ltr'>γὰρ</span> <span class='ocrx_word' id='word_1_849' title='bbox 2976 5012 3166 5081; x_wconf 77' lang='grc' dir='ltr'>εἰπὼν,</span> <span class='ocrx_word' id='word_1_850' title='bbox 3216 5012 3301 5067; x_wconf 77' lang='grc' dir='ltr'>ὅτι</span> <span class='ocrx_word' id='word_1_851' title='bbox 3351 5034 3375 5067; x_wconf 74' lang='grc' dir='ltr'>ι</span> <span class='ocrx_word' id='word_1_852' title='bbox 3440 5013 3526 5068; x_wconf 85' lang='grc' dir='ltr'>Ἐν</span> <span class='ocrx_word' id='word_1_853' title='bbox 3573 5011 3655 5066; x_wconf 78' lang='grc' dir='ltr'>σοὶ</span> <span class='ocrx_word' id='word_1_854' title='bbox 3699 5009 3835 5064; x_wconf 78' lang='grc' dir='ltr'>ἐνευ-</span> 
     </span>
    </p>
   </div>
   <div class='ocr_carea' id='block_1_113' title="bbox 2206 5097 3831 5177">
    <p class='ocr_par' dir='ltr' id='par_1_113' title="bbox 2206 5097 3831 5177">
     <span class='ocr_line' id='line_1_113' title="bbox 2206 5097 3831 5177; baseline -0.004 -20"><span class='ocrx_word' id='word_1_855' title='bbox 2206 5101 2610 5176; x_wconf 76' lang='grc' dir='ltr'>λογηθήσονται</span> <span class='ocrx_word' id='word_1_856' title='bbox 2639 5101 2706 5158; x_wconf 76' lang='grc' dir='ltr'>τὰ</span> <span class='ocrx_word' id='word_1_857' title='bbox 2732 5097 2882 5172; x_wconf 84' lang='grc' dir='ltr'>ἔθνη,</span> <span class='ocrx_word' id='word_1_858' title='bbox 2917 5125 2944 5153; x_wconf 83' lang='grc'><strong>››</strong></span> <span class='ocrx_word' id='word_1_859' title='bbox 2991 5104 3060 5176; x_wconf 82' lang='grc' dir='ltr'>τῇ</span> <span class='ocrx_word' id='word_1_860' title='bbox 3116 5104 3214 5156; x_wconf 77' lang='grc' dir='ltr'>τοῦ</span> <span class='ocrx_word' id='word_1_861' title='bbox 3270 5101 3584 5175; x_wconf 73' lang='grc' dir='ltr'>Πνεύματος</span> <span class='ocrx_word' id='word_1_862' title='bbox 3625 5098 3831 5177; x_wconf 60' lang='lat' dir='ltr'>intepet-</span> 
     </span>
    </p>
   </div>
   <div class='ocr_carea' id='block_1_114' title="bbox 2208 5188 3180 5267">
    <p class='ocr_par' dir='ltr' id='par_1_114' title="bbox 2208 5188 3180 5267">
     <span class='ocr_line' id='line_1_114' title="bbox 2208 5188 3180 5267; baseline -0.001 -19"><span class='ocrx_word' id='word_1_863' title='bbox 2208 5193 2357 5262; x_wconf 77' lang='grc' dir='ltr'>τήσει</span> <span class='ocrx_word' id='word_1_864' title='bbox 2387 5191 2486 5261; x_wconf 78' lang='grc' dir='ltr'>τὴν</span> <span class='ocrx_word' id='word_1_865' title='bbox 2515 5188 2766 5266; x_wconf 74' lang='grc' dir='ltr'>εὐλογίαν</span> <span class='ocrx_word' id='word_1_866' title='bbox 2797 5189 3180 5267; x_wconf 76' lang='grc' dir='ltr'>ἐπηγγείΛατο.</span> 
     </span>
    </p>
   </div>
   <div class='ocr_carea' id='block_1_115' title="bbox 2834 5310 3206 5368">
    <p class='ocr_par' dir='ltr' id='par_1_115' title="bbox 2834 5310 3206 5368">
     <span class='ocr_line' id='line_1_115' title="bbox 2834 5310 3206 5368; baseline 0 -2"><span class='ocrx_word' id='word_1_867' title='bbox 2834 5312 3097 5368; x_wconf 81' lang='grc' dir='ltr'><strong>ΚΕΦΑΛ.</strong></span> <span class='ocrx_word' id='word_1_868' title='bbox 3139 5310 3206 5366; x_wconf 82' lang='grc' dir='ltr'>Ζ“.</span> 
     </span>
    </p>
   </div>
   <div class='ocr_carea' id='block_1_116' title="bbox 2272 5394 3829 5473">
    <p class='ocr_par' dir='ltr' id='par_1_116' title="bbox 2272 5394 3829 5473">
     <span class='ocr_line' id='line_1_116' title="bbox 2272 5394 3829 5473; baseline -0.006 -16"><span class='ocrx_word' id='word_1_869' title='bbox 2272 5401 2393 5458; x_wconf 87' lang='grc' dir='ltr'>Ὅτι</span> <span class='ocrx_word' id='word_1_870' title='bbox 2427 5398 2619 5473; x_wconf 72' lang='grc' dir='ltr'>οὐκέκ</span> <span class='ocrx_word' id='word_1_871' title='bbox 2640 5401 2843 5473; x_wconf 81' lang='grc' dir='ltr'>νόμου,</span> <span class='ocrx_word' id='word_1_872' title='bbox 2899 5397 3027 5456; x_wconf 77' lang='grc' dir='ltr'>ἀλλ’</span> <span class='ocrx_word' id='word_1_873' title='bbox 3065 5401 3114 5470; x_wconf 78' lang='grc' dir='ltr'>εξ</span> <span class='ocrx_word' id='word_1_874' title='bbox 3174 5397 3497 5473; x_wconf 20' lang='grc' dir='ltr'>ἔπαγγελᾷίας</span> <span class='ocrx_word' id='word_1_875' title='bbox 3538 5401 3606 5454; x_wconf 79' lang='grc' dir='ltr'>τὰ</span> <span class='ocrx_word' id='word_1_876' title='bbox 3652 5394 3829 5473; x_wconf 77' lang='grc' dir='ltr'>ἀγαθά.</span> 
     </span>
    </p>
   </div>
   <div class='ocr_carea' id='block_1_117' title="bbox 2411 5468 3632 5548">
    <p class='ocr_par' dir='ltr' id='par_1_117' title="bbox 2411 5468 3632 5548">
     <span class='ocr_line' id='line_1_117' title="bbox 2411 5468 3632 5548; baseline 0 -19"><span class='ocrx_word' id='word_1_877' title='bbox 2411 5473 2472 5529; x_wconf 85' lang='grc' dir='ltr'><em>Ὀ</em></span> <span class='ocrx_word' id='word_1_878' title='bbox 2504 5468 2561 5527; x_wconf 71' lang='grc' dir='ltr'>δὲ</span> <span class='ocrx_word' id='word_1_879' title='bbox 2589 5468 2760 5545; x_wconf 81' lang='grc' dir='ltr'>νόμος</span> <span class='ocrx_word' id='word_1_880' title='bbox 2790 5468 3233 5548; x_wconf 81' lang='grc' dir='ltr'>παρασκευαστῆς</span> <span class='ocrx_word' id='word_1_881' title='bbox 3262 5468 3335 5527; x_wconf 62' lang='grc' dir='ltr'>δί⁸</span> <span class='ocrx_word' id='word_1_882' title='bbox 3373 5469 3632 5547; x_wconf 77' lang='grc' dir='ltr'>ἐλέγχου.</span> 
     </span>
    </p>
   </div>
   <div class='ocr_carea' id='block_1_118' title="bbox 2272 5573 3828 5659">
    <p class='ocr_par' dir='ltr' id='par_1_118' title="bbox 2272 5573 3828 5659">
     <span class='ocr_line' id='line_1_118' title="bbox 2272 5573 3828 5659; baseline -0.006 -22"><span class='ocrx_word' id='word_1_883' title='bbox 2272 5576 2551 5659; x_wconf 72' lang='grc' dir='ltr'>Ἀδελφοὶ,</span> <span class='ocrx_word' id='word_1_884' title='bbox 2611 5579 2746 5635; x_wconf 81' lang='grc' dir='ltr'>κατᾶ</span> <span class='ocrx_word' id='word_1_885' title='bbox 2802 5578 3086 5654; x_wconf 77' lang='grc' dir='ltr'>ἄνθρωπον</span> <span class='ocrx_word' id='word_1_886' title='bbox 3147 5578 3312 5654; x_wconf 67' lang='grc' dir='ltr'>λέγω.</span> <span class='ocrx_word' id='word_1_887' title='bbox 3381 5580 3573 5653; x_wconf 85' lang='grc' dir='ltr'>Ὅμως</span> <span class='ocrx_word' id='word_1_888' title='bbox 3624 5573 3828 5649; x_wconf 83' lang='grc' dir='ltr'>ἀνθρώ-</span> 
     </span>
    </p>
   </div>
   <div class='ocr_carea' id='block_1_119' title="bbox 2200 5662 3830 5745">
    <p class='ocr_par' dir='ltr' id='par_1_119' title="bbox 2200 5662 3830 5745">
     <span class='ocr_line' id='line_1_119' title="bbox 2200 5662 3830 5745; baseline -0.005 -20"><span class='ocrx_word' id='word_1_889' title='bbox 2200 5691 2307 5725; x_wconf 81' lang='grc' dir='ltr'>που</span> <span class='ocrx_word' id='word_1_890' title='bbox 2363 5670 2745 5745; x_wconf 74' lang='grc' dir='ltr'>κεκυρωμένην</span> <span class='ocrx_word' id='word_1_891' title='bbox 2806 5665 3071 5741; x_wconf 73' lang='grc' dir='ltr'>διαθήκην</span> <span class='ocrx_word' id='word_1_892' title='bbox 3134 5667 3312 5731; x_wconf 74' lang='grc' dir='ltr'>οὐδεὶς</span> <span class='ocrx_word' id='word_1_893' title='bbox 3370 5669 3564 5741; x_wconf 77' lang='grc' dir='ltr'>ἀθετεῖ,</span> <span class='ocrx_word' id='word_1_894' title='bbox 3632 5668 3666 5737; x_wconf 79' lang='grc' dir='ltr'>ἤ</span> <span class='ocrx_word' id='word_1_895' title='bbox 3720 5662 3830 5719; x_wconf 71' lang='grc' dir='ltr'>ἑπισ</span> 
     </span>
    </p>
   </div>
  </div>
