4128 6192
286 286 441 348 “25

1326 268 1743 344 COMMENT.
1790 277 1871 340 IN
1913 266 2157 340 EPIST.
2205 270 2319 340 AD
2364 278 2648 340 GALAT.

3544 281 3703 344 1126

294 419 655 476 διατάσσεται.
716 420 809 490 Τῷ
861 414 922 472 δὲ
985 412 1243 490 Ἀϐραὰμ
1293 415 1598 492 ἐρρήθησαν
1658 416 1714 470 αἱ
1772 415 1936 490 ἐπαγ-

2067 436 2075 469 ι
2106 423 2436 487 tum,nemo
2459 419 2782 490 rejicit,aut
2802 418 2965 474 addit
2992 417 3428 490 aliquid.Porro
3454 420 3703 477 Abrahaa

289 510 490 587 γελίαι,
522 508 724 579 καὶτῷ
764 506 1035 581 σπέρματι
1063 505 1249 564 αὐτοῦ.
1303 506 1380 562 Οὖ
1435 504 1601 581 λέγει,
1662 503 1764 561 Καὶ
1824 510 1939 566 τοῖς

290 600 616 676 σπέρμασιν,
676 597 752 658 ὡς
815 595 904 651 ἐπί
955 593 1212 664 πολλῶν,
1243 592 1373 650 ἀλλ’
1402 595 1478 658 ὡς
1510 593 1592 673 ἐφ’
1650 594 1790 657 ἐνὸς,
1847 592 1937 648 καὶ

284 694 365 763 τῷ
396 685 662 763 σπέρματί
709 706 826 754 σου,
859 686 919 747 ’ὸς
975 683 1086 740 ἐστι
1145 683 1405 759 Χριστός.
1460 686 1630 740 Τοῦτο
1682 680 1739 737 δὲ
1769 681 1937 758 λέγω,

290 776 557 849 διαθήκην
651 773 1147 851 προκεκυρωμένην
1235 774 1336 829 ὑπὸ
1441 777 1539 828 τοῦ
1651 775 1787 828 Θεοῦ
1861 769 1937 832 είς

294 869 526 943 Χριστὸν
564 910 579 938 ,
648 868 676 921 6
757 864 891 939 μετᾶ
955 858 1051 935 ἔτη
1119 863 1441 940 τετρακόσια
1496 862 1588 917 καὶ
1652 863 1940 936 τριάκοντα

294 956 538 1034 γεγονὼς
592 955 784 1027 νόμος,
863 952 963 1007 οὐκ
1051 954 1249 1028 ἀκυροῖ
1332 952 1407 1013 εἰς
1487 951 1550 1006 τὸ
1598 956 1941 1027 καταργῆσαι

294 1048 397 1116 τὴν
457 1043 805 1123 ἐπαγγελίαν.
858 1043 923 1101 Εἰ
976 1044 1080 1120 γὰρ
1143 1042 1202 1098 ἐκ
1245 1042 1418 1114 νόμου
1477 1043 1511 1111 ἡ
1568 1038 1941 1115 κληρονομία,

293 1136 396 1190 οὐκ
424 1130 502 1190 ἔτι
533 1135 581 1204 ἐξ
615 1130 965 1208 ἐπαγγελίας.
999 1135 1095 1204 Τῷ
1127 1128 1184 1186 δὲ
1217 1126 1471 1205 Ἀδραὰμ
1502 1127 1572 1184 δι’
1611 1126 1940 1205 ἐπαγγελίας

293 1227 620 1305 κεχάρισται
642 1226 671 1279 6
693 1224 843 1286 Θεός.

366 1311 588 1382 Ἐπειδή
621 1311 681 1369 ἔκ
726 1333 783 1368 τε
836 1316 945 1368 τῶν
1004 1312 1132 1387 παρ’
1188 1312 1380 1373 αὐτοῖς
1436 1309 1703 1384 σημείων,
1762 1308 1853 1364 καὶ
1882 1309 1945 1365 ἐκ

293 1411 396 1475 τῆς
423 1408 519 1459 τοῦ
550 1402 708 1478 ἁγίου
740 1401 1052 1476 Πνεῦματος
1103 1401 1529 1475 ἒπιφοιτήσεως,
1587 1399 1678 1455 καὶ
1732 1399 1793 1455 ἐκ
1844 1402 1942 1455 τοῦ

298 1494 534 1566 σταυροῦ
563 1493 659 1545 τοῦ
705 1490 958 1564 Χριστοῦ,
1016 1489 1105 1543 καὶ
1168 1488 1218 1559 ἐξ
1272 1488 1346 1542 ὧν
1396 1485 1572 1557 ἐσώθη
1607 1488 1635 1541 ὁ
1669 1481 1942 1562 Ἀϐραὰμ,

296 1577 463 1652 ἔδειξε
518 1583 615 1650 τήν
674 1578 854 1634 πίστιν
927 1577 1136 1649 σώζειν,
1188 1579 1280 1632 καὶ
1331 1576 1393 1632 οῦ
1449 1577 1542 1633 τὸν
1595 1576 1788 1650 νόμον*
1847 1580 1940 1631 νῦν

296 1668 405 1724 ἀπὸ
456 1667 796 1744 ἀνθρωπίνου
867 1663 1314 1745 παραδείγματος
1362 1665 1557 1729 αὐτοὺς
1603 1670 1785 1722 πεῖσαι
1845 1671 1942 1736 ζη-

292 1764 395 1816 τεῖ.
429 1758 499 1812 Τὸ
554 1757 677 1832 γὰρ,
742 1782 769 1808 ‹‹

283 1848 624 1921 ἀνθρώπινον
689 1845 854 1919 λόγον
906 1844 993 1901 καὶ
1054 1845 1418 1922 παράδειγμα.
1464 1845 1656 1907 Καλῶς
1691 1842 1747 1899 δὲ
1775 1841 1944 1899 ἀδελ-

297 1936 433 2017 φοὺς
490 1934 653 1992 καλεῖ
686 1983 701 2008 ,
753 1936 1019 2006 ἀνοήτους
1065 1932 1320 1996 καλέσας.
1355 1940 1445 1990 Δεῖ
1474 1935 1601 2012 γὰρ,
1661 1934 1793 1989 ποτὲ
1853 1937 1948 2007 μὲν

300 2025 656 2105 ἐπιστύφειν,
713 2024 847 2081 ποτὲ
906 2021 964 2079 δὲ
1021 2022 1355 2100 γλυκαίνειν.
1418 2047 1446 2074 ‹‹
1482 2023 1800 2099 Ἀνθρώπου
1859 2043 1951 2078 κιο

305 2115 629 2191 κυρωμὲνην
691 2112 977 2185 διαθήκην,
1014 2137 1042 2165 ››
1096 2115 1234 2188 ’Όρα
1289 2112 1343 2167 τί
1400 2110 1546 2176 θὲλει
1620 2113 1953 2167 κατασκευά-

306 2226 395 2260 σαι
429 2202 519 2258 διὰ
557 2207 656 2259 τοῦ
702 2200 1095 2279 ὑποδείγματος
1152 2206 1250 2271 τῆς
1305 2199 1594 2272 διαθήκης.
1656 2199 1955 2278 Ἐπηγγεί-

309 2291 467 2358 λατο,
499 2292 683 2373 φησὶν,
715 2298 744 2348 ὁ
773 2293 903 2354 Θεὸς
934 2297 1013 2364 τῷ
1041 2286 1313 2366 Ἀϐραὰμ,
1345 2288 1434 2345 διὰ
1488 2295 1586 2346 τοῦ
1643 2291 1952 2364 σπέρματος

304 2380 471 2438 αῧτοῦ
503 2381 844 2457 εῦλογεῖσθαι
873 2383 940 2435 τὰ
969 2379 1117 2452 ἔθνη.
1150 2378 1378 2453 Σπέρμα
1407 2377 1466 2434 δὲ
1521 2384 1618 2435 τοῦ
1678 2373 1952 2454 Ἀϐραὰμ,

301 2473 366 2527 τὸ
395 2471 533 2527 κατὰ
561 2471 732 2547 σάρκα
788 2472 817 2526 6
847 2468 1100 2545 Χριστός.
1158 2470 1220 2526 Ὀ
1252 2469 1423 2543 νόμος
1453 2465 1612 2540 ὲδὸθη
1676 2468 1812 2542 μετὰ
1857 2467 1950 2539 ἔτη

299 2560 624 2635 τετρακόσια
686 2560 1005 2640 τφιάκοντα.
1080 2559 1148 2616 Εἴ
1201 2559 1405 2629 τοίνυν,
1460 2560 1644 2638 φησὶν,
1700 2560 1729 2614 6
1785 2560 1956 2632 νόμος

304 2652 590 2729 χαρίζεται
620 2652 716 2713 τὰς
749 2649 1007 2727 εὐλογίας
1033 2652 1123 2707 καὶ
1163 2654 1262 2721 τὴν
1319 2648 1691 2723 δικαιοσύνην,
1722 2653 1757 2719 ἡ
1790 2647 1957 2726 ἔπαγ-

304 2741 472 2817 γελία
533 2743 618 2798 καὶ
681 2744 717 2812 ἡ
778 2740 1015 2813 διαθήκη
1076 2746 1173 2797 τοῦ
1225 2747 1359 2797 Θεοῦ
1417 2741 1621 2816 ἡπρὸς
1682 2734 1953 2815 Ἀϐραὰμ,

307 2831 506 2905 ἄκυρος
559 2828 809 2904 γίνεται.
874 2831 1004 2885 Εἶτα
1059 2829 1351 2903 ἀνθρώπου
1400 2830 1495 2902 μὶν
1555 2827 1822 2900 διαθήκην
1862 2829 1954 2884 οῦ-

306 2917 419 2983 δεὶς
453 2920 646 2976 ἀθετεῖ.
678 2924 773 2974 τοῦ
815 2922 950 2973 Θεοῦ
998 2915 1057 2972 δὲ
1115 2919 1403 2992 ἀκυροῦται
1460 2920 1495 2988 ἡ
1547 2915 1807 2989 διαθήκη,
1865 2918 1955 2974 καὶ

305 3014 476 3065 ταῦτα
534 3006 708 3063 πολὺν
756 3008 957 3084 χρόνον
1024 3010 1384 3082 κρατήσασα,
1448 3008 1583 3078 μετᾶ
1636 3007 1961 3081 τετρακόσια

2059 529 2078 555 ι
2107 505 2279 563 dictas
2310 514 2449 563 sunt
2468 509 2981 579 promissiones,et
3003 510 3213 564 semini
3238 510 3518 581 ejus.N0n
3537 510 3702 576 dicit,

2052 618 2080 647 ‹‹
2113 602 2182 650 Et
2210 598 2562 663 seminibus,
2587 604 2869 671 tanquam
2889 599 2960 655 de
2983 600 3321 667 multis,sed
3340 606 3620 671 tanquam
3634 603 3707 656 de

2056 706 2080 736 α
2102 702 2223 741 uno
2248 689 2346 742 :Et
2376 688 2589 743 semini
2614 695 2735 753 tuo,
2765 689 2863 759 qui
2898 695 2988 744 est
3038 690 3323 745 Christus.
3360 691 3478 745 Hoc
3510 695 3706 745 autem

2058 797 2085 824 «
2111 775 2278 831 dico:
2304 782 2728 833 testamentum
2752 784 2888 833 ante
2913 779 3362 850 comprobatum
3382 796 3417 834 a
3436 780 3555 833 Deo
3578 795 3714 851 erga

2059 883 2081 912 ι
2106 864 2524 934 Christum,lex
2539 883 2670 937 quas
2687 874 2819 939 post
2838 884 3028 923 onnos
3050 867 3601 941 quadringentos.et
3617 868 3714 922 tri-

2055 954 2271 1025 «ginta
2300 955 2622 1026 cmpit,non
2654 956 2796 1012 facit
2823 957 3415 1030 irritum,utabroget
3452 956 3709 1027 promis-

2056 1064 2083 1092 ‹‹
2118 1042 2368 1098 sionem.
2402 1046 2545 1099 Nam
2570 1045 2617 1099 si
2643 1062 2712 1101 ex
2745 1045 2871 1118 lege
2895 1053 3054 1101 esset
3075 1046 3414 1115 haereditas,
3451 1046 3709 1118 nonjam

2055 1152 2083 1181 «
2117 1147 2187 1186 ex
2214 1132 2630 1204 promissione.
2666 1135 2842 1205 Atqui
2867 1133 3112 1189 Abrahae
3134 1135 3711 1207 perpromissionem

2057 1242 2084 1269 α
2117 1220 2357 1277 donavit
2385 1223 2559 1279 Deus.
2594 1245 2623 1272 »

2126 1311 2414 1376 Quoniam
2447 1317 2505 1366 et
2536 1328 2605 1366 ex
2626 1313 2810 1386 signis
2833 1330 2963 1384 quas
2986 1312 3142 1384 apud
3168 1313 3328 1384 ipsos
3350 1314 3503 1369 facta
3520 1318 3711 1379 erant,

2057 1405 2114 1454 et
2166 1416 2235 1455 ex
2293 1400 2549 1472 Spiritus
2597 1402 2785 1457 sancti
2840 1402 3249 1467 descensione,
3295 1409 3353 1457 et
3398 1418 3468 1458 ex
3522 1409 3713 1459 morte

2054 1491 2361 1556 Christi,et
2393 1509 2462 1548 ex
2495 1509 2565 1548 eo
2592 1492 2754 1564 quod
2784 1493 3081 1549 Abraham
3114 1493 3309 1549 salvus
3338 1494 3527 1549 factus
3564 1495 3716 1550 fuis-

2059 1585 2168 1646 set,
2195 1581 2624 1638 demonstravit
2676 1583 2835 1655 quod
2893 1583 3039 1639 ﬁdes
3070 1584 3275 1649 salvet,
3311 1590 3369 1639 et
3418 1601 3539 1641 non
3566 1584 3663 1639 lex
3696 1600 3712 1639 :

2057 1686 2219 1725 nunc
2250 1671 2323 1726 ab
2354 1672 2615 1728 humano
2637 1672 2908 1744 exemplo
2939 1678 3189 1728 conatur
3217 1674 3328 1729 hoc
3374 1674 3520 1745 ipsis
3576 1691 3714 1745 per-—

826 1758 974 1814 Κατᾶ
1034 1754 1338 1831 ἄνθρωπον,
1374 1780 1402 1807 »
1460 1755 1578 1810 ἀντὶ
1633 1759 1753 1825 τοῦ,
1810 1754 1946 1809 κατὰ

2067 1759 2334 1826 suadere,
2367 1762 2512 1815 Nam
2535 1762 2694 1832 quod
2726 1763 2828 1829 ait,
2864 1784 2891 1811 ‹‹
2927 1762 3262 1817 Secundum
3310 1762 3638 1831 hominem,
3683 1785 3711 1811 ››

2063 1849 2220 1904 idem
2255 1856 2348 1905 est
2376 1850 2533 1920 quod
2568 1851 2828 1906 humano
2861 1869 3135 1907 sermone
3166 1857 3225 1907 et
3252 1854 3711 1923 exemplo.Bene

2061 1942 2260 1993 autem
2285 1945 2453 1993 vocat
2479 1938 2712 2002 fratres,
2747 1957 2896 2011 quos
2930 1940 3092 2015 prius
3123 1941 3335 1997 stultos
3375 1942 3714 2013 appellavit.

2062 2027 2306 2098 Oportet
2336 2029 2495 2083 enim
2529 2046 2687 2085 nunc
2736 2029 2977 2100 quidem
3026 2046 3235 2102 aspere
3292 2032 3717 2102 perstringere,

2062 2132 2221 2172 nunc
2253 2134 2387 2173 vero
2437 2117 2672 2173 dulcem
2705 2135 2853 2174 esse.
2888 2141 2916 2169 ‹‹
2972 2119 3243 2174 Hominis
3300 2120 3716 2174 conﬁrmatum

2062 2210 2505 2263 testamentum.
2541 2228 2567 2259 ιι
2630 2208 3045 2264 Animadverte
3078 2208 3220 2278 quid
3241 2225 3345 2279 per
3376 2208 3717 2263 testamenti

2063 2295 2401 2367 exemplum
2436 2296 2579 2351 velit
2604 2303 2896 2353 astruere.
2930 2297 3237 2362 Promisit,
3288 2297 3505 2367 inquit,
3563 2298 3720 2353 Deus

2063 2383 2335 2449 Abrahae,
2391 2384 2550 2455 quod
2578 2401 2686 2456 per
2713 2385 2900 2456 ipsius
2933 2401 3137 2440 semen
3162 2385 3547 2441 benediceret
3573 2402 3721 2453 gen-

2063 2478 2151 2527 tes
2176 2489 2190 2538 ;
2215 2490 2419 2528 semen
2437 2480 2635 2529 autem
2656 2474 3113 2547 Abrahaa,juxta
3142 2492 3383 2531 carnem
3406 2482 3494 2531 est
3522 2475 3720 2530 Chris-

2064 2568 2172 2616 tus.
2199 2564 2348 2618 I74
2372 2564 2485 2619 Lex
2506 2564 2644 2620 data
2676 2570 2766 2620 est
2812 2571 2946 2637 post
3000 2582 3191 2620 annos
3250 2566 3721 2637 quadringentos

2064 2654 2390 2724 triginta.Si
2422 2655 2602 2728 igitur
2633 2656 2745 2723 lex,
2782 2657 2998 2727 inquit,
3042 2657 3292 2712 donaret
3351 2655 3721 2710 benedictio-

2063 2758 2173 2797 nes
2203 2742 2601 2814 etjustitiam,
2636 2746 2976 2815 promissio,
3038 2762 3106 2800 ac
3165 2750 3584 2800 testamentum
3617 2743 3721 2799 Dei

2064 2832 2285 2887 factum
2309 2832 2383 2888 ad
2408 2833 2698 2888 Abiaham
2724 2833 2892 2889 irrita
2924 2834 3153 2888 ﬁerent.
3178 2833 3422 2903 Deinde,
3456 2832 3721 2888 hominis

2067 2920 2309 2991 quidem
2346 2926 2767 2976 testamentum
2801 2938 2977 2978 nemo
3008 2922 3205 2995 rejicit
3233 2929 3334 2979 aut
3365 2922 3724 2995 spernit,Dei

2067 3015 2267 3063 autem
2300 3014 2720 3065 testamentum
2752 3011 3144 3082 ﬂetiirritum,
3171 3012 3347 3083 idque
3407 3020 3723 3085 postquam

307 3096 599 3175 τριάκοντα
625 3096 745 3168 ἓτη.
797 3097 991 3172 Είγὰρ
1051 3094 1420 3173 ἐπηγγείλατο
1481 3096 1575 3167 μὲν
1634 3094 1811 3166 ἐκείνη
1871 3093 1953 3151 εῦ-

2069 3097 2255 3151 multo
2291 3103 2556 3169 tempore
2600 3098 2781 3153 robur
2838 3098 3065 3164 habuit,
3099 3116 3315 3171 nempe
3346 3107 3479 3171 post
3535 3117 3724 3157 annos

311 3187 493 3264 λογεῖν
527 3184 616 3242 διὰ
647 3191 744 3242 τοῦ
774 3190 1037 3262 Χριστοῦ,
1072 3187 1100 3242 6
1138 3183 1195 3241 δὲ
1223 3186 1390 3259 νόμος
1440 3183 1557 3241 ἀντὶ
1587 3188 1684 3239 τοῦ
1713 3187 1953 3259 Χριστοῦ

2071 3163 2537 3258 quadringentos
2566 3188 2852 3260 triginta?
2879 3189 2933 3244 Si
2962 3206 3221 3260 namque
3244 3163 3523 3261 promisit
3546 3196 3721 3247 testa-

314 3277 556 3355 εὐλογεῖ,
589 3274 690 3353 ἄρα
728 3277 1018 3351 ἀκυροῦται
1051 3279 1086 3346 ἡ
1121 3273 1355 3347 διαθήκη
1413 3279 1510 3330 τοῦ
1569 3276 1701 3329 Θεοῦ
1755 3276 1790 3344 ἡ
1824 3273 1957 3349 πρὸς

312 3362 587 3443 Ἀϐραὰμ.
649 3393 676 3419 ‹‹
737 3365 936 3429 Καλῶς
993 3364 1050 3421 δὲ
1116 3362 1491 3440 κεκυρωμένην
1559 3364 1745 3443 φησίν.
1808 3386 1837 3415 ι)
1892 3395 1962 3405 —

311 3459 579 3532 [ΦΩΤ.]
635 3458 822 3533 ’Ὀρκῳ
896 3457 1000 3532 γὰρ
1050 3455 1372 3532 ἐκεκύρωτο.
1431 3448 1702 3530 Ἀκριϐῶς
1761 3450 1819 3508 δὲ
1874 3450 1959 3522 τὰ,

312 3571 339 3597 ι(
378 3544 796 3621 Κεκυρωμένην,
834 3569 862 3596 ››
894 3543 1078 3622 φησίν.
1113 3546 1175 3601 Ἦ
1237 3545 1341 3620 γὰρ
1398 3542 1614 3615 ἅκυρες,
1668 3541 1760 3597 καὶ
1797 3562 1959 3615 μεταη

308 3634 535 3705 τίθεται,
596 3632 778 3709 ὥσπερ
828 3634 856 3688 6
903 3633 1073 3708 νόμος
1130 3632 1311 3702 αὐτὸς,
1366 3631 1442 3696 είς
1485 3631 1548 3687 τὸ
1607 3629 1961 3707 Εὐαγγὲλιον,

309 3721 801 3793 Ἐπιδιατάσσεται,
861 3724 1157 3792 τουτέστι,
1221 3719 1611 3795 Προστίθησιν.
1673 3743 1702 3772 ‹‹
1758 3720 1961 3794 Ἐῥρή-

316 3824 503 3882 θησαν.
539 3836 566 3864 ››
598 3813 735 3869 Οἷον
766 3810 1192 3886 )πηγγὲλοησαν.
1250 3836 1277 3862 ‹‹
1306 3812 1480 3867 Τοῦτο
1531 3806 1588 3865 δὲ
1644 3807 1809 3884 λέγω,
1842 3805 1960 3865 δια-

316 3903 516 3973 θήκην.
552 3925 580 3953 ››
614 3900 919 3979 Σαφηνείας
977 3901 1140 3976 χάριν
1201 3894 1577 3974 ἀναλαμϐάνει
1631 3899 1721 3953 τὸν
1774 3897 1961 3976 λόγον.

320 4014 349 4045 ιι
383 3991 519 4048 Ἀπὸ
569 3995 666 4046 τοῦ
720 3995 855 4046 Θεοῦ
912 3988 988 4052 εἷς
1029 3989 1283 4064 Χριστὸν.
1320 4013 1348 4041 ››
1410 3988 1503 4051 Εἲς
1562 3990 1795 4064 Χριστὸν
1859 3990 1964 4066 γὰρ

314 4080 446 4150 ἦνῆ
480 4076 797 4156 ἐπαγγελία.
830 4081 968 4136 Εἱπε
1015 4078 1143 4155 γὰρ,
1205 4077 1294 4133 διὰ
1347 4082 1444 4133 τοῦ
1499 4077 1807 4154 σπέρματος
1865 4078 1962 4133 αῦο

315 4174 413 4226 τοῦ
446 4169 786 4244 εὐλογεῖσθαι
842 4169 908 4223 τὰ
967 4162 1117 4240 ἔθνη.
1172 4171 1343 4223 Τοῦτο
1393 4169 1498 4243 γάρ
1555 4170 1686 4238 ἐστι,
1748 4167 1799 4223 ἐν
1855 4168 1960 4223 σοί.

318 4260 548 4332 Σπέρμα
580 4256 637 4312 δὲ
660 4260 758 4312 τοῦ
812 4251 1086 4332 Ἀϐρααμ,
1146 4256 1208 4311 τὸ
1260 4258 1396 4312 κατὰ
1452 4257 1680 4331 σάρκαὸ
1714 4256 1960 4329 Χριστός.

312 4374 342 4400 ι(
373 4349 435 4404 Ὀ
470 4348 604 4419 μετά
658 4344 751 4417 ἔτη
809 4346 1127 4421 τετρακόσια
1179 4346 1268 4401 καὶ
1324 4346 1629 4420 τριάκοντα.
1665 4367 1694 4395 n
1752 4344 1819 4402 Οἱ
1879 4364 1965 4399 τε·

315 4435 601 4512 τρακόσιοι
642 4434 932 4510 τριάκοντα
991 4434 1183 4509 χρὸνοι
1243 4435 1559 4508 συνάγονται
1609 4430 1802 4495 οὕτως·
1863 4430 1968 4486 ὰπὸ

316 4528 392 4583 οε’
424 4525 576 4589 ἔτους
610 4520 864 4601 Ἀϐραὰμ
890 4522 994 4589 ἕως
1049 4528 1095 4601 ρ’
1145 4525 1434 4605 ψηφίζεται
1481 4518 1573 4593 ἔτη
1629 4524 1723 4579 κε’.

314 4617 408 4692 ἔτη
535 4613 749 4692 Ἰακὼϐ,
782 4614 874 4690 ἔτη
910 4619 1005 4697 ίιεκ
1063 4620 1286 4696 Ἰωοὴφ,
1318 4612 1412 4690 ἔτη
1449 4618 1534 4693 pi."
1603 4615 1653 4672 ἐν
1708 4615 1970 4691 Αἰγύπτῳ

316 4707 410 4780 ἔτη
446 4706 591 4784 ρμδ’·
655 4708 816 4782 ὁμοῦ,
877 4705 969 4779 ἔτη
1034 4703 1168 4765 υλδῖ
1234 4731 1261 4760 ‹‹
1311 4707 1376 4765 Εἰ
1431 4707 1536 4782 γὰρ
1588 4706 1649 4761 ἐκ
1702 4706 1874 4778 νόμου
1932 4707 1966 4774 ἡ

315 4798 684 4874 κληρονομία.
718 4824 745 4851 n
797 4799 977 4863 Αὐτὸς
1033 4798 1165 4854 αὐτὸ
1226 4800 1594 4873 ἡρμήνευπεν.
1628 4795 1825 4871 Είγᾶρ
1881 4792 1971 4852 διὰ

316 4892 414 4945 τοῦ
444 4888 614 4962 νόμου
644 4889 929 4965 γεγένηται
962 4890 998 4957 ἡ
1052 4887 1294 4965 εὐλογία,
1326 4888 1415 4943 καὶ
1451 4889 1525 4960 μὴ
1582 4883 1673 4941 διὰ
1699 4888 1965 4959 Χριστοῦ,

319 4976 597 5047 ἡκῦρωται
638 4979 729 5033 κάὶ
787 4972 1034 5033 ἔσϐεσται
1069 4980 1103 5047 ἡ
1137 4974 1435 5053 ἐπαγγελία
1492 4975 1583 5030 καὶ
1642 4977 1677 5044 ἡ
1732 4970 1964 5045 διαθήκη

313 5071 414 5121 τοῦ
471 5072 624 5124 Θεοῦ.
685 5068 827 5122 «Δι’
890 5064 1187 5143 ἐπαγγελία
1245 5066 1589 5140 κεχάρισται.
1626 5088 1654 5114 »
1710 5065 1823 5132 Τῆν
1875 5064 1966 5118 εῦ-

313 5154 527 5232 λογίαν,
579 5152 732 5232 φησῖ,
768 5153 834 5210 δι’
884 5155 1210 5233 ἐπαγγελίας
1276 5156 1600 5229 κεχάρισται
1631 5153 1659 5207 6
1691 5152 1842 5224 Θεὸς,
1872 5153 1964 5208 καὶ

311 5246 373 5301 οὐ
406 5242 498 5301 διὰ
523 5246 718 5319 νὸμου.

2068 3282 2336 3332 mentum
2367 3276 2723 3331 benedicere
2772 3294 2879 3349 per
2926 3279 3242 3345 Christum,
3277 3278 3370 3333 lex
3424 3296 3558 3334 vero
3617 3294 3724 3351 pro

2067 3365 2297 3420 Christo
2328 3364 2815 3432 benedicit,certe
2848 3367 3080 3422 irritum
3113 3366 3384 3423 redditur
3404 3373 3730 3424 testamen-

2068 3459 2194 3510 tum
2227 3454 2355 3521 Dei,
2386 3454 2605 3510 factum
2653 3454 2728 3510 ad
2781 3455 3101 3514 Abraham.
3150 3487 3217 3498 —
3255 3480 3276 3508 α
3311 3458 3381 3512 Ει
3410 3463 3569 3513 recte
3624 3458 3726 3527 ait,

2070 3565 2099 3593 «
2118 3544 2537 3598 confirmatum
2563 3561 2575 3598 :
2598 3566 2625 3594 »
2643 3543 2936 3615 siquidem
2946 3545 3291 3617 juramento
3306 3548 3727 3603 confirmatum

2069 3638 2198 3687 erat
2222 3634 2398 3688 Recte
2430 3637 2626 3687 autem
2651 3633 2733 3688 ait
2754 3656 2781 3683 «
2807 3634 3225 3691 confirmatum
3250 3656 3264 3704 ;
3288 3658 3316 3685 »
3341 3653 3478 3691 nam
3494 3636 3551 3690 id
3570 3634 3731 3706 quod

2070 3726 2265 3777 ratum
2296 3737 2415 3776 non
2441 3727 2530 3777 est
2559 3722 2752 3778 adhuc
2781 3730 3046 3779 mutatur
3070 3741 3083 3779 :
3141 3724 3645 3795 quemadmodum
3673 3727 3734 3777 et

2069 3811 2197 3884 ipsa
2227 3811 2323 3867 lex
2354 3811 2415 3866 in
2448 3812 2850 3885 Evangelium.
2873 3808 3366 3877 Ἐπιδιατάσσεται,
3400 3812 3457 3865 id
3489 3817 3596 3877 est,
3631 3826 3733 3866 su-

2069 3902 2362 3976 peraddit.
2398 3925 2424 3953 ‹ι
2459 3902 2640 3957 Dictae
2671 3908 2829 3966 sunt,
2872 3923 2899 3951 ››
2925 3902 2982 3956 id
3015 3907 3121 3970 est,
3156 3902 3482 3973 promissae.
3521 3925 3548 3952 (ι
3610 3903 3731 3957 Hoc

2072 3998 2269 4048 autem
2304 3991 2436 4045 dico
2471 4008 2483 4045 :
2524 3996 2965 4044 testamentum.
3004 4012 3031 4039 ››
3065 3990 3493 4046 Declarationis
3545 3991 3734 4064 gratia

2070 4082 2287 4154 repetit
2316 4096 2673 4136 sermonem.
2700 4102 2727 4129 «
2762 4081 2807 4133 A
2839 4080 2957 4134 Deo
3016 4097 3151 4154 erga
3206 4080 3581 4137 Christum.»
3643 4080 3731 4136 Ad

2072 4172 2369 4226 Christum
2398 4168 2559 4223 enim
2597 4167 2874 4239 vergebat
2926 4170 3261 4240 promissio.
3296 4171 3737 4240 Dixitnamque

2073 4275 2180 4329 per
2206 4273 2410 4312 semen
2432 4256 2615 4328 ipsius
2646 4256 3084 4313 benedicendas
3115 4273 3241 4313 esse
3273 4263 3499 4330 gentes.
3534 4258 3729 4327 Siqui-

2074 4347 2208 4402 dem
2239 4346 2351 4401 hoc
2383 4345 2652 4418 designat
2709 4343 2761 4399 ἐν
2808 4344 2915 4415 σοί,
2970 4347 3029 4402 id
3077 4352 3185 4412 est,
3218 4349 3277 4402 ιή
3323 4354 3374 4402 te
3416 4346 3508 4401 vel
3530 4351 3730 4415 perte.

2075 4439 2287 4494 Semen
2309 4444 2512 4494 autem
2544 4438 2801 4495 Abrahae
2824 4441 2998 4511 juxta
3022 4456 3263 4495 carnem
3295 4444 3422 4494 erat
3461 4438 3725 4493 Christus

1782 4524 1953 4581 Ἰσαᾶκ

2070 4552 2096 4579 ‹‹
2131 4530 2268 4593 Qum
2304 4533 2434 4599 post
2480 4544 2671 4583 annos
2739 4528 3201 4601 quadringentos
3271 4534 3331 4583 et
3375 4528 3640 4602 triginta.
3700 4549 3728 4578 »

2085 4618 2510 4692 Quadringenti
2541 4626 2599 4675 et
2628 4620 2869 4691 triginta
2898 4621 3040 4675 anni
3072 4620 3184 4674 hoc
3232 4619 3408 4675 modo
3439 4618 3733 4692 colligun~

2078 4715 2203 4765 tur:
2238 4726 2274 4765 a
2304 4710 2739 4782 septuagesimo
2763 4709 2970 4780 quinto
2994 4724 3149 4763 anno
3175 4708 3424 4763 Abrahae
3444 4724 3635 4780 usque
3658 4704 3743 4764 ad

2076 4798 2470 4853 centesimum
2501 4799 2638 4869 (quo
2661 4804 2834 4853 natus
2856 4804 2945 4853 est
2976 4796 3154 4869 Isaac)
3168 4805 3562 4853 numerantur
3591 4797 3741 4854 anni’

2075 4887 2278 4960 viginti
2310 4888 2573 4958 quinque
2605 4904 2618 4954 ;
2651 4889 2813 4942 Isaac
2830 4888 2970 4942 anni
3012 4887 3319 4959 sexaginta
3355 4888 3510 4957 (cum
3546 4887 3598 4941 ei
3622 4904 3732 4943 na-

2073 4984 2170 5032 tus
2195 4981 2285 5031 est
2317 4974 2682 5043 lacob).anni
2703 4976 2879 5033 Jacob
2907 4978 3229 5049 nonaginta
3261 4977 3522 5049 quinque
3571 4978 3732 5048 (cum

2073 5065 2276 5137 genuit
2297 5065 2531 5136 Joseph)
2558 5081 2570 5119 :
2603 5067 2744 5121 anni
2769 5066 3006 5137 Joseph,
3040 5073 3278 5121 centum
3312 5066 3555 5133 decem;
3583 5066 3727 5122 anni

2075 5154 2136 5208 in
2165 5154 2408 5225 Egypto
2450 5155 2733 5210 transacti
2763 5162 3005 5211 centum
3044 5155 3435 5227 quadraginta
3476 5162 3733 5227 quatuor

2072 5245 2126 5314 (a
2154 5248 2342 5298 morte
2367 5242 2603 5313 Ioseph,
2649 5243 2834 5315 idque
2892 5245 3219 5300 secundum
3281 5245 3735 5301 translationem

310 5336 684 5410 septuaginta
714 5337 1378 5409 interpretummtpatet
1407 5333 1588 5390 Exodi
1622 5332 1978 5389 duodecimo
2011 5349 2024 5386 :
2060 5331 2237 5386 simul
2271 5332 2412 5385 anni
2444 5331 2865 5405 quadringenti
2898 5334 3214 5407 ettriginta
3245 5340 3557 5405 quatuor.«
3591 5333 3736 5386 Nam

309 5426 361 5481 si
394 5443 463 5481 ex
496 5426 624 5499 lege
654 5431 747 5481 est
774 5425 1108 5482 hereditas.
1134 5447 1161 5476 η
1198 5429 1328 5499 Ipse
1351 5425 1412 5480 id
1442 5425 1866 5495 interpretatus
1896 5426 2004 5476 est.
2038 5421 2096 5476 Si
2127 5421 2401 5492 enimper
2430 5418 2616 5492 legem
2646 5422 2805 5478 venit
2837 5421 3172 5479 benedictio
3206 5429 3264 5477 et
3293 5440 3414 5479 non
3446 5418 3733 5493 perChri-

314 5520 495 5584 stum,
515 5516 796 5591 abrogata
824 5520 883 5572 et
913 5514 1205 5571 exstincta
1233 5521 1323 5571 est
1342 5512 1661 5589 promissio
1692 5517 1751 5568 et
1772 5516 2196 5568 testamentum
2230 5509 2352 5565 Dei.
2379 5531 2408 5559 ‹‹
2454 5510 2568 5566 Per
2597 5512 3063 5583 promissionem
3091 5513 3352 5567 donavit.
3393 5534 3420 5559 »ι
3487 5506 3738 5563 Benedi-

315 5605 603 5671 ctionem,
636 5604 854 5677 inquit,
887 5621 994 5677 per
1026 5604 1486 5675 promissionem
1517 5602 1758 5658 donavit
1778 5602 1931 5657 Deus
1960 5605 2020 5657 et
2046 5617 2168 5656 non
2198 5616 2306 5672 per
2328 5599 2539 5671 legem.
