4128 6192
476 256 631 317 1127

1594 245 2002 313 (ΕΟΠΜΕΝΠ
2044 235 2360 304 ΤΒ,ΙοοΕ
2402 238 2751 303 EPISGOPI

3709 247 3846 307 “28

542 390 874 458 ΙΙΙ,19ο20.‹‹
889 387 1234 458 Quidigitur
1259 384 1352 441 lex
1370 385 1398 441 ?
1425 386 1674 456 Propter
1710 380 2124 455 transgressio-

2313 371 2373 426 Τί
2454 371 2545 427 οὖν
2619 373 2648 428 6
2746 373 2965 447 νόμοςς
3066 375 3193 431 Τῶν
3294 370 3643 449 παραϐἄσεων
3712 380 3853 453 χάριν

477 504 505 532 ‹‹
524 497 631 536 nes
648 478 845 533 addita
858 475 1182 544 fuit,donec
1204 477 1644 531 veniretsemen
1667 474 1757 531 cui
1783 473 2132 546 promissum

479 592 506 620 ‹‹
538 569 749 632 fuerat,
771 564 1042 619 ordinata
1064 582 1168 635 per
1188 566 1429 637 angelos
1452 566 1512 620 in
1546 582 1730 619 manu
1759 560 2123 619 mediatoris:

474 680 501 708 «
538 656 828 711 mediator
852 659 1051 709 autem
1083 655 1259 710 unius
1277 672 1396 710 non
1418 660 1527 722 est,
1550 660 1611 708 at
1632 655 1784 709 Deus
1805 668 1958 707 unus
1981 656 2126 706 est.»

539 875 689 941 Quid
721 876 898 948 igitur
926 875 1021 931 lex
1052 875 1079 930 ‘I
1128 878 1431 947 Tanquam
1488 892 1558 931 ex
1620 875 1955 946 objectione
2014 875 2125 931 sibi

470 964 694 1019 dictum
727 971 923 1019 esset:
957 966 1071 1019 Cur
1101 981 1238 1036 ergo
1272 965 1409 1020 data
1437 965 1531 1019 lex
1563 970 1672 1032 est,
1707 966 1753 1019 si
1800 965 1874 1020 ad
1930 965 2125 1020 heare-

471 1052 719 1108 ditatem
751 1052 1127 1108 introducere
1158 1069 1278 1108 non
1337 1058 1534 1124 potest
1561 1052 1588 1107 ?
1636 1055 1879 1124 Propter
1933 1059 2127 1109 trans-

471 1142 827 1215 gressiones.
888 1143 1013 1196 Non
1064 1142 1302 1210 frustra,
1360 1142 1573 1212 inquit,
1608 1142 1745 1198 data
1776 1147 1883 1206 est,
1918 1143 2021 1197 sed
2051 1159 2125 1197 ne

471 1232 866 1305 transgressio
901 1232 1066 1286 ﬁeret
1107 1232 1463 1303 beneplaciti
1504 1232 1626 1299 Dei,
1689 1237 1753 1287 ut
1802 1232 1891 1287 vel
1940 1248 2127 1303 pauca

475 1321 675 1393 aliqua
731 1322 948 1378 delicta
1002 1322 1364 1394 prohiberet.
1422 1323 1630 1379 τινα
1666 1322 1874 1378 Addita
1928 1309 2118 1377 fuit...

469 1411 646 1466 Recte
680 1412 763 1466 ait
791 1428 803 1465 :
838 1436 863 1461 ιι
902 1411 1115 1466 Addita
1142 1411 1271 1479 fuit,
1303 1434 1330 1461 »
1362 1418 1425 1466 ut
1455 1412 1732 1467 ostendat
1779 1412 1969 1485 legem
2004 1429 2123 1467 non

465 1512 594 1553 esse
627 1498 885 1569 primum
921 1498 1245 1569 exemplar,
1279 1498 1786 1569 quemadmodum
1818 1506 1958 1555 sunt
1988 1517 2123 1571 pro-

470 1588 810 1655 missiones,
844 1587 948 1643 sed
979 1588 1177 1643 datam
1199 1606 1271 1645 ex
1298 1589 1499 1661 aliquo
1530 1595 1665 1661 post
1700 1590 1855 1660 quod
1890 1607 2119 1645 succes-

467 1678 562 1732 sit.
598 1700 624 1727 «
661 1679 854 1732 Donec
884 1678 1130 1733 veniret.
1166 1700 1194 1728 ››
1228 1679 1339 1734 Sed
1368 1696 1487 1734 non
1545 1680 1605 1734 in
1666 1680 2118 1751 sempiternum,

2241 460 2562 535 προσετέθη,
2643 461 2804 537 ἄχρις
2873 461 2935 516 οὗ
3000 460 3131 537 ἔλθῃ
3196 462 3260 518 τὸ
3328 466 3540 541 σπέρμα
3604 465 3648 537 ᾧ
3707 465 3853 543 ἐπηγι

2239 550 2446 625 γελται,
2542 547 2811 627 διαταγεὶς
2889 548 2959 604 δι’
3039 551 3274 630 ἀγγέλου
3333 552 3383 606 ἐν
3439 553 3587 629 χειρὶ
3638 556 3855 628 μεσίτου.

2240 640 2303 696 Ὁ
2367 636 2423 694 δὲ
2494 641 2715 713 μεσίτης
2783 639 2897 703 ὲνὸς
2965 641 3065 696 οὑκ
3128 639 3270 697 ἔστιν
3304 686 3318 713 ,
3377 642 3404 696 6
3473 640 3532 697 δὲ
3604 644 3727 705 Θεὸς
3796 646 3858 707 εἷς

2239 726 2405 785 ἐστιν.

2315 894 2341 922 ‹‹
2368 869 2436 925 Τί
2469 870 2560 925 οὗν
2589 872 2618 925 6
2646 870 2816 945 νόμος
2851 891 2866 941 ;
2896 872 2986 934 Ὧς
3108 871 3423 936 ἀντιθέσεως
3462 870 3677 948 εἴρηται
3705 874 3858 946 αὐτῷ,

2240 958 2309 1016 Τί
2340 959 2431 1015 οὖν
2464 960 2493 1014 6
2518 960 2684 1033 νόμος
2726 957 2913 1031 ἐδόθη,
2970 961 3156 1035 φησὶν,
3214 960 3259 1016 εἰ
3318 966 3490 1016 σῶσαι
3521 960 3626 1016 οὐκ
3655 962 3819 1039 ἰσχύει
3847 979 3859 1031 ;

2239 1070 2270 1103 ιι
2298 1052 2409 1117 Tib,
2442 1044 2799 1124 παραϐάσεων
2846 1050 3027 1127 χάριν.
3063 1074 3091 1101 ››
3121 1050 3236 1107 Οὐκ
3264 1050 3380 1121 εἰκῆ
3445 1047 3636 1122 ἐδόθη,
3694 1051 3858 1129 φησὶν,

2236 1136 2363 1191 ἀλλ’
2399 1135 2491 1194 ἵνα
2526 1140 2601 1211 μη
2632 1133 3035 1214 παραϐαίνηται
3069 1139 3132 1194 τὸ
3159 1135 3351 1194 δοκοῦν
3378 1143 3456 1210 τῷ
3487 1144 3626 1211 Θεῷ,
3668 1137 3757 1193 ἵνα
3780 1141 3859 1194 κᾶν

2236 1223 2291 1279 ὁ)
2312 1226 2424 1300 ίγας
2450 1223 2566 1296 πλη
2578 1224 2841 1299 μμελείας
2883 1225 3097 1301 κωλύῃ.

2307 1338 2334 1366 ‹‹
2370 1314 2694 1389 [Ιροσετὲθηο
2718 1340 2745 1367 ››
2779 1314 2976 1378 Καλῶς
3008 1317 3095 1386 τὸ,
3130 1342 3157 1369 ις
3192 1318 3523 1392 ΙΙροσιτέθη,
3560 1340 3589 1368 ››
3619 1316 3710 1370 ἳνα
3732 1314 3857 1391 δείξῃ

2233 1408 2325 1463 τὸν
2354 1406 2519 1480 νόμον
2555 1408 2630 1480 μή
2665 1404 2792 1463 ὄντα
2850 1408 3236 1483 πρωτότυπον,
3295 1408 3477 1480 ὥσπερ
3542 1410 3597 1464 αἱ
3656 1408 3861 1483 ἐπαγγε-

2234 1494 2348 1551 λίαι
2407 1496 2539 1551 εἰσὶν
2574 1540 2588 1566 ,
2647 1496 2776 1552 ἀλλ’
2837 1498 2888 1568 ἐξ
2976 1498 3357 1574 ἐπιγενομένου
3426 1500 3580 1561 τινὸς
3640 1496 3859 1563 δοθέντι.

2231 1610 2260 1637 ‹‹
2294 1587 2497 1661 Ἀχρις
2522 1585 2584 1641 οὖ
2614 1585 2769 1661 ἓλθῃ.
2805 1611 2834 1639 ››
2869 1585 3029 1644 Ἀλλ’
3060 1588 3160 1643 οὐκ
3206 1587 3282 1650 εἷς
3314 1589 3642 1663 ἀπέραντον,
3691 1587 3858 1664 φησὶν,

2233 1676 2454 1749 ὁνὸμος
2512 1672 2698 1746 ἐδόθη,
2757 1674 2884 1733 ἀλλ’
2931 1678 3096 1752 ἄχρις
3144 1678 3206 1732 οὗ
3253 1670 3387 1752 ἔλθῃ
3447 1680 3477 1732 6
3538 1679 3783 1753 Χριστὸς,
3820 1678 3857 1749 ᾧ

472 1767 688 1838 inquit,
711 1767 850 1822 data
880 1773 969 1823 est
1000 1768 1114 1831 lex,
1142 1767 1242 1822 sed
1276 1769 1515 1824 interim
1548 1769 1687 1824 dum
1718 1770 1947 1824 veniret
1967 1770 2124 1824 Chri-

2235 1764 2573 1842 ἐπγςγγελται
2604 1766 2665 1820 τὸ
2726 1767 3027 1840 ἐνευλογεῖν
3085 1769 3257 1824 πάντα
3311 1770 3379 1822 τὰ
3428 1764 3584 1838 ἔθνη.
3640 1775 3862 1821 «Διατε-

473 1863 620 1918 stus,
655 1857 747 1911 cui
775 1857 1132 1928 promissum
1163 1857 1276 1912 fuit
1303 1858 1461 1929 quod
1490 1858 1869 1915 benediceret
1896 1861 2125 1933 Somnes

468 1951 692 2018 gentes.
726 1970 753 1997 «
814 1946 1096 2002 Ordinata
1153 1964 1260 2018 per
1313 1948 1574 2020 angelos.
1628 1971 1656 1997 »
1713 1950 1857 2005 Data
1915 1955 2004 2004 est
2034 1949 2127 2004 lex

472 2035 766 2102 ordinata,
791 2036 902 2091 hoc
934 2042 1042 2103 est,
1088 2037 1501 2093 administrata
1532 2044 1589 2092 et
1620 2044 1839 2094 statuta
1868 2056 1974 2111 per
2001 2055 2124 2094 me-

468 2125 596 2182 dios
634 2127 893 2199 angelos,
922 2127 982 2181 id
1015 2133 1122 2197 est,
1157 2144 1262 2198 per
1286 2129 1642 2195 sacerdotes,
1677 2138 1778 2186 aut
1833 2147 1964 2185 vere
2022 2147 2128 2202 per

468 2216 729 2288 angelos.
766 2215 831 2270 In
870 2232 1073 2286 manu,
1106 2217 1321 2287 inquit,
1348 2218 1694 2274 mediatoris
1736 2220 1873 2275 data
1901 2220 2125 2287 est,hoc

474 2310 582 2371 est,
605 2306 843 2360 Christi.
883 2306 1014 2360 Vult
1063 2307 1223 2361 enim
1283 2307 1599 2363 ostendere
1657 2315 1714 2363 et
1770 2310 1959 2381 legem
2019 2309 2126 2364 sub

472 2395 701 2451 Christo
734 2395 950 2461 datam,
996 2401 1059 2450 ut
1116 2396 1242 2467 ipse
1291 2413 1527 2468 quoque
1579 2406 1790 2469 potens
1850 2405 2005 2454 esset
2053 2399 2126 2453 ad

470 2484 841 2541 tollendum:
877 2502 1016 2541 nam
1049 2487 1099 2541 is
1132 2488 1230 2557 qui
1266 2487 1448 2553 dedit,
1484 2490 1658 2543 etiam
1694 2488 1997 2544 auferendi
2022 2506 2125 2560 po-

469 2581 741 2631 testatem
772 2576 969 2633 habet.
988 2577 1366 2633 Mediatorem
1390 2584 1589 2634 autem
1619 2586 1783 2635 vocat
1806 2579 2125 2649 Christum,

467 2683 536 2722 eo
571 2666 726 2736 quod
762 2666 1168 2721 intercesserit
1215 2668 1373 2723 inter
1427 2670 1659 2723 Patrem
1710 2675 1769 2723 et
1821 2669 2126 2724 hominem

467 2760 753 2825 tanquam
801 2754 874 2809 ad
922 2756 1268 2812 amicitiam.
1303 2763 1361 2812 et
1409 2759 1813 2813 conciliaverit
1842 2775 1947 2813 nos
1969 2757 2125 2830 apud

468 2844 782 2913 Deum,qui
814 2843 951 2898 facti
985 2861 1220 2899 eramus
1252 2846 1499 2901 inimici.
1537 2871 1563 2897 ‹‹
1598 2849 1665 2902 In
1698 2864 1877 2903 manu
1909 2847 2124 2902 media-

466 2933 631 2987 toris.
670 2954 697 2980 ››
742 2933 1117 2988 Mediatorem
1152 2936 1247 2990 hic
1277 2936 1421 2991 dicit
1462 2936 1780 3007 Christum,
1807 2938 2127 2993 ostendens

470 3022 628 3092 quod
661 3022 787 3093 ipse
847 3040 1083 3095 quoque
1135 3025 1323 3098 legem
1353 3027 1517 3097 prius
1550 3028 1799 3083 dederit.
1835 3028 2128 3083 Mediator

2230 1854 2345 1929 γεῖς
2397 1852 2467 1909 δι’
2519 1855 2782 1933 ἀγγέλου.
2844 1881 2873 1908 ››
2936 1853 3129 1927 Ἐδόθη
3188 1854 3530 1929 δεὸνόμος,
3592 1853 3861 1931 διαταγεὶς,

2230 1946 2497 2012 τουτέστι,
2557 1942 2900 2014 διαπονηθεὶς
2957 1945 3046 1999 καὶ
3106 1944 3375 2022 ἐπιταγεῖς
3427 1942 3520 2000 διὰ
3552 1946 3731 2018 μέσων
3776 1946 3864 2021 ἆγ-

2229 2030 2429 2108 γέλων,
2490 2032 2525 2102 ἢ
2566 2036 2673 2089 τῶν
2731 2029 2943 2103 ἱερέων,
2975 2033 3010 2103 ἢ
3042 2031 3212 2096 ὅντως
3272 2034 3547 2111 ἀγγέλων.
3602 2036 3690 2092 Ἐν
3734 2034 3861 2113 χειρί

2234 2123 2458 2196 μεσίτου
2503 2119 2686 2193 ἐδόθη,
2739 2123 2895 2202 φησὶ,
2953 2124 3223 2197 τουτέστι,
3255 2123 3352 2180 τοῦ
3404 2125 3670 2199 Χριστοῦ.
3727 2122 3864 2178 Θὲλεῐ

2232 2214 2336 2289 γὰρ
2368 2210 2533 2284 δείξαι
2591 2211 2680 2266 καὶ
2728 2213 2819 2267 τὸν
2870 2212 3039 2285 νόμον
3102 2213 3205 2268 ὑπὸ
3261 2214 3506 2287 Χριστοῦ
3569 2209 3861 2286 δεδομένον,

2229 2299 2319 2354 ἳνα
2375 2300 2464 2355 καὶ
2522 2304 2618 2355 τοῦ
2661 2300 2869 2356 ἀνελεῖν
2931 2301 3093 2356 αὐτὸν
3126 2322 3316 2375 mpm;
3377 2304 3630 2376 γένηται.
3665 2303 3724 2358 Ὀ
3777 2300 3863 2377 γὰρ

2233 2385 2508 2459 δεδωκὼς,
2541 2390 2629 2444 καὶ
2660 2389 2867 2446 ἀνελεῖν
2905 2388 3143 2461 ἐξουσίαν
3201 2388 3339 2466 ἔχει.
3400 2391 3633 2463 Νεσίτην
3684 2388 3738 2445 δὲ
3788 2390 3862 2447 τὸν

2231 2480 2462 2554 Χριστὸν
2491 2478 2671 2541 καλεῖ.
2705 2477 2793 2534 διὰ
2833 2481 2894 2535 τὸ
2958 2486 3261 2553 μεσιτεῦσαι
3293 2485 3373 2554 τῷ
3406 2481 3582 2556 Harp?
3634 2480 3721 2535 καὶ
3767 2486 3865 2541 τοῖς

2233 2568 2563 2643 ἀνθρώποις,
2622 2570 2740 2624 οἷον
2821 2571 2956 2644 πρὸς
3016 2568 3239 2646 φιλίαν,
3299 2571 3387 2626 mi
3440 2568 3865 2639 ἀποκαταλλάξαι

2233 2660 2380 2730 ἡμᾶς
2411 2659 2544 2733 πρὸς
2573 2659 2667 2713 τὸν
2695 2659 2843 2725 Θεὸν,
2884 2657 3464 2733 ἐκπεπολεμωμένους.
3532 2685 3559 2715 α
3594 2662 3679 2717 Ἐν
3737 2658 3864 2735 χειρὶ

2235 2746 2476 2819 μεσίτου.
2512 2772 2539 2799 ι)
2601 2749 2877 2821 [MAN]
2959 2748 3198 2816 Μεσίτην
3285 2747 3510 2804 ἐνταῦθα
3576 2749 3668 2804 τὸν
3750 2752 3865 2822 Χρι-

2233 2836 2355 2891 στόν
2383 2858 2535 2913 φησι,
2567 2835 2774 2899 δεικνὺς
2816 2838 2896 2891 ὅτι
2931 2838 3021 2891 καὶ
3077 2838 3339 2913 πρότερον
3398 2839 3491 2893 τὸν
3525 2840 3691 2912 νόμον
3722 2837 3862 2897 αὐτὸς

2232 2922 2453 2983 ἔδωκεν.
2523 2948 2543 2976 ι
2576 2927 2637 2983 Ὁ
2670 2925 2727 2981 δὲ
2788 2927 3034 2999 μεσίτης,
3094 2928 3281 3006 φησὶν,
3330 2928 3448 2990 ἑνὸς
3502 2927 3607 2983 οὐκ
3662 2925 3864 2997 ἕστιν,ὁ

2234 3011 2291 3069 δὲ
2321 3016 2448 3078 Θεὸς
2487 3018 2564 3079 εἷς
2620 3015 2784 3072 ἐστιν.
2821 3041 2848 3068 n
2910 3018 2970 3075 Ὁ
3032 3016 3276 3090 μεσίτης,
3346 3021 3505 3096 φησί,
3569 3015 3666 3073 δύο
3721 3021 3861 3071 τινῶν

472 3119 669 3168 autem
700 3113 877 3168 unius
901 3131 1019 3168 non
1044 3120 1150 3176 est.
1185 3122 1243 3170 at
1266 3117 1418 3171 Deus
1440 3135 1596 3172 unus
1628 3124 1735 3175 est.
1765 3141 1794 3168 ››
1820 3118 2119 3185 Mediator,

2236 3104 2442 3181 γίνεται
2495 3106 2743 3179 μεσίτης.
2802 3107 2959 3167 Τίνος
2998 3105 3091 3161 οὖν
3127 3106 3352 3181 μεσίτης
3400 3108 3428 3161 6
3459 3109 3697 3182 Χριστὸς
3729 3124 3742 3176 ς
3772 3116 3861 3175 Δη-

475 3201 951 3273 inquit,duorum
984 3203 1318 3275 aliquorum
1354 3206 1419 3260 ﬁt
1444 3206 1754 3263 mediator.
1777 3208 1954 3279 Cujus
1985 3224 2121 3279 ergo

485 3290 782 3346 mediator
807 3298 895 3346 est
924 3291 1192 3347 Christus
1223 3292 1250 3348 ?
1278 3294 1444 3349 Certe
1479 3301 1537 3350 et
1565 3296 1874 3351 hominum
1908 3302 1966 3351 et
2005 3296 2124 3352 Dei.

476 3378 651 3434 Vides
682 3381 977 3451 quomodo
1030 3379 1157 3452 ipse
1189 3383 1462 3438 ostendat
1519 3385 1678 3455 quod
1709 3385 1833 3456 ipse
1891 3403 2124 3457 quoque

472 3466 665 3540 legem
698 3468 946 3535 dederit,
979 3474 1038 3522 et
1068 3474 1277 3540 potens
1310 3472 1387 3525 sit
1415 3489 1650 3528 rursum
1675 3474 1852 3528 etiam
1872 3475 2127 3530 solvere?

547 3579 573 3606 α
611 3557 892 3612 Mediator
920 3562 1119 3611 autem
1168 3558 1347 3613 unius
1386 3575 1507 3615 non
1561 3568 1667 3617 est.
1725 3584 1750 3610 ››
1782 3561 1934 3617 Dicit
1989 3580 2124 3635 ergo

474 3646 632 3716 quod
682 3647 869 3701 Moses
925 3645 1169 3717 quidem
1228 3648 1516 3705 mediator
1574 3650 1757 3706 fuerit
1801 3651 1875 3706 ad
1932 3652 2120 3708 datio-

469 3752 607 3791 nem
637 3734 804 3807 legis,
830 3735 931 3791 sed
964 3736 1067 3790 uni
1100 3737 1209 3792 soli
1248 3739 1405 3809 genti
1439 3740 1730 3795 mediator
1758 3740 1869 3795 fuit
1901 3758 1912 3796 :
1949 3759 2127 3814 Opor-

473 3829 558 3881 tet
586 3832 785 3881 autem
819 3841 955 3881 eum
988 3828 1088 3898 qui
1138 3844 1270 3883 vere
1302 3829 1592 3886 mediator
1638 3831 1871 3887 futurus
1904 3838 1991 3887 est
2040 3849 2128 3887 er-

468 3930 539 3985 ga
568 3930 755 3970 unum
795 3921 973 3971 Deum
997 3918 1262 3972 omnium
1292 3921 1581 3991 gentium,
1634 3922 1820 3977 creari
1874 3939 1993 3977 non
2027 3940 2124 3977 su-

465 4017 575 4072 per
604 4003 1030 4059 mediationem
1064 4008 1241 4063 unius
1273 4010 1486 4081 gentis,
1519 4010 1620 4066 sed
1670 4013 1936 4067 omnium
1990 4029 2127 4085 gen-

469 4089 619 4143 tium
649 4108 661 4144 :
689 4092 1170 4163 quandoquidem
1194 4098 1369 4153 etiam
1396 4100 1663 4155 omnium
1683 4101 1948 4173 gentium
1971 4116 2127 4157 unus

472 4182 564 4233 est
586 4178 761 4245 Deus,
795 4179 952 4237 hunc
1011 4191 1207 4239 autem
1266 4204 1395 4242 esse
1452 4196 1682 4260 oportet
1730 4207 1851 4246 non
1900 4192 2126 4247 nudum

470 4268 799 4333 hominem,
836 4272 1029 4343 qualis
1062 4280 1186 4329 erat
1206 4277 1415 4341 Moses,
1450 4277 1553 4332 sed
1583 4280 1881 4335 Christum
1913 4282 2125 4335 Filium

473 4358 598 4427 Dei,
633 4359 735 4430 qui
766 4360 923 4415 idem
958 4362 1135 4416 simul
1169 4380 1299 4418 vere
1329 4365 1483 4421 Deus
1520 4373 1606 4422 est
1638 4374 1696 4423 et
1742 4386 1875 4425 vere
1924 4371 2122 4436 homo,

470 4453 529 4529 et
558 4449 906 4521 cognatione
935 4467 1110 4521 quam
1143 4452 1215 4506 ad
1238 4458 1559 4526 utrumque
1582 4457 1778 4527 habet,
1807 4464 2125 4529 utrumque

467 4524 529 4592 in
557 4539 750 4611 seipse
775 4541 1745 4615 conjungitmlpse»siquidemuest
1766 4566 1875 4619 pax
1898 4554 2123 4613 nostra,

473 4627 574 4697 qui
605 4629 745 4684 facit
767 4646 836 4684 ex
860 4631 1169 4703 utriusque
1198 4649 1515 4688 unum.»—
1539 4636 1767 4691 «Unius
1799 4653 1920 4691 non
1953 4643 2060 4693 est.
2099 4660 2125 4686 η

473 4716 601 4771 Non
635 4719 795 4773 enim
820 4718 934 4774 fuit
953 4720 1131 4775 unius
1152 4722 1574 4786 mediator,sed
1597 4725 1697 4779 Dei
1723 4725 2123 4782 ethominum.

475 4803 533 4858 Si
564 4812 761 4862 autem
794 4808 919 4878 ipse
953 4810 1247 4865 mediator
1268 4812 1397 4880 luit,
1432 4813 1557 4883 ipse
1590 4829 1824 4884 quoque
1858 4814 2123 4871 salvabit.

477 4912 505 4942 κ
543 4896 615 4945 At
645 4894 798 4949 Deus
829 4912 983 4952 unus
1014 4904 1121 4955 est.
1156 4922 1185 4949 ››
1220 4900 1385 4965 Quod
1409 4902 1454 4955 si
1486 4903 1730 4957 omnino
1763 4919 2007 4959 necesse
2040 4910 2129 4959 est

450 4979 862 5038 'mediatorem
896 4985 1052 5041 inter
1072 4988 1219 5044 duos
1251 4990 1482 5061 aliquos
1513 4997 1613 5046 aut
1642 4992 1843 5063 plures
1878 4993 2034 5049 inter
2063 5011 2125 5049 se

476 5068 833 5127 dissidentes
864 5089 990 5130 esse
1016 5077 1586 5148 mediatorem,Deus
1608 5086 1807 5137 autem
1838 5098 1992 5138 unus
2016 5088 2122 5151 est,

473 5158 719 5231 planum
753 5167 841 5216 est
871 5164 1027 5231 quod
1056 5165 1410 5224 interDeum
1439 5176 1497 5224 et
1517 5170 1791 5227 homines
1812 5172 2124 5228 fueritme-

475 5247 690 5311 diator,
722 5254 781 5304 et
810 5266 918 5304 nos
946 5252 1033 5306 illi
1093 5258 1516 5314 conciliaverit.
1563 5262 1616 5315 Si
1650 5261 1828 5333 igitur
1858 5262 2124 5317 Christus

473 5344 532 5392 et
561 5354 681 5393 non
714 5338 807 5394 lex
838 5342 1175 5398 conciliavit
1207 5363 1336 5411 nos,
1396 5350 1777 5405 manifestum
1822 5359 1911 5407 est
1967 5351 2124 5423 quod

469 5428 734 5484 Christus
766 5434 824 5485 et
873 5429 1021 5487 fides
1079 5432 1140 5486 in
1191 5435 1486 5492 Christum
1534 5438 1735 5503 salvat,
1769 5446 1827 5495 et
1878 5458 1997 5497 non
2029 5442 2123 5497 lex

465 5548 534 5561 ο·-
567 5519 749 5575 Aliud.
812 5521 966 5576 Deus
999 5529 1196 5578 autem
1242 5528 1460 5596 estqui
1495 5535 1551 5581 et
1603 5529 1790 5602 legem
1851 5531 2013 5585 dedit
2068 5538 2123 5586 et

468 5608 872 5681 Evangelium,
909 5619 965 5666 et
1014 5613 1305 5668 mediator
1330 5616 1439 5668 fuit
1470 5632 1535 5669 ac
1577 5619 1985 5674 reconciliavit
2012 5622 2122 5676 Pa-

2237 3192 2746 3270 λονύτιᾶνθρώπων
2776 3216 2833 3250 τε
2890 3196 2978 3251 καὶ
3037 3197 3190 3253 Θεοῦ,
3247 3197 3409 3272 Ὀρᾷς
3439 3200 3561 3258 πῶς
3620 3194 3862 3251 δείκνυσιν

2233 3281 2314 3337 ὅτι
2345 3284 2434 3338 καὶ
2487 3285 2579 3339 τὸν
2638 3284 2806 3358 νόμον
2874 3285 3038 3348 αὐτὸς
3105 3282 3295 3354 ἔδωκε,
3327 3286 3415 3340 καὶ
3472 3284 3668 3359 κύριος
3699 3283 3754 3339 ἃν
3785 3280 3859 3353 εἴη

2231 3372 2321 3427 καὶ
2357 3372 2536 3428 λύσειν
2569 3371 2770 3443 πάλιν;

2305 3563 2420 3619 «'0
2479 3559 2536 3616 δὲ
2597 3563 2821 3636 μεσίτης
2900 3563 3018 3627 ἑνὸς
3074 3563 3172 3618 οὐκ
3228 3561 3367 3618 ἔστιν
3400 3604 3413 3617 .
3474 3588 3503 3615 ››
3563 3565 3722 3639 Λὲγει
3763 3562 3864 3617 τοί-

2232 3671 2348 3721 νυν,
2407 3651 2489 3706 ὅτι
2550 3653 2758 3720 Μωσῆς
2820 3651 2914 3724 μὲν
3001 3650 3305 3724 ἐμεσίτευσε
3373 3653 3510 3727 πρὸς
3567 3655 3668 3722 τήν
3728 3650 3861 3707 δόσιν

2231 3744 2327 3794 τοῦ
2385 3740 2584 3813 νὸμου,
2651 3738 2776 3797 ἀλλ’
2832 3740 2908 3795 ἑνὶ
2972 3742 3134 3814 μὸνον
3192 3741 3532 3815 ἐμεσίτευσεν
3582 3739 3740 3799 ἔθνει.
3788 3744 3866 3794 Δεῖ

2234 3827 2290 3884 δὲ
2344 3832 2434 3887 τὸν
2492 3833 2564 3894 ὡς
2615 3831 2839 3900 ἀληθῶς
2901 3831 3176 3906 μέλλοντα
3241 3833 3537 3906 μεσιτεύειν
3600 3832 3733 3906 πρὸς
3782 3832 3862 3884 τὸν

2231 3926 2340 3983 τῶν
2410 3920 2656 3975 ἁπάντων
2729 3920 2895 3975 ἒθνῶν
2989 3914 3080 3975 ἕνα
3159 3923 3306 3989 Θεὸν,
3375 3921 3483 3998 οὐχ
3563 3923 3699 3997 ὑπὲρ
3762 3922 3864 3982 ἑνὸς

2232 4009 2416 4072 ἔθνους
2452 4054 2465 4079 ,
2519 4007 2646 4065 ἀλλ’
2716 4010 2848 4085 ὑπὲρ
2933 4009 3148 4066 πάντων
3229 4015 3388 4084 κοινῇ
3445 4013 3546 4081 τήν
3613 4010 3860 4085 μεσιτείαν

2233 4104 2587 4171 ποιήσασθαι,
2619 4097 2807 4169 ἐπειδή
2849 4100 2939 4155 καὶ
2968 4100 3183 4155 πάντων
3221 4099 3386 4164 ἐθνῶν
3447 4103 3525 4164 εἷς
3583 4100 3694 4157 ἐστι
3725 4100 3858 4160 Θεὸς.

2236 4189 2338 4262 Εἷή
2374 4186 2419 4244 δ’
2440 4188 2512 4243 ἂν
2566 4190 2747 4257 οὗτος,
2810 4186 2871 4243 οὒ
2930 4188 3093 4262 ψιλος
3141 4186 3424 4264 ἅνθρωπος
3482 4190 3599 4254 οἷος
3656 4195 3860 4256 Μωσῆς,

2235 4278 2380 4335 ἀλλὰ
2409 4279 2649 4354 Χριστὸς
2681 4279 2709 4332 6
2740 4276 2862 4338 Υἱὸς
2896 4281 2993 4332 τοῦ
3024 4282 3181 4346 Θεοῦ,
3242 4278 3369 4340 Θεὸς
3408 4298 3468 4332 τε
3525 4274 3601 4331 ὥν
3660 4278 3862 4346 ἀληθῶς

2235 4370 2262 4422 6
2295 4367 2455 4428 αὐτὸς
2482 4367 2617 4438 ἅμα,
2648 4365 2738 4421 καὶ
2771 4365 3052 4441 ἅνθρωπος
3108 4364 3351 4436 ἀληθῶς,
3410 4367 3499 4420 καὶ
3558 4371 3628 4439 τῇ
3688 4382 3859 4441 συγγε-

2232 4456 2349 4527 νείᾳ
2375 4459 2443 4530 τῇ
2475 4456 2609 4529 πρὸς
2640 4455 2912 4530 ἑκάτερον,
2969 4453 3043 4516 εἰς
3077 4452 3128 4509 ἔν
3188 4456 3431 4529 συνάγων
3490 4453 3540 4509 ἐν
3611 4456 3781 4525 ἑαυτῷ
3806 4450 3862 4506 τὰ

2162 4506 2202 4568 D
2235 4506 2875 4619 ὲᾷὲέεξέι.”ᾅᾏδζὲζξῼέι’ρ
2899 4506 3049 4598 2...;
3081 4506 3133 4613 ’ἦ
3186 4506 3395 4619 ξι*ρῆνῖ
3416 4506 3419 4507 ί
3437 4545 3620 4616 ἡμῶν,
3651 4544 3680 4598 δ
3709 4506 3859 4610 1:61:5-

2235 4654 2329 4695 σας
2354 4636 2421 4689 τὰ
2452 4635 2729 4711 ἀμφότερα
2755 4629 2827 4687 ἓν.
2875 4656 2903 4684 ››
2933 4666 3002 4674 -
3033 4656 3060 4685 ι(
3089 4632 3243 4697 Ἐνὸς
3282 4631 3380 4686 οὐκ
3410 4626 3569 4687 ἔστιν.
3607 4658 3635 4684 ››
3668 4632 3743 4689 Οὐ
3771 4629 3859 4705 γὰρ

2236 4722 2354 4782 ἑνὸς
2384 4719 2573 4795 γέγονε
2619 4717 2866 4791 μεσίτης,
2927 4716 3073 4774 ἀλλὰ
3119 4722 3253 4773 Θεοῦ
3319 4719 3409 4773 καὶ
3466 4718 3783 4793 ἀνθρώπων.
3810 4714 3859 4771 bl

2235 4811 2293 4866 6‘s
2321 4807 2482 4872 αὐτὸς
2521 4808 2849 4880 ἐμεσίτευσε,
2910 4804 3095 4885 φησῖν,
3158 4807 3316 4869 αὐτὸς
3373 4808 3461 4862 καὶ
3514 4807 3697 4864 σώσει.
3755 4804 3859 4860 «Ὁ

2235 4897 2292 4955 δὲ
2323 4899 2453 4961 Θεὸς
2484 4897 2565 4958 εἷς
2597 4894 2757 4953 ἐστιν.
2794 4922 2821 4948 υ
2856 4896 2919 4952 Εἰ
2951 4896 3042 4951 οὗν
3070 4897 3162 4950 τὸν
3222 4896 3441 4969 μεσίτην
3501 4895 3706 4972 ἀνάγκη
3739 4899 3859 4949 πᾶσε

2235 4988 2331 5045 δύο
2360 4992 2522 5042 τινῶν
2546 4986 2580 5056 ἢ
2613 4985 2701 5040 καὶ
2733 4984 3003 5041 πλειόνων
3034 4987 3169 5061 πρὸς
3214 4984 3435 5047 ἑαυτοὺς
3468 4982 3856 5062 διαφερομένων

2236 5080 2373 5134 εἶναι
2412 5074 2658 5150 μεσίτην,
2699 5075 2727 5128 6
2758 5071 2816 5129 δὲ
2845 5075 2973 5135 Θεὸς
3031 5074 3110 5137 εἷς
3162 5072 3323 5143 ἐστιν,
3377 5070 3611 5144 εὔδηλον
3661 5073 3741 5128 ὅτι
3790 5072 3858 5140 τῷ

2235 5172 2350 5239 Θεῷ
2377 5166 2467 5221 καὶ
2498 5170 2614 5229 τοῖς
2660 5164 2969 5238 ἀνθρώποις
3028 5161 3354 5237 ἐμεσίτευσε,
3422 5162 3513 5217 καὶ
3567 5158 3858 5229 ἀποκατηλ-

2234 5256 2391 5328 λαξεν
2421 5258 2568 5328 ἡμᾶς
2600 5252 2735 5328 πρὸς
2793 5250 2977 5310 αὐτόν.
3038 5251 3100 5308 Εἰ
3151 5250 3243 5307 οὖν
3274 5253 3301 5306 6
3334 5251 3568 5314 Χοιστὸς
3598 5253 3741 5324 ἡμᾶς
3781 5245 3859 5303 καὶ

2233 5346 2341 5426 οὐχ
2370 5348 2398 5401 6
2427 5345 2596 5418 νόμος
2655 5341 3125 5415 ἀποκατήλλαξεν,
3187 5338 3423 5411 εὔδηλον
3482 5343 3558 5405 ὡς
3598 5342 3625 5397 6
3652 5339 3856 5417 Χριστὸς

2230 5438 2321 5493 καὶ
2378 5438 2413 5505 ἡ
2463 5433 2538 5497 είς
2595 5431 2751 5487 αὐτόν
2808 5432 2988 5495 πίστις
3047 5432 3234 5501 σώζει,
3291 5431 3382 5487 καί
3435 5432 3544 5510 οὐχ
3602 5432 3629 5486 ὁ
3684 5430 3855 5501 νὸμος.

2231 5561 2298 5571 -
2328 5524 2528 5582 Ἀλλο.
2563 5522 2769 5598 [ΦΩΤ.]
2799 5522 2858 5579 Ὀ
2889 5518 2946 5576 δὲ
3000 5521 3134 5583 Θεὸς
3192 5518 3333 5577 ἐστιν
3363 5521 3391 5576 6
3423 5523 3511 5576 καὶ
3567 5522 3658 5576 τὸν
3703 5519 3854 5590 νόμον

2229 5617 2317 5673 καὶ
2357 5616 2419 5669 τὸ
2480 5609 2810 5689 Εταγγὲλιον
2875 5608 3022 5685 δοὺς,
3080 5611 3168 5665 καὶ
3232 5608 3547 5685 μεσιτειίσας
3606 5608 3691 5664 καὶ
3742 5607 3855 5660 ἁπο-
