4128 6192
295 304 450 365 1199

1351 305 1747 368 ΟΟΜΜΕΝΤ.
1798 306 1883 369 IN
1930 307 2177 369 EPIST.
2224 308 2336 370 AD
2381 310 2663 372 GALAT.

3552 310 3709 373 1130

288 432 638 505 καταλλάξας
685 439 769 509 τιῖι
815 434 1006 512 Πατρί.
1059 434 1347 511 Τουτιατιν
1376 440 1405 495 6
1458 436 1621 502 αύτὸς
1663 435 1837 517 ὶστιν,
1886 439 1945 503 ὃς

2060 441 2173 501 tri:
2206 443 2321 500 hoc
2348 449 2457 514 est,
2480 444 2606 517 ipse
2637 448 2729 500 est
2758 444 2859 515 qui
2894 448 2982 511 est
3035 442 3322 498 Christus.
3355 442 3708 516 Quanquam

293 522 409 582 tam
439 523 692 600 Χριστός.
726 524 792 582 Ei
820 525 923 603 γὰρ
953 526 1042 581 καὶ
1104 523 1201 583 δύο
1240 527 1307 585 τὰ
1332 600 1335 603 Α
1358 528 1769 603 μεσιτιυύμινα,
1816 527 1947 585 ἀλλ’

296 618 324 672 ὁ
361 615 588 690 μεσίτης
618 615 699 677 εἷς
728 614 894 672 ἐστιν’
930 616 1009 679 εἷς
1040 617 1144 692 γὰρ
1174 617 1263 675 καὶ
1297 618 1506 696 ὀφείλει
1537 619 1694 676 εἶναι.

367 706 429 762 ὐ
460 706 552 760 οὖν
611 706 785 780 νόμος
843 707 980 761 κατὰ
1033 711 1139 762 τῶν
1198 705 1542 783 ἐπαγγελιῶν
1608 712 1705 763 τοῦ
1762 713 1942 779 Geo-3;

294 794 386 863 Μὴ
447 793 687 869 γένοιτο.
753 793 810 849 ti
865 794 968 870 γὰρ
1037 792 1202 865 ἐδόθη
1288 795 1457 869 νόμος
1542 797 1569 851 6
1650 793 1947 868 δυνάμενος

295 888 660 953 ζωοποιῆσαι,
693 878 865 945 ὅντως
926 883 985 939 ἃν
1040 881 1099 939 ὲκ
1155 885 1330 957 νόμου
1383 885 1449 953 ἦν
1510 887 1545 955 ἡ
1606 882 1948 963 δικαιοσύνη,

291 972 442 1029 ἀλλὰ
499 974 838 1030 συνέκλεισεν
899 977 934 1044 ἡ
994 976 1181 1051 Γραφὴ
1236 976 1302 1031 τὰ
1356 976 1528 1034 πάντα
1588 976 1692 1032 ὑπὸ
1767 976 1947 1052 ἆμαρ-

258 1064 438 1134 ητίαν,
489 1061 578 1120 ’ίνα
634 1066 670 1134 ἡ
734 1062 1035 1141 ἰπαγγελία
1105 1064 1161 1121 ἐγ
1238 1085 1470 1128 πιστεως
1557 1066 1737 1145 Ἰησού
1816 1070 1947 1138 Χρι-

294 1156 425 1208 στοῦ
457 1149 597 1228 δοθῇ
621 1156 738 1215 τοῖς
765 1152 1136 1215 πιστεύουσιν.

366 1240 437 1300 Ei
493 1242 598 1319 γὰρ
630 1243 686 1297 αἱ
719 1242 813 1317 μὶν
874 1239 1201 1320 ἑπαγγελίαι
1256 1242 1555 1321 εὐλόγουν,
1600 1245 1629 1299 6
1682 1239 1739 1299 δὲ
1776 1243 1947 1319 νόμος

297 1330 727 1408 επικαταράτους
782 1337 950 1403 ποιεῖ,
1008 1332 1111 1411 ἄρα
1159 1334 1187 1389 6
1216 1333 1386 1411 νόμος
1426 1333 1562 1393 κατᾶ
1616 1337 1724 1389 τῶν
1782 1331 1947 1408 ἔπαγ-

295 1418 499 1497 γελιῶν
525 1425 621 1476 τοῦ
651 1424 783 1477 Θεοῦ
812 1417 1004 1494 ἐδόθη,
1060 1420 1356 1495 τουτέστιν,
1415 1420 1490 1484 είς
1535 1422 1598 1478 τὸ
1655 1419 1947 1496 ἐμποδίσαι

292 1510 480 1573 αὐταῖς
511 1515 607 1567 τοῦ
637 1508 961 1587 εὐλογῆσαι.
993 1512 1206 1582 Ταύτην
1262 1510 1356 1567 οὖν
1414 1511 1533 1569 λύει
1583 1512 1683 1580 τήν
1740 1510 1949 1577 ἀντίθε-

294 1620 400 1670 σιν,
435 1604 638 1662 τοῖςτε
681 1599 835 1673 ἑξῆς,
889 1601 977 1657 καὶ
1028 1604 1097 1672 τῇ
1150 1600 1530 1676 ἀπαγορεύσει·
1587 1601 1682 1670 Μὴ
1734 1600 1947 1678 γένοιτο

290 1687 984 1768 γᾶρ,φςσίν.-”Αλλως
1041 1691 1265 1765 [ΦΩΓ]¹
1309 1690 1373 1748 Ὁ
1427 1686 1520 1745 οὖν
1582 1682 1753 1761 νόμος
1813 1689 1948 1747 κατὰ

2058 532 2219 589 enim
2250 533 2366 588 duo
2398 533 2518 588 sint
2546 533 2704 588 inter
2734 548 2882 604 quos
2915 532 2982 587 fit
3003 531 3302 601 mediatio,
3334 549 3489 589 unus
3512 528 3711 590 tamen

2058 626 2148 677 est
2179 621 2489 687 mediator,
2523 629 2582 676 et
2619 638 2774 676 unus
2808 637 2935 676 esse
2966 619 3162 679 debet.

2129 712 2268 781 IIl,2
2311 754 2325 779 ,
2357 715 2390 764 2
2407 718 2478 762 .'.-
2510 713 2622 767 Lex
2646 712 2821 782 igitur
2841 728 3027 766 unum
3051 719 3140 767 est
3159 713 3437 769 adversus
3460 712 3713 783 promis-

2060 823 2084 849 α
2114 800 2310 855 siones
2332 799 2482 857 Dei?
2503 801 2685 856 Absit.
2715 801 2946 857 Etenim
2972 801 3021 856 si
3054 801 3192 857 data
3220 801 3431 858 fuisset
3459 803 3546 856 lex
3580 819 3711 873 quae

2060 913 2087 941 ‹‹
2113 892 2737 963 potuissetvivificare,
2770 909 2903 948 vere
2954 910 3022 948 ex
3044 894 3171 962 lege
3200 899 3287 949 est
3312 894 3568 965 justitia.
3603 892 3718 949 Sed

2060 1001 2089 1029 «
2122 980 2416 1036 conclusit
2468 980 2772 1055 Scriptura
2801 981 3002 1036 omnia
3043 981 3151 1035 sub
3183 989 3446 1052 peccato,
3479 987 3544 1035 ut
3574 997 3717 1053 pro-

2060 1090 2090 1119 ‹‹
2112 1069 2318 1127 missio
2341 1068 2550 1149 exlide
2570 1071 2707 1126 Jesu
2729 1070 2945 1125 Christi
2978 1068 3223 1125 daretur
3249 1067 3652 1127 credentibus.
3681 1088 3710 1122 ιι

2129 1239 2186 1295 Si
2212 1240 2373 1307 enim
2403 1239 2833 1311 promissiones
2894 1237 3345 1307 benedicebant,
3378 1238 3485 1294 lex
3519 1245 3719 1298 autem

2059 1327 2457 1386 exsecrandos
2487 1328 2628 1386 facit
2656 1346 2668 1385 :
2705 1320 2843 1402 ergo
2875 1327 2968 1383 lex
3001 1327 3282 1386 adversus
3307 1322 3718 1401 p‘romissaD'ei

2058 1406 2196 1475 data
2229 1421 2457 1486 est,boc
2483 1423 2594 1485 est,
2626 1417 2701 1475 ad
2732 1412 3178 1491 impediendum
3206 1418 3334 1490 ipsa
3363 1434 3439 1473 ne
3466 1414 3716 1475 benedi-

2057 1516 2280 1567 cerent.
2308 1511 2468 1567 Hanc
2498 1510 2697 1582 itaque
2723 1509 2867 1567 solvi
2897 1504 3317 1583 objectionem,
3353 1514 3410 1566 et
3438 1525 3545 1582 per
3574 1524 3716 1567 con-

2061 1602 2455 1673 sequentiam,
2477 1608 2534 1659 et
2564 1619 2671 1675 per
2700 1603 3075 1676 negationem
3107 1602 3380 1660 dicendo.
3421 1601 3607 1659 Absit.
3646 1632 3718 1645 —

2058 1690 2187 1745 Alio
2219 1692 2397 1747 modo.
2432 1692 2595 1748 «Lex
2646 1691 2826 1761 igitur
2856 1709 2999 1747 num
3032 1697 3122 1747 est
3149 1691 3436 1747 adversus
3458 1690 3715 1764 promis-
3804 1688 3807 1693 ⁴

284 1781 397 1832 τῶν
429 1774 775 1855 ἐπαγγελιῶν
814 1782 912 1834 τοῦ
961 1782 1139 1849 Θεοῦ;
1193 1801 1223 1832 ››
1272 1777 1569 1837 Ἀντίθεσιν
1622 1777 1761 1835 λύει.
1817 1779 1945 1853 Ἦρ-

2060 1777 2259 1849 siones
2292 1780 2444 1835 Dei?
2476 1803 2505 1831 2.
2540 1780 2955 1851 Objectionem
3010 1779 3204 1836 diluit.
3255 1780 3531 1836 Dicerent
3557 1780 3718 1836 enim

284 1886 421 1923 πασε
478 1868 607 1943 γὰρ,
658 1872 810 1946 φαῖεν
870 1865 931 1923 ἂν
1012 1888 1172 1936 τινες,
1226 1869 1255 1924 6
1310 1866 1480 1943 νόμος
1539 1867 1600 1925 τὸ
1670 1864 1948 1941 δικαίωμα

281 1961 391 2012 τῶν
424 1953 790 2034 ἐπαγγελιῶν,
822 1958 911 2013 καὶ
970 1958 1158 2034 γέγονε
1205 1962 1322 2014 κατ’
1372 1957 1570 2016 αὐτῶν.
1627 1955 1805 2012 Ἀλλὰ
1866 1957 1944 2030 μὴ

282 2047 519 2122 γενηιτο.
556 2044 620 2102 Ei
654 2045 752 2120 μὲν
784 2045 887 2123 γὰρ
944 2043 1182 2116 ἠδύνατο
1231 2050 1545 2123 ζωοποιεῖν,
1607 2044 1831 2110 εἰκότως
1886 2042 1947 2101 ἄν

279 2155 364 2200 τις
407 2134 625 2208 ἐνόμιζε
683 2135 820 2191 κατᾶ
876 2140 982 2190 τῶν
1038 2120 1384 2212 ἐπαγγελιῶν
1441 2134 1795 2205 ἐκτεσεῖσθαι,
1855 2133 1945 2190 καί

280 2224 345 2281 τὸ
374 2222 593 2279 ἐκείνων
628 2220 904 2297 δικαίωμα
947 2224 1281 2304 ὑφαρπάσαι,
1332 2224 1426 2279 an
1471 2224 1632 2279 αύτὸν
1685 2222 1946 2299 ἰσχύοντα

284 2309 594 2368 δικαιῶσαι.
628 2312 778 2370 Ἐπεὶ
822 2311 881 2368 δὶ
939 2310 1094 2369 οὐδὲν
1154 2319 1407 2369 τοιοῦτον
1456 2312 1637 2389 ἰσχύει
1692 2319 1943 2384 ποιῆσαι,

286 2398 416 2458 οὔτε
446 2407 811 2473 ζωοποιῆσαι,
845 2399 967 2458 οὔτε
991 2400 1301 2474 δικαιῶσαι,
1335 2401 1595 2475 δηλονότι
1626 2402 1724 2459 οὐκ
1778 2399 1940 2487 ἐδόθη

283 2491 423 2548 κατᾶ
474 2496 582 2549 τῶν
640 2489 1002 2569 ἒπαγγελιῶν.
1057 2491 1225 2549 Αύται
1278 2494 1383 2569 γὰρ
1440 2493 1502 2547 τὸ
1560 2492 1760 2548 οἰκεῖον
1822 2491 1943 2546 ἑπι-

287 2577 519 2652 δείξουσι
549 2577 869 2653 δικαίωμαι,
906 2581 1174 2652 σώξουσαι
1233 2580 1320 2636 καὶ
1383 2578 1683 2638 δικαιοῦσαι
1740 2580 1834 2636 τὸν
1880 2577 1943 2634 ἔκ

291 2667 547 2731 πίστεως.
586 2672 680 2725 Καί
715 2671 815 2745 δρα
874 2670 1082 2747 σοφῖαν.
1144 2675 1316 2745 ’Ὅπερ
1374 2671 1434 2724 ἂν
1487 2691 1569 2732 τις
1625 2669 1809 2740 ’ἔτερος
1865 2668 1940 2732 είς

289 2754 556 2829 διαϐολὴν
601 2762 697 2814 τοῦ
753 2759 927 2833 νόμου
986 2760 1334 2832 προήνεγκεν.
1394 2755 1478 2816 ὅτι
1534 2759 1595 2813 ού
1653 2764 1936 2830 ζωοποιεῖ,

289 2843 416 2902 οὐδὲ
446 2846 671 2917 δικαιοῖ,
701 2851 862 2902 τοῦτο
893 2845 1055 2907 αὐτὸς
1114 2847 1189 2909 είς
1236 2843 1541 2925 ἀπολογίαν
1588 2845 1938 2923 ἐγκλήματος

286 2938 374 2992 καὶ
404 2936 480 3000 εἷς
513 2937 789 3012 ὲγκώμιον
816 2938 1197 3008 συνεστήσατο.
1233 2937 1329 2992 Διὰ
1357 2941 1520 2992 τοῦτο
1571 2937 1697 3013 γὰρ,
1749 2938 1938 3015 φησὶν,

289 3028 317 3084 6
348 3027 520 3101 νόμος
554 3026 615 3082 ού
646 3025 838 3102 γέγονε
892 3026 1028 3082 κατᾶ
1076 3027 1184 3082 τῶν
1244 3025 1606 3103 ἐπαγγελιῶν,
1660 3027 1742 3082 ὅτι
1805 3024 1940 3101 μηδὶ

289 3118 481 3188 σώζειν
518 3113 658 3189 μηδὲ
688 3113 930 3172 δικαιοῦν
962 3113 1202 3191 ἴσχυσεν.
1237 3116 1316 3172 Οὐ
1360 3116 1521 3189 μόνον
1557 3114 1612 3170 δὲ
1645 3116 1709 3170 οὐ
1748 3113 1940 3191 γέγονε

288 3207 406 3263 κατ’
464 3205 656 3277 αὐτῶν,
714 3203 861 3260 ἀλλᾶ
915 3224 979 3281 γε
1031 3204 1233 3277 τρόπον
1292 3203 1411 3259 τινα
1481 3203 1571 3259 καὶ
1631 3206 1940 3281 συνήργησε

288 3294 383 3351 καὶ
441 3294 816 3370 ύπηρετήσατο
893 3293 1100 3357 αύταῖς’
1163 3294 1242 3349 Δι’
1298 3292 1372 3347 ὧν
1425 3294 1529 3371 γὰρ
1584 3293 1686 3349 ούκ
1741 3289 1936 3350 ἔσωσεν

292 3382 418 3439 οὐδὲ
473 3379 797 3453 ἒδικαίωςεν,
852 3380 939 3436 ἐπὶ
995 3383 1094 3451 τήν
1155 3382 1334 3437 πίστιν
1412 3386 1741 3460 καταφυγεῖν
1798 3402 1940 3458 προ·

290 3475 573 3548 ετρέψατο,
604 3472 681 3527 Δι’
729 3472 804 3527 ὧν
853 3469 909 3527 δὲ
957 3470 1044 3527 ἐπὶ
1101 3472 1203 3541 τὴν
1263 3478 1438 3526 πίστιν
1497 3468 1789 3542 συνήλασε,
1845 3470 1940 3534 τὰς

288 3556 620 3640 ἔπαγγελίας
674 3559 1030 3631 τελειωθῆναι
1089 3560 1601 3637 συγκατειργάσατο.
1657 3584 1685 3612 ‹‹
1732 3560 1793 3616 Εἰ
1839 3559 1939 3637 γὰρ

289 3648 453 3720 εδόθη
483 3651 656 3727 νόμος
686 3652 715 3706 ὁ
749 3648 1043 3725 δυνάμενος
1077 3656 1440 3720 ζωοποιῆσαι,
1483 3674 1509 3701 »ι
1563 3649 1624 3707 Εἰ
1677 3650 1770 3722 μὲν
1815 3651 1941 3724 γάρ,

291 3742 477 3823 Ῡησῖν,
508 3742 536 3797 6
568 3740 744 3815 νόμος
776 3740 923 3816 εἶχεν
960 3740 1115 3816 ἰσχὺν
1143 3743 1240 3796 τοῦ
1270 3744 1486 3812 σώζειν,
1526 3738 1655 3796 οὐδὲ
1683 3740 1847 3819 χρεία
1875 3741 1941 3809 ἧν

290 3838 391 3901 τῆς
422 3830 674 3893 πίστεως.
707 3829 884 3889 Ἀλλᾶ
914 3828 1007 3885 διὰ
1046 3835 1209 3887 τοῦτο
1265 3831 1365 3886 οὐκ
1420 3826 1613 3906 {quas
1666 3835 1947 3900 ζωοποιῆ-

295 3940 406 3988 σαι,
461 3917 614 3990 ’ίναή
647 3922 835 3982 πίστις
889 3920 1076 3996 χώραν
1134 3915 1301 3994 λάϐῃ,
1360 3917 1509 3988 πλὴν
1566 3918 1647 3974 ὅτι
1707 3919 1941 3995 προεκᾶ-

297 4007 569 4083 θαιρεκαὶ
601 4006 920 4082 προωδήγει
976 4005 1333 4083 παιδαγωγοῦ
1380 4005 1560 4078 δίκην,
1607 4006 1696 4062 καὶ
1749 4027 1943 4084 χωρη-

290 4097 478 4160 τικοὺς
524 4099 672 4170 ἡμᾶς
731 4093 980 4152 ἀπετέλει
1045 4097 1135 4153 καὶ
1193 4094 1474 4159 δεκτικοὺς
1530 4102 1632 4165 τῆς
1688 4097 1943 4160 πίστεως,

293 4186 419 4246 ΙΙῶς
453 4184 544 4241 οὗν
576 4184 713 4241 κατὰ
767 4188 872 4239 τῶν
942 4177 1280 4259 ἴπαγγελιῶν
1332 4188 1429 4239 τοῦ
1486 4186 1619 4239 Θεοῦ
1651 4185 1679 4239 6
1709 4182 1944 4261 προοδο-

291 4277 466 4330 ποιῶν
497 4278 616 4334 ταῖς
644 4270 1004 4348 ἐπαγγελίαις
1030 4291 1044 4342 ;
1079 4272 1155 4330 Ού
1185 4271 1358 4327 τοίννν
1412 4270 1773 4348 ἐνδεχόμενον
1823 4268 1948 4328 ούδὶ

293 4360 545 4437 εὔλογον,
583 4361 666 4417 λη’
695 4357 960 4436 ἀναιρέσει
1011 4366 1116 4417 τῶν
1176 4360 1439 4436 εύλογιῶν
1486 4358 1738 4425 δεδόσθαι
1787 4360 1945 4439 φάναι

290 4455 384 4510 τὸν
418 4452 611 4525 νόμον,
645 4476 673 4504 (ι
705 4445 872 4512 ὅντως
902 4454 962 4505 ἄν
1011 4450 1071 4506 lx
1123 4451 1295 4524 νόμου
1344 4453 1409 4521 ἦν
1452 4453 1486 4520 ἡ
1534 4447 1871 4521 δικαιοσύνη.
1911 4474 1938 4502 ››

2062 1869 2303 1942 quidam
2322 1870 2479 1942 quod
2498 1870 2590 1926 lex
2616 1870 2943 1944 abripuerit
2957 1869 3447 1943 justiﬂcationem
3472 1869 3722 1941 promis-

2063 1960 2387 2021 sionum.et
2411 1959 2591 2016 fuerit
2619 1961 2903 2019 adversus
2933 1960 3089 2017 illas.
3124 1959 3234 2017 Sed
3266 1960 3439 2017 absit.
3487 1960 3720 2017 Etenim

2061 2048 2110 2105 si
2142 2050 2433 2122 potuisset
2454 2051 2766 2117 viviﬁcare,
2800 2051 3011 2107 merito
3043 2055 3250 2123 putare
3283 2054 3485 2121 posset
3503 2049 3721 2120 aliquis

2060 2138 2217 2213 quod
2278 2138 2557 2195 adversus
2613 2137 3045 2211 promissiones
3099 2139 3425 2194 constitula
3479 2134 3715 2207 fuisset,

2059 2226 2383 2299 etillarum
2420 2227 2910 2299 justilicationem
2964 2226 3379 2300 subi-ipuisset,
3432 2231 3718 2298 tanquam

2058 2304 2186 2387 ipsa
2217 2321 2427 2388 potens
2449 2315 3022 2387 justiﬁcare.Verum
3036 2315 3317 2385 quoniam
3342 2312 3715 2387 nihil‘hujus-

2059 2404 2220 2460 modi
2250 2404 2443 2460 facere
2474 2411 2670 2475 potest
2699 2420 2893 2475 neque
2925 2403 3239 2470 vivili'care,
3266 2418 3460 2476 neque
3484 2403 3711 2476 justiﬁ-

2056 2497 2379 2556 care,certe
2412 2508 2531 2545 non
2558 2496 2646 2546 est
2677 2489 2814 2547 data
2843 2490 3125 2546 adversus
3155 2492 3712 2563 promissionesﬂaa

2055 2580 2213 2635 enim
2234 2579 2532 2651 propriam
2549 2576 3328 2652 exhibentjustiflrationem
3359 2572 3639 2637 salvando
3654 2586 3714 2637 et

2044 2667 2432 2741 justiticaudc
2457 2686 2592 2724 eum
2626 2669 2725 2740 qui
2758 2675 2849 2724 est
2892 2670 2951 2724 in
2984 2667 3119 2723 fide.
3154 2669 3225 2722 Et
3255 2666 3569 2723 conside-ra
3618 2683 3713 2724 sa-

2055 2757 2337 2829 pientiam
2365 2758 2509 2814 Nam
2533 2758 2591 2813 id
2614 2759 2770 2829 quod
2794 2758 2947 2813 alius
2971 2757 3267 2829 quispiam
3286 2763 3618 2813 assumeret
3636 2756 3712 2813 ad

2052 2847 2198 2919 legis
2224 2847 2606 2913 calumniam,
2642 2852 2782 2918 puta
2813 2844 2971 2916 quod
3032 2861 3152 2900 non
3212 2844 3482 2913 viviﬁcat,
3516 2861 3710 2918 neque

2043 2938 2356 3009 justilicat,
2389 2937 2501 2991 hoc
2524 2937 2650 3007 ipse
2678 2935 2752 2991 ad
2783 2935 3191 2991 defensionem
3222 2936 3621 2992 accusationis
3652 2941 3711 2992 et

2050 3025 2111 3080 in
2138 3025 2476 3080 encomium
2502 3024 2829 3079 constituit.
2865 3025 3009 3079 Nam
3046 3031 3291 3096 propter
3320 3024 3453 3086 hoc.
3490 3025 3706 3096 inquit,

2054 3114 2147 3169 lex
2176 3129 2297 3168 non
2349 3113 2461 3168 fuit
2509 3111 2792 3168 adversus
2849 3113 3294 3185 promissiones,
3326 3114 3484 3186 quod
3514 3130 3707 3186 neque

2054 3202 2844 3274 salvare,nequejustilicare
2870 3204 3130 3275 potuerit
3146 3221 3287 3261 :non
3300 3204 3493 3261 solum
3516 3210 3651 3261 aute
3663 3221 3711 3261 ω

2044 3309 2167 3349 non
2195 3293 2307 3350 fuit
2336 3293 2615 3350 adversus
2646 3293 2801 3365 illas,
2825 3311 3031 3351 verum
3054 3294 3234 3351 etiam
3265 3294 3705 3367 quodammodo

2045 3391 2363 3457 cooperata
2394 3391 2483 3441 est
2511 3391 2571 3439 et
2613 3384 3088 3441 subministravit
3135 3383 3253 3441 illis
3285 3401 3299 3443 :
3333 3401 3403 3442 ex
3428 3402 3497 3443 eo
3529 3386 3695 3442 enim

2047 3472 2205 3544 quod
2236 3489 2346 3528 nec
2377 3473 2755 3534 salvavit.nec
2768 3474 3141 3544 justillcavit,
3174 3473 3248 3530 ad
3277 3474 3457 3530 fidem
3482 3474 3693 3531 contu-

2045 3576 2182 3633 gere
2213 3561 2525 3618 adhortatu
2555 3567 2681 3617 est:
2729 3578 2800 3617 ex
2854 3577 2921 3617 eo
2952 3569 3151 3619 autem
3183 3562 3342 3634 quod
3380 3562 3455 3620 ad
3516 3563 3701 3620 ﬁdem

2046 3650 2295 3717 remisit,
2329 3656 2647 3722 coaperata
2677 3655 2767 3705 est
2796 3655 2862 3705 ut
2890 3650 3338 3722 complerentur
3363 3649 3708 3722 promissio-

2047 3755 2172 3795 nes.
2207 3760 2236 3789 «
2268 3738 2501 3795 Etenim
2529 3739 2577 3794 si
2610 3738 2747 3794 data
2777 3740 2986 3794 luisset
3010 3740 3105 3794 lex
3135 3755 3266 3809 quae
3310 3738 3603 3810 potuisset
3623 3738 3706 3793 vi.

2045 3828 2303 3885 vilicare.
2334 3850 2359 3882 ιι
2397 3830 2540 3885 Nam
2601 3827 2649 3883 si
2685 3827 2797 3888 lex.
2842 3827 3055 3898 inquit,
3092 3827 3215 3881 vim
3266 3826 3576 3882 habuisset
3630 3823 3707 3881 ad

2047 3916 2418 3979 salvandum.
2453 3915 2616 3973 nulla
2638 3915 2849 3972 fuisset
2875 3914 3012 3969 lldei
3041 3915 3365 3971 necessitas
3399 3930 3413 3968 :
3437 3913 3541 3970 sed
3565 3928 3707 3985 pro-

2045 4014 2249 4081 pterea
2282 4025 2402 4063 non
2460 4008 2652 4081 potuit
2698 4006 2989 4061 viviﬁcare
3035 4012 3101 4060 ut
3131 4005 3287 4062 fides
3327 4007 3486 4061 144·
3511 4006 3708 4061 locum

2048 4096 2425 4162 haberet,sed
2441 4102 2668 4150 tantum
2684 4093 3133 4166 prmmundabat
3152 4094 3304 4151 viam
3319 4099 3377 4151 et
3397 4109 3706 4151 common-

2050 4185 2276 4241 strabat
2306 4185 2366 4238 in
2403 4200 2626 4238 morem
2675 4182 2997 4257 paedagogi,
3033 4188 3093 4238 et
3116 4197 3363 4255 capaces
3416 4200 3533 4240 nos
3571 4182 3706 4238 red-

2049 4274 2226 4329 debat
2256 4289 2323 4328 ac
2348 4271 2485 4327 fidei
2504 4272 2889 4343 susceptivos.
2914 4271 3220 4339 Quomodo
3252 4288 3389 4344 ergo
3423 4271 3706 4327 adversus

2048 4361 2341 4435 promissa
2373 4360 2471 4415 Dei
2506 4360 2735 4428 fuisset,
2769 4377 2901 4432 qum
2932 4362 3085 4416 viam
3133 4359 3525 4433 prmstruebat
3572 4373 3710 4431 pro-

2049 4448 2597 4506 missionibus?Non
2618 4466 2755 4521 (ξι-60
2779 4449 3061 4523 possibile
3085 4455 3176 4505 est
3194 4454 3297 4505 aut
3325 4446 3710 4517 rationabile,

292 4543 406 4601 Νῦν
467 4538 548 4609 δε,
607 4540 793 4616 φησὶν,
849 4539 1011 4601 αὐτὸς
1069 4539 1168 4595 ούκ
1224 4538 1469 4620 ἴσχυσεν,
1524 4537 1616 4593 *ἱνα
1671 4541 1706 4608 ἡ
1768 4538 1945 4601 πίστις

2060 4539 2244 4595 videri
2272 4537 2470 4596 da’lam
2504 4538 2686 4595 fuisse
2711 4539 2898 4612 legem
2918 4537 2993 4594 ad
3013 4538 3501 4595 benedictionum
3522 4535 3715 4592 subla-

296 4632 521 4710 ἰσχύσῃ.
583 4656 611 4686 «ι
673 4631 848 4692 Ἀλλᾶ
904 4629 1231 4701 συνέκλεισε,
1283 4655 1311 4684 »
1369 4631 1637 4699 τουτέστι,
1713 4629 1957 4709 συγκλει-

295 4721 490 4791 σθῆναι
572 4720 925 4795 συνεχώρησε
1002 4719 1092 4773 καὶ
1149 4718 1262 4773 οῖον
1328 4717 1769 4789 ἀποστενωθῆναι
1824 4718 1951 4783 τοὺς

294 4809 498 4870 πάντας
531 4807 608 4870 είς
641 4806 909 4881 ἁμαρτίαν
941 4806 970 4860 6
1001 4806 1155 4874 Θεὸς,
1213 4803 1302 4861 διὰ
1346 4811 1453 4861 τῶν
1499 4805 1716 4862 οἰκείων
1763 4803 1954 4885 διαφό-

298 4920 406 4975 ρως
436 4894 613 4974 λόγων
669 4898 760 4953 καὶ
819 4893 1166 4967 διοικήσεων.
1218 4921 1247 4949 ‹‹
1281 4893 1449 4954 Αὗται
1499 4897 1600 4971 γαρ
1654 4898 1690 4967 ἠ
1741 4898 1952 4976 Γραφὴ,

293 4985 412 5059 ἵνα,
444 4986 600 5066 φησὶ,
660 4985 852 5062 χώραν
909 4980 1117 5059 λάϐῃ-ἦ
1165 4981 1254 5039 διὰ
1301 4987 1557 5059 Χριστοῦ·
1600 4984 1801 5047 πίστις.
1854 4988 1951 5043 Καὶ

295 5076 401 5156 γὰρ
459 5074 597 5140 τέως
651 5075 680 5130 ὁ
737 5075 908 5147 νόμος
979 5067 1477 5148 παραϐαινόμενος,
1564 5072 1773 5144 ἰδίδαξε
1826 5074 1952 5137 τοὺς

291 5166 619 5243 ἀνθρώπους
643 5164 727 5219 ὅτι
761 5161 1085 5238 ἁμαρτωλοί
1118 5159 1275 5219 εΐσιν.
1326 5159 1504 5218 ’Λλλὰ
1562 5158 1801 5232 διδάξας,
1857 5163 1954 5219 οὐκ

293 5253 641 5329 ἠλευθέρωσε
678 5258 780 5322 τῆς
837 5249 1127 5326 ἁμαρτίας,
1180 5251 1254 5314 ὡς
1312 5248 1509 5306 λοιπὸν
1563 5251 1688 5314 τοὺς
1747 5252 1950 5325 ἀνθρώ-

297 5366 436 5409 πους
493 5343 716 5421 φανεῖσῃ
793 5345 866 5417 τῇ
925 5341 1105 5397 πίστει
1170 5340 1419 5414 ἀσμένως
1472 5339 1815 5416 προσελθεῖν,
1873 5344 1953 5414 τῷ

295 5432 502 5498 ἰθελειν
531 5434 790 5509 ῥυσθῆναι
839 5435 949 5487 τῶν
1004 5435 1308 5504 ἁμαρτιῶν.
1357 5433 1531 5487 Τοῦτο
1571 5427 1630 5485 δὲ
1678 5429 1809 5486 ὅλον
1858 5431 1950 5509 γέ-

292 5522 657 5605 γονεμρησὶν,
695 5521 787 5577 ἳνα
842 5521 900 5580 αἱ
955 5521 1094 5605 πρὸς
1150 5520 1245 5577 τὸν
1304 5512 1553 5596 Ἀϐραὰμ
1608 5518 1946 5597 ἐπαγγελίαι,

292 5613 380 5683 τὸ,
415 5603 888 5690 εὐλογηθήσονται
944 5610 1012 5667 τὰ
1064 5603 1212 5681 ἔθνη,
1274 5606 1363 5665 διὰ
1418 5613 1515 5680 τῆς
1575 5609 1651 5673 εἷς
1709 5613 1946 5686 Χριστὸν

623 5737 880 5795 Panos.
932 5735 1050 5795 Ga.
1085 5730 1356 5795 CXVIII.

2062 4629 2343 4685 tionem:
2366 4631 2509 4684 Vere
2541 4644 2610 4685 ex
2641 4628 2770 4701 lege
2803 4632 2961 4684 esset
2980 4627 3236 4699 justitia.
3261 4648 3291 4678 »
3320 4629 3485 4683 Nunc
3514 4632 3714 4683 autem

2062 4719 2434 4793 ipsa,inquit,
2458 4735 2578 4774 non
2610 4718 2801 4790 potuit
2829 4725 2896 4773 ut
2926 4718 3072 4772 ﬁdes
3106 4723 3325 4789 posset.
3360 4740 3387 4767 «
3422 4715 3535 4774 Sed
3567 4731 3714 4771 con-

2064 4810 2261 4866 clusit.
2295 4833 2314 4857 ι
2364 4810 2482 4865 Hoc
2513 4814 2624 4874 est,
2654 4807 2836 4863 veluti
2865 4806 3139 4863 concludi
3172 4813 3230 4862 et
3260 4807 3543 4864 coarctari
3586 4820 3714 4862 om-

2063 4916 2171 4955 nes
2204 4898 2475 4971 permisit
2505 4899 2658 4953 Deus
2687 4897 2749 4953 in
2806 4903 3114 4969 peccatum
3143 4896 3321 4952 variis
3360 4894 3568 4957 modis.
3602 4910 3710 4967 per

2063 5004 2201 5044 suos
2250 5002 2557 5043 sermones
2606 5003 2674 5043 ac
2724 4986 3164 5059 diSpositiones.
3198 4987 3332 5043 Haec
3387 4987 3545 5042 enim
3576 4984 3719 5042 fecit

2062 5079 2456 5151 Scriptura,ut
2485 5076 2632 5132 fides
2663 5093 2793 5148 quas
2825 5093 2933 5150 per
2960 5077 3256 5135 Christum
3289 5084 3380 5135 est
3406 5077 3716 5135 locumha-

2059 5167 2246 5223 beret.
2280 5166 2584 5237 Siquidem
2613 5166 2709 5221 lex
2739 5166 2879 5223 dum
2910 5177 3031 5223 non
3073 5167 3436 5234 servabatur,
3455 5166 3716 5222 homini-

2062 5255 2172 5312 bus
2229 5254 2583 5312 ostendebat
2640 5254 2799 5327 quod
2862 5263 3205 5329 peccatores
3233 5263 3713 5314 essentzverum

2060 5345 2302 5400 edoctos
2324 5360 2445 5399 non
2469 5344 2760 5401 liberabat
2778 5362 2812 5401 a
2832 5352 3162 5418 peccato,ut
3182 5344 3257 5402 ad
3273 5346 3713 5402 manifestatam

2062 5434 2241 5490 ﬁdem
2272 5434 2645 5496 accederent.
2674 5435 2817 5491 dum
2849 5452 2882 5492 a
2914 5442 3154 5508 peccato
3186 5435 3427 5492 liberari
3467 5432 3711 5486 vellent.

2062 5527 2179 5582 Hoc
2210 5516 2409 5583 autem
2428 5532 2620 5582 totum
2641 5525 2862 5584 factum
2888 5532 2998 5600 est,
3029 5526 3247 5600 inquit,
3275 5532 3344 5583 ut
3362 5519 3713 5597 promissio-

2059 5606 2165 5672 nes
2188 5634 2320 5692 quae
2342 5615 2421 5674 ad
2438 5614 2735 5675 Abraham
2758 5617 2928 5675 facta;
2952 5623 3331 5686 suntmempe
3361 5610 3521 5691 quod
3540 5607 3721 5669 bene.

3359 5734 3436 5794 36
