  <div class='ocr_page' id='page_1' title='image "/cluster/home/n/w/nwhite01/storage/ocr_20150623/118/hvd.32044073502247/572.png"; bbox 0 0 4106 6196; ppageno 0'>
   <div class='ocr_carea' id='block_1_1' title="bbox 215 343 368 405">
    <p class='ocr_par' dir='ltr' id='par_1_1' title="bbox 215 343 368 405">
     <span class='ocr_line' id='line_1_1' title="bbox 215 343 368 405; baseline 0.007 -1"><span class='ocrx_word' id='word_1_1' title='bbox 215 343 368 405; x_wconf 80' lang='grc'>1133</span> 
     </span>
    </p>
   </div>
   <div class='ocr_carea' id='block_1_2' title="bbox 1254 341 2566 406">
    <p class='ocr_par' dir='ltr' id='par_1_2' title="bbox 1254 341 2566 406">
     <span class='ocr_line' id='line_1_2' title="bbox 1254 341 2566 406; baseline 0 -3"><span class='ocrx_word' id='word_1_2' title='bbox 1254 341 1662 403; x_wconf 77' lang='lat' dir='ltr'>COMMENT.</span> <span class='ocrx_word' id='word_1_3' title='bbox 1711 341 1788 403; x_wconf 68' lang='lat' dir='ltr'>IN</span> <span class='ocrx_word' id='word_1_4' title='bbox 1838 341 2087 406; x_wconf 77' lang='lat' dir='ltr'>EPIST.</span> <span class='ocrx_word' id='word_1_5' title='bbox 2133 345 2233 405; x_wconf 82' lang='lat' dir='ltr'>AD</span> <span class='ocrx_word' id='word_1_6' title='bbox 2282 343 2566 406; x_wconf 79' lang='lat' dir='ltr'>GALAT.</span> 
     </span>
    </p>
   </div>
   <div class='ocr_carea' id='block_1_3' title="bbox 3478 341 3631 405">
    <p class='ocr_par' dir='ltr' id='par_1_3' title="bbox 3478 341 3631 405">
     <span class='ocr_line' id='line_1_3' title="bbox 3478 341 3631 405; baseline 0.013 -2"><span class='ocrx_word' id='word_1_7' title='bbox 3478 341 3631 405; x_wconf 68' lang='grc'>1134</span> 
     </span>
    </p>
   </div>
   <div class='ocr_carea' id='block_1_4' title="bbox 223 466 1890 550">
    <p class='ocr_par' dir='ltr' id='par_1_4' title="bbox 223 466 1871 550">
     <span class='ocr_line' id='line_1_4' title="bbox 223 466 1871 550; baseline 0.001 -23"><span class='ocrx_word' id='word_1_8' title='bbox 223 494 410 548; x_wconf 71' lang='grc' dir='ltr'>μενης.</span> <span class='ocrx_word' id='word_1_9' title='bbox 446 499 471 525; x_wconf 86' lang='lat'><strong>«</strong></span> <span class='ocrx_word' id='word_1_10' title='bbox 508 474 626 531; x_wconf 80' lang='grc' dir='ltr'>Οὖκ</span> <span class='ocrx_word' id='word_1_11' title='bbox 653 466 733 530; x_wconf 71' lang='grc' dir='ltr'>ἔτι</span> <span class='ocrx_word' id='word_1_12' title='bbox 794 472 901 529; x_wconf 79' lang='grc' dir='ltr'>ὑπὸ</span> <span class='ocrx_word' id='word_1_13' title='bbox 941 469 1295 550; x_wconf 81' lang='grc' dir='ltr'>παιδαγωγόν</span> <span class='ocrx_word' id='word_1_14' title='bbox 1345 471 1526 548; x_wconf 75' lang='grc' dir='ltr'>ἐσμεν.</span> <span class='ocrx_word' id='word_1_15' title='bbox 1565 499 1592 526; x_wconf 83' lang='grc'>››</span> <span class='ocrx_word' id='word_1_16' title='bbox 1623 473 1871 546; x_wconf 78' lang='grc' dir='ltr'>Νηπίους</span> 
     </span>
    </p>
   </div>
   <div class='ocr_carea' id='block_1_5' title="bbox 2004 466 3630 550">
    <p class='ocr_par' dir='ltr' id='par_1_5' title="bbox 2004 475 3630 549">
     <span class='ocr_line' id='line_1_5' title="bbox 2004 475 3630 549; baseline 0.002 -17"><span class='ocrx_word' id='word_1_17' title='bbox 2004 482 2190 534; x_wconf 75' lang='lat' dir='ltr'>)ostea</span> <span class='ocrx_word' id='word_1_18' title='bbox 2219 477 2396 534; x_wconf 90' lang='lat' dir='ltr'>dabat</span> <span class='ocrx_word' id='word_1_19' title='bbox 2426 477 2851 549; x_wconf 85' lang='lat' dir='ltr'>perfectionem</span> <span class='ocrx_word' id='word_1_20' title='bbox 2885 481 2943 532; x_wconf 87' lang='lat' dir='ltr'>et</span> <span class='ocrx_word' id='word_1_21' title='bbox 2989 475 3388 549; x_wconf 72' lang='lat' dir='ltr'>adoptionem.</span> <span class='ocrx_word' id='word_1_22' title='bbox 3425 501 3452 529; x_wconf 81' lang='grc' dir='ltr'>ι(</span> <span class='ocrx_word' id='word_1_23' title='bbox 3502 479 3630 536; x_wconf 86' lang='grc' dir='ltr'>Νοιι</span> 
     </span>
    </p>
   </div>
   <div class='ocr_carea' id='block_1_6' title="bbox 223 557 1877 639">
    <p class='ocr_par' dir='ltr' id='par_1_6' title="bbox 223 557 1877 639">
     <span class='ocr_line' id='line_1_6' title="bbox 223 557 1877 639; baseline -0.001 -22"><span class='ocrx_word' id='word_1_24' title='bbox 223 564 327 639; x_wconf 75' lang='grc' dir='ltr'>γὰρ</span> <span class='ocrx_word' id='word_1_25' title='bbox 362 562 540 626; x_wconf 73' lang='grc' dir='ltr'>ὄντας,</span> <span class='ocrx_word' id='word_1_26' title='bbox 576 559 682 618; x_wconf 82' lang='grc' dir='ltr'>ἔδει</span> <span class='ocrx_word' id='word_1_27' title='bbox 717 563 821 618; x_wconf 81' lang='grc' dir='ltr'>ὑπὸ</span> <span class='ocrx_word' id='word_1_28' title='bbox 878 557 1234 636; x_wconf 79' lang='grc' dir='ltr'>παιδαγωγὸν</span> <span class='ocrx_word' id='word_1_29' title='bbox 1294 565 1574 636; x_wconf 77' lang='grc' dir='ltr'>πράττειν,</span> <span class='ocrx_word' id='word_1_30' title='bbox 1639 564 1702 618; x_wconf 79' lang='grc' dir='ltr'>οὗ</span> <span class='ocrx_word' id='word_1_31' title='bbox 1767 565 1877 637; x_wconf 69' lang='grc' dir='ltr'>μῆν</span> 
     </span>
    </p>
   </div>
   <div class='ocr_carea' id='block_1_7' title="bbox 215 648 1876 729">
    <p class='ocr_par' dir='ltr' id='par_1_7' title="bbox 215 648 1876 729">
     <span class='ocr_line' id='line_1_7' title="bbox 215 648 1876 729; baseline -0.002 -22"><span class='ocrx_word' id='word_1_32' title='bbox 215 652 462 714; x_wconf 76' lang='grc' dir='ltr'>τελείους</span> <span class='ocrx_word' id='word_1_33' title='bbox 507 653 851 728; x_wconf 68' lang='grc' dir='ltr'>γενομένους.</span> <span class='ocrx_word' id='word_1_34' title='bbox 916 678 944 704; x_wconf 83' lang='grc'>‹‹</span> <span class='ocrx_word' id='word_1_35' title='bbox 999 648 1358 721; x_wconf 73' lang='grc' dir='ltr'>Τελειότητος</span> <span class='ocrx_word' id='word_1_36' title='bbox 1417 655 1520 729; x_wconf 70' lang='grc' dir='ltr'>γὰρ</span> <span class='ocrx_word' id='word_1_37' title='bbox 1578 649 1876 722; x_wconf 76' lang='grc' dir='ltr'>ἀπόδειξις,</span> 
     </span>
    </p>
   </div>
   <div class='ocr_carea' id='block_1_8' title="bbox 224 743 1879 815">
    <p class='ocr_par' dir='ltr' id='par_1_8' title="bbox 224 743 1879 815">
     <span class='ocr_line' id='line_1_8' title="bbox 224 743 1879 815; baseline -0.001 -17"><span class='ocrx_word' id='word_1_38' title='bbox 224 743 288 798; x_wconf 87' lang='grc' dir='ltr'>τὸ</span> <span class='ocrx_word' id='word_1_39' title='bbox 312 743 386 805; x_wconf 77' lang='grc' dir='ltr'>εἷς</span> <span class='ocrx_word' id='word_1_40' title='bbox 419 743 571 804; x_wconf 72' lang='grc' dir='ltr'>υἱοὺς</span> <span class='ocrx_word' id='word_1_41' title='bbox 603 743 679 804; x_wconf 75' lang='grc' dir='ltr'>εἷς</span> <span class='ocrx_word' id='word_1_42' title='bbox 711 744 1009 812; x_wconf 67' lang='grc' dir='ltr'>ποιηθῆναι</span> <span class='ocrx_word' id='word_1_43' title='bbox 1063 746 1143 815; x_wconf 84' lang='grc' dir='ltr'>τῷ</span> <span class='ocrx_word' id='word_1_44' title='bbox 1201 747 1336 815; x_wconf 79' lang='grc' dir='ltr'>Θεῷ.</span> <span class='ocrx_word' id='word_1_45' title='bbox 1374 767 1402 795; x_wconf 89' lang='grc'><strong>››</strong></span> <span class='ocrx_word' id='word_1_46' title='bbox 1438 776 1500 786; x_wconf 91' lang='grc'><strong>-</strong></span> <span class='ocrx_word' id='word_1_47' title='bbox 1534 769 1560 794; x_wconf 88' lang='grc'>‹‹</span> <span class='ocrx_word' id='word_1_48' title='bbox 1625 744 1720 798; x_wconf 82' lang='grc' dir='ltr'>Διὰ</span> <span class='ocrx_word' id='word_1_49' title='bbox 1777 750 1879 812; x_wconf 74' lang='grc' dir='ltr'>τῆς</span> 
     </span>
    </p>
   </div>
   <div class='ocr_carea' id='block_1_9' title="bbox 221 831 1881 907">
    <p class='ocr_par' dir='ltr' id='par_1_9' title="bbox 221 831 1881 907">
     <span class='ocr_line' id='line_1_9' title="bbox 221 831 1881 907; baseline -0.001 -19"><span class='ocrx_word' id='word_1_50' title='bbox 221 832 458 894; x_wconf 83' lang='grc' dir='ltr'>πίστεως</span> <span class='ocrx_word' id='word_1_51' title='bbox 501 832 553 886; x_wconf 87' lang='grc' dir='ltr'>ἐν</span> <span class='ocrx_word' id='word_1_52' title='bbox 613 835 834 907; x_wconf 83' lang='grc' dir='ltr'>Χριστῷ</span> <span class='ocrx_word' id='word_1_53' title='bbox 894 833 1095 900; x_wconf 70' lang='grc' dir='ltr'>Ἰησοῦ.</span> <span class='ocrx_word' id='word_1_54' title='bbox 1159 856 1185 882; x_wconf 86' lang='grc'>››</span> <span class='ocrx_word' id='word_1_55' title='bbox 1247 833 1346 887; x_wconf 74' lang='grc' dir='ltr'>Διὰ</span> <span class='ocrx_word' id='word_1_56' title='bbox 1391 836 1489 895; x_wconf 72' lang='grc' dir='ltr'>τῆς</span> <span class='ocrx_word' id='word_1_57' title='bbox 1548 831 1599 887; x_wconf 85' lang='grc' dir='ltr'>ἐν</span> <span class='ocrx_word' id='word_1_58' title='bbox 1661 836 1881 906; x_wconf 86' lang='grc' dir='ltr'>Χριστῷ</span> 
     </span>
    </p>
   </div>
   <div class='ocr_carea' id='block_1_10' title="bbox 224 917 1882 996">
    <p class='ocr_par' dir='ltr' id='par_1_10' title="bbox 224 917 1882 996">
     <span class='ocr_line' id='line_1_10' title="bbox 224 917 1882 996; baseline 0 -21"><span class='ocrx_word' id='word_1_59' title='bbox 224 921 410 992; x_wconf 78' lang='grc' dir='ltr'>Ἰησοῦ</span> <span class='ocrx_word' id='word_1_60' title='bbox 437 921 690 982; x_wconf 71' lang='grc' dir='ltr'>πίστεως.</span> <span class='ocrx_word' id='word_1_61' title='bbox 731 921 890 978; x_wconf 65' lang='grc' dir='ltr'>Οὕτω</span> <span class='ocrx_word' id='word_1_62' title='bbox 921 921 1023 994; x_wconf 75' lang='grc' dir='ltr'>γὰρ</span> <span class='ocrx_word' id='word_1_63' title='bbox 1058 923 1092 989; x_wconf 72' lang='grc' dir='ltr'>ἡ</span> <span class='ocrx_word' id='word_1_64' title='bbox 1122 920 1387 992; x_wconf 63' lang='grc' dir='ltr'>σύνταξις.</span> <span class='ocrx_word' id='word_1_65' title='bbox 1419 924 1558 996; x_wconf 68' lang='grc' dir='ltr'>’Ὅρα</span> <span class='ocrx_word' id='word_1_66' title='bbox 1599 917 1655 975; x_wconf 72' lang='grc' dir='ltr'>δὲ</span> <span class='ocrx_word' id='word_1_67' title='bbox 1686 921 1882 995; x_wconf 85' lang='grc' dir='ltr'>πρότε-</span> 
     </span>
    </p>
   </div>
   <div class='ocr_carea' id='block_1_11' title="bbox 230 1005 1882 1083">
    <p class='ocr_par' dir='ltr' id='par_1_11' title="bbox 230 1005 1882 1083">
     <span class='ocr_line' id='line_1_11' title="bbox 230 1005 1882 1083; baseline -0.001 -19"><span class='ocrx_word' id='word_1_68' title='bbox 230 1030 322 1082; x_wconf 91' lang='grc' dir='ltr'>ρον</span> <span class='ocrx_word' id='word_1_69' title='bbox 356 1010 506 1071; x_wconf 69' lang='grc' dir='ltr'>υἱοὺς</span> <span class='ocrx_word' id='word_1_70' title='bbox 535 1005 788 1083; x_wconf 69' lang='grc' dir='ltr'>Ἀϐραὰμ</span> <span class='ocrx_word' id='word_1_71' title='bbox 819 1010 986 1064; x_wconf 74' lang='grc' dir='ltr'>εἷπὼν</span> <span class='ocrx_word' id='word_1_72' title='bbox 1019 1007 1106 1064; x_wconf 75' lang='grc' dir='ltr'>διὰ</span> <span class='ocrx_word' id='word_1_73' title='bbox 1134 1015 1233 1078; x_wconf 76' lang='grc' dir='ltr'>τῆς</span> <span class='ocrx_word' id='word_1_74' title='bbox 1263 1011 1520 1079; x_wconf 88' lang='grc' dir='ltr'>πίστεως,</span> <span class='ocrx_word' id='word_1_75' title='bbox 1579 1013 1668 1064; x_wconf 91' lang='grc' dir='ltr'>νῦν</span> <span class='ocrx_word' id='word_1_76' title='bbox 1730 1008 1882 1070; x_wconf 74' lang='grc' dir='ltr'>υἱοὺς</span> 
     </span>
    </p>
   </div>
   <div class='ocr_carea' id='block_1_12' title="bbox 227 1097 682 1170">
    <p class='ocr_par' dir='ltr' id='par_1_12' title="bbox 227 1097 682 1170">
     <span class='ocr_line' id='line_1_12' title="bbox 227 1097 682 1170; baseline 0 -17"><span class='ocrx_word' id='word_1_77' title='bbox 227 1097 377 1170; x_wconf 66' lang='grc' dir='ltr'>λέγει</span> <span class='ocrx_word' id='word_1_78' title='bbox 408 1103 504 1154; x_wconf 89' lang='grc' dir='ltr'>τοῦ</span> <span class='ocrx_word' id='word_1_79' title='bbox 527 1102 682 1154; x_wconf 88' lang='grc' dir='ltr'>Θεοῦ.</span> 
     </span>
    </p>
   </div>
   <div class='ocr_carea' id='block_1_13' title="bbox 1988 567 3632 639">
    <p class='ocr_par' dir='ltr' id='par_1_13' title="bbox 1988 567 3632 639">
     <span class='ocr_line' id='line_1_13' title="bbox 1988 567 3632 639; baseline 0.001 -17"><span class='ocrx_word' id='word_1_80' title='bbox 1988 568 2247 638; x_wconf 82' lang='lat' dir='ltr'>amplius</span> <span class='ocrx_word' id='word_1_81' title='bbox 2279 567 2386 622; x_wconf 88' lang='lat' dir='ltr'>sub</span> <span class='ocrx_word' id='word_1_82' title='bbox 2413 567 2728 639; x_wconf 75' lang='lat' dir='ltr'>paedagogo</span> <span class='ocrx_word' id='word_1_83' title='bbox 2761 582 3023 622; x_wconf 78' lang='lat' dir='ltr'>sumus.»</span> <span class='ocrx_word' id='word_1_84' title='bbox 3051 568 3193 621; x_wconf 89' lang='lat' dir='ltr'>Cum</span> <span class='ocrx_word' id='word_1_85' title='bbox 3222 569 3382 623; x_wconf 90' lang='lat' dir='ltr'>enim</span> <span class='ocrx_word' id='word_1_86' title='bbox 3403 568 3632 638; x_wconf 81' lang='lat' dir='ltr'>parvuli</span> 
     </span>
    </p>
   </div>
   <div class='ocr_carea' id='block_1_14' title="bbox 1990 655 3632 727">
    <p class='ocr_par' dir='ltr' id='par_1_14' title="bbox 1990 655 3632 727">
     <span class='ocr_line' id='line_1_14' title="bbox 1990 655 3632 727; baseline 0.001 -18"><span class='ocrx_word' id='word_1_87' title='bbox 1990 672 2278 717; x_wconf 84' lang='lat' dir='ltr'>essemus,</span> <span class='ocrx_word' id='word_1_88' title='bbox 2299 655 2610 726; x_wconf 75' lang='lat' dir='ltr'>oportebat</span> <span class='ocrx_word' id='word_1_89' title='bbox 2630 655 2736 710; x_wconf 86' lang='lat' dir='ltr'>sub</span> <span class='ocrx_word' id='word_1_90' title='bbox 2764 655 3076 727; x_wconf 76' lang='lat' dir='ltr'>pmdagogo</span> <span class='ocrx_word' id='word_1_91' title='bbox 3102 655 3312 724; x_wconf 71' lang='lat' dir='ltr'>degere</span> <span class='ocrx_word' id='word_1_92' title='bbox 3337 674 3349 710; x_wconf 87' lang='lat'><strong>:</strong></span> <span class='ocrx_word' id='word_1_93' title='bbox 3377 673 3496 710; x_wconf 92' lang='lat' dir='ltr'>non</span> <span class='ocrx_word' id='word_1_94' title='bbox 3527 671 3632 711; x_wconf 88' lang='lat' dir='ltr'>au-</span> 
     </span>
    </p>
   </div>
   <div class='ocr_carea' id='block_1_15' title="bbox 1990 743 3632 814">
    <p class='ocr_par' dir='ltr' id='par_1_15' title="bbox 1990 743 3632 814">
     <span class='ocr_line' id='line_1_15' title="bbox 1990 743 3632 814; baseline 0.002 -19"><span class='ocrx_word' id='word_1_95' title='bbox 1990 747 2107 796; x_wconf 77' lang='lat' dir='ltr'>tem</span> <span class='ocrx_word' id='word_1_96' title='bbox 2141 760 2271 798; x_wconf 87' lang='lat' dir='ltr'>cum</span> <span class='ocrx_word' id='word_1_97' title='bbox 2308 743 2552 814; x_wconf 81' lang='lat' dir='ltr'>perfecti</span> <span class='ocrx_word' id='word_1_98' title='bbox 2589 760 2814 807; x_wconf 92' lang='lat' dir='ltr'>sumus,</span> <span class='ocrx_word' id='word_1_99' title='bbox 2849 765 2876 792; x_wconf 90' lang='grc'><em>‹‹</em></span> <span class='ocrx_word' id='word_1_100' title='bbox 2913 743 3298 798; x_wconf 85' lang='lat' dir='ltr'>Perfectionis</span> <span class='ocrx_word' id='word_1_101' title='bbox 3332 743 3490 798; x_wconf 89' lang='lat' dir='ltr'>enim</span> <span class='ocrx_word' id='word_1_102' title='bbox 3542 745 3632 798; x_wconf 87' lang='lat' dir='ltr'>in-</span> 
     </span>
    </p>
   </div>
   <div class='ocr_carea' id='block_1_16' title="bbox 1991 832 3640 902">
    <p class='ocr_par' dir='ltr' id='par_1_16' title="bbox 1991 832 3640 902">
     <span class='ocr_line' id='line_1_16' title="bbox 1991 832 3640 902; baseline 0 -16"><span class='ocrx_word' id='word_1_103' title='bbox 1991 832 2213 886; x_wconf 90' lang='lat' dir='ltr'>dicium</span> <span class='ocrx_word' id='word_1_104' title='bbox 2238 833 2664 902; x_wconf 87' lang='lat' dir='ltr'>est.adoptat0s</span> <span class='ocrx_word' id='word_1_105' title='bbox 2688 848 2816 888; x_wconf 82' lang='lat' dir='ltr'>esse</span> <span class='ocrx_word' id='word_1_106' title='bbox 2839 849 2871 886; x_wconf 91' lang='lat' dir='ltr'>a</span> <span class='ocrx_word' id='word_1_107' title='bbox 2894 834 3011 887; x_wconf 79' lang='lat' dir='ltr'>[leo</span> <span class='ocrx_word' id='word_1_108' title='bbox 3036 833 3093 886; x_wconf 89' lang='lat' dir='ltr'>in</span> <span class='ocrx_word' id='word_1_109' title='bbox 3118 832 3290 888; x_wconf 89' lang='lat' dir='ltr'>ﬁlios.</span> <span class='ocrx_word' id='word_1_110' title='bbox 3321 855 3347 881; x_wconf 80' lang='grc' dir='ltr'><strong>υ</strong></span> <span class='ocrx_word' id='word_1_111' title='bbox 3373 864 3437 874; x_wconf 91' lang='grc'><strong><em>-</em></strong></span> <span class='ocrx_word' id='word_1_112' title='bbox 3479 855 3500 882; x_wconf 77' lang='grc' dir='ltr'>ιι</span> <span class='ocrx_word' id='word_1_113' title='bbox 3527 834 3640 886; x_wconf 87' lang='lat' dir='ltr'>Per</span> 
     </span>
    </p>
   </div>
   <div class='ocr_carea' id='block_1_17' title="bbox 1993 921 3638 992">
    <p class='ocr_par' dir='ltr' id='par_1_17' title="bbox 1993 921 3638 992">
     <span class='ocr_line' id='line_1_17' title="bbox 1993 921 3638 992; baseline 0 -16"><span class='ocrx_word' id='word_1_114' title='bbox 1993 921 2169 976; x_wconf 90' lang='lat' dir='ltr'>ﬁdem</span> <span class='ocrx_word' id='word_1_115' title='bbox 2199 937 2328 992; x_wconf 66' lang='lat' dir='ltr'>quae</span> <span class='ocrx_word' id='word_1_116' title='bbox 2353 928 2440 976; x_wconf 81' lang='lat' dir='ltr'>est</span> <span class='ocrx_word' id='word_1_117' title='bbox 2469 922 2529 976; x_wconf 89' lang='lat' dir='ltr'>in</span> <span class='ocrx_word' id='word_1_118' title='bbox 2549 922 2779 976; x_wconf 86' lang='lat' dir='ltr'>Christo</span> <span class='ocrx_word' id='word_1_119' title='bbox 2800 923 2955 976; x_wconf 86' lang='lat' dir='ltr'>Jesu.</span> <span class='ocrx_word' id='word_1_120' title='bbox 2983 945 3010 971; x_wconf 75' lang='grc' dir='ltr'>›ο</span> <span class='ocrx_word' id='word_1_121' title='bbox 3037 921 3270 976; x_wconf 65' lang='lat' dir='ltr'>Littera:</span> <span class='ocrx_word' id='word_1_122' title='bbox 3295 922 3451 976; x_wconf 87' lang='lat' dir='ltr'>enim</span> <span class='ocrx_word' id='word_1_123' title='bbox 3475 921 3638 976; x_wconf 91' lang='lat' dir='ltr'>ordi-</span> 
     </span>
    </p>
   </div>
   <div class='ocr_carea' id='block_1_18' title="bbox 1991 1006 3641 1080">
    <p class='ocr_par' dir='ltr' id='par_1_18' title="bbox 1991 1006 3641 1080">
     <span class='ocr_line' id='line_1_18' title="bbox 1991 1006 3641 1080; baseline -0.001 -16"><span class='ocrx_word' id='word_1_124' title='bbox 1991 1011 2154 1065; x_wconf 90' lang='lat' dir='ltr'>natio</span> <span class='ocrx_word' id='word_1_125' title='bbox 2213 1011 2348 1064; x_wconf 89' lang='lat' dir='ltr'>talis</span> <span class='ocrx_word' id='word_1_126' title='bbox 2405 1016 2496 1065; x_wconf 90' lang='lat' dir='ltr'>est</span> <span class='ocrx_word' id='word_1_127' title='bbox 2551 1017 2617 1065; x_wconf 91' lang='lat' dir='ltr'>ut</span> <span class='ocrx_word' id='word_1_128' title='bbox 2674 1009 2757 1074; x_wconf 86' lang='grc' dir='ltr'>τό,</span> <span class='ocrx_word' id='word_1_129' title='bbox 2823 1012 2972 1065; x_wconf 75' lang='grc'>746</span> <span class='ocrx_word' id='word_1_130' title='bbox 3027 1006 3115 1062; x_wconf 80' lang='grc' dir='ltr'>διὰ</span> <span class='ocrx_word' id='word_1_131' title='bbox 3171 1016 3270 1078; x_wconf 76' lang='grc' dir='ltr'>τῆς</span> <span class='ocrx_word' id='word_1_132' title='bbox 3321 1008 3371 1062; x_wconf 84' lang='grc' dir='ltr'>ἐν</span> <span class='ocrx_word' id='word_1_133' title='bbox 3424 1011 3641 1080; x_wconf 69' lang='grc' dir='ltr'>Χριστῷ</span> 
     </span>
    </p>
   </div>
   <div class='ocr_carea' id='block_1_19' title="bbox 1993 1097 3645 1168">
    <p class='ocr_par' dir='ltr' id='par_1_19' title="bbox 1993 1097 3645 1168">
     <span class='ocr_line' id='line_1_19' title="bbox 1993 1097 3645 1168; baseline -0.002 -14"><span class='ocrx_word' id='word_1_134' title='bbox 1993 1098 2197 1165; x_wconf 74' lang='grc' dir='ltr'>Ἰησοῦ,</span> <span class='ocrx_word' id='word_1_135' title='bbox 2232 1097 2292 1152; x_wconf 91' lang='lat' dir='ltr'>id</span> <span class='ocrx_word' id='word_1_136' title='bbox 2326 1104 2433 1165; x_wconf 90' lang='lat' dir='ltr'>est,</span> <span class='ocrx_word' id='word_1_137' title='bbox 2468 1113 2575 1168; x_wconf 88' lang='lat' dir='ltr'>per</span> <span class='ocrx_word' id='word_1_138' title='bbox 2607 1098 2782 1152; x_wconf 89' lang='lat' dir='ltr'>ﬁdem</span> <span class='ocrx_word' id='word_1_139' title='bbox 2836 1098 2897 1152; x_wconf 90' lang='lat' dir='ltr'>in</span> <span class='ocrx_word' id='word_1_140' title='bbox 2929 1099 3159 1152; x_wconf 78' lang='lat' dir='ltr'>Christo</span> <span class='ocrx_word' id='word_1_141' title='bbox 3199 1099 3357 1165; x_wconf 83' lang='lat' dir='ltr'>Jesu,</span> <span class='ocrx_word' id='word_1_142' title='bbox 3388 1103 3645 1168; x_wconf 89' lang='lat' dir='ltr'>ponatur</span> 
     </span>
    </p>
   </div>
   <div class='ocr_carea' id='block_1_20' title="bbox 225 1184 1890 1262">
    <p class='ocr_par' dir='ltr' id='par_1_20' title="bbox 225 1184 1890 1262">
     <span class='ocr_line' id='line_1_20' title="bbox 225 1184 1890 1262; baseline -0.002 -18"><span class='ocrx_word' id='word_1_143' title='bbox 225 1206 332 1262; x_wconf 84' lang='lat' dir='ltr'>pro</span> <span class='ocrx_word' id='word_1_144' title='bbox 363 1187 448 1251; x_wconf 85' lang='grc' dir='ltr'>τὸ,</span> <span class='ocrx_word' id='word_1_145' title='bbox 481 1184 571 1241; x_wconf 70' lang='grc' dir='ltr'>διὰ</span> <span class='ocrx_word' id='word_1_146' title='bbox 601 1193 702 1256; x_wconf 76' lang='grc' dir='ltr'>τῆς</span> <span class='ocrx_word' id='word_1_147' title='bbox 735 1186 786 1242; x_wconf 83' lang='grc' dir='ltr'>ἐν</span> <span class='ocrx_word' id='word_1_148' title='bbox 845 1187 1062 1259; x_wconf 71' lang='grc' dir='ltr'>Χριστῷ</span> <span class='ocrx_word' id='word_1_149' title='bbox 1091 1185 1268 1257; x_wconf 77' lang='grc' dir='ltr'>Ἰησοῦ</span> <span class='ocrx_word' id='word_1_150' title='bbox 1318 1187 1572 1253; x_wconf 83' lang='grc' dir='ltr'>πίστεως,</span> <span class='ocrx_word' id='word_1_151' title='bbox 1606 1187 1667 1242; x_wconf 89' lang='lat' dir='ltr'>id</span> <span class='ocrx_word' id='word_1_152' title='bbox 1706 1192 1815 1256; x_wconf 90' lang='lat' dir='ltr'>est,</span> <span class='ocrx_word' id='word_1_153' title='bbox 1870 1206 1890 1258; x_wconf 66' lang='grc' dir='ltr'>ι</span> 
     </span>
    </p>
   </div>
   <div class='ocr_carea' id='block_1_21' title="bbox 2004 1184 3640 1262">
    <p class='ocr_par' dir='ltr' id='par_1_21' title="bbox 2005 1185 3640 1258">
     <span class='ocr_line' id='line_1_21' title="bbox 2005 1185 3640 1258; baseline -0.002 -16"><span class='ocrx_word' id='word_1_154' title='bbox 2005 1203 2136 1242; x_wconf 88' lang='lat' dir='ltr'>eam</span> <span class='ocrx_word' id='word_1_155' title='bbox 2193 1203 2323 1258; x_wconf 70' lang='lat' dir='ltr'>quas</span> <span class='ocrx_word' id='word_1_156' title='bbox 2380 1186 2556 1240; x_wconf 82' lang='lat' dir='ltr'>estin</span> <span class='ocrx_word' id='word_1_157' title='bbox 2617 1186 2847 1241; x_wconf 80' lang='lat' dir='ltr'>Christo</span> <span class='ocrx_word' id='word_1_158' title='bbox 2903 1186 3040 1241; x_wconf 85' lang='lat' dir='ltr'>Jesu</span> <span class='ocrx_word' id='word_1_159' title='bbox 3098 1185 3276 1241; x_wconf 90' lang='lat' dir='ltr'>ﬁdem</span> <span class='ocrx_word' id='word_1_160' title='bbox 3312 1202 3325 1241; x_wconf 91' lang='lat'><strong>:</strong></span> <span class='ocrx_word' id='word_1_161' title='bbox 3364 1186 3447 1241; x_wconf 85' lang='lat' dir='ltr'>sic</span> <span class='ocrx_word' id='word_1_162' title='bbox 3480 1186 3640 1240; x_wconf 87' lang='lat' dir='ltr'>enim</span> 
     </span>
    </p>
   </div>
   <div class='ocr_carea' id='block_1_22' title="bbox 232 1273 3644 1349">
    <p class='ocr_par' dir='ltr' id='par_1_22' title="bbox 232 1273 3644 1349">
     <span class='ocr_line' id='line_1_22' title="bbox 232 1273 3644 1349; baseline -0.001 -16"><span class='ocrx_word' id='word_1_163' title='bbox 232 1283 536 1334; x_wconf 82' lang='lat' dir='ltr'>structura</span> <span class='ocrx_word' id='word_1_164' title='bbox 566 1277 764 1334; x_wconf 86' lang='lat' dir='ltr'>habet.</span> <span class='ocrx_word' id='word_1_165' title='bbox 799 1277 1048 1334; x_wconf 80' lang='lat' dir='ltr'>Adverte</span> <span class='ocrx_word' id='word_1_166' title='bbox 1109 1284 1306 1334; x_wconf 88' lang='lat' dir='ltr'>autem</span> <span class='ocrx_word' id='word_1_167' title='bbox 1339 1277 1498 1349; x_wconf 91' lang='lat' dir='ltr'>quod</span> <span class='ocrx_word' id='word_1_168' title='bbox 1528 1293 1662 1336; x_wconf 87' lang='lat' dir='ltr'>cum</span> <span class='ocrx_word' id='word_1_169' title='bbox 1692 1278 1951 1349; x_wconf 89' lang='lat' dir='ltr'>primum</span> <span class='ocrx_word' id='word_1_170' title='bbox 1984 1275 2135 1331; x_wconf 90' lang='lat' dir='ltr'>ﬁlios</span> <span class='ocrx_word' id='word_1_171' title='bbox 2189 1273 2437 1330; x_wconf 72' lang='lat' dir='ltr'>Abrahas</span> <span class='ocrx_word' id='word_1_172' title='bbox 2471 1275 2720 1331; x_wconf 81' lang='lat' dir='ltr'>dixisset</span> <span class='ocrx_word' id='word_1_173' title='bbox 2748 1292 2854 1347; x_wconf 90' lang='lat' dir='ltr'>per</span> <span class='ocrx_word' id='word_1_174' title='bbox 2885 1274 3085 1344; x_wconf 89' lang='lat' dir='ltr'>ﬁdem,</span> <span class='ocrx_word' id='word_1_175' title='bbox 3114 1291 3272 1332; x_wconf 88' lang='lat' dir='ltr'>nunc</span> <span class='ocrx_word' id='word_1_176' title='bbox 3305 1275 3448 1332; x_wconf 90' lang='lat' dir='ltr'>dicit</span> <span class='ocrx_word' id='word_1_177' title='bbox 3489 1273 3644 1331; x_wconf 89' lang='lat' dir='ltr'>ﬁlios</span> 
     </span>
    </p>
   </div>
   <div class='ocr_carea' id='block_1_23' title="bbox 228 1367 355 1423">
    <p class='ocr_par' dir='ltr' id='par_1_23' title="bbox 228 1367 355 1423">
     <span class='ocr_line' id='line_1_23' title="bbox 228 1367 355 1423; baseline -0.008 -1"><span class='ocrx_word' id='word_1_178' title='bbox 228 1367 355 1423; x_wconf 88' lang='lat' dir='ltr'>Dei.</span> 
     </span>
    </p>
   </div>
   <div class='ocr_carea' id='block_1_24' title="bbox 296 1459 1885 1540">
    <p class='ocr_par' dir='ltr' id='par_1_24' title="bbox 296 1459 1885 1540">
     <span class='ocr_line' id='line_1_24' title="bbox 296 1459 1885 1540; baseline -0.002 -20"><span class='ocrx_word' id='word_1_179' title='bbox 296 1464 452 1520; x_wconf 87' lang='grc' dir='ltr'>Ὀσοι</span> <span class='ocrx_word' id='word_1_180' title='bbox 479 1464 581 1540; x_wconf 68' lang='grc' dir='ltr'>γὰρ</span> <span class='ocrx_word' id='word_1_181' title='bbox 614 1463 689 1526; x_wconf 78' lang='grc' dir='ltr'>εἷς</span> <span class='ocrx_word' id='word_1_182' title='bbox 723 1465 957 1538; x_wconf 73' lang='grc' dir='ltr'>Χριστὸν</span> <span class='ocrx_word' id='word_1_183' title='bbox 990 1459 1370 1535; x_wconf 73' lang='grc' dir='ltr'>ἐϐαπτίσθητε,</span> <span class='ocrx_word' id='word_1_184' title='bbox 1413 1462 1642 1538; x_wconf 79' lang='grc' dir='ltr'>Χριστὸν</span> <span class='ocrx_word' id='word_1_185' title='bbox 1675 1459 1885 1518; x_wconf 66' lang='grc' dir='ltr'>ἐνεδῦσ·</span> 
     </span>
    </p>
   </div>
   <div class='ocr_carea' id='block_1_25' title="bbox 235 1545 1886 1623">
    <p class='ocr_par' dir='ltr' id='par_1_25' title="bbox 235 1545 1886 1623">
     <span class='ocr_line' id='line_1_25' title="bbox 235 1545 1886 1623; baseline -0.001 -15"><span class='ocrx_word' id='word_1_186' title='bbox 235 1554 411 1610; x_wconf 85' lang='grc' dir='ltr'>σασθε.</span> <span class='ocrx_word' id='word_1_187' title='bbox 448 1553 560 1610; x_wconf 76' lang='grc' dir='ltr'>Οὐκ</span> <span class='ocrx_word' id='word_1_188' title='bbox 589 1545 662 1608; x_wconf 74' lang='grc' dir='ltr'>ἔνι</span> <span class='ocrx_word' id='word_1_189' title='bbox 699 1549 963 1615; x_wconf 78' lang='grc' dir='ltr'>Ἰουδαῖος</span> <span class='ocrx_word' id='word_1_190' title='bbox 992 1551 1116 1608; x_wconf 75' lang='grc' dir='ltr'>οὐδὲ</span> <span class='ocrx_word' id='word_1_191' title='bbox 1146 1550 1381 1623; x_wconf 74' lang='grc' dir='ltr'>Ἕλλην.</span> <span class='ocrx_word' id='word_1_192' title='bbox 1417 1552 1530 1611; x_wconf 76' lang='grc' dir='ltr'>Οὐκ</span> <span class='ocrx_word' id='word_1_193' title='bbox 1581 1547 1653 1607; x_wconf 77' lang='grc' dir='ltr'>ἔνι</span> <span class='ocrx_word' id='word_1_194' title='bbox 1689 1549 1886 1614; x_wconf 76' lang='grc' dir='ltr'>δοῦλος</span> 
     </span>
    </p>
   </div>
   <div class='ocr_carea' id='block_1_26' title="bbox 230 1636 1885 1717">
    <p class='ocr_par' dir='ltr' id='par_1_26' title="bbox 230 1636 1885 1717">
     <span class='ocr_line' id='line_1_26' title="bbox 230 1636 1885 1717; baseline -0.002 -19"><span class='ocrx_word' id='word_1_195' title='bbox 230 1639 354 1698; x_wconf 78' lang='grc' dir='ltr'>οὐδὲ</span> <span class='ocrx_word' id='word_1_196' title='bbox 383 1639 689 1716; x_wconf 67' lang='grc' dir='ltr'>ἐλεύθερος.</span> <span class='ocrx_word' id='word_1_197' title='bbox 725 1641 838 1700; x_wconf 74' lang='grc' dir='ltr'>Οὐκ</span> <span class='ocrx_word' id='word_1_198' title='bbox 869 1636 941 1696; x_wconf 77' lang='grc' dir='ltr'>ἔνι</span> <span class='ocrx_word' id='word_1_199' title='bbox 977 1640 1132 1717; x_wconf 73' lang='grc' dir='ltr'>ἄρσεν</span> <span class='ocrx_word' id='word_1_200' title='bbox 1182 1642 1271 1697; x_wconf 82' lang='grc' dir='ltr'>καὶ</span> <span class='ocrx_word' id='word_1_201' title='bbox 1328 1639 1492 1711; x_wconf 77' lang='grc' dir='ltr'>θῆλυ.</span> <span class='ocrx_word' id='word_1_202' title='bbox 1553 1641 1752 1704; x_wconf 73' lang='grc' dir='ltr'>Πάντες</span> <span class='ocrx_word' id='word_1_203' title='bbox 1783 1642 1885 1717; x_wconf 72' lang='grc' dir='ltr'>γὰρ</span> 
     </span>
    </p>
   </div>
   <div class='ocr_carea' id='block_1_27' title="bbox 233 1729 1885 1808">
    <p class='ocr_par' dir='ltr' id='par_1_27' title="bbox 233 1729 1885 1808">
     <span class='ocr_line' id='line_1_27' title="bbox 233 1729 1885 1808; baseline -0.002 -21"><span class='ocrx_word' id='word_1_204' title='bbox 233 1733 388 1803; x_wconf 81' lang='grc' dir='ltr'>ὑμεῖς</span> <span class='ocrx_word' id='word_1_205' title='bbox 419 1733 494 1794; x_wconf 79' lang='grc' dir='ltr'>εἷς</span> <span class='ocrx_word' id='word_1_206' title='bbox 524 1730 642 1790; x_wconf 85' lang='grc' dir='ltr'>ἐστε</span> <span class='ocrx_word' id='word_1_207' title='bbox 672 1732 726 1787; x_wconf 85' lang='grc' dir='ltr'>ἐν</span> <span class='ocrx_word' id='word_1_208' title='bbox 761 1734 978 1808; x_wconf 78' lang='grc' dir='ltr'><strong>Χριστῷ</strong></span> <span class='ocrx_word' id='word_1_209' title='bbox 1009 1734 1212 1805; x_wconf 80' lang='grc' dir='ltr'>Ἰησοῦ.</span> <span class='ocrx_word' id='word_1_210' title='bbox 1251 1733 1312 1790; x_wconf 72' lang='grc' dir='ltr'>Εἰ</span> <span class='ocrx_word' id='word_1_211' title='bbox 1337 1729 1394 1787; x_wconf 79' lang='grc' dir='ltr'>δὲ</span> <span class='ocrx_word' id='word_1_212' title='bbox 1435 1732 1591 1804; x_wconf 79' lang='grc' dir='ltr'>ὑμεῖς</span> <span class='ocrx_word' id='word_1_213' title='bbox 1625 1730 1885 1804; x_wconf 84' lang='grc' dir='ltr'>Χριστοῦ,</span> 
     </span>
    </p>
   </div>
   <div class='ocr_carea' id='block_1_28' title="bbox 232 1817 1874 1898">
    <p class='ocr_par' dir='ltr' id='par_1_28' title="bbox 232 1817 1874 1898">
     <span class='ocr_line' id='line_1_28' title="bbox 232 1817 1874 1898; baseline -0.001 -23"><span class='ocrx_word' id='word_1_214' title='bbox 232 1818 334 1896; x_wconf 75' lang='grc' dir='ltr'>ἄρα</span> <span class='ocrx_word' id='word_1_215' title='bbox 365 1826 460 1876; x_wconf 90' lang='grc' dir='ltr'>τοῦ</span> <span class='ocrx_word' id='word_1_216' title='bbox 493 1817 744 1896; x_wconf 68' lang='grc' dir='ltr'>Ἀϐραὰμ</span> <span class='ocrx_word' id='word_1_217' title='bbox 775 1823 990 1895; x_wconf 81' lang='grc' dir='ltr'>σπέρμα</span> <span class='ocrx_word' id='word_1_218' title='bbox 1046 1821 1165 1878; x_wconf 74' lang='grc' dir='ltr'>ἐστὶ</span> <span class='ocrx_word' id='word_1_219' title='bbox 1230 1821 1318 1877; x_wconf 84' lang='grc' dir='ltr'>καῖ</span> <span class='ocrx_word' id='word_1_220' title='bbox 1373 1823 1490 1876; x_wconf 72' lang='grc' dir='ltr'>κατ’</span> <span class='ocrx_word' id='word_1_221' title='bbox 1546 1820 1874 1898; x_wconf 75' lang='grc' dir='ltr'>ἐπαγγελίαν</span> 
     </span>
    </p>
   </div>
   <div class='ocr_carea' id='block_1_29' title="bbox 232 1909 602 1985">
    <p class='ocr_par' dir='ltr' id='par_1_29' title="bbox 232 1909 602 1985">
     <span class='ocr_line' id='line_1_29' title="bbox 232 1909 602 1985; baseline 0.003 -19"><span class='ocrx_word' id='word_1_222' title='bbox 232 1909 602 1985; x_wconf 77' lang='grc' dir='ltr'>κληρονόμοι.</span> 
     </span>
    </p>
   </div>
   <div class='ocr_carea' id='block_1_30' title="bbox 2073 1463 3641 1535">
    <p class='ocr_par' dir='ltr' id='par_1_30' title="bbox 2073 1463 3641 1535">
     <span class='ocr_line' id='line_1_30' title="bbox 2073 1463 3641 1535; baseline -0.001 -17"><span class='ocrx_word' id='word_1_223' title='bbox 2073 1465 2170 1534; x_wconf 86' lang='lat' dir='ltr'>Ill,</span> <span class='ocrx_word' id='word_1_224' title='bbox 2201 1467 2391 1520; x_wconf 82' lang='lat'>27—29.</span> <span class='ocrx_word' id='word_1_225' title='bbox 2443 1466 2578 1520; x_wconf 90' lang='lat' dir='ltr'>Nam</span> <span class='ocrx_word' id='word_1_226' title='bbox 2622 1470 2891 1535; x_wconf 80' lang='lat' dir='ltr'>quotquot</span> <span class='ocrx_word' id='word_1_227' title='bbox 2947 1464 3007 1519; x_wconf 83' lang='lat' dir='ltr'>in</span> <span class='ocrx_word' id='word_1_228' title='bbox 3035 1463 3310 1519; x_wconf 82' lang='lat' dir='ltr'>Christum</span> <span class='ocrx_word' id='word_1_229' title='bbox 3371 1463 3641 1534; x_wconf 84' lang='lat' dir='ltr'>baptizati</span> 
     </span>
    </p>
   </div>
   <div class='ocr_carea' id='block_1_31' title="bbox 1996 1553 3640 1624">
    <p class='ocr_par' dir='ltr' id='par_1_31' title="bbox 1996 1553 3640 1624">
     <span class='ocr_line' id='line_1_31' title="bbox 1996 1553 3640 1624; baseline 0 -16"><span class='ocrx_word' id='word_1_230' title='bbox 1996 1556 2140 1622; x_wconf 87' lang='lat' dir='ltr'>estis,</span> <span class='ocrx_word' id='word_1_231' title='bbox 2201 1555 2474 1610; x_wconf 77' lang='lat' dir='ltr'>Christum</span> <span class='ocrx_word' id='word_1_232' title='bbox 2530 1556 2808 1610; x_wconf 85' lang='lat' dir='ltr'>induistis.</span> <span class='ocrx_word' id='word_1_233' title='bbox 2868 1557 2987 1610; x_wconf 87' lang='lat' dir='ltr'>Non</span> <span class='ocrx_word' id='word_1_234' title='bbox 3042 1560 3119 1609; x_wconf 84' lang='lat' dir='ltr'>est</span> <span class='ocrx_word' id='word_1_235' title='bbox 3185 1553 3407 1608; x_wconf 74' lang='lat' dir='ltr'>Iudaeus</span> <span class='ocrx_word' id='word_1_236' title='bbox 3462 1569 3640 1624; x_wconf 88' lang='lat' dir='ltr'>neque</span> 
     </span>
    </p>
   </div>
   <div class='ocr_carea' id='block_1_32' title="bbox 1997 1645 3640 1716">
    <p class='ocr_par' dir='ltr' id='par_1_32' title="bbox 1997 1645 3640 1716">
     <span class='ocr_line' id='line_1_32' title="bbox 1997 1645 3640 1716; baseline -0.002 -15"><span class='ocrx_word' id='word_1_237' title='bbox 1997 1645 2231 1701; x_wconf 74' lang='lat' dir='ltr'>Graecus.</span> <span class='ocrx_word' id='word_1_238' title='bbox 2267 1647 2383 1700; x_wconf 82' lang='lat' dir='ltr'>Non</span> <span class='ocrx_word' id='word_1_239' title='bbox 2409 1653 2486 1700; x_wconf 88' lang='lat' dir='ltr'>est</span> <span class='ocrx_word' id='word_1_240' title='bbox 2513 1663 2696 1702; x_wconf 86' lang='lat' dir='ltr'>servus</span> <span class='ocrx_word' id='word_1_241' title='bbox 2726 1662 2900 1716; x_wconf 87' lang='lat' dir='ltr'>neque</span> <span class='ocrx_word' id='word_1_242' title='bbox 2950 1645 3108 1700; x_wconf 81' lang='lat' dir='ltr'>liber.</span> <span class='ocrx_word' id='word_1_243' title='bbox 3143 1646 3259 1700; x_wconf 86' lang='lat' dir='ltr'>Non</span> <span class='ocrx_word' id='word_1_244' title='bbox 3290 1651 3368 1699; x_wconf 90' lang='lat' dir='ltr'>est</span> <span class='ocrx_word' id='word_1_245' title='bbox 3423 1659 3640 1700; x_wconf 83' lang='lat' dir='ltr'>mascu-</span> 
     </span>
    </p>
   </div>
   <div class='ocr_carea' id='block_1_33' title="bbox 1999 1733 3640 1802">
    <p class='ocr_par' dir='ltr' id='par_1_33' title="bbox 1999 1733 3640 1802">
     <span class='ocr_line' id='line_1_33' title="bbox 1999 1733 3640 1802; baseline 0 -14"><span class='ocrx_word' id='word_1_246' title='bbox 1999 1734 2080 1790; x_wconf 89' lang='lat' dir='ltr'>lus</span> <span class='ocrx_word' id='word_1_247' title='bbox 2109 1752 2206 1790; x_wconf 81' lang='lat' dir='ltr'>nec</span> <span class='ocrx_word' id='word_1_248' title='bbox 2236 1737 2668 1802; x_wconf 85' lang='lat' dir='ltr'>femina.0mnes</span> <span class='ocrx_word' id='word_1_249' title='bbox 2700 1737 2844 1790; x_wconf 84' lang='lat' dir='ltr'>enim</span> <span class='ocrx_word' id='word_1_250' title='bbox 2875 1751 2966 1790; x_wconf 83' lang='lat' dir='ltr'>vos</span> <span class='ocrx_word' id='word_1_251' title='bbox 2996 1750 3138 1789; x_wconf 83' lang='lat' dir='ltr'>unus</span> <span class='ocrx_word' id='word_1_252' title='bbox 3167 1736 3294 1790; x_wconf 82' lang='lat' dir='ltr'>estis</span> <span class='ocrx_word' id='word_1_253' title='bbox 3327 1733 3388 1788; x_wconf 76' lang='lat' dir='ltr'>in</span> <span class='ocrx_word' id='word_1_254' title='bbox 3421 1733 3640 1788; x_wconf 87' lang='lat' dir='ltr'>Christo</span> 
     </span>
    </p>
   </div>
   <div class='ocr_carea' id='block_1_34' title="bbox 1997 1823 3638 1894">
    <p class='ocr_par' dir='ltr' id='par_1_34' title="bbox 1997 1823 3638 1894">
     <span class='ocr_line' id='line_1_34' title="bbox 1997 1823 3638 1894; baseline 0 -17"><span class='ocrx_word' id='word_1_255' title='bbox 1997 1827 2144 1880; x_wconf 84' lang='lat' dir='ltr'>Jesu.</span> <span class='ocrx_word' id='word_1_256' title='bbox 2182 1827 2338 1890; x_wconf 86' lang='lat' dir='ltr'>Quod</span> <span class='ocrx_word' id='word_1_257' title='bbox 2367 1828 2413 1880; x_wconf 90' lang='lat' dir='ltr'>si</span> <span class='ocrx_word' id='word_1_258' title='bbox 2441 1842 2533 1880; x_wconf 83' lang='lat' dir='ltr'>vos</span> <span class='ocrx_word' id='word_1_259' title='bbox 2561 1826 2685 1881; x_wconf 81' lang='lat' dir='ltr'>estis</span> <span class='ocrx_word' id='word_1_260' title='bbox 2718 1824 2943 1892; x_wconf 84' lang='lat' dir='ltr'>Christi,</span> <span class='ocrx_word' id='word_1_261' title='bbox 2986 1826 3160 1894; x_wconf 82' lang='lat' dir='ltr'>igitur</span> <span class='ocrx_word' id='word_1_262' title='bbox 3191 1823 3432 1879; x_wconf 73' lang='lat' dir='ltr'>Abrahae</span> <span class='ocrx_word' id='word_1_263' title='bbox 3461 1839 3638 1879; x_wconf 83' lang='lat' dir='ltr'>semen</span> 
     </span>
    </p>
   </div>
   <div class='ocr_carea' id='block_1_35' title="bbox 1998 1915 3050 1985">
    <p class='ocr_par' dir='ltr' id='par_1_35' title="bbox 1998 1915 3050 1985">
     <span class='ocr_line' id='line_1_35' title="bbox 1998 1915 3050 1985; baseline 0 -17"><span class='ocrx_word' id='word_1_264' title='bbox 1998 1916 2125 1970; x_wconf 87' lang='lat' dir='ltr'>estis</span> <span class='ocrx_word' id='word_1_265' title='bbox 2145 1915 2319 1984; x_wconf 73' lang='lat' dir='ltr'>juxta</span> <span class='ocrx_word' id='word_1_266' title='bbox 2341 1917 2758 1985; x_wconf 83' lang='lat' dir='ltr'>promissionem</span> <span class='ocrx_word' id='word_1_267' title='bbox 2793 1915 3050 1970; x_wconf 67' lang='lat' dir='ltr'>han-edes.</span> 
     </span>
    </p>
   </div>
   <div class='ocr_carea' id='block_1_36' title="bbox 310 1996 1890 2076">
    <p class='ocr_par' dir='ltr' id='par_1_36' title="bbox 310 1996 1883 2074">
     <span class='ocr_line' id='line_1_36' title="bbox 310 1996 1883 2074; baseline -0.001 -19"><span class='ocrx_word' id='word_1_268' title='bbox 310 1996 530 2069; x_wconf 80' lang='grc' dir='ltr'>Ἐπειδὴ</span> <span class='ocrx_word' id='word_1_269' title='bbox 578 2001 714 2074; x_wconf 81' lang='grc' dir='ltr'>μέγα</span> <span class='ocrx_word' id='word_1_270' title='bbox 771 2002 919 2056; x_wconf 81' lang='grc' dir='ltr'>εἶπεν</span> <span class='ocrx_word' id='word_1_271' title='bbox 978 2000 1128 2063; x_wconf 73' lang='grc' dir='ltr'>υἱοὺς</span> <span class='ocrx_word' id='word_1_272' title='bbox 1181 2005 1313 2057; x_wconf 90' lang='grc' dir='ltr'>Θεοῦ</span> <span class='ocrx_word' id='word_1_273' title='bbox 1372 2003 1519 2072; x_wconf 80' lang='grc' dir='ltr'>ἡμᾶς</span> <span class='ocrx_word' id='word_1_274' title='bbox 1574 1998 1883 2069; x_wconf 82' lang='grc' dir='ltr'>κεκληκὼς,</span> 
     </span>
    </p>
   </div>
   <div class='ocr_carea' id='block_1_37' title="bbox 2004 1996 3640 2076">
    <p class='ocr_par' dir='ltr' id='par_1_37' title="bbox 2071 2001 3640 2076">
     <span class='ocr_line' id='line_1_37' title="bbox 2071 2001 3640 2076; baseline -0.001 -19"><span class='ocrx_word' id='word_1_275' title='bbox 2071 2004 2359 2068; x_wconf 85' lang='lat' dir='ltr'>Quoniam</span> <span class='ocrx_word' id='word_1_276' title='bbox 2392 2021 2674 2076; x_wconf 79' lang='lat' dir='ltr'>magnum</span> <span class='ocrx_word' id='word_1_277' title='bbox 2707 2009 2797 2058; x_wconf 90' lang='lat' dir='ltr'>est</span> <span class='ocrx_word' id='word_1_278' title='bbox 2825 2003 2984 2074; x_wconf 91' lang='lat' dir='ltr'>quod</span> <span class='ocrx_word' id='word_1_279' title='bbox 3013 2002 3162 2056; x_wconf 87' lang='lat' dir='ltr'>dixit</span> <span class='ocrx_word' id='word_1_280' title='bbox 3189 2019 3300 2056; x_wconf 89' lang='lat' dir='ltr'>nos</span> <span class='ocrx_word' id='word_1_281' title='bbox 3333 2002 3488 2056; x_wconf 90' lang='lat' dir='ltr'>ﬁlios</span> <span class='ocrx_word' id='word_1_282' title='bbox 3537 2001 3640 2056; x_wconf 88' lang='lat' dir='ltr'>Dei</span> 
     </span>
    </p>
   </div>
   <div class='ocr_carea' id='block_1_38' title="bbox 235 2085 1889 2167">
    <p class='ocr_par' dir='ltr' id='par_1_38' title="bbox 235 2085 1889 2167">
     <span class='ocr_line' id='line_1_38' title="bbox 235 2085 1889 2167; baseline 0.001 -26"><span class='ocrx_word' id='word_1_283' title='bbox 235 2085 497 2165; x_wconf 70' lang='grc' dir='ltr'>λέγεικαὶ</span> <span class='ocrx_word' id='word_1_284' title='bbox 528 2089 619 2142; x_wconf 85' lang='grc' dir='ltr'>τὸν</span> <span class='ocrx_word' id='word_1_285' title='bbox 643 2089 847 2161; x_wconf 87' lang='grc' dir='ltr'>τρόπον</span> <span class='ocrx_word' id='word_1_286' title='bbox 879 2093 996 2153; x_wconf 81' lang='grc' dir='ltr'>πῶς</span> <span class='ocrx_word' id='word_1_287' title='bbox 1047 2089 1365 2164; x_wconf 81' lang='grc' dir='ltr'>γενόναμεν.</span> <span class='ocrx_word' id='word_1_288' title='bbox 1417 2090 1642 2167; x_wconf 67' lang='grc' dir='ltr'>Ὠφιιλε</span> <span class='ocrx_word' id='word_1_289' title='bbox 1700 2085 1758 2142; x_wconf 77' lang='grc' dir='ltr'>δὲ</span> <span class='ocrx_word' id='word_1_290' title='bbox 1815 2087 1889 2149; x_wconf 79' lang='grc' dir='ltr'>ὡς</span> 
     </span>
    </p>
   </div>
   <div class='ocr_carea' id='block_1_39' title="bbox 230 2178 1892 2253">
    <p class='ocr_par' dir='ltr' id='par_1_39' title="bbox 230 2178 1892 2253">
     <span class='ocr_line' id='line_1_39' title="bbox 230 2178 1892 2253; baseline -0.001 -20"><span class='ocrx_word' id='word_1_291' title='bbox 230 2178 370 2253; x_wconf 84' lang='grc' dir='ltr'>πρὸς</span> <span class='ocrx_word' id='word_1_292' title='bbox 401 2179 464 2234; x_wconf 85' lang='grc' dir='ltr'>τὸ</span> <span class='ocrx_word' id='word_1_293' title='bbox 492 2179 855 2253; x_wconf 82' lang='grc' dir='ltr'>προκείμενον</span> <span class='ocrx_word' id='word_1_294' title='bbox 902 2181 1045 2253; x_wconf 73' lang='grc' dir='ltr'>νόμοι</span> <span class='ocrx_word' id='word_1_295' title='bbox 1078 2179 1271 2246; x_wconf 78' lang='grc' dir='ltr'>εἰπεῖν,</span> <span class='ocrx_word' id='word_1_296' title='bbox 1334 2203 1355 2229; x_wconf 74' lang='grc' dir='ltr'><em>α</em></span> <span class='ocrx_word' id='word_1_297' title='bbox 1407 2181 1566 2238; x_wconf 77' lang='grc' dir='ltr'>’Όσοι</span> <span class='ocrx_word' id='word_1_298' title='bbox 1625 2178 1701 2241; x_wconf 55' lang='lat' dir='ltr'>sic;</span> <span class='ocrx_word' id='word_1_299' title='bbox 1758 2183 1892 2252; x_wconf 81' lang='grc' dir='ltr'>Χρι-</span> 
     </span>
    </p>
   </div>
   <div class='ocr_carea' id='block_1_40' title="bbox 231 2261 1888 2345">
    <p class='ocr_par' dir='ltr' id='par_1_40' title="bbox 231 2261 1888 2345">
     <span class='ocr_line' id='line_1_40' title="bbox 231 2261 1888 2345; baseline -0.001 -25"><span class='ocrx_word' id='word_1_300' title='bbox 231 2267 354 2321; x_wconf 86' lang='grc' dir='ltr'>στὸν</span> <span class='ocrx_word' id='word_1_301' title='bbox 384 2261 772 2338; x_wconf 75' lang='grc' dir='ltr'>ἐϐαπτίσθητε,</span> <span class='ocrx_word' id='word_1_302' title='bbox 833 2267 942 2321; x_wconf 83' lang='grc' dir='ltr'>υίοῖ</span> <span class='ocrx_word' id='word_1_303' title='bbox 1000 2272 1134 2322; x_wconf 90' lang='grc' dir='ltr'>Θεοῦ</span> <span class='ocrx_word' id='word_1_304' title='bbox 1191 2269 1472 2345; x_wconf 77' lang='grc' dir='ltr'>γεγόνατε·</span> <span class='ocrx_word' id='word_1_305' title='bbox 1510 2291 1536 2318; x_wconf 82' lang='lat' dir='ltr'>n</span> <span class='ocrx_word' id='word_1_306' title='bbox 1589 2265 1724 2335; x_wconf 78' lang='grc' dir='ltr'>αὓτη</span> <span class='ocrx_word' id='word_1_307' title='bbox 1782 2266 1888 2340; x_wconf 71' lang='grc' dir='ltr'>γὰρ</span> 
     </span>
    </p>
   </div>
   <div class='ocr_carea' id='block_1_41' title="bbox 230 2353 1888 2430">
    <p class='ocr_par' dir='ltr' id='par_1_41' title="bbox 230 2353 1888 2430">
     <span class='ocr_line' id='line_1_41' title="bbox 230 2353 1888 2430; baseline -0.001 -21"><span class='ocrx_word' id='word_1_308' title='bbox 230 2356 266 2424; x_wconf 82' lang='grc' dir='ltr'>ἠ</span> <span class='ocrx_word' id='word_1_309' title='bbox 321 2353 640 2414; x_wconf 67' lang='grc' dir='ltr'>ακολουθία.</span> <span class='ocrx_word' id='word_1_310' title='bbox 673 2354 855 2412; x_wconf 78' lang='grc' dir='ltr'>Ἀλλά</span> <span class='ocrx_word' id='word_1_311' title='bbox 909 2357 999 2410; x_wconf 74' lang='grc' dir='ltr'>καὶ</span> <span class='ocrx_word' id='word_1_312' title='bbox 1066 2360 1158 2410; x_wconf 90' lang='grc' dir='ltr'>νῦν</span> <span class='ocrx_word' id='word_1_313' title='bbox 1218 2355 1378 2429; x_wconf 78' lang='grc' dir='ltr'>ἄλλῳ</span> <span class='ocrx_word' id='word_1_314' title='bbox 1415 2356 1604 2430; x_wconf 85' lang='grc' dir='ltr'>τρόπῳ</span> <span class='ocrx_word' id='word_1_315' title='bbox 1674 2354 1888 2426; x_wconf 78' lang='grc' dir='ltr'>μᾶλλον</span> 
     </span>
    </p>
   </div>
   <div class='ocr_carea' id='block_1_42' title="bbox 234 2443 1889 2521">
    <p class='ocr_par' dir='ltr' id='par_1_42' title="bbox 234 2443 1889 2521">
     <span class='ocr_line' id='line_1_42' title="bbox 234 2443 1889 2521; baseline -0.002 -21"><span class='ocrx_word' id='word_1_316' title='bbox 234 2445 613 2520; x_wconf 82' lang='grc' dir='ltr'>περιγεγονότι</span> <span class='ocrx_word' id='word_1_317' title='bbox 643 2446 707 2499; x_wconf 87' lang='grc' dir='ltr'>τὸ</span> <span class='ocrx_word' id='word_1_318' title='bbox 751 2444 880 2499; x_wconf 81' lang='grc' dir='ltr'>αὐτὸ</span> <span class='ocrx_word' id='word_1_319' title='bbox 932 2445 1101 2501; x_wconf 79' lang='grc' dir='ltr'>εἶπεν.</span> <span class='ocrx_word' id='word_1_320' title='bbox 1164 2444 1226 2501; x_wconf 84' lang='grc' dir='ltr'>Εἰ</span> <span class='ocrx_word' id='word_1_321' title='bbox 1283 2445 1386 2521; x_wconf 66' lang='grc' dir='ltr'>γὰρ</span> <span class='ocrx_word' id='word_1_322' title='bbox 1453 2444 1546 2500; x_wconf 87' lang='grc' dir='ltr'>τὸν</span> <span class='ocrx_word' id='word_1_323' title='bbox 1604 2443 1726 2498; x_wconf 75' lang='grc' dir='ltr'>Υῖὸν</span> <span class='ocrx_word' id='word_1_324' title='bbox 1790 2446 1889 2497; x_wconf 86' lang='grc' dir='ltr'>τοῦ</span> 
     </span>
    </p>
   </div>
   <div class='ocr_carea' id='block_1_43' title="bbox 239 2528 1890 2610">
    <p class='ocr_par' dir='ltr' id='par_1_43' title="bbox 239 2528 1890 2610">
     <span class='ocr_line' id='line_1_43' title="bbox 239 2528 1890 2610; baseline -0.001 -24"><span class='ocrx_word' id='word_1_325' title='bbox 239 2536 373 2587; x_wconf 89' lang='grc' dir='ltr'>Θεοῦ</span> <span class='ocrx_word' id='word_1_326' title='bbox 401 2528 868 2605; x_wconf 73' lang='grc' dir='ltr'>ἐνδεδῦμεθα,και</span> <span class='ocrx_word' id='word_1_327' title='bbox 901 2535 1015 2587; x_wconf 83' lang='grc' dir='ltr'>οἷον</span> <span class='ocrx_word' id='word_1_328' title='bbox 1073 2534 1170 2602; x_wconf 76' lang='grc' dir='ltr'>τήν</span> <span class='ocrx_word' id='word_1_329' title='bbox 1231 2532 1414 2587; x_wconf 80' lang='grc' dir='ltr'>εἰκόνα</span> <span class='ocrx_word' id='word_1_330' title='bbox 1473 2531 1639 2586; x_wconf 78' lang='grc' dir='ltr'>αὐτοῦ</span> <span class='ocrx_word' id='word_1_331' title='bbox 1693 2529 1890 2610; x_wconf 71' lang='grc' dir='ltr'>ἠμφιέ-</span> 
     </span>
    </p>
   </div>
   <div class='ocr_carea' id='block_1_44' title="bbox 237 2618 1888 2694">
    <p class='ocr_par' dir='ltr' id='par_1_44' title="bbox 237 2618 1888 2694">
     <span class='ocr_line' id='line_1_44' title="bbox 237 2618 1888 2694; baseline -0.001 -20"><span class='ocrx_word' id='word_1_332' title='bbox 237 2634 434 2694; x_wconf 83' lang='grc' dir='ltr'>σμεθα,</span> <span class='ocrx_word' id='word_1_333' title='bbox 467 2619 702 2691; x_wconf 69' lang='grc' dir='ltr'>εὔδηλον</span> <span class='ocrx_word' id='word_1_334' title='bbox 735 2621 816 2675; x_wconf 80' lang='grc' dir='ltr'>ὅτι</span> <span class='ocrx_word' id='word_1_335' title='bbox 843 2624 932 2676; x_wconf 74' lang='grc' dir='ltr'>καὶ</span> <span class='ocrx_word' id='word_1_336' title='bbox 963 2628 1062 2690; x_wconf 76' lang='grc' dir='ltr'>τῆς</span> <span class='ocrx_word' id='word_1_337' title='bbox 1095 2621 1348 2691; x_wconf 67' lang='grc' dir='ltr'>υἷότητος</span> <span class='ocrx_word' id='word_1_338' title='bbox 1408 2621 1576 2676; x_wconf 83' lang='grc' dir='ltr'>αὐτοῦ</span> <span class='ocrx_word' id='word_1_339' title='bbox 1632 2618 1888 2674; x_wconf 76' lang='grc' dir='ltr'>κοινωνοί</span> 
     </span>
    </p>
   </div>
   <div class='ocr_carea' id='block_1_45' title="bbox 234 2707 1890 2785">
    <p class='ocr_par' dir='ltr' id='par_1_45' title="bbox 234 2707 1890 2785">
     <span class='ocr_line' id='line_1_45' title="bbox 234 2707 1890 2785; baseline 0 -21"><span class='ocrx_word' id='word_1_340' title='bbox 234 2709 419 2783; x_wconf 74' lang='grc' dir='ltr'>ἐσμεν.</span> <span class='ocrx_word' id='word_1_341' title='bbox 464 2710 527 2764; x_wconf 71' lang='grc' dir='ltr'>Εἴ</span> <span class='ocrx_word' id='word_1_342' title='bbox 558 2711 648 2764; x_wconf 80' lang='grc' dir='ltr'>καὶ</span> <span class='ocrx_word' id='word_1_343' title='bbox 681 2710 886 2772; x_wconf 85' lang='grc' dir='ltr'>ἐκεῖνος</span> <span class='ocrx_word' id='word_1_344' title='bbox 922 2711 1018 2783; x_wconf 72' lang='grc' dir='ltr'>μὲν</span> <span class='ocrx_word' id='word_1_345' title='bbox 1077 2711 1139 2765; x_wconf 86' lang='grc' dir='ltr'>τὸ</span> <span class='ocrx_word' id='word_1_346' title='bbox 1191 2711 1439 2785; x_wconf 86' lang='grc' dir='ltr'>γνήσιον,</span> <span class='ocrx_word' id='word_1_347' title='bbox 1470 2712 1634 2780; x_wconf 68' lang='grc' dir='ltr'>ἡμεῖς</span> <span class='ocrx_word' id='word_1_348' title='bbox 1693 2707 1749 2764; x_wconf 79' lang='grc' dir='ltr'>δὲ</span> <span class='ocrx_word' id='word_1_349' title='bbox 1827 2710 1890 2764; x_wconf 86' lang='grc' dir='ltr'>τὸ</span> 
     </span>
    </p>
   </div>
   <div class='ocr_carea' id='block_1_46' title="bbox 241 2797 1890 2874">
    <p class='ocr_par' dir='ltr' id='par_1_46' title="bbox 241 2797 1890 2874">
     <span class='ocr_line' id='line_1_46' title="bbox 241 2797 1890 2874; baseline -0.002 -21"><span class='ocrx_word' id='word_1_350' title='bbox 241 2799 382 2854; x_wconf 58' lang='lat' dir='ltr'>eam</span> <span class='ocrx_word' id='word_1_351' title='bbox 414 2798 635 2874; x_wconf 82' lang='grc' dir='ltr'>ἔχομεν.</span> <span class='ocrx_word' id='word_1_352' title='bbox 678 2821 698 2848; x_wconf 77' lang='grc' dir='ltr'><strong>α</strong></span> <span class='ocrx_word' id='word_1_353' title='bbox 734 2800 931 2860; x_wconf 66' lang='grc' dir='ltr'>Πάντες</span> <span class='ocrx_word' id='word_1_354' title='bbox 983 2799 1086 2874; x_wconf 67' lang='grc' dir='ltr'>γὰρ</span> <span class='ocrx_word' id='word_1_355' title='bbox 1146 2799 1301 2871; x_wconf 85' lang='grc' dir='ltr'>ὑμεῖς</span> <span class='ocrx_word' id='word_1_356' title='bbox 1361 2800 1436 2860; x_wconf 82' lang='grc' dir='ltr'>εἷς</span> <span class='ocrx_word' id='word_1_357' title='bbox 1493 2797 1609 2852; x_wconf 76' lang='grc' dir='ltr'>ἐστε</span> <span class='ocrx_word' id='word_1_358' title='bbox 1667 2797 1718 2852; x_wconf 82' lang='grc' dir='ltr'>ἐν</span> <span class='ocrx_word' id='word_1_359' title='bbox 1764 2805 1890 2862; x_wconf 76' lang='grc' dir='ltr'>Χοι-</span> 
     </span>
    </p>
   </div>
   <div class='ocr_carea' id='block_1_47' title="bbox 247 2884 1889 2963">
    <p class='ocr_par' dir='ltr' id='par_1_47' title="bbox 247 2884 1889 2963">
     <span class='ocr_line' id='line_1_47' title="bbox 247 2884 1889 2963; baseline -0.001 -20"><span class='ocrx_word' id='word_1_360' title='bbox 247 2893 357 2960; x_wconf 82' lang='grc' dir='ltr'>στῷ</span> <span class='ocrx_word' id='word_1_361' title='bbox 390 2890 589 2959; x_wconf 70' lang='grc' dir='ltr'>Ἰησοῦ.</span> <span class='ocrx_word' id='word_1_362' title='bbox 625 2914 652 2941; x_wconf 87' lang='grc'><strong>››</strong></span> <span class='ocrx_word' id='word_1_363' title='bbox 686 2893 774 2960; x_wconf 79' lang='grc' dir='ltr'>Τῷ</span> <span class='ocrx_word' id='word_1_364' title='bbox 802 2888 895 2943; x_wconf 83' lang='grc' dir='ltr'>’ὲνα</span> <span class='ocrx_word' id='word_1_365' title='bbox 925 2888 1093 2943; x_wconf 68' lang='grc' dir='ltr'>τῦπον</span> <span class='ocrx_word' id='word_1_366' title='bbox 1146 2888 1237 2942; x_wconf 82' lang='grc' dir='ltr'>καὶ</span> <span class='ocrx_word' id='word_1_367' title='bbox 1297 2889 1425 2961; x_wconf 80' lang='grc' dir='ltr'>μίαν</span> <span class='ocrx_word' id='word_1_368' title='bbox 1485 2888 1698 2963; x_wconf 66' lang='grc' dir='ltr'>μορφήν</span> <span class='ocrx_word' id='word_1_369' title='bbox 1751 2884 1889 2941; x_wconf 77' lang='grc' dir='ltr'>ἐνδε-</span> 
     </span>
    </p>
   </div>
   <div class='ocr_carea' id='block_1_48' title="bbox 244 2972 1886 3055">
    <p class='ocr_par' dir='ltr' id='par_1_48' title="bbox 244 2972 1886 3055">
     <span class='ocr_line' id='line_1_48' title="bbox 244 2972 1886 3055; baseline -0.002 -23"><span class='ocrx_word' id='word_1_370' title='bbox 244 2974 430 3032; x_wconf 82' lang='grc' dir='ltr'>δῦσθαι</span> <span class='ocrx_word' id='word_1_371' title='bbox 487 2981 585 3045; x_wconf 67' lang='grc' dir='ltr'>τήν</span> <span class='ocrx_word' id='word_1_372' title='bbox 638 2982 735 3033; x_wconf 88' lang='grc' dir='ltr'>τοῦ</span> <span class='ocrx_word' id='word_1_373' title='bbox 793 2981 1052 3052; x_wconf 79' lang='grc' dir='ltr'>Χριστοῦ,</span> <span class='ocrx_word' id='word_1_374' title='bbox 1111 2978 1201 3032; x_wconf 82' lang='grc' dir='ltr'>καὶ</span> <span class='ocrx_word' id='word_1_375' title='bbox 1264 2977 1389 3050; x_wconf 83' lang='grc' dir='ltr'>μίαν</span> <span class='ocrx_word' id='word_1_376' title='bbox 1444 2972 1590 3051; x_wconf 63' lang='grc' dir='ltr'>ἔχειν</span> <span class='ocrx_word' id='word_1_377' title='bbox 1644 2974 1886 3055; x_wconf 65' lang='grc' dir='ltr'>κεφαλὴν</span> 
     </span>
    </p>
   </div>
   <div class='ocr_carea' id='block_1_49' title="bbox 237 3062 1889 3139">
    <p class='ocr_par' dir='ltr' id='par_1_49' title="bbox 237 3062 1889 3139">
     <span class='ocr_line' id='line_1_49' title="bbox 237 3062 1889 3139; baseline -0.002 -17"><span class='ocrx_word' id='word_1_378' title='bbox 237 3068 424 3137; x_wconf 79' lang='grc' dir='ltr'>αὐτὸν,</span> <span class='ocrx_word' id='word_1_379' title='bbox 495 3068 584 3122; x_wconf 82' lang='grc' dir='ltr'>καὶ</span> <span class='ocrx_word' id='word_1_380' title='bbox 642 3067 846 3130; x_wconf 69' lang='grc' dir='ltr'>πάντας</span> <span class='ocrx_word' id='word_1_381' title='bbox 903 3067 978 3128; x_wconf 84' lang='grc' dir='ltr'>εἷς</span> <span class='ocrx_word' id='word_1_382' title='bbox 1036 3062 1086 3120; x_wconf 82' lang='grc' dir='ltr'>ἔν</span> <span class='ocrx_word' id='word_1_383' title='bbox 1144 3071 1301 3139; x_wconf 75' lang='grc' dir='ltr'>σῶμα</span> <span class='ocrx_word' id='word_1_384' title='bbox 1359 3063 1651 3121; x_wconf 81' lang='grc' dir='ltr'>συντελεῖν.</span> <span class='ocrx_word' id='word_1_385' title='bbox 1714 3090 1741 3115; x_wconf 90' lang='grc'>‹‹</span> <span class='ocrx_word' id='word_1_386' title='bbox 1804 3065 1889 3118; x_wconf 81' lang='grc' dir='ltr'>Ἐν</span> 
     </span>
    </p>
   </div>
   <div class='ocr_carea' id='block_1_50' title="bbox 238 3153 1888 3235">
    <p class='ocr_par' dir='ltr' id='par_1_50' title="bbox 238 3153 1888 3235">
     <span class='ocr_line' id='line_1_50' title="bbox 238 3153 1888 3235; baseline -0.004 -23"><span class='ocrx_word' id='word_1_387' title='bbox 238 3160 486 3232; x_wconf 77' lang='grc' dir='ltr'>Χριστῷ,</span> <span class='ocrx_word' id='word_1_388' title='bbox 540 3156 727 3235; x_wconf 68' lang='grc' dir='ltr'>φησὶν,</span> <span class='ocrx_word' id='word_1_389' title='bbox 782 3157 985 3226; x_wconf 63' lang='grc' dir='ltr'>Ἰησοῦ.</span> <span class='ocrx_word' id='word_1_390' title='bbox 1047 3178 1074 3207; x_wconf 84' lang='grc'><strong>››</strong></span> <span class='ocrx_word' id='word_1_391' title='bbox 1136 3155 1214 3211; x_wconf 85' lang='grc' dir='ltr'>Δι’</span> <span class='ocrx_word' id='word_1_392' title='bbox 1269 3153 1430 3209; x_wconf 80' lang='grc' dir='ltr'>αὐτὸν</span> <span class='ocrx_word' id='word_1_393' title='bbox 1481 3153 1587 3228; x_wconf 80' lang='grc' dir='ltr'>γὰρ</span> <span class='ocrx_word' id='word_1_394' title='bbox 1636 3153 1698 3207; x_wconf 89' lang='grc' dir='ltr'>τὸ</span> <span class='ocrx_word' id='word_1_395' title='bbox 1753 3154 1888 3207; x_wconf 82' lang='grc' dir='ltr'>εἶναι</span> 
     </span>
    </p>
   </div>
   <div class='ocr_carea' id='block_1_51' title="bbox 235 3241 1884 3321">
    <p class='ocr_par' dir='ltr' id='par_1_51' title="bbox 235 3241 1884 3321">
     <span class='ocr_line' id='line_1_51' title="bbox 235 3241 1884 3321; baseline -0.002 -21"><span class='ocrx_word' id='word_1_396' title='bbox 235 3241 464 3321; x_wconf 78' lang='grc' dir='ltr'>ἔχομεν,</span> <span class='ocrx_word' id='word_1_397' title='bbox 523 3242 611 3299; x_wconf 78' lang='grc' dir='ltr'>διὰ</span> <span class='ocrx_word' id='word_1_398' title='bbox 667 3249 762 3300; x_wconf 88' lang='grc' dir='ltr'>τοῦ</span> <span class='ocrx_word' id='word_1_399' title='bbox 815 3245 1046 3316; x_wconf 81' lang='grc' dir='ltr'>σταυροῦ</span> <span class='ocrx_word' id='word_1_400' title='bbox 1104 3243 1289 3310; x_wconf 74' lang='grc' dir='ltr'>αὐτοῦ,</span> <span class='ocrx_word' id='word_1_401' title='bbox 1347 3243 1433 3297; x_wconf 88' lang='grc' dir='ltr'>καὶ</span> <span class='ocrx_word' id='word_1_402' title='bbox 1493 3246 1590 3296; x_wconf 84' lang='grc' dir='ltr'>τοῦ</span> <span class='ocrx_word' id='word_1_403' title='bbox 1634 3243 1884 3311; x_wconf 73' lang='grc' dir='ltr'>Θανάτου,</span> 
     </span>
    </p>
   </div>
   <div class='ocr_carea' id='block_1_52' title="bbox 239 3327 1888 3408">
    <p class='ocr_par' dir='ltr' id='par_1_52' title="bbox 239 3327 1888 3408">
     <span class='ocr_line' id='line_1_52' title="bbox 239 3327 1888 3408; baseline -0.004 -18"><span class='ocrx_word' id='word_1_404' title='bbox 239 3334 332 3390; x_wconf 68' lang='grc' dir='ltr'>καὶ</span> <span class='ocrx_word' id='word_1_405' title='bbox 388 3341 490 3404; x_wconf 85' lang='grc' dir='ltr'>τῆς</span> <span class='ocrx_word' id='word_1_406' title='bbox 547 3335 797 3408; x_wconf 69' lang='grc' dir='ltr'>χάριτος.</span> <span class='ocrx_word' id='word_1_407' title='bbox 836 3361 855 3384; x_wconf 77' lang='grc' dir='ltr'>ι</span> <span class='ocrx_word' id='word_1_408' title='bbox 894 3333 952 3390; x_wconf 84' lang='grc' dir='ltr'><strong>Εἰ</strong></span> <span class='ocrx_word' id='word_1_409' title='bbox 995 3332 1051 3388; x_wconf 75' lang='grc' dir='ltr'>δὲ</span> <span class='ocrx_word' id='word_1_410' title='bbox 1113 3333 1267 3404; x_wconf 84' lang='grc' dir='ltr'>ὑμεῖς</span> <span class='ocrx_word' id='word_1_411' title='bbox 1322 3333 1573 3405; x_wconf 90' lang='grc' dir='ltr'>Χριστοῦ.</span> <span class='ocrx_word' id='word_1_412' title='bbox 1643 3356 1663 3381; x_wconf 76' lang='grc' dir='ltr'>ι</span> <span class='ocrx_word' id='word_1_413' title='bbox 1727 3330 1790 3386; x_wconf 79' lang='lat' dir='ltr'>Ei</span> <span class='ocrx_word' id='word_1_414' title='bbox 1832 3327 1888 3384; x_wconf 79' lang='grc' dir='ltr'>δὲ</span> 
     </span>
    </p>
   </div>
   <div class='ocr_carea' id='block_1_53' title="bbox 243 3419 1884 3499">
    <p class='ocr_par' dir='ltr' id='par_1_53' title="bbox 243 3419 1884 3499">
     <span class='ocr_line' id='line_1_53' title="bbox 243 3419 1884 3499; baseline -0.004 -20"><span class='ocrx_word' id='word_1_415' title='bbox 243 3425 397 3498; x_wconf 85' lang='grc' dir='ltr'>ὑμεῖς</span> <span class='ocrx_word' id='word_1_416' title='bbox 428 3423 544 3479; x_wconf 78' lang='grc' dir='ltr'>ἐστε</span> <span class='ocrx_word' id='word_1_417' title='bbox 575 3428 807 3499; x_wconf 85' lang='grc' dir='ltr'>Χριστοῦ</span> <span class='ocrx_word' id='word_1_418' title='bbox 841 3423 1025 3497; x_wconf 78' lang='grc' dir='ltr'>μορφῆ</span> <span class='ocrx_word' id='word_1_419' title='bbox 1059 3421 1149 3476; x_wconf 85' lang='grc' dir='ltr'>καὶ</span> <span class='ocrx_word' id='word_1_420' title='bbox 1182 3425 1363 3493; x_wconf 82' lang='grc' dir='ltr'>σῶμα,</span> <span class='ocrx_word' id='word_1_421' title='bbox 1422 3419 1608 3498; x_wconf 70' lang='grc' dir='ltr'>φησὶν,</span> <span class='ocrx_word' id='word_1_422' title='bbox 1661 3419 1884 3481; x_wconf 75' lang='grc' dir='ltr'>εἰκότως</span> 
     </span>
    </p>
   </div>
   <div class='ocr_carea' id='block_1_54' title="bbox 235 3505 1885 3587">
    <p class='ocr_par' dir='ltr' id='par_1_54' title="bbox 235 3505 1885 3587">
     <span class='ocr_line' id='line_1_54' title="bbox 235 3505 1885 3587; baseline -0.004 -19"><span class='ocrx_word' id='word_1_423' title='bbox 235 3518 332 3568; x_wconf 86' lang='grc' dir='ltr'>τοῦ</span> <span class='ocrx_word' id='word_1_424' title='bbox 361 3507 614 3587; x_wconf 75' lang='grc' dir='ltr'>Ἀϐραάμ</span> <span class='ocrx_word' id='word_1_425' title='bbox 655 3510 772 3566; x_wconf 87' lang='grc' dir='ltr'>ἐστε</span> <span class='ocrx_word' id='word_1_426' title='bbox 830 3512 1066 3585; x_wconf 72' lang='grc' dir='ltr'>σπέρμα.</span> <span class='ocrx_word' id='word_1_427' title='bbox 1127 3507 1349 3577; x_wconf 78' lang='grc' dir='ltr'>Ἐπειδὴ</span> <span class='ocrx_word' id='word_1_428' title='bbox 1421 3510 1524 3584; x_wconf 74' lang='grc' dir='ltr'>γὰρ</span> <span class='ocrx_word' id='word_1_429' title='bbox 1583 3505 1885 3582; x_wconf 82' lang='grc' dir='ltr'>ἔμπροσθεν</span> 
     </span>
    </p>
   </div>
   <div class='ocr_carea' id='block_1_55' title="bbox 239 3594 1890 3679">
    <p class='ocr_par' dir='ltr' id='par_1_55' title="bbox 239 3594 1890 3679">
     <span class='ocr_line' id='line_1_55' title="bbox 239 3594 1890 3679; baseline -0.004 -21"><span class='ocrx_word' id='word_1_430' title='bbox 239 3598 448 3679; x_wconf 81' lang='grc' dir='ltr'>ἔλεγεν,</span> <span class='ocrx_word' id='word_1_431' title='bbox 481 3601 565 3656; x_wconf 80' lang='grc' dir='ltr'>ὅτι</span> <span class='ocrx_word' id='word_1_432' title='bbox 598 3602 626 3656; x_wconf 83' lang='grc' dir='ltr'>ὁ</span> <span class='ocrx_word' id='word_1_433' title='bbox 658 3602 885 3674; x_wconf 80' lang='grc' dir='ltr'>Χριστὸς</span> <span class='ocrx_word' id='word_1_434' title='bbox 921 3602 1137 3675; x_wconf 72' lang='grc' dir='ltr'>σπέρμα</span> <span class='ocrx_word' id='word_1_435' title='bbox 1169 3594 1426 3673; x_wconf 74' lang='grc' dir='ltr'>Ἀϐραάμ</span> <span class='ocrx_word' id='word_1_436' title='bbox 1458 3597 1570 3653; x_wconf 84' lang='grc' dir='ltr'>ἐστι</span> <span class='ocrx_word' id='word_1_437' title='bbox 1625 3597 1688 3652; x_wconf 88' lang='grc' dir='ltr'>τὸ</span> <span class='ocrx_word' id='word_1_438' title='bbox 1753 3597 1890 3652; x_wconf 81' lang='grc' dir='ltr'>κατὰ</span> 
     </span>
    </p>
   </div>
   <div class='ocr_carea' id='block_1_56' title="bbox 239 3682 1888 3766">
    <p class='ocr_par' dir='ltr' id='par_1_56' title="bbox 239 3682 1888 3766">
     <span class='ocr_line' id='line_1_56' title="bbox 239 3682 1888 3766; baseline -0.004 -20"><span class='ocrx_word' id='word_1_439' title='bbox 239 3691 411 3766; x_wconf 76' lang='grc' dir='ltr'>σάρκα</span> <span class='ocrx_word' id='word_1_440' title='bbox 461 3691 632 3763; x_wconf 74' lang='grc' dir='ltr'>(αὐτῷ</span> <span class='ocrx_word' id='word_1_441' title='bbox 686 3690 777 3745; x_wconf 83' lang='grc' dir='ltr'>οὖν</span> <span class='ocrx_word' id='word_1_442' title='bbox 835 3695 915 3762; x_wconf 78' lang='grc' dir='ltr'>τῷ</span> <span class='ocrx_word' id='word_1_443' title='bbox 992 3690 1260 3763; x_wconf 65' lang='grc' dir='ltr'>σπέρματι</span> <span class='ocrx_word' id='word_1_444' title='bbox 1318 3682 1571 3761; x_wconf 74' lang='grc' dir='ltr'>Ἀϐραὰμ</span> <span class='ocrx_word' id='word_1_445' title='bbox 1627 3682 1888 3756; x_wconf 65' lang='grc' dir='ltr'>ἐδόθησαν</span> 
     </span>
    </p>
   </div>
   <div class='ocr_carea' id='block_1_57' title="bbox 246 3773 1891 3855">
    <p class='ocr_par' dir='ltr' id='par_1_57' title="bbox 246 3773 1891 3855">
     <span class='ocr_line' id='line_1_57' title="bbox 246 3773 1891 3855; baseline -0.004 -21"><span class='ocrx_word' id='word_1_446' title='bbox 246 3781 299 3834; x_wconf 76' lang='grc' dir='ltr'>αῖ</span> <span class='ocrx_word' id='word_1_447' title='bbox 333 3778 676 3855; x_wconf 84' lang='grc' dir='ltr'>ἐπαγγελίαι,</span> <span class='ocrx_word' id='word_1_448' title='bbox 727 3780 977 3833; x_wconf 66' lang='grc' dir='ltr'>τουτέστι</span> <span class='ocrx_word' id='word_1_449' title='bbox 1034 3782 1112 3849; x_wconf 79' lang='grc' dir='ltr'>τῷ</span> <span class='ocrx_word' id='word_1_450' title='bbox 1167 3777 1431 3851; x_wconf 79' lang='grc' dir='ltr'>Χριστῷ),</span> <span class='ocrx_word' id='word_1_451' title='bbox 1486 3778 1575 3828; x_wconf 89' lang='grc' dir='ltr'>νῦν</span> <span class='ocrx_word' id='word_1_452' title='bbox 1613 3775 1706 3830; x_wconf 88' lang='grc' dir='ltr'>τὸν</span> <span class='ocrx_word' id='word_1_453' title='bbox 1760 3773 1891 3829; x_wconf 76' lang='grc' dir='ltr'>αὐτὸ</span> 
     </span>
    </p>
   </div>
   <div class='ocr_carea' id='block_1_58' title="bbox 245 3865 1891 3948">
    <p class='ocr_par' dir='ltr' id='par_1_58' title="bbox 245 3865 1891 3948">
     <span class='ocr_line' id='line_1_58' title="bbox 245 3865 1891 3948; baseline -0.005 -24"><span class='ocrx_word' id='word_1_454' title='bbox 245 3867 754 3948; x_wconf 70' lang='grc' dir='ltr'>ἀνακεφαλαιοῦται.</span> <span class='ocrx_word' id='word_1_455' title='bbox 843 3866 914 3924; x_wconf 72' lang='lat' dir='ltr'>Ei’</span> <span class='ocrx_word' id='word_1_456' title='bbox 965 3866 1103 3934; x_wconf 73' lang='grc' dir='ltr'>ἐστε,</span> <span class='ocrx_word' id='word_1_457' title='bbox 1163 3866 1318 3938; x_wconf 73' lang='grc' dir='ltr'>φησὶ,</span> <span class='ocrx_word' id='word_1_458' title='bbox 1392 3868 1551 3936; x_wconf 79' lang='grc' dir='ltr'>σῶμα</span> <span class='ocrx_word' id='word_1_459' title='bbox 1634 3865 1891 3937; x_wconf 83' lang='grc' dir='ltr'>Χριστοῦ,</span> 
     </span>
    </p>
   </div>
   <div class='ocr_carea' id='block_1_59' title="bbox 242 3949 1893 4031">
    <p class='ocr_par' dir='ltr' id='par_1_59' title="bbox 242 3949 1893 4031">
     <span class='ocr_line' id='line_1_59' title="bbox 242 3949 1893 4031; baseline -0.005 -18"><span class='ocrx_word' id='word_1_460' title='bbox 242 3961 458 4031; x_wconf 69' lang='grc' dir='ltr'>σπέρμα</span> <span class='ocrx_word' id='word_1_461' title='bbox 481 3957 539 4013; x_wconf 85' lang='grc' dir='ltr'>τέ</span> <span class='ocrx_word' id='word_1_462' title='bbox 569 3957 685 4013; x_wconf 78' lang='grc' dir='ltr'>ἐστε</span> <span class='ocrx_word' id='word_1_463' title='bbox 719 3953 968 4031; x_wconf 73' lang='grc' dir='ltr'>Ἀϐραᾶμ</span> <span class='ocrx_word' id='word_1_464' title='bbox 993 3957 1082 4012; x_wconf 77' lang='grc' dir='ltr'>καὶ</span> <span class='ocrx_word' id='word_1_465' title='bbox 1115 3953 1455 4029; x_wconf 78' lang='grc' dir='ltr'>κληρινόμοι</span> <span class='ocrx_word' id='word_1_466' title='bbox 1486 3959 1586 4022; x_wconf 81' lang='grc' dir='ltr'>τῆς</span> <span class='ocrx_word' id='word_1_467' title='bbox 1609 3957 1688 4025; x_wconf 82' lang='grc' dir='ltr'>τῷ</span> <span class='ocrx_word' id='word_1_468' title='bbox 1729 3949 1893 4028; x_wconf 79' lang='grc' dir='ltr'>σπέρ-</span> 
     </span>
    </p>
   </div>
   <div class='ocr_carea' id='block_1_60' title="bbox 243 4043 1892 4122">
    <p class='ocr_par' dir='ltr' id='par_1_60' title="bbox 243 4043 1892 4122">
     <span class='ocr_line' id='line_1_60' title="bbox 243 4043 1892 4122; baseline -0.005 -19"><span class='ocrx_word' id='word_1_469' title='bbox 243 4068 373 4122; x_wconf 90' lang='grc' dir='ltr'>ματι</span> <span class='ocrx_word' id='word_1_470' title='bbox 406 4047 572 4102; x_wconf 77' lang='grc' dir='ltr'>αὐτοῦ</span> <span class='ocrx_word' id='word_1_471' title='bbox 603 4045 852 4117; x_wconf 76' lang='grc' dir='ltr'>δοθείσης</span> <span class='ocrx_word' id='word_1_472' title='bbox 887 4044 1278 4122; x_wconf 80' lang='grc' dir='ltr'>ἐπαγγελίας,ὁ</span> <span class='ocrx_word' id='word_1_473' title='bbox 1303 4043 1536 4117; x_wconf 77' lang='grc' dir='ltr'>Χριστὸς</span> <span class='ocrx_word' id='word_1_474' title='bbox 1562 4044 1892 4119; x_wconf 70' lang='grc' dir='ltr'>ἡμῖν,φτ,σί,</span> 
     </span>
    </p>
   </div>
   <div class='ocr_carea' id='block_1_61' title="bbox 234 4130 1894 4207">
    <p class='ocr_par' dir='ltr' id='par_1_61' title="bbox 234 4130 1894 4207">
     <span class='ocr_line' id='line_1_61' title="bbox 234 4130 1894 4207; baseline -0.005 -15"><span class='ocrx_word' id='word_1_475' title='bbox 234 4138 451 4192; x_wconf 69' lang='grc' dir='ltr'>τούτων</span> <span class='ocrx_word' id='word_1_476' title='bbox 486 4136 686 4198; x_wconf 83' lang='grc' dir='ltr'>αἳτιος,</span> <span class='ocrx_word' id='word_1_477' title='bbox 719 4135 746 4188; x_wconf 82' lang='grc' dir='ltr'>ὁ</span> <span class='ocrx_word' id='word_1_478' title='bbox 779 4139 940 4207; x_wconf 83' lang='grc' dir='ltr'>σῶμα</span> <span class='ocrx_word' id='word_1_479' title='bbox 969 4137 1117 4206; x_wconf 77' lang='grc' dir='ltr'>ἡμᾶς</span> <span class='ocrx_word' id='word_1_480' title='bbox 1147 4133 1322 4204; x_wconf 74' lang='grc' dir='ltr'>ἑαυτῷ</span> <span class='ocrx_word' id='word_1_481' title='bbox 1379 4130 1772 4204; x_wconf 78' lang='grc' dir='ltr'>ποιησάμενος,</span> <span class='ocrx_word' id='word_1_482' title='bbox 1805 4131 1894 4184; x_wconf 84' lang='grc' dir='ltr'>καὶ</span> 
     </span>
    </p>
   </div>
   <div class='ocr_carea' id='block_1_62' title="bbox 242 4217 1896 4298">
    <p class='ocr_par' dir='ltr' id='par_1_62' title="bbox 242 4217 1896 4298">
     <span class='ocr_line' id='line_1_62' title="bbox 242 4217 1896 4298; baseline -0.005 -18"><span class='ocrx_word' id='word_1_483' title='bbox 242 4224 331 4282; x_wconf 81' lang='grc' dir='ltr'>διὰ</span> <span class='ocrx_word' id='word_1_484' title='bbox 360 4229 524 4281; x_wconf 84' lang='grc' dir='ltr'>τοῦτο</span> <span class='ocrx_word' id='word_1_485' title='bbox 555 4225 643 4279; x_wconf 81' lang='grc' dir='ltr'>καὶ</span> <span class='ocrx_word' id='word_1_486' title='bbox 673 4222 748 4285; x_wconf 84' lang='grc' dir='ltr'>εἷς</span> <span class='ocrx_word' id='word_1_487' title='bbox 781 4224 996 4298; x_wconf 74' lang='grc' dir='ltr'>σπέρμα</span> <span class='ocrx_word' id='word_1_488' title='bbox 1023 4227 1102 4295; x_wconf 79' lang='grc' dir='ltr'>τῷ</span> <span class='ocrx_word' id='word_1_489' title='bbox 1147 4217 1393 4297; x_wconf 75' lang='grc' dir='ltr'>’Δὸραὰμ</span> <span class='ocrx_word' id='word_1_490' title='bbox 1454 4219 1773 4295; x_wconf 68' lang='grc' dir='ltr'>εἰσαγαγὼι,</span> <span class='ocrx_word' id='word_1_491' title='bbox 1835 4217 1896 4272; x_wconf 81' lang='grc' dir='ltr'>οὐ</span> 
     </span>
    </p>
   </div>
   <div class='ocr_carea' id='block_1_63' title="bbox 243 4314 629 4388">
    <p class='ocr_par' dir='ltr' id='par_1_63' title="bbox 243 4314 629 4388">
     <span class='ocr_line' id='line_1_63' title="bbox 243 4314 629 4388; baseline -0.003 -19"><span class='ocrx_word' id='word_1_492' title='bbox 243 4317 350 4388; x_wconf 78' lang='grc' dir='ltr'>μὴν</span> <span class='ocrx_word' id='word_1_493' title='bbox 384 4316 412 4369; x_wconf 86' lang='grc' dir='ltr'><strong>ὁ</strong></span> <span class='ocrx_word' id='word_1_494' title='bbox 441 4314 629 4387; x_wconf 88' lang='grc' dir='ltr'>νόμος.</span> 
     </span>
    </p>
   </div>
   <div class='ocr_carea' id='block_1_64' title="bbox 887 4403 1256 4459">
    <p class='ocr_par' dir='ltr' id='par_1_64' title="bbox 887 4403 1256 4459">
     <span class='ocr_line' id='line_1_64' title="bbox 887 4403 1256 4459; baseline -0.014 0"><span class='ocrx_word' id='word_1_495' title='bbox 887 4404 1146 4459; x_wconf 82' lang='grc' dir='ltr'>ΚΕΦΑΛ.</span> <span class='ocrx_word' id='word_1_496' title='bbox 1179 4403 1256 4457; x_wconf 87' lang='grc' dir='ltr'>Η’.</span> 
     </span>
    </p>
   </div>
   <div class='ocr_carea' id='block_1_65' title="bbox 567 4487 1578 4560">
    <p class='ocr_par' dir='ltr' id='par_1_65' title="bbox 567 4487 1578 4560">
     <span class='ocr_line' id='line_1_65' title="bbox 567 4487 1578 4560; baseline -0.005 -11"><span class='ocrx_word' id='word_1_497' title='bbox 567 4494 690 4551; x_wconf 83' lang='grc' dir='ltr'>Ὀτι</span> <span class='ocrx_word' id='word_1_498' title='bbox 727 4493 832 4548; x_wconf 79' lang='grc' dir='ltr'>ὑπὸ</span> <span class='ocrx_word' id='word_1_499' title='bbox 861 4491 1031 4546; x_wconf 81' lang='grc' dir='ltr'>κτίσιν</span> <span class='ocrx_word' id='word_1_500' title='bbox 1054 4492 1188 4560; x_wconf 74' lang='grc' dir='ltr'>ἦσαν</span> <span class='ocrx_word' id='word_1_501' title='bbox 1223 4488 1273 4543; x_wconf 77' lang='grc' dir='ltr'>οἱ</span> <span class='ocrx_word' id='word_1_502' title='bbox 1317 4487 1368 4542; x_wconf 83' lang='grc' dir='ltr'>ἐν</span> <span class='ocrx_word' id='word_1_503' title='bbox 1401 4487 1578 4560; x_wconf 89' lang='grc' dir='ltr'>νόμῳ.</span> 
     </span>
    </p>
   </div>
   <div class='ocr_carea' id='block_1_66' title="bbox 321 4574 1901 4662">
    <p class='ocr_par' dir='ltr' id='par_1_66' title="bbox 321 4574 1901 4662">
     <span class='ocr_line' id='line_1_66' title="bbox 321 4574 1901 4662; baseline -0.007 -22"><span class='ocrx_word' id='word_1_504' title='bbox 321 4586 478 4660; x_wconf 72' lang='grc' dir='ltr'>Λέγω</span> <span class='ocrx_word' id='word_1_505' title='bbox 512 4582 593 4647; x_wconf 71' lang='grc' dir='ltr'>δὲ,</span> <span class='ocrx_word' id='word_1_506' title='bbox 626 4581 707 4662; x_wconf 74' lang='grc' dir='ltr'>ἐφ’</span> <span class='ocrx_word' id='word_1_507' title='bbox 770 4585 894 4638; x_wconf 80' lang='grc' dir='ltr'>ὅσον</span> <span class='ocrx_word' id='word_1_508' title='bbox 952 4581 1153 4658; x_wconf 89' lang='grc' dir='ltr'>χρόνον</span> <span class='ocrx_word' id='word_1_509' title='bbox 1213 4581 1242 4634; x_wconf 85' lang='grc' dir='ltr'>ὁ</span> <span class='ocrx_word' id='word_1_510' title='bbox 1295 4577 1652 4652; x_wconf 82' lang='grc' dir='ltr'>κληρονόμος</span> <span class='ocrx_word' id='word_1_511' title='bbox 1704 4574 1901 4646; x_wconf 86' lang='grc' dir='ltr'>νήπιός</span> 
     </span>
    </p>
   </div>
   <div class='ocr_carea' id='block_1_67' title="bbox 245 4662 1902 4749">
    <p class='ocr_par' dir='ltr' id='par_1_67' title="bbox 245 4662 1902 4749">
     <span class='ocr_line' id='line_1_67' title="bbox 245 4662 1902 4749; baseline -0.006 -21"><span class='ocrx_word' id='word_1_512' title='bbox 245 4673 418 4743; x_wconf 79' lang='grc' dir='ltr'>ἐστιν,</span> <span class='ocrx_word' id='word_1_513' title='bbox 475 4671 628 4728; x_wconf 69' lang='grc' dir='ltr'>οὐδὲν</span> <span class='ocrx_word' id='word_1_514' title='bbox 691 4669 934 4749; x_wconf 66' lang='grc' dir='ltr'>διαφέρει</span> <span class='ocrx_word' id='word_1_515' title='bbox 998 4669 1221 4740; x_wconf 71' lang='grc' dir='ltr'>δούλου,</span> <span class='ocrx_word' id='word_1_516' title='bbox 1284 4668 1482 4742; x_wconf 74' lang='grc' dir='ltr'>Κύριος</span> <span class='ocrx_word' id='word_1_517' title='bbox 1537 4667 1748 4722; x_wconf 77' lang='grc' dir='ltr'>πάντων</span> <span class='ocrx_word' id='word_1_518' title='bbox 1804 4662 1902 4732; x_wconf 79' lang='grc' dir='ltr'>ὢν,</span> 
     </span>
    </p>
   </div>
   <div class='ocr_carea' id='block_1_68' title="bbox 249 4753 1900 4836">
    <p class='ocr_par' dir='ltr' id='par_1_68' title="bbox 249 4753 1900 4836">
     <span class='ocr_line' id='line_1_68' title="bbox 249 4753 1900 4836; baseline -0.004 -20"><span class='ocrx_word' id='word_1_519' title='bbox 249 4761 398 4816; x_wconf 81' lang='grc' dir='ltr'>ἀλλὰ</span> <span class='ocrx_word' id='word_1_520' title='bbox 433 4763 536 4817; x_wconf 81' lang='grc' dir='ltr'>ὑπὸ</span> <span class='ocrx_word' id='word_1_521' title='bbox 569 4762 896 4836; x_wconf 83' lang='grc' dir='ltr'>ἐπιτρόπους</span> <span class='ocrx_word' id='word_1_522' title='bbox 925 4760 1033 4815; x_wconf 83' lang='grc' dir='ltr'>ἐστὶ</span> <span class='ocrx_word' id='word_1_523' title='bbox 1093 4758 1182 4814; x_wconf 81' lang='grc' dir='ltr'>καὶ</span> <span class='ocrx_word' id='word_1_524' title='bbox 1232 4757 1577 4830; x_wconf 86' lang='grc' dir='ltr'>οίκονόμους,</span> <span class='ocrx_word' id='word_1_525' title='bbox 1611 4753 1741 4831; x_wconf 75' lang='grc' dir='ltr'>ἄχρι</span> <span class='ocrx_word' id='word_1_526' title='bbox 1799 4761 1900 4824; x_wconf 78' lang='grc' dir='ltr'>τῆς</span> 
     </span>
    </p>
   </div>
   <div class='ocr_carea' id='block_1_69' title="bbox 247 4843 1900 4924">
    <p class='ocr_par' dir='ltr' id='par_1_69' title="bbox 247 4843 1900 4924">
     <span class='ocr_line' id='line_1_69' title="bbox 247 4843 1900 4924; baseline -0.003 -19"><span class='ocrx_word' id='word_1_527' title='bbox 247 4851 592 4924; x_wconf 76' lang='grc' dir='ltr'>προθεσμίας</span> <span class='ocrx_word' id='word_1_528' title='bbox 664 4855 761 4904; x_wconf 86' lang='grc' dir='ltr'>τοῦ</span> <span class='ocrx_word' id='word_1_529' title='bbox 817 4846 1040 4922; x_wconf 72' lang='grc' dir='ltr'>πατρός.</span> <span class='ocrx_word' id='word_1_530' title='bbox 1130 4847 1320 4908; x_wconf 71' lang='grc' dir='ltr'>Οῦτως</span> <span class='ocrx_word' id='word_1_531' title='bbox 1377 4849 1467 4901; x_wconf 78' lang='grc' dir='ltr'>καὶ</span> <span class='ocrx_word' id='word_1_532' title='bbox 1552 4849 1740 4920; x_wconf 74' lang='grc' dir='ltr'>ἡμεῖς,</span> <span class='ocrx_word' id='word_1_533' title='bbox 1811 4843 1900 4900; x_wconf 82' lang='grc' dir='ltr'>ὅτε</span> 
     </span>
    </p>
   </div>
   <div class='ocr_carea' id='block_1_70' title="bbox 246 4932 1897 5013">
    <p class='ocr_par' dir='ltr' id='par_1_70' title="bbox 246 4932 1897 5013">
     <span class='ocr_line' id='line_1_70' title="bbox 246 4932 1897 5013; baseline -0.003 -19"><span class='ocrx_word' id='word_1_534' title='bbox 246 4939 388 5013; x_wconf 67' lang='grc' dir='ltr'>ἦμεν</span> <span class='ocrx_word' id='word_1_535' title='bbox 417 4943 629 5012; x_wconf 90' lang='grc' dir='ltr'>νήπιοι,</span> <span class='ocrx_word' id='word_1_536' title='bbox 656 4940 761 4995; x_wconf 78' lang='grc' dir='ltr'>ὑπὸ</span> <span class='ocrx_word' id='word_1_537' title='bbox 787 4939 853 4994; x_wconf 84' lang='grc' dir='ltr'>τὰ</span> <span class='ocrx_word' id='word_1_538' title='bbox 883 4942 1128 5012; x_wconf 82' lang='grc' dir='ltr'>στοιχεῖν</span> <span class='ocrx_word' id='word_1_539' title='bbox 1156 4940 1253 4990; x_wconf 89' lang='grc' dir='ltr'>τοῦ</span> <span class='ocrx_word' id='word_1_540' title='bbox 1285 4936 1495 5008; x_wconf 87' lang='grc' dir='ltr'>κόσμου</span> <span class='ocrx_word' id='word_1_541' title='bbox 1524 4936 1665 5008; x_wconf 76' lang='grc' dir='ltr'>ἦμεν</span> <span class='ocrx_word' id='word_1_542' title='bbox 1700 4932 1897 4990; x_wconf 78' lang='grc' dir='ltr'>δεδου-</span> 
     </span>
    </p>
   </div>
   <div class='ocr_carea' id='block_1_71' title="bbox 249 5027 514 5104">
    <p class='ocr_par' dir='ltr' id='par_1_71' title="bbox 249 5027 514 5104">
     <span class='ocr_line' id='line_1_71' title="bbox 249 5027 514 5104; baseline -0.008 -18"><span class='ocrx_word' id='word_1_543' title='bbox 249 5027 514 5104; x_wconf 73' lang='grc' dir='ltr'>λωμένοι.</span> 
     </span>
    </p>
   </div>
   <div class='ocr_carea' id='block_1_72' title="bbox 319 5111 1900 5198">
    <p class='ocr_par' dir='ltr' id='par_1_72' title="bbox 319 5111 1900 5198">
     <span class='ocr_line' id='line_1_72' title="bbox 319 5111 1900 5198; baseline -0.003 -25"><span class='ocrx_word' id='word_1_544' title='bbox 319 5121 380 5174; x_wconf 85' lang='grc' dir='ltr'>Τί</span> <span class='ocrx_word' id='word_1_545' title='bbox 413 5121 516 5198; x_wconf 73' lang='grc' dir='ltr'>γὶρ</span> <span class='ocrx_word' id='word_1_546' title='bbox 553 5123 715 5190; x_wconf 86' lang='grc' dir='ltr'>;Ὃτι</span> <span class='ocrx_word' id='word_1_547' title='bbox 746 5116 948 5194; x_wconf 82' lang='grc' dir='ltr'>ὥριστο</span> <span class='ocrx_word' id='word_1_548' title='bbox 1004 5117 1151 5190; x_wconf 71' lang='grc' dir='ltr'>παρά</span> <span class='ocrx_word' id='word_1_549' title='bbox 1204 5118 1302 5169; x_wconf 84' lang='grc' dir='ltr'>τοῦ</span> <span class='ocrx_word' id='word_1_550' title='bbox 1359 5117 1523 5187; x_wconf 79' lang='grc' dir='ltr'>πατρὶ</span> <span class='ocrx_word' id='word_1_551' title='bbox 1555 5111 1722 5185; x_wconf 69' lang='grc' dir='ltr'>μηδὲν</span> <span class='ocrx_word' id='word_1_552' title='bbox 1757 5112 1900 5168; x_wconf 82' lang='grc' dir='ltr'>διοι-</span> 
     </span>
    </p>
   </div>
   <div class='ocr_carea' id='block_1_73' title="bbox 252 5199 1900 5284">
    <p class='ocr_par' dir='ltr' id='par_1_73' title="bbox 252 5199 1900 5284">
     <span class='ocr_line' id='line_1_73' title="bbox 252 5199 1900 5284; baseline -0.005 -20"><span class='ocrx_word' id='word_1_553' title='bbox 252 5213 389 5279; x_wconf 84' lang='grc' dir='ltr'>κεῖν,</span> <span class='ocrx_word' id='word_1_554' title='bbox 423 5207 554 5284; x_wconf 74' lang='grc' dir='ltr'>ἄχοι</span> <span class='ocrx_word' id='word_1_555' title='bbox 587 5215 683 5278; x_wconf 77' lang='grc' dir='ltr'>τῆς</span> <span class='ocrx_word' id='word_1_556' title='bbox 717 5209 964 5280; x_wconf 89' lang='grc' dir='ltr'>νομίμης</span> <span class='ocrx_word' id='word_1_557' title='bbox 996 5203 1240 5274; x_wconf 73' lang='grc' dir='ltr'>ἡλικίας.</span> <span class='ocrx_word' id='word_1_558' title='bbox 1276 5200 1468 5263; x_wconf 83' lang='grc' dir='ltr'>Καλῶς</span> <span class='ocrx_word' id='word_1_559' title='bbox 1518 5200 1574 5256; x_wconf 72' lang='grc' dir='ltr'>δὲ</span> <span class='ocrx_word' id='word_1_560' title='bbox 1604 5199 1775 5277; x_wconf 78' lang='grc' dir='ltr'>ἤγαγε</span> <span class='ocrx_word' id='word_1_561' title='bbox 1838 5202 1900 5256; x_wconf 87' lang='grc' dir='ltr'>τὸ</span> 
     </span>
    </p>
   </div>
   <div class='ocr_carea' id='block_1_74' title="bbox 249 5291 1901 5374">
    <p class='ocr_par' dir='ltr' id='par_1_74' title="bbox 249 5291 1901 5374">
     <span class='ocr_line' id='line_1_74' title="bbox 249 5291 1901 5374; baseline -0.005 -21"><span class='ocrx_word' id='word_1_562' title='bbox 249 5303 347 5353; x_wconf 87' lang='grc' dir='ltr'>τοῦ</span> <span class='ocrx_word' id='word_1_563' title='bbox 377 5299 576 5368; x_wconf 77' lang='grc' dir='ltr'>νηπίου</span> <span class='ocrx_word' id='word_1_564' title='bbox 606 5297 980 5374; x_wconf 75' lang='grc' dir='ltr'>παράδειγμα.</span> <span class='ocrx_word' id='word_1_565' title='bbox 1041 5297 1244 5365; x_wconf 84' lang='grc' dir='ltr'>Ὠσπερ</span> <span class='ocrx_word' id='word_1_566' title='bbox 1298 5293 1400 5370; x_wconf 67' lang='grc' dir='ltr'>γὰρ</span> <span class='ocrx_word' id='word_1_567' title='bbox 1457 5292 1660 5354; x_wconf 86' lang='grc' dir='ltr'>ἐκεῖνος</span> <span class='ocrx_word' id='word_1_568' title='bbox 1716 5291 1901 5366; x_wconf 70' lang='grc' dir='ltr'>κύριος</span> 
     </span>
    </p>
   </div>
   <div class='ocr_carea' id='block_1_75' title="bbox 250 5382 1902 5457">
    <p class='ocr_par' dir='ltr' id='par_1_75' title="bbox 250 5382 1902 5457">
     <span class='ocr_line' id='line_1_75' title="bbox 250 5382 1902 5457; baseline -0.006 -13"><span class='ocrx_word' id='word_1_569' title='bbox 250 5389 468 5444; x_wconf 78' lang='grc' dir='ltr'>πάντων</span> <span class='ocrx_word' id='word_1_570' title='bbox 498 5387 572 5442; x_wconf 81' lang='grc' dir='ltr'>ὢν</span> <span class='ocrx_word' id='word_1_571' title='bbox 635 5386 724 5442; x_wconf 78' lang='grc' dir='ltr'>διά</span> <span class='ocrx_word' id='word_1_572' title='bbox 778 5389 877 5453; x_wconf 72' lang='grc' dir='ltr'>τήν</span> <span class='ocrx_word' id='word_1_573' title='bbox 931 5385 1241 5454; x_wconf 60' lang='grc' dir='ltr'>νηπιότητα</span> <span class='ocrx_word' id='word_1_574' title='bbox 1297 5382 1570 5439; x_wconf 67' lang='grc' dir='ltr'>κωλύεται</span> <span class='ocrx_word' id='word_1_575' title='bbox 1629 5382 1902 5457; x_wconf 76' lang='grc' dir='ltr'>ἐγκρατεῖν</span> 
     </span>
    </p>
   </div>
   <div class='ocr_carea' id='block_1_76' title="bbox 250 5471 1900 5547">
    <p class='ocr_par' dir='ltr' id='par_1_76' title="bbox 250 5471 1900 5547">
     <span class='ocr_line' id='line_1_76' title="bbox 250 5471 1900 5547; baseline -0.005 -14"><span class='ocrx_word' id='word_1_576' title='bbox 250 5479 386 5533; x_wconf 72' lang='grc' dir='ltr'>εἶναι</span> <span class='ocrx_word' id='word_1_577' title='bbox 415 5482 522 5534; x_wconf 76' lang='grc' dir='ltr'>τῶν</span> <span class='ocrx_word' id='word_1_578' title='bbox 554 5478 738 5545; x_wconf 69' lang='grc' dir='ltr'>αὐτοῦ,</span> <span class='ocrx_word' id='word_1_579' title='bbox 772 5477 918 5532; x_wconf 75' lang='grc' dir='ltr'>οὕτω</span> <span class='ocrx_word' id='word_1_580' title='bbox 947 5475 1036 5531; x_wconf 79' lang='grc' dir='ltr'>καὶ</span> <span class='ocrx_word' id='word_1_581' title='bbox 1064 5477 1253 5547; x_wconf 70' lang='grc' dir='ltr'>ἡμεῖς,</span> <span class='ocrx_word' id='word_1_582' title='bbox 1287 5471 1374 5527; x_wconf 75' lang='grc' dir='ltr'>διά</span> <span class='ocrx_word' id='word_1_583' title='bbox 1420 5473 1481 5527; x_wconf 87' lang='grc' dir='ltr'>τὸ</span> <span class='ocrx_word' id='word_1_584' title='bbox 1533 5471 1705 5527; x_wconf 78' lang='grc' dir='ltr'>πάλαι</span> <span class='ocrx_word' id='word_1_585' title='bbox 1762 5471 1900 5525; x_wconf 75' lang='grc' dir='ltr'>εἶναι</span> 
     </span>
    </p>
   </div>
   <div class='ocr_carea' id='block_1_77' title="bbox 245 5562 1900 5640">
    <p class='ocr_par' dir='ltr' id='par_1_77' title="bbox 245 5562 1900 5640">
     <span class='ocr_line' id='line_1_77' title="bbox 245 5562 1900 5640; baseline -0.006 -16"><span class='ocrx_word' id='word_1_586' title='bbox 245 5569 438 5640; x_wconf 77' lang='grc' dir='ltr'>νήπιοι</span> <span class='ocrx_word' id='word_1_587' title='bbox 461 5569 552 5624; x_wconf 81' lang='grc' dir='ltr'>τὸν</span> <span class='ocrx_word' id='word_1_588' title='bbox 585 5571 732 5636; x_wconf 87' lang='grc' dir='ltr'>νοῦν,</span> <span class='ocrx_word' id='word_1_589' title='bbox 765 5565 1122 5639; x_wconf 71' lang='grc' dir='ltr'>ἐκωλυόμεθα</span> <span class='ocrx_word' id='word_1_590' title='bbox 1161 5571 1262 5634; x_wconf 83' lang='grc' dir='ltr'>τῆς</span> <span class='ocrx_word' id='word_1_591' title='bbox 1316 5562 1582 5625; x_wconf 74' lang='grc' dir='ltr'>υἱοθεσίας</span> <span class='ocrx_word' id='word_1_592' title='bbox 1637 5565 1734 5616; x_wconf 90' lang='grc' dir='ltr'>τοῦ</span> <span class='ocrx_word' id='word_1_593' title='bbox 1765 5563 1900 5616; x_wconf 78' lang='grc' dir='ltr'>Θεοῦ</span> 
     </span>
    </p>
   </div>
   <div class='ocr_carea' id='block_1_78' title="bbox 243 5651 1898 5732">
    <p class='ocr_par' dir='ltr' id='par_1_78' title="bbox 243 5651 1898 5732">
     <span class='ocr_line' id='line_1_78' title="bbox 243 5651 1898 5732; baseline -0.004 -19"><span class='ocrx_word' id='word_1_594' title='bbox 243 5655 558 5732; x_wconf 65' lang='grc' dir='ltr'>ἀξιωθῆναι.</span> <span class='ocrx_word' id='word_1_595' title='bbox 596 5683 623 5711; x_wconf 76' lang='grc' dir='ltr'><strong>ι(</strong></span> <span class='ocrx_word' id='word_1_596' title='bbox 681 5659 811 5714; x_wconf 73' lang='grc' dir='ltr'>Ὀτι</span> <span class='ocrx_word' id='word_1_597' title='bbox 871 5655 1007 5729; x_wconf 70' lang='grc' dir='ltr'>ἦμεν</span> <span class='ocrx_word' id='word_1_598' title='bbox 1066 5656 1279 5724; x_wconf 87' lang='grc' dir='ltr'>νήπιοι.</span> <span class='ocrx_word' id='word_1_599' title='bbox 1339 5676 1367 5704; x_wconf 89' lang='lat'><strong><em>»</em></strong></span> <span class='ocrx_word' id='word_1_600' title='bbox 1424 5653 1650 5723; x_wconf 79' lang='grc' dir='ltr'>Νήπιοι,</span> <span class='ocrx_word' id='word_1_601' title='bbox 1711 5651 1898 5729; x_wconf 74' lang='grc' dir='ltr'>φησὶν,</span> 
     </span>
    </p>
   </div>
   <div class='ocr_carea' id='block_1_79' title="bbox 2001 2090 3645 2164">
    <p class='ocr_par' dir='ltr' id='par_1_79' title="bbox 2001 2090 3645 2164">
     <span class='ocr_line' id='line_1_79' title="bbox 2001 2090 3645 2164; baseline -0.002 -17"><span class='ocrx_word' id='word_1_602' title='bbox 2001 2092 2394 2154; x_wconf 83' lang='lat' dir='ltr'>electos.dicit</span> <span class='ocrx_word' id='word_1_603' title='bbox 2425 2099 2483 2148; x_wconf 90' lang='lat' dir='ltr'>et</span> <span class='ocrx_word' id='word_1_604' title='bbox 2512 2093 2754 2149; x_wconf 89' lang='lat' dir='ltr'>modum</span> <span class='ocrx_word' id='word_1_605' title='bbox 2789 2109 2904 2164; x_wconf 92' lang='lat' dir='ltr'>quo</span> <span class='ocrx_word' id='word_1_606' title='bbox 2935 2091 3074 2148; x_wconf 82' lang='lat' dir='ltr'>facti</span> <span class='ocrx_word' id='word_1_607' title='bbox 3099 2090 3645 2146; x_wconf 86' lang='lat' dir='ltr'>sumus.Debuisset</span> 
     </span>
    </p>
   </div>
   <div class='ocr_carea' id='block_1_80' title="bbox 1999 2179 3642 2254">
    <p class='ocr_par' dir='ltr' id='par_1_80' title="bbox 1999 2179 3642 2254">
     <span class='ocr_line' id='line_1_80' title="bbox 1999 2179 3642 2254; baseline -0.002 -18"><span class='ocrx_word' id='word_1_608' title='bbox 1999 2187 2196 2238; x_wconf 88' lang='lat' dir='ltr'>autem</span> <span class='ocrx_word' id='word_1_609' title='bbox 2229 2189 2514 2254; x_wconf 89' lang='lat' dir='ltr'>quantum</span> <span class='ocrx_word' id='word_1_610' title='bbox 2536 2181 2607 2238; x_wconf 88' lang='lat' dir='ltr'>ad</span> <span class='ocrx_word' id='word_1_611' title='bbox 2632 2182 2997 2254; x_wconf 87' lang='lat' dir='ltr'>pr0positam</span> <span class='ocrx_word' id='word_1_612' title='bbox 3020 2181 3378 2236; x_wconf 88' lang='lat' dir='ltr'>sententiam</span> <span class='ocrx_word' id='word_1_613' title='bbox 3403 2179 3602 2233; x_wconf 89' lang='lat' dir='ltr'>dicere</span> <span class='ocrx_word' id='word_1_614' title='bbox 3628 2194 3642 2232; x_wconf 91' lang='lat'>:</span> 
     </span>
    </p>
   </div>
   <div class='ocr_carea' id='block_1_81' title="bbox 1999 2270 3648 2348">
    <p class='ocr_par' dir='ltr' id='par_1_81' title="bbox 1999 2270 3648 2348">
     <span class='ocr_line' id='line_1_81' title="bbox 1999 2270 3648 2348; baseline 0 -22"><span class='ocrx_word' id='word_1_615' title='bbox 1999 2299 2027 2326; x_wconf 84' lang='lat'><strong>«</strong></span> <span class='ocrx_word' id='word_1_616' title='bbox 2054 2277 2353 2348; x_wconf 83' lang='lat' dir='ltr'>Quotquot</span> <span class='ocrx_word' id='word_1_617' title='bbox 2408 2277 2469 2331; x_wconf 89' lang='lat' dir='ltr'>in</span> <span class='ocrx_word' id='word_1_618' title='bbox 2501 2276 2799 2331; x_wconf 90' lang='lat' dir='ltr'>Christum</span> <span class='ocrx_word' id='word_1_619' title='bbox 2832 2275 3108 2346; x_wconf 87' lang='lat' dir='ltr'>baptizati</span> <span class='ocrx_word' id='word_1_620' title='bbox 3168 2275 3330 2342; x_wconf 88' lang='lat' dir='ltr'>estis,</span> <span class='ocrx_word' id='word_1_621' title='bbox 3375 2272 3484 2328; x_wconf 89' lang='lat' dir='ltr'>ﬁlii</span> <span class='ocrx_word' id='word_1_622' title='bbox 3545 2270 3648 2327; x_wconf 87' lang='lat' dir='ltr'>Dei</span> 
     </span>
    </p>
   </div>
   <div class='ocr_carea' id='block_1_82' title="bbox 1997 2361 3648 2434">
    <p class='ocr_par' dir='ltr' id='par_1_82' title="bbox 1997 2361 3648 2434">
     <span class='ocr_line' id='line_1_82' title="bbox 1997 2361 3648 2434; baseline -0.001 -16"><span class='ocrx_word' id='word_1_623' title='bbox 1997 2363 2136 2419; x_wconf 86' lang='lat' dir='ltr'>facti</span> <span class='ocrx_word' id='word_1_624' title='bbox 2179 2365 2362 2430; x_wconf 86' lang='lat' dir='ltr'>estis;</span> <span class='ocrx_word' id='word_1_625' title='bbox 2399 2388 2425 2413; x_wconf 84' lang='lat'>»</span> <span class='ocrx_word' id='word_1_626' title='bbox 2457 2365 2585 2419; x_wconf 65' lang='lat' dir='ltr'>hzec</span> <span class='ocrx_word' id='word_1_627' title='bbox 2615 2365 2773 2419; x_wconf 90' lang='lat' dir='ltr'>enim</span> <span class='ocrx_word' id='word_1_628' title='bbox 2809 2370 2899 2419; x_wconf 91' lang='lat' dir='ltr'>est</span> <span class='ocrx_word' id='word_1_629' title='bbox 2924 2361 3374 2434; x_wconf 82' lang='lat' dir='ltr'>consequentia.</span> <span class='ocrx_word' id='word_1_630' title='bbox 3426 2361 3648 2416; x_wconf 89' lang='lat' dir='ltr'>Verum</span> 
     </span>
    </p>
   </div>
   <div class='ocr_carea' id='block_1_83' title="bbox 1997 2450 3646 2524">
    <p class='ocr_par' dir='ltr' id='par_1_83' title="bbox 1997 2450 3646 2524">
     <span class='ocr_line' id='line_1_83' title="bbox 1997 2450 3646 2524; baseline -0.001 -18"><span class='ocrx_word' id='word_1_631' title='bbox 1997 2469 2155 2507; x_wconf 89' lang='lat' dir='ltr'>nunc</span> <span class='ocrx_word' id='word_1_632' title='bbox 2190 2453 2366 2507; x_wconf 87' lang='lat' dir='ltr'>etiam</span> <span class='ocrx_word' id='word_1_633' title='bbox 2396 2453 2571 2508; x_wconf 91' lang='lat' dir='ltr'>modo</span> <span class='ocrx_word' id='word_1_634' title='bbox 2596 2453 2782 2524; x_wconf 79' lang='lat' dir='ltr'>magis</span> <span class='ocrx_word' id='word_1_635' title='bbox 2804 2452 3028 2508; x_wconf 80' lang='lat' dir='ltr'>efﬁcaci</span> <span class='ocrx_word' id='word_1_636' title='bbox 3058 2452 3214 2506; x_wconf 89' lang='lat' dir='ltr'>idem</span> <span class='ocrx_word' id='word_1_637' title='bbox 3239 2451 3409 2506; x_wconf 83' lang='lat' dir='ltr'>dixit.</span> <span class='ocrx_word' id='word_1_638' title='bbox 3427 2451 3574 2506; x_wconf 88' lang='lat' dir='ltr'>Nam</span> <span class='ocrx_word' id='word_1_639' title='bbox 3596 2450 3646 2504; x_wconf 89' lang='lat' dir='ltr'>si</span> 
     </span>
    </p>
   </div>
   <div class='ocr_carea' id='block_1_84' title="bbox 1997 2539 3646 2611">
    <p class='ocr_par' dir='ltr' id='par_1_84' title="bbox 1997 2539 3646 2611">
     <span class='ocr_line' id='line_1_84' title="bbox 1997 2539 3646 2611; baseline -0.001 -16"><span class='ocrx_word' id='word_1_640' title='bbox 1997 2541 2296 2596; x_wconf 86' lang='lat' dir='ltr'>Christum</span> <span class='ocrx_word' id='word_1_641' title='bbox 2331 2542 2434 2596; x_wconf 86' lang='lat' dir='ltr'>Dei</span> <span class='ocrx_word' id='word_1_642' title='bbox 2465 2542 2679 2597; x_wconf 89' lang='lat' dir='ltr'>Filium</span> <span class='ocrx_word' id='word_1_643' title='bbox 2716 2541 3109 2607; x_wconf 84' lang='lat' dir='ltr'>induimur,et</span> <span class='ocrx_word' id='word_1_644' title='bbox 3140 2549 3426 2611; x_wconf 89' lang='lat' dir='ltr'>tanquam</span> <span class='ocrx_word' id='word_1_645' title='bbox 3458 2539 3646 2610; x_wconf 87' lang='lat' dir='ltr'>ipsius</span> 
     </span>
    </p>
   </div>
   <div class='ocr_carea' id='block_1_85' title="bbox 1998 2628 3645 2704">
    <p class='ocr_par' dir='ltr' id='par_1_85' title="bbox 1998 2628 3645 2704">
     <span class='ocr_line' id='line_1_85' title="bbox 1998 2628 3645 2704; baseline -0.001 -20"><span class='ocrx_word' id='word_1_646' title='bbox 1998 2631 2317 2704; x_wconf 75' lang='lat' dir='ltr'>imaginem</span> <span class='ocrx_word' id='word_1_647' title='bbox 2377 2633 2681 2698; x_wconf 87' lang='lat' dir='ltr'>vestimus,</span> <span class='ocrx_word' id='word_1_648' title='bbox 2718 2631 3099 2686; x_wconf 82' lang='lat' dir='ltr'>manifestum</span> <span class='ocrx_word' id='word_1_649' title='bbox 3133 2638 3224 2685; x_wconf 89' lang='lat' dir='ltr'>est</span> <span class='ocrx_word' id='word_1_650' title='bbox 3274 2629 3431 2699; x_wconf 90' lang='lat' dir='ltr'>quod</span> <span class='ocrx_word' id='word_1_651' title='bbox 3463 2628 3645 2682; x_wconf 83' lang='lat' dir='ltr'>etiam</span> 
     </span>
    </p>
   </div>
   <div class='ocr_carea' id='block_1_86' title="bbox 1997 2715 3644 2792">
    <p class='ocr_par' dir='ltr' id='par_1_86' title="bbox 1997 2715 3644 2792">
     <span class='ocr_line' id='line_1_86' title="bbox 1997 2715 3644 2792; baseline -0.003 -18"><span class='ocrx_word' id='word_1_652' title='bbox 1997 2720 2304 2775; x_wconf 87' lang='lat' dir='ltr'>ﬁliationis</span> <span class='ocrx_word' id='word_1_653' title='bbox 2339 2721 2525 2792; x_wconf 88' lang='lat' dir='ltr'>ipsius</span> <span class='ocrx_word' id='word_1_654' title='bbox 2551 2720 2869 2792; x_wconf 83' lang='lat' dir='ltr'>participes</span> <span class='ocrx_word' id='word_1_655' title='bbox 2901 2720 3090 2773; x_wconf 86' lang='lat' dir='ltr'>simus</span> <span class='ocrx_word' id='word_1_656' title='bbox 3120 2736 3131 2772; x_wconf 88' lang='lat'><strong>:</strong></span> <span class='ocrx_word' id='word_1_657' title='bbox 3167 2733 3508 2789; x_wconf 83' lang='lat' dir='ltr'>quanquam</span> <span class='ocrx_word' id='word_1_658' title='bbox 3542 2715 3644 2770; x_wconf 86' lang='lat' dir='ltr'>ille</span> 
     </span>
    </p>
   </div>
   <div class='ocr_carea' id='block_1_87' title="bbox 1999 2805 3643 2878">
    <p class='ocr_par' dir='ltr' id='par_1_87' title="bbox 1999 2805 3643 2878">
     <span class='ocr_line' id='line_1_87' title="bbox 1999 2805 3643 2878; baseline -0.001 -16"><span class='ocrx_word' id='word_1_659' title='bbox 1999 2810 2108 2864; x_wconf 89' lang='lat' dir='ltr'>hoc</span> <span class='ocrx_word' id='word_1_660' title='bbox 2159 2810 2430 2864; x_wconf 86' lang='lat' dir='ltr'>naturale</span> <span class='ocrx_word' id='word_1_661' title='bbox 2491 2809 2686 2867; x_wconf 89' lang='lat' dir='ltr'>habet.</span> <span class='ocrx_word' id='word_1_662' title='bbox 2731 2825 2840 2862; x_wconf 91' lang='lat' dir='ltr'>nos</span> <span class='ocrx_word' id='word_1_663' title='bbox 2887 2825 3024 2862; x_wconf 86' lang='lat' dir='ltr'>vero</span> <span class='ocrx_word' id='word_1_664' title='bbox 3084 2825 3189 2878; x_wconf 88' lang='lat' dir='ltr'>per</span> <span class='ocrx_word' id='word_1_665' title='bbox 3239 2805 3643 2878; x_wconf 88' lang='lat' dir='ltr'>adoptionem.</span> 
     </span>
    </p>
   </div>
   <div class='ocr_carea' id='block_1_88' title="bbox 2001 2895 3646 2952">
    <p class='ocr_par' dir='ltr' id='par_1_88' title="bbox 2001 2895 3646 2952">
     <span class='ocr_line' id='line_1_88' title="bbox 2001 2895 3646 2952; baseline -0.002 -1"><span class='ocrx_word' id='word_1_666' title='bbox 2001 2919 2027 2946; x_wconf 86' lang='lat'><strong>«</strong></span> <span class='ocrx_word' id='word_1_667' title='bbox 2063 2899 2281 2952; x_wconf 85' lang='lat' dir='ltr'>Omnes</span> <span class='ocrx_word' id='word_1_668' title='bbox 2309 2898 2467 2951; x_wconf 90' lang='lat' dir='ltr'>enim</span> <span class='ocrx_word' id='word_1_669' title='bbox 2503 2914 2600 2951; x_wconf 85' lang='lat' dir='ltr'>vos</span> <span class='ocrx_word' id='word_1_670' title='bbox 2636 2913 2789 2950; x_wconf 92' lang='lat' dir='ltr'>unus</span> <span class='ocrx_word' id='word_1_671' title='bbox 2825 2897 2966 2950; x_wconf 89' lang='lat' dir='ltr'>estis</span> <span class='ocrx_word' id='word_1_672' title='bbox 2997 2897 3057 2949; x_wconf 90' lang='lat' dir='ltr'>in</span> <span class='ocrx_word' id='word_1_673' title='bbox 3089 2895 3320 2950; x_wconf 89' lang='lat' dir='ltr'>Christo</span> <span class='ocrx_word' id='word_1_674' title='bbox 3342 2896 3536 2949; x_wconf 80' lang='lat' dir='ltr'>Jesu.»</span> <span class='ocrx_word' id='word_1_675' title='bbox 3564 2895 3646 2949; x_wconf 87' lang='lat' dir='ltr'>Ex</span> 
     </span>
    </p>
   </div>
   <div class='ocr_carea' id='block_1_89' title="bbox 1998 2985 3644 3058">
    <p class='ocr_par' dir='ltr' id='par_1_89' title="bbox 1998 2985 3644 3058">
     <span class='ocr_line' id='line_1_89' title="bbox 1998 2985 3644 3058; baseline -0.002 -16"><span class='ocrx_word' id='word_1_676' title='bbox 1998 3003 2065 3042; x_wconf 88' lang='lat' dir='ltr'>eo</span> <span class='ocrx_word' id='word_1_677' title='bbox 2097 2988 2371 3041; x_wconf 78' lang='lat' dir='ltr'>videlicet</span> <span class='ocrx_word' id='word_1_678' title='bbox 2401 2987 2558 3056; x_wconf 91' lang='lat' dir='ltr'>quod</span> <span class='ocrx_word' id='word_1_679' title='bbox 2591 3003 2689 3042; x_wconf 89' lang='lat' dir='ltr'>vos</span> <span class='ocrx_word' id='word_1_680' title='bbox 2718 3003 2897 3041; x_wconf 89' lang='lat' dir='ltr'>unam</span> <span class='ocrx_word' id='word_1_681' title='bbox 2930 2986 3174 3058; x_wconf 70' lang='lat' dir='ltr'>ﬁguram</span> <span class='ocrx_word' id='word_1_682' title='bbox 3205 3001 3508 3055; x_wconf 88' lang='lat' dir='ltr'>unamque</span> <span class='ocrx_word' id='word_1_683' title='bbox 3532 2985 3644 3040; x_wconf 79' lang='lat' dir='ltr'>for-</span> 
     </span>
    </p>
   </div>
   <div class='ocr_carea' id='block_1_90' title="bbox 1998 3074 3640 3145">
    <p class='ocr_par' dir='ltr' id='par_1_90' title="bbox 1998 3074 3640 3145">
     <span class='ocr_line' id='line_1_90' title="bbox 1998 3074 3640 3145; baseline -0.002 -15"><span class='ocrx_word' id='word_1_684' title='bbox 1998 3093 2154 3130; x_wconf 80' lang='lat' dir='ltr'>mam</span> <span class='ocrx_word' id='word_1_685' title='bbox 2185 3075 2373 3130; x_wconf 91' lang='lat' dir='ltr'>induti</span> <span class='ocrx_word' id='word_1_686' title='bbox 2399 3076 2785 3144; x_wconf 84' lang='lat' dir='ltr'>estis,nempe</span> <span class='ocrx_word' id='word_1_687' title='bbox 2819 3092 2950 3145; x_wconf 71' lang='lat' dir='ltr'>qua:</span> <span class='ocrx_word' id='word_1_688' title='bbox 2977 3074 3190 3129; x_wconf 86' lang='lat' dir='ltr'>Christi</span> <span class='ocrx_word' id='word_1_689' title='bbox 3219 3081 3336 3129; x_wconf 87' lang='lat' dir='ltr'>est:</span> <span class='ocrx_word' id='word_1_690' title='bbox 3365 3083 3423 3129; x_wconf 89' lang='lat' dir='ltr'>et</span> <span class='ocrx_word' id='word_1_691' title='bbox 3453 3089 3640 3128; x_wconf 88' lang='lat' dir='ltr'>unum</span> 
     </span>
    </p>
   </div>
   <div class='ocr_carea' id='block_1_91' title="bbox 1996 3165 3640 3238">
    <p class='ocr_par' dir='ltr' id='par_1_91' title="bbox 1996 3165 3640 3238">
     <span class='ocr_line' id='line_1_91' title="bbox 1996 3165 3640 3238; baseline -0.001 -18"><span class='ocrx_word' id='word_1_692' title='bbox 1996 3171 2172 3238; x_wconf 88' lang='lat' dir='ltr'>caput</span> <span class='ocrx_word' id='word_1_693' title='bbox 2201 3165 2453 3234; x_wconf 82' lang='lat' dir='ltr'>habetis,</span> <span class='ocrx_word' id='word_1_694' title='bbox 2488 3166 2764 3220; x_wconf 87' lang='lat' dir='ltr'>videlicet</span> <span class='ocrx_word' id='word_1_695' title='bbox 2792 3166 3005 3236; x_wconf 89' lang='lat' dir='ltr'>ipsum.</span> <span class='ocrx_word' id='word_1_696' title='bbox 3041 3172 3100 3219; x_wconf 89' lang='lat' dir='ltr'>et</span> <span class='ocrx_word' id='word_1_697' title='bbox 3123 3181 3332 3220; x_wconf 90' lang='lat' dir='ltr'>omnes</span> <span class='ocrx_word' id='word_1_698' title='bbox 3363 3165 3425 3220; x_wconf 91' lang='lat' dir='ltr'>in</span> <span class='ocrx_word' id='word_1_699' title='bbox 3455 3179 3640 3219; x_wconf 90' lang='lat' dir='ltr'>unum</span> 
     </span>
    </p>
   </div>
   <div class='ocr_carea' id='block_1_92' title="bbox 1996 3253 3638 3327">
    <p class='ocr_par' dir='ltr' id='par_1_92' title="bbox 1996 3253 3638 3327">
     <span class='ocr_line' id='line_1_92' title="bbox 1996 3253 3638 3327; baseline -0.002 -17"><span class='ocrx_word' id='word_1_700' title='bbox 1996 3273 2208 3327; x_wconf 91' lang='lat' dir='ltr'>corpus</span> <span class='ocrx_word' id='word_1_701' title='bbox 2241 3255 2762 3310; x_wconf 88' lang='lat' dir='ltr'>consummamini.</span> <span class='ocrx_word' id='word_1_702' title='bbox 2785 3278 2811 3304; x_wconf 90' lang='grc'>‹‹</span> <span class='ocrx_word' id='word_1_703' title='bbox 2846 3258 2908 3310; x_wconf 90' lang='lat' dir='ltr'>1n</span> <span class='ocrx_word' id='word_1_704' title='bbox 2941 3254 3170 3309; x_wconf 91' lang='lat' dir='ltr'>Christo</span> <span class='ocrx_word' id='word_1_705' title='bbox 3198 3255 3392 3317; x_wconf 84' lang='lat' dir='ltr'>Jesu,»</span> <span class='ocrx_word' id='word_1_706' title='bbox 3425 3253 3638 3324; x_wconf 88' lang='lat' dir='ltr'>inquit.</span> 
     </span>
    </p>
   </div>
   <div class='ocr_carea' id='block_1_93' title="bbox 1996 3341 3640 3416">
    <p class='ocr_par' dir='ltr' id='par_1_93' title="bbox 1996 3341 3640 3416">
     <span class='ocr_line' id='line_1_93' title="bbox 1996 3341 3640 3416; baseline -0.002 -18"><span class='ocrx_word' id='word_1_707' title='bbox 1996 3344 2139 3399; x_wconf 89' lang='lat' dir='ltr'>Nam</span> <span class='ocrx_word' id='word_1_708' title='bbox 2159 3362 2265 3416; x_wconf 90' lang='lat' dir='ltr'>per</span> <span class='ocrx_word' id='word_1_709' title='bbox 2287 3361 2415 3398; x_wconf 91' lang='lat' dir='ltr'>eum</span> <span class='ocrx_word' id='word_1_710' title='bbox 2439 3343 2726 3399; x_wconf 75' lang='lat' dir='ltr'>habemus</span> <span class='ocrx_word' id='word_1_711' title='bbox 2747 3344 2941 3414; x_wconf 90' lang='lat' dir='ltr'>ipsum</span> <span class='ocrx_word' id='word_1_712' title='bbox 2969 3359 3095 3398; x_wconf 90' lang='lat' dir='ltr'>esse</span> <span class='ocrx_word' id='word_1_713' title='bbox 3121 3359 3226 3414; x_wconf 90' lang='lat' dir='ltr'>per</span> <span class='ocrx_word' id='word_1_714' title='bbox 3245 3358 3482 3398; x_wconf 89' lang='lat' dir='ltr'>crucem</span> <span class='ocrx_word' id='word_1_715' title='bbox 3511 3341 3640 3412; x_wconf 81' lang='lat' dir='ltr'>ejus</span> 
     </span>
    </p>
   </div>
   <div class='ocr_carea' id='block_1_94' title="bbox 1999 3429 3642 3497">
    <p class='ocr_par' dir='ltr' id='par_1_94' title="bbox 1999 3429 3642 3497">
     <span class='ocr_line' id='line_1_94' title="bbox 1999 3429 3642 3497; baseline -0.002 -11"><span class='ocrx_word' id='word_1_716' title='bbox 1999 3439 2054 3486; x_wconf 89' lang='lat' dir='ltr'>et</span> <span class='ocrx_word' id='word_1_717' title='bbox 2083 3439 2332 3488; x_wconf 91' lang='lat' dir='ltr'>mortem</span> <span class='ocrx_word' id='word_1_718' title='bbox 2358 3451 2424 3489; x_wconf 89' lang='lat' dir='ltr'>ac</span> <span class='ocrx_word' id='word_1_719' title='bbox 2451 3433 2820 3488; x_wconf 89' lang='lat' dir='ltr'>charitatem.</span> <span class='ocrx_word' id='word_1_720' title='bbox 2848 3456 2874 3482; x_wconf 76' lang='grc' dir='ltr'>(ι</span> <span class='ocrx_word' id='word_1_721' title='bbox 2905 3431 3072 3497; x_wconf 85' lang='lat' dir='ltr'>Quod</span> <span class='ocrx_word' id='word_1_722' title='bbox 3099 3432 3147 3486; x_wconf 91' lang='lat' dir='ltr'>si</span> <span class='ocrx_word' id='word_1_723' title='bbox 3177 3448 3276 3486; x_wconf 87' lang='lat' dir='ltr'>vos</span> <span class='ocrx_word' id='word_1_724' title='bbox 3309 3431 3450 3486; x_wconf 90' lang='lat' dir='ltr'>estis</span> <span class='ocrx_word' id='word_1_725' title='bbox 3473 3429 3642 3485; x_wconf 89' lang='lat' dir='ltr'>Chri-</span> 
     </span>
    </p>
   </div>
   <div class='ocr_carea' id='block_1_95' title="bbox 1998 3519 3640 3592">
    <p class='ocr_par' dir='ltr' id='par_1_95' title="bbox 1998 3519 3640 3592">
     <span class='ocr_line' id='line_1_95' title="bbox 1998 3519 3640 3592; baseline -0.002 -14"><span class='ocrx_word' id='word_1_726' title='bbox 1998 3523 2092 3578; x_wconf 92' lang='lat' dir='ltr'>sti.</span> <span class='ocrx_word' id='word_1_727' title='bbox 2127 3546 2153 3572; x_wconf 82' lang='lat'><strong>»</strong></span> <span class='ocrx_word' id='word_1_728' title='bbox 2188 3522 2354 3587; x_wconf 89' lang='lat' dir='ltr'>Quod</span> <span class='ocrx_word' id='word_1_729' title='bbox 2386 3523 2433 3577; x_wconf 90' lang='lat' dir='ltr'>si</span> <span class='ocrx_word' id='word_1_730' title='bbox 2465 3539 2564 3578; x_wconf 91' lang='lat' dir='ltr'>vos</span> <span class='ocrx_word' id='word_1_731' title='bbox 2622 3521 2838 3577; x_wconf 90' lang='lat' dir='ltr'>Christi</span> <span class='ocrx_word' id='word_1_732' title='bbox 2869 3522 3062 3576; x_wconf 88' lang='lat' dir='ltr'>forma</span> <span class='ocrx_word' id='word_1_733' title='bbox 3112 3527 3170 3577; x_wconf 88' lang='lat' dir='ltr'>et</span> <span class='ocrx_word' id='word_1_734' title='bbox 3199 3537 3416 3592; x_wconf 90' lang='lat' dir='ltr'>corpus</span> <span class='ocrx_word' id='word_1_735' title='bbox 3475 3519 3640 3586; x_wconf 89' lang='lat' dir='ltr'>estis,</span> 
     </span>
    </p>
   </div>
   <div class='ocr_carea' id='block_1_96' title="bbox 1996 3609 3641 3679">
    <p class='ocr_par' dir='ltr' id='par_1_96' title="bbox 1996 3609 3641 3679">
     <span class='ocr_line' id='line_1_96' title="bbox 1996 3609 3641 3679; baseline -0.002 -13"><span class='ocrx_word' id='word_1_736' title='bbox 1996 3613 2208 3666; x_wconf 89' lang='lat' dir='ltr'>merito</span> <span class='ocrx_word' id='word_1_737' title='bbox 2239 3612 2490 3666; x_wconf 70' lang='lat' dir='ltr'>Abraha:</span> <span class='ocrx_word' id='word_1_738' title='bbox 2522 3629 2726 3667; x_wconf 87' lang='lat' dir='ltr'>semen</span> <span class='ocrx_word' id='word_1_739' title='bbox 2758 3611 2920 3666; x_wconf 87' lang='lat' dir='ltr'>estis.</span> <span class='ocrx_word' id='word_1_740' title='bbox 2956 3611 3248 3676; x_wconf 88' lang='lat' dir='ltr'>Quoniam</span> <span class='ocrx_word' id='word_1_741' title='bbox 3280 3611 3439 3666; x_wconf 89' lang='lat' dir='ltr'>enim</span> <span class='ocrx_word' id='word_1_742' title='bbox 3476 3609 3641 3679; x_wconf 88' lang='lat' dir='ltr'>prius</span> 
     </span>
    </p>
   </div>
   <div class='ocr_carea' id='block_1_97' title="bbox 1999 3696 3642 3771">
    <p class='ocr_par' dir='ltr' id='par_1_97' title="bbox 1999 3696 3642 3771">
     <span class='ocr_line' id='line_1_97' title="bbox 1999 3696 3642 3771; baseline -0.004 -16"><span class='ocrx_word' id='word_1_743' title='bbox 1999 3701 2149 3756; x_wconf 87' lang='lat' dir='ltr'>dixit</span> <span class='ocrx_word' id='word_1_744' title='bbox 2179 3701 2337 3771; x_wconf 92' lang='lat' dir='ltr'>quod</span> <span class='ocrx_word' id='word_1_745' title='bbox 2394 3701 2660 3755; x_wconf 87' lang='lat' dir='ltr'>Christus</span> <span class='ocrx_word' id='word_1_746' title='bbox 2695 3700 2943 3754; x_wconf 60' lang='lat' dir='ltr'>Abrahae</span> <span class='ocrx_word' id='word_1_747' title='bbox 3001 3715 3203 3754; x_wconf 89' lang='lat' dir='ltr'>semen</span> <span class='ocrx_word' id='word_1_748' title='bbox 3266 3703 3422 3753; x_wconf 84' lang='lat' dir='ltr'>esset</span> <span class='ocrx_word' id='word_1_749' title='bbox 3468 3696 3642 3766; x_wconf 84' lang='lat' dir='ltr'>juxta</span> 
     </span>
    </p>
   </div>
   <div class='ocr_carea' id='block_1_98' title="bbox 1999 3787 3641 3862">
    <p class='ocr_par' dir='ltr' id='par_1_98' title="bbox 1999 3787 3641 3862">
     <span class='ocr_line' id='line_1_98' title="bbox 1999 3787 3641 3862; baseline -0.005 -17"><span class='ocrx_word' id='word_1_750' title='bbox 1999 3807 2238 3846; x_wconf 89' lang='lat' dir='ltr'>carnem</span> <span class='ocrx_word' id='word_1_751' title='bbox 2269 3791 2403 3861; x_wconf 87' lang='lat' dir='ltr'>(ipsi</span> <span class='ocrx_word' id='word_1_752' title='bbox 2435 3807 2568 3862; x_wconf 80' lang='lat' dir='ltr'>ergo</span> <span class='ocrx_word' id='word_1_753' title='bbox 2601 3790 2813 3844; x_wconf 90' lang='lat' dir='ltr'>semini</span> <span class='ocrx_word' id='word_1_754' title='bbox 2847 3788 3095 3842; x_wconf 61' lang='lat' dir='ltr'>Abrahae</span> <span class='ocrx_word' id='word_1_755' title='bbox 3127 3787 3275 3840; x_wconf 66' lang='lat' dir='ltr'>datas</span> <span class='ocrx_word' id='word_1_756' title='bbox 3310 3790 3448 3839; x_wconf 90' lang='lat' dir='ltr'>sunt</span> <span class='ocrx_word' id='word_1_757' title='bbox 3507 3800 3641 3855; x_wconf 87' lang='lat' dir='ltr'>pro-</span> 
     </span>
    </p>
   </div>
   <div class='ocr_carea' id='block_1_99' title="bbox 2000 3871 3648 3943">
    <p class='ocr_par' dir='ltr' id='par_1_99' title="bbox 2000 3871 3648 3943">
     <span class='ocr_line' id='line_1_99' title="bbox 2000 3871 3648 3943; baseline -0.005 -9"><span class='ocrx_word' id='word_1_758' title='bbox 2000 3881 2342 3938; x_wconf 86' lang='lat' dir='ltr'>missiones.</span> <span class='ocrx_word' id='word_1_759' title='bbox 2376 3879 2435 3933; x_wconf 91' lang='lat' dir='ltr'>id</span> <span class='ocrx_word' id='word_1_760' title='bbox 2467 3886 2573 3941; x_wconf 86' lang='lat' dir='ltr'>est,</span> <span class='ocrx_word' id='word_1_761' title='bbox 2634 3879 2884 3943; x_wconf 86' lang='lat' dir='ltr'>Christo)</span> <span class='ocrx_word' id='word_1_762' title='bbox 2916 3876 3072 3929; x_wconf 91' lang='lat' dir='ltr'>idem</span> <span class='ocrx_word' id='word_1_763' title='bbox 3107 3891 3266 3929; x_wconf 90' lang='lat' dir='ltr'>nunc</span> <span class='ocrx_word' id='word_1_764' title='bbox 3315 3872 3548 3943; x_wconf 86' lang='lat' dir='ltr'>repetit.</span> <span class='ocrx_word' id='word_1_765' title='bbox 3587 3871 3648 3930; x_wconf 88' lang='lat' dir='ltr'>Si</span> 
     </span>
    </p>
   </div>
   <div class='ocr_carea' id='block_1_100' title="bbox 2001 3961 3650 4038">
    <p class='ocr_par' dir='ltr' id='par_1_100' title="bbox 2001 3961 3650 4038">
     <span class='ocr_line' id='line_1_100' title="bbox 2001 3961 3650 4038; baseline -0.004 -16"><span class='ocrx_word' id='word_1_766' title='bbox 2001 3969 2159 4032; x_wconf 74' lang='lat' dir='ltr'>estis,</span> <span class='ocrx_word' id='word_1_767' title='bbox 2187 3968 2402 4038; x_wconf 84' lang='lat' dir='ltr'>inquit,</span> <span class='ocrx_word' id='word_1_768' title='bbox 2427 3983 2640 4035; x_wconf 88' lang='lat' dir='ltr'>corpus</span> <span class='ocrx_word' id='word_1_769' title='bbox 2654 3965 2891 4031; x_wconf 83' lang='lat' dir='ltr'>Christi,</span> <span class='ocrx_word' id='word_1_770' title='bbox 2917 3962 3458 4018; x_wconf 70' lang='lat' dir='ltr'>etsemenAbrahaa</span> <span class='ocrx_word' id='word_1_771' title='bbox 3483 3961 3650 4029; x_wconf 86' lang='lat' dir='ltr'>estis,</span> 
     </span>
    </p>
   </div>
   <div class='ocr_carea' id='block_1_101' title="bbox 2003 4051 3651 4127">
    <p class='ocr_par' dir='ltr' id='par_1_101' title="bbox 2003 4051 3651 4127">
     <span class='ocr_line' id='line_1_101' title="bbox 2003 4051 3651 4127; baseline -0.004 -16"><span class='ocrx_word' id='word_1_772' title='bbox 2003 4057 2335 4112; x_wconf 74' lang='lat' dir='ltr'>ethmredes</span> <span class='ocrx_word' id='word_1_773' title='bbox 2351 4054 2762 4127; x_wconf 85' lang='lat' dir='ltr'>promissionis</span> <span class='ocrx_word' id='word_1_774' title='bbox 2779 4070 2909 4123; x_wconf 71' lang='lat' dir='ltr'>qum</span> <span class='ocrx_word' id='word_1_775' title='bbox 2933 4053 3068 4107; x_wconf 89' lang='lat' dir='ltr'>data</span> <span class='ocrx_word' id='word_1_776' title='bbox 3092 4059 3181 4107; x_wconf 90' lang='lat' dir='ltr'>est</span> <span class='ocrx_word' id='word_1_777' title='bbox 3197 4051 3651 4123; x_wconf 83' lang='lat' dir='ltr'>seminiipsius:</span> 
     </span>
    </p>
   </div>
   <div class='ocr_carea' id='block_1_102' title="bbox 2001 4142 3650 4217">
    <p class='ocr_par' dir='ltr' id='par_1_102' title="bbox 2001 4142 3650 4217">
     <span class='ocr_line' id='line_1_102' title="bbox 2001 4142 3650 4217; baseline -0.005 -13"><span class='ocrx_word' id='word_1_778' title='bbox 2001 4150 2288 4214; x_wconf 84' lang='lat' dir='ltr'>Christus,</span> <span class='ocrx_word' id='word_1_779' title='bbox 2323 4147 2536 4217; x_wconf 78' lang='lat' dir='ltr'>inquit,</span> <span class='ocrx_word' id='word_1_780' title='bbox 2568 4146 2779 4200; x_wconf 89' lang='lat' dir='ltr'>horum</span> <span class='ocrx_word' id='word_1_781' title='bbox 2812 4144 2986 4199; x_wconf 90' lang='lat' dir='ltr'>nobis</span> <span class='ocrx_word' id='word_1_782' title='bbox 3017 4150 3223 4200; x_wconf 84' lang='lat' dir='ltr'>auctor</span> <span class='ocrx_word' id='word_1_783' title='bbox 3251 4150 3363 4211; x_wconf 88' lang='lat' dir='ltr'>est,</span> <span class='ocrx_word' id='word_1_784' title='bbox 3407 4142 3509 4214; x_wconf 91' lang='lat' dir='ltr'>qui</span> <span class='ocrx_word' id='word_1_785' title='bbox 3540 4158 3650 4197; x_wconf 92' lang='lat' dir='ltr'>nos</span> 
     </span>
    </p>
   </div>
   <div class='ocr_carea' id='block_1_103' title="bbox 2005 4230 3654 4308">
    <p class='ocr_par' dir='ltr' id='par_1_103' title="bbox 2005 4230 3654 4308">
     <span class='ocr_line' id='line_1_103' title="bbox 2005 4230 3654 4308; baseline -0.004 -17"><span class='ocrx_word' id='word_1_786' title='bbox 2005 4239 2115 4292; x_wconf 88' lang='lat' dir='ltr'>sibi</span> <span class='ocrx_word' id='word_1_787' title='bbox 2150 4237 2262 4308; x_wconf 93' lang='lat' dir='ltr'>ipsi</span> <span class='ocrx_word' id='word_1_788' title='bbox 2321 4252 2536 4306; x_wconf 91' lang='lat' dir='ltr'>corpus</span> <span class='ocrx_word' id='word_1_789' title='bbox 2576 4234 2817 4306; x_wconf 86' lang='lat' dir='ltr'>aptavit,</span> <span class='ocrx_word' id='word_1_790' title='bbox 2848 4241 2906 4288; x_wconf 90' lang='lat' dir='ltr'>et</span> <span class='ocrx_word' id='word_1_791' title='bbox 2966 4239 3282 4305; x_wconf 86' lang='lat' dir='ltr'>propterea</span> <span class='ocrx_word' id='word_1_792' title='bbox 3322 4247 3559 4303; x_wconf 87' lang='lat' dir='ltr'>quoque</span> <span class='ocrx_word' id='word_1_793' title='bbox 3591 4230 3654 4284; x_wconf 86' lang='lat' dir='ltr'>in</span> 
     </span>
    </p>
   </div>
   <div class='ocr_carea' id='block_1_104' title="bbox 2007 4322 3306 4390">
    <p class='ocr_par' dir='ltr' id='par_1_104' title="bbox 2007 4322 3306 4390">
     <span class='ocr_line' id='line_1_104' title="bbox 2007 4322 3306 4390; baseline -0.002 -10"><span class='ocrx_word' id='word_1_794' title='bbox 2007 4343 2210 4381; x_wconf 88' lang='lat' dir='ltr'>semen</span> <span class='ocrx_word' id='word_1_795' title='bbox 2241 4325 2492 4380; x_wconf 71' lang='lat' dir='ltr'>Abrahae</span> <span class='ocrx_word' id='word_1_796' title='bbox 2525 4324 2781 4390; x_wconf 87' lang='lat' dir='ltr'>induxit,</span> <span class='ocrx_word' id='word_1_797' title='bbox 2813 4339 2932 4380; x_wconf 89' lang='lat' dir='ltr'>non</span> <span class='ocrx_word' id='word_1_798' title='bbox 2963 4329 3162 4379; x_wconf 89' lang='lat' dir='ltr'>autem</span> <span class='ocrx_word' id='word_1_799' title='bbox 3189 4322 3306 4378; x_wconf 89' lang='lat' dir='ltr'>lex.</span> 
     </span>
    </p>
   </div>
   <div class='ocr_carea' id='block_1_105' title="bbox 2533 4413 3134 4469">
    <p class='ocr_par' dir='ltr' id='par_1_105' title="bbox 2533 4413 3134 4469">
     <span class='ocr_line' id='line_1_105' title="bbox 2533 4413 3134 4469; baseline 0 -1"><span class='ocrx_word' id='word_1_800' title='bbox 2533 4415 2676 4469; x_wconf 72' lang='grc'>747</span> <span class='ocrx_word' id='word_1_801' title='bbox 2723 4414 2953 4469; x_wconf 81' lang='lat' dir='ltr'>CAPUT</span> <span class='ocrx_word' id='word_1_802' title='bbox 2993 4413 3134 4468; x_wconf 83' lang='lat' dir='ltr'>VIII.</span> 
     </span>
    </p>
   </div>
   <div class='ocr_carea' id='block_1_106' title="bbox 2011 4499 3654 4575">
    <p class='ocr_par' dir='ltr' id='par_1_106' title="bbox 2011 4499 3654 4575">
     <span class='ocr_line' id='line_1_106' title="bbox 2011 4499 3654 4575; baseline -0.004 -16"><span class='ocrx_word' id='word_1_803' title='bbox 2011 4504 2166 4569; x_wconf 84' lang='lat' dir='ltr'>Quod</span> <span class='ocrx_word' id='word_1_804' title='bbox 2195 4503 2254 4558; x_wconf 87' lang='lat' dir='ltr'>hi</span> <span class='ocrx_word' id='word_1_805' title='bbox 2283 4506 2378 4575; x_wconf 85' lang='lat' dir='ltr'>qui</span> <span class='ocrx_word' id='word_1_806' title='bbox 2407 4505 2466 4558; x_wconf 87' lang='lat' dir='ltr'>in</span> <span class='ocrx_word' id='word_1_807' title='bbox 2499 4505 2612 4574; x_wconf 83' lang='lat' dir='ltr'>tege</span> <span class='ocrx_word' id='word_1_808' title='bbox 2644 4510 2824 4570; x_wconf 79' lang='lat' dir='ltr'>erant,</span> <span class='ocrx_word' id='word_1_809' title='bbox 2855 4504 3068 4572; x_wconf 81' lang='lat' dir='ltr'>fuerint</span> <span class='ocrx_word' id='word_1_810' title='bbox 3099 4508 3377 4557; x_wconf 72' lang='lat' dir='ltr'>creaturae</span> <span class='ocrx_word' id='word_1_811' title='bbox 3405 4499 3654 4553; x_wconf 72' lang='lat' dir='ltr'>obnoxii.</span> 
     </span>
    </p>
   </div>
   <div class='ocr_carea' id='block_1_107' title="bbox 2081 4591 3655 4663">
    <p class='ocr_par' dir='ltr' id='par_1_107' title="bbox 2081 4591 3655 4663">
     <span class='ocr_line' id='line_1_107' title="bbox 2081 4591 3655 4663; baseline -0.004 -14"><span class='ocrx_word' id='word_1_812' title='bbox 2081 4594 2174 4661; x_wconf 88' lang='lat' dir='ltr'>IV,</span> <span class='ocrx_word' id='word_1_813' title='bbox 2211 4595 2324 4649; x_wconf 88' lang='grc'>1-3.</span> <span class='ocrx_word' id='word_1_814' title='bbox 2385 4596 2513 4651; x_wconf 89' lang='lat' dir='ltr'>Dico</span> <span class='ocrx_word' id='word_1_815' title='bbox 2569 4600 2772 4657; x_wconf 87' lang='lat' dir='ltr'>autem,</span> <span class='ocrx_word' id='word_1_816' title='bbox 2830 4593 3081 4663; x_wconf 85' lang='lat' dir='ltr'>quandiu</span> <span class='ocrx_word' id='word_1_817' title='bbox 3140 4591 3308 4645; x_wconf 66' lang='lat' dir='ltr'>hzres</span> <span class='ocrx_word' id='word_1_818' title='bbox 3360 4604 3500 4658; x_wconf 85' lang='lat' dir='ltr'>puer</span> <span class='ocrx_word' id='word_1_819' title='bbox 3555 4593 3655 4654; x_wconf 84' lang='lat' dir='ltr'>est,</span> 
     </span>
    </p>
   </div>
   <div class='ocr_carea' id='block_1_108' title="bbox 2012 4675 3659 4755">
    <p class='ocr_par' dir='ltr' id='par_1_108' title="bbox 2012 4675 3659 4755">
     <span class='ocr_line' id='line_1_108' title="bbox 2012 4675 3659 4755; baseline -0.004 -17"><span class='ocrx_word' id='word_1_820' title='bbox 2012 4683 2162 4739; x_wconf 81' lang='lat' dir='ltr'>nihil</span> <span class='ocrx_word' id='word_1_821' title='bbox 2189 4686 2378 4755; x_wconf 69' lang='lat' dir='ltr'>diﬂ‘ert</span> <span class='ocrx_word' id='word_1_822' title='bbox 2410 4700 2444 4739; x_wconf 90' lang='lat' dir='ltr'>a</span> <span class='ocrx_word' id='word_1_823' title='bbox 2482 4699 2635 4740; x_wconf 71' lang='lat' dir='ltr'>servo</span> <span class='ocrx_word' id='word_1_824' title='bbox 2663 4700 2783 4738; x_wconf 89' lang='lat' dir='ltr'>cum</span> <span class='ocrx_word' id='word_1_825' title='bbox 2815 4685 2886 4735; x_wconf 87' lang='lat' dir='ltr'>sit</span> <span class='ocrx_word' id='word_1_826' title='bbox 2917 4681 3168 4735; x_wconf 86' lang='lat' dir='ltr'>dominus</span> <span class='ocrx_word' id='word_1_827' title='bbox 3199 4677 3449 4733; x_wconf 84' lang='lat' dir='ltr'>omnium</span> <span class='ocrx_word' id='word_1_828' title='bbox 3480 4693 3498 4730; x_wconf 87' lang='lat'><strong><em>:</em></strong></span> <span class='ocrx_word' id='word_1_829' title='bbox 3565 4675 3659 4731; x_wconf 87' lang='lat' dir='ltr'>sed</span> 
     </span>
    </p>
   </div>
   <div class='ocr_carea' id='block_1_109' title="bbox 2009 4763 3660 4838">
    <p class='ocr_par' dir='ltr' id='par_1_109' title="bbox 2009 4763 3660 4838">
     <span class='ocr_line' id='line_1_109' title="bbox 2009 4763 3660 4838; baseline -0.006 -10"><span class='ocrx_word' id='word_1_830' title='bbox 2009 4775 2106 4829; x_wconf 84' lang='lat' dir='ltr'>sub</span> <span class='ocrx_word' id='word_1_831' title='bbox 2141 4774 2413 4828; x_wconf 81' lang='lat' dir='ltr'>tutoribus</span> <span class='ocrx_word' id='word_1_832' title='bbox 2439 4779 2488 4827; x_wconf 90' lang='lat' dir='ltr'>et</span> <span class='ocrx_word' id='word_1_833' title='bbox 2520 4772 2796 4827; x_wconf 81' lang='lat' dir='ltr'>actoribus</span> <span class='ocrx_word' id='word_1_834' title='bbox 2827 4777 2904 4824; x_wconf 89' lang='lat' dir='ltr'>est</span> <span class='ocrx_word' id='word_1_835' title='bbox 2931 4785 3100 4838; x_wconf 87' lang='lat' dir='ltr'>usque</span> <span class='ocrx_word' id='word_1_836' title='bbox 3131 4768 3204 4822; x_wconf 86' lang='lat' dir='ltr'>ad</span> <span class='ocrx_word' id='word_1_837' title='bbox 3244 4773 3454 4836; x_wconf 87' lang='lat' dir='ltr'>tempus</span> <span class='ocrx_word' id='word_1_838' title='bbox 3509 4763 3660 4835; x_wconf 87' lang='lat' dir='ltr'>quod</span> 
     </span>
    </p>
   </div>
   <div class='ocr_carea' id='block_1_110' title="bbox 2007 4853 3654 4934">
    <p class='ocr_par' dir='ltr' id='par_1_110' title="bbox 2007 4853 3654 4934">
     <span class='ocr_line' id='line_1_110' title="bbox 2007 4853 3654 4934; baseline -0.005 -18"><span class='ocrx_word' id='word_1_839' title='bbox 2007 4871 2172 4934; x_wconf 84' lang='lat' dir='ltr'>pater</span> <span class='ocrx_word' id='word_1_840' title='bbox 2193 4863 2617 4932; x_wconf 58' lang='lat' dir='ltr'>prescripserit.</span> <span class='ocrx_word' id='word_1_841' title='bbox 2651 4860 2742 4914; x_wconf 89' lang='lat' dir='ltr'>Sic</span> <span class='ocrx_word' id='word_1_842' title='bbox 2772 4865 2823 4912; x_wconf 91' lang='lat' dir='ltr'>et</span> <span class='ocrx_word' id='word_1_843' title='bbox 2842 4875 2938 4913; x_wconf 87' lang='lat' dir='ltr'>nos</span> <span class='ocrx_word' id='word_1_844' title='bbox 2966 4874 3086 4912; x_wconf 85' lang='lat' dir='ltr'>cum</span> <span class='ocrx_word' id='word_1_845' title='bbox 3111 4871 3340 4912; x_wconf 86' lang='lat' dir='ltr'>essemus</span> <span class='ocrx_word' id='word_1_846' title='bbox 3363 4853 3654 4926; x_wconf 79' lang='lat' dir='ltr'>pueri,sub</span> 
     </span>
    </p>
   </div>
   <div class='ocr_carea' id='block_1_111' title="bbox 2009 4945 3419 5006">
    <p class='ocr_par' dir='ltr' id='par_1_111' title="bbox 2009 4945 3419 5006">
     <span class='ocr_line' id='line_1_111' title="bbox 2009 4945 3419 5006; baseline -0.006 0"><span class='ocrx_word' id='word_1_847' title='bbox 2009 4951 2284 5006; x_wconf 85' lang='lat' dir='ltr'>elementis</span> <span class='ocrx_word' id='word_1_848' title='bbox 2309 4949 2504 5004; x_wconf 86' lang='lat' dir='ltr'>mundi</span> <span class='ocrx_word' id='word_1_849' title='bbox 2542 4963 2756 5002; x_wconf 88' lang='lat' dir='ltr'>eramus</span> <span class='ocrx_word' id='word_1_850' title='bbox 2785 4949 2842 5001; x_wconf 90' lang='lat' dir='ltr'>in</span> <span class='ocrx_word' id='word_1_851' title='bbox 2872 4949 3184 5002; x_wconf 79' lang='lat' dir='ltr'>servitutem</span> <span class='ocrx_word' id='word_1_852' title='bbox 3213 4945 3419 5000; x_wconf 86' lang='lat' dir='ltr'>adacti.</span> 
     </span>
    </p>
   </div>
   <div class='ocr_carea' id='block_1_112' title="bbox 2082 5109 3655 5180">
    <p class='ocr_par' dir='ltr' id='par_1_112' title="bbox 2082 5109 3655 5180">
     <span class='ocr_line' id='line_1_112' title="bbox 2082 5109 3655 5180; baseline -0.005 -10"><span class='ocrx_word' id='word_1_853' title='bbox 2082 5116 2271 5180; x_wconf 87' lang='lat' dir='ltr'>Quare</span> <span class='ocrx_word' id='word_1_854' title='bbox 2293 5113 2440 5167; x_wconf 89' lang='lat' dir='ltr'>nihil</span> <span class='ocrx_word' id='word_1_855' title='bbox 2461 5111 2704 5167; x_wconf 71' lang='lat' dir='ltr'>differt?</span> <span class='ocrx_word' id='word_1_856' title='bbox 2734 5112 2881 5178; x_wconf 89' lang='lat' dir='ltr'>Qnia</span> <span class='ocrx_word' id='word_1_857' title='bbox 2911 5109 3247 5166; x_wconf 89' lang='lat' dir='ltr'>ordinatum</span> <span class='ocrx_word' id='word_1_858' title='bbox 3273 5109 3386 5166; x_wconf 84' lang='lat' dir='ltr'>fuit</span> <span class='ocrx_word' id='word_1_859' title='bbox 3406 5125 3440 5164; x_wconf 92' lang='lat' dir='ltr'>a</span> <span class='ocrx_word' id='word_1_860' title='bbox 3465 5113 3655 5180; x_wconf 86' lang='lat' dir='ltr'>patre,</span> 
     </span>
    </p>
   </div>
   <div class='ocr_carea' id='block_1_113' title="bbox 2010 5199 3658 5274">
    <p class='ocr_par' dir='ltr' id='par_1_113' title="bbox 2010 5199 3658 5274">
     <span class='ocr_line' id='line_1_113' title="bbox 2010 5199 3658 5274; baseline -0.007 -14"><span class='ocrx_word' id='word_1_861' title='bbox 2010 5212 2075 5260; x_wconf 90' lang='lat' dir='ltr'>ut</span> <span class='ocrx_word' id='word_1_862' title='bbox 2091 5204 2237 5259; x_wconf 88' lang='lat' dir='ltr'>nihil</span> <span class='ocrx_word' id='word_1_863' title='bbox 2257 5202 2543 5274; x_wconf 75' lang='lat' dir='ltr'>gubernet</span> <span class='ocrx_word' id='word_1_864' title='bbox 2561 5217 2747 5271; x_wconf 88' lang='lat' dir='ltr'>usque</span> <span class='ocrx_word' id='word_1_865' title='bbox 2771 5201 2841 5256; x_wconf 91' lang='lat' dir='ltr'>ad</span> <span class='ocrx_word' id='word_1_866' title='bbox 2865 5200 3188 5264; x_wconf 66' lang='lat' dir='ltr'>legitimam</span> <span class='ocrx_word' id='word_1_867' title='bbox 3217 5199 3658 5254; x_wconf 60' lang='lat' dir='ltr'>mtatemBecte</span> 
     </span>
    </p>
   </div>
   <div class='ocr_carea' id='block_1_114' title="bbox 2011 5287 3656 5361">
    <p class='ocr_par' dir='ltr' id='par_1_114' title="bbox 2011 5287 3656 5361">
     <span class='ocr_line' id='line_1_114' title="bbox 2011 5287 3656 5361; baseline -0.007 -12"><span class='ocrx_word' id='word_1_868' title='bbox 2011 5301 2208 5349; x_wconf 87' lang='lat' dir='ltr'>autem</span> <span class='ocrx_word' id='word_1_869' title='bbox 2240 5291 2484 5346; x_wconf 85' lang='lat' dir='ltr'>adduxit</span> <span class='ocrx_word' id='word_1_870' title='bbox 2514 5291 2681 5361; x_wconf 89' lang='lat' dir='ltr'>pueri</span> <span class='ocrx_word' id='word_1_871' title='bbox 2715 5290 3074 5361; x_wconf 84' lang='lat' dir='ltr'>exemplum.</span> <span class='ocrx_word' id='word_1_872' title='bbox 3140 5287 3656 5354; x_wconf 88' lang='lat' dir='ltr'>Quemadmodum</span> 
     </span>
    </p>
   </div>
   <div class='ocr_carea' id='block_1_115' title="bbox 2009 5372 3654 5449">
    <p class='ocr_par' dir='ltr' id='par_1_115' title="bbox 2009 5372 3654 5449">
     <span class='ocr_line' id='line_1_115' title="bbox 2009 5372 3654 5449; baseline -0.007 -13"><span class='ocrx_word' id='word_1_873' title='bbox 2009 5383 2171 5438; x_wconf 90' lang='lat' dir='ltr'>enim</span> <span class='ocrx_word' id='word_1_874' title='bbox 2196 5381 2295 5435; x_wconf 88' lang='lat' dir='ltr'>ille</span> <span class='ocrx_word' id='word_1_875' title='bbox 2319 5396 2450 5434; x_wconf 90' lang='lat' dir='ltr'>cum</span> <span class='ocrx_word' id='word_1_876' title='bbox 2477 5380 2744 5433; x_wconf 89' lang='lat' dir='ltr'>omnium</span> <span class='ocrx_word' id='word_1_877' title='bbox 2779 5379 2854 5433; x_wconf 91' lang='lat' dir='ltr'>sit</span> <span class='ocrx_word' id='word_1_878' title='bbox 2887 5378 3437 5449; x_wconf 82' lang='lat' dir='ltr'>dominuspropter</span> <span class='ocrx_word' id='word_1_879' title='bbox 3459 5372 3654 5444; x_wconf 87' lang='lat' dir='ltr'>pueri-</span> 
     </span>
    </p>
   </div>
   <div class='ocr_carea' id='block_1_116' title="bbox 2012 5461 3657 5540">
    <p class='ocr_par' dir='ltr' id='par_1_116' title="bbox 2012 5461 3657 5540">
     <span class='ocr_line' id='line_1_116' title="bbox 2012 5461 3657 5540; baseline -0.007 -14"><span class='ocrx_word' id='word_1_880' title='bbox 2012 5473 2154 5526; x_wconf 86' lang='lat' dir='ltr'>tiam</span> <span class='ocrx_word' id='word_1_881' title='bbox 2188 5475 2386 5524; x_wconf 88' lang='lat' dir='ltr'>tamen</span> <span class='ocrx_word' id='word_1_882' title='bbox 2417 5467 2764 5540; x_wconf 86' lang='lat' dir='ltr'>prohibetur</span> <span class='ocrx_word' id='word_1_883' title='bbox 2787 5468 3054 5522; x_wconf 88' lang='lat' dir='ltr'>obtinere</span> <span class='ocrx_word' id='word_1_884' title='bbox 3076 5483 3206 5538; x_wconf 63' lang='lat' dir='ltr'>quin</span> <span class='ocrx_word' id='word_1_885' title='bbox 3242 5481 3348 5520; x_wconf 87' lang='lat' dir='ltr'>sua</span> <span class='ocrx_word' id='word_1_886' title='bbox 3378 5469 3516 5517; x_wconf 79' lang='lat' dir='ltr'>sunt</span> <span class='ocrx_word' id='word_1_887' title='bbox 3540 5477 3552 5512; x_wconf 91' lang='lat'>:</span> <span class='ocrx_word' id='word_1_888' title='bbox 3574 5461 3657 5514; x_wconf 89' lang='lat' dir='ltr'>ita</span> 
     </span>
    </p>
   </div>
   <div class='ocr_carea' id='block_1_117' title="bbox 2012 5547 3657 5632">
    <p class='ocr_par' dir='ltr' id='par_1_117' title="bbox 2012 5547 3657 5632">
     <span class='ocr_line' id='line_1_117' title="bbox 2012 5547 3657 5632; baseline -0.007 -14"><span class='ocrx_word' id='word_1_889' title='bbox 2012 5567 2071 5618; x_wconf 87' lang='lat' dir='ltr'>et</span> <span class='ocrx_word' id='word_1_890' title='bbox 2099 5578 2228 5628; x_wconf 87' lang='lat' dir='ltr'>nos,</span> <span class='ocrx_word' id='word_1_891' title='bbox 2262 5577 2331 5616; x_wconf 91' lang='lat' dir='ltr'>eo</span> <span class='ocrx_word' id='word_1_892' title='bbox 2365 5557 2524 5632; x_wconf 90' lang='lat' dir='ltr'>quod</span> <span class='ocrx_word' id='word_1_893' title='bbox 2582 5558 2725 5614; x_wconf 89' lang='lat' dir='ltr'>olim</span> <span class='ocrx_word' id='word_1_894' title='bbox 2755 5559 2926 5632; x_wconf 90' lang='lat' dir='ltr'>pueri</span> <span class='ocrx_word' id='word_1_895' title='bbox 2988 5573 3248 5621; x_wconf 84' lang='lat' dir='ltr'>eramus,</span> <span class='ocrx_word' id='word_1_896' title='bbox 3299 5547 3657 5626; x_wconf 86' lang='lat' dir='ltr'>prohibeba-</span> 
     </span>
    </p>
   </div>
   <div class='ocr_carea' id='block_1_118' title="bbox 2011 5643 3656 5720">
    <p class='ocr_par' dir='ltr' id='par_1_118' title="bbox 2011 5643 3656 5720">
     <span class='ocr_line' id='line_1_118' title="bbox 2011 5643 3656 5720; baseline -0.007 -13"><span class='ocrx_word' id='word_1_897' title='bbox 2011 5668 2145 5711; x_wconf 88' lang='lat' dir='ltr'>mur</span> <span class='ocrx_word' id='word_1_898' title='bbox 2173 5649 2274 5708; x_wconf 90' lang='lat' dir='ltr'>Dei</span> <span class='ocrx_word' id='word_1_899' title='bbox 2337 5647 2717 5720; x_wconf 87' lang='lat' dir='ltr'>adoptionem</span> <span class='ocrx_word' id='word_1_900' title='bbox 2777 5648 3098 5720; x_wconf 87' lang='lat' dir='ltr'>suscipere.</span> <span class='ocrx_word' id='word_1_901' title='bbox 3135 5667 3161 5692; x_wconf 88' lang='lat'><strong>«</strong></span> <span class='ocrx_word' id='word_1_902' title='bbox 3214 5643 3356 5698; x_wconf 92' lang='lat' dir='ltr'>Cum</span> <span class='ocrx_word' id='word_1_903' title='bbox 3392 5653 3656 5701; x_wconf 78' lang='lat' dir='ltr'>essemus</span> 
     </span>
    </p>
   </div>
  </div>
