  <div class='ocr_page' id='page_1' title='image "/cluster/home/n/w/nwhite01/storage/ocr_20150623/118/hvd.32044073502247/574.png"; bbox 0 0 4128 6192; ppageno 0'>
   <div class='ocr_carea' id='block_1_1' title="bbox 326 316 478 376">
    <p class='ocr_par' dir='ltr' id='par_1_1' title="bbox 326 316 478 376">
     <span class='ocr_line' id='line_1_1' title="bbox 326 316 478 376; baseline -0.007 -1"><span class='ocrx_word' id='word_1_1' title='bbox 326 316 478 376; x_wconf 75' lang='grc' dir='ltr'>113Ἱ</span> 
     </span>
    </p>
   </div>
   <div class='ocr_carea' id='block_1_2' title="bbox 1385 301 2677 376">
    <p class='ocr_par' dir='ltr' id='par_1_2' title="bbox 1385 301 2677 376">
     <span class='ocr_line' id='line_1_2' title="bbox 1385 301 2677 376; baseline 0.009 -12"><span class='ocrx_word' id='word_1_2' title='bbox 1385 301 1788 364; x_wconf 68' lang='lat' dir='ltr'>COMMENT.</span> <span class='ocrx_word' id='word_1_3' title='bbox 1829 306 1903 365; x_wconf 82' lang='grc' dir='ltr'><strong>ΙΝ</strong></span> <span class='ocrx_word' id='word_1_4' title='bbox 1951 305 2203 371; x_wconf 82' lang='lat' dir='ltr'><strong>EPIST.</strong></span> <span class='ocrx_word' id='word_1_5' title='bbox 2253 316 2358 374; x_wconf 77' lang='lat' dir='ltr'>AD</span> <span class='ocrx_word' id='word_1_6' title='bbox 2405 317 2677 376; x_wconf 82' lang='lat' dir='ltr'>GALAT.</span> 
     </span>
    </p>
   </div>
   <div class='ocr_carea' id='block_1_3' title="bbox 3584 318 3742 378">
    <p class='ocr_par' dir='ltr' id='par_1_3' title="bbox 3584 318 3742 378">
     <span class='ocr_line' id='line_1_3' title="bbox 3584 318 3742 378; baseline -0.006 0"><span class='ocrx_word' id='word_1_7' title='bbox 3584 318 3742 378; x_wconf 79' lang='lat' dir='ltr'>H38</span> 
     </span>
    </p>
   </div>
   <div class='ocr_carea' id='block_1_4' title="bbox 315 432 1937 523">
    <p class='ocr_par' dir='ltr' id='par_1_4' title="bbox 315 432 1937 516">
     <span class='ocr_line' id='line_1_4' title="bbox 315 432 1937 516; baseline -0.007 -13"><span class='ocrx_word' id='word_1_8' title='bbox 315 445 585 506; x_wconf 84' lang='grc' dir='ltr'>Θεοτόκου</span> <span class='ocrx_word' id='word_1_9' title='bbox 643 439 880 516; x_wconf 76' lang='grc' dir='ltr'>νομίσῃς</span> <span class='ocrx_word' id='word_1_10' title='bbox 953 438 1294 514; x_wconf 79' lang='grc' dir='ltr'>γεγενῆσθαι,</span> <span class='ocrx_word' id='word_1_11' title='bbox 1383 432 1512 491; x_wconf 75' lang='grc' dir='ltr'>ἀλλ’</span> <span class='ocrx_word' id='word_1_12' title='bbox 1586 434 1646 492; x_wconf 81' lang='grc' dir='ltr'>ἐκ</span> <span class='ocrx_word' id='word_1_13' title='bbox 1699 437 1937 511; x_wconf 74' lang='grc' dir='ltr'>γυναικὸι</span> 
     </span>
    </p>
   </div>
   <div class='ocr_carea' id='block_1_5' title="bbox 2049 432 3735 523">
    <p class='ocr_par' dir='ltr' id='par_1_5' title="bbox 2049 448 3735 523">
     <span class='ocr_line' id='line_1_5' title="bbox 2049 448 3735 523; baseline 0.007 -25"><span class='ocrx_word' id='word_1_14' title='bbox 2049 492 2059 509; x_wconf 64' lang='lat'><em>_</em></span> <span class='ocrx_word' id='word_1_15' title='bbox 2086 448 2404 502; x_wconf 83' lang='lat' dir='ltr'>transitum</span> <span class='ocrx_word' id='word_1_16' title='bbox 2429 449 2716 506; x_wconf 81' lang='lat' dir='ltr'>duntaxat</span> <span class='ocrx_word' id='word_1_17' title='bbox 2742 450 2966 506; x_wconf 82' lang='lat' dir='ltr'>factum</span> <span class='ocrx_word' id='word_1_18' title='bbox 2996 450 3181 508; x_wconf 85' lang='lat' dir='ltr'>fuisse</span> <span class='ocrx_word' id='word_1_19' title='bbox 3214 467 3320 523; x_wconf 86' lang='lat' dir='ltr'>per</span> <span class='ocrx_word' id='word_1_20' title='bbox 3347 451 3450 508; x_wconf 86' lang='lat' dir='ltr'>Dei</span> <span class='ocrx_word' id='word_1_21' title='bbox 3469 453 3735 520; x_wconf 83' lang='lat' dir='ltr'>Matrem,</span> 
     </span>
    </p>
   </div>
   <div class='ocr_carea' id='block_1_6' title="bbox 312 525 1970 604">
    <p class='ocr_par' dir='ltr' id='par_1_6' title="bbox 312 525 1970 604">
     <span class='ocr_line' id='line_1_6' title="bbox 312 525 1970 604; baseline -0.005 -12"><span class='ocrx_word' id='word_1_22' title='bbox 312 537 522 599; x_wconf 73' lang='grc' dir='ltr'>δεικνὺς</span> <span class='ocrx_word' id='word_1_23' title='bbox 582 533 631 604; x_wconf 79' lang='grc' dir='ltr'>ἐξ</span> <span class='ocrx_word' id='word_1_24' title='bbox 692 532 860 600; x_wconf 74' lang='grc' dir='ltr'>αὐτῆς</span> <span class='ocrx_word' id='word_1_25' title='bbox 920 527 1188 604; x_wconf 56' lang='grc' dir='ltr'>ελληφότα</span> <span class='ocrx_word' id='word_1_26' title='bbox 1261 526 1323 580; x_wconf 87' lang='grc' dir='ltr'>τὸ</span> <span class='ocrx_word' id='word_1_27' title='bbox 1383 526 1543 598; x_wconf 85' lang='grc' dir='ltr'>σῶμα</span> <span class='ocrx_word' id='word_1_28' title='bbox 1596 525 1690 581; x_wconf 87' lang='grc' dir='ltr'>τὸν</span> <span class='ocrx_word' id='word_1_29' title='bbox 1747 525 1970 604; x_wconf 70' lang='grc' dir='ltr'>Κύριον.</span> 
     </span>
    </p>
   </div>
   <div class='ocr_carea' id='block_1_7' title="bbox 311 614 1971 698">
    <p class='ocr_par' dir='ltr' id='par_1_7' title="bbox 311 614 1971 698">
     <span class='ocr_line' id='line_1_7' title="bbox 311 614 1971 698; baseline -0.006 -16"><span class='ocrx_word' id='word_1_30' title='bbox 311 654 340 682; x_wconf 80' lang='grc' dir='ltr'>ι(</span> <span class='ocrx_word' id='word_1_31' title='bbox 377 628 673 698; x_wconf 80' lang='grc' dir='ltr'>Γενόμενον</span> <span class='ocrx_word' id='word_1_32' title='bbox 729 621 832 677; x_wconf 76' lang='grc' dir='ltr'>ὑπὸ</span> <span class='ocrx_word' id='word_1_33' title='bbox 915 617 1106 690; x_wconf 84' lang='grc' dir='ltr'>νόμον.</span> <span class='ocrx_word' id='word_1_34' title='bbox 1142 640 1172 668; x_wconf 86' lang='lat'><strong>»</strong></span> <span class='ocrx_word' id='word_1_35' title='bbox 1257 614 1415 673; x_wconf 66' lang='grc' dir='ltr'>Οὕτω</span> <span class='ocrx_word' id='word_1_36' title='bbox 1491 615 1592 693; x_wconf 69' lang='grc' dir='ltr'>γαρ</span> <span class='ocrx_word' id='word_1_37' title='bbox 1650 616 1752 670; x_wconf 80' lang='grc' dir='ltr'>ὑπὸ</span> <span class='ocrx_word' id='word_1_38' title='bbox 1800 616 1971 690; x_wconf 84' lang='grc' dir='ltr'>νόμον</span> 
     </span>
    </p>
   </div>
   <div class='ocr_carea' id='block_1_8' title="bbox 316 700 1970 792">
    <p class='ocr_par' dir='ltr' id='par_1_8' title="bbox 316 700 1970 792">
     <span class='ocr_line' id='line_1_8' title="bbox 316 700 1970 792; baseline -0.007 -21"><span class='ocrx_word' id='word_1_39' title='bbox 316 717 555 792; x_wconf 76' lang='grc' dir='ltr'>ἐγένετο,</span> <span class='ocrx_word' id='word_1_40' title='bbox 611 714 695 768; x_wconf 78' lang='grc' dir='ltr'>ὅτι</span> <span class='ocrx_word' id='word_1_41' title='bbox 767 709 859 765; x_wconf 83' lang='grc' dir='ltr'>καὶ</span> <span class='ocrx_word' id='word_1_42' title='bbox 905 707 1270 782; x_wconf 68' lang='grc' dir='ltr'>περιετμήθη,</span> <span class='ocrx_word' id='word_1_43' title='bbox 1323 700 1428 773; x_wconf 60' lang='grc' dir='ltr'>ἶνα,</span> <span class='ocrx_word' id='word_1_44' title='bbox 1489 704 1622 781; x_wconf 69' lang='grc' dir='ltr'>φησὶ</span> <span class='ocrx_word' id='word_1_45' title='bbox 1680 706 1806 766; x_wconf 73' lang='grc' dir='ltr'>τοὺς</span> <span class='ocrx_word' id='word_1_46' title='bbox 1868 706 1970 760; x_wconf 82' lang='grc' dir='ltr'>ὑπὸ</span> 
     </span>
    </p>
   </div>
   <div class='ocr_carea' id='block_1_9' title="bbox 316 792 1967 877">
    <p class='ocr_par' dir='ltr' id='par_1_9' title="bbox 316 792 1967 877">
     <span class='ocr_line' id='line_1_9' title="bbox 316 792 1967 877; baseline -0.008 -17"><span class='ocrx_word' id='word_1_47' title='bbox 316 808 482 877; x_wconf 84' lang='grc' dir='ltr'>νὸμον</span> <span class='ocrx_word' id='word_1_48' title='bbox 518 803 606 859; x_wconf 86' lang='grc' dir='ltr'>καὶ</span> <span class='ocrx_word' id='word_1_49' title='bbox 649 805 886 874; x_wconf 71' lang='grc' dir='ltr'>κατίραν</span> <span class='ocrx_word' id='word_1_50' title='bbox 938 793 1091 856; x_wconf 80' lang='grc' dir='ltr'>ὄντας</span> <span class='ocrx_word' id='word_1_51' title='bbox 1149 792 1465 869; x_wconf 66' lang='grc' dir='ltr'>ἐξαγοράσῃ,</span> <span class='ocrx_word' id='word_1_52' title='bbox 1497 798 1574 865; x_wconf 79' lang='grc' dir='ltr'>τῷ</span> <span class='ocrx_word' id='word_1_53' title='bbox 1628 815 1686 848; x_wconf 81' lang='grc' dir='ltr'>τε</span> <span class='ocrx_word' id='word_1_54' title='bbox 1735 800 1967 869; x_wconf 73' lang='grc' dir='ltr'>σταυρῷ,</span> 
     </span>
    </p>
   </div>
   <div class='ocr_carea' id='block_1_10' title="bbox 310 883 1964 964">
    <p class='ocr_par' dir='ltr' id='par_1_10' title="bbox 310 883 1964 964">
     <span class='ocr_line' id='line_1_10' title="bbox 310 883 1964 964; baseline -0.01 -14"><span class='ocrx_word' id='word_1_55' title='bbox 310 895 400 951; x_wconf 76' lang='grc' dir='ltr'>καὶ</span> <span class='ocrx_word' id='word_1_56' title='bbox 427 899 506 964; x_wconf 81' lang='grc' dir='ltr'>τῷ</span> <span class='ocrx_word' id='word_1_57' title='bbox 547 891 693 952; x_wconf 82' lang='grc' dir='ltr'>ὅλως</span> <span class='ocrx_word' id='word_1_58' title='bbox 727 889 830 944; x_wconf 82' lang='grc' dir='ltr'>ὑπὸ</span> <span class='ocrx_word' id='word_1_59' title='bbox 851 886 1020 958; x_wconf 82' lang='grc' dir='ltr'>νόμον</span> <span class='ocrx_word' id='word_1_60' title='bbox 1048 884 1311 962; x_wconf 79' lang='grc' dir='ltr'>γενέσθαι.</span> <span class='ocrx_word' id='word_1_61' title='bbox 1348 907 1377 935; x_wconf 88' lang='grc'><strong>‹‹</strong></span> <span class='ocrx_word' id='word_1_62' title='bbox 1409 885 1523 939; x_wconf 83' lang='grc' dir='ltr'>Ἵνα</span> <span class='ocrx_word' id='word_1_63' title='bbox 1572 883 1670 951; x_wconf 74' lang='grc' dir='ltr'>τήν</span> <span class='ocrx_word' id='word_1_64' title='bbox 1696 883 1964 946; x_wconf 75' lang='grc' dir='ltr'>υἱοθεσίαν</span> 
     </span>
    </p>
   </div>
   <div class='ocr_carea' id='block_1_11' title="bbox 318 970 1967 1055">
    <p class='ocr_par' dir='ltr' id='par_1_11' title="bbox 318 970 1967 1055">
     <span class='ocr_line' id='line_1_11' title="bbox 318 970 1967 1055; baseline -0.015 -11"><span class='ocrx_word' id='word_1_65' title='bbox 318 978 710 1055; x_wconf 67' lang='grc' dir='ltr'>ἀπολάϐωμεν.</span> <span class='ocrx_word' id='word_1_66' title='bbox 749 1002 775 1029; x_wconf 85' lang='grc'><strong>››</strong></span> <span class='ocrx_word' id='word_1_67' title='bbox 806 976 882 1034; x_wconf 81' lang='grc' dir='ltr'>Οὐ</span> <span class='ocrx_word' id='word_1_68' title='bbox 918 975 1084 1050; x_wconf 84' lang='grc' dir='ltr'>μόνον</span> <span class='ocrx_word' id='word_1_69' title='bbox 1131 974 1236 1049; x_wconf 87' lang='grc' dir='ltr'>γὰρ</span> <span class='ocrx_word' id='word_1_70' title='bbox 1292 977 1476 1026; x_wconf 86' lang='grc' dir='ltr'>κακῶν</span> <span class='ocrx_word' id='word_1_71' title='bbox 1531 970 1836 1043; x_wconf 72' lang='grc' dir='ltr'>ἀπήλλαξε,</span> <span class='ocrx_word' id='word_1_72' title='bbox 1868 979 1967 1042; x_wconf 79' lang='grc' dir='ltr'>τῆς</span> 
     </span>
    </p>
   </div>
   <div class='ocr_carea' id='block_1_12' title="bbox 310 1062 1962 1152">
    <p class='ocr_par' dir='ltr' id='par_1_12' title="bbox 310 1062 1962 1152">
     <span class='ocr_line' id='line_1_12' title="bbox 310 1062 1962 1152; baseline -0.008 -20"><span class='ocrx_word' id='word_1_73' title='bbox 310 1077 445 1152; x_wconf 73' lang='grc' dir='ltr'>ἀρᾶς</span> <span class='ocrx_word' id='word_1_74' title='bbox 489 1071 807 1140; x_wconf 68' lang='grc' dir='ltr'>ἀπαλλάξας</span> <span class='ocrx_word' id='word_1_75' title='bbox 887 1072 983 1122; x_wconf 85' lang='grc' dir='ltr'>τοῦ</span> <span class='ocrx_word' id='word_1_76' title='bbox 1063 1067 1282 1138; x_wconf 77' lang='grc' dir='ltr'>νόμου,</span> <span class='ocrx_word' id='word_1_77' title='bbox 1341 1062 1490 1120; x_wconf 82' lang='grc' dir='ltr'>ἀλλᾶ</span> <span class='ocrx_word' id='word_1_78' title='bbox 1539 1065 1626 1119; x_wconf 82' lang='grc' dir='ltr'>καὶ</span> <span class='ocrx_word' id='word_1_79' title='bbox 1691 1064 1962 1129; x_wconf 72' lang='grc' dir='ltr'>υἱοθεσίαν</span> 
     </span>
    </p>
   </div>
   <div class='ocr_carea' id='block_1_13' title="bbox 307 1148 1960 1240">
    <p class='ocr_par' dir='ltr' id='par_1_13' title="bbox 307 1148 1960 1240">
     <span class='ocr_line' id='line_1_13' title="bbox 307 1148 1960 1240; baseline -0.008 -19"><span class='ocrx_word' id='word_1_80' title='bbox 307 1148 636 1240; x_wconf 42' lang='grc' dir='ltr'>ὶὶαρίσατο.</span> <span class='ocrx_word' id='word_1_81' title='bbox 690 1157 873 1217; x_wconf 76' lang='grc' dir='ltr'>Εἷπὼν</span> <span class='ocrx_word' id='word_1_82' title='bbox 936 1154 1012 1224; x_wconf 69' lang='grc' dir='ltr'>δὲ,</span> <span class='ocrx_word' id='word_1_83' title='bbox 1073 1148 1494 1226; x_wconf 73' lang='grc' dir='ltr'>Ἀπολαϐωμεν,</span> <span class='ocrx_word' id='word_1_84' title='bbox 1550 1150 1748 1224; x_wconf 76' lang='grc' dir='ltr'>ἔδειξεν</span> <span class='ocrx_word' id='word_1_85' title='bbox 1790 1155 1960 1225; x_wconf 73' lang='grc' dir='ltr'>αὐτὴν</span> 
     </span>
    </p>
   </div>
   <div class='ocr_carea' id='block_1_14' title="bbox 311 1242 1958 1326">
    <p class='ocr_par' dir='ltr' id='par_1_14' title="bbox 311 1242 1958 1326">
     <span class='ocr_line' id='line_1_14' title="bbox 311 1242 1958 1326; baseline -0.007 -15"><span class='ocrx_word' id='word_1_86' title='bbox 311 1254 514 1311; x_wconf 74' lang='grc' dir='ltr'>ἄνωθεν</span> <span class='ocrx_word' id='word_1_87' title='bbox 555 1247 1078 1326; x_wconf 80' lang='grc' dir='ltr'>κεγρεωστημένην,</span> <span class='ocrx_word' id='word_1_88' title='bbox 1110 1248 1257 1318; x_wconf 73' lang='grc' dir='ltr'>ἡμᾶς</span> <span class='ocrx_word' id='word_1_89' title='bbox 1317 1242 1374 1299; x_wconf 72' lang='grc' dir='ltr'>εὶ</span> <span class='ocrx_word' id='word_1_90' title='bbox 1407 1245 1483 1316; x_wconf 79' lang='grc' dir='ltr'>μὴ</span> <span class='ocrx_word' id='word_1_91' title='bbox 1543 1242 1798 1300; x_wconf 74' lang='grc' dir='ltr'>δύνασθαι</span> <span class='ocrx_word' id='word_1_92' title='bbox 1861 1243 1958 1300; x_wconf 79' lang='grc' dir='ltr'>λαο</span> 
     </span>
    </p>
   </div>
   <div class='ocr_carea' id='block_1_15' title="bbox 315 1331 1958 1415">
    <p class='ocr_par' dir='ltr' id='par_1_15' title="bbox 315 1331 1958 1415">
     <span class='ocr_line' id='line_1_15' title="bbox 315 1331 1958 1415; baseline -0.007 -17"><span class='ocrx_word' id='word_1_93' title='bbox 315 1339 456 1415; x_wconf 71' lang='grc' dir='ltr'>δεῖν,</span> <span class='ocrx_word' id='word_1_94' title='bbox 490 1341 580 1398; x_wconf 78' lang='grc' dir='ltr'>διὰ</span> <span class='ocrx_word' id='word_1_95' title='bbox 605 1342 667 1396; x_wconf 87' lang='grc' dir='ltr'>τὸ</span> <span class='ocrx_word' id='word_1_96' title='bbox 695 1347 795 1409; x_wconf 79' lang='grc' dir='ltr'>τῆς</span> <span class='ocrx_word' id='word_1_97' title='bbox 827 1337 1056 1414; x_wconf 81' lang='grc' dir='ltr'><strong>γνώμης</strong></span> <span class='ocrx_word' id='word_1_98' title='bbox 1086 1337 1305 1406; x_wconf 74' lang='grc' dir='ltr'>νήπιον.</span> <span class='ocrx_word' id='word_1_99' title='bbox 1332 1358 1359 1386; x_wconf 90' lang='grc'>‹‹</span> <span class='ocrx_word' id='word_1_100' title='bbox 1391 1336 1516 1392; x_wconf 79' lang='grc' dir='ltr'>’Ότι</span> <span class='ocrx_word' id='word_1_101' title='bbox 1540 1331 1595 1390; x_wconf 82' lang='grc' dir='ltr'>δέ</span> <span class='ocrx_word' id='word_1_102' title='bbox 1627 1335 1745 1389; x_wconf 69' lang='grc' dir='ltr'>ἐστε</span> <span class='ocrx_word' id='word_1_103' title='bbox 1775 1335 1902 1394; x_wconf 76' lang='grc' dir='ltr'>υἱοί,</span> <span class='ocrx_word' id='word_1_104' title='bbox 1930 1358 1958 1386; x_wconf 89' lang='grc'>››</span> 
     </span>
    </p>
   </div>
   <div class='ocr_carea' id='block_1_16' title="bbox 313 1421 1953 1508">
    <p class='ocr_par' dir='ltr' id='par_1_16' title="bbox 313 1421 1953 1508">
     <span class='ocr_line' id='line_1_16' title="bbox 313 1421 1953 1508; baseline -0.007 -19"><span class='ocrx_word' id='word_1_105' title='bbox 313 1434 414 1489; x_wconf 80' lang='grc' dir='ltr'>Καὶ</span> <span class='ocrx_word' id='word_1_106' title='bbox 473 1432 656 1500; x_wconf 86' lang='grc' dir='ltr'>πόθεν,</span> <span class='ocrx_word' id='word_1_107' title='bbox 715 1428 848 1508; x_wconf 70' lang='grc' dir='ltr'>φησί</span> <span class='ocrx_word' id='word_1_108' title='bbox 882 1472 897 1496; x_wconf 98' lang='grc'>,</span> <span class='ocrx_word' id='word_1_109' title='bbox 965 1421 1226 1496; x_wconf 77' lang='grc' dir='ltr'>δηλονότι</span> <span class='ocrx_word' id='word_1_110' title='bbox 1296 1424 1562 1484; x_wconf 72' lang='grc' dir='ltr'>υἱοθεσίας</span> <span class='ocrx_word' id='word_1_111' title='bbox 1618 1424 1953 1496; x_wconf 76' lang='grc' dir='ltr'>ἡξιώμεθας</span> 
     </span>
    </p>
   </div>
   <div class='ocr_carea' id='block_1_17' title="bbox 309 1513 1955 1590">
    <p class='ocr_par' dir='ltr' id='par_1_17' title="bbox 309 1513 1955 1590">
     <span class='ocr_line' id='line_1_17' title="bbox 309 1513 1955 1590; baseline -0.008 -10"><span class='ocrx_word' id='word_1_112' title='bbox 309 1525 522 1590; x_wconf 79' lang='grc' dir='ltr'>Πόθεν;</span> <span class='ocrx_word' id='word_1_113' title='bbox 584 1522 679 1578; x_wconf 87' lang='grc' dir='ltr'>Ἐκ</span> <span class='ocrx_word' id='word_1_114' title='bbox 734 1522 834 1573; x_wconf 90' lang='grc' dir='ltr'>τοῦ</span> <span class='ocrx_word' id='word_1_115' title='bbox 916 1522 1015 1585; x_wconf 77' lang='grc' dir='ltr'>τῆς</span> <span class='ocrx_word' id='word_1_116' title='bbox 1064 1513 1332 1575; x_wconf 74' lang='grc' dir='ltr'>υἱοθεσίας</span> <span class='ocrx_word' id='word_1_117' title='bbox 1389 1513 1722 1586; x_wconf 72' lang='grc' dir='ltr'>Πνεῦματος.</span> <span class='ocrx_word' id='word_1_118' title='bbox 1783 1515 1955 1589; x_wconf 84' lang='grc' dir='ltr'>Ὅπερ</span> 
     </span>
    </p>
   </div>
   <div class='ocr_carea' id='block_1_18' title="bbox 298 1601 1953 1688">
    <p class='ocr_par' dir='ltr' id='par_1_18' title="bbox 298 1601 1953 1688">
     <span class='ocr_line' id='line_1_18' title="bbox 298 1601 1953 1688; baseline -0.005 -21"><span class='ocrx_word' id='word_1_119' title='bbox 298 1609 739 1688; x_wconf 65' lang='grc' dir='ltr'>καταπεφοίτηκε</span> <span class='ocrx_word' id='word_1_120' title='bbox 774 1653 788 1678; x_wconf 96' lang='grc'>,</span> <span class='ocrx_word' id='word_1_121' title='bbox 843 1605 1244 1681; x_wconf 77' lang='grc' dir='ltr'>παρασκευάζον</span> <span class='ocrx_word' id='word_1_122' title='bbox 1333 1606 1480 1676; x_wconf 73' lang='grc' dir='ltr'>ἡμᾶς</span> <span class='ocrx_word' id='word_1_123' title='bbox 1565 1601 1953 1678; x_wconf 26' lang='grc' dir='ltr'>καὶ-διδάσκον</span> 
     </span>
    </p>
   </div>
   <div class='ocr_carea' id='block_1_19' title="bbox 295 1691 1949 1775">
    <p class='ocr_par' dir='ltr' id='par_1_19' title="bbox 295 1691 1949 1775">
     <span class='ocr_line' id='line_1_19' title="bbox 295 1691 1949 1775; baseline -0.008 -17"><span class='ocrx_word' id='word_1_124' title='bbox 295 1705 478 1775; x_wconf 85' lang='grc' dir='ltr'>(τοῦτο</span> <span class='ocrx_word' id='word_1_125' title='bbox 530 1698 677 1774; x_wconf 70' lang='grc' dir='ltr'>λέγει</span> <span class='ocrx_word' id='word_1_126' title='bbox 707 1699 790 1768; x_wconf 80' lang='grc' dir='ltr'>τὸ,</span> <span class='ocrx_word' id='word_1_127' title='bbox 852 1699 1102 1768; x_wconf 75' lang='grc' dir='ltr'>Κρᾶζον),</span> <span class='ocrx_word' id='word_1_128' title='bbox 1136 1694 1346 1768; x_wconf 73' lang='grc' dir='ltr'>Πατέρα</span> <span class='ocrx_word' id='word_1_129' title='bbox 1377 1694 1470 1750; x_wconf 89' lang='grc' dir='ltr'>τὸν</span> <span class='ocrx_word' id='word_1_130' title='bbox 1523 1693 1650 1748; x_wconf 84' lang='grc' dir='ltr'>Θεὸν</span> <span class='ocrx_word' id='word_1_131' title='bbox 1711 1691 1949 1767; x_wconf 81' lang='grc' dir='ltr'>καλεῖν),</span> 
     </span>
    </p>
   </div>
   <div class='ocr_carea' id='block_1_20' title="bbox 295 1783 1950 1866">
    <p class='ocr_par' dir='ltr' id='par_1_20' title="bbox 295 1783 1950 1866">
     <span class='ocr_line' id='line_1_20' title="bbox 295 1783 1950 1866; baseline -0.012 -18"><span class='ocrx_word' id='word_1_132' title='bbox 295 1791 432 1866; x_wconf 72' lang='grc' dir='ltr'>ὅπερ</span> <span class='ocrx_word' id='word_1_133' title='bbox 463 1789 562 1846; x_wconf 68' lang='grc' dir='ltr'>οὐκ</span> <span class='ocrx_word' id='word_1_134' title='bbox 592 1788 652 1844; x_wconf 82' lang='grc' dir='ltr'>ἂν</span> <span class='ocrx_word' id='word_1_135' title='bbox 681 1790 767 1858; x_wconf 77' lang='grc' dir='ltr'>ἦν,</span> <span class='ocrx_word' id='word_1_136' title='bbox 800 1787 846 1841; x_wconf 85' lang='grc' dir='ltr'>εἰ</span> <span class='ocrx_word' id='word_1_137' title='bbox 878 1788 952 1860; x_wconf 77' lang='grc' dir='ltr'><strong>μή</strong></span> <span class='ocrx_word' id='word_1_138' title='bbox 998 1783 1263 1848; x_wconf 72' lang='grc' dir='ltr'>υἱοθεσίας</span> <span class='ocrx_word' id='word_1_139' title='bbox 1322 1784 1623 1856; x_wconf 74' lang='grc' dir='ltr'>ἡξιώμεθα.</span> <span class='ocrx_word' id='word_1_140' title='bbox 1686 1783 1783 1839; x_wconf 70' lang='grc' dir='ltr'>Καὶ</span> <span class='ocrx_word' id='word_1_141' title='bbox 1836 1783 1950 1840; x_wconf 79' lang='grc' dir='ltr'>λοι.</span> 
     </span>
    </p>
   </div>
   <div class='ocr_carea' id='block_1_21' title="bbox 294 1870 1945 1954">
    <p class='ocr_par' dir='ltr' id='par_1_21' title="bbox 294 1870 1945 1954">
     <span class='ocr_line' id='line_1_21' title="bbox 294 1870 1945 1954; baseline -0.004 -19"><span class='ocrx_word' id='word_1_142' title='bbox 294 1883 398 1936; x_wconf 86' lang='grc' dir='ltr'>πὸν</span> <span class='ocrx_word' id='word_1_143' title='bbox 432 1879 639 1954; x_wconf 68' lang='grc' dir='ltr'>θάρσει,</span> <span class='ocrx_word' id='word_1_144' title='bbox 674 1879 719 1932; x_wconf 81' lang='grc' dir='ltr'><strong><em>ὦ</em></strong></span> <span class='ocrx_word' id='word_1_145' title='bbox 749 1876 1015 1951; x_wconf 74' lang='grc' dir='ltr'>ἄνορωπε,</span> <span class='ocrx_word' id='word_1_146' title='bbox 1072 1873 1154 1929; x_wconf 77' lang='grc' dir='ltr'>ὅτι</span> <span class='ocrx_word' id='word_1_147' title='bbox 1186 1875 1288 1929; x_wconf 77' lang='grc' dir='ltr'>οὐκ</span> <span class='ocrx_word' id='word_1_148' title='bbox 1318 1870 1393 1928; x_wconf 81' lang='grc' dir='ltr'>ἔτι</span> <span class='ocrx_word' id='word_1_149' title='bbox 1431 1874 1696 1948; x_wconf 71' lang='grc' dir='ltr'>ὑπάρχεις</span> <span class='ocrx_word' id='word_1_150' title='bbox 1728 1871 1945 1943; x_wconf 83' lang='grc' dir='ltr'>δοῦλος,</span> 
     </span>
    </p>
   </div>
   <div class='ocr_carea' id='block_1_22' title="bbox 291 1961 1945 2038">
    <p class='ocr_par' dir='ltr' id='par_1_22' title="bbox 291 1961 1945 2038">
     <span class='ocr_line' id='line_1_22' title="bbox 291 1961 1945 2038; baseline -0.005 -12"><span class='ocrx_word' id='word_1_151' title='bbox 291 1969 423 2026; x_wconf 79' lang='grc' dir='ltr'>ἀλλ’</span> <span class='ocrx_word' id='word_1_152' title='bbox 457 1971 573 2029; x_wconf 75' lang='grc' dir='ltr'>υἱὸς</span> <span class='ocrx_word' id='word_1_153' title='bbox 605 1966 739 2023; x_wconf 75' lang='grc' dir='ltr'>Θεοῦ</span> <span class='ocrx_word' id='word_1_154' title='bbox 770 1965 858 2020; x_wconf 84' lang='grc' dir='ltr'>καὶ</span> <span class='ocrx_word' id='word_1_155' title='bbox 889 1963 1240 2038; x_wconf 77' lang='grc' dir='ltr'>κληρονόμος</span> <span class='ocrx_word' id='word_1_156' title='bbox 1274 1961 1456 2018; x_wconf 77' lang='grc' dir='ltr'>αὐτοῦ.</span> <span class='ocrx_word' id='word_1_157' title='bbox 1510 1963 1607 2017; x_wconf 70' lang='grc' dir='ltr'>Διὰ</span> <span class='ocrx_word' id='word_1_158' title='bbox 1665 1961 1762 2018; x_wconf 76' lang='grc' dir='ltr'>τοῦ</span> <span class='ocrx_word' id='word_1_159' title='bbox 1792 1963 1945 2037; x_wconf 68' lang='grc' dir='ltr'>φύσει</span> 
     </span>
    </p>
   </div>
   <div class='ocr_carea' id='block_1_23' title="bbox 297 2050 1944 2130">
    <p class='ocr_par' dir='ltr' id='par_1_23' title="bbox 297 2050 1944 2130">
     <span class='ocr_line' id='line_1_23' title="bbox 297 2050 1944 2130; baseline -0.004 -15"><span class='ocrx_word' id='word_1_160' title='bbox 297 2061 430 2116; x_wconf 78' lang='grc' dir='ltr'>Υἱοῦ</span> <span class='ocrx_word' id='word_1_161' title='bbox 463 2055 624 2114; x_wconf 59' lang='lat' dir='ltr'>aii-.05</span> <span class='ocrx_word' id='word_1_162' title='bbox 665 2055 1034 2130; x_wconf 76' lang='grc' dir='ltr'>σαρκωθὲντος</span> <span class='ocrx_word' id='word_1_163' title='bbox 1090 2054 1179 2108; x_wconf 86' lang='grc' dir='ltr'>καὶ</span> <span class='ocrx_word' id='word_1_164' title='bbox 1234 2054 1296 2108; x_wconf 86' lang='grc' dir='ltr'>τὸ</span> <span class='ocrx_word' id='word_1_165' title='bbox 1325 2051 1588 2128; x_wconf 71' lang='grc' dir='ltr'>ἡμέτερον</span> <span class='ocrx_word' id='word_1_166' title='bbox 1623 2050 1752 2108; x_wconf 85' lang='grc' dir='ltr'>ὅλον</span> <span class='ocrx_word' id='word_1_167' title='bbox 1786 2052 1944 2128; x_wconf 76' lang='grc' dir='ltr'>φορὲ-</span> 
     </span>
    </p>
   </div>
   <div class='ocr_carea' id='block_1_24' title="bbox 295 2139 1940 2217">
    <p class='ocr_par' dir='ltr' id='par_1_24' title="bbox 295 2139 1940 2217">
     <span class='ocr_line' id='line_1_24' title="bbox 295 2139 1940 2217; baseline -0.005 -11"><span class='ocrx_word' id='word_1_168' title='bbox 295 2171 506 2216; x_wconf 86' lang='grc' dir='ltr'>σαντος,</span> <span class='ocrx_word' id='word_1_169' title='bbox 540 2149 642 2202; x_wconf 88' lang='grc' dir='ltr'>οὑκ</span> <span class='ocrx_word' id='word_1_170' title='bbox 673 2139 751 2202; x_wconf 78' lang='grc' dir='ltr'>ἔτι</span> <span class='ocrx_word' id='word_1_171' title='bbox 783 2146 833 2200; x_wconf 68' lang='grc' dir='ltr'>εἴ</span> <span class='ocrx_word' id='word_1_172' title='bbox 860 2142 1056 2206; x_wconf 86' lang='grc' dir='ltr'>δοῦλος</span> <span class='ocrx_word' id='word_1_173' title='bbox 1092 2141 1180 2198; x_wconf 78' lang='grc' dir='ltr'>καὶ</span> <span class='ocrx_word' id='word_1_174' title='bbox 1239 2142 1343 2197; x_wconf 80' lang='grc' dir='ltr'>ὑπὸ</span> <span class='ocrx_word' id='word_1_175' title='bbox 1373 2143 1532 2217; x_wconf 83' lang='grc' dir='ltr'>ζυγὸν</span> <span class='ocrx_word' id='word_1_176' title='bbox 1589 2140 1689 2196; x_wconf 88' lang='grc' dir='ltr'>τοῦ</span> <span class='ocrx_word' id='word_1_177' title='bbox 1747 2142 1940 2213; x_wconf 81' lang='grc' dir='ltr'>νόμου.</span> 
     </span>
    </p>
   </div>
   <div class='ocr_carea' id='block_1_25' title="bbox 290 2228 1945 2305">
    <p class='ocr_par' dir='ltr' id='par_1_25' title="bbox 290 2228 1945 2305">
     <span class='ocr_line' id='line_1_25' title="bbox 290 2228 1945 2305; baseline -0.004 -13"><span class='ocrx_word' id='word_1_178' title='bbox 290 2241 419 2300; x_wconf 81' lang='grc' dir='ltr'>Πῶς</span> <span class='ocrx_word' id='word_1_179' title='bbox 460 2237 552 2290; x_wconf 84' lang='grc' dir='ltr'>οῦν</span> <span class='ocrx_word' id='word_1_180' title='bbox 597 2237 699 2290; x_wconf 78' lang='grc' dir='ltr'>οὐκ</span> <span class='ocrx_word' id='word_1_181' title='bbox 737 2233 939 2290; x_wconf 76' lang='grc' dir='ltr'>ἄτοπον</span> <span class='ocrx_word' id='word_1_182' title='bbox 981 2232 1107 2295; x_wconf 75' lang='grc' dir='ltr'>τοὺς</span> <span class='ocrx_word' id='word_1_183' title='bbox 1135 2233 1454 2305; x_wconf 72' lang='grc' dir='ltr'>γενομένους</span> <span class='ocrx_word' id='word_1_184' title='bbox 1486 2230 1635 2292; x_wconf 68' lang='grc' dir='ltr'>υἱοὺς</span> <span class='ocrx_word' id='word_1_185' title='bbox 1665 2235 1820 2297; x_wconf 89' lang='grc' dir='ltr'>Θεοῦ,</span> <span class='ocrx_word' id='word_1_186' title='bbox 1857 2228 1945 2286; x_wconf 72' lang='grc' dir='ltr'>διὰ</span> 
     </span>
    </p>
   </div>
   <div class='ocr_carea' id='block_1_26' title="bbox 292 2320 1939 2403">
    <p class='ocr_par' dir='ltr' id='par_1_26' title="bbox 292 2320 1939 2403">
     <span class='ocr_line' id='line_1_26' title="bbox 292 2320 1939 2403; baseline -0.006 -20"><span class='ocrx_word' id='word_1_187' title='bbox 292 2348 352 2383; x_wconf 86' lang='grc' dir='ltr'>τε</span> <span class='ocrx_word' id='word_1_188' title='bbox 386 2329 623 2403; x_wconf 75' lang='grc' dir='ltr'>Χριστοῦ</span> <span class='ocrx_word' id='word_1_189' title='bbox 681 2327 769 2382; x_wconf 74' lang='grc' dir='ltr'>καῖ</span> <span class='ocrx_word' id='word_1_190' title='bbox 831 2323 918 2380; x_wconf 70' lang='grc' dir='ltr'>διὰ</span> <span class='ocrx_word' id='word_1_191' title='bbox 986 2323 1322 2394; x_wconf 71' lang='grc' dir='ltr'>Ηνεῦματος,</span> <span class='ocrx_word' id='word_1_192' title='bbox 1382 2320 1717 2401; x_wconf 61' lang='grc' dir='ltr'>ἐπιστρέφειν</span> <span class='ocrx_word' id='word_1_193' title='bbox 1776 2320 1939 2377; x_wconf 70' lang='grc' dir='ltr'>πάλιν</span> 
     </span>
    </p>
   </div>
   <div class='ocr_carea' id='block_1_27' title="bbox 292 2406 1943 2490">
    <p class='ocr_par' dir='ltr' id='par_1_27' title="bbox 292 2406 1943 2490">
     <span class='ocr_line' id='line_1_27' title="bbox 292 2406 1943 2490; baseline -0.005 -18"><span class='ocrx_word' id='word_1_194' title='bbox 292 2417 430 2490; x_wconf 73' lang='grc' dir='ltr'>πρὸς</span> <span class='ocrx_word' id='word_1_195' title='bbox 459 2418 549 2470; x_wconf 89' lang='grc' dir='ltr'>τὸν</span> <span class='ocrx_word' id='word_1_196' title='bbox 579 2436 748 2487; x_wconf 89' lang='grc' dir='ltr'>νομον</span> <span class='ocrx_word' id='word_1_197' title='bbox 779 2437 793 2482; x_wconf 82' lang='lat'><strong>;</strong></span> <span class='ocrx_word' id='word_1_198' title='bbox 852 2413 955 2470; x_wconf 79' lang='grc' dir='ltr'>Καὶ</span> <span class='ocrx_word' id='word_1_199' title='bbox 989 2412 1088 2487; x_wconf 81' lang='grc' dir='ltr'>δρα</span> <span class='ocrx_word' id='word_1_200' title='bbox 1117 2406 1347 2490; x_wconf 72' lang='grc' dir='ltr'>ἔμφασιν</span> <span class='ocrx_word' id='word_1_201' title='bbox 1378 2417 1476 2479; x_wconf 81' lang='grc' dir='ltr'>τῆς</span> <span class='ocrx_word' id='word_1_202' title='bbox 1505 2411 1665 2484; x_wconf 82' lang='grc' dir='ltr'>ἁγίας</span> <span class='ocrx_word' id='word_1_203' title='bbox 1693 2407 1943 2483; x_wconf 75' lang='grc' dir='ltr'>Τριάδος.</span> 
     </span>
    </p>
   </div>
   <div class='ocr_carea' id='block_1_28' title="bbox 293 2495 1940 2580">
    <p class='ocr_par' dir='ltr' id='par_1_28' title="bbox 293 2495 1940 2580">
     <span class='ocr_line' id='line_1_28' title="bbox 293 2495 1940 2580; baseline -0.005 -18"><span class='ocrx_word' id='word_1_204' title='bbox 293 2505 360 2562; x_wconf 88' lang='grc' dir='ltr'>Ὁ</span> <span class='ocrx_word' id='word_1_205' title='bbox 393 2506 577 2580; x_wconf 73' lang='grc' dir='ltr'>Πατὴρ</span> <span class='ocrx_word' id='word_1_206' title='bbox 639 2501 974 2573; x_wconf 82' lang='grc' dir='ltr'>ἀπεστειλεν,</span> <span class='ocrx_word' id='word_1_207' title='bbox 1033 2503 1061 2556; x_wconf 84' lang='grc' dir='ltr'>ὁ</span> <span class='ocrx_word' id='word_1_208' title='bbox 1144 2502 1267 2562; x_wconf 79' lang='grc' dir='ltr'>Υἱὸς</span> <span class='ocrx_word' id='word_1_209' title='bbox 1353 2495 1656 2575; x_wconf 80' lang='grc' dir='ltr'>ἕσαρκώθη,</span> <span class='ocrx_word' id='word_1_210' title='bbox 1732 2500 1818 2554; x_wconf 79' lang='grc' dir='ltr'>καὶ</span> <span class='ocrx_word' id='word_1_211' title='bbox 1878 2501 1940 2554; x_wconf 88' lang='grc' dir='ltr'>τὸ</span> 
     </span>
    </p>
   </div>
   <div class='ocr_carea' id='block_1_29' title="bbox 296 2585 1939 2668">
    <p class='ocr_par' dir='ltr' id='par_1_29' title="bbox 296 2585 1939 2668">
     <span class='ocr_line' id='line_1_29' title="bbox 296 2585 1939 2668; baseline -0.005 -18"><span class='ocrx_word' id='word_1_212' title='bbox 296 2598 515 2668; x_wconf 81' lang='grc' dir='ltr'>Πνεῦμα</span> <span class='ocrx_word' id='word_1_213' title='bbox 575 2596 928 2668; x_wconf 74' lang='grc' dir='ltr'>συνήργησεν,</span> <span class='ocrx_word' id='word_1_214' title='bbox 984 2591 1013 2646; x_wconf 74' lang='grc' dir='ltr'>’ὀ</span> <span class='ocrx_word' id='word_1_215' title='bbox 1069 2590 1159 2644; x_wconf 78' lang='grc' dir='ltr'>καὶ</span> <span class='ocrx_word' id='word_1_216' title='bbox 1220 2587 1294 2649; x_wconf 77' lang='grc' dir='ltr'>εἰς</span> <span class='ocrx_word' id='word_1_217' title='bbox 1350 2587 1444 2652; x_wconf 76' lang='grc' dir='ltr'>τὰς</span> <span class='ocrx_word' id='word_1_218' title='bbox 1498 2585 1722 2664; x_wconf 84' lang='grc' dir='ltr'>καρδίας</span> <span class='ocrx_word' id='word_1_219' title='bbox 1779 2590 1939 2661; x_wconf 74' lang='grc' dir='ltr'>ἡμῶν</span> 
     </span>
    </p>
   </div>
   <div class='ocr_carea' id='block_1_30' title="bbox 293 2673 1933 2756">
    <p class='ocr_par' dir='ltr' id='par_1_30' title="bbox 293 2673 1933 2756">
     <span class='ocr_line' id='line_1_30' title="bbox 293 2673 1933 2756; baseline -0.004 -17"><span class='ocrx_word' id='word_1_220' title='bbox 293 2680 636 2756; x_wconf 67' lang='grc' dir='ltr'>ἕπεισελθὸν,</span> <span class='ocrx_word' id='word_1_221' title='bbox 691 2679 930 2737; x_wconf 68' lang='grc' dir='ltr'>διδάσκει</span> <span class='ocrx_word' id='word_1_222' title='bbox 990 2678 1192 2754; x_wconf 72' lang='grc' dir='ltr'>λέγειν,</span> <span class='ocrx_word' id='word_1_223' title='bbox 1255 2673 1430 2733; x_wconf 77' lang='grc' dir='ltr'>’Λϐὅᾶ</span> <span class='ocrx_word' id='word_1_224' title='bbox 1459 2678 1488 2731; x_wconf 84' lang='grc' dir='ltr'>ὁ</span> <span class='ocrx_word' id='word_1_225' title='bbox 1521 2679 1728 2750; x_wconf 80' lang='grc' dir='ltr'>Πατήρ.</span> <span class='ocrx_word' id='word_1_226' title='bbox 1773 2702 1799 2728; x_wconf 89' lang='grc'>‹‹</span> <span class='ocrx_word' id='word_1_227' title='bbox 1833 2679 1933 2736; x_wconf 78' lang='grc' dir='ltr'>Καὶ</span> 
     </span>
    </p>
   </div>
   <div class='ocr_carea' id='block_1_31' title="bbox 292 2767 1936 2849">
    <p class='ocr_par' dir='ltr' id='par_1_31' title="bbox 292 2767 1936 2849">
     <span class='ocr_line' id='line_1_31' title="bbox 292 2767 1936 2849; baseline -0.003 -21"><span class='ocrx_word' id='word_1_228' title='bbox 292 2770 644 2849; x_wconf 80' lang='grc' dir='ltr'>κληρονόμος</span> <span class='ocrx_word' id='word_1_229' title='bbox 675 2772 809 2829; x_wconf 85' lang='grc' dir='ltr'>Θεοῦ</span> <span class='ocrx_word' id='word_1_230' title='bbox 844 2768 933 2826; x_wconf 77' lang='grc' dir='ltr'>διὰ</span> <span class='ocrx_word' id='word_1_231' title='bbox 973 2771 1228 2845; x_wconf 87' lang='grc' dir='ltr'>Χριστοῦ.</span> <span class='ocrx_word' id='word_1_232' title='bbox 1270 2790 1291 2818; x_wconf 80' lang='grc' dir='ltr'>ι</span> <span class='ocrx_word' id='word_1_233' title='bbox 1323 2767 1420 2824; x_wconf 84' lang='grc' dir='ltr'>Διά</span> <span class='ocrx_word' id='word_1_234' title='bbox 1446 2770 1543 2826; x_wconf 78' lang='grc' dir='ltr'>τοῦ</span> <span class='ocrx_word' id='word_1_235' title='bbox 1574 2771 1805 2843; x_wconf 81' lang='grc' dir='ltr'>σταυροῦ</span> <span class='ocrx_word' id='word_1_236' title='bbox 1837 2767 1936 2823; x_wconf 83' lang='grc' dir='ltr'>αὐ-</span> 
     </span>
    </p>
   </div>
   <div class='ocr_carea' id='block_1_32' title="bbox 285 2885 406 2922">
    <p class='ocr_par' dir='ltr' id='par_1_32' title="bbox 285 2885 406 2922">
     <span class='ocr_line' id='line_1_32' title="bbox 285 2885 406 2922; baseline -0.017 0"><span class='ocrx_word' id='word_1_237' title='bbox 285 2885 406 2922; x_wconf 81' lang='grc' dir='ltr'>του.</span> 
     </span>
    </p>
   </div>
   <div class='ocr_carea' id='block_1_33' title="bbox 357 3118 1932 3199">
    <p class='ocr_par' dir='ltr' id='par_1_33' title="bbox 357 3118 1932 3199">
     <span class='ocr_line' id='line_1_33' title="bbox 357 3118 1932 3199; baseline -0.004 -17"><span class='ocrx_word' id='word_1_238' title='bbox 357 3127 535 3187; x_wconf 81' lang='grc' dir='ltr'>Ἀλλᾶ</span> <span class='ocrx_word' id='word_1_239' title='bbox 589 3128 712 3184; x_wconf 81' lang='grc' dir='ltr'>τότε</span> <span class='ocrx_word' id='word_1_240' title='bbox 780 3128 874 3199; x_wconf 76' lang='grc' dir='ltr'>μὲν</span> <span class='ocrx_word' id='word_1_241' title='bbox 949 3126 1046 3180; x_wconf 71' lang='grc' dir='ltr'>οῦκ</span> <span class='ocrx_word' id='word_1_242' title='bbox 1103 3122 1306 3186; x_wconf 71' lang='grc' dir='ltr'>εἰδότες</span> <span class='ocrx_word' id='word_1_243' title='bbox 1364 3123 1513 3194; x_wconf 78' lang='grc' dir='ltr'>Θεὸν,</span> <span class='ocrx_word' id='word_1_244' title='bbox 1573 3118 1932 3177; x_wconf 62' lang='grc' dir='ltr'>ἐδουλεύσατε</span> 
     </span>
    </p>
   </div>
   <div class='ocr_carea' id='block_1_34' title="bbox 285 3213 1166 3294">
    <p class='ocr_par' dir='ltr' id='par_1_34' title="bbox 285 3213 1166 3294">
     <span class='ocr_line' id='line_1_34' title="bbox 285 3213 1166 3294; baseline -0.003 -20"><span class='ocrx_word' id='word_1_245' title='bbox 285 3223 403 3279; x_wconf 86' lang='grc' dir='ltr'>τοῖς</span> <span class='ocrx_word' id='word_1_246' title='bbox 455 3219 532 3290; x_wconf 73' lang='grc' dir='ltr'>μὴ</span> <span class='ocrx_word' id='word_1_247' title='bbox 591 3237 742 3294; x_wconf 77' lang='grc' dir='ltr'>φυσει</span> <span class='ocrx_word' id='word_1_248' title='bbox 798 3213 918 3270; x_wconf 82' lang='grc' dir='ltr'>οῦσι</span> <span class='ocrx_word' id='word_1_249' title='bbox 975 3217 1118 3276; x_wconf 85' lang='grc' dir='ltr'>θεοῖς</span> <span class='ocrx_word' id='word_1_250' title='bbox 1154 3259 1166 3271; x_wconf 95' lang='grc'><strong>.</strong></span> 
     </span>
    </p>
   </div>
   <div class='ocr_carea' id='block_1_35' title="bbox 294 3299 1929 3382">
    <p class='ocr_par' dir='ltr' id='par_1_35' title="bbox 294 3299 1929 3382">
     <span class='ocr_line' id='line_1_35' title="bbox 294 3299 1929 3382; baseline -0.004 -20"><span class='ocrx_word' id='word_1_251' title='bbox 294 3305 509 3382; x_wconf 75' lang='grc' dir='ltr'>μᾶλλον</span> <span class='ocrx_word' id='word_1_252' title='bbox 563 3304 619 3363; x_wconf 76' lang='grc' dir='ltr'><strong>δὶ</strong></span> <span class='ocrx_word' id='word_1_253' title='bbox 675 3306 1007 3381; x_wconf 69' lang='grc' dir='ltr'>γνωσθέντες</span> <span class='ocrx_word' id='word_1_254' title='bbox 1068 3304 1172 3360; x_wconf 77' lang='grc' dir='ltr'>ὑπὸ</span> <span class='ocrx_word' id='word_1_255' title='bbox 1230 3307 1364 3358; x_wconf 86' lang='grc' dir='ltr'>Θεοῦ</span> <span class='ocrx_word' id='word_1_256' title='bbox 1398 3346 1412 3371; x_wconf 91' lang='grc'>,</span> <span class='ocrx_word' id='word_1_257' title='bbox 1484 3307 1601 3364; x_wconf 89' lang='grc' dir='ltr'>πῶς</span> <span class='ocrx_word' id='word_1_258' title='bbox 1685 3299 1929 3376; x_wconf 72' lang='grc' dir='ltr'>ἐπιστρὲ-</span> 
     </span>
    </p>
   </div>
   <div class='ocr_carea' id='block_1_36' title="bbox 287 3390 1930 3475">
    <p class='ocr_par' dir='ltr' id='par_1_36' title="bbox 287 3390 1930 3475">
     <span class='ocr_line' id='line_1_36' title="bbox 287 3390 1930 3475; baseline -0.005 -25"><span class='ocrx_word' id='word_1_259' title='bbox 287 3416 412 3475; x_wconf 75' lang='grc' dir='ltr'>φετε</span> <span class='ocrx_word' id='word_1_260' title='bbox 469 3395 630 3449; x_wconf 74' lang='grc' dir='ltr'>πάλιν</span> <span class='ocrx_word' id='word_1_261' title='bbox 713 3392 802 3448; x_wconf 79' lang='grc' dir='ltr'>ἐπὶ</span> <span class='ocrx_word' id='word_1_262' title='bbox 857 3393 923 3448; x_wconf 74' lang='grc' dir='ltr'>τὰ</span> <span class='ocrx_word' id='word_1_263' title='bbox 997 3393 1190 3460; x_wconf 79' lang='grc' dir='ltr'>ἀσθενῆ</span> <span class='ocrx_word' id='word_1_264' title='bbox 1276 3392 1363 3446; x_wconf 82' lang='grc' dir='ltr'>καὶ</span> <span class='ocrx_word' id='word_1_265' title='bbox 1419 3390 1618 3465; x_wconf 81' lang='grc' dir='ltr'>πτωχᾶ</span> <span class='ocrx_word' id='word_1_266' title='bbox 1661 3393 1930 3463; x_wconf 83' lang='grc' dir='ltr'>στοιχεῖα,</span> 
     </span>
    </p>
   </div>
   <div class='ocr_carea' id='block_1_37' title="bbox 281 3476 1928 3550">
    <p class='ocr_par' dir='ltr' id='par_1_37' title="bbox 281 3476 1928 3550">
     <span class='ocr_line' id='line_1_37' title="bbox 281 3476 1928 3550; baseline -0.005 -11"><span class='ocrx_word' id='word_1_267' title='bbox 281 3485 366 3549; x_wconf 80' lang='grc' dir='ltr'>οἷς</span> <span class='ocrx_word' id='word_1_268' title='bbox 451 3483 614 3538; x_wconf 70' lang='grc' dir='ltr'>πάλιν</span> <span class='ocrx_word' id='word_1_269' title='bbox 699 3480 902 3536; x_wconf 74' lang='grc' dir='ltr'>ἄνωθεν</span> <span class='ocrx_word' id='word_1_270' title='bbox 1016 3477 1293 3536; x_wconf 73' lang='grc' dir='ltr'>δουλεύειν</span> <span class='ocrx_word' id='word_1_271' title='bbox 1373 3476 1602 3546; x_wconf 81' lang='grc' dir='ltr'>θέλετε;</span> <span class='ocrx_word' id='word_1_272' title='bbox 1692 3477 1928 3550; x_wconf 74' lang='grc' dir='ltr'>Ἡμέρας</span> 
     </span>
    </p>
   </div>
   <div class='ocr_carea' id='block_1_38' title="bbox 276 3564 1931 3646">
    <p class='ocr_par' dir='ltr' id='par_1_38' title="bbox 276 3564 1931 3646">
     <span class='ocr_line' id='line_1_38' title="bbox 276 3564 1931 3646; baseline -0.006 -17"><span class='ocrx_word' id='word_1_273' title='bbox 276 3573 700 3646; x_wconf 65' lang='grc' dir='ltr'>παρατηρεῖσθε,</span> <span class='ocrx_word' id='word_1_274' title='bbox 757 3569 846 3625; x_wconf 74' lang='grc' dir='ltr'>καὶ</span> <span class='ocrx_word' id='word_1_275' title='bbox 909 3575 1083 3642; x_wconf 81' lang='grc' dir='ltr'>μῆνας</span> <span class='ocrx_word' id='word_1_276' title='bbox 1121 3611 1134 3635; x_wconf 89' lang='grc'>,</span> <span class='ocrx_word' id='word_1_277' title='bbox 1185 3566 1277 3622; x_wconf 80' lang='grc' dir='ltr'>καὶ</span> <span class='ocrx_word' id='word_1_278' title='bbox 1331 3564 1556 3640; x_wconf 69' lang='grc' dir='ltr'>καιροὺς</span> <span class='ocrx_word' id='word_1_279' title='bbox 1607 3566 1696 3620; x_wconf 80' lang='grc' dir='ltr'>καὶ</span> <span class='ocrx_word' id='word_1_280' title='bbox 1756 3565 1931 3620; x_wconf 82' lang='grc' dir='ltr'>ἐνιαυ-</span> 
     </span>
    </p>
   </div>
   <div class='ocr_carea' id='block_1_39' title="bbox 277 3654 1928 3733">
    <p class='ocr_par' dir='ltr' id='par_1_39' title="bbox 277 3654 1928 3733">
     <span class='ocr_line' id='line_1_39' title="bbox 277 3654 1928 3733; baseline -0.005 -16"><span class='ocrx_word' id='word_1_281' title='bbox 277 3663 428 3724; x_wconf 78' lang='grc' dir='ltr'>τοὺς.</span> <span class='ocrx_word' id='word_1_282' title='bbox 463 3655 754 3733; x_wconf 75' lang='grc' dir='ltr'>Φοϐοῦμαι</span> <span class='ocrx_word' id='word_1_283' title='bbox 820 3660 980 3732; x_wconf 78' lang='grc' dir='ltr'>ὑμᾶς,</span> <span class='ocrx_word' id='word_1_284' title='bbox 1042 3658 1118 3730; x_wconf 82' lang='grc' dir='ltr'>μή</span> <span class='ocrx_word' id='word_1_285' title='bbox 1176 3677 1294 3719; x_wconf 90' lang='grc' dir='ltr'>πως</span> <span class='ocrx_word' id='word_1_286' title='bbox 1350 3656 1471 3724; x_wconf 79' lang='grc' dir='ltr'>εἰκῆ</span> <span class='ocrx_word' id='word_1_287' title='bbox 1524 3655 1822 3712; x_wconf 84' lang='grc' dir='ltr'>κεκοπίακα</span> <span class='ocrx_word' id='word_1_288' title='bbox 1852 3654 1928 3718; x_wconf 68' lang='grc' dir='ltr'>εἰς</span> 
     </span>
    </p>
   </div>
   <div class='ocr_carea' id='block_1_40' title="bbox 281 3745 1557 3825">
    <p class='ocr_par' dir='ltr' id='par_1_40' title="bbox 281 3745 1557 3825">
     <span class='ocr_line' id='line_1_40' title="bbox 281 3745 1557 3825; baseline -0.008 -17"><span class='ocrx_word' id='word_1_289' title='bbox 281 3752 443 3825; x_wconf 74' lang='grc' dir='ltr'>ὑμᾶς.</span> <span class='ocrx_word' id='word_1_290' title='bbox 474 3751 685 3818; x_wconf 68' lang='grc' dir='ltr'>Γίνεσθε</span> <span class='ocrx_word' id='word_1_291' title='bbox 704 3750 778 3813; x_wconf 89' lang='grc' dir='ltr'>ὡς</span> <span class='ocrx_word' id='word_1_292' title='bbox 808 3748 936 3824; x_wconf 77' lang='grc' dir='ltr'>ἐγὼ,</span> <span class='ocrx_word' id='word_1_293' title='bbox 971 3745 1053 3804; x_wconf 80' lang='grc' dir='ltr'>ὅτι</span> <span class='ocrx_word' id='word_1_294' title='bbox 1085 3746 1240 3823; x_wconf 69' lang='grc' dir='ltr'>κάγὼ</span> <span class='ocrx_word' id='word_1_295' title='bbox 1272 3746 1345 3808; x_wconf 83' lang='grc' dir='ltr'>ὡς</span> <span class='ocrx_word' id='word_1_296' title='bbox 1379 3745 1557 3818; x_wconf 81' lang='grc' dir='ltr'>ὑμεῖς.</span> 
     </span>
    </p>
   </div>
   <div class='ocr_carea' id='block_1_41' title="bbox 353 3931 1926 4011">
    <p class='ocr_par' dir='ltr' id='par_1_41' title="bbox 353 3931 1926 4011">
     <span class='ocr_line' id='line_1_41' title="bbox 353 3931 1926 4011; baseline -0.004 -14"><span class='ocrx_word' id='word_1_297' title='bbox 353 3940 498 4011; x_wconf 76' lang='grc' dir='ltr'>Πρὸς</span> <span class='ocrx_word' id='word_1_298' title='bbox 523 3939 647 4000; x_wconf 75' lang='grc' dir='ltr'>τοῦς</span> <span class='ocrx_word' id='word_1_299' title='bbox 689 3937 738 4009; x_wconf 79' lang='grc' dir='ltr'>ἐξ</span> <span class='ocrx_word' id='word_1_300' title='bbox 801 3935 1077 3993; x_wconf 77' lang='grc' dir='ltr'>Ἰουδαίων</span> <span class='ocrx_word' id='word_1_301' title='bbox 1130 3932 1462 4010; x_wconf 70' lang='grc' dir='ltr'>διαλέγεται,</span> <span class='ocrx_word' id='word_1_302' title='bbox 1524 3931 1734 3997; x_wconf 69' lang='grc' dir='ltr'>δεικνὺς</span> <span class='ocrx_word' id='word_1_303' title='bbox 1762 3934 1836 3998; x_wconf 83' lang='grc' dir='ltr'>ὡς</span> <span class='ocrx_word' id='word_1_304' title='bbox 1863 3935 1926 3991; x_wconf 87' lang='grc' dir='ltr'>τὸ</span> 
     </span>
    </p>
   </div>
   <div class='ocr_carea' id='block_1_42' title="bbox 275 4024 1925 4104">
    <p class='ocr_par' dir='ltr' id='par_1_42' title="bbox 275 4024 1925 4104">
     <span class='ocr_line' id='line_1_42' title="bbox 275 4024 1925 4104; baseline -0.003 -20"><span class='ocrx_word' id='word_1_305' title='bbox 275 4031 486 4104; x_wconf 68' lang='grc' dir='ltr'>ἡμέρας</span> <span class='ocrx_word' id='word_1_306' title='bbox 546 4032 974 4102; x_wconf 75' lang='grc' dir='ltr'>παρατηρεῖσθαι</span> <span class='ocrx_word' id='word_1_307' title='bbox 1031 4025 1121 4080; x_wconf 83' lang='grc' dir='ltr'>καὶ</span> <span class='ocrx_word' id='word_1_308' title='bbox 1175 4027 1348 4096; x_wconf 76' lang='grc' dir='ltr'>μῆνας</span> <span class='ocrx_word' id='word_1_309' title='bbox 1405 4024 1495 4080; x_wconf 77' lang='grc' dir='ltr'>καὶ</span> <span class='ocrx_word' id='word_1_310' title='bbox 1555 4025 1778 4095; x_wconf 75' lang='grc' dir='ltr'>καιροὺς</span> <span class='ocrx_word' id='word_1_311' title='bbox 1835 4025 1925 4079; x_wconf 79' lang='grc' dir='ltr'>καὶ</span> 
     </span>
    </p>
   </div>
   <div class='ocr_carea' id='block_1_43' title="bbox 275 4111 1926 4188">
    <p class='ocr_par' dir='ltr' id='par_1_43' title="bbox 275 4111 1926 4188">
     <span class='ocr_line' id='line_1_43' title="bbox 275 4111 1926 4188; baseline -0.002 -16"><span class='ocrx_word' id='word_1_312' title='bbox 275 4118 552 4180; x_wconf 69' lang='grc' dir='ltr'>ινιαυτοῦς</span> <span class='ocrx_word' id='word_1_313' title='bbox 607 4116 696 4172; x_wconf 81' lang='grc' dir='ltr'>καὶ</span> <span class='ocrx_word' id='word_1_314' title='bbox 757 4116 828 4171; x_wconf 87' lang='grc' dir='ltr'>ῶν</span> <span class='ocrx_word' id='word_1_315' title='bbox 890 4114 942 4169; x_wconf 80' lang='grc' dir='ltr'>ἐν</span> <span class='ocrx_word' id='word_1_316' title='bbox 977 4113 1634 4188; x_wconf 75' lang='grc' dir='ltr'>νόμῳὴπαρατήρησις,</span> <span class='ocrx_word' id='word_1_317' title='bbox 1695 4111 1926 4169; x_wconf 78' lang='grc' dir='ltr'>εἰδωλο-</span> 
     </span>
    </p>
   </div>
   <div class='ocr_carea' id='block_1_44' title="bbox 275 4198 1920 4284">
    <p class='ocr_par' dir='ltr' id='par_1_44' title="bbox 275 4198 1920 4284">
     <span class='ocr_line' id='line_1_44' title="bbox 275 4198 1920 4284; baseline -0.004 -19"><span class='ocrx_word' id='word_1_318' title='bbox 275 4209 533 4284; x_wconf 81' lang='grc' dir='ltr'>λατρεὶας</span> <span class='ocrx_word' id='word_1_319' title='bbox 581 4206 742 4262; x_wconf 77' lang='grc' dir='ltr'>ἐστίν.</span> <span class='ocrx_word' id='word_1_320' title='bbox 801 4202 968 4261; x_wconf 71' lang='grc' dir='ltr'>υῦδέν</span> <span class='ocrx_word' id='word_1_321' title='bbox 1028 4203 1153 4278; x_wconf 73' lang='grc' dir='ltr'>γὰρ,</span> <span class='ocrx_word' id='word_1_322' title='bbox 1214 4203 1378 4277; x_wconf 74' lang='grc' dir='ltr'>φησὶν</span> <span class='ocrx_word' id='word_1_323' title='bbox 1436 4198 1618 4277; x_wconf 77' lang='grc' dir='ltr'>ἕτερον</span> <span class='ocrx_word' id='word_1_324' title='bbox 1673 4204 1920 4273; x_wconf 74' lang='grc' dir='ltr'>τοῦτο,ἧ</span> 
     </span>
    </p>
   </div>
   <div class='ocr_carea' id='block_1_45' title="bbox 275 4291 1923 4372">
    <p class='ocr_par' dir='ltr' id='par_1_45' title="bbox 275 4291 1923 4372">
     <span class='ocr_line' id='line_1_45' title="bbox 275 4291 1923 4372; baseline -0.004 -18"><span class='ocrx_word' id='word_1_325' title='bbox 275 4297 481 4372; x_wconf 64' lang='grc' dir='ltr'>σελήνῃ</span> <span class='ocrx_word' id='word_1_326' title='bbox 515 4295 604 4350; x_wconf 86' lang='grc' dir='ltr'>καὶ</span> <span class='ocrx_word' id='word_1_327' title='bbox 663 4292 810 4366; x_wconf 73' lang='grc' dir='ltr'>ἡλῖῳ</span> <span class='ocrx_word' id='word_1_328' title='bbox 865 4297 1181 4368; x_wconf 77' lang='grc' dir='ltr'>προσκυνεῖν</span> <span class='ocrx_word' id='word_1_329' title='bbox 1233 4291 1282 4362; x_wconf 81' lang='grc' dir='ltr'>ἐξ</span> <span class='ocrx_word' id='word_1_330' title='bbox 1341 4293 1413 4347; x_wconf 83' lang='grc' dir='ltr'>ὧν</span> <span class='ocrx_word' id='word_1_331' title='bbox 1467 4293 1520 4346; x_wconf 74' lang='grc' dir='ltr'>αἱ</span> <span class='ocrx_word' id='word_1_332' title='bbox 1571 4291 1774 4366; x_wconf 75' lang='grc' dir='ltr'>ἡμέραι</span> <span class='ocrx_word' id='word_1_333' title='bbox 1824 4294 1923 4360; x_wconf 71' lang='grc' dir='ltr'>τὴν</span> 
     </span>
    </p>
   </div>
   <div class='ocr_carea' id='block_1_46' title="bbox 270 4378 1918 4461">
    <p class='ocr_par' dir='ltr' id='par_1_46' title="bbox 270 4378 1918 4461">
     <span class='ocr_line' id='line_1_46' title="bbox 270 4378 1918 4461; baseline -0.007 -18"><span class='ocrx_word' id='word_1_334' title='bbox 270 4388 654 4461; x_wconf 66' lang='grc' dir='ltr'>παρατήρησιν</span> <span class='ocrx_word' id='word_1_335' title='bbox 695 4381 934 4458; x_wconf 76' lang='grc' dir='ltr'>ἔχουσιν.</span> <span class='ocrx_word' id='word_1_336' title='bbox 971 4383 1064 4438; x_wconf 87' lang='grc' dir='ltr'>Ἐκ</span> <span class='ocrx_word' id='word_1_337' title='bbox 1093 4381 1408 4458; x_wconf 85' lang='grc' dir='ltr'>περιουσίας</span> <span class='ocrx_word' id='word_1_338' title='bbox 1449 4378 1507 4437; x_wconf 63' lang='grc' dir='ltr'>δὲ</span> <span class='ocrx_word' id='word_1_339' title='bbox 1559 4385 1720 4434; x_wconf 87' lang='grc' dir='ltr'>τοῦτο</span> <span class='ocrx_word' id='word_1_340' title='bbox 1749 4380 1918 4449; x_wconf 74' lang='grc' dir='ltr'>εἶπεν,</span> 
     </span>
    </p>
   </div>
   <div class='ocr_carea' id='block_1_47' title="bbox 272 4471 1918 4550">
    <p class='ocr_par' dir='ltr' id='par_1_47' title="bbox 272 4471 1918 4550">
     <span class='ocr_line' id='line_1_47' title="bbox 272 4471 1918 4550; baseline -0.007 -15"><span class='ocrx_word' id='word_1_341' title='bbox 272 4477 580 4546; x_wconf 78' lang='grc' dir='ltr'>ἀποστῆσαι</span> <span class='ocrx_word' id='word_1_342' title='bbox 610 4478 707 4530; x_wconf 84' lang='grc' dir='ltr'>τοῦ</span> <span class='ocrx_word' id='word_1_343' title='bbox 740 4475 915 4546; x_wconf 87' lang='grc' dir='ltr'>νόμου</span> <span class='ocrx_word' id='word_1_344' title='bbox 975 4472 1166 4538; x_wconf 73' lang='grc' dir='ltr'>θέλων.</span> <span class='ocrx_word' id='word_1_345' title='bbox 1201 4473 1268 4531; x_wconf 75' lang='grc' dir='ltr'>Οἱ</span> <span class='ocrx_word' id='word_1_346' title='bbox 1299 4471 1402 4550; x_wconf 75' lang='grc' dir='ltr'>γὰρ</span> <span class='ocrx_word' id='word_1_347' title='bbox 1452 4472 1552 4542; x_wconf 75' lang='grc' dir='ltr'>τήν</span> <span class='ocrx_word' id='word_1_348' title='bbox 1614 4474 1918 4546; x_wconf 70' lang='grc' dir='ltr'>περιτομήν</span> 
     </span>
    </p>
   </div>
   <div class='ocr_carea' id='block_1_48' title="bbox 2086 537 3733 612">
    <p class='ocr_par' dir='ltr' id='par_1_48' title="bbox 2086 537 3733 612">
     <span class='ocr_line' id='line_1_48' title="bbox 2086 537 3733 612; baseline 0.006 -22"><span class='ocrx_word' id='word_1_349' title='bbox 2086 537 2190 591; x_wconf 91' lang='lat' dir='ltr'>sed</span> <span class='ocrx_word' id='word_1_350' title='bbox 2223 553 2292 592; x_wconf 86' lang='lat' dir='ltr'>ex</span> <span class='ocrx_word' id='word_1_351' title='bbox 2323 538 2594 599; x_wconf 86' lang='lat' dir='ltr'>muliere.</span> <span class='ocrx_word' id='word_1_352' title='bbox 2628 541 2952 595; x_wconf 82' lang='lat' dir='ltr'>ostendens</span> <span class='ocrx_word' id='word_1_353' title='bbox 2987 541 3303 596; x_wconf 90' lang='lat' dir='ltr'>Dominum</span> <span class='ocrx_word' id='word_1_354' title='bbox 3332 539 3403 594; x_wconf 89' lang='lat' dir='ltr'>ab</span> <span class='ocrx_word' id='word_1_355' title='bbox 3427 557 3494 594; x_wconf 92' lang='lat' dir='ltr'>eo</span> <span class='ocrx_word' id='word_1_356' title='bbox 3518 558 3733 612; x_wconf 81' lang='lat' dir='ltr'>corpus</span> 
     </span>
    </p>
   </div>
   <div class='ocr_carea' id='block_1_49' title="bbox 2085 627 3734 702">
    <p class='ocr_par' dir='ltr' id='par_1_49' title="bbox 2085 627 3734 702">
     <span class='ocr_line' id='line_1_49' title="bbox 2085 627 3734 702; baseline 0.004 -22"><span class='ocrx_word' id='word_1_357' title='bbox 2085 627 2462 697; x_wconf 53' lang='lat' dir='ltr'>sumpsissem</span> <span class='ocrx_word' id='word_1_358' title='bbox 2486 629 2726 683; x_wconf 89' lang='lat' dir='ltr'>Factum</span> <span class='ocrx_word' id='word_1_359' title='bbox 2759 629 2872 700; x_wconf 78' lang='lat' dir='ltr'>legi</span> <span class='ocrx_word' id='word_1_360' title='bbox 2909 629 3290 684; x_wconf 77' lang='lat' dir='ltr'>obnoxium.»</span> <span class='ocrx_word' id='word_1_361' title='bbox 3316 632 3398 684; x_wconf 88' lang='lat' dir='ltr'>lta</span> <span class='ocrx_word' id='word_1_362' title='bbox 3432 631 3588 685; x_wconf 90' lang='lat' dir='ltr'>enim</span> <span class='ocrx_word' id='word_1_363' title='bbox 3622 631 3734 702; x_wconf 80' lang='lat' dir='ltr'>legi</span> 
     </span>
    </p>
   </div>
   <div class='ocr_carea' id='block_1_50' title="bbox 2081 713 3730 788">
    <p class='ocr_par' dir='ltr' id='par_1_50' title="bbox 2081 713 3730 788">
     <span class='ocr_line' id='line_1_50' title="bbox 2081 713 3730 788; baseline 0.004 -21"><span class='ocrx_word' id='word_1_364' title='bbox 2081 713 2370 770; x_wconf 86' lang='lat' dir='ltr'>obnoxius</span> <span class='ocrx_word' id='word_1_365' title='bbox 2391 715 2581 772; x_wconf 84' lang='lat' dir='ltr'>factus</span> <span class='ocrx_word' id='word_1_366' title='bbox 2604 723 2694 773; x_wconf 90' lang='lat' dir='ltr'>est</span> <span class='ocrx_word' id='word_1_367' title='bbox 2713 718 2868 788; x_wconf 90' lang='lat' dir='ltr'>quod</span> <span class='ocrx_word' id='word_1_368' title='bbox 2892 720 3071 773; x_wconf 86' lang='lat' dir='ltr'>etiam</span> <span class='ocrx_word' id='word_1_369' title='bbox 3097 719 3486 773; x_wconf 81' lang='lat' dir='ltr'>circumcisus</span> <span class='ocrx_word' id='word_1_370' title='bbox 3511 725 3631 772; x_wconf 83' lang='lat' dir='ltr'>est:</span> <span class='ocrx_word' id='word_1_371' title='bbox 3666 727 3730 773; x_wconf 90' lang='lat' dir='ltr'>ut</span> 
     </span>
    </p>
   </div>
   <div class='ocr_carea' id='block_1_51' title="bbox 2079 805 3732 880">
    <p class='ocr_par' dir='ltr' id='par_1_51' title="bbox 2079 805 3732 880">
     <span class='ocr_line' id='line_1_51' title="bbox 2079 805 3732 880; baseline 0.002 -22"><span class='ocrx_word' id='word_1_372' title='bbox 2079 819 2202 865; x_wconf 80' lang='lat' dir='ltr'>eos.</span> <span class='ocrx_word' id='word_1_373' title='bbox 2237 805 2450 876; x_wconf 77' lang='lat' dir='ltr'>inquit,</span> <span class='ocrx_word' id='word_1_374' title='bbox 2474 807 2572 876; x_wconf 91' lang='lat' dir='ltr'>qui</span> <span class='ocrx_word' id='word_1_375' title='bbox 2597 807 2709 880; x_wconf 84' lang='lat' dir='ltr'>legi</span> <span class='ocrx_word' id='word_1_376' title='bbox 2734 823 2802 862; x_wconf 92' lang='lat' dir='ltr'>ac</span> <span class='ocrx_word' id='word_1_377' title='bbox 2825 809 3217 863; x_wconf 82' lang='lat' dir='ltr'>exsecrationi</span> <span class='ocrx_word' id='word_1_378' title='bbox 3257 814 3430 862; x_wconf 89' lang='lat' dir='ltr'>erant</span> <span class='ocrx_word' id='word_1_379' title='bbox 3471 808 3732 872; x_wconf 85' lang='lat' dir='ltr'>obnoxii,</span> 
     </span>
    </p>
   </div>
   <div class='ocr_carea' id='block_1_52' title="bbox 2076 893 3731 968">
    <p class='ocr_par' dir='ltr' id='par_1_52' title="bbox 2076 893 3731 968">
     <span class='ocr_line' id='line_1_52' title="bbox 2076 893 3731 968; baseline 0.002 -22"><span class='ocrx_word' id='word_1_380' title='bbox 2076 893 2418 961; x_wconf 78' lang='lat' dir='ltr'>redimeret,</span> <span class='ocrx_word' id='word_1_381' title='bbox 2443 902 2628 966; x_wconf 90' lang='lat' dir='ltr'>etper</span> <span class='ocrx_word' id='word_1_382' title='bbox 2661 913 2918 962; x_wconf 88' lang='lat' dir='ltr'>crucem,</span> <span class='ocrx_word' id='word_1_383' title='bbox 2953 903 3010 950; x_wconf 90' lang='lat' dir='ltr'>et</span> <span class='ocrx_word' id='word_1_384' title='bbox 3037 913 3106 951; x_wconf 82' lang='lat' dir='ltr'>ex</span> <span class='ocrx_word' id='word_1_385' title='bbox 3141 913 3208 951; x_wconf 92' lang='lat' dir='ltr'>eo</span> <span class='ocrx_word' id='word_1_386' title='bbox 3242 897 3399 968; x_wconf 90' lang='lat' dir='ltr'>quod</span> <span class='ocrx_word' id='word_1_387' title='bbox 3450 904 3634 952; x_wconf 87' lang='lat' dir='ltr'>totum</span> <span class='ocrx_word' id='word_1_388' title='bbox 3671 913 3731 953; x_wconf 86' lang='lat' dir='ltr'>se</span> 
     </span>
    </p>
   </div>
   <div class='ocr_carea' id='block_1_53' title="bbox 2077 981 3728 1058">
    <p class='ocr_par' dir='ltr' id='par_1_53' title="bbox 2077 981 3728 1058">
     <span class='ocr_line' id='line_1_53' title="bbox 2077 981 3728 1058; baseline 0.003 -21"><span class='ocrx_word' id='word_1_389' title='bbox 2077 981 2189 1054; x_wconf 86' lang='lat' dir='ltr'>legi</span> <span class='ocrx_word' id='word_1_390' title='bbox 2216 985 2586 1053; x_wconf 84' lang='lat' dir='ltr'>subjecisset.</span> <span class='ocrx_word' id='word_1_391' title='bbox 2621 1007 2641 1032; x_wconf 77' lang='grc' dir='ltr'>ε</span> <span class='ocrx_word' id='word_1_392' title='bbox 2669 988 2737 1042; x_wconf 86' lang='lat' dir='ltr'>Ut</span> <span class='ocrx_word' id='word_1_393' title='bbox 2756 986 3137 1058; x_wconf 85' lang='lat' dir='ltr'>adoptionem</span> <span class='ocrx_word' id='word_1_394' title='bbox 3160 987 3221 1040; x_wconf 90' lang='lat' dir='ltr'>in</span> <span class='ocrx_word' id='word_1_395' title='bbox 3249 987 3402 1042; x_wconf 76' lang='lat' dir='ltr'>filios</span> <span class='ocrx_word' id='word_1_396' title='bbox 3426 987 3728 1057; x_wconf 80' lang='lat' dir='ltr'>accipere-</span> 
     </span>
    </p>
   </div>
   <div class='ocr_carea' id='block_1_54' title="bbox 2074 1076 3726 1140">
    <p class='ocr_par' dir='ltr' id='par_1_54' title="bbox 2074 1076 3726 1140">
     <span class='ocr_line' id='line_1_54' title="bbox 2074 1076 3726 1140; baseline 0.003 -13"><span class='ocrx_word' id='word_1_397' title='bbox 2074 1089 2225 1128; x_wconf 87' lang='lat' dir='ltr'>mus.</span> <span class='ocrx_word' id='word_1_398' title='bbox 2253 1096 2280 1123; x_wconf 88' lang='grc'>››</span> <span class='ocrx_word' id='word_1_399' title='bbox 2308 1077 2457 1130; x_wconf 73' lang='grc'>749</span> <span class='ocrx_word' id='word_1_400' title='bbox 2480 1077 2607 1130; x_wconf 87' lang='lat' dir='ltr'>Non</span> <span class='ocrx_word' id='word_1_401' title='bbox 2633 1076 2823 1130; x_wconf 88' lang='lat' dir='ltr'>solum</span> <span class='ocrx_word' id='word_1_402' title='bbox 2867 1077 3027 1131; x_wconf 87' lang='lat' dir='ltr'>enim</span> <span class='ocrx_word' id='word_1_403' title='bbox 3079 1092 3113 1130; x_wconf 90' lang='lat' dir='ltr'>a</span> <span class='ocrx_word' id='word_1_404' title='bbox 3161 1078 3334 1130; x_wconf 89' lang='lat' dir='ltr'>malis</span> <span class='ocrx_word' id='word_1_405' title='bbox 3366 1077 3658 1140; x_wconf 81' lang='lat' dir='ltr'>liberavit,</span> <span class='ocrx_word' id='word_1_406' title='bbox 3692 1092 3726 1132; x_wconf 85' lang='lat' dir='ltr'>a</span> 
     </span>
    </p>
   </div>
   <div class='ocr_carea' id='block_1_55' title="bbox 2071 1161 3723 1236">
    <p class='ocr_par' dir='ltr' id='par_1_55' title="bbox 2071 1161 3723 1236">
     <span class='ocr_line' id='line_1_55' title="bbox 2071 1161 3723 1236; baseline 0.003 -20"><span class='ocrx_word' id='word_1_407' title='bbox 2071 1161 2218 1233; x_wconf 81' lang='lat' dir='ltr'>legis</span> <span class='ocrx_word' id='word_1_408' title='bbox 2240 1165 2642 1220; x_wconf 76' lang='lat' dir='ltr'>exsecratione</span> <span class='ocrx_word' id='word_1_409' title='bbox 2667 1164 3000 1232; x_wconf 90' lang='lat' dir='ltr'>absolvens,</span> <span class='ocrx_word' id='word_1_410' title='bbox 3027 1182 3227 1220; x_wconf 91' lang='lat' dir='ltr'>verum</span> <span class='ocrx_word' id='word_1_411' title='bbox 3246 1165 3625 1236; x_wconf 80' lang='lat' dir='ltr'>adoptionem</span> <span class='ocrx_word' id='word_1_412' title='bbox 3660 1166 3723 1221; x_wconf 88' lang='lat' dir='ltr'>in</span> 
     </span>
    </p>
   </div>
   <div class='ocr_carea' id='block_1_56' title="bbox 2072 1252 3720 1326">
    <p class='ocr_par' dir='ltr' id='par_1_56' title="bbox 2072 1252 3720 1326">
     <span class='ocr_line' id='line_1_56' title="bbox 2072 1252 3720 1326; baseline 0.001 -18"><span class='ocrx_word' id='word_1_413' title='bbox 2072 1252 2228 1308; x_wconf 81' lang='lat' dir='ltr'>ﬁlios</span> <span class='ocrx_word' id='word_1_414' title='bbox 2261 1254 2436 1308; x_wconf 89' lang='lat' dir='ltr'>etiam</span> <span class='ocrx_word' id='word_1_415' title='bbox 2471 1254 2731 1309; x_wconf 71' lang='lat' dir='ltr'>.lonavit.</span> <span class='ocrx_word' id='word_1_416' title='bbox 2766 1256 2978 1310; x_wconf 90' lang='lat' dir='ltr'>Dicens</span> <span class='ocrx_word' id='word_1_417' title='bbox 3009 1262 3229 1319; x_wconf 83' lang='lat' dir='ltr'>autem,</span> <span class='ocrx_word' id='word_1_418' title='bbox 3272 1256 3720 1326; x_wconf 84' lang='lat' dir='ltr'>Acciperemus,</span> 
     </span>
    </p>
   </div>
   <div class='ocr_carea' id='block_1_57' title="bbox 2070 1342 3718 1414">
    <p class='ocr_par' dir='ltr' id='par_1_57' title="bbox 2070 1342 3718 1414">
     <span class='ocr_line' id='line_1_57' title="bbox 2070 1342 3718 1414; baseline 0.001 -17"><span class='ocrx_word' id='word_1_419' title='bbox 2070 1342 2331 1397; x_wconf 85' lang='lat' dir='ltr'>ostendit</span> <span class='ocrx_word' id='word_1_420' title='bbox 2361 1343 2551 1414; x_wconf 80' lang='lat' dir='ltr'>ipsam</span> <span class='ocrx_word' id='word_1_421' title='bbox 2583 1350 2760 1400; x_wconf 87' lang='lat' dir='ltr'>antea</span> <span class='ocrx_word' id='word_1_422' title='bbox 2791 1345 2974 1400; x_wconf 83' lang='lat' dir='ltr'>fuisse</span> <span class='ocrx_word' id='word_1_423' title='bbox 3006 1345 3289 1410; x_wconf 86' lang='lat' dir='ltr'>debitam,</span> <span class='ocrx_word' id='word_1_424' title='bbox 3310 1345 3414 1400; x_wconf 90' lang='lat' dir='ltr'>sed</span> <span class='ocrx_word' id='word_1_425' title='bbox 3446 1362 3553 1400; x_wconf 89' lang='lat' dir='ltr'>nos</span> <span class='ocrx_word' id='word_1_426' title='bbox 3599 1361 3718 1402; x_wconf 90' lang='lat' dir='ltr'>non</span> 
     </span>
    </p>
   </div>
   <div class='ocr_carea' id='block_1_58' title="bbox 2065 1432 3717 1506">
    <p class='ocr_par' dir='ltr' id='par_1_58' title="bbox 2065 1432 3717 1506">
     <span class='ocr_line' id='line_1_58' title="bbox 2065 1432 3717 1506; baseline 0.004 -22"><span class='ocrx_word' id='word_1_427' title='bbox 2065 1432 2329 1502; x_wconf 89' lang='lat' dir='ltr'>potuisse</span> <span class='ocrx_word' id='word_1_428' title='bbox 2354 1432 2620 1504; x_wconf 87' lang='lat' dir='ltr'>accipere</span> <span class='ocrx_word' id='word_1_429' title='bbox 2644 1440 2884 1506; x_wconf 87' lang='lat' dir='ltr'>propter</span> <span class='ocrx_word' id='word_1_430' title='bbox 2908 1435 3125 1490; x_wconf 91' lang='lat' dir='ltr'>mentis</span> <span class='ocrx_word' id='word_1_431' title='bbox 3148 1435 3480 1489; x_wconf 85' lang='lat' dir='ltr'>infantiam.</span> <span class='ocrx_word' id='word_1_432' title='bbox 3509 1459 3534 1482; x_wconf 93' lang='grc'><em>‹‹</em></span> <span class='ocrx_word' id='word_1_433' title='bbox 3564 1435 3717 1499; x_wconf 82' lang='lat' dir='ltr'>Quo-</span> 
     </span>
    </p>
   </div>
   <div class='ocr_carea' id='block_1_59' title="bbox 2065 1521 3714 1594">
    <p class='ocr_par' dir='ltr' id='par_1_59' title="bbox 2065 1521 3714 1594">
     <span class='ocr_line' id='line_1_59' title="bbox 2065 1521 3714 1594; baseline 0.002 -19"><span class='ocrx_word' id='word_1_434' title='bbox 2065 1521 2226 1575; x_wconf 88' lang='lat' dir='ltr'>niam</span> <span class='ocrx_word' id='word_1_435' title='bbox 2245 1525 2444 1576; x_wconf 89' lang='lat' dir='ltr'>autem</span> <span class='ocrx_word' id='word_1_436' title='bbox 2469 1523 2610 1578; x_wconf 91' lang='lat' dir='ltr'>estis</span> <span class='ocrx_word' id='word_1_437' title='bbox 2630 1522 2760 1591; x_wconf 87' lang='lat' dir='ltr'>ﬁlii,</span> <span class='ocrx_word' id='word_1_438' title='bbox 2787 1529 2898 1578; x_wconf 89' lang='lat' dir='ltr'>etc.</span> <span class='ocrx_word' id='word_1_439' title='bbox 2955 1545 2981 1571; x_wconf 84' lang='lat'>»</span> <span class='ocrx_word' id='word_1_440' title='bbox 3036 1526 3106 1579; x_wconf 87' lang='lat' dir='ltr'>Et</span> <span class='ocrx_word' id='word_1_441' title='bbox 3135 1524 3312 1586; x_wconf 89' lang='lat' dir='ltr'>unde,</span> <span class='ocrx_word' id='word_1_442' title='bbox 3342 1524 3555 1594; x_wconf 88' lang='lat' dir='ltr'>inquit,</span> <span class='ocrx_word' id='word_1_443' title='bbox 3588 1541 3714 1579; x_wconf 85' lang='lat' dir='ltr'>ma-</span> 
     </span>
    </p>
   </div>
   <div class='ocr_carea' id='block_1_60' title="bbox 2062 1609 3705 1684">
    <p class='ocr_par' dir='ltr' id='par_1_60' title="bbox 2062 1609 3705 1684">
     <span class='ocr_line' id='line_1_60' title="bbox 2062 1609 3705 1684; baseline 0.001 -20"><span class='ocrx_word' id='word_1_444' title='bbox 2062 1609 2345 1665; x_wconf 85' lang='lat' dir='ltr'>nifestum</span> <span class='ocrx_word' id='word_1_445' title='bbox 2379 1614 2488 1676; x_wconf 91' lang='lat' dir='ltr'>est,</span> <span class='ocrx_word' id='word_1_446' title='bbox 2523 1611 2680 1682; x_wconf 91' lang='lat' dir='ltr'>quod</span> <span class='ocrx_word' id='word_1_447' title='bbox 2713 1612 3095 1683; x_wconf 82' lang='lat' dir='ltr'>adOptionem</span> <span class='ocrx_word' id='word_1_448' title='bbox 3128 1613 3188 1666; x_wconf 90' lang='lat' dir='ltr'>in</span> <span class='ocrx_word' id='word_1_449' title='bbox 3223 1613 3376 1667; x_wconf 83' lang='lat' dir='ltr'>filios</span> <span class='ocrx_word' id='word_1_450' title='bbox 3407 1613 3705 1684; x_wconf 83' lang='lat' dir='ltr'>acceperi-</span> 
     </span>
    </p>
   </div>
   <div class='ocr_carea' id='block_1_61' title="bbox 2062 1698 3716 1772">
    <p class='ocr_par' dir='ltr' id='par_1_61' title="bbox 2062 1698 3716 1772">
     <span class='ocr_line' id='line_1_61' title="bbox 2062 1698 3716 1772; baseline 0.001 -18"><span class='ocrx_word' id='word_1_451' title='bbox 2062 1715 2194 1754; x_wconf 89' lang='lat' dir='ltr'>mus</span> <span class='ocrx_word' id='word_1_452' title='bbox 2218 1698 2244 1752; x_wconf 65' lang='grc' dir='ltr'>ἱ)</span> <span class='ocrx_word' id='word_1_453' title='bbox 2271 1699 2433 1755; x_wconf 90' lang='lat' dir='ltr'>Unde</span> <span class='ocrx_word' id='word_1_454' title='bbox 2455 1699 2482 1753; x_wconf 70' lang='lat'>‘2</span> <span class='ocrx_word' id='word_1_455' title='bbox 2512 1701 2592 1754; x_wconf 86' lang='lat' dir='ltr'>Ex</span> <span class='ocrx_word' id='word_1_456' title='bbox 2623 1700 2941 1772; x_wconf 87' lang='lat' dir='ltr'>adoptione</span> <span class='ocrx_word' id='word_1_457' title='bbox 2975 1701 3250 1772; x_wconf 90' lang='lat' dir='ltr'>Sipiritus</span> <span class='ocrx_word' id='word_1_458' title='bbox 3283 1701 3382 1772; x_wconf 91' lang='lat' dir='ltr'>qui</span> <span class='ocrx_word' id='word_1_459' title='bbox 3408 1701 3716 1757; x_wconf 90' lang='lat' dir='ltr'>descendit</span> 
     </span>
    </p>
   </div>
   <div class='ocr_carea' id='block_1_62' title="bbox 2061 1789 3715 1860">
    <p class='ocr_par' dir='ltr' id='par_1_62' title="bbox 2061 1789 3715 1860">
     <span class='ocr_line' id='line_1_62' title="bbox 2061 1789 3715 1860; baseline 0.002 -18"><span class='ocrx_word' id='word_1_460' title='bbox 2061 1793 2124 1844; x_wconf 87' lang='lat' dir='ltr'>ut</span> <span class='ocrx_word' id='word_1_461' title='bbox 2154 1794 2518 1860; x_wconf 72' lang='lat' dir='ltr'>prmpararet</span> <span class='ocrx_word' id='word_1_462' title='bbox 2549 1806 2657 1844; x_wconf 90' lang='lat' dir='ltr'>nos</span> <span class='ocrx_word' id='word_1_463' title='bbox 2689 1805 2757 1844; x_wconf 89' lang='lat' dir='ltr'>ac</span> <span class='ocrx_word' id='word_1_464' title='bbox 2787 1789 3028 1846; x_wconf 83' lang='lat' dir='ltr'>doceret</span> <span class='ocrx_word' id='word_1_465' title='bbox 3086 1791 3218 1860; x_wconf 82' lang='lat' dir='ltr'>(hoc</span> <span class='ocrx_word' id='word_1_466' title='bbox 3277 1791 3436 1845; x_wconf 90' lang='lat' dir='ltr'>enim</span> <span class='ocrx_word' id='word_1_467' title='bbox 3492 1791 3715 1846; x_wconf 84' lang='lat' dir='ltr'>indicat</span> 
     </span>
    </p>
   </div>
   <div class='ocr_carea' id='block_1_63' title="bbox 2057 1878 3713 1952">
    <p class='ocr_par' dir='ltr' id='par_1_63' title="bbox 2057 1878 3713 1952">
     <span class='ocr_line' id='line_1_63' title="bbox 2057 1878 3713 1952; baseline 0.001 -20"><span class='ocrx_word' id='word_1_468' title='bbox 2057 1878 2444 1942; x_wconf 87' lang='lat' dir='ltr'>Clamantem)</span> <span class='ocrx_word' id='word_1_469' title='bbox 2470 1880 2651 1934; x_wconf 90' lang='lat' dir='ltr'>Deum</span> <span class='ocrx_word' id='word_1_470' title='bbox 2669 1896 2872 1935; x_wconf 86' lang='lat' dir='ltr'>vocare</span> <span class='ocrx_word' id='word_1_471' title='bbox 2891 1882 3123 1936; x_wconf 78' lang='lat' dir='ltr'>Patrem</span> <span class='ocrx_word' id='word_1_472' title='bbox 3141 1881 3318 1952; x_wconf 87' lang='lat' dir='ltr'>;quod</span> <span class='ocrx_word' id='word_1_473' title='bbox 3342 1897 3713 1952; x_wconf 87' lang='lat' dir='ltr'>nequaquam</span> 
     </span>
    </p>
   </div>
   <div class='ocr_carea' id='block_1_64' title="bbox 2054 1967 3699 2042">
    <p class='ocr_par' dir='ltr' id='par_1_64' title="bbox 2054 1967 3699 2042">
     <span class='ocr_line' id='line_1_64' title="bbox 2054 1967 3699 2042; baseline 0.002 -20"><span class='ocrx_word' id='word_1_474' title='bbox 2054 1967 2284 2028; x_wconf 81' lang='lat' dir='ltr'>fuisset.</span> <span class='ocrx_word' id='word_1_475' title='bbox 2319 1969 2433 2024; x_wconf 90' lang='lat' dir='ltr'>nisi</span> <span class='ocrx_word' id='word_1_476' title='bbox 2466 1969 2845 2042; x_wconf 89' lang='lat' dir='ltr'>adoptionem</span> <span class='ocrx_word' id='word_1_477' title='bbox 2908 1970 2969 2025; x_wconf 91' lang='lat' dir='ltr'>in</span> <span class='ocrx_word' id='word_1_478' title='bbox 3028 1970 3182 2024; x_wconf 81' lang='lat' dir='ltr'>ﬁlios</span> <span class='ocrx_word' id='word_1_479' title='bbox 3241 1972 3699 2042; x_wconf 86' lang='lat' dir='ltr'>accepissemus.</span> 
     </span>
    </p>
   </div>
   <div class='ocr_carea' id='block_1_65' title="bbox 2053 2059 3701 2131">
    <p class='ocr_par' dir='ltr' id='par_1_65' title="bbox 2053 2059 3701 2131">
     <span class='ocr_line' id='line_1_65' title="bbox 2053 2059 3701 2131; baseline 0.001 -18"><span class='ocrx_word' id='word_1_480' title='bbox 2053 2059 2347 2131; x_wconf 85' lang='lat' dir='ltr'>Deinceps</span> <span class='ocrx_word' id='word_1_481' title='bbox 2371 2060 2568 2131; x_wconf 88' lang='lat' dir='ltr'>itaque</span> <span class='ocrx_word' id='word_1_482' title='bbox 2591 2061 2746 2116; x_wconf 91' lang='lat' dir='ltr'>bono</span> <span class='ocrx_word' id='word_1_483' title='bbox 2771 2063 2851 2116; x_wconf 82' lang='lat' dir='ltr'>sis</span> <span class='ocrx_word' id='word_1_484' title='bbox 2875 2063 3137 2129; x_wconf 89' lang='lat' dir='ltr'>animo,o</span> <span class='ocrx_word' id='word_1_485' title='bbox 3155 2062 3361 2117; x_wconf 92' lang='lat' dir='ltr'>homo:</span> <span class='ocrx_word' id='word_1_486' title='bbox 3381 2064 3505 2131; x_wconf 81' lang='lat' dir='ltr'>jam</span> <span class='ocrx_word' id='word_1_487' title='bbox 3540 2063 3701 2117; x_wconf 87' lang='lat' dir='ltr'>enim</span> 
     </span>
    </p>
   </div>
   <div class='ocr_carea' id='block_1_66' title="bbox 2054 2150 3706 2222">
    <p class='ocr_par' dir='ltr' id='par_1_66' title="bbox 2054 2150 3706 2222">
     <span class='ocr_line' id='line_1_66' title="bbox 2054 2150 3706 2222; baseline 0.001 -19"><span class='ocrx_word' id='word_1_488' title='bbox 2054 2164 2174 2203; x_wconf 90' lang='lat' dir='ltr'>non</span> <span class='ocrx_word' id='word_1_489' title='bbox 2199 2165 2260 2204; x_wconf 91' lang='lat' dir='ltr'>es</span> <span class='ocrx_word' id='word_1_490' title='bbox 2282 2150 2614 2218; x_wconf 89' lang='lat' dir='ltr'>servus,sed</span> <span class='ocrx_word' id='word_1_491' title='bbox 2638 2150 2795 2205; x_wconf 86' lang='lat' dir='ltr'>ﬁlius</span> <span class='ocrx_word' id='word_1_492' title='bbox 2846 2151 2945 2206; x_wconf 91' lang='lat' dir='ltr'>Dei</span> <span class='ocrx_word' id='word_1_493' title='bbox 2996 2152 3308 2222; x_wconf 72' lang='lat' dir='ltr'>hmresque</span> <span class='ocrx_word' id='word_1_494' title='bbox 3353 2151 3558 2221; x_wconf 88' lang='lat' dir='ltr'>ipsius.</span> <span class='ocrx_word' id='word_1_495' title='bbox 3595 2152 3706 2204; x_wconf 89' lang='lat' dir='ltr'>Per</span> 
     </span>
    </p>
   </div>
   <div class='ocr_carea' id='block_1_67' title="bbox 2052 2238 3702 2311">
    <p class='ocr_par' dir='ltr' id='par_1_67' title="bbox 2052 2238 3702 2311">
     <span class='ocr_line' id='line_1_67' title="bbox 2052 2238 3702 2311; baseline -0.001 -18"><span class='ocrx_word' id='word_1_496' title='bbox 2052 2238 2165 2294; x_wconf 92' lang='lat' dir='ltr'>hoc</span> <span class='ocrx_word' id='word_1_497' title='bbox 2198 2240 2354 2294; x_wconf 89' lang='lat' dir='ltr'>enim</span> <span class='ocrx_word' id='word_1_498' title='bbox 2390 2239 2548 2310; x_wconf 92' lang='lat' dir='ltr'>quod</span> <span class='ocrx_word' id='word_1_499' title='bbox 2580 2255 2818 2295; x_wconf 85' lang='lat' dir='ltr'>carnem</span> <span class='ocrx_word' id='word_1_500' title='bbox 2852 2241 3177 2311; x_wconf 88' lang='lat' dir='ltr'>assumpsit</span> <span class='ocrx_word' id='word_1_501' title='bbox 3201 2240 3485 2295; x_wconf 89' lang='lat' dir='ltr'>naturalis</span> <span class='ocrx_word' id='word_1_502' title='bbox 3517 2239 3702 2310; x_wconf 84' lang='lat' dir='ltr'>ipsius</span> 
     </span>
    </p>
   </div>
   <div class='ocr_carea' id='block_1_68' title="bbox 2051 2328 3701 2401">
    <p class='ocr_par' dir='ltr' id='par_1_68' title="bbox 2051 2328 3701 2401">
     <span class='ocr_line' id='line_1_68' title="bbox 2051 2328 3701 2401; baseline -0.002 -17"><span class='ocrx_word' id='word_1_503' title='bbox 2051 2328 2257 2392; x_wconf 89' lang='lat' dir='ltr'>Filius,</span> <span class='ocrx_word' id='word_1_504' title='bbox 2287 2344 2354 2384; x_wconf 88' lang='lat' dir='ltr'>ac</span> <span class='ocrx_word' id='word_1_505' title='bbox 2377 2329 2668 2399; x_wconf 89' lang='lat' dir='ltr'>quidquid</span> <span class='ocrx_word' id='word_1_506' title='bbox 2706 2335 2977 2383; x_wconf 89' lang='lat' dir='ltr'>nostrum</span> <span class='ocrx_word' id='word_1_507' title='bbox 3022 2335 3112 2384; x_wconf 90' lang='lat' dir='ltr'>est</span> <span class='ocrx_word' id='word_1_508' title='bbox 3150 2329 3424 2401; x_wconf 79' lang='lat' dir='ltr'>gustavit,</span> <span class='ocrx_word' id='word_1_509' title='bbox 3456 2344 3579 2382; x_wconf 88' lang='lat' dir='ltr'>non</span> <span class='ocrx_word' id='word_1_510' title='bbox 3609 2332 3701 2382; x_wconf 89' lang='lat' dir='ltr'>est</span> 
     </span>
    </p>
   </div>
   <div class='ocr_carea' id='block_1_69' title="bbox 2050 2417 3703 2490">
    <p class='ocr_par' dir='ltr' id='par_1_69' title="bbox 2050 2417 3703 2490">
     <span class='ocr_line' id='line_1_69' title="bbox 2050 2417 3703 2490; baseline -0.002 -17"><span class='ocrx_word' id='word_1_511' title='bbox 2050 2417 2307 2489; x_wconf 87' lang='lat' dir='ltr'>amplius</span> <span class='ocrx_word' id='word_1_512' title='bbox 2333 2419 2693 2490; x_wconf 85' lang='lat' dir='ltr'>servusjugo</span> <span class='ocrx_word' id='word_1_513' title='bbox 2719 2417 2862 2490; x_wconf 83' lang='lat' dir='ltr'>legis</span> <span class='ocrx_word' id='word_1_514' title='bbox 2881 2417 3193 2473; x_wconf 82' lang='lat' dir='ltr'>obnoxius.</span> <span class='ocrx_word' id='word_1_515' title='bbox 3243 2419 3333 2473; x_wconf 87' lang='lat' dir='ltr'>An</span> <span class='ocrx_word' id='word_1_516' title='bbox 3384 2417 3564 2488; x_wconf 75' lang='lat' dir='ltr'>igitur</span> <span class='ocrx_word' id='word_1_517' title='bbox 3596 2417 3703 2471; x_wconf 87' lang='lat' dir='ltr'>ah-</span> 
     </span>
    </p>
   </div>
   <div class='ocr_carea' id='block_1_70' title="bbox 2050 2505 3704 2579">
    <p class='ocr_par' dir='ltr' id='par_1_70' title="bbox 2050 2505 3704 2579">
     <span class='ocr_line' id='line_1_70' title="bbox 2050 2505 3704 2579; baseline -0.002 -17"><span class='ocrx_word' id='word_1_518' title='bbox 2050 2507 2297 2563; x_wconf 88' lang='lat' dir='ltr'>surdum</span> <span class='ocrx_word' id='word_1_519' title='bbox 2322 2524 2441 2562; x_wconf 91' lang='lat' dir='ltr'>non</span> <span class='ocrx_word' id='word_1_520' title='bbox 2465 2513 2623 2562; x_wconf 90' lang='lat' dir='ltr'>esset</span> <span class='ocrx_word' id='word_1_521' title='bbox 2643 2525 2744 2562; x_wconf 91' lang='lat' dir='ltr'>eos</span> <span class='ocrx_word' id='word_1_522' title='bbox 2763 2507 2862 2578; x_wconf 87' lang='lat' dir='ltr'>qui</span> <span class='ocrx_word' id='word_1_523' title='bbox 2883 2523 2989 2579; x_wconf 91' lang='lat' dir='ltr'>per</span> <span class='ocrx_word' id='word_1_524' title='bbox 3010 2507 3308 2562; x_wconf 86' lang='lat' dir='ltr'>Christum</span> <span class='ocrx_word' id='word_1_525' title='bbox 3334 2511 3391 2561; x_wconf 89' lang='lat' dir='ltr'>et</span> <span class='ocrx_word' id='word_1_526' title='bbox 3435 2523 3542 2578; x_wconf 92' lang='lat' dir='ltr'>per</span> <span class='ocrx_word' id='word_1_527' title='bbox 3571 2505 3704 2578; x_wconf 90' lang='lat' dir='ltr'>Spi-</span> 
     </span>
    </p>
   </div>
   <div class='ocr_carea' id='block_1_71' title="bbox 2047 2595 3698 2670">
    <p class='ocr_par' dir='ltr' id='par_1_71' title="bbox 2047 2595 3698 2670">
     <span class='ocr_line' id='line_1_71' title="bbox 2047 2595 3698 2670; baseline -0.001 -20"><span class='ocrx_word' id='word_1_528' title='bbox 2047 2596 2228 2652; x_wconf 90' lang='lat' dir='ltr'>ritum</span> <span class='ocrx_word' id='word_1_529' title='bbox 2259 2596 2396 2652; x_wconf 82' lang='lat' dir='ltr'>facti</span> <span class='ocrx_word' id='word_1_530' title='bbox 2427 2603 2566 2651; x_wconf 91' lang='lat' dir='ltr'>sunt</span> <span class='ocrx_word' id='word_1_531' title='bbox 2592 2597 2721 2663; x_wconf 83' lang='lat' dir='ltr'>filii,</span> <span class='ocrx_word' id='word_1_532' title='bbox 2753 2613 2992 2654; x_wconf 86' lang='lat' dir='ltr'>rursum</span> <span class='ocrx_word' id='word_1_533' title='bbox 3015 2597 3090 2652; x_wconf 86' lang='lat' dir='ltr'>ad</span> <span class='ocrx_word' id='word_1_534' title='bbox 3115 2597 3305 2670; x_wconf 81' lang='lat' dir='ltr'>legem</span> <span class='ocrx_word' id='word_1_535' title='bbox 3340 2595 3599 2651; x_wconf 81' lang='lat' dir='ltr'>reverti?</span> <span class='ocrx_word' id='word_1_536' title='bbox 3629 2597 3698 2651; x_wconf 88' lang='lat' dir='ltr'>Et</span> 
     </span>
    </p>
   </div>
   <div class='ocr_carea' id='block_1_72' title="bbox 2045 2684 3699 2757">
    <p class='ocr_par' dir='ltr' id='par_1_72' title="bbox 2045 2684 3699 2757">
     <span class='ocr_line' id='line_1_72' title="bbox 2045 2684 3699 2757; baseline -0.002 -15"><span class='ocrx_word' id='word_1_537' title='bbox 2045 2686 2454 2742; x_wconf 87' lang='lat' dir='ltr'>animadverte</span> <span class='ocrx_word' id='word_1_538' title='bbox 2485 2686 2787 2741; x_wconf 88' lang='lat' dir='ltr'>Trinitatis</span> <span class='ocrx_word' id='word_1_539' title='bbox 2818 2685 3334 2757; x_wconf 86' lang='lat' dir='ltr'>significationem.</span> <span class='ocrx_word' id='word_1_540' title='bbox 3362 2686 3536 2740; x_wconf 88' lang='lat' dir='ltr'>Pater</span> <span class='ocrx_word' id='word_1_541' title='bbox 3556 2684 3699 2739; x_wconf 86' lang='lat' dir='ltr'>emi-</span> 
     </span>
    </p>
   </div>
   <div class='ocr_carea' id='block_1_73' title="bbox 2047 2774 3692 2846">
    <p class='ocr_par' dir='ltr' id='par_1_73' title="bbox 2047 2774 3692 2846">
     <span class='ocr_line' id='line_1_73' title="bbox 2047 2774 3692 2846; baseline -0.001 -16"><span class='ocrx_word' id='word_1_542' title='bbox 2047 2775 2140 2842; x_wconf 90' lang='lat' dir='ltr'>sit,</span> <span class='ocrx_word' id='word_1_543' title='bbox 2177 2776 2358 2831; x_wconf 90' lang='lat' dir='ltr'>Filius</span> <span class='ocrx_word' id='word_1_544' title='bbox 2389 2791 2628 2830; x_wconf 88' lang='lat' dir='ltr'>carnem</span> <span class='ocrx_word' id='word_1_545' title='bbox 2661 2775 3006 2846; x_wconf 88' lang='lat' dir='ltr'>assumpsit,</span> <span class='ocrx_word' id='word_1_546' title='bbox 3033 2774 3286 2845; x_wconf 88' lang='lat' dir='ltr'>Spiritus</span> <span class='ocrx_word' id='word_1_547' title='bbox 3343 2778 3692 2846; x_wconf 89' lang='lat' dir='ltr'>cooperatus</span> 
     </span>
    </p>
   </div>
   <div class='ocr_carea' id='block_1_74' title="bbox 2046 2861 3692 2936">
    <p class='ocr_par' dir='ltr' id='par_1_74' title="bbox 2046 2861 3692 2936">
     <span class='ocr_line' id='line_1_74' title="bbox 2046 2861 3692 2936; baseline -0.001 -16"><span class='ocrx_word' id='word_1_548' title='bbox 2046 2869 2154 2934; x_wconf 84' lang='lat' dir='ltr'>est,</span> <span class='ocrx_word' id='word_1_549' title='bbox 2188 2865 2288 2936; x_wconf 90' lang='lat' dir='ltr'>qui</span> <span class='ocrx_word' id='word_1_550' title='bbox 2319 2865 2380 2918; x_wconf 91' lang='lat' dir='ltr'>in</span> <span class='ocrx_word' id='word_1_551' title='bbox 2412 2863 2593 2919; x_wconf 88' lang='lat' dir='ltr'>corda</span> <span class='ocrx_word' id='word_1_552' title='bbox 2623 2869 2827 2919; x_wconf 88' lang='lat' dir='ltr'>nostra</span> <span class='ocrx_word' id='word_1_553' title='bbox 2858 2862 3179 2932; x_wconf 82' lang='lat' dir='ltr'>ingressus.</span> <span class='ocrx_word' id='word_1_554' title='bbox 3212 2861 3386 2917; x_wconf 88' lang='lat' dir='ltr'>docet</span> <span class='ocrx_word' id='word_1_555' title='bbox 3436 2879 3546 2918; x_wconf 88' lang='lat' dir='ltr'>nos</span> <span class='ocrx_word' id='word_1_556' title='bbox 3607 2861 3692 2918; x_wconf 91' lang='lat' dir='ltr'>di-</span> 
     </span>
    </p>
   </div>
   <div class='ocr_carea' id='block_1_75' title="bbox 2043 2951 3684 3024">
    <p class='ocr_par' dir='ltr' id='par_1_75' title="bbox 2043 2951 3684 3024">
     <span class='ocr_line' id='line_1_75' title="bbox 2043 2951 3684 3024; baseline -0.005 -14"><span class='ocrx_word' id='word_1_557' title='bbox 2043 2970 2200 3022; x_wconf 87' lang='lat' dir='ltr'>cere,</span> <span class='ocrx_word' id='word_1_558' title='bbox 2228 2953 2395 3010; x_wconf 83' lang='lat' dir='ltr'>Abba</span> <span class='ocrx_word' id='word_1_559' title='bbox 2427 2957 2618 3008; x_wconf 89' lang='lat' dir='ltr'>Pater.</span> <span class='ocrx_word' id='word_1_560' title='bbox 2654 2974 2681 3001; x_wconf 87' lang='lat'><strong>«</strong></span> <span class='ocrx_word' id='word_1_561' title='bbox 2710 2954 2780 3008; x_wconf 90' lang='lat' dir='ltr'>Et</span> <span class='ocrx_word' id='word_1_562' title='bbox 2809 2952 2999 3007; x_wconf 69' lang='lat' dir='ltr'>hwres</span> <span class='ocrx_word' id='word_1_563' title='bbox 3032 2952 3131 3006; x_wconf 91' lang='lat' dir='ltr'>Dei</span> <span class='ocrx_word' id='word_1_564' title='bbox 3165 2968 3269 3024; x_wconf 90' lang='lat' dir='ltr'>per</span> <span class='ocrx_word' id='word_1_565' title='bbox 3297 2951 3620 3009; x_wconf 88' lang='lat' dir='ltr'>Christum.</span> <span class='ocrx_word' id='word_1_566' title='bbox 3659 2972 3684 3002; x_wconf 73' lang='grc' dir='ltr'><strong>ι</strong></span> 
     </span>
    </p>
   </div>
   <div class='ocr_carea' id='block_1_76' title="bbox 2041 3042 3043 3114">
    <p class='ocr_par' dir='ltr' id='par_1_76' title="bbox 2041 3042 3043 3114">
     <span class='ocr_line' id='line_1_76' title="bbox 2041 3042 3043 3114; baseline -0.003 -15"><span class='ocrx_word' id='word_1_567' title='bbox 2041 3044 2156 3099; x_wconf 90' lang='lat' dir='ltr'>Per</span> <span class='ocrx_word' id='word_1_568' title='bbox 2182 3059 2420 3098; x_wconf 89' lang='lat' dir='ltr'>crucem</span> <span class='ocrx_word' id='word_1_569' title='bbox 2454 3059 2521 3098; x_wconf 88' lang='lat' dir='ltr'>ac</span> <span class='ocrx_word' id='word_1_570' title='bbox 2553 3049 2805 3098; x_wconf 90' lang='lat' dir='ltr'>mortem</span> <span class='ocrx_word' id='word_1_571' title='bbox 2837 3042 3043 3114; x_wconf 92' lang='lat' dir='ltr'>ipsius.</span> 
     </span>
    </p>
   </div>
   <div class='ocr_carea' id='block_1_77' title="bbox 2114 3131 3685 3204">
    <p class='ocr_par' dir='ltr' id='par_1_77' title="bbox 2114 3131 3685 3204">
     <span class='ocr_line' id='line_1_77' title="bbox 2114 3131 3685 3204; baseline -0.001 -17"><span class='ocrx_word' id='word_1_572' title='bbox 2114 3134 2268 3199; x_wconf 88' lang='lat' dir='ltr'>IV,8-</span> <span class='ocrx_word' id='word_1_573' title='bbox 2284 3133 2401 3186; x_wconf 66' lang='lat'>12.“</span> <span class='ocrx_word' id='word_1_574' title='bbox 2419 3132 2529 3192; x_wconf 90' lang='lat' dir='ltr'>Sed</span> <span class='ocrx_word' id='word_1_575' title='bbox 2545 3138 2666 3186; x_wconf 89' lang='lat' dir='ltr'>tum</span> <span class='ocrx_word' id='word_1_576' title='bbox 2691 3131 2932 3202; x_wconf 88' lang='lat' dir='ltr'>quidem</span> <span class='ocrx_word' id='word_1_577' title='bbox 2951 3149 3085 3187; x_wconf 89' lang='lat' dir='ltr'>cum</span> <span class='ocrx_word' id='word_1_578' title='bbox 3108 3132 3461 3204; x_wconf 83' lang='lat' dir='ltr'>ignoraretis</span> <span class='ocrx_word' id='word_1_579' title='bbox 3479 3131 3685 3200; x_wconf 89' lang='lat' dir='ltr'>Deum,</span> 
     </span>
    </p>
   </div>
   <div class='ocr_carea' id='block_1_78' title="bbox 1230 3184 1937 3293">
    <p class='ocr_par' dir='ltr' id='par_1_78' title="bbox 1230 3184 1930 3288">
     <span class='ocr_line' id='line_1_78' title="bbox 1230 3184 1930 3288; baseline -0.009 -18"><span class='ocrx_word' id='word_1_580' title='bbox 1230 3184 1339 3270; x_wconf 85' lang='grc' dir='ltr'>Νῦν</span> <span class='ocrx_word' id='word_1_581' title='bbox 1402 3209 1458 3269; x_wconf 73' lang='grc' dir='ltr'>δὲ</span> <span class='ocrx_word' id='word_1_582' title='bbox 1501 3184 1722 3288; x_wconf 44' lang='grc' dir='ltr'>’γνόντες</span> <span class='ocrx_word' id='word_1_583' title='bbox 1780 3211 1930 3279; x_wconf 80' lang='grc' dir='ltr'>Θεὸν,</span> 
     </span>
    </p>
   </div>
   <div class='ocr_carea' id='block_1_79' title="bbox 2049 3184 3687 3293">
    <p class='ocr_par' dir='ltr' id='par_1_79' title="bbox 2049 3220 3687 3293">
     <span class='ocr_line' id='line_1_79' title="bbox 2049 3220 3687 3293; baseline 0.001 -20"><span class='ocrx_word' id='word_1_584' title='bbox 2049 3245 2074 3273; x_wconf 83' lang='grc' dir='ltr'>κ</span> <span class='ocrx_word' id='word_1_585' title='bbox 2100 3221 2446 3277; x_wconf 89' lang='lat' dir='ltr'>serviebatis</span> <span class='ocrx_word' id='word_1_586' title='bbox 2468 3221 2560 3276; x_wconf 90' lang='lat' dir='ltr'>his</span> <span class='ocrx_word' id='word_1_587' title='bbox 2583 3221 2684 3293; x_wconf 89' lang='lat' dir='ltr'>qui</span> <span class='ocrx_word' id='word_1_588' title='bbox 2707 3227 2920 3278; x_wconf 87' lang='lat' dir='ltr'>natura</span> <span class='ocrx_word' id='word_1_589' title='bbox 2943 3237 3064 3276; x_wconf 89' lang='lat' dir='ltr'>non</span> <span class='ocrx_word' id='word_1_590' title='bbox 3087 3226 3228 3276; x_wconf 88' lang='lat' dir='ltr'>sunt</span> <span class='ocrx_word' id='word_1_591' title='bbox 3277 3220 3379 3276; x_wconf 91' lang='lat' dir='ltr'>dii.</span> <span class='ocrx_word' id='word_1_592' title='bbox 3429 3224 3502 3275; x_wconf 84' lang='lat' dir='ltr'>At</span> <span class='ocrx_word' id='word_1_593' title='bbox 3527 3236 3687 3276; x_wconf 89' lang='lat' dir='ltr'>nunc</span> 
     </span>
    </p>
   </div>
   <div class='ocr_carea' id='block_1_80' title="bbox 2042 3310 3688 3384">
    <p class='ocr_par' dir='ltr' id='par_1_80' title="bbox 2042 3310 3688 3384">
     <span class='ocr_line' id='line_1_80' title="bbox 2042 3310 3688 3384; baseline 0.001 -22"><span class='ocrx_word' id='word_1_594' title='bbox 2042 3335 2070 3362; x_wconf 90' lang='grc'>‹‹</span> <span class='ocrx_word' id='word_1_595' title='bbox 2093 3317 2481 3384; x_wconf 87' lang='lat' dir='ltr'>posteaquam</span> <span class='ocrx_word' id='word_1_596' title='bbox 2507 3311 2862 3384; x_wconf 87' lang='lat' dir='ltr'>cognovistis</span> <span class='ocrx_word' id='word_1_597' title='bbox 2901 3312 3108 3377; x_wconf 91' lang='lat' dir='ltr'>Deum,</span> <span class='ocrx_word' id='word_1_598' title='bbox 3143 3310 3288 3381; x_wconf 89' lang='lat' dir='ltr'>quin</span> <span class='ocrx_word' id='word_1_599' title='bbox 3312 3311 3508 3380; x_wconf 83' lang='lat' dir='ltr'>potius</span> <span class='ocrx_word' id='word_1_600' title='bbox 3551 3326 3688 3365; x_wconf 86' lang='lat' dir='ltr'>con-</span> 
     </span>
    </p>
   </div>
   <div class='ocr_carea' id='block_1_81' title="bbox 2043 3397 3690 3473">
    <p class='ocr_par' dir='ltr' id='par_1_81' title="bbox 2043 3397 3690 3473">
     <span class='ocr_line' id='line_1_81' title="bbox 2043 3397 3690 3473; baseline -0.002 -17"><span class='ocrx_word' id='word_1_601' title='bbox 2043 3424 2071 3452; x_wconf 84' lang='grc'>‹‹</span> <span class='ocrx_word' id='word_1_602' title='bbox 2101 3401 2250 3473; x_wconf 85' lang='lat' dir='ltr'>gniti</span> <span class='ocrx_word' id='word_1_603' title='bbox 2284 3400 2424 3456; x_wconf 88' lang='lat' dir='ltr'>estis</span> <span class='ocrx_word' id='word_1_604' title='bbox 2449 3417 2483 3457; x_wconf 94' lang='lat' dir='ltr'>a</span> <span class='ocrx_word' id='word_1_605' title='bbox 2505 3399 2945 3472; x_wconf 82' lang='lat' dir='ltr'>Deo,quomodo</span> <span class='ocrx_word' id='word_1_606' title='bbox 2964 3399 3382 3454; x_wconf 86' lang='lat' dir='ltr'>convertimini</span> <span class='ocrx_word' id='word_1_607' title='bbox 3404 3398 3600 3455; x_wconf 90' lang='lat' dir='ltr'>denuo</span> <span class='ocrx_word' id='word_1_608' title='bbox 3616 3397 3690 3452; x_wconf 89' lang='lat' dir='ltr'>ad</span> 
     </span>
    </p>
   </div>
   <div class='ocr_carea' id='block_1_82' title="bbox 2039 3487 3690 3564">
    <p class='ocr_par' dir='ltr' id='par_1_82' title="bbox 2039 3487 3690 3564">
     <span class='ocr_line' id='line_1_82' title="bbox 2039 3487 3690 3564; baseline -0.002 -18"><span class='ocrx_word' id='word_1_609' title='bbox 2039 3512 2069 3541; x_wconf 88' lang='grc'><strong><em>‹‹</em></strong></span> <span class='ocrx_word' id='word_1_610' title='bbox 2101 3489 2340 3547; x_wconf 80' lang='lat' dir='ltr'>infirma</span> <span class='ocrx_word' id='word_1_611' title='bbox 2357 3497 2417 3545; x_wconf 92' lang='lat' dir='ltr'>et</span> <span class='ocrx_word' id='word_1_612' title='bbox 2436 3507 2620 3564; x_wconf 88' lang='lat' dir='ltr'>egena</span> <span class='ocrx_word' id='word_1_613' title='bbox 2642 3487 3181 3560; x_wconf 89' lang='lat' dir='ltr'>elementa,quibus</span> <span class='ocrx_word' id='word_1_614' title='bbox 3205 3489 3418 3543; x_wconf 85' lang='lat' dir='ltr'>iterum</span> <span class='ocrx_word' id='word_1_615' title='bbox 3442 3487 3512 3541; x_wconf 88' lang='lat' dir='ltr'>ab</span> <span class='ocrx_word' id='word_1_616' title='bbox 3537 3488 3690 3543; x_wconf 88' lang='lat' dir='ltr'>inte-</span> 
     </span>
    </p>
   </div>
   <div class='ocr_carea' id='block_1_83' title="bbox 2037 3578 3688 3654">
    <p class='ocr_par' dir='ltr' id='par_1_83' title="bbox 2037 3578 3688 3654">
     <span class='ocr_line' id='line_1_83' title="bbox 2037 3578 3688 3654; baseline 0.001 -24"><span class='ocrx_word' id='word_1_617' title='bbox 2037 3604 2064 3630; x_wconf 82' lang='grc'>‹‹</span> <span class='ocrx_word' id='word_1_618' title='bbox 2097 3597 2200 3654; x_wconf 82' lang='lat' dir='ltr'>gro</span> <span class='ocrx_word' id='word_1_619' title='bbox 2235 3582 2450 3636; x_wconf 84' lang='lat' dir='ltr'>servire</span> <span class='ocrx_word' id='word_1_620' title='bbox 2477 3579 2845 3636; x_wconf 84' lang='lat' dir='ltr'>vultis?Dies</span> <span class='ocrx_word' id='word_1_621' title='bbox 2870 3578 3196 3634; x_wconf 87' lang='lat' dir='ltr'>observatis</span> <span class='ocrx_word' id='word_1_622' title='bbox 3249 3584 3308 3633; x_wconf 88' lang='lat' dir='ltr'>et</span> <span class='ocrx_word' id='word_1_623' title='bbox 3356 3594 3596 3634; x_wconf 90' lang='lat' dir='ltr'>menses</span> <span class='ocrx_word' id='word_1_624' title='bbox 3629 3581 3688 3632; x_wconf 88' lang='lat' dir='ltr'>et</span> 
     </span>
    </p>
   </div>
   <div class='ocr_carea' id='block_1_84' title="bbox 2037 3665 3684 3742">
    <p class='ocr_par' dir='ltr' id='par_1_84' title="bbox 2037 3665 3684 3742">
     <span class='ocr_line' id='line_1_84' title="bbox 2037 3665 3684 3742; baseline 0 -22"><span class='ocrx_word' id='word_1_625' title='bbox 2037 3692 2065 3720; x_wconf 88' lang='grc'>‹‹</span> <span class='ocrx_word' id='word_1_626' title='bbox 2100 3675 2369 3742; x_wconf 87' lang='lat' dir='ltr'>tempora</span> <span class='ocrx_word' id='word_1_627' title='bbox 2397 3676 2454 3724; x_wconf 90' lang='lat' dir='ltr'>et</span> <span class='ocrx_word' id='word_1_628' title='bbox 2482 3685 2690 3724; x_wconf 87' lang='lat' dir='ltr'>annos.</span> <span class='ocrx_word' id='word_1_629' title='bbox 2723 3669 2914 3725; x_wconf 79' lang='lat' dir='ltr'>Metuo</span> <span class='ocrx_word' id='word_1_630' title='bbox 2947 3667 3018 3722; x_wconf 88' lang='lat' dir='ltr'>de</span> <span class='ocrx_word' id='word_1_631' title='bbox 3047 3667 3211 3722; x_wconf 87' lang='lat' dir='ltr'>vobis</span> <span class='ocrx_word' id='word_1_632' title='bbox 3241 3683 3316 3720; x_wconf 90' lang='lat' dir='ltr'>ne</span> <span class='ocrx_word' id='word_1_633' title='bbox 3348 3683 3463 3736; x_wconf 89' lang='lat' dir='ltr'>quo</span> <span class='ocrx_word' id='word_1_634' title='bbox 3495 3665 3684 3723; x_wconf 83' lang='lat' dir='ltr'>modo</span> 
     </span>
    </p>
   </div>
   <div class='ocr_carea' id='block_1_85' title="bbox 2037 3757 3680 3830">
    <p class='ocr_par' dir='ltr' id='par_1_85' title="bbox 2037 3757 3680 3830">
     <span class='ocr_line' id='line_1_85' title="bbox 2037 3757 3680 3830; baseline -0.004 -17"><span class='ocrx_word' id='word_1_635' title='bbox 2037 3782 2064 3809; x_wconf 86' lang='lat'><strong>«</strong></span> <span class='ocrx_word' id='word_1_636' title='bbox 2095 3759 2314 3816; x_wconf 78' lang='lat' dir='ltr'>frustra</span> <span class='ocrx_word' id='word_1_637' title='bbox 2340 3757 2728 3814; x_wconf 88' lang='lat' dir='ltr'>laboraverim</span> <span class='ocrx_word' id='word_1_638' title='bbox 2761 3774 2898 3830; x_wconf 85' lang='lat' dir='ltr'>erga</span> <span class='ocrx_word' id='word_1_639' title='bbox 2927 3773 3049 3812; x_wconf 86' lang='lat' dir='ltr'>vos.</span> <span class='ocrx_word' id='word_1_640' title='bbox 3084 3757 3280 3810; x_wconf 90' lang='lat' dir='ltr'>Estote</span> <span class='ocrx_word' id='word_1_641' title='bbox 3312 3760 3377 3808; x_wconf 92' lang='lat' dir='ltr'>ut</span> <span class='ocrx_word' id='word_1_642' title='bbox 3397 3769 3503 3823; x_wconf 75' lang='lat' dir='ltr'>ego</span> <span class='ocrx_word' id='word_1_643' title='bbox 3527 3769 3680 3820; x_wconf 89' lang='lat' dir='ltr'>sum,</span> 
     </span>
    </p>
   </div>
   <div class='ocr_carea' id='block_1_86' title="bbox 2033 3847 3200 3920">
    <p class='ocr_par' dir='ltr' id='par_1_86' title="bbox 2033 3847 3200 3920">
     <span class='ocr_line' id='line_1_86' title="bbox 2033 3847 3200 3920; baseline -0.009 -17"><span class='ocrx_word' id='word_1_644' title='bbox 2033 3872 2062 3899; x_wconf 90' lang='grc'><em>‹‹</em></span> <span class='ocrx_word' id='word_1_645' title='bbox 2097 3847 2581 3920; x_wconf 89' lang='lat' dir='ltr'>quandoquidem</span> <span class='ocrx_word' id='word_1_646' title='bbox 2607 3853 2667 3903; x_wconf 90' lang='lat' dir='ltr'>et</span> <span class='ocrx_word' id='word_1_647' title='bbox 2698 3862 2802 3920; x_wconf 87' lang='lat' dir='ltr'>ego</span> <span class='ocrx_word' id='word_1_648' title='bbox 2836 3847 2988 3902; x_wconf 85' lang='lat' dir='ltr'>sicut</span> <span class='ocrx_word' id='word_1_649' title='bbox 3019 3861 3141 3900; x_wconf 89' lang='lat' dir='ltr'>vos.</span> <span class='ocrx_word' id='word_1_650' title='bbox 3173 3865 3200 3893; x_wconf 87' lang='grc'><strong>››</strong></span> 
     </span>
    </p>
   </div>
   <div class='ocr_carea' id='block_1_87' title="bbox 2102 3931 3680 4008">
    <p class='ocr_par' dir='ltr' id='par_1_87' title="bbox 2102 3931 3680 4008">
     <span class='ocr_line' id='line_1_87' title="bbox 2102 3931 3680 4008; baseline -0.007 -14"><span class='ocrx_word' id='word_1_651' title='bbox 2102 3938 2398 3994; x_wconf 81' lang='lat' dir='ltr'>Adversus</span> <span class='ocrx_word' id='word_1_652' title='bbox 2421 3953 2521 3991; x_wconf 92' lang='lat' dir='ltr'>eos</span> <span class='ocrx_word' id='word_1_653' title='bbox 2545 3936 2645 4008; x_wconf 88' lang='lat' dir='ltr'>qui</span> <span class='ocrx_word' id='word_1_654' title='bbox 2671 3951 2737 3990; x_wconf 87' lang='lat' dir='ltr'>ex</span> <span class='ocrx_word' id='word_1_655' title='bbox 2759 3933 2978 3989; x_wconf 83' lang='lat' dir='ltr'>Judaeis</span> <span class='ocrx_word' id='word_1_656' title='bbox 3001 3937 3171 3987; x_wconf 88' lang='lat' dir='ltr'>erant</span> <span class='ocrx_word' id='word_1_657' title='bbox 3192 3931 3454 3997; x_wconf 84' lang='lat' dir='ltr'>disserit,</span> <span class='ocrx_word' id='word_1_658' title='bbox 3479 3935 3680 3986; x_wconf 61' lang='lat' dir='ltr'>osten-</span> 
     </span>
    </p>
   </div>
   <div class='ocr_carea' id='block_1_88' title="bbox 2031 4025 3684 4099">
    <p class='ocr_par' dir='ltr' id='par_1_88' title="bbox 2031 4025 3684 4099">
     <span class='ocr_line' id='line_1_88' title="bbox 2031 4025 3684 4099; baseline -0.004 -17"><span class='ocrx_word' id='word_1_659' title='bbox 2031 4027 2180 4083; x_wconf 91' lang='lat' dir='ltr'>dens</span> <span class='ocrx_word' id='word_1_660' title='bbox 2202 4027 2361 4099; x_wconf 89' lang='lat' dir='ltr'>quod</span> <span class='ocrx_word' id='word_1_661' title='bbox 2378 4026 2506 4081; x_wconf 88' lang='lat' dir='ltr'>dies</span> <span class='ocrx_word' id='word_1_662' title='bbox 2528 4026 2838 4081; x_wconf 88' lang='lat' dir='ltr'>observare</span> <span class='ocrx_word' id='word_1_663' title='bbox 2854 4029 3181 4088; x_wconf 90' lang='lat' dir='ltr'>etmenses,</span> <span class='ocrx_word' id='word_1_664' title='bbox 3214 4028 3271 4077; x_wconf 90' lang='lat' dir='ltr'>et</span> <span class='ocrx_word' id='word_1_665' title='bbox 3301 4026 3588 4093; x_wconf 84' lang='lat' dir='ltr'>tempora.</span> <span class='ocrx_word' id='word_1_666' title='bbox 3624 4025 3684 4077; x_wconf 89' lang='lat' dir='ltr'>et</span> 
     </span>
    </p>
   </div>
   <div class='ocr_carea' id='block_1_89' title="bbox 2029 4114 3679 4188">
    <p class='ocr_par' dir='ltr' id='par_1_89' title="bbox 2029 4114 3679 4188">
     <span class='ocr_line' id='line_1_89' title="bbox 2029 4114 3679 4188; baseline -0.004 -13"><span class='ocrx_word' id='word_1_667' title='bbox 2029 4136 2239 4178; x_wconf 87' lang='lat' dir='ltr'>annos.</span> <span class='ocrx_word' id='word_1_668' title='bbox 2261 4125 2318 4175; x_wconf 89' lang='lat' dir='ltr'>et</span> <span class='ocrx_word' id='word_1_669' title='bbox 2339 4135 2407 4174; x_wconf 92' lang='lat' dir='ltr'>ea</span> <span class='ocrx_word' id='word_1_670' title='bbox 2430 4133 2682 4188; x_wconf 89' lang='lat' dir='ltr'>quorum</span> <span class='ocrx_word' id='word_1_671' title='bbox 2709 4117 2766 4170; x_wconf 92' lang='lat' dir='ltr'>in</span> <span class='ocrx_word' id='word_1_672' title='bbox 2793 4117 2916 4188; x_wconf 81' lang='lat' dir='ltr'>lege</span> <span class='ocrx_word' id='word_1_673' title='bbox 2943 4114 3274 4170; x_wconf 86' lang='lat' dir='ltr'>observatio</span> <span class='ocrx_word' id='word_1_674' title='bbox 3306 4121 3452 4176; x_wconf 86' lang='lat' dir='ltr'>erat,</span> <span class='ocrx_word' id='word_1_675' title='bbox 3490 4114 3679 4170; x_wconf 83' lang='lat' dir='ltr'>idolo-</span> 
     </span>
    </p>
   </div>
   <div class='ocr_carea' id='block_1_90' title="bbox 2029 4203 3676 4274">
    <p class='ocr_par' dir='ltr' id='par_1_90' title="bbox 2029 4203 3676 4274">
     <span class='ocr_line' id='line_1_90' title="bbox 2029 4203 3676 4274; baseline -0.004 -10"><span class='ocrx_word' id='word_1_676' title='bbox 2029 4208 2207 4265; x_wconf 89' lang='lat' dir='ltr'>tatria</span> <span class='ocrx_word' id='word_1_677' title='bbox 2237 4213 2346 4262; x_wconf 89' lang='lat' dir='ltr'>est.</span> <span class='ocrx_word' id='word_1_678' title='bbox 2373 4208 2490 4262; x_wconf 85' lang='lat' dir='ltr'>Hoc</span> <span class='ocrx_word' id='word_1_679' title='bbox 2511 4207 2670 4262; x_wconf 91' lang='lat' dir='ltr'>enim</span> <span class='ocrx_word' id='word_1_680' title='bbox 2695 4205 2844 4260; x_wconf 91' lang='lat' dir='ltr'>nihil</span> <span class='ocrx_word' id='word_1_681' title='bbox 2876 4203 3039 4260; x_wconf 90' lang='lat' dir='ltr'>aliud</span> <span class='ocrx_word' id='word_1_682' title='bbox 3088 4209 3196 4270; x_wconf 86' lang='lat' dir='ltr'>est,</span> <span class='ocrx_word' id='word_1_683' title='bbox 3249 4203 3463 4273; x_wconf 85' lang='lat' dir='ltr'>inquit.</span> <span class='ocrx_word' id='word_1_684' title='bbox 3498 4219 3676 4274; x_wconf 89' lang='lat' dir='ltr'>quam</span> 
     </span>
    </p>
   </div>
   <div class='ocr_carea' id='block_1_91' title="bbox 2030 4292 3680 4366">
    <p class='ocr_par' dir='ltr' id='par_1_91' title="bbox 2030 4292 3680 4366">
     <span class='ocr_line' id='line_1_91' title="bbox 2030 4292 3680 4366; baseline -0.004 -14"><span class='ocrx_word' id='word_1_685' title='bbox 2030 4297 2216 4353; x_wconf 88' lang='lat' dir='ltr'>solem</span> <span class='ocrx_word' id='word_1_686' title='bbox 2248 4313 2316 4350; x_wconf 88' lang='lat' dir='ltr'>ac</span> <span class='ocrx_word' id='word_1_687' title='bbox 2348 4295 2549 4350; x_wconf 87' lang='lat' dir='ltr'>lunam</span> <span class='ocrx_word' id='word_1_688' title='bbox 2581 4295 2849 4354; x_wconf 85' lang='lat' dir='ltr'>adorare.</span> <span class='ocrx_word' id='word_1_689' title='bbox 2880 4311 2951 4350; x_wconf 82' lang='lat' dir='ltr'>ex</span> <span class='ocrx_word' id='word_1_690' title='bbox 2983 4294 3197 4366; x_wconf 90' lang='lat' dir='ltr'>quibus</span> <span class='ocrx_word' id='word_1_691' title='bbox 3229 4292 3356 4348; x_wconf 88' lang='lat' dir='ltr'>dies</span> <span class='ocrx_word' id='word_1_692' title='bbox 3402 4292 3680 4347; x_wconf 85' lang='lat' dir='ltr'>observa-</span> 
     </span>
    </p>
   </div>
   <div class='ocr_carea' id='block_1_92' title="bbox 2029 4381 3678 4443">
    <p class='ocr_par' dir='ltr' id='par_1_92' title="bbox 2029 4381 3678 4443">
     <span class='ocr_line' id='line_1_92' title="bbox 2029 4381 3678 4443; baseline -0.001 -3"><span class='ocrx_word' id='word_1_693' title='bbox 2029 4387 2254 4442; x_wconf 89' lang='lat' dir='ltr'>tionem</span> <span class='ocrx_word' id='word_1_694' title='bbox 2279 4383 2608 4440; x_wconf 79' lang='lat' dir='ltr'>habent.Ex</span> <span class='ocrx_word' id='word_1_695' title='bbox 2628 4383 2953 4438; x_wconf 86' lang='lat' dir='ltr'>abundanti</span> <span class='ocrx_word' id='word_1_696' title='bbox 2983 4389 3178 4439; x_wconf 87' lang='lat' dir='ltr'>autem</span> <span class='ocrx_word' id='word_1_697' title='bbox 3218 4382 3330 4437; x_wconf 92' lang='lat' dir='ltr'>hoc</span> <span class='ocrx_word' id='word_1_698' title='bbox 3379 4381 3545 4443; x_wconf 82' lang='lat' dir='ltr'>dixit,</span> <span class='ocrx_word' id='word_1_699' title='bbox 3579 4395 3678 4439; x_wconf 85' lang='lat' dir='ltr'>cu-</span> 
     </span>
    </p>
   </div>
   <div class='ocr_carea' id='block_1_93' title="bbox 2027 4470 3676 4546">
    <p class='ocr_par' dir='ltr' id='par_1_93' title="bbox 2027 4470 3676 4546">
     <span class='ocr_line' id='line_1_93' title="bbox 2027 4470 3676 4546; baseline -0.003 -19"><span class='ocrx_word' id='word_1_700' title='bbox 2027 4473 2196 4545; x_wconf 87' lang='lat' dir='ltr'>piens</span> <span class='ocrx_word' id='word_1_701' title='bbox 2228 4479 2293 4529; x_wconf 91' lang='lat' dir='ltr'>ut</span> <span class='ocrx_word' id='word_1_702' title='bbox 2321 4488 2356 4528; x_wconf 89' lang='lat' dir='ltr'>a</span> <span class='ocrx_word' id='word_1_703' title='bbox 2387 4472 2513 4546; x_wconf 89' lang='lat' dir='ltr'>lege</span> <span class='ocrx_word' id='word_1_704' title='bbox 2544 4470 2938 4528; x_wconf 89' lang='lat' dir='ltr'>discederent.</span> <span class='ocrx_word' id='word_1_705' title='bbox 2973 4470 3371 4525; x_wconf 74' lang='lat' dir='ltr'>Prmdicantes</span> <span class='ocrx_word' id='word_1_706' title='bbox 3417 4483 3676 4538; x_wconf 88' lang='lat' dir='ltr'>namque</span> 
     </span>
    </p>
   </div>
   <div class='ocr_carea' id='block_1_94' title="bbox 269 4549 1937 4642">
    <p class='ocr_par' dir='ltr' id='par_1_94' title="bbox 269 4561 1919 4642">
     <span class='ocr_line' id='line_1_94' title="bbox 269 4561 1919 4642; baseline -0.004 -21"><span class='ocrx_word' id='word_1_707' title='bbox 269 4568 656 4642; x_wconf 61' lang='grc' dir='ltr'>κηρύσσοντες,</span> <span class='ocrx_word' id='word_1_708' title='bbox 688 4563 776 4617; x_wconf 83' lang='grc' dir='ltr'>καὶ</span> <span class='ocrx_word' id='word_1_709' title='bbox 827 4563 921 4625; x_wconf 73' lang='grc' dir='ltr'>τὰς</span> <span class='ocrx_word' id='word_1_710' title='bbox 976 4561 1233 4623; x_wconf 70' lang='grc' dir='ltr'>τοιαύτας</span> <span class='ocrx_word' id='word_1_711' title='bbox 1289 4563 1683 4636; x_wconf 75' lang='grc' dir='ltr'>συνεκήρυττον</span> <span class='ocrx_word' id='word_1_712' title='bbox 1743 4580 1919 4631; x_wconf 81' lang='grc' dir='ltr'>παρα-</span> 
     </span>
    </p>
   </div>
   <div class='ocr_carea' id='block_1_95' title="bbox 2049 4549 3678 4642">
    <p class='ocr_par' dir='ltr' id='par_1_95' title="bbox 2049 4558 3678 4632">
     <span class='ocr_line' id='line_1_95' title="bbox 2049 4558 3678 4632; baseline -0.003 -15"><span class='ocrx_word' id='word_1_713' title='bbox 2049 4560 2903 4632; x_wconf 73' lang='lat' dir='ltr'>;ircumcisionem,hujusmodi</span> <span class='ocrx_word' id='word_1_714' title='bbox 2915 4559 3090 4615; x_wconf 88' lang='lat' dir='ltr'>etiam</span> <span class='ocrx_word' id='word_1_715' title='bbox 3106 4558 3546 4613; x_wconf 81' lang='lat' dir='ltr'>observationes</span> <span class='ocrx_word' id='word_1_716' title='bbox 3559 4572 3678 4614; x_wconf 87' lang='lat' dir='ltr'>una</span> 
     </span>
    </p>
   </div>
   <div class='ocr_carea' id='block_1_96' title="bbox 269 4650 1918 4731">
    <p class='ocr_par' dir='ltr' id='par_1_96' title="bbox 269 4650 1918 4731">
     <span class='ocr_line' id='line_1_96' title="bbox 269 4650 1918 4731; baseline -0.002 -22"><span class='ocrx_word' id='word_1_717' title='bbox 269 4659 553 4731; x_wconf 76' lang='grc' dir='ltr'>τηρήσεις.</span> <span class='ocrx_word' id='word_1_718' title='bbox 582 4677 610 4705; x_wconf 88' lang='grc'>‹‹</span> <span class='ocrx_word' id='word_1_719' title='bbox 636 4651 864 4710; x_wconf 77' lang='grc' dir='ltr'>Μᾶλλον</span> <span class='ocrx_word' id='word_1_720' title='bbox 891 4650 1280 4724; x_wconf 75' lang='grc' dir='ltr'>δεγνωσθὲντες</span> <span class='ocrx_word' id='word_1_721' title='bbox 1314 4650 1418 4706; x_wconf 79' lang='grc' dir='ltr'>ὑπὸ</span> <span class='ocrx_word' id='word_1_722' title='bbox 1448 4654 1600 4706; x_wconf 84' lang='grc' dir='ltr'>Θεοῦ.</span> <span class='ocrx_word' id='word_1_723' title='bbox 1627 4673 1655 4701; x_wconf 81' lang='grc'><strong>››</strong></span> <span class='ocrx_word' id='word_1_724' title='bbox 1689 4651 1765 4708; x_wconf 75' lang='grc' dir='ltr'>Οὐ</span> <span class='ocrx_word' id='word_1_725' title='bbox 1815 4651 1918 4727; x_wconf 82' lang='grc' dir='ltr'>γὰρ</span> 
     </span>
    </p>
   </div>
   <div class='ocr_carea' id='block_1_97' title="bbox 275 4735 1919 4820">
    <p class='ocr_par' dir='ltr' id='par_1_97' title="bbox 275 4735 1919 4820">
     <span class='ocr_line' id='line_1_97' title="bbox 275 4735 1919 4820; baseline -0.001 -24"><span class='ocrx_word' id='word_1_726' title='bbox 275 4744 451 4815; x_wconf 74' lang='grc' dir='ltr'>ὑμεῖς,</span> <span class='ocrx_word' id='word_1_727' title='bbox 485 4741 669 4820; x_wconf 73' lang='grc' dir='ltr'>φησέν,</span> <span class='ocrx_word' id='word_1_728' title='bbox 691 4741 878 4813; x_wconf 83' lang='grc' dir='ltr'>οἰκείῳ</span> <span class='ocrx_word' id='word_1_729' title='bbox 910 4741 1061 4811; x_wconf 83' lang='grc' dir='ltr'>πόνῳ</span> <span class='ocrx_word' id='word_1_730' title='bbox 1089 4739 1182 4793; x_wconf 88' lang='grc' dir='ltr'>τὸν</span> <span class='ocrx_word' id='word_1_731' title='bbox 1208 4738 1336 4795; x_wconf 87' lang='grc' dir='ltr'>Θεὸν</span> <span class='ocrx_word' id='word_1_732' title='bbox 1367 4738 1569 4811; x_wconf 77' lang='grc' dir='ltr'>εὕρετε,</span> <span class='ocrx_word' id='word_1_733' title='bbox 1603 4735 1728 4792; x_wconf 68' lang='grc' dir='ltr'>ἀλλ’</span> <span class='ocrx_word' id='word_1_734' title='bbox 1758 4737 1919 4800; x_wconf 75' lang='grc' dir='ltr'>αὐτὸς</span> 
     </span>
    </p>
   </div>
   <div class='ocr_carea' id='block_1_98' title="bbox 275 4823 1920 4906">
    <p class='ocr_par' dir='ltr' id='par_1_98' title="bbox 275 4823 1920 4906">
     <span class='ocr_line' id='line_1_98' title="bbox 275 4823 1920 4906; baseline -0.004 -19"><span class='ocrx_word' id='word_1_735' title='bbox 275 4831 330 4888; x_wconf 70' lang='grc' dir='ltr'>ἂν</span> <span class='ocrx_word' id='word_1_736' title='bbox 360 4831 538 4906; x_wconf 67' lang='grc' dir='ltr'>πλάνῃ</span> <span class='ocrx_word' id='word_1_737' title='bbox 573 4829 879 4902; x_wconf 77' lang='grc' dir='ltr'>διάγοντας,</span> <span class='ocrx_word' id='word_1_738' title='bbox 933 4828 1290 4885; x_wconf 66' lang='grc' dir='ltr'>ἐπεσπάσατο.</span> <span class='ocrx_word' id='word_1_739' title='bbox 1344 4850 1372 4878; x_wconf 89' lang='grc'>‹‹</span> <span class='ocrx_word' id='word_1_740' title='bbox 1404 4831 1524 4887; x_wconf 85' lang='grc' dir='ltr'>Πῶς</span> <span class='ocrx_word' id='word_1_741' title='bbox 1577 4823 1920 4904; x_wconf 66' lang='grc' dir='ltr'>ἐπιστρέφετε</span> 
     </span>
    </p>
   </div>
   <div class='ocr_carea' id='block_1_99' title="bbox 271 4913 1917 4992">
    <p class='ocr_par' dir='ltr' id='par_1_99' title="bbox 271 4913 1917 4992">
     <span class='ocr_line' id='line_1_99' title="bbox 271 4913 1917 4992; baseline -0.005 -15"><span class='ocrx_word' id='word_1_742' title='bbox 271 4920 460 4989; x_wconf 84' lang='grc' dir='ltr'>πάλιν,</span> <span class='ocrx_word' id='word_1_743' title='bbox 495 4918 620 4992; x_wconf 82' lang='grc' dir='ltr'>Περί</span> <span class='ocrx_word' id='word_1_744' title='bbox 652 4917 817 4986; x_wconf 72' lang='grc' dir='ltr'>ἡλίου</span> <span class='ocrx_word' id='word_1_745' title='bbox 848 4915 1012 4972; x_wconf 74' lang='grc' dir='ltr'>πάλιν</span> <span class='ocrx_word' id='word_1_746' title='bbox 1043 4915 1134 4971; x_wconf 87' lang='grc' dir='ltr'>καὶ</span> <span class='ocrx_word' id='word_1_747' title='bbox 1165 4913 1402 4985; x_wconf 73' lang='grc' dir='ltr'>σελήνης</span> <span class='ocrx_word' id='word_1_748' title='bbox 1435 4915 1524 4969; x_wconf 87' lang='grc' dir='ltr'>καὶ</span> <span class='ocrx_word' id='word_1_749' title='bbox 1555 4914 1764 4989; x_wconf 79' lang='grc' dir='ltr'>ἄστρων</span> <span class='ocrx_word' id='word_1_750' title='bbox 1803 4913 1917 4970; x_wconf 82' lang='grc' dir='ltr'>δια-</span> 
     </span>
    </p>
   </div>
   <div class='ocr_carea' id='block_1_100' title="bbox 270 5005 1920 5084">
    <p class='ocr_par' dir='ltr' id='par_1_100' title="bbox 270 5005 1920 5084">
     <span class='ocr_line' id='line_1_100' title="bbox 270 5005 1920 5084; baseline -0.005 -17"><span class='ocrx_word' id='word_1_751' title='bbox 270 5009 507 5084; x_wconf 77' lang='grc' dir='ltr'>Αὲγεται,</span> <span class='ocrx_word' id='word_1_752' title='bbox 540 5009 590 5078; x_wconf 80' lang='grc' dir='ltr'>ἐξ</span> <span class='ocrx_word' id='word_1_753' title='bbox 623 5009 696 5062; x_wconf 84' lang='grc' dir='ltr'>ὢν</span> <span class='ocrx_word' id='word_1_754' title='bbox 726 5009 780 5061; x_wconf 73' lang='grc' dir='ltr'>αἱ</span> <span class='ocrx_word' id='word_1_755' title='bbox 812 5010 918 5062; x_wconf 89' lang='grc' dir='ltr'>τῶν</span> <span class='ocrx_word' id='word_1_756' title='bbox 975 5005 1200 5079; x_wconf 79' lang='grc' dir='ltr'>ἡμερῶν</span> <span class='ocrx_word' id='word_1_757' title='bbox 1243 5005 1668 5078; x_wconf 69' lang='grc' dir='ltr'>παρατηρήσεις.</span> <span class='ocrx_word' id='word_1_758' title='bbox 1714 5005 1920 5079; x_wconf 76' lang='grc' dir='ltr'>Πτωχᾶ</span> 
     </span>
    </p>
   </div>
   <div class='ocr_carea' id='block_1_101' title="bbox 271 5086 1915 5167">
    <p class='ocr_par' dir='ltr' id='par_1_101' title="bbox 271 5086 1915 5167">
     <span class='ocr_line' id='line_1_101' title="bbox 271 5086 1915 5167; baseline 0.007 -11"><span class='ocrx_word' id='word_1_759' title='bbox 271 5098 329 5156; x_wconf 69' lang='grc' dir='ltr'>δὲ</span> <span class='ocrx_word' id='word_1_760' title='bbox 357 5099 446 5155; x_wconf 80' lang='grc' dir='ltr'>καὶ</span> <span class='ocrx_word' id='word_1_761' title='bbox 481 5099 673 5164; x_wconf 80' lang='grc' dir='ltr'>ἀσθενῆ</span> <span class='ocrx_word' id='word_1_762' title='bbox 701 5095 838 5151; x_wconf 75' lang='grc' dir='ltr'>αὖτὰ</span> <span class='ocrx_word' id='word_1_763' title='bbox 865 5093 1045 5158; x_wconf 78' lang='grc' dir='ltr'>καλεῖ.</span> <span class='ocrx_word' id='word_1_764' title='bbox 1079 5093 1153 5154; x_wconf 75' lang='grc' dir='ltr'>ὡς</span> <span class='ocrx_word' id='word_1_765' title='bbox 1217 5089 1488 5164; x_wconf 72' lang='grc' dir='ltr'>μηδεμίαν</span> <span class='ocrx_word' id='word_1_766' title='bbox 1538 5091 1698 5167; x_wconf 72' lang='grc' dir='ltr'>ἰσχὺν</span> <span class='ocrx_word' id='word_1_767' title='bbox 1759 5086 1915 5166; x_wconf 73' lang='grc' dir='ltr'>ἔχον-</span> 
     </span>
    </p>
   </div>
   <div class='ocr_carea' id='block_1_102' title="bbox 265 5177 1916 5259">
    <p class='ocr_par' dir='ltr' id='par_1_102' title="bbox 265 5177 1916 5259">
     <span class='ocr_line' id='line_1_102' title="bbox 265 5177 1916 5259; baseline -0.006 -13"><span class='ocrx_word' id='word_1_768' title='bbox 265 5212 354 5248; x_wconf 89' lang='grc' dir='ltr'>τα.</span> <span class='ocrx_word' id='word_1_769' title='bbox 389 5187 615 5255; x_wconf 73' lang='grc' dir='ltr'>Πολλὴν</span> <span class='ocrx_word' id='word_1_770' title='bbox 648 5182 707 5240; x_wconf 80' lang='grc' dir='ltr'><strong>ὃὶ</strong></span> <span class='ocrx_word' id='word_1_771' title='bbox 759 5185 843 5253; x_wconf 88' lang='grc' dir='ltr'>τὸ,</span> <span class='ocrx_word' id='word_1_772' title='bbox 908 5180 1104 5252; x_wconf 76' lang='grc' dir='ltr'>Πάλιν,</span> <span class='ocrx_word' id='word_1_773' title='bbox 1165 5177 1394 5259; x_wconf 61' lang='grc' dir='ltr'>ἔμφασιν</span> <span class='ocrx_word' id='word_1_774' title='bbox 1457 5179 1596 5257; x_wconf 81' lang='grc' dir='ltr'>ἔχει·</span> <span class='ocrx_word' id='word_1_775' title='bbox 1652 5182 1787 5256; x_wconf 81' lang='grc' dir='ltr'>μετὰ</span> <span class='ocrx_word' id='word_1_776' title='bbox 1815 5183 1916 5251; x_wconf 74' lang='grc' dir='ltr'>τήν</span> 
     </span>
    </p>
   </div>
   <div class='ocr_carea' id='block_1_103' title="bbox 264 5269 1916 5354">
    <p class='ocr_par' dir='ltr' id='par_1_103' title="bbox 264 5269 1916 5354">
     <span class='ocr_line' id='line_1_103' title="bbox 264 5269 1916 5354; baseline -0.004 -22"><span class='ocrx_word' id='word_1_777' title='bbox 264 5278 536 5342; x_wconf 73' lang='grc' dir='ltr'>υἱοθεσίαν</span> <span class='ocrx_word' id='word_1_778' title='bbox 572 5323 585 5340; x_wconf 83' lang='grc'>,</span> <span class='ocrx_word' id='word_1_779' title='bbox 637 5273 797 5354; x_wconf 73' lang='grc' dir='ltr'>φησὶ,</span> <span class='ocrx_word' id='word_1_780' title='bbox 853 5273 942 5328; x_wconf 79' lang='grc' dir='ltr'>καὶ</span> <span class='ocrx_word' id='word_1_781' title='bbox 1006 5272 1069 5327; x_wconf 78' lang='grc' dir='ltr'>τὸ</span> <span class='ocrx_word' id='word_1_782' title='bbox 1127 5277 1435 5347; x_wconf 80' lang='grc' dir='ltr'>γνωσθῆναι</span> <span class='ocrx_word' id='word_1_783' title='bbox 1499 5269 1602 5328; x_wconf 87' lang='grc' dir='ltr'>ὑπὸ</span> <span class='ocrx_word' id='word_1_784' title='bbox 1661 5275 1814 5328; x_wconf 89' lang='grc' dir='ltr'>Θεοῦ.</span> <span class='ocrx_word' id='word_1_785' title='bbox 1848 5304 1916 5315; x_wconf 87' lang='lat'>-—-</span> 
     </span>
    </p>
   </div>
   <div class='ocr_carea' id='block_1_104' title="bbox 264 5361 1918 5445">
    <p class='ocr_par' dir='ltr' id='par_1_104' title="bbox 264 5361 1918 5445">
     <span class='ocr_line' id='line_1_104' title="bbox 264 5361 1918 5445; baseline -0.004 -23"><span class='ocrx_word' id='word_1_786' title='bbox 264 5369 532 5445; x_wconf 69' lang='grc' dir='ltr'>[ΚΥΡΙᾹ.</span> <span class='ocrx_word' id='word_1_787' title='bbox 590 5361 1141 5434; x_wconf 62' lang='grc' dir='ltr'>ΟΙΚΟΥΜΕΝἺΟΥ.]</span> <span class='ocrx_word' id='word_1_788' title='bbox 1217 5367 1476 5437; x_wconf 81' lang='grc' dir='ltr'>Στοιχεῖα</span> <span class='ocrx_word' id='word_1_789' title='bbox 1533 5361 1744 5434; x_wconf 84' lang='grc' dir='ltr'>κόσμου</span> <span class='ocrx_word' id='word_1_790' title='bbox 1780 5405 1793 5429; x_wconf 97' lang='grc'>,</span> <span class='ocrx_word' id='word_1_791' title='bbox 1849 5362 1918 5416; x_wconf 73' lang='grc' dir='ltr'>τὰ</span> 
     </span>
    </p>
   </div>
   <div class='ocr_carea' id='block_1_105' title="bbox 264 5448 1915 5533">
    <p class='ocr_par' dir='ltr' id='par_1_105' title="bbox 264 5448 1915 5533">
     <span class='ocr_line' id='line_1_105' title="bbox 264 5448 1915 5533; baseline -0.004 -22"><span class='ocrx_word' id='word_1_792' title='bbox 264 5458 431 5533; x_wconf 77' lang='grc' dir='ltr'>μόρια</span> <span class='ocrx_word' id='word_1_793' title='bbox 461 5459 557 5509; x_wconf 88' lang='grc' dir='ltr'>τοῦ</span> <span class='ocrx_word' id='word_1_794' title='bbox 597 5452 794 5512; x_wconf 86' lang='grc' dir='ltr'>παντὸς</span> <span class='ocrx_word' id='word_1_795' title='bbox 855 5450 1089 5523; x_wconf 90' lang='grc' dir='ltr'>κόσμου.</span> <span class='ocrx_word' id='word_1_796' title='bbox 1155 5453 1377 5514; x_wconf 69' lang='grc' dir='ltr'>Ἀσθενῆ</span> <span class='ocrx_word' id='word_1_797' title='bbox 1413 5451 1504 5505; x_wconf 78' lang='grc' dir='ltr'>καὶ</span> <span class='ocrx_word' id='word_1_798' title='bbox 1537 5451 1737 5526; x_wconf 81' lang='grc' dir='ltr'>πτωχὰ</span> <span class='ocrx_word' id='word_1_799' title='bbox 1783 5448 1915 5504; x_wconf 78' lang='grc' dir='ltr'>αὖτᾶ</span> 
     </span>
    </p>
   </div>
   <div class='ocr_carea' id='block_1_106' title="bbox 257 5537 1912 5615">
    <p class='ocr_par' dir='ltr' id='par_1_106' title="bbox 257 5537 1912 5615">
     <span class='ocr_line' id='line_1_106' title="bbox 257 5537 1912 5615; baseline -0.006 -11"><span class='ocrx_word' id='word_1_800' title='bbox 257 5545 440 5612; x_wconf 86' lang='grc' dir='ltr'>καλεῖ,</span> <span class='ocrx_word' id='word_1_801' title='bbox 469 5543 530 5599; x_wconf 74' lang='grc' dir='ltr'>οὐ</span> <span class='ocrx_word' id='word_1_802' title='bbox 566 5539 654 5598; x_wconf 81' lang='grc' dir='ltr'>διὰ</span> <span class='ocrx_word' id='word_1_803' title='bbox 703 5541 802 5609; x_wconf 71' lang='grc' dir='ltr'>τὴν</span> <span class='ocrx_word' id='word_1_804' title='bbox 830 5537 1103 5594; x_wconf 65' lang='grc' dir='ltr'>εὐτέλειαν</span> <span class='ocrx_word' id='word_1_805' title='bbox 1135 5540 1337 5594; x_wconf 81' lang='grc' dir='ltr'>αὐτῶν.</span> <span class='ocrx_word' id='word_1_806' title='bbox 1397 5540 1490 5611; x_wconf 89' lang='grc' dir='ltr'>(Τί</span> <span class='ocrx_word' id='word_1_807' title='bbox 1519 5541 1622 5615; x_wconf 69' lang='grc' dir='ltr'>γὰρ</span> <span class='ocrx_word' id='word_1_808' title='bbox 1679 5540 1912 5614; x_wconf 79' lang='grc' dir='ltr'>οὐρανοῦ</span> 
     </span>
    </p>
   </div>
   <div class='ocr_carea' id='block_1_107' title="bbox 263 5625 1913 5713">
    <p class='ocr_par' dir='ltr' id='par_1_107' title="bbox 263 5625 1913 5713">
     <span class='ocr_line' id='line_1_107' title="bbox 263 5625 1913 5713; baseline -0.007 -19"><span class='ocrx_word' id='word_1_809' title='bbox 263 5637 357 5694; x_wconf 77' lang='grc' dir='ltr'>καὶ</span> <span class='ocrx_word' id='word_1_810' title='bbox 388 5642 488 5713; x_wconf 79' lang='grc' dir='ltr'>γῆς</span> <span class='ocrx_word' id='word_1_811' title='bbox 551 5629 1124 5710; x_wconf 81' lang='grc' dir='ltr'>μεγαλοπρεπέστερον</span> <span class='ocrx_word' id='word_1_812' title='bbox 1157 5647 1172 5701; x_wconf 71' lang='grc' dir='ltr'><strong>ς</strong></span> <span class='ocrx_word' id='word_1_813' title='bbox 1204 5629 1268 5684; x_wconf 79' lang='grc' dir='ltr'>Τί</span> <span class='ocrx_word' id='word_1_814' title='bbox 1301 5625 1358 5683; x_wconf 70' lang='grc' dir='ltr'><strong>δί</strong></span> <span class='ocrx_word' id='word_1_815' title='bbox 1386 5628 1552 5700; x_wconf 78' lang='grc' dir='ltr'>ἡλίου</span> <span class='ocrx_word' id='word_1_816' title='bbox 1609 5626 1697 5682; x_wconf 74' lang='grc' dir='ltr'>καὶ</span> <span class='ocrx_word' id='word_1_817' title='bbox 1755 5627 1913 5704; x_wconf 70' lang='grc' dir='ltr'>σελή-</span> 
     </span>
    </p>
   </div>
   <div class='ocr_carea' id='block_1_108' title="bbox 2030 4647 3670 4726">
    <p class='ocr_par' dir='ltr' id='par_1_108' title="bbox 2030 4647 3670 4726">
     <span class='ocr_line' id='line_1_108' title="bbox 2030 4647 3670 4726; baseline -0.007 -18"><span class='ocrx_word' id='word_1_818' title='bbox 2030 4653 2450 4726; x_wconf 71' lang='grc' dir='ltr'>Ρτωόἰοεώδηι.</span> <span class='ocrx_word' id='word_1_819' title='bbox 2488 4651 2701 4718; x_wconf 85' lang='lat' dir='ltr'>«Quin</span> <span class='ocrx_word' id='word_1_820' title='bbox 2731 4651 2928 4721; x_wconf 89' lang='lat' dir='ltr'>potius</span> <span class='ocrx_word' id='word_1_821' title='bbox 2959 4647 3176 4719; x_wconf 85' lang='lat' dir='ltr'>cogniti</span> <span class='ocrx_word' id='word_1_822' title='bbox 3208 4648 3351 4702; x_wconf 84' lang='lat' dir='ltr'>estis</span> <span class='ocrx_word' id='word_1_823' title='bbox 3395 4663 3428 4702; x_wconf 87' lang='lat' dir='ltr'><strong>a</strong></span> <span class='ocrx_word' id='word_1_824' title='bbox 3466 4648 3608 4702; x_wconf 90' lang='lat' dir='ltr'>Deo.</span> <span class='ocrx_word' id='word_1_825' title='bbox 3641 4668 3670 4696; x_wconf 80' lang='lat'><strong>»</strong></span> 
     </span>
    </p>
   </div>
   <div class='ocr_carea' id='block_1_109' title="bbox 2028 4736 3672 4811">
    <p class='ocr_par' dir='ltr' id='par_1_109' title="bbox 2028 4736 3672 4811">
     <span class='ocr_line' id='line_1_109' title="bbox 2028 4736 3672 4811; baseline -0.002 -15"><span class='ocrx_word' id='word_1_826' title='bbox 2028 4743 2153 4796; x_wconf 87' lang='lat' dir='ltr'>Non</span> <span class='ocrx_word' id='word_1_827' title='bbox 2186 4742 2344 4797; x_wconf 90' lang='lat' dir='ltr'>enim</span> <span class='ocrx_word' id='word_1_828' title='bbox 2375 4759 2496 4805; x_wconf 83' lang='lat' dir='ltr'>vos,</span> <span class='ocrx_word' id='word_1_829' title='bbox 2530 4740 2748 4811; x_wconf 86' lang='lat' dir='ltr'>inquit,</span> <span class='ocrx_word' id='word_1_830' title='bbox 2781 4737 3015 4810; x_wconf 89' lang='lat' dir='ltr'>proprio</span> <span class='ocrx_word' id='word_1_831' title='bbox 3047 4737 3249 4792; x_wconf 87' lang='lat' dir='ltr'>labore</span> <span class='ocrx_word' id='word_1_832' title='bbox 3281 4737 3462 4792; x_wconf 89' lang='lat' dir='ltr'>Deum</span> <span class='ocrx_word' id='word_1_833' title='bbox 3511 4736 3672 4800; x_wconf 85' lang='lat' dir='ltr'>nacti</span> 
     </span>
    </p>
   </div>
   <div class='ocr_carea' id='block_1_110' title="bbox 2030 4826 3674 4901">
    <p class='ocr_par' dir='ltr' id='par_1_110' title="bbox 2030 4826 3674 4901">
     <span class='ocr_line' id='line_1_110' title="bbox 2030 4826 3674 4901; baseline -0.002 -16"><span class='ocrx_word' id='word_1_834' title='bbox 2030 4831 2192 4896; x_wconf 88' lang='lat' dir='ltr'>estis,</span> <span class='ocrx_word' id='word_1_835' title='bbox 2219 4830 2630 4901; x_wconf 77' lang='lat' dir='ltr'>7505edipse</span> <span class='ocrx_word' id='word_1_836' title='bbox 2645 4828 2819 4884; x_wconf 87' lang='lat' dir='ltr'>vosin</span> <span class='ocrx_word' id='word_1_837' title='bbox 2851 4842 3050 4881; x_wconf 90' lang='lat' dir='ltr'>errore</span> <span class='ocrx_word' id='word_1_838' title='bbox 3083 4826 3362 4896; x_wconf 83' lang='lat' dir='ltr'>degentes</span> <span class='ocrx_word' id='word_1_839' title='bbox 3400 4826 3674 4882; x_wconf 85' lang='lat' dir='ltr'>attraxit?</span> 
     </span>
    </p>
   </div>
   <div class='ocr_carea' id='block_1_111' title="bbox 2030 4916 3677 4984">
    <p class='ocr_par' dir='ltr' id='par_1_111' title="bbox 2030 4916 3677 4984">
     <span class='ocr_line' id='line_1_111' title="bbox 2030 4916 3677 4984; baseline -0.001 -10"><span class='ocrx_word' id='word_1_840' title='bbox 2030 4941 2058 4969; x_wconf 85' lang='lat'><strong><em>«</em></strong></span> <span class='ocrx_word' id='word_1_841' title='bbox 2091 4920 2393 4984; x_wconf 90' lang='lat' dir='ltr'>Quomodo</span> <span class='ocrx_word' id='word_1_842' title='bbox 2417 4918 2828 4975; x_wconf 86' lang='lat' dir='ltr'>convertimini</span> <span class='ocrx_word' id='word_1_843' title='bbox 2854 4917 3047 4971; x_wconf 91' lang='lat' dir='ltr'>denuo</span> <span class='ocrx_word' id='word_1_844' title='bbox 3066 4916 3092 4969; x_wconf 68' lang='grc' dir='ltr'>’ἶ</span> <span class='ocrx_word' id='word_1_845' title='bbox 3119 4938 3146 4965; x_wconf 82' lang='grc'><strong>››</strong></span> <span class='ocrx_word' id='word_1_846' title='bbox 3172 4917 3250 4971; x_wconf 91' lang='lat' dir='ltr'>De</span> <span class='ocrx_word' id='word_1_847' title='bbox 3273 4917 3419 4982; x_wconf 88' lang='lat' dir='ltr'>sole,</span> <span class='ocrx_word' id='word_1_848' title='bbox 3443 4916 3586 4972; x_wconf 88' lang='lat' dir='ltr'>luna</span> <span class='ocrx_word' id='word_1_849' title='bbox 3616 4921 3677 4972; x_wconf 90' lang='lat' dir='ltr'>et</span> 
     </span>
    </p>
   </div>
   <div class='ocr_carea' id='block_1_112' title="bbox 2029 5005 3676 5078">
    <p class='ocr_par' dir='ltr' id='par_1_112' title="bbox 2029 5005 3676 5078">
     <span class='ocr_line' id='line_1_112' title="bbox 2029 5005 3676 5078; baseline -0.001 -15"><span class='ocrx_word' id='word_1_850' title='bbox 2029 5009 2203 5063; x_wconf 89' lang='lat' dir='ltr'>astris</span> <span class='ocrx_word' id='word_1_851' title='bbox 2237 5007 2496 5074; x_wconf 89' lang='lat' dir='ltr'>disserit,</span> <span class='ocrx_word' id='word_1_852' title='bbox 2521 5025 2554 5062; x_wconf 88' lang='lat' dir='ltr'>a</span> <span class='ocrx_word' id='word_1_853' title='bbox 2576 5006 2789 5078; x_wconf 90' lang='lat' dir='ltr'>quibus</span> <span class='ocrx_word' id='word_1_854' title='bbox 2822 5005 3270 5075; x_wconf 40' lang='lat' dir='ltr'>erantgdierum</span> <span class='ocrx_word' id='word_1_855' title='bbox 3317 5006 3676 5062; x_wconf 84' lang='lat' dir='ltr'>observatio-</span> 
     </span>
    </p>
   </div>
   <div class='ocr_carea' id='block_1_113' title="bbox 2028 5095 3674 5170">
    <p class='ocr_par' dir='ltr' id='par_1_113' title="bbox 2028 5095 3674 5170">
     <span class='ocr_line' id='line_1_113' title="bbox 2028 5095 3674 5170; baseline -0.001 -17"><span class='ocrx_word' id='word_1_856' title='bbox 2028 5115 2155 5155; x_wconf 89' lang='lat' dir='ltr'>nes.</span> <span class='ocrx_word' id='word_1_857' title='bbox 2184 5101 2377 5170; x_wconf 90' lang='lat' dir='ltr'>Egena</span> <span class='ocrx_word' id='word_1_858' title='bbox 2399 5104 2596 5152; x_wconf 90' lang='lat' dir='ltr'>autem</span> <span class='ocrx_word' id='word_1_859' title='bbox 2620 5102 2678 5151; x_wconf 92' lang='lat' dir='ltr'>et</span> <span class='ocrx_word' id='word_1_860' title='bbox 2699 5097 2937 5151; x_wconf 81' lang='lat' dir='ltr'>infirma</span> <span class='ocrx_word' id='word_1_861' title='bbox 2957 5095 3219 5166; x_wconf 90' lang='lat' dir='ltr'>appellat</span> <span class='ocrx_word' id='word_1_862' title='bbox 3239 5096 3246 5162; x_wconf 61' lang='grc' dir='ltr'><em>Ῐ</em></span> <span class='ocrx_word' id='word_1_863' title='bbox 3265 5095 3412 5167; x_wconf 92' lang='lat' dir='ltr'>ipsa,</span> <span class='ocrx_word' id='word_1_864' title='bbox 3446 5103 3513 5152; x_wconf 89' lang='lat' dir='ltr'>ut</span> <span class='ocrx_word' id='word_1_865' title='bbox 3543 5115 3674 5169; x_wconf 76' lang='lat' dir='ltr'>quin</span> 
     </span>
    </p>
   </div>
   <div class='ocr_carea' id='block_1_114' title="bbox 2027 5183 3678 5258">
    <p class='ocr_par' dir='ltr' id='par_1_114' title="bbox 2027 5183 3678 5258">
     <span class='ocr_line' id='line_1_114' title="bbox 2027 5183 3678 5258; baseline -0.002 -14"><span class='ocrx_word' id='word_1_866' title='bbox 2027 5188 2254 5244; x_wconf 89' lang='lat' dir='ltr'>nullam</span> <span class='ocrx_word' id='word_1_867' title='bbox 2280 5184 2863 5258; x_wconf 86' lang='lat' dir='ltr'>habentpotentiam.</span> <span class='ocrx_word' id='word_1_868' title='bbox 2891 5183 3055 5248; x_wconf 88' lang='lat' dir='ltr'>Quod</span> <span class='ocrx_word' id='word_1_869' title='bbox 3081 5189 3279 5240; x_wconf 87' lang='lat' dir='ltr'>autem</span> <span class='ocrx_word' id='word_1_870' title='bbox 3298 5185 3381 5239; x_wconf 91' lang='lat' dir='ltr'>ait</span> <span class='ocrx_word' id='word_1_871' title='bbox 3401 5185 3605 5241; x_wconf 91' lang='lat' dir='ltr'>Denuo</span> <span class='ocrx_word' id='word_1_872' title='bbox 3619 5192 3678 5241; x_wconf 89' lang='lat' dir='ltr'>et</span> 
     </span>
    </p>
   </div>
   <div class='ocr_carea' id='block_1_115' title="bbox 2029 5273 3674 5346">
    <p class='ocr_par' dir='ltr' id='par_1_115' title="bbox 2029 5273 3674 5346">
     <span class='ocr_line' id='line_1_115' title="bbox 2029 5273 3674 5346; baseline -0.002 -13"><span class='ocrx_word' id='word_1_873' title='bbox 2029 5279 2304 5341; x_wconf 79' lang='lat' dir='ltr'>Rursum,</span> <span class='ocrx_word' id='word_1_874' title='bbox 2337 5275 2584 5332; x_wconf 89' lang='lat' dir='ltr'>multam</span> <span class='ocrx_word' id='word_1_875' title='bbox 2620 5273 2798 5329; x_wconf 90' lang='lat' dir='ltr'>habet</span> <span class='ocrx_word' id='word_1_876' title='bbox 2827 5274 3196 5345; x_wconf 87' lang='lat' dir='ltr'>emphasim:</span> <span class='ocrx_word' id='word_1_877' title='bbox 3223 5275 3363 5328; x_wconf 91' lang='lat' dir='ltr'>Post</span> <span class='ocrx_word' id='word_1_878' title='bbox 3405 5275 3674 5346; x_wconf 87' lang='lat' dir='ltr'>adoptio-</span> 
     </span>
    </p>
   </div>
   <div class='ocr_carea' id='block_1_116' title="bbox 2025 5363 3671 5436">
    <p class='ocr_par' dir='ltr' id='par_1_116' title="bbox 2025 5363 3671 5436">
     <span class='ocr_line' id='line_1_116' title="bbox 2025 5363 3671 5436; baseline -0.002 -17"><span class='ocrx_word' id='word_1_879' title='bbox 2025 5383 2183 5432; x_wconf 85' lang='lat' dir='ltr'>nem,</span> <span class='ocrx_word' id='word_1_880' title='bbox 2213 5365 2425 5436; x_wconf 89' lang='lat' dir='ltr'>inquit,</span> <span class='ocrx_word' id='word_1_881' title='bbox 2461 5370 2518 5419; x_wconf 92' lang='lat' dir='ltr'>et</span> <span class='ocrx_word' id='word_1_882' title='bbox 2548 5369 2860 5435; x_wconf 84' lang='lat' dir='ltr'>postquam</span> <span class='ocrx_word' id='word_1_883' title='bbox 2892 5379 2924 5417; x_wconf 89' lang='lat' dir='ltr'>a</span> <span class='ocrx_word' id='word_1_884' title='bbox 2957 5363 3072 5418; x_wconf 92' lang='lat' dir='ltr'>Deo</span> <span class='ocrx_word' id='word_1_885' title='bbox 3105 5365 3322 5436; x_wconf 89' lang='lat' dir='ltr'>cogniti</span> <span class='ocrx_word' id='word_1_886' title='bbox 3381 5364 3542 5418; x_wconf 88' lang='lat' dir='ltr'>estis.</span> <span class='ocrx_word' id='word_1_887' title='bbox 3605 5392 3671 5403; x_wconf 88' lang='lat'>—-—</span> 
     </span>
    </p>
   </div>
   <div class='ocr_carea' id='block_1_117' title="bbox 2026 5453 3666 5524">
    <p class='ocr_par' dir='ltr' id='par_1_117' title="bbox 2026 5453 3666 5524">
     <span class='ocr_line' id='line_1_117' title="bbox 2026 5453 3666 5524; baseline -0.001 -16"><span class='ocrx_word' id='word_1_888' title='bbox 2026 5455 2332 5510; x_wconf 87' lang='lat' dir='ltr'>Elementa</span> <span class='ocrx_word' id='word_1_889' title='bbox 2361 5454 2569 5509; x_wconf 91' lang='lat' dir='ltr'>mundi</span> <span class='ocrx_word' id='word_1_890' title='bbox 2598 5459 2766 5508; x_wconf 90' lang='lat' dir='ltr'>vocat</span> <span class='ocrx_word' id='word_1_891' title='bbox 2796 5453 3116 5524; x_wconf 83' lang='lat' dir='ltr'>particulas</span> <span class='ocrx_word' id='word_1_892' title='bbox 3151 5456 3325 5508; x_wconf 89' lang='lat' dir='ltr'>totius</span> <span class='ocrx_word' id='word_1_893' title='bbox 3383 5453 3666 5508; x_wconf 89' lang='lat' dir='ltr'>universi.</span> 
     </span>
    </p>
   </div>
   <div class='ocr_carea' id='block_1_118' title="bbox 2023 5541 3667 5615">
    <p class='ocr_par' dir='ltr' id='par_1_118' title="bbox 2023 5541 3667 5615">
     <span class='ocr_line' id='line_1_118' title="bbox 2023 5541 3667 5615; baseline -0.004 -16"><span class='ocrx_word' id='word_1_894' title='bbox 2023 5544 2263 5600; x_wconf 82' lang='lat' dir='ltr'>Inﬁrma</span> <span class='ocrx_word' id='word_1_895' title='bbox 2286 5551 2342 5598; x_wconf 91' lang='lat' dir='ltr'>et</span> <span class='ocrx_word' id='word_1_896' title='bbox 2361 5559 2545 5615; x_wconf 83' lang='lat' dir='ltr'>egena</span> <span class='ocrx_word' id='word_1_897' title='bbox 2566 5544 2694 5615; x_wconf 90' lang='lat' dir='ltr'>ipsa</span> <span class='ocrx_word' id='word_1_898' title='bbox 2707 5543 3113 5615; x_wconf 87' lang='lat' dir='ltr'>appellat,non</span> <span class='ocrx_word' id='word_1_899' title='bbox 3138 5541 3667 5613; x_wconf 79' lang='lat' dir='ltr'>propterabjectio-</span> 
     </span>
    </p>
   </div>
   <div class='ocr_carea' id='block_1_119' title="bbox 2021 5625 3662 5708">
    <p class='ocr_par' dir='ltr' id='par_1_119' title="bbox 2021 5625 3662 5708">
     <span class='ocr_line' id='line_1_119' title="bbox 2021 5625 3662 5708; baseline -0.008 -15"><span class='ocrx_word' id='word_1_900' title='bbox 2021 5651 2160 5693; x_wconf 89' lang='lat' dir='ltr'>nem</span> <span class='ocrx_word' id='word_1_901' title='bbox 2183 5629 2464 5708; x_wconf 82' lang='lat' dir='ltr'>ipsorum.</span> <span class='ocrx_word' id='word_1_902' title='bbox 2489 5632 2638 5700; x_wconf 90' lang='lat' dir='ltr'>Quid</span> <span class='ocrx_word' id='word_1_903' title='bbox 2655 5632 2812 5689; x_wconf 89' lang='lat' dir='ltr'>enim</span> <span class='ocrx_word' id='word_1_904' title='bbox 2839 5631 2984 5688; x_wconf 69' lang='lat' dir='ltr'>casio</span> <span class='ocrx_word' id='word_1_905' title='bbox 3009 5647 3077 5686; x_wconf 90' lang='lat' dir='ltr'>ac</span> <span class='ocrx_word' id='word_1_906' title='bbox 3098 5636 3255 5685; x_wconf 89' lang='lat' dir='ltr'>terra</span> <span class='ocrx_word' id='word_1_907' title='bbox 3279 5625 3662 5698; x_wconf 76' lang='lat' dir='ltr'>magniﬁcen-</span> 
     </span>
    </p>
   </div>
  </div>
