4106 6196
529 305 683 364 1139

1645 301 1831 364 ωϐῐ]
1843 302 2062 362 ΜΕΝΙΙ
2109 301 2418 363 TRICCE
2463 303 2814 365 EPISCOPI

3762 313 3878 372 1H0

529 438 690 496 tius?
710 438 849 511 quid
862 440 1059 493 autem
1080 436 1376 501 sole,luna
1397 453 1464 492 ac
1489 437 1666 492 astris
1687 437 2179 493 honorificentius

2320 456 2385 506 ης
2417 433 2850 516 τιμαλφὲστερον
2880 440 2969 493 καὶ
3007 438 3215 514 ἄστρων
3248 461 3262 508 ;
3297 438 3482 496 Ἀλλὰ
3514 437 3603 495 διᾶ
3630 442 3688 496 τὸ
3716 442 3881 517 ἐστερῆ-

537 536 638 585 aut
669 526 1085 599 Splendidius?
1115 526 1217 581 sed
1251 526 1410 598 quod
1470 526 1778 582 intellectu
1837 533 2080 583 careant
2125 533 2185 584 et

538 619 653 674 vita
682 634 749 672 ac
781 633 980 671 sensu.
1015 618 1095 672 Ex
1126 615 1238 670 hoc
1272 616 1650 670 manifestum
1703 622 1791 670 est
1847 617 2003 687 quod
2063 634 2182 672 non

541 707 715 764 modo
738 707 1252 762 circumcisionem
1285 706 1690 777 pra-dicabant
1720 707 2182 778 pseudapostoli,

540 798 926 853 verumetiam
962 797 1168 852 harum
1199 813 1401 851 rerum
1433 796 1912 851 observationes:
1949 804 2183 868 sumpto

542 887 784 959 quidem
803 904 872 941 ex
895 887 1021 959 lege
1045 887 1360 958 principio.
1386 903 1586 941 verum
1611 902 1642 940 a
1668 886 1793 958 lege
1815 886 2179 942 aberrantes.

540 1001 570 1031 ‹‹
603 981 813 1034 Metuo.
853 1000 878 1024 ι)
911 977 1160 1035 Adverte
1194 977 1290 1048 pia
1318 977 1562 1032 viscera.
1625 976 1717 1030 Illi
1762 976 2074 1045 fluctuant,
2127 982 2185 1032 et

537 1071 757 1129 Paulus
787 1071 1018 1125 metuit.
1053 1069 1217 1136 Quod
1252 1074 1446 1123 autem
1482 1069 1583 1134 ait,
1621 1071 1700 1124 Ne
1733 1086 1848 1141 quo
1879 1069 2077 1129 modo.
2106 1070 2188 1124 si-

536 1164 778 1238 gniﬁcat
807 1163 968 1233 ipsos
999 1161 1192 1215 adhuc
1218 1166 1462 1224 stare,et
1492 1161 1746 1216 necdum
1769 1162 2010 1216 omnino
2037 1177 2187 1216 nau-

534 1253 784 1325 fragium
813 1251 1022 1305 fecisse
1047 1266 1060 1303 :
1085 1256 1143 1304 et
1159 1267 1324 1322 spem
1349 1251 1449 1305 dat
1470 1250 1557 1305 eis
1589 1251 1747 1320 quod
1766 1250 1812 1305 si
1835 1251 2186 1321 resipiscere

537 1341 741 1407 velint,
774 1356 893 1395 non
926 1339 1144 1394 frustra
1170 1355 1309 1409 erga
1341 1339 1501 1410 ipsos
1535 1339 1867 1396 laboratum
1899 1341 1995 1408 sit,
2037 1356 2104 1395 ac
2136 1340 2186 1394 si

541 1431 800 1487 diceret:
833 1429 1184 1483 Mementote
1215 1427 1483 1484 laborum
1515 1445 1582 1483 ac
1614 1429 1895 1484 sudorum
1920 1445 2190 1484 meorum

547 1536 684 1591 erga
713 1535 833 1586 vos,
892 1533 1001 1572 nec
1060 1533 1272 1572 vanum
1330 1517 1589 1572 reddatis
1647 1517 1912 1573 laborem
1966 1535 2186 1573 meum.

550 1631 578 1661 «
607 1610 803 1666 Estote
819 1612 1000 1679 utego
1026 1623 1177 1662 sum.
1205 1629 1232 1655 »
1250 1605 1457 1664 Adhuc
1479 1605 1554 1661 ad
1576 1624 1676 1662 eos
1725 1607 1824 1678 qui
1875 1624 1944 1662 ex
1975 1607 2192 1661 Iudaeis

551 1703 720 1756 erant
750 1713 944 1753 sermo
972 1703 1079 1750 est.
1128 1697 1482 1761 lmitatores,
1538 1697 1752 1767 inquit,
1806 1696 1922 1751 mei
1983 1702 2190 1763 estote,

2296 529 2544 587 σθαινοῦ
2603 527 2694 580 καὶ
2757 533 2901 596 ζωῆς
2947 529 3036 582 καὶ
3095 529 3421 600 αἰσθήσεως.
3482 530 3710 604 Ἡμέρας
3756 552 3883 607 παρα.

2291 620 2564 687 τηρεῖσθε.
2599 617 2694 672 Ἐκ
2723 617 2919 673 τούτου
2950 615 3118 687 δῆλον
3150 619 3257 686 δτι,
3292 620 3351 674 οὗ
3411 619 3577 692 μόνον
3640 627 3882 693 περιτομὴν

2291 702 2584 779 ἐκήρυττον
2619 706 2668 760 οἰ
2734 705 3195 780 ψευδαπόστολοι,
3254 707 3406 764 ἀλλὰ
3468 709 3560 762 καὶ
3617 709 3799 763 τούτων
3823 714 3887 773 τὶς

2291 797 2720 866 παρατηρήσεις,
2754 797 2851 862 την
2905 796 3083 872 ἀρχὴν
3143 799 3236 868 μὲν
3298 799 3355 852 ἐκ
3407 801 3512 851 τοῦ
3543 797 3713 870 νόμου
3739 797 3888 855 harb-

2290 903 2399 947 τες,
2432 883 2893 958 παρεκτραπὲντες
2940 883 2998 942 δὲ
3027 887 3118 940 καὶ
3174 891 3271 941 τοῦ
3298 886 3481 960 νόμου
3513 910 3542 935 ‹‹
3577 882 3848 959 Φοδοῦμιι.
3873 915 3888 938 ι

2291 973 2428 1044 Ὀρα
2489 971 2774 1049 σπλάγχνα
2808 1017 2822 1040 ,
2884 975 3082 1030 ἐκεῖνοι
3142 973 3231 1029 σα)
3249 976 3468 1032 εὖονται
3505 1019 3521 1043 ,
3596 975 3684 1029 καὶ
3731 977 3892 1039 Παῦλος

2295 1053 2564 1135 φοϐεῖται.
2596 1061 2666 1116 Τὸ
2727 1059 2805 1131 δὲ,
2869 1065 2960 1132 Μή
3020 1085 3156 1132 πως,
3213 1060 3384 1134 δηλοῖ
3443 1063 3533 1118 ’ἐτι
3581 1065 3796 1127 ἑστῶτας
3832 1069 3892 1119 καῖ

2299 1152 2470 1223 μήπω
2499 1149 2687 1206 τέλεον
2744 1154 3170 1227 ναυαγήσαντας.
3230 1154 3332 1210 Καὶ
3364 1150 3600 1208 δίδωσιν
3631 1153 3797 1215 αὐτοῖς
3831 1155 3892 1209 ἒλο

2296 1238 2445 1312 πίδα,
2475 1241 2559 1296 ὅτι
2588 1242 2634 1296 εἰ
2664 1241 2988 1312 θελήσουσιν
3029 1243 3324 1317 ἀνανίψοι,
3375 1244 3484 1298 οὐκ
3514 1243 3635 1312 εὶκῆ
3693 1245 3718 1296 ὁ
3743 1243 3804 1304 ἐς
3830 1245 3896 1298 αὖ-

2295 1329 2423 1394 τοὺς
2461 1329 2680 1408 γενηται
2730 1333 2923 1402 κόπος,
2983 1333 3110 1387 ὡσεὶ
3163 1328 3343 1410 ἔλεγε,
3377 1331 3676 1403 Μνήσθητέ
3709 1353 3798 1404 μου
3821 1340 3892 1387 uir.

2297 1419 2374 1482 εἷς
2408 1420 2549 1494 ὑμᾶς
2597 1420 2781 1476 κόπων
2829 1423 2915 1477 καὶ
2974 1420 3246 1496 ἱδρώτων,
3307 1422 3398 1477 καὶ
3468 1423 3550 1494 μὴ
3614 1423 3895 1493 ματαιώσητὲ

2303 1531 2411 1582 μου
2442 1510 2533 1564 τὸν
2563 1510 2744 1578 πόνον,
2793 1536 2818 1563 (ι
2852 1511 3062 1576 Γίνεσθε
3110 1512 3185 1573 ὡς
3239 1509 3370 1588 ἐγώ.
3398 1535 3428 1561 ιι
3488 1512 3613 1567 Ἔτι
3642 1511 3765 1585 πρὸς
3812 1514 3898 1574 τοὺς

2299 1596 2348 1668 ἐξ
2383 1596 2660 1654 Ἰουδαίων
2694 1602 2721 1654 ὁ
2764 1599 2950 1674 λόγος.
2984 1601 3196 1656 Γίνεσθε
3239 1601 3313 1661 ὡς
3359 1593 3506 1677 ἔγώ.
3545 1602 3782 1670 Μιμηταί
3812 1622 3900 1670 μου,

2301 1688 2707 1764 φησὶ,γίνεσθε,
2751 1690 2833 1744 ὅτι
2865 1691 2953 1745 καὶ
3002 1688 3107 1765 ἐγὼ
3167 1691 3258 1745 τὸν
3323 1691 3499 1762 νόμον
3561 1688 3734 1756 ἐάσας,
3757 1692 3812 1762 τῇ
3834 1690 3898 1742 ti-

550 1786 690 1858 quia
721 1791 779 1838 et
809 1800 911 1856 ego
945 1784 1151 1838 relicta
1181 1783 1305 1856 lege
1345 1783 1418 1838 ad
1450 1782 1624 1838 ﬁdem
1675 1784 1903 1838 accnrri
1935 1800 1948 1837 :
2003 1799 2194 1854 quan-

2312 1797 2414 1832 nsi
2474 1775 2880 1853 προσέδραμον.
2938 1780 3040 1837 Καὶ
3117 1778 3219 1856 γὰρ
3274 1780 3365 1834 καὶ
3442 1778 3580 1854 ἐγὼ.
3636 1779 3805 1856 φησὶν,
3848 1779 3898 1838 ὡς

549 1874 868 1946 doquidem
902 1879 960 1928 et
989 1890 1094 1945 ego
1127 1873 1282 1928 sicut
1312 1890 1414 1927 vos
1445 1888 1627 1940 eram,
1661 1872 1850 1946 legem
1878 1873 2195 1928 observans

547 1981 615 2022 ac
646 1963 1093 2036 magnifaciens.
1157 1985 1183 2012 ‹‹
1244 1963 1736 2034 Quandoquidem
1787 1969 1844 2018 et
1883 1979 1986 2036 ego
2046 1963 2199 2018 sicut

545 2072 647 2109 vos
696 2075 725 2104 »
763 2054 1152 2109 Vehementer
1183 2059 1242 2106 et
1271 2069 1374 2125 ego
1403 2053 1589 2125 legem
1621 2053 1915 2118 amabam,
1935 2053 2196 2107 etvidete

550 2142 846 2215 quomodo
878 2148 1280 2197 commutatus
1313 2143 1424 2197 sim
1463 2159 1474 2196 :
1508 2143 1662 2198 hanc
1694 2149 1752 2196 et
1799 2159 1920 2212 vos,
1979 2141 2196 2214 inquit,

548 2233 939 2291 mutationem
969 2231 1354 2287 ermulamini.

622 2325 716 2388 VI,
753 2325 936 2378 12-17.
974 2343 1001 2370 ‹‹
1032 2321 1290 2387 Fratres,
1323 2338 1461 2391 rogo
1495 2339 1594 2376 vos
1626 2321 1779 2376 nihil
1811 2337 1904 2376 me
1938 2321 2196 2377 lmsistis:

557 2437 580 2468 α
615 2414 787 2472 Scitis
817 2418 1014 2470 autem
1047 2412 1205 2484 quod
1232 2429 1337 2484 per
1366 2412 1772 2468 inﬁrmitatem
1801 2412 1998 2467 carnis
2019 2413 2200 2468 Evan-

556 2527 584 2576 ις
617 2505 836 2577 gelium
869 2502 1313 2576 praadicaverim
1344 2501 1506 2556 vobis
1538 2502 1702 2573 prius
1728 2508 1816 2556 :et
1836 2503 2200 2574 experimen-

559 2617 586 2647 α
619 2601 743 2650 tum
776 2593 892 2648 mei
926 2592 1084 2663 quod
1117 2598 1243 2646 erat
1272 2591 1332 2646 in
1365 2608 1539 2648 carne
1571 2607 1848 2658 mea,non
1878 2591 2074 2648 fuistis
2105 2608 2197 2648 as-

559 2708 586 2736 ‹‹
615 2681 981 2757 pernati,sed
1001 2697 1093 2736 me
1112 2680 1556 2754 velutangelum
1568 2681 1672 2738 Dei
1686 2680 2205 2753 suscepistisvelut

557 2796 585 2828 «
619 2773 915 2830 Christum
937 2772 1304 2836 Jesum.Quaa
1326 2771 1503 2844 igitur
1524 2775 1652 2826 erat
1670 2769 1972 2827 beatitudo
1986 2776 2199 2828 vestra.

557 2885 584 2914 α
615 2862 1044 2920 Testimonium
1069 2860 1228 2915 enim
1248 2860 1430 2915 reddo
1453 2859 1811 2932 vobis,quod
1847 2859 1897 2915 si
1949 2861 2077 2916 ﬁeri
2107 2878 2205 2933 po-

559 2975 586 3002 ‹‹
619 2952 852 3012 tuisset,
885 2951 1087 3007 oculos
1118 2957 1341 3005 vestros
1376 2950 1620 3005 effossos
1669 2948 1983 3005 dedissetis
2031 2949 2199 3005 mihi.

558 3065 588 3095 α
625 3042 802 3117 Igitur
825 3041 1104 3097 inimicus
1135 3039 1324 3096 factus
1348 3056 1477 3095 sum
1505 3038 1687 3098 vobis.
1718 3055 1854 3093 vera
1904 3039 2202 3111 loquendo

562 3158 588 3184 ιι
624 3133 787 3188 vobis
809 3131 837 3188 ?
865 3132 1238 3188 t-tlmulantur
1267 3148 1366 3186 vos
1396 3147 1514 3186 non
1540 3136 1727 3186 recte:
1753 3130 1871 3186 imo
1891 3130 2204 3186 excludere

560 3248 587 3275 «ι
620 3241 722 3282 vos
752 3222 973 3280 volunt.
999 3229 1066 3277 ut
1094 3223 1254 3292 ipsos
1285 3221 1669 3277 mmulemini.
1710 3241 1738 3270 »

638 3315 777 3368 7t"
819 3311 1160 3366 Obtestatur
1183 3326 1302 3370 eos.
1329 3327 1495 3364 suam
1539 3311 1762 3365 ducens
1817 3310 2079 3382 ipsorum
2113 3326 2204 3364 sa-

563 3403 774 3457 lutem.
799 3402 1008 3454 Narrat
1041 3406 1235 3454 autem
1271 3417 1477 3457 eorum
1511 3401 1800 3456 beneficia
1849 3408 1907 3457 et
1953 3401 2208 3456 honores

567 3491 784 3565 quibus
807 3504 939 3545 cum
959 3489 1410 3551 honoraverant,
1434 3495 1490 3542 et
1512 3490 1669 3560 quod
1689 3506 1824 3545 eum
1857 3491 2211 3562 magnifece-

564 3578 773 3646 rint,id
798 3576 1062 3634 stabilire
1080 3575 1286 3631 volens
1309 3576 1465 3646 quod
1490 3594 1559 3631 ea
1580 3595 1710 3648 qua:
1733 3577 2014 3634 adversus
2051 3579 2209 3649 ipsos

568 3685 728 3726 nunc
758 3685 792 3722 a
821 3682 883 3722 se
914 3665 1072 3720 dicta
1102 3670 1239 3718 sunt
1264 3663 1599 3736 opprobria,
1635 3681 1755 3718 non
1786 3665 2088 3720 sintdicta
2135 3665 2208 3719 ob

565 3758 944 3815 inimicitiam
967 3755 1227 3827 aliquam
1253 3761 1354 3810 aut
1375 3755 1576 3809 odium
1604 3755 1726 3825 :qui
1748 3755 1907 3809 enim
1932 3755 2208 3826 ﬁeripos-

564 3847 895 3919 set,inquit,
921 3844 1241 3900 utinimico
1260 3844 1459 3898 animo
1481 3861 1575 3898 me
1591 3843 1875 3898 haberem
1919 3859 2058 3916 erga
2087 3861 2207 3909 vos,

563 3955 597 3994 a
627 3936 840 4007 quibus
871 3941 1036 3988 tanto
1070 3933 1130 3988 in
1161 3933 1349 4003 pretio
1380 3932 1618 3988 habitus
1663 3934 1836 3988 sum?
1893 3932 1995 3988 sed
2054 3933 2212 4003 quod

563 4026 720 4082 dicta
740 4025 861 4080 sint
879 4023 952 4078 ab
976 4040 1042 4077 eo
1071 4022 1172 4094 qui
1205 4022 1362 4077 bona
1392 4024 1535 4093 ipsis
1567 4028 1930 4094 procuraret,
1991 4038 2211 4092 eosque

564 4114 838 4185 diligeret
891 4134 920 4162 «
954 4113 1124 4169 Scitis
1155 4117 1352 4169 autem
1387 4112 1545 4184 quod
1576 4129 1682 4184 per
1712 4113 2144 4168 inﬁrmitatem.
2183 4135 2210 4161 »

565 4205 683 4261 Hoc
714 4208 822 4270 est,
853 4219 987 4257 cum
1019 4201 1428 4258 imbecillitate
1462 4209 1519 4256 et
1567 4201 1914 4258 infirmitate
1973 4218 2209 4268 carnea,

562 4310 779 4366 nempe
801 4307 937 4350 cum
956 4291 1230 4360 vinculis,
1259 4291 1446 4364 plagis
1492 4308 1559 4346 ac
1587 4292 1926 4349 carceribus
1978 4309 2108 4364 quae
2140 4291 2211 4347 ab

564 4387 659 4442 his
683 4383 1051 4442 sustinebam
1109 4382 1208 4456 qui
1260 4381 1667 4452 prmdicationi
1727 4383 2210 4439 adversabantur.

569 4495 598 4525 ‹‹
629 4471 1012 4545 Evangelium
1044 4469 1508 4542 prmdicaverim.
1544 4492 1572 4518 »
1602 4471 1752 4536 Quid
1783 4471 1936 4537 dico,
1998 4472 2212 4543 inquit.

2311 1867 2466 1940 ὑμεῖς
2497 1865 2673 1940 ἤμην,
2701 1873 2884 1942 τηρῶν
2925 1869 3014 1923 καὶ
3047 1868 3171 1940 περὶ
3201 1866 3422 1924 πολλοῦ
3453 1871 3550 1924 τὸν
3581 1867 3743 1941 νόμον
3758 1867 3898 1922 ποιοῶ

2309 1975 2487 2027 μενος.
2523 1980 2550 2007 ‹‹
2576 1957 2698 2014 Ὀτι
2730 1956 2884 2031 καγὼ
2924 1958 2997 2019 ὡς
3052 1957 3230 2031 ὑμεῖς.
3268 1981 3296 2008 »
3356 1955 3589 2035 Σφόδρα
3644 1958 3729 2010 τὸν
3776 1958 3894 2027 νόμον

2303 2045 2460 2121 κάγὼ
2517 2044 2768 2110 ἐπόθουν,
2859 2044 2988 2101 ἀλλ’
3070 2047 3232 2120 δρᾶτε
3313 2052 3435 2110 πῶς
3517 2040 3895 2119 μεταεὲὸλημαι.

2306 2134 2520 2204 Ταύτην
2549 2135 2634 2190 καὶ
2690 2136 2870 2208 ὑμεῖς,
2899 2135 3056 2210 φησὶ,
3089 2134 3378 2206 ζηλώσατε
3405 2138 3512 2205 τήν
3548 2129 3848 2208 μεταϐολήν.

2380 2330 2639 2414 ’Δδελφοὶ
2676 2376 2692 2405 ,
2753 2330 2946 2405 δέομαι
3024 2332 3201 2405 ὑμῶν,
3289 2328 3443 2389 οὐδὲν
3521 2351 3591 2405 με
3645 2327 3900 2399 ἠδικήσατε.

2309 2423 2507 2485 Οῗδατι
2563 2423 2622 2480 δὲ
2701 2421 2785 2479 ὅτι
2862 2421 2935 2480 δι’
3000 2422 3274 2480 ἀσθένειαν
3322 2429 3424 2493 τῆς
3484 2421 3684 2496 σαρκὸς
3736 2418 3903 2491 εὐηγγεο

2310 2514 2555 2587 λισάμην
2635 2513 2761 2584 ὑμῖν
2824 2512 2887 2567 τὸ
2945 2512 3208 2588 πρότερον
3245 2558 3258 2571 .
3329 2512 3428 2566 Καὶ
3515 2513 3607 2566 τὸν
3659 2505 3901 2582 πειρασμόν

2315 2625 2419 2676 μου
2495 2604 2584 2658 τὸν
2650 2601 2701 2656 ἐν
2759 2605 2828 2676 τῇ
2918 2601 3074 2676 σαρκί
3171 2623 3296 2674 μου,
3392 2600 3496 2656 οὐκ
3566 2599 3899 2671 ἐξουθενήσατε,

2311 2688 2435 2748 οὐδὲ
2493 2689 2828 2764 ἐξεπτύσατε.
2880 2687 3036 2746 Ἀλλ’
3115 2690 3190 2754 ὡς
3267 2687 3508 2767 ἄγγελον
3597 2691 3722 2745 Θεοῦ
3771 2682 3900 2753 ἐδέξα-

2312 2783 2401 2837 σθε
2464 2801 2552 2852 με,
2613 2780 2687 2841 ὡς
2741 2779 2969 2851 Χριστὸν
3027 2779 3262 2848 Ἰησοῦν.
3319 2779 3418 2841 Τίς
3479 2779 3576 2834 οὗν
3635 2776 3897 2844 ἧνὸμακα-

2313 2870 2506 2944 ρισμὸς
2539 2869 2739 2942 ὑμῶνς
2807 2870 3084 2943 Μαρτυρῶ
3138 2867 3241 2945 γὰρ
3305 2868 3431 2941 ὑμῖν
3493 2867 3578 2923 ὅτι
3637 2864 3681 2921 εἰ
3710 2861 3895 2924 δυνατὸν,

2311 2958 2438 3020 τοὺς
2497 2955 2819 3034 ὀφθαλμοὺς
2921 2958 3074 3028 ὑμῶν
3155 2956 3491 3031 ἐξορύξαντες
3581 2955 3638 3010 ἃν
3721 2947 3897 3007 ἐδώκατὲ

2318 3069 2431 3120 μοι.
2467 3050 2628 3102 "una
2686 3045 2883 3121 ἐχθρὸς
2944 3046 3096 3120 ὑμῶν
3153 3044 3372 3120 γέγονα,
3433 3044 3714 3115 ἀληθεύων
3766 3039 3892 3110 ὑμῖνς

2315 3136 2580 3207 Ζηλοὖσιν
2667 3137 2805 3208 ὑμᾶς
2897 3134 2958 3190 οὐ
3015 3133 3220 3200 καλῶς,
3279 3133 3440 3208 ,ἀλλὰ
3489 3133 3756 3192 ἐκκλεῖσαι
3805 3128 3899 3193 ὑμᾶς

2316 3227 2586 3288 θέλουσιν,
2615 3225 2702 3280 ’ἱνα
2733 3224 2933 3284 αὐτοὺς
2967 3223 3221 3297 ζηλοῦτε.

2385 3319 2598 3393 [ΦΩΤ’]
2663 3312 2973 3390 Παρακαλεῖ
3054 3312 3274 3379 αὐτοὺς,
3333 3311 3544 3368 οἰκείαν
3593 3310 3690 3377 τήν
3742 3301 3900 3362 ἐκείνων

2315 3405 2586 3481 σωτηρίαν
2647 3405 2971 3479 ἡγοόμενος.
3043 3401 3380 3476 Διεξέρχεται
3453 3399 3516 3458 ὂὶ
3572 3401 3736 3457 αὐτῶν
3781 3393 3897 3466 εὐχα.

2321 3495 2546 3570 ριστίας,
2577 3493 2666 3548 καὶ
2698 3491 2760 3555 ἃς
2790 3492 3053 3564 ἐτίμησαν
3101 3493 3259 3549 αὐτὸν
3318 3492 3507 3566 τιμὶς,
3569 3489 3656 3546 καὶ
3709 3487 3772 3548 ὡς
3815 3477 3898 3553 περὶ

2315 3583 2532 3641 πολλοῦ
2563 3583 2727 3638 αὐτὸν
2761 3580 2946 3656 ἔσχον,
2977 3585 3142 3636 τοῦτο
3179 3579 3525 3656 βουλόμενος
3554 3571 3894 3634 ratumsic!“

2316 3673 2400 3729 δυι
2432 3675 2487 3727 αἱ
2517 3673 2635 3727 κατ’
2664 3671 2840 3726 αὐτῶν
2873 3669 3152 3744 λεχθεῖσαι
3193 3673 3283 3724 νῦν
3356 3666 3633 3744 λοιδορίαι
3687 3663 3792 3737 παρ’
3833 3655 3894 3712 αὖ·

2314 3765 2430 3830 τοῦ,
2465 3761 2564 3816 οὐκ
2610 3758 2916 3834 ἐλέχθησαν
2979 3759 3114 3813 κατὰ
3170 3759 3467 3834 ἀπέχθειάν
3523 3779 3640 3814 τινα
3668 3755 3700 3823 ἢ
3733 3746 3892 3834 ἔχθρας

2316 3855 2455 3924 (πῶς
2484 3850 2583 3923 γὰρ
2618 3849 2696 3916 ἂν,
2731 3847 2918 3922 φησὶν,
2954 3848 3210 3927 ἀπεχθῶς
3241 3849 3395 3922 εἶχον
3437 3849 3576 3922 πρὸς
3633 3845 3772 3918 ὑμᾶς,
3810 3830 3894 3904 περὶ

2316 3922 2533 3995 πολλοῦ
2557 3922 2993 4008 πεποιημένους)
3029 3922 3261 4006 ς”Ἀλλ’
3293 3937 3375 3991 ὃτι
3407 3937 3473 3992 τὶ
3504 3933 3751 4011 λεχθέντα
3773 3922 3894 4011 mia.

2321 4027 2483 4101 μένου
2512 4026 2602 4082 καὶ
2635 4028 2949 4102 ἀγαπῶντος
2989 4025 3079 4094 ἦν.
3123 4050 3150 4075 ‹‹
3186 4022 3380 4081 Οἴδατε
3435 4023 3510 4090 δὲ,
3549 4027 3629 4081 ὅτι
3678 4019 3740 4076 δι’
3783 4010 3894 4072 ἆσθξο

2317 4138 2543 4174 νειαν,››
2604 4116 2734 4175 Οἴον
2793 4114 2928 4189 μετὰ
2992 4113 3266 4176 ἀσθενείας
3336 4121 3602 4184 σαρκικῆς
3636 4155 3649 4178 ,
3693 4101 3890 4189 ravim;

2322 4207 2456 4280 μετᾶ
2496 4202 2710 4280 δεσμῶν
2760 4201 2851 4259 καὶ
2907 4201 3136 4277 πληγῶν
3193 4202 3283 4258 καὶ
3336 4201 3615 4269 φυλακῶν,
3668 4197 3782 4270 ἆπὲρ
3825 4187 3890 4244 ὑπὸ

2317 4301 2424 4352 τῶν
2456 4294 2886 4367 ἐναντιουμένων
2911 4297 2990 4365 τῷ
3020 4291 3332 4368 κηρύγματι
3366 4293 3652 4366 ὑπέμενον.
3707 4310 3733 4340 α
3766 4280 3890 4352 Εὖηγ·

2318 4384 2646 4461 γελισάμην.
2679 4408 2705 4436 ››
2758 4383 2827 4441 Τί
2885 4381 3054 4456 λέγω,
3115 4382 3302 4461 φησὶν,
3358 4381 3455 4437 οὐκ
3509 4372 3783 4452 ἦδικήσατὲ
3812 4384 3888 4443 μεὶ

2323 4474 2550 4543 Πολλὴν
2582 4475 2679 4529 οὖν
2707 4473 2876 4545 τιμὴν
2905 4470 2982 4533 εἷς
3015 4469 3114 4545 ἐμὶ
3172 4468 3512 4542 ἐνεδείξασθε.
3572 4468 3669 4530 Καὶ
3719 4463 3801 4538 γὰρ

569 4565 721 4624 nihil
746 4560 1139 4620 melzesistis?
1163 4561 1280 4616 imo
1299 4577 1577 4634 magnum
1621 4562 1910 4618 honorem
1953 4579 2089 4630 erga
2119 4579 2201 4618 me

2324 4564 2637 4636 στιζόμενος
2684 4560 2772 4616 καὶ
2815 4557 3150 4632 διωκόμενος
3182 4562 3368 4632 (ταῦτα
3424 4561 3529 4638 γάρ
3589 4575 3732 4636 φησιν
3777 4538 3887 4638 ἆσθὸῖ

573 4649 1326 4721 demonstratis.Siquidem
1344 4649 1676 4722 ﬂagellatus
1690 4656 1743 4705 et
1759 4653 2219 4724 persecutionem

573 4747 806 4818 patiens
828 4745 988 4813 (nam
1010 4742 1136 4797 haec
1159 4739 1302 4796 dicit
1325 4739 1734 4796 infirmitatem
1759 4741 1971 4803 carnis)
2007 4741 2218 4812 prmdi-

574 4834 780 4888 cabam
798 4833 993 4888 vobis:
1023 4838 1080 4886 et
1105 4837 1300 4887 tamen
1323 4845 1454 4888 cum
1477 4846 1569 4885 me
1596 4831 1720 4886 haec
1745 4830 1862 4902 pati
1912 4829 2212 4897 videretis,

571 4939 764 4994 neque
786 4921 1246 4978 ot‘l‘endebamini
1272 4936 1406 4994 erga
1432 4937 1744 4993 me,neque
1759 4921 2210 4977 aversabamini.

569 5014 1052 5086 Experimentum
1083 5028 1341 5084 namque
1371 5012 1510 5079 mei,
1546 5012 1760 5084 inquit,
1803 5012 1960 5086 quod
1994 5018 2118 5067 erat
2148 5012 2209 5068 in

570 5119 750 5162 carne
772 5118 903 5158 mea
920 5117 1037 5156 non
1055 5101 1252 5156 fuistis
1277 5103 1576 5172 aspernati
1601 5119 1614 5158 :
1651 5103 2122 5175 experimentum
2141 5119 2209 5158 ac

567 5191 962 5252 tentationem
991 5205 1228 5246 rursum
1276 5206 1492 5246 vocans
1548 5191 1774 5264 plagas,
1824 5207 2091 5247 carceres
2139 5205 2208 5246 ac

567 5279 1035 5361 persecutiones.
1057 5299 1086 5327 «
1111 5278 1220 5331 Sed
1238 5294 1331 5334 me
1353 5279 1513 5336 velut
1555 5282 1830 5348 angelum
1879 5283 1980 5338 Dei
2014 5297 2214 5337 susce-

570 5374 727 5448 pitis.
764 5393 791 5420 »ι
820 5374 903 5424 An
930 5367 1105 5437 igitur
1124 5365 1446 5420 absurdum
1467 5384 1585 5423 non
1610 5376 1719 5437 est,
1753 5387 1885 5426 cum
1941 5385 2217 5441 persecu-

568 5466 794 5522 tionem
827 5458 1059 5531 patieus
1090 5472 1155 5509 ac
1186 5456 1458 5525 repulsus
1515 5459 1728 5515 fuerim
1776 5478 1809 5516 a
1863 5461 2028 5515 vobis
2059 5460 2220 5514 velut

571 5553 814 5626 angelus
832 5550 1162 5619 susceptus,
1194 5544 1313 5599 imo
1356 5544 1514 5600 velut
1556 5547 1680 5618 ipse
1719 5549 2022 5617 Dominus,
2057 5564 2211 5603 aver-

572 5645 685 5701 sari
712 5657 868 5698 nunc
901 5636 1248 5694 suadentem
1278 5639 1335 5689 et
1364 5633 1777 5694 adhortantem
1837 5655 1906 5694 ea
1963 5653 2092 5710 quae
2143 5636 2217 5693 ad

2328 4629 2743 4728 νειανραρκὸς),
2776 4629 3213 4724 εὖηγγελιζόμην
3253 4650 3398 4722 ὑμῖν.
3437 4629 3554 4705 ’κὰὶ
3601 4629 3744 4720 ’ὅμως
3775 4629 3889 4728 ταῦτά

2333 4765 2400 4816 με
2431 4746 2657 4818 ὁρῶντες
2708 4739 3005 4815 πάγχοντα,
3048 4739 3170 4793 οὔτε
3227 4737 3674 4808 ἑσκανδαλίσθητε
3721 4730 3780 4792 εἷς
3809 4722 3886 4795 ἐμὲ,

2331 4831 2452 4890 οὔτε
2539 4831 2856 4887 διεπτῦσατέ
2945 4851 3030 4904 με.
3093 4829 3202 4886 Τὸν
3280 4831 3385 4906 γὰρ
3455 4824 3737 4899 πειρασμόν
3801 4831 3887 4889 μων

2333 4925 2488 4998 φησὶ,
2555 4921 2648 4978 τὸν
2731 4921 2781 4976 ἐν
2845 4924 2914 4994 τῇ
2983 4918 3138 4996 σαρκί
3198 4941 3325 4992 μου,
3393 4921 3497 4977 οὐκ
3561 4909 3885 4998 ἐξουόινώσαξι.

2331 5012 2631 5088 πειρασμὸν
2661 5011 2826 5067 πάλιν
2850 5007 3060 5079 καλῶν,
3113 5009 3209 5072 τὰς
3262 5007 3498 5084 πληγάςν
3555 5009 3645 5071 τὰς
3695 4989 3886 5088 vi?“

2326 5101 2452 5164 τοὺς
2511 5099 2812 5177 διωείμοῦς.
2901 5123 2920 5148 ι
2958 5094 3118 5156 Ἀλλ’
3185 5097 3264 5159 ὡς
3321 5100 3552 5176 ἄγγελον
3602 5095 3718 5154 Θεοῦ
3763 5081 3882 5148 WE"

2328 5194 2418 5257 σθὲ
2451 5214 2538 5269 με.
2571 5216 2597 5246 ι
2663 5196 2785 5253 Πῶς
2845 5190 2935 5245 οὖν
2997 5187 3096 5242 οὐκ
3152 5185 3382 5264 ἄλογον,
3422 5188 3577 5267 φησὶ,
3633 5179 3886 5270 διωκόμενον

2327 5281 2417 5337 καὶ
2477 5280 2840 5354 ἐλαυνόμενον
2875 5321 2888 5345 ,
2975 5274 3225 5356 δεδέχθαι
3296 5278 3422 5352 παρ’
3481 5278 3632 5349 ὑμῶν
3686 5273 3747 5331 ὡς
3772 5275 3881 5356 αγις

2681 5339 2690 5354 .
2876 5339 2886 5345 ι
3098 5339 3137 5356 η,
3375 5339 3385 5352 .
3518 5339 3527 5349 .

2328 5369 2424 5427 λον
2457 5371 2544 5426 καὶ
2601 5370 2672 5431 ὡς
2731 5367 2891 5423 αὑτὸν
2952 5367 3040 5421 τὸν
3100 5365 3206 5440 Κύρ
3236 5387 3342 5435 0v;
3406 5361 3809 5439 Συμϐουλεύοντα
3846 5339 3882 5399 δδ

2325 5463 2412 5516 καὶ
2471 5462 2540 5516 τὰ
2598 5461 2736 5531 πρὸς
2795 5455 3066 5531 σωτηρῖαν
3134 5461 3517 5531 παραινοῦντα,
3573 5445 3878 5542 διαπτῦισθξζξ

2329 5577 2356 5604 (ι
2509 5548 2598 5605 οὖν
2627 5551 2694 5620 ἦν
2730 5567 2744 5618 ς
2783 5573 2802 5599 ι
2835 5546 2924 5609 Τίς
2964 5546 3030 5615 ἦν
3092 5543 3190 5602 οὐκ
3247 5544 3562 5622 ἐρωτῶντὸς
3618 5544 3753 5608 ἐστιν’

2328 5642 2442 5696 οἷον
2508 5641 2873 5714 θαυμάζοντος
2937 5634 3027 5691 καὶ
3087 5633 3405 5712 ἐπαίροντος
3461 5637 3560 5706 τὴν
3612 5629 3718 5692 τότε
3757 5615 3876 5680 κίστη
