4128 6192
328 324 477 387 1141

1395 328 1806 391 COMMENT.
1856 329 1932 390 IN
1977 326 2218 388 EPIST.
2267 325 2374 386 AD
2417 322 2699 386 GALAT.

3585 336 3743 395 1M2

321 458 522 531 αὐτῶν,
578 460 667 517 καὶ
724 460 816 519 τὸν
875 459 965 520 ἀπὶ
1022 459 1193 538 ταύτῃ
1262 462 1631 540 μακαρισμόν.
1705 460 1805 529 Τίς
1858 461 1927 532 ἦν

2064 527 2068 535 μ
2099 461 2353 518 salutem
2370 465 2625 517 vestram
2642 460 2871 516 faciunt
2892 460 2921 515 ?
2941 483 2970 513 ‹‹
2993 460 3133 528 Qum
3159 462 3341 537 igitur
3359 471 3487 522 erat
3507 467 3537 524 7
3556 490 3585 521 »
3600 470 3739 536 Qum

316 548 542 613 Ἠλῖκος
570 552 660 620 ἦν,
708 552 864 627 φησὶ,
925 550 1260 625 θαυμαστός.
1312 552 1543 610 Ἡλίκου
1626 554 1974 627 μακαρισμοῦ

1576 641 1974 716 Αναμνήσθητᾶ

1510 665 1523 679 ,
1559 646 1572 667 ν

322 641 619 713 ἑξεπὲσατε.
652 645 720 700 Ἢ
767 644 883 698 κατ’
932 641 1222 719 ἐρώτησιν.
1283 644 1377 708 Τίς
1407 646 1472 715 ἧν
1509 665 1524 713 ;

323 757 479 814 φησι,
512 735 592 796 τίς
621 737 688 804 ἧν
722 737 750 790 ὁ
785 735 1134 810 μακαρισμὸς
1188 736 1360 810 ὑμῶν.
1421 735 1551 790 Λίαν
1608 735 1713 809 γάρ
1770 732 1971 806 ἐμακά-

321 833 495 900 ριζον,
530 828 643 882 Νῦν
677 824 734 880 ὁὶ
760 826 813 879 τί
847 844 861 891 ;
892 823 1134 902 ἐλέγχω.
1171 825 1267 882 Διά
1321 829 1483 880 τοῦτο
1526 827 1814 897 μισοῦμαι.
1873 822 1970 879 Διά

320 914 376 968 τί
405 911 462 970 δὲ
492 913 707 989 ἐλέγχω
742 933 756 983 ;
790 916 888 971 Διά
905 916 1004 982 τήν
1051 913 1322 988 σωτηρίαν
1357 914 1527 986 ὑμῶν.
1577 912 1726 968 Ἐπεὶ
1783 911 1830 966 εί
1889 912 1967 983 μὴ

315 1006 478 1057 τοῦτο
534 1004 625 1073 ἦν,
685 1008 801 1066 πῶς
860 1000 921 1058 ἅν
984 1000 1255 1075 μηδεμίαν
1337 1002 1517 1073 ἀλλην
1572 1001 1965 1078 παρασχόντων

315 1091 586 1165 πρόφασιν
629 1092 808 1165 ὑμῶν,
868 1092 897 1147 6
952 1089 1186 1147 ἐπαινῶν
1254 1090 1344 1147 καὶ
1405 1091 1713 1167 μακαρῗζων
1770 1090 1848 1153 εἷς
1903 1090 1967 1145 τὸ

316 1179 500 1254 ψέγειν
530 1179 744 1250 ἧλθονς
791 1205 820 1233 ‹‹
877 1186 930 1236 Ὀ
991 1182 1337 1254 μακαρισμὸς
1389 1180 1566 1253 ὑμῶν.
1625 1205 1647 1230 ι
1711 1179 1807 1239 Τίς
1873 1180 1964 1249 ἧν,

316 1268 505 1346 φησὶν,
538 1269 566 1323 6
628 1269 970 1342 μακαρισμὸς
1032 1270 1205 1341 ὑμῶν,
1263 1268 1321 1324 ’ὀν
1376 1268 1483 1342 ὶγώ
1538 1288 1598 1323 τε
1652 1268 1739 1322 καὶ
1789 1263 1965 1342 ἕτεροι

308 1356 516 1413 πολλοὶ
576 1357 903 1432 ἐμακάριζον
965 1358 1125 1429 ὑμᾶς,
1185 1356 1271 1412 ἰπὶ
1337 1361 1405 1431 τῇ
1468 1359 1682 1431 ὑπακοῇ
1749 1357 1838 1413 καὶ
1893 1361 1963 1431 τῇ

310 1445 560 1524 ὑποταγῇ
590 1451 687 1501 τοῦ
725 1446 1061 1525 Εὐαγγελίου
1098 1468 1113 1517 ;
1144 1447 1239 1510 Τίς
1280 1448 1370 1503 οὗν
1402 1449 1468 1517 ἦν
1503 1466 1518 1516 ;
1550 1446 1701 1524 φησὶ,
1734 1450 1826 1501 νῦν
1860 1446 1963 1521 γάρ

311 1534 417 1590 οὐχ
451 1536 562 1610 ὁρῶ
590 1533 770 1591 αὐτόν.
808 1540 942 1604 Ποῦ,
972 1535 1128 1611 φησὶ,
1172 1537 1240 1591 τά
1297 1536 1521 1605 ζηλωτοὶ
1570 1542 1670 1606 τῆς
1728 1533 1965 1594 πίστεως

304 1624 706 1697 κατορθώματα
739 1645 753 1695 ;
785 1626 848 1680 τὸ
875 1626 978 1699 γάρ
1006 1626 1113 1696 τίς,
1166 1623 1286 1680 ἀντὶ
1343 1628 1464 1697 τοῦ,
1524 1628 1651 1696 ποῦ,
1709 1622 1961 1680 τέθεικεν.

307 1736 328 1764 α
363 1715 484 1769 Ὅτι
516 1714 645 1775 τοὺς
675 1712 997 1791 ὀφθαλμοὺς
1030 1714 1201 1788 ὗμῶν.
1238 1740 1261 1769 ι

2084 557 2235 611 erat.
2259 568 2381 608 non
2406 550 2829 623 interrogantis
2854 556 2961 617 est,
2992 552 3096 608 sed
3117 553 3279 611 velut
3298 554 3648 616 admirantis
3680 566 3739 618 et

2083 641 2426 697 extollentis
2456 658 2608 707 eam,
2641 657 2772 711 quae
2807 658 2965 696 nunc
2995 649 3141 705 erat.
3176 644 3352 699 fidem
3386 646 3740 717 ipsorum,et

2081 731 2392 803 praemium
2426 731 2512 786 illi
2549 730 2895 803 repositum.
2931 732 3070 797 Quas
3123 740 3263 790 erat.
3328 743 3549 805 quanta
3587 744 3734 809 erat,

2082 820 2686 893 admiranda,inquit:
2710 837 2745 875 a
2766 828 2987 892 quanta
3008 821 3373 878 beatitudine
3405 827 3730 885 excidistis.

2078 910 2846 983 Autperinterrogationem
2879 913 3158 977 Quaenam
3177 915 3341 969 erat?
3354 918 3731 988 Mementote,

2079 1001 2162 1057 ait
2189 1009 2409 1073 quanta
2430 1001 2607 1056 fuerit
2630 1001 2933 1057 beatitudo
2958 1009 3149 1059 vestra
3177 1021 3190 1058 :
3214 1004 3537 1075 plurimum
3573 1010 3731 1067 enim

2077 1089 2491 1147 beatificabam
2519 1108 2531 1145 :
2557 1108 2719 1147 nunc
2749 1097 2945 1147 autem
2979 1092 3166 1164 quid?
3189 1095 3448 1167 increpo.
3490 1105 3734 1171 propte-

2076 1195 2180 1235 rea
2207 1179 2342 1236 odio
2361 1180 2584 1236 habeor
2615 1179 2803 1245 Quare
2820 1188 3012 1236 autem
3040 1182 3283 1254 increpo
3304 1184 3332 1239 ?
3354 1187 3600 1257 Propter
3629 1205 3730 1243 sa-

2076 1267 2262 1326 lutem
2290 1274 2563 1324 vestram.
2586 1269 3077 1341 Quandoquidem
3102 1272 3218 1327 nisi
3255 1272 3368 1329 hoc
3396 1282 3574 1332 esset.
3610 1294 3727 1347 quo

2075 1358 2252 1413 modo
2276 1358 2501 1414 nullam
2526 1359 2701 1414 aliam
2724 1361 3097 1416 occasionem
3116 1362 3279 1417 vobis
3301 1364 3724 1436 praebentibus,

2076 1447 2176 1518 qui
2200 1446 2515 1503 laudabam
2530 1463 2597 1503 ac
2611 1448 2813 1504 beatos
2845 1452 3264 1522 praedicabam,
3288 1453 3361 1507 ad
3383 1455 3723 1527 vituperan-

2076 1534 2217 1592 dum
2249 1535 2736 1593 descendissem?
2761 1560 2790 1588 ‹‹
2810 1540 3119 1596 Beatitudo
3142 1548 3390 1599 vestra.»
3414 1545 3553 1609 Quae
3573 1552 3721 1614 erat,

2075 1625 2292 1697 inquit,
2323 1625 2628 1684 beatitudo
2677 1633 2891 1695 vestra,
2949 1646 3067 1700 qua
3112 1646 3216 1703 ego
3276 1632 3496 1704 aliique
3547 1635 3719 1689 multi

2078 1714 2487 1772 beatiﬁcamus
2506 1733 2610 1772 vos
2632 1723 2872 1789 propter
2891 1717 3291 1775 obedientiam
3307 1736 3373 1775 ac
3396 1721 3721 1793 subjectio-

300 1820 441 1862 nem
472 1806 822 1879 Evangelii?
849 1808 1132 1873 Quasnam
1164 1808 1342 1880 igitur
1370 1811 1519 1875 erat,
1550 1805 1788 1878 inquit?
1813 1821 1974 1861 nunc
2005 1805 2165 1862 enim
2193 1805 2383 1878 ipsam
2415 1823 2538 1863 non
2569 1806 2767 1864 video:
2800 1808 2899 1864 ubi
2933 1808 3219 1880 praeclara
3248 1809 3385 1866 fidei
3409 1811 3717 1869 facinora?

299 1909 440 1950 nam
465 1893 569 1963 τίς,
602 1896 662 1952 id
694 1901 805 1963 est,
834 1913 966 1968 quae
996 1913 1103 1969 pro
1134 1897 1233 1953 ubi
1269 1897 1487 1969 posuit.
1520 1918 1550 1947 «
1583 1895 1798 1953 Oculos
1822 1900 2050 1951 vestros
2075 1895 2341 1951 effossos.
2379 1918 2407 1946 »

365 1978 520 2050 Οἶδα,
553 1983 742 2058 φησέν,
777 1983 860 2038 ὅτι
928 1987 1036 2038 τῶν
1067 1982 1369 2061 ὀφθαλμῶν
1426 1983 1579 2057 ὑμῶν
1625 1982 1947 2057 τιμιώτιρόν

2140 1984 2292 2041 752
2321 1984 2854 2057 Scio.inquit,quod
2879 1985 3021 2042 olim
3044 1988 3303 2060 pr0priis
3346 1989 3537 2045 oculis
3582 1991 3719 2046 cha-

299 2093 366 2145 με
396 2074 616 2145 ἡγεῖσθε
646 2068 739 2127 διὰ
765 2073 826 2127 τὸ
888 2073 1152 2150 κήρυγμα
1203 2071 1395 2131 πάλαι.
1460 2095 1489 2125 ιι
1545 2075 1709 2128 ’Ὡστε
1757 2069 1955 2147 ἐχθρὸς

296 2162 452 2237 ὑμῶν
514 2161 730 2238 γέγονα.
772 2184 799 2212 ιι
869 2162 1110 2233 Ἄλλην,
1171 2162 1357 2241 φησὶν,
1418 2163 1520 2218 οὐκ
1575 2160 1697 2218 οἶδα
1753 2157 1954 2237 ἔχθρας

297 2252 501 2316 αἴτ’ίαν,
549 2253 583 2321 ἢ
640 2251 722 2307 ὅτι
776 2253 844 2308 τά
899 2251 1082 2333 ἀληθῆ
1146 2253 1273 2325 ὑμῖν
1329 2254 1420 2308 καὶ
1484 2254 1620 2328 πρὸς
1677 2253 1951 2326 σωτηρίαν

296 2340 499 2417 ἂγοντα
556 2338 907 2417 παραδίδωμι
967 2340 1236 2415 δόγματα,
1296 2339 1368 2398 δι’
1424 2341 1460 2398 ἄ
1508 2342 1598 2398 καὶ
1656 2340 1953 2414 ἐπαυξῆσαι

297 2432 440 2504 ὑμᾶς
470 2428 578 2486 ἔδει
606 2433 705 2499 τήν
752 2431 887 2507 πρὸς
950 2433 1017 2506 μὶ
1053 2432 1263 2506 ἀγάπην
1306 2456 1352 2507 να
1389 2430 1663 2501 Ζηλοῦσιν
1725 2432 1948 2503 ῦμᾶςωι

301 2518 411 2576 Οὔκ
440 2518 524 2574 ἐπ’
554 2518 764 2593 ἀγαθῷ,
793 2519 949 2596 φησὶ,
1007 2521 1106 2589 τήν
1163 2519 1332 2589 αὐτήν
1392 2520 1520 2593 ὑμῖν
1581 2518 1659 2582 εἷς
1713 2519 1947 2591 Χριστὸν

302 2607 484 2664 πίστιν
540 2606 895 2678 ἀσπάζονται,
953 2605 1081 2665 ἀλλ’
1127 2607 1217 2663 ἳνα
1281 2608 1421 2681 ὓμᾶς
1469 2607 1673 2679 ταύτης
1737 2605 1947 2663 ἐκκλεί-

293 2718 502 2763 σαντες,
534 2699 742 2760 δαυτοῖς
775 2697 1136 2753 ἀναπείσωσιν
1170 2695 1421 2767 ἕπεσθαι,
1482 2697 1566 2753 ὅτι
1625 2698 1761 2773 πρὸς
1824 2698 1950 2771 ὑμε-

292 2788 453 2864 τέραν
511 2787 720 2859 ἀπάτην
784 2788 846 2843 τὸ
919 2792 1165 2844 τοιοῦτον
1250 2788 1435 2850 αὐτοῖς
1527 2788 1943 2867 μεμηχάνηται.

293 2902 323 2930 α
359 2877 436 2937 Οὐ
459 2875 667 2940 καλῶς.
700 2900 727 2930 n
768 2878 924 2934 Ἔστι
961 2877 1062 2953 γάρ
1105 2877 1196 2932 καὶ
1259 2876 1428 2947 ζῆλος
1486 2878 1678 2946 καλὸς,
1706 2875 1832 2932 ὅταν
1862 2897 1945 2939 τις

292 2966 440 3024 οὓτω
496 2965 683 3038 ζηλοῖ,
741 2964 882 3024 ὥστε
942 2967 1290 3039 μιμήσασθαι
1344 2968 1444 3036 τήν
1511 2966 1730 3041 ἀρετήν.
1791 2969 1946 3022 Ἔστι

290 3057 381 3111 καὶ
417 3055 585 3125 ζῆλος
612 3055 801 3125 κακὸς,
832 3054 958 3110 ὅταν
983 3077 1068 3119 τις
1116 3053 1263 3111 οὕτω
1324 3053 1508 3124 ζηλοῖ,
1559 3055 1633 3116 ὡς
1691 3049 1942 3109 ἐκϐαλεῖν

289 3152 393 3212 τῆς
437 3144 630 3219 ἀρετῆς
683 3145 773 3201 τὸν
821 3143 1085 3218 ἐνάρετον.
1147 3167 1177 3197 ‹‹
1237 3141 1413 3201 Ἀλλά
1467 3140 1740 3199 ἐκκλεῖσαι
1805 3143 1944 3215 ὑμᾶς

322 3234 559 3291 ἐλουσιν.
596 3259 622 3285 ››
655 3234 1009 3291 Ἀποκλεῖσαι
1043 3234 1206 3305 ὑμᾶς,
1258 3233 1442 3310 φησὶν,
1496 3233 1584 3287 καὶ
1640 3232 1940 3307 ἀπαγαγεῖν

284 3330 393 3393 τῆς
444 3321 683 3394 ἀληθοῦς
736 3325 991 3399 γνώσεως
1063 3319 1317 3378 θέλουσιν
1365 3320 1461 3376 ’ίνα
1532 3322 1726 3378 λοιπὸν
1786 3320 1941 3377 αὐτοὶ

286 3413 442 3485 δμῶν
475 3409 766 3489 γενόμενοι
812 3410 1154 3480 διδάσκαλοι,
1213 3414 1350 3487 πρὸς
1406 3412 1498 3467 τὸν
1553 3410 1710 3467 αὐτὸν
1772 3410 1938 3481 ζῆλον

287 3503 379 3558 καὶ
409 3504 513 3572 τήν
546 3503 782 3577 μίμησιν
815 3502 1086 3578 ἀγάγωσιν
1120 3502 1279 3575 ὑμᾶς.
1313 3502 1411 3556 Διά
1454 3505 1618 3557 τοῦτο
1675 3501 1939 3577 ἀπάγουσι

291 3592 387 3665 μὲν
425 3591 566 3663 ὑμᾶς
596 3598 697 3662 τῆς
726 3589 969 3663 ἀληθοῦς
1000 3590 1278 3667 γνώσεως,
1311 3590 1532 3668 φέρουσι
1574 3587 1632 3645 δὲ
1657 3590 1792 3665 πρὸς
1847 3591 1938 3646 τὸν

285 3681 478 3753 νόμον.

360 3766 544 3825 Καλὸν
602 3765 660 3824 δὶ
717 3768 781 3824 τὸ
845 3766 1143 3840 ζηλοῦσθαι
1214 3766 1266 3822 ἐν
1322 3765 1478 3840 καλῷ
1539 3769 1793 3838 πάντοτε,
1850 3769 1942 3824 καὶ

290 3859 567 3934 μὴμόνον
613 3857 669 3915 ἰν
726 3864 807 3932 τῷ
860 3856 1111 3933 παρεῖναί
1182 3879 1249 3932 με
1312 3859 1454 3935 πρὸς
1512 3860 1674 3933 ὑμᾶς.
1748 3860 1942 3917 Τεκνία

299 3969 405 4021 μου
431 3945 523 4012 οὕς
573 3948 739 4006 πάλιν
796 3945 1000 4019 ὠδίνω,
1056 3946 1221 4028 ἄχρις
1282 3948 1344 4005 οὗ
1405 3952 1671 4029 μορφωθῇ
1706 3951 1939 4026 Χριστὸς

294 4035 347 4093 ἐν
402 4038 552 4110 ὑμῖν.
613 4037 847 4102 Ἥθιλον
927 4035 985 4094 δὶ
1040 4042 1290 4113 παρεῖναι
1371 4039 1509 4113 πρὸς
1595 4038 1735 4112 ὑμᾶς
1795 4036 1938 4116 ἄρτι,

292 4127 385 4184 καὶ
444 4126 678 4199 ἀλλάξαι
761 4128 862 4196 τὴν
922 4128 1106 4205 φωνήν
1171 4148 1298 4201 μου,
1359 4126 1441 4184 ὅτι
1527 4127 1838 4205 ἀποροῦμαι
1889 4128 1940 4186 ἐν

289 4216 441 4290 ῦμῖν.

366 4303 631 4362 Βούλιται
665 4302 834 4378 δεῖξαι
864 4303 948 4361 ὅτι
977 4306 1125 4361 οὗτοι
1166 4307 1220 4361 οἱ
1276 4303 1366 4361 νῦν
1424 4305 1812 4383 ἀνατρέποντες
1842 4308 1939 4362 αὖ·

288 4393 440 4464 τοὺς,
472 4395 561 4452 καί
591 4399 689 4450 τοῦ
737 4394 912 4467 νόμου
968 4390 1186 4472 ἔχεσθαι
1245 4394 1693 4469 παραπείθοντες,
1723 4394 1814 4450 καὶ
1882 4395 1943 4450 ἐκ

284 4484 491 4541 τοῦτου
520 4485 1015 4561 παρατκευάζοντες
1046 4485 1244 4548 αὐτοὺς
1302 4483 1558 4557 ζηλωτὰς
1615 4485 1703 4540 καὶ
1767 4506 1940 4560 μιμη-

286 4574 382 4637 τὰς
428 4575 604 4631 αὐτῶν
663 4572 928 4652 γενέσθαι,
991 4573 1224 4645 ἐζήλουν
1284 4573 1480 4639 αὐτοὺς
1538 4572 1709 4630 πάλαι
1756 4572 1811 4630 ἐν
1866 4578 1936 4649 τῇ

289 4663 487 4741 γνώσει
512 4668 609 4718 τοῦ
666 4662 1031 4740 Εὐαγγελίου,
1093 4662 1181 4719 ὅτε
1237 4664 1423 4739 παρὼν
1468 4664 1604 4736 πρὸς
1657 4662 1852 4726 αὐτοὺς
1907 4665 1935 4720 6

2068 2072 2287 2129 riorem
2320 2090 2415 2128 me
2446 2074 2755 2131 ducebatis
2784 2082 3027 2148 pr0pter
3056 2078 3455 2150 Evangelium.
3482 2103 3507 2129 ‹‹
3534 2081 3720 2151 Ig’tur

2065 2161 2347 2217 inimicus
2379 2163 2543 2218 vobis
2576 2164 2763 2219 factus
2796 2180 2943 2219 sum.
2985 2186 3011 2213 ››
3047 2166 3260 2232 Aliam,
3322 2167 3536 2237 inquit.
3597 2185 3718 2224 non

2063 2251 2233 2306 video
2252 2250 2371 2306 odii
2397 2267 2842 2322 causam,quam
2870 2254 3026 2323 quod
3058 2271 3193 2309 vera
3232 2255 3394 2311 vobis
3438 2263 3495 2310 et
3524 2256 3597 2311 ad
3630 2275 3717 2313 sa-

2063 2338 2247 2395 lutem
2273 2341 2551 2397 ducentia
2574 2341 2801 2396 tradam
2825 2342 3511 2416 dogmata,propterquw
3534 2348 3715 2403 etiam

2063 2429 2383 2501 adaugeret
2438 2447 2539 2485 vos
2596 2430 2980 2487 dilectionem
3037 2448 3176 2499 erga
3234 2450 3328 2489 me
3382 2437 3711 2506 Oportebat.

2061 2542 2090 2571 ‹‹
2121 2523 2633 2579 Emulanturvos.
2660 2524 2837 2578 »Non
2879 2524 2955 2580 ad
3001 2524 3246 2583 bonum.
3281 2528 3494 2598 inquit.
3528 2528 3711 2585 tinem

2060 2611 2330 2667 eamdem
2344 2612 2649 2668 vobiscum
2668 2611 2701 2667 tl
2713 2611 2846 2669 dem
2866 2614 2927 2667 in
2942 2613 3235 2669 Christum
3251 2616 3709 2687 amplectuntur:

2059 2700 2498 2757 sedutvobisab
2518 2702 2923 2770 hacexclusis,
2958 2718 3020 2757 se
3064 2703 3233 2773 sequi
3273 2705 3709 2775 persuadeant:

2059 2790 2200 2861 quia
2216 2790 2289 2846 ad
2311 2790 2487 2846 vestri
2514 2790 2804 2845 duntaxat
2821 2790 3235 2862 deceptionem
3258 2791 3600 2861 huiusmodi
3617 2811 3711 2851 res

2057 2878 2129 2936 ab
2152 2880 2296 2951 ipsis
2314 2879 2642 2951 excogitata
2665 2884 2773 2933 est.
2805 2879 2977 2933 «Non
3002 2884 3181 2933 recte.
3236 2901 3265 2929 »
3315 2882 3415 2935 Est
3462 2882 3620 2937 enim
3656 2888 3714 2939 et

2057 2974 2255 3023 rectus
2283 2968 2441 3023 zelus
2474 2966 2710 3037 quando
2736 2967 2868 3037 quis
2890 2967 2971 3021 ita
2998 2967 3334 3034 aemulatur,
3358 2975 3426 3024 ut
3445 2969 3713 3027 imitetur

2055 3058 2353 3111 virtutem.
2386 3058 2487 3111 Est
2517 3061 2576 3110 et
2603 3055 2760 3111 zelus
2794 3057 2986 3112 malus
3019 3056 3121 3113 ubi
3154 3057 3286 3129 quis
3320 3059 3404 3114 ita
3460 3060 3707 3117 aemula—

2054 3154 2171 3217 tur,
2198 3153 2264 3202 ut
2291 3146 2544 3220 probum
2575 3146 2786 3203 virtute
2819 3147 3082 3217 dejiciat.
3139 3170 3167 3199 «
3221 3150 3333 3204 Sed
3390 3151 3707 3209 excludere
3767 3153 3776 3164 ’

2054 3254 2154 3293 vos
2181 3238 2403 3294 volunt.
2439 3259 2466 3288 »
2500 3237 2848 3305 Excludere,
2880 3237 3095 3308 inquit,
3125 3244 3185 3294 et
3213 3238 3507 3295 abducere
3540 3259 3639 3296 vos
3670 3258 3705 3298 a

2052 3343 2191 3383 vera
2221 3327 2557 3401 cognitione
2589 3326 2839 3399 cupiunt
2864 3344 2875 3380 :
2901 3333 3183 3401 utpostea
3210 3330 3403 3384 etl‘ecti
3434 3332 3700 3404 magistri

2052 3418 2230 3473 vestri
2262 3417 2335 3473 ad
2367 3417 2637 3472 eamdem
2699 3417 3140 3472 aemulationem
3199 3424 3259 3474 et
3301 3419 3697 3478 imitationem

2048 3524 2150 3562 vos
2178 3507 2479 3563 adducant
2510 3522 2524 3562 :
2558 3512 2871 3581 propterea
2922 3523 3023 3563 vos
3077 3523 3111 3563 a
3167 3524 3303 3564 vera
3359 3511 3696 3584 cognitione

2051 3595 2374 3664 abducunt,
2403 3601 2462 3652 et
2490 3595 2564 3653 ad
2595 3595 2786 3671 legem
2817 3596 3077 3653 fuerunt.

2121 3775 2211 3843 IV,
2242 3774 2427 3829 18-20.
2465 3795 2494 3825 ‹‹
2526 3774 2754 3830 Bonum
2788 3776 2879 3829 est
2903 3778 3102 3830 autem
3130 3772 3397 3830 aemulari
3431 3774 3492 3830 in
3521 3790 3581 3830 re
3597 3774 3702 3832 bo-

2052 3884 2081 3915 «
2112 3879 2189 3919 na
2218 3879 2473 3936 semper,
2533 3868 2592 3918 et
2642 3878 2763 3918 non
2822 3862 3016 3919 solum
3077 3877 3211 3917 cum
3255 3878 3521 3933 prmsens
3561 3880 3694 3920 sum

2052 3974 2081 4002 «
2112 3952 2271 4025 apud
2300 3969 2418 4008 vos.
2455 3951 2646 4008 Filioli
2679 3951 2795 4006 mei
2830 3967 2979 4021 quos
3010 3949 3230 4005 iterum
3282 3951 3547 4023 parturio
3596 3952 3696 4010 do-

2051 4065 2078 4094 ‹‹
2113 4059 2225 4099 nec
2262 4042 2551 4098 formetur
2579 4040 2844 4095 Christus
2873 4039 2935 4093 in
2975 4038 3162 4095 vobis.
3218 4040 3440 4097 Vellem
3497 4049 3696 4100 autem

2054 4154 2078 4186 ι
2111 4132 2319 4189 adesse
2350 4129 2506 4202 apud
2537 4145 2636 4183 vos
2668 4143 2825 4184 nunc
2858 4133 2916 4183 et
2943 4138 3174 4185 mutare
3223 4146 3427 4187 vocem
3478 4150 3696 4200 meam,

2056 4246 2076 4272 ι
2113 4222 2395 4293 quoniam
2426 4221 2597 4292 inops
2626 4216 2858 4276 consilii
2895 4235 3027 4275 sum
3058 4219 3121 4274 in
3153 4219 3341 4277 vobis.
3371 4240 3401 4271 ››
3457 4262 3465 4268 .

2120 4309 2257 4365 Vult
2278 4308 2591 4365 ostendere
2615 4308 2773 4380 quod
2795 4308 2892 4365 isti
2916 4325 3074 4363 nunc
3096 4309 3255 4380 ipsos
3270 4314 3696 4380 pervertentes,

2051 4403 2111 4454 et
2140 4397 2250 4471 legi
2274 4397 2578 4454 adhaerere
2601 4398 2938 4459 suadentes.
2966 4390 3033 4454 et
3075 4413 3145 4454 ex
3191 4399 3304 4454 hoc
3339 4398 3575 4455 efﬁcere
3607 4415 3700 4454 co-

2050 4480 2785 4544 nantes'suimmulatores
2815 4502 2884 4542 ac
2930 4487 3280 4551 imitatores,
3338 4486 3483 4543 olim
3534 4487 3697 4560 ipsos

2049 4576 2484 4634 simulabantur
2514 4577 2575 4631 in
2606 4575 2878 4632 doctrina
2908 4581 2966 4632 et
2997 4578 3333 4649 cognitione
3373 4578 3695 4651 Evangelii,

2047 4684 2181 4724 cum
2204 4684 2468 4741 praesens
2489 4666 2645 4739 apud
2667 4683 2769 4723 eos
2790 4665 3031 4722 doceret
3052 4666 3288 4733 Paulus.
3307 4668 3533 4724 Bonum
3563 4684 3697 4741 ergo

290 4750 514 4816 Παῦλος
542 4749 807 4808 ἐδίδασκε.
843 4751 1022 4808 Καλὸν
1080 4752 1173 4807 οὖν
1226 4751 1360 4821 ἐστι,
1395 4752 1553 4830 φησὶ,
1582 4754 1646 4809 τὸ
1689 4755 1765 4827 μή
1837 4752 1939 4826 μό-

2064 4762 2158 4822 ast,
2192 4756 2405 4829 inquit,
2438 4771 2557 4811 non
2588 4754 2778 4811 solum
2810 4754 2872 4809 in
2908 4754 3226 4825 praasentia
3279 4772 3432 4823 mea,
3490 4756 3594 4812 sed
3639 4760 3698 4813 et

281 4862 372 4896 νον
406 4838 457 4894 ἐν
489 4844 556 4915 τῇ
588 4839 855 4916 παρουσίᾳ
889 4862 1015 4913 μου,
1050 4839 1196 4897 ἀλλά
1224 4842 1314 4897 καὶ
1345 4843 1576 4897 πάντοτε
1632 4842 1717 4896 ἐπὶ
1778 4839 1934 4913 καλῷ

284 4928 605 5002 ζηλοῦσθαι.
693 4932 936 4986 Δείκνυσι
988 4927 1047 4986 δὲ
1115 4927 1204 4985 διά
1276 4932 1376 4998 τὴν
1446 4930 1711 4986 ἀπουσίαν
1767 4929 1933 4987 αὐτοῦ

283 5019 678 5092 ἀπατηθέντας.
734 5043 758 5072 ι
818 5020 1006 5078 Τεκνία
1050 5041 1177 5095 μου.
1232 5045 1262 5072 ››
1312 5020 1377 5078 El
1425 5022 1514 5076 καὶ
1574 5018 1931 5098 διεφθείρατε,

284 5109 569 5192 φησὶ,τήν
602 5111 819 5189 μορφήν
870 5109 1104 5182 Χριστοῦ
1159 5107 1249 5164 καὶ
1304 5111 1403 5181 τὴν
1464 5110 1641 5165 εἰκόνα
1696 5109 1795 5177 τήν
1853 5108 1934 5188 ἐφ’

288 5200 441 5274 ὑμῖν,
474 5198 626 5275 ὅμως
657 5193 733 5257 ἔτι
775 5200 955 5256 τεκνία
989 5198 1095 5272 μού
1127 5198 1266 5258 ἐστε.
1323 5200 1516 5257 Τεκνία
1569 5196 1647 5272 δὲ,
1679 5200 1835 5279 φησὶ,
1865 5201 1934 5255 τὰ

281 5291 451 5365 μικραὶ
480 5291 570 5346 καὶ
602 5289 889 5366 ἀγέννητα,
923 5290 957 5360 ἢ
988 5284 1354 5363 ἂμόλωθέντα
1409 5290 1610 5367 βρέφη,
1662 5290 1754 5345 καὶ
1810 5311 1961 5366 γενκ

278 5381 486 5450 νήσςως
514 5376 669 5452 ἄνδεῇ
726 5380 825 5434 Διά
861 5383 1022 5434 τοῦτο
1055 5378 1155 5435 οῦκ
1180 5380 1318 5447 εἶπε,
1347 5379 1522 5446 τέκνα,
1576 5376 1722 5433 ἀλλά
1748 5380 1930 5434 τεκνία

277 5490 408 5544 μου.
441 5493 469 5521 ιι
496 5470 700 5549 ’Άχρες
732 5470 793 5523 οὗ
828 5453 1097 5546 μορφωόᾖ
1132 5470 1362 5544 Χριστὸς
1399 5469 1452 5525 ἐν
1485 5469 1678 5543 ύμῖν.»

346 5558 707 5635 Διεφθείρατε,
740 5559 895 5639 φησὶ,
934 5559 1034 5627 τήν
1083 5555 1162 5634 ἐφ’
1220 5557 1348 5632 ὑμῖν
1409 5557 1592 5613 εἱιόνα
1644 5560 1742 5612 τοῦ
1792 5562 1929 5631 Χρι-

279 5652 432 5721 στοῦ,
464 5646 531 5721 ἢν
562 5648 663 5721 ἦτε
693 5643 1033 5723 ἰνδεδυμὲνοι
1065 5643 1154 5703 διὰ
1197 5644 1297 5706 τοῦ
1344 5647 1741 5725 βαπτίσματος.
1772 5648 1927 5707 Ὅσοι

2049 4862 2305 4918 semper,
2329 4846 2392 4900 in
2414 4861 2482 4900 eo
2506 4843 2665 4915 quod
2707 4843 2932 4898 bonum
2973 4848 3064 4897 est
3108 4844 3396 4900 aemulari.
3427 4845 3699 4902 Ostendit

2047 4941 2246 4990 autem
2270 4939 2514 5007 prOpter
2534 4932 2623 4988 sui
2647 4932 2978 4987 absentiam
2997 4930 3181 4987 fuisse
3205 4932 3497 4989 seductos.
3532 4956 3559 4985 ι
3600 4935 3694 4990 Fi-

2046 5023 2171 5079 lioli
2196 5024 2335 5079 mei.
2361 5045 2389 5074 »
2408 5023 2758 5092 Quanquam
2779 5021 3186 5092 corruperitis,
3212 5022 3426 5094 inquit,
3441 5024 3694 5082 formam

2044 5111 2260 5167 Christi
2276 5111 2659 5184 etimaginem
2676 5125 2805 5180 quas
2820 5115 2949 5164 erat
2988 5109 3048 5165 in
3074 5110 3255 5173 vobis,
3279 5118 3477 5169 tamen
3499 5113 3694 5170 adhuc

2046 5200 2212 5256 filioli
2245 5202 2361 5256 mei
2394 5200 2556 5255 estis.
2588 5197 2831 5254 Filiolos
2887 5204 3085 5255 autem
3136 5199 3280 5255 dicit
3332 5203 3581 5274 pusillos
3639 5206 3698 5259 et

2044 5290 2300 5346 necdum
2330 5289 2394 5345 in
2427 5288 2620 5343 lucem
2650 5287 2860 5355 editos,
2892 5293 2995 5343 aut
3023 5288 3281 5344 infantes
3301 5290 3596 5348 abortivos
3627 5296 3687 5347 et

2042 5379 2422 5452 generatione
2454 5383 2710 5451 egentes.
2741 5379 3059 5449 Propterea
3086 5395 3206 5433 non
3238 5378 3387 5435 dixit
3425 5380 3554 5446 ﬁlii,
3588 5380 3692 5436 sed

2041 5469 2215 5524 filioli
2252 5469 2386 5523 mei.
2421 5490 2447 5517 ‹‹
2485 5469 2681 5522 Donec
2702 5466 2993 5522 formetur
3021 5467 3287 5523 Christus
3317 5454 3591 5523 in‘vobis.
3652 5491 3684 5519 »

2126 5559 2277 5616 758
2307 5556 2686 5632 Corrupistis,
2720 5556 2937 5627 inquit,
2988 5557 3308 5628 imaginem
3361 5555 3574 5610 Christi
3622 5558 3687 5613 in

2041 5648 2227 5718 vobis,
2261 5665 2378 5722 qua
2408 5646 2598 5703 induti
2633 5646 2813 5702 eratis
2841 5646 2901 5701 in
2950 5645 3242 5716 baptismo
3300 5645 3466 5716 (Nam
3522 5651 3691 5719 quot-
