4128 6192
496 347 652 409 114⁵1

495 485 719 556 absque
750 483 972 547 liberis,
1000 489 1066 537 ut
1108 482 1406 552 quondam
1441 483 1702 540 Ecclesia
1751 502 1821 540 ex
1852 482 2146 558 gentibus,

499 571 874 642 superavitin
911 571 1137 625 semine
1184 571 1303 626 sive
1327 572 1507 641 prolis
1529 573 1910 628 multitudine
1964 573 2153 641 ipsam

492 662 664 731 Agar,
697 666 755 713 et
783 658 1046 713 Ecclesia
1104 662 1401 730 superavit
1439 679 1819 734 synagogam.
1847 663 1914 716 Et
1941 662 2154 715 horum

498 747 664 802 testis
693 754 780 802 est
815 748 1016 815 Isaias,
1050 747 1255 803 dicens
1287 765 1300 802 :
1339 750 1578 814 Lmtare,
1614 751 1850 806 sterilis.
1873 767 2002 820 quae
2034 764 2155 803 non

496 837 656 908 paris
741 837 1020 892 Ecclesia;
1079 854 1151 893 ex
1209 840 1488 910 gentibus
1572 847 1940 912 congregata:
1982 839 2157 908 jubet

495 926 696 986 Isaias.
730 933 797 980 ut
827 943 946 999 pra)
979 927 1185 982 laetitia
1216 929 1588 986 vociferelur.
1648 932 1874 1000 Rumpe
1933 934 2153 984 autem,

494 1016 582 1071 vel
605 1017 976 1071 sterilitatem
1012 1017 1072 1072 in
1108 1023 1365 1088 partum.
1415 1019 1508 1073 vel
1559 1019 1618 1074 in
1677 1035 1878 1074 vocem
1939 1017 2154 1073 laetitiae

497 1121 763 1177 erumpe.
789 1131 807 1155 ι
845 1106 1133 1171 Quoniam
1186 1107 1386 1176 plures
1418 1115 1593 1162 erunt
1627 1107 1734 1162 ﬁlii
1797 1108 2062 1163 desertas.
2124 1129 2151 1156 »

499 1194 800 1250 Desertam
834 1210 900 1248 ac
931 1195 1191 1250 sterilem
1225 1203 1392 1250 vocat
1421 1197 1743 1252 Ecclesiam
1775 1213 1842 1251 ex
1860 1195 2150 1269 gentibus-

498 1282 801 1353 Siquidem
825 1283 1057 1339 deserta
1091 1291 1215 1339 erat
1246 1292 1303 1337 et
1332 1301 1541 1340 carens
1573 1286 1734 1341 omni
1771 1286 1927 1341 bono
1962 1286 2153 1357 prius-

499 1389 676 1442 quam
700 1372 759 1425 in
793 1373 1089 1428 Christum
1123 1373 1411 1428 crederet.
1445 1397 1473 1422 α
1507 1375 1688 1440 Quam
1742 1376 1870 1445 ejus
1892 1391 2022 1444 quas
2052 1375 2154 1429 ha-

499 1459 600 1515 bet
628 1461 838 1525 virum,
898 1484 917 1508 ι
987 1462 1311 1517 Habentem
1355 1465 1543 1519 virum
1596 1465 1714 1518 sive
1774 1464 2152 1528 directorem,

499 1550 956 1623 gubernatorem
1007 1569 1073 1606 ac
1105 1553 1466 1624 provisorem
1522 1554 1750 1610 vocavit
1801 1569 2154 1626 synagogam

497 1641 833 1698 Judmorum
873 1650 1019 1698 :aut
1072 1649 1356 1714 tanquam
1406 1646 1549 1700 olim
1584 1647 1685 1701 Dei
1741 1645 2152 1716 prospectione

501 1731 818 1788 fruentem.

567 1821 660 1886 IV,
683 1822 871 1875 28-31.
913 1823 1073 1876 uNos
1106 1827 1303 1877 autem
1353 1823 1565 1879 fratres
1615 1822 1942 1878 secundum
1993 1823 2153 1876 Isaac

502 1931 529 1958 «
546 1909 955 1980 promissionis
972 1910 1076 1965 ﬁlii
1091 1912 1420 1967 sumus.Sed
1435 1912 1686 1984 quemad
1699 1912 1928 1967 modum
1943 1917 2086 1966 tunc
2104 1911 2152 1966 is

500 2024 525 2050 ‹‹
544 2001 641 2072 qui
673 1999 1000 2056 secundum
1043 2018 1282 2058 carnem
1306 2009 1481 2057 natus
1522 2009 1650 2057 erat
1687 2001 2155 2073 persequebatur

499 2113 527 2139 ‹‹
553 2107 686 2146 eum
705 2091 802 2160 qui
821 2097 994 2145 natus
1009 2091 1473 2147 eratsecundnm
1497 2092 1883 2163 spiritum.ita
1897 2097 1954 2145 et
1973 2106 2150 2146 nunc.

500 2203 526 2229 ‹‹
561 2183 635 2234 At
665 2179 806 2249 quid
839 2180 980 2234 dicit
1001 2181 1300 2252 Scriptura
1324 2181 1351 2236 ‘?
1381 2182 1540 2252 Ejice
1574 2181 1853 2236 ancillam
1879 2187 1934 2235 et
1967 2180 2155 2235 ﬁlium

500 2290 527 2318 «
561 2268 761 2332 illius;
794 2286 910 2324 non
944 2271 1163 2326 etenim
1206 2271 1318 2325 erit
1346 2272 1536 2326 bmres
1572 2271 1732 2326 ﬁlius
1757 2269 1990 2326 ancilla:
2022 2286 2154 2323 cum

507 2378 527 2405 ι
564 2359 686 2414 ﬁlio
722 2359 942 2416 liberae.
983 2362 1202 2430 Itaque,
1233 2360 1466 2426 fratres,
1498 2377 1614 2415 non
1668 2376 1872 2414 sumus
1924 2359 2156 2413 ancillas

503 2467 528 2499 α
562 2445 690 2512 ﬁlii,
723 2447 827 2502 sed
856 2447 1076 2504 liberas.
1103 2448 1169 2504 In
1219 2448 1490 2504 libertate
1533 2465 1669 2520 ergo
1729 2465 1846 2520 qua
1889 2449 2158 2504 Christus

502 2557 529 2586 ‹‹
564 2554 672 2592 nos
695 2537 966 2593 liberavit
997 2543 1166 2604 state,
1210 2543 1268 2592 et
1297 2553 1370 2594 ne
1408 2554 1644 2595 rursum
1671 2538 1817 2610 jugo
1860 2537 2159 2593 servitutis

505 2648 533 2676 ‹‹
563 2626 976 2698 implicemini.
1016 2647 1040 2676 ι)

577 2717 702 2772 Non
755 2722 984 2771 tantum
1043 2714 1262 2771 sterilis
1293 2721 1421 2772 erat
1467 2715 1732 2771 Ecclesia
1779 2713 2162 2786 quemadmo-

511 2805 651 2862 dum
683 2804 842 2869 Sara,
875 2821 982 2860 nec
1013 2804 1205 2860 solum
1253 2809 1456 2876 postea
1500 2803 1747 2859 multam
1788 2803 1996 2858 habuit
2024 2819 2161 2874 pro-

509 2895 626 2950 lem
660 2900 724 2949 ut
754 2894 856 2949 illa
889 2912 902 2948 :
935 2893 1037 2949 sed
1071 2900 1130 2949 et
1157 2895 1462 2967 generavit
1483 2894 1635 2949 sicut
1666 2893 1788 2948 illa.
1824 2893 1965 2948 Sara
1993 2907 2164 2948 nam-

506 2999 620 3057 que
648 3001 768 3040 non
800 2984 925 3056 lege
976 2991 1201 3040 natura
1240 2985 1489 3056 peperit,
1536 2983 1638 3038 sed
1696 2982 1882 3056 gratia
1927 2981 2161 3037 divina:

506 3091 700 3146 neque
742 3075 1008 3130 Ecclesia
1066 3074 1190 3147 lege
1241 3081 1468 3130 naturae
1519 3081 1766 3143 generat
1825 3073 1885 3129 in
1933 3072 2162 3128 lavacro

505 3163 806 3236 baptismi.
843 3165 945 3218 sed
976 3165 1161 3230 gratia
1193 3164 1406 3219 divina.
1446 3163 1616 3220 Vides
1648 3162 1945 3234 quomodo
1976 3162 2165 3236 ﬁgura

503 3269 610 3325 per
666 3253 866 3308 omnia
913 3254 1373 3324 correspondeat
1428 3253 1697 3317 veritati;
1741 3276 1766 3298 ‹‹
1823 3250 2158 3307 Secundum

505 3342 687 3400 Isaac.
716 3364 742 3389 ››
787 3343 910 3395 Non
951 3343 1108 3396 enim
1139 3342 1463 3396 secundum
1489 3349 1784 3406 naturam,
1812 3341 1916 3397 sed
1949 3357 2162 3397 secun-

508 3430 647 3484 dum
680 3429 927 3500 gratiam
962 3430 1083 3484 uati
1114 3446 1337 3494 sumus,
1370 3431 1532 3488 velut
1561 3431 1724 3486 Isaac
1757 3447 1861 3502 per
1911 3431 2160 3501 promis~

507 3518 756 3574 sionem.
785 3518 982 3586 Neque
1015 3518 1126 3573 hoc
1155 3535 1263 3574 nos
1293 3525 1467 3592 angat
1497 3519 1653 3590 quod
1689 3518 1894 3575 ﬁdeles
1925 3519 1997 3574 ab
2032 3518 2163 3576 inflo

508 3605 742 3662 delibus
775 3613 1076 3661 vexantur.
1109 3606 1244 3661 Tale
1277 3608 1436 3661 enim
1498 3607 1804 3677 quippiam
1858 3608 1919 3662 in
1980 3608 2166 3680 ﬁgura

509 3712 745 3770 quoque
773 3697 1126 3762 invenimus,
1161 3697 1265 3752 sed
1299 3697 1395 3752 ille
1451 3712 1828 3766 nequaquam
1860 3699 2168 3769 praevaluit

509 3785 787 3844 adversus
811 3788 988 3842 Isaac.
1017 3786 1621 3847 Juxtaimitationem.
1660 3785 1874 3858 inquit.
1907 3787 2067 3842 Isaac
2097 3805 2166 3843 ex

512 3877 905 3949 promissione
949 3877 1070 3931 nati
1102 3893 1324 3933 sumus.
1361 3877 1505 3931 Cum
1538 3876 1739 3947 itaque
1771 3892 1838 3930 ex
1862 3876 2051 3932 libera
2082 3877 2165 3933 si-

514 3983 665 4024 mus.
686 3983 804 4021 non
855 3966 1138 4022 debemus
1164 3966 1276 4040 legi
1312 3966 1484 4022 Mosis
1505 3966 1744 4022 servire.
1767 3988 1790 4016 ιι
1827 3966 1938 4023 Sed
1963 3984 2167 4038 quem-

513 4055 894 4111 madmodum
925 4061 1084 4112 tunc.
1107 4080 1132 4103 ››
1152 4057 1339 4110 Etiam
1373 4072 1442 4111 ex
1466 4071 1534 4111 eo
1559 4055 1716 4126 quod
1741 4055 1949 4112 ﬁdeles
1967 4072 2165 4128 perse-

511 4144 810 4200 cutionem
842 4145 1213 4201 sustinebant
1243 4161 1278 4202 a
1304 4144 1543 4210 Judmis,
1581 4147 1672 4202 75
1693 4147 1729 4200 7
1762 4145 1780 4217 (
1814 4163 1950 4201 nam
2008 4161 2166 4202 nunc

511 4235 992 4307 persecutionem
1025 4235 1417 4304 sustinebant)
1458 4234 1720 4290 ostendit
1740 4234 1986 4302 ﬁguram
2020 4252 2168 4306 quo-

513 4341 627 4398 que
658 4325 888 4381 veritati
923 4325 1302 4397 respondere.
1337 4325 1565 4380 Etenim
1595 4325 1805 4380 lsmael
1835 4325 1931 4396 qui
1957 4339 2166 4383 serun-

515 4413 656 4469 dum
689 4429 931 4473 carnem
961 4421 1136 4468 natus
1166 4420 1317 4479 erat,
1351 4413 1820 4486 persequebatur
1849 4414 2032 4473 Isaac.
2067 4413 2171 4484 qui

514 4503 845 4562 secundum
879 4503 1153 4574 spiritum
1186 4508 1246 4558 et
1275 4503 1733 4572 promissionem
1765 4503 1998 4576 genitus
2021 4509 2166 4558 erat.

516 4615 543 4643 «
576 4597 647 4646 At
675 4593 818 4667 quid
838 4593 981 4649 dicit
1011 4593 1310 4662 Scriptura
1328 4591 1356 4647 ?
1377 4612 1404 4640 no

585 4683 651 4739 In
686 4682 1088 4754 superioribus
1119 4683 1192 4736 ad
1224 4680 1408 4752 partis
1459 4680 1621 4736 illius
1677 4679 2166 4748 declarationem,

515 4771 703 4828 Dicite
733 4772 876 4826 mihi
911 4773 1010 4843 qui
1045 4771 1152 4828 sub
1199 4771 1324 4844 lege
1363 4770 1542 4826 vultis
1591 4785 1740 4830 esse.
1800 4769 1987 4842 legem
2047 4787 2170 4827 non

517 4861 753 4922 auditis.
785 4863 1044 4919 diximus
1084 4863 1194 4917 hoc
1253 4860 1500 4932 probare
1557 4859 1828 4922 Paulum,
1867 4861 2022 4932 quod
2047 4861 2175 4931 ipsa

517 4966 752 5022 quoque
794 4951 906 5016 lex,
947 4953 1008 5006 id
1066 4959 1176 5013 est.
1241 4952 1420 5007 Vetus
1472 4953 1962 5011 lnstrumentum.
1996 4959 2175 5008 antea

516 5040 865 5111 praeceperit
881 5041 1064 5114 legem
1100 5058 1162 5096 ac
1177 5041 1552 5096 Judaismum
1578 5040 1940 5112 relinquere:
1964 5047 2021 5096 et
2035 5057 2170 5097 ecce

510 5129 638 5198 jam
692 5128 751 5184 id
812 5136 1113 5187 ostensum
1147 5137 1254 5186 est.
1306 5132 1448 5186 Nam
1501 5137 1885 5201 posteaquam
1920 5134 2074 5204 Agar
2119 5135 2179 5187 et

516 5219 730 5278 Ismael
757 5225 1072 5289 typuserat
1095 5219 1434 5278 Judmorum
1471 5236 1539 5276 ac
1569 5222 1784 5276 veteris
1812 5220 1992 5288 legis:
2035 5221 2179 5278 Sara

515 5325 650 5364 vero
681 5307 922 5364 etlsaac
954 5306 1218 5363 ﬁdelium
1243 5325 1312 5363 ac
1344 5309 1482 5362 Novi
1522 5309 1877 5364 Testameuti
1916 5326 1926 5362 :
1954 5309 2017 5366 Iu
2051 5309 2180 5382 ipso

523 5406 717 5454 autem
748 5397 935 5452 Veteri
967 5397 1342 5453 Testamento
1366 5397 1558 5467 ejecta
1582 5403 1668 5452 est
1689 5399 1842 5470 Agar
1864 5403 1923 5453 et
1964 5399 2183 5454 lsmael

523 5493 680 5560 (nam
716 5488 972 5557 ejice.ait
1002 5485 1278 5540 ancillam
1312 5493 1368 5542 et
1399 5487 1587 5541 ﬁlium
1613 5489 1764 5554 ejus)
1789 5495 1947 5543 certe
1972 5489 2032 5543 in
2057 5489 2184 5560 ipso

525 5594 759 5651 quoque
788 5577 978 5633 Veteri
1002 5578 1374 5631 Tesmmenio
1399 5581 1534 5629 ante
1559 5575 1852 5646 descripta
1873 5584 2001 5631 erat
2029 5578 2188 5648 ejec-

519 5659 602 5723 tio
637 5667 994 5727 Iudaeorum.
1026 5666 1197 5724 Vides
1227 5664 1384 5740 quod
1419 5679 1541 5721 non
1560 5668 1832 5735 oporteat
1860 5663 1972 5739 legi
1995 5665 2191 5725 adhae-

1606 347 2031 410 GCUMENEI
2076 344 2380 405 Τιιιοοιε
2423 346 2777 410 EPISCOPI

3715 359 3842 418 1148

2179 481 2228 548 Α
2262 476 2587 548 Ἐκκλησίας
2646 481 2730 538 ὅτι
2801 483 2889 538 καὶ
2944 483 3080 550 αὐτὴ
3140 488 3322 557 στεῖρα
3377 480 3507 537 οὖσα
3557 483 3637 538 καὶ
3690 488 3843 561 ἄπαις,

2262 567 2336 629 ὡς
2394 571 2428 639 ἡ
2490 569 2539 640 ἐξ
2599 569 2763 635 ἐθνῶν
2850 571 3111 642 ἐκκλησία
3157 572 3334 641 ποτὲ,
3389 570 3616 640 ἔνίκησεν
3689 576 3732 630 ὲν
3782 585 3843 650 τῷ

2264 658 2530 733 σπέρματι
2560 661 2656 728 τήν
2689 663 2884 737 Ἅγαρ,
2945 664 3032 717 καὶ
3092 665 3126 732 ἡ
3191 659 3485 729 Ἐκκλησία
3537 662 3729 732 ἐνίκησε
3769 669 3846 735 τήν

2262 751 2600 821 συναγωγήν.
2663 750 2758 804 Καὶ
2816 752 3022 825 μέρεος
3094 751 3301 805 τούτων
3359 751 3592 813 Ἱίσα“ιας·
3647 754 3852 831 Eii-sph-

2261 837 2407 905 θητι,
2441 843 2623 912 στεῖρα
2653 841 2688 908 ἡ
2721 841 2786 894 οὐ
2830 839 3101 894 τίκτουσα.
3131 845 3206 912 Τῇ
3242 838 3292 908 ἐξ
3325 839 3483 894 ἐθνῶν
3542 840 3850 914 Ἐκκλησίᾳό

2260 922 2481 988 Ἥααῗας
2511 925 2876 1000 ὶγκελεύεται,
2933 926 3021 983 ἐπὶ
3080 927 3382 1008 εὖῳροαῦνῃ
3437 930 3644 1002 βοῆσαι.
3693 933 3849 1004 Ῥῆξον

2262 1008 2340 1077 δὶ,
2384 1015 2417 1083 ἧ
2479 1016 2578 1083 τήν
2628 1016 2905 1086 στείρωαιν
2939 1017 3016 1076 εἷς
3070 1018 3308 1078 τοκετὸν,
3341 1016 3376 1087 ἢ
3411 1020 3591 1094 φωνὴν
3639 1019 3856 1092 εὔεροσῦ-

2259 1123 2358 1170 νης
2399 1103 2579 1176 ῥῆξον.
2641 1129 2660 1155 α
2694 1107 2815 1161 ’Ότι
2874 1105 3060 1161 πολλα
3112 1106 3180 1161 τα
3236 1106 3396 1161 τέκτα
3451 1113 3548 1172 τῆς
3603 1106 3852 1180 ἐρήμου.»

2261 1194 2399 1266 ’Έρη
2411 1214 2510 1263 μον
2539 1194 2629 1248 καὶ
2661 1200 2872 1269 στεῖραν
2923 1193 3084 1250 καλεῖ
3137 1198 3236 1266 τήν
3270 1195 3320 1268 ἐξ
3351 1193 3514 1259 ἐθνῶν
3553 1195 3852 1264 Ἐκκλησίαν.

2264 1281 2363 1337 Καὶ
2397 1282 2499 1354 γὰρ
2547 1284 2612 1353 ἦν
2666 1282 2871 1356 ἔρημος
2912 1285 3119 1357 ἀγαθοῦ
3177 1285 3392 1350 παντὸς,
3453 1287 3576 1359 πρὶν
3629 1289 3854 1342 πιστεύειν

2261 1371 2500 1442 Χριστῷ.
2558 1375 2677 1429 σἺΙ
2711 1381 2809 1442 τῆς
2864 1374 3100 1448 ἐχοῦσης
3159 1381 3250 1431 τὸν
3316 1371 3484 1447 ἄνδρα
3540 1398 3567 1426 »
3626 1378 3855 1454 Ἐχουααν

2262 1457 2446 1532 ἄνδρα,
2487 1461 2579 1515 τὸν
2640 1463 2754 1517 οἶον
2811 1459 3149 1527 διευθίνοντα
3207 1465 3297 1517 καὶ
3357 1468 3656 1538 πρνινοῦντα
3714 1463 3856 1534 καλεῖ,

2258 1551 2357 1619 τήν
2420 1553 2742 1628 συναγωγὴν
2814 1557 2921 1607 τῶν
3015 1549 3317 1620 Ἰουδαίων,
3407 1553 3443 1622 ἢ
3539 1553 3613 1614 ὡς
3669 1551 3858 1627 ἔχουσαν

2261 1638 2352 1694 τὸν
2421 1641 2589 1713 νόμον
2633 1685 2646 1709 ,
2723 1643 2758 1712 ἢ
2829 1641 2903 1705 ὡς
2971 1639 3205 1718 ἔχουσαν
3269 1639 3441 1698 πάλαι
3505 1643 3602 1710 τὴν
3664 1641 3856 1715 ὑποψίαν

2261 1731 2418 1785 Θεοῦ.

2331 1821 2521 1893 Ἡμεῖς
2617 1819 2674 1876 δὲ

2258 1908 2418 1964 τέκνα
2483 1906 2642 1984 ἐσμέν
2688 1955 2702 1970 .

2767 1820 2994 1899 ἀδελφοὶ
3077 1825 3214 1878 κατᾶ
3307 1822 3490 1880 Ἰσαὰκ
3581 1822 3857 1898 ἐπαγγελίας

2774 1911 2933 1968 Ἀλλ’
3009 1909 3191 1986 ὥσπερ
3258 1911 3380 1968 τότε
3439 1914 3467 1967 ὁ
3535 1913 3662 1968 κατᾶ
3723 1913 3858 1986 σάρκα

2260 1999 2536 2074 γεννηθεὶς
2569 1997 2759 2056 ἐδίωκε
2806 2001 2896 2057 τὸν
2951 2001 3088 2057 κατὰ
3133 2006 3364 2075 πνεῦμα,
3426 2003 3599 2065 οὕτως
3648 2006 3728 2057 καὶ
3767 2007 3854 2058 νὶν.

2263 2088 2440 2144 Ἀλλὰ
2497 2089 2549 2145 τί
2622 2087 2769 2158 λέγει
2827 2092 2862 2159 ἡ
2917 2092 3152 2168 Γραφή;
3231 2087 3476 2148 Ἔκϐαλε
3554 2094 3648 2162 τήν
3702 2089 3857 2146 παιδί·-

2262 2199 2396 2249 σκην
2483 2178 2572 2233 καὶ
2627 2180 2719 2234 τὸν
2771 2180 2886 2234 υἱὸν
2945 2181 3137 2249 αὐτῆς.
3208 2181 3283 2236 Οὐ
3343 2182 3452 2258 γαρ
3508 2184 3582 2255 μὴ
3639 2179 3863 2252 κληρονο-

2266 2271 2416 2340 μήστΙ
2471 2270 2498 2323 ὁ
2557 2269 2674 2329 υἱὸς
2728 2275 2827 2338 τῆς
2923 2267 3241 2340 παιδίσκης,
3302 2291 3440 2344 μετα
3492 2275 3588 2325 τοῦ
3643 2271 3750 2325 υἱοῦ
3785 2277 3861 2336 τῆς

2266 2355 2570 2430 ἐλευθέρας.
2656 2357 2814 2430 Ἀρα,
2908 2356 3159 2434 ἀδελφοὶ,
3243 2356 3344 2414 οὔκ
3410 2358 3570 2430 ἐσμέν
3622 2357 3868 2423 παιδίσκης

2263 2444 2470 2516 τέκνα,
2540 2444 2685 2502 ἀλλὰ
2750 2453 2851 2514 τῆς
2918 2444 3200 2522 ἐλευθέρας
3245 2491 3260 2515 ,
3327 2450 3414 2520 Τῇ
3483 2446 3746 2522 ἐλευθερίᾳ
3797 2445 3866 2500 οὖν

2263 2532 2300 2608 ᾖ
2365 2535 2394 2589 ὁ
2462 2536 2693 2610 Χριστὸς
2758 2537 2899 2609 ἡμᾶς
2959 2534 3329 2612 ἠλεύθέρωσε,
3390 2539 3636 2607 στήκετε,
3686 2537 3763 2590 καὶ
3809 2535 3866 2606 μὴ

2264 2619 2430 2678 πάλιν
2461 2627 2607 2698 ζυγῷ
2639 2619 2893 2685 δουλείας
2923 2622 3198 2698 ἀνέχεσθε.

2335 2712 2412 2781 οὗ
2475 2711 2578 2787 γαρ
2648 2711 2808 2786 μόνον
2876 2718 3059 2788 στεῖρα
3117 2714 3185 2783 ἦν
3241 2716 3275 2783 ἡ
3347 2712 3671 2784 Ἐκκλησία,
3723 2712 3868 2785 ὥσπερ

2267 2800 2450 2876 Σαρρκ
2486 2846 2500 2870 ,
2567 2798 2690 2856 οὐδὲ
2763 2801 2927 2874 μόνον
2983 2801 3257 2864 πολύπαις
3313 2802 3527 2877 ἐγένετο
3584 2802 3654 2865 ὠς
3702 2799 3867 2868 ἐκείνη,

2267 2889 2414 2946 ἀλλὰ
2441 2891 2530 2946 καὶ
2573 2891 2744 2952 οὕτως
2796 2889 3100 2967 ἐγέννησεν.
3159 2890 3297 2950 Οὔτε
3327 2893 3434 2969 γὰρ
3465 2896 3500 2962 ἡ
3533 2891 3703 2966 Σαῤῥα
3745 2891 3868 2959 νόμῳ

2269 2980 2476 3057 φύσεως
2533 2977 2846 3050 ἔνέννησεν,
2903 2977 3048 3036 ἀλλα
3109 2983 3292 3056 χάριτι
3351 2982 3490 3054 θείᾳ.
3551 2978 3740 3050 Οῧτεὴ
3777 2981 3868 3036 Έκ-

2268 3068 2472 3140 κλησία
2525 3069 2680 3140 νόμῳ
2739 3067 2948 3146 φύσεως
2979 3073 3135 3146 γεννᾷ
3168 3068 3218 3123 έν
3245 3073 3314 3144 τῇ
3347 3065 3730 3144 κολυμϐήθρα,
3757 3065 3871 3121 ἆλλᾶ

2273 3159 2463 3238 χάριτι
2493 3158 2628 3229 θεία.
2665 3159 2823 3232 Ὁρᾷς
2852 3159 2948 3213 τὸν
2977 3158 3144 3213 τύπον
3174 3163 3292 3221 πῶς
3344 3160 3486 3214 κατᾶ
3543 3159 3707 3214 πάντα
3759 3159 3870 3228 ὁμο-

2201 3227 2242 3294 C
2273 3227 2442 3326 ξουνεῖ
2471 3251 2539 3319 τῇ
2599 3246 2869 3318 ἀληθείας
2929 3271 2949 3300 ο
2985 3247 3122 3304 κατὰ
3180 3249 3377 3303 Ἰσαάκ.
3415 3273 3444 3300 ››
3505 3247 3582 3302 Οὐ
3626 3249 3719 3322 γὰρ
3765 3247 3871 3299 κατὰ

2272 3337 2452 3415 φῦσιν,
2488 3333 2632 3394 ἀλλᾶ
2663 3337 2798 3392 κατᾶ
2853 3337 3016 3412 χάριν
3073 3333 3400 3412 ὶτέχθημεν,
3457 3337 3535 3400 ὡς
3591 3336 3757 3392 Ἰσαὰκ
3803 3331 3872 3388 διὰ

2272 3435 2373 3496 τῆς
2447 3427 2812 3502 ἒπαγγελίας.
2873 3429 3211 3504 [ΘΕΟΔΟΡ]
3246 3461 3313 3470 —
3344 3425 3502 3497 Μηδὶ
3554 3433 3706 3485 τοῦτο
3756 3428 3873 3494 ἡμᾶς

2271 3519 2493 3578 ἀνιάτω,
2536 3517 2620 3586 τὸ,
2681 3516 2807 3578 τοὺς
2866 3517 3286 3579 πεπιστευκότας
3348 3519 3454 3573 ὑπὸ
3515 3523 3618 3573 τῶν
3673 3516 3875 3571 ἀπιστων

2268 3603 2610 3662 ὶλαυνεσθαι.
2675 3609 2938 3664 Τοιοῦτον
2990 3607 3095 3681 γὰρ
3132 3627 3185 3662 τι
3215 3605 3304 3661 καὶ
3337 3605 3389 3661 ἐν
3418 3607 3501 3679 τῷ
3558 3605 3706 3678 τῦπῳ
3757 3601 3873 3678 εὖρί·

2272 3717 2510 3769 σκομεν,
2570 3693 2756 3772 ῗνχυαε
2811 3693 2870 3751 δὶ
2953 3692 3211 3767 οὐδαμῶς
3291 3697 3430 3750 κατᾶ
3520 3695 3711 3752 Ἰσαάκ.
3764 3692 3878 3747 ﬁeri

2274 3785 2509 3860 μίμησιν
2545 3827 2559 3853 ,
2621 3784 2802 3861 φησὶ,
2860 3786 2958 3840 τοῦ
3016 3783 3200 3840 Ἰσαὰκ
3251 3783 3305 3857 ’ἐξ
3364 3783 3690 3859 ἐπαγγελίας
3747 3781 3874 3852 ἐσμεν

2269 3875 2630 3948 γεννηθέντες.
2663 3875 2824 3928 Ὥστε
2878 3879 2979 3939 τῆς
3041 3869 3327 3948 ἐλευθέρας
3379 3868 3554 3943 ὄντες,
3616 3872 3708 3928 οὐκ
3757 3869 3876 3945 6?!!-

2271 3961 2441 4035 λομεν
2462 3962 2618 4034 νόμῳ
2651 3960 2887 4023 Μωσέως
2919 3959 3219 4018 δουλεύειν.
3260 3988 3279 4011 ι
3308 3959 3463 4019 Ἀλλ’
3497 3961 3696 4035 ὣσπερ’
3721 3960 3878 4015 τότε.»

2274 4052 2377 4108 Καὶ
2412 4051 2462 4122 ἐξ
2493 4050 2655 4106 αὑτοῦ
2684 4055 2780 4106 τοῦ
2830 4047 3120 4114 διώκεσθαι
3178 4051 3305 4112 τοὺς
3363 4050 3596 4115 πιστοὺς
3653 4049 3744 4105 ὑπὸ
3773 4049 3880 4105 Ἰου-

2273 4138 2438 4198 δαίων
2470 4184 2484 4210 ,
2545 4140 2690 4215 (τότε
2741 4140 2846 4218 γὰρ
2904 4137 3244 4208 ἐδιώκοντο),
3311 4136 3549 4195 δείκνυσι
3605 4141 3690 4196 τὸν
3743 4138 3876 4194 τῦπον

2272 4229 2627 4298 ἀληθεύοντα.
2691 4229 2793 4287 Καὶ
2851 4229 2954 4304 γὰρ
3016 4228 3249 4301 Ἰσμαὴλ
3290 4231 3318 4284 ὁ
3375 4230 3516 4287 κατα
3570 4231 3733 4304 σάρκα
3791 4246 3881 4300 γεν-

2268 4319 2476 4390 νηθεὶς,
2535 4317 2729 4374 ἐδίωκε
2781 4319 2872 4374 τὸν
2951 4319 3142 4375 Ἰσαὰκ
3222 4318 3316 4373 τὸν
3373 4321 3511 4373 κατᾶ
3571 4322 3768 4389 πνεῦμα
3813 4309 3882 4370 καὶ

2271 4405 2601 4485 ἰπαγγελίαν
2635 4405 2918 4484 τεχθέντα.
2962 4432 2990 4459 ‹‹
3027 4406 3203 4466 una
3253 4405 3302 4464 τί
3365 4404 3519 4482 λέγει
3549 4409 3584 4478 ἡ
3618 4405 3786 4482 Γραφὴ
3818 4421 3830 4469 ;
3863 4423 3878 4449 ι

2185 1857 2230 1921 Β

2182 4586 2231 4652 D

2352 4669 2636 4746 Ἀνωτέρω
2666 4667 2788 4726 ἔνθα
2816 4667 2878 4724 τὸ
2935 4667 3228 4742 κεᾳάλαιον
3290 4666 3654 4744 ἢρμηνεῦετο,
3705 4665 3780 4721 τό.
3807 4662 3884 4719 Ai'

2279 4761 2397 4838 γετέ
2431 4781 2524 4832 μοι
2556 4761 2609 4816 oi.
2643 4760 2744 4816 ὑπὸ
2763 4758 2932 4833 νόμον
2964 4756 3222 4829 ηέλοντες
3251 4757 3404 4818 εἶιαι.
3451 4759 3545 4813 τὸν
3601 4756 3761 4829 νόμον
3811 4750 3886 4806 οὔκ

2281 4850 2524 4920 ἀκούετε,
2575 4847 2799 4920 ενπομεν
2860 4851 3023 4904 τοῦτο
3070 4846 3482 4916 κατασκευάζειν
3541 4845 3631 4901 τόν
3685 4841 3885 4904 Παῦλον,

2283 4939 2366 4994 ὅτι
2397 4938 2488 4994 καὶ
2537 4939 2698 4999 αὐτὸς
2731 4939 2758 4991 ὁ
2788 4938 2979 5011 νόμος,
3046 4935 3316 4991 τουτέστιν
3349 4937 3384 5004 ἡ
3418 4933 3626 4989 παλαια
3680 4927 3888 5007 προηγό-

2289 5048 2438 5104 ρευσε
2469 5023 2578 5082 δεῖν
2623 5028 2712 5096 ἒᾷν
2773 5025 2863 5081 τὸν
2913 5045 3080 5097 νομον
3138 5023 3229 5078 καὶ
3276 5023 3369 5078 τὸν
3419 5020 3774 5097 Ἰουδαῖσμόν,
3823 5013 3890 5070 καὶ

2289 5115 2406 5172 ἰδοὺ
2469 5112 2865 5172 ἀποδέδεικται.
2918 5113 3114 5170 Ὁπότε
3144 5113 3248 5188 γαρ
3310 5114 3345 5181 ἡ
3382 5111 3478 5184 μὲν
3538 5113 3706 5185 ’Λγαρ
3755 5107 3892 5162 τόπος

2288 5208 2354 5278 ἦν
2393 5212 2502 5263 τῶν
2534 5203 2813 5264 Ἰουδαίων
2849 5203 2940 5258 καὶ
2997 5207 3098 5258 τοῦ
3147 5201 3319 5258 πάλαι
3351 5201 3550 5274 νόμου,
3584 5203 3618 5270 ἡ
3662 5197 3715 5254 εὶ
3745 5192 3894 5268 Σὰῥρί

2289 5295 2378 5352 καὶ
2431 5296 2459 5350 ὁ
2514 5294 2698 5350 Ἰσαὰκ
2754 5296 2860 5347 τῶν
2902 5296 3111 5348 πιστῶν
3163 5290 3251 5346 καὶ
3307 5296 3408 5358 τῆς
3465 5289 3584 5354 νέας
3641 5286 3894 5356 διαθήκης,

2289 5384 2344 5441 ἓν
2406 5384 2546 5455 αὖτῇ
2603 5378 2659 5437 δὲ
2714 5385 2782 5455 τῇ
2839 5381 3046 5451 παλαιᾷ
3102 5374 3502 5451 ἐκϐέϐληταιή
3548 5380 3718 5454 Ἀγαρ
3775 5371 3894 5429 καὶὸ

2295 5469 2549 5546 Ἰσμαὴλ,
2600 5465 2800 5526 ἔκϐαλε
2828 5469 2957 5544 γαρ,
3018 5470 3311 5546 φησί,τὴν
3367 5465 3657 5537 παιδίσκην
3713 5461 3890 5519 καὶτὸν

2295 5563 2408 5618 υἱὸν
2470 5561 2682 5634 αὐτῆς).
2742 5557 3003 5630 δηλονότι
3068 5558 3120 5613 ἐν
3186 5557 3321 5629 αὐτῇ
3381 5563 3450 5632 τῇ
3508 5559 3707 5625 παλαιᾷ
3758 5569 3892 5624 1:90:-

2298 5655 2636 5730 ζωγραφεῖτο
2667 5651 2702 5721 ἡ
2733 5653 2840 5704 τῶν
2901 5645 3178 5706 Ἰουδαίων
3237 5641 3468 5721 ἕκϐολή.
3526 5647 3680 5724 Ὁρᾷς
3725 5640 3797 5697 ὅτι
3844 5636 3892 5695 οὗ
