4096 6194
277 327 431 391 1149

1275 327 1687 388 ΟΟΜΜΕΝΤ.
1735 326 1816 387 IN
1863 325 2110 388 EPIST.
2146 327 2199 388 II
2234 330 2337 390 AD
2384 330 2668 391 GALA'I‘.

3535 324 3694 387 1150

277 461 359 522 δεῖ
385 468 483 520 τοῦ
512 483 686 536 νομοο
746 458 1007 544 Ιχισθαις
1050 460 1147 522 Διὰ
1194 461 1258 518 τὸ
1303 462 1440 527 τοὺς,
1481 461 1563 519 ἐπ’
1621 458 1768 536 αὖτῷ
1828 479 1924 518 πε-

2047 476 2193 532 rere,
2226 479 2363 522 cum
2423 463 2596 536 ejectl
2655 461 2777 520 sint
2833 459 2934 536 qui
2991 459 3100 517 sub
3158 459 3289 533 ipsa
3343 459 3694 518 obedientes

277 556 537 618 ποιθὸτας
571 548 940 622 ἐκϐεϐλῆσθαι
967 571 983 621 ;
1012 551 1158 609 Ὶδοίι
1199 553 1291 607 οῦν
1342 551 1434 607 καὶ
1487 553 1628 620 αὖτή
1661 554 1696 621 ἡ
1725 549 1933 606 παλαιᾶ

276 649 347 716 τῇ
379 641 606 717 δυναμει
637 639 1028 699 συνεϐοὸλευσε
1071 643 1146 715 μὴ
1201 639 1421 720 ἔχεσθαι
1476 644 1572 695 τοῦ
1614 639 1810 711 νῦμου.
1852 644 1934 711 τῷ

279 729 528 789 ἐκϐαλεῖν
586 735 713 796 τοὺς
768 732 948 806 τούτῳ
1007 733 1159 806 μόνῳ
1245 736 1620 806 στοιχοῦντας,
1679 729 1933 786 τουτέστι

275 822 401 883 τοὺς
434 820 755 883 Ἰουδαίους.
793 822 857 878 Ei‘
885 823 988 897 γὰρ
1047 822 1124 885 εἷς
1181 821 1264 877 ἀεὶ
1321 820 1494 899 ἐχρῆν
1550 825 1793 896 στοιχεῖν
1852 823 1933 891 τῷ

275 913 432 986 νόμῳ
457 913 549 967 καὶ
579 916 647 984 τῇ
675 912 906 981 παλαιᾷ,
967 910 1065 967 οὐκ
1120 909 1180 966 ἄν
1239 905 1504 980 ἐξεϐλήθη
1571 910 1664 982 μὲν
1694 911 1728 978 ἡ
1759 913 1930 982 Ἀγαρ

276 1002 368 1057 καὶ
405 1005 434 1057 ὁ
491 1007 619 1063 παῖς
679 1003 874 1069 αὐτῆς,
933 998 988 1054 ο⁹ί
1045 1001 1182 1070 ἦσαν
1237 997 1406 1060 τύπος
1460 1002 1566 1052 τῶν
1629 995 1930 1053 Ἰουδαίων.

283 1092 467 1152 Μόνος
500 1088 557 1147 δὶ
594 1089 1042 1165 ἐκληρονόμησεν
1091 1089 1291 1155 Ἰσαὰκ,
1353 1089 1411 1150 ὅς
1464 1087 1530 1156 ἦν
1596 1087 1766 1147 τύπος
1821 1090 1928 1140 τῶν

279 1185 358 1251 τῷ
408 1184 622 1255 Χριστῷ
679 1179 1132 1234 πεπιστευκότων.
1195 1178 1298 1235 Καὶ
1356 1178 1545 1243 πάλιν,
1615 1175 1676 1233 οὗ
1727 1174 1818 1231 διὰ
1870 1175 1932 1230 τὸ

283 1265 499 1323 διώκειν
532 1269 692 1339 μόνον
722 1263 1070 1336 ἐκϐεϐληται,
1116 1265 1245 1321 ἀλλ’
1298 1267 1387 1320 ἳνα
1442 1266 1533 1321 καὶ
1587 1266 1664 1338 μὴ
1707 1264 1932 1339 γένηται

281 1359 543 1419 κοινωνὸς
607 1362 705 1432 τῇς
761 1355 1156 1432 κληρονομίας.
1216 1380 1245 1408 ιι
1302 1361 1466 1431 Ἄρα,
1520 1352 1773 1428 ἀδελφοὶ,
1833 1348 1931 1408 οῦκ

283 1447 442 1520 ἐσμεν
523 1445 812 1516 παιδίσκης
900 1447 1057 1501 τέκνα
1126 1471 1153 1497 ‹‹
1225 1445 1287 1501 Εἰ
1352 1444 1533 1500 τοίνυν
1603 1444 1704 1499 οὐκ
1769 1443 1926 1516 ἐσμὲν

283 1534 576 1605 παιδίσκης
601 1535 778 1604 τέκνα,
812 1558 841 1587 ιι
875 1533 999 1590 οὐδὲ
1030 1533 1247 1600 δοῦλοι,
1279 1539 1397 1595 πῶς
1427 1538 1495 1609 τῇ
1555 1531 1782 1604 δουλείᾳ
1831 1537 1928 1588 τοῦ

281 1625 450 1697 νόμου
510 1624 732 1685 ἑαυτοὺς
767 1619 1228 1696 ,ὑποϐιίλλομεη
1283 1623 1398 1678 mox
1453 1622 1612 1696 ἐσμὶν
1673 1619 1752 1687 δὲ,
1812 1621 1924 1677 ἐπεὶ

283 1716 424 1786 μήτε
471 1715 630 1787 ἡμῶν
693 1713 859 1774 τύπος
889 1715 924 1781 ἡ
955 1718 1148 1786 Ἀγαρ,
1205 1709 1335 1766 ἀλλ’
1391 1708 1688 1767 Ἰουδαίων.
1739 1715 1926 1782 Ἠμιῖιν

280 1800 384 1874 γὰρ
412 1802 446 1869 ἡ
721 1800 913 1861 τύπος.
979 1825 998 1849 ι
1035 1803 1113 1870 Τῇ
1167 1796 1446 1872 ἐλευθερίᾳ
1483 1797 1575 1853 οῦν
1610 1797 1646 1873 ᾗ
1689 1801 1926 1872 Χριστὸς
1965 1836 2008 1900 Β

279 1891 429 1962 ἡμᾶς
485 1885 879 1962 ἠλευθέρωσεν.
931 1909 958 1939 ι
1018 1888 1080 1945 Ὀ
1131 1887 1302 1958 νόμος
1360 1883 1714 1956 κατεδούλιιυ,
1747 1888 1774 1941 ὁ
1807 1888 1932 1961 Χρι-

282 1979 406 2038 στὸς
436 1979 584 2049 ἡμᾶς
615 1978 983 2048 ἠκειθέρωσεν
1047 1974 1108 2030 ἐκ
1162 1983 1262 2045 νῆς
1294 1976 1528 2049 κατάρας
1576 1980 1674 2030 τοῦ
1731 1976 1928 2049 νόμου.

284 2071 372 2121 Δεῖ
405 2065 521 2133 οὖν,
555 2068 742 2144 φησὲν,
776 2065 992 2120 ἑστάναι
1022 2064 1073 2119 ἐν
1133 2069 1202 2138 τῇ
1259 2065 1362 2119 ὑπὸ
1423 2069 1654 2137 Χριστοῦ
1713 2060 1927 2138 δοθείσῃ

279 2154 575 2229 ἐλευθερίᾳ.
644 2155 718 2211 Τὸ
776 2151 833 2208 δὲ
911 2157 1168 2225 Στήκετε,
1255 2152 1652 2227 σαλευομένους
1739 2150 1928 2223 δηλοῖ.

279 2269 308 2297 ‹‹
344 2245 445 2302 Καῖ
496 2246 572 2319 μή
633 2243 800 2299 πάλιν
868 2249 1038 2322 ζυγῷ.
1099 2269 1126 2295 ιι
1185 2245 1282 2313 Τὸ,
1338 2243 1524 2310 πάλιν,
1583 2242 1929 2312 ἀναισθησίαν

279 2333 455 2390 αὐτῶν
489 2331 675 2404 δηλοῖ.
710 2335 873 2410 Ζυγὸν
904 2331 962 2388 6‘s
991 2334 1180 2403 εἰπὼν,
1222 2333 1283 2388 τὰ
1341 2333 1476 2409 βαρῦ
1530 2339 1631 2402 τῆς
1683 2329 1934 2394 δουλείας

278 2423 513 2483 δείκνυσι
542 2431 639 2481 τοῦ
667 2427 862 2500 νόμου.

925 2541 1188 2598 ΚΕΦΑΛ.
1228 2539 1285 2595 Ι’.

277 2631 466 2699 ’Ότιὴ
525 2627 722 2699 κλῆσις
784 2630 944 2700 ἡμιῖιν
1005 2627 1113 2700 οὐχ
1173 2626 1453 2700 ὑπόκειται
1509 2629 1784 2700 περιτομῇ
1842 2623 1933 2681 καί

679 2649 722 2692 ις
784 2646 944 2700 ημων
1005 2646 1066 2682 oo
1173 2646 1453 2684 οποκειται
1509 2647 1529 2681 1

679 2703 836 2774 νόμῳ
868 2698 958 2754 διὰ
985 2699 1047 2754 τὸ
1073 2646 1313 2773 λριστοῦ
1339 2699 1529 2761 πάθος.

347 2816 449 2876 Ἰδὶ
523 2817 633 2894 ἐγὼ
708 2816 925 2880 Παῦλος
1003 2815 1151 2893 λέγω
1199 2817 1396 2892 γὺμῖν,
1473 2819 1554 2872 δτι
1646 2817 1734 2874 ἐὰν
1835 2837 1934 2871 πε-

280 2909 626 2984 ριτέμνησθε,
733 2907 962 2982 Χριστὸς
1097 2907 1236 2979 ὑμᾶς
1371 2903 1531 2962 οὐδὲν
1632 2905 1931 2985 ὠφελήσει.

278 2998 642 3072 Μαρτῦρομαι
718 2992 775 3053 δὲ
863 2993 1031 3050 πάλιν
1133 2995 1293 3051 παντὶ
1399 2996 1673 3069 ἀνθρώπῳ
1775 3014 1932 3070 περι-

276 3086 623 3159 τεμνομένῳ,
725 3085 809 3140 ὅτι
914 3083 1204 3164 ὀφειλέτης
1308 3083 1446 3141 ἐστὶν
1588 3083 1718 3139 ὅλον
1837 3084 1928 3138 τὸν

2044 553 2261 608 erant?
2284 555 2429 608 Ecce
2455 553 2645 624 ipsum
2676 553 2853 607 etiam
2882 552 3055 606 Vetus
3086 550 3556 605 Instrumeutum
3590 567 3696 605 sua

2045 641 2119 694 sit
2149 642 2208 695 in
2241 643 2452 697 virtute
2487 641 2597 714 legi
2630 639 3054 696 adhmrendum
3089 655 3211 693 non
3244 655 3394 703 esse,
3429 654 3533 708 per
3579 639 3690 692 hoc

2043 730 2198 799 quod
2214 731 2385 800 ejecti
2406 730 2524 786 sint
2549 731 2607 785 hi
2633 731 2731 801 qui
2757 728 2862 784 soli
2889 729 3025 783 huic
3044 727 3690 798 assentiebantnempe

2037 819 2244 874 Judwi.
2285 820 2338 874 Si
2372 821 2533 875 enim
2563 820 2924 891 oportuisset
2966 834 3202 890 semper
3251 818 3524 872 assentiri
3577 816 3691 887 legi

2041 929 2110 968 ac
2142 913 2330 967 Veteri
2362 915 2757 976 Testamento,
2819 927 3196 983 nequaquam
3249 911 3435 982 ejecta
3483 909 3694 964 fuisset

2040 1004 2194 1072 Agar
2222 1018 2356 1057 cum
2407 1001 2528 1058 ﬁlio
2576 1018 2701 1064 suo,
2759 1002 2860 1071 qui
2920 1006 3048 1054 erat
3102 1005 3279 1070 typus
3327 999 3691 1062 Judaaorum,

2042 1091 2168 1146 solo
2200 1092 2361 1146 Isaac
2392 1091 2798 1145 hmreditatem
2829 1089 3158 1160 accipiente
3183 1089 3281 1160 qui
3341 1093 3468 1142 erat
3520 1094 3690 1159 typus

2040 1180 2272 1237 Christo
2305 1180 2696 1236 credentium.
2731 1181 2800 1234 Et
2833 1195 3066 1233 rursum
3097 1195 3218 1233 non
3260 1177 3334 1232 ob
3388 1177 3447 1231 id
3495 1176 3689 1231 solum

2040 1271 2265 1340 ejectus
2297 1276 2387 1324 est
2425 1269 2581 1340 quod
2640 1267 3114 1340 persecutionem
3167 1266 3435 1326 referret.
3484 1281 3690 1320 verum

2039 1362 2224 1417 eriam
2283 1378 2356 1416 ne
2415 1362 2711 1434 particeps
2771 1360 2940 1416 ﬁeret
2989 1357 3373 1414 haereditatis.
3422 1379 3450 1405 «
3487 1359 3689 1428 itaque

2038 1449 2251 1507 fratres
2284 1467 2407 1506 non
2438 1467 2642 1505 sumus
2673 1449 2908 1505 ancillas
2941 1449 3065 1506 ﬁlii.
3100 1471 3126 1495 ιι
3157 1449 3211 1503 Si
3247 1463 3382 1516 ergo
3414 1463 3532 1500 non
3592 1463 3690 1501 su-

2041 1555 2173 1594 mus
2202 1540 2436 1595 ancilla:
2469 1539 2576 1594 ﬁlii
2610 1555 2803 1610 neque
2853 1538 3022 1599 servi,
3078 1537 3375 1609 quomodo
3426 1535 3692 1592 servituti

2039 1629 2186 1702 legis
2209 1646 2318 1684 nos
2343 1629 2504 1701 ipsos
2529 1627 2919 1700 subjicimus?
2948 1629 3070 1683 Non
3087 1643 3294 1681 sumus
3318 1631 3539 1689 autem,
3556 1624 3694 1697 quia

2039 1719 2225 1775 nostri
2261 1719 2446 1791 ﬁgura
2477 1735 2596 1774 non
2627 1723 2755 1774 erat
2804 1721 2977 1789 Agar,
3012 1715 3116 1771 sed
3153 1715 3513 1771 ludat-orum.
3549 1715 3692 1768 Nam

2040 1810 2186 1867 Sara
2209 1824 2318 1863 nos
2342 1807 2647 1880 ﬁgurabat.
2679 1829 2704 1855 «
2739 1807 2802 1860 In
2831 1807 3103 1860 libertate
3128 1821 3244 1876 qua
3275 1805 3542 1860 Christus
3573 1819 3691 1858 non

2041 1897 2328 1954 liberavit.
2366 1919 2391 1944 ››
2430 1897 2537 1951 Lex
2568 1895 2831 1951 servituti
2866 1893 3238 1964 subjiciebat,
3290 1893 3558 1947 Christus
3589 1908 3696 1947 au-

2043 1990 2161 2042 tem
2194 1985 2264 2040 ab
2297 1985 2705 2040 exsecratione
2763 1983 2908 2054 legis
2953 2000 3062 2037 nos
3115 1981 3407 2036 liberuvit.
3456 1981 3696 2052 Oportet

2043 2077 2243 2148 itaque
2270 2082 2424 2129 stare
2456 2075 2517 2128 in
2551 2074 2821 2128 libertate
2853 2089 2886 2127 a
2915 2072 3144 2126 Christo
3177 2071 3332 2125 data.
3365 2071 3578 2125 Dicens
3603 2085 3699 2124 au-

2042 2171 2184 2226 tem,
2219 2164 2399 2225 State,
2432 2161 2653 2216 indicat
2684 2178 2783 2217 eos
2813 2160 3182 2215 vacillantes.
3218 2181 3243 2205 »
3277 2160 3346 2212 Et
3386 2174 3458 2212 ne
3491 2173 3699 2211 rursus

2037 2254 2200 2327 jugo.
2239 2274 2261 2302 ιι
2297 2255 2520 2307 Rursus
2552 2251 2847 2322 signiﬁcat
2879 2249 3116 2304 illorum
3153 2246 3699 2303 insensiliilitatem.

2042 2344 2226 2399 Porro
2256 2341 2510 2397 dicendo
2534 2341 2769 2415 iugum,
2800 2338 3099 2410 signiﬁcat
3127 2337 3474 2410 gravitatem
3507 2333 3698 2390 servi-

2045 2430 2186 2487 tutis
2218 2429 2384 2500 legis.

2696 2542 2925 2600 CAPUT
2965 2543 3033 2600 Χ.

2043 2636 2202 2704 Quod
2229 2637 2405 2692 nostri
2459 2633 2674 2691 vacatio
2730 2633 2975 2702 subjecta
3023 2647 3133 2704 non
3188 2633 3259 2686 sit
3297 2630 3698 2686 circumcisiani

2347 2723 2410 2762 ac
2450 2705 2560 2777 legi
2585 2711 2817 2776 propter
2843 2702 3050 2760 Christi
3069 2704 3400 2772 passionem.

2119 2824 2268 2882 758
2302 2825 2365 2894 V,
2395 2824 2509 2877 t-8.
2549 2844 2568 2871 α
2605 2821 2751 2876 Ecce
2785 2836 2889 2891 ego
2919 2817 3138 2875 Paulus
3162 2815 3291 2872 dico
3323 2815 3511 2880 vobis,
3536 2815 3694 2886 quod

2051 2937 2078 2968 ι
2109 2915 2157 2970 si
2189 2909 2723 2975 circumcidamini,
2756 2908 3022 2964 Christus
3043 2905 3207 2960 vobis
3230 2903 3380 2960 nihil
3407 2904 3693 2975 proderit.

2046 3030 2071 3055 (ι
2107 3004 2419 3059 Contestor
2447 3009 2644 3058 autem
2677 3015 2918 3054 omnem
2951 2997 3256 3054 hominem
3288 2995 3385 3067 qui
3441 2996 3699 3052 circurn—

2048 3115 2072 3146 ι
2107 3092 2342 3154 ciditur,
2377 3089 2534 3161 quod
2567 3088 2810 3143 debitor
2835 3089 2908 3143 sit
2936 3087 3116 3142 totius
3151 3085 3295 3157 legis
3355 3085 3654 3140 servanda:
3682 3099 3696 3138 :

275 3177 446 3248 νόμον
506 3182 752 3244 ποιῆσαι.
844 3175 1243 3248 Κατηργήθητε
1329 3173 1436 3228 ἀπὸ
1501 3177 1598 3229 τοῦ
1671 3174 1930 3246 Χριστοῦ.

2047 3204 2073 3233 ‹‹
2110 3181 2287 3237 soluti
2319 3180 2462 3236 estis
2492 3196 2526 3234 a
2557 3178 2808 3244 Christo,
2843 3177 3183 3247 quicunque
3216 3191 3320 3244 per
3351 3174 3541 3245 legem
3567 3175 3696 3240 jus-

279 3266 488 3326 Οἳτινες
563 3263 614 3319 ἐν
688 3263 844 3335 νόμῳ
919 3262 1008 3317 καὶ
1086 3259 1422 3332 δικαιοῦσθε,
1526 3269 1626 3330 τῆς
1702 3263 1930 3338 χάριτος

279 3353 568 3426 ἒξεπέσετε.
617 3353 810 3425 Ἡμεῖς
886 3352 991 3427 γὰρ
1066 3351 1331 3424 πνεύματι
1405 3351 1464 3408 ἐκ
1535 3351 1768 3414 πίστεως
1845 3349 1934 3408 ἐλ-

279 3442 409 3499 πίδα
512 3440 861 3510 δικαιοσῦνης
937 3438 1374 3516 ἀπεκδεχόμεθα.
1449 3443 1540 3498 Ἐν
1615 3441 1717 3519 γὰρ
1797 3444 1933 3517 Χρι-

280 3537 390 3606 atq;
448 3533 630 3602 Ἰησοῦ
697 3527 820 3587 οὔτε
877 3531 1154 3606 περιτομή
1211 3551 1262 3586 τι
1324 3529 1527 3605 ἰσχύειν
1587 3529 1714 3589 οὔτε
1769 3533 1935 3592 ἀτη·

280 3617 490 3688 ϐυστία,
569 3618 716 3676 ἀλλὰ
791 3619 972 3682 πίστις
1068 3616 1137 3675 δι’
1238 3618 1456 3694 ἀγάπης
1550 3620 1932 3697 ἐνεργουμένη,

281 3710 569 3785 Ἐτρέχετε
633 3709 842 3777 καλῶς,
917 3709 1001 3770 τίς
1070 3709 1210 3781 ὑμᾶς
1275 3708 1508 3785 ἀνεκοψε
1569 3716 1639 3786 τῇ
1706 3709 1939 3784 ἀληθείᾳ

285 3801 362 3875 μὴ
422 3799 737 3868 πείθεσθαι;
809 3799 875 3854 Ἣ
933 3800 1202 3872 πεισμονὴ
1268 3797 1366 3854 οὐκ
1423 3798 1482 3853 ἐκ
1539 3797 1636 3856 τοῦ
1691 3799 1935 3857 καλοῦν-

281 3910 376 3950 τος
412 3888 572 3958 ὑμᾶς.

345 4005 371 4030 ‹‹
408 3974 508 4033 ἰδὲ
536 3974 646 4054 ἐγὼ
680 3973 926 4038 Παῦλος.
962 3999 988 4028 ιι
1023 3978 1104 4049 Τῇ
1148 3977 1456 4050 ἀξιοπιστίᾳ
1493 3982 1590 4034 τοῦ
1642 3977 1936 4052 ὀνόματος,

280 4067 399 4125 ἀντὶ
457 4066 632 4136 πάσης
689 4062 1017 4136 ἀποδείξεως
1074 4064 1376 4142 ἐχεήσατο.
1443 4093 1462 4117 ι
1506 4069 1736 4143 Χριστὸς
1795 4069 1936 4141 ὑμᾶς

281 4153 439 4214 οὐδὲν
470 4153 768 4232 ὡξελήσει.
805 4179 832 4206 ››
867 4154 965 4212 Διὰ
991 4158 1077 4217 τίς
1133 4154 1212 4212 ςτι
1245 4157 1272 4212 ὁ
1301 4158 1787 4232 περιτεμνόμενος,
1838 4156 1936 4227 δῆ-

281 4246 379 4304 λον
411 4246 485 4308 ὡς
515 4247 614 4313 τήν
647 4248 745 4298 τοῦ
777 4247 1011 4319 Χριστοῦ
1041 4245 1204 4320 χάριν
1235 4244 1518 4319 ἔξουθενεῖ,
1583 4247 1688 4302 ὑπὸ
1741 4245 1800 4302 δὶ
1839 4252 1938 4303 τοῦ

279 4337 456 4408 νόμου
517 4334 782 4403 σώζεσθαι
838 4339 1101 4391 πιστεύει.
1160 4334 1264 4393 Τὸν
1322 4336 1412 4390 οὗν
1477 4337 1553 4410 μὴ
1617 4335 1940 4392 πιστεύοντα

283 4427 507 4500 Χριστῷ
537 4419 659 4478 οὔτε
692 4421 853 4485 αὐτὸς
879 4417 1066 4480 ’ἕλοιτο
1133 4421 1436 4500 ὠφελῆσαι.
1492 4448 1513 4477 a
1550 4425 1674 4482 *Οτι
1724 4424 1937 4502 oeuli-

281 4533 384 4583 της
415 4512 556 4569 ἐστιν
588 4511 719 4568 ὅλον
745 4511 839 4566 τὸν
869 4512 1040 4586 νόμον
1071 4521 1318 4580 ποιῆσαι.
1355 4538 1382 4562 ιι
1418 4513 1559 4586 Πρὸς
1588 4517 1666 4587 τῷ
1719 4512 1936 4585 μηκέτι,

2048 3294 2074 3321 ‹‹
2112 3269 2439 3328 tiﬁcamini.
2475 3285 2510 3326 a
2538 3267 2725 3340 gratia
2751 3266 3076 3324 excidistis.
3113 3269 3224 3320 Nos
3275 3265 3434 3321 enim
3488 3263 3701 3333 spiritu

2047 3377 2179 3416 «ex
2238 3359 2354 3416 fide
2414 3374 2577 3430 spem
2630 3357 2880 3425 justitiw
2941 3359 3374 3424 exspectamus.
3437 3355 3578 3407 Nam
3640 3352 3700 3407 in

2050 3471 2074 3503 α
2107 3449 2336 3506 Christo
2358 3449 2504 3504 Jesu
2535 3462 2729 3516 neque
2761 3444 3136 3501 circumcisio
3167 3441 3492 3516 quidquam
3525 3442 3701 3507 valet,

2051 3565 2077 3592 ιι
2111 3555 2303 3612 neque
2335 3535 2718 3613 prmputium]
2749 3533 2852 3589 sed
2876 3533 3023 3590 tides
3044 3550 3174 3602 qua:
3200 3531 3701 3603 perdilectionem

2049 3654 2076 3682 ‹‹
2110 3634 2409 3701 operatur.
2443 3624 2784 3683 Currebatis
2814 3623 2988 3688 bene,
3039 3622 3175 3694 quis
3221 3637 3322 3676 vos
3375 3618 3702 3690 impedivit,

2049 3745 2076 3773 ‹‹
2109 3727 2176 3778 ut
2203 3735 2323 3775 non
2355 3716 2676 3776 crederetis
2708 3711 2986 3770 veritati?
3015 3727 3229 3784 nempe
3252 3709 3558 3783 persuasio
3581 3725 3703 3764 non

2047 3833 2076 3860 ιι
2108 3825 2183 3868 ex
2212 3825 2282 3866 eo
2312 3806 2574 3881 profecto
2607 3805 2708 3877 qui
2740 3802 2985 3858 vocabat
3016 3816 3137 3856 vos.

2121 4003 2149 4030 ‹‹
2183 3979 2329 4035 Ecce
2374 3992 2480 4048 ego
2512 3973 2750 4030 Paulus.
2790 3993 2818 4021 »
2869 3967 3136 4026 Nominis
3182 3966 3273 4022 sui
3324 3964 3697 4027 auctoritate,

2049 4069 2178 4126 loco
2205 4065 2465 4136 cujusvis
2498 4058 3022 4118 demonstrationis
3050 4073 3193 4110 usus
3226 4061 3336 4110 est.
3373 4077 3402 4104 «
3435 4054 3701 4111 Christus

2048 4157 2214 4213 vobis
2245 4155 2396 4211 nihil
2429 4151 2711 4225 proderit.
2751 4173 2776 4200 »
2808 4145 3200 4215 Quamobrem
3225 4144 3252 4200 ?
3301 4144 3450 4211 Quia
3502 4144 3551 4197 is
3600 4143 3702 4214 qui

2047 4239 2835 4303 circumciditurmauit‘este
2852 4238 3080 4294 videtur
3093 4240 3472 4292 contemnere
3487 4230 3704 4286 Christi

2047 4335 2318 4409 gratiam.
2354 4332 2605 4389 credens
2637 4346 2697 4384 se
2730 4346 2764 4384 a
2795 4328 2922 4402 lege
2981 4327 3206 4381 salvum
3263 4322 3549 4380 futurum.
3592 4317 3702 4384 Qui

2048 4442 2186 4500 ergo
2218 4423 2446 4481 Christo
2478 4439 2599 4476 non
2627 4419 2980 4490 credit,ipse
3016 4416 3089 4472 ab
3121 4431 3190 4469 eo
3223 4411 3435 4468 salvari
3459 4425 3576 4465 non
3601 4425 3702 4480 po~

2048 4523 2182 4572 test.
2219 4536 2248 4566 »
2281 4512 2447 4581 Quod
2478 4510 2710 4567 debitor
2758 4509 2834 4564 sit
2879 4507 3064 4563 totius
3117 4504 3263 4574 legis
3313 4500 3635 4558 servanda).
3670 4519 3700 4548 ιι

282 4579 438 4684 φησῖ,
476 4600 644 4675 μηδὲν
682 4603 828 4674 παρᾶ
882 4579 1122 4678 Χριστοῦ
1179 4579 1532 4680 ὦρελιῖσθαι,
1777 4579 1933 4685 χαλε·

2049 4609 2272 4663 Prmter
2308 4579 2462 4664 Vhoc.
2522 4599 2735 4672 inquit.
2796 4595 2952 4670 quod
3010 4595 3072 4649 in
3134 4591 3301 4648 nullo
3361 4592 3704 4662 inventura

281 4695 526 4767 πώτερον
564 4693 774 4767 μυρίων
806 4695 1054 4767 γεεννῶν.
1099 4691 1198 4747 Καὶ
1259 4691 1426 4768 βάρος
1487 4691 1763 4770 ἀνωσρελὶς
1813 4694 1939 4749 ἔαυ-

281 4789 397 4842 τοῖς
429 4783 481 4836 οἱ
513 4785 755 4836 τοιοῦτοι
787 4779 1169 4856 περιτιθέασιν.
1204 4783 1269 4841 ’0
1301 4784 1400 4858 γὰρ
1447 4785 1584 4840 κατα
1637 4779 1692 4839 ἓν
1742 4805 1793 4840 τι
1843 4784 1936 4840 τὸν

284 4871 453 4943 νόμον
484 4873 688 4944 τηρῶν,
723 4869 959 4942 ἀνάγκην
1015 4866 1121 4940 ἵξει
1178 4872 1315 4926 κατᾶ
1369 4873 1542 4926 πάντα
1599 4878 1783 4948 τηρεῖν
1841 4871 1936 4926 αῦ-

282 4959 397 5023 τὸν,
432 4957 546 5013 ἐπεὶ
571 4958 743 5013 πάντα
774 4957 1083 5031 οῗχήσεται.
1119 4959 1188 5016 Τί
1240 4956 1298 5014 δὶ
1337 4959 1630 5034 βαρύτερον
1686 4965 1795 5017 τῶν
1845 4982 1941 5015 νο-

291 5054 465 5124 μικῶν
571 5050 1051 5122 παρατηρήσεωνς
1129 5071 1158 5099 ‹‹
1190 5052 1591 5124 Κατηργτζθητε
1664 5050 1769 5105 ἀπὸ
1844 5054 1939 5106 τοῦ

285 5141 542 5214 Χριστοῦ.
572 5137 620 5188 ››⁹
651 5136 1002 5205 Απεκόπητε,
1055 5136 1350 5192 ἀπεπὲσετε
1405 5139 1495 5192 ἄπ’
1554 5140 1747 5207 αὐτοῦ,
1800 5138 1941 5195 ἀνω·-

286 5229 425 5307 φελῆ
460 5228 587 5299 ὑμῖν
633 5225 830 5282 λοιπὸν
880 5224 948 5280 τὰ
1001 5224 1140 5281 κατὰ
1190 5227 1280 5282 τὸν
1335 5228 1562 5304 Χριστὸν
1619 5228 1792 5285 πάντα
1848 5227 1938 5283 καὶ

286 5321 386 5386 την
411 5317 572 5392 χάριν
626 5314 812 5371 αῦτοῦ.
880 5336 903 5364 α
960 5312 1172 5377 Οἶτινες
1229 5315 1280 5371 ἐν
1331 5319 1489 5389 νόμῳ
1548 5314 1873 5376 δικαιοῦσθε.
1908 5341 1936 5368 ιι

287 5409 300 5429 ν
414 5405 430 5426 \
546 5408 572 5420 -ο
665 5401 688 5420 ’δ
848 5406 874 5419 υ
1170 5402 1220 5422 νδ
1403 5406 1416 5428 ε
1501 5406 1513 5423 ε
1589 5399 1601 5421 θ

306 5415 432 5463 Αντι
479 5426 599 5471 τοῦ,
662 5405 1002 5458 οικαιουσθαι
1055 5423 1328 5472 σπευοετε,
1389 5427 1516 5460 ωσει
1573 5404 1781 5482 ἔλεγεν,
1841 5403 1940 5463 Οἳ-

286 5517 423 5558 τινες
453 5491 784 5564 σπουδάζετε
814 5490 874 5548 ἐκ
902 5491 1076 5566 νόμου
1143 5491 1506 5565 δικαιοῦσθαι,
1555 5504 1657 5565 τῆς
1709 5499 1937 5572 χάριτος

285 5585 583 5656 destines,
639 5581 728 5638 καὶ
795 5581 902 5637 ἀπὸ
963 5585 1065 5636 τοῦ
1129 5587 1303 5656 νόμου
1370 5585 1430 5640 οὐ
1495 5587 1935 5657 δικαιουθησεσθε,

289 5701 317 5729 α
372 5676 562 5747 Ἡμεῖς
621 5672 723 5748 γὰρ
781 5669 1064 5746 πνεύματι·
1129 5695 1156 5724 ιι
1215 5675 1402 5747 Ἡμεῖς
1461 5675 1561 5752 γὰρ
1622 5676 1673 5730 οὶ
1731 5676 1936 5751 πιστοὶ,

2047 4696 2301 4757 Christo,
2337 4691 2494 4768 quod
2536 4692 2730 4762 ipsum
2765 4686 2928 4744 mille
2962 4682 3252 4758 gehennis
3282 4679 3560 4736 miserius
3591 4682 3701 4768 est,

2048 4786 2108 4842 id
2135 4765 2373 4859 quoque
2403 4780 2619 4838 accidit
2647 4775 2806 4848 quod
2836 4771 3178 4843 hujusmodi
3205 4768 3566 4859 addiderunt
3589 4765 3700 4859 sibi

2047 4855 2215 4947 ipsis.
2249 4855 2354 4939 Qui
2389 4871 2548 4928 enim
2581 4869 2641 4922 in
2671 4882 2788 4921 uno
2818 4864 3018 4935 aliquo
3065 4861 3256 4934 legem
3289 4855 3702 4924 observaverit,

2049 4943 2466 5019 necessitatem
2492 4957 2601 5012 sibi
2623 4955 2866 5012 inducet
2889 4953 2948 5006 in
2969 4949 3245 5006 omnibus
3268 4963 3396 5002 eam
3430 4943 3701 5000 servandi

2049 5050 2532 5126 quandoquidem
2552 5046 2754 5102 omnia
2772 5050 2977 5100 mutuo
2997 5058 3058 5099 se
3073 5045 3398 5112 sequentur
3413 5042 3512 5092 tan
3524 5051 3702 5108 quam

2048 5124 2336 5198 connexa.
2371 5136 2521 5204 Quid
2551 5141 2750 5193 autem
2804 5133 3038 5204 gravius
3087 5128 3374 5202 legalibus
3423 5124 3702 5180 observa—

2050 5229 2360 5290 tionibus?
2389 5251 2416 5279 «
2451 5225 2634 5284 Soluti
2669 5224 2811 5279 estis
2841 5239 2876 5279 a
2906 5221 3153 5276 Christo.
3190 5240 3220 5270 ιι
3280 5214 3573 5288 Ampulati
3607 5229 3701 5270 es-

2051 5324 2127 5379 tis
2156 5319 2460 5378 excidistis
2490 5316 2564 5371 ab
2597 5316 2726 5386 ipso
2753 5330 2764 5368 :
2799 5312 3024 5368 nullam
3059 5309 3222 5367 vobis
3247 5308 3496 5363 aﬂ‘erent
3525 5303 3700 5358 dein-

2050 5429 2187 5487 ceps
2212 5409 2550 5471 utilitatem,
2577 5420 2706 5476 qua:
2730 5402 2943 5458 Christi
2980 5406 3120 5456 sunt
3149 5405 3204 5453 et
3233 5391 3651 5487 gratias-ipsius
3681 5403 3694 5441 :

2051 5523 2080 5553 ‹‹
2111 5481 2456 5567 Quicunque
2490 5509 2593 5565 per
2634 5491 2819 5563 legem
2861 5484 3299 5562 justiﬁcamini.
3338 5504 3364 5532 »
3417 5481 3533 5534 Hoc
3584 5481 3691 5540 est,

2041 5564 2679 5662 jus—titicari—studetis:
2716 5587 2994 5652 tanquam
3029 5576 3286 5631 diceret:
3311 5568 3416 5634 Qui
3445 5564 3697 5662 studetis

2049 5655 2122 5739 ex
2145 5679 2272 5752 lege
2284 5673 2620 5750 justiﬁcari,
2647 5687 2682 5726 a
2710 5671 2897 5743 gratia
2919 5664 3240 5729 excidistis,
3275 5666 3332 5716 et
3361 5673 3469 5712 nec
3497 5671 3530 5710 a
3565 5655 3693 5727 lege
