4108 6192
463 377 620 436 1155

1613 363 1856 426 (ΕΟΗΜ
1871 366 1961 423 ΕΝ
1978 362 2024 420 ll
2068 357 2371 420 TRlCthE
2416 357 2765 418 EPISCOPI

3693 365 3828 424 1156

468 530 496 561 ι(
527 510 799 570 tzitiones,
824 503 1166 566 seditiones,
1204 505 1398 564 sectis,
1425 499 1685 565 invidiaa,
1707 495 2109 556 cedesebriev

2231 489 2479 564 αἱρέσεις,
2540 491 2752 568 φθόνοι,
2811 490 2989 567 φόνοι,
3045 490 3220 563 μέθαι,
3253 496 3455 564 κῶμοι,
3487 492 3573 546 καὶ
3599 494 3662 547 τὰ
3689 492 3832 566 ὅμοια

465 622 490 647 ‹‹
521 605 688 664 tates,
713 593 1140 657 cavillationes,
1176 599 1232 646 et
1253 590 1345 646 his
1367 591 1619 645 similia:
1647 588 1719 645 de
1739 587 1952 659 quibus
1971 602 2116 657 prte-

470 710 493 738 ιι
520 684 650 740 dico
683 684 867 741 vobis.
903 680 1404 753 quemadmodum
1440 686 1497 734 et
1528 677 1796 750 praadixi.
1825 674 1984 747 quod
2009 673 2108 744 qui

463 799 490 824 ‹‹
526 775 666 830 talia
691 779 889 846 agunt,
926 773 1089 844 regni
1125 773 1220 827 Dei
1260 769 1526 826 hanredes
1558 787 1675 824 non
1709 774 1883 823 erunt
1915 788 1962 818 ››.

535 867 684 921 762
711 890 736 915 ‹‹
764 865 982 936 Spiritu
1005 863 1324 917 ambulate.
1356 885 1380 909 »
1403 863 1573 915 Juxta
1594 855 2113 931 spiritum,inquit,

463 961 604 1010 etea
628 972 756 1026 quae
784 953 1018 1024 spiritui
1046 952 1280 1023 placent
1299 951 1491 1022 degite
1516 967 1581 1005 ac
1611 949 1802 1008 vivite.
1839 954 1895 1002 et
1918 945 2114 1001 carnis

462 1043 1004 1115 concupiscentiam
1033 1058 1408 1113 nequaquam
1429 1039 1732 1110 expleatis.
1756 1059 1784 1087 »
1813 1039 1954 1091 Nam
1979 1051 2113 1090 caro

465 1131 830 1201 concupiscit
854 1129 1133 1185 adversus
1165 1130 1456 1200 spiritum.
1497 1151 1523 1167 η
1552 1128 1801 1183 Carnem
1846 1127 1954 1180 hoc
1986 1124 2113 1178 loco

465 1220 610 1276 dicit
639 1221 908 1276 carnales
941 1226 998 1275 et
1029 1236 1234 1291 pravas
1256 1217 1769 1288 concupiscentias
1795 1233 1808 1269 :
1839 1214 2113 1286 Spiritum

460 1326 616 1375 vero,
644 1311 896 1382 Spiritus
919 1309 1107 1364 sancti
1128 1309 1378 1381 gratiam
1404 1323 1534 1378 quas
1565 1323 1670 1378 per
1693 1307 1966 1360 virtutem
2003 1308 2112 1368 est,

464 1400 666 1455 etait:
707 1399 922 1453 Vitium
980 1395 1220 1469 quidem
1277 1396 1473 1450 virtuti
1518 1396 1885 1458 adversatur,
1933 1393 2116 1447 virtus

465 1505 598 1543 vero
632 1503 868 1542 rursum
900 1485 1242 1542 adversatur
1269 1486 1432 1549 vitio,
1464 1485 1714 1556 fungens
1753 1484 1875 1538 vice
1908 1483 2114 1552 cujus-

464 1578 598 1632 dam
625 1576 948 1649 paadagogi,
971 1593 1078 1632 ncc
1103 1576 1304 1631 sinens
1331 1592 1439 1629 nos
1457 1575 1628 1645 juxta
1650 1590 1854 1646 pravas
1887 1578 2117 1627 nostras

462 1665 975 1738 concupiscentias
998 1664 1298 1720 incedere.
1320 1697 1387 1706 —-
1409 1664 1539 1720 Alio
1561 1665 1741 1718 modo.
1762 1663 2120 1718 Adversatur

466 1757 647 1810 virtus
682 1755 846 1821 vitio,
881 1771 956 1809 ne
991 1755 1259 1809 irritante
1309 1755 1445 1808 vitio
1500 1754 1773 1824 protinus
1830 1751 2119 1807 dissoluta

461 1846 748 1915 frenoque.
769 1861 979 1899 carens
1003 1861 1020 1893 ι
1039 1844 1274 1898 oluntas
1297 1842 2022 1914 carnalisprmcipitanter
2038 1839 2111 1894 ad

464 1933 669 1988 vitium
700 1933 942 1988 feratur.
979 1935 1233 1988 Rursum
1267 1932 1609 1986 adversatur
1638 1931 1836 1986 virtuti
1885 1930 2114 1994 vitium,

463 2039 538 2078 ne
569 2022 802 2077 virtutis
843 2021 1011 2076 labor
1040 2021 1233 2076 facilis
1263 2021 1508 2075 omnino
1541 2021 1623 2078 ﬁt.
1655 2027 1712 2074 et
1733 2017 2118 2075 mercedeca-

465 2117 609 2175 reat,
644 2128 711 2166 ac
741 2111 901 2166 velut
927 2127 994 2165 ex
1029 2118 1241 2166 natura
1272 2117 1326 2165 et
1357 2111 1709 2166 neceSsitate
1741 2114 2118 2174 consecutus,

467 2207 524 2256 et
557 2208 836 2271 tanquam
867 2201 994 2256 sola
1019 2200 1374 2272 cogitatione
1407 2201 1534 2254 sine
1565 2200 1730 2254 omni
1764 2197 1959 2256 studio
2019 2194 2123 2253 aut

461 2291 785 2345 certamine
811 2291 870 2344 in
892 2288 1502 2360 opusdeductus.lpse
1521 2297 1717 2344 autem
1740 2288 2120 2343 breviterhoc

467 2379 583 2433 ait:
612 2403 635 2428 ‹‹
657 2379 727 2434 Ut
748 2395 866 2433 non
891 2393 1260 2449 quaecunque
1283 2378 1585 2432 volueritis
1609 2377 1814 2433 eadem
1833 2377 2120 2432 faciatiszn

469 2484 660 2539 neque
693 2468 870 2533 mala,
899 2468 1111 2538 inquit,
1133 2468 1302 2522 facile
1331 2475 1388 2522 et
1413 2467 1578 2522 nullo
1601 2467 1985 2538 prohibente:
2017 2481 2122 2519 ne-

469 2574 583 2629 que
613 2557 769 2613 bona
798 2557 971 2612 facile
1004 2563 1060 2611 et
1091 2557 1333 2611 omnino
1377 2556 1778 2628 negligenter:
1813 2555 1954 2609 Nam
1989 2569 2122 2623 qum

469 2649 552 2702 ita
585 2647 752 2706 fiunt.
784 2663 858 2702 ne
888 2646 1045 2702 bona
1077 2645 1319 2716 quidem
1354 2661 1482 2700 esse
1514 2649 1777 2716 possent.
1817 2666 1836 2690 ιι
1873 2641 2040 2708 Quod
2073 2641 2122 2696 si

471 2737 682 2809 spiritu
715 2736 1025 2792 ducimini.
1063 2758 1090 2784 ››
1125 2737 1201 2798 Si,
1263 2736 1476 2806 inquit,
1528 2734 1700 2805 juxta
1757 2731 2119 2787 voluntatem

473 2827 659 2882 sancti
692 2827 944 2896 Spiritus
976 2825 1315 2887 ambulatis,
1352 2841 1470 2879 non
1495 2822 1902 2887 errabitis.Qui
1927 2828 2125 2876 autem

473 2917 534 2970 in
567 2915 726 2970 nullo
762 2916 996 2976 labitur.
1030 2932 1149 2969 non
1183 2921 1312 2987 eget
1339 2914 1464 2984 lege
1497 2920 1598 2968 aut
1624 2912 1872 2968 consilio
1906 2910 2062 2982 quod
2093 2926 2127 2965 a

473 3004 603 3077 lege
635 3012 887 3076 petatur.
921 3004 1024 3058 Cui
1057 3020 1192 3058 vero
1220 3003 1345 3075 lege
1369 3020 1487 3058 non
1513 3009 1600 3058 est
1617 3016 1994 3073 opus,neque
2018 2999 2124 3055 sub

482 3095 610 3166 lege
642 3100 768 3148 est:
803 3093 958 3164 quod
991 3094 1165 3147 etiam
1200 3091 1339 3146 alibi
1375 3092 1538 3147 dicit.
1566 3093 1731 3146 Justo
1764 3106 1883 3144 non
1916 3093 2005 3143 est
2034 3089 2128 3144 lex

475 3184 688 3254 posita.
722 3185 946 3236 «Porro
972 3182 1289 3237 manifesta
1307 3187 1462 3235 sunt.
1489 3203 1512 3226 ι»
1537 3182 1840 3252 Tanquam
1864 3179 2120 3233 diceret:

2219 580 2458 642 τούτοις.
2493 581 2565 636 "A
2589 577 2842 656 προλὲγω
2876 579 3030 654 ὖμῖν,
3063 582 3242 645 καθὼς
3274 583 3361 637 καὶ
3397 587 3672 658 προεῖπον,
3702 586 3835 640 δτιοὶ

2222 668 2288 724 τὰ
2316 673 2541 724 τοιαῦτα
2575 670 2925 744 πράσσοντες,
2962 669 3246 744 βασιλείαν
3316 675 3449 727 Θεοῦ
3498 671 3559 727 οὐ
3602 670 3838 747 κληρονο-

2229 761 2514 831 μήσουσιν.

2298 849 2633 922 ‹‹Ι1νεύματι
2691 855 3056 924 περιπατεῖτε.
3121 874 3148 901 η
3215 853 3366 907 Κατᾶ
3418 855 3646 923 πνεῦμα,
3704 853 3839 927 φησὶ,

2225 939 2315 992 καὶ
2346 942 2412 993 τὰ
2445 939 2593 1010 αὖτῷ
2625 935 2889 994 δοκοῦντα
2951 938 3162 1016 διάγετε
3218 941 3308 995 καὶ
3368 943 3572 1016 βιοῦτε,
3628 942 3709 996 καῖ
3761 944 3843 997 οὐκ

2226 1024 2285 1081 ἄν
2347 1026 2688 1101 πληρώσητε
2747 1030 2942 1102 σαρκὸς
2998 1028 3314 1101 ἐπιθυμίαν,
3376 1054 3403 1081 ‹‹
3464 1031 3525 1086 Ἢ
3588 1031 3685 1106 γὰρ
3738 1030 3843 1104 σὰρξ

2223 1113 2479 1178 ἐπιθυμεῖ
2505 1118 2642 1171 κατᾶ
2669 1120 2765 1170 τοῦ
2795 1119 3123 1190 πνεύματος.
3159 1143 3186 1169 υ
3246 1120 3427 1192 Σάρκα
3485 1117 3717 1185 ἐνττῦθτ,
3766 1120 3842 1180 τὰς

2225 1207 2483 1278 σαρκικᾶις
2517 1206 2604 1260 καὶ
2645 1208 2888 1281 πονηρὰς
2941 1207 3231 1280 ἐπιθυμίας
3292 1206 3466 1280 λέγει.
3530 1212 3734 1280 Πνεῦμα
3782 1204 3842 1272 δὶ,

2224 1294 2323 1364 τὴν
2355 1294 2440 1350 ἐπὶ
2473 1298 2540 1368 τῇ
2571 1295 2736 1369 ἀρετῇ
2784 1295 2948 1374 χάριν
3003 1302 3101 1352 τοῦ
3160 1297 3313 1372 ἁγίου
3375 1296 3705 1369 Πνεύματος.
3760 1297 3844 1352 Καί

2229 1403 2413 1460 φησιν.
2446 1383 2507 1440 Ἦ
2537 1385 2634 1456 μὶν
2665 1385 2827 1440 κακία
2858 1383 3156 1440 ἀντίκειται
3182 1389 3250 1459 τῇ
3294 1387 3484 1460 ἀρετῇ,
3517 1387 3551 1454 ἡ
3608 1385 3662 1439 δὲ
3712 1387 3844 1460 ἁρετὴ

2227 1470 2417 1555 πάλιν,
2441 1471 2773 1529 ἐναντιοῦται
2813 1478 2881 1548 τῇ
2939 1475 3124 1546 κακίᾳ,
3181 1472 3540 1552 παιδαγωγοῦ
3589 1495 3723 1538 τινος
3769 1477 3843 1530 τά·

2230 1564 2307 1633 ειν
2335 1561 2743 1636 ἀναπληροῦσα,
2777 1563 2868 1618 καὶ
2905 1565 2982 1637 μή
3015 1563 3158 1619 ἐῶσα
3214 1566 3363 1636 ἡμᾶς
3397 1565 3537 1619 κατᾶ
3590 1567 3681 1625 τας
3730 1564 3842 1643 φαύο

2231 1647 2331 1711 λας
2389 1649 2679 1725 ἐπιθυμίας
2723 1653 3068 1728 πορεύεσθαι.
3132 1688 3196 1697 -
3248 1653 3502 1714 ’Ἀλλως.
3563 1653 3845 1710 Ἀντίκειται

2229 1744 2263 1811 ἡ
2297 1743 2462 1816 ἀρετή
2493 1746 2561 1817 τῇ
2593 1744 2776 1814 κακίᾳ,
2835 1745 2924 1798 ἳνα
2982 1746 3080 1818 μή,
3134 1752 3234 1815 τῆς
3292 1747 3489 1806 κακίας
3548 1745 3846 1819 ὲρεθισάσης,

2232 1832 2430 1896 εὐθέως
2479 1833 2660 1909 ὥσπερ
2717 1833 2993 1891 ἀπὸλυτον
3045 1836 3135 1890 καὶ
3193 1834 3547 1911 ἆχαλίνωτον
3615 1834 3696 1890 ἐπὶ
3744 1855 3851 1909 πρα-

2230 1926 2354 1984 νοῦς
2387 1921 2614 1999 φέρηται
2654 1923 2717 1978 τὸ
2775 1925 3028 1999 σαρκικὸν
3081 1924 3299 1997 θέλημα
3355 1926 3499 2000 πρὸς
3565 1925 3659 1992 τήν
3706 1926 3850 1997 ἀμαρ-

2229 2009 2368 2068 τίαν.
2406 2009 2575 2065 Πάλιν
2619 2011 2914 2068 ἀντίκειται
2962 2016 3030 2086 τῇ
3090 2013 3256 2087 ἀρετῇ
3315 2016 3350 2082 ἡ
3411 2013 3598 2082 κακία,
3654 2011 3738 2067 ’ἱνα
3786 2013 3845 2084 μή

2227 2106 2327 2169 τῆς
2357 2100 2553 2172 ἀρετῆς
2582 2103 2617 2170 ἡ
2678 2100 2900 2177 ἐργασία
2953 2100 3343 2178 ἀταλαιπωρος
3399 2103 3578 2174 πάντη
3611 2103 3695 2158 καὶ
3744 2102 3848 2176 iitu-

2231 2191 2353 2251 σθος
2385 2189 2493 2260 εἶή,
2523 2191 2612 2244 καὶ
2645 2193 2760 2246 οἷον
2823 2191 2884 2246 ἐκ
2943 2191 3154 2266 φύσεως
3210 2193 3300 2246 καὶ
3351 2192 3402 2263 ἐξ
3462 2192 3696 2266 ἀνάγκης
3742 2195 3851 2265 ἡμῖν

2232 2277 2760 2356 συγκεκληρωμένη,
2794 2280 2883 2335 καὶ
2916 2281 2992 2345 ὠς
3027 2282 3178 2355 μόνῳ
3208 2285 3286 2353 τῷ
3338 2279 3693 2352 διανοηθῆναι
3745 2300 3850 2334 κατα

2233 2370 2560 2444 ορθιιυμένη,
2619 2369 2797 2442 χωρὲς
2861 2368 3110 2439 σπουδῆς
3201 2370 3413 2442 ἀπάσης
3475 2372 3565 2426 καὶ
3651 2369 3852 2444 ἀγωνίσ-

2238 2477 2428 2530 ματος.
2489 2457 2663 2521 Αότὸς
2723 2457 2778 2514 δὶ
2837 2459 3116 2534 συντόμως
3169 2460 3300 2515 αὐτό
3351 2481 3537 2538 φησιν·
3571 2486 3598 2513 ιι
3636 2461 3737 2516 Ἲνα
3789 2459 3849 2531 μὴ

2234 2541 2368 2621 ἅπερ
2418 2547 2480 2601 ἂν
2535 2547 2750 2618 Θὲλητε,
2803 2553 2970 2603 ταῦτα
3025 2555 3244 2619 ποιῆτε.
3315 2575 3336 2603 ι
3406 2552 3551 2623 μήτε
3604 2550 3668 2605 τὰ
3719 2547 3852 2614 κακὰ,

2235 2635 2420 2706 φησὶν,
2517 2636 2759 2712 εὐχερῶς
2839 2637 2985 2699 ὅλως
3042 2638 3132 2693 καί

2233 2725 2333 2800 γὰρ
2421 2725 2592 2801 ἀγαθᾶ
2679 2724 2882 2800 ῥᾳδίως
2969 2727 3144 2799 πάντη
3231 2728 3319 2783 καὶ
3400 2727 3708 2804 ὀλιγώρως.
3790 2726 3854 2782 Τὰ

2237 2812 2380 2868 οὕτω
2411 2814 2782 2890 πραττόμενα,
2809 2812 2929 2870 οὐδ’
2960 2817 3136 2893 ἀγαθὰ
3166 2818 3224 2870 ἅν
3287 2817 3370 2886 εἳη
3453 2843 3483 2869 ‹‹
3523 2817 3586 2875 Εἰ
3643 2815 3694 2872 δὲ
3729 2813 3855 2870 πνεύ-

2240 2925 2367 2976 ματι
2400 2906 2609 2981 ἄγεσθε.
2651 2929 2677 2956 ι)
2730 2905 2796 2961 Εἰ
2855 2907 2992 2960 κατὰ
3014 2909 3114 2974 τήν
3148 2905 3381 2982 βουλὴν,
3425 2911 3585 2985 φησέ,
3615 2911 3706 2962 τοῦ
3727 2905 3855 2982 ἁγίου

2238 2994 2554 3066 Πνεύματος
2587 3001 2951 3069 περιπατεῖτε,
3021 2996 3089 3051 οὐ
3153 2996 3521 3076 σφαλῆσεσθε.
3578 2999 3638 3054 ὐ
3692 2994 3743 3050 δε
3793 2995 3850 3066 μή

2237 3084 2444 3137 πταίων
2477 3077 2529 3138 ἕν
2561 3105 2686 3154 τινι,
2719 3083 2780 3138 οὐ
2823 3086 3020 3158 χρῄζει
3061 3088 3156 3139 τοῦ
3213 3087 3385 3157 νόμου
3438 3085 3533 3140 καὶ
3587 3092 3684 3154 τῆς
3712 3083 3854 3138 ἐντεῦ-

2239 3173 2323 3226 Θεν
2355 3167 2698 3244 συμϐουλῆς.
2731 3177 2785 3226 'O
2819 3169 2875 3226 δέ
2905 3193 2968 3249 γε
3007 3174 3080 3245 μὴ
3115 3173 3366 3251 χρῄζων,
3399 3173 3526 3229 οὒτε
3586 3174 3671 3229 ὑπ’
3724 3170 3853 3226 αὐτόν

3218 2638 3546 2708 ἀκωλύτως,
3612 2641 3742 2711 μήτε
3802 2635 3854 2690 τὶ

475 3276 554 3325 Εχ
585 3270 728 3341 ipsis
769 3270 1056 3324 fructibus
1087 3270 1455 3338 cognoscetis
1514 3285 1751 3340 pravam
1800 3273 1858 3322 et
1904 3266 2118 3322 malam

2237 3258 2395 3330 ἐστιν,
2432 3259 2562 3334 ὅπερ
2597 3261 2682 3314 καὶ
2715 3259 2970 3334 ἄλλαιχοῦ
2999 3281 3153 3338 φησι,
3187 3263 3392 3335 Δικαίῳ
3439 3263 3616 3336 νόμος
3669 3261 3726 3315 οὗ
3763 3262 3852 3314 κεῖ-

475 3359 1003 3413 conversationem.
1030 3359 1284 3412 Rursum
1309 3363 1506 3412 autem
1531 3356 1985 3418 Carnisdicit,id
2015 3360 2121 3424 est,

471 3451 761 3514 corrupta;
793 3445 1187 3515 cogitationis,
1223 3453 1281 3498 et
1309 3452 1564 3500 terrenae
1595 3463 1662 3500 ac
1692 3445 1949 3500 carnalis
1971 3444 2120 3500 vitm.

470 3556 497 3581 ‹‹
527 3533 716 3602 Opera
738 3533 958 3586 carnis.
989 3555 1016 3580 ››
1040 3533 1410 3588 Manifestum
1438 3541 1678 3606 estergo
1699 3533 2121 3603 quodCarnem

469 3621 628 3677 dicat
658 3620 956 3676 carnalem
979 3636 1242 3686 sensum,
1266 3621 1374 3675 hoc
1393 3627 1501 3688 est,
1528 3622 1979 3677 inclinationem
2003 3620 2124 3674 ani-

472 3727 582 3766 mae
613 3709 687 3764 ad
719 3709 1036 3776 deteriora,
1093 3711 1368 3781 spiritum
1417 3726 1550 3764 vero
1600 3709 1798 3764 datam
1847 3708 2117 3779 gratiam.

472 3821 500 3851 ‹‹
535 3799 943 3863 lmmunditia,
975 3799 1229 3855 lascivia.
1272 3823 1298 3848 »
1339 3798 1786 3854 Immunditiam
1833 3815 1900 3854 ac
1943 3797 2119 3852 lasci-

469 3890 619 3945 viam
644 3890 789 3945 dicit
814 3897 1013 3960 turpes
1037 3890 1225 3962 stupri
1257 3888 1480 3944 modos.
1511 3888 1938 3955 «Inimicitiae,»
1964 3887 2120 3959 inju-

468 3984 572 4032 stas
615 3978 905 4032 videlicet.
954 3980 1098 4033 Nam
1131 3986 1270 4033 sunt
1301 3979 1557 4050 etjustae
1590 3978 1940 4035 inimicitiis.
1991 3992 2120 4047 qua)

464 4070 700 4135 propter
739 4065 917 4119 ﬁdem
949 4073 1284 4121 sumuntur.
1323 4066 1379 4120 Si
1411 4065 1694 4137 possibile
1739 4071 1849 4129 est,
1903 4064 2118 4134 inquit,

465 4159 755 4223 quantum
783 4169 852 4207 ex
875 4153 1038 4207 vobis
1063 4162 1171 4221 est,
1199 4170 1332 4209 cum
1357 4155 1633 4210 omnibus
1652 4155 1712 4208 in
1739 4169 1881 4225 pace
1912 4153 2117 4208 vivite:

467 4243 549 4297 ita
578 4247 644 4296 ut
666 4242 1052 4297 manifestum
1077 4243 1154 4298 sit
1181 4243 1485 4298 interdum
1517 4261 1637 4299 non
1661 4260 1790 4298 esse
1813 4242 2116 4314 possibile;

471 4355 498 4382 ‹‹
531 4332 974 4386 Emulationes.
1017 4354 1042 4380 ››
1064 4332 1264 4404 Neque
1284 4334 1441 4388 enim
1465 4339 1697 4405 Oportet
1716 4331 1983 4388 aemulari
2002 4332 2120 4385 sive

470 4420 866 4485 invidere,sed
888 4419 1143 4493 gaudere
1162 4437 1296 4476 cum
1319 4421 1711 4493 gaudentibus
1737 4428 1795 4476 et
1817 4421 1960 4476 flere
1985 4436 2119 4475 cum

468 4508 768 4565 flentibus.
809 4533 836 4560 «
857 4510 1359 4566 Concertationes.
1385 4533 1413 4560 ››
1437 4511 1552 4565 Hoc
1579 4516 1687 4575 est,
1707 4510 2118 4565 contentiones

2231 3369 2341 3406 ται.
2375 3374 2402 3401 ‹‹
2440 3349 2656 3419 Φανερὰ
2688 3345 2745 3404 δὲ
2783 3347 2916 3404 ἐστι.
2955 3375 2975 3402 ι
3013 3349 3149 3404 Ὡσεῖ
3183 3347 3388 3424 ἔλεγενο
3421 3352 3512 3421 Ἐξ
3545 3349 3714 3405 αὐτῶν
3764 3351 3851 3401 τῶν

2229 3443 2450 3513 καρπῶν
2505 3439 2868 3514 ἐπιγνώσεσθε
2918 3439 3018 3508 τήν
3074 3441 3315 3516 πονηρὰν
3370 3440 3463 3496 καὶ
3508 3439 3716 3515 φαύλην
3767 3443 3851 3492 πὸ·-

2231 3526 2454 3582 λιτείαν.
2494 3530 2699 3603 Σαρκὸς
2733 3524 2789 3582 δὲ
2851 3528 3015 3583 πάλιν
3075 3526 3240 3602 λέγει,
3280 3533 3376 3584 τοῦ
3429 3528 3851 3603 διαφθειρομένου

2231 3613 2508 3692 λογισμοῦ
2538 3617 2626 3672 καὶ
2659 3625 2759 3687 τῆς
2790 3614 3035 3692 γεώδους
3066 3618 3154 3672 καὶ
3217 3625 3480 3693 σαρκικῆς
3514 3625 3679 3688 ζωῆς.
3730 3641 3750 3668 ι
3785 3614 3850 3671 Τὰ

2227 3702 2354 3780 ἔργα
2386 3715 2483 3774 τῆς
2517 3707 2736 3782 σαρκός.
2773 3730 2800 3758 ››
2837 3704 3015 3776 Δῆλον
3049 3705 3235 3762 τοίνυν
3269 3707 3344 3768 ὡς
3387 3709 3583 3782 σάρκα,
3640 3708 3700 3760 τὸ
3751 3723 3853 3776 σαρ-

2225 3795 2377 3850 κικὸν
2409 3796 2666 3873 φρόνημα
2704 3794 2885 3860 καλεῖ,
2941 3795 3212 3862 τουτέστι,
3273 3802 3373 3864 τῆς
3424 3799 3613 3875 ψυχῆς
3665 3797 3757 3864 τήν
3784 3791 3853 3846 ἐπι

2223 3886 2291 3940 τὶ
2317 3883 2491 3959 χείρω
2549 3883 2744 3958 ῥοπὴν,
2803 3888 3016 3956 πνεῦμα
3066 3882 3123 3939 δὲ
3180 3885 3278 3952 τήν
3339 3881 3641 3957 δεδομένην
3697 3883 3852 3958 χάριν,

2227 4000 2254 4028 ι(
2308 3974 2660 4047 ’Δκαθορσῖα,
2712 3973 2990 4049 ἀσέλγεια,
3050 3999 3078 4026 ››
3138 3975 3498 4046 Ἀκαθαρσίαν
3557 3975 3643 4031 καί
3719 3970 3853 4029 ἁσὲλ·

2223 4084 2368 4139 γεικν
2402 4062 2556 4140 φησὶ,
2588 4063 2827 4132 τρόπους
2862 4062 3131 4138 αἰσχροὺς
3192 4064 3467 4136 πορνείας,
3507 4089 3527 4114 ι
3564 4064 3800 4137 Ἐχθραι.
3828 4081 3851 4108 ιι

2224 4156 2291 4212 Αἱ
2324 4149 2523 4208 ἀδικοι.
2558 4152 2807 4228 Εἷσὶγᾶρ
2855 4153 2943 4207 καὶ
3001 4150 3206 4208 δίκαιαι
3265 4147 3483 4230 ἔχθραι,
3533 4154 3591 4207 αἱ
3647 4148 3731 4206 διὰ
3771 4149 3849 4217 τήν

2224 4242 2402 4299 πίστιν
2441 4242 2745 4318 γινόμεναι.
2785 4239 2845 4296 Εἰ
2879 4238 3102 4296 δυνατὸν
3151 4249 3275 4318 γὰρ,
3311 4242 3468 4322 φησὶ,
3521 4242 3586 4296 τὸ
3644 4241 3690 4313 ἐξ
3724 4239 3850 4312 ὑμῶν

2228 4333 2364 4406 μετᾶ
2393 4331 2608 4386 πάντων
2651 4329 2951 4406 ἀνθρώπων
2982 4330 3309 4406 εἰρηνεύετε,
3365 4331 3441 4395 ὡς
3492 4333 3630 4386 εἶναι
3685 4326 3849 4397 δῆλον,

2225 4421 2310 4477 ὅτι
2342 4415 2484 4475 ἔστιν
2505 4421 2594 4474 ὅτε
2625 4418 2725 4473 οὐκ
2764 4417 2876 4474 ἔστι
2926 4415 3174 4474 δυνατόν.
3233 4445 3260 4472 ‹‹
3318 4417 3512 4489 Ζῆλοι.
3551 4443 3573 4473 ι
3631 4417 3704 4476 Ού
3758 4414 3850 4491 χρὴ

2223 4512 2322 4587 γὰρ
2391 4507 2668 4580 ζηλεύειν,
2728 4507 2874 4564 ἀλλὰ
2937 4509 3151 4583 χαίρειν
3212 4511 3348 4582 μετὰ
3402 4509 3730 4585 χαιρόντων,
3780 4499 3849 4557 καὶ

468 4598 622 4653 alite
651 4605 813 4654 ortre.
845 4600 996 4654 763
1027 4620 1047 4647 α
1069 4599 1503 4655 Cavillationes.
1529 4630 1550 4653 »ι
1576 4601 1676 4653 Est
1700 4605 1900 4653 autem
1922 4616 2118 4667 κωμω·

2231 4598 2436 4656 κλαίειν
2477 4599 2610 4670 μετᾶ
2639 4595 2960 4652 κλαιόντων.
2992 4597 3316 4672 ιιἘρίθειαι.
3344 4621 3368 4651 υ
3404 4599 3530 4652 Οἷον
3559 4592 3852 4678 φιλονεικίαι

467 4683 576 4739 δεῖν
609 4688 788 4755 (unde
811 4691 1041 4758 κῶμως,
1074 4689 1128 4742 id
1164 4696 1272 4748 est,
1305 4689 1602 4744 cavillatio
1633 4687 1952 4758 derivatur)
1985 4703 2119 4742 cum

469 4775 752 4830 ebrietate
779 4777 1031 4832 aliorum
1067 4777 1379 4848 opiniones
1415 4777 1699 4831 cavillari.
1735 4804 1758 4828 «ι
1803 4776 1984 4847 Regni
2019 4776 2121 4830 Dei

470 4862 736 4916 liaeredes
769 4881 888 4919 non
921 4873 1117 4921 erunt.
1154 4887 1181 4915 ››
1214 4866 1410 4938 ltegno
1445 4865 1682 4920 interim
1715 4880 1920 4919 omnes
1963 4865 2116 4920 exci-

469 4948 612 5002 dent
643 4965 655 5003 :
693 4951 804 5004 erit
836 4959 1031 5008 tamen
1064 4961 1121 5008 et
1153 4955 1580 5026 suppliciorum
1611 4954 1940 5010 diversitas.

543 5038 603 5104 V,
638 5041 830 5093 22-26.
869 5063 892 5092 α
927 5043 1144 5098 Contra
1175 5043 1403 5099 fructus
1436 5044 1686 5114 Spiritus
1717 5051 1809 5098 est
1837 5043 2121 5112 charitas,

472 5151 499 5179 ι(
533 5126 835 5200 gaudium.
871 5145 1003 5199 pax,
1038 5131 1272 5198 lenitas,
1307 5133 1662 5204 benignitas.
1686 5130 2118 5198 bonitas,fides,

471 5241 496 5265 ‹‹
531 5219 947 5280 mansuetudo,
985 5223 1392 5291 temperantia.
1429 5223 1721 5278 Adversus
1780 5219 2119 5294 hujusmodi

469 5332 496 5356 ‹‹
525 5325 642 5362 non
668 5315 758 5362 est
780 5309 871 5362 lex
893 5310 979 5363 :Hi
1001 5317 1195 5365 autem
1213 5312 1682 5367 Christicarnem
1700 5312 2122 5367 crucifixerunt

471 5421 497 5448 «
523 5416 659 5454 cum
687 5399 998 5454 affectibus
1023 5407 1081 5454 et
1101 5403 1618 5472 concupiscentiis.
1649 5403 1703 5457 Si
1739 5403 1948 5473 spiritu
1981 5401 2120 5455 vivi-

467 5509 496 5537 ι(
532 5504 687 5554 mus,
748 5489 961 5561 spiritu
1012 5489 1191 5546 etiam
1235 5490 1601 5546 incedamus.
1654 5493 1732 5546 Ne
1791 5491 2121 5548 efficiamur

467 5594 499 5624 κ
530 5578 728 5636 inanis
757 5580 963 5652 gloria
994 5579 1217 5651 cupidi,
1237 5580 1490 5636 invicem
1519 5581 1856 5637 invidentes
1887 5603 1937 5635 η.

2227 4688 2334 4744 ἀπὸ
2365 4691 2462 4754 τῆς
2493 4683 2692 4762 ἔριδος.
2726 4712 2753 4736 u
2790 4689 3007 4758 Κῶμοι.
3038 4711 3063 4736 ››
3094 4689 3164 4741 Τὸ
3185 4683 3476 4760 κωμῳδεῖν
3505 4689 3594 4742 καὶ
3627 4682 3852 4741 ἀποσκώο

2227 4799 2380 4833 πτειν
2411 4774 2710 4847 ἀλλοτρίας
2745 4773 3050 4849 ὑπολήψεις
3087 4776 3222 4850 μετὰ
3260 4774 3446 4848 μέθης.
3510 4801 3538 4828 ιι
3591 4771 3848 4832 Βασιλείαν

2228 4870 2361 4922 Θεοῦ
2393 4865 2456 4920 ού
2485 4863 2990 4936 κληρονομήσουσι.
3033 4893 3056 4916 ιο
3087 4863 3237 4927 Τέως
3271 4861 3548 4939 βασιλείας
3586 4858 3848 4919 ἔκπτωσις.

2229 4958 2310 5013 Τὰ
2341 4957 2444 5032 γαρ
2475 4958 2581 5008 τῶν
2613 4952 2895 5028 τιμωρίῶν
2923 4949 3182 5031 διάφορα.

2298 5040 2360 5101 Ὅ
2392 5041 2449 5098 δὲ
2505 5043 2711 5118 καρπὸς
2763 5045 2860 5097 τοῦ
2921 5043 3237 5117 Πνεύματός
3268 5041 3409 5098 ἐστιν
3461 5043 3669 5117 ἀγάπη,
3700 5037 3846 5114 χαρὰ,

2227 5135 2442 5210 εἶ’ρήνη,
2481 5131 2845 5206 μακροθυμία,
2879 5133 3217 5206 χρηστότης,
3278 5133 3621 5206 ἀγαθωσύνη,
3670 5131 3846 5194 πίστις,

2229 5224 2494 5297 πρᾳότης,
2529 5221 2833 5296 ἐγκράτεια.
2913 5221 3063 5277 Κατᾶ
3134 5225 3243 5275 τῶν
3286 5221 3552 5276 τοιούτων
3608 5220 3702 5274 οὐκ
3754 5213 3848 5270 ἔστι

2227 5312 2419 5385 νόμος.
2499 5311 2564 5367 Οἱ
2641 5308 2697 5363 δὲ
2771 5313 2866 5363 τοῦ
2942 5314 3183 5384 Χριστοῦ
3258 5313 3358 5379 τήν
3436 5310 3608 5383 σὶρκα
3685 5302 3848 5362 tmt-

2822 5401 3105 5471 παθήμασι
3180 5400 3270 5454 καὶ
3346 5405 3466 5461 ταῖς
3542 5394 3848 5466 ἐπιθυμίαις.

2229 5490 2296 5549 Εἴ
2329 5495 2504 5562 ζῶμεν
2536 5486 2825 5559 πνεύματι,
2857 5488 3122 5561 πνεύματι
3147 5487 3239 5542 καὶ
3292 5493 3629 5564 στοιχῶμεν,
3662 5486 3746 5551 Μὴ
3773 5501 3847 5556 γι⁸

2228 5581 2448 5654 νώμεθα
2475 5571 3075 5648 κινόδοξοι,ἀλλήλους
3105 5577 3571 5653 προκαλούμενοι,
3595 5569 3849 5645 ἀλλήλους

2227 5671 2566 5749 φθονοῦντος.

2229 5423 2407 5475 ρωσαν
2461 5399 2551 5452 σὺν
2625 5404 2744 5453 τοῖς
