4096 6194
285 327 443 390 1157

1267 334 1667 397 COMMENT.
1712 331 1789 392 IN
1836 329 2087 390 EPIST.
2135 328 2187 390 Il
2234 330 2337 391 AD
2384 334 2473 397 ΟΛ
2494 332 2662 395 LAT.

3533 342 3691 404 “58

350 458 590 549 ΚαρπὸνΔ
631 458 747 514 εῖπι
802 461 893 516 καὶ
949 460 1052 549 οὐκ
1094 458 1283 549 ύργον,
1334 464 1429 520 ’ίνα
1485 462 1633 541 δείξῃ
1691 465 1775 519 δτι
1825 469 1921 531 τῆς

2117 464 2396 521 Fructum
2426 464 2577 521 dixit
2596 472 2656 522 et
2678 482 2797 522 non
2820 483 2989 539 opus.
3013 473 3079 523 ut
3103 471 3380 528 ostendat
3404 474 3509 529 Dei
3541 491 3691 549 opus

276 550 372 602 τοῦ
403 552 537 603 Θεοῦ
569 542 739 603 δεῖται
774 547 1031 623 βοηθείας
1060 547 1159 613 εἵς·
1184 552 1248 607 τὸ
1279 561 1719 632 καρποφορῆσαι.
1755 575 1784 606 ιι
1817 554 1932 609 Τοῦ

278 628 619 700 Ιίνεύματος.
680 650 705 680 ι
766 629 829 686 Ἢ
886 627 1054 686 αὐτοῦ
1128 635 1227 687 τοῦ
1302 627 1682 709 παρακλήτου,
1742 631 1779 702 ἢ
1834 636 1932 687 τοῦ

276 714 651 791 πνεύματικοῦ
681 718 769 773 καὶ
806 717 1058 793 ἐναρέτου
1111 720 1258 795 βίου.
1317 747 1345 774 u
1381 722 1551 797 Χαρά.
1584 748 1613 777 ››
1672 723 1744 779 Τὸ
1801 720 1930 797 χαί-

277 823 385 881 ρειν
426 805 514 860 ἐπὶ
559 812 696 877 Θεῷ,
745 807 808 862 τὸ
858 806 1161 879 συνείδησιν
1216 808 1387 886 ἔχειν.
1434 813 1497 866 οἱ
1543 811 1644 887 γὰρ
1686 813 1929 866 τοιοῦτοι

277 894 555 969 λα’ρουσι-
586 920 614 948 ί(
650 894 794 949 Κατᾶ
841 901 949 952 τῶν
1004 898 1270 955 τοιούτων
1322 900 1423 955 οὐκ
1450 900 1566 955 ’ἐστι
1588 894 1775 973 νόμος·
1808 922 1834 948 »ι
1867 898 1930 955 '0

270 983 373 1059 γὰρ
454 987 625 1040 ταῦτα
709 986 1091 1058 κατωρθωκὼς
1146 986 1210 1042 οὗ
1269 985 1437 1044 δεῖται
1494 992 1590 1045 τοῦ
1645 983 1932 1064 παιδαγω-

271 1076 503 1149 γοῦντος
559 1074 755 1146 νόμου.
818 1073 1189 1150 ’Υψηλότερος
1240 1077 1341 1151 γὰρ
1399 1077 1566 1132 αὐτοῦ
1605 1075 1766 1133 ἐστιν.
1806 1102 1832 1130 ιι
1862 1076 1928 1134 Ol

272 1157 331 1215 δὶ
360 1165 457 1215 τοῦ
488 1163 726 1236 Χριστοῦ
762 1164 861 1233 τήν
909 1164 1099 1238 σάρκα.
1136 1190 1165 1216 ››
1205 1165 1340 1222 Εἶτα
1362 1163 1456 1221 ’ίνα
1489 1168 1565 1238 μὴ
1599 1159 1794 1245 ἔχωσι,
1823 1164 1926 1222 Καὶ

266 1248 351 1312 τίς
381 1254 552 1307 ταῦτα
577 1255 761 1322 ποιεῖς
808 1252 990 1328 τρησίν.
1040 1252 1206 1312 Οὗτοί
1258 1253 1391 1312 εἰσιν
1424 1256 1477 1309 οἱ
1506 1258 1671 1311 ταῦτα
1701 1258 1925 1310 ποιοῦν-

266 1355 381 1405 τες,
435 1336 632 1405 οἵτινες
686 1341 784 1408 τήν
844 1339 1016 1415 σάρκα
1071 1344 1172 1396 τοῦ
1229 1345 1491 1417 Χριστοῦ,
1547 1340 1813 1412 τουτὲστι,
1862 1342 1927 1396 τὸ

272 1424 475 1484 οἲκεῖον
532 1433 692 1504 σῶμα
746 1429 899 1504 (σὰρξ
952 1431 1056 1507 γὰρ
1107 1435 1375 1504 Χριστοῦ,
1405 1433 1468 1488 τὸ
1515 1432 1781 1507 ἡμέτερον
1817 1434 1925 1487 σῶ-

271 1518 393 1591 μα),
446 1516 786 1593 ἐσταύρωσαν
844 1517 935 1573 καὶ
990 1519 1110 1575 οἷον
1170 1519 1465 1595 ἐνέκρωσαν
1525 1521 1630 1576 ἀπὸ
1671 1525 1778 1576 τῶν
1813 1540 1923 1576 σω-

268 1609 518 1678 ματικῶν
563 1608 769 1663 παθῶν.
828 1607 925 1662 Καὶ
988 1609 1054 1663 ού
1118 1608 1278 1682 μόνον
1326 1610 1390 1665 τὸ
1422 1614 1603 1678 σῶμα,
1637 1610 1762 1665 ὂσον
1794 1612 1921 1679 ἧκεν

265 1692 344 1755 εἷς
394 1693 462 1747 τὰ
520 1694 663 1764 πάθη
727 1693 1094 1768 ἐσταύρωσαν,
1147 1695 1295 1753 ἀλλὰ
1345 1698 1436 1752 καὶ
1485 1695 1620 1751 αὐτὰ
1648 1698 1715 1753 τα
1754 1697 1923 1768 πάθη,

264 1782 390 1838 ὅσον
421 1784 548 1851 ἧκεν
583 1783 658 1845 εἰς
686 1783 748 1838 τὸ
806 1782 1173 1849 ἐπιτελεῖσθαι
1231 1787 1360 1861 παρ’
1412 1785 1588 1841 αὐτῶν
1622 1785 1920 1861 ἐσταύρων-

261 1891 374 1941 ται,
418 1872 554 1926 κατᾶ
612 1872 815 1942 ταύτην
873 1874 972 1941 τήν
1032 1873 1343 1948 ἑρμηνείαν,
1401 1876 1463 1929 τὸ
1521 1873 1600 1944 δὲ,
1659 1877 1922 1950 παρέλκει

262 1981 372 2015 ται.
415 1991 485 2003 —-
527 1962 597 2017 ’Ἠ
660 1961 859 2024 οὕτως.
922 1962 1025 2019 Καὶ
1078 1963 1131 2018 τί
1188 1954 1358 2038 λέγω,
1417 1963 1604 2041 φησὶν,
1646 1960 1921 2018 ξ’·ικαίνὲν

264 2049 462 2122 ἀρετῆς
525 2045 718 2119 εἶδος;
797 2049 901 2105 εἰσὶ
968 2050 1068 2126 γὰρ
1126 2071 1271 2115 τινες
1326 2050 1380 2105 οἳ
1435 2052 1526 2107 καὶ
1584 2050 1925 2122 ἐσταύρωσαν

261 2137 510 2205 ἑαυτοὺς,
539 2139 664 2194 ὅσον
693 2138 835 2215 πρὸς
872 2140 940 2195 τὰ
969 2141 1140 2210 παθη,
1178 2140 1268 2195 καὶ
1314 2141 1384 2197 τὲ
1430 2140 1600 2210 πάθη,
1633 2140 1760 2197 ὅσον
1788 2142 1925 2217 πρὸς

269 2225 518 2291 δαυτούς.
577 2229 733 2285 Κατᾶ
785 2228 988 2299 ταύτην
1041 2231 1141 2297 την
1186 2229 1495 2305 ἑρμηνείαν.
1555 2230 1617 2286 ού
1657 2230 1925 2304 παρέλκε-

269 2336 358 2372 ται
386 2316 473 2387 τὸ,
531 2313 608 2374 δὲ.
664 2318 729 2376 Οἱ
789 2315 848 2374 δὲ
900 2315 999 2374 τοῦ
1051 2323 1308 2394 Χριστοῦ,
1363 2317 1631 2386 τουτέστι,
1659 2319 1925 2382 τείνοντες

274 2405 375 2473 τήν
429 2404 634 2461 ἓαυτῶν
690 2406 859 2483 σάρκα
918 2406 1276 2481 ἐσταύρωσαν.
1349 2407 1541 2470 Οὕτως
1592 2409 1621 2464 ὁ
1683 2406 1924 2482 Κλήμης

277 2491 331 2550 ἒν
357 2495 594 2569 πέμπτῳ
641 2495 1091 2554 Ὑποτυπώσεων.
1147 2498 1301 2552 Ἐστι
1359 2493 1416 2552 ὂὶ
1470 2497 1555 2567 τὸ,
1613 2498 1664 2552 οἱ
1725 2494 1802 2565 δὲ,
1836 2496 1922 2553 καὶ

277 2583 395 2639 ἀντὶ
424 2588 543 2656 τοῦ,
596 2608 624 2638 ‹‹
667 2583 818 2640 οὗτοι
865 2581 943 2653 δὲ,
992 2608 1021 2639 ››
1070 2585 1371 2656 ἐξακοῦσαι.
1405 2619 1473 2629 -—
1504 2585 1623 2661 [ΦΩ
1641 2588 1714 2660 IX]
1756 2586 1925 2645 Οὗτοι

272 2669 331 2728 δὲ
363 2672 499 2728 εἰσιν
551 2672 643 2736 οὕς
691 2674 863 2745 εἶπον,
913 2672 968 2729 ο⁹ί
1011 2695 1149 2736 τινες
1197 2679 1293 2730 τοῦ
1341 2676 1578 2750 Χριστοῦ
1624 2677 1724 2745 τὴν
1755 2676 1925 2753 σάρκα

279 2760 645 2834 ἔσταύρωσαν,
720 2762 812 2817 καὶ
895 2763 1042 2834 ἓξῆς.
1104 2787 1131 2815 ››
1192 2762 1256 2820 Εἰ
1312 2768 1489 2834 ζῶμεν
1549 2763 1836 2835 πνεύματι,
1891 2788 1921 2817 ιο

271 2850 596 2930 Ὀφείλομεν
654 2851 745 2906 οὗν
808 2853 893 2907 καὶ
955 2855 1118 2927 ἡμεῖς
1196 2854 1333 2908 κατα
1397 2854 1496 2921 τὴν
1557 2853 1767 2929 βουλὴν
1824 2858 1924 2909 τοῦ

267 2940 577 3013 πνεύματος
610 2944 730 3014 ζῇν.
762 2943 938 3012 ⁶Απαξ
969 2946 1230 3017 σταυροῦν
1281 2940 1581 3015 μέλλοντες
1619 2944 1717 3013 τὴν
1752 2942 1926 3018 σάρκα

270 3031 455 3101 ἡμῶν,
515 3053 544 3082 ‹‹
593 3030 698 3087 Καὶ
746 3029 1042 3103 Ηνεύματι,
1098 3032 1253 3105 φησὶ,
1311 3035 1644 3105 στοιχῶμεν,
1695 3055 1722 3082 ››
1752 3051 1924 3085 τουτ-

268 3116 433 3185 έστιν,
491 3119 839 3194 ἀρκεσθῶμεν
905 3122 973 3191 τῇ
1046 3119 1192 3193 παρᾶ
1245 3122 1343 3173 τοῦ
1401 3117 1557 3193 ἁγίου
1617 3119 1927 3191 Ηνεύματος

269 3204 488 3282 δοθείσῃ
521 3207 730 3284 χάριτι,
762 3208 851 3263 καὶ
917 3209 994 3281 μή
1046 3211 1298 3280 ζητῶμεν
1354 3205 1413 3262 ἐκ
1448 3206 1620 3280 νόμου
1653 3210 1916 3277 σωθῆναι.
1948 3202 1991 3266 C

269 3321 297 3351 ιι
338 3300 424 3366 Μὴ
459 3296 741 3375 γινώμεθα
789 3293 1085 3367 κενόδοξοι.
1142 3319 1171 3347 η
1229 3299 1407 3353 Τοῦτο
1452 3296 1556 3372 γὰρ
1600 3303 1662 3352 τὸ
1701 3297 1917 3352 πάντων

265 3384 442 3442 αἴτιον
467 3388 575 3440 τῶν
606 3390 809 3442 κακῶν.
846 3409 875 3439 ‹‹
909 3383 1230 3456 Ἀλλήλους
1270 3382 1734 3460 προκαλοὺμενοι.
1765 3418 1789 3441 η
1825 3385 1916 3448 Εἷς

267 3471 405 3551 ἕρεις
434 3472 715 3543 δηλονότι,
764 3500 793 3527 ‹‹
849 3472 1161 3546 Ἀλλήλους
1194 3476 1533 3554 φθονοῦντες.
1568 3498 1596 3528 ››
1648 3476 1788 3532 Ἀπὸ
1818 3475 1920 3550 γὰρ

265 3562 575 3638 κενοδοξίας
645 3566 673 3619 ό
739 3565 956 3643 φθόνος,
1023 3564 1130 3619 ἀπὸ
1197 3566 1400 3641 φθόνου
1470 3561 1548 3636 δὲ,
1616 3564 1684 3620 τὰ
1752 3565 1918 3641 μυρία

266 3654 425 3712 κακά.

336 3750 618 3827 Ἀδελφοὶ,
678 3753 767 3810 ἐὰν
825 3754 916 3808 καὶ
993 3750 1294 3831 προληςθῇ
1357 3751 1643 3827 ἅνθρωπος
1700 3751 1752 3808 ἔν
1810 3774 1919 3809 τινι

262 3843 689 3917 παραπτώματι,
776 3842 932 3918 ὑμεῖς
1018 3844 1070 3898 οἱ
1157 3844 1512 3914 πνευματικοὶ
1575 3844 1921 3919 καταρτίζετε

261 3931 353 3986 τὸν
442 3936 708 4001 τοιοῦτον,
793 3931 847 3988 ἐν
933 3931 1201 4006 πνεύματι
1284 3932 1617 4008 πραότητος.
1690 3938 1918 3989 Σκοπῶν

263 4021 506 4089 σ;αυτὸν,
590 4024 667 4095 μὴ
754 4022 845 4077 καῖ
932 4021 996 4076 σὺ
1080 4024 1401 4097 πειρασθῇς.
1475 4019 1774 4092 Ἄλληλων
1855 4024 1921 4077 τὰ

265 4111 408 4187 βάρη
489 4110 799 4187 βαστάζετε,
893 4111 985 4166 καὶ
1088 4109 1260 4172 οὕτως
1326 4107 1763 4185 ἀναπληρώσατε
1830 4111 1921 4166 τὸν

261 4200 430 4273 νόμον
463 4203 560 4256 τοῦ
592 4203 847 4274 Χριστοῦ.

335 4306 546 4365 Πολλοὶ
581 4307 660 4371 εἷς
688 4307 881 4369 αὐτοὺς
922 4305 1197 4385 φιλαρχίᾳ
1234 4307 1554 4382 ἡττημένοι,
1586 4308 1639 4364 ἐν
1669 4311 1738 4381 τῇ
1784 4306 1920 4380 πρὸς

258 4400 331 4455 τὰ
377 4400 751 4475 ἁμαρτήματα
798 4404 906 4454 τῶν
958 4396 1199 4470 πλησίον
1246 4398 1585 4471 ἐπιτιμήσει,
1634 4399 1696 4454 τὸ
1743 4399 1919 4463 πάθος

260 4487 561 4560 ἐπλήρουν.
618 4491 792 4564 Ὅπερ
854 4484 1190 4564 διδρθοῦται.
1252 4486 1376 4545 Ἐὰν
1434 4487 1538 4562 γὰρ
1593 4508 1700 4556 τις,
1760 4490 1917 4567 φησέ,

2046 568 2174 609 esse
2204 553 2430 609 auxilio
2462 554 2538 610 ad
2568 556 3048 613 fructificandum
3093 582 3120 609 ‹‹
3146 560 3421 632 Spiritus,
3447 584 3475 613 »
3497 564 3557 620 id
3580 572 3688 634 est,

1995 641 2228 713 .ipsius
2289 644 2613 712 paracleti:
2673 653 2776 701 aut
2829 647 3155 718 spiritualis
3205 667 3271 706 ac
3323 652 3505 723 probe
3536 654 3686 710 vita).

2043 752 2069 779 «
2102 729 2414 788 Gaudium.
2446 756 2473 783 ››
2508 734 2773 791 Gaudere
2827 736 2888 791 in
2944 738 3063 792 Deo
3104 746 3193 794 est
3222 740 3438 797 bonam
3471 741 3688 799 habere

2037 819 2466 876 Conscientiam
2495 838 2507 876 :
2537 823 2685 878 tales
2716 825 2873 880 enim
2907 827 3184 898 gaudent.
3215 852 3241 879 (ι
3266 830 3558 887 Adversus
3585 832 3690 887 hu-

2027 906 2295 978 jusmodi
2324 926 2443 966 non
2477 917 2568 965 est
2594 912 2704 967 lex.
2732 936 2757 960 υ
2785 914 3080 979 Siluidem
3109 918 3209 988 qui
3244 918 3378 974 talia
3409 928 3686 990 operatus

2038 1002 2145 1055 est.
2179 1013 2297 1053 non
2331 1015 2479 1071 Opus
2509 999 2688 1057 habet
2732 1002 2876 1074 legis
2928 1005 3369 1073 moderatione;
3404 1015 3494 1063 est
3523 1011 3684 1065 enim

2036 1084 2348 1143 sublimior
2376 1105 2556 1160 quam
2610 1091 2687 1146 sit
2713 1092 2835 1147 illa.
2894 1116 2919 1142 ιι
2957 1095 3023 1149 Hi
3076 1104 3275 1152 autem
3307 1099 3521 1155 Christi
3555 1118 3683 1157 car-

2035 1190 2194 1230 nem.
2228 1197 2259 1227 »
2293 1178 2516 1233 Deinde
2546 1196 2620 1235 ne
2652 1181 2871 1237 dicant.
2919 1183 2989 1238 Et
3037 1186 3170 1256 quis
3202 1186 3315 1243 ista
3345 1189 3531 1244 facit?
3560 1192 3681 1245 ait:

2034 1262 2103 1319 Ili
2132 1271 2273 1321 sunt
2300 1267 2403 1337 qui
2434 1267 2559 1323 haec
2581 1275 2783 1343 agunt,
2811 1271 2912 1342 qui
2936 1288 3175 1329 carnem
3206 1276 3444 1344 Christi,
3478 1279 3540 1333 id
3571 1285 3681 1349 est,

2031 1355 2339 1427 pr0prium
2370 1373 2585 1429 corpus
2624 1361 2784 1430 (caro
2838 1362 2996 1418 enim
3045 1363 3263 1421 Christi
3295 1373 3385 1422 est
3410 1375 3681 1426 nostrum

2032 1443 2271 1518 corpus)
2304 1446 2749 1517 cruciﬁxerunt,
2778 1457 2832 1505 et
2862 1450 3043 1507 veluti
3070 1453 3580 1513 mortificaverunt
3607 1457 3680 1514 ab

2031 1533 2341 1590 affectibus
2372 1535 2726 1593 carnalibus.
2758 1543 2876 1595 Nec
2909 1541 3101 1597 solum
3134 1559 3348 1616 corpus
3388 1552 3677 1616 quantum

2031 1622 2105 1678 ad
2136 1623 2384 1679 allectus
2428 1625 2642 1681 attinet
2697 1628 3135 1697 crucifixerunt,
3172 1634 3562 1690 verumetiam
3594 1636 3682 1690 af-

2029 1710 2219 1767 fectus
2250 1712 2413 1783 ipsos
2443 1722 2730 1784 quantum
2756 1717 2830 1772 ad
2857 1719 2968 1774 hoc
2989 1725 3055 1774 ut
3083 1720 3155 1775 ab
3188 1722 3273 1777 eis
3305 1723 3678 1794 expleantur,

2029 1800 2471 1858 cruciﬁxerunt.
2528 1805 2699 1861 Juxta
2759 1806 2910 1863 hanc
2961 1809 3515 1881 interpretationem
3557 1820 3680 1869 tan-

2030 1906 2204 1961 quam
2241 1892 2518 1962 parelcon
2553 1893 3058 1975 interponitur
3108 1900 3168 1954 id
3216 1907 3330 1970 est,
3359 1909 3578 1958 autem.
3613 1935 3681 1944 —

2026 1979 2139 2032 Aut
2170 1979 2283 2033 alio
2311 1980 2470 2035 modo
2513 1982 2584 2036 Et
2611 1984 2755 2053 quid
2780 1984 3142 2057 singulatim,
3172 1988 3680 2059 inquit.virtutum

2028 2069 2253 2140 species
2282 2087 2564 2128 recenseo
2586 2073 2614 2128 ‘2
2642 2074 2787 2131 Sunt
2818 2076 2976 2132 enim
3019 2076 3260 2149 quidam
3293 2081 3516 2153 seipsos
3547 2098 3679 2137 cru-

2029 2156 2345 2215 cilixerunt
2366 2162 2563 2231 quoad
2580 2164 2845 2233 allectus,
2864 2172 2922 2221 et
2943 2167 3189 2223 allectus
3209 2169 3401 2239 quoad
3429 2170 3676 2242 seipsos.

2026 2247 2198 2303 quta
2228 2248 2382 2304 hanc
2411 2251 2985 2323 interpretationem,
3018 2250 3076 2308 δέ
3105 2273 3225 2312 non
3255 2264 3345 2312 est
3371 2250 3677 2329 parelcon}

2027 2336 2131 2393 sed
2157 2353 2397 2395 sensum
2430 2348 2520 2395 est
2548 2340 2602 2394 οἱ
2632 2338 2689 2395 δὲ
2742 2346 2842 2397 ταῦ
2899 2343 3154 2417 Χριστοῦ,
3185 2345 3243 2401 id
3275 2352 3384 2414 est,
3412 2348 3514 2418 qui
3545 2365 3679 2404 vero

2028 2425 2282 2482 tendunt
2311 2428 2385 2483 ad
2417 2429 2713 2487 Christum
2743 2449 2912 2488 suam
2944 2450 3185 2490 carnem
3235 2436 3680 2494 cruciﬂxerunt.

2026 2515 2115 2569 Ita
2169 2515 2597 2588 interpretatur
2653 2520 2930 2578 Clemens
2975 2524 3185 2593 quinto
3218 2526 3682 2591 Informationum

2028 2601 2203 2659 libro.
2239 2606 2442 2661 Potest
2466 2608 2646 2664 etiam
2678 2608 2732 2662 οἱ
2762 2605 2819 2662 δὲ.
2851 2610 3101 2684 intelligi
3131 2619 3196 2667 ut
3227 2613 3525 2686 signiﬁcet
3552 2637 3579 2664 «
3614 2614 3681 2670 Hi

2029 2699 2249 2759 autem,
2279 2717 2309 2746 »
2343 2696 2409 2751 Hi
2442 2703 2641 2753 autem
2672 2706 2812 2755 sunt
2843 2716 2991 2770 quos
3022 2700 3141 2756 dixi
3173 2702 3273 2772 qui
3304 2703 3520 2757 Christi
3551 2720 3683 2759 car-

2029 2797 2168 2837 nem
2199 2786 2641 2854 crucilixerunt,
2678 2793 2789 2844 etc.
2827 2811 2855 2839 «
2885 2789 2940 2843 Si
2976 2790 3186 2860 spiritu
3218 2790 3487 2846 vivimus.
3526 2793 3684 2848 nDe-
3726 2790 3739 2805 κ

2028 2868 2238 2926 bemus
2278 2874 2455 2944 igitur
2483 2880 2541 2929 et
2574 2892 2682 2930 nos
2723 2877 2895 2946 juxta
2941 2877 3184 2947 spiritus
3214 2879 3573 2935 voluntatem
3606 2881 3684 2935 vi-

2029 2974 2183 3020 vere.
2209 2966 2273 3014 ut
2291 2962 2475 3017 semel
2501 2964 2916 3036 crucifigamus
2938 2982 3181 3022 carnem
3205 2974 3487 3024 nostram.
3529 2971 3681 3026 764

2032 3067 2060 3097 «ι
2090 3047 2310 3117 Spiritu
2341 3051 2519 3106 etiam
2552 3052 2954 3110 incedamus.»
2986 3055 3106 3111 I-Ioc
3136 3062 3245 3125 est,
3286 3058 3543 3113 sufficiat
3572 3076 3649 3114 no

2029 3133 2121 3189 bis
2154 3134 2289 3192 data
2318 3155 2353 3192 a
2391 3139 2613 3210 Spiritu
2642 3148 2844 3197 sancto
2874 3144 3063 3213 gratia
3092 3151 3150 3199 et
3190 3162 3310 3201 non
3343 3164 3679 3217 quaeramus

2028 3240 2137 3295 per
2166 3225 2355 3298 legem
2388 3228 2619 3285 salvari.
2684 3253 2711 3281 ‹‹
2743 3233 2822 3286 Ne
2879 3231 3211 3289 efﬁciamur
3239 3236 3443 3291 inanie
3473 3236 3675 3305 gloria;

2027 3314 2248 3385 cupidi.
2284 3338 2312 3365 ››
2343 3317 2408 3373 Id
2461 3319 2619 3375 enim
2660 3321 2928 3376 omnium
2983 3327 3072 3377 est
3123 3340 3302 3379 causa
3358 3325 3674 3383 malorum.

2029 3427 2057 3454 ‹‹
2089 3405 2342 3461 Invicem
2374 3423 2481 3462 nos
2512 3416 2917 3479 provocantes.
2957 3433 2984 3460 ››
3033 3411 3121 3466 Ad
3153 3413 3288 3467 lites
3320 3413 3590 3469 videlicet
3619 3420 3679 3471 et

2030 3500 2459 3566 contentiones.
2520 3498 2838 3555 «Invicem
2898 3498 3312 3557 invidentes.»
3369 3502 3457 3559 ΔΙ)
3514 3503 3678 3559 inani

2028 3584 2217 3658 gloria
2246 3587 2436 3642 oritur
2491 3587 2734 3655 invidia,
2783 3589 2856 3646 ab
2914 3590 3136 3648 invidia
3195 3610 3329 3649 vero
3362 3594 3681 3651 innumera

2030 3678 2207 3734 mala.

2101 3767 2196 3835 Vl,
2233 3770 2282 3834 1,
2312 3770 2367 3839 2,
2398 3770 2637 3839 Fratres,
2670 3773 2834 3826 etiam
2882 3774 2930 3827 si
2980 3778 3278 3841 occupatus
3314 3774 3488 3840 fuerit
3515 3775 3677 3829 homo

2027 3854 2089 3910 in
2119 3856 2311 3927 aliqua
2340 3858 2557 3927 delicto,
2594 3876 2685 3915 vos
2717 3859 2817 3929 qui
2843 3860 3161 3929 spirituates
3192 3864 3339 3929 estis,
3374 3863 3679 3917 instaurate

2029 3946 2345 4016 hujusmodi
2400 3949 2459 4000 in
2514 3950 2720 4017 spiritu
2782 3948 3221 4003 mansuetudinis
3253 3964 3272 4003 :
3327 3950 3678 4007 considerans

2029 4040 2389 4109 temetipsum,
2422 4057 2491 4095 ne
2521 4047 2573 4095 et
2618 4046 2677 4095 tu
2721 4043 2965 4095 tenteris.
3014 4042 3250 4096 Invicem
3298 4041 3400 4098 alii
3440 4043 3678 4099 aliorum

2029 4140 2196 4182 onera
2218 4134 2462 4198 portate,
2485 4134 2538 4182 et
2566 4131 2642 4183 sic
2671 4128 2937 4198 complete
2967 4129 3137 4198 legem
3167 4129 3388 4185 Christi.

2100 4295 2261 4351 Multi
2292 4295 2609 4352 ambitiosa
2632 4298 2996 4369 principatus
3024 4301 3397 4357 affectatione
3439 4302 3674 4368 devicti,

2028 4386 2305 4440 allectum
2340 4384 2658 4456 explebant
2690 4388 2748 4442 in
2780 4391 3189 4459 proximorum
3221 4391 3379 4446 circa
3409 4390 3547 4445 vitia
3576 4390 3676 4446 ob-

2023 4475 2592 4548 jurgatione;quod
2650 4478 2892 4551 corrigit
2948 4479 3190 4535 dicens:
3254 4479 3311 4533 Si
3368 4481 3500 4552 quis
3541 4498 3675 4535 cor-

261 4583 578 4655 συναρπαγῇ
613 4578 702 4635 ἐπὶ
752 4578 1135 4651 ἁμαρτήματι.
1185 4579 1353 4633 Τοῦτο
1409 4577 1511 4652 γὰρ
1570 4578 1656 4646 τὸ,
1704 4575 1919 4651 προλη-

2031 4570 2233 4636 reptus
2289 4565 2468 4621 fuerit
2519 4583 2554 4622 θ.
2609 4574 2873 4639 peccato.
2935 4571 3078 4624 Nam
3134 4570 3243 4626 hoc
3284 4576 3371 4625 est
3403 4570 3561 4641 quod
3593 4570 3673 4625 ait

259 4674 393 4751 φθῇ,
426 4696 453 4722 α
486 4672 670 4741 Ὑμεῖς
720 4669 771 4723 οἱ
815 4666 1197 4741 πνευματικοί.
1253 4668 1319 4725 Οἱ
1364 4666 1499 4723 κατα
1548 4672 1760 4741 πνεῦμ⁵ι
1794 4672 1920 4738 θῖν’

261 4776 372 4819 τες.
450 4781 479 4811 κ
538 4758 916 4832 Καταρτίζετε,
986 4783 1008 4811 ι
1090 4754 1355 4824 τουτέστι,
1434 4753 1753 4831 διορθοῦσθε
1823 4758 1915 4813 τὸν

261 4850 537 4905 τοιοῦτον.
573 4845 704 4903 Εἶτα
736 4839 1022 4901 ἐκϐάλλων
1054 4845 1153 4912 τήν
1186 4842 1508 4922 φιλαρχίαν,
1539 4846 1727 4922 φησὶν,
1772 4870 1798 4901 ιι
1832 4848 1915 4904 Ἐν

262 4934 534 5007 πνεύματι
564 4934 899 5005 πρᾳότητος.
934 4956 963 4985 ››
1014 4931 1329 4996 Τουτὲστιν,
1384 4934 1435 4987 ἐι
1475 4935 1766 5008 πρᾳότητι,
1797 4936 1916 5006 ἣτις

264 5022 376 5079 ἐστὶ
408 5023 657 5103 χὲρισμα
708 5026 805 5076 τοῦ
851 5021 1011 5095 ἁγίου
1064 5020 1393 5092 Πνεύματος.
1436 5044 1463 5072 ‹‹
1500 5028 1728 5078 Σκοπῶν
1763 5044 1916 5079 σεαυ·

264 5112 358 5166 τόν
413 5135 443 5164 ››
479 5111 612 5168 Εῗτα
637 5109 726 5165 ’ἱνα
763 5109 838 5182 μή
890 5111 918 5163 ὁ
963 5106 1193 5182 διορθῶν
1246 5107 1476 5181 ἐπαρθῇ,
1524 5112 1680 5181 φησέο
1711 5112 1914 5168 Σκόπει

262 5200 353 5256 καὶ
386 5200 449 5255 σὺ
478 5201 566 5256 καὶ
596 5202 751 5273 τήρει
781 5198 994 5261 σαυτὸν,
1050 5199 1124 5272 μή
1173 5201 1292 5261 τοῖς
1336 5195 1484 5261 ’ἴσοις
1514 5197 1685 5271 ἁλῷς.
1720 5223 1749 5253 ς(
1783 5202 1918 5258 ἈΛ-

261 5288 455 5360 λῆλων
492 5291 558 5346 τὰ
599 5291 740 5365 βέρη
812 5288 1122 5364 βαστάζετε.
1185 5311 1213 5339 ››
1272 5285 1494 5358 Ἐπειδή
1547 5289 1647 5364 γαρ
1703 5289 1803 5346 οῦκ
1840 5289 1915 5349 ἔνι

256 5383 388 5437 εῖναι
438 5379 720 5456 ἄνθρωπον
773 5378 950 5458 χωρῗς
1003 5377 1298 5448 ἁμαρτίας,
1343 5382 1596 5453 παραινεῖ
1650 5379 1726 5452 μή
1760 5381 1911 5454 ἀκρι-

253 5464 607 5549 ϐολογεῖσθαι
666 5469 803 5541 πρὸς
861 5468 929 5523 τα
982 5471 1084 5521 τοῦ
1140 5464 1378 5535 πλησίον
1410 5468 1802 5542 ἁμαρτήματα,
1834 5469 1911 5534 ὡς

256 5556 416 5622 εἰδὼς
447 5558 531 5615 ὅτι
578 5556 669 5615 καὶ
719 5556 783 5613 σὺ
834 5555 983 5634 ἔχεις
1031 5554 1323 5629 ἁμαρτίας,
1354 5555 1448 5610 καὶ
1479 5557 1591 5633 χρή
1626 5557 1774 5631 ἡμᾶς
1804 5557 1907 5614 ἆλ-

2028 4650 2349 4729 προληφθῆ.
2396 4655 2453 4710 id
2486 4662 2594 4725 est,
2628 4663 2949 4729 occupatus
2990 4658 3186 4714 fuerit.
3222 4681 3250 4709 ‹‹
3282 4660 3395 4715 Vos
3428 4660 3528 4730 qui
3559 4659 3674 4731 spi-

2030 4744 2274 4800 rituales
2297 4745 2506 4800 estis.»
2529 4744 2824 4816 Quijuxta
2843 4747 3118 4817 spiritum
3146 4748 3353 4803 vivitis.
3389 4769 3418 4799 ‹‹
3449 4749 3673 4804 Instau-

2026 4848 2171 4897 rate.
2199 4863 2229 4893 »
2254 4846 2369 4897 Iloc
2391 4848 2499 4908 est,
2521 4843 2831 4899 emendate
2856 4844 3052 4900 talem.
3085 4845 3306 4901 Deinde
3329 4848 3519 4915 ejecta
3545 4863 3668 4902 am-

2027 4931 2251 4986 bitione
2275 4932 2566 4987 honorum
2591 4934 2675 4987 ait
2702 4947 2716 4986 :
2740 4954 2769 4983 «
2792 4934 2854 4987 In
2876 4933 3086 5004 spiritu
3112 4935 3618 5002 mansuetudinis;
3640 4960 3661 4989 ι

2025 5020 2139 5076 hoc
2170 5026 2273 5077 est.
2310 5021 2372 5075 in
2404 5021 2859 5078 mansuetudine
2891 5038 3022 5094 quae
3072 5030 3159 5079 est
3205 5023 3429 5080 donum
3481 5025 3670 5081 sancti

2025 5109 2296 5181 Spiritus.
2338 5132 2367 5160 «
2401 5110 2794 5167 Considerans
2846 5108 3245 5184 temetipsum.
3279 5136 3309 5165 »
3344 5115 3563 5171 Deinde
3595 5131 3668 5172 ne

2025 5201 2075 5255 is
2106 5199 2207 5270 qui
2239 5198 2518 5255 emendat
2548 5202 2888 5267 extollatur,
2923 5203 3041 5257 ait:
3076 5204 3399 5260 Considera
3429 5220 3666 5277 quoque

2023 5294 2085 5342 tu
2118 5292 2175 5343 et
2204 5288 2451 5343 observa
2483 5289 2756 5361 teipsum.
2776 5306 2850 5346 ne
2884 5292 3181 5348 similibus
3210 5294 3480 5365 capiaris.
3505 5314 3535 5343 ‹‹
3574 5294 3669 5346 ln-

2019 5379 2203 5433 vicem
2235 5377 2335 5431 alii
2365 5378 2616 5433 aliorum
2650 5396 2831 5436 onera
2849 5388 3100 5451 portate.
3129 5406 3154 5431 n
3177 5381 3667 5452 Quandoquidem

2020 5467 2179 5524 enim
2211 5482 2330 5522 non
2358 5468 2647 5540 contingit
2676 5469 2980 5525 hominem
3003 5487 3131 5528 esse
3154 5472 3376 5542 absque
3403 5474 3665 5542 peccato,

2018 5556 2299 5614 admonet
2323 5574 2398 5615 ne
2416 5564 2617 5616 exacte
2641 5559 2744 5615 fiat
2763 5560 3072 5632 inquisitio
3104 5560 3382 5617 adversus
3409 5555 3661 5630 proximi

254 5645 456 5720 λήλοις
519 5642 1030 5725 συμπεριφέρεσθαι.
1083 5665 1113 5695 α
1173 5642 1276 5701 Καῗ
1341 5642 1516 5706 οὕτως
1578 5642 1906 5723 ἀναπληρώ-

2031 5654 2277 5721 peccata,
2300 5653 2589 5721 tanquam
2610 5649 3051 5717 sciens,innuit,
3072 5649 3227 5721 quod
3253 5656 3311 5704 ot
3336 5655 3398 5703 tu
3424 5651 3666 5720 peccata
