4096 6194
235 263 386 323 1161

233 391 433 470 θερίσει
475 390 676 472 φθοράν
713 433 726 448 .
774 391 837 447 Ὀ

232 479 297 540 ἐκ
355 487 455 540 τοῦ
509 481 814 552 πνεύματος
895 477 1090 552 θερίσει
1178 479 1322 547 ζωὴν
1397 477 1641 532 αἰώνιονο
1693 477 1770 534 Τὸ
1827 473 1885 530 δὲ

225 573 396 631 καλὸν
457 575 744 632 ποιοῦντες
811 571 886 641 μὴ
971 567 1307 640 ἱκκακῶμεν.
1379 571 1544 641 Καρῷ
1599 566 1704 641 γάρ
1761 565 1885 640 ῗόίῳ

229 667 512 738 θερισομεν
579 663 654 734 μή
734 657 1079 732 ἐκλυόμενοι.
1164 659 1310 734 ⁸Ἀρα
1393 657 1484 711 οὖν
1568 658 1641 717 ὡς
1701 656 1887 728 καιρὸν

229 746 459 830 ἔχομέν,
516 750 876 827 ἐργαζώμεθα
930 749 993 802 τὸ
1051 747 1249 824 ἀγαθὸν
1309 747 1446 822 πρὸς
1502 746 1728 814 πάντάς,
1781 744 1882 818 μάο

231 845 391 913 λιστα
424 839 480 897 8‘s
514 842 646 915 πρὸς
675 838 801 900 τοὺς
834 837 1072 899 οίκείους
1109 843 1208 904 τῆς
1241 836 1494 898 πίστεως,

307 955 334 981 ‹‹
367 932 494 994 Θεὸς
535 929 596 984 οὐ
661 927 1072 1002 μυκτηρίζεται.
1105 949 1134 977 »
1195 925 1311 983 Οὐκ
1371 925 1664 985 ἂπατᾶται.
1714 922 1776 977 οὐ
1805 926 1884 992 τῷ

231 1021 421 1096 ἀγαθῷ
467 1021 626 1087 κακά,
663 1020 700 1088 ἢ
732 1017 898 1074 πάλιν
953 1021 1033 1089 τῷ
1080 1020 1231 1088 κακῷ
1292 1014 1464 1090 ἀγαθά
1517 1009 1883 1068 ἀντιδίδωσιν.

233 1111 464 1184 Ἀνάγκη
494 1110 595 1185 γάρ
629 1107 744 1163 ἴσον
801 1107 942 1162 εἶναι
1001 1105 1092 1160 τὸν
1150 1105 1365 1178 αμητὸν
1409 1108 1488 1176 τῷ
1537 1103 1747 1177 σπόρῳ.
1783 1100 1886 1158 Καὶ

233 1198 416 1261 οὐδεὶς
474 1193 706 1275 ὀρόϐους
758 1197 1002 1270 σπείρας,
1064 1199 1210 1250 σῖτον
1276 1193 1551 1268 θερίσειεθ.
1617 1194 1793 1249 οὊτι
1857 1193 1885 1247 6

236 1291 474 1364 σπείρων
537 1288 612 1350 είς
670 1289 770 1356 τὴν
817 1285 1006 1359 σάρκα,
1042 1309 1070 1336 ››
1109 1284 1168 1338 Τί
1226 1281 1283 1338 δέ
1338 1303 1420 1345 τις
1475 1283 1682 1358 σπείρει
1731 1282 1782 1337 ἐν
1815 1285 1884 1356 τῇ

235 1380 434 1450 σαρκί;
496 1380 701 1449 Μέθην,
761 1378 992 1454 τρυφήν,
1053 1373 1508 1452 γαστριμαργίαν,
1567 1371 1883 1429 ἀκολασίαν.

233 1468 295 1521 Ὀ
324 1472 572 1529 τοιοῦτος
603 1467 662 1522 ἐκ
689 1474 787 1535 τῆς
838 1465 1055 1541 σαρκὸς,
1113 1463 1227 1519 οἷον
1263 1460 1350 1517 διὰ
1405 1462 1504 1530 τήν
1561 1463 1730 1533 σάρκα
1783 1464 1882 1532 τήν

233 1557 740 1631 πλημμελήσασιν,
770 1554 874 1628 ἓξει
921 1555 1191 1630 τιμωρίαν
1251 1551 1381 1609 ἐκεῖ.
1424 1553 1503 1610 Τὸ
1553 1551 1611 1607 δὲ
1671 1551 1730 1607 ἐκ
1785 1556 1884 1626 τῇς

239 1648 459 1720 σαρκὸς,
505 1646 770 1714 τουτέστι,
821 1643 911 1700 διὰ
961 1645 1067 1699 τῶν
1126 1642 1178 1698 ἐν
1233 1647 1302 1717 τῇ
1361 1641 1516 1714 σαρκὶ
1575 1639 1882 1713 σπαρέντων

1291 251 1702 313 GOMMENT.
1752 251 1828 312 IN
1877 251 2126 312 EPIST.
2174 255 2278 313 AD
2326 239 2612 317 GALAT.

921 387 976 445 δὶ
1059 407 1292 462 σπείρων
1371 386 1448 451 είς
1528 386 1590 442 τὸ
1648 387 1890 457 πνεῦμαῖ

2011 390 2315 458 ruptionem
2341 405 2354 444 :
2381 390 2476 446 sed
2503 392 2602 461 qui
2627 393 2861 446 seminat
2888 409 2989 462 per
3016 393 3296 462 spiritum,
3328 409 3397 449 ea:
3440 395 3646 465 spiritu

3483 258 3637 319 1162

1998 488 2161 536 metet
2189 482 2362 537 vitam
2418 491 2700 538 aeternam.
2756 485 2971 538 Bonum
3028 490 3212 538 autem
3267 487 3520 552 faciendo
3576 502 3645 542 ne

1997 569 2390 640 defatigemur.
2432 574 2690 642 Tempore
2719 574 2863 627 enim
2893 580 2990 627 suo
3020 580 3277 627 metemus
3324 589 3434 628 non
3487 574 3646 642 defa-

1998 659 2164 727 tigati
2217 662 2411 730 Itaque
2441 662 2569 715 dum
2611 670 2820 732 tempus
2878 662 3159 729 habemus,
3209 679 3497 732 operemur
3549 663 3645 717 ba-

1997 762 2147 810 num,
2183 765 2305 803 cum
2335 749 2409 803 ud
2439 766 2644 815 omnes,
2680 759 2794 805 tum
2823 767 2950 806 vero
2980 753 3218 807 maxime
3241 769 3374 822 erga
3393 752 3646 807 domesti-

1997 851 2082 890 cos
2111 838 2260 904 ﬁdei.

2071 947 2098 974 ‹‹
2133 927 2284 983 Deus
2317 944 2436 984 non
2470 929 2766 987 irridetur.
2806 953 2828 981 ι
2862 933 2990 988 Non
3023 931 3364 989 seducitur:
3402 947 3522 986 non
3558 929 3647 985 illi

1998 1014 2325 1088 imponitur
2353 1037 2366 1074 :
2401 1038 2519 1076 non
2552 1023 2826 1094 rependit
2856 1023 3010 1079 bono
3043 1023 3219 1088 mala,
3253 1027 3355 1078 aut
3411 1037 3648 1078 rursum

1996 1107 2155 1161 malo
2188 1107 2362 1164 bona.
2399 1111 2645 1166 Necesse
2677 1112 2972 1182 siquidem
3007 1119 3368 1168 estmessem
3401 1127 3648 1183 respon-

1998 1191 2136 1248 dere
2168 1198 2419 1252 sementi
2447 1214 2462 1252 :
2497 1205 2554 1252 et
2583 1200 2784 1256 nullus
2819 1200 3107 1257 hordeum
3138 1200 3438 1256 seminans
3462 1221 3470 1267 ι
3497 1204 3649 1256 otest

1999 1291 2220 1339 metere
2254 1287 2526 1344 triticum.
2566 1314 2585 1338 ι
2623 1292 2771 1345 Num
2803 1292 2904 1362 qui
2938 1292 3316 1364 seminatper
3335 1305 3594 1347 carnem.
3621 1312 3643 1339 ι

1997 1371 2148 1436 Quid
2177 1383 2376 1431 autem
2411 1380 2667 1434 seminat
2687 1381 2982 1452 quispiam
3007 1399 3110 1453 per
3135 1399 3372 1438 carnem
3397 1383 3425 1436 ‘2
3446 1380 3650 1437 Ebrie.

1997 1467 2202 1531 tatem,
2252 1465 2516 1528 delicias,
2569 1471 3062 1544 gastrimargiam,
3114 1472 3435 1528 lasciviam.
3495 1471 3650 1526 Talis

1999 1567 2066 1607 ex
2098 1570 2273 1609 carne
2307 1557 2426 1612 sise
2453 1567 2692 1630 prOpter
2714 1577 2952 1616 carnem
2977 1579 3109 1632 quin
3133 1561 3653 1633 deliquit,habebit

1997 1641 2059 1696 in
2081 1641 2278 1698 futuro
2307 1647 2686 1718 supplicium.
2712 1649 2876 1714 Quod
2900 1652 3058 1706 enim
3091 1652 3204 1707 ait:
3228 1675 3252 1700 α
3281 1654 3362 1707 Ex
3387 1668 3585 1716 carne,
3621 1675 3644 1702 ι

233 1736 672 1811 ἁμαρτημάτων,
741 1760 768 1786 ‹‹
799 1736 843 1791 0
885 1731 942 1788 δὲ
999 1731 1234 1803 σπείρων
1286 1730 1362 1791 εἰς
1392 1730 1454 1785 τὸ
1485 1734 1718 1802 πνεῦμα,
1758 1753 1786 1780 ››
1817 1729 1885 1787 Τί

2011 1730 2063 1785 id
2095 1738 2184 1788 est
2212 1733 2392 1804 quod,
2426 1752 2531 1806 per
2560 1746 2799 1808 peccata
2829 1740 2890 1794 in
2921 1755 3099 1796 carne
3130 1743 3438 1797 seminata.
3477 1765 3503 1790 «
3538 1739 3650 1797 Sed

221 1821 292 1879 ~6i
316 1845 398 1885 τις
431 1823 637 1899 σπείρει
668 1823 744 1886 εἰς
790 1823 854 1878 τὸ
915 1825 1133 1894 Πνεῦμα
1161 1822 1223 1875 τὸ
1282 1815 1434 1893 ἅγιον
1470 1837 1484 1887 ;
1544 1819 1613 1876 Τί
1652 1816 1816 1887 ἄλλο,
1847 1821 1881 1889 ἢ

233 1912 634 1986 ἐλεημοσὸνην,
692 1913 784 1967 καὶ
827 1910 1208 1990 σωφροσύνην,
1265 1911 1356 1964 καὶ
1414 1914 1587 1963 πᾶσαν
1643 1909 1887 1982 ἀρετήν;

240 2023 264 2052 ι
301 2003 395 2059 Ἐκ
459 2002 558 2057 τοῦ
647 2000 957 2074 [Ινεῦμάτος
1039 1999 1236 2074 θερίζει
1327 1998 1471 2067 ζωὴν
1553 1996 1796 2054 αἰώνιον.
1859 2021 1888 2049 ››

232 2097 431 2164 Ὥσπερ
481 2091 584 2164 γὰρ
645 2087 878 2169 διάφορα
927 2089 995 2144 τά
1047 2088 1331 2160 σπέρματα
1384 2087 1486 2154 τῆς
1545 2086 1741 2160 σαρκὸς
1799 2087 1888 2141 καὶ

231 2201 329 2235 του
361 2179 688 2252 πνεύματος,
723 2180 869 2234 οὕτω
935 2176 1024 2233 καὶ
1083 2178 1112 2232 6
1163 2175 1440 2251 θερισμός.
1499 2177 1646 2232 Ἐκεῖ
1692 2176 1887 2252 φθορά,

232 2266 342 2324 ὦδε
378 2271 490 2338 ζωὴ
549 2269 794 2330 αἰώνιος.
853 2293 880 2320 ι‹
908 2268 999 2336 Μὴ
1027 2266 1372 2338 ἀπείπωμεν,
1408 2290 1436 2316 υ
1472 2262 1613 2339 μηδὲ
1643 2264 1891 2329 ἐκλυθῶ-

239 2380 358 2432 μεν,
392 2356 480 2412 διὰ
520 2359 582 2413 τὸ
642 2358 780 2412 εἶναι
828 2359 922 2418 τάς
983 2353 1279 2416 ἂντιδόσεις
1344 2353 1396 2408 ἐν
1456 2359 1536 2426 τῷ
1605 2352 1886 2427 μέλλοντι.

237 2450 424 2504 Ἔσται
477 2448 582 2523 γὰρ
641 2447 825 2518 καιρὸς
859 2447 886 2500 6
917 2445 1130 2509 πάντως
1183 2443 1351 2513 ἥξων,
1411 2443 1535 2499 ὅταν
1590 2437 1892 2498 ἀπολάϐω-

239 2559 334 2612 μεν
363 2538 435 2591 τᾶ
469 2539 634 2604 καλὰ,
683 2536 773 2590 καὶ
805 2535 1106 2609 θερίσωμεν
1164 2533 1231 2588 τὰ
1281 2536 1372 2586 νῦν
1429 2534 1565 2605 ἡμῖν
1624 2534 1892 2606 σπαρὲντα

238 2628 474 2702 χρηστά.
513 2627 643 2683 Εἶτα
678 2623 870 2692 ἒπειδὴ
931 2627 1191 2699 θερισμοῦ
1249 2621 1670 2696 ἐμνημόνευσεν,
1731 2622 1891 2685 αὐτὸς

239 2714 301 2772 δὲ
330 2718 504 2772 κόπου
534 2713 705 2771 δεῖται
743 2715 834 2769 καὶ
893 2717 1165 2787 καμάτου,
1222 2713 1548 2784 προσέθηκε,
1609 2737 1636 2763 ‹‹
1672 2714 1762 2781 Μή
1795 2709 1892 2768 ὲκ-

243 2804 524 2879 λυόμενοι,
555 2829 583 2858 »
611 2804 738 2860 ὡσεὶ
772 2798 979 2879 ἔλεγεν·
1013 2804 1076 2861 Ὀ
1125 2801 1351 2877 θερίζων
1381 2802 1527 2870 τότε,
1560 2801 1622 2857 οὗ
1677 2804 1893 2874 κάμνει,

285 2895 358 2950 ’6‘
400 2894 423 2950 ἐ
465 2895 526 2951 λ’
719 2894 732 2915 ⁸
816 2894 840 2949 ἐ
969 2891 998 2903 ”’
1097 2893 1124 2947 ό
1386 2893 1400 2912 ’
1568 2892 1651 2949 M‘
1791 2890 1803 2912 '
1868 2914 1880 2930 ε

244 2917 305 2951 ου
345 2917 369 2951 ε
425 2916 459 2951 κ
503 2916 670 2964 υεται,
703 2915 780 2956 ως
841 2916 867 2948 ν
925 2915 1006 2966 τῳ
1059 2913 1093 2948 κ
1129 2913 1252 2965 σμῳ
1305 2913 1506 2962 τουτω.
1626 2913 1660 2960 η
1716 2912 1894 2946 τοινυθ

211 2984 563 3046 ⁴ἀκούσαντες
621 2985 900 3059 θερισμὸν,
960 2981 1124 3037 πάλιν
1171 2981 1261 3036 καὶ
1320 2981 1444 3036 τὸτε
1498 2986 1727 3055 μοχθεῖν
1758 2981 1894 3036 ὑπο-

241 3076 498 3146 νοησητε.
561 3073 683 3130 Ἐπὶ
735 3072 828 3145 μὲν
889 3073 994 3147 γὰρ
1049 3075 1156 3127 τῶν
1213 3070 1485 3139 αἰσθητῶν
1534 3070 1890 3144 πραγμάτων,

237 3163 616 3239 καὶὸσπόρος
674 3161 796 3240 εἶχε
849 3161 1038 3229 κὸπον,
1097 3159 1186 3214 καὶ
1248 3160 1276 3214 6
1333 3158 1548 3230 ἀμητὸς
1604 3156 1885 3219 ὡσαύτως.

242 3253 463 3310 Διαλῦει
495 3255 598 3330 γάρ
655 3249 843 3306 πολλὰ
897 3251 1025 3312 τοὺς
1083 3248 1360 3321 ἀμῶντας,
1387 3247 1478 3302 καὶ
1507 3247 1572 3302 τὸ
1601 3247 1766 3320 ἀμᾷν,
1797 3246 1888 3302 καὶ

237 3346 302 3402 τὸ
347 3352 448 3414 τῆς
502 3343 648 3419 ὥρας
703 3343 925 3417 θερμόν*
983 3337 1143 3396 Ἀλλ’
1211 3338 1410 3398 ἐκείνος
1461 3337 1526 3392 οὐ
1582 3337 1828 3400 τοιοῦτος
1861 3337 1889 3393 6

225 3427 479 3509 ’ἀμητόᾳ
543 3434 716 3489 Πόνου
799 3432 900 3507 γὰρ
957 3431 1044 3486 καὶ
1102 3427 1332 3500 ίδρῶτὸς
1388 3427 1529 3483 ἐστιν
1587 3426 1890 3503 ἐλεύθερος.

245 3528 424 3582 Τοῦτο
447 3522 548 3600 γὰρ
574 3518 701 3600 ἔφη,
725 3546 751 3572 ‹‹
781 3522 869 3587 Μὴ
904 3517 1251 3596 ἐκλυόμενοι.
1279 3541 1307 3569 ››
1330 3551 1397 3560 -
1420 3519 1625 3592 [ΦΩΤ.]
1655 3521 1724 3571 "H
1755 3539 1775 3567 α
1801 3523 1889 3584 Μὴ

245 3611 589 3687 ἰκλυόμςνοι,
625 3635 652 3663 ››
699 3612 943 3666 τουτέστι
995 3611 1069 3682 μὴ
1129 3609 1560 3680 ἀποναρκῶντες,
1607 3604 1745 3680 μηδέ
1795 3612 1895 3676 τῆς

246 3700 598 3778 ἀγαθοεργίας
659 3700 1034 3775 ἀφιστάμενοι.
1093 3703 1210 3753 Τῶν
1267 3698 1368 3772 γὰρ
1424 3696 1501 3760 εἷς
1547 3695 1705 3758 τέλος
1737 3696 1894 3772 ἀγω-

247 3790 549 3863 νιζομένων
591 3789 732 3845 ἐστὶν
766 3790 794 3844 6
827 3789 1102 3864 στέφανος.
1167 3810 1192 3841 α
1223 3788 1310 3848 Ὦς
1365 3786 1554 3861 καιρὸν
1611 3783 1832 3860 ἔχομεν.
1867 3808 1896 3834 ››

245 3883 340 3938 Ἐν
368 3885 436 3954 τῇ
471 3883 584 3954 ζωῇ
623 3882 724 3955 γάρ
778 3879 965 3953 ταύτῃ,
999 3879 1026 3932 ὁ
1055 3876 1242 3950 καιρός
1301 3875 1411 3930 ἔστι
1472 3877 1569 3945 τῆς
1625 3874 1896 3951 ἐργασίας,

251 3969 363 4026 ἐκεῖ
391 3967 448 4024 δὲ
479 3968 578 4024 οὐκ
634 3964 732 4026 ἔτι.
801 3990 823 4018 α
858 3969 936 4025 Τὸ
968 3967 1168 4044 ἀγαθὸν
1227 3966 1364 4041 πρὸς
1412 3965 1637 4027 πάντας.
1675 3989 1702 4016 ››
1757 3965 1900 4040 Πρὸς

251 4058 574 4127 Ἰουδαίους,
652 4059 789 4135 πρὸς
868 4055 1192 4128 Ἕλληνας,
1283 4052 1562 4132 ἐξαιρέτως
1639 4051 1697 4109 δὶ
1767 4053 1904 4128 πρὸς

247 4149 375 4213 τοὺς
405 4148 650 4211 πιστούς.

1926 3117 1969 3184 C

2002 1821 2104 1890 qui
2135 1823 2392 1878 seminat
2419 1841 2522 1896 per
2553 1827 2845 1898 spiritum.
2883 1851 2910 1878 »
2949 1830 3098 1895 Quid
3146 1837 3344 1886 autem
3394 1831 3651 1886 seminat

1996 1910 2132 1979 quis
2172 1927 2279 1981 per
2331 1913 2612 1984 Spiritum
2671 1917 2992 1972 sanctum?
3043 1919 3191 1984 Quid
3248 1919 3411 1975 aliud
3468 1934 3646 1991 quam

1997 1998 2458 2072 eleemosynam,
2522 2007 2997 2075 temperantiam,
3055 2023 3412 2079 omnemque
3465 2009 3648 2064 virtu—

1998 2093 2117 2142 tem
2137 2088 2164 2142 ?
2195 2110 2223 2138 ‹‹
2257 2091 2337 2144 Ex
2369 2091 2583 2161 spiritu
2616 2100 2800 2148 metet
2826 2096 3006 2150 vitam
3038 2103 3344 2152 aeternam.
3366 2120 3394 2146 ››
3427 2099 3649 2162 Quem-

1995 2175 2314 2233 admodum
2347 2179 2506 2235 enim
2538 2181 2698 2238 varia
2730 2190 2867 2238 sunt
2897 2187 3127 2240 semina
3157 2187 3353 2241 carnis
3384 2193 3442 2240 et
3473 2186 3647 2257 spiri-

1997 2271 2114 2323 tus.
2148 2266 2318 2322 itaet
2367 2269 2526 2325 varia
2584 2276 2673 2324 est
2730 2274 2979 2328 messis:
3039 2274 3118 2328 ibi
3177 2275 3497 2345 corruptio,
3552 2274 3648 2329 hic

1993 2360 2191 2409 autem
2228 2357 2340 2411 vita
2401 2365 2641 2415 interna.
2705 2383 2731 2410 «
2782 2363 2864 2416 Ne
2923 2362 3335 2434 defatigemur,
3370 2385 3398 2414 »
3452 2379 3648 2434 neque

1994 2441 2406 2507 dissolvamur,
2468 2463 2536 2500 eo
2595 2447 2754 2518 quod
2830 2450 3255 2506 retributiones
3307 2452 3426 2508 sint
3484 2469 3650 2524 repo-

1995 2532 2119 2585 sitm
2151 2532 2212 2586 in
2242 2532 2442 2588 futuro
2487 2537 2704 2592 saeculo
2743 2553 2755 2591 :
2815 2540 2926 2593 erit
2984 2542 3144 2595 enim
3204 2548 3437 2613 tempus
3491 2540 3650 2612 quod

1993 2621 2238 2676 omnino
2267 2623 2480 2688 veniet,
2535 2626 2771 2696 quando
2819 2629 3180 2699 recipiemus
3237 2646 3524 2701 prospera
3579 2645 3649 2685 ac

1993 2710 2328 2770 commoda.
2363 2720 2423 2767 et
2455 2721 2743 2770 metemus
2775 2733 2904 2788 quas
2966 2733 3122 2772 nunc
3171 2735 3204 2773 a
3252 2718 3424 2773 nobis
3469 2718 3652 2773 semi-

1992 2806 2131 2855 nata
2176 2807 2314 2856 sunt
2370 2801 2546 2858 bona.
2615 2805 2840 2860 Deinde
2901 2807 3184 2876 quoniam
3243 2807 3454 2862 messis
3512 2806 3652 2862 fecit

1993 2889 2384 2954 mentionem,
2442 2891 2566 2946 haac
2625 2898 2826 2948 autem
2881 2911 3029 2966 opus
3088 2895 3268 2951 habet
3319 2895 3523 2952 labore
3583 2913 3652 2952 ac

1993 2977 2357 3048 fatigatione,
2389 2979 2616 3034 addidit
2646 2997 2658 3035 :
2696 3004 2722 3029 ι‹
2752 2983 2881 3037 Non
2913 2983 3233 3056 defatigati.
3268 3007 3296 3035 ››
3341 2989 3420 3041 Ac
3479 2986 3526 3040 si
3559 2985 3652 3040 di-

1994 3073 2191 3120 ceret:
2225 3067 2331 3132 Qui
2384 3069 2555 3123 metit
2600 3074 2766 3139 tunc,
2820 3089 2936 3127 non
2982 3073 3231 3143 laborat,
3284 3092 3393 3131 nec
3441 3075 3655 3130 defati-

1998 3160 2189 3227 gatur,
2222 3156 2376 3211 utin
2407 3157 2518 3212 hoc
2552 3159 2774 3215 mundo
2833 3162 3068 3218 accidit.
3114 3164 3194 3219 Ne
3246 3180 3403 3237 ergo,
3453 3165 3654 3220 audita

1996 3261 2214 3304 messe.
2247 3245 2438 3303 adhuc
2471 3249 2648 3304 etiam
2680 3268 2779 3306 vos
2809 3258 2949 3308 tunc
2979 3253 3247 3310 laborare
3280 3255 3650 3310 existimetis.

1999 3335 2064 3389 In
2083 3335 2469 3392 sensibilibus
2499 3339 2716 3394 etenim
2745 3341 2924 3397 rebus
2975 3349 3032 3398 et
3052 3345 3366 3400 seminatio
3389 3344 3654 3400 laborem

2001 3429 2198 3496 habet,
2260 3438 2317 3486 et
2375 3435 2587 3490 messis
2646 3442 2880 3508 tempus
2940 3439 3232 3495 similiter.
3290 3441 3656 3511 Frequenter

2002 3536 2260 3591 namque
2297 3530 2585 3579 metentes
2644 3525 2910 3581 dissolvit
2967 3534 3025 3582 et
3073 3529 3265 3599 ipsum
3321 3537 3544 3586 metere
3598 3533 3658 3585 et

2003 3609 2168 3664 calor
2200 3611 2482 3682 temporis
2509 3628 2522 3666 :
2555 3618 2613 3668 at
2644 3631 2764 3670 non
2796 3615 2913 3670 tale
2954 3624 3045 3672 est
3077 3617 3221 3672 illud
3260 3619 3470 3674 messis
3507 3625 3654 3673 tem-

2005 3706 2267 3770 puszest
2297 3701 2456 3755 enim
2488 3719 2522 3757 a
2553 3702 2754 3758 labore
2798 3721 2865 3759 ac
2922 3705 3134 3760 sudore
3181 3706 3454 3762 liberum.
3508 3707 3652 3762 Nam

2007 3788 2115 3842 hoc
2136 3789 2444 3857 significat.
2472 3813 2500 3841 ‹‹
2526 3794 2648 3847 Non
2673 3793 2992 3860 defatigati.
3019 3817 3047 3842 »
3073 3798 3185 3847 Aut
3206 3810 3314 3847 non
3337 3794 3652 3863 defatigati,

2009 3878 2066 3932 id
2098 3886 2208 3947 est,
2235 3897 2353 3936 non
2413 3889 2721 3952 torpentes
2771 3900 2964 3953 neque
3014 3899 3047 3937 a
3096 3883 3253 3937 bona
3311 3885 3654 3954 Operatione

2009 3967 2386 4025 desistentes.
2423 3970 2522 4025 His
2553 3971 2848 4042 siquidem
2881 3987 3100 4027 corona
3128 3971 3320 4038 datur,
3353 3971 3454 4043 qui
3486 3973 3560 4028 ad
3591 3971 3658 4028 tl-

2012 4073 2152 4112 nem
2182 4075 2371 4129 usque
2425 4064 2674 4114 certant.
2738 4081 2765 4109 «
2798 4061 2947 4115 Dum
3004 4066 3236 4133 tempus
3287 4061 3596 4118 habemus.
3629 4083 3657 4112 »

2018 4147 2162 4201 761
2202 4148 2344 4202 Nam
2377 4148 2437 4202 in
2469 4147 2578 4203 hac
2609 4148 2724 4203 vita
2749 4154 2984 4221 tempus
3013 4156 3104 4205 est
3131 4151 3438 4221 operandi,
3472 4151 3534 4205 in
3574 4149 3662 4206 fu-

253 4248 388 4298 turo
418 4257 554 4296 vero
581 4255 702 4295 non
732 4239 834 4295 ita.
870 4259 897 4288 α
932 4238 1159 4293 Bonum
1181 4252 1319 4309 erga
1349 4252 1557 4292 omnes
1589 4250 1924 4307 operemur.
1960 4258 1990 4286 »
2018 4235 2166 4306 Erga
2193 4235 2426 4291 Judaaos
2458 4242 2515 4291 et
2541 4253 2679 4310 erga
2719 4237 2970 4308 Graecos,
3027 4239 3406 4310 potissimum
3463 4244 3663 4295 tamen

258 4346 396 4403 erga
420 4328 750 4386 credentes.

883 4423 1142 4480 ΚΕΦΑΛ.
1186 4420 1290 4478 ΙΒ“.

263 4514 588 4589 ’Δποτροπὴ
648 4512 755 4570 ἀπὸ
838 4515 971 4598 τῶν.
1031 4509 1300 4598 ὶλκόντῶν
1395 4507 1483 4598 ἐπὶ
1528 4509 1638 4598 ,τὴν
1692 4527 1916 4598 περιτος

343 4579 476 4661 μῆν’,
534 4579 620 4641 καὶ
694 4585 980 4661 προτροπὴ
1041 4585 1176 4658 πρὸς
1232 4579 1352 4636 νέαν
1435 4581 1581 4650 ζωήν
1645 4579 1776 4648 τήν’
1817 4579 1920 4635 ὑπὸ

338 4659 629 4732 Ηνεῦματι.

341 4747 507 4807 Ἴδετε
594 4746 856 4820 πηλίκοις
934 4747 1060 4820 ὑμῖν
1167 4743 1480 4822 γράμμασιν

266 4838 376 4912 ἐμῇ
478 4838 646 4913 χειρί.
748 4838 904 4890 Ὅσοι
1007 4834 1261 4889 θέλουσιν

269 4927 448 4996 σαρκὶ,
548 4925 698 4981 οὗτοι
791 4925 1177 4999 ἀναγκάζουσιν

273 5014 432 5089 μόνον
485 5015 573 5069 ’ἱνα
635 5016 710 5088 μή
769 5017 848 5085 τῷ
906 5017 1123 5086 σταυρῷ
1178 5015 1276 5065 τοῦ
1355 5014 1600 5083 Χριστοῦ
1677 5007 1926 5063 διώκων-

269 5126 380 5162 ται.
441 5102 582 5161 Οὐδὲ
626 5103 731 5179 γάρ
766 5102 816 5156 οἱ
873 5099 1350 5174 περιτεμνόμετοι,
1409 5096 1564 5152 αὐτοὶ
1625 5097 1793 5170 νόμον
1825 5119 1926 5173 φυο

272 5193 591 5261 λάσσουσιν,
701 5191 845 5246 ἀλλὰ
919 5189 1168 5245 θέλουσιν
1276 5188 1412 5262 ὑμᾶς
1489 5185 1925 5261 περιτέμνεσθαι,

268 5282 363 5339 ’ίνα
394 5282 447 5339 ἐν
476 5288 545 5358 τῇ
583 5281 814 5356 ὀμετέρᾳ
845 5280 1000 5356 σαρκὶ
1033 5280 1449 5358 καῦχήσωνται.

1576 4737 1784 4821 ἔγραψα
1851 4745 1920 4815 τῇ

1367 4833 1795 4908 εὐπροσωπῆσαι
1871 4831 1923 4886 ἐν

1273 4923 1411 4995 ὑμᾶς
1488 4943 1585 4995 περ
1597 4921 1668 4976 ιτὲ
1683 4924 1924 4993 μνεσθαι,

1939 4424 1986 4489 D

2640 4426 2871 4482 CAPUT
2909 4425 3034 4481 XII.

2032 4511 2262 4567 Aversio
2287 4513 2356 4567 ab
2387 4512 2471 4567 his
2508 4515 2607 4583 qui
2662 4515 2894 4570 trahunt
2951 4515 3024 4570 ad
3083 4516 3570 4582 circumcisionem,
3621 4519 3673 4570 et

2098 4585 2408 4709 emt/tortatio
2437 4589 2509 4639 ad
2537 4603 2734 4641 novam
2781 4588 2950 4642 vitam
2993 4603 3122 4657 Quae
3166 4588 3264 4642 sub
3312 4588 3530 4657 Spiritu
3577 4587 3674 4642 de-

2099 4673 2155 4726 g:
2189 4673 2273 4710 ur.

2109 4747 2300 4800 Videte
2329 4747 2528 4817 quibus
2560 4747 2754 4800 litteris
2782 4749 3090 4816 scripserim
3117 4748 3266 4801 vobis
3317 4764 3437 4802 mea
3487 4763 3676 4816 manu,

2031 4835 2352 4904 Quicunque
2385 4835 2572 4890 volunt
2593 4836 2766 4903 jurta
2793 4837 2994 4903 faciem
3015 4836 3234 4906 placere
3283 4838 3341 4891 in
3391 4852 3574 4902 carne,
3620 4833 3680 4890 hi

2034 4931 2232 4991 cogunt
2266 4940 2355 4977 vos
2387 4925 2745 4978 cirrumcidi:
2780 4931 2993 4978 tantum
3042 4942 3109 4979 ne
3157 4925 3219 4980 ob
3270 4943 3478 4981 crucem
3519 4926 3683 4980 Chri-

2032 5014 2104 5066 sti
2128 5014 2559 5081 persecutionem
2584 5015 2900 5082 patiantur.
2953 5015 3087 5068 Nam
3139 5017 3236 5085 qui
3281 5015 3682 5070 circumcidun-

2037 5107 2144 5164 tur,
2178 5117 2246 5155 ne
2275 5103 2382 5170 ipsi
2410 5103 2630 5171 quidem
2685 5103 2849 5172 legem
2910 5112 3160 5159 servant:
3215 5107 3308 5160 sed
3354 5107 3544 5160 volunt
3594 5121 3685 5161 vos

2037 5192 2372 5260 circumcidi,
2407 5199 2465 5245 ut
2499 5193 2556 5246 in
2587 5199 2765 5248 vestra
2796 5211 2959 5249 carne
2995 5194 3328 5264 glorientur.

343 5373 444 5439 Τὸ,
511 5398 537 5426 ι
579 5370 870 5440 Ιίηλίκοις,
906 5399 926 5424 ι
991 5368 1053 5424 οὗ
1113 5367 1372 5445 μεγεθους
1417 5363 1525 5420 ἐστὶ
1593 5361 1928 5434 δηλωτικὸν,

275 5461 422 5520 ἀλλὰ
470 5461 702 5541 ἆμοφίας
767 5464 876 5516 τῶν
942 5459 1306 5536 γραμμάτων.
1363 5455 1506 5510 Ὧσεὶ
1567 5451 1770 5530 ἔλεγενο
1837 5455 1932 5511 Καὶ

277 5557 449 5610 ταῦτα
491 5552 568 5627 μὴ
636 5547 794 5611 εἲόὼς
840 5549 1062 5630 γράφειν
1112 5547 1320 5616 καλῶς,
1381 5546 1534 5620 ὅμως
1591 5545 1935 5622 ἠνάγκασμαι

570 5675 816 5727 ΡΑτιιοῐ..
859 5668 961 5726 Gn.
1004 5665 1261 5758 QXVIII.

2113 5391 2140 5417 «
2173 5369 2416 5436 Quibus,
2453 5394 2480 5419 ››
2513 5387 2633 5426 non
2674 5373 3143 5444 magnitudinem
3177 5373 3508 5428 litterarum
3531 5371 3686 5426 desi-

2039 5465 2198 5532 gnat,
2234 5461 2337 5516 sed
2369 5463 2777 5519 characterum
2808 5464 3262 5522 deformitatem.
3309 5468 3389 5520 Ac
3443 5463 3492 5518 si
3530 5461 3691 5516 dice-

2041 5556 2132 5607 ret
2164 5569 2178 5608 :
2211 5557 2470 5626 Cumque
2503 5572 2622 5614 non
2655 5572 2889 5614 nossem
2921 5562 3078 5614 recte
3127 5557 3391 5631 pingere,
3449 5557 3688 5610 coactus

3339 5672 3407 5727 37
