4096 6194
587 326 743 391 1163

1702 322 2127 388 (EUUMENII
2175 323 2477 387 TRICCE
2520 327 2875 391 EPISCOPI

3795 337 3908 397 lilii

583 478 715 520 sum
747 468 946 518 tamen
978 457 1216 530 propria
1264 472 1447 514 manu
1497 456 1810 530 epistolam
1861 474 2123 524 exarare,
2170 463 2222 514 ul

2347 453 2649 537 ίδιόχειρον
2685 459 2786 527 τήν
2818 457 3113 531 ἕπιστολήν
3158 457 3384 536 γοᾶψαι,
3445 457 3534 516 διὰ
3578 459 3636 516 τὸ
3680 460 3904 538 ὁμολογίαν

577 552 884 624 proprium
904 547 1294 604 confessionis
1320 564 1466 605 mea
1489 548 1946 621 chirographum
1971 547 2227 620 depone-

575 645 760 700 retur.
795 637 954 710 quod
987 637 1503 695 circumcisionem
1537 656 1656 695 non
1687 639 2024 711 praedicem,
2049 637 2227 694 veluti

577 728 785 785 dicunt
806 728 1267 785 calumniatores
1316 752 1341 778 ‹‹
1367 730 1716 802 Quicunque
1742 729 2128 802 voluntjuxta
2149 729 2230 784 fa-

577 819 728 874 ciem
763 820 996 891 placere
1029 819 1090 874 in
1123 834 1316 875 carne.
1355 841 1382 868 »
1406 818 1774 891 Quicunque,
1805 819 2230 891 inquit,volunt

578 908 732 981 apud
765 909 1038 964 homines
1068 907 1320 975 laudari,
1351 908 1411 962 hi
1442 925 1542 964 vos
1592 916 1809 981 cogunt
1859 907 2224 964 circumcidi.

577 998 750 1070 Apud
783 1015 930 1069 quos
964 999 1238 1053 homines
1259 997 1286 1052 ?
1314 1002 1416 1053 aut
1443 998 1599 1070 apud
1635 997 1888 1064 Judaeos,
1944 1005 2227 1069 tanquam

580 1087 786 1160 patriae
819 1087 929 1159 legi
964 1087 1336 1142 adhaerentes
1363 1104 1375 1141 :
1408 1094 1510 1142 aut
1540 1087 1695 1158 apud
1726 1093 2018 1153 externos,
2069 1085 2226 1157 quod

581 1177 744 1234 vobis
774 1183 1059 1248 tanquam
1090 1177 1398 1248 discipulis
1430 1183 1690 1233 utantur.
1736 1177 1881 1232 Nam
1935 1176 1994 1231 in
2043 1194 2224 1244 carne,

582 1267 638 1323 id
665 1275 753 1322 est
775 1269 834 1322 in
859 1266 1203 1323 hominibus
1228 1267 1317 1322 vel
1349 1267 1504 1339 apud
1551 1267 1844 1322 homines.
1889 1289 1914 1316 ‹‹
1950 1268 2064 1322 Nos
2111 1267 2225 1321 cir-

585 1359 860 1416 cumcidi.
898 1381 925 1408 »
958 1359 1174 1415 Volunt
1203 1359 1420 1414 habere
1453 1366 1508 1414 et
1535 1359 1685 1414 alios
1717 1359 2120 1420 circumcisos,
2152 1373 2228 1413 ne

586 1454 830 1520 prOpter
861 1465 1096 1502 crucem
1131 1465 1197 1502 ac
1231 1447 1408 1502 ﬁdem
1442 1447 1824 1520 evagitentur,
1859 1463 1926 1501 ac
1950 1461 2225 1516 persecu-

585 1539 809 1593 tionem
842 1538 1192 1594 sustineant.
1227 1537 1390 1601 Quod
1434 1538 1481 1593 si
1532 1539 1607 1592 sit
1657 1532 1966 1590 ὃιοικῶνται
2016 1535 2226 1607 guber-

581 1639 819 1690 nentur,
836 1633 977 1684 tunc
997 1629 1078 1684 ita
1093 1626 1385 1700 intelliges
1407 1645 1419 1682 :
1439 1627 1883 1684 Omnial‘aciunt
1901 1625 2226 1681 ethomini-

581 1717 691 1774 bus
721 1719 954 1790 placere
984 1718 1205 1784 volunt,
1237 1720 1428 1772 solum
1461 1734 1535 1772 ne
1567 1732 1670 1788 per
1728 1715 1905 1772 {idem
1951 1720 2229 1788 regantur

2345 567 2471 621 μου,
2505 549 2686 624 φησὶν,
2746 545 3042 624 ἴδιόχειρον
3091 550 3428 617 ἀποκεῖσθαι,
3485 549 3567 604 δτι
3623 549 3678 605 οὐ
3721 553 3908 626 nep-3m

2337 639 2640 712 περιτομὴν
2689 639 2763 700 ὡς
2825 639 2877 694 οἱ
2909 636 3296 701 διαθάλλοντες
3351 638 3622 714 λέγουσιν.
3656 663 3682 692 α
3709 641 3911 706 *Οσοι

2340 724 2524 782 λουσιν
2577 727 3020 803 εὐπροσωπῆσαι.
3055 753 3082 780 »
3140 731 3300 786 ’Όσοι
3331 728 3578 799 θέλουσι,
3634 730 3769 806 φησὶ,
3813 735 3909 806 παρὰ

2337 815 2639 890 ἀνθρώποις
2681 816 3008 892 εὐδοκιμεῖν,
3067 817 3216 874 οῦτοι
3275 818 3661 891 ἀναγκάζουσιν
3691 818 3807 881 imi:
3851 844 3912 876 τε-

2341 906 2702 982 ριτέμνεσθαι.
2761 908 2950 970 Ποίοις
2990 908 3360 978 ἀνθρώποιςῆ
3396 912 3545 984 παρᾶ
3601 906 3842 972 Ἰουδαίοις
3866 913 3913 974 ὡς

2338 995 2628 1070 ἐχομένοις
2679 1002 2776 1053 τοῦ
2833 998 3090 1072 πατρῴου
3153 999 3345 1072 νόμου,
3378 1001 3416 1069 ἢ
3449 999 3598 1071 παρὰ
3639 1005 3744 1061 τοῖς
3769 994 3914 1070 Eine:

2341 1093 2610 1160 μαθηταῖς
2641 1087 2769 1160 ὑμῖν
2796 1089 3182 1162 κεχρημένοις.
3232 1112 3259 1139 ‹‹
3287 1091 3379 1146 Ἐν
3433 1088 3593 1160 σαρκὶ
3626 1112 3651 1136 ››
3679 1088 3785 1161 γὰρ,
3809 1110 3916 1143 τουτ-

2338 1173 2502 1244 ἑστιν,
2548 1175 2602 1230 ἐν
2648 1176 2978 1250 ἀνθρώποις.
3047 1200 3077 1228 ‹‹
3130 1177 3298 1249 ’Υμᾶς
3353 1175 3773 1249 περιτέμνεσθαι.
3801 1200 3818 1229 ι
3859 1179 3916 1233 0i-

2339 1263 2528 1320 λουσιν
2551 1263 2696 1345 ἔχειν
2750 1265 2842 1320 καὶ
2899 1265 3118 1340 ἐτέρους
3177 1274 3705 1340 περιτεμνομενους,
3753 1264 3825 1320 ’ἶνα
3867 1269 3916 1338 μὶ,

2339 1349 2427 1408 διὰ
2477 1357 2575 1408 τοῦ
2625 1358 2858 1428 σταυροῦ
2913 1355 3005 1409 καὶ
3061 1361 3161 1423 τῆς
3217 1354 3454 1416 πίστεως
3517 1353 3817 1410 ἐλαύνωνται
3859 1357 3916 1410 ιιιέ

2339 1439 2667 1499 διώκωνται.
2747 1443 2809 1500 El
2870 1441 2928 1499 δέ
2993 1443 3128 1510 ἐστι,
3189 1441 3528 1511 διοικῶνται,
3591 1445 3724 1499 οὕτω
3773 1448 3916 1513 νοήσει·

2341 1534 2518 1590 Πάντα
2548 1538 2790 1604 ποιοῦσι,
2848 1535 2938 1590 καὶ
2998 1535 3303 1608 ἀνθρώποις
3354 1535 3544 1611 ἀρέσαι
3600 1533 3809 1604 θέλουσι,
3853 1538 3918 1608 :46-

2335 1643 2425 1678 vov
2455 1623 2546 1679 ’ἱνα
2580 1625 2652 1696 μή
2689 1621 2778 1679 δια
2805 1631 2904 1694 τῆς
2948 1622 3182 1686 πίστεως
3244 1623 3528 1700 ἅρχωνται
3587 1625 3673 1681 καὶ
3735 1623 3914 1681 Sicimin-

2335 1735 2442 1771 ται.
2507 1737 2535 1767 ιι
2568 1714 2644 1772 Οὐ
2702 1715 2806 1791 γαρ
2865 1715 2918 1770 οἱ
2969 1715 3448 1789 περιτεμνόμενοι.
3481 1741 3509 1768 ››
3569 1715 3786 1771 Δείκνυσι
3830 1718 3917 1771 uti

579 1823 647 1864 ac
703 1807 1126 1882 gubernentur.
1189 1832 1215 1857 ‹‹
1273 1808 1415 1862 Nam
1473 1807 1572 1877 qui
1632 1803 2222 1861 circumciduntur.»

2331 1799 2636 1874 κενοδοξίαν
2664 1804 2727 1858 τὸ
2772 1809 2875 1859 πᾶν
2935 1803 3130 1867 αὐτούς
3181 1811 3377 1861 ποιεῖν.
3449 1805 3526 1860 Οῦ
3558 1807 3661 1882 γὰρ
3689 1806 3916 1883 05101,;75

580 1897 853 1954 Ostendit
869 1914 937 1952 ex
960 1896 1121 1951 inani
1147 1896 1334 1969 gloria
1363 1912 1487 1951 rem
1508 1910 1745 1950 omnem
1767 1893 1900 1948 illos
1923 1907 2222 1964 peragere.

577 1993 707 2043 Non
742 1987 901 2042 enim
935 1985 1035 2057 qui
1080 1984 1592 2042 circumciduntur
1648 1999 1866 2054 vosque
1920 1979 2235 2037 circumci-

581 2075 731 2131 dunt
775 2078 884 2130 hoc
915 2075 1142 2130 faciunt
1169 2081 1236 2130 ut
1265 2074 1455 2146 legem
1488 2081 1722 2130 servent
1750 2089 1818 2127 ac
1853 2069 2191 2127 custodiant
2219 2086 2232 2124 :

585 2163 688 2219 sed
719 2170 785 2218 ut
817 2163 1076 2219 habeant
1104 2162 1394 2235 gloriandi
1426 2163 1820 2220 occasionem.
1856 2177 1926 2216 ex
1957 2177 2026 2216 eo
2076 2159 2235 2231 quod

584 2269 686 2309 vos
719 2253 868 2310 708
896 2254 1344 2310 circumcidant.
1379 2255 1522 2309 Nam
1553 2254 1663 2308 hoc
1685 2258 1772 2308 est
1801 2251 1960 2323 quod
1991 2250 2093 2313 ait,
2119 2251 2235 2304 «In

585 2350 780 2402 vestra
795 2361 995 2408 carne,
1025 2367 1051 2393 n
1076 2351 1140 2399 ut
1162 2345 1300 2412 sint,
1333 2345 1547 2416 inquit,
1578 2349 1992 2416 praeceptores,
2016 2357 2233 2413 vosque

586 2433 847 2488 habeant
867 2431 1210 2504 discipulos.

659 2523 750 2591 Vl,
783 2524 960 2576 14-18.
999 2525 1108 2593 Ego
1136 2538 1260 2577 vero
1289 2523 1433 2577 absit
1462 2529 1523 2576 ut
1553 2523 1758 2592 glorier
1811 2519 1922 2576 nisi
1962 2522 2021 2574 in
2075 2536 2235 2576 cruce

585 2612 806 2668 Domini
835 2611 1012 2666 nostri
1039 2613 1166 2667 Iesu
1192 2611 1416 2680 Christi,
1461 2627 1567 2682 per
1595 2627 1756 2681 quem
1811 2610 1947 2664 mihi
1996 2609 2232 2666 mundus

585 2703 878 2770 cruciﬁxus
917 2707 1016 2770 est,
1049 2707 1101 2755 et
1130 2717 1229 2770 ego
1260 2702 1479 2756 mundo.
1523 2703 1661 2757 Nam
1718 2702 1779 2754 in
1839 2699 2056 2756 Christo
2103 2701 2232 2755 Jesu

580 2808 757 2862 neque
786 2794 1125 2848 circumcisio
1155 2792 1456 2865 quidquam
1481 2792 1645 2850 valet.
1668 2807 1845 2862 neque
1869 2793 2230 2860 praeputium,

576 2881 670 2936 sed
699 2897 842 2936 nova
871 2887 1143 2936 creatura.
1179 2886 1244 2937 Et
1271 2884 1587 2952 quicunque
1607 2881 1780 2950 juxta
1815 2880 2064 2950 regulam
2090 2881 2230 2936 hanc

580 2971 862 3039 incedunt,
888 2987 1010 3040 pax
1037 2987 1202 3040 super
1255 2987 1340 3026 eos
1395 2977 1447 3025 et
1502 2969 1902 3036 misericordia,
1962 2977 2013 3024 et
2066 2985 2231 3039 super

576 3062 746 3118 Israel
778 3063 892 3118 Dei.
925 3063 997 3117 De
1027 3069 1226 3119 extero
1276 3079 1343 3117 ne
1394 3064 1517 3132 quis
1563 3061 1699 3116 mihi
1755 3061 2028 3116 molestias
2071 3059 2225 3116 exhi-

579 3159 715 3219 ceat,
748 3168 847 3222 ego
872 3153 1015 3207 enim
1039 3154 1298 3222 stigmata
1327 3154 1546 3207 Domini
1573 3153 1699 3207 Jesu
1747 3155 1806 3206 in
1837 3167 2063 3222 corpore
2108 3165 2228 3206 meo

571 3247 761 3312 porto.
794 3241 988 3297 Gratia
1017 3243 1238 3296 Domini
1266 3244 1438 3298 nostri
1487 3243 1613 3297 Jesu
1659 3241 1859 3296 Christi
1907 3258 2028 3298 cum
2069 3241 2230 3311 spiri-

581 3337 642 3386 tu
667 3337 868 3397 vestro,
901 3334 1126 3400 fratres.
1160 3337 1356 3388 Amen.

653 3598 953 3670 Tanquam
983 3598 1266 3656 miserum
1299 3601 1603 3672 quippiam
1661 3599 2032 3671 deprecatur.
2090 3599 2227 3664 Qum

583 3697 674 3748 est
703 3697 896 3747 autem
931 3689 1251 3765 gloriatio?
1298 3689 1462 3755 Quod
1507 3693 1747 3760 propter
1797 3705 1905 3744 nos
1954 3689 2227 3761 indignos

579 3781 831 3838 voluerit
859 3781 1141 3850 crucifigi.
1176 3781 1321 3835 Nam
1347 3778 1406 3833 id
1436 3777 1606 3833 nobis
1628 3777 1917 3850 gloriandi
1949 3783 2040 3833 est
2063 3793 2228 3833 occa~

574 3872 680 3927 sio.
712 3872 776 3926 In
799 3887 971 3927 cruce
997 3867 1406 3942 igiturChristi
1434 3867 1608 3922 liceat
1636 3863 1778 3921 mihi
1803 3866 2064 3940 gloriari,
2093 3884 2222 3939 quae

569 3959 896 4014 incredulis
930 3958 1158 4012 videtur
1188 3957 1366 4012 etiam
1417 3973 1546 4012 esse
1595 3956 2000 4029 opprobrium.
2055 3979 2082 4006 ‹‹
2115 3963 2224 4012 Per

571 4062 748 4117 quem
781 4045 925 4100 mihi
958 4045 1213 4101 mundus
1245 4045 1558 4102 cruciﬁxus
1591 4052 1697 4102 est.
1735 4068 1761 4096 »
1792 4046 2071 4102 Mundum
2129 4045 2220 4102 di-

565 4135 648 4190 cit
676 4150 770 4190 res
805 4135 1156 4203 mundanas,
1188 4152 1401 4209 nempe
1433 4137 1670 4193 laudem
1702 4154 1769 4193 ac
1808 4137 2055 4211 gloriam
2088 4154 2218 4210 quas

565 4224 638 4280 ad
673 4225 1015 4281 hominibus
1049 4227 1349 4298 quaaritur.
1387 4226 1520 4284 Hinc
1551 4228 1749 4300 igitur,
1793 4227 1950 4299 quod
2006 4228 2080 4283 ad
2124 4244 2217 4283 me

565 4313 798 4376 attinet.
829 4315 1030 4371 omnia
1057 4322 1291 4371 mortua
1321 4323 1480 4372 sunt.
1515 4317 1739 4372 Deinde
1790 4332 1915 4372 rem
1971 4333 2218 4390 exagge-

563 4419 704 4462 rans
736 4403 920 4459 dixit:
955 4406 1023 4460 Et
1052 4421 1157 4478 ego
1188 4403 1283 4461 his
1315 4412 1583 4462 mortuus
1617 4422 1746 4461 sum
1783 4423 1795 4461 :
1830 4405 2010 4478 dupla
2056 4422 2216 4460 mor-

560 4495 887 4554 tificatione
910 4497 1103 4570 fugam
1120 4497 1358 4554 illorum
1383 4496 2210 4570 significansetinutilitatem.

2342 1892 2448 1960 σὶν,
2490 1893 2541 1947 ol
2605 1893 3046 1968 περιτεμνόμενοι
3101 1894 3190 1950 καὶ
3253 1895 3394 1968 ὑμᾶς
3459 1896 3916 1970 περιτέμνοντεςὰ

2340 1982 2508 2055 νόμον
2589 1985 2875 2054 τθροῦντες
2933 1986 3022 2039 καὶ
3075 1982 3438 2063 φυλάττιντες
3498 1989 3660 2041 τοῦτο
3715 1990 3916 2056 ποιοῦσιν,

2339 2068 2466 2125 ἀλλ’
2495 2070 2584 2125 ἳνα
2612 2066 2784 2146 ἔχωσι
2816 2077 2912 2127 τοῦ
2941 2079 3246 2148 καυχᾶσθαι
3277 2073 3540 2152 ἀφορμὴν
3598 2071 3682 2128 διὰ
3706 2079 3788 2128 τοῦ
3828 2075 3917 2144 fruit

2337 2157 2696 2234 περιτέμνειν.
2761 2163 2940 2218 Τοῦτο
3015 2161 3116 2238 γάρ
3177 2161 3339 2227 ἐστιν⁹
3427 2188 3456 2214 ‹‹
3495 2165 3586 2220 Ἐν
3638 2166 3702 2234 τῇ
3757 2163 3917 2234 ὑμετέρᾳ

2339 2249 2518 2324 σαρκὶ,
2555 2275 2582 2300 υ
2624 2248 2737 2320 ἵνα,
2797 2251 2980 2329 φησιν,
3045 2251 3147 2306 ὦσι
3205 2248 3542 2308 διδάσκαλοι
3574 2299 3588 2323 ,
3633 2251 3716 2306 καὶ
3743 2251 3916 2324 μαθητὰς

2341 2337 2482 2412 ὑμᾶς
2511 2335 2703 2414 ἔχωσι.

2411 2517 2572 2590 Ἐμοὶ
2631 2514 2688 2573 δὶ
2741 2521 2816 2592 μὴ
2897 2518 3112 2595 γένοιτο
3167 2521 3500 2596 καυχᾶσθαι,
3572 2520 3620 2576 ετ
3674 2522 3739 2593 μή
3789 2520 3826 2574 δν
3868 2521 3913 2586 τῷ

2338 2612 2552 2682 σταυρῷ
2602 2611 2698 2663 τοῦ
2751 2609 2956 2682 Κυρίου
3032 2609 3216 2679 Ἰησοῦ
3271 2611 3514 2685 Χριστοῦ
3550 2654 3565 2680 ,
3625 2608 3691 2664 δι’
3739 2609 3790 2662 οὗ
3835 2606 3914 2678 ἐμοὶ

2334 2697 2542 2768 κόσμος
2623 2697 3008 2772 ἐσταύρωται,
3076 2697 3230 2774 κάγὼ
3308 2703 3387 2772 τῷ
3475 2701 3686 2772 κόσμῳ.
3742 2700 3808 2754 Ἐν
3849 2697 3908 2768 γᾶξ

2338 2783 2556 2858 Χριστῷ
2639 2787 2823 2854 Ἰησοῦ
2916 2781 3039 2841 οὔτε
3120 2788 3394 2860 περιτομή
3483 2807 3537 2842 τι
3607 2785 3786 2862 ἰσχύει,
3831 2779 3909 2836 οὔτι

2336 2867 2684 2948 ἀκροϐυστία,
2767 2871 2915 2930 ἀλλά
2995 2877 3151 2945 καινή
3244 2875 3446 2938 κτίσις.
3529 2876 3630 2934 Καὶ
3705 2875 3803 2930 ὅσοι
3862 2875 3909 2941 τῷ

2333 2961 2514 3017 κανόνι
2596 2962 2776 3036 τούτῳ
2851 2968 3267 3040 στοιχήσουσιν,
3359 2965 3558 3042 εἰρήνη
3643 2965 3718 3021 ἐπ’
3785 2961 3912 3019 αὖτοός

2333 3051 2425 3107 καὶ
2465 3051 2621 3116 ’ἐλεος
2655 3099 2668 3124 ,
2731 3055 2823 3109 καὶ
2881 3054 2967 3110 ἐπὶ
3024 3056 3114 3111 τὸν
3174 3055 3397 3130 Ἰσραὴλ
3484 3061 3581 3113 τοῦ
3651 3059 3804 3112 Θεοῦ.
3848 3053 3909 3108 T05

2342 3139 2542 3197 λοιποῦ
2599 3143 2804 3206 κόπους
2891 3167 2984 3217 μοι
3057 3141 3249 3218 μηδεὶς
3324 3145 3637 3222 παρεχέτω.
3689 3143 3808 3217 Ἐγὼ
3847 3140 3908 3212 τάξ

2337 3231 2405 3285 τὰ
2465 3230 2736 3306 στίγματα
2793 3237 2889 3289 τοῦ
2950 3233 3155 3310 Κυρίου
3216 3235 3397 3304 Ἰησοῦ
3477 3234 3530 3291 ἄν
3613 3239 3687 3308 τῷ
3765 3226 3910 3303 σώμπί

2341 3340 2446 3392 μου
2507 3320 2781 3396 βαστάζω.
2851 3323 2913 3378 Ἦ
2971 3322 3136 3398 χάρις
3185 3327 3282 3378 τοῦ
3341 3325 3544 3400 Κυρίου
3602 3325 3748 3398 ἡμῶν
3793 3319 3911 3386 Ἰηποὸ

2337 3412 2595 3485 Χριστοῦ,
2697 3410 2830 3484 μετὰ
2915 3415 3012 3468 τοῦ
3086 3411 3395 3486 πνεύματος
3484 3413 3654 3488 ὑμῶν,
3737 3402 3910 3481 ἀδελφοί·

2335 3498 2401 3553 Ἀ
2414 3499 2540 3571 μὴν.

2403 3603 2492 3664 Ὦς
2547 3602 2792 3680 χαλεπόν
2841 3627 2896 3660 τι
2953 3606 3252 3679 ἁπηόξατο.
3314 3608 3408 3673 Τίς
3469 3607 3529 3666 δὶ
3583 3612 3616 3678 ἡ
3672 3606 3907 3679 καύχησεςς

2329 3692 2448 3746 ’Ότι
2481 3691 2551 3747 δι’
2581 3696 2731 3768 ἡμᾶς
2769 3694 2896 3760 τοὺς
2933 3695 3179 3768 ἀναξίους
3224 3695 3544 3769 κατεδέξατο
3595 3696 3909 3771 σταυρωθῆναι·

2327 3781 2507 3836 Τοῦτο
2550 3785 2649 3859 γὰρ
2705 3786 2840 3859 ἡμῖν
2873 3789 3198 3862 καυχήσεως
3252 3788 3506 3864 ἀφορμή.
3543 3787 3630 3851 El:
3683 3785 3760 3840 τὸν
3807 3800 3908 3836 στιν.

2328 3872 2421 3946 ρὸν
2461 3875 2559 3927 οῦν
2613 3877 2709 3929 τοῦ
2766 3875 3000 3949 Χριστοῦ
3051 3874 3136 3945 εἴη
3191 3898 3285 3950 μοι
3339 3879 3668 3957 καυχᾶσθαι,
3714 3874 3786 3929 τὸν
3827 3871 3902 3924 τοῖς

2328 3965 2574 4029 ἀπίστοις
2637 3967 2726 4023 καὶ
2773 3965 3153 4026 ἒπονείδοστον
3220 3971 3356 4026 εἶναι
3418 3968 3694 4027 δοκοῦντα.
3745 3957 3902 4020 «Διόὅ

2327 4055 2452 4128 ἐμοὶ
2483 4057 2688 4132 κόσμος
2718 4057 3069 4134 ἐσταύρωται.
3116 4085 3140 4116 ι
3175 4063 3396 4136 Κόσμον
3429 4065 3588 4141 φησὶ,
3630 4063 3690 4116 τὰ
3742 4050 3900 4135 βειυτυιἆ

2323 4144 2638 4221 πράγματα,
2670 4149 2764 4203 τὸν
2797 4151 2941 4224 παρα
2993 4149 3294 4226 ἀνθρώπων
3349 4149 3592 4220 ἔπαινον,
3641 4152 3730 4218 τήν
3777 4144 3896 4211 δδξίν·

2320 4235 2486 4291 Ὅσον
2520 4233 2612 4290 οῦν
2641 4237 2768 4312 παρ’
2798 4237 2945 4309 ἐμοὶ,
2999 4245 3165 4296 ταῦτα
3222 4262 3394 4298 παντα
3447 4242 3611 4315 νεκρά
3657 4231 3893 4294 ἐστιν.Εἶτι

2321 4322 2562 4380 ἐπίτασιν
2589 4325 2727 4383 εἶπε·
2764 4329 2866 4385 Καὶ
2896 4327 3024 4406 ἐγὼ,
3067 4330 3222 4406 φησὶ,
3268 4330 3486 4392 τούτοις
3515 4331 3689 4406 νεκρός
3728 4318 3890 4396 είμιντῆ

2321 4409 2492 4480 διπλῆ
2525 4417 2809 4490 νεκρότητι
2843 4417 2904 4474 τὸ
2945 4419 3171 4495 φευκτὸν
3213 4418 3388 4474 αὐτῶν
3422 4417 3606 4490 δηλῶν
3634 4417 3713 4473 καὶ
3757 4427 3883 4468 παντε-

2324 4501 2436 4566 λῶς
2466 4503 2841 4580 ἀνενέργητον.
2867 4531 2895 4559 ‹‹
2927 4505 3103 4564 Ἀλλὰ
3131 4511 3287 4578 καινή
3310 4509 3501 4571 κτίσις.
3536 4536 3555 4560 ι
3586 4506 3740 4572 Καινὴ
3759 4499 3890 4560 tam.

559 4608 587 4637 «
619 4584 731 4642 Sed
754 4602 902 4642 nova
932 4591 1220 4643 creatura.
1262 4608 1289 4637 ››
1323 4587 1499 4644 Nova.
1529 4586 1742 4656 inquit.
1778 4593 2048 4642 creatura
2078 4591 2217 4641 sunt

2330 4594 2478 4666 φησὶ,
2512 4595 2580 4649 τα
2609 4595 2800 4651 πάνταο
2861 4595 3054 4659 πάντες
3109 4597 3211 4674 γὰρ
3263 4598 3316 4654 οἳ
3370 4619 3428 4653 τε
3486 4582 3888 4673 ἐμπερίτομοιιαιξ

559 4677 778 4734 omnia.
805 4678 949 4734 Nam
972 4693 1179 4734 omnes
1202 4677 1322 4733 sive
1345 4675 1681 4732 circumcisi
1706 4674 1823 4730 sive
1854 4676 2210 4747 praeputium

555 4764 845 4823 habentes
875 4767 974 4838 qui
1029 4766 1412 4828 credidimus.
1447 4781 1596 4820 nova
1626 4771 1896 4822 creatura
1939 4764 2074 4821 facti
2108 4781 2207 4822 su.

557 4868 711 4922 mus,
736 4856 914 4911 veteri
948 4857 1186 4912 homine
1220 4855 1472 4928 sepulto.
1506 4854 1796 4926 nobisque
1817 4854 2095 4926 baptismi
2129 4855 2208 4912 lac

556 4959 726 4997 vacro
759 4947 1141 5017 regeneratis.
1177 4968 1203 4996 «
1238 4948 1306 5000 Et
1335 4945 1676 5016 quicunque
1704 4946 1869 5012 juxta
1907 4945 2059 5000 hanc
2113 4961 2210 5001 re-

554 5029 753 5104 gulam
787 5033 1088 5089 incedunt.
1126 5057 1153 5084 »
1186 5035 1504 5106 Quotquot,
1539 5034 1752 5105 inquit,
1787 5034 1896 5090 hac
1930 5034 2129 5107 regula
2151 5040 2207 5091 et

557 5119 828 5175 doctrina
859 5124 1117 5178 contenti
1152 5123 1392 5190 fuerint,
1427 5141 1640 5196 nempe
1672 5124 1828 5195 quod
1860 5141 2009 5180 nova
2041 5142 2207 5182 crea-

557 5215 690 5265 tura
719 5209 838 5264 sint
870 5212 1088 5275 omnia,
1125 5229 1200 5267 ne
1230 5230 1290 5268 se
1324 5214 1434 5287 legi
1471 5213 1864 5270 subdiderint.
1891 5238 1917 5264 ‹‹
1945 5216 2013 5269 Et
2029 5231 2208 5286 super

552 5300 735 5357 Israel
771 5299 890 5356 Dei.
927 5323 954 5349 »
989 5301 1167 5356 Israel
1203 5301 1394 5357 ﬁdelis
1427 5304 1806 5376 estpopulus.
1833 5304 2000 5376 quasi
2022 5305 2206 5361 videns

553 5391 747 5446 Deum.
782 5391 984 5462 Itaque
1017 5390 1119 5461 qui
1163 5391 1506 5448 incredulus
1556 5393 1754 5452 fuerit.
1805 5395 1980 5450 etiam
2040 5394 2088 5450 si
2135 5411 2205 5450 ex

547 5479 724 5536 Iacob
759 5479 1101 5544 descendat,
1135 5480 1487 5547 cognatione
1511 5499 1642 5552 qua)
1676 5482 1747 5537 ad
1774 5485 1961 5555 ipsum
1987 5490 2076 5538 est
2097 5484 2204 5554 eji-

549 5569 720 5626 citur.
759 5596 784 5620 ι(
819 5571 898 5626 De
933 5575 1147 5627 caetero
1176 5585 1246 5625 ne
1301 5574 1434 5642 quis
1479 5571 1624 5626 mihi
1683 5573 1986 5630 molestias
2041 5573 2204 5629 exhi-

2321 4680 2371 4734 οἱ
2437 4678 2763 4757 ἀκρόϐυστοι
2817 4685 3222 4757 πιστώσαντας,
3301 4690 3457 4758 καινή
3512 4688 3678 4746 κτίσις
3735 4676 3890 4754 γξγάν²·

2321 4789 2436 4844 μεν,
2495 4776 2592 4826 τοῦ
2644 4775 2882 4829 παλαιοῦ
2934 4775 3221 4851 ἀνθρώπου
3291 4777 3549 4856 ταφέντος
3582 4823 3596 4844 ,
3654 4772 3731 4829 καιἲ
3782 4766 3887 4838 ἡμῶν

2316 4859 2777 4934 ἆναγεννηθέντων
2859 4863 2912 4920 ὲν
2997 4854 3384 4942 κολυμϐήθρᾳξ
3470 4892 3500 4921 ‹‹
3559 4864 3654 4924 Καὶ
3701 4860 3795 4916 ὅσοι

2314 4947 2495 5003 κανόνι
2544 4948 2723 5022 τούτῳ
2780 4955 3254 5028 στοιχήσουσιν.»
3316 4956 3498 5024 Ὅσοι,
3556 4952 3697 5031 φησί,
3745 4948 3804 5014 τῷ
3825 4947 3879 5040 mf

2315 5037 2425 5093 νόνι
2459 5039 2547 5094 καὶ
2578 5041 2649 5110 cf,
2679 5038 2883 5118 διδαχῇ
2933 5043 3102 5118 ταύτῃ
3160 5043 3484 5118 ἀρνεσθῶσι,
3517 5049 3591 5116 τῷ
3616 5038 3779 5104 καινῆν
3816 5037 3886 5122 κί’

2319 5147 2400 5180 σιν
2432 5128 2571 5182 εἶναι
2631 5129 2696 5184 τα
2735 5129 2928 5198 πάντα,
2987 5132 3076 5188 καὶ
3137 5135 3213 5206 μὴ
3278 5134 3548 5198 ὑποθῶσιν
3605 5126 3790 5186 ἑαυτοὺς
3831 5134 3878 5206 “ll

2313 5215 2491 5289 νόμῳ.
2523 5240 2547 5271 σ
2582 5218 2684 5274 Καὶ
2727 5218 2814 5274 ἐπὶ
2859 5221 2952 5276 τὸν
2986 5201 3212 5296 Ἰσραῆλ
3265 5227 3361 5278 τοῦ
3409 5227 3559 5279 Θεοῦ.
3599 5246 3624 5272 »
3670 5201 3876 5296 ’ίσραῆλδ

2313 5306 2502 5368 πιστός
2563 5305 2676 5362 ἐστι
2731 5305 2888 5374 λαὸς,
2939 5311 3014 5372 ὡς
3047 5311 3190 5386 ὁρῶν
3219 5311 3311 5366 τὸν
3354 5313 3501 5368 Θεόν.
3558 5313 3639 5371 Ὣς
3687 5302 3759 5359 ὅδε
3799 5295 3874 5386 ἄξι’

2315 5415 2456 5464 στος,
2484 5395 2580 5450 κᾶν
2601 5394 2660 5452 ἐκ
2687 5397 2782 5452 τοῦ
2815 5394 3009 5454 Ἰακὼϐ
3061 5399 3223 5468 ἐστιν,
3285 5396 3606 5472 ἐκλέϐληται
3658 5402 3740 5463 τῆς
3784 5383 3871 5472 πέρθε

2313 5481 2470 5538 αὐτὸν
2505 5487 2838 5564 συγγενείάς.
2891 5513 2917 5540 α
2952 5489 3062 5546 Τοῦ
3125 5486 3326 5545 λοιποῦ
3383 5491 3580 5552 κόπους
3612 5507 3692 5562 μοι
3739 5469 3872 5552 μηδεῗτ

2313 5573 2623 5650 παρεχέτω.
2657 5600 2685 5629 ››
2747 5578 2922 5635 Τοῦτο
2959 5579 3082 5658 (οὐκ
3128 5579 3332 5636 ὀκνῶνν
3396 5578 3561 5658 λέγει.
3619 5576 3685 5651 μή
3710 5569 3871 5658 γέγοετοσ

548 5655 706 5717 beat.
743 5681 770 5710 η
799 5658 920 5717 Hoc
949 5665 1148 5719 autem
1189 5675 1310 5720 non
1341 5660 1423 5719 ait
1453 5658 1790 5719 detrectans
1821 5677 1835 5720 :
1869 5659 2023 5718 absit
2052 5679 2064 5717 :
2098 5661 2201 5720 sed

2330 5659 2458 5719 ιλλά
2511 5664 2848 5743 βουλόμενος
2873 5655 3021 5744 ςτοῦς
3081 5670 3208 5750 παρ’
3247 5669 3414 5728 αὐτοῦ
3467 5655 3688 5729 τεθέντας
3734 5655 3871 5730 νόμω(
