4108 6192
248 296 404 362 1165

1286 302 1698 364 COMMENT.
1751 303 1837 362 IN
1890 300 2126 362 EPIST.
2171 303 2275 361 AD
2335 303 2609 364 EPHES.

3496 307 3654 367 “66

245 428 539 500 ἀκινήτους
569 433 831 501 εἷναι,ὡς
901 434 1097 506 μηκέτι
1157 433 1462 510 μέλλοντος
1520 434 1684 492 αὐτοῦ
1740 455 1904 514 προσ-

2018 435 2213 495 volens
2245 443 2492 496 statutas
2530 456 2563 496 a
2589 456 2651 495 se
2684 439 2841 512 leges
2873 440 3072 496 firmas
3116 457 3268 503 esse.
3300 441 3466 515 quasi
3525 441 3653 515 ipse

247 521 450 583 τιθέναι
492 520 526 588 ἦ
564 521 826 600 ὑφαιρεῖν.
853 553 925 565 -
954 523 1171 597 [GKHX]
1216 548 1244 576 «
1276 523 1481 595 Μηδείς
1539 549 1632 599 μοι
1697 527 1900 590 κόπους

251 606 561 686 παρεχέτω.
597 631 626 663 ››
676 607 881 681 Μηδεὶς
917 632 1009 684 μοι
1040 611 1176 685 πρὸς
1207 610 1514 689 ἀπολογίαν
1547 616 1619 669 ὧν
1680 617 1900 690 πράττω

253 694 570 771 ἰγκαλείτω.
616 703 776 774 ’Έχω
835 700 936 774 γὰρ
993 701 1083 755 καὶ
1134 706 1320 776 σιγῶν,
1380 703 1602 777 μείζονα
1654 706 1753 772 τήν
1815 702 1903 760 δια

256 789 364 840 τῶν
397 783 567 861 ἔργων
621 785 948 863 ἀπολογίαν.
1006 791 1080 844 Τὰ
1139 790 1243 866 γὰρ
1304 792 1571 866 στίγματα
1625 797 1721 848 τοῦ
1779 794 1904 865 Χρι-

259 880 408 944 στοῦ,
438 879 733 949 τουτέστιν,
766 879 822 933 αἱ
877 877 1008 953 ὑπὲρ
1036 881 1270 956 Χριστοῦ
1299 879 1514 957 πληγαὶ
1571 883 1659 936 καὶ
1721 881 1902 952 οὐλαὶ,

259 963 392 1022 αὐτὰ
422 967 594 1041 βοῶσι
647 967 858 1023 καὶτὸν
889 968 1018 1044 ὑπὲρ
1083 969 1250 1025 αύτοῦ
1308 969 1513 1046 δρόμον
1568 971 1657 1025 καὶ
1713 970 1901 1042 ζῆλον,

255 1055 345 1112 καὶ
392 1056 455 1111 τὸ
510 1055 870 1131 ἀνυπόκριτον
922 1056 1012 1112 καὶ
1069 1060 1302 1134 καθαρὸν
1363 1060 1453 1116 καὶ
1531 1057 1902 1116 ἀνυπόστολον

255 1149 355 1199 τοῦ
384 1145 763 1220 κηρύγματος.
790 1172 816 1199 ‹‹
845 1147 918 1203 "ll
954 1144 1148 1220 μηδεὶς
1174 1170 1269 1221 μοι
1300 1148 1505 1212 κόπους
1538 1151 1847 1230 παρεχέτω.
1880 1176 1904 1202 ι)

259 1232 448 1313 Μὲχοι
477 1233 624 1296 τίνος
655 1232 868 1308 θλίψεις
905 1258 997 1310 μοι
1053 1238 1143 1292 καὶ
1185 1234 1390 1301 κόπους
1444 1261 1562 1312 μοι,
1621 1241 1776 1310 φησὶ,
1811 1261 1903 1294 σα-

259 1320 547 1397 λευόμενοι
581 1326 849 1400 παρέχετε
883 1346 895 1396 ;
930 1328 1302 1399 Δυσωπήθητε
1333 1328 1378 1383 εἰ
1407 1330 1498 1383 καὶ
1535 1330 1610 1398 μή
1643 1351 1694 1384 τι
1740 1327 1904 1398 ἄλλο,

257 1408 504 1467 ἇλλόύν
535 1414 603 1468 τὰ
632 1413 896 1488 στίγματα
919 1421 1015 1470 τοῦ
1065 1420 1331 1492 Χριστοῦ,
1398 1421 1430 1472 ἃ
1487 1415 1557 1473 δι’
1619 1419 1758 1491 ὑμᾶς
1816 1419 1907 1474 καὶ

261 1496 351 1555 διὰ
382 1501 444 1555 τὸ
475 1500 548 1564 εἷς
585 1502 724 1575 ὑμᾶς
755 1507 1038 1579 κήρυγμα,
1093 1504 1145 1560 ἐν
1201 1510 1279 1578 τῷ
1337 1507 1552 1580 σώματι
1606 1508 1905 1584 περιφέρω.

259 1587 445 1644 Εῗπὼν
471 1588 527 1644 δὲ
558 1591 830 1668 στίγματα
870 1597 1137 1669 Χριστοῦ,
1196 1596 1310 1668 ἅμα
1365 1597 1765 1670 ἀναμιμνήσκει
1825 1597 1907 1652 ὅτι

258 1676 510 1742 κάκεῖνος
540 1679 672 1756 ὑπὲρ
722 1683 883 1754 ἡμῶν
954 1679 1134 1746 ἔπαθε.
1197 1683 1298 1742 Καὶ
1352 1685 1514 1739 παντὶ
1573 1685 1663 1740 οὗν
1719 1685 1909 1762 τρόπῳ

2004 528 2281 601 deinceps
2326 530 2476 584 nihil
2535 529 2842 585 additurus
2903 531 2979 584 sit
3031 536 3128 586 aut
3185 530 3644 588 sublaturus.—

2007 643 2031 666 υ
2064 619 2145 674 Ne
2178 620 2309 689 quis
2344 618 2484 672 mihi
2522 619 2822 675 molestias
2873 619 3165 675 exhibeat.
3205 639 3228 669 υ
3285 621 3362 674 Ne
3395 621 3529 690 quis
3561 638 3656 678 me

2006 709 2077 763 ad
2109 707 2521 763 delensionem
2550 725 2752 764 eorum
2787 725 2918 779 quae
2950 725 3054 781 ago
3113 707 3400 780 impellat,
3461 709 3652 767 habeo

2010 799 2166 852 enim
2201 799 2376 852 etiam
2437 805 2636 853 tacens
2693 798 3098 853 defensionem
3161 799 3312 853 769
3347 799 3658 871 majorem,

2010 903 2140 958 qua:
2175 886 2286 940 sita
2308 893 2398 942 est
2453 887 2513 940 in
2567 885 2865 959 operibus.
2901 888 3038 942 Nam
3094 888 3370 960 stigmata
3417 889 3656 956 Christi,

2007 974 2118 1029 hoc
2150 981 2257 1032 est.
2280 975 2463 1049 plaga:
2482 992 2549 1032 ac
2571 976 2876 1033 cicatrices
2897 991 3045 1048 quas
3062 994 3166 1048 pro
3190 976 3420 1031 Christo
3445 978 3658 1046 tolero,

2007 1064 2134 1120 hmo
2156 1065 2434 1128 clamant,
2473 1071 2529 1120 et
2555 1082 2684 1136 qua:
2717 1083 2822 1137 pro
2854 1066 2980 1137 ipso
3012 1065 3375 1137 susceperim
3408 1081 3649 1122 cursum

2010 1169 2077 1210 ac
2107 1154 2316 1224 zelum,
2352 1162 2404 1209 et
2438 1155 2737 1226 quomodo
2769 1155 2992 1226 absque
3040 1155 3201 1210 omni
3253 1155 3657 1222 simulatione,

2009 1261 2144 1300 cum
2161 1245 2322 1301 omni
2344 1246 2597 1316 puritate
2627 1245 2792 1300 nullo
2813 1260 3118 1317 repressus
3139 1245 3350 1300 timore
3369 1245 3659 1316 praedica-

2009 1339 2216 1393 verim.
2269 1343 2399 1408 Aut,
2451 1361 2476 1387 α
2513 1337 2591 1392 Ne
2623 1337 2756 1408 quis
2788 1336 2930 1392 mihi
2966 1336 3269 1392 molestias
3299 1335 3592 1392 exhibeat.
3627 1358 3656 1386 »

2013 1428 2355 1498 Quousque,
2404 1427 2618 1498 inquit,
2662 1428 2804 1482 dum
2855 1426 3174 1491 lluctuatis,
3208 1425 3560 1482 afﬂictiones
3592 1442 3660 1481 ac

2013 1516 2314 1572 molestias
2344 1517 2487 1571 mihi
2507 1515 2798 1589 exhibetis
2818 1515 2845 1571 ?
2865 1515 3209 1571 Flectamini
3238 1532 3306 1571 ac
3336 1514 3658 1587 persuade-

2014 1606 2220 1671 amini,
2254 1606 2301 1661 si
2349 1621 2470 1660 non
2521 1605 2594 1660 ob
2626 1605 2809 1670 aliud,
2868 1605 3078 1660 saltem
3110 1605 3199 1659 vel
3257 1605 3329 1660 ob
3390 1605 3663 1678 stigmata

2015 1695 2253 1760 Christi,
2290 1711 2419 1767 quas
2444 1702 2684 1768 prapter
2713 1712 2810 1751 vos
2877 1709 2944 1752 ac
2991 1693 3471 1766 praedicationem
3527 1709 3663 1767 erga

261 1771 556 1842 ἀποστῆναι
595 1778 684 1829 τοῦ
722 1774 896 1848 νόμου
927 1777 1017 1831 καὶ
1076 1775 1399 1858 ἐστηρῖχθαι
1429 1783 1496 1854 τῇ
1527 1780 1703 1838 πίστει
1737 1802 1905 1856 προσ.

2018 1802 2154 1858 erga
2175 1802 2274 1841 vos
2298 1785 2359 1840 in
2382 1801 2627 1855 corpore
2660 1784 3032 1840 circumfero.
3056 1784 3267 1839 Dicens
3296 1790 3494 1840 autem
3507 1784 3666 1838 Chri-

260 1866 410 1931 ἧκεν.
445 1887 474 1914 ι(
515 1863 595 1920 Τὰ
652 1863 920 1940 στίγματα
969 1870 1065 1921 τοῦ
1123 1872 1375 1943 Χριστοῦ.
1410 1893 1438 1920 ››
1499 1869 1784 1948 Στίγματα
1815 1870 1907 1927 λέ-

263 1971 348 2026 γει
395 1952 490 2014 τὰς
537 1949 778 2030 πληγὰς,
813 1955 878 2010 τὰ
932 1956 1236 2030 τραύματα,
1292 1959 1358 2014 τα
1417 1960 1505 2015 διὰ
1553 1960 1644 2015 τὸν
1704 1961 1904 2036 Κύριον

262 2040 352 2095 καὶ
396 2041 458 2095 τὸ
513 2043 793 2119 κήρυγμαο
855 2071 882 2097 ‹‹
919 2046 1004 2100 Ἐν
1057 2049 1135 2118 τῷ
1179 2047 1395 2120 σώματί
1430 2070 1537 2122 μου
1570 2050 1839 2125 βαστάζω.
1878 2077 1904 2104 ››

261 2129 404 2184 Ὠσεὶ
446 2125 626 2207 ἔλεγε.
676 2128 882 2202 Μηδείς
944 2155 1010 2207 με
1066 2134 1140 2196 ὡς
1201 2135 1499 2211 ὑποκριτήν
1559 2133 1907 2196 διαϐαλλέτω

259 2225 387 2293 παρ’
419 2219 565 2292 ὑμῖν.
600 2219 751 2278 Δύτὰ
799 2222 900 2297 γὰρ
948 2224 1016 2278 τὰ
1071 2224 1354 2298 τραύματα
1407 2227 1496 2280 καὶ
1553 2228 1609 2282 αἱ
1669 2225 1756 2284 διὰ
1812 2231 1905 2285 τὸν

259 2307 462 2381 Κύριον
501 2307 709 2384 πληγαέ
768 2312 1100 2387 μαρτυροῦσί
1159 2335 1250 2387 μοι
1309 2313 1689 2391 ἀνυποκρίτως
1747 2317 1910 2374 πολι·

256 2397 523 2456 τεύεσθαι.
582 2395 914 2457 Διεϐάλλετο
988 2403 1111 2478 γὰρ,
1181 2404 1354 2459 πάντα
1409 2410 1584 2461 ποιῶν
1641 2407 1716 2469 ὡς
1774 2409 1910 2464 κατὰ

259 2486 542 2564 ὑπόκρισιν
576 2534 588 2557 ,
647 2489 736 2545 καὶ
793 2489 1048 2567 ἀλλαχοῦ
1093 2491 1189 2564 μὲν
1248 2497 1552 2569 περιτομὴν
1600 2497 1908 2571 κηρύσσων,

259 2574 518 2652 ἀλλαχοῦ
549 2575 606 2633 δὲ
637 2575 718 2634 οὕ.
773 2604 800 2631 ‹‹
835 2582 982 2636 Μετά
1007 2584 1110 2636 τοῦ
1140 2581 1442 2655 πνεύματος
1507 2585 1674 2657 ὑμῶν.
1716 2610 1743 2637 ››
1802 2585 1909 2642 Σὺν

258 2674 341 2742 τῷ
382 2672 720 2747 ἡγεμονικῷ.
778 2673 862 2746 Τῇ
912 2677 1066 2748 ψυχῇ
1106 2675 1204 2744 τήν
1240 2676 1399 2751 χάριν
1453 2675 1741 2752 ’ἐπεύχεται
1775 2675 1912 2754 γενέ-

265 2769 410 2823 σθαι.

409 3045 586 3110 Τέλος
628 3045 719 3102 σὺν
777 3051 893 3121 Θεῷ
956 3053 1055 3116 τῆς
1076 3049 1247 3174 λτξρὸς
1305 3046 1549 3111 Γαλάτος
1613 3051 1769 3108 Ἐπι-

977 3140 1069 3174 στο
1115 3141 1212 3174 ης.

977 3140 1182 3189 στοΛης
1198 3163 1212 3176 .

760 3206 1007 3285 Ἐγρᾶφη
1042 3207 1146 3264 ἀπὸ
1177 3208 1420 3282 Ῥώμης.

268 3363 2928 3398 m

2020 1877 2092 1930 sti
2129 1875 2606 1947 stigmata,etiam
2641 1889 2708 1930 ac
2738 1875 3088 1930 memoriam
3120 1874 3353 1929 reducit
3373 1873 3532 1946 quod
3563 1872 3664 1926 ille

2017 1982 2123 2036 pro
2155 1964 2325 2020 nobis
2347 1980 2556 2037 passus
2588 1965 2681 2018 sit.
2708 1962 2881 2019 Omni
2902 1963 3100 2034 itaque
3135 1963 3306 2018 modo
3341 1963 3667 2018 convenite

2017 2054 2145 2127 lege
2179 2054 2462 2126 separari,
2496 2059 2554 2108 et
2585 2053 2644 2108 in
2681 2053 2796 2108 {ide
2829 2053 3072 2108 ﬁrmari.
3108 2076 3133 2102 ‹‹
3169 2052 3451 2123 Stigmata
3499 2052 3662 2106 Chri-

2018 2149 2114 2199 st'.
2148 2166 2174 2192 »
2201 2143 2483 2215 Stigmata
2512 2143 2656 2197 dicit
2688 2141 2886 2213 plagas
2927 2147 2985 2196 et
3023 2141 3264 2196 vulnera
3293 2145 3536 2212 propter
3556 2141 3670 2194 Do-

2019 2235 2249 2289 minum
2277 2240 2332 2289 et
2353 2239 2595 2305 propter
2615 2232 3099 2304 praedicationem
3124 2231 3370 2286 inﬂicta.
3405 2253 3424 2277 α
3461 2230 3527 2284 In
3549 2245 3673 2284 cor-

2019 2340 2159 2395 pore
2194 2339 2322 2378 meo
2370 2329 2555 2395 porto.
2601 2343 2627 2370 »ι
2677 2323 2978 2392 Tanquam
3007 2320 3265 2375 diceret:
3329 2319 3510 2374 Nemo
3578 2333 3671 2373 me

2017 2413 2179 2468 velut
2209 2413 2572 2485 hypocritam
2602 2410 2759 2482 apud
2789 2427 2888 2465 vos
2911 2409 3325 2465 calumnietur.
3357 2408 3488 2463 Haec
3512 2406 3673 2464 enim

2020 2502 2267 2558 vulnera
2299 2508 2356 2556 et
2389 2499 2568 2573 plagas
2602 2497 2835 2555 Domini
2881 2514 3058 2554 causa
3089 2496 3354 2560 inﬂictae,
3387 2503 3671 2552 attestan-

2021 2599 2119 2648 tur
2149 2591 2307 2664 quod
2355 2593 2482 2647 sine
2516 2590 2640 2646 ulla
2664 2589 2928 2646 flictione
2961 2603 3291 2644 converser.
3325 2585 3665 2642 Patiebatur

2024 2684 2184 2738 enim
2238 2681 2600 2737 calumniam
2633 2679 2802 2750 quasi
2836 2678 3038 2733 omnia
3088 2676 3220 2730 ﬁcte
3273 2692 3340 2730 ac
3390 2674 3668 2729 simulate

2023 2776 2263 2844 ageret:
2325 2769 2465 2825 alibi
2517 2767 2759 2839 quidem
2810 2764 3270 2821 circumsionem
3317 2762 3672 2834 praedicans,

2022 2859 2160 2916 alibi
2193 2875 2328 2914 vero
2357 2874 2496 2912 non.
2524 2879 2550 2906 «
2571 2857 2715 2910 Cum
2748 2853 2960 2925 spiritu
2982 2859 3196 2908 vestro.
3225 2874 3253 2900 »
3286 2852 3430 2906 Cum
3451 2855 3670 2906 mente.

1951 2955 2002 3022 (ι
2032 2951 2206 3022 Optat
2232 2949 2446 3004 animae
2463 2947 2711 3019 gratiam
2740 2943 3104 3015 contingere.

2096 3057 2269 3124 Finis,
2319 3053 2510 3110 divino
2555 3056 2784 3179 favente;
2819 3051 3059 3178 auxilio,
3099 3049 3362 3122 Epistolas
3393 3049 3466 3105 ad
3504 3050 3606 3105 Ga-

2787 3141 2821 3179 a
2849 3140 2928 3179 as.

2787 3140 2928 3180 atas.

2417 3214 2593 3270 Missa
2621 3213 2735 3269 fuit
2780 3211 2853 3268 ab
2902 3210 3048 3268 urbe
3080 3213 3282 3268 Roma.

2932 3363 3676 3393 am

1523 3499 2407 3630 ΥΠΟΘΕΣΙΣ

928 3765 1170 3862 ΤΗΣ
1227 3762 1553 3861 ΠΡΟΣ
1619 3762 2238 3860 ΕΦΕΣΙΟΥΣ
2308 3759 3024 3858 ΕΠΙΣΤΟΛΗΣ

1294 3956 2650 4231 ΑηθυΜὴΝΤυΜ

945 4329 1768 4428 EPISTOLIE
1877 4329 2070 4424 AD
2165 4319 3014 4421 EPHESIOS.

334 4710 550 4780 Ταύτην
593 4705 905 4765 ἐπιστέλλει
937 4708 1041 4765 ἀπὸ
1099 4709 1342 4783 Ῥώμης,
1393 4704 1546 4764 οὔπω
1582 4709 1675 4784 μὲν
1732 4709 1906 4780 ὶωρα-

2087 4711 2126 4765 1
2168 4709 2327 4766 Hanc
2341 4705 2569 4764 οὺυνὺθ
2584 4705 2769 4761 Roma
2789 4701 2989 4768 mittit,
3009 4716 3144 4756 cum
3172 4699 3414 4756 modum
3436 4695 3680 4768 quidem

266 4799 384 4860 κὼς
425 4798 639 4868 αὐτοὺς,
698 4797 930 4860 ἀκούσας
991 4795 1047 4853 δὲ
1095 4797 1218 4874 περὶ
1250 4796 1449 4857 αὒτῶν,
1484 4799 1541 4856 ’11
1597 4796 1654 4854 δὲ
1703 4798 1918 4877 πρόφα-

270 4886 355 4950 σίς
385 4895 486 4956 τῆς
530 4886 861 4957 Ἐπιστολῆς
916 4887 1074 4958 αὕτη·
1140 4889 1380 4965 Ἐφέσιοι
1433 4889 1808 4951 πιστεύσαντες
1841 4887 1918 4950 εἷς

266 4981 359 5034 τέν
381 4980 578 5054 Κύριον
609 4982 773 5051 ἡμῶν
815 4981 1022 5051 Ἰησοῦν
1052 4981 1312 5055 Χριστὸν,
1354 4978 1578 5056 γνησίαν
1626 4972 1787 5054 ἔσχον
1841 4977 1917 5042 ε”ς

266 5069 430 5124 αὐτὸν
462 5070 561 5139 τὴν
588 5069 790 5139 πίστιν,
813 5071 902 5124 καὶ
934 5070 1010 5131 εἷς
1042 5071 1241 5130 πάντας
1270 5068 1399 5130 τοὺς
1444 5067 1632 5141 ἁγίους
1684 5069 1916 5143 ἀγάπην,

261 5159 357 5212 καὶ
384 5153 697 5227 ἠϐούλοντο
723 5160 870 5234 παρᾶ
912 5165 1009 5215 τοῦ
1068 5160 1286 5214 Παύλου
1349 5153 1738 5234 βεεαιωθῆναι.
1802 5162 1917 5215 Μα-

262 5250 370 5302 θὼν
397 5248 574 5303 τοίνυν
609 5249 637 5304 ὁ
685 5248 1042 5310 Ἀποστολος.
1083 5249 1282 5325 γράφει
1339 5249 1474 5321 πρὸς
1540 5246 1736 5309 αὐτοὺς
1791 5247 1922 5302 ταύ-

253 5359 325 5406 τη
359 5338 456 5405 τήν
492 5336 850 5409 Ἑπιστολήν,
909 5338 1091 5412 ὥσπερ
1148 5340 1554 5416 κατηχητικτςν.
1620 5337 1715 5392 Καὶ
1776 5341 1924 5410 πρῶ-

255 5446 354 5482 τον
392 5428 486 5498 μὲν
521 5423 782 5496 δείκνυσι,
848 5428 924 5500 μή
980 5431 1242 5501 νεώτερον
1299 5427 1436 5481 εἶναι
1493 5426 1557 5481 τὸ
1615 5426 1732 5480 καθ’
1773 5428 1918 5498 ἡμᾶς

268 5517 594 5589 μυστήριον,
629 5513 757 5571 ἀλλ’
788 5515 837 5588 ἐξ
872 5515 1051 5593 ἀρχῆς
1084 5514 1172 5570 καὶ
1203 5515 1308 5589 πρὸ
1341 5510 1657 5582 καταϐολῆς
1711 5512 1918 5584 κόσμου

258 5605 398 5661 εἶναι
427 5604 627 5678 ταύτην
661 5602 904 5661 εὐδοκίαν
960 5609 1118 5676 Θεοῦ,
1176 5601 1317 5661 ὥστε
1372 5605 1463 5660 τὸν
1510 5601 1751 5681 Χριστὸν
1788 5601 1919 5676 ὑπὲρ

2027 4815 2127 4854 eos
2159 4799 2393 4858 vidiset,
2423 4796 2554 4866 jam
2604 4801 2805 4849 tamen
2829 4790 2900 4846 de
2933 4791 3077 4863 ipsis
3108 4789 3386 4844 audisset.
3428 4786 3678 4844 Occasio

2025 4905 2160 4943 vero
2188 4886 2464 4958 Epistolae
2496 4883 2622 4938 haec
2645 4883 2754 4937 fuit
2785 4900 2795 4937 :
2826 4883 2969 4936 Cum
3005 4879 3399 4936 credidissent
3435 4876 3673 4949 Ephesii

2029 4978 2089 5032 in
2116 4978 2427 5033 Dominum
2462 4981 2730 5028 nostrum
2775 4973 2974 5028 Iesum
3005 4970 3322 5028 Chiistum.
3359 4969 3676 5042 ingenuam

2030 5083 2166 5131 erga
2197 5067 2390 5138 ipsum
2413 5062 2713 5118 habebant
2741 5060 2940 5124 ﬁdem,
2976 5067 3033 5114 et
3056 5076 3192 5126 erga
3213 5075 3420 5114 omnes
3442 5064 3677 5114 sanctos

2028 5155 2445 5212 dilectionem:
2482 5151 2919 5221 volebantquea
2942 5150 3122 5205 Paulo
3155 5149 3518 5204 confirmari.
3537 5150 3680 5203 Cum

2029 5263 2164 5318 ergo
2197 5244 2256 5299 id
2305 5241 2674 5314 cognovisset
2728 5239 2937 5294 Paulus
2995 5240 3202 5295 scribit
3249 5239 3322 5294 ad
3372 5255 3470 5293 eos
3528 5237 3681 5292 hanc

2027 5334 2344 5407 Epistulam
2377 5341 2655 5402 tanquam
2691 5329 3144 5384 iul‘ormutivam.
3173 5331 3240 5383 Et
3265 5329 3517 5401 primum
3549 5324 3679 5394 qui-

2030 5427 2164 5481 dem
2198 5423 2459 5480 ostendit
2507 5438 2625 5475 non
2681 5438 2894 5475 novum
2948 5437 3077 5476 esse
3140 5419 3484 5491 mysterium
3517 5410 3676 5482 quod

2030 5531 2166 5587 erga
2199 5531 2308 5570 nos
2338 5519 2533 5568 actum
2565 5516 2672 5578 est,
2707 5509 2810 5566 sed
2839 5510 2912 5566 ab
2945 5511 3115 5566 initio
3148 5515 3206 5564 et
3243 5503 3670 5564 constitutione

2029 5604 2230 5663 saeculi
2263 5603 2372 5661 hoc
2402 5601 2584 5660 fuisse
2623 5599 2718 5658 Dei
2778 5599 3240 5674 beneplacitum,
3294 5601 3359 5651 ut
3413 5591 3678 5648 Christus
