4096 6194
299 358 450 418 1169

1361 359 1760 424 comam.
1808 363 1886 424 IN
1936 364 2176 427 EPIST.
2225 369 2328 428 AD
2375 367 2657 456 EPHES.

3553 373 3710 437 1170

952 578 955 582 ’
1077 657 1788 791 ΠΑΥΛΟΥ
1867 659 2956 794 ΑΠΟΣΤΟΛΟΥ

936 945 1018 1040 Η
1171 942 1497 1041 ΠΡΟΣ
1645 943 2265 1043 ΕΦΕΣΙΟΥΣ
2423 946 3100 1049 ΕΠΙΣΤΟΛΗ.

1240 1365 1769 1474 PAULI
1863 1372 1954 1472 ξε
1979 1367 2774 1478 ι’θδτοιι

944 1594 1136 1687 AD
1270 1592 2082 1690 EPHESIOS
2217 1593 3067 1690 EPISTOLA.

736 1998 1160 2056 ΚΕΦΑΛΑῙΟΝ
1199 1998 1490 2056 ΠΡΩΤΟΝ.

292 2089 425 2166 Περὶ
452 2095 554 2158 τῆς
585 2086 638 2144 ἐν
667 2087 852 2164 Κυρίῳ
883 2086 1126 2166 ἐκλογῆς
1173 2088 1334 2161 ἡμῶν
1385 2087 1475 2142 καὶ
1517 2086 1826 2166 εἰσαγωγῆς
1857 2087 1945 2142 καὶ

939 2159 1301 2222 τελειώσεως.

360 2267 585 2330 Παῦλος
642 2265 956 2331 ἀποστολος
1040 2267 1221 2336 Ἰησοῦ
1307 2268 1564 2337 Χριστοῦ,
1636 2263 1725 2322 διὰ
1782 2264 1945 2336 θελή-

296 2377 471 2432 ματος
547 2361 703 2426 Θεοῦ,
777 2360 896 2417 τοῖς
972 2355 1156 2429 ἁγίοις
1231 2359 1346 2417 τοῖς
1424 2356 1574 2410 οῦσιν
1636 2355 1689 2409 ἰν
1739 2355 1947 2432 Ἐφέσῳ

243 2447 380 2510 ¹καὶ
441 2452 657 2509 πιστοῖς
716 2444 767 2501 ἐν
826 2445 1046 2518 Χριστῷ
1097 2446 1304 2516 Ἰησοῦ,
1358 2445 1520 2520 χάρις
1577 2445 1668 2500 καὶ
1714 2445 1841 2520 ὑμῖν
1872 2443 1944 2499 εἷ-

294 2539 433 2613 ρήνη
496 2537 602 2590 ἀπὸ
650 2539 785 2591 Θεοῦ
847 2535 1053 2608 Ιιατρὸς
1141 2536 1301 2606 ἡμῶν
1356 2535 1446 2590 καὶ
1505 2534 1702 2609 Κυρίου
1763 2535 1945 2604 Ἰησοῦ

292 2631 553 2700 Χριστοῦ.
617 2623 934 2701 Εὐλογητὸς
991 2623 1018 2677 ὀ
1079 2624 1208 2684 Θεὸς
1285 2623 1374 2677 καὶ
1437 2625 1627 2699 [Ιατὴρ
1681 2627 1782 2679 τοῦ
1842 2629 1944 2678 Ku-

293 2715 415 2790 ρίου
472 2717 631 2788 ἡμῶν
691 2718 874 2786 Ἰησοῦ
929 2713 1191 2786 Χριστοῦ,
1252 2713 1280 2767 ὁ
1340 2711 1641 2786 εὐλογήσας
1691 2713 1839 2784 ἡμᾶς
1890 2711 1943 2768 ἂν

291 2808 436 2880 πάσῃ
511 2803 733 2878 εὐλογίᾳ
808 2807 1152 2877 πνευματικῇ
1255 2801 1308 2857 ἐν
1409 2807 1525 2864 τοῖς
1603 2801 1944 2872 ἐπουρανίοις

289 2896 344 2955 ἂν
413 2902 650 2972 Χριστῷ.
721 2897 906 2959 Καθὼς
973 2894 1247 2966 ἰεελὲεατο
1314 2897 1461 2969 ἡμᾶς
1527 2894 1578 2950 ἐν
1639 2893 1788 2967 αὐτῷ
1837 2896 1942 2968 πρὸ

291 2983 607 3057 καταϐολῆς
635 2987 868 3059 κόσμου,
924 2986 1058 3040 εἶναι
1108 2988 1255 3057 ἡμᾶς
1305 2985 1495 3060 ἁγίους
1543 2984 1633 3039 καὶ
1673 2982 1942 3058 ἀμώμους

277 3083 409 3135 κατ’
448 3075 678 3132 ἐνώπιον
708 3073 875 3131 αὐτοῦ
908 3072 959 3128 ἐν
991 3073 1194 3148 ἀγάπῃ.

365 3193 391 3220 οι
427 3167 525 3224 Διᾶ
553 3165 866 3238 θελήματος
901 3168 1056 3220 Θεοῦ.
1093 3187 1119 3213 »δ
1180 3161 1279 3229 Τὸ,
1335 3161 1445 3232 διά,
1478 3162 1563 3217 ἐπὶ
1625 3163 1834 3237 Πατρὸς
1867 3161 1941 3216 εἷο

289 3258 548 3336 ρημὲνον.
611 3257 800 3314 «Τοῖς
869 3253 1046 3328 ἁγίοις
1115 3256 1230 3314 τοῖς
1300 3250 1467 3306 οὖσιν·
1506 3274 1535 3302 ››
1601 3251 1742 3326 "Op:
1798 3251 1938 3321 πόση

1972 2001 2026 2068 Α

2590 2000 2822 2059 CAPUT
2873 2001 3172 2060 PRIMUM.

2057 2091 2134 2144 De
2177 2090 2356 2146 nostri
2405 2106 2510 2162 per
2567 2092 2856 2148 Dominum
2904 2091 3163 2148 electione
3205 2097 3256 2148 et
3302 2093 3709 2151 introductione

2656 2180 2720 2218 ac
2739 2164 3104 2234 perfectione.

2126 2269 2170 2336 Ι,
2203 2271 2316 2324 1-4.
2348 2270 2553 2326 Paulus
2612 2272 2890 2342 apostolus
2927 2274 3055 2326 Jesu
3116 2271 3317 2328 Christi
3357 2289 3462 2342 per
3511 2275 3708 2329 volun-

2056 2364 2222 2414 tatem
2253 2361 2370 2424 Dei,
2402 2363 2604 2415 sanctis
2662 2363 2760 2431 qui
2819 2368 2991 2430 agunt
3042 2362 3245 2431 Ephesi
3289 2369 3341 2416 et
3369 2362 3622 2430 ﬁdelibus
3650 2365 3708 2418 in

2056 2446 2274 2504 Christo
2299 2450 2450 2513 Jesu,
2497 2451 2681 2518 gratia
2729 2451 2879 2505 vobis
2931 2456 2980 2505 et
3013 2467 3134 2521 pax
3185 2469 3219 2505 a
3265 2452 3370 2507 Deo
3411 2454 3578 2508 Patre
3605 2469 3706 2508 no-

2051 2544 2164 2593 stro
2193 2544 2245 2593 et
2279 2541 2510 2594 Domino
2538 2547 2725 2595 nostro
2773 2542 2900 2596 Jesu
2941 2541 3174 2597 Christo.
3219 2541 3538 2598 Benedictus
3569 2545 3708 2599 Deus

2052 2633 2104 2682 et
2140 2629 2301 2683 Pater
2332 2629 2547 2684 Domini
2587 2630 2715 2686 Jesu
2771 2630 2994 2696 Christi,
3056 2632 3156 2700 qui
3210 2631 3490 2685 benedixit
3519 2647 3617 2685 nos
3647 2633 3704 2685 in

2052 2716 2203 2773 omni
2234 2718 2608 2774 benedictione
2657 2718 2968 2788 spirituali,
2998 2722 3056 2772 in
3087 2719 3387 2774 coelestibus
3411 2735 3514 2789 per
3543 2719 3706 2776 Chri-

2051 2812 2229 2862 stum:
2265 2807 2721 2876 quemadmodum
2751 2806 2918 2875 elegit
2947 2823 3044 2861 nos
3066 2794 3168 2876 per
3208 2809 3387 2876 ipsum
3416 2813 3542 2862 ante
3571 2824 3703 2864 con-

2052 2897 2392 2950 stitutionem
2443 2895 2656 2960 mundi,
2690 2901 2748 2950 ut
2778 2911 3007 2950 essemus
3037 2894 3217 2950 sancti
3260 2902 3310 2950 et
3358 2897 3702 2965 irreprehen-

2051 2983 2233 3040 sibiles
2263 3000 2448 3039 coram
2479 2984 2578 3039 illo
2605 3000 2708 3056 per
2737 2983 3093 3039 charitatem.

2125 3161 2298 3214 «Per
2353 3159 2716 3217 voluntatem
2773 3161 2897 3216 Dei.
2940 3183 2968 3211 »
3031 3160 3448 3218 Animadverte
3499 3157 3610 3231 διά,
3643 3163 3703 3218 id

2053 3253 2162 3317 est,
2186 3265 2310 3320 per,
2345 3248 2417 3306 de
2449 3251 2621 3305 Patre
2659 3249 2904 3306 dictum.
2967 3272 2995 3301 «
3029 3251 3315 3307 Omnibus
3346 3253 3568 3307 sanctis
3599 3251 3701 3324 qui

285 3347 354 3417 ἦν
432 3348 466 3415 ἡ
541 3343 666 3399 τότε
740 3343 931 3418 ἀρετὴ,
1008 3341 1091 3399 ὅτι
1166 3341 1257 3398 καὶ
1332 3340 1631 3413 κοσμικοὺς
1732 3341 1938 3414 ἀνθρώ-

2054 3345 2312 3414 agunt,»
2344 3340 2391 3396 2
2422 3339 2742 3396 Considera
2799 3345 3022 3412 quanta
3077 3341 3260 3396 fuerit
3314 3346 3454 3399 tunc
3493 3341 3698 3411 virtus,

291 3456 450 3500 πους,
506 3435 701 3508 ἁγίους
761 3432 850 3487 καὶ
917 3431 1142 3492 πιστοὺς
1219 3428 1626 3507 προσαγορεύει.
1689 3454 1716 3482 ‹‹
1776 3431 1945 3502 Χάρις

295 3527 444 3598 ὑμῖν.
507 3549 533 3576 n
598 3521 835 3582 Εἰκότως
893 3522 1000 3577 ἀπὸ
1060 3524 1289 3597 χάριτος
1345 3521 1567 3596 ἤρξατο.
1617 3521 1943 3597 Χάριτιγᾶρ

294 3615 384 3674 καὶ
446 3616 634 3688 Πατὴρ
695 3612 992 3688 ἀνθρώπων
1051 3613 1080 3668 ὁ
1141 3613 1292 3675 Θεός.
1350 3612 1542 3686 Χάριτι
1601 3611 1690 3668 καὶ
1744 3613 1773 3668 ὁ
1822 3611 1944 3674 Υἱὸς

291 3703 492 3766 ἔδωκεν
549 3704 734 3760 ἑαυτὸν
793 3702 1113 3774 ἀντίλυτρον
1166 3702 1296 3774 ὑπὲρ
1345 3703 1530 3773 ἡμῶν.
1565 3725 1593 3754 ‹‹
1623 3703 1680 3756 '0
1710 3699 1941 3777 εὐλογήο

291 3816 386 3857 σας
415 3796 562 3864 ἡμᾶς
620 3791 672 3847 ἐν
731 3790 876 3865 πάσῃ
940 3788 1243 3862 εὐλογίᾳ.»
1301 3791 1477 3847 Τοῦτο
1529 3790 1605 3851 ὡς
1636 3790 1772 3858 πρὸς
1801 3788 1942 3844 ἀντι·

292 3881 586 3952 διαστολὴν
658 3880 868 3955 ε’ἰρηται
912 3887 1012 3947 τῆς
1061 3877 1362 3946 Ἰουδαϊκῆς
1413 3876 1685 3954 εὐλογίας.
1733 3878 1940 3950 Ἐκείνη

289 3972 394 4049 γὰρ
424 3969 794 4046 σαρκικιυτέρα
829 3967 1042 4042 μᾶλλον
1071 3968 1154 4039 ἦν,
1186 3971 1220 4038 ἡ
1265 3966 1323 4025 δὲ
1365 3971 1525 4046 ἡμῶν
1571 3969 1939 4041 πνευματική.

291 4060 491 4124 Καλῶς
543 4057 602 4115 δὲ
653 4060 739 4129 τὸ,
800 4084 828 4110 ‹‹
866 4060 955 4116 Ἐν
985 4059 1154 4134 πάσῃ.
1191 4082 1220 4109 »
1278 4059 1506 4132 Γίγονας
1533 4059 1636 4133 γὰρ
1664 4058 1942 4123 ἀθάνατος,

290 4150 693 4224 ἀναμάρτητος,
727 4148 844 4210 υἱὸς
875 4147 966 4204 καὶ
997 4145 1233 4226 ἁδελφὸς
1277 4151 1434 4219 Θεοῦ,
1468 4144 1941 4223 συγκληρονόμος.

288 4242 354 4299 Ἦ
412 4240 639 4313 ἀπαρχή
702 4257 799 4291 σου
828 4242 1205 4308 προσκυνεῖναι
1263 4236 1315 4292 ἐν
1365 4241 1473 4292 τῶν
1530 4231 1844 4312 Χερουόίμ.
1879 4269 1943 4280 --

292 4329 510 4405 [ΦΩΤ.]
543 4323 846 4398 Εὐλόγησε,
907 4321 997 4379 διὰ
1051 4329 1148 4380 τοῦ
1204 4327 1352 4381 Υῖοῦο
1397 4323 1692 4398 ἆξελέξατο,
1728 4323 1818 4380 διὰ
1847 4331 1943 4382 τοῦ

292 4418 420 4473 Υὶοῦ
451 4415 774 4495 ἐχαρίτωσε,
809 4411 902 4468 δίᾶ
945 4417 1044 4468 τοῦ
1095 4413 1242 4469 Υἱοῦ.
1278 4418 1400 4476 liii):
1432 4410 1489 4470 δὲ
1530 4411 1620 4468 διὰ
1649 4418 1744 4471 τοῦ
1774 4416 1941 4485 ficii;

289 4505 357 4560 ’Ὠ
413 4503 632 4578 θιῦμαί
695 4501 793 4558 Διὰ
843 4505 940 4558 τοῦ
996 4500 1227 4574 αἳματος
1303 4501 1488 4570 αὐτοῦ,
1546 4502 1730 4580 φησίν,
1786 4501 1942 4568 Εἶδες

289 4593 527 4654 πλοῦτον
587 4594 856 4670 χάριτος;
914 4589 1129 4665 μᾶλλον
1188 4587 1248 4646 δὶ
1305 4593 1608 4668 περισσείαν
1657 4593 1748 4648 καὶ
1802 4594 1940 4670 ἄφα-

289 4707 379 4741 τον
439 4683 633 4753 ἔλεοςς
691 4683 763 4739 Οὐ
827 4703 988 4757 μονον
1051 4678 1107 4736 δὲ
1180 4685 1370 4752 ταῦτα,
1428 4680 1575 4738 ἀλλὰ
1629 4683 1714 4739 καὶ
1776 4682 1940 4757 ἐγνώ-

2049 3429 2208 3502 quod
2241 3428 2578 3486 mundanas
2605 3430 2878 3486 homines
2909 3430 3170 3502 appellet
3195 3436 3432 3486 sanctos
3460 3448 3530 3487 ac
3561 3431 3700 3486 ﬁde-

2049 3521 2156 3578 les.
2208 3544 2236 3572 «
2270 3521 2465 3578 Gratia
2523 3521 2702 3576 vobis.
2747 3543 2774 3570 »
2834 3522 3036 3578 Merito
3094 3539 3130 3578 a
3183 3523 3371 3592 gratia
3419 3523 3696 3596 incmpit:

2047 3627 2186 3668 nam
2221 3615 2279 3666 et
2308 3627 2412 3683 per
2435 3610 2683 3684 gratiam
2723 3611 2876 3666 Deus
2933 3618 3024 3667 est
3080 3613 3252 3668 Pater
3281 3612 3615 3681 hominum,
3642 3618 3700 3668 et

2048 3717 2155 3774 per
2182 3700 2431 3774 gratiam
2463 3700 2646 3757 Filius
2691 3701 3077 3772 semetipsum
3131 3700 3296 3755 dedit
3337 3701 3697 3772 redemptio-

2048 3807 2186 3847 nem
2219 3807 2323 3862 pro
2354 3789 2544 3850 nobis.
2597 3812 2625 3840 «
2658 3791 2766 3855 Qui
2815 3788 3120 3844 benedixit
3164 3806 3273 3844 nos
3304 3789 3366 3843 in
3406 3790 3565 3845 omni
3598 3791 3700 3845 be-

2048 3879 2386 3937 nedictione
2418 3879 2732 3951 spirituali.
2768 3898 2790 3922 »
2834 3879 2950 3934 Hoc
2998 3877 3070 3934 ad
3126 3877 3571 3934 distinctionem
3596 3879 3697 3949 ju-

2048 3969 2231 4026 daicm
2263 3969 2696 4025 benedictionis
2727 3967 2995 4024 additum
3029 3973 3154 4024 est:
3189 3967 3293 4022 illa
3323 3969 3481 4023 enim
3512 3970 3700 4043 magis

2050 4064 2177 4116 erat
2205 4057 2482 4122 carnalis,
2511 4062 2713 4112 nostra
2757 4073 2890 4112 vero
2925 4055 3270 4127 spiritualis.
3306 4057 3374 4113 Et
3405 4065 3568 4114 recte.
3596 4059 3698 4125 ait,

2051 4170 2080 4199 ‹‹
2104 4150 2170 4204 In
2189 4148 2374 4202 omni.
2397 4169 2423 4194 ››
2440 4145 2745 4217 Siquidem
2765 4146 2952 4202 factus
2971 4162 3032 4200 es
3050 4146 3405 4204 immortalis
3423 4147 3552 4204 sine
3571 4165 3703 4221 pec-

2050 4245 2202 4304 cato,
2232 4238 2389 4294 filius
2421 4254 2486 4293 ac
2517 4237 2717 4298 frater,
2766 4237 3149 4308 cohaaresque
3196 4238 3320 4303 Dei,
3374 4239 3456 4292 ita
3486 4245 3550 4293 ut
3580 4241 3702 4310 pri-

2050 4328 2233 4384 mitia
2266 4333 2378 4382 tua)
2409 4343 2444 4382 a
2472 4326 2788 4382 Cherubim
2841 4326 3185 4382 adorentur.
3236 4326 3564 4392 Benedixit,
3597 4344 3704 4398 per

2049 4417 2306 4474 Filium:
2360 4416 2556 4488 elegit,
2611 4432 2716 4487 per
2772 4416 3025 4472 Filium:
3084 4415 3296 4472 charos
3350 4415 3564 4482 effecit,
3599 4431 3704 4487 per

2049 4507 2284 4565 Filium.
2317 4504 2621 4573 Quomodo
2652 4511 2848 4562 autem
2879 4521 2983 4576 per
3003 4504 3216 4560 Filium
3236 4503 3262 4556 Ἰ
3293 4521 3326 4559 o
3355 4519 3480 4560 rem
3512 4505 3700 4574 admi-

2027 4596 2336 4654 randam!
2396 4597 2508 4651 Per
2565 4595 2910 4668 sanguinem
2979 4593 3187 4666 ipsius,
3248 4593 3460 4665 inquit.
3527 4595 3699 4650 Vides

2056 4687 2288 4744 divitias
2307 4685 2508 4758 gratim
2531 4684 2558 4739 ?
2589 4684 2773 4757 magis
2795 4691 2991 4740 autem
3016 4683 3441 4740 exuberantem
3467 4689 3525 4738 et
3554 4682 3701 4740 inef-

292 4795 431 4830 οισεν
492 4747 632 4847 ἡμῖν.
708 4772 770 4828 τὸ
827 4747 1160 4845 ’μυστήριον
1231 4747 1696 4841 τοῦνθελήματος
1753 4747 1938 4828 αὐτοῦ.

2054 4777 2299 4835 fabilem
2324 4777 2789 4833 misericordiam
2813 4775 2840 4830 ?
2868 4777 3067 4846 Neque
3095 4774 3286 4830 solum
3309 4775 3455 4841 hinc,
3480 4792 3704 4832 verum-

293 4862 390 4918 Διὰ
417 4864 562 4924 τίνος
592 4865 754 4917 τοῦτο
785 4879 799 4929 ;
856 4860 945 4915 καὶ
1001 4863 1164 4915 τοῦτο
1222 4855 1310 4914 διὰ
1365 4864 1462 4916 τοῦ
1492 4860 1639 4916 Υἱοῦ.
1675 4857 1943 4916 Πάνταδιὰ

289 4953 387 5004 τοῦ
427 4951 575 5016 Υἱοῦ,
635 4954 734 5018 τῆς
794 4945 1040 5008 εὐδοκίας
1099 4947 1492 5022 συμπαρούσης
1551 4952 1648 5003 τοῦ
1708 4948 1939 5024 Πατρός.

211 5099 230 5107 _
293 5034 432 5098 Οὐδὲ
462 5039 565 5112 γὰρ
597 5030 648 5091 ἕν
677 5057 784 5091 τινι
825 5035 1150 5114 ἀπέσχισται
1210 5035 1271 5090 τὸ
1331 5037 1598 5110 Πατρικὸν
1659 5036 1940 5111 βούλημα,

215 5187 228 5194 _
292 5132 389 5185 τοῦ
445 5124 802 5202 ἧγαπημένου
852 5126 1002 5184 Υἱοῦ.
1064 5121 1286 5192 Ἐπειδή
1347 5123 1404 5180 δὶ
1460 5125 1583 5200 περὶ
1641 5130 1738 5180 τοῦ
1795 5149 1938 5203 γνωσ

295 5221 537 5294 ρισθῆναι
570 5219 705 5288 ἡμῖν
737 5216 799 5271 τὸ
858 5217 1162 5290 μυστήριον
1217 5209 1458 5281 διέλαϐε,
1491 5215 1659 5272 πάλιν
1689 5225 1788 5287 τῆς
1821 5221 1941 5275 υἱο-

291 5310 470 5374 θεσίας
502 5305 798 5379 μίμνηται,
858 5311 938 5360 Δι’
995 5306 1082 5375 οὗ,
1117 5303 1319 5382 λέγων,
1380 5305 1470 5361 καὶ
1517 5305 1936 5383 ἐκληρώθημεν.

289 5399 356 5456 O't
420 5397 522 5472 γὰρ
591 5397 1012 5464 υἱοθετηθὲντες,
1081 5395 1164 5451 ἐπὶ
1233 5399 1312 5467 τῷ
1376 5394 1790 5470 κληρονομῆσαι
1838 5407 1939 5470 τῆς

287 5486 558 5546 υἱοθεσίας
591 5485 890 5556 ἀξιοῦνται,
947 5487 1064 5556 ἣτις
1124 5484 1312 5562 γέγονε
1364 5481 1453 5540 διὰ
1509 5490 1605 5541 τοῦ
1664 5487 1789 5542 Υἱοῦ
1847 5492 1936 5546 καὶ

289 5580 653 5654 προώρισται,
683 5578 782 5642 τῆς
813 5573 1056 5642 εὐδοκίας
1109 5575 1200 5630 καὶ
1259 5578 1355 5630 τοῦ
1413 5579 1691 5652 Πατρικοῦ
1725 5577 1934 5654 βουλή-

294 5688 463 5744 ματος
542 5667 941 5744 συμπαρόντος.
1000 5663 1192 5740 Γέγονε
1251 5662 1307 5720 δὶ
1359 5671 1542 5738 τοῦτο,
1603 5665 1677 5728 εἰς
1728 5668 1790 5722 τὸ
1846 5669 1934 5724 καὶ

2053 4867 2232 4922 etiam
2292 4873 2497 4921 notum
2554 4865 2695 4920 fecit
2747 4863 2919 4919 nobis
2975 4864 3322 4935 mysterium
3383 4864 3702 4920 voluntatis

2054 4972 2195 5012 suas.
2259 4957 2368 5012 Per
2424 4971 2601 5026 quem
2659 4953 2820 5009 hoc?
2873 4953 2985 5009 hoc
3044 4969 3281 5024 quoque
3331 4969 3436 5025 per
3465 4954 3700 5012 Filium.

2053 5044 2266 5102 Omnia
2296 5060 2401 5117 per
2431 5043 2643 5099 Filium
2688 5042 3008 5099 accedente
3057 5041 3430 5114 heneplacito
3463 5060 3700 5117 quoque

2051 5133 2281 5188 Patris:
2316 5150 2508 5204 neque
2554 5133 2712 5187 enim
2763 5132 2824 5186 in
2871 5131 3069 5202 aliquo
3102 5131 3290 5187 divisa
3327 5139 3417 5188 est
3447 5135 3700 5190 Paterna

2049 5223 2321 5279 voluntas
2335 5223 2593 5279 adilecto
2608 5222 3068 5288 Filio.Quoniam
3082 5228 3270 5276 autem
3285 5225 3700 5280 mortiﬁcatum

2051 5313 2221 5370 nobis
2252 5330 2381 5368 esse
2413 5313 2760 5386 mysterium
2791 5312 3065 5375 asseruit,
3094 5329 3329 5368 rursum
3360 5311 3694 5384 adoptionis

2049 5403 2342 5461 meminit.
2369 5403 2606 5458 dicens:
2638 5404 2747 5457 Per
2768 5417 2944 5472 quem
2978 5400 3157 5456 etiam
3187 5401 3248 5455 in
3281 5407 3499 5456 sortem
3523 5399 3691 5453 asciti

2047 5508 2271 5548 sumus.
2307 5493 2450 5547 Nam
2483 5493 2582 5562 qui
2613 5492 2674 5547 in
2707 5491 2861 5547 ﬁlios
2909 5489 3287 5562 adoptantur,
3321 5489 3494 5542 ctiam
3529 5486 3688 5558 digni

2046 5581 2341 5638 habentur
2395 5587 2462 5638 ut
2513 5582 2574 5638 in
2630 5579 3036 5655 accipiendam
3094 5577 3428 5651 adoptionis
3469 5583 3688 5632 sortem

2044 5678 2361 5732 vocentur:
2396 5689 2526 5746 qum
2558 5673 2795 5746 adoptio
2825 5671 2980 5729 facta
3021 5687 3086 5726 ac
3144 5668 3438 5741 praeﬁnita
3469 5672 3556 5722 est
3583 5685 3690 5740 per
