  <div class='ocr_page' id='page_1' title='image "/cluster/home/n/w/nwhite01/storage/ocr_20150623/118/hvd.32044073502247/591.png"; bbox 0 0 4108 6192; ppageno 0'>
   <div class='ocr_carea' id='block_1_1' title="bbox 507 417 2129 496">
    <p class='ocr_par' dir='ltr' id='par_1_1' title="bbox 507 421 2129 496">
     <span class='ocr_line' id='line_1_1' title="bbox 507 421 2129 496; baseline -0.008 -3"><span class='ocrx_word' id='word_1_1' title='bbox 507 430 658 496; x_wconf 76' lang='grc'><strong>1171</strong></span> <span class='ocrx_word' id='word_1_2' title='bbox 1596 421 2028 486; x_wconf 80' lang='lat' dir='ltr'><strong>CECUMENII</strong></span> <span class='ocrx_word' id='word_1_3' title='bbox 2072 423 2129 482; x_wconf 80' lang='grc' dir='ltr'><strong>Τῖ</strong></span> 
     </span>
    </p>
   </div>
   <div class='ocr_carea' id='block_1_2' title="bbox 2244 417 3866 496">
    <p class='ocr_par' dir='ltr' id='par_1_2' title="bbox 2244 417 3866 484">
     <span class='ocr_line' id='line_1_2' title="bbox 2244 417 3866 484; baseline 0.001 -3"><span class='ocrx_word' id='word_1_4' title='bbox 2244 421 2382 484; x_wconf 69' lang='grc' dir='ltr'><strong>ΞΟΑΞ</strong></span> <span class='ocrx_word' id='word_1_5' title='bbox 2426 417 2779 483; x_wconf 84' lang='lat' dir='ltr'><strong>EPISCOPI</strong></span> <span class='ocrx_word' id='word_1_6' title='bbox 3742 423 3866 484; x_wconf 71' lang='lat' dir='ltr'><strong>ll&#39;lﬂ</strong></span> 
     </span>
    </p>
   </div>
   <div class='ocr_carea' id='block_1_3' title="bbox 509 549 2131 632">
    <p class='ocr_par' dir='ltr' id='par_1_3' title="bbox 509 558 2129 632">
     <span class='ocr_line' id='line_1_3' title="bbox 509 558 2129 632; baseline -0.006 -8"><span class='ocrx_word' id='word_1_7' title='bbox 509 567 744 631; x_wconf 86' lang='lat' dir='ltr'><strong>Filium,</strong></span> <span class='ocrx_word' id='word_1_8' title='bbox 773 561 1091 620; x_wconf 74' lang='lat' dir='ltr'><strong>accedente</strong></span> <span class='ocrx_word' id='word_1_9' title='bbox 1125 559 1307 618; x_wconf 86' lang='lat' dir='ltr'><strong>simul</strong></span> <span class='ocrx_word' id='word_1_10' title='bbox 1355 558 1729 632; x_wconf 86' lang='lat' dir='ltr'><strong>beneplacito</strong></span> <span class='ocrx_word' id='word_1_11' title='bbox 1760 575 1826 614; x_wconf 90' lang='lat' dir='ltr'><strong>ac</strong></span> <span class='ocrx_word' id='word_1_12' title='bbox 1860 558 2129 615; x_wconf 88' lang='lat' dir='ltr'><strong>voluntat</strong></span> 
     </span>
    </p>
   </div>
   <div class='ocr_carea' id='block_1_4' title="bbox 2250 549 3872 632">
    <p class='ocr_par' dir='ltr' id='par_1_4' title="bbox 2274 549 3872 630">
     <span class='ocr_line' id='line_1_4' title="bbox 2274 549 3872 630; baseline 0.001 -20"><span class='ocrx_word' id='word_1_13' title='bbox 2274 557 2422 628; x_wconf 74' lang='grc' dir='ltr'><strong>ἡμᾶς</strong></span> <span class='ocrx_word' id='word_1_14' title='bbox 2483 553 2628 611; x_wconf 56' lang='grc' dir='ltr'><strong>οὕτω</strong></span> <span class='ocrx_word' id='word_1_15' title='bbox 2686 553 3130 625; x_wconf 73' lang='grc' dir='ltr'><strong>πολιτεύσασθαι,</strong></span> <span class='ocrx_word' id='word_1_16' title='bbox 3188 552 3327 612; x_wconf 72' lang='grc' dir='ltr'><strong>ὥστε</strong></span> <span class='ocrx_word' id='word_1_17' title='bbox 3382 555 3460 618; x_wconf 81' lang='grc' dir='ltr'><strong>εἷς</strong></span> <span class='ocrx_word' id='word_1_18' title='bbox 3522 549 3728 611; x_wconf 73' lang='grc' dir='ltr'><strong>ἶπαινον</strong></span> <span class='ocrx_word' id='word_1_19' title='bbox 3752 577 3872 630; x_wconf 79' lang='grc' dir='ltr'><strong>γενι-</strong></span> 
     </span>
    </p>
   </div>
   <div class='ocr_carea' id='block_1_5' title="bbox 508 642 2130 730">
    <p class='ocr_par' dir='ltr' id='par_1_5' title="bbox 508 652 2130 730">
     <span class='ocr_line' id='line_1_5' title="bbox 508 652 2130 730; baseline -0.006 -18"><span class='ocrx_word' id='word_1_20' title='bbox 508 662 772 730; x_wconf 88' lang='lat' dir='ltr'><strong>paterna.</strong></span> <span class='ocrx_word' id='word_1_21' title='bbox 812 656 929 710; x_wconf 86' lang='lat' dir='ltr'><strong>Hoc</strong></span> <span class='ocrx_word' id='word_1_22' title='bbox 987 658 1186 709; x_wconf 90' lang='lat' dir='ltr'><strong>autem</strong></span> <span class='ocrx_word' id='word_1_23' title='bbox 1247 652 1468 708; x_wconf 84' lang='lat' dir='ltr'><strong>factum</strong></span> <span class='ocrx_word' id='word_1_24' title='bbox 1527 655 1636 718; x_wconf 80' lang='lat' dir='ltr'><strong>est,</strong></span> <span class='ocrx_word' id='word_1_25' title='bbox 1687 656 1751 706; x_wconf 91' lang='lat' dir='ltr'><strong>ut</strong></span> <span class='ocrx_word' id='word_1_26' title='bbox 1781 667 1892 704; x_wconf 88' lang='lat' dir='ltr'><strong>nos</strong></span> <span class='ocrx_word' id='word_1_27' title='bbox 1923 665 2130 721; x_wconf 34' lang='lat' dir='ltr'><strong>quoqut</strong></span> 
     </span>
    </p>
   </div>
   <div class='ocr_carea' id='block_1_6' title="bbox 2253 642 3875 730">
    <p class='ocr_par' dir='ltr' id='par_1_6' title="bbox 2273 642 3875 719">
     <span class='ocr_line' id='line_1_6' title="bbox 2273 642 3875 719; baseline 0.001 -19"><span class='ocrx_word' id='word_1_28' title='bbox 2273 647 2395 700; x_wconf 82' lang='grc' dir='ltr'><strong>σθαι</strong></span> <span class='ocrx_word' id='word_1_29' title='bbox 2451 651 2554 715; x_wconf 80' lang='grc' dir='ltr'><strong>τῆς</strong></span> <span class='ocrx_word' id='word_1_30' title='bbox 2612 642 2774 715; x_wconf 79' lang='grc' dir='ltr'><strong>δόξης</strong></span> <span class='ocrx_word' id='word_1_31' title='bbox 2825 645 3013 713; x_wconf 74' lang='grc' dir='ltr'><strong>αὐτοῦ,</strong></span> <span class='ocrx_word' id='word_1_32' title='bbox 3067 647 3368 708; x_wconf 83' lang='grc' dir='ltr'><strong>τουτέστιν,</strong></span> <span class='ocrx_word' id='word_1_33' title='bbox 3409 645 3488 708; x_wconf 78' lang='grc' dir='ltr'><strong>εἱς</strong></span> <span class='ocrx_word' id='word_1_34' title='bbox 3533 642 3875 719; x_wconf 69' lang='grc' dir='ltr'><strong>ἐπαινουμένην</strong></span> 
     </span>
    </p>
   </div>
   <div class='ocr_carea' id='block_1_7' title="bbox 507 731 2129 815">
    <p class='ocr_par' dir='ltr' id='par_1_7' title="bbox 507 739 2129 815">
     <span class='ocr_line' id='line_1_7' title="bbox 507 739 2129 815; baseline -0.007 -12"><span class='ocrx_word' id='word_1_35' title='bbox 507 747 597 803; x_wconf 87' lang='lat' dir='ltr'><strong>Ita</strong></span> <span class='ocrx_word' id='word_1_36' title='bbox 623 760 1113 802; x_wconf 88' lang='lat' dir='ltr'><strong>conversaremur</strong></span> <span class='ocrx_word' id='word_1_37' title='bbox 1135 759 1250 815; x_wconf 91' lang='lat' dir='ltr'><strong>quo</strong></span> <span class='ocrx_word' id='word_1_38' title='bbox 1276 742 1591 798; x_wconf 75' lang='lat' dir='ltr'><strong>resultaret</strong></span> <span class='ocrx_word' id='word_1_39' title='bbox 1613 742 1670 794; x_wconf 92' lang='lat' dir='ltr'><strong>in</strong></span> <span class='ocrx_word' id='word_1_40' title='bbox 1701 739 1936 794; x_wconf 87' lang='lat' dir='ltr'><strong>laudem</strong></span> <span class='ocrx_word' id='word_1_41' title='bbox 1959 739 2129 810; x_wconf 68' lang='lat' dir='ltr'><strong>glori:</strong></span> 
     </span>
    </p>
   </div>
   <div class='ocr_carea' id='block_1_8' title="bbox 2253 731 3875 815">
    <p class='ocr_par' dir='ltr' id='par_1_8' title="bbox 2274 731 3875 812">
     <span class='ocr_line' id='line_1_8' title="bbox 2274 731 3875 812; baseline 0.001 -23"><span class='ocrx_word' id='word_1_42' title='bbox 2274 731 2430 804; x_wconf 80' lang='grc' dir='ltr'><strong>δόξαν</strong></span> <span class='ocrx_word' id='word_1_43' title='bbox 2466 733 2649 799; x_wconf 75' lang='grc' dir='ltr'><strong>αὐτοῦ,</strong></span> <span class='ocrx_word' id='word_1_44' title='bbox 2683 736 2773 788; x_wconf 83' lang='grc' dir='ltr'><strong>καὶ</strong></span> <span class='ocrx_word' id='word_1_45' title='bbox 2825 734 3108 810; x_wconf 79' lang='grc' dir='ltr'><strong>εὐάρεστον</strong></span> <span class='ocrx_word' id='word_1_46' title='bbox 3167 735 3258 790; x_wconf 84' lang='grc' dir='ltr'><strong>τὸν</strong></span> <span class='ocrx_word' id='word_1_47' title='bbox 3315 735 3436 812; x_wconf 82' lang='grc' dir='ltr'><strong>βίον</strong></span> <span class='ocrx_word' id='word_1_48' title='bbox 3492 736 3875 810; x_wconf 40' lang='lat' dir='ltr'><strong>indigni-rip</strong></span> 
     </span>
    </p>
   </div>
   <div class='ocr_carea' id='block_1_9' title="bbox 511 823 2133 902">
    <p class='ocr_par' dir='ltr' id='par_1_9' title="bbox 511 829 2133 902">
     <span class='ocr_line' id='line_1_9' title="bbox 511 829 2133 902; baseline -0.006 -10"><span class='ocrx_word' id='word_1_49' title='bbox 511 853 654 896; x_wconf 75' lang='lat' dir='ltr'><strong>sum,</strong></span> <span class='ocrx_word' id='word_1_50' title='bbox 691 836 800 890; x_wconf 92' lang='lat' dir='ltr'><strong>hoc</strong></span> <span class='ocrx_word' id='word_1_51' title='bbox 831 840 940 889; x_wconf 88' lang='lat' dir='ltr'><strong>est.</strong></span> <span class='ocrx_word' id='word_1_52' title='bbox 965 840 1026 888; x_wconf 86' lang='lat' dir='ltr'><strong>ut</strong></span> <span class='ocrx_word' id='word_1_53' title='bbox 1051 833 1124 887; x_wconf 90' lang='lat' dir='ltr'><strong>ad</strong></span> <span class='ocrx_word' id='word_1_54' title='bbox 1147 831 1598 888; x_wconf 89' lang='lat' dir='ltr'><strong>collaudandam</strong></span> <span class='ocrx_word' id='word_1_55' title='bbox 1623 829 1871 902; x_wconf 86' lang='lat' dir='ltr'><strong>gloriam</strong></span> <span class='ocrx_word' id='word_1_56' title='bbox 1895 845 2084 894; x_wconf 84' lang='lat' dir='ltr'><strong>suam,</strong></span> <span class='ocrx_word' id='word_1_57' title='bbox 2104 844 2133 882; x_wconf 90' lang='lat' dir='ltr'><strong>e</strong></span> 
     </span>
    </p>
   </div>
   <div class='ocr_carea' id='block_1_10' title="bbox 2254 823 3876 902">
    <p class='ocr_par' dir='ltr' id='par_1_10' title="bbox 2272 823 3876 900">
     <span class='ocr_line' id='line_1_10' title="bbox 2272 823 3876 900; baseline 0.001 -21"><span class='ocrx_word' id='word_1_58' title='bbox 2272 823 2555 880; x_wconf 71' lang='grc' dir='ltr'><strong>πολιτείαν</strong></span> <span class='ocrx_word' id='word_1_59' title='bbox 2589 827 2812 899; x_wconf 73' lang='grc' dir='ltr'><strong>ὁρᾶσθαι</strong></span> <span class='ocrx_word' id='word_1_60' title='bbox 2861 827 3008 900; x_wconf 81' lang='grc' dir='ltr'><strong>παρᾶ</strong></span> <span class='ocrx_word' id='word_1_61' title='bbox 3063 825 3304 881; x_wconf 81' lang='grc' dir='ltr'><strong>πάντων.</strong></span> <span class='ocrx_word' id='word_1_62' title='bbox 3337 849 3365 878; x_wconf 79' lang='grc' dir='ltr'><strong>α</strong></span> <span class='ocrx_word' id='word_1_63' title='bbox 3399 828 3590 886; x_wconf 86' lang='grc' dir='ltr'><strong>’Ὀπως</strong></span> <span class='ocrx_word' id='word_1_64' title='bbox 3622 827 3718 900; x_wconf 78' lang='grc' dir='ltr'><strong>γὰρ</strong></span> <span class='ocrx_word' id='word_1_65' title='bbox 3742 823 3876 880; x_wconf 74' lang='grc' dir='ltr'><strong>ἲόωσι</strong></span> 
     </span>
    </p>
   </div>
   <div class='ocr_carea' id='block_1_11' title="bbox 510 910 2132 992">
    <p class='ocr_par' dir='ltr' id='par_1_11' title="bbox 510 917 2129 990">
     <span class='ocr_line' id='line_1_11' title="bbox 510 917 2129 990; baseline -0.004 -13"><span class='ocrx_word' id='word_1_66' title='bbox 510 926 625 980; x_wconf 86' lang='lat' dir='ltr'><strong>vita</strong></span> <span class='ocrx_word' id='word_1_67' title='bbox 655 931 858 979; x_wconf 87' lang='lat' dir='ltr'><strong>nostra</strong></span> <span class='ocrx_word' id='word_1_68' title='bbox 888 929 947 978; x_wconf 92' lang='lat' dir='ltr'><strong>et</strong></span> <span class='ocrx_word' id='word_1_69' title='bbox 975 921 1342 977; x_wconf 78' lang='lat' dir='ltr'><strong>conversatio</strong></span> <span class='ocrx_word' id='word_1_70' title='bbox 1385 926 1550 990; x_wconf 84' lang='lat' dir='ltr'><strong>grata</strong></span> <span class='ocrx_word' id='word_1_71' title='bbox 1598 919 1669 973; x_wconf 89' lang='lat' dir='ltr'><strong>ab</strong></span> <span class='ocrx_word' id='word_1_72' title='bbox 1711 917 1987 972; x_wconf 91' lang='lat' dir='ltr'><strong>omnibus</strong></span> <span class='ocrx_word' id='word_1_73' title='bbox 2018 934 2129 973; x_wconf 89' lang='lat' dir='ltr'><strong>con</strong></span> 
     </span>
    </p>
   </div>
   <div class='ocr_carea' id='block_1_12' title="bbox 2249 910 3871 992">
    <p class='ocr_par' dir='ltr' id='par_1_12' title="bbox 2271 910 3871 992">
     <span class='ocr_line' id='line_1_12' title="bbox 2271 910 3871 992; baseline 0 -25"><span class='ocrx_word' id='word_1_74' title='bbox 2271 913 2339 967; x_wconf 71' lang='grc' dir='ltr'><strong>τὰ</strong></span> <span class='ocrx_word' id='word_1_75' title='bbox 2366 913 2509 970; x_wconf 80' lang='grc' dir='ltr'><strong>καλᾶ</strong></span> <span class='ocrx_word' id='word_1_76' title='bbox 2559 914 2710 987; x_wconf 81' lang='grc' dir='ltr'><strong>ὑμῶν</strong></span> <span class='ocrx_word' id='word_1_77' title='bbox 2768 910 2919 988; x_wconf 79' lang='grc' dir='ltr'><strong>ἔργα,</strong></span> <span class='ocrx_word' id='word_1_78' title='bbox 2979 914 3141 992; x_wconf 70' lang='grc' dir='ltr'><strong>φησίν</strong></span> <span class='ocrx_word' id='word_1_79' title='bbox 3169 914 3197 968; x_wconf 84' lang='grc' dir='ltr'><strong>ὁ</strong></span> <span class='ocrx_word' id='word_1_80' title='bbox 3231 915 3426 988; x_wconf 79' lang='grc' dir='ltr'><strong>Κυρίος</strong></span> <span class='ocrx_word' id='word_1_81' title='bbox 3460 912 3510 968; x_wconf 78' lang='grc' dir='ltr'><strong>ἐν</strong></span> <span class='ocrx_word' id='word_1_82' title='bbox 3545 912 3871 988; x_wconf 79' lang='grc' dir='ltr'><strong>Εὖαγγελίοις,</strong></span> 
     </span>
    </p>
   </div>
   <div class='ocr_carea' id='block_1_13' title="bbox 513 1001 2135 1086">
    <p class='ocr_par' dir='ltr' id='par_1_13' title="bbox 513 1007 2132 1086">
     <span class='ocr_line' id='line_1_13' title="bbox 513 1007 2132 1086; baseline -0.005 -16"><span class='ocrx_word' id='word_1_83' title='bbox 513 1014 815 1086; x_wconf 88' lang='lat' dir='ltr'><strong>spiciatur.</strong></span> <span class='ocrx_word' id='word_1_84' title='bbox 869 1035 894 1061; x_wconf 89' lang='grc'><em>‹‹</em></span> <span class='ocrx_word' id='word_1_85' title='bbox 933 1013 1002 1068; x_wconf 88' lang='lat' dir='ltr'><strong>Ut</strong></span> <span class='ocrx_word' id='word_1_86' title='bbox 1042 1011 1280 1066; x_wconf 79' lang='lat' dir='ltr'><strong>videant</strong></span> <span class='ocrx_word' id='word_1_87' title='bbox 1314 1009 1419 1081; x_wconf 90' lang='lat' dir='ltr'><strong>(ait</strong></span> <span class='ocrx_word' id='word_1_88' title='bbox 1454 1008 1737 1063; x_wconf 85' lang='lat' dir='ltr'><strong>Dominus</strong></span> <span class='ocrx_word' id='word_1_89' title='bbox 1791 1007 1851 1061; x_wconf 90' lang='lat' dir='ltr'><strong>in</strong></span> <span class='ocrx_word' id='word_1_90' title='bbox 1906 1008 2132 1079; x_wconf 84' lang='lat' dir='ltr'><strong>Evange</strong></span> 
     </span>
    </p>
   </div>
   <div class='ocr_carea' id='block_1_14' title="bbox 2249 1001 3871 1086">
    <p class='ocr_par' dir='ltr' id='par_1_14' title="bbox 2272 1001 3871 1079">
     <span class='ocr_line' id='line_1_14' title="bbox 2272 1001 3871 1079; baseline -0.001 -21"><span class='ocrx_word' id='word_1_91' title='bbox 2272 1004 2362 1058; x_wconf 75' lang='grc' dir='ltr'><strong>καὶ</strong></span> <span class='ocrx_word' id='word_1_92' title='bbox 2415 1001 2680 1074; x_wconf 71' lang='grc' dir='ltr'><strong>δοξάσωσι</strong></span> <span class='ocrx_word' id='word_1_93' title='bbox 2733 1004 2824 1058; x_wconf 78' lang='grc' dir='ltr'><strong>τὸν</strong></span> <span class='ocrx_word' id='word_1_94' title='bbox 2883 1003 3093 1079; x_wconf 80' lang='grc' dir='ltr'><strong>Πατέρα</strong></span> <span class='ocrx_word' id='word_1_95' title='bbox 3149 1003 3301 1075; x_wconf 76' lang='grc' dir='ltr'><strong>ὑμῶν</strong></span> <span class='ocrx_word' id='word_1_96' title='bbox 3353 1004 3447 1058; x_wconf 85' lang='grc' dir='ltr'><strong>τὸν</strong></span> <span class='ocrx_word' id='word_1_97' title='bbox 3503 1001 3555 1058; x_wconf 70' lang='grc' dir='ltr'><strong>ἐν</strong></span> <span class='ocrx_word' id='word_1_98' title='bbox 3603 1008 3713 1064; x_wconf 82' lang='grc' dir='ltr'><strong>τοῖς</strong></span> <span class='ocrx_word' id='word_1_99' title='bbox 3741 1003 3871 1078; x_wconf 73' lang='grc' dir='ltr'><strong>οὖρα-</strong></span> 
     </span>
    </p>
   </div>
   <div class='ocr_carea' id='block_1_15' title="bbox 511 1091 2133 1173">
    <p class='ocr_par' dir='ltr' id='par_1_15' title="bbox 511 1096 2133 1173">
     <span class='ocr_line' id='line_1_15' title="bbox 511 1096 2133 1173; baseline -0.006 -13"><span class='ocrx_word' id='word_1_100' title='bbox 511 1104 631 1173; x_wconf 87' lang='lat' dir='ltr'><strong>liis)</strong></span> <span class='ocrx_word' id='word_1_101' title='bbox 689 1107 882 1157; x_wconf 90' lang='lat' dir='ltr'><strong>vestra</strong></span> <span class='ocrx_word' id='word_1_102' title='bbox 939 1117 1120 1173; x_wconf 83' lang='lat' dir='ltr'><strong>opera</strong></span> <span class='ocrx_word' id='word_1_103' title='bbox 1168 1101 1344 1158; x_wconf 88' lang='lat' dir='ltr'><strong>bona.</strong></span> <span class='ocrx_word' id='word_1_104' title='bbox 1409 1103 1467 1152; x_wconf 89' lang='lat' dir='ltr'><strong>et</strong></span> <span class='ocrx_word' id='word_1_105' title='bbox 1545 1096 1879 1168; x_wconf 81' lang='lat' dir='ltr'><strong>glorificent</strong></span> <span class='ocrx_word' id='word_1_106' title='bbox 1927 1097 2133 1151; x_wconf 78' lang='lat' dir='ltr'><strong>Patren</strong></span> 
     </span>
    </p>
   </div>
   <div class='ocr_carea' id='block_1_16' title="bbox 2257 1091 3879 1173">
    <p class='ocr_par' dir='ltr' id='par_1_16' title="bbox 2272 1091 3879 1171">
     <span class='ocr_line' id='line_1_16' title="bbox 2272 1091 3879 1171; baseline 0.002 -24"><span class='ocrx_word' id='word_1_107' title='bbox 2272 1098 2409 1154; x_wconf 84' lang='grc' dir='ltr'><strong>νοῖς.</strong></span> <span class='ocrx_word' id='word_1_108' title='bbox 2446 1118 2472 1144; x_wconf 74' lang='grc' dir='ltr'><strong>ιι</strong></span> <span class='ocrx_word' id='word_1_109' title='bbox 2507 1093 2786 1167; x_wconf 76' lang='grc' dir='ltr'><strong>Εὐλόγησε</strong></span> <span class='ocrx_word' id='word_1_110' title='bbox 2815 1094 2917 1171; x_wconf 73' lang='grc' dir='ltr'><strong>γὲιρ</strong></span> <span class='ocrx_word' id='word_1_111' title='bbox 2976 1097 3125 1167; x_wconf 78' lang='grc' dir='ltr'><strong>ἡμᾶς</strong></span> <span class='ocrx_word' id='word_1_112' title='bbox 3183 1093 3244 1150; x_wconf 82' lang='grc' dir='ltr'><strong>οὐ</strong></span> <span class='ocrx_word' id='word_1_113' title='bbox 3307 1093 3473 1167; x_wconf 71' lang='grc' dir='ltr'><strong>μόνον</strong></span> <span class='ocrx_word' id='word_1_114' title='bbox 3506 1091 3559 1148; x_wconf 77' lang='grc' dir='ltr'><strong>ἐν</strong></span> <span class='ocrx_word' id='word_1_115' title='bbox 3597 1093 3732 1167; x_wconf 75' lang='grc' dir='ltr'>πάσῃ</span> <span class='ocrx_word' id='word_1_116' title='bbox 3754 1115 3879 1150; x_wconf 66' lang='lat' dir='ltr'><strong>meo-</strong></span> 
     </span>
    </p>
   </div>
   <div class='ocr_carea' id='block_1_17' title="bbox 510 1181 2132 1263">
    <p class='ocr_par' dir='ltr' id='par_1_17' title="bbox 510 1185 2131 1263">
     <span class='ocr_line' id='line_1_17' title="bbox 510 1185 2131 1263; baseline -0.006 -15"><span class='ocrx_word' id='word_1_117' title='bbox 510 1199 774 1248; x_wconf 90' lang='lat' dir='ltr'><strong>vestrum</strong></span> <span class='ocrx_word' id='word_1_118' title='bbox 806 1191 906 1263; x_wconf 89' lang='lat' dir='ltr'><strong>qui</strong></span> <span class='ocrx_word' id='word_1_119' title='bbox 949 1191 1009 1244; x_wconf 90' lang='lat' dir='ltr'><strong>in</strong></span> <span class='ocrx_word' id='word_1_120' title='bbox 1043 1188 1204 1244; x_wconf 75' lang='lat' dir='ltr'><strong>cmlis</strong></span> <span class='ocrx_word' id='word_1_121' title='bbox 1255 1187 1406 1242; x_wconf 54' lang='lat' dir='ltr'><strong>est”.</strong></span> <span class='ocrx_word' id='word_1_122' title='bbox 1444 1208 1471 1236; x_wconf 85' lang='lat'>»</span> <span class='ocrx_word' id='word_1_123' title='bbox 1525 1186 1839 1240; x_wconf 86' lang='lat' dir='ltr'><strong>Benedixit</strong></span> <span class='ocrx_word' id='word_1_124' title='bbox 1867 1185 2024 1240; x_wconf 90' lang='lat' dir='ltr'><strong>enim</strong></span> <span class='ocrx_word' id='word_1_125' title='bbox 2055 1200 2131 1240; x_wconf 90' lang='lat' dir='ltr'><strong>no</strong></span> 
     </span>
    </p>
   </div>
   <div class='ocr_carea' id='block_1_18' title="bbox 2256 1181 3878 1263">
    <p class='ocr_par' dir='ltr' id='par_1_18' title="bbox 2280 1181 3878 1257">
     <span class='ocr_line' id='line_1_18' title="bbox 2280 1181 3878 1257; baseline -0.001 -19"><span class='ocrx_word' id='word_1_126' title='bbox 2280 1187 2482 1256; x_wconf 80' lang='grc' dir='ltr'><strong>ματικῇ</strong></span> <span class='ocrx_word' id='word_1_127' title='bbox 2538 1182 2788 1257; x_wconf 76' lang='grc' dir='ltr'><strong>εὐλογίᾳ,</strong></span> <span class='ocrx_word' id='word_1_128' title='bbox 2843 1181 2989 1239; x_wconf 79' lang='grc' dir='ltr'><strong>ἀλλὰ</strong></span> <span class='ocrx_word' id='word_1_129' title='bbox 3061 1183 3147 1238; x_wconf 79' lang='grc' dir='ltr'><strong>καὶ</strong></span> <span class='ocrx_word' id='word_1_130' title='bbox 3211 1181 3264 1238; x_wconf 65' lang='grc' dir='ltr'><strong>ἂν</strong></span> <span class='ocrx_word' id='word_1_131' title='bbox 3345 1187 3722 1251; x_wconf 66' lang='grc' dir='ltr'><strong>πνευματικοῖς</strong></span> <span class='ocrx_word' id='word_1_132' title='bbox 3769 1184 3878 1257; x_wconf 69' lang='grc' dir='ltr'><strong>πρά·</strong></span> 
     </span>
    </p>
   </div>
   <div class='ocr_carea' id='block_1_19' title="bbox 513 1271 2135 1351">
    <p class='ocr_par' dir='ltr' id='par_1_19' title="bbox 513 1276 2135 1351">
     <span class='ocr_line' id='line_1_19' title="bbox 513 1276 2135 1351; baseline -0.007 -9"><span class='ocrx_word' id='word_1_133' title='bbox 513 1301 635 1342; x_wconf 86' lang='lat' dir='ltr'><strong>non</strong></span> <span class='ocrx_word' id='word_1_134' title='bbox 668 1282 858 1338; x_wconf 91' lang='lat' dir='ltr'><strong>solum</strong></span> <span class='ocrx_word' id='word_1_135' title='bbox 893 1282 954 1338; x_wconf 90' lang='lat' dir='ltr'><strong>in</strong></span> <span class='ocrx_word' id='word_1_136' title='bbox 976 1281 1134 1335; x_wconf 90' lang='lat' dir='ltr'><strong>omni</strong></span> <span class='ocrx_word' id='word_1_137' title='bbox 1161 1278 1452 1351; x_wconf 87' lang='lat' dir='ltr'><strong>spirituali</strong></span> <span class='ocrx_word' id='word_1_138' title='bbox 1478 1276 1911 1338; x_wconf 81' lang='lat' dir='ltr'><strong>benedictione.</strong></span> <span class='ocrx_word' id='word_1_139' title='bbox 1942 1293 2135 1332; x_wconf 87' lang='lat' dir='ltr'><strong>verum</strong></span> 
     </span>
    </p>
   </div>
   <div class='ocr_carea' id='block_1_20' title="bbox 2256 1271 3878 1351">
    <p class='ocr_par' dir='ltr' id='par_1_20' title="bbox 2278 1271 3878 1351">
     <span class='ocr_line' id='line_1_20' title="bbox 2278 1271 3878 1351; baseline 0.001 -24"><span class='ocrx_word' id='word_1_140' title='bbox 2278 1294 2449 1351; x_wconf 87' lang='grc' dir='ltr'><strong>γμασι</strong></span> <span class='ocrx_word' id='word_1_141' title='bbox 2496 1273 2587 1328; x_wconf 78' lang='grc' dir='ltr'><strong>καὶ</strong></span> <span class='ocrx_word' id='word_1_142' title='bbox 2645 1271 3006 1348; x_wconf 69' lang='grc' dir='ltr'><strong>ἐπουρανίοις.</strong></span> <span class='ocrx_word' id='word_1_143' title='bbox 3067 1273 3163 1329; x_wconf 82' lang='grc' dir='ltr'><strong>Διὰ</strong></span> <span class='ocrx_word' id='word_1_144' title='bbox 3209 1271 3356 1334; x_wconf 88' lang='grc' dir='ltr'><strong>τίνος</strong></span> <span class='ocrx_word' id='word_1_145' title='bbox 3387 1291 3402 1343; x_wconf 86' lang='grc'><strong>;</strong></span> <span class='ocrx_word' id='word_1_146' title='bbox 3437 1272 3537 1328; x_wconf 76' lang='grc' dir='ltr'><strong>Διὰ</strong></span> <span class='ocrx_word' id='word_1_147' title='bbox 3571 1273 3739 1344; x_wconf 75' lang='grc' dir='ltr'><strong>Ἰησοῦ</strong></span> <span class='ocrx_word' id='word_1_148' title='bbox 3765 1277 3878 1348; x_wconf 77' lang='grc' dir='ltr'><strong>Χρι-</strong></span> 
     </span>
    </p>
   </div>
   <div class='ocr_carea' id='block_1_21' title="bbox 516 1357 2138 1442">
    <p class='ocr_par' dir='ltr' id='par_1_21' title="bbox 516 1365 2134 1442">
     <span class='ocr_line' id='line_1_21' title="bbox 516 1365 2134 1442; baseline -0.006 -12"><span class='ocrx_word' id='word_1_149' title='bbox 516 1375 693 1431; x_wconf 90' lang='lat' dir='ltr'><strong>etiam</strong></span> <span class='ocrx_word' id='word_1_150' title='bbox 725 1373 786 1427; x_wconf 89' lang='lat' dir='ltr'><strong>in</strong></span> <span class='ocrx_word' id='word_1_151' title='bbox 820 1369 1226 1442; x_wconf 87' lang='lat' dir='ltr'><strong>spiritualibus</strong></span> <span class='ocrx_word' id='word_1_152' title='bbox 1287 1367 1463 1424; x_wconf 81' lang='lat' dir='ltr'><strong>rebus</strong></span> <span class='ocrx_word' id='word_1_153' title='bbox 1521 1383 1588 1423; x_wconf 89' lang='lat' dir='ltr'><strong>ac</strong></span> <span class='ocrx_word' id='word_1_154' title='bbox 1646 1365 2134 1437; x_wconf 78' lang='lat' dir='ltr'><strong>supercmlestibu</strong></span> 
     </span>
    </p>
   </div>
   <div class='ocr_carea' id='block_1_22' title="bbox 2258 1357 3880 1442">
    <p class='ocr_par' dir='ltr' id='par_1_22' title="bbox 2279 1357 3880 1435">
     <span class='ocr_line' id='line_1_22' title="bbox 2279 1357 3880 1435; baseline 0.001 -19"><span class='ocrx_word' id='word_1_155' title='bbox 2279 1366 2426 1417; x_wconf 78' lang='grc' dir='ltr'><strong>στοῦ.</strong></span> <span class='ocrx_word' id='word_1_156' title='bbox 2462 1365 2625 1430; x_wconf 82' lang='grc' dir='ltr'><strong>Πῶς;</strong></span> <span class='ocrx_word' id='word_1_157' title='bbox 2661 1385 2689 1413; x_wconf 86' lang='grc'><strong>‹‹</strong></span> <span class='ocrx_word' id='word_1_158' title='bbox 2724 1362 2908 1426; x_wconf 80' lang='grc' dir='ltr'><strong>Καθὼς</strong></span> <span class='ocrx_word' id='word_1_159' title='bbox 2946 1360 3219 1435; x_wconf 74' lang='grc' dir='ltr'><strong>ἐξελέξατο</strong></span> <span class='ocrx_word' id='word_1_160' title='bbox 3268 1365 3418 1435; x_wconf 73' lang='grc' dir='ltr'><strong>ἡμᾶς</strong></span> <span class='ocrx_word' id='word_1_161' title='bbox 3473 1363 3580 1435; x_wconf 85' lang='grc' dir='ltr'><strong>πρὸ</strong></span> <span class='ocrx_word' id='word_1_162' title='bbox 3618 1357 3880 1430; x_wconf 72' lang='grc' dir='ltr'><strong>καταεολῆς</strong></span> 
     </span>
    </p>
   </div>
   <div class='ocr_carea' id='block_1_23' title="bbox 515 1449 2137 1535">
    <p class='ocr_par' dir='ltr' id='par_1_23' title="bbox 515 1457 2118 1535">
     <span class='ocr_line' id='line_1_23' title="bbox 515 1457 2118 1535; baseline -0.006 -15"><span class='ocrx_word' id='word_1_163' title='bbox 515 1466 626 1520; x_wconf 89' lang='lat' dir='ltr'><strong>Per</strong></span> <span class='ocrx_word' id='word_1_164' title='bbox 655 1479 831 1535; x_wconf 87' lang='lat' dir='ltr'><strong>quem</strong></span> <span class='ocrx_word' id='word_1_165' title='bbox 857 1461 884 1515; x_wconf 85' lang='lat'><strong><em>?</em></strong></span> <span class='ocrx_word' id='word_1_166' title='bbox 916 1476 1020 1532; x_wconf 88' lang='lat' dir='ltr'><strong>per</strong></span> <span class='ocrx_word' id='word_1_167' title='bbox 1047 1461 1247 1514; x_wconf 84' lang='lat' dir='ltr'><strong>Jesum</strong></span> <span class='ocrx_word' id='word_1_168' title='bbox 1289 1458 1609 1514; x_wconf 82' lang='lat' dir='ltr'><strong>Christum.</strong></span> <span class='ocrx_word' id='word_1_169' title='bbox 1643 1460 1907 1521; x_wconf 88' lang='lat' dir='ltr'><strong>Quonam</strong></span> <span class='ocrx_word' id='word_1_170' title='bbox 1943 1457 2118 1512; x_wconf 90' lang='lat' dir='ltr'><strong>modo</strong></span> 
     </span>
    </p>
   </div>
   <div class='ocr_carea' id='block_1_24' title="bbox 2259 1449 3881 1535">
    <p class='ocr_par' dir='ltr' id='par_1_24' title="bbox 2276 1449 3881 1527">
     <span class='ocr_line' id='line_1_24' title="bbox 2276 1449 3881 1527; baseline 0.002 -21"><span class='ocrx_word' id='word_1_171' title='bbox 2276 1452 2507 1526; x_wconf 80' lang='grc' dir='ltr'><strong>κόσμου,</strong></span> <span class='ocrx_word' id='word_1_172' title='bbox 2546 1475 2565 1500; x_wconf 78' lang='grc'><strong>1</strong></span> <span class='ocrx_word' id='word_1_173' title='bbox 2603 1449 2790 1512; x_wconf 65' lang='grc' dir='ltr'><strong>Οὕτως</strong></span> <span class='ocrx_word' id='word_1_174' title='bbox 2822 1451 3026 1526; x_wconf 77' lang='grc' dir='ltr'><strong>ἀρχαία</strong></span> <span class='ocrx_word' id='word_1_175' title='bbox 3067 1454 3102 1521; x_wconf 73' lang='grc' dir='ltr'>ἡ</span> <span class='ocrx_word' id='word_1_176' title='bbox 3135 1454 3295 1523; x_wconf 71' lang='grc' dir='ltr'><strong>ἡμῶν</strong></span> <span class='ocrx_word' id='word_1_177' title='bbox 3325 1451 3529 1527; x_wconf 73' lang='grc' dir='ltr'><strong>ἐκλογή</strong></span> <span class='ocrx_word' id='word_1_178' title='bbox 3563 1451 3650 1506; x_wconf 82' lang='grc' dir='ltr'><strong>καὶ</strong></span> <span class='ocrx_word' id='word_1_179' title='bbox 3679 1450 3881 1527; x_wconf 75' lang='grc' dir='ltr'><strong>εὐλογία.</strong></span> 
     </span>
    </p>
   </div>
   <div class='ocr_carea' id='block_1_25' title="bbox 517 1537 2139 1624">
    <p class='ocr_par' dir='ltr' id='par_1_25' title="bbox 517 1545 2139 1624">
     <span class='ocr_line' id='line_1_25' title="bbox 517 1545 2139 1624; baseline -0.004 -15"><span class='ocrx_word' id='word_1_180' title='bbox 517 1575 544 1604; x_wconf 86' lang='grc'><strong>‹‹</strong></span> <span class='ocrx_word' id='word_1_181' title='bbox 567 1553 729 1609; x_wconf 83' lang='lat' dir='ltr'><strong>Sicut</strong></span> <span class='ocrx_word' id='word_1_182' title='bbox 746 1551 922 1624; x_wconf 91' lang='lat' dir='ltr'><strong>elegit</strong></span> <span class='ocrx_word' id='word_1_183' title='bbox 935 1566 1042 1604; x_wconf 87' lang='lat' dir='ltr'><strong>nos</strong></span> <span class='ocrx_word' id='word_1_184' title='bbox 1057 1554 1194 1603; x_wconf 84' lang='lat' dir='ltr'><strong>ante</strong></span> <span class='ocrx_word' id='word_1_185' title='bbox 1210 1548 1701 1603; x_wconf 85' lang='lat' dir='ltr'><strong>constitutionem</strong></span> <span class='ocrx_word' id='word_1_186' title='bbox 1722 1547 1958 1602; x_wconf 89' lang='lat' dir='ltr'><strong>mundi:</strong></span> <span class='ocrx_word' id='word_1_187' title='bbox 1980 1545 2139 1602; x_wconf 47' lang='lat' dir='ltr'><strong>uadet</strong></span> 
     </span>
    </p>
   </div>
   <div class='ocr_carea' id='block_1_26' title="bbox 2261 1537 3883 1624">
    <p class='ocr_par' dir='ltr' id='par_1_26' title="bbox 2280 1537 3883 1615">
     <span class='ocr_line' id='line_1_26' title="bbox 2280 1537 3883 1615; baseline -0.002 -17"><span class='ocrx_word' id='word_1_188' title='bbox 2280 1537 2566 1609; x_wconf 73' lang='grc' dir='ltr'><strong>Ἐπίτηδες</strong></span> <span class='ocrx_word' id='word_1_189' title='bbox 2597 1542 2745 1612; x_wconf 78' lang='grc' dir='ltr'><strong>ἡμᾶς</strong></span> <span class='ocrx_word' id='word_1_190' title='bbox 2805 1539 3102 1612; x_wconf 70' lang='grc' dir='ltr'><strong>ἐξελέξατο,</strong></span> <span class='ocrx_word' id='word_1_191' title='bbox 3161 1539 3248 1596; x_wconf 79' lang='grc' dir='ltr'><strong>ἐπὶ</strong></span> <span class='ocrx_word' id='word_1_192' title='bbox 3304 1541 3370 1597; x_wconf 82' lang='grc' dir='ltr'><strong>τὸ</strong></span> <span class='ocrx_word' id='word_1_193' title='bbox 3429 1542 3566 1597; x_wconf 69' lang='grc' dir='ltr'><strong>εἶναι</strong></span> <span class='ocrx_word' id='word_1_194' title='bbox 3626 1542 3794 1615; x_wconf 77' lang='grc' dir='ltr'><strong>ἁγίους</strong></span> <span class='ocrx_word' id='word_1_195' title='bbox 3815 1542 3883 1596; x_wconf 84' lang='grc' dir='ltr'><strong>καί</strong></span> 
     </span>
    </p>
   </div>
   <div class='ocr_carea' id='block_1_27' title="bbox 514 1628 2136 1704">
    <p class='ocr_par' dir='ltr' id='par_1_27' title="bbox 514 1634 2132 1701">
     <span class='ocr_line' id='line_1_27' title="bbox 514 1634 2132 1701; baseline -0.007 -1"><span class='ocrx_word' id='word_1_196' title='bbox 514 1649 681 1701; x_wconf 91' lang='lat' dir='ltr'><strong>vetus</strong></span> <span class='ocrx_word' id='word_1_197' title='bbox 731 1646 820 1698; x_wconf 90' lang='lat' dir='ltr'><strong>est</strong></span> <span class='ocrx_word' id='word_1_198' title='bbox 867 1645 1071 1695; x_wconf 88' lang='lat' dir='ltr'><strong>nostra</strong></span> <span class='ocrx_word' id='word_1_199' title='bbox 1118 1637 1328 1692; x_wconf 92' lang='lat' dir='ltr'><strong>electio</strong></span> <span class='ocrx_word' id='word_1_200' title='bbox 1379 1652 1446 1692; x_wconf 89' lang='lat' dir='ltr'><strong>ac</strong></span> <span class='ocrx_word' id='word_1_201' title='bbox 1494 1635 1851 1691; x_wconf 88' lang='lat' dir='ltr'><strong>benedictio.</strong></span> <span class='ocrx_word' id='word_1_202' title='bbox 1898 1634 2132 1692; x_wconf 89' lang='lat' dir='ltr'><strong>Studios</strong></span> 
     </span>
    </p>
   </div>
   <div class='ocr_carea' id='block_1_28' title="bbox 2257 1628 3879 1704">
    <p class='ocr_par' dir='ltr' id='par_1_28' title="bbox 2280 1628 3879 1704">
     <span class='ocr_line' id='line_1_28' title="bbox 2280 1628 3879 1704; baseline 0.001 -20"><span class='ocrx_word' id='word_1_203' title='bbox 2280 1630 2572 1702; x_wconf 77' lang='grc' dir='ltr'><strong>ἀμώμους,</strong></span> <span class='ocrx_word' id='word_1_204' title='bbox 2606 1628 2822 1702; x_wconf 79' lang='grc' dir='ltr'><strong>τιμίους</strong></span> <span class='ocrx_word' id='word_1_205' title='bbox 2879 1629 2970 1684; x_wconf 83' lang='grc' dir='ltr'><strong>καὶ</strong></span> <span class='ocrx_word' id='word_1_206' title='bbox 3024 1628 3288 1704; x_wconf 74' lang='grc' dir='ltr'><strong>καθαροὺς</strong></span> <span class='ocrx_word' id='word_1_207' title='bbox 3347 1628 3402 1686; x_wconf 77' lang='grc' dir='ltr'><strong>ἐν</strong></span> <span class='ocrx_word' id='word_1_208' title='bbox 3461 1633 3544 1702; x_wconf 78' lang='grc' dir='ltr'><strong>τῷ</strong></span> <span class='ocrx_word' id='word_1_209' title='bbox 3601 1629 3879 1704; x_wconf 42' lang='lat' dir='ltr'><strong>gigantem</strong></span> 
     </span>
    </p>
   </div>
   <div class='ocr_carea' id='block_1_29' title="bbox 517 1717 2139 1803">
    <p class='ocr_par' dir='ltr' id='par_1_29' title="bbox 517 1724 2139 1803">
     <span class='ocr_line' id='line_1_29' title="bbox 517 1724 2139 1803; baseline -0.006 -13"><span class='ocrx_word' id='word_1_210' title='bbox 517 1750 627 1791; x_wconf 85' lang='lat' dir='ltr'><strong>nos</strong></span> <span class='ocrx_word' id='word_1_211' title='bbox 659 1730 836 1803; x_wconf 80' lang='lat' dir='ltr'><strong>elegit</strong></span> <span class='ocrx_word' id='word_1_212' title='bbox 864 1734 930 1785; x_wconf 90' lang='lat' dir='ltr'><strong>ut</strong></span> <span class='ocrx_word' id='word_1_213' title='bbox 958 1743 1223 1783; x_wconf 88' lang='lat' dir='ltr'><strong>essemus</strong></span> <span class='ocrx_word' id='word_1_214' title='bbox 1251 1727 1440 1781; x_wconf 84' lang='lat' dir='ltr'><strong>sancti</strong></span> <span class='ocrx_word' id='word_1_215' title='bbox 1482 1730 1540 1780; x_wconf 93' lang='lat' dir='ltr'><strong>et</strong></span> <span class='ocrx_word' id='word_1_216' title='bbox 1588 1724 2139 1796; x_wconf 87' lang='lat' dir='ltr'><strong>irreprehensibiles</strong></span> 
     </span>
    </p>
   </div>
   <div class='ocr_carea' id='block_1_30' title="bbox 2257 1717 3879 1803">
    <p class='ocr_par' dir='ltr' id='par_1_30' title="bbox 2280 1717 3879 1794">
     <span class='ocr_line' id='line_1_30' title="bbox 2280 1717 3879 1794; baseline -0.002 -18"><span class='ocrx_word' id='word_1_217' title='bbox 2280 1719 2354 1782; x_wconf 86' lang='grc' dir='ltr'><strong>είς</strong></span> <span class='ocrx_word' id='word_1_218' title='bbox 2382 1722 2542 1774; x_wconf 79' lang='grc' dir='ltr'><strong>τοῦτο</strong></span> <span class='ocrx_word' id='word_1_219' title='bbox 2574 1717 2809 1790; x_wconf 74' lang='grc' dir='ltr'><strong>κινηθείς</strong></span> <span class='ocrx_word' id='word_1_220' title='bbox 2839 1737 2852 1787; x_wconf 86' lang='grc'>;</span> <span class='ocrx_word' id='word_1_221' title='bbox 2899 1718 2990 1790; x_wconf 79' lang='grc' dir='ltr'><strong>Ἐξ</strong></span> <span class='ocrx_word' id='word_1_222' title='bbox 3046 1718 3257 1792; x_wconf 77' lang='grc' dir='ltr'><strong>ἀγάπης</strong></span> <span class='ocrx_word' id='word_1_223' title='bbox 3318 1721 3516 1792; x_wconf 85' lang='grc' dir='ltr'><strong>μόνης.</strong></span> <span class='ocrx_word' id='word_1_224' title='bbox 3556 1721 3667 1775; x_wconf 81' lang='grc' dir='ltr'><strong>ἰνα</strong></span> <span class='ocrx_word' id='word_1_225' title='bbox 3691 1740 3739 1774; x_wconf 90' lang='grc' dir='ltr'><strong>τι</strong></span> <span class='ocrx_word' id='word_1_226' title='bbox 3760 1717 3879 1794; x_wconf 83' lang='grc' dir='ltr'><strong>γένη-</strong></span> 
     </span>
    </p>
   </div>
   <div class='ocr_carea' id='block_1_31' title="bbox 518 1805 2140 1887">
    <p class='ocr_par' dir='ltr' id='par_1_31' title="bbox 518 1812 2136 1887">
     <span class='ocr_line' id='line_1_31' title="bbox 518 1812 2136 1887; baseline -0.006 -7"><span class='ocrx_word' id='word_1_227' title='bbox 518 1822 578 1880; x_wconf 89' lang='lat' dir='ltr'><strong>id</strong></span> <span class='ocrx_word' id='word_1_228' title='bbox 610 1827 717 1886; x_wconf 89' lang='lat' dir='ltr'><strong>est,</strong></span> <span class='ocrx_word' id='word_1_229' title='bbox 750 1816 1073 1876; x_wconf 82' lang='lat' dir='ltr'><strong>venerandi</strong></span> <span class='ocrx_word' id='word_1_230' title='bbox 1123 1832 1192 1872; x_wconf 88' lang='lat' dir='ltr'><strong>ac</strong></span> <span class='ocrx_word' id='word_1_231' title='bbox 1251 1815 1384 1887; x_wconf 91' lang='lat' dir='ltr'><strong>puri</strong></span> <span class='ocrx_word' id='word_1_232' title='bbox 1444 1815 1505 1870; x_wconf 91' lang='lat' dir='ltr'><strong>in</strong></span> <span class='ocrx_word' id='word_1_233' title='bbox 1561 1815 1695 1870; x_wconf 91' lang='lat' dir='ltr'><strong>vita.</strong></span> <span class='ocrx_word' id='word_1_234' title='bbox 1739 1813 1904 1870; x_wconf 85' lang='lat' dir='ltr'><strong>Unde</strong></span> <span class='ocrx_word' id='word_1_235' title='bbox 1958 1812 2032 1870; x_wconf 88' lang='lat' dir='ltr'><strong>ad</strong></span> <span class='ocrx_word' id='word_1_236' title='bbox 2061 1816 2136 1870; x_wconf 90' lang='lat' dir='ltr'><strong>ho</strong></span> 
     </span>
    </p>
   </div>
   <div class='ocr_carea' id='block_1_32' title="bbox 2258 1805 3880 1887">
    <p class='ocr_par' dir='ltr' id='par_1_32' title="bbox 2276 1805 3880 1884">
     <span class='ocr_line' id='line_1_32' title="bbox 2276 1805 3880 1884; baseline -0.001 -20"><span class='ocrx_word' id='word_1_237' title='bbox 2276 1809 2886 1884; x_wconf 71' lang='grc' dir='ltr'><strong>ται;”1ναυίοθετήσῃ</strong></span> <span class='ocrx_word' id='word_1_238' title='bbox 2946 1811 3094 1881; x_wconf 80' lang='grc' dir='ltr'><strong>ἡμᾶς</strong></span> <span class='ocrx_word' id='word_1_239' title='bbox 3151 1805 3241 1864; x_wconf 71' lang='grc' dir='ltr'><strong>διὰ</strong></span> <span class='ocrx_word' id='word_1_240' title='bbox 3296 1813 3393 1866; x_wconf 80' lang='grc' dir='ltr'><strong>τοῦ</strong></span> <span class='ocrx_word' id='word_1_241' title='bbox 3456 1812 3690 1884; x_wconf 78' lang='grc' dir='ltr'>Χριστοῦ</span> <span class='ocrx_word' id='word_1_242' title='bbox 3723 1809 3880 1881; x_wconf 66' lang='grc' dir='ltr'><strong>ἑαυτῷ,</strong></span> 
     </span>
    </p>
   </div>
   <div class='ocr_carea' id='block_1_33' title="bbox 520 1897 2142 1976">
    <p class='ocr_par' dir='ltr' id='par_1_33' title="bbox 520 1904 2142 1970">
     <span class='ocr_line' id='line_1_33' title="bbox 520 1904 2142 1970; baseline -0.006 -2"><span class='ocrx_word' id='word_1_243' title='bbox 520 1916 716 1968; x_wconf 89' lang='lat' dir='ltr'><strong>motus</strong></span> <span class='ocrx_word' id='word_1_244' title='bbox 748 1910 880 1964; x_wconf 77' lang='lat' dir='ltr'><strong>est?</strong></span> <span class='ocrx_word' id='word_1_245' title='bbox 930 1908 1010 1962; x_wconf 82' lang='lat' dir='ltr'><strong>Ex</strong></span> <span class='ocrx_word' id='word_1_246' title='bbox 1062 1905 1188 1960; x_wconf 89' lang='lat' dir='ltr'><strong>sola</strong></span> <span class='ocrx_word' id='word_1_247' title='bbox 1244 1905 1555 1961; x_wconf 88' lang='lat' dir='ltr'><strong>charitate.</strong></span> <span class='ocrx_word' id='word_1_248' title='bbox 1589 1905 1777 1970; x_wconf 86' lang='lat' dir='ltr'><strong>Quare</strong></span> <span class='ocrx_word' id='word_1_249' title='bbox 1808 1904 1920 1960; x_wconf 92' lang='lat' dir='ltr'><strong>hoc</strong></span> <span class='ocrx_word' id='word_1_250' title='bbox 1948 1904 2142 1960; x_wconf 77' lang='lat' dir='ltr'><strong>factum</strong></span> 
     </span>
    </p>
   </div>
   <div class='ocr_carea' id='block_1_34' title="bbox 2259 1897 3881 1976">
    <p class='ocr_par' dir='ltr' id='par_1_34' title="bbox 2281 1897 3881 1976">
     <span class='ocr_line' id='line_1_34' title="bbox 2281 1897 3881 1976; baseline -0.003 -21"><span class='ocrx_word' id='word_1_251' title='bbox 2281 1901 2461 1955; x_wconf 73' lang='grc' dir='ltr'><strong>Τοῦτο</strong></span> <span class='ocrx_word' id='word_1_252' title='bbox 2519 1899 2620 1973; x_wconf 73' lang='grc' dir='ltr'><strong>γὰρ</strong></span> <span class='ocrx_word' id='word_1_253' title='bbox 2671 1897 2763 1952; x_wconf 81' lang='grc' dir='ltr'><strong>καὶ</strong></span> <span class='ocrx_word' id='word_1_254' title='bbox 2821 1897 3153 1973; x_wconf 86' lang='grc' dir='ltr'><strong>προώριστο.</strong></span> <span class='ocrx_word' id='word_1_255' title='bbox 3214 1899 3312 1956; x_wconf 81' lang='grc' dir='ltr'><strong>Ἐκ</strong></span> <span class='ocrx_word' id='word_1_256' title='bbox 3367 1899 3536 1960; x_wconf 88' lang='grc' dir='ltr'><strong>ποίας</strong></span> <span class='ocrx_word' id='word_1_257' title='bbox 3577 1901 3726 1971; x_wconf 82' lang='grc' dir='ltr'><strong>ἡμῶν</strong></span> <span class='ocrx_word' id='word_1_258' title='bbox 3756 1898 3881 1976; x_wconf 74' lang='grc' dir='ltr'><strong>ἰργαο</strong></span> 
     </span>
    </p>
   </div>
   <div class='ocr_carea' id='block_1_35' title="bbox 521 1983 2143 2066">
    <p class='ocr_par' dir='ltr' id='par_1_35' title="bbox 521 1993 2143 2066">
     <span class='ocr_line' id='line_1_35' title="bbox 521 1993 2143 2066; baseline -0.007 -8"><span class='ocrx_word' id='word_1_259' title='bbox 521 2000 659 2058; x_wconf 83' lang='lat' dir='ltr'><strong>est?</strong></span> <span class='ocrx_word' id='word_1_260' title='bbox 725 2004 791 2056; x_wconf 90' lang='lat' dir='ltr'><strong>ut</strong></span> <span class='ocrx_word' id='word_1_261' title='bbox 847 2013 957 2053; x_wconf 90' lang='lat' dir='ltr'><strong>nos</strong></span> <span class='ocrx_word' id='word_1_262' title='bbox 1015 1995 1125 2051; x_wconf 89' lang='lat' dir='ltr'><strong>sibi</strong></span> <span class='ocrx_word' id='word_1_263' title='bbox 1186 1994 1298 2066; x_wconf 88' lang='lat' dir='ltr'><strong>ipsi</strong></span> <span class='ocrx_word' id='word_1_264' title='bbox 1356 2011 1463 2065; x_wconf 92' lang='lat' dir='ltr'><strong>per</strong></span> <span class='ocrx_word' id='word_1_265' title='bbox 1521 1993 1818 2049; x_wconf 85' lang='lat' dir='ltr'><strong>Christum</strong></span> <span class='ocrx_word' id='word_1_266' title='bbox 1867 1993 2143 2066; x_wconf 85' lang='lat' dir='ltr'><strong>adoptare</strong></span> 
     </span>
    </p>
   </div>
   <div class='ocr_carea' id='block_1_36' title="bbox 2263 1983 3885 2066">
    <p class='ocr_par' dir='ltr' id='par_1_36' title="bbox 2285 1983 3885 2059">
     <span class='ocr_line' id='line_1_36' title="bbox 2285 1983 3885 2059; baseline -0.001 -17"><span class='ocrx_word' id='word_1_267' title='bbox 2285 1986 2401 2047; x_wconf 81' lang='grc' dir='ltr'><strong>σίας</strong></span> <span class='ocrx_word' id='word_1_268' title='bbox 2429 2005 2443 2056; x_wconf 88' lang='grc'>;</span> <span class='ocrx_word' id='word_1_269' title='bbox 2475 1987 2561 2056; x_wconf 79' lang='grc' dir='ltr'><strong>Ἐξ</strong></span> <span class='ocrx_word' id='word_1_270' title='bbox 2595 1983 2876 2059; x_wconf 77' lang='grc' dir='ltr'><strong>οὐδεμιᾶς’</strong></span> <span class='ocrx_word' id='word_1_271' title='bbox 2934 1984 3080 2056; x_wconf 70' lang='grc' dir='ltr'><strong>πλὴν</strong></span> <span class='ocrx_word' id='word_1_272' title='bbox 3131 1987 3216 2043; x_wconf 84' lang='grc' dir='ltr'><strong>ὅτι</strong></span> <span class='ocrx_word' id='word_1_273' title='bbox 3259 1983 3329 2042; x_wconf 83' lang='grc' dir='ltr'><strong>δι’</strong></span> <span class='ocrx_word' id='word_1_274' title='bbox 3360 1984 3611 2043; x_wconf 77' lang='grc' dir='ltr'><strong>εὐδοκίαν</strong></span> <span class='ocrx_word' id='word_1_275' title='bbox 3640 1990 3733 2042; x_wconf 76' lang='grc' dir='ltr'><strong>τοῦ</strong></span> <span class='ocrx_word' id='word_1_276' title='bbox 3757 1985 3885 2057; x_wconf 62' lang='lat' dir='ltr'><strong>05M-</strong></span> 
     </span>
    </p>
   </div>
   <div class='ocr_carea' id='block_1_37' title="bbox 520 2073 2142 2156">
    <p class='ocr_par' dir='ltr' id='par_1_37' title="bbox 520 2081 2141 2156">
     <span class='ocr_line' id='line_1_37' title="bbox 520 2081 2141 2156; baseline -0.006 -11"><span class='ocrx_word' id='word_1_277' title='bbox 520 2105 662 2145; x_wconf 89' lang='lat' dir='ltr'><strong>nam</strong></span> <span class='ocrx_word' id='word_1_278' title='bbox 695 2093 755 2142; x_wconf 91' lang='lat' dir='ltr'><strong>et</strong></span> <span class='ocrx_word' id='word_1_279' title='bbox 800 2086 914 2141; x_wconf 89' lang='lat' dir='ltr'><strong>hoc</strong></span> <span class='ocrx_word' id='word_1_280' title='bbox 959 2082 1478 2156; x_wconf 69' lang='lat' dir='ltr'><strong>praeordinaverat.</strong></span> <span class='ocrx_word' id='word_1_281' title='bbox 1538 2083 1619 2137; x_wconf 85' lang='lat' dir='ltr'><strong>Ex</strong></span> <span class='ocrx_word' id='word_1_282' title='bbox 1663 2098 1779 2153; x_wconf 86' lang='lat' dir='ltr'><strong>quo</strong></span> <span class='ocrx_word' id='word_1_283' title='bbox 1811 2081 1965 2138; x_wconf 90' lang='lat' dir='ltr'><strong>bono</strong></span> <span class='ocrx_word' id='word_1_284' title='bbox 1996 2098 2141 2153; x_wconf 90' lang='lat' dir='ltr'><strong>oper</strong></span> 
     </span>
    </p>
   </div>
   <div class='ocr_carea' id='block_1_38' title="bbox 2267 2073 3889 2156">
    <p class='ocr_par' dir='ltr' id='par_1_38' title="bbox 2291 2073 3889 2152">
     <span class='ocr_line' id='line_1_38' title="bbox 2291 2073 3889 2152; baseline 0.002 -22"><span class='ocrx_word' id='word_1_285' title='bbox 2291 2096 2460 2149; x_wconf 85' lang='grc' dir='ltr'><strong>ματος</strong></span> <span class='ocrx_word' id='word_1_286' title='bbox 2517 2076 2703 2131; x_wconf 77' lang='grc' dir='ltr'><strong>αὐτοῦ·</strong></span> <span class='ocrx_word' id='word_1_287' title='bbox 2764 2073 3040 2146; x_wconf 77' lang='grc' dir='ltr'><strong>ηὐδόκησε</strong></span> <span class='ocrx_word' id='word_1_288' title='bbox 3105 2077 3204 2152; x_wconf 75' lang='grc' dir='ltr'><strong>γὰρ</strong></span> <span class='ocrx_word' id='word_1_289' title='bbox 3287 2077 3376 2133; x_wconf 82' lang='grc' dir='ltr'><strong>καὶ</strong></span> <span class='ocrx_word' id='word_1_290' title='bbox 3464 2077 3698 2150; x_wconf 74' lang='grc' dir='ltr'><strong>ἠθέλησε</strong></span> <span class='ocrx_word' id='word_1_291' title='bbox 3746 2081 3889 2149; x_wconf 79' lang='grc' dir='ltr'><strong>τοῦτο,</strong></span> 
     </span>
    </p>
   </div>
   <div class='ocr_carea' id='block_1_39' title="bbox 523 2162 2145 2243">
    <p class='ocr_par' dir='ltr' id='par_1_39' title="bbox 523 2170 2145 2243">
     <span class='ocr_line' id='line_1_39' title="bbox 523 2170 2145 2243; baseline -0.005 -10"><span class='ocrx_word' id='word_1_292' title='bbox 523 2173 776 2233; x_wconf 88' lang='lat' dir='ltr'><strong>nostro?</strong></span> <span class='ocrx_word' id='word_1_293' title='bbox 809 2191 878 2230; x_wconf 83' lang='lat' dir='ltr'><strong>ex</strong></span> <span class='ocrx_word' id='word_1_294' title='bbox 919 2173 1084 2228; x_wconf 89' lang='lat' dir='ltr'><strong>nullo</strong></span> <span class='ocrx_word' id='word_1_295' title='bbox 1123 2171 1392 2232; x_wconf 84' lang='lat' dir='ltr'><strong>omnino,</strong></span> <span class='ocrx_word' id='word_1_296' title='bbox 1438 2171 1554 2226; x_wconf 88' lang='lat' dir='ltr'><strong>nisi</strong></span> <span class='ocrx_word' id='word_1_297' title='bbox 1603 2178 1847 2243; x_wconf 87' lang='lat' dir='ltr'><strong>propter</strong></span> <span class='ocrx_word' id='word_1_298' title='bbox 1893 2170 2145 2242; x_wconf 87' lang='lat' dir='ltr'><strong>benepla</strong></span> 
     </span>
    </p>
   </div>
   <div class='ocr_carea' id='block_1_40' title="bbox 1768 2162 3390 2243">
    <p class='ocr_par' dir='ltr' id='par_1_40' title="bbox 1768 2162 3390 2242">
     <span class='ocr_line' id='line_1_40' title="bbox 1768 2162 3390 2242; baseline -0.002 -17"><span class='ocrx_word' id='word_1_299' title='bbox 1768 2185 1847 2225; x_wconf 77' lang='lat' dir='ltr'><strong>ter</strong></span> <span class='ocrx_word' id='word_1_300' title='bbox 1893 2170 2176 2242; x_wconf 87' lang='lat' dir='ltr'><strong>benepla-</strong></span> <span class='ocrx_word' id='word_1_301' title='bbox 2288 2168 2450 2237; x_wconf 79' lang='grc' dir='ltr'><strong>ἡμῶν</strong></span> <span class='ocrx_word' id='word_1_302' title='bbox 2484 2163 2632 2230; x_wconf 77' lang='grc' dir='ltr'><strong>ὅλως</strong></span> <span class='ocrx_word' id='word_1_303' title='bbox 2663 2162 2833 2238; x_wconf 68' lang='grc' dir='ltr'><strong>μηδὲν</strong></span> <span class='ocrx_word' id='word_1_304' title='bbox 2866 2168 3390 2242; x_wconf 81' lang='grc' dir='ltr'><strong>συνεισενεγκόντων.</strong></span> 
     </span>
    </p>
   </div>
   <div class='ocr_carea' id='block_1_41' title="bbox 523 2256 3891 2332">
    <p class='ocr_par' dir='ltr' id='par_1_41' title="bbox 523 2256 3891 2332">
     <span class='ocr_line' id='line_1_41' title="bbox 523 2256 3891 2332; baseline -0.002 -12"><span class='ocrx_word' id='word_1_305' title='bbox 523 2265 706 2322; x_wconf 90' lang='lat' dir='ltr'><strong>citum</strong></span> <span class='ocrx_word' id='word_1_306' title='bbox 737 2261 1060 2317; x_wconf 85' lang='lat' dir='ltr'><strong>voluntatis</strong></span> <span class='ocrx_word' id='word_1_307' title='bbox 1110 2276 1252 2315; x_wconf 81' lang='lat' dir='ltr'><strong>suae.</strong></span> <span class='ocrx_word' id='word_1_308' title='bbox 1307 2259 1688 2331; x_wconf 89' lang='lat' dir='ltr'><strong>Beneplacuit</strong></span> <span class='ocrx_word' id='word_1_309' title='bbox 1744 2259 1906 2316; x_wconf 88' lang='lat' dir='ltr'><strong>enim</strong></span> <span class='ocrx_word' id='word_1_310' title='bbox 1965 2259 2077 2332; x_wconf 87' lang='lat' dir='ltr'><strong>ipsi</strong></span> <span class='ocrx_word' id='word_1_311' title='bbox 2131 2274 2198 2314; x_wconf 84' lang='lat' dir='ltr'><strong>ac</strong></span> <span class='ocrx_word' id='word_1_312' title='bbox 2251 2257 2435 2313; x_wconf 90' lang='lat' dir='ltr'><strong>voluit</strong></span> <span class='ocrx_word' id='word_1_313' title='bbox 2487 2257 2620 2324; x_wconf 89' lang='lat' dir='ltr'><strong>hoc,</strong></span> <span class='ocrx_word' id='word_1_314' title='bbox 2686 2257 2730 2312; x_wconf 69' lang='lat'><strong>8</strong></span> <span class='ocrx_word' id='word_1_315' title='bbox 2787 2272 2924 2314; x_wconf 91' lang='lat' dir='ltr'><strong>cum</strong></span> <span class='ocrx_word' id='word_1_316' title='bbox 2984 2273 3092 2314; x_wconf 88' lang='lat' dir='ltr'><strong>nos</strong></span> <span class='ocrx_word' id='word_1_317' title='bbox 3150 2256 3304 2314; x_wconf 85' lang='lat' dir='ltr'><strong>nihil</strong></span> <span class='ocrx_word' id='word_1_318' title='bbox 3362 2259 3612 2316; x_wconf 86' lang='lat' dir='ltr'><strong>omnino</strong></span> <span class='ocrx_word' id='word_1_319' title='bbox 3653 2256 3891 2316; x_wconf 78' lang='lat' dir='ltr'><strong>contulis-</strong></span> 
     </span>
    </p>
   </div>
   <div class='ocr_carea' id='block_1_42' title="bbox 527 2370 747 2412">
    <p class='ocr_par' dir='ltr' id='par_1_42' title="bbox 527 2370 747 2412">
     <span class='ocr_line' id='line_1_42' title="bbox 527 2370 747 2412; baseline -0.027 0"><span class='ocrx_word' id='word_1_320' title='bbox 527 2370 747 2412; x_wconf 88' lang='lat' dir='ltr'><strong>semus.</strong></span> 
     </span>
    </p>
   </div>
   <div class='ocr_carea' id='block_1_43' title="bbox 596 2433 2218 2513">
    <p class='ocr_par' dir='ltr' id='par_1_43' title="bbox 596 2437 2179 2510">
     <span class='ocr_line' id='line_1_43' title="bbox 596 2437 2179 2510; baseline -0.004 -12"><span class='ocrx_word' id='word_1_321' title='bbox 596 2440 902 2510; x_wconf 89' lang='lat' dir='ltr'><strong>Quomodo</strong></span> <span class='ocrx_word' id='word_1_322' title='bbox 926 2440 1082 2496; x_wconf 90' lang='lat' dir='ltr'><strong>enim</strong></span> <span class='ocrx_word' id='word_1_323' title='bbox 1103 2437 1582 2499; x_wconf 84' lang='lat' dir='ltr'><strong>contulissemus.</strong></span> <span class='ocrx_word' id='word_1_324' title='bbox 1603 2439 1702 2510; x_wconf 87' lang='lat' dir='ltr'><strong>qui</strong></span> <span class='ocrx_word' id='word_1_325' title='bbox 1722 2454 1796 2493; x_wconf 92' lang='lat' dir='ltr'><strong>ne</strong></span> <span class='ocrx_word' id='word_1_326' title='bbox 1819 2438 2179 2510; x_wconf 76' lang='lat' dir='ltr'><strong>principium</strong></span> 
     </span>
    </p>
   </div>
   <div class='ocr_carea' id='block_1_44' title="bbox 2269 2433 3891 2513">
    <p class='ocr_par' dir='ltr' id='par_1_44' title="bbox 2363 2433 3891 2513">
     <span class='ocr_line' id='line_1_44' title="bbox 2363 2433 3891 2513; baseline -0.001 -23"><span class='ocrx_word' id='word_1_327' title='bbox 2363 2438 2484 2496; x_wconf 79' lang='grc' dir='ltr'><strong>Πῶς</strong></span> <span class='ocrx_word' id='word_1_328' title='bbox 2512 2436 2614 2511; x_wconf 72' lang='grc' dir='ltr'><strong>γὰρ</strong></span> <span class='ocrx_word' id='word_1_329' title='bbox 2647 2457 2712 2504; x_wconf 88' lang='grc' dir='ltr'><strong>ην</strong></span> <span class='ocrx_word' id='word_1_330' title='bbox 2752 2441 3186 2513; x_wconf 81' lang='grc' dir='ltr'><strong>συνεισενεγκεῖν,</strong></span> <span class='ocrx_word' id='word_1_331' title='bbox 3242 2435 3370 2498; x_wconf 79' lang='grc' dir='ltr'><strong>τοὺς</strong></span> <span class='ocrx_word' id='word_1_332' title='bbox 3437 2433 3571 2509; x_wconf 81' lang='grc' dir='ltr'><strong>μηδ’</strong></span> <span class='ocrx_word' id='word_1_333' title='bbox 3627 2437 3787 2512; x_wconf 74' lang='grc' dir='ltr'><strong>ἃρχήν</strong></span> <span class='ocrx_word' id='word_1_334' title='bbox 3812 2455 3891 2489; x_wconf 77' lang='grc' dir='ltr'><strong>που</strong></span> 
     </span>
    </p>
   </div>
   <div class='ocr_carea' id='block_1_45' title="bbox 527 2519 2149 2606">
    <p class='ocr_par' dir='ltr' id='par_1_45' title="bbox 527 2526 2148 2606">
     <span class='ocr_line' id='line_1_45' title="bbox 527 2526 2148 2606; baseline -0.004 -17"><span class='ocrx_word' id='word_1_335' title='bbox 527 2532 768 2606; x_wconf 91' lang='lat' dir='ltr'><strong>quidem</strong></span> <span class='ocrx_word' id='word_1_336' title='bbox 800 2530 986 2602; x_wconf 90' lang='lat' dir='ltr'><strong>ipsius</strong></span> <span class='ocrx_word' id='word_1_337' title='bbox 1031 2544 1160 2584; x_wconf 89' lang='lat' dir='ltr'><strong>esse</strong></span> <span class='ocrx_word' id='word_1_338' title='bbox 1202 2528 1402 2599; x_wconf 92' lang='lat' dir='ltr'><strong>aliquo</strong></span> <span class='ocrx_word' id='word_1_339' title='bbox 1437 2526 1611 2583; x_wconf 91' lang='lat' dir='ltr'><strong>modo</strong></span> <span class='ocrx_word' id='word_1_340' title='bbox 1643 2527 1836 2586; x_wconf 83' lang='lat' dir='ltr'><strong>adhuc</strong></span> <span class='ocrx_word' id='word_1_341' title='bbox 1866 2543 2148 2599; x_wconf 86' lang='lat' dir='ltr'><strong>accepera</strong></span> 
     </span>
    </p>
   </div>
   <div class='ocr_carea' id='block_1_46' title="bbox 2269 2519 3891 2606">
    <p class='ocr_par' dir='ltr' id='par_1_46' title="bbox 2289 2519 3891 2601">
     <span class='ocr_line' id='line_1_46' title="bbox 2289 2519 3891 2601; baseline 0.001 -23"><span class='ocrx_word' id='word_1_342' title='bbox 2289 2528 2391 2578; x_wconf 77' lang='grc' dir='ltr'><strong>τοῦ</strong></span> <span class='ocrx_word' id='word_1_343' title='bbox 2423 2525 2555 2580; x_wconf 81' lang='grc' dir='ltr'><strong>εἶναι</strong></span> <span class='ocrx_word' id='word_1_344' title='bbox 2607 2519 2915 2589; x_wconf 73' lang='grc' dir='ltr'><strong>λαϐόνταςξ</strong></span> <span class='ocrx_word' id='word_1_345' title='bbox 2978 2525 3074 2580; x_wconf 84' lang='grc' dir='ltr'><strong>Καὶ</strong></span> <span class='ocrx_word' id='word_1_346' title='bbox 3131 2524 3182 2582; x_wconf 88' lang='grc' dir='ltr'><strong>τί</strong></span> <span class='ocrx_word' id='word_1_347' title='bbox 3233 2527 3297 2583; x_wconf 84' lang='grc' dir='ltr'><strong>τὸ</strong></span> <span class='ocrx_word' id='word_1_348' title='bbox 3351 2523 3410 2580; x_wconf 74' lang='grc' dir='ltr'><strong>ἐκ</strong></span> <span class='ocrx_word' id='word_1_349' title='bbox 3467 2527 3662 2582; x_wconf 69' lang='grc' dir='ltr'><strong>τούτου</strong></span> <span class='ocrx_word' id='word_1_350' title='bbox 3707 2523 3891 2601; x_wconf 78' lang='grc' dir='ltr'><strong>κέρδοςς</strong></span> 
     </span>
    </p>
   </div>
   <div class='ocr_carea' id='block_1_47' title="bbox 526 2608 2148 2693">
    <p class='ocr_par' dir='ltr' id='par_1_47' title="bbox 526 2617 2144 2690">
     <span class='ocr_line' id='line_1_47' title="bbox 526 2617 2144 2690; baseline -0.005 -10"><span class='ocrx_word' id='word_1_351' title='bbox 526 2621 715 2680; x_wconf 80' lang='lat' dir='ltr'><strong>mus?</strong></span> <span class='ocrx_word' id='word_1_352' title='bbox 776 2623 841 2674; x_wconf 84' lang='lat' dir='ltr'><strong>Et</strong></span> <span class='ocrx_word' id='word_1_353' title='bbox 919 2617 1079 2690; x_wconf 92' lang='lat' dir='ltr'><strong>quod</strong></span> <span class='ocrx_word' id='word_1_354' title='bbox 1138 2617 1276 2672; x_wconf 91' lang='lat' dir='ltr'><strong>inde</strong></span> <span class='ocrx_word' id='word_1_355' title='bbox 1337 2617 1620 2672; x_wconf 83' lang='lat' dir='ltr'><strong>lucrum?</strong></span> <span class='ocrx_word' id='word_1_356' title='bbox 1679 2617 1828 2672; x_wconf 86' lang='lat' dir='ltr'><strong>Laus</strong></span> <span class='ocrx_word' id='word_1_357' title='bbox 1887 2617 2144 2672; x_wconf 89' lang='lat' dir='ltr'><strong>immens</strong></span> 
     </span>
    </p>
   </div>
   <div class='ocr_carea' id='block_1_48' title="bbox 2271 2608 3893 2693">
    <p class='ocr_par' dir='ltr' id='par_1_48' title="bbox 2291 2608 3893 2693">
     <span class='ocr_line' id='line_1_48' title="bbox 2291 2608 3893 2693; baseline 0.001 -24"><span class='ocrx_word' id='word_1_358' title='bbox 2291 2616 2526 2693; x_wconf 70' lang='grc' dir='ltr'><strong>Ἀιρατος</strong></span> <span class='ocrx_word' id='word_1_359' title='bbox 2555 2614 2844 2671; x_wconf 80' lang='grc' dir='ltr'><strong>ἀνακόπτει</strong></span> <span class='ocrx_word' id='word_1_360' title='bbox 2891 2608 3125 2684; x_wconf 76' lang='grc' dir='ltr'><strong>ἔπαινος,</strong></span> <span class='ocrx_word' id='word_1_361' title='bbox 3185 2616 3273 2671; x_wconf 85' lang='grc' dir='ltr'><strong>καὶ</strong></span> <span class='ocrx_word' id='word_1_362' title='bbox 3326 2615 3626 2691; x_wconf 74' lang='grc' dir='ltr'><strong>ἐγκώμιον,</strong></span> <span class='ocrx_word' id='word_1_363' title='bbox 3657 2622 3748 2686; x_wconf 79' lang='grc' dir='ltr'><strong>τῆς</strong></span> <span class='ocrx_word' id='word_1_364' title='bbox 3775 2612 3893 2670; x_wconf 73' lang='lat'><strong>8580-</strong></span> 
     </span>
    </p>
   </div>
   <div class='ocr_carea' id='block_1_49' title="bbox 528 2705 2150 2786">
    <p class='ocr_par' dir='ltr' id='par_1_49' title="bbox 528 2706 2150 2783">
     <span class='ocr_line' id='line_1_49' title="bbox 528 2706 2150 2783; baseline -0.009 -15"><span class='ocrx_word' id='word_1_365' title='bbox 528 2710 776 2783; x_wconf 89' lang='lat' dir='ltr'><strong>emergit</strong></span> <span class='ocrx_word' id='word_1_366' title='bbox 801 2713 861 2766; x_wconf 85' lang='lat' dir='ltr'><strong>et</strong></span> <span class='ocrx_word' id='word_1_367' title='bbox 890 2707 1228 2764; x_wconf 91' lang='lat' dir='ltr'><strong>encomium</strong></span> <span class='ocrx_word' id='word_1_368' title='bbox 1275 2706 1620 2779; x_wconf 79' lang='lat' dir='ltr'><strong>glorificatae</strong></span> <span class='ocrx_word' id='word_1_369' title='bbox 1666 2722 1786 2760; x_wconf 64' lang='lat' dir='ltr'><strong>sua;</strong></span> <span class='ocrx_word' id='word_1_370' title='bbox 1832 2707 2033 2778; x_wconf 68' lang='lat' dir='ltr'><strong>gratias</strong></span> <span class='ocrx_word' id='word_1_371' title='bbox 2064 2723 2150 2776; x_wconf 12' lang='lat' dir='ltr'><strong>qui</strong></span> 
     </span>
    </p>
   </div>
   <div class='ocr_carea' id='block_1_50' title="bbox 2271 2705 3893 2786">
    <p class='ocr_par' dir='ltr' id='par_1_50' title="bbox 2291 2705 3893 2786">
     <span class='ocr_line' id='line_1_50' title="bbox 2291 2705 3893 2786; baseline 0.001 -25"><span class='ocrx_word' id='word_1_372' title='bbox 2291 2705 2561 2778; x_wconf 77' lang='grc' dir='ltr'><strong>ξασμὲνης</strong></span> <span class='ocrx_word' id='word_1_373' title='bbox 2621 2707 2788 2762; x_wconf 81' lang='grc' dir='ltr'><strong>αὐτοῦ</strong></span> <span class='ocrx_word' id='word_1_374' title='bbox 2847 2706 3102 2786; x_wconf 72' lang='grc' dir='ltr'><strong>χάριτος,</strong></span> <span class='ocrx_word' id='word_1_375' title='bbox 3164 2706 3215 2761; x_wconf 76' lang='grc' dir='ltr'><strong>ἐν</strong></span> <span class='ocrx_word' id='word_1_376' title='bbox 3368 2706 3699 2783; x_wconf 74' lang='grc' dir='ltr'><strong>ἐχαρίτωσεν</strong></span> 
     </span>
    </p>
   </div>
   <div class='ocr_carea' id='block_1_51' title="bbox 530 2793 2152 2870">
    <p class='ocr_par' dir='ltr' id='par_1_51' title="bbox 530 2797 2152 2870">
     <span class='ocr_line' id='line_1_51' title="bbox 530 2797 2152 2870; baseline -0.004 -10"><span class='ocrx_word' id='word_1_377' title='bbox 530 2804 741 2860; x_wconf 87' lang='lat' dir='ltr'><strong>charos</strong></span> <span class='ocrx_word' id='word_1_378' title='bbox 772 2817 882 2856; x_wconf 91' lang='lat' dir='ltr'><strong>nos</strong></span> <span class='ocrx_word' id='word_1_379' title='bbox 914 2798 1191 2854; x_wconf 82' lang='lat' dir='ltr'><strong>reddidit.</strong></span> <span class='ocrx_word' id='word_1_380' title='bbox 1231 2799 1342 2852; x_wconf 91' lang='lat' dir='ltr'><strong>Per</strong></span> <span class='ocrx_word' id='word_1_381' title='bbox 1390 2797 1615 2870; x_wconf 83' lang='lat' dir='ltr'><strong>quem?</strong></span> <span class='ocrx_word' id='word_1_382' title='bbox 1665 2798 1879 2868; x_wconf 85' lang='lat' dir='ltr'><strong>Utique</strong></span> <span class='ocrx_word' id='word_1_383' title='bbox 1933 2797 2152 2854; x_wconf 84' lang='lat' dir='ltr'><strong>manife</strong></span> 
     </span>
    </p>
   </div>
   <div class='ocr_carea' id='block_1_52' title="bbox 2270 2793 3892 2870">
    <p class='ocr_par' dir='ltr' id='par_1_52' title="bbox 2294 2793 3892 2870">
     <span class='ocr_line' id='line_1_52' title="bbox 2294 2793 3892 2870; baseline -0.001 -19"><span class='ocrx_word' id='word_1_384' title='bbox 2294 2795 2392 2851; x_wconf 83' lang='grc' dir='ltr'><strong>Διᾶ</strong></span> <span class='ocrx_word' id='word_1_385' title='bbox 2420 2797 2703 2863; x_wconf 78' lang='grc' dir='ltr'><strong>τίνοςςἮ</strong></span> <span class='ocrx_word' id='word_1_386' title='bbox 2756 2793 2927 2864; x_wconf 77' lang='grc' dir='ltr'><strong>δῆλον</strong></span> <span class='ocrx_word' id='word_1_387' title='bbox 2975 2795 3079 2855; x_wconf 78' lang='grc' dir='ltr'><strong>ὅτι.</strong></span> <span class='ocrx_word' id='word_1_388' title='bbox 3126 2795 3218 2850; x_wconf 84' lang='grc' dir='ltr'><strong>καὶ</strong></span> <span class='ocrx_word' id='word_1_389' title='bbox 3265 2800 3426 2850; x_wconf 76' lang='grc' dir='ltr'><strong>τοῦτο</strong></span> <span class='ocrx_word' id='word_1_390' title='bbox 3483 2793 3573 2851; x_wconf 76' lang='grc' dir='ltr'>διὰ</span> <span class='ocrx_word' id='word_1_391' title='bbox 3601 2800 3694 2851; x_wconf 76' lang='grc' dir='ltr'><strong>τοῦ</strong></span> <span class='ocrx_word' id='word_1_392' title='bbox 3716 2797 3892 2870; x_wconf 72' lang='grc' dir='ltr'><strong>ἠγαπησ</strong></span> 
     </span>
    </p>
   </div>
   <div class='ocr_carea' id='block_1_53' title="bbox 532 2883 2154 2961">
    <p class='ocr_par' dir='ltr' id='par_1_53' title="bbox 532 2887 2154 2961">
     <span class='ocr_line' id='line_1_53' title="bbox 532 2887 2154 2961; baseline -0.004 -12"><span class='ocrx_word' id='word_1_393' title='bbox 532 2898 686 2949; x_wconf 90' lang='lat' dir='ltr'><strong>stum</strong></span> <span class='ocrx_word' id='word_1_394' title='bbox 709 2897 798 2945; x_wconf 89' lang='lat' dir='ltr'><strong>est</strong></span> <span class='ocrx_word' id='word_1_395' title='bbox 818 2889 974 2961; x_wconf 88' lang='lat' dir='ltr'><strong>quod</strong></span> <span class='ocrx_word' id='word_1_396' title='bbox 1000 2889 1180 2944; x_wconf 89' lang='lat' dir='ltr'><strong>etiam</strong></span> <span class='ocrx_word' id='word_1_397' title='bbox 1205 2888 1314 2944; x_wconf 88' lang='lat' dir='ltr'><strong>hoc</strong></span> <span class='ocrx_word' id='word_1_398' title='bbox 1339 2904 1443 2960; x_wconf 90' lang='lat' dir='ltr'><strong>per</strong></span> <span class='ocrx_word' id='word_1_399' title='bbox 1466 2887 1747 2942; x_wconf 89' lang='lat' dir='ltr'><strong>dilectum</strong></span> <span class='ocrx_word' id='word_1_400' title='bbox 1775 2887 1984 2942; x_wconf 89' lang='lat' dir='ltr'><strong>Filium</strong></span> <span class='ocrx_word' id='word_1_401' title='bbox 2010 2903 2154 2943; x_wconf 86' lang='lat' dir='ltr'><strong>suun</strong></span> 
     </span>
    </p>
   </div>
   <div class='ocr_carea' id='block_1_54' title="bbox 2274 2883 3896 2961">
    <p class='ocr_par' dir='ltr' id='par_1_54' title="bbox 2298 2883 3896 2958">
     <span class='ocr_line' id='line_1_54' title="bbox 2298 2883 3896 2958; baseline -0.001 -18"><span class='ocrx_word' id='word_1_402' title='bbox 2298 2883 2460 2958; x_wconf 80' lang='grc' dir='ltr'><strong>μένου</strong></span> <span class='ocrx_word' id='word_1_403' title='bbox 2489 2884 2657 2942; x_wconf 77' lang='grc' dir='ltr'><strong>αὐτοῦ</strong></span> <span class='ocrx_word' id='word_1_404' title='bbox 2687 2887 2835 2941; x_wconf 78' lang='grc' dir='ltr'><strong>Υίοῦ.</strong></span> <span class='ocrx_word' id='word_1_405' title='bbox 2871 2890 2992 2947; x_wconf 84' lang='grc' dir='ltr'><strong>Ιιῶς</strong></span> <span class='ocrx_word' id='word_1_406' title='bbox 3018 2907 3032 2955; x_wconf 78' lang='grc' dir='ltr'><strong>ς</strong></span> <span class='ocrx_word' id='word_1_407' title='bbox 3065 2891 3189 2943; x_wconf 81' lang='grc' dir='ltr'><strong>’Ότι</strong></span> <span class='ocrx_word' id='word_1_408' title='bbox 3224 2885 3385 2949; x_wconf 76' lang='grc' dir='ltr'><strong>αὐτὸς</strong></span> <span class='ocrx_word' id='word_1_409' title='bbox 3425 2885 3655 2958; x_wconf 78' lang='grc' dir='ltr'><strong>ἐποίησε</strong></span> <span class='ocrx_word' id='word_1_410' title='bbox 3676 2887 3764 2952; x_wconf 76' lang='grc' dir='ltr'><strong>τήν</strong></span> <span class='ocrx_word' id='word_1_411' title='bbox 3794 2886 3896 2938; x_wconf 76' lang='grc' dir='ltr'><strong>ἀπο-</strong></span> 
     </span>
    </p>
   </div>
   <div class='ocr_carea' id='block_1_55' title="bbox 531 2971 2153 3053">
    <p class='ocr_par' dir='ltr' id='par_1_55' title="bbox 531 2975 2153 3050">
     <span class='ocr_line' id='line_1_55' title="bbox 531 2975 2153 3050; baseline -0.004 -12"><span class='ocrx_word' id='word_1_412' title='bbox 531 2979 835 3049; x_wconf 91' lang='lat' dir='ltr'><strong>Quomodo</strong></span> <span class='ocrx_word' id='word_1_413' title='bbox 863 2982 885 3034; x_wconf 77' lang='grc' dir='ltr'><em>Ρ</em></span> <span class='ocrx_word' id='word_1_414' title='bbox 911 2978 1050 3050; x_wconf 89' lang='lat' dir='ltr'><strong>quia</strong></span> <span class='ocrx_word' id='word_1_415' title='bbox 1080 2977 1206 3048; x_wconf 89' lang='lat' dir='ltr'><strong>ipse</strong></span> <span class='ocrx_word' id='word_1_416' title='bbox 1256 2976 1395 3034; x_wconf 87' lang='lat' dir='ltr'><strong>fecit</strong></span> <span class='ocrx_word' id='word_1_417' title='bbox 1448 2977 1634 3032; x_wconf 88' lang='lat' dir='ltr'><strong>nostri</strong></span> <span class='ocrx_word' id='word_1_418' title='bbox 1687 2975 2153 3048; x_wconf 81' lang='lat' dir='ltr'><strong>redemptionem</strong></span> 
     </span>
    </p>
   </div>
   <div class='ocr_carea' id='block_1_56' title="bbox 2274 2971 3896 3053">
    <p class='ocr_par' dir='ltr' id='par_1_56' title="bbox 2296 2971 3896 3053">
     <span class='ocr_line' id='line_1_56' title="bbox 2296 2971 3896 3053; baseline -0.001 -25"><span class='ocrx_word' id='word_1_419' title='bbox 2296 2971 2568 3047; x_wconf 72' lang='grc' dir='ltr'><strong>λύτρωσιν</strong></span> <span class='ocrx_word' id='word_1_420' title='bbox 2597 2975 2779 3046; x_wconf 78' lang='grc' dir='ltr'><strong>ἡμῶν.</strong></span> <span class='ocrx_word' id='word_1_421' title='bbox 2816 2974 2994 3046; x_wconf 83' lang='grc' dir='ltr'><strong>Ἦμεν</strong></span> <span class='ocrx_word' id='word_1_422' title='bbox 3027 2976 3130 3053; x_wconf 68' lang='grc' dir='ltr'><strong>γὰρ</strong></span> <span class='ocrx_word' id='word_1_423' title='bbox 3163 2973 3532 3051; x_wconf 80' lang='grc' dir='ltr'><strong>αἰχμάλωτοι</strong></span> <span class='ocrx_word' id='word_1_424' title='bbox 3565 2973 3654 3030; x_wconf 77' lang='grc' dir='ltr'><strong>διὰ</strong></span> <span class='ocrx_word' id='word_1_425' title='bbox 3680 2973 3740 3028; x_wconf 81' lang='grc' dir='ltr'><strong>τὰ</strong></span> <span class='ocrx_word' id='word_1_426' title='bbox 3763 2993 3896 3048; x_wconf 74' lang='grc' dir='ltr'><strong>παρα-</strong></span> 
     </span>
    </p>
   </div>
   <div class='ocr_carea' id='block_1_57' title="bbox 531 3061 2153 3140">
    <p class='ocr_par' dir='ltr' id='par_1_57' title="bbox 531 3067 2153 3140">
     <span class='ocr_line' id='line_1_57' title="bbox 531 3067 2153 3140; baseline -0.004 -12"><span class='ocrx_word' id='word_1_427' title='bbox 531 3072 782 3128; x_wconf 88' lang='lat' dir='ltr'><strong>Eramus</strong></span> <span class='ocrx_word' id='word_1_428' title='bbox 814 3068 973 3124; x_wconf 91' lang='lat' dir='ltr'><strong>enim</strong></span> <span class='ocrx_word' id='word_1_429' title='bbox 1005 3067 1216 3140; x_wconf 84' lang='lat' dir='ltr'><strong>captivi</strong></span> <span class='ocrx_word' id='word_1_430' title='bbox 1249 3073 1492 3139; x_wconf 89' lang='lat' dir='ltr'><strong>propter</strong></span> <span class='ocrx_word' id='word_1_431' title='bbox 1520 3073 1761 3138; x_wconf 85' lang='lat' dir='ltr'><strong>peccata</strong></span> <span class='ocrx_word' id='word_1_432' title='bbox 1781 3071 1984 3123; x_wconf 87' lang='lat' dir='ltr'><strong>nostra</strong></span> <span class='ocrx_word' id='word_1_433' title='bbox 2009 3083 2023 3122; x_wconf 90' lang='lat'><strong>:</strong></span> <span class='ocrx_word' id='word_1_434' title='bbox 2048 3067 2153 3124; x_wconf 34' lang='lat' dir='ltr'><strong>dati</strong></span> 
     </span>
    </p>
   </div>
   <div class='ocr_carea' id='block_1_58' title="bbox 2272 3061 3894 3140">
    <p class='ocr_par' dir='ltr' id='par_1_58' title="bbox 2296 3061 3894 3138">
     <span class='ocr_line' id='line_1_58' title="bbox 2296 3061 3894 3138; baseline 0.001 -21"><span class='ocrx_word' id='word_1_435' title='bbox 2296 3063 2566 3135; x_wconf 81' lang='grc' dir='ltr'><strong>πτώματα</strong></span> <span class='ocrx_word' id='word_1_436' title='bbox 2596 3065 2776 3135; x_wconf 72' lang='grc' dir='ltr'><strong>ἡμῶν.</strong></span> <span class='ocrx_word' id='word_1_437' title='bbox 2809 3063 2942 3125; x_wconf 79' lang='grc' dir='ltr'><strong>Δοὺς</strong></span> <span class='ocrx_word' id='word_1_438' title='bbox 2974 3061 3033 3119; x_wconf 79' lang='grc' dir='ltr'><strong>δὶ</strong></span> <span class='ocrx_word' id='word_1_439' title='bbox 3082 3065 3145 3119; x_wconf 88' lang='grc' dir='ltr'><strong>τὸ</strong></span> <span class='ocrx_word' id='word_1_440' title='bbox 3193 3066 3334 3138; x_wconf 77' lang='grc' dir='ltr'><strong>αἷμα</strong></span> <span class='ocrx_word' id='word_1_441' title='bbox 3381 3065 3554 3122; x_wconf 77' lang='grc' dir='ltr'><strong>αὑτοῦ</strong></span> <span class='ocrx_word' id='word_1_442' title='bbox 3586 3063 3772 3136; x_wconf 78' lang='grc' dir='ltr'><strong>λύτρον</strong></span> <span class='ocrx_word' id='word_1_443' title='bbox 3799 3062 3894 3136; x_wconf 55' lang='lat' dir='ltr'><strong>te;</strong></span> 
     </span>
    </p>
   </div>
   <div class='ocr_carea' id='block_1_59' title="bbox 534 3147 2156 3232">
    <p class='ocr_par' dir='ltr' id='par_1_59' title="bbox 534 3156 2156 3228">
     <span class='ocr_line' id='line_1_59' title="bbox 534 3156 2156 3228; baseline -0.006 -11"><span class='ocrx_word' id='word_1_444' title='bbox 534 3168 731 3217; x_wconf 90' lang='lat' dir='ltr'><strong>autem</strong></span> <span class='ocrx_word' id='word_1_445' title='bbox 765 3157 1051 3227; x_wconf 73' lang='lat' dir='ltr'><strong>sanguine</strong></span> <span class='ocrx_word' id='word_1_446' title='bbox 1077 3173 1182 3212; x_wconf 91' lang='lat' dir='ltr'><strong>suo</strong></span> <span class='ocrx_word' id='word_1_447' title='bbox 1204 3157 1265 3210; x_wconf 90' lang='lat' dir='ltr'><strong>in</strong></span> <span class='ocrx_word' id='word_1_448' title='bbox 1295 3156 1766 3228; x_wconf 87' lang='lat' dir='ltr'><strong>redemptionem</strong></span> <span class='ocrx_word' id='word_1_449' title='bbox 1798 3173 1902 3228; x_wconf 87' lang='lat' dir='ltr'><strong>pro</strong></span> <span class='ocrx_word' id='word_1_450' title='bbox 1935 3156 2156 3221; x_wconf 65' lang='lat' dir='ltr'><strong>nobis,;</strong></span> 
     </span>
    </p>
   </div>
   <div class='ocr_carea' id='block_1_60' title="bbox 2273 3147 3895 3232">
    <p class='ocr_par' dir='ltr' id='par_1_60' title="bbox 2297 3147 3895 3232">
     <span class='ocr_line' id='line_1_60' title="bbox 2297 3147 3895 3232; baseline 0 -26"><span class='ocrx_word' id='word_1_451' title='bbox 2297 3155 2480 3226; x_wconf 79' lang='grc' dir='ltr'><strong>ἡμῶν,</strong></span> <span class='ocrx_word' id='word_1_452' title='bbox 2511 3149 2857 3226; x_wconf 74' lang='grc' dir='ltr'><strong>ἐλυτρώσατο</strong></span> <span class='ocrx_word' id='word_1_453' title='bbox 2887 3159 2987 3222; x_wconf 78' lang='grc' dir='ltr'><strong>τῆς</strong></span> <span class='ocrx_word' id='word_1_454' title='bbox 3026 3151 3080 3208; x_wconf 83' lang='grc' dir='ltr'><strong>ἐν</strong></span> <span class='ocrx_word' id='word_1_455' title='bbox 3211 3153 3588 3232; x_wconf 78' lang='grc' dir='ltr'><strong>κατειχόμεθα</strong></span> <span class='ocrx_word' id='word_1_456' title='bbox 3617 3147 3895 3226; x_wconf 74' lang='grc' dir='ltr'><strong>τυραννίδος.</strong></span> 
     </span>
    </p>
   </div>
   <div class='ocr_carea' id='block_1_61' title="bbox 535 3238 2157 3324">
    <p class='ocr_par' dir='ltr' id='par_1_61' title="bbox 535 3245 2156 3324">
     <span class='ocr_line' id='line_1_61' title="bbox 535 3245 2156 3324; baseline -0.003 -17"><span class='ocrx_word' id='word_1_457' title='bbox 535 3248 850 3324; x_wconf 82' lang='lat' dir='ltr'><strong>tyrannide</strong></span> <span class='ocrx_word' id='word_1_458' title='bbox 875 3264 984 3302; x_wconf 88' lang='lat' dir='ltr'><strong>nos</strong></span> <span class='ocrx_word' id='word_1_459' title='bbox 1009 3246 1259 3302; x_wconf 89' lang='lat' dir='ltr'><strong>redemit</strong></span> <span class='ocrx_word' id='word_1_460' title='bbox 1280 3247 1339 3301; x_wconf 93' lang='lat' dir='ltr'><strong>in</strong></span> <span class='ocrx_word' id='word_1_461' title='bbox 1365 3262 1480 3317; x_wconf 86' lang='lat' dir='ltr'><strong>qua</strong></span> <span class='ocrx_word' id='word_1_462' title='bbox 1504 3245 1935 3304; x_wconf 86' lang='lat' dir='ltr'><strong>detinebamur.</strong></span> <span class='ocrx_word' id='word_1_463' title='bbox 1955 3247 2024 3303; x_wconf 91' lang='lat' dir='ltr'><strong>Et</strong></span> <span class='ocrx_word' id='word_1_464' title='bbox 2041 3263 2156 3318; x_wconf 89' lang='lat' dir='ltr'><strong>quo</strong></span> 
     </span>
    </p>
   </div>
   <div class='ocr_carea' id='block_1_62' title="bbox 2275 3238 3897 3324">
    <p class='ocr_par' dir='ltr' id='par_1_62' title="bbox 2303 3238 3897 3322">
     <span class='ocr_line' id='line_1_62' title="bbox 2303 3238 3897 3322; baseline -0.003 -22"><span class='ocrx_word' id='word_1_465' title='bbox 2303 3243 2407 3300; x_wconf 83' lang='grc' dir='ltr'><strong>Καὶ</strong></span> <span class='ocrx_word' id='word_1_466' title='bbox 2437 3247 2554 3305; x_wconf 77' lang='grc' dir='ltr'><strong>πῶς</strong></span> <span class='ocrx_word' id='word_1_467' title='bbox 2582 3247 2743 3298; x_wconf 72' lang='grc' dir='ltr'><strong>τοῦτο</strong></span> <span class='ocrx_word' id='word_1_468' title='bbox 2791 3244 2854 3300; x_wconf 82' lang='grc' dir='ltr'><strong>τὸ</strong></span> <span class='ocrx_word' id='word_1_469' title='bbox 2911 3243 3132 3322; x_wconf 71' lang='grc' dir='ltr'><strong>φρτκτὸν</strong></span> <span class='ocrx_word' id='word_1_470' title='bbox 3191 3243 3425 3319; x_wconf 76' lang='grc' dir='ltr'><strong>γέγονεν,</strong></span> <span class='ocrx_word' id='word_1_471' title='bbox 3480 3242 3582 3299; x_wconf 74' lang='grc' dir='ltr'><strong>οὐκ</strong></span> <span class='ocrx_word' id='word_1_472' title='bbox 3611 3238 3743 3298; x_wconf 81' lang='grc' dir='ltr'><strong>ἔστιν</strong></span> <span class='ocrx_word' id='word_1_473' title='bbox 3769 3240 3897 3296; x_wconf 54' lang='lat' dir='ltr'><strong>simi!</strong></span> 
     </span>
    </p>
   </div>
   <div class='ocr_carea' id='block_1_63' title="bbox 536 3327 2158 3408">
    <p class='ocr_par' dir='ltr' id='par_1_63' title="bbox 536 3334 2158 3406">
     <span class='ocr_line' id='line_1_63' title="bbox 536 3334 2158 3406; baseline -0.002 -11"><span class='ocrx_word' id='word_1_474' title='bbox 536 3339 713 3395; x_wconf 90' lang='lat' dir='ltr'><strong>modo</strong></span> <span class='ocrx_word' id='word_1_475' title='bbox 745 3334 1122 3392; x_wconf 88' lang='lat' dir='ltr'><strong>tremendum</strong></span> <span class='ocrx_word' id='word_1_476' title='bbox 1173 3335 1285 3388; x_wconf 92' lang='lat' dir='ltr'><strong>hoc</strong></span> <span class='ocrx_word' id='word_1_477' title='bbox 1336 3337 1684 3406; x_wconf 87' lang='lat' dir='ltr'><strong>mysterium</strong></span> <span class='ocrx_word' id='word_1_478' title='bbox 1717 3335 1938 3392; x_wconf 87' lang='lat' dir='ltr'><strong>factum</strong></span> <span class='ocrx_word' id='word_1_479' title='bbox 1970 3336 2048 3390; x_wconf 92' lang='lat' dir='ltr'><strong>sit</strong></span> <span class='ocrx_word' id='word_1_480' title='bbox 2073 3336 2158 3392; x_wconf 88' lang='lat' dir='ltr'><strong>dic</strong></span> 
     </span>
    </p>
   </div>
   <div class='ocr_carea' id='block_1_64' title="bbox 2278 3327 3900 3408">
    <p class='ocr_par' dir='ltr' id='par_1_64' title="bbox 2296 3327 3900 3408">
     <span class='ocr_line' id='line_1_64' title="bbox 2296 3327 3900 3408; baseline 0.001 -19"><span class='ocrx_word' id='word_1_481' title='bbox 2296 3331 2446 3402; x_wconf 75' lang='grc' dir='ltr'><strong>πλὴν</strong></span> <span class='ocrx_word' id='word_1_482' title='bbox 2499 3330 2581 3387; x_wconf 81' lang='grc' dir='ltr'><strong>ὅτι</strong></span> <span class='ocrx_word' id='word_1_483' title='bbox 2629 3327 2872 3394; x_wconf 83' lang='grc' dir='ltr'><strong>πλοῦτός</strong></span> <span class='ocrx_word' id='word_1_484' title='bbox 2924 3332 3033 3388; x_wconf 67' lang='grc' dir='ltr'><strong>ἐστι</strong></span> <span class='ocrx_word' id='word_1_485' title='bbox 3085 3333 3336 3408; x_wconf 84' lang='grc' dir='ltr'><strong>χάριτος,</strong></span> <span class='ocrx_word' id='word_1_486' title='bbox 3380 3335 3662 3408; x_wconf 77' lang='grc' dir='ltr'><strong>περισσεία</strong></span> <span class='ocrx_word' id='word_1_487' title='bbox 3697 3334 3900 3406; x_wconf 66' lang='grc' dir='ltr'><strong>χάριτος,</strong></span> 
     </span>
    </p>
   </div>
   <div class='ocr_carea' id='block_1_65' title="bbox 537 3416 2159 3497">
    <p class='ocr_par' dir='ltr' id='par_1_65' title="bbox 537 3421 2159 3497">
     <span class='ocr_line' id='line_1_65' title="bbox 537 3421 2159 3497; baseline 0 -19"><span class='ocrx_word' id='word_1_488' title='bbox 537 3441 657 3483; x_wconf 85' lang='lat' dir='ltr'><strong>non</strong></span> <span class='ocrx_word' id='word_1_489' title='bbox 688 3429 904 3495; x_wconf 86' lang='lat' dir='ltr'><strong>potest,</strong></span> <span class='ocrx_word' id='word_1_490' title='bbox 937 3423 1050 3476; x_wconf 89' lang='lat' dir='ltr'><strong>nisi</strong></span> <span class='ocrx_word' id='word_1_491' title='bbox 1083 3421 1241 3492; x_wconf 90' lang='lat' dir='ltr'><strong>quod</strong></span> <span class='ocrx_word' id='word_1_492' title='bbox 1271 3423 1488 3477; x_wconf 66' lang='lat' dir='ltr'><strong>divitias</strong></span> <span class='ocrx_word' id='word_1_493' title='bbox 1538 3431 1676 3479; x_wconf 89' lang='lat' dir='ltr'><strong>sunt</strong></span> <span class='ocrx_word' id='word_1_494' title='bbox 1717 3426 1940 3497; x_wconf 74' lang='lat' dir='ltr'><strong>gratiae,</strong></span> <span class='ocrx_word' id='word_1_495' title='bbox 1974 3425 2159 3480; x_wconf 84' lang='lat' dir='ltr'><strong>exube</strong></span> 
     </span>
    </p>
   </div>
   <div class='ocr_carea' id='block_1_66' title="bbox 2278 3416 3900 3497">
    <p class='ocr_par' dir='ltr' id='par_1_66' title="bbox 2301 3416 3900 3496">
     <span class='ocr_line' id='line_1_66' title="bbox 2301 3416 3900 3496; baseline -0.004 -19"><span class='ocrx_word' id='word_1_496' title='bbox 2301 3416 2604 3496; x_wconf 77' lang='grc' dir='ltr'><strong>ὑπερϐολή.</strong></span> <span class='ocrx_word' id='word_1_497' title='bbox 2663 3423 2779 3480; x_wconf 83' lang='grc' dir='ltr'><strong>Οὐκ</strong></span> <span class='ocrx_word' id='word_1_498' title='bbox 2831 3417 2976 3480; x_wconf 71' lang='grc' dir='ltr'><strong>ἔστιν</strong></span> <span class='ocrx_word' id='word_1_499' title='bbox 3029 3420 3171 3479; x_wconf 75' lang='grc' dir='ltr'><strong>ἄλλο</strong></span> <span class='ocrx_word' id='word_1_500' title='bbox 3202 3423 3395 3480; x_wconf 79' lang='grc' dir='ltr'><strong>εἰπεῖν.</strong></span> <span class='ocrx_word' id='word_1_501' title='bbox 3427 3427 3603 3481; x_wconf 78' lang='grc' dir='ltr'><strong>Τοῦτο</strong></span> <span class='ocrx_word' id='word_1_502' title='bbox 3635 3422 3698 3491; x_wconf 76' lang='grc' dir='ltr'><strong>δή</strong></span> <span class='ocrx_word' id='word_1_503' title='bbox 3727 3423 3782 3477; x_wconf 80' lang='grc' dir='ltr'><strong>τὸ</strong></span> <span class='ocrx_word' id='word_1_504' title='bbox 3807 3419 3900 3473; x_wconf 73' lang='grc' dir='ltr'><strong>περὶ</strong></span> 
     </span>
    </p>
   </div>
   <div class='ocr_carea' id='block_1_67' title="bbox 539 3505 2161 3590">
    <p class='ocr_par' dir='ltr' id='par_1_67' title="bbox 539 3510 2161 3586">
     <span class='ocr_line' id='line_1_67' title="bbox 539 3510 2161 3586; baseline -0.001 -17"><span class='ocrx_word' id='word_1_505' title='bbox 539 3513 735 3569; x_wconf 85' lang='lat' dir='ltr'><strong>rantia</strong></span> <span class='ocrx_word' id='word_1_506' title='bbox 784 3517 842 3565; x_wconf 91' lang='lat' dir='ltr'><strong>et</strong></span> <span class='ocrx_word' id='word_1_507' title='bbox 889 3510 1244 3568; x_wconf 81' lang='lat' dir='ltr'><strong>excellentia</strong></span> <span class='ocrx_word' id='word_1_508' title='bbox 1299 3512 1545 3583; x_wconf 73' lang='lat' dir='ltr'><strong>gratim:</strong></span> <span class='ocrx_word' id='word_1_509' title='bbox 1605 3513 1767 3568; x_wconf 85' lang='lat' dir='ltr'><strong>aliud</strong></span> <span class='ocrx_word' id='word_1_510' title='bbox 1817 3514 1932 3568; x_wconf 91' lang='lat' dir='ltr'><strong>dici</strong></span> <span class='ocrx_word' id='word_1_511' title='bbox 1964 3514 2161 3586; x_wconf 82' lang='lat' dir='ltr'><strong>nequit</strong></span> 
     </span>
    </p>
   </div>
   <div class='ocr_carea' id='block_1_68' title="bbox 2279 3505 3901 3590">
    <p class='ocr_par' dir='ltr' id='par_1_68' title="bbox 2297 3505 3901 3590">
     <span class='ocr_line' id='line_1_68' title="bbox 2297 3505 3901 3590; baseline -0.003 -24"><span class='ocrx_word' id='word_1_512' title='bbox 2297 3512 2445 3582; x_wconf 73' lang='grc' dir='ltr'><strong>ἡμᾶς</strong></span> <span class='ocrx_word' id='word_1_513' title='bbox 2477 3509 2678 3588; x_wconf 63' lang='grc' dir='ltr'><strong>ἄφατον</strong></span> <span class='ocrx_word' id='word_1_514' title='bbox 2729 3514 3028 3586; x_wconf 78' lang='grc' dir='ltr'><strong>μυστήριον</strong></span> <span class='ocrx_word' id='word_1_515' title='bbox 3091 3513 3154 3568; x_wconf 81' lang='grc' dir='ltr'><strong>οὐ</strong></span> <span class='ocrx_word' id='word_1_516' title='bbox 3212 3512 3377 3586; x_wconf 86' lang='grc' dir='ltr'><strong>μόνον</strong></span> <span class='ocrx_word' id='word_1_517' title='bbox 3439 3511 3750 3590; x_wconf 69' lang='grc' dir='ltr'><strong>ἰνήργησεν,</strong></span> <span class='ocrx_word' id='word_1_518' title='bbox 3788 3505 3901 3565; x_wconf 65' lang='grc' dir='ltr'><strong>ἀλλὰ</strong></span> 
     </span>
    </p>
   </div>
   <div class='ocr_carea' id='block_1_69' title="bbox 539 3599 2161 3681">
    <p class='ocr_par' dir='ltr' id='par_1_69' title="bbox 539 3599 2161 3671">
     <span class='ocr_line' id='line_1_69' title="bbox 539 3599 2161 3671; baseline -0.001 -13"><span class='ocrx_word' id='word_1_519' title='bbox 539 3601 659 3659; x_wconf 82' lang='lat' dir='ltr'><strong>Hoc</strong></span> <span class='ocrx_word' id='word_1_520' title='bbox 680 3605 879 3656; x_wconf 88' lang='lat' dir='ltr'><strong>autem</strong></span> <span class='ocrx_word' id='word_1_521' title='bbox 899 3599 1197 3655; x_wconf 67' lang='lat' dir='ltr'><strong>ineffabile</strong></span> <span class='ocrx_word' id='word_1_522' title='bbox 1219 3615 1355 3670; x_wconf 88' lang='lat' dir='ltr'><strong>erga</strong></span> <span class='ocrx_word' id='word_1_523' title='bbox 1368 3615 1475 3654; x_wconf 90' lang='lat' dir='ltr'><strong>nos</strong></span> <span class='ocrx_word' id='word_1_524' title='bbox 1488 3603 1836 3671; x_wconf 89' lang='lat' dir='ltr'><strong>mysterium</strong></span> <span class='ocrx_word' id='word_1_525' title='bbox 1859 3618 1979 3656; x_wconf 91' lang='lat' dir='ltr'><strong>non</strong></span> <span class='ocrx_word' id='word_1_526' title='bbox 2004 3604 2161 3658; x_wconf 81' lang='lat' dir='ltr'><strong>SOllll&#39;.</strong></span> 
     </span>
    </p>
   </div>
   <div class='ocr_carea' id='block_1_70' title="bbox 2278 3599 3900 3681">
    <p class='ocr_par' dir='ltr' id='par_1_70' title="bbox 2297 3599 3900 3681">
     <span class='ocr_line' id='line_1_70' title="bbox 2297 3599 3900 3681; baseline -0.002 -26"><span class='ocrx_word' id='word_1_527' title='bbox 2297 3601 2389 3656; x_wconf 84' lang='grc' dir='ltr'><strong>καὶ</strong></span> <span class='ocrx_word' id='word_1_528' title='bbox 2419 3599 2749 3679; x_wconf 60' lang='grc' dir='ltr'><strong>ἐφανέρωσεν</strong></span> <span class='ocrx_word' id='word_1_529' title='bbox 2809 3604 2946 3675; x_wconf 76' lang='grc' dir='ltr'><strong>ἡμῖν</strong></span> <span class='ocrx_word' id='word_1_530' title='bbox 2998 3601 3147 3660; x_wconf 79' lang='grc' dir='ltr'><strong>αὐτό.</strong></span> <span class='ocrx_word' id='word_1_531' title='bbox 3210 3607 3368 3665; x_wconf 65' lang='lat' dir='ltr'><strong>Hdie;</strong></span> <span class='ocrx_word' id='word_1_532' title='bbox 3425 3603 3699 3681; x_wconf 65' lang='grc' dir='ltr'><strong>φρενώσις</strong></span> <span class='ocrx_word' id='word_1_533' title='bbox 3729 3600 3900 3656; x_wconf 69' lang='grc' dir='ltr'><strong>καίεο·</strong></span> 
     </span>
    </p>
   </div>
   <div class='ocr_carea' id='block_1_71' title="bbox 542 3687 2164 3767">
    <p class='ocr_par' dir='ltr' id='par_1_71' title="bbox 542 3691 2164 3766">
     <span class='ocr_line' id='line_1_71' title="bbox 542 3691 2164 3766; baseline -0.002 -16"><span class='ocrx_word' id='word_1_534' title='bbox 542 3699 821 3766; x_wconf 85' lang='lat' dir='ltr'><strong>operatus</strong></span> <span class='ocrx_word' id='word_1_535' title='bbox 840 3691 1341 3752; x_wconf 81' lang='lat' dir='ltr'><strong>est.verumetiam</strong></span> <span class='ocrx_word' id='word_1_536' title='bbox 1361 3691 1555 3762; x_wconf 90' lang='lat' dir='ltr'><strong>ipsum</strong></span> <span class='ocrx_word' id='word_1_537' title='bbox 1579 3692 1750 3746; x_wconf 90' lang='lat' dir='ltr'><strong>nobis</strong></span> <span class='ocrx_word' id='word_1_538' title='bbox 1775 3691 2164 3748; x_wconf 85' lang='lat' dir='ltr'><strong>manifestavit</strong></span> 
     </span>
    </p>
   </div>
   <div class='ocr_carea' id='block_1_72' title="bbox 2283 3687 3905 3767">
    <p class='ocr_par' dir='ltr' id='par_1_72' title="bbox 2300 3687 3905 3767">
     <span class='ocr_line' id='line_1_72' title="bbox 2300 3687 3905 3767; baseline -0.001 -22"><span class='ocrx_word' id='word_1_539' title='bbox 2300 3690 2457 3767; x_wconf 83' lang='grc' dir='ltr'><strong>φίσας</strong></span> <span class='ocrx_word' id='word_1_540' title='bbox 2516 3691 2591 3752; x_wconf 77' lang='grc' dir='ltr'><strong>εἰς</strong></span> <span class='ocrx_word' id='word_1_541' title='bbox 2641 3690 2950 3767; x_wconf 78' lang='grc' dir='ltr'><strong>κατάληψιν</strong></span> <span class='ocrx_word' id='word_1_542' title='bbox 3009 3692 3194 3748; x_wconf 75' lang='grc' dir='ltr'><strong>αὐτοῦ.</strong></span> <span class='ocrx_word' id='word_1_543' title='bbox 3246 3691 3426 3750; x_wconf 69' lang='grc' dir='ltr'><strong>Πάντα</strong></span> <span class='ocrx_word' id='word_1_544' title='bbox 3482 3701 3585 3763; x_wconf 78' lang='grc' dir='ltr'><strong>τῆς</strong></span> <span class='ocrx_word' id='word_1_545' title='bbox 3626 3691 3811 3748; x_wconf 69' lang='grc' dir='ltr'><strong>ἱκείνου</strong></span> <span class='ocrx_word' id='word_1_546' title='bbox 3835 3687 3905 3744; x_wconf 79' lang='grc' dir='ltr'><strong>εὖ·</strong></span> 
     </span>
    </p>
   </div>
   <div class='ocr_carea' id='block_1_73' title="bbox 543 3777 2165 3860">
    <p class='ocr_par' dir='ltr' id='par_1_73' title="bbox 543 3780 2165 3851">
     <span class='ocr_line' id='line_1_73' title="bbox 543 3780 2165 3851; baseline -0.001 -12"><span class='ocrx_word' id='word_1_547' title='bbox 543 3781 889 3851; x_wconf 84' lang='lat' dir='ltr'><strong>Quomodo?</strong></span> <span class='ocrx_word' id='word_1_548' title='bbox 919 3780 994 3836; x_wconf 88' lang='lat' dir='ltr'><strong>ad</strong></span> <span class='ocrx_word' id='word_1_549' title='bbox 1049 3786 1312 3836; x_wconf 89' lang='lat' dir='ltr'><strong>mentem</strong></span> <span class='ocrx_word' id='word_1_550' title='bbox 1367 3780 1717 3843; x_wconf 85' lang='lat' dir='ltr'><strong>revocando,</strong></span> <span class='ocrx_word' id='word_1_551' title='bbox 1750 3787 1808 3835; x_wconf 92' lang='lat' dir='ltr'><strong>et</strong></span> <span class='ocrx_word' id='word_1_552' title='bbox 1846 3781 2165 3838; x_wconf 69' lang='lat' dir='ltr'><strong>instruend&lt;</strong></span> 
     </span>
    </p>
   </div>
   <div class='ocr_carea' id='block_1_74' title="bbox 2278 3777 3900 3860">
    <p class='ocr_par' dir='ltr' id='par_1_74' title="bbox 2301 3777 3900 3860">
     <span class='ocr_line' id='line_1_74' title="bbox 2301 3777 3900 3860; baseline -0.003 -25"><span class='ocrx_word' id='word_1_553' title='bbox 2301 3779 2568 3856; x_wconf 85' lang='grc' dir='ltr'><strong>εργεσίας,</strong></span> <span class='ocrx_word' id='word_1_554' title='bbox 2601 3781 2662 3836; x_wconf 86' lang='grc' dir='ltr'><strong>τὸ</strong></span> <span class='ocrx_word' id='word_1_555' title='bbox 2721 3779 3007 3856; x_wconf 71' lang='grc' dir='ltr'><strong>ἐνεργῆσαι</strong></span> <span class='ocrx_word' id='word_1_556' title='bbox 3066 3781 3189 3856; x_wconf 83' lang='grc' dir='ltr'><strong>περὶ</strong></span> <span class='ocrx_word' id='word_1_557' title='bbox 3247 3783 3394 3855; x_wconf 76' lang='grc' dir='ltr'><strong>ἡμᾶς</strong></span> <span class='ocrx_word' id='word_1_558' title='bbox 3450 3782 3515 3837; x_wconf 88' lang='grc' dir='ltr'><strong>τὸ</strong></span> <span class='ocrx_word' id='word_1_559' title='bbox 3572 3781 3761 3860; x_wconf 73' lang='grc' dir='ltr'><strong>ἄφατον</strong></span> <span class='ocrx_word' id='word_1_560' title='bbox 3797 3777 3900 3833; x_wconf 67' lang='grc' dir='ltr'><strong>ἐκεῖ·</strong></span> 
     </span>
    </p>
   </div>
   <div class='ocr_carea' id='block_1_75' title="bbox 543 3862 2165 3946">
    <p class='ocr_par' dir='ltr' id='par_1_75' title="bbox 543 3869 2165 3942">
     <span class='ocr_line' id='line_1_75' title="bbox 543 3869 2165 3942; baseline -0.002 -11"><span class='ocrx_word' id='word_1_561' title='bbox 543 3873 617 3931; x_wconf 76' lang='lat' dir='ltr'><strong>ad</strong></span> <span class='ocrx_word' id='word_1_562' title='bbox 633 3874 721 3929; x_wconf 88' lang='lat' dir='ltr'><strong>sui</strong></span> <span class='ocrx_word' id='word_1_563' title='bbox 738 3870 1415 3942; x_wconf 88' lang='lat' dir='ltr'><strong>susceptionem.0mnia</strong></span> <span class='ocrx_word' id='word_1_564' title='bbox 1428 3869 1700 3926; x_wconf 82' lang='lat' dir='ltr'><strong>beneﬁcii</strong></span> <span class='ocrx_word' id='word_1_565' title='bbox 1723 3871 1909 3942; x_wconf 58' lang='lat' dir='ltr'><strong>ipsius</strong></span> <span class='ocrx_word' id='word_1_566' title='bbox 1932 3871 2165 3927; x_wconf 86' lang='lat' dir='ltr'><strong>fuerunt</strong></span> 
     </span>
    </p>
   </div>
   <div class='ocr_carea' id='block_1_76' title="bbox 2279 3862 3901 3946">
    <p class='ocr_par' dir='ltr' id='par_1_76' title="bbox 2300 3862 3901 3946">
     <span class='ocr_line' id='line_1_76' title="bbox 2300 3862 3901 3946; baseline -0.007 -16"><span class='ocrx_word' id='word_1_567' title='bbox 2300 3889 2360 3924; x_wconf 85' lang='grc' dir='ltr'><strong>νο</strong></span> <span class='ocrx_word' id='word_1_568' title='bbox 2417 3870 2741 3943; x_wconf 65' lang='grc' dir='ltr'><strong>μυστήριον,</strong></span> <span class='ocrx_word' id='word_1_569' title='bbox 2799 3869 2862 3927; x_wconf 88' lang='grc' dir='ltr'><strong>τὸ</strong></span> <span class='ocrx_word' id='word_1_570' title='bbox 2915 3869 3178 3946; x_wconf 84' lang='grc' dir='ltr'><strong>γνωρίσαι</strong></span> <span class='ocrx_word' id='word_1_571' title='bbox 3237 3870 3366 3926; x_wconf 80' lang='grc' dir='ltr'><strong>αὐτὸ</strong></span> <span class='ocrx_word' id='word_1_572' title='bbox 3424 3869 3596 3929; x_wconf 74' lang='grc' dir='ltr'><strong>πάλιν</strong></span> <span class='ocrx_word' id='word_1_573' title='bbox 3654 3862 3901 3942; x_wconf 76' lang='grc' dir='ltr'><strong>ἡμῖν.Καὶ</strong></span> 
     </span>
    </p>
   </div>
   <div class='ocr_carea' id='block_1_77' title="bbox 546 3951 2168 4037">
    <p class='ocr_par' dir='ltr' id='par_1_77' title="bbox 546 3959 2168 4035">
     <span class='ocr_line' id='line_1_77' title="bbox 546 3959 2168 4035; baseline -0.001 -18"><span class='ocrx_word' id='word_1_574' title='bbox 546 3961 704 4035; x_wconf 89' lang='lat' dir='ltr'><strong>quod</strong></span> <span class='ocrx_word' id='word_1_575' title='bbox 736 3962 892 4016; x_wconf 88' lang='lat' dir='ltr'><strong>circa</strong></span> <span class='ocrx_word' id='word_1_576' title='bbox 915 3977 1022 4015; x_wconf 92' lang='lat' dir='ltr'><strong>nos</strong></span> <span class='ocrx_word' id='word_1_577' title='bbox 1045 3959 1342 4014; x_wconf 79' lang='lat' dir='ltr'><strong>ineffabile</strong></span> <span class='ocrx_word' id='word_1_578' title='bbox 1369 3959 1517 4015; x_wconf 91' lang='lat' dir='ltr'><strong>illud</strong></span> <span class='ocrx_word' id='word_1_579' title='bbox 1546 3961 1892 4032; x_wconf 82' lang='lat' dir='ltr'><strong>mysterium</strong></span> <span class='ocrx_word' id='word_1_580' title='bbox 1917 3967 2168 4033; x_wconf 86' lang='lat' dir='ltr'><strong>operatu</strong></span> 
     </span>
    </p>
   </div>
   <div class='ocr_carea' id='block_1_78' title="bbox 2279 3951 3901 4037">
    <p class='ocr_par' dir='ltr' id='par_1_78' title="bbox 2301 3951 3901 4037">
     <span class='ocr_line' id='line_1_78' title="bbox 2301 3951 3901 4037; baseline 0 -25"><span class='ocrx_word' id='word_1_581' title='bbox 2301 3957 2404 4035; x_wconf 73' lang='grc' dir='ltr'><strong>γαρ</strong></span> <span class='ocrx_word' id='word_1_582' title='bbox 2433 3962 2617 4023; x_wconf 75' lang='grc' dir='ltr'><strong>τοῦτο,</strong></span> <span class='ocrx_word' id='word_1_583' title='bbox 2653 3956 2902 4034; x_wconf 75' lang='grc' dir='ltr'><strong>μεγάλης</strong></span> <span class='ocrx_word' id='word_1_584' title='bbox 2957 3959 3047 4014; x_wconf 85' lang='grc' dir='ltr'><strong>καὶ</strong></span> <span class='ocrx_word' id='word_1_585' title='bbox 3104 3959 3311 4035; x_wconf 79' lang='grc' dir='ltr'><strong>ἀφάτου</strong></span> <span class='ocrx_word' id='word_1_586' title='bbox 3369 3968 3626 4037; x_wconf 54' lang='grc' dir='ltr'><strong>πορῇς,</strong></span> <span class='ocrx_word' id='word_1_587' title='bbox 3667 3959 3748 4014; x_wconf 79' lang='grc' dir='ltr'><strong>καί</strong></span> <span class='ocrx_word' id='word_1_588' title='bbox 3775 3951 3901 4025; x_wconf 69' lang='grc' dir='ltr'><strong>κηδε-</strong></span> 
     </span>
    </p>
   </div>
   <div class='ocr_carea' id='block_1_79' title="bbox 547 4040 2169 4126">
    <p class='ocr_par' dir='ltr' id='par_1_79' title="bbox 547 4049 2169 4121">
     <span class='ocr_line' id='line_1_79' title="bbox 547 4049 2169 4121; baseline 0.001 -17"><span class='ocrx_word' id='word_1_589' title='bbox 547 4052 641 4110; x_wconf 87' lang='lat' dir='ltr'><strong>sit.</strong></span> <span class='ocrx_word' id='word_1_590' title='bbox 679 4051 955 4121; x_wconf 89' lang='lat' dir='ltr'><strong>quodque</strong></span> <span class='ocrx_word' id='word_1_591' title='bbox 1004 4067 1241 4105; x_wconf 88' lang='lat' dir='ltr'><strong>rursum</strong></span> <span class='ocrx_word' id='word_1_592' title='bbox 1294 4049 1440 4104; x_wconf 89' lang='lat' dir='ltr'><strong>illud</strong></span> <span class='ocrx_word' id='word_1_593' title='bbox 1489 4051 1658 4106; x_wconf 90' lang='lat' dir='ltr'><strong>nobis</strong></span> <span class='ocrx_word' id='word_1_594' title='bbox 1707 4051 2169 4107; x_wconf 77' lang='lat' dir='ltr'><strong>maniiestaverit</strong></span> 
     </span>
    </p>
   </div>
   <div class='ocr_carea' id='block_1_80' title="bbox 2279 4040 3901 4126">
    <p class='ocr_par' dir='ltr' id='par_1_80' title="bbox 2305 4040 3901 4126">
     <span class='ocr_line' id='line_1_80' title="bbox 2305 4040 3901 4126; baseline -0.001 -25"><span class='ocrx_word' id='word_1_595' title='bbox 2305 4047 2514 4121; x_wconf 82' lang='grc' dir='ltr'><strong>μονίας,</strong></span> <span class='ocrx_word' id='word_1_596' title='bbox 2564 4050 2625 4103; x_wconf 83' lang='grc' dir='ltr'><strong>τὸ</strong></span> <span class='ocrx_word' id='word_1_597' title='bbox 2683 4049 2942 4126; x_wconf 76' lang='grc' dir='ltr'><strong>γνωρίσαι</strong></span> <span class='ocrx_word' id='word_1_598' title='bbox 3001 4050 3136 4121; x_wconf 76' lang='grc' dir='ltr'><strong>ἡμῖν</strong></span> <span class='ocrx_word' id='word_1_599' title='bbox 3191 4053 3288 4106; x_wconf 70' lang='grc' dir='ltr'><strong>τοῦ</strong></span> <span class='ocrx_word' id='word_1_600' title='bbox 3349 4047 3664 4126; x_wconf 74' lang='grc' dir='ltr'><strong>Θελῆματος</strong></span> <span class='ocrx_word' id='word_1_601' title='bbox 3695 4049 3838 4105; x_wconf 78' lang='grc' dir='ltr'><strong>αὖτοῦ</strong></span> <span class='ocrx_word' id='word_1_602' title='bbox 3859 4040 3901 4095; x_wconf 71' lang='grc' dir='ltr'><strong>τὸ</strong></span> 
     </span>
    </p>
   </div>
   <div class='ocr_carea' id='block_1_81' title="bbox 546 4135 2168 4216">
    <p class='ocr_par' dir='ltr' id='par_1_81' title="bbox 546 4139 2162 4212">
     <span class='ocr_line' id='line_1_81' title="bbox 546 4139 2162 4212; baseline 0.002 -20"><span class='ocrx_word' id='word_1_603' title='bbox 546 4142 691 4198; x_wconf 75' lang='lat' dir='ltr'><strong>Nam</strong></span> <span class='ocrx_word' id='word_1_604' title='bbox 725 4145 782 4194; x_wconf 92' lang='lat' dir='ltr'><strong>et</strong></span> <span class='ocrx_word' id='word_1_605' title='bbox 821 4141 929 4194; x_wconf 85' lang='lat' dir='ltr'><strong>hoc</strong></span> <span class='ocrx_word' id='word_1_606' title='bbox 961 4139 1157 4210; x_wconf 85' lang='lat' dir='ltr'><strong>magni</strong></span> <span class='ocrx_word' id='word_1_607' title='bbox 1191 4145 1249 4194; x_wconf 90' lang='lat' dir='ltr'><strong>et</strong></span> <span class='ocrx_word' id='word_1_608' title='bbox 1301 4140 1619 4194; x_wconf 66' lang='lat' dir='ltr'><strong>inetiabilis</strong></span> <span class='ocrx_word' id='word_1_609' title='bbox 1651 4141 1870 4196; x_wconf 88' lang='lat' dir='ltr'><strong>amoris</strong></span> <span class='ocrx_word' id='word_1_610' title='bbox 1903 4158 1970 4196; x_wconf 87' lang='lat' dir='ltr'><strong>ac</strong></span> <span class='ocrx_word' id='word_1_611' title='bbox 2003 4141 2162 4212; x_wconf 81' lang='lat' dir='ltr'><strong>provi</strong></span> 
     </span>
    </p>
   </div>
   <div class='ocr_carea' id='block_1_82' title="bbox 2279 4135 3901 4216">
    <p class='ocr_par' dir='ltr' id='par_1_82' title="bbox 2305 4135 3901 4216">
     <span class='ocr_line' id='line_1_82' title="bbox 2305 4135 3901 4216; baseline -0.001 -24"><span class='ocrx_word' id='word_1_612' title='bbox 2305 4140 2627 4212; x_wconf 70' lang='grc' dir='ltr'><strong>μυστήριον,</strong></span> <span class='ocrx_word' id='word_1_613' title='bbox 2678 4139 2798 4193; x_wconf 82' lang='grc' dir='ltr'><strong>οἷον</strong></span> <span class='ocrx_word' id='word_1_614' title='bbox 2851 4142 2914 4194; x_wconf 87' lang='grc' dir='ltr'><strong>τὸ</strong></span> <span class='ocrx_word' id='word_1_615' title='bbox 2974 4135 3259 4216; x_wconf 73' lang='grc' dir='ltr'><strong>ἐγκάρδιον</strong></span> <span class='ocrx_word' id='word_1_616' title='bbox 3318 4139 3486 4196; x_wconf 66' lang='grc' dir='ltr'><strong>αὐτοῦ</strong></span> <span class='ocrx_word' id='word_1_617' title='bbox 3515 4141 3608 4196; x_wconf 76' lang='grc' dir='ltr'><strong>καί</strong></span> <span class='ocrx_word' id='word_1_618' title='bbox 3640 4139 3901 4212; x_wconf 64' lang='grc' dir='ltr'><strong>ὰπόκρυῳον</strong></span> 
     </span>
    </p>
   </div>
   <div class='ocr_carea' id='block_1_83' title="bbox 547 4223 2169 4305">
    <p class='ocr_par' dir='ltr' id='par_1_83' title="bbox 547 4228 2169 4301">
     <span class='ocr_line' id='line_1_83' title="bbox 547 4228 2169 4301; baseline 0 -17"><span class='ocrx_word' id='word_1_619' title='bbox 547 4229 764 4285; x_wconf 77' lang='lat' dir='ltr'><strong>dentiw</strong></span> <span class='ocrx_word' id='word_1_620' title='bbox 795 4244 930 4301; x_wconf 79' lang='lat' dir='ltr'><strong>erga</strong></span> <span class='ocrx_word' id='word_1_621' title='bbox 959 4245 1069 4283; x_wconf 89' lang='lat' dir='ltr'><strong>nos</strong></span> <span class='ocrx_word' id='word_1_622' title='bbox 1102 4228 1230 4297; x_wconf 82' lang='lat' dir='ltr'><strong>fuit,</strong></span> <span class='ocrx_word' id='word_1_623' title='bbox 1268 4229 1679 4284; x_wconf 84' lang='lat' dir='ltr'><strong>manifestasse</strong></span> <span class='ocrx_word' id='word_1_624' title='bbox 1712 4229 1883 4285; x_wconf 92' lang='lat' dir='ltr'><strong>nobis</strong></span> <span class='ocrx_word' id='word_1_625' title='bbox 1913 4246 2169 4286; x_wconf 84' lang='lat' dir='ltr'><strong>arcanun</strong></span> 
     </span>
    </p>
   </div>
   <div class='ocr_carea' id='block_1_84' title="bbox 2279 4223 3901 4305">
    <p class='ocr_par' dir='ltr' id='par_1_84' title="bbox 2305 4223 3901 4305">
     <span class='ocr_line' id='line_1_84' title="bbox 2305 4223 3901 4305; baseline 0 -22"><span class='ocrx_word' id='word_1_626' title='bbox 2305 4228 2587 4305; x_wconf 67' lang='grc' dir='ltr'><strong>βούλημα.</strong></span> <span class='ocrx_word' id='word_1_627' title='bbox 2620 4229 2779 4304; x_wconf 76' lang='grc' dir='ltr'><strong>Ὁρᾷς</strong></span> <span class='ocrx_word' id='word_1_628' title='bbox 2811 4229 2968 4285; x_wconf 85' lang='grc' dir='ltr'><strong>τίνων</strong></span> <span class='ocrx_word' id='word_1_629' title='bbox 3000 4230 3150 4305; x_wconf 72' lang='grc' dir='ltr'><strong>ἡμᾶς</strong></span> <span class='ocrx_word' id='word_1_630' title='bbox 3199 4229 3381 4302; x_wconf 76' lang='grc' dir='ltr'><strong>ἀξιοῖς</strong></span> <span class='ocrx_word' id='word_1_631' title='bbox 3434 4231 3540 4289; x_wconf 79' lang='grc' dir='ltr'><strong>Καὶ</strong></span> <span class='ocrx_word' id='word_1_632' title='bbox 3592 4235 3743 4286; x_wconf 78' lang='grc' dir='ltr'><strong>τοῦτο</strong></span> <span class='ocrx_word' id='word_1_633' title='bbox 3777 4227 3830 4296; x_wconf 78' lang='grc' dir='ltr'><strong>ἦν</strong></span> <span class='ocrx_word' id='word_1_634' title='bbox 3858 4223 3901 4278; x_wconf 77' lang='grc' dir='ltr'><strong>τὸ</strong></span> 
     </span>
    </p>
   </div>
   <div class='ocr_carea' id='block_1_85' title="bbox 547 4316 2169 4394">
    <p class='ocr_par' dir='ltr' id='par_1_85' title="bbox 547 4319 2169 4388">
     <span class='ocr_line' id='line_1_85' title="bbox 547 4319 2169 4388; baseline 0.001 -14"><span class='ocrx_word' id='word_1_635' title='bbox 547 4319 868 4375; x_wconf 79' lang='lat' dir='ltr'><strong>voluntatis</strong></span> <span class='ocrx_word' id='word_1_636' title='bbox 919 4333 1059 4376; x_wconf 70' lang='lat' dir='ltr'><strong>sua).</strong></span> <span class='ocrx_word' id='word_1_637' title='bbox 1095 4323 1377 4388; x_wconf 88' lang='lat' dir='ltr'><strong>tanquam</strong></span> <span class='ocrx_word' id='word_1_638' title='bbox 1430 4320 1796 4374; x_wconf 85' lang='lat' dir='ltr'><strong>reconditam</strong></span> <span class='ocrx_word' id='word_1_639' title='bbox 1827 4336 1893 4374; x_wconf 89' lang='lat' dir='ltr'><strong>ac</strong></span> <span class='ocrx_word' id='word_1_640' title='bbox 1925 4321 2169 4376; x_wconf 88' lang='lat' dir='ltr'><strong>intiman</strong></span> 
     </span>
    </p>
   </div>
   <div class='ocr_carea' id='block_1_86' title="bbox 2276 4316 3898 4394">
    <p class='ocr_par' dir='ltr' id='par_1_86' title="bbox 2306 4316 3898 4394">
     <span class='ocr_line' id='line_1_86' title="bbox 2306 4316 3898 4394; baseline -0.003 -22"><span class='ocrx_word' id='word_1_641' title='bbox 2306 4320 2604 4392; x_wconf 70' lang='grc' dir='ltr'><strong>μυστήριον</strong></span> <span class='ocrx_word' id='word_1_642' title='bbox 2648 4322 2745 4372; x_wconf 80' lang='grc' dir='ltr'><strong>τοῦ</strong></span> <span class='ocrx_word' id='word_1_643' title='bbox 2796 4317 3106 4384; x_wconf 74' lang='grc' dir='ltr'><strong>θελήματος</strong></span> <span class='ocrx_word' id='word_1_644' title='bbox 3153 4318 3341 4383; x_wconf 73' lang='grc' dir='ltr'><strong>αὐτοῦ,</strong></span> <span class='ocrx_word' id='word_1_645' title='bbox 3384 4317 3438 4375; x_wconf 66' lang='grc' dir='ltr'><strong>ἂν</strong></span> <span class='ocrx_word' id='word_1_646' title='bbox 3487 4325 3569 4394; x_wconf 85' lang='grc' dir='ltr'><strong>τῷ</strong></span> <span class='ocrx_word' id='word_1_647' title='bbox 3617 4321 3725 4391; x_wconf 81' lang='grc' dir='ltr'><strong>Υἱῷ</strong></span> <span class='ocrx_word' id='word_1_648' title='bbox 3753 4316 3898 4382; x_wconf 69' lang='grc' dir='ltr'><strong>αὐτοῦ,</strong></span> 
     </span>
    </p>
   </div>
   <div class='ocr_carea' id='block_1_87' title="bbox 549 4405 2171 4485">
    <p class='ocr_par' dir='ltr' id='par_1_87' title="bbox 549 4408 2164 4483">
     <span class='ocr_line' id='line_1_87' title="bbox 549 4408 2164 4483; baseline -0.001 -15"><span class='ocrx_word' id='word_1_649' title='bbox 549 4411 747 4468; x_wconf 88' lang='lat' dir='ltr'><strong>cordis</strong></span> <span class='ocrx_word' id='word_1_650' title='bbox 779 4409 867 4463; x_wconf 78' lang='lat' dir='ltr'><strong>sui</strong></span> <span class='ocrx_word' id='word_1_651' title='bbox 900 4408 1263 4464; x_wconf 83' lang='lat' dir='ltr'><strong>voluntatem</strong></span> <span class='ocrx_word' id='word_1_652' title='bbox 1323 4409 1492 4463; x_wconf 79' lang='lat' dir='ltr'><strong>Vides</strong></span> <span class='ocrx_word' id='word_1_653' title='bbox 1535 4410 1753 4480; x_wconf 91' lang='lat' dir='ltr'><strong>quibus</strong></span> <span class='ocrx_word' id='word_1_654' title='bbox 1785 4427 1893 4465; x_wconf 87' lang='lat' dir='ltr'><strong>nos</strong></span> <span class='ocrx_word' id='word_1_655' title='bbox 1921 4411 2164 4483; x_wconf 81' lang='lat' dir='ltr'><strong>dignatu</strong></span> 
     </span>
    </p>
   </div>
   <div class='ocr_carea' id='block_1_88' title="bbox 2277 4405 3899 4485">
    <p class='ocr_par' dir='ltr' id='par_1_88' title="bbox 2301 4405 3899 4485">
     <span class='ocr_line' id='line_1_88' title="bbox 2301 4405 3899 4485; baseline -0.003 -22"><span class='ocrx_word' id='word_1_656' title='bbox 2301 4405 2547 4464; x_wconf 78' lang='grc' dir='ltr'><strong>τουτέστι</strong></span> <span class='ocrx_word' id='word_1_657' title='bbox 2605 4405 2696 4462; x_wconf 71' lang='grc' dir='ltr'><strong>διὰ</strong></span> <span class='ocrx_word' id='word_1_658' title='bbox 2751 4410 2847 4464; x_wconf 77' lang='grc' dir='ltr'><strong>τοῦ</strong></span> <span class='ocrx_word' id='word_1_659' title='bbox 2929 4405 3058 4464; x_wconf 73' lang='grc' dir='ltr'>Υίοῦ</span> <span class='ocrx_word' id='word_1_660' title='bbox 3132 4409 3298 4464; x_wconf 82' lang='grc' dir='ltr'><strong>αὑτοῦ</strong></span> <span class='ocrx_word' id='word_1_661' title='bbox 3356 4407 3760 4485; x_wconf 76' lang='grc' dir='ltr'><strong>προωρισμίνον</strong></span> <span class='ocrx_word' id='word_1_662' title='bbox 3809 4405 3899 4460; x_wconf 85' lang='grc' dir='ltr'><strong>κατ’</strong></span> 
     </span>
    </p>
   </div>
   <div class='ocr_carea' id='block_1_89' title="bbox 550 4495 2172 4576">
    <p class='ocr_par' dir='ltr' id='par_1_89' title="bbox 550 4497 2172 4561">
     <span class='ocr_line' id='line_1_89' title="bbox 550 4497 2172 4561; baseline 0 -5"><span class='ocrx_word' id='word_1_663' title='bbox 550 4499 728 4561; x_wconf 74' lang='lat' dir='ltr'><strong>fuerit</strong></span> <span class='ocrx_word' id='word_1_664' title='bbox 758 4498 974 4556; x_wconf 85' lang='lat' dir='ltr'><strong>bonis?</strong></span> <span class='ocrx_word' id='word_1_665' title='bbox 1006 4499 1072 4552; x_wconf 90' lang='lat' dir='ltr'><strong>Et</strong></span> <span class='ocrx_word' id='word_1_666' title='bbox 1095 4497 1205 4553; x_wconf 87' lang='lat' dir='ltr'><strong>hoc</strong></span> <span class='ocrx_word' id='word_1_667' title='bbox 1236 4503 1362 4552; x_wconf 88' lang='lat' dir='ltr'><strong>erat</strong></span> <span class='ocrx_word' id='word_1_668' title='bbox 1390 4515 1670 4554; x_wconf 87' lang='lat' dir='ltr'><strong>arcanum</strong></span> <span class='ocrx_word' id='word_1_669' title='bbox 1705 4499 2022 4554; x_wconf 87' lang='lat' dir='ltr'><strong>voluntatis</strong></span> <span class='ocrx_word' id='word_1_670' title='bbox 2053 4519 2172 4556; x_wconf 70' lang='lat' dir='ltr'><strong>sum</strong></span> 
     </span>
    </p>
   </div>
   <div class='ocr_carea' id='block_1_90' title="bbox 2279 4495 3901 4576">
    <p class='ocr_par' dir='ltr' id='par_1_90' title="bbox 2303 4495 3901 4576">
     <span class='ocr_line' id='line_1_90' title="bbox 2303 4495 3901 4576; baseline 0 -21"><span class='ocrx_word' id='word_1_671' title='bbox 2303 4495 2574 4568; x_wconf 78' lang='grc' dir='ltr'><strong>εὐδοκίαν,</strong></span> <span class='ocrx_word' id='word_1_672' title='bbox 2620 4501 2885 4574; x_wconf 78' lang='grc' dir='ltr'><strong>γενέσθαι.</strong></span> <span class='ocrx_word' id='word_1_673' title='bbox 2919 4498 3177 4576; x_wconf 85' lang='grc' dir='ltr'><strong>Εὑλόγως</strong></span> <span class='ocrx_word' id='word_1_674' title='bbox 3210 4498 3268 4556; x_wconf 73' lang='grc' dir='ltr'><strong>ὃὶ</strong></span> <span class='ocrx_word' id='word_1_675' title='bbox 3316 4497 3482 4556; x_wconf 79' lang='grc' dir='ltr'><strong>πάλιν</strong></span> <span class='ocrx_word' id='word_1_676' title='bbox 3514 4500 3632 4558; x_wconf 63' lang='grc' dir='ltr'><strong>εἶπε</strong></span> <span class='ocrx_word' id='word_1_677' title='bbox 3659 4501 3738 4566; x_wconf 81' lang='grc' dir='ltr'><strong>τὸ,</strong></span> <span class='ocrx_word' id='word_1_678' title='bbox 3772 4520 3788 4545; x_wconf 81' lang='grc' dir='ltr'><strong>ι</strong></span> <span class='ocrx_word' id='word_1_679' title='bbox 3814 4497 3901 4550; x_wconf 68' lang='grc' dir='ltr'><strong>κατ’</strong></span> 
     </span>
    </p>
   </div>
   <div class='ocr_carea' id='block_1_91' title="bbox 551 4579 2173 4666">
    <p class='ocr_par' dir='ltr' id='par_1_91' title="bbox 551 4588 2173 4664">
     <span class='ocr_line' id='line_1_91' title="bbox 551 4588 2173 4664; baseline -0.001 -18"><span class='ocrx_word' id='word_1_680' title='bbox 551 4589 1016 4664; x_wconf 73' lang='lat' dir='ltr'><strong>prmordinatum</strong></span> <span class='ocrx_word' id='word_1_681' title='bbox 1044 4594 1108 4641; x_wconf 92' lang='lat' dir='ltr'><strong>ut</strong></span> <span class='ocrx_word' id='word_1_682' title='bbox 1129 4588 1187 4642; x_wconf 93' lang='lat' dir='ltr'><strong>in</strong></span> <span class='ocrx_word' id='word_1_683' title='bbox 1215 4589 1360 4642; x_wconf 90' lang='lat' dir='ltr'><strong>Filio</strong></span> <span class='ocrx_word' id='word_1_684' title='bbox 1385 4605 1489 4642; x_wconf 93' lang='lat' dir='ltr'><strong>suo</strong></span> <span class='ocrx_word' id='word_1_685' title='bbox 1513 4590 1630 4642; x_wconf 87' lang='lat' dir='ltr'><strong>sive</strong></span> <span class='ocrx_word' id='word_1_686' title='bbox 1655 4606 1760 4659; x_wconf 90' lang='lat' dir='ltr'><strong>per</strong></span> <span class='ocrx_word' id='word_1_687' title='bbox 1781 4589 1990 4644; x_wconf 87' lang='lat' dir='ltr'><strong>Filium</strong></span> <span class='ocrx_word' id='word_1_688' title='bbox 2025 4607 2173 4645; x_wconf 90' lang='lat' dir='ltr'><strong>suun</strong></span> 
     </span>
    </p>
   </div>
   <div class='ocr_carea' id='block_1_92' title="bbox 2279 4579 3901 4666">
    <p class='ocr_par' dir='ltr' id='par_1_92' title="bbox 2307 4585 3901 4666">
     <span class='ocr_line' id='line_1_92' title="bbox 2307 4585 3901 4666; baseline -0.002 -22"><span class='ocrx_word' id='word_1_689' title='bbox 2307 4586 2575 4658; x_wconf 72' lang='grc' dir='ltr'><strong>εὐδοκίαν,</strong></span> <span class='ocrx_word' id='word_1_690' title='bbox 2607 4610 2633 4640; x_wconf 73' lang='grc' dir='ltr'>ι</span> <span class='ocrx_word' id='word_1_691' title='bbox 2692 4587 2783 4642; x_wconf 87' lang='grc' dir='ltr'><strong>καὶ</strong></span> <span class='ocrx_word' id='word_1_692' title='bbox 2840 4587 2922 4644; x_wconf 73' lang='grc' dir='ltr'><strong>ὅτι</strong></span> <span class='ocrx_word' id='word_1_693' title='bbox 2981 4585 3070 4644; x_wconf 74' lang='grc' dir='ltr'><strong>διὰ</strong></span> <span class='ocrx_word' id='word_1_694' title='bbox 3121 4593 3216 4645; x_wconf 72' lang='grc' dir='ltr'><strong>τοῦ</strong></span> <span class='ocrx_word' id='word_1_695' title='bbox 3268 4590 3400 4646; x_wconf 77' lang='grc' dir='ltr'><strong>Υῖοῦ</strong></span> <span class='ocrx_word' id='word_1_696' title='bbox 3440 4591 3506 4661; x_wconf 70' lang='grc' dir='ltr'><strong>ἦν</strong></span> <span class='ocrx_word' id='word_1_697' title='bbox 3540 4586 3901 4666; x_wconf 73' lang='grc' dir='ltr'><strong>προτεθειμένον</strong></span> 
     </span>
    </p>
   </div>
   <div class='ocr_carea' id='block_1_93' title="bbox 555 4671 2177 4755">
    <p class='ocr_par' dir='ltr' id='par_1_93' title="bbox 555 4677 2177 4752">
     <span class='ocr_line' id='line_1_93' title="bbox 555 4677 2177 4752; baseline -0.001 -14"><span class='ocrx_word' id='word_1_698' title='bbox 555 4681 744 4738; x_wconf 80' lang='lat' dir='ltr'><strong>fieret.</strong></span> <span class='ocrx_word' id='word_1_699' title='bbox 773 4680 975 4736; x_wconf 89' lang='lat' dir='ltr'><strong>Merito</strong></span> <span class='ocrx_word' id='word_1_700' title='bbox 1007 4684 1202 4734; x_wconf 88' lang='lat' dir='ltr'><strong>autem</strong></span> <span class='ocrx_word' id='word_1_701' title='bbox 1235 4693 1470 4731; x_wconf 92' lang='lat' dir='ltr'><strong>rursum</strong></span> <span class='ocrx_word' id='word_1_702' title='bbox 1518 4677 1681 4741; x_wconf 82' lang='lat' dir='ltr'><strong>dixit,</strong></span> <span class='ocrx_word' id='word_1_703' title='bbox 1717 4678 1888 4750; x_wconf 85' lang='lat' dir='ltr'><strong>juxta</strong></span> <span class='ocrx_word' id='word_1_704' title='bbox 1918 4679 2177 4752; x_wconf 87' lang='lat' dir='ltr'><strong>benepla</strong></span> 
     </span>
    </p>
   </div>
   <div class='ocr_carea' id='block_1_94' title="bbox 2279 4671 3901 4755">
    <p class='ocr_par' dir='ltr' id='par_1_94' title="bbox 2311 4671 3901 4755">
     <span class='ocr_line' id='line_1_94' title="bbox 2311 4671 3901 4755; baseline 0.003 -22"><span class='ocrx_word' id='word_1_705' title='bbox 2311 4674 2831 4754; x_wconf 81' lang='grc' dir='ltr'><strong>γενέσθαι.Ἐπειδή</strong></span> <span class='ocrx_word' id='word_1_706' title='bbox 2897 4679 3000 4755; x_wconf 75' lang='grc' dir='ltr'><strong>γὰρ</strong></span> <span class='ocrx_word' id='word_1_707' title='bbox 3061 4679 3226 4736; x_wconf 78' lang='grc' dir='ltr'><strong>εἰπὼν</strong></span> <span class='ocrx_word' id='word_1_708' title='bbox 3287 4681 3416 4736; x_wconf 83' lang='grc' dir='ltr'><strong>αὑτό</strong></span> <span class='ocrx_word' id='word_1_709' title='bbox 3473 4682 3590 4736; x_wconf 85' lang='grc' dir='ltr'><strong>κατ’</strong></span> <span class='ocrx_word' id='word_1_710' title='bbox 3632 4671 3901 4754; x_wconf 48' lang='lat' dir='ltr'><strong>amictui</strong></span> 
     </span>
    </p>
   </div>
   <div class='ocr_carea' id='block_1_95' title="bbox 555 4763 2177 4844">
    <p class='ocr_par' dir='ltr' id='par_1_95' title="bbox 555 4767 2177 4839">
     <span class='ocr_line' id='line_1_95' title="bbox 555 4767 2177 4839; baseline -0.002 -12"><span class='ocrx_word' id='word_1_711' title='bbox 555 4771 760 4837; x_wconf 83' lang='lat' dir='ltr'><strong>citum,</strong></span> <span class='ocrx_word' id='word_1_712' title='bbox 794 4775 852 4823; x_wconf 90' lang='lat' dir='ltr'><strong>et</strong></span> <span class='ocrx_word' id='word_1_713' title='bbox 881 4767 1039 4839; x_wconf 93' lang='lat' dir='ltr'><strong>quod</strong></span> <span class='ocrx_word' id='word_1_714' title='bbox 1071 4767 1437 4838; x_wconf 88' lang='lat' dir='ltr'><strong>propositum</strong></span> <span class='ocrx_word' id='word_1_715' title='bbox 1471 4773 1596 4822; x_wconf 86' lang='lat' dir='ltr'><strong>erat</strong></span> <span class='ocrx_word' id='word_1_716' title='bbox 1624 4773 1687 4822; x_wconf 92' lang='lat' dir='ltr'><strong>ut</strong></span> <span class='ocrx_word' id='word_1_717' title='bbox 1718 4784 1822 4838; x_wconf 89' lang='lat' dir='ltr'><strong>per</strong></span> <span class='ocrx_word' id='word_1_718' title='bbox 1852 4767 2063 4822; x_wconf 88' lang='lat' dir='ltr'><strong>Filium</strong></span> <span class='ocrx_word' id='word_1_719' title='bbox 2096 4769 2177 4823; x_wconf 21' lang='lat' dir='ltr'><strong>fiet</strong></span> 
     </span>
    </p>
   </div>
   <div class='ocr_carea' id='block_1_96' title="bbox 2277 4763 3899 4844">
    <p class='ocr_par' dir='ltr' id='par_1_96' title="bbox 2309 4763 3899 4844">
     <span class='ocr_line' id='line_1_96' title="bbox 2309 4763 3899 4844; baseline -0.001 -22"><span class='ocrx_word' id='word_1_720' title='bbox 2309 4767 2484 4830; x_wconf 73' lang='grc' dir='ltr'><strong>αἶτίας</strong></span> <span class='ocrx_word' id='word_1_721' title='bbox 2542 4767 2593 4822; x_wconf 76' lang='grc' dir='ltr'><strong>ἐν</strong></span> <span class='ocrx_word' id='word_1_722' title='bbox 2647 4771 2726 4838; x_wconf 81' lang='grc' dir='ltr'><strong>τῷ</strong></span> <span class='ocrx_word' id='word_1_723' title='bbox 2787 4767 2980 4838; x_wconf 73' lang='grc' dir='ltr'><strong>μεταξὺ</strong></span> <span class='ocrx_word' id='word_1_724' title='bbox 3039 4768 3320 4844; x_wconf 84' lang='grc' dir='ltr'><strong>συνείρων,</strong></span> <span class='ocrx_word' id='word_1_725' title='bbox 3381 4768 3646 4838; x_wconf 70' lang='grc' dir='ltr'><strong>ἆπέστησε</strong></span> <span class='ocrx_word' id='word_1_726' title='bbox 3683 4765 3811 4823; x_wconf 79' lang='grc' dir='ltr'><strong>πολὺ</strong></span> <span class='ocrx_word' id='word_1_727' title='bbox 3833 4763 3899 4816; x_wconf 72' lang='grc' dir='ltr'><strong>τὸν</strong></span> 
     </span>
    </p>
   </div>
   <div class='ocr_carea' id='block_1_97' title="bbox 558 4854 2180 4932">
    <p class='ocr_par' dir='ltr' id='par_1_97' title="bbox 558 4855 2180 4927">
     <span class='ocr_line' id='line_1_97' title="bbox 558 4855 2180 4927; baseline 0.001 -16"><span class='ocrx_word' id='word_1_728' title='bbox 558 4862 666 4911; x_wconf 87' lang='lat' dir='ltr'><strong>ret.</strong></span> <span class='ocrx_word' id='word_1_729' title='bbox 701 4855 1192 4927; x_wconf 87' lang='lat' dir='ltr'><strong>Quandoquidem</strong></span> <span class='ocrx_word' id='word_1_730' title='bbox 1244 4855 1404 4910; x_wconf 91' lang='lat' dir='ltr'><strong>enim</strong></span> <span class='ocrx_word' id='word_1_731' title='bbox 1464 4872 1597 4910; x_wconf 92' lang='lat' dir='ltr'><strong>cum</strong></span> <span class='ocrx_word' id='word_1_732' title='bbox 1648 4855 1806 4910; x_wconf 91' lang='lat' dir='ltr'><strong>idem</strong></span> <span class='ocrx_word' id='word_1_733' title='bbox 1844 4855 2000 4911; x_wconf 90' lang='lat' dir='ltr'><strong>circa</strong></span> <span class='ocrx_word' id='word_1_734' title='bbox 2029 4857 2180 4912; x_wconf 75' lang='lat' dir='ltr'><strong>initia</strong></span> 
     </span>
    </p>
   </div>
   <div class='ocr_carea' id='block_1_98' title="bbox 2279 4854 3901 4932">
    <p class='ocr_par' dir='ltr' id='par_1_98' title="bbox 2307 4854 3901 4932">
     <span class='ocr_line' id='line_1_98' title="bbox 2307 4854 3901 4932; baseline -0.002 -21"><span class='ocrx_word' id='word_1_735' title='bbox 2307 4855 2578 4929; x_wconf 77' lang='grc' dir='ltr'><strong>ἀκροατὴν</strong></span> <span class='ocrx_word' id='word_1_736' title='bbox 2620 4859 2716 4910; x_wconf 77' lang='grc' dir='ltr'><strong>τοῦ</strong></span> <span class='ocrx_word' id='word_1_737' title='bbox 2765 4854 2956 4932; x_wconf 83' lang='grc' dir='ltr'><strong>λόγου,</strong></span> <span class='ocrx_word' id='word_1_738' title='bbox 3005 4856 3170 4914; x_wconf 79' lang='grc' dir='ltr'><strong>πάλιν</strong></span> <span class='ocrx_word' id='word_1_739' title='bbox 3225 4857 3405 4931; x_wconf 82' lang='grc' dir='ltr'><strong>ὥσπερ</strong></span> <span class='ocrx_word' id='word_1_740' title='bbox 3453 4857 3901 4932; x_wconf 67' lang='grc' dir='ltr'><strong>ἐπαναμιμνήσκων</strong></span> 
     </span>
    </p>
   </div>
   <div class='ocr_carea' id='block_1_99' title="bbox 560 4941 2182 5018">
    <p class='ocr_par' dir='ltr' id='par_1_99' title="bbox 560 4944 2167 5014">
     <span class='ocr_line' id='line_1_99' title="bbox 560 4944 2167 5014; baseline 0.001 -14"><span class='ocrx_word' id='word_1_741' title='bbox 560 4944 823 5014; x_wconf 72' lang='grc' dir='ltr'><strong>ἀεκὶεεεῐ,</strong></span> <span class='ocrx_word' id='word_1_742' title='bbox 852 4946 1115 5001; x_wconf 87' lang='lat' dir='ltr'><strong>rationes</strong></span> <span class='ocrx_word' id='word_1_743' title='bbox 1138 4952 1336 5000; x_wconf 91' lang='lat' dir='ltr'><strong>tamen</strong></span> <span class='ocrx_word' id='word_1_744' title='bbox 1360 4946 1595 5000; x_wconf 82' lang='lat' dir='ltr'><strong>interim</strong></span> <span class='ocrx_word' id='word_1_745' title='bbox 1622 4946 1949 5002; x_wconf 85' lang='lat' dir='ltr'><strong>rationibus</strong></span> <span class='ocrx_word' id='word_1_746' title='bbox 1975 4962 2167 5002; x_wconf 87' lang='lat' dir='ltr'><strong>conne</strong></span> 
     </span>
    </p>
   </div>
   <div class='ocr_carea' id='block_1_100' title="bbox 2277 4941 3899 5018">
    <p class='ocr_par' dir='ltr' id='par_1_100' title="bbox 2309 4941 3899 5018">
     <span class='ocr_line' id='line_1_100' title="bbox 2309 4941 3899 5018; baseline -0.001 -18"><span class='ocrx_word' id='word_1_747' title='bbox 2309 4944 2468 5000; x_wconf 72' lang='grc' dir='ltr'><strong>αὑτὸν</strong></span> <span class='ocrx_word' id='word_1_748' title='bbox 2513 4943 2603 5000; x_wconf 82' lang='grc' dir='ltr'><strong>καὶ</strong></span> <span class='ocrx_word' id='word_1_749' title='bbox 2655 4941 3144 5018; x_wconf 77' lang='grc' dir='ltr'><strong>έπαναλαμϐἇνων,</strong></span> <span class='ocrx_word' id='word_1_750' title='bbox 3195 4947 3279 5004; x_wconf 80' lang='grc' dir='ltr'><strong>ὃτι</strong></span> <span class='ocrx_word' id='word_1_751' title='bbox 3329 4949 3499 5004; x_wconf 71' lang='grc' dir='ltr'><strong>παντα</strong></span> <span class='ocrx_word' id='word_1_752' title='bbox 3547 4945 3636 5005; x_wconf 81' lang='grc' dir='ltr'><strong>διὰ</strong></span> <span class='ocrx_word' id='word_1_753' title='bbox 3686 4949 3770 5002; x_wconf 78' lang='grc' dir='ltr'><strong>τοῦ</strong></span> <span class='ocrx_word' id='word_1_754' title='bbox 3805 4941 3899 4998; x_wconf 72' lang='grc' dir='ltr'><strong>Υἱοῦ</strong></span> 
     </span>
    </p>
   </div>
   <div class='ocr_carea' id='block_1_101' title="bbox 557 5031 2179 5118">
    <p class='ocr_par' dir='ltr' id='par_1_101' title="bbox 557 5033 2179 5104">
     <span class='ocr_line' id='line_1_101' title="bbox 557 5033 2179 5104; baseline 0.001 -14"><span class='ocrx_word' id='word_1_755' title='bbox 557 5039 744 5097; x_wconf 85' lang='lat' dir='ltr'><strong>ctens,</strong></span> <span class='ocrx_word' id='word_1_756' title='bbox 778 5033 1104 5090; x_wconf 79' lang='lat' dir='ltr'><strong>auditorem</strong></span> <span class='ocrx_word' id='word_1_757' title='bbox 1161 5051 1195 5089; x_wconf 89' lang='lat' dir='ltr'><strong>a</strong></span> <span class='ocrx_word' id='word_1_758' title='bbox 1250 5051 1522 5090; x_wconf 88' lang='lat' dir='ltr'><strong>sermone</strong></span> <span class='ocrx_word' id='word_1_759' title='bbox 1577 5043 1936 5104; x_wconf 87' lang='lat' dir='ltr'><strong>avocaverat,</strong></span> <span class='ocrx_word' id='word_1_760' title='bbox 1971 5053 2179 5091; x_wconf 90' lang='lat' dir='ltr'><strong>rursun</strong></span> 
     </span>
    </p>
   </div>
   <div class='ocr_carea' id='block_1_102' title="bbox 2283 5031 3905 5118">
    <p class='ocr_par' dir='ltr' id='par_1_102' title="bbox 2307 5031 3905 5118">
     <span class='ocr_line' id='line_1_102' title="bbox 2307 5031 3905 5118; baseline -0.01 -28"><span class='ocrx_word' id='word_1_761' title='bbox 2307 5036 2524 5111; x_wconf 78' lang='grc' dir='ltr'><strong>γέγονεν</strong></span> <span class='ocrx_word' id='word_1_762' title='bbox 2575 5032 2792 5107; x_wconf 74' lang='grc' dir='ltr'><strong>εὐδοκία</strong></span> <span class='ocrx_word' id='word_1_763' title='bbox 2835 5038 2933 5090; x_wconf 78' lang='grc' dir='ltr'><strong>τοῦ</strong></span> <span class='ocrx_word' id='word_1_764' title='bbox 2983 5037 3212 5111; x_wconf 81' lang='grc' dir='ltr'><strong>Πατρὸς,</strong></span> <span class='ocrx_word' id='word_1_765' title='bbox 3262 5041 3422 5094; x_wconf 72' lang='grc' dir='ltr'><strong>τοῦτο</strong></span> <span class='ocrx_word' id='word_1_766' title='bbox 3468 5037 3780 5118; x_wconf 72' lang='grc' dir='ltr'><strong>προσφόρως</strong></span> <span class='ocrx_word' id='word_1_767' title='bbox 3813 5031 3905 5087; x_wconf 68' lang='grc' dir='ltr'><strong>ἐπι.</strong></span> 
     </span>
    </p>
   </div>
   <div class='ocr_carea' id='block_1_103' title="bbox 557 5123 2179 5202">
    <p class='ocr_par' dir='ltr' id='par_1_103' title="bbox 557 5123 2179 5196">
     <span class='ocr_line' id='line_1_103' title="bbox 557 5123 2179 5196; baseline 0.001 -18"><span class='ocrx_word' id='word_1_768' title='bbox 557 5127 839 5194; x_wconf 78' lang='lat' dir='ltr'><strong>tanquam</strong></span> <span class='ocrx_word' id='word_1_769' title='bbox 867 5123 1034 5180; x_wconf 90' lang='lat' dir='ltr'><strong>illum</strong></span> <span class='ocrx_word' id='word_1_770' title='bbox 1060 5123 1131 5178; x_wconf 88' lang='lat' dir='ltr'><strong>ad</strong></span> <span class='ocrx_word' id='word_1_771' title='bbox 1158 5125 1502 5180; x_wconf 87' lang='lat' dir='ltr'><strong>memoriam</strong></span> <span class='ocrx_word' id='word_1_772' title='bbox 1531 5125 1708 5181; x_wconf 92' lang='lat' dir='ltr'><strong>reduc</strong></span> <span class='ocrx_word' id='word_1_773' title='bbox 1733 5142 1818 5179; x_wconf 63' lang='grc' dir='ltr'><strong>ἠε</strong></span> <span class='ocrx_word' id='word_1_774' title='bbox 1839 5142 1904 5181; x_wconf 89' lang='lat' dir='ltr'><strong>ac</strong></span> <span class='ocrx_word' id='word_1_775' title='bbox 1927 5134 2179 5196; x_wconf 83' lang='lat' dir='ltr'><strong>repeten:</strong></span> 
     </span>
    </p>
   </div>
   <div class='ocr_carea' id='block_1_104' title="bbox 2280 5123 3902 5202">
    <p class='ocr_par' dir='ltr' id='par_1_104' title="bbox 2310 5123 3902 5202">
     <span class='ocr_line' id='line_1_104' title="bbox 2310 5123 3902 5202; baseline -0.002 -24"><span class='ocrx_word' id='word_1_776' title='bbox 2310 5124 2563 5179; x_wconf 75' lang='grc' dir='ltr'><strong>συνάπτει</strong></span> <span class='ocrx_word' id='word_1_777' title='bbox 2619 5124 2710 5178; x_wconf 84' lang='grc' dir='ltr'><strong>καὶ</strong></span> <span class='ocrx_word' id='word_1_778' title='bbox 2773 5123 3007 5192; x_wconf 77' lang='grc' dir='ltr'><strong>τίθησιν.</strong></span> <span class='ocrx_word' id='word_1_779' title='bbox 3060 5127 3246 5182; x_wconf 81' lang='grc' dir='ltr'><strong>Ταῦτα</strong></span> <span class='ocrx_word' id='word_1_780' title='bbox 3301 5123 3380 5194; x_wconf 75' lang='grc' dir='ltr'><strong>εὶ,</strong></span> <span class='ocrx_word' id='word_1_781' title='bbox 3422 5127 3602 5202; x_wconf 74' lang='grc' dir='ltr'>φησὶν,</span> <span class='ocrx_word' id='word_1_782' title='bbox 3633 5127 3706 5190; x_wconf 79' lang='grc' dir='ltr'><strong>εἷς</strong></span> <span class='ocrx_word' id='word_1_783' title='bbox 3731 5123 3902 5180; x_wconf 74' lang='grc' dir='ltr'><strong>οἰκονο-</strong></span> 
     </span>
    </p>
   </div>
   <div class='ocr_carea' id='block_1_105' title="bbox 557 5210 2179 5293">
    <p class='ocr_par' dir='ltr' id='par_1_105' title="bbox 557 5211 2179 5285">
     <span class='ocr_line' id='line_1_105' title="bbox 557 5211 2179 5285; baseline 0.004 -20"><span class='ocrx_word' id='word_1_784' title='bbox 557 5211 715 5284; x_wconf 91' lang='lat' dir='ltr'><strong>quod</strong></span> <span class='ocrx_word' id='word_1_785' title='bbox 749 5211 948 5266; x_wconf 87' lang='lat' dir='ltr'><strong>omnia</strong></span> <span class='ocrx_word' id='word_1_786' title='bbox 978 5228 1082 5282; x_wconf 88' lang='lat' dir='ltr'><strong>per</strong></span> <span class='ocrx_word' id='word_1_787' title='bbox 1109 5213 1321 5269; x_wconf 88' lang='lat' dir='ltr'><strong>Filium</strong></span> <span class='ocrx_word' id='word_1_788' title='bbox 1353 5214 1503 5271; x_wconf 84' lang='lat' dir='ltr'><strong>facta</strong></span> <span class='ocrx_word' id='word_1_789' title='bbox 1541 5215 1663 5270; x_wconf 89' lang='lat' dir='ltr'><strong>sint</strong></span> <span class='ocrx_word' id='word_1_790' title='bbox 1693 5215 1880 5271; x_wconf 88' lang='lat' dir='ltr'><strong>Patris</strong></span> <span class='ocrx_word' id='word_1_791' title='bbox 1912 5215 2179 5285; x_wconf 83' lang='lat' dir='ltr'><strong>benepla-</strong></span> 
     </span>
    </p>
   </div>
   <div class='ocr_carea' id='block_1_106' title="bbox 2279 5210 3901 5293">
    <p class='ocr_par' dir='ltr' id='par_1_106' title="bbox 2315 5210 3901 5293">
     <span class='ocr_line' id='line_1_106' title="bbox 2315 5210 3901 5293; baseline 0.001 -26"><span class='ocrx_word' id='word_1_792' title='bbox 2315 5211 2462 5287; x_wconf 88' lang='grc' dir='ltr'><strong>μίαν,</strong></span> <span class='ocrx_word' id='word_1_793' title='bbox 2511 5212 2814 5282; x_wconf 70' lang='grc' dir='ltr'><strong>τουτέστιν,</strong></span> <span class='ocrx_word' id='word_1_794' title='bbox 2863 5212 2951 5269; x_wconf 73' lang='grc' dir='ltr'><strong>ἐπὶ</strong></span> <span class='ocrx_word' id='word_1_795' title='bbox 3014 5212 3202 5293; x_wconf 71' lang='grc' dir='ltr'>ἀφάτῳ</span> <span class='ocrx_word' id='word_1_796' title='bbox 3251 5214 3481 5287; x_wconf 76' lang='grc' dir='ltr'><strong>προνοίᾳ</strong></span> <span class='ocrx_word' id='word_1_797' title='bbox 3550 5216 3636 5272; x_wconf 83' lang='grc' dir='ltr'><strong>καὶ</strong></span> <span class='ocrx_word' id='word_1_798' title='bbox 3683 5210 3901 5278; x_wconf 70' lang='grc' dir='ltr'><strong>διοικήσει</strong></span> 
     </span>
    </p>
   </div>
   <div class='ocr_carea' id='block_1_107' title="bbox 557 5292 2179 5379">
    <p class='ocr_par' dir='ltr' id='par_1_107' title="bbox 557 5302 2179 5378">
     <span class='ocr_line' id='line_1_107' title="bbox 557 5302 2179 5378; baseline -0.001 -18"><span class='ocrx_word' id='word_1_799' title='bbox 557 5302 694 5368; x_wconf 91' lang='lat' dir='ltr'><strong>cito,</strong></span> <span class='ocrx_word' id='word_1_800' title='bbox 744 5302 1166 5358; x_wconf 80' lang='lat' dir='ltr'><strong>convenienter</strong></span> <span class='ocrx_word' id='word_1_801' title='bbox 1218 5303 1329 5359; x_wconf 88' lang='lat' dir='ltr'><strong>hoc</strong></span> <span class='ocrx_word' id='word_1_802' title='bbox 1383 5305 1692 5378; x_wconf 87' lang='lat' dir='ltr'><strong>conjungit</strong></span> <span class='ocrx_word' id='word_1_803' title='bbox 1739 5310 1798 5362; x_wconf 90' lang='lat' dir='ltr'><strong>et</strong></span> <span class='ocrx_word' id='word_1_804' title='bbox 1853 5304 2016 5362; x_wconf 90' lang='lat' dir='ltr'><strong>addit</strong></span> <span class='ocrx_word' id='word_1_805' title='bbox 2070 5306 2179 5361; x_wconf 75' lang='grc' dir='ltr'><strong>Ητοι</strong></span> 
     </span>
    </p>
   </div>
   <div class='ocr_carea' id='block_1_108' title="bbox 2278 5292 3900 5379">
    <p class='ocr_par' dir='ltr' id='par_1_108' title="bbox 2308 5292 3900 5379">
     <span class='ocr_line' id='line_1_108' title="bbox 2308 5292 3900 5379; baseline -0.001 -21"><span class='ocrx_word' id='word_1_806' title='bbox 2308 5307 2415 5358; x_wconf 81' lang='grc' dir='ltr'><strong>τῶν</strong></span> <span class='ocrx_word' id='word_1_807' title='bbox 2473 5309 2574 5373; x_wconf 77' lang='grc' dir='ltr'><strong>τῆς</strong></span> <span class='ocrx_word' id='word_1_808' title='bbox 2647 5301 2954 5364; x_wconf 74' lang='grc' dir='ltr'><strong>συντελείας</strong></span> <span class='ocrx_word' id='word_1_809' title='bbox 3030 5308 3258 5379; x_wconf 81' lang='grc' dir='ltr'><strong>καιρῶν,</strong></span> <span class='ocrx_word' id='word_1_810' title='bbox 3311 5304 3580 5374; x_wconf 88' lang='grc' dir='ltr'><strong>τουτέστι,</strong></span> <span class='ocrx_word' id='word_1_811' title='bbox 3641 5309 3742 5360; x_wconf 82' lang='grc' dir='ltr'><strong>τῶν</strong></span> <span class='ocrx_word' id='word_1_812' title='bbox 3800 5292 3900 5353; x_wconf 74' lang='grc' dir='ltr'><strong>κατᾶ</strong></span> 
     </span>
    </p>
   </div>
   <div class='ocr_carea' id='block_1_109' title="bbox 556 5382 2178 5470">
    <p class='ocr_par' dir='ltr' id='par_1_109' title="bbox 556 5391 2178 5466">
     <span class='ocr_line' id='line_1_109' title="bbox 556 5391 2178 5466; baseline 0.001 -19"><span class='ocrx_word' id='word_1_813' title='bbox 556 5398 755 5448; x_wconf 91' lang='lat' dir='ltr'><strong>autem</strong></span> <span class='ocrx_word' id='word_1_814' title='bbox 791 5391 866 5446; x_wconf 88' lang='lat' dir='ltr'><strong>ad</strong></span> <span class='ocrx_word' id='word_1_815' title='bbox 887 5391 1395 5462; x_wconf 88' lang='lat' dir='ltr'><strong>dispensationem</strong></span> <span class='ocrx_word' id='word_1_816' title='bbox 1445 5394 1658 5465; x_wconf 84' lang='lat' dir='ltr'><strong>inquit.</strong></span> <span class='ocrx_word' id='word_1_817' title='bbox 1693 5394 1805 5451; x_wconf 91' lang='lat' dir='ltr'><strong>hoc</strong></span> <span class='ocrx_word' id='word_1_818' title='bbox 1844 5401 1934 5450; x_wconf 85' lang='lat' dir='ltr'><strong>est</strong></span> <span class='ocrx_word' id='word_1_819' title='bbox 1965 5401 2178 5466; x_wconf 4' lang='lat' dir='ltr'><strong>propter</strong></span> 
     </span>
    </p>
   </div>
   <div class='ocr_carea' id='block_1_110' title="bbox 2277 5382 3899 5470">
    <p class='ocr_par' dir='ltr' id='par_1_110' title="bbox 2308 5382 3899 5470">
     <span class='ocr_line' id='line_1_110' title="bbox 2308 5382 3899 5470; baseline -0.005 -22"><span class='ocrx_word' id='word_1_820' title='bbox 2308 5395 2408 5460; x_wconf 72' lang='grc' dir='ltr'><strong>τήν</strong></span> <span class='ocrx_word' id='word_1_821' title='bbox 2467 5391 2773 5448; x_wconf 81' lang='grc' dir='ltr'><strong>συντέλειαν</strong></span> <span class='ocrx_word' id='word_1_822' title='bbox 2824 5392 3178 5470; x_wconf 78' lang='grc' dir='ltr'><strong>πραγμάτιον.</strong></span> <span class='ocrx_word' id='word_1_823' title='bbox 3232 5393 3366 5448; x_wconf 80' lang='grc' dir='ltr'><strong>Ὅσα</strong></span> <span class='ocrx_word' id='word_1_824' title='bbox 3411 5396 3516 5470; x_wconf 81' lang='grc' dir='ltr'><strong>γὰρ</strong></span> <span class='ocrx_word' id='word_1_825' title='bbox 3564 5393 3812 5467; x_wconf 70' lang='grc' dir='ltr'><strong>ἐπράχθη,</strong></span> <span class='ocrx_word' id='word_1_826' title='bbox 3835 5382 3899 5440; x_wconf 60' lang='grc' dir='ltr'><strong>διὰ</strong></span> 
     </span>
    </p>
   </div>
   <div class='ocr_carea' id='block_1_111' title="bbox 556 5476 2178 5559">
    <p class='ocr_par' dir='ltr' id='par_1_111' title="bbox 556 5480 2178 5556">
     <span class='ocr_line' id='line_1_111' title="bbox 556 5480 2178 5556; baseline 0.001 -18"><span class='ocrx_word' id='word_1_827' title='bbox 556 5482 919 5540; x_wconf 78' lang='lat' dir='ltr'><strong>ineﬂ&#39;abilem</strong></span> <span class='ocrx_word' id='word_1_828' title='bbox 941 5480 1370 5556; x_wconf 89' lang='lat' dir='ltr'><strong>providentiam</strong></span> <span class='ocrx_word' id='word_1_829' title='bbox 1405 5491 1461 5538; x_wconf 88' lang='lat' dir='ltr'><strong>et</strong></span> <span class='ocrx_word' id='word_1_830' title='bbox 1491 5484 1940 5556; x_wconf 83' lang='lat' dir='ltr'><strong>dispositionem</strong></span> <span class='ocrx_word' id='word_1_831' title='bbox 1975 5491 2178 5556; x_wconf 90' lang='lat' dir='ltr'><strong>tempo</strong></span> 
     </span>
    </p>
   </div>
   <div class='ocr_carea' id='block_1_112' title="bbox 2276 5476 3898 5559">
    <p class='ocr_par' dir='ltr' id='par_1_112' title="bbox 2309 5476 3898 5559">
     <span class='ocr_line' id='line_1_112' title="bbox 2309 5476 3898 5559; baseline 0.004 -24"><span class='ocrx_word' id='word_1_832' title='bbox 2309 5483 2408 5549; x_wconf 72' lang='grc' dir='ltr'><strong>τὴν</strong></span> <span class='ocrx_word' id='word_1_833' title='bbox 2463 5482 2585 5536; x_wconf 88' lang='grc' dir='ltr'><strong>τότε</strong></span> <span class='ocrx_word' id='word_1_834' title='bbox 2639 5482 2775 5552; x_wconf 75' lang='grc' dir='ltr'><strong>ἡμῖν</strong></span> <span class='ocrx_word' id='word_1_835' title='bbox 2829 5480 3432 5559; x_wconf 74' lang='grc' dir='ltr'><strong>ἀποκαλυφθησομὲνην</strong></span> <span class='ocrx_word' id='word_1_836' title='bbox 3481 5481 3630 5555; x_wconf 76' lang='grc' dir='ltr'><strong>δόξαν</strong></span> <span class='ocrx_word' id='word_1_837' title='bbox 3674 5476 3898 5554; x_wconf 72' lang='grc' dir='ltr'><strong>ὶπράχθη·</strong></span> 
     </span>
    </p>
   </div>
   <div class='ocr_carea' id='block_1_113' title="bbox 555 5566 2177 5645">
    <p class='ocr_par' dir='ltr' id='par_1_113' title="bbox 555 5571 2177 5645">
     <span class='ocr_line' id='line_1_113' title="bbox 555 5571 2177 5645; baseline 0.002 -19"><span class='ocrx_word' id='word_1_838' title='bbox 555 5589 689 5628; x_wconf 83' lang='lat' dir='ltr'><strong>rum</strong></span> <span class='ocrx_word' id='word_1_839' title='bbox 734 5571 1264 5630; x_wconf 84' lang='lat' dir='ltr'><strong>consummationis</strong></span> <span class='ocrx_word' id='word_1_840' title='bbox 1315 5572 1537 5640; x_wconf 74' lang='lat' dir='ltr'><strong>smculi,</strong></span> <span class='ocrx_word' id='word_1_841' title='bbox 1592 5573 1650 5628; x_wconf 91' lang='lat' dir='ltr'><strong>id</strong></span> <span class='ocrx_word' id='word_1_842' title='bbox 1699 5579 1788 5630; x_wconf 87' lang='lat' dir='ltr'><strong>est</strong></span> <span class='ocrx_word' id='word_1_843' title='bbox 1829 5589 2030 5630; x_wconf 88' lang='lat' dir='ltr'><strong>rerum</strong></span> <span class='ocrx_word' id='word_1_844' title='bbox 2069 5590 2177 5645; x_wconf 84' lang='lat' dir='ltr'><strong>qua</strong></span> 
     </span>
    </p>
   </div>
   <div class='ocr_carea' id='block_1_114' title="bbox 2279 5566 3901 5645">
    <p class='ocr_par' dir='ltr' id='par_1_114' title="bbox 2315 5566 3901 5645">
     <span class='ocr_line' id='line_1_114' title="bbox 2315 5566 3901 5645; baseline -0.003 -17"><span class='ocrx_word' id='word_1_845' title='bbox 2315 5571 2407 5629; x_wconf 82' lang='grc' dir='ltr'><strong>Διὸ</strong></span> <span class='ocrx_word' id='word_1_846' title='bbox 2436 5571 2523 5628; x_wconf 88' lang='grc' dir='ltr'><strong>καὶ</strong></span> <span class='ocrx_word' id='word_1_847' title='bbox 2559 5571 2588 5625; x_wconf 83' lang='grc' dir='ltr'>ὁ</span> <span class='ocrx_word' id='word_1_848' title='bbox 2619 5569 2850 5645; x_wconf 83' lang='grc' dir='ltr'><strong>Χριστὸς</strong></span> <span class='ocrx_word' id='word_1_849' title='bbox 2898 5570 3023 5626; x_wconf 83' lang='grc' dir='ltr'><strong>τότε</strong></span> <span class='ocrx_word' id='word_1_850' title='bbox 3071 5567 3161 5626; x_wconf 77' lang='grc' dir='ltr'><strong>διὰ</strong></span> <span class='ocrx_word' id='word_1_851' title='bbox 3209 5577 3314 5642; x_wconf 82' lang='grc' dir='ltr'><strong>τῆς</strong></span> <span class='ocrx_word' id='word_1_852' title='bbox 3360 5566 3628 5636; x_wconf 67' lang='grc' dir='ltr'><strong>ἐκϐάσεως</strong></span> <span class='ocrx_word' id='word_1_853' title='bbox 3674 5573 3772 5627; x_wconf 76' lang='grc' dir='ltr'><strong>τῶν</strong></span> <span class='ocrx_word' id='word_1_854' title='bbox 3796 5579 3901 5638; x_wconf 75' lang='grc' dir='ltr'><strong>πρε·</strong></span> 
     </span>
    </p>
   </div>
   <div class='ocr_carea' id='block_1_115' title="bbox 628 5736 1078 5808">
    <p class='ocr_par' dir='ltr' id='par_1_115' title="bbox 628 5736 1078 5808">
     <span class='ocr_line' id='line_1_115' title="bbox 628 5736 1078 5808; baseline -0.002 -16"><span class='ocrx_word' id='word_1_855' title='bbox 628 5736 650 5769; x_wconf 81' lang='grc'><strong><em>⁹</em></strong></span> <span class='ocrx_word' id='word_1_856' title='bbox 674 5737 873 5796; x_wconf 77' lang='lat' dir='ltr'><strong>llatth.</strong></span> <span class='ocrx_word' id='word_1_857' title='bbox 903 5751 960 5808; x_wconf 75' lang='grc' dir='ltr'><strong>ν,</strong></span> <span class='ocrx_word' id='word_1_858' title='bbox 993 5739 1078 5792; x_wconf 77' lang='lat' dir='ltr'><strong>to.</strong></span> 
     </span>
    </p>
   </div>
  </div>
