4108 6192
293 362 452 428 1173

1341 354 1748 420 COMMENT.
1795 357 1878 420 IN
1923 355 2171 421 EPIST.
2239 359 2340 422 AD
2384 360 2667 427 EPBES.

3551 366 3577 427 Ι
3589 363 3704 430 1η

295 495 519 573 γμάτων
581 494 959 570 φανεροῦσθαι,
1017 488 1586 567 ἀνακεφαλαιούμενος
1644 492 1710 546 τὰ
1774 490 1933 546 πάντα

2060 494 2217 551 circa
2247 497 2824 554 consummationem
2876 499 3074 554 erunt.
3134 497 3509 572 Qumcunque
3544 501 3704 558 enim

294 583 350 642 ἐν
417 583 612 656 ἑαυτῷ.
697 603 718 634 ε
775 585 904 645 Τοῖς
960 579 1302 655 ἐπουρανίοις
1356 573 1415 636 ἐν
1470 582 1706 656 Χριστῷ.
1767 604 1794 632 ››
1853 581 1950 636 Διᾶ

295 679 540 751 Χριστοῦ
567 675 668 750 γὰρ
701 675 864 746 ἡμῶν
899 674 934 742 ἡ
968 671 1219 750 εὐλογία,
1272 671 1334 726 οὐ
1382 669 1471 727 διὰ
1498 692 1646 734 τινος
1678 675 1786 728 τῶν
1816 691 1952 745 προ-

294 770 506 847 φητῶν,
541 765 614 827 ὡς
648 761 938 825 Ἰουδαίοις
971 760 1062 818 διὰ
1091 761 1351 823 Μωσέως.
1385 762 1584 824 Καλῶς
1610 759 1775 830 δὲτὸ,
1809 787 1836 813 ‹‹
1866 763 1951 816 Ἐν

292 861 411 917 τοῖς
442 854 812 924 ἐπουρανίοις,
845 873 872 903 ιο
905 854 1026 907 οἷον
1058 852 1396 926 πράγμασιν.
1425 849 1592 908 Οὐδὲν
1625 852 1728 926 γὰρ
1759 853 1947 927 γῆἱνον

290 946 419 1019 παρ’
477 947 632 1016 ἡμῖν,
689 943 764 1007 ὡς
824 942 970 1017 παρᾶ
1042 940 1350 1004 Ἰουδαίοις.
1408 942 1554 998 Ἐκεῖ
1607 942 1707 1016 γὰρ
1764 944 1834 1015 γῆ
1892 961 1952 996 τε

295 1035 492 1111 ῥέουσα
525 1033 651 1105 μὲλι
682 1033 772 1087 καὶ
803 1032 969 1107 γάλα,
1001 1032 1111 1099 καὶ,
1141 1058 1166 1083 ‹‹
1204 1032 1282 1089 Τὰ
1319 1031 1490 1106 ἀγαθᾶ
1520 1037 1620 1099 τῆς
1648 1037 1749 1107 γῆς
1778 1031 1946 1105 φάγεο

295 1145 406 1193 σαι,
463 1123 554 1179 καὶ
608 1120 913 1198 Εὐλογήσει
986 1121 1182 1194 Κύριος
1233 1121 1332 1190 τὴν
1391 1121 1493 1197 γῆν
1551 1138 1666 1175 σου·
1728 1119 1950 1174 ἐνταῦθα

296 1211 377 1282 δὲ,
431 1213 605 1270 πάντα
662 1213 786 1287 περὶ
849 1209 1126 1289 βασιλείας
1183 1211 1443 1286 οὐρανῶν.
1480 1234 1509 1263 ιι
1552 1210 1743 1273 Καθὼς
1775 1207 1949 1281 ἐξελέ-

297 1302 422 1374 ξατο
480 1306 627 1378 ἡμᾶς
684 1303 734 1357 ἐν
795 1303 962 1376 αὐτῷ.
1018 1325 1047 1355 ››
1103 1303 1305 1374 Ὥσπερ
1366 1299 1662 1375 εὐλόγησεν
1721 1302 1871 1371 ἡμᾶς
1919 1298 1948 1353 ὁ

297 1399 337 1450 Θ
370 1395 428 1449 ὸ·
554 1392 568 1409 “
753 1393 767 1411 ⁸
875 1389 898 1409 ’⁵
938 1393 951 1410 ‘
1225 1395 1252 1426 τ’
1368 1389 1394 1410 "
1483 1411 1506 1428 ι-
1623 1389 1636 1410 ‘
1799 1391 1809 1408 '

342 1415 365 1450 ε
406 1435 426 1456 ς
481 1414 571 1448 και
627 1398 810 1466 Πατηρ
871 1412 961 1447 οια
1018 1397 1278 1466 Χριστοδ,
1333 1411 1504 1452 ουτω,
1551 1410 1640 1444 και
1670 1387 1947 1462 ἐξελεξατο

295 1480 367 1538 δι’
397 1481 578 1549 αὐτοῦ,
628 1481 718 1536 καὶ
772 1488 871 1550 τῆς
936 1480 1011 1544 είς
1069 1480 1229 1536 αὐτὸν
1270 1479 1522 1541 πίστεως.
1551 1479 1622 1536 Τὸ
1657 1476 1733 1546 δὲ,
1768 1501 1797 1530 ‹‹
1834 1479 1945 1550 Πρὸ

291 1564 604 1634 καταϐολῆς
633 1569 866 1644 κόσμου,
905 1593 931 1619 ››
978 1567 1164 1637 δηλοῖ,
1213 1569 1297 1624 δτι
1343 1571 1504 1623 τοῦτο
1536 1565 1704 1622 πάλαι
1730 1569 1795 1636 ἦν
1829 1568 1946 1641 ὁρι-

292 1671 435 1726 σθεν,
487 1665 727 1727 σωθῆναι
759 1655 850 1714 διὰ
900 1664 1001 1728 τῆς
1045 1657 1122 1718 εἷς
1177 1658 1402 1728 Χριστὸν
1437 1655 1668 1717 πίστεως
1699 1656 1824 1716 τοὺς
1857 1655 1943 1710 ἐπὶ

289 1755 414 1826 γῆς.
449 1750 527 1806 Τὸ
559 1747 636 1815 δὶ,
663 1773 690 1800 ‹‹
714 1743 1054 1818 καταϐολῆς,
1081 1770 1109 1800 ››
1135 1744 1322 1816 δηλοῖ,
1355 1745 1439 1802 ὅτι
1470 1746 1576 1800 ἀπὸ
1607 1745 1778 1819 ὕψους
1801 1746 1946 1809 τινὸς

290 1846 391 1908 τῆς
421 1835 518 1894 τοῦ
551 1842 686 1894 Θεοῦ
719 1835 996 1911 δυνάμεως
1056 1831 1370 1908 κατεϐλήθη
1405 1836 1433 1891 ὁ
1463 1835 1691 1908 κόσμος.
1729 1858 1755 1886 ‹‹
1786 1834 1941 1892 Εἶναι
1973 1869 2020 1935 Β

292 1932 442 2003 ἡμᾶς
502 1929 706 2005 ἁγίους.
748 1954 768 1980 ι
832 1927 1140 2002 Ἐξελὲξατο
1198 1928 1366 2001 ἡμᾶς,
1425 1927 1612 2001 φησὶν,
1645 1924 1730 1980 ἐπὶ
1762 1925 1940 2000 τούτῳ

295 2024 375 2093 τῷ
407 2018 544 2095 ὅρῳ,
578 2019 654 2084 εἷς
680 2021 744 2075 τὸ
777 2020 906 2075 εἶναι
950 2021 1099 2093 ἡμᾶς
1147 2017 1333 2093 ἁγίους
1386 2015 1524 2072 κατᾶ
1551 2017 1753 2085 πίστιν,
1785 2015 1942 2090 ἀμώ-

297 2129 433 2185 μους
489 2110 625 2164 κατά
679 2107 818 2186 βίον.
882 2132 911 2161 ‹‹
960 2112 1085 2163 Κατ’
1143 2105 1373 2164 ἐνώπιον
1434 2104 1618 2174 αὐτοῦ,
1679 2104 1863 2183 φησίν.
1910 2131 1939 2157 ››

290 2199 411 2258 Eia!
473 2200 574 2277 γὰρ
633 2218 775 2260 τινες
834 2196 1060 2272 ἄμωμοι
1117 2202 1238 2260 τοῖς
1303 2194 1608 2272 ἀνθρώποις
1639 2192 1938 2265 δοκοῦντες,

290 2288 422 2347 ἀλλ’
452 2290 513 2345 οὐ
544 2293 727 2356 τοῦτο,
788 2289 972 2365 φησὶν,
1032 2285 1180 2344 ἀλλᾶ
1234 2287 1363 2344 Κατ’
1422 2284 1652 2342 ἐνώπιον
1685 2284 1872 2342 αὐτοῦ.
1912 2310 1933 2337 ιι

286 2381 463 2436 Τοῦτο
499 2376 574 2447 δὲ,
609 2378 765 2452 φησὶ,
824 2373 915 2433 διὰ
968 2377 1065 2446 τήν
1125 2377 1262 2452 πρὸς
1317 2378 1464 2449 ἡμᾶς
1495 2376 1711 2454 ἀγάπην
1745 2373 1941 2445 ἐποίη-

289 2489 320 2524 σ
323 2490 394 2526 εν.

2053 583 2207 642 facta
2236 591 2396 649 sunt,
2431 590 2671 658 propter
2701 588 2948 661 gloriam
2999 605 3131 660 quas
3162 594 3302 644 tunc
3336 589 3508 645 nobis
3537 607 3707 649 reve-

2053 675 2274 730 labitur
2303 676 2456 732 facta
2485 682 2642 731 sunt.
2673 677 2808 734 Ideo
2835 679 3013 734 etiam
3041 677 3306 734 Christus
3330 684 3471 735 tunc
3507 680 3722 738 rerum

2053 765 2212 819 exitu
2243 765 2658 822 manifestatur
2687 769 3030 824 summatim
3053 768 3391 825 instaurans
3422 771 3624 826 omnia
3646 772 3707 827 in

2053 856 2269 928 seipso.
2304 881 2330 906 «
2363 857 2425 912 In
2457 858 2792 914 caelestibus
2824 875 2931 932 per
2959 859 3279 916 Christum.
3317 883 3343 909 »ι
3400 861 3706 933 Siquidem

2052 963 2159 1020 per
2184 946 2478 1002 Christum
2506 953 2595 1003 est
2616 955 2820 1004 nostra
2854 948 3189 1005 benedictio
3227 956 3286 1004 et
3327 967 3447 1005 non
3471 968 3576 1022 per
3599 952 3706 1008 ali-

2055 1053 2233 1108 quem
2254 1038 2678 1110 prophetarum
2709 1038 3211 1109 quemadmodum
3233 1041 3258 1094 J
3267 1039 3449 1095 udmis
3462 1043 3709 1114 contigit

2051 1144 2160 1200 per
2190 1129 2407 1184 Mosen.
2433 1132 2481 1183 Δ
2506 1130 2680 1185 Recte
2707 1134 2906 1183 autem
2930 1128 3096 1184 addit
3124 1151 3149 1177 (ι
3186 1130 3250 1183 In
3282 1128 3639 1193 cales-tibus.
3674 1153 3703 1182 κ

2052 1233 2266 1290 nempe
2291 1217 2501 1274 rebus:
2535 1217 2686 1272 nihil
2709 1219 2866 1272 enim
2894 1217 3049 1290 apud
3081 1235 3190 1273 nos
3221 1221 3710 1288 terrenum,sicut

2052 1306 2208 1378 apud
2231 1306 2483 1363 Judaeos.
2521 1307 2604 1363 Ibi
2637 1307 2796 1363 enim
2831 1307 3210 1376 contingebat
3245 1314 3302 1364 et
3337 1310 3504 1364 Terra
3533 1313 3707 1380 ﬂuens

2053 1393 2137 1449 lac
2161 1397 2377 1450 etmel:
2411 1400 2470 1451 et
2521 1396 2673 1450 Bona
2730 1402 2888 1451 terra
2947 1396 3225 1451 comedas:
3285 1402 3344 1452 et
3411 1419 3437 1447 ‹‹
3473 1397 3708 1452 Benedi-

2051 1491 2132 1540 cet
2165 1487 2425 1540 Dominus
2447 1491 2604 1540 terra
2628 1493 2734 1541 tua:
2760 1502 2773 1539 :
2802 1507 2828 1532 η
2851 1485 2947 1540 hic
2974 1492 3171 1542 autem
3196 1487 3398 1542 omnia
3420 1486 3492 1541 de
3522 1503 3702 1560 regno

2052 1573 2355 1629 calorum.
2382 1597 2406 1622 ‹‹
2434 1573 2944 1640 Quemadmodum
2970 1575 3148 1647 elegit
3170 1591 3280 1630 nos
3302 1591 3409 1646 per
3427 1576 3620 1646 ipsum
3675 1598 3702 1625 »

2051 1662 2560 1728 Quemadmodum
2619 1663 2921 1719 benedixit
2977 1679 3084 1719 nos
3125 1663 3278 1719 Deus
3309 1669 3367 1718 et
3398 1665 3570 1719 Pater
3600 1680 3706 1736 per

2051 1753 2369 1822 Christum,
2399 1753 2480 1808 i'a
2510 1759 2570 1809 et
2599 1752 2778 1826 elegit
2831 1770 2940 1808 nos
2997 1770 3103 1825 per
3161 1753 3374 1824 ipsum,
3409 1758 3468 1809 et
3497 1770 3603 1824 per
3634 1754 3706 1808 ii-

2051 1841 2186 1899 dem
2222 1859 2354 1911 quae
2383 1841 2444 1896 in
2479 1842 2672 1914 ipsum
2704 1848 2810 1899 est.
2844 1842 3010 1908 Quod
3041 1848 3238 1899 autem
3270 1842 3453 1898 addit.
3489 1866 3515 1892 «
3553 1846 3703 1900 Ante

2052 1931 2538 1987 constitutionem
2561 1931 2792 2000 mundi,
2817 1953 2843 1980 ››
2868 1931 3161 2006 significat
3181 1932 3340 2004 quod
3366 1947 3436 1988 ex
3457 1933 3702 2003 antiquo

2050 2020 2162 2078 hoc
2185 2021 2497 2078 deﬁnitum
2521 2027 2665 2090 erat,
2689 2027 2754 2076 ut
2779 2023 2877 2094 qui
2903 2023 2963 2078 in
2987 2028 3146 2079 terra
3165 2027 3302 2078 sunt
3329 2022 3469 2078 salvi
3491 2022 3706 2080 ﬂerent

2049 2128 2158 2185 per
2188 2111 2362 2168 ﬁdem
2390 2128 2520 2184 quae
2543 2111 2604 2166 in
2627 2112 2922 2168 Christum
2946 2118 3052 2169 est.
3077 2112 3241 2178 Quod
3263 2118 3459 2168 autem
3489 2110 3698 2166 mundi

2051 2202 2540 2258 constitutionem
2585 2208 2750 2259 vocat
2795 2194 3108 2268 καταϐολὴν
3159 2217 3193 2258 a
3239 2194 3699 2268 καταϐάλλεσθαι,

2050 2292 2110 2348 id
2142 2299 2230 2348 est
2262 2293 2541 2364 dejicere,
2573 2295 2867 2362 significat
2897 2293 3053 2364 quod
3095 2293 3166 2349 ab
3217 2292 3531 2350 altitudine
3559 2307 3704 2362 qua-

2049 2381 2184 2438 dam
2207 2382 2418 2438 divina)
2440 2384 2722 2455 potentia:
2741 2383 2902 2454 jacta
2923 2383 3040 2436 sint
3065 2381 3270 2437 mundi
3293 2381 3701 2438 fundamenta.

2048 2493 2076 2520 ‹‹
2112 2472 2182 2528 Ut
2211 2488 2475 2529 essemus
2503 2474 2710 2529 sancti.
2748 2495 2775 2521 »
2812 2473 2874 2528 In
2907 2473 3085 2538 hunc,
3128 2472 3342 2543 inquit,
3379 2471 3555 2528 finem
3592 2487 3702 2527 nos

285 2560 464 2633 elegit
493 2566 558 2616 ut
585 2561 645 2617 in
675 2559 792 2616 fide
823 2560 1012 2615 sancti
1046 2575 1336 2620 essemus.
1369 2559 1430 2614 in
1484 2558 1599 2614 vita
1629 2557 2205 2629 irreprehensibiles.
2257 2583 2286 2611 «
2319 2562 2528 2618 Coram
2580 2561 2704 2630 illo,
2734 2583 2762 2611 »
2810 2561 3022 2633 inquit.
3079 2561 3225 2615 Sunt
3263 2561 3419 2614 enim
3455 2559 3699 2631 quidam

289 2650 388 2722 qui
423 2649 762 2705 hominibus
790 2650 1062 2704 videntur
1092 2647 1666 2720 irreprehensibiles.
1702 2653 1775 2702 At
1804 2664 1925 2704 non
1956 2647 2069 2706 hoc
2101 2648 2263 2718 dicit,
2288 2651 2392 2708 sed
2413 2675 2440 2702 ι‹
2467 2654 2674 2707 Coram
2698 2651 2825 2707 illo.
2854 2672 2880 2699 ››
2911 2651 3030 2707 Hoc
3057 2654 3256 2706 autem
3287 2648 3426 2704 fecit
3455 2653 3699 2720 propter

286 2739 655 2802 charitatem,
691 2741 907 2812 inquit,
935 2755 1110 2812 quam
1144 2754 1281 2812 erga
1311 2755 1420 2794 nos
1451 2737 1677 2795 habuit.

359 2828 660 2903 Προορίσας
718 2828 865 2899 ἡμᾶς
925 2827 1000 2888 είς
1056 2827 1346 2893 υἱοθεσίαν,
1409 2823 1497 2880 διὰ
1563 2826 1745 2897 Ἰησοῦ
1797 2827 1936 2900 Χρι-

281 2921 408 2972 στοῦ
471 2917 544 2972 εἷς
604 2916 784 2984 αυτὸν,
842 2917 977 2970 κατά
1032 2917 1132 2985 τήν
1196 2911 1441 2970 εὐδοκίαν
1496 2917 1595 2970 τοῦ
1623 2914 1936 2987 θελήματος

279 3007 468 3074 αὐτοῦ,
546 3005 622 3068 είς
699 3001 914 3062 ἔπαινον
990 3002 1150 3075 δόξης
1224 3010 1324 3072 τῆς
1414 3003 1642 3082 χάριτος
1745 3003 1932 3072 αὐτοῦ,

279 3096 332 3152 ἐν
390 3093 428 3172 ἦ
483 3093 811 3171 ἐχαρίτωσεν
869 3095 1020 3168 ἡμᾶς
1077 3093 1128 3150 ἐν
1184 3098 1265 3165 τῷ
1320 3090 1684 3168 ἠγαπημένῳ.
1734 3093 1825 3149 Ἐν
1887 3092 1933 3165 ᾧ

283 3181 488 3260 ἔχομεν
537 3186 634 3252 τὴν
709 3184 1090 3258 ἀπολύτρωσιν
1159 3181 1248 3237 διὰ
1299 3186 1395 3236 τοῦ
1455 3181 1687 3254 αἳματος
1744 3180 1930 3249 αὐτοῦ,

2117 2835 2162 2895 I,
2197 2833 2308 2886 5-8.
2344 2833 2449 2896 Qui
2472 2829 2898 2900 prxdestinavit
2946 2845 3044 2884 nos
3097 2828 3171 2883 ad
3213 2827 3566 2898 adoptionem
3596 2842 3701 2898 per

2042 2921 2224 2974 Iesum
2256 2920 2528 2975 Christum
2558 2921 2631 2973 ad
2659 2922 2838 2988 ipsum
2859 2919 3034 2988 juxta
3067 2915 3471 2988 beneplacrtum
3502 2915 3696 2972 volun-

2046 3011 2178 3062 tatis
2205 3024 2334 3072 sum,
2369 3014 2428 3062 ut
2459 3007 2718 3063 laudetur
2746 3008 2925 3076 gloria
2954 3008 3150 3076 gratia
3194 3021 3305 3061 sua
3353 3021 3466 3075 qua
3500 3006 3694 3061 charos

2044 3096 2284 3152 reddidit
2310 3113 2406 3152 nos
2431 3113 2534 3167 per
2563 3095 2839 3151 dilectum.
2875 3097 2981 3150 Per
3009 3112 3170 3166 quem
3195 3095 3455 3149 habemus
3476 3094 3696 3150 redem-

2034 3188 2283 3258 ptionem
2308 3203 2414 3256 per
2439 3185 2767 3263 sanguinem
2810 3184 3004 3255 ipsius,
3037 3185 3410 3240 remissionem
3433 3189 3695 3254 peccato-

283 3275 385 3344 τήν
443 3275 626 3350 ἄφεσιν
682 3278 790 3329 τῶν
845 3272 1328 3349 παραπτωμάτων,
1394 3271 1532 3326 κατὰ
1591 3271 1682 3324 τὸν
1750 3266 1924 3326 πλοῦ-

2046 3292 2184 3341 rum,
2206 3277 2379 3346 jureta
2409 3275 2632 3330 divitias
2662 3259 2859 3344 gratiae
2886 3289 3014 3339 sua,
3041 3274 3106 3328 de
3135 3289 3248 3344 qua
3276 3273 3514 3328 ubertim
3535 3271 3694 3328 nobis

277 3384 370 3420 τον
473 3370 573 3432 τῆς
672 3363 898 3438 χάριτος
999 3361 1184 3430 αὐτοῦ,
1259 3363 1325 3430 ἧς
1407 3358 1773 3435 ἐπερίσσευσεν
1851 3359 1928 3422 εἰς

274 3455 447 3525 ἡμᾶς,
480 3452 530 3508 ὲν
566 3453 708 3527 πάσῃ
739 3451 902 3530 σοφίᾳ
937 3452 1025 3507 καὶ
1061 3453 1342 3532 φρονήσει.

348 3542 502 3617 Μέγα
547 3542 662 3615 μὶν,
714 3539 804 3598 καί
850 3541 914 3595 τὸ
963 3540 1041 3602 εἰς
1100 3538 1369 3595 υἱοθεσίαν
1417 3538 1737 3615 εἰσαχθῆναι
1767 3542 1928 3606 Θεοῦ,

278 3638 464 3706 μεῖζον
499 3629 557 3690 δὲ
589 3633 646 3687 τὸ
699 3631 788 3686 καὶ
847 3627 936 3686 διὰ
992 3633 1089 3687 τοῦ
1144 3629 1274 3686 Υἱοῦ
1330 3632 1493 3684 τοῦτο
1529 3634 1921 3702 μεσιτευθῆναι.

277 3722 374 3786 Εἷς
407 3722 675 3778 υἱοθεσίαν
719 3719 776 3777 ὂὶ
834 3720 1032 3789 ποίανς
1091 3721 1204 3784 Τὴν
1265 3719 1340 3781 εἷς
1402 3717 1584 3784 αὖτδνν
1643 3718 1799 3796 φησῖ.
1833 3717 1925 3799 φέ-

281 3833 476 3887 ρουσαν
504 3813 595 3866 τόν
630 3811 775 3869 Θεόν.
841 3833 868 3862 ιι
901 3811 1044 3865 Κατᾶ
1096 3810 1194 3878 τήν
1255 3805 1502 3863 εὐδοκίαν
1534 3813 1632 3863 τοῦ
1679 3806 1924 3878 θελήμα·

276 3923 371 3964 τος
405 3901 591 3959 αὖτοῦ.
624 3927 652 3954 »
713 3900 977 3960 Εὐδοκίαν
1037 3900 1162 3974 γὰρ,
1201 3899 1300 3967 τήν
1357 3896 1439 3954 in‘
1499 3898 1768 3973 εὐεργεσίᾳ
1802 3896 1926 3973 βού-

280 3992 440 4061 λησιν
473 3989 588 4054 ἔθος
634 3995 703 4066 τῇ
752 3991 866 4062 θείᾳ
922 3987 1108 4046 καλεῖν
1169 3992 1377 4066 Γραφῇ.
1415 4012 1442 4041 ι(
1473 3992 1580 4044 Τοῦ
1612 3984 1924 4062 θελήματος

274 4082 464 4138 αὐτοῦ.
519 4106 547 4133 ιι
608 4085 786 4140 Ταῦτα
845 4079 902 4138 δὶ
951 4081 1126 4136 πάντα
1182 4079 1435 4151 ἐποίησεν
1493 4077 1569 4142 εἷς
1627 4080 1794 4151 ἡμᾶς,
1855 4075 1924 4133 δι’

269 4169 416 4227 ἄλλο
479 4170 571 4243 μὶν
626 4168 809 4236 οὑδὶν,
869 4167 1016 4237 πλήν
1076 4170 1160 4224 ’ὁτι
1221 4163 1512 4239 ἠϐουλήθη
1571 4167 1662 4222 καὶ
1714 4164 1923 4240 σφόδρα

269 4258 579 4332 ἀπεθύμησε
639 4260 826 4333 χάριτι
881 4263 1049 4313 σῶσαι
1107 4258 1234 4320 τοὺς
1291 4257 1379 4313 ἐπὶ
1428 4264 1552 4332 γῆς,
1603 4256 1739 4330 πρὸς
1769 4256 1831 4310 τὸ
1865 4256 1925 4310 ὲκ

268 4349 466 4405 τούτου
499 4349 828 4412 ἐπαινεῖσθαι
886 4346 976 4403 καὶ
1035 4345 1347 4418 δοξάζεσθαι
1400 4347 1500 4414 τήν
1562 4344 1711 4418 ἁγίαν
1756 4343 1923 4398 αὐτοῦ

273 4435 430 4508 δόξαν
484 4441 582 4502 τῆς
653 4436 901 4512 χάριτος.
966 4460 992 4488 ‹‹
1051 4438 1136 4492 Ἐν
1291 4434 1620 4509 ἐχαρίτωσεν
1680 4433 1848 4506 ἡμᾶς.
1892 4456 1921 4484 ››

268 4528 608 4605 Ἐχαρίτωσε
663 4523 741 4595 δὲ,
802 4532 1016 4603 πρῶτον
1077 4528 1174 4601 μὶν
1230 4526 1458 4583 ἰνώπιον
1485 4530 1591 4580 τῶν
1624 4522 1920 4602 ὀφθαλμῶν

2038 3367 2352 3438 impartivit
2378 3366 2437 3420 in
2461 3363 2612 3421 omni
2637 3365 2914 3435 sapientia
2945 3369 2998 3420 et
3022 3363 3348 3434 prudentia.

2108 3551 2381 3622 Magnum
2413 3545 2656 3620 quidem
2687 3552 2795 3614 est,
2849 3547 2912 3605 in
2965 3545 3179 3603 Filium
3211 3543 3313 3602 Dei
3346 3543 3694 3616 adoptatum

2038 3653 2165 3696 esse
2195 3655 2208 3692 :
2243 3637 2436 3710 majus
2469 3641 2558 3694 est
2588 3643 2809 3707 autem,
2843 3635 2903 3692 id
2936 3653 3059 3708 per
3101 3636 3294 3708 ipsum
3326 3634 3541 3690 Filium
3575 3651 3695 3692 me-

2038 3728 2322 3785 diatorem
2355 3727 2636 3800 adeptum
2670 3742 2816 3782 esse.
2848 3725 2932 3780 Ad
2978 3739 3152 3794 quam
3189 3729 3384 3779 autem
3419 3723 3695 3792 adaptio-

2036 3836 2173 3876 nem
2195 3818 2223 3874 ?
2253 3818 2339 3874 Ad
2372 3833 2522 3880 eam,
2559 3817 2775 3888 inquit,
2801 3832 2932 3887 quae
2966 3811 3219 3868 ducitad
3251 3813 3446 3883 ipsum
3483 3813 3688 3871 Deum.

2038 3933 2063 3959 α
2097 3910 2269 3966 Juxta
2301 3907 2738 3979 beneplacitum
2769 3903 3085 3961 voluntatis
3128 3919 3270 3957 suae.
3307 3923 3335 3950 »
3377 3903 3692 3959 Consuevit

2037 4000 2196 4056 enim
2227 3998 2430 4054 divina
2465 3996 2767 4066 Scriptura
2822 3993 3188 4049 voluntatem
3218 4007 3286 4047 ac
3316 3991 3687 4064 propositum

2036 4087 2104 4142 ad
2139 4082 2654 4148 benefaciendum,
2678 4097 2883 4139 vocare
2915 4079 3372 4152 beneplacitum.
3411 4102 3438 4129 «
3464 4080 3688 4136 Volun-

2037 4175 2171 4230 tatis
2200 4189 2342 4229 suae.
2377 4194 2403 4220 »
2439 4172 2571 4228 Haac
2618 4177 2817 4228 autem
2875 4169 3076 4226 omnia
3098 4181 3252 4240 'erga
3281 4185 3388 4224 nos
3419 4168 3493 4225 ob
3523 4169 3689 4226 aliud

2035 4262 2185 4319 nihil
2217 4267 2492 4334 operatus
2524 4266 2631 4324 est.
2666 4261 2778 4316 nisi
2818 4260 2959 4332 quia
2986 4259 3172 4314 voluit
3200 4273 3268 4314 ac
3303 4259 3688 4315 vehementer

2035 4350 2369 4423 concupivit
2396 4365 2502 4422 per
2537 4349 2784 4424 gratiam
2833 4349 3022 4404 salvos
3063 4346 3257 4404 facere
3288 4362 3389 4403 eos
3420 4346 3520 4418 qui
3551 4351 3691 4402 sunt

2034 4439 2095 4494 in
2125 4444 2298 4501 terra,
2360 4444 2424 4493 ut
2480 4455 2549 4495 ex
2611 4439 2722 4494 hoc
2771 4437 3113 4495 laudaretur
3159 4452 3226 4492 ac
3255 4435 3689 4510 gloriﬁcaretur

2035 4535 2239 4585 sancta
2265 4528 2466 4602 gratias
2498 4528 2683 4601 ipsius
2714 4527 2919 4600 gloria.
2976 4548 2999 4577 α
3042 4527 3168 4592 Qua
3188 4527 3398 4581 charos
3429 4522 3688 4582 reddidit

265 4619 456 4688 αὑτοῦ,
524 4611 708 4675 ἔπειτα
764 4616 1089 4693 ἐπεράστους
1167 4616 1422 4689 ἐποίησεν
1489 4614 1769 4691 ἀγγέλοις,
1836 4617 1925 4693 ἀρ-

2046 4634 2161 4674 aos.
2200 4639 2228 4668 »
2261 4618 2480 4674 Charos
2538 4623 2738 4674 autem
2792 4615 3071 4675 reddidit.
3129 4615 3387 4688 primum
3441 4612 3685 4684 quidem

265 4708 586 4783 χαγγέλοις,
641 4712 761 4769 ταῖς
810 4706 922 4762 ἀνω
981 4705 1260 4782 δυνάμεσι,
1319 4712 1438 4768 τοῖς
1499 4706 1920 4781 εὐηρεστηκόσιν

272 4797 425 4866 αὖτῷ
484 4796 676 4871 ἁγίοις.
737 4821 765 4848 ι(
829 4797 1350 4872 Ἐπιθυμήσειξέγαρ
1405 4797 1432 4850 ὁ
1495 4793 1748 4870 βασιλεὺς
1826 4801 1922 4851 τοῦ

271 4882 515 4948 κάλλους
547 4905 662 4944 σου.
695 4908 724 4937 ››
757 4886 870 4954 Τὴν
905 4882 962 4940 δὶ
994 4885 1154 4961 χάριν
1209 4884 1407 4953 ταύτην
1455 4880 1544 4939 διὰ
1573 4889 1670 4939 τοῦ
1699 4885 1926 4960 ἠγαπη-

278 4976 443 5050 μὲνου
496 4977 731 5052 Χριστοῦ
787 4982 904 5038 τοῖς
951 4977 1032 5030 ἐπὶ
1085 4983 1187 5052 γῆς
1240 4972 1496 5042 δέδωκεν,
1557 4975 1718 5037 αὐτὸς
1760 4976 1922 5050 γάρὸ

276 5065 524 5142 μεσίτης.
573 5090 600 5119 ιι
633 5069 721 5123 Ἐν
749 5066 796 5139 ᾦ
827 5063 1034 5140 ἔχομεν
1083 5067 1182 5133 τήν
1231 5063 1632 5139 ἀπολύτρωσιν.
1669 5087 1696 5113 ›ι
1727 5065 1806 5118 Δι’
1837 5065 1920 5133 οὗ,

269 5157 457 5234 φησῖν,
510 5149 712 5231 ἔχομεν
771 5156 871 5225 τὴν
928 5156 1112 5232 ἄφεσιν
1187 5150 1276 5209 διὰ
1315 5157 1412 5208 τοῦ
1474 5152 1703 5226 αἳματος
1758 5152 1922 5208 αὐτοῦ

270 5246 578 5321 ὑπάρξαααν
636 5247 794 5316 ἡμῖν.
850 5245 1169 5317 Θαυμαστὸν
1218 5243 1321 5319 γὰρ
1374 5243 1436 5298 τὸ
1482 5241 1756 5314 μὴμόνον
1792 5243 1922 5318 ὑπὲρ

262 5334 502 5413 ἐχθρῶν,
553 5335 701 5391 ἀλλὰ
741 5336 831 5391 καὶ
860 5336 954 5390 τὸν
1004 5334 1126 5390 Υίὸν
1189 5331 1374 5390 δοῦναι
1405 5331 1494 5387 καὶ
1527 5332 1662 5406 πρὸς
1695 5331 1919 5395 Θάνατὸν

265 5421 354 5478 διὰ
403 5429 502 5480 τοῦ
533 5426 786 5500 αἳματος.
821 5428 996 5483 Τοῦτο
1046 5425 1148 5500 γὰρ
1197 5427 1304 5478 τῶν
1357 5418 1578 5496 δωρεῶν
1625 5422 1687 5476 τὸ
1720 5442 1923 5497 φρικω-

259 5512 538 5572 δέστατον.
574 5539 600 5564 κ
637 5515 780 5571 Κατᾶ
807 5513 898 5570 τὸν
955 5511 1194 5568 πλοῦτον
1252 5517 1354 5580 τῆς
1413 5511 1642 5585 χάριτος
1675 5510 1860 5566 αὐτοῦ.
1892 5533 1920 5563 ››

339 5721 364 5758 ⁸
388 5720 548 5781 Psal.
578 5735 732 5793 ιιιν,
765 5723 853 5780 12.

2035 4724 2233 4765 coram
2275 4707 2464 4765 oculis
2497 4708 2638 4771 suis,
2672 4707 2889 4763 deinde
2921 4704 3208 4762 amabiles
3239 4704 3464 4777 angelis
3496 4702 3684 4758 reddi-

2036 4798 2141 4865 dit,
2174 4799 2563 4872 archangelis,
2612 4797 2885 4870 supernis
2932 4795 3344 4869 potestatibus,
3375 4799 3434 4850 et
3460 4793 3552 4849 his
3581 4793 3684 4865 qui

2036 4889 2144 4944 sibi
2179 4888 2410 4960 placent
2439 4888 2676 4944 sanctis.
2711 4889 2754 4944 5
2793 4910 2818 4937 ‹‹
2852 4887 2996 4942 Nam
3037 4885 3432 4956 concupiscet,
3465 4883 3681 4954 inquit,

2032 4995 2134 5034 rex
2166 4979 2439 5034 decorem
2475 4984 2640 5032 tuum
2657 4977 2694 5031 ο.
2733 4999 2759 5026 »
2795 4977 2954 5032 Hanc
2986 4975 3234 5048 gratiam
3264 4992 3369 5048 per
3397 4974 3683 5032 dilectum

2033 5064 2331 5120 Chr'stum
2378 5064 2469 5120 his
2502 5065 2603 5136 qui
2635 5064 2696 5119 in
2729 5070 2886 5120 terra
2943 5068 3080 5119 sunt
3112 5063 3337 5131 tribuit,
3371 5064 3494 5136 ipse
3523 5062 3683 5119 enim

2031 5153 2324 5211 mediator
2345 5160 2448 5210 est.
2478 5178 2502 5204 α
2526 5156 2637 5209 Per
2653 5171 2830 5225 quem
2851 5153 3137 5210 habemus
3154 5153 3623 5226 redemptionem
3655 5175 3678 5204 ι

2033 5246 2141 5300 l’er
2172 5261 2366 5315 quem,
2404 5244 2618 5315 inquit,
2651 5243 2938 5298 habemus
2970 5243 3382 5300 remissionem
3415 5261 3546 5313 qua)
3578 5258 3684 5314 per

2031 5335 2376 5406 sanguinem
2410 5335 2594 5406 ipsius
2624 5335 2796 5389 nobis
2827 5335 3092 5406 contigit.
3130 5332 3562 5388 Admirandum
3595 5337 3684 5384 est

2032 5424 2189 5477 enim
2221 5440 2342 5478 non
2375 5423 2565 5478 solum
2603 5422 2761 5494 quod
2816 5439 2921 5494 pro
2980 5422 3261 5489 inimicis,
3297 5419 3680 5476 verumetiam

2033 5501 2190 5582 quod
2223 5513 2465 5570 omnino
2489 5514 2701 5570 Filium
2728 5511 2979 5580 dederit,
3004 5513 3182 5585 idque
3205 5511 3279 5568 ad
3300 5513 3551 5567 mortem
3572 5523 3681 5580 per
