4108 6192
406 368 568 430 1179

1538 359 1952 424 mCUMENII
1995 359 2303 424 TRICCE
2348 363 2694 428 EPISCOPI

3672 363 3830 428 1180

413 501 688 561 arrhabo.
720 518 746 543 ν»
778 495 1044 555 Arrhabo
1066 511 1203 552 rem
1233 510 1474 554 omnem
1507 497 1840 555 confirmat.
1877 497 2068 570 Adep-

2190 491 2309 557 Ξών.
2351 499 2458 557 ’Ὀ
2488 494 2742 574 ἆῤῥαϐὼν
2794 502 3084 557 πιστοῦται
3139 499 3201 556 τὸ
3259 497 3412 560 ὅλον.
3473 497 3587 569 Τὴν
3640 499 3831 556 τοίνυν

415 594 639 647 tionem
670 589 848 662 igitur
868 588 1300 659 innumeraque
1326 587 1478 643 bona
1508 587 1871 644 conﬁrmans
1895 589 2067 655 Deus,

414 679 807 735 arrhabonem
842 676 1004 732 dedit
1035 677 1291 732 caelestis
1349 677 1735 733 haereditatis.
1790 677 2070 749 Spiritum

416 776 704 826 sanctum.
749 788 768 815 ι
805 768 914 834 Qui
947 773 1050 822 est.
1089 786 1118 816 »
1152 768 1334 838 ipsum
1368 766 1512 822 dicit
1542 768 1848 840 Spiritum.
1909 767 2074 824 Fecit

414 865 612 914 autem
646 858 1037 912 mutationem
1068 856 1302 911 articuli
1337 856 1671 928 (assumens
1701 855 1758 918 ὅς
1793 856 2068 914 masculi-

422 964 594 1013 num,
628 963 760 1001 cum
795 945 1167 1017 praecesserit
1196 947 1407 1014 πνεῦμα
1440 946 1736 1016 neutrum)
1768 962 1887 1001 non
1919 945 2071 1001 refe-

418 1051 559 1093 rens
611 1035 685 1092 ad
742 1037 958 1104 πνεῦμα
1013 1033 1171 1105 quod
1231 1050 1575 1106 expressum
1641 1041 1785 1094 erat.
1845 1034 1948 1089 sed
1999 1034 2073 1090 ad

423 1143 666 1184 sensum
709 1141 824 1198 quo
883 1124 1325 1192 intelligebatur
1368 1123 1522 1189 Θεός,
1572 1123 1630 1179 id
1682 1130 1769 1180 est
1816 1125 1968 1179 Deus
2023 1123 2070 1178 8

415 1217 706 1283 Quoniam
739 1215 899 1270 enim
931 1215 1163 1270 dixerat
1200 1211 1484 1284 πνεύματι,
1517 1213 1575 1268 id
1608 1221 1697 1269 est
1719 1213 1950 1286 spiritu.
1977 1213 2072 1268 hic

414 1312 612 1364 autem
645 1309 736 1360 est
790 1305 966 1369 Deus,
1025 1302 1348 1374 subjungit,
1411 1303 1648 1375 proprie
1704 1310 1762 1358 et
1819 1301 2072 1375 graviori

412 1396 589 1453 modo
621 1395 980 1450 coordinans
1002 1391 1060 1452 ὅς
1095 1389 1233 1444 ἐστιν
1258 1385 1536 1464 ἀρραϐών,
1561 1393 1661 1463 qui
1687 1397 1777 1448 est
1795 1389 2070 1458 arrhabo,

410 1491 521 1541 etc.
559 1507 585 1532 α
619 1483 940 1553 Acquisitaa
975 1481 1389 1553 possessionis.
1431 1504 1458 1530 »
1513 1483 1879 1553 Acquisitam
1933 1502 2072 1557 pos-

414 1573 743 1630 sessionem
779 1589 884 1627 nos
916 1577 1102 1636 vocat,
1141 1570 1302 1641 quod
1333 1571 1680 1642 acquisierit
1727 1589 1836 1628 nos
1893 1573 2072 1631 Deus.

414 1663 599 1732 Igitur
629 1660 904 1718 arrhabo.
936 1659 1150 1730 inquit,
1185 1660 1257 1715 ad
1281 1660 1392 1716 hoc
1423 1660 1599 1716 etiam
1623 1667 1712 1716 est
1732 1667 1795 1717 ut
1822 1662 2072 1719 redime-

418 1759 583 1809 retur
603 1750 894 1820 acquisita
925 1750 1054 1822 ejus
1085 1750 1399 1821 possessio.
1439 1749 1520 1804 lbi
1555 1756 1751 1805 autem
1785 1767 1933 1822 pura
1963 1752 2076 1808 erit

2181 587 2450 643 υἱοθεσίαν
2497 590 2585 644 καὶ
2647 589 2714 645 τὰ
2783 590 2951 665 μυρία
3015 590 3188 666 ἀγαθὲ
3225 588 3588 662 πιστούμενος
3619 591 3649 646 ὁ
3681 593 3831 661 Θεὸς,

2181 674 2410 733 δέδωκεν
2454 673 2746 753 ἀρραϐῶνα
2802 687 2902 748 τῆς
2946 679 3268 756 ἐπουρανίου
3322 679 3716 752 κληεονομίας,
3766 681 3826 736 τὸ

2180 761 2330 842 ἅγιον
2395 768 2631 839 Πνεῦμα.
2691 793 2720 820 «
2777 770 2878 827 "0:
2936 767 3070 836 ἐστι,
3132 793 3160 820 ι)
3217 769 3280 824 τὸ
3341 773 3578 841 Πνεῦμα,
3640 769 3825 850 φησὶν.

2179 888 2250 898 -—
2277 858 2483 932 [ΦΩΤ.]
2517 858 2847 927 Ἐποιησατο
2879 856 2935 914 δὲ
2963 861 3061 930 τήν
3090 857 3402 932 μετάληψιν
3455 863 3552 914 τοῦ
3600 856 3828 932 ἄρθρου,

2181 945 2280 1000 οὐκ
2309 945 2414 1000 ἀπὸ
2443 952 2544 1013 τῆς
2574 953 2852 1024 προφορᾶς
2879 951 2978 1011 τῆς
3011 948 3150 1003 κατᾶ
3179 947 3241 1002 τὸ
3273 950 3509 1019 Πνεῦμα,
3543 945 3668 1003 ἀλλ’
3726 948 3830 1002 ἀπὸ

2179 1042 2278 1104 τῆς
2339 1035 2541 1096 ἐννοίας
2597 1043 2696 1105 τῆς
2756 1036 2860 1092 ἀπὸ
2916 1042 3013 1092 τοῦ
3075 1041 3229 1094 Θεοῦ.
3306 1037 3454 1092 Ἐπεὶ
3526 1037 3629 1112 γὰρ
3689 1037 3834 1104 εἷπε,

2185 1124 2476 1198 Ηνεύματι,
2518 1129 2681 1181 τοῦτο
2735 1121 2790 1180 δέ
2848 1124 2956 1180 ἐστι
3017 1125 3166 1191 Θεὸς,
3230 1123 3413 1194 ἐπάτει
3469 1124 3686 1185 οῗκείως
3742 1125 3836 1180 καὶ

2187 1214 2477 1289 βαθύτερον
2511 1214 2841 1284 συντάσσων,
2881 1215 2980 1274 ’Ὀς
3025 1212 3165 1269 ἐστιν
3218 1208 3492 1288 ἆβραϐὼν,
3543 1214 3633 1268 καὶ
3687 1215 3834 1282 ἑξῆς.

2184 1326 2213 1356 ‹‹
2244 1306 2360 1371 Τῆς
2390 1305 2815 1377 περιποιήσεως.
2853 1327 2880 1355 »ι
2917 1302 3267 1379 ίιερεποίησιν
3315 1306 3462 1375 ἡμᾶς
3513 1301 3694 1367 καλεῖ,
3746 1300 3835 1356 διὰ

2180 1392 2242 1446 τὸ
2272 1394 2723 1466 περιποιήσασθαι
2758 1395 2906 1467 ἡμᾶς
2934 1393 3024 1447 τὸν
3073 1391 3224 1448 Θεόν.
3285 1393 3347 1449 ’0
3403 1392 3493 1446 οὗν
3552 1387 3834 1466 ἆρῥαῦὼν,

2183 1481 2337 1558 φησὶ,
2367 1481 2619 1553 καὶπρὸς
2657 1482 2817 1536 τοῦτό
2875 1481 3007 1549 ἐστι,
3061 1485 3156 1534 τοῦ
3200 1480 3690 1555 ἀπολυτρώσασθαι
3736 1483 3839 1548 τήν

2182 1571 2530 1644 περιποίησιν
2559 1571 2744 1626 αὐτοῦ.
2805 1572 2948 1628 Ἐκει
3007 1567 3062 1626 δί
3121 1565 3330 1640 ἔσταιὴ
3362 1572 3570 1647 καθαρᾶ
3624 1569 3834 1626 ἀπολύ-

2183 1679 2406 1734 τρωσις,
2439 1659 2562 1714 ὅταν
2600 1661 2674 1732 μή
2711 1660 2876 1732 μόνον
2910 1661 3213 1733 ἁμαρτιῶν,
3246 1659 3393 1717 ἀλλᾶ
3423 1661 3509 1716 καὶ
3565 1663 3664 1714 τοῦ
3697 1659 3835 1733 μετὰ

2184 1747 2528 1821 ἁμαρτωλῶν
2582 1754 2868 1810 συνοικεῖν,
2927 1746 3280 1824 λυτρωθῶσιν
3341 1751 3392 1804 οἱ
3451 1750 3618 1825 ἆγιοι.
3677 1775 3702 1798 α
3736 1748 3834 1809 Εἰς

423 1839 756 1912 redemptio
805 1839 1042 1910 quando
1067 1855 1187 1895 non
1219 1838 1411 1894 solum
1442 1838 1812 1895 redimantur
1833 1842 2019 1898 sancti
2043 1858 2076 1896 a

2190 1835 2398 1893 ἔπαινον
2425 1844 2526 1907 τῆς
2559 1835 2720 1908 δόξης
2750 1837 2936 1898 αὑτοῦ.
2973 1865 2993 1893 ι
3032 1841 3210 1895 Τοῦτο
3267 1843 3511 1914 συνεχῶς
3563 1835 3834 1915 ἐπιλέγει,

420 1931 699 2003 peccatis,
731 1944 936 1983 verum
970 1928 1148 1984 etiam
1178 1943 1213 1983 a
1242 1927 1680 1983 cohabitatione
1708 1945 1842 1985 cum
1870 1946 2074 2002 pecca-

421 2017 669 2073 toribus.
707 2036 732 2067 α
769 2017 830 2071 In
865 2014 1100 2071 laudem
1131 2013 1328 2086 gloriae
1353 2031 1492 2069 sum.
1542 2035 1564 2065 ο
1629 2016 1746 2072 Hoc
1795 2019 2074 2073 continue

420 2106 1114 2177 subjungit,conﬁrmans
1129 2103 1285 2175 quod
1310 2104 1556 2160 omnino
1571 2106 1922 2180 contingent
1944 2123 2075 2178 quas

419 2197 715 2269 promissa
753 2200 912 2250 sunt.
948 2196 1028 2250 Ac
1060 2194 1107 2248 si
1149 2193 1411 2248 diceret:
1472 2194 1529 2248 Si
1587 2193 1828 2266 quidem
1886 2195 2076 2251 nostri

2187 1927 2552 1998 πιστούμενος
2604 1929 2667 1982 τὸ
2723 1927 2938 1990 πάντως
2998 1925 3209 1991 ἔσεσθαι
3293 1929 3358 1983 τὰ
3435 1925 3840 2001 ἐπηγγελμένα.

2187 2017 2329 2070 Ὠσεὶ
2386 2014 2587 2092 ἔλεγενο
2634 2017 2696 2074 Εἰ
2766 2017 2862 2088 μὲν
2921 2019 3082 2091 ἡμῶν
3135 2013 3306 2073 ἕνεκεν
3365 2021 3532 2072 ταῦτα
3584 2014 3844 2090 ἱπηγγείο

2189 2103 2346 2176 λατο,
2379 2107 2474 2160 κᾶν
2504 2101 2873 2185 ἀμφιϐάλλειν
2905 2107 2994 2176 ἦν·
3023 2107 3068 2162 εἰ
3101 2104 3158 2163 δὲ
3213 2104 3304 2161 διὰ
3352 2108 3413 2162 τὸ
3458 2107 3841 2178 θαυμασθῆναι

2186 2197 2285 2261 τήν
2316 2192 2472 2266 δόξαν
2505 2197 2691 2253 αὐτοῦ,
2725 2195 2807 2259 τίς
2839 2198 3048 2272 ἀντερεῖ
3079 2196 3273 2253 λοιπόν
3305 2217 3319 2266 ;

425 2300 602 2344 causa
631 2284 753 2339 hinc
795 2282 1184 2354 promisisset.
1233 2282 1503 2340 fortassis
1558 2283 2003 2355 relinqueretur
2059 2285 2392 2342 haesitatio:
2445 2303 2650 2344 verum
2707 2289 2755 2344 si
2815 2286 2948 2346 ideo
2996 2288 3272 2362 promisit
3328 2293 3394 2344 ut
3451 2287 3840 2348 admirationi

425 2391 494 2434 ac
523 2373 887 2430 venerationi
920 2371 1240 2429 haberetur
1269 2372 1458 2440 gloria
1488 2389 1696 2444 ipsius,
1733 2374 1868 2445 quis
1897 2373 2180 2447 deinceps
2211 2377 2578 2435 contradicet
2603 2378 2631 2433 ?

1081 2472 1311 2528 CAPUT
1355 2473 1420 2526 ll.

425 2565 675 2621 Precatio
720 2578 828 2634 pro
887 2561 1242 2636 cognitione
1285 2561 1547 2636 bonorum
1629 2577 1762 2632 erga
1833 2578 1930 2618 nos
1979 2578 2085 2636 per

912 2635 1191 2690 Christum
1221 2631 1379 2687 indu:
1395 2639 1595 2689 torum.

491 2748 532 2812 l,
567 2748 752 2802 15-20.
785 2747 1016 2816 Propter
1064 2743 1164 2799 hoc
1215 2750 1269 2799 et
1317 2759 1418 2809 ego
1467 2760 1586 2798 cum
1637 2745 1907 2800 audissem
1965 2761 2083 2800 eam

417 2851 539 2908 quae
568 2837 627 2889 in
656 2834 807 2890 vobis
836 2840 913 2889 est
942 2834 1106 2902 fidem
1136 2834 1195 2886 in
1240 2831 1474 2888 Domino
1530 2833 1678 2897 Jesu,
1731 2839 1780 2888 et
1833 2833 2083 2888 charita-

421 2933 530 2981 tem
557 2941 724 2996 quam
753 2923 974 2978 habetis
1030 2939 1165 2992 erga
1212 2937 1395 2977 omnes
1445 2929 1680 2984 sanctos.
1721 2938 1834 2977 non
1892 2924 2081 2978 desino

419 3017 632 3087 gratias
662 3030 823 3084 agere
849 3029 954 3083 pro
984 3011 1158 3077 vobis,
1195 3018 1527 3067 mentionem
1568 3011 1737 3066 vestri
1783 3014 1992 3081 faciens
2021 3014 2080 3068 in

411 3105 670 3177 precibus
700 3106 849 3170 meis,
896 3109 958 3158 ut
1010 3103 1145 3156 Deus
1202 3100 1420 3156 Domini
1477 3100 1651 3157 nostri
1699 3102 1827 3156 Jesu
1877 3101 2082 3157 Christi

421 3199 587 3250 Pater
615 3194 816 3263 gloriae
837 3193 927 3248 det
957 3192 1106 3246 vobis
1137 3191 1411 3261 Spiritum
1466 3191 1756 3261 sapientiae
1786 3197 1836 3247 et
1864 3191 2076 3247 revela-

415 3285 582 3338 tionis
606 3298 709 3352 per
735 3281 1078 3351 agnitionem
1115 3281 1221 3338 sui.
1268 3280 1612 3335 illuminatos
1653 3281 1835 3335 oculos
1878 3283 2077 3337 mentis

2822 2477 3084 2534 ΚΕΦΔΛ.
3126 2477 3202 2533 B‘.

2191 2563 2348 2640 Εὑχὴ
2416 2564 2539 2639 περὶ
2601 2565 2877 2641 γνώσεωςΔ
2931 2569 3041 2641 τῶν
3116 2568 3363 2641 -Χριστῷ
3466 2564 3840 2641 είσαχθάντων

2749 2638 2966 2714 ἀγαθῶν
2996 2636 3072 2699 είς
3103 2639 3268 2707 ἡμᾶς.

2262 2745 2358 2800 Διὰ
2405 2749 2566 2801 τοῦτο
2625 2745 2778 2819 κάγὼ
2835 2744 3066 2808 ἀκούσας
3123 2746 3220 2814 τὴν
3287 2746 3405 2799 καθ’
3469 2746 3608 2816 ὑμᾶς
3660 2745 3843 2800 πίστιν

2189 2833 2241 2889 ἐν
2302 2839 2382 2907 τῷ
2449 2834 2633 2910 Κυρίῳ
2691 2837 2894 2904 Ἰησοῦ,
2954 2837 3042 2891 καὶ
3116 2836 3214 2906 τήν
3304 2835 3520 2910 ἀγάπην
3603 2838 3704 2904 τὴν
3759 2837 3848 2899 εἰς

2188 2923 2388 2985 πάντας
2459 2922 2587 2986 τοῦς
2679 2922 2895 2998 ἁγίους,
2990 2924 3054 2980 οὐ
3147 2925 3394 2996 παύομαι
3496 2923 3838 2999 εὐχαριστῶν

2191 3011 2320 3086 ὑπὲρ
2390 3012 2563 3086 ὑμῶν,
2647 3011 2828 3086 μνείαν
2926 3012 3078 3084 ὑμῶν
3171 3012 3502 3085 ποιούμενος
3571 3011 3658 3066 ἐπί
3727 3017 3846 3068 τῶν

2187 3105 2506 3178 προσευχῶν
2581 3121 2710 3175 μου,
2769 3099 2863 3156 *ἶνα
2929 3101 2957 3156 ὁ
3024 3100 3155 3163 Θεὸς
3227 3104 3322 3156 τοῦ
3416 3100 3610 3175 Κυρίου
3675 3103 3850 3171 ἡμῶν

2187 3192 2370 3262 Ἰησοῦ
2433 3193 2670 3266 Χριστοῦ
2737 3191 2764 3244 ὁ
2833 3191 3020 3264 Πατὴρ
3085 3196 3187 3260 τῆς
3257 3187 3440 3264 δόξης,
3519 3186 3634 3262 δῴη
3709 3189 3848 3260 ὑμῖν

2185 3284 2398 3352 πνεῦμα
2464 3281 2657 3358 σοφίας
2720 3279 2809 3334 καὶ
2904 3277 3302 3354 ἀποκαλύψεως
3390 3279 3441 3334 ἐν
3543 3276 3838 3352 ἐπιγνώσει

414 3378 604 3427 vestrae
631 3387 650 3422 :
679 3376 740 3422 ut
766 3371 951 3424 sciatis
977 3383 1098 3436 qua
1139 3370 1211 3422 sit
1264 3383 1384 3438 spes
1434 3370 1736 3424 vocationis
1781 3371 1973 3439 ipsius,
2023 3376 2076 3424 et

2190 3369 2352 3426 αὑτοῦ
2417 3370 2860 3448 πεφωτισμένους
2951 3368 3079 3432 τοὺς
3164 3366 3481 3440 ὀφθαλμοὺς
3545 3374 3645 3436 τῆς
3715 3365 3860 3423 δια.

418 3474 546 3530 qurc
586 3458 803 3511 divitiae
831 3455 1024 3525 gloriae
1057 3456 1402 3510 hereditatis
1433 3457 1591 3512 illius
1620 3473 1679 3510 in
1735 3460 1959 3523 sanctis,
2023 3466 2076 3514 et

421 3563 541 3619 quae
571 3548 643 3601 sit
675 3545 940 3600 excellens
971 3545 1299 3613 magnitudo
1324 3548 1590 3614 potentiae
1622 3545 1773 3600 illius
1798 3562 1926 3614 erga
1959 3562 2080 3612 nos,

421 3639 519 3710 qui
550 3634 821 3691 credimus
849 3633 1145 3689 secundum
1175 3635 1481 3702 efficaciam
1520 3633 1734 3689 roboris
1786 3636 2079 3702 fortitudi-

423 3729 508 3782 nis
547 3727 664 3797 ejus
691 3741 858 3797 quam
913 3725 1158 3780 exercuit
1216 3725 1274 3776 in
1325 3721 1562 3790 Christo,
1620 3738 1744 3777 cum
1794 3725 2080 3779 suscitavit

420 3835 542 3876 eum
572 3834 640 3874 ea:
672 3819 917 3884 mortuis,
939 3821 992 3871 et
1020 3815 1205 3872 sedere
1232 3816 1366 3882 fecit
1397 3814 1472 3869 ad
1503 3813 1789 3869 dexteram
1833 3830 1988 3870 suam
2018 3817 2076 3869 in

421 3907 740 3964 malestibus.

498 4210 524 4236 ‹‹
558 4187 805 4258 Propter
833 4187 946 4243 hoc
977 4193 1036 4243 et
1065 4200 1193 4258 ego.
1229 4206 1258 4235 υ
1308 4186 1556 4257 Propter
1601 4183 1758 4240 bona
1805 4198 1935 4255 qum
1983 4181 2079 4238 his

429 4277 685 4349 reposita
717 4282 855 4332 sunt
887 4276 986 4348 qui
1019 4284 1178 4332 recte
1222 4274 1473 4330 credunt
1518 4290 1586 4330 ac
1635 4273 1839 4328 vivunt
1869 4289 1882 4327 ε
1934 4279 1993 4329 et
2029 4272 2076 4326 9

431 4368 570 4440 quia
599 4383 698 4422 vos
725 4366 880 4422 inter
910 4381 1010 4422 eos
1049 4365 1307 4421 ordinati
1361 4365 1503 4419 estis
1541 4364 1642 4435 qui
1692 4363 1834 4418 salvi
1884 4365 2078 4416 erunt.

433 4481 454 4506 ε
489 4459 631 4514 Eam
663 4473 794 4528 quin
825 4456 886 4510 in
909 4454 1069 4509 vobis
1091 4458 1182 4509 est
1213 4451 1411 4509 fidem.
1440 4474 1463 4503 υ
1489 4453 1676 4524 Supra
1696 4451 1898 4508 omnia
1919 4451 2080 4508 enim

425 4545 500 4604 ob
529 4545 708 4602 ﬁdem
739 4545 857 4601 Deo
880 4542 1121 4616 agenda;
1149 4548 1289 4597 sunt
1311 4541 1482 4596 nobis
1503 4540 1891 4610 gratiaequod
1919 4555 2076 4594 men-

424 4641 544 4692 tem
575 4635 648 4690 ad
680 4632 1044 4690 credendum
1103 4631 1274 4686 nobis
1335 4629 1586 4686 dederit.
1651 4630 1778 4684 «In
1829 4628 2078 4684 Domino

425 4723 580 4780 Jesu.
618 4745 646 4774 ››
680 4725 790 4778 Per
819 4721 1210 4795 hyperbaton,
1245 4719 1423 4775 ﬁdem
1471 4718 1668 4789 inquit
1719 4717 1779 4772 in
1830 4718 2078 4773 Domino

428 4815 564 4867 Iesu
586 4829 763 4882 quam
794 4830 892 4868 vos
941 4812 1098 4867 nacti
1159 4810 1323 4865 estis.
1384 4808 1630 4879 Semper
1685 4813 1882 4863 autem
1939 4806 2076 4862 fidei

433 4903 737 4974 conjungit
759 4902 917 4958 chari
930 4908 1108 4958 tatem
1123 4899 1602 4972 .pulcherrimata
1623 4896 1890 4952 efﬁciens
1907 4911 2082 4968 copu-

433 4990 572 5045 lam.
607 5011 636 5038 ‹‹
669 4990 851 5055 Quam
882 4991 1114 5047 habetis
1141 5004 1278 5062 erga
1307 5004 1534 5044 omnes.
1578 5009 1604 5035 ››
1647 4989 1771 5042 Non
1832 5001 1964 5058 quae
2006 4986 2082 5042 sit

433 5091 570 5150 erga
600 5094 695 5132 vos
727 5079 902 5134 solos.
929 5103 954 5128 ‹‹
991 5081 1063 5136 Ut
1095 5080 1265 5134 Deus.
1304 5098 1327 5127 ο
1361 5075 1512 5144 Quid
1565 5082 1764 5133 autem
1821 5075 2080 5147 precaris

430 5174 490 5224 et
519 5181 696 5238 quam
726 5166 869 5222 facis
927 5168 1289 5223 mentionem
1314 5166 1341 5221 ‘l
1395 5190 1413 5213 ι
1453 5165 1524 5222 Ut
1569 5165 1746 5226 Deus,
1782 5187 1802 5215 ι
1861 5163 2078 5234 inquit,

429 5282 457 5308 «
491 5257 719 5314 Domini
754 5256 957 5310 nostri.
993 5285 1018 5310 »
1053 5257 1171 5310 Hoc
1231 5256 1464 5311 divisim
1519 5255 1735 5327 posuit.
1790 5252 2080 5308 Eumdem

429 5348 586 5404 enim
621 5343 889 5414 ejusdem
922 5350 981 5398 et
1012 5345 1194 5398 Deum
1228 5344 1450 5400 vocavit
1478 5351 1537 5399 et
1569 5345 1798 5398 Patrem
1827 5358 1839 5396 :
1897 5342 2078 5397 Deum

430 5434 670 5508 quidem
706 5443 988 5505 tanquam
1021 5432 1300 5496 hominis,
1336 5434 1567 5488 Patrem
1607 5447 1743 5487 vero
1793 5437 2079 5501 tanquam

431 5526 550 5581 Dei.
589 5525 846 5581 Gloriam
881 5523 1041 5580 enim
1089 5522 1418 5578 nominavit
1463 5520 1720 5576 divinam
1781 5526 2076 5576 naturam.

503 5614 716 5670 «Deus
751 5613 979 5671 Domini
1037 5612 1244 5667 nostri.
1283 5633 1304 5659 ι
1365 5610 1485 5665 Ηοο
1542 5614 1782 5679 prapter
1838 5621 2077 5663 carnem

433 5701 592 5756 dicit.
671 5703 905 5757 «Pater
935 5700 1153 5772 gloria.
1214 5719 1240 5745 η
1321 5699 1498 5752 Deum
1602 5709 1838 5765 semper
1903 5694 2078 5764 juxta

2186 3457 2335 3518 νοίας
2407 3457 2578 3529 ὑμῶν,
2648 3457 2723 3518 είς
2789 3457 2853 3511 τὸ
2920 3453 3110 3512 εἰδέναι
3182 3456 3321 3530 ὑμᾶς
3391 3455 3475 3517 τίς
3571 3455 3713 3512 ἔστιν
3811 3457 3846 3527 ἦ

2187 3545 2348 3608 ἐλπὶς
2430 3553 2532 3614 τῆς
2618 3544 2871 3616 κλήσεως
2955 3545 3142 3611 αὑτοῦ,
3209 3546 3296 3601 καὶ
3374 3543 3458 3607 τίς
3515 3546 3544 3602 ὁ
3601 3543 3848 3609 πλοῦτος

2185 3643 2285 3706 τῆς
2329 3635 2706 3710 κληρονομίας
2765 3635 2930 3690 αὑτοῦ
2995 3633 3047 3690 ἐν
3096 3640 3212 3696 τοῖς
3273 3635 3471 3709 ἁγίοις,
3527 3635 3617 3690 καὶ
3671 3639 3723 3690 τί
3779 3635 3843 3690 τὸ

2189 3719 2536 3798 ὑπερϐάλλον
2642 3723 2867 3799 μέγεθος
2942 3730 3043 3794 τῆς
3118 3721 3400 3796 δυνάμεως
3502 3723 3668 3779 αὑτοῦ
3757 3723 3840 3788 εές

2187 3817 2336 3888 ἡμᾶς
2427 3815 2556 3877 τοὺς
2621 3813 2971 3873 πιστεύοντας
3036 3814 3172 3868 κατᾶ
3235 3814 3335 3882 τήν
3408 3811 3672 3887 ἐνέργειαν
3737 3817 3843 3867 τοῦ

2188 3901 2424 3976 λράτους
2481 3910 2580 3972 τῆς
2642 3903 2838 3983 ἰσχύος
2896 3902 3080 3971 αὑτοῦ,
3136 3902 3203 3972 ἢν
3291 3900 3586 3977 ἆνήργησεν
3653 3900 3705 3956 ὲν
3765 3905 3845 3972 τῷ

2189 3993 2430 4069 Χριστῷ,
2533 3991 2746 4066 ἰγείρας
2850 3991 3007 4047 αὑτὸν
3111 3990 3171 4046 ἐκ
3241 3994 3349 4045 τῶν
3448 3995 3672 4066 νεκρῶν,
3746 3989 3842 4046 καὶ

2188 4083 2425 4140 ἰκάθισεν
2458 4081 2510 4138 ἰν
2543 4079 2688 4154 δεξιᾷ
2719 4081 2881 4138 αὑτοῦ
2912 4081 2963 4138 ἂν
2995 4086 3112 4142 τοῖς
3140 4078 3508 4150 ἐπουρανίοις.

2265 4197 2288 4226 ε
2325 4173 2421 4229 Διᾶ
2447 4177 2609 4229 τοῦτο
2647 4170 2820 4248 κᾶγώ.
2860 4195 2889 4225 n
2921 4172 3018 4228 Διὰ
3046 4171 3111 4226 τὰ
3140 4171 3470 4242 ἀποκνίμενα
3522 4171 3695 4247 ἀγαθὰ
3720 4174 3843 4236 τοῖς

2189 4264 2366 4338 ὀρθῶς
2419 4264 2732 4319 πιστεύουσι
2783 4264 2874 4318 καὶ
2936 4264 3137 4337 βιοῦσι·
3196 4260 3285 4315 καὶ
3339 4257 3428 4315 διὰ
3483 4261 3544 4315 τὸ
3611 4258 3663 4315 ἐν
3719 4265 3841 4320 τοῖς

2191 4353 2598 4427 σωθησομένοις
2624 4353 2882 4432 τετάχθαι
2945 4353 3105 4426 ὑμᾶς.
3163 4377 3189 4403 ‹‹
3219 4351 3332 4418 Τὴν
3381 4351 3502 4414 καθ’
3553 4350 3694 4423 ὑμᾶς
3742 4347 3842 4404 πί.

2190 4463 2330 4500 στιν.
2375 4467 2402 4494 ››
2435 4443 2633 4500 ΙΙλεῖον
2672 4441 2774 4518 γὰρ
2832 4440 3081 4496 ἁπάντων
3140 4437 3228 4495 διὰ
3284 4440 3384 4506 τήν
3438 4438 3618 4494 πίστιν
3674 4440 3839 4510 ἡμῶν

2189 4532 2612 4612 εὑχαριστητὲον
2645 4535 2722 4602 τῷ
2765 4533 2902 4602 Θεῷ,
2959 4529 3044 4585 ’ὁτι
3089 4532 3214 4582 νοῦν
3262 4529 3398 4600 ἡμῖν
3449 4528 3585 4602 πρὸς
3629 4527 3693 4582 τὸ
3738 4547 3840 4581 πι-

2191 4626 2402 4676 στεῦσαι
2457 4615 2710 4677 δὲδωκεν.
2770 4643 2798 4671 ‹‹
2860 4619 2949 4676 Ἐν
3002 4617 3082 4688 τῷ
3142 4615 3320 4689 Κυρίῳ
3379 4617 3578 4687 Ἰησοῦ.
3613 4646 3636 4671 ι
3707 4614 3837 4672 Καθ’

2191 4705 2508 4784 ὑπερϐατὸν,
2550 4710 2648 4778 τὴν
2694 4705 2746 4764 ἓν
2807 4707 2993 4782 Κυρίῳ
3045 4707 3226 4776 Ἰησοῦ
3280 4706 3480 4776 πίστιν,
3534 4704 3602 4774 ἤν
3653 4707 3834 4778 ὑμεῖς,

2187 4800 2344 4877 φησὶ,
2399 4799 2679 4868 κέκτησθε.
2740 4797 2860 4855 Ἀεὶ
2917 4795 2974 4851 δὲ
3021 4797 3090 4866 τῇ
3173 4796 3352 4850 πίστει
3413 4795 3662 4850 συνάπτει
3733 4797 3837 4862 τὴν

2186 4891 2424 4964 ἀγάπην,
2478 4885 2781 4956 καλλίστην
2839 4884 3122 4941 ἀποτελῶν
3174 4881 3461 4960 ξυνωρίδα.
3515 4908 3544 4935 ‹‹
3588 4885 3705 4951 Τήν
3757 4881 3840 4946 είς

2187 4979 2407 5039 πάντας.
2445 5000 2474 5029 ››
2506 4975 2583 5034 Οὑ
2611 4977 2710 5044 τὴν
2744 4975 2870 5049 παρ’
2899 4974 3086 5036 αὑτοῖς
3131 4973 3342 5046 μόνοις.
3374 4994 3406 5028 (ε
3433 4975 3544 5029 Ἵνα
3575 4973 3604 5027 ὁ
3625 4971 3774 5032 Θεός.
3804 4995 3832 5021 ιο

2186 5067 2250 5124 Τί
2282 5063 2338 5123 δὲ
2376 5064 2730 5134 παρακαλεῖς,
2789 5064 2880 5120 καὶ
2937 5062 3095 5119 ποίαν
3158 5062 3344 5135 μνείαν
3401 5065 3577 5133 ποιῇς
3634 5085 3660 5112 ‹‹
3693 5061 3830 5131 Ἰνα,

2187 5157 2372 5236 φησὶν,
2433 5160 2462 5212 ὁ
2518 5156 2647 5219 Θεὸς
2701 5159 2797 5210 τοῦ
2866 5154 3065 5229 Κυρίου
3121 5155 3305 5225 ἡμῶν.
3362 5176 3388 5203 ››
3449 5153 3627 5207 Τοῦτο
3695 5149 3828 5204 κατὰ

2187 5245 2445 5320 διαίρεσιν
2475 5243 2697 5308 τέθεικε.
2729 5244 2834 5300 Τὸν
2866 5243 2969 5318 γὰρ
2998 5241 3155 5298 αὑτὸν
3203 5245 3302 5297 τοῦ
3352 5240 3516 5296 αὐτοῦ
3567 5238 3657 5295 καὶ
3705 5239 3835 5294 Θεὸν

2187 5335 2408 5392 ἐκάλεσε
2438 5335 2526 5390 καὶ
2562 5336 2791 5408 υατέρα,
2818 5332 2946 5388 Θεὸν
2991 5331 3086 5404 μὶν
3133 5331 3205 5392 ὡς
3257 5329 3568 5404 ἀνθρώπου,
3622 5324 3830 5404 Ηατέρα

2188 5423 2244 5482 Si
2273 5425 2346 5487 ὼς
2378 5428 2528 5481 Θεοῦ.
2566 5425 2728 5493 Δόξαν
2758 5422 2860 5498 γαρ
2881 5422 2982 5490 τὴν
3015 5421 3155 5475 θείαν
3188 5417 3342 5496 φύσιν
3385 5417 3690 5490 ὠνόμασεν.

2258 5623 2286 5652 ‹‹
2324 5604 2383 5657 Ὁ
2439 5596 2568 5659 Θεὸς
2616 5599 2713 5652 τοῦ
2768 5594 2971 5670 Κυρίου
3025 5595 3206 5667 ⁴ἡμῶν.
3265 5615 3293 5644 ιι
3347 5593 3528 5650 Τοῦτο
3585 5587 3674 5648 διὰ
3729 5593 3830 5662 τὴν

2186 5689 2356 5762 σάρκα
2384 5686 2567 5767 φησίν.
2613 5710 2638 5736 ει
2699 5686 2759 5742 '0
2825 5683 3012 5758 Πατὴρ
3073 5688 3173 5751 τῆς
3221 5677 3405 5753 δόξης.
3441 5706 3462 5736 ι
3529 5681 3640 5740 Ἀεὶ
3692 5681 3834 5758 πρὸς
