4108 6192
317 398 472 461 1181

319 624 438 694 μῶν
521 617 728 688 καλῶν,
782 618 872 674 καὶ
930 619 1058 674 Θεὸν
1147 618 1391 694 ε“ρῆνης,
1452 620 1542 673 καὶ
1627 618 1756 675 Θεὸν
1818 614 1969 672 δυνά.

321 723 489 783 μεων.
577 713 683 763 Νῦν
747 705 806 764 δὶ
883 707 1041 763 αὐτὸν
1117 710 1326 782 Πατέρα
1384 704 1545 778 δόξης
1629 706 1807 763 καλεῖ.
1863 707 1970 763 Με-

317 799 509 874 γίστην
540 799 642 872 γὰρ
668 796 824 867 δόξαν
856 799 948 852 καὶ
979 799 1147 869 τιμήν
1201 796 1495 876 ἐχαρίσατο
1545 801 1622 869 τῷ
1669 799 1806 872 γὲνει
1861 796 1967 850 τῶν

313 886 634 959 ἀνθρώπων,
695 885 850 940 ἅτινα
909 884 1318 964 παρασχεθέντα
1367 887 1526 956 ἡμῖν,
1593 888 1789 958 γενικῷ
1845 883 1972 939 δνό-

318 996 447 1048 ματι
487 972 648 1029 καλεῖ
676 971 852 1044 δόξαν,
913 971 1002 1028 διὰ
1058 979 1156 1029 τοῦ
1215 972 1600 1049 λαμπροτέρου
1650 973 1776 1047 παρ’
1832 974 1968 1044 ἡμῖν

317 1065 613 1140 ὀνόματος.
637 1065 848 1134 Ταύτης
882 1065 974 1120 οῦν
1005 1072 1106 1135 τῆς
1137 1062 1298 1136 δόξης
1332 1064 1493 1142 φησὶν
1543 1061 1700 1119 αὐτὸν
1735 1061 1969 1136 Πατέρα,

315 1155 407 1210 καὶ
432 1157 549 1210 οἷον
579 1155 945 1230 Δημιουργόν,
986 1180 1006 1204 ιι
1056 1154 1179 1227 Δῴη
1244 1154 1369 1225 ὑμῖν
1430 1156 1645 1227 πνεῦμα
1693 1151 1904 1230 σοφίας.
1942 1176 1970 1204 ››

313 1247 453 1320 Ἀρα
481 1251 852 1316 πνευματικῆς
885 1240 966 1298 δεῖ
996 1244 1188 1322 σοφίας
1219 1245 1383 1317 ἡμῖν,
1442 1243 1518 1304 είς
1576 1243 1638 1298 τὸ
1681 1243 1971 1318 ἐπιγνῶναι

315 1333 384 1388 τὰ
408 1333 555 1408 παρᾶ
584 1337 679 1388 τοῦ
711 1337 842 1389 Θεοῦ
903 1330 1220 1409 δωρηθέντα
1279 1335 1436 1405 ἡμῖν.
1472 1357 1499 1383 ‹‹
1562 1333 1815 1407 Ψυχικὸς
1869 1332 1972 1407 γὰρ

319 1419 604 1497 ἄνθρωπος
637 1422 699 1476 οὗ
732 1418 945 1478 δέκεται
977 1423 1043 1477 τὰ
1097 1425 1196 1478 τοῦ
1245 1422 1576 1494 πνεύματος.
1615 1422 1811 1496 Μωρία
1866 1422 1972 1496 γὰρ

317 1510 466 1575 αὐτῷ
499 1509 698 1568 ἐστιν.»
719 1544 790 1553 -
817 1534 844 1563 ι(
865 1513 1320 1589 Πεφωτισμὲνούς
1344 1509 1472 1572 τοὺς
1502 1508 1876 1586 ὀφθαλμούς.»
1912 1509 1974 1569 Ὀ

324 1601 431 1677 γὰρ
461 1600 550 1654 τὸν
574 1599 700 1655 Θεὸν
733 1599 890 1674 γνοὺς
923 1600 999 1664 ὡς
1030 1600 1221 1675 ἐχρῆν,
1254 1599 1355 1655 οὐκ
1384 1595 1444 1654 ἄν
1467 1599 1590 1672 περὶ
1623 1600 1806 1675 ἑτέρου
1827 1599 1972 1661 τινὸς

314 1693 424 1745 τῶν
456 1689 560 1744 ὑπὸ
593 1693 728 1745 Θεοῦ
758 1689 1066 1764 γινομένων
1098 1685 1474 1770 ἀμφιϐάλλοι,
1498 1689 1572 1753 ὡς
1591 1686 1735 1755 τόδε,
1758 1689 1792 1758 ἢ
1848 1685 1976 1744 τόδε

315 1777 568 1845 δυνατὸν,
603 1778 638 1848 ἢ
669 1775 796 1834 τόδε
843 1776 1104 1834 ἀδύνατον
1165 1781 1333 1851 αὐτῷ.
1396 1779 1574 1836 Πάντα
1621 1779 1721 1853 γὰρ
1775 1774 1975 1832 δυνατὰ

314 1872 383 1943 τῇ
419 1869 537 1940 θείᾳ
566 1869 744 1948 φύσει.
780 1869 1000 1941 Ταύτην
1037 1867 1093 1925 δὲ
1120 1870 1222 1925 οὐκ
1250 1866 1310 1926 ἄν
1345 1871 1513 1950 σχοίη
1566 1890 1652 1932 τις
1702 1871 1800 1940 τήν
1834 1873 1974 1943 γνῶ-

318 1980 425 2030 σιν,
463 1959 508 2015 εἷ
548 1961 623 2030 μὴ
668 1957 759 2014 διὰ
809 1960 1124 2034 Πνεύματος
1171 1962 1347 2036 ἁγίου.
1385 1985 1412 2012 ιι
1468 1962 1547 2018 Τὸ
1601 1961 1705 2038 γὰρ
1762 1957 1978 2032 Ηνεῦμα

322 2049 498 2105 πάντα
529 2049 736 2125 ἱρεονᾷ,
770 2051 856 2105 καὶ
890 2051 956 2105 τὰ
1008 2051 1148 2125 βάθη
1205 2055 1303 2106 τοῦ
1361 2048 1514 2107 Θεοῦ.
1548 2073 1576 2103 η
1609 2083 1677 2095 -
1708 2075 1735 2103 ‹‹
1770 2049 1867 2112 Εἲς
1917 2050 1980 2105 τὸ

319 2136 518 2196 εἰδέναι
553 2140 716 2214 ὑμᾶς.
765 2165 784 2190 ι
820 2138 1050 2203 Ἀλλως
1076 2141 1180 2216 γὰρ
1213 2141 1310 2196 οὖν
1342 2137 1420 2196 ἔνι
1475 2139 1766 2215 ἐπιγνῶναι
1828 2141 1978 2211 Θεὸν,

318 2229 364 2286 εἰ
401 2231 477 2304 μή
515 2233 762 2308 φωτισθῇ
793 2229 921 2292 τοὺς
945 2229 1266 2305 ὀφθαλμοὺς
1318 2229 1446 2294 τοὺς
1501 2231 1752 2303 νοητούς.
1788 2255 1815 2282 ‹‹
1877 2229 1978 2294 Τίς

312 2317 463 2374 ἔστιν
523 2321 559 2388 ἡ
612 2317 771 2380 ἐλπίς
815 2319 917 2387 τῆς
976 2317 1228 2389 κλήσεως
1286 2318 1474 2376 αὐτοῦ.
1513 2345 1534 2370 ι
1599 2317 1822 2388 Ἐπειδὴ
1873 2321 1976 2398 γὰρ

310 2409 474 2465 τοῦτο
537 2409 743 2480 μὲλλον
815 2409 949 2476 ἰστὶ,
1013 2416 1383 2484 πνευματικῆς
1443 2406 1612 2465 δεῖται
1697 2408 1973 2466 ἀποκαλύο

306 2500 475 2573 ψεως.
512 2497 726 2566 Κλῆσιν
758 2494 816 2552 δὲ.
845 2519 1004 2578 φησι,
1060 2500 1124 2553 τὸ
1182 2498 1272 2553 ἐπὶ
1325 2497 1510 2561 ποίαις
1559 2496 1772 2555 ἐλπίσιν
1805 2497 1975 2570 ἐκλή-

311 2598 512 2660 θημεν.
549 2585 726 2656 Δῆλον
790 2583 868 2655 δὲ,
916 2588 990 2650 ὡς
1050 2586 1138 2643 ἐπὶ
1188 2588 1426 2661 υἱοθεσία
1477 2588 1566 2644 καὶ
1620 2590 1975 2665 κληρονομίᾳ

323 2676 604 2754 βασιλείας
691 2677 958 2753 οὐρανῶν,
1043 2679 1130 2732 καὶ
1191 2679 1278 2735 ἐπὶ
1356 2683 1435 2750 τῷ
1506 2679 1744 2754 γενέσθαι
1810 2681 1970 2752 ἡμῶν

309 2764 563 2844 κεφαλὴν
590 2767 683 2822 τὸν
713 2766 970 2840 Χριστὸν.
1002 2791 1021 2817 ι
1059 2767 1165 2824 Καὶ
1191 2768 1271 2830 τίς
1332 2769 1360 2824 ὁ
1416 2767 1676 2831 πλοῦτος.
1714 2793 1740 2819 n
1773 2766 1969 2836 Ραὸαἲ,

317 2857 459 2912 πόσα
491 2855 831 2932 ὑπερέχοντα
859 2854 1079 2932 ῥήματα
1124 2859 1137 2914 ί
1192 2855 1460 2926 Πλοῦτος,
1496 2854 1640 2931 δόξα,
1700 2859 1968 2934 κληρονο-

313 2944 413 3020 μία
445 2943 600 3001 Θεοῦ.
637 2947 724 3001 Ἐν
754 2950 870 3009 τοῖς
903 2946 1084 3021 ἁγίοις
1129 2943 1186 3003 δὲ
1240 2940 1389 3003 ἕσται
1453 2950 1639 3003 ταῦτα.
1699 2951 1813 3002 Τῶν
1867 2947 1968 3024 γὰρ

312 3033 578 3090 τοιούτων
611 3033 780 3108 ἄξιοι,
817 3035 868 3089 οἱ
899 3035 1069 3110 ἃγιοι.

384 3288 485 3344 Καὶ
538 3291 698 3344 τοῦτο
752 3289 1070 3364 τοιγαροῦν,
1149 3293 1524 3360 πνευματικῆς
1603 3284 1774 3343 δεῖται
1803 3286 1963 3368 χάρι·
1995 3277 2037 3342 C

309 3396 424 3441 τος.
461 3400 489 3428 u
523 3377 618 3434 Καὶ
678 3377 732 3433 τί
785 3378 847 3432 τὸ
903 3369 1252 3452 ὑπερϐάλλον
1313 3376 1560 3451 μέγεθος.
1597 3401 1618 3430 ι
1657 3376 1793 3434 Εῗπε
1848 3376 1966 3432 τίνα

315 3465 612 3540 μέλλοντα,
645 3464 796 3542 λέγει
844 3465 934 3521 καὶ
990 3467 1236 3544 γεγονὸς,
1293 3462 1390 3520 ’ίνα
1445 3465 1504 3521 ἐκ
1531 3465 1726 3522 τούτου
1759 3467 1966 3522 πιστώ-

309 3577 470 3627 σηται
501 3556 744 3613 κάκεῖνα.
793 3559 960 3614 Ηοῖον
1010 3552 1066 3611 δὲ
1095 3559 1302 3623 τοῦτος
1360 3555 1504 3612 Αὐτὸ
1561 3556 1624 3611 τὸ
1681 3560 1964 3613 πιστεῦσαι

316 3649 479 3719 ἡμᾶς.
511 3647 720 3707 Ὄντως
749 3646 853 3722 γὰρ
909 3643 1161 3722 μέγιστον
1222 3641 1505 3719 δυνάμεως
1563 3649 1698 3701 Θεοῦ
1747 3642 1964 3722 δεῖγμα,

309 3735 373 3791 τὸ
432 3737 581 3806 ἡμᾶς
641 3735 770 3798 τοὺς
827 3733 968 3789 οὕτω
1028 3731 1319 3807 θηριώδεις
1376 3738 1653 3790 πιστεῦσαι
1688 3739 1826 3805 Θεῷ,
1876 3735 1966 3789 καὶ

310 3823 380 3878 τὰ
401 3823 624 3898 ούρανια
655 3821 995 3901 φιλοσοφεῖν.
1030 3854 1098 3865 —
1129 3824 1336 3896 [ΦΩἸἏ]
1369 3827 1445 3878 Τὸ
1503 3823 1604 3897 γὰρ
1654 3825 1772 3878 καθ’
1803 3823 1968 3900 ὑπερ-

315 3905 492 3980 ϐολῆν
530 3910 754 3986 μέγεθος
810 3919 910 3981 τῆς
952 3912 1156 3990 ἀφάτου
1207 3908 1487 3985 δυνάμεως
1517 3912 1705 3983 αὐτοῦ,
1742 3913 1832 3970 καὶ
1895 3913 1970 3978 εἲς

311 4003 462 4074 ἡμᾶς
493 4001 620 4063 τοὺς
652 4002 1001 4062 πιστεύοντας
1053 3999 1436 4060 ἐπιδείκνυται.
1500 4007 1622 4064 υῶς
1654 4023 1669 4072 ;
1699 4004 1822 4063 ’Ότι
1851 4009 1971 4070 τοῖς

310 4089 500 4147 πᾶθεσι
543 4091 717 4152 πάσας
776 4091 873 4152 τὰς
932 4090 1209 4160 αἰσθήσεις
1266 4093 1672 4168 νενεκρωμένας
1726 4087 1967 4169 ἔχοντες,

305 4180 394 4234 καὶ
447 4179 610 4236 αὐτὸν
672 4179 766 4235 τὸν
827 4177 1094 4255 λογισμὸν
1152 4180 1368 4244 τούτοις
1446 4181 1838 4256 ἑντεθαμμὲνον
1878 4185 1969 4239 καὶ

313 4269 791 4344 σογκεχωσμὲνον,
827 4266 1082 4339 ἀνέστησε
1131 4271 1221 4326 καὶ
1270 4270 1515 4341 ἐζώωσεν
1577 4272 1656 4334 εἷς
1699 4272 1763 4327 τὸ
1821 4270 1969 4344 δέξα-

315 4361 439 4414 σθαι
484 4359 632 4428 ἡμᾶς
661 4364 760 4424 τῆς
800 4356 1033 4418 πίστεως
1100 4360 1267 4414 αὐτοῦ
1319 4361 1418 4426 τήν
1476 4359 1676 4434 α”γλην
1723 4361 1813 4414 καὶ
1869 4364 1968 4429 τήν

314 4445 711 4522 λαμπρότητα.
741 4448 952 4510 Ὄντως
976 4450 1136 4502 τοῦτο
1164 4449 1363 4524 κράτος
1397 4448 1590 4524 ἰσχύος
1639 4448 1827 4506 αὐτοῦ.
1879 4449 1972 4504 Διὸ

306 4536 398 4592 καὶ
432 4531 666 4589 συνιέναι
697 4533 895 4597 αὐτοὺς
956 4533 1047 4591 διὰ
1102 4543 1204 4607 τῆς
1263 4541 1361 4592 τοῦ
1420 4539 1738 4610 Ηνεύματος
1782 4541 1974 4616 σοφίας

1361 393 1770 460 COMMENT.
1819 396 1893 456 IN
1942 391 2188 456 EPIST.
2237 394 2341 455 AD
2387 392 2673 455 EPHES.

315 528 379 585 τὸ
435 527 793 606 προκείμενον
875 526 1134 602 ὀνομάζει
1189 527 1283 585 τὸν
1340 528 1493 597 Θεὸν,
1565 529 1694 586 Θεὸν
1753 526 1968 602 οἷ’κτιρ-

2083 526 2409 599 subjectam
2469 525 2780 583 materiam
2837 521 3098 598 appellat
3152 542 3165 581 :

3565 395 3722 456 1182

3224 529 3412 583 Deum
3486 527 3722 584 miseri-

2080 617 2416 674 cordiarum
2456 631 2671 672 vocans
2700 614 2744 682 ⁵,
2779 622 2836 672 et
2887 616 3072 672 Deum
3126 617 3288 688 pacis
3337 617 3378 686 ⁸,
3431 622 3488 672 et
3535 619 3720 675 Deum

2079 706 2364 762 virtutum
2395 705 2465 759 7:
2525 721 2686 761 nunc
2739 712 2937 761 autem
2981 707 3176 778 ipsum
3233 707 3468 762 Patrem
3517 706 3718 779 gloria

2077 800 2264 852 vocat.
2296 795 2606 850 Maximam
2658 794 2816 850 enim
2870 795 3118 869 gloriam
3172 801 3230 849 et
3276 796 3560 851 honorem
3615 797 3720 851 do-

2082 885 2244 940 navit
2272 884 2471 956 generi
2505 885 2768 939 humano
2799 901 2811 939 :
2873 901 3003 956 qum
3035 885 3236 940 omnia
3276 885 3449 940 nobis
3507 885 3726 943 tradita

2081 973 2345 1046 generali
2375 974 2617 1028 nomine
2649 973 2910 1045 appellat
2937 975 3208 1046 gloriam.
3242 990 3348 1044 per
3376 975 3726 1031 vocabulum

2083 1061 2239 1135 apud
2271 1079 2380 1118 nos
2411 1062 3103 1135 magniﬁcentiusﬂujus
3125 1064 3324 1134 itaque
3355 1064 3556 1136 gloriae
3589 1065 3734 1121 dicit

2084 1153 2278 1225 ipsum
2313 1170 2440 1210 esse
2476 1155 2707 1209 Patrem
2742 1160 2798 1208 et
2829 1154 2988 1208 velut
3020 1153 3322 1224 Opiﬁcem.
3368 1175 3388 1200 α
3423 1156 3532 1210 Det
3559 1155 3733 1212 nobis

2083 1243 2357 1316 spiritum
2393 1241 2717 1314 sapientiae.
2755 1268 2781 1293 »
2817 1243 3029 1314 Utique
3063 1244 3357 1315 sapientia
3388 1244 3561 1300 nobis
3584 1260 3732 1317 opus

2085 1337 2194 1397 est,
2220 1339 2284 1388 ut
2315 1348 2740 1405 cognoscamus
2770 1349 2902 1403 quae
2924 1332 3095 1387 nobis
3118 1333 3286 1389 aDeo
3318 1333 3538 1390 donata
3571 1339 3729 1390 sunt.

2084 1441 2112 1470 «
2144 1421 2434 1477 Animalis
2466 1421 2621 1476 enim
2655 1421 2832 1476 homo
2865 1437 2983 1476 non
3017 1422 3246 1493 accepit
3303 1438 3372 1477 ea
3404 1439 3534 1492 quae
3595 1427 3734 1479 sunt

2085 1507 2386 1582 spirituss,
2409 1509 2661 1564 stultitia
2674 1511 2966 1582 siquidem
2988 1511 3096 1582 ipsi
3121 1516 3277 1566 sunt.
3305 1533 3331 1558 »
3356 1543 3422 1551 —
3447 1534 3475 1561 «
3499 1512 3732 1568 lllumi-

2084 1604 2255 1655 natos
2286 1598 2511 1654 oculos.
2554 1621 2579 1646 ››
2613 1600 2756 1654 Nam
2790 1599 2888 1671 qui
2923 1598 3104 1655 Deum
3141 1605 3205 1654 ut
3235 1605 3470 1670 oportet
3517 1617 3733 1675 cogno-

2083 1689 2571 1760 vit,nequaquam
2594 1687 2666 1742 de
2689 1688 2802 1744 alio
2831 1689 3097 1759 quamvis
3131 1689 3288 1760 quod
3312 1707 3346 1744 a
3377 1695 3489 1745 Deo
3509 1690 3730 1747 factum

2084 1783 2176 1834 est
2205 1779 2501 1850 ambigere
2531 1777 2768 1850 poterit,
2803 1779 2970 1850 quasi
3003 1779 3113 1834 hoc
3146 1780 3257 1850 ipsi
3292 1781 3573 1852 possibile
3632 1782 3727 1850 sit,

2084 1866 2230 1923 illud
2247 1873 2443 1925 autem
2463 1866 3072 1939 impossibvle.0mnia
3092 1870 3252 1924 enim
3277 1868 3487 1924 divinae
3502 1877 3728 1928 natura)

2088 1955 2396 2029 possibilia
2422 1957 2967 2031 sunt.Hanclautem
2991 1958 3384 2030 cognitionem
3416 1960 3582 2016 nullo
3614 1959 3730 2016 alio

2087 2045 2263 2102 modo
2292 2045 2511 2103 habere
2544 2047 2862 2118 quisquam
2894 2048 3112 2118 poterit
3141 2047 3256 2103 nisi
3289 2065 3395 2119 per
3446 2049 3731 2123 Spiritum

2089 2141 2380 2190 sanctum.
2421 2156 2447 2185 α
2483 2137 2625 2190 Nam
2659 2134 2910 2206 Spiritus
2941 2142 3154 2202 cuncta
3186 2141 3504 2202 scrutatur,
3552 2138 3734 2192 etiam

2087 2223 2382 2298 profunda
2412 2225 2511 2280 Dei
2535 2225 2574 2278 ⁸.
2611 2247 2638 2274 ››
2665 2256 2731 2265 -
2769 2245 2790 2271 α
2817 2225 2888 2280 Ut
2909 2225 3130 2280 sciatis.
3154 2246 3183 2274 »
3211 2225 3338 2280 Alio
3371 2226 3528 2281 enim
3554 2225 3727 2281 modo

2086 2331 2207 2370 non
2241 2314 2415 2369 datur
2444 2315 2627 2369 Deum
2661 2330 3015 2386 cognoscere
3045 2314 3160 2368 nisi
3192 2314 3492 2370 illuminet
3515 2315 3732 2371 mentis

2084 2403 2308 2459 oculos.
2343 2424 2371 2451 «ι
2407 2404 2544 2467 Quas
2580 2403 2656 2458 sit
2704 2419 2839 2473 spes
2870 2403 3196 2458 vocationis
3247 2403 3454 2474 ipsius.
3494 2427 3521 2453 »
3570 2405 3726 2471 Quo-

2083 2491 2244 2546 niam
2277 2491 2434 2546 enim
2476 2491 2587 2547 hoc
2617 2491 2880 2547 futurum
2915 2498 3024 2557 est,
3084 2493 3379 2565 spirituali
3435 2510 3584 2564 opus
3638 2499 3728 2551 est

2085 2577 2852 2635 revelationeVocationem
2885 2585 3084 2635 autem
3117 2580 3260 2635 dicit
3290 2586 3525 2650 sperata
3572 2581 3731 2638 bona

2082 2667 2155 2723 ob
2177 2683 2307 2740 quaa
2338 2668 2527 2724 vocati
2560 2684 2784 2723 sumus.
2819 2668 3192 2724 Manifestum
3222 2674 3312 2722 est
3342 2673 3538 2722 autem
3569 2670 3727 2741 quod

2082 2756 2156 2813 ob
2174 2757 2554 2828 adOptionem
2575 2757 3080 2812 ethmreditariam
3106 2758 3540 2826 possessionem
3565 2760 3730 2831 regni

2080 2847 2386 2909 caelorum,
2419 2850 2477 2900 et
2507 2845 2852 2902 utChristus
2886 2845 3252 2915 ﬂeretcaput
3273 2851 3541 2901 nostrum
3598 2869 3627 2896 «
3661 2851 3730 2904 Et

2080 2952 2210 3008 quas
2251 2935 2468 2990 divitia)
2525 2934 2747 3004 glorize.
2795 2954 2824 2982 »
2881 2934 3076 3004 Papa).
3137 2950 3314 3004 quam
3375 2936 3732 2992 excellentia

2075 3024 2254 3080 verba
2290 3040 2304 3078 :
2336 3023 2554 3078 divitiae
2584 3021 2806 3095 gloriae.
2840 3021 3157 3079 hereditas
3189 3024 3311 3078 Dei.
3346 3024 3479 3080 Ηεεο
3524 3030 3722 3080 autem

2079 3119 2256 3170 erunt
2284 3112 2343 3168 in
2379 3112 2618 3168 sanctis.
2655 3113 2798 3167 Nam
2831 3112 2932 3183 qui
2963 3112 3182 3168 talibus
3213 3112 3373 3186 digni
3427 3113 3724 3170 habentur

2080 3203 2266 3258 sancti
2301 3207 2458 3258 sunt.

2150 3292 2252 3346 10
2311 3295 2383 3346 Et
2425 3291 2535 3346 hoc
2595 3306 2730 3363 ergo
2781 3290 3075 3364 spirituali
3139 3296 3268 3365 eget
3323 3291 3530 3362 gloria.
3577 3315 3602 3342 ‹‹
3655 3293 3728 3350 Et

2071 3397 2204 3452 quae
2263 3381 2340 3436 sit
2397 3379 2698 3436 excellens
2746 3379 3110 3452 magnitudo.
3166 3400 3194 3429 ››
3243 3380 3400 3436 Dixit
3443 3397 3718 3452 quaenam

2069 3469 2271 3529 futura
2322 3475 2481 3536 sunt,
2514 3469 2658 3526 dicit
2710 3469 2884 3525 etiam
2921 3468 3082 3541 quod
3131 3469 3352 3527 factum
3387 3478 3494 3534 est,
3529 3476 3593 3527 ut
3643 3489 3716 3530 ex

2073 3560 2188 3616 hoc
2268 3560 2445 3616 etiam
2519 3559 2624 3614 illa
2697 3560 3030 3615 confirmet.
3113 3559 3279 3625 Quod
3356 3566 3445 3616 est
3519 3567 3718 3617 autem

2075 3649 2234 3706 hoc?
2263 3665 2479 3722 nempe
2509 3648 2667 3720 quod
2697 3665 2807 3704 nos
2862 3649 3290 3704 crediderimus
3325 3666 3338 3703 :
3371 3667 3503 3704 vere
3561 3651 3721 3707 enim

2073 3739 2396 3795 maximum
2420 3739 2703 3811 potentias
2727 3738 2828 3794 Dei
2855 3737 3139 3792 indicium
3164 3737 3444 3806 est,quod
3477 3754 3586 3792 nos
3619 3740 3724 3809 qui

2073 3828 2222 3886 adeo
2245 3828 2418 3883 ferini
2451 3843 2710 3883 eramus.
2745 3827 2862 3881 Deo
2893 3825 3341 3890 crediderimus,
3367 3841 3434 3880 ac
3465 3825 3728 3882 coelestia

2073 3918 2584 3991 philosophemur,
2618 3917 2761 3970 Nam
2793 3915 3086 3970 immensa
3115 3913 3456 3985 magnitudo
3507 3914 3716 3971 ineffa~

2075 4007 2214 4062 bilis
2272 4005 2550 4080 potentia:
2584 4003 2770 4076 ipsius
2802 4003 2975 4058 etiam
3029 4003 3090 4056 in
3121 4018 3231 4058 nos
3261 4003 3572 4060 credentes
3619 4003 3720 4062 de-

2075 4101 2461 4152 monstratur.
2489 4091 2800 4158 Quomodo
2823 4091 2851 4147 ?
2871 4091 3018 4157 Quia
3047 4108 3156 4148 nos
3177 4108 3312 4150 cum
3331 4094 3389 4148 in
3411 4093 3724 4151 affectibus

2077 4201 2285 4241 omnes
2309 4199 2522 4239 sensus
2549 4187 2814 4238 mortuos
2838 4181 3209 4242 haberemus.
3245 4190 3303 4238 et
3324 4184 3513 4255 ipsam
3544 4184 3727 4240 ratio-

2075 4289 2210 4330 nem
2245 4273 2307 4327 in
2334 4273 2428 4328 his
2459 4271 2750 4342 sepultam
2785 4276 2841 4326 et
2886 4270 3214 4328 confusam.
3249 4273 3624 4327 resuseitavit
3665 4279 3723 4328 et

2074 4361 2406 4427 viviﬁcavit,
2439 4365 2504 4416 ut
2536 4375 2644 4416 nos
2677 4361 3113 4432 susciperemus
3146 4360 3284 4416 ﬁdei
3318 4361 3504 4432 ipsius
3527 4361 3724 4432 spleno

2077 4451 2280 4507 dorem
2311 4466 2379 4506 ac
2410 4449 2765 4506 claritatem.
2797 4450 2946 4506 Vere
2978 4449 3092 4506 hoc
3133 4449 3316 4505 robur
3355 4450 3721 4506 fortitudinis

2078 4542 2370 4616 ejusteo
2401 4559 2637 4614 quoque
2667 4547 2943 4614 precatur
2970 4547 3036 4598 ut
3092 4541 3204 4596 hoc
3235 4541 3575 4613 intelligant
3616 4559 3723 4615 per

310 4626 605 4705 ἐπεύχεται
635 4627 825 4680 τοῦτο.
866 4625 960 4682 Ἀν
991 4626 1097 4701 γὰρ
1153 4632 1420 4700 σονιῶμεν
1454 4627 1484 4682 ὅ
1540 4627 1966 4702 εύηργετήμεθα,

2080 4633 2430 4705 sapientiam
2457 4632 2719 4704 spiritus.
2746 4631 2803 4686 Si
2823 4631 2981 4687 enim
3007 4630 3481 4688 intellexerimus
3502 4631 3724 4689 benefi«

315 4712 526 4786 μᾶλλόν
560 4733 619 4766 τε
671 4713 732 4766 τὸ
793 4709 970 4785 δῶρον
1022 4715 1496 4790 περιπτυξώμεθα,
1554 4716 1642 4772 καὶ
1687 4721 1765 4789 τῷ
1819 4717 1964 4792 εὐερ-

311 4802 445 4879 γὲτῃ
479 4801 821 4878 εὐχαρίστως
851 4802 1084 4876 ἐσόμεθα
1123 4803 1477 4881 διακείμενοι.
1510 4807 1586 4863 Τὸ
1653 4805 1730 4875 δὶ,
1763 4831 1786 4860 α
1825 4810 1970 4865 Κατὰ

309 4893 410 4960 τὴν
439 4891 728 4968 ἐνέργειαν,
761 4891 826 4961 ἢν
854 4892 1152 4968 ἐνήργησεν
1213 4894 1264 4951 ἰν
1318 4899 1398 4968 τῷ
1456 4896 1693 4969 Χριστῷ·
1724 4918 1750 4948 ιι
1787 4897 1822 4966 ἢ
1883 4897 1966 4953 ὅτι

305 4985 406 5050 τῆς
441 4979 614 5050 αὐτῆς
673 4981 815 5036 ἐστιν
869 4980 1060 5056 ἰσχύος
1118 4982 1208 5038 καὶ
1265 4981 1533 5060 ἐνεργείας
1577 4986 1640 5038 τὸ
1671 4985 1965 5055 ἀναστῆναι

303 5071 448 5139 ἡπᾶς
478 5073 576 5124 τοῦ
609 5071 854 5144 ψυγιγοῦ
887 5070 1136 5138 θανάτου,
1167 5069 1257 5126 καὶ
1288 5072 1348 5126 τὸ
1383 5073 1676 5140 ἀναστῆναε
1711 5077 1808 5127 τοῦ
1857 5095 1960 5130 σωο

303 5162 537 5231 μιτικοῦ
565 5158 658 5212 τὸν
698 5158 929 5227 Χριστὸν
957 5158 1048 5214 καὶ
1083 5161 1212 5214 Θεὸν
1241 5161 1422 5233 ἡμῶν.
1455 5161 1550 5230 Ἦ,
1589 5182 1616 5213 ι
1656 5161 1806 5218 Κατὰ
1861 5164 1964 5233 τὴν

298 5245 594 5322 ἐνέργειαν,
632 5269 660 5296 ››
721 5245 909 5322 φησὶν,
968 5244 1142 5302 αἰτίαν
1196 5244 1495 5312 ἀποδιδοὺς
1550 5255 1652 5318 τῆς
1702 5248 1962 5324 ὶγὲρσεως

296 5337 483 5407 ἡμῶν,
531 5335 650 5390 οἷον
713 5332 782 5388 δι’
835 5331 901 5403 ἤν
955 5338 1408 5410 πεπιστεύκαμεν,
1466 5338 1554 5392 καὶ
1615 5335 1684 5393 δι’
1741 5337 1806 5408 ἢν
1869 5339 1960 5395 ἆν-

297 5421 532 5498 ἔστημεν
562 5427 660 5478 τοῦ
715 5425 958 5498 ψυχικοῦ
1017 5426 1266 5484 θανάτου.
1317 5427 1379 5482 Ἡ
1436 5427 1540 5502 γὰρ
1597 5425 1835 5502 ἐνέργεια
1890 5430 1958 5499 ἢν

298 5511 597 5588 ἰνήργησεν
631 5513 683 5566 ἓν
744 5517 826 5585 τῷ
885 5517 1126 5587 Χριστῷ,
1177 5511 1384 5590 ἰγείρας
1437 5516 1620 5585 αὐτὸν,
1661 5516 1752 5572 καὶ
1811 5517 1956 5589 ἑξῆς,

2081 4723 2236 4780 cium
2270 4739 2388 4794 quo
2419 4722 2613 4776 affecti
2645 4735 2873 4783 sumus,
2908 4725 2968 4773 et
2995 4719 3140 4775 illud
3181 4721 3368 4794 magis
3398 4721 3723 4795 amplecte-

2078 4828 2232 4878 mur,
2289 4817 2348 4866 et
2404 4827 2540 4884 erga
2582 4809 3021 4864 benefactorem
3077 4815 3242 4880 grato
3288 4810 3472 4882 magis
3520 4811 3718 4868 animo

2078 4900 2272 4956 affecti
2298 4897 2686 4954 eruimusAit
2707 4903 2900 4952 autem
2926 4913 2938 4950 :
2963 4917 2991 4946 ‹‹
3018 4895 3347 4953 Secundum
3375 4897 3718 4970 efﬁcaciam,

2076 5005 2252 5061 quam
2269 5005 2334 5043 ex
2345 4987 2604 5043 ercuitin
2621 4986 2882 5041 Christo:
2904 5006 2926 5035 ν
2948 4987 3216 5057 autquod
3232 4986 3497 5059 ejusdem
3515 4989 3719 5046 sitfor-

2074 5077 2349 5134 titudinis
2364 5081 2421 5131 et
2433 5075 2710 5131 efﬁcaciae
2723 5076 3105 5132 resuscitasse
3120 5094 3228 5132 nos
3241 5086 3476 5136 amorte
3489 5082 3716 5139 animm.

2074 5172 2128 5222 et
2145 5166 2443 5223 Christum
2459 5181 2526 5221 ac
2545 5165 2723 5219 Deum
2748 5172 3014 5220 nostrum
3039 5173 3276 5224 amorte
3298 5171 3581 5240 corporis.
3603 5174 3720 5227 Aut

2071 5255 2454 5312 «Secundum
2474 5253 2797 5310 efﬁcaciam
2818 5276 2844 5304 »
2861 5254 3265 5325 dicit,causam
3286 5260 3540 5315 reddens
3559 5260 3716 5316 exci-

2070 5346 2313 5401 tationis
2335 5350 2797 5417 nostraanempe
2819 5361 2924 5416 per
2953 5362 3130 5417 quam
3155 5349 3719 5418 credidimus,etper

2073 5449 2249 5506 quam
2278 5434 2710 5490 resurreximus
2742 5451 2775 5490 a
2799 5441 2986 5490 morte
3009 5436 3243 5492 animm.
3259 5436 3532 5492 Efficacia
3555 5436 3712 5490 enim

2069 5538 2247 5594 quam
2279 5523 2541 5578 exercuit
2571 5522 2633 5577 in
2663 5523 2895 5580 Christo
2922 5525 2974 5580 is
3005 5525 3104 5596 qui
3138 5524 3412 5580 excitavit
3436 5529 3712 5591 eum,etc.

354 5690 403 5726 ’⁸
429 5690 479 5748 Il
511 5691 642 5749 Cor.
677 5707 718 5760 ι,
741 5691 796 5750 3.
874 5691 897 5728 ⁸
927 5691 978 5748 ΙΙ
1007 5690 1141 5759 Cor,
1171 5705 1296 5760 xm,
1328 5695 1412 5750 Η.
1491 5693 1510 5728 ⁷
1537 5692 1692 5752 Psal.
1726 5709 1881 5770 xxm,
1915 5701 1970 5757 td

2080 5700 2100 5735 ι
2130 5700 2155 5757 ι
2183 5698 2314 5758 Cor.
2348 5715 2406 5771 η,
2441 5701 2525 5758 ιι.
2604 5699 2626 5738 ο
2649 5699 2797 5756 Ibid.
2833 5703 2918 5756 ιο.
