4108 6192
458 357 618 421 1183

1576 354 1985 416 (ΕΟΗΜΕΝΠ
2030 353 2336 416 ΤΙὶΙΟΟιΕ
2379 357 2724 422 EPISCOPl

3711 369 3867 430 1184

457 487 725 546 hmc'fuit
751 501 932 542 causa
962 501 1080 556 qua
1106 483 1488 544 crederemus
1517 501 1584 542 ac
1616 487 2097 559 resipisceremus

2219 485 2354 558 αὕτη
2387 488 2602 567 γέγονεν
2631 489 2777 546 αἰτία
2805 496 2900 547 τοῦ
2930 497 3214 550 πιστεῦσαι
3243 497 3332 550 καὶ
3362 495 3665 571 ἀνενεγκεῖν
3718 500 3867 569 ἡμᾶς

455 595 491 635 a
537 577 717 650 priori
779 591 998 632 errore.
1061 576 1330 632 Surrexit
1376 592 1635 647 namque
1687 576 1788 647 qui
1831 583 2104 634 mortuus

456 674 584 723 est:
619 672 888 721 mortuus
920 671 1010 720 est
1039 672 1237 721 autem
1269 665 1408 736 quia
1441 666 1782 722 incarnatus
1815 672 1904 721 est
1934 683 1947 721 :
2007 682 2103 722 su-

457 758 646 829 scepit
674 773 810 811 vero
842 772 1082 812 carmen
1113 762 1179 812 ut
1208 772 1318 810 nos
1351 756 1411 810 in
1445 755 1600 811 ﬁlios
1658 757 1984 828 adoptaret.
2037 758 2106 814 Et

455 849 582 902 haec
606 846 807 902 omnia
830 846 1112 902 efficacia:
1135 851 1274 901 sunt
1299 845 1461 900 illius
1483 845 1584 916 qui
1611 846 1883 902 excitavit
1903 861 2037 901 eum
2069 862 2104 901 a

453 935 1026 1006 mortuis.Aitergo:
1061 958 1087 984 α
1124 935 1458 990 Secundum
1491 935 1853 990 efﬁcaciam:
1881 958 1906 984 «
1942 937 2102 1006 quod

451 1027 636 1082 dicat:
654 1049 680 1074 α
707 1030 952 1096 Propter
973 1024 1296 1080 efﬁcaciam
1315 1024 1545 1080 roboris
1568 1025 1934 1080 fortitudinis
1951 1027 2099 1096 ejus.

453 1117 596 1172 Nam
627 1115 951 1170 secundum
985 1113 1148 1169 illam
1184 1119 1242 1168 et
1274 1121 1514 1186 propter
1544 1114 1727 1178 illam,
1762 1121 1819 1170 et
1847 1115 2102 1172 credidi-

454 1221 610 1274 mus,
645 1211 704 1259 et
733 1204 946 1260 servati
982 1219 1204 1259 sumus.
1233 1209 1345 1258 Aut
1366 1219 1470 1274 per
1487 1203 1598 1259 hoc
1620 1203 1779 1274 quod
1809 1204 1892 1259 ait
1929 1221 1941 1258 :
1975 1228 2000 1254 ‹‹
2036 1207 2105 1261 Et

461 1312 591 1365 quae
625 1295 702 1350 sit
733 1293 1031 1348 excellens
1087 1292 1434 1365 magnitudo
1467 1292 1626 1348 illius
1657 1309 1794 1366 erga
1853 1310 1962 1349 nos
2002 1295 2103 1367 qui

458 1384 793 1441 credimus:
821 1407 840 1433 ι
870 1383 981 1437 hoc
999 1382 1143 1436 dicit
1169 1381 1326 1453 quod
1346 1382 1640 1452 primitias
1659 1389 2104 1455 nostras.supra

457 1489 694 1530 omnem
727 1473 1120 1544 principatum
1156 1477 1214 1526 et
1243 1471 1521 1526 virtutem
1555 1479 1614 1525 et
1650 1478 2004 1543 potestatem
2036 1489 2103 1530 ac

453 1562 948 1626 dominationem,
999 1577 1213 1632 nempe
1260 1560 1558 1616 Christum
1611 1562 1984 1628 suscitatum,
2038 1562 2099 1616 in

453 1652 698 1708 dextera
728 1669 834 1706 sua
865 1650 1189 1707 collocavit.
1238 1650 1586 1720 Quanquam
1635 1651 1796 1706 enim
1856 1667 1929 1708 ex
1980 1655 2103 1704 tota

438 1741 714 1798 chumana
771 1755 966 1796 massa
997 1739 1251 1795 Verbum
1311 1754 1377 1794 ac
1412 1740 1564 1794 Deus
1623 1739 2099 1809 assumptionem

2214 582 2314 645 τῆς
2345 577 2608 653 προτέρας
2639 580 2873 653 πλάνης.
2907 584 3128 654 Ἀνέστη
3161 584 3286 661 γὰρ,
3344 585 3430 642 ὅτι
3458 587 3702 657 τέθνηκε.
3772 591 3864 646 Té-

2216 676 2382 736 θνηκε
2408 664 2486 732 δὲ,
2519 669 2602 725 ὅτι
2637 671 2989 746 σεσάρκωται.
3027 675 3378 748 Σεσάρκωται
3430 673 3509 744 δὲ,
3565 675 3659 731 ἵνα
3714 680 3864 751 ἡμᾶς

2215 756 2626 828 υἱοποιήσηται.
2660 761 2757 817 Καὶ
2789 766 2959 818 ταῦτα
2989 765 3158 818 πάντα
3195 771 3295 834 τῆς
3337 765 3602 841 ἐνεργείας
3628 767 3738 822 ἐστὶ
3766 775 3867 838 τῆς

2215 843 2404 912 αὐτῆς,
2424 851 2524 902 τοῦ
2555 847 2861 924 ἐγείραντος
2889 850 3050 907 αὐτὸν
3081 850 3142 908 ἐκ
3169 859 3384 928 νεκρῶν.
3416 856 3490 912 Τὸ
3517 853 3632 925 οὖν,
3660 881 3691 909 ‹‹
3720 859 3868 912 Κατᾶ

2212 935 2310 1002 τὴν
2341 933 2624 1010 ἐνέργειαν,
2659 962 2686 990 ››
2717 938 2809 994 ’ἱνα
2841 938 2988 1014 εἷ’πῃ,
3019 941 3116 996 Διά
3167 943 3263 1012 τήν
3320 942 3584 1020 ἐνέργειαν
3613 950 3712 1000 τοῦ
3743 947 3870 1020 διρά-

2213 1043 2340 1087 τους
2363 1031 2462 1093 τῆς
2492 1025 2681 1090 ἰσχύος
2715 1027 2900 1085 αὐτοῦ.
2934 1032 3064 1088 Κατ’
3095 1029 3301 1101 ἐκείνην
3343 1034 3448 1109 γάρ
3479 1033 3568 1088 καὶ
3623 1031 3696 1089 δι’
3725 1035 3872 1090 ἐκεί-

2214 1134 2335 1183 νην,
2375 1115 2464 1169 καὶ
2491 1117 2920 1192 πεπιστεύκαμεν
2956 1119 3046 1175 καὶ
3076 1121 3411 1194 σεσώσμεθα.
3445 1124 3514 1180 Ἥ
3573 1123 3664 1178 καὶ
3717 1125 3773 1179 τί
3808 1127 3870 1180 τὸ

2215 1199 2559 1278 ὑπερϐάλλον
2597 1207 2820 1282 μέγεθος
2864 1209 3032 1265 αὐτοῦ
3090 1210 3166 1271 εἷς
3197 1212 3346 1284 ἡμᾶς
3401 1213 3530 1274 τοὺς
3583 1213 3874 1268 πιστεύον-

2209 1312 2324 1356 τας,
2356 1294 2517 1350 τοῦτό
2551 1315 2736 1372 φησιν,
2789 1297 2871 1352 ὅτι
2929 1299 3030 1369 τὴν
3091 1299 3344 1375 ἀπαρχήν
3397 1303 3560 1373 ἡμῶν
3619 1302 3870 1375 ὑπεράνω

2211 1380 2389 1450 πάσης
2423 1383 2601 1458 ἀρχῆς
2631 1382 3037 1462 καὶδυνάμεως
3087 1388 3176 1442 καὶ
3231 1387 3475 1458 ἐξουσίας
3532 1391 3622 1445 καὶ
3681 1393 3874 1465 κυριό-

2210 1492 2375 1543 τητος
2407 1473 2711 1544 ἀναστήσας
2743 1477 2832 1530 τὸν
2865 1479 3122 1547 Χοιστὸν,
3185 1478 3236 1533 ἐν
3297 1475 3443 1550 δεξιᾷ
3498 1481 3664 1536 αὐτοῦ
3713 1482 3874 1546 ἐκάθ-

2215 1583 2342 1619 ισεν.
2401 1564 2463 1620 Εἰ
2522 1565 2624 1642 γὰρ
2675 1568 2764 1621 καὶ
2828 1567 2878 1638 ἐξ
2928 1566 3069 1623 ὅλου
3135 1573 3232 1624 τοῦ
3291 1569 3638 1643 ἀνθρωπίνου
3697 1578 3874 1653 φυρά-

2215 1672 2386 1725 ματος
2415 1654 2476 1708 τὸ
2509 1656 2859 1730 πρόσΛημμα
2888 1660 3049 1730 ἡμῶν
3080 1659 3108 1714 6
3145 1659 3322 1732 Λόγος
3367 1659 3458 1715 καὶ
3513 1662 3646 1723 Θεὸς
3705 1665 3871 1736 ἡμῶν

2210 1737 2605 1815 προσελάϐετο,
2637 1743 2768 1802 ἀλλ’
2797 1744 2888 1800 οὖν
2927 1747 3153 1824 ἀπαρχὴ
3189 1753 3296 1804 τῶν
3360 1752 3724 1808 πιστευόντων
3757 1752 3869 1810 ἐπὶ

452 1838 719 1886 nostram
749 1829 996 1901 accepit,
1038 1829 1164 1900 ipse
1197 1834 1397 1882 tamen
1435 1827 1805 1883 credentium
1866 1833 2097 1885 tantum

2215 1831 2403 1905 μόνον,
2433 1834 2523 1888 καὶ
2555 1832 2700 1907 αὐτῷ
2730 1836 3310 1909 καταχολουθούντων,
3352 1840 3536 1913 ὥσπερ
3567 1845 3658 1897 καὶ
3698 1865 3871 1918 πρω-

426 1924 544 1974 -εει
582 1919 860 1992 primitim
892 1925 951 1972 et
977 1933 1183 1973 eorum
1214 1917 1316 1988 qui
1354 1917 1548 1988 ipsum
1599 1917 2054 1988 subsequuntur
2087 1935 2098 1972 :

452 2007 956 2085 quemadmodum
973 2008 1148 2063 etiam
1166 2006 1603 2079 primogenibus
1617 2013 1705 2061 est
1719 2007 1876 2063 inter
1891 2007 2104 2063 multos

450 2103 683 2166 fratres,
716 2115 932 2170 nempe
973 2097 1199 2155 fideles.
1234 2099 1326 2150 11
1369 2096 1473 2152 sed
1508 2113 1626 2151 non
1658 2097 1813 2152 inter
1844 2113 2052 2157 omnes
2089 2112 2103 2153 :

450 2207 570 2246 non
584 2190 740 2244 enim
762 2189 938 2242 etiam
956 2187 1110 2242 inter
1128 2186 1512 2241 infideletha
1527 2203 1663 2258 ergo
1687 2187 2102 2259 intelttgendo,

456 2303 482 2329 «
518 2279 587 2333 Et
616 2294 745 2348 quae
776 2277 854 2331 sit
883 2275 1188 2331 excellens
1217 2275 1623 2348 magnitudo,»
1658 2275 1914 2348 etc.(hoc
1943 2275 2104 2336 enim

454 2366 762 2426 excellenti
781 2365 957 2419 etiam
977 2364 1150 2418 modo
1172 2364 1642 2433 magnitudinem
1661 2381 1827 2421 suam
1845 2366 2104 2422 maxime

452 2453 849 2516 commendat.
886 2453 1045 2523 quod
1080 2459 1374 2507 terrenam
1410 2459 1682 2508 naturam
1719 2470 1898 2524 supra
1928 2454 2102 2512 coale-

451 2552 571 2602 stes
606 2543 1103 2610 sublimaverit,et
1128 2541 1200 2597 ab
1235 2542 1597 2612 incorpereis
1628 2542 1938 2599 ordinibus
1970 2543 2106 2599 ado-

455 2635 702 2692 randam
734 2632 1093 2704 prmbuerit),
1128 2632 1230 2700 ita,
1264 2631 1528 2702 inquam,
1563 2631 1867 2688 intellecta
1924 2633 2104 2705 hujus

456 2727 596 2784 dicti
633 2723 1328 2793 sententiaconsequens
1351 2728 1410 2776 et
1437 2721 1755 2777 manifesta
1786 2723 1966 2778 etiam
1991 2723 2104 2778 erit

449 2815 848 2884 intelligentia
881 2829 1086 2868 eorum
1119 2828 1250 2883 qua)
1281 2813 1782 2881 sequuntur.i\'am
1807 2828 1879 2868 ex
1911 2813 2104 2869 efﬁca-

449 2905 540 2960 cia
570 2919 745 2976 quam
781 2901 1048 2957 exercuit
1100 2899 1466 2956 resuscitans
1515 2899 1837 2966 Christum,
1881 2900 2102 2956 factum

451 3001 542 3050 est
572 3001 635 3049 ut
664 2998 722 3050 et
754 2997 970 3048 nostrm
995 2990 1270 3062 primitiae
1304 2989 1460 3044 Patri
1488 2989 1966 3059 consederent,et
1993 3007 2102 3048 nos

455 3085 663 3142 fideles
695 3100 799 3155 per
828 3083 938 3138 hoc
970 3081 1358 3135 vehementer
1381 3079 1840 3135 lionestaremur
1863 3085 1921 3135 et
1937 3096 2105 3135 orna-

2211 1920 2437 1984 τότοκος
2476 1921 2528 1978 ἐν
2562 1923 2798 1987 πολλοῖς
2828 1923 3110 2007 ἀδελφοῖς,
3164 1934 3282 1991 τοῖς
3342 1932 3708 2001 πιστεύουσιν,
3740 1933 3852 1990 ἀλλ

2213 2010 2312 2066 οὐκ
2343 2010 2395 2066 ἐν
2429 2017 2608 2067 πᾶσιν·
2647 2014 2708 2070 οὐ
2741 2016 2847 2093 γὰρ
2893 2017 2989 2071 κάν
3044 2023 3164 2079 τοῖς
3218 2016 3489 2080 ἀπίστοις,
3531 2019 3718 2085 Οὖτως
3783 2023 3875 2080 οὖν

2213 2097 2717 2176 ἐκλαμϐανομὲνου,
2765 2130 2792 2157 ιι
2830 2107 2928 2163 Καὶ
2963 2106 3013 2160 τί
3042 2108 3104 2162 τὸ
3166 2104 3514 2182 ὑπερϐάλλον
3554 2113 3809 2186 μέγεθος,
3842 2139 3867 2164 ιι

2213 2193 2303 2246 καὶ
2334 2191 2474 2264 ἑξῆς·
2501 2196 2681 2265 (τοῦτο
2712 2194 2817 2270 γὰρ
2847 2196 2937 2248 καὶ
2988 2196 3051 2250 τὸ
3109 2198 3228 2260 καθ’
3288 2193 3600 2273 ὑπερϐολὴν
3647 2201 3873 2276 μέγεθος

2215 2279 2377 2336 αὐτοῦ
2463 2281 2698 2355 μάλιστα
2755 2284 3074 2359 παρίστησι,
3129 2286 3191 2340 τὸ
3246 2289 3345 2357 τὴν
3421 2297 3623 2364 γηγενῆ
3710 2292 3870 2368 φύσιν

2218 2371 2465 2444 ὑπεράνω
2493 2376 2601 2426 τῶν
2636 2371 2875 2447 οὐρανῶν
2927 2374 3222 2448 ἀνυψῶσαι,
3274 2377 3363 2430 καὶ
3420 2378 3524 2432 ὑπὸ
3564 2384 3673 2434 τῶν
3729 2381 3873 2436 ἆσωο

2217 2460 2399 2532 μάτων
2457 2463 2656 2532 τάξεων
2715 2463 3199 2538 προσκυνουμένην
3260 2463 3475 2543 δεῖξαιο)
3528 2469 3700 2532 οὓτως
3775 2471 3866 2526 οὖν

2212 2549 2663 2629 παραληφθείσης
2702 2559 2801 2621 τῆς
2859 2557 2954 2608 τοῦ
3012 2554 3183 2630 ῥητοῦ
3241 2553 3506 2624 διανοίας,
3565 2557 3868 2624 ἀκόλουθός

2213 2661 2270 2696 τε
2299 2639 2388 2694 καὶ
2423 2642 2598 2712 σαφης
2630 2641 2719 2696 καὶ
2749 2643 2782 2710 ἡ
2827 2641 3005 2698 ἔννοια
3061 2649 3165 2699 τῶν
3208 2644 3418 2722 ἐφεξῆς.
3459 2648 3552 2702 Ἐκ
3601 2649 3701 2722 γὰρ
3765 2659 3867 2719 τῆς

2211 2727 2479 2804 ἐνεργείας
2509 2731 2578 2799 ἧς
2611 2729 2902 2806 ἐνήργησεν
2961 2731 3263 2803 ἀναστήσας
3318 2735 3412 2789 τὸν
3459 2737 3715 2812 Χριστὸν,
3774 2745 3865 2794 καὶ

2212 2819 2274 2875 τὸ
2329 2821 2422 2888 τήν
2478 2821 2746 2892 ἡμετέραν
2799 2821 3056 2897 ἀπαρχήν
3118 2820 3478 2899 συνεδριάσαι,
3534 2825 3717 2900 γέγονε
3782 2835 3859 2900 τῷ

2211 2908 2379 2984 Ηατρὶ
2411 2910 2498 2963 καὶ
2529 2909 2664 2980 ἡμῖν
2694 2916 2810 2973 τοῖς
2863 2916 3075 2973 πιστοῖς
3104 2913 3164 2966 τὸ
3225 2913 3712 2988 ὑπερσεμνῦνεσθαι
3771 2919 3861 2973 καὶ

2214 2998 2792 3070 ὖπερκαλλωπίζεσθαι
2851 3000 2939 3056 ἐπὶ
3011 3001 3213 3076 τούτῳ.
3284 3030 3309 3054 (ι
3369 3004 3464 3066 Εῗ’ς
3523 3007 3672 3078 ἡμᾶς
3727 3010 3861 3070 τοὺς

2209 3089 2577 3152 πιστεύοντας.
2623 3115 2651 3143 »ι
2712 3090 2929 3164 Γέγονε,
2970 3092 3124 3169 φησί.
3178 3092 3367 3168 Γέγονε
3425 3091 3502 3158 δὲ,
3564 3097 3699 3151 κατά
3756 3099 3856 3164 τὴν

451 3191 672 3231 remur.
709 3194 736 3224 κ
770 3175 916 3245 Erga
947 3187 1056 3225 nos
1084 3169 1184 3240 qui
1245 3169 1563 3223 credimus.
1607 3190 1630 3214 ››
1687 3168 1929 3225 Factum
1986 3175 2095 3235 est,

2209 3176 2475 3256 ἐνέργειαν
2504 3178 2600 3236 τοῦ
2629 3180 2858 3254 κράτους
2887 3189 2985 3252 τῆς
3023 3182 3217 3257 ἰσχύος
3250 3185 3437 3240 αὐτοῦ·
3496 3184 3560 3242 Εἰ
3617 3187 3721 3264 γάρ
3781 3190 3860 3260 μὴ

444 3264 640 3334 inquit
677 3262 856 3332 idque
887 3258 1214 3314 secundum
1250 3257 1576 3314 efﬁcaciam
1611 3258 1839 3314 roboris
1860 3258 2094 3314 fortitu-

445 3353 602 3408 dinis
635 3349 856 3419 ejus.Si
891 3348 1048 3403 enim
1080 3363 1201 3403 non
1227 3348 1595 3404 exercuiSset
1625 3364 1753 3402 eam
1789 3364 1929 3421 erga
1958 3365 2088 3418 nos,

419 3453 821 3508 ,nequaquam
880 3436 1360 3492 credidissemus.
1423 3458 1446 3486 σι
1505 3435 1690 3500 Quam
1738 3439 2024 3496 eXercuit.
2061 3460 2088 3485 ››

444 3529 629 3592 Quam
662 3530 860 3580 autem
891 3522 1216 3579 efﬁcaciam
1243 3522 1390 3578 dicis
1423 3541 1555 3578 eum
1579 3525 1924 3592 exercuisse
1954 3540 2092 3599 erga

443 3633 553 3671 nos
585 3619 649 3668 ut
673 3613 1051 3669 crederemus
1073 3611 1100 3666 ?
1156 3627 1332 3684 quam
1368 3613 1652 3668 exercuit.
1687 3613 1903 3684 inquit,
1939 3620 1997 3668 et
2028 3615 2090 3670 in

445 3706 700 3766 Christo.
735 3720 870 3759 cum
905 3701 1213 3758 suscitavit
1267 3717 1402 3758 eum
1435 3717 1507 3758 ex
1563 3703 1831 3758 mortuis.
1896 3704 2088 3759 Mani-

2207 3265 2500 3344 ἐνήργησεν
2575 3269 2626 3325 έν
2691 3272 2848 3342 ἡμῖν,
2911 3272 3012 3327 οὐκ
3065 3270 3126 3328 ἄν
3199 3271 3604 3349 ἐπιστεύσαμεν.
3670 3300 3696 3327 α
3757 3279 3860 3334 ’Ἦν

2200 3359 2570 3434 ἐνήργησεν.»
2605 3359 2770 3415 Ποίαν
2815 3357 2872 3415 δὲ
2923 3360 3192 3436 ἐνέργειαν
3248 3365 3427 3440 λέγεις
3487 3363 3859 3440 ἐνηργηκέναι

2202 3447 2277 3507 εἰς
2309 3450 2458 3521 ἡμᾶς
2498 3446 2590 3504 ’ίνα
2619 3450 2989 3525 πιστεύσωμεν
3027 3471 3041 3520 ;
3072 3453 3194 3518 "llv,
3227 3453 3414 3528 φησὶν,
3468 3451 3733 3528 ἐνήργησε
3766 3456 3860 3509 καὶ

2202 3535 2254 3592 ἰν
2287 3541 2364 3608 τῷ
2390 3539 2628 3612 Χριστῷ,
2663 3538 2872 3612 ἐγείρας
2903 3540 3066 3595 αὐτὸν
3121 3539 3182 3595 ἐκ
3232 3547 3462 3610 νεκρῶν.
3518 3543 3604 3597 ὅτι
3658 3541 3717 3598 δὲ
3761 3545 3852 3598 καὶ

2201 3627 2390 3685 ἑαυτὸν
2422 3627 2776 3704 ἐγηγερκέναι
2813 3626 3030 3706 εἶ’ρηται
3068 3627 3387 3709 πολλαχοῦ,
3419 3628 3609 3702 δῆλον.

443 3795 664 3852 festum
697 3799 786 3850 est
816 3799 1035 3850 autem.
1071 3790 1211 3862 quia
1240 3790 1584 3862 frequenter
1615 3790 1839 3848 dictum
1871 3799 1982 3859 est,
2015 3792 2175 3863 quod
2205 3793 2384 3849 etiam
2414 3794 2676 3866 seipsum
2709 3795 3100 3853 suscitaverit.

515 3886 632 3942 1.20
665 3885 752 3938 23.
788 3907 812 3932 α
838 3883 1024 3953 Super
1051 3897 1289 3937 omnem
1323 3881 1721 3953 principatum
1750 3889 1808 3937 et
1837 3890 2088 3954 potesta-

446 3996 475 4026 ‹‹
509 3979 714 4030 tem.et
730 3972 1000 4027 virtutem
1017 3988 1084 4026 ac
1102 3971 1570 4027 dominationem
1601 3976 1848 4027 etomne
1873 3988 2088 4028 nomen

445 4083 477 4114 α
504 4061 657 4133 quod
693 4062 1037 4118 nominatur
1060 4077 1178 4116 non
1203 4062 1394 4116 solum
1420 4062 1479 4116 in
1504 4060 1721 4116 saeculo
1745 4061 2087 4124 hoc.verum

446 4174 474 4202 «
509 4152 689 4208 etiam
721 4151 781 4205 in
810 4151 1030 4207 futuro.
1065 4151 1134 4204 Et
1163 4150 1365 4206 omnia
1396 4150 1649 4220 subjecit
1677 4149 1784 4206 sub
1818 4150 1997 4221 pedes
2027 4150 2090 4206 il~

444 4265 472 4290 ‹‹
509 4241 624 4296 lius
659 4257 672 4294 :
707 4246 765 4293 et
794 4255 930 4297 eum
961 4237 1126 4294 dedit
1157 4245 1333 4310 caput
1363 4255 1542 4310 super
1571 4239 1771 4294 omnia
1812 4240 1923 4311 ipsi
1984 4242 2090 4299 Ec-

447 4355 476 4382 ‹‹
510 4331 709 4390 clesiae
767 4346 896 4402 quae
953 4323 1312 4398 est‘corpus
1355 4327 1536 4389 illius.
1587 4328 2088 4402 complementum

445 4443 484 4479 ‹‹Δ
508 4420 636 4492 ejus
669 4419 768 4490 qui
811 4417 1014 4474 omnia
1044 4417 1108 4472 in
1144 4415 1424 4472 omnibus
1457 4415 1836 4489 adimpletur.

515 4624 542 4652 ‹‹
576 4602 782 4675 Super.
846 4622 872 4650 »
937 4600 1053 4656 Nec
1111 4603 1312 4656 tamen
1368 4598 1512 4654 dicit
1569 4594 1680 4650 ἅνω
1735 4615 1939 4668 super,
1989 4598 2094 4655 sed

448 4691 723 4764 ὑπεράνω,
757 4687 916 4761 quod
964 4687 1374 4744 vehementem
1421 4686 1886 4759 superlationem
1944 4689 2094 4744 desi-

443 4788 601 4852 gnat.
640 4802 665 4828 ‹‹
701 4781 950 4836 Omnem
1008 4777 1426 4849 principatum.
1471 4799 1498 4825 ››
1534 4777 1658 4831 Non
1721 4793 1899 4848 super
1930 4777 2090 4832 hunc

445 4869 773 4941 quidein,at
801 4885 920 4924 non
953 4882 1132 4938 super
1164 4865 1355 4933 illum,
1391 4863 1493 4922 sed
1523 4879 1701 4936 super
1733 4881 1970 4919 omnem
1998 4866 2093 4921 in-

445 4973 790 5029 corporeum
823 4963 1196 5027 potestatem.
1252 4956 1384 5010 Haec
1415 4961 1614 5011 autem
1649 4961 1782 5025 post
1814 4955 2088 5012 incarna-

445 5045 629 5099 tionis
660 5046 1164 5117 dispensationem
1198 5045 1462 5118 intellige
1494 5043 1649 5100 dicta
1680 5060 1857 5100 essea
1888 5045 2089 5101 Paulo.

446 5137 590 5191 Nam
638 5140 774 5189 ante
836 5135 1308 5192 incarnationem
1360 5134 1741 5190 manifestum
1789 5139 1878 5190 est
1933 5133 2092 5206 quod

447 5223 699 5279 Verbum
724 5227 1008 5293 tanquam
1033 5226 1186 5282 Deus
1211 5223 1456 5295 mqualis
1475 5229 1602 5278 erat
1628 5223 1935 5296 potestatis
1953 5240 2089 5279 cum

443 5318 637 5374 Patre.
691 5312 842 5366 sicut
890 5319 947 5366 et
979 5329 1135 5368 nunc
1187 5320 1274 5369 est
1306 5330 1441 5369 cum
1493 5312 1921 5370 incarnatione.
1957 5336 1984 5363 ι(
2022 5314 2091 5368 Ει

446 5419 622 5460 omne
656 5417 873 5456 nomen
923 5400 1081 5473 quod
1132 5403 1493 5459 nominatur.
1534 5425 1559 5448 ››
1611 5403 1729 5459 Hoc
1761 5409 1866 5464 est.
1917 5418 2092 5458 omne

371 5547 376 5552 .
447 5493 822 5550 nominatum
852 5509 917 5547 ac
949 5491 1215 5547 celebre:
1243 5508 1364 5546 non
1387 5492 1578 5546 solum
1603 5492 1760 5563 quod
1793 5493 1885 5548 his
1905 5493 2093 5548 nomi-

447 5582 1035 5647 natur,verumetiam
1058 5579 1214 5652 quod
1242 5580 1300 5633 in
1322 5579 1522 5634 futuro
1549 5581 1736 5649 possit
1756 5579 1868 5636 dici
1901 5597 1969 5636 ac
1994 5598 2092 5637 uo-

449 5671 686 5727 minari.
721 5672 864 5726 Nam
897 5685 1075 5740 super
1106 5673 1433 5734 omnese»
1460 5666 1668 5737 Filius,
1700 5668 1880 5738 etiam
1915 5669 1963 5746 si
2016 5670 2094 5726 sit
2123 5719 2156 5747 ﬂ

2197 3971 2412 4043 νάμεως

3309 3882 3550 3952 ἐξουσίας
3613 3885 3707 3940 καὶ
3768 3883 3865 3941 δυ-

3299 3973 3497 4034 παντὸς
3583 3973 3856 4046 ὀνόματος

2268 3883 2544 3955 Ὑπερσὶνω
2626 3883 2804 3952 πάσης
2889 3883 3071 3959 ἀρχῆς
3131 3884 3221 3938 καὶ

2500 3971 2588 4025 καὶ
2676 3972 3042 4046 κυριότητος,
3125 3973 3212 4027 καὶ

2201 4061 2636 4133 ὀνομαζομένου,
2714 4060 2775 4117 οὐ
2866 4061 3031 4134 μόνον
3119 4062 3172 4118 ἐν
3240 4063 3318 4134 τῷ
3401 4063 3564 4118 αἰῶνι
3649 4065 3854 4137 τούτῳ,

2199 4147 2347 4204 ἀλλὰ
2401 4149 2491 4203 καὶ
2548 4147 2598 4204 ἐν
2649 4153 2727 4220 τῷ
2792 4147 3079 4221 μέλλοντι.
3179 4150 3275 4204 Καὶ
3369 4149 3542 4204 πάντα
3599 4151 3853 4222 ὑπέταξεν

2200 4236 2304 4292 ὑπὸ
2345 4236 2472 4294 τοὺς
2536 4233 2706 4298 πόδας
2777 4237 2965 4306 αὐτοῦ,
3022 4238 3106 4292 καὶ
3170 4237 3326 4292 αὐτὸν
3376 4232 3546 4293 ἔδωκε
3602 4239 3857 4313 κεφαλήα

2200 4329 2333 4402 ὑπὲρ
2420 4328 2596 4383 πάντα
2650 4331 2717 4400 τῇ
2806 4325 3126 4399 Ἐκκλησία,
3177 4325 3302 4397 ἥτις
3357 4325 3467 4382 ἐστί
3543 4330 3606 4384 τὸ
3694 4335 3857 4402 σῶμει

2196 4417 2386 4483 αὐτοῦ,
2446 4417 2507 4472 τὸ
2564 4413 2846 4491 πλήρωμα
2902 4420 2997 4471 τοῦ
3055 4416 3121 4474 τὰ
3172 4419 3342 4472 πάντα
3399 4417 3450 4472 ἐν
3512 4424 3640 4472 πᾶσι
3702 4418 3853 4489 πλη-

2128 4537 2170 4600 D
2203 4505 2490 4600 ρουμένου.

2275 4620 2302 4646 ι(
2333 4593 2628 4670 Ὑπεράνω.
2682 4617 2709 4644 υ
2743 4593 2818 4652 Οὐ
2879 4592 3048 4669 λέγει,
3082 4596 3215 4660 ἅνω,
3247 4593 3394 4662 ἀλλὰ
3425 4596 3488 4652 τὸ
3518 4597 3654 4674 ἆγαν
3710 4597 3854 4672 ὕψη-

2201 4682 2296 4739 λὸν
2329 4681 2536 4750 δηλῶν,
2591 4683 2862 4756 ὑπεράνω,
2923 4681 3107 4760 φησίν.
3161 4707 3186 4734 ‹‹
3225 4683 3406 4752 Πάσης
3463 4683 3723 4760 ἀρχῆς.»
3777 4685 3853 4742 Οὐ

2199 4779 2298 4843 τῆς
2363 4772 2454 4844 μὶν
2507 4769 2593 4836 οξς,
2639 4778 2741 4843 τῆς
2800 4769 2878 4842 δὲ,
2936 4773 3044 4843 ναὶ,
3105 4769 3254 4826 ἀλλὰ
3330 4773 3502 4838 πάσης
3557 4772 3851 4849 ἀσωμάτου

2202 4860 2499 4933 δυνάμεως.
2534 4863 2717 4918 Ταῦτα
2749 4857 2826 4930 δὶ,
2889 4861 3025 4933 μετᾶ
3081 4863 3182 4931 τήν
3237 4855 3494 4937 ἕνσαρκον
3537 4863 3851 4936 οἰκονομίαν

2200 4953 2312 5006 νόει
2343 4951 2591 5026 εἰρῆσθαι
2621 4955 2698 5021 τῷ
2747 4949 2968 5022 Παύλῳ.
3027 4951 3137 5025 Πρὸ
3196 4952 3300 5026 γὰρ
3353 4959 3453 5022 τῆς
3506 4954 3848 5027 σαρκώσεως,

2200 5037 2484 5116 πρόδηλον
2516 5041 2590 5101 ὡς
2623 5041 2650 5094 ὁ
2685 5039 2814 5103 Θεὸς
2847 5041 3024 5113 Λόγοι·
3050 5039 3138 5094 ῗσα
3195 5039 3315 5115 εἶχε
3361 5045 3438 5111 τῷ
3487 5043 3652 5116 Πατρέ
3713 5045 3847 5098 κατά

2199 5131 2298 5197 τήν
2339 5128 2596 5202 ἐξουσίαν,
2655 5125 2837 5204 ὥσπερ
2899 5129 2991 5183 οὗν
3056 5129 3144 5183 καὶ
3201 5133 3288 5183 νῦν
3349 5122 3466 5185 ἔχει
3528 5131 3663 5202 μετᾶ
3720 5151 3847 5206 σαρ-

2201 5219 2441 5280 κώσεως.
2504 5243 2530 5269 ‹‹
2592 5218 2692 5274 Καὶ
2751 5217 2949 5280 παντὸς
3007 5217 3272 5292 ὀνόματος
3355 5218 3786 5294 ὀνομαζομένου.
3820 5245 3846 5271 n

2205 5309 2373 5378 'Avti,
2417 5308 2506 5364 καὶ
2561 5309 2760 5370 παντὸς
2807 5308 2975 5384 ῥητοῦ
3031 5309 3121 5364 καὶ
3181 5310 3508 5382 ὀνομαστοῦ,
3560 5309 3620 5365 οὐ
3685 5311 3844 5383 μόνον

2201 5402 2297 5453 τοῦ
2349 5396 2573 5453 ἐνταυθα
2633 5397 3066 5470 ὀνομαζομένου,
3123 5394 3269 5452 ἀλλά
3324 5398 3413 5452 καὶ
3469 5401 3567 5452 τοῦ
3645 5397 3842 5460 ἐκεῖθεν

2202 5485 2500 5562 δυναμένου
2593 5485 2826 5562 ῥηθῆναι
2929 5485 3020 5541 καὶ
3133 5485 3546 5558 ὀνομασθῆναι.
3660 5488 3843 5559 Ὑπερ-

2202 5577 2310 5632 άνω
2341 5577 2444 5651 γὰρ
2477 5576 2692 5632 πάντων
2755 5577 2782 5630 6
2814 5575 2960 5645 Υἱὸς,
3019 5573 3063 5630 εἰ
3117 5575 3206 5630 καὶ
3265 5575 3622 5650 σεσάρκωται.
3686 5602 3713 5628 κ
3770 5576 3842 5635 Οὐ

2204 5665 2367 5744 μόναν
2399 5663 2450 5722 ἐν
2484 5669 2564 5738 τῷ
2609 5663 3017 5758 αῗῶνιδτορτῳ,
3055 5689 3082 5716 υ
3111 5671 3278 5742 ⁸Ἄκρα
3327 5657 3480 5736 femi;
3532 5663 3838 5742 ἀγγελικῶν
