4096 6194
266 261 444 359 nas:

1317 274 1726 358 COMMENT‘.
1772 293 1855 355 IN
1899 284 2144 355 EPIST.
2204 293 2315 356 AD
2376 278 2651 361 EPHES.

3534 295 3699 370 1186

262 418 554 509 ξυνέμεων
614 432 879 508 ὄνομαῖτα,
918 428 1013 489 νῦν
1074 433 1167 511 μὲν
1201 432 1651 507 ἀκαττωνόμαστὰ,
1681 430 1813 488 τότε
1862 427 1927 485 δῖ

2047 432 2397 491 incarnatus:
2441 454 2471 485 α
2502 431 2631 491 Non
2665 433 2860 492 solum
2910 435 2972 492 in
3012 436 3233 496 saeculo
3288 439 3423 497 hoc.
3457 463 3487 491 »
3547 441 3705 501 Sunt

268 525 727 602 γνωσθησόμενα.
762 550 791 577 (ι
822 523 1003 580 Ἀλλὰ
1032 524 1123 579 καὶ
1156 523 1207 578 ἐν
1240 528 1319 597 τῷ
1375 521 1638 594 μέλλοντι
1700 546 1728 574 ››
1762 519 1834 579 Εἴ
1878 541 1932 576 τι

265 615 356 668 Evt
408 612 460 668 ἐν
519 612 753 687 οὐρανῷ,
813 612 967 691 φησὲ,
1028 612 1245 667 πάντων
1317 610 1577 687 ἀνωτέρω
1659 610 1931 673 κεκάθικε.

269 727 301 755 «ι
340 702 443 758 Καὶ
476 703 650 757 πάντα
683 698 932 774 ὑπέταξεν
963 700 1067 757 ὑπὸ
1106 699 1234 764 τοῦς
1292 699 1462 763 πόδας
1517 700 1704 757 αὐτοῦ.
1736 724 1762 751 ››
1800 698 1935 755 Εἶτα

264 792 367 846 ’ἱνα
402 792 476 864 μή
511 791 753 859 ἀκούων,
799 814 826 842 ‹‹
859 791 1137 848 Ἐκάθισεν
1161 789 1434 866 ὑπεράνω,
1465 814 1492 840 ››
1522 787 1752 862 νομίσῃς
1772 785 1935 842 αὐτὸν

269 882 715 956 προτετιμῆσθαι
780 878 982 951 μόνον,
1042 877 1307 934 δείκνυσιν
1364 879 1451 933 δτι
1507 878 1598 933 καὶ
1657 876 1933 945 Δεσπότην

270 968 440 1024 αὐτὸν
499 967 723 1038 ἐποίησε
787 968 1030 1024 πάντων.
1091 969 1206 1037 Τὴν
1267 970 1371 1046 γὰρ
1431 964 1670 1045 σφοδρὰν
1726 965 1817 1020 καὶ
1869 966 1937 1033 ἧς

270 1059 376 1114 οὐκ
406 1058 481 1115 ἔνι
516 1057 714 1134 μείζων
760 1060 1040 1137 ὑποταγὴν
1093 1056 1260 1129 δεῖξαι
1320 1059 1521 1128 θελων,
1548 1083 1576 1110 ‹‹
1618 1059 1749 1113 Ὑπὸ
1806 1055 1935 1119 τοῦς

270 1145 449 1211 πόδας
504 1147 693 1219 αὐτοῦ,
746 1172 774 1201 n
837 1147 976 1207 εἶπε.
1039 1171 1067 1200 (ς
1116 1148 1216 1203 Καὶ
1274 1147 1435 1204 αὐτὸν
1495 1142 1685 1203 ἔδωκε.
1750 1170 1779 1198 ››
1838 1144 1934 1201 Καὶ

271 1239 379 1309 τὴν
465 1234 795 1308 Ἐκκλησίαν
884 1234 1108 1310 δυνάμει
1190 1238 1501 1302 συνεκάθισε
1583 1241 1663 1310 τῷ
1718 1237 1937 1312 Χριστῷ

276 1327 357 1390 εἷς
388 1326 590 1383 ἐκεῖνον
628 1327 719 1382 τὸν
776 1325 993 1401 θρόνον,
1052 1331 1222 1381 Ὅπου
1280 1326 1384 1404 γὰρ
1441 1328 1477 1397 ἡ
1528 1323 1765 1406 κεφαλή·
1824 1324 1939 1380 ἐκεῖ

272 1417 370 1498 καὶ
396 1418 459 1472 τὸ
489 1415 683 1473 λοιπὸν
723 1421 900 1490 σῶμα.
935 1442 961 1469 ‹‹
1000 1414 1280 1495 Κεφαλήν.
1340 1440 1370 1469 ››
1434 1415 1621 1474 Εῗπὼν
1653 1416 1749 1472 τὸν
1804 1417 1935 1490 Χρι-

278 1508 404 1563 στὸν
435 1505 678 1587 κεφαλήν
710 1510 819 1561 τῶν
854 1511 1084 1577 πιστῶν,
1112 1505 1279 1562 εἰπὼν
1311 1506 1440 1570 τοὺς
1485 1506 1712 1568 πιστοὺς
1772 1509 1937 1577 σῶμα

280 1594 469 1667 αὐτοῦ,
531 1596 621 1652 καὶ
680 1593 964 1670 πλήρωμα
1022 1597 1213 1664 αὐτοῦ,
1274 1597 1365 1651 καὶ
1421 1595 1609 1652 πολλὰ
1661 1600 1761 1665 τῆς
1811 1593 1935 1670 περῖ

277 1687 433 1758 ἡμᾶς
492 1684 906 1761 φιλανθρωπίας
991 1685 1082 1741 καὶ
1136 1684 1454 1759 οἰκονομίας
1507 1685 1934 1761 εὐεργετήματα,

2038 523 2237 594 itaque
2253 524 2655 597 angelicarum
2678 531 3038 597 potestatum
3059 528 3552 597 nominata,nunc
3566 533 3695 603 qui-

2037 612 2172 667 dem
2206 614 2381 668 nobis
2421 613 2817 679 innominata.
2875 621 3021 671 tunc
3067 633 3203 672 vero
3261 621 3692 691 cognoscenda.

2040 722 2070 752 «
2103 702 2317 757 Verum
2340 702 2518 757 etiam
2542 703 2604 759 in
2634 702 3093 761 futuro.»128i
3127 706 3696 778 quid,inquit.estin

2043 792 2212 855 ccelo,
2246 807 2426 863 super
2449 809 2657 849 omnes
2709 794 2885 851 sedit.
2923 817 2948 845 ι(
2984 796 3051 849 Et
3070 796 3275 850 omnia
3306 797 3560 867 subjecit
3589 796 3697 851 sub

2042 878 2224 951 pedes
2254 880 2437 936 illius.
2475 906 2496 934 ι
2535 883 2758 938 Deinde
2789 899 2863 938 ne
2890 884 3141 940 audiens
3168 885 3324 955 quod
3358 902 3493 940 eum
3520 902 3701 957 super

2040 968 2159 1023 alia
2184 969 2394 1024 sedere
2424 970 2583 1039 fecit,
2618 972 2923 1027 existimes
2969 987 3105 1028 eum
3139 979 3367 1028 tantum
3391 973 3700 1045 praehono-

2040 1057 2185 1120 rari,
2221 1059 2485 1114 ostendit
2535 1060 2691 1132 quod
2723 1061 2900 1117 etiam
2933 1062 3249 1117 Dominum
3283 1063 3697 1119 universorum

2040 1147 2180 1203 fecit
2206 1148 2375 1204 illum
2403 1150 2840 1206 :vehementem
2864 1152 3020 1206 enim
3046 1157 3105 1207 et
3134 1168 3250 1222 qua
3272 1152 3558 1224 majorem
3575 1170 3694 1208 non

2041 1242 2132 1292 est
2150 1237 2291 1293 dare
2309 1238 2738 1311 subjectionem
2762 1240 3075 1296 ostendere
3097 1240 3506 1307 volens,dixit:
3533 1264 3560 1292 ‹‹
3580 1241 3697 1296 Sub

2040 1327 2221 1399 pedes
2240 1328 2455 1383 illius.»
2484 1359 2552 1370 —-
2573 1352 2600 1379 ‹‹
2630 1332 2697 1384 Et
2720 1345 2853 1384 eum
2885 1328 3066 1384 dedit.
3096 1352 3124 1379 ιι
3144 1331 3215 1384 Et
3237 1329 3559 1385 Ecclesiam
3589 1346 3699 1402 po-

2040 1421 2252 1471 testate
2284 1417 2592 1473 collocavit
2624 1436 2759 1473 cum
2792 1417 3022 1473 Christo
3054 1420 3115 1473 in
3148 1419 3317 1474 illum
3374 1419 3655 1475 thronum
3684 1435 3697 1474 :

2041 1505 2141 1561 ubi
2202 1506 2361 1561 enim
2424 1515 2511 1563 est
2567 1514 2763 1579 caput,
2830 1508 2912 1563 ibi
2971 1514 3029 1562 et
3095 1508 3396 1579 reliquum
3459 1523 3695 1579 corpus.

2044 1598 2299 1668 «Caput.
2340 1623 2360 1645 ι
2397 1599 2715 1669 Postquam
2782 1599 3080 1654 Christum
3143 1604 3320 1669 caput
3372 1598 3521 1653 dixit
3569 1614 3701 1653 cre-

2043 1683 2334 1754 dentium,
2367 1693 2683 1758 postquam
2716 1686 3026 1743 credentes
3059 1704 3275 1759 corpus
3322 1687 3471 1743 dixit
3513 1687 3701 1759 ipsius

279 1774 472 1853 ἒτὲἀγει
534 1775 624 1831 καὶ
681 1784 782 1843 τῆς
838 1775 985 1839 θείας
1036 1777 1201 1831 αὐτοῦ
1257 1775 1347 1830 καὶ
1404 1775 1681 1851 ἀκηράτου
1751 1774 1937 1836 οὐσίας

2047 1779 2107 1828 et
2136 1775 2640 1846 complementum
2672 1778 2826 1847 ejus,
2884 1778 3191 1848 multaque
3223 1776 3608 1849 benignitatis
3633 1792 3703 1831 ac

280 1862 563 1941 ἔνδειγμα.
597 1863 775 1920 Ἀλλὰ
803 1866 951 1928 τίνος
984 1862 1104 1920 ἐστὶ
1143 1870 1303 1939 σῶμα
1347 1884 1361 1933 ;
1393 1865 1549 1943 φησὶ,
1608 1864 1751 1927 τίνος
1791 1863 1940 1933 πλή-

287 1974 453 2030 ρωμα
492 1974 505 2023 ;
539 1953 748 2023 Τίνος;
802 1956 918 2011 Τυῦ
976 1951 1326 2029 πληροῦντος
1368 1953 1436 2010 τὰ
1490 1953 1684 2009 πάντα.
1718 1953 1834 2011 Οὐκ
1889 1947 1944 2009 ἔν

274 2035 389 2097 ττινι
443 2041 683 2118 ἐνεργείᾳ
739 2042 830 2097 καὶ
887 2041 1176 2112 διοικήσει,
1237 2041 1364 2099 ἀλλ’
1436 2041 1488 2097 ἑν
1539 2048 1717 2098 πᾶσιν.
1773 2041 1944 2105 Αὐτὸς

286 2128 703 2209 ἐδημιούργησε
734 2131 928 2188 πάντα.
965 2131 1137 2196 Αὐτὸς
1172 2128 1340 2188 ἔδωκε
1394 2132 1566 2200 πνοὴν
1596 2136 1715 2193 τοῖς
1754 2135 1941 2202 (Ean,

287 2220 448 2283 αὐτὸς
509 2219 746 2296 συνέχει,
806 2219 969 2283 αὐτὸς
1029 2226 1360 2297 προνοεῖται,
1436 2219 1597 2283 αὐτὸς
1648 2220 1715 2276 τὰ
1770 2220 1944 2276 πάντα

283 2309 341 2365 ἐν
382 2315 513 2366 πᾶσι
569 2310 856 2386 πράγμασι
918 2308 1131 2385 πληροῖ
1184 2311 1274 2366 καὶ
1334 2307 1526 2369 διέπει.
1581 2310 1794 2367 Τούτου
1850 2310 1941 2365 οὖν

288 2403 387 2454 τοῦ
416 2397 753 2471 τηλικούτου
782 2399 872 2453 καὶ
901 2398 1192 2468 τοσούτου,
1250 2403 1351 2454 τοῦ
1408 2399 1485 2462 είς
1541 2399 1712 2454 πάντα
1767 2398 1858 2453 καὶ
1889 2397 1943 2454 ἐν

283 2495 443 2544 πᾶσιν
501 2486 862 2561 ἐξαπλοῦντος
912 2487 1077 2543 αὐτοῦ
1133 2488 1227 2550 τὰς
1283 2487 1572 2563 ἐνεργείας,
1630 2492 1789 2562 σῶμα
1852 2488 1943 2542 καὶ

291 2576 576 2653 πλήρωμα
605 2578 921 2651 ἠξιώθημεν
974 2575 1275 2634 καλεῖσθαι.
1319 2575 1479 2636 Ἀλλ’
1534 2576 1580 2633 εί
1611 2576 1786 2639 οὕτως
1814 2598 1942 2649 νοη-

298 2666 415 2736 θείη
474 2667 535 2722 τὸ
582 2663 991 2740 πληρουμένου,
1053 2665 1170 2721 ἀντὶ
1228 2669 1329 2721 τοῦ
1384 2663 1732 2740 πληροῦντος
1772 2663 1943 2736 ἐκλη-

296 2757 579 2833 φθήσεται.
623 2754 1078 2832 ’Ᾱκολουθὸτερον
1133 2756 1225 2810 οὗν
1288 2758 1358 2829 τῇ
1416 2753 1581 2826 λέξει,
1649 2756 1724 2816 ὡς
1783 2754 1942 2825 ἐνόη-

291 2864 384 2899 σαν
419 2845 471 2899 o't
501 2845 607 2919 πρὸ
656 2847 839 2919 ἡμῶν.
901 2878 967 2888 —
1017 2845 1354 2919 [ΟΙΚΟΥΜ.]
1387 2870 1413 2897 ‹‹
1446 2845 1609 2920 ’Υπὲρ
1645 2846 1817 2900 πάντα
1871 2847 1940 2919 τῇ

285 2931 604 3006 Ἐκκλησίᾳ.
641 2958 669 2986 ››
702 2936 772 2990 Ἦ
809 2934 939 3004 ὑπὲρ
990 2934 1276 3009 ἀγγέλους,
1306 2936 1462 3013 φησὶ,
1523 2933 1614 2988 καὶ
1664 2932 1943 3011 ἀρχαγγέ-

287 3021 417 3086 λους
474 3023 634 3079 αὐτὸν
690 3024 784 3078 τὸν
858 3025 975 3078 ι”ιὸν
1031 3021 1201 3078 ἔδωκε
1258 3022 1523 3091 κεφαλὴν,
1577 3021 1613 3090 ἢ
1679 3024 1774 3076 τὸν
1812 3018 1941 3077 ὄντα

284 3112 416 3186 ὑπὲρ
448 3113 621 3167 πάντα
649 3112 716 3167 τὰ
768 3112 1022 3185 ὁρώμενα
1077 3112 1168 3165 καὶ
1224 3110 1492 3183 νοούμενα
1553 3110 1804 3185 Χριστόν.
1859 3112 1928 3167 Ἦ

287 3200 419 3276 ὑπὲρ
452 3199 719 3256 πάντατᾶ
775 3202 950 3275 ἂγαθὰ
1013 3203 1175 3255 τοῦτο
1232 3200 1521 3271 πεποίηκε.
1564 3200 1627 3255 τὸ
1681 3199 1773 3255 τὸν
1806 3199 1929 3255 rte».

272 3285 475 3344 ’δοῦναι
527 3287 793 3367 κεφαλήν.
855 3311 883 3340 ‹‹
922 3290 1083 3351 Ἥτις
1141 3286 1254 3343 ἐστὶ
1320 3288 1384 3343 τὸ
1438 3292 1599 3360 σῶμα
1656 3286 1845 3345 αὐτοῦ.
1895 3308 1922 3342 ο

261 3363 613 3454 ’Υπερόολή
645 3378 728 3441 τίς
781 3379 944 3435 ἔστιν.
992 3380 1108 3433 Ἵνα
1162 3376 1267 3453 γὰρ
1330 3378 1407 3451 μὴ
1466 3377 1699 3439 ἀκούσας
1765 3398 1931 3455 κεφα-

288 3467 413 3540 λὴν,
442 3470 625 3545 ἀρχήν
654 3489 776 3524 τινα
815 3470 903 3524 καὶ
955 3467 1196 3540 ἐξουσίαν
1248 3467 1506 3544 νομίσῃς,
1568 3473 1931 3541 Σωματικῶς,

279 3559 466 3640 φησὶν,
497 3561 659 3632 ἡμῶν
688 3557 799 3614 ἐστι
831 3556 1069 3638 κεφαλὴ,
1100 3557 1188 3612 καὶ
1222 3558 1257 3628 ἡ
1323 3555 1623 3630 Ἐκκλησία
1652 3556 1935 3633 πλήρωμά

282 3649 392 3705 ἔστι
418 3654 515 3705 τοῦ
546 3655 803 3724 Χριστοῦ.
837 3645 1193 3722 ’Άποτ-ληροῖ
1237 3647 1341 3724 γὰρ
1388 3648 1478 3704 καὶ
1524 3647 1734 3705 τέλειον
1788 3650 1937 3705 ποιῖί

283 3741 441 3812 σῶμα
470 3738 571 3807 τὴν
602 3735 872 3811 κεφαλήν,
901 3734 1084 3812 ὥσπερ
1137 3735 1226 3791 καὶ
1284 3737 1320 3806 ὴ
1360 3735 1573 3814 κεφαλὴ
1604 3737 1933 3812 πληρωτική

282 3824 393 3883 ἔστι
416 3831 516 3882 τοῦ
548 3825 747 3883 λοιποῦ
788 3831 1064 3900 σώματος.
1099 3851 1128 3879 ‹‹
1160 3826 1238 3883 Τὸ
1297 3824 1601 3901 πλήρωμα.
1645 3850 1674 3879 ››
1706 3824 1935 3891 Οὐδενὸς

289 3913 524 3996 φείδεται
556 3917 803 3992 ῥήματος
837 3917 864 3971 ὁ
894 3913 1259 3986 Ἀπόστολος,
1289 3915 1426 3991 πρὸς
1482 3919 1545 3973 τὸ
1604 3914 1771 3991 δεῖξαι
1833 3919 1934 3989 τήν

289 4004 474 4062 ἓνωσιν
505 4008 665 4079 ἡμῶν
696 4007 795 4075 τήν
819 4006 956 4081 πρὸς
994 4005 1086 4061 τὸν
1117 4004 1370 4081 Χριστόν.
1432 4006 1524 4061 Διό
1582 4027 1738 4085 φησι,
1766 4032 1794 4059 ‹‹
1825 4008 1938 4065 Τοῦ

259 4090 353 4150 ’τὰ
381 4096 553 4152 πάντα
588 4095 641 4151 ἐν
667 4102 798 4152 πᾶσι
857 4094 1275 4169 πληρουμένου,
1329 4120 1356 4147 ››
1415 4091 1625 4158 δεικνὺς
1664 4096 1725 4152 ού
1778 4100 1936 4171 κοινῇ

290 4191 389 4255 τῆς
418 4183 751 4253 Ἐκκλησίας
782 4183 1065 4263 χρῄζοντα
1092 4185 1185 4239 τὸν
1216 4183 1469 4258 Χριστὸν,
1524 4184 1662 4261 πρὸς
1719 4186 1782 4241 τὸ
1812 4186 1939 4240 ἀνα-

287 4271 672 4347 πληρωθῆναι,
703 4270 831 4328 ἆλλ’
863 4272 978 4333 ἐνὸς
1005 4272 1231 4327 ἑκάστου
1263 4271 1547 4345 ἀνθρώπου
1580 4277 1797 4331 πιστοῦ.
1836 4275 1936 4331 Ἀν

286 4366 387 4438 γὰρ
422 4362 498 4434 μή
532 4362 679 4435 ὦμεν
715 4362 743 4416 ὁ
777 4361 873 4434 μέν
904 4381 987 4423 τις
1020 4359 1184 4415 αὐτοῦ
1226 4359 1384 4425 ποῦς,
1445 4361 1472 4415 ὀ
1503 4358 1560 4416 δὲ
1591 4363 1739 4437 χεὶρ,
1796 4363 1825 4417 ὁ
1882 4361 1940 4420 δὶ

257 4445 471 4527 Ῐὲτερόν
502 4471 555 4507 τι
599 4448 789 4524 μέλος,
823 4448 922 4505 οὐκ
950 4448 1363 4524 ἀναπληροῦται
1414 4449 1582 4505 αὐτοῦ
1636 4451 1699 4505 τὸ
1756 4456 1937 4526 σῶμα.

2050 1863 2511 1936 dispensationis
2542 1881 2681 1939 erga
2705 1883 2814 1921 nos
2843 1865 3153 1929 beneficia,
3187 1865 3493 1938 subjungit
3522 1866 3702 1921 etiam

2050 1952 2377 2009 divinitatis
2406 1955 2569 2010 illius
2602 1962 2661 2011 et
2690 1955 3045 2011 immortalis
3106 1954 3451 2011 substantias
3511 1970 3707 2010 exem-

2049 2041 2231 2112 plum.
2261 2041 2371 2097 Sed
2403 2044 2573 2115 cujus
2595 2044 2757 2100 estis.
2792 2044 3005 2115 inquit.
3041 2042 3301 2115 corpus?
3345 2044 3516 2116 cujus
3538 2061 3704 2099 com-

2049 2131 2465 2202 plementum?
2491 2133 2726 2205 Cujus?
2762 2134 2905 2205 Ejus
2962 2133 3063 2204 qui
3116 2133 3403 2204 adimplet
3458 2133 3702 2189 omnia:

2049 2235 2170 2274 non
2197 2220 2258 2274 in
2280 2220 2479 2293 aliqua
2510 2221 2775 2278 efficacia
2806 2230 2864 2276 et
2884 2221 3421 2287 administratione,
3480 2220 3583 2276 sed
3641 2221 3703 2275 in

2049 2308 2327 2365 omnibus
2362 2328 2374 2365 :
2404 2310 2532 2382 ipse
2562 2312 2780 2366 creavit
2802 2311 3022 2373 omnia,
3071 2311 3196 2382 ipse
3229 2310 3508 2381 spiritum
3539 2310 3706 2364 dedit

2046 2399 2400 2467 viventibus,
2424 2401 2551 2471 ipse
2574 2400 3035 2472 conservat,ipse
3063 2400 3488 2471 providet,ipse
3503 2399 3706 2454 omnia

2047 2489 2108 2544 in
2141 2490 2418 2545 omnibus
2448 2490 2627 2546 rebus
2678 2491 2887 2563 implet
2919 2497 2977 2545 et
3004 2489 3313 2563 gubernat.
3350 2489 3535 2560 Hujus
3570 2503 3701 2561 ergo

2047 2578 2179 2634 talis
2210 2595 2277 2635 ac
2298 2582 2450 2636 tanti
2484 2580 2583 2651 qui
2606 2580 2669 2635 in
2684 2581 2884 2635 omnia
2905 2586 2963 2635 et
2988 2580 3048 2634 in
3073 2579 3350 2634 omnibus
3364 2594 3501 2633 suas
3514 2578 3704 2632 adim-

2045 2667 2170 2740 plet
2197 2669 2606 2732 actiones,nos
2636 2686 2851 2741 corpus
2883 2675 2942 2723 et
2969 2668 3472 2737 complementum
3506 2666 3700 2720 vocari

2047 2757 2207 2830 digni
2236 2774 2568 2813 censemur.
2602 2761 2674 2812 At
2704 2758 2752 2812 si
2786 2758 2867 2811 ita
2897 2757 3011 2811 hoc
3040 2756 3430 2825 intelligatur,
3453 2750 3698 2826 πληρου-

2050 2846 2213 2920 μὲνου
2246 2847 2600 2917 capiendum
2659 2846 2772 2901 erit
2822 2862 2928 2916 pro
2978 2840 3328 2917 πληροῦντος
3373 2842 3698 2914 (passivum

2048 2935 2320 2989 Videlicet
2350 2950 2454 3006 pro
2487 2935 2745 3001 activo):
2797 2934 2904 2998 Qui
2964 2932 3346 3004 adimpletur,
3402 2949 3529 3003 pro,
3590 2930 3699 2996 Qui

2046 3024 2353 3094 adimplet.
2386 3024 2511 3077 Erit
2538 3038 2677 3094 ergo
2711 3022 2893 3094 magis
2952 3037 3326 3092 consequens
3378 3022 3453 3076 ad
3505 3022 3696 3091 ipsam

2046 3112 2387 3179 dictionem,
2421 3112 2575 3167 sicut
2617 3111 3049 3167 intellexerunt
3079 3111 3179 3181 qui
3238 3127 3349 3165 nos
3379 3124 3703 3181 praecesse-

2040 3206 2202 3258 runt.
2237 3232 2301 3241 —
2336 3224 2364 3252 «
2399 3200 2588 3273 Super
2616 3201 2819 3256 omnia
2849 3200 2962 3272 ipsi
2995 3199 3293 3255 Ecclesiae.
3326 3218 3351 3248 ιι
3389 3201 3508 3254 Aut
3524 3213 3703 3270 super

2044 3290 2305 3364 angelos.
2325 3290 2539 3362 inquit,
2569 3296 2628 3346 et
2655 3289 3042 3362 archangelos
3075 3289 3271 3361 ipsum
3303 3287 3516 3343 Filium
3540 3287 3705 3342 dedit

2043 3387 2237 3453 caput.
2263 3383 2375 3437 Aut
2403 3395 2538 3435 eum
2570 3379 2672 3451 qui
2704 3385 2794 3434 est
2823 3395 3001 3450 super
3025 3378 3227 3433 omnia
3246 3393 3380 3448 quae
3401 3375 3696 3443 videntur,

2045 3488 2295 3545 quaeque
2326 3471 2760 3544 intelliguntur,
2792 3486 3007 3542 nempe
3037 3469 3493 3524 Christum.Aut
3516 3483 3696 3539 super

2044 3563 2247 3619 omnia
2291 3562 2447 3618 bona
2509 3563 2623 3617 hoc
2680 3561 2839 3628 fecit,
2893 3566 2961 3616 ut
3006 3560 3221 3616 Filium
3273 3558 3441 3614 daret
3493 3562 3691 3629 caput.

2047 3674 2075 3703 ‹‹
2107 3652 2244 3718 Qum
2276 3656 2364 3707 est
2394 3667 2607 3723 corpus
2639 3649 2822 3705 illius.
2860 3671 2887 3698 »
2912 3648 3243 3721 Hyperbole
3277 3647 3550 3719 quaedam
3583 3651 3691 3701 est.

2045 3743 2126 3798 Ne
2167 3741 2327 3798 enim
2358 3741 2559 3797 audito
2591 3741 2781 3813 capite
2842 3738 3241 3811 principatum
3299 3737 3560 3807 aliquem
3592 3740 3696 3789 aut

2046 3836 2396 3903 potestatem
2425 3822 3693 3903 intelligas,corporaliter,inquit,loquendo

2045 3928 2314 3976 nostrum
2335 3926 2422 3976 est
2441 3925 2635 3991 caput.
2670 3925 2728 3973 et
2758 3917 3023 3973 Ecclesia
3070 3914 3573 3985 complementum
3612 3916 3704 3966 est

2049 4010 2306 4066 Christi:
2340 4009 2535 4080 ipsum
2563 4023 2826 4078 namque
2883 4021 3098 4077 corpus
3141 4003 3428 4075 adimplet
3457 4016 3524 4057 ac
3576 4017 3706 4073 per-

2048 4099 2267 4156 fectum
2299 4097 2438 4153 facit
2469 4102 2664 4168 caput,
2697 4094 3200 4167 quemadmodum
3231 4098 3290 4149 et
3335 4096 3514 4163 caput
3538 4106 3701 4146 com-

2048 4188 2415 4261 plementum
2437 4193 2526 4241 est
2546 4185 2759 4257 reliqui
2782 4183 3103 4256 corporis.«
3126 4181 3701 4253 Complementum.»

2048 4279 2297 4334 Omnem
2321 4282 2516 4332 movet
2543 4275 2801 4347 lapidem
2832 4273 3171 4346 Apostolus,
3201 4278 3266 4327 ut
3296 4270 3572 4326 ostendat
3604 4284 3701 4324 co-

2048 4367 2390 4440 gnationem
2422 4382 2489 4421 ac
2519 4365 2798 4420 unionem
2823 4369 3089 4419 nostram
3107 4361 3181 4417 ad
3212 4359 3531 4417 Christum.
3563 4355 3702 4412 Ideo

2050 4456 2133 4511 ait
2157 4472 2170 4510 :
2194 4479 2212 4504 ι
2232 4456 2339 4520 Qui
2355 4453 2549 4527 quoad
2572 4454 2773 4509 omnia
2793 4454 2854 4508 in
2877 4451 3155 4508 omnibus
3173 4448 3537 4519 adimpletur
3568 4467 3597 4494 »
3616 4443 3707 4516 (ut

286 4541 529 4606 Εἰκότως
557 4537 650 4597 οῦν
680 4539 777 4596 καὶ
804 4540 935 4594 καθὸ
966 4539 1048 4601 εἷς
1086 4542 1271 4612 ἡμῶν,
1329 4535 1607 4613 χρειώδης
1661 4539 1769 4595 ἐστὶ
1804 4541 1937 4615 πρὸς

2052 4545 2129 4600 sit
2157 4544 2309 4601 alius
2340 4543 2702 4613 intellectus)
2716 4542 3058 4600 .ostendens
3071 4556 3193 4596 non
3208 4537 3365 4610 quod
3380 4534 3710 4594 communi-

288 4632 385 4701 τὴν
414 4631 818 4707 συμπλήρωσιν
847 4633 944 4685 τοῦ
974 4628 1231 4701 σώματος
1264 4629 1453 4685 αὐτοῦ.
1487 4628 1627 4685 Τότε
1684 4628 1775 4684 οῦν
1821 4630 1943 4686 ἀνα-

289 4719 619 4795 πληροῦται,
654 4722 779 4776 δταν
814 4721 959 4793 ὦμεν
990 4720 1220 4781 ἅπαντες
1253 4718 1555 4791 ἡνωμένοι.
1589 4719 1654 4774 Ἦ
1694 4719 1787 4774 οὗν
1811 4720 1944 4776 Ἐκ-

288 4808 490 4882 κλησία
545 4809 837 4886 πληρωμά
894 4810 1006 4866 ἐστι
1056 4816 1157 4878 τῆς
1214 4807 1483 4886 κεφαλῆς,
1544 4810 1788 4865 τουτέστι
1843 4815 1943 4866 τοῦ

288 4904 539 4976 Χριστοῦ.
603 4926 623 4951 ι
685 4904 794 4958 Τοῦ
851 4900 921 4955 τὰ
978 4899 1154 4954 πάντα
1208 4897 1261 4953 ἐν
1320 4904 1475 4953 πᾶσι.
1513 4921 1539 4948 υ
1593 4901 1708 4956 Τοῦ
1770 4900 1941 4955 πάντα

285 4986 469 5057 αὑτοῦ,
503 4988 659 5063 φησὶ,
717 4990 783 5044 τᾶ
840 4988 983 5061 μέλη
1048 4983 1141 5042 διὰ
1197 4990 1303 5042 τῶν
1362 4988 1577 5040 πάντων
1632 4986 1934 5063 ἀνθρώπων

247 5146 257 5156 δ
285 5076 671 5154 πληρουμένου
700 5080 961 5152 Χριστοῦ.

2057 4641 2148 4691 ter
2176 4634 2441 4691 Christus
2473 4640 2641 4708 egeat
2668 4633 2934 4689 Ecclesia
2963 4631 3036 4687 ad
3066 4631 3181 4687 hoc
3217 4634 3285 4684 ut
3313 4625 3704 4698 compleatur,

2056 4725 2160 4780 sed
2189 4741 2553 4797 unoquoque
2577 4723 2818 4779 homine
2851 4721 3035 4777 ﬁdeli.
3070 4720 3191 4776 Nisi
3219 4718 3377 4774 enim
3415 4728 3703 4779 essemus,

2054 4814 2152 4870 hic
2183 4814 2422 4887 quidem
2453 4831 2557 4885 pes
2588 4813 2797 4885 ipsius,
2835 4813 2947 4867 iste
2979 4812 3077 4866 18
3109 4815 3307 4864 autem
3332 4821 3566 4870 manus,
3600 4802 3701 4857 ille

2052 4921 2189 4960 vero
2221 4905 2384 4960 aliud
2433 4902 2731 4975 quoddam
2764 4901 3118 4961 membrum.
3152 4916 3271 4955 non
3305 4896 3705 4968 compleretur

2050 5009 2264 5065 corpus
2278 4992 2700 5065 ipsius.Merito
2723 5008 2859 5065 ergo
2875 4991 3126 5063 quisque
3143 4995 3412 5045 nostrum
3428 4999 3700 5041 necessa-

2047 5082 2172 5136 rius
2187 5087 2273 5137 est
2296 5080 2370 5137 ad
2400 5080 2905 5152 complementum
2928 5079 3194 5151 corporis
3219 5079 3349 5149 ejus
3375 5078 3538 5131 Tunc
3559 5088 3697 5145 ergo

287 5169 651 5241 implebitur,
683 5167 921 5241 quando
953 5165 1247 5223 fuerimus
1274 5182 1482 5221 omnes
1512 5166 1956 5226 uniti.Ecclesia
1984 5171 2164 5242 igitur
2179 5171 2682 5243 complementum
2698 5176 2788 5225 est
2815 5169 3164 5241 capitis,hoc
3196 5173 3286 5224 est
3305 5165 3573 5222 Christi.«
3594 5160 3703 5226 Qui

289 5259 479 5331 quoad
510 5259 713 5315 omnia
739 5259 801 5315 in
826 5256 1125 5315 omnibus.
1162 5277 1189 5305 »
1222 5255 1359 5325 Qui,
1388 5255 1608 5328 inquit,
1635 5256 1905 5315 Christus
1936 5261 2131 5333 quoad
2161 5261 2363 5317 omnia
2391 5259 2661 5317 membra
2690 5276 3015 5332 peromnes
3047 5258 3325 5314 homines
3348 5253 3701 5325 completur-

923 5357 1183 5413 ΚΕΦΑΛ.
1217 5355 1296 5411 I".

290 5446 573 5524 Περὶ-τῆς
627 5450 735 5524 τῶν
765 5447 970 5524 Δὶθνιῖὐν
1035 5444 1164 5524 καὶ--
1227 5441 1538 5524 Ἰουδαίων-
1611 5440 1941 5524 οίκειώσεως

354 5512 491 5595 πρὸς
527 5512 684 5575 ’Θεὸν
762 5515 854 5574 διὰ
933 5520 1170 5595 Χριστοῦ
1225 5514 1310 5572 lu’
1377 5512 1564 5573 ἄλπίδι
1637 5521 1776 5573 κατὰ
1832 5518 1944 5601 χά-

359 5610 464 5667 ριν.

356 5678 463 5742 Καὶ
519 5680 659 5760 ὑμᾶς
728 5674 886 5748 ὄντας
986 5676 1212 5758 νεκροὺς
1321 5681 1439 5744 τοῖς
1533 5678 1939 5759 παραπτώμασι

2690 5360 2921 5416 CAPUT
2958 5360 3051 5414 III.

2049 5453 2125 5509 De
2152 5455 2491 5528 geminatae
2546 5451 2872 5528 Iudaeorum
2901 5448 3298 5528 familiaritate
3345 5458 3477 5528 erga
3536 5440 3699 5494 Deum

2219 5540 2325 5596 per
2352 5523 2625 5580 Christum
2649 5523 2716 5579 ob
2744 5538 2894 5595 spem
2933 5520 3230 5579 secundum
3260 5520 3519 5588 gratiam.

2115 5681 2190 5756 ΙΙ,
2210 5681 2328 5742 1-3.
2353 5701 2383 5732 (ι
2417 5680 2489 5740 Et
2514 5695 2617 5740 vos
2644 5695 2781 5739 cum
2812 5677 3021 5737 essetis
3042 5671 3263 5735 mortui
3278 5685 3387 5745 per
3405 5663 3624 5724 delicta
3638 5679 3709 5723 ιο
