4096 6194
269 300 426 364 1189

1343 298 1764 365 CUMMENT.
1813 297 1895 360 ΙΝ
1941 288 2196 358 EPIST.
2246 293 2347 354 AD
2397 293 2669 356 EPHES.

3524 303 3682 366 1190

269 431 300 489 ὅ
329 429 541 507 μᾶλλον
577 432 664 486 καὶ
693 432 722 487 ό
753 431 909 505 ἅγιος
945 430 1224 506 Κύριλλος
1281 434 1370 489 καὶ
1405 435 1432 488 ὁ
1472 429 1629 508 ἅγιος
1659 433 1915 503 Ἰωάννης

2039 429 2197 486 quta
2226 430 2384 487 hunc
2413 431 2614 502 itaque
2643 429 3042 500 intellectum,
3077 448 3252 504 quem
3295 437 3483 510 magis
3515 439 3682 498 divus

273 519 515 602 δέχεται,
549 517 740 596 ἄρχων
776 520 870 593 μὶν
901 519 1013 576 ἔστι
1059 525 1168 576 τῶν
1231 524 1346 595 μετ’
1403 522 1567 579 αὐτοῦ
1624 523 1921 590 πεσόντων,

271 613 434 684 ἡμῶν
467 608 526 665 δὲ
557 609 656 665 οὐκ
686 609 865 685 ἄρχει,
901 607 1026 666 οὖὸὶ
1080 611 1262 681 ἦρξεν,
1293 608 1441 668 ἀλλά
1475 614 1638 686 μόνον
1705 613 1923 688 ἐνεργεῖ,

271 699 387 772 ἐξὸν
419 702 579 774 ἡμῖν,
615 701 692 773 μή
726 697 974 770 δέξασθαι
1020 701 1186 755 αὐτοῦ
1243 703 1344 772 τήν
1406 701 1693 777 ἐνέργειαν.
1762 725 1786 757 α
1814 703 1926 758 Τοῦ

271 794 362 844 νῦν
385 788 753 864 ἐνεργοῦντος.
791 813 819 839 ››
854 791 1012 860 Ὁρᾷς
1069 789 1151 846 ὅτι
1215 789 1316 846 οὐκ
1366 793 1536 861 εἶπεν,
1566 791 1923 865 Ἀναγκάζον-

273 901 391 945 τος,
423 880 458 949 ἢ
493 879 849 953 Βιαζομένου,
881 879 1032 947 ἀλλ’,
1072 904 1092 933 ε
1129 882 1522 958 Ἑνεργοῦντος
1557 902 1627 950 ς»
1659 882 1836 936 καίτοι
1879 879 1925 934 εἰ

279 970 468 1046 ἄρχων
497 972 562 1038 ἦν
613 973 681 1043 τῇ
714 969 965 1041 ἀληθείᾳ.
995 969 1086 1024 καὶ
1121 973 1196 1044 μή
1231 971 1290 1026 ὲκ
1318 980 1419 1040 τῆς
1452 975 1616 1046 ἡμῶν
1658 970 1925 1046 ῥᾳθυμίας

272 1059 364 1115 καὶ
443 1059 708 1133 πονηρίας
775 1059 1224 1137 κεχειροτόνητο,
1295 1061 1387 1116 καὶ
1443 1065 1539 1116 τοῦ
1606 1060 1921 1136 ἀναγκάζειν

274 1147 576 1218 ἔξουσίαζεν
601 1151 684 1204 αν.
718 1152 827 1204 Νῦν
855 1149 960 1224 γὰρ
994 1150 1121 1217 τὸ,«
1157 1153 1561 1226 Ἐνεργοῦντος,
1591 1149 1817 1221 »δηλοῖ
1839 1151 1924 1206 ὅτι

277 1239 489 1300 ἑκόντες
549 1237 704 1293 αὐτὸν
766 1235 1210 1315 παραδεχόμεθα.
1247 1242 1346 1295 Καὶ
1404 1241 1488 1297 ’ὁτι
1535 1240 1698 1297 τοῦτό
1756 1239 1922 1308 ἐστιν,

277 1325 484 1403 ἐπάγει⁶
522 1352 549 1378 ‹‹
577 1329 709 1389 Τοῖς
743 1329 882 1389 υἱοῖς
921 1335 1021 1396 τῆς
1079 1327 1374 1396 ἀπειθείας,
1411 1355 1438 1382 ››
1499 1329 1764 1400 τουτέστι,
1805 1336 1922 1392 τοῖς

278 1421 394 1490 Θεῷ
427 1418 522 1489 μὲν
555 1418 630 1490 μή
666 1417 1032 1489 πειθομένοις.
1076 1416 1262 1490 ἐκείνῳ
1294 1416 1372 1488 δὲ,
1407 1420 1471 1474 οὐ
1533 1421 1640 1491 μὴν
1700 1421 1927 1494 ἀναγκα-

278 1508 546 1579 ζομὲνοις.
582 1507 716 1561 Εἶτα
773 1504 977 1581 ἐπάγει,
1013 1531 1040 1559 ιι
1077 1508 1162 1563 Ἐν
1222 1507 1306 1569 οἷς
1362 1509 1453 1562 καὶ
1511 1511 1674 1581 ἡμεῖς
1732 1513 1927 1571 πάντες

277 1595 705 1671 ἀνεστράφημεν.
742 1619 770 1646 ››
847 1591 1070 1665 Ἐπειδὴ
1134 1596 1236 1670 vi;
1297 1594 1476 1674 ἤγαγε
1537 1599 1763 1672 μνήμην
1814 1597 1923 1652 τῶν

275 1686 686 1759 ἁμαρτημάτων
721 1685 917 1749 αὐτῶν,
969 1685 1112 1748 εἰκὸς
1147 1684 1204 1741 ὂὶ
1233 1687 1300 1757 ἧν
1329 1687 1523 1750 αὐτοὺς
1575 1687 1927 1763 αἶσχύνεσθαι

2031 520 2319 591 approbat
2347 520 2622 592 Cyrillus,
2657 520 2828 576 divus
2867 538 3101 592 quoque
3131 524 3388 581 Joannes
3414 529 3681 600 suscipit,

2030 608 2311 680 princeps
2339 608 2580 679 quidem
2607 616 2696 663 est
2718 626 2922 665 eorum
2947 611 3044 682 qui
3070 627 3190 668 una
3215 630 3348 668 cum
3374 632 3441 669 eo
3464 616 3686 671 cecide-

2030 703 2209 752 runt:
2244 699 2415 753 nobis
2447 706 2651 754 autem
2685 717 2803 755 non
2831 701 3170 758 dominatus
3193 711 3320 758 est:
3355 705 3457 759 sed
3489 708 3681 762 solum

2031 787 2170 858 agit,
2189 804 2322 842 cum
2347 787 2522 844 liceat
2544 789 2714 844 nobis
2737 791 2865 860 ejus
2889 807 3008 846 non
3035 793 3336 864 suscipere
3363 796 3682 854 actionem.

2032 897 2060 924 «
2093 877 2255 932 Nunc
2287 878 2535 949 agentis.
2574 902 2600 927 ››
2628 878 2799 933 Vides
2830 879 2986 950 quod
3015 897 3133 936 non
3165 881 3381 938 dixerit
3411 885 3686 953 Cogentis

2031 972 2135 1021 aut
2164 966 2515 1022 Violentiam
2538 967 2979 1034 inferentis,sed
3013 994 3039 1019 ‹‹
3073 973 3317 1042 Agentis
3339 974 3366 1027 ?
3394 996 3420 1020 »ι
3444 975 3606 1044 atqui
3633 974 3683 1029 si

2030 1069 2163 1110 vere
2184 1054 2612 1124 dominaretur,
2634 1064 2693 1112 et
2715 1073 2834 1112 non
2857 1075 2926 1113 ex
2949 1067 3151 1116 nostra
3175 1062 3444 1117 socordia
3465 1079 3534 1118 ac
3556 1079 3685 1135 pra-

2030 1144 2206 1200 vitate
2236 1147 2594 1202 constitutus
2651 1153 2828 1207 esset.
2863 1155 3213 1218 potestatem
3267 1151 3473 1222 utique
3505 1153 3682 1207 etiam

2031 1235 2278 1308 cogendi
2304 1235 2614 1290 haberet.l
2633 1239 2676 1291 ὅ
2697 1238 2860 1302 Quod
2883 1239 3043 1293 enim
3065 1255 3224 1296 nunc
3241 1263 3266 1288 ‹‹
3284 1243 3568 1312 Agentis»
3592 1242 3688 1296 di-

2030 1325 2128 1388 cit,
2163 1323 2434 1396 designat
2463 1325 2624 1396 quod
2653 1325 2982 1382 voluntarie
3029 1328 3224 1400 ipsum
3268 1331 3684 1402 suscipiamus.

2029 1415 2100 1468 Et
2124 1415 2268 1485 quia
2300 1416 2412 1470 hoc
2443 1423 2553 1475 est.
2601 1415 2949 1485 subjungit:
3009 1419 3172 1473 Filiis
3216 1421 3688 1492 contumacibus,

2032 1503 2142 1557 hoc
2165 1509 2274 1570 est,
2304 1504 2421 1558 Deo
2444 1504 2685 1574 quidem
2715 1521 2833 1559 non
2860 1507 3541 1578 obtemperantibus,sed
3566 1511 3686 1575 isti,

2033 1607 2379 1662 quanquam
2403 1592 2650 1648 minime
2675 1594 2896 1649 coactis
2924 1595 3144 1651 Deinde
3168 1597 3398 1653 subdit:
3427 1624 3451 1646 «ι
3479 1601 3542 1654 1n
3565 1599 3689 1670 qui-

2031 1681 2143 1736 bus
2157 1685 2214 1736 et
2227 1696 2338 1736 nos
2359 1697 2568 1737 omnes
2583 1685 2913 1740 conversati
2938 1685 3014 1740 l‘ui
3027 1701 3174 1740 mus.
3188 1710 3206 1733 ι
3219 1685 3386 1752 Quon
3412 1703 3507 1743 am
3525 1689 3688 1744 enim

278 1773 359 1831 ἔπ’
388 1775 597 1840 αὐτοῖς,
630 1775 718 1830 καὶ
765 1776 972 1845 ἑαυτὸν,
1005 1777 1263 1832 κοινωνὸν
1318 1782 1488 1842 ποιεῖ,
1540 1779 1626 1834 καὶ
1661 1779 1730 1833 οὐ
1767 1778 1929 1852 μόνον
1963 1793 2006 1858 Β
2039 1770 2405 1824 mentionem
2447 1771 2587 1825 Ῡθοίι
2640 1779 3011 1838 μθοοᾶιοτιιῐη
3046 1774 3331 1844 ipsorum.
3365 1776 3690 1832 νθΓίδίωίῙθ

277 1864 490 1932 ἑαυτὸν,
533 1861 680 1919 ἀλλά
709 1863 797 1920 καὶ
828 1867 1050 1934 πάντας,
1080 1867 1250 1942 ταύτῃ
1282 1868 1374 1922 καὶ
1429 1869 1529 1936 τήν
1564 1864 1794 1941 δύναμιν
1826 1871 1928 1924 τοῦ

279 1951 707 2028 λυτρωσαμένου
788 1958 1032 2029 Χριστοῦ
1111 1955 1517 2031 ἀνακηρύττων.
1599 1958 1809 2032 Σαρκὸς
1873 1954 1930 2015 δι

281 2065 436 2116 φησι,
459 2048 566 2099 τῶν
627 2050 895 2119 σαρκικῶν
955 2045 1276 2118 ἰπιθυμιῶν.
1337 2069 1369 2100 ι(
1423 2053 1537 2117 Τῆς
1589 2049 1784 2123 σαρκὸς
1838 2049 1926 2104 καὶ

282 2136 390 2186 τῶν
447 2130 724 2190 διανοιῶν.
763 2158 790 2184 ν
858 2134 945 2196 Ὠς
1006 2135 1052 2189 εἰ
1109 2138 1248 2190 εἷπε·
1301 2137 1398 2192 Καὶ
1451 2141 1780 2208 σωματικῶς
1838 2137 1930 2193 καὶ

283 2223 538 2296 ψυχικῶς
593 2221 1016 2297 ἁμαρτάνοντες,
1098 2248 1127 2276 ‹‹
1187 2224 1290 2280 Καὶ
1352 2225 1491 2297 ἦμεν
1560 2225 1718 2282 τέκνα
1775 2225 1932 2303 φύσει

283 2311 475 2389 ὀργῆς.
511 2336 539 2364 ››
564 2315 768 2388 Ὥσπερ
801 2313 962 2369 τὲκνα
1015 2313 1296 2378 ἀπωλείας
1354 2315 1444 2370 καὶ
1475 2317 1688 2391 γεὲννης
1741 2313 1930 2391 εἶ’ρην-

273 2420 362 2455 ται
394 2401 450 2454 οἱ
491 2399 613 2470 ἀξια
645 2399 924 2464 ἀπωλείας
980 2401 1071 2458 καί
1123 2405 1341 2477 γεέννης
1381 2405 1730 2479 πράττοντες,
1786 2404 1932 2462 οῧτω

275 2491 365 2545 καὶ
416 2489 574 2545 τέκνα
631 2489 802 2567 ὀργῆς
835 2492 887 2546 οἱ
945 2492 1065 2565 ἀξια
1124 2491 1314 2567 ὀργῆς.
1365 2493 1524 2550 Οὕτω
1581 2494 1673 2550 καὶ
1725 2492 1935 2557 Ἰοόδας

287 2579 406 2640 υἱὸς
437 2576 735 2644 ἀπωλεὲας,
767 2584 846 2651 τῷ
874 2581 941 2635 τά
977 2587 1078 2651 τῆς
1129 2580 1408 2646 ἀπωλείας
1462 2584 1822 2659 πεπραχέναι.
1854 2583 1932 2640 Τὸ

287 2665 347 2723 δὲ
386 2667 560 2744 φόσει,
585 2667 697 2723 οἷον
750 2667 998 2740 ἀληθῶς,
1032 2670 1298 2748 γνησίως,
1369 2696 1396 2723 ‹‹
1427 2671 1515 2734 Ὦς
1548 2673 1600 2726 οἱ
1657 2671 1866 2732 λοιποί,
1902 2698 1929 2726 ››

288 2754 478 2820 Οὐδεὶς
507 2758 610 2834 γάρ
640 2759 706 2828 ἦν
736 2763 843 2814 τῶν
884 2760 1146 2816 τοιούτων
1177 2759 1480 2837 ἐλεύθερος.

351 3019 412 3077 Ὁ
486 3017 542 3075 δί
618 3022 748 3083 Θεὸς
829 3019 1098 3085 πλούσιος
1171 3018 1244 3076 ὥν
1323 3021 1374 3076 ἐν
1451 3021 1590 3077 ὶλὲει
1669 3019 1758 3078 διὰ
1831 3025 1933 3094 τὴν

2038 1863 2235 1914 autem
2262 1865 2387 1914 erat
2414 1875 2513 1914 eos
2537 1868 2777 1932 propter
2798 1862 2902 1917 illa
2929 1863 3235 1933 pudeﬂeri,
3266 1865 3526 1936 seipsum
3550 1882 3691 1937 quo-

2037 1963 2151 2017 que
2183 1949 2410 2002 socium
2444 1948 2615 2003 facit:
2677 1965 2784 2004 nec
2846 1957 3075 2006 tantum
3131 1969 3192 2008 se
3249 1953 3466 2024 ipsum,
3501 1954 3604 2008 sed
3635 1960 3693 2008 et

2038 2051 2287 2091 omnes:
2324 2038 2434 2092 hoc
2465 2037 2639 2092 etiam
2676 2039 2850 2094 modo
2896 2040 3111 2095 Christi
3162 2042 3554 2114 redemptoris
3585 2059 3692 2115 po-

2037 2126 2284 2181 tentiam
2318 2127 2666 2198 prmdicans.
2702 2130 2950 2184 Carnem
2994 2139 3188 2185 autem
3239 2131 3382 2186 dicit
3429 2132 3694 2187 carnalia

2038 2213 2334 2270 desideria
2389 2237 2416 2265 ‹‹
2451 2216 2589 2281 Quae
2621 2219 2784 2272 carni
2819 2235 2886 2275 ac
2935 2220 3121 2275 menti
3158 2219 3438 2276 libebant.
3481 2243 3493 2269 ›
3527 2225 3610 2276 Ac
3642 2220 3689 2274 si

2038 2301 2295 2360 diceret:
2328 2306 2398 2359 Et
2427 2322 2672 2378 corpore
2705 2315 2764 2362 et
2805 2309 3004 2363 animo
3036 2315 3370 2380 peccantes.
3405 2332 3432 2358 ‹‹
3465 2310 3535 2364 Et
3565 2325 3695 2365 era—

2038 2409 2173 2448 mus
2200 2400 2414 2449 natura
2445 2393 2554 2450 filii
2588 2397 2708 2450 irae.
2745 2420 2772 2445 »ι
2807 2397 3320 2462 Quemadmodum
3357 2399 3464 2454 ﬁlii
3497 2398 3697 2469 perdi-

2039 2483 2216 2538 tionis
2248 2501 2316 2539 ao
2344 2485 2630 2556 gehennae
2656 2485 2799 2542 dicti
2835 2494 2994 2550 sunt,
3022 2488 3123 2559 qui
3157 2487 3334 2561 digna
3365 2489 3698 2560 perditione

2039 2589 2107 2629 ac
2128 2574 2400 2646 gehenna
2423 2583 2784 2647 operantur:
2817 2577 2898 2632 ita
2920 2584 2979 2632 et
3000 2578 3106 2632 ﬁlii
3137 2579 3238 2632 irae
3261 2579 3359 2649 qui
3385 2595 3453 2632 ea
3473 2578 3700 2634 faciunt

2039 2676 2172 2733 quas
2204 2661 2353 2717 iram
2387 2673 2712 2720 merentur.
2743 2665 2833 2719 Sic
2858 2675 2916 2720 et
2935 2665 3112 2720 Judas
3138 2665 3295 2720 filius
3319 2665 3692 2736 perditionis,

2042 2751 2199 2822 quod
2231 2753 2580 2823 perditionis
2623 2770 2803 2825 opera
2851 2755 3109 2810 fecisset.
3142 2753 3309 2819 Quod
3339 2761 3537 2809 autem
3570 2756 3654 2810 ait
3681 2771 3693 2809 :

2041 2841 2259 2896 Natura
2291 2841 2402 2896 hoc
2431 2849 2521 2896 est
2561 2859 2716 2904 vere.
2751 2842 3033 2914 legitime.
3069 2863 3092 2893 α
3128 2844 3291 2898 Sicut
3319 2849 3378 2898 et
3407 2844 3625 2898 caeteri.
3667 2866 3688 2893 ι

2040 2933 2224 2984 Nemo
2257 2930 2416 2984 enim
2448 2937 2575 2984 erat
2605 2931 2706 3001 qui
2739 2931 2811 2986 ab
2844 2931 3183 3002 hujusmodi
3219 2932 3369 2988 liber
3406 2940 3583 2988 esset.

2113 3018 2182 3081 Il,
2219 3021 2333 3072 4-7.
2385 3019 2492 3074 Sed
2544 3021 2681 3075 Deus
2737 3023 2835 3090 qui
2884 3023 3031 3076 dives
3080 3029 3155 3078 est
3213 3025 3269 3076 in
3317 3024 3696 3078 misericordia

281 3106 503 3178 πολλὴν
567 3110 782 3182 ἀγάπην
868 3110 1032 3165 αὐτοῦ
1115 3111 1182 3179 ἢν
1250 3111 1537 3184 ἠγάπησεν
1595 3113 1765 3183 ἡμᾶς,
1844 3111 1928 3168 καὶ

294 3190 306 3214 ν
526 3199 540 3214 .
607 3201 633 3212 -
928 3197 939 3213 ε
1151 3203 1174 3214 ..
1540 3200 1551 3214 ,

2039 3112 2264 3175 propter
2309 3107 2539 3162 multam
2597 3108 2921 3164 charitatem
2979 3126 3136 3165 suam
3191 3127 3302 3181 qua
3349 3111 3549 3166 dilexit
3579 3129 3696 3180 nos,

277 3190 434 3257 όντας
516 3199 666 3270 ἡμᾶς
763 3197 988 3272 νεκροὺς
1084 3203 1202 3261 τοῖς
1294 3200 1724 3274 παραπτώμασι,
1820 3222 1935 3256 συν-

281 3284 619 3354 εζωοποῖησε
677 3289 757 3357 τῷ
841 3287 1079 3360 Χριστῷ.
1142 3285 1344 3361 Χάριτί
1403 3283 1520 3343 ἔστε
1577 3288 1932 3362 σεσωσμένοι,

274 3374 363 3429 καὶ
451 3375 732 3450 συνήγειρε
815 3375 906 3429 καὶ
994 3386 1332 3439 συνεκάθισεν
1394 3375 1450 3432 ἐν
1507 3383 1623 3438 τοῖς
1702 3376 1932 3454 επουρα-

272 3464 408 3528 νῖοις
482 3463 536 3520 ἰν
629 3467 843 3540 Χριστῷ
927 3465 1132 3537 Ἰησοῦ,
1188 3463 1282 3521 ’ίνα
1339 3463 1635 3538 ἕνδείξηται
1703 3467 1755 3524 ἰν
1816 3475 1934 3533 τοῖς

277 3552 440 3608 αἶῶσι
495 3558 612 3615 τοῖς
680 3552 1076 3629 ἐπερχομένοις
1139 3555 1231 3610 τὸν
1294 3550 1712 3630 ὑπερϐάλλοντα
1763 3557 1935 3614 πλοῦ-

274 3662 367 3697 τον
415 3648 516 3712 τῆς
578 3643 806 3718 χάριτος
893 3641 1079 3713 αὺτοῦ,
1140 3643 1193 3699 ἐν
1248 3645 1586 3720 χρηστότητι
1648 3645 1727 3724 ἐφ’
1783 3649 1933 3721 ἡμᾶς

279 3728 332 3786 ἰν
362 3731 584 3806 Χριστῷ
623 3732 824 3802 Ἰησοό.

347 3852 416 3863 -
447 3821 656 3895 [ΦΩΤ.]
713 3821 824 3876 Οὐκ
865 3819 1056 3883 ἁπλῶς
1086 3819 1363 3894 ἐλεήμων,
1405 3820 1552 3879 ἀλλὰ
1583 3822 1853 3887 πλούσιος
1881 3824 1932 3881 ἰν

276 3909 443 3969 τελέει.
478 3913 567 3968 Ἑν
598 3913 702 3990 γάρ
733 3918 850 3976 τοῖς
885 3914 1248 3988 πειθαρχοῦσι
1286 3916 1520 3990 Χριστῷ,
1581 3914 1932 3992 ἀνενὲργητός

282 3996 447 4066 ἐστιν,
491 3998 643 4055 οὐδὲν
703 4001 908 4080 ἰσχύει,
952 3998 1103 4057 οὖδὶν
1160 4002 1472 4073 ἐξουσιάζει.
1510 4004 1578 4060 υἱ
1627 4003 1682 4060 δὶ
1741 4005 1933 4067 αὐτοὺς

281 4087 433 4152 υἱοὺς
460 4090 550 4144 καὶ
589 4087 976 4165 κληρονόμους
1009 4097 1110 4162 τῆς
1143 4091 1415 4154 ἀπειθείας
1471 4093 1638 4148 αὐτοῦ
1694 4093 1930 4171 ἀπεργαο

281 4177 528 4248 σάμενοι,
604 4178 754 4233 οὗτοι
826 4180 915 4234 καὶ
974 4180 1313 4257 ἐνεργούνται
1374 4182 1459 4236 καὶ
1531 4180 1932 4253 ἐξουσιάζονται

279 4264 366 4319 ὑπ’
399 4264 583 4334 αὐτοῦ,
616 4266 704 4320 καὶ
738 4267 876 4340 ἦμεν
919 4269 1085 4340 ἡμεῖς
1147 4268 1251 4322 ὑπὸ
1279 4270 1382 4337 την
1439 4267 1686 4338 ἱξουσίαν
1747 4271 1930 4328 αὐτοῦ.

278 4357 453 4421 Πῶςς
503 4357 590 4410 Ἐν
633 4358 712 4426 τῷ
771 4361 946 4409 ποιεῖν
999 4355 1067 4410 τά
1141 4355 1427 4427 θελήματα
1471 4357 1655 4415 αὐτοῦ.
1714 4358 1872 4415 Ἀλλ’
1905 4361 1932 4416 ὁ

276 4442 406 4503 Θεὸς
449 4439 677 4510 πλούτῳ
727 4441 917 4505 ἓλὲοιδς
974 4444 1062 4498 καὶ
1123 4445 1590 4516 ὑπεραγαπήσεως
1660 4446 1930 4522 ὲρρὕατο

275 4533 530 4596 ϊκκεῖθεν,
567 4532 658 4587 καὶ
689 4533 1048 4609 νεκρωθέντας
1074 4533 1352 4604 ἀνέστησε.
1409 4559 1435 4586 «
1459 4535 1557 4590 Διά
1580 4539 1678 4604 τὴν
1713 4535 1932 4608 πολλῆν

277 4620 493 4696 ἀγάπην
526 4623 710 4680 αὐτοῦ.
747 4647 775 4676 ››
801 4627 972 4680 Τοῦτο
1005 4621 1084 4693 δὶ,
1115 4623 1222 4680 ἀπὸ
1251 4627 1347 4678 τοῦ
1370 4623 1592 4680 πολλοῦ
1622 4624 1814 4689 ὶλέους
1844 4628 1930 4702 γὲ-

281 4731 439 4784 γωνε.
475 4715 598 4774 Πῶς
627 4712 730 4788 γὰρ
778 4711 837 4768 ἃν
868 4713 921 4768 οἱ
949 4712 1106 4769 τέκνα
1133 4715 1305 4789 ὀργῆς
1331 4709 1480 4775 ὄντες
1512 4717 1880 4790 ἠγαπήθημεν
1912 4735 1925 4786 ;

286 4822 314 4850 ‹‹
348 4799 445 4853 Καὶ
498 4797 651 4864 ὄντας
733 4805 881 4876 ἡμᾶς
927 4804 1168 4878 νεκρούς.
1209 4828 1236 4856 ››
1296 4804 1560 4879 Νεκροὺς,
1611 4806 1737 4861 ὅσον
1793 4807 1928 4881 πρὸς

283 4884 542 4964 ἐνέργείαν
574 4890 775 4963 ἀγαθοῦ
839 4912 1008 4954 τινος.
1071 4897 1241 4949 Τοῦτο
1297 4890 1354 4948 δὲ
1401 4893 1613 4968 γέγονε,
1652 4895 1808 4974 φησὶ,
1841 4893 1932 4950 διά

280 4977 348 5032 τά
403 4983 824 5053 παραπτώματα
881 4984 1066 5054 ἡμῶν.
1130 5007 1157 5033 ει
1192 4983 1610 5053 Συνεζωποίησε
1666 4989 1746 5056 τῷ
1794 4986 1928 5060 Χρι-

282 5067 414 5139 στῷ.
450 5092 476 5118 ››
535 5068 703 5123 Πάλιν
783 5071 877 5124 τὸν
930 5071 1158 5144 Χριστὸν
1201 5072 1276 5132 εἰς
1324 5074 1482 5145 μέσον
1541 5077 1710 5150 φέρει,
1782 5074 1930 5142 ἀξιό-

277 5175 466 5210 πιστον
498 5158 561 5212 τὸ
606 5161 828 5232 πρᾶγμα
886 5165 1079 5216 ποιῶν.
1117 5160 1178 5216 Εἰ
1211 5160 1310 5235 γάρ
1337 5163 1372 5230 ἡ
1435 5162 1660 5236 ἀπαρχή
1695 5165 1782 5233 ζῇ,
1839 5163 1930 5218 καὶ

274 5245 424 5314 ἡμᾶς
479 5246 540 5299 τὸ
626 5244 821 5301 λοιπὸν
892 5248 1056 5303 αὐτοῦ
1127 5253 1287 5320 σῶμα
1345 5249 1827 5321 σενεζωοποίησεν,
1868 5284 1930 5296 -

275 5331 624 5409 [ΟιΚΟΥΜ.]
684 5342 790 5393 Νῦν
855 5339 948 5410 μὶν
1005 5342 1075 5413 τῇ
1135 5337 1386 5412 δόνάμει,
1446 5339 1666 5414 ὕστερον
1726 5337 1784 5395 δὲ
1839 5342 1928 5396 καὶ

270 5423 536 5497 ἓνεργείᾳ.
573 5451 599 5476 α
641 5427 836 5498 Χάριτί
889 5429 1004 5483 ἕστε
1065 5431 1416 5501 σεσωσμένοι.
1453 5453 1480 5480 ››
1532 5430 1609 5486 Οὐ
1674 5431 1930 5503 καμάτῳ,

276 5509 338 5569 οὗ
369 5515 788 5588 κατορθώμασιν
821 5513 1001 5579 ἰδίοις.
1053 5519 1179 5574 Δέον
1239 5518 1337 5594 γάρ
1397 5517 1627 5574 κολάσαι
1673 5519 1800 5582 τοὺς
1840 5540 1928 5596 γεο

277 5605 535 5679 νομένους
574 5605 743 5681 τέκνα,
776 5607 964 5689 οησὶν,
996 5607 1189 5684 ὀργῆς,
1245 5608 1471 5674 τούτους
1539 5603 1706 5665 ἔσωσε
1739 5612 1925 5686 χάριτι

2041 3199 2210 3250 etiam
2240 3212 2363 3250 cum
2393 3211 2621 3253 essemus
2660 3203 2865 3254 mortui
2891 3217 2991 3269 per
3031 3200 3256 3268 delicta,
3288 3201 3696 3270 conviviﬁcavit

2039 3299 2136 3338 nos
2166 3301 2279 3339 una
2331 3301 2450 3341 cum
2507 3285 2738 3342 Christo.
2789 3289 2894 3343 Per
2923 3288 3169 3358 gratiam
3195 3291 3320 3344 estis
3345 3293 3548 3345 servati
3569 3307 3587 3344 :
3618 3293 3694 3346 si-

2040 3372 2262 3445 mulque
2292 3377 2658 3436 resuscitavit.
2697 3382 2747 3430 et
2776 3377 2941 3432 simul
2987 3377 3168 3433 sedere
3194 3379 3329 3446 fecit
3359 3381 3506 3432 inter
3535 3380 3696 3434 coele-

2039 3469 2146 3518 stes
2171 3479 2277 3533 per
2331 3463 2603 3520 Christum
2657 3465 2858 3534 Iesum,
2904 3472 2965 3520 ut
3025 3466 3330 3521 ostenderet
3384 3469 3441 3520 in
3487 3466 3698 3523 seculis

2039 3553 2550 3621 supervenientibus
2647 3555 2972 3608 eminentem
3060 3555 3401 3624 apulentiam
3497 3557 3696 3625 gratia:

2039 3655 2176 3708 suae,
2235 3640 2295 3695 in
2353 3641 2690 3711 benignitate
2745 3659 2878 3714 erga
2930 3659 3030 3700 nos
3078 3660 3183 3714 per
3245 3644 3520 3700 Christum
3607 3645 3697 3700 Je-

2042 3744 2180 3785 sum.

2113 3819 2239 3874 Non
2269 3823 2573 3891 utcunque
2601 3820 2964 3885 misericors,
3014 3820 3118 3876 sed
3165 3820 3328 3876 dives
3368 3821 3430 3875 in
3464 3821 3693 3876 miseri-

2039 3907 2262 3964 cordia.
2327 3910 2392 3962 ln
2448 3908 2540 3963 his
2599 3909 2760 3964 enim
2820 3909 2918 3980 qui
2981 3910 3213 3964 Christo
3266 3908 3698 3981 obtemperant,

2036 3997 2314 4054 inefﬁcax
2344 4003 2454 4065 est,
2476 4015 2585 4053 nec
2608 3997 2933 4069 quidquam
2967 4004 3178 4070 potest,
3217 4006 3316 4054 aut
3345 4005 3698 4070 potestatem

2037 4089 2223 4144 ullam
2257 4088 2453 4143 habet.
2487 4089 2595 4152 Qui
2656 4104 2794 4144 vero
2853 4089 3081 4160 seipsos
3122 4090 3278 4146 ﬁlios
3307 4107 3374 4146 ac
3429 4089 3696 4146 haaredes

2039 4177 2464 4232 inobedientiaa
2496 4176 2660 4232 illius
2690 4177 3102 4245 reddiderunt,
3125 4179 3186 4234 in
3209 4180 3303 4235 his
3334 4187 3615 4252 operatur
3641 4185 3701 4236 et

2038 4272 2393 4338 potestatem
2427 4266 2645 4321 habet:
2680 4274 2738 4322 et
2789 4284 3026 4325 eramus
3076 4287 3186 4326 nos
3244 4270 3351 4326 sub
3408 4275 3699 4341 potestate

2039 4355 2221 4410 illius.
2253 4356 2556 4420 Quomodo
2581 4356 2608 4412 ‘?
2631 4360 2694 4412 In
2717 4374 2784 4412 eo
2818 4359 2975 4430 quod
3003 4360 3335 4416 faceremus
3366 4360 3700 4414 voluntates

2042 4445 2191 4516 ejus.
2219 4445 2332 4500 Sed
2365 4446 2520 4501 Deus
2549 4463 2656 4502 sua
2677 4449 2916 4519 copiosa
2948 4449 3358 4505 misericordia
3389 4456 3448 4505 et
3478 4448 3697 4504 eximia

2042 4533 2329 4589 charitate
2361 4550 2469 4589 nos
2511 4533 2646 4590 inde
2679 4534 2968 4601 liberavit,
2991 4544 3048 4592 et
3080 4545 3344 4593 mortuos
3377 4535 3698 4592 resuscita-

2038 4623 2138 4678 vit.
2180 4644 2205 4674 ο
2237 4625 2484 4694 Propter
2513 4624 2762 4680 nimiam
2795 4625 3142 4681 charitatem
3179 4642 3366 4680 suam.
3392 4649 3412 4677 ι
3452 4625 3571 4680 Hoc
3597 4641 3698 4680 au-

2040 4719 2157 4768 tem
2181 4728 2214 4768 a
2235 4713 2425 4768 multa
2449 4713 2859 4770 misericordia
2886 4716 3170 4786 provenit.
3195 4714 3498 4780 Quomodo
3531 4713 3690 4769 enim

2040 4819 2174 4857 cum
2208 4818 2473 4857 essemus
2505 4803 2612 4856 ﬁlii
2646 4803 2769 4869 irm,
2803 4803 3004 4859 dilecti
3034 4805 3356 4860 fuissemus
3381 4804 3408 4859 ?
3441 4828 3466 4853 ‹‹
3500 4804 3690 4858 Etiam

2040 4907 2175 4946 cum
2209 4906 2473 4946 essemus
2506 4893 2743 4945 mortui.
2777 4913 2802 4944 ι
2859 4895 3068 4948 Mortui
3120 4899 3406 4965 quantum
3449 4893 3522 4948 ad
3554 4892 3692 4949 boni

2040 4979 2292 5049 alicujus
2324 4980 2749 5048 operationem.
2786 4982 2886 5036 I6
2935 4984 3053 5037 Hoc
3101 4988 3297 5038 autem
3331 4983 3549 5038 factum
3581 4989 3691 5049 est,

2040 5067 2252 5138 inquit.
2287 5075 2528 5138 propter
2559 5068 2774 5125 delicta
2806 5078 3027 5127 nostra.
3063 5095 3088 5120 α
3123 5072 3556 5127 Convivificavit
3586 5088 3692 5126 nos

2040 5173 2160 5212 una
2188 5174 2320 5212 cum
2353 5157 2604 5212 Christo.
2642 5181 2668 5206 ››
2702 5162 2956 5216 Rursum
3001 5161 3298 5216 Christum
3331 5161 3392 5216 in
3425 5161 3686 5216 medium

2040 5247 2298 5308 adducit.
2335 5263 2460 5301 rem
2495 5249 2685 5318 ipsam
2720 5250 2972 5306 reddens
3004 5251 3119 5306 llde
3151 5252 3409 5324 dignam.
3444 5251 3497 5304 Si
3530 5250 3690 5304 enim

2040 5340 2318 5412 primitias
2353 5340 2568 5408 vivunt,
2593 5358 2663 5396 ex
2685 5345 3074 5416 consequenti
3109 5345 3284 5400 etiam
3311 5361 3418 5399 nos
3441 5342 3539 5411 qui
3566 5357 3691 5394 cor-

2039 5446 2152 5500 pus
2183 5430 2312 5499 ejus
2344 5445 2548 5484 sumus
2580 5431 2905 5488 viviﬁcavit.
2941 5465 3006 5474 —
3035 5436 3200 5490 Nunc
3244 5432 3482 5504 quidem
3514 5434 3690 5498 pote-

2041 5525 2212 5585 state,
2276 5519 2653 5590 postmodum
2712 5539 2846 5580 vero
2907 5525 3192 5580 efficacia.
3239 5546 3264 5570 ‹‹
3299 5523 3410 5575 Per
3440 5517 3690 5592 gratiam

2041 5609 2182 5666 estis
2211 5609 2442 5666 servati.
2491 5633 2516 5659 ››
2562 5611 2688 5667 Non
2747 5612 2970 5683 labore,
3031 5629 3150 5668 non
3207 5607 3460 5682 propriis
3518 5605 3691 5662 bonis
