4108 6192
446 230 596 297 ιιω

1564 228 1757 294 (ΕΟἱῖ
1771 230 1815 287 Μ
1831 225 1992 302 ENll
2025 223 2326 310 ΤΒῘῼΟΛΞ
2371 222 2727 320 EPISCOPI

3689 227 3837 286 1192

443 370 742 441 operibus.
768 372 911 424 Nam
937 385 1072 422 eum
1097 367 1680 438 oportuissetpunire
1705 382 1806 422 eos
1829 363 1930 438 qui
1955 364 2072 424 fact

2205 358 2362 434 μόνῃ,
2424 384 2451 412 ‹‹
2482 359 2579 434 Καὶ
2638 361 2928 434 συνήγειρε
3000 359 3088 436 καὶ
3157 360 3570 416 συνεκάθισεν.»
3644 368 3840 438 Ὠσπερ

445 465 616 514 erant
646 458 751 511 filii
789 473 909 524 Ira),
943 456 1052 511 hos
1109 456 1238 511 sola
1293 457 1480 529 gratia
1511 456 1780 511 servavit.
1813 477 1840 507 «
1877 453 2095 510 Simul-

447 559 560 613 que
595 542 968 598 resuscitavit
1005 548 1062 596 et
1094 542 1273 598 simul
1305 543 1510 598 sedere
1542 544 1698 599 fecit.
1733 564 1762 594 »
1807 539 2096 607 Quemad-

449 632 690 687 modum
737 632 896 688 enim
951 633 1221 688 excitatis
1265 634 1543 704 primitiis
1574 633 1794 688 nostris
1821 638 1880 688 et
1905 631 2098 702 capite

446 719 698 785 Christo,
735 737 842 775 nos
874 722 1053 776 etiam
1113 737 1217 793 per
1274 722 1468 792 ipsum
1512 721 1820 777 excitavit:
1853 721 1938 775 ita
1967 720 2095 790 ipso

444 808 687 864 sedente
721 824 1094 879 consequens
1153 811 1331 865 etiam
1390 818 1480 865 est
1526 817 1589 864 ut
1628 827 1841 881 corpus
1872 808 2092 863 sedeat.

439 897 575 953 Ideo
631 899 751 954 ait:
815 900 988 953 «Per
1039 900 1337 954 Christum
1389 901 1587 954 Jesum
1644 921 1672 950 »
1736 901 1880 954 Nam
1910 894 1982 962 ἐν,
2028 897 2088 952 id

436 995 546 1058 est,
579 991 637 1042 in
669 990 900 1060 capitur
928 1007 1033 1060 pro
1065 985 1173 1058 διὰ,
1194 991 1255 1044 id
1287 997 1396 1054 est,
1422 1008 1539 1060 per.
1572 989 1736 1056 Quod
1767 997 1968 1045 autem
2003 1005 2093 1044 se-

433 1077 614 1133 deant
645 1080 746 1150 qui
804 1079 964 1151 digni
1019 1087 1174 1140 sunt.
1205 1080 1340 1135 audi
1401 1080 1698 1135 Christum
1741 1079 2089 1150 loquentem

435 1168 780 1238 discipulis:
819 1192 836 1214 α
877 1169 1169 1224 Sedebitis
1201 1186 1380 1240 super
1428 1168 1739 1224 duodecim
1771 1168 1962 1238 sedes,
1989 1169 2094 1239 ju-

434 1256 700 1312 dicantes
733 1257 1045 1313 duodecim
1073 1258 1263 1312 tribus
1321 1258 1502 1313 Israel
1535 1261 1598 1312 ιο.
1652 1281 1678 1308 ››
1714 1259 1783 1312 Ει
1813 1274 2084 1313 rursum:

433 1369 461 1395 ‹‹
498 1347 711 1402 Sedere
765 1356 963 1402 autem
1023 1364 1056 1402 a
1113 1348 1336 1401 dextris
1395 1355 1498 1402 aut
1551 1347 1808 1402 sinistris
1843 1363 1961 1402 non
1994 1351 2084 1402 est

432 1452 630 1490 meum
662 1436 822 1501 dare,
857 1437 959 1491 sed
993 1437 1064 1490 iis
1095 1437 1399 1508 continget
1429 1436 1652 1508 quibus.
1685 1444 1956 1508 paratum
1990 1441 2081 1491 est

431 1543 464 1580 a
497 1527 666 1580 Patre
700 1542 831 1581 meo
858 1528 922 1578 η.
958 1547 986 1574 ››
1019 1525 1263 1580 Interim
1314 1543 1447 1595 ergo
1483 1533 1751 1596 paratum
1785 1533 1892 1581 est.
1929 1527 2078 1581 Rur-

429 1632 718 1685 sumque:
760 1639 777 1661 ι
817 1615 956 1669 Volo
988 1621 1052 1670 ut
1085 1616 1183 1670 ubi
1217 1632 1347 1670 sum
1377 1631 1501 1687 ego,
1539 1615 1614 1670 ibi
1646 1618 1764 1671 sint
1806 1622 1863 1670 et
1901 1615 2081 1670 mini-

2200 450 2301 524 γάρ
2329 456 2433 524 ,τῆς
2464 449 2721 524 ἀπαρχῇς
2752 450 2910 521 ἡμῶν
2961 438 3049 503 καὶ
3109 455 3208 519 τῆς
3264 446 3506 529 κεφαλῆς
3545 453 3645 504 τοῦ
3705 452 3841 520 Χρι-

2203 542 2332 592 στοῦ
2362 537 2743 613 ἔγηγερμίνης,
2775 537 2864 592 καὶ
2904 540 3051 610 ἡμᾶς
3084 535 3154 592 δι’
3182 539 3352 608 αὐτῆς
3381 538 3618 614 ἤγειρεν,
3669 540 3838 601 οὕτως

2201 626 2368 696 αὐτῆς
2419 625 2784 701 κατεζομὲνης
2820 669 2835 695 ,
2893 625 2980 683 καί
3028 629 3090 682 τὸ
3142 626 3334 683 λοιπὸν
3409 633 3568 702 σῶμα
3619 627 3843 703 συγκάθο

2201 737 2346 787 ηται.
2382 717 2474 770 Διό
2499 738 2681 790 φησιν.
2735 739 2756 764 α
2792 717 2878 772 Ἐν
2910 719 3129 791 Χριστῷ
3159 719 3358 788 Ἰησοῦ,
3398 742 3424 768 ››
3457 717 3724 788 τουτέστι,
3755 714 3840 771 διὰ

2203 808 2434 874 Χριστοῦ
2475 807 2678 875 Ἰησοῦ.
2710 805 2831 862 oOtt
2891 803 2948 860 δὲ
3003 807 3312 876 καθίζουσιν
3371 807 3421 861 οἱ
3482 804 3646 876 ἄξιοι,
3679 805 3838 862 ἄκουε

2195 897 2294 948 τοῦ
2326 895 2564 968 Χριστοῦ
2623 892 2879 971 λέγοντος
2934 900 3052 958 τοῖς
3115 897 3406 969 μαθηταῖς’
3468 922 3494 946 α
3531 897 3835 965 Καθησεσθε

2195 981 2284 1038 ἓπὶ
2345 981 2556 1040 δώδεκα
2610 981 2856 1061 θρόνους,
2916 984 3186 1060 κρίνοντες
3243 987 3338 1048 τὰς
3397 983 3606 1041 δώδεκα
3665 984 3835 1063 φυλάς

2196 1078 2292 1128 τοῦ
2326 1073 2572 1150 Ἰσραήλ.
2611 1100 2632 1128 ιι
2669 1075 2767 1130 Καὶ
2822 1073 3008 1131 πάλιν·
3071 1101 3098 1128 ‹‹
3129 1077 3200 1131 Τὸ
3231 1073 3286 1131 δὲ
3315 1075 3530 1131 καθίσαι
3563 1076 3624 1131 ἐκ
3655 1075 3834 1146 δεξιῶν

2199 1185 2303 1235 μου
2335 1163 2424 1218 καὶ
2458 1163 2511 1233 ἐξ
2538 1163 2857 1236 εὐωνύμων,
2892 1163 2991 1220 οὐκ
3019 1160 3159 1219 ἔστιν
3193 1164 3321 1238 ἐμὸν
3356 1161 3562 1234 δοῦναι,
3596 1163 3723 1219 ἀλλ’
3755 1163 3834 1230 οἷς

2194 1251 2689 1327 ἡτοίμασταιπαρά
2716 1257 2813 1308 τοῦ
2849 1255 3054 1327 Πατρός
3081 1275 3207 1327 μου.
3245 1278 3271 1304 ››
3302 1254 3452 1317 Τέως
3482 1253 3575 1308 οῦν
3606 1253 3835 1325 ἡτοίμα-

2194 1363 2333 1403 σται.
2369 1344 2470 1401 Καὶ
2502 1343 2690 1399 πάλιν·
2718 1370 2744 1396 ‹‹
2776 1345 2930 1400 Θέλω
2948 1345 3037 1399 ἳνα
3059 1346 3198 1400 ὃπου
3226 1345 3342 1418 εἰμί
3371 1346 3508 1422 ἒγὼ,
3533 1345 3644 1400 ἐκεῖ
3663 1347 3752 1400 καὶ
3782 1344 3831 1399 οἱ

2194 1430 2438 1488 διάκονοι
2461 1436 2512 1488 οἱ
2537 1432 2681 1508 ἒμοί.
2713 1460 2740 1486 ››
2776 1469 2840 1478 —
2873 1467 2900 1487 tt
2930 1437 3040 1493 Ἳνα
3063 1433 3356 1507 ἐνδείξηται
3391 1435 3441 1490 ἐν
3463 1441 3579 1500 τοῖς
3605 1436 3782 1493 etiam.
3808 1461 3835 1485 ι)

2188 1529 2301 1578 Ἵνα
2335 1527 2410 1596 μή
2442 1545 2524 1586 τις
2555 1527 2828 1602 ἀπιστήσῃ
2892 1533 3008 1588 τοῖς
3055 1525 3392 1603 εἰρημένοις,
3425 1527 3524 1602 ὅρα
3554 1532 3671 1588 πῶς
3704 1526 3836 1581 αὐτὸ

2188 1615 2414 1668 πιθανὸν
2445 1621 2615 1684 ποιεῖ,
2645 1615 2734 1670 καί
2765 1635 2946 1693 ιρησιν·
2997 1619 3178 1674 Ταῦτα
3216 1615 3292 1672 ’δὶ
3350 1617 3410 1672 οῦ
3441 1620 3697 1672 τοσοῦτον
3750 1613 3836 1674 διὰ

431 1705 536 1759 stri
568 1706 684 1760 mei
708 1703 770 1760 η.
824 1725 854 1754 ››
907 1735 975 1744 —
1029 1726 1057 1754 «
1093 1706 1164 1760 Ut
1193 1705 1535 1760 ostenderet
1563 1705 1624 1759 in
1658 1706 1910 1760 saeculis.
1947 1726 1974 1754 »
2000 1706 2074 1760 Ne

438 1794 556 1814 .___S,
597 1794 933 1814 3_s-__-J-_ll_-
977 1801 1119 1814 -A,,-n
1147 1795 1236 1814 Lf-
1281 1812 1393 1814 μυεῖ
1444 1795 1582 1814 32-1-
1628 1801 1755 1814 ,,-_n,a
1788 1793 1907 1814 “3.1-
1946 1811 2043 1814 _A_r,

2187 1704 2288 1772 τὴν
2319 1706 2455 1777 πρὸς
2487 1708 2634 1780 ἡμᾶς
2666 1707 2887 1780 ἀγάπην
2923 1708 3112 1780 μόνον,
3139 1706 3264 1761 ὅσον
3293 1708 3386 1762 ἳνα
3416 1708 3505 1761 καὶ
3537 1703 3833 1777 ἐνδείξηται

2231 1793 2243 1810 κ
2331 1795 2343 1812 τ
2461 1789 2491 1814 ρ
2512 1795 2553 1814 rx
2573 1795 2592 1814 κ
2821 1795 2842 1814 \
2893 1800 2918 1811 «-
3082 1803 3108 1814 ..
3232 1796 3246 1814 ι
3479 1796 3491 1814 ι
3572 1801 3598 1811 ς
3635 1793 3648 1812 ν
3785 1801 3810 1810 -

423 1794 563 1863 quis
595 1794 938 1849 incredulus
970 1801 1126 1849 esset
1147 1795 1240 1849 his
1272 1812 1402 1865 quae
1434 1795 1591 1849 dicta
1622 1793 1914 1862 sunt,vide
1937 1811 2081 1866 quo-

433 1885 608 1938 modo
654 1883 800 1939 illud
859 1883 1076 1956 reddat.
1126 1883 1429 1938 credibile.
1465 1885 1629 1939 Unde
1660 1885 1780 1939 ait:
1817 1885 1948 1939 Haec
1978 1901 2081 1940 au-

429 1979 547 2028 tem
602 1989 722 2028 non
777 1979 1008 2028 tantum
1063 1979 1304 2044 propter
1356 1973 1738 2028 dilectionem
1781 1991 1917 2045 ergo
1950 1990 2080 2042 nos,

431 2069 720 2132 quantum
740 2067 804 2116 ut
826 2061 1166 2116 ostenderet
1187 2062 1548 2117 eminentem
1573 2061 1933 2133 opulentiam
1956 2079 2082 2134 gra-

429 2152 524 2206 tiae
550 2152 607 2205 in
641 2151 875 2206 smculis
901 2151 1471 2221 supervenientibus.
1503 2173 1530 2201 «
1557 2153 1924 2224 Benignitate
1949 2168 2084 2224 erga

428 2257 538 2295 nos
570 2256 674 2311 per
704 2240 999 2294 (Lhristum
1031 2242 1255 2302 Jesum,
1285 2263 1307 2288 »τ
1333 2241 1450 2295 Hoc
1481 2246 1588 2302 est.
1615 2258 1733 2296 non
1765 2241 1824 2295 in
1855 2241 2083 2296 Christo

2191 1793 2284 1848 τὸν
2325 1789 2739 1872 ὑπερϐάλλοντα
2777 1795 3015 1851 πλοῦτον
3042 1803 3142 1866 τῆς
3174 1796 3401 1872 χάριτος
3435 1796 3602 1851 αὑτοῦ
3634 1793 3685 1851 ἐν
3715 1801 3838 1859 τοῖς

2193 1881 2490 1955 μέλλουσιν
2521 1885 2704 1952 αἶ’ὧσι,
2745 1883 2931 1966 φησὶν,
2961 1910 2986 1936 ‹‹
3040 1887 3129 1943 Ἐν
3181 1885 3522 1962 χρηστότητι
3581 1885 3662 1964 ἐφ’
3690 1887 3839 1958 ἡμᾶς

2191 1971 2242 2027 ἒν
2300 1975 2517 2050 Χριστῷ
2578 1977 2777 2045 Ἰησοῦ.
2809 2000 2835 2026 η
2877 1969 3187 2047 Τουτέστιν,
3231 1975 3345 2030 Οὐκ
3375 1974 3510 2052 ἄχρι
3561 1979 3655 2031 τοῦ
3702 1977 3833 2044 Χρι-

2191 2068 2320 2118 στοῦ
2350 2069 2517 2120 ταῦτα
2561 2061 2728 2138 μόνον
2790 2064 2972 2136 σταίη,
3032 2063 3180 2120 ἀλλά
3235 2061 3307 2120 δι’
3363 2065 3528 2120 αὐτοῦ
3580 2065 3694 2137 ἥξει
3749 2062 3839 2118 καί

2180 2153 2269 2215 ,εἷς
2299 2155 2446 2227 ἡμᾶς
2477 2155 2550 2218 ὡς
2601 2154 2690 2208 ἀπ’
2719 2154 2900 2230 ἀρχῆς
2932 2155 3066 2230 πρὸς
3123 2155 3183 2209 τὸ
3219 2151 3368 2210 ὅλον.
3402 2153 3464 2212 Τί
3498 2155 3554 2208 δὲ
3584 2153 3732 2226 ﬁssa;
3767 2154 3838 2208 Τὸ

2195 2245 2693 2314 συζωοποιηθῆναι,
2726 2244 2787 2298 τὸ
2821 2248 3161 2319 συγκαθίσαι.

432 2330 720 2384 duntaxat
750 2330 874 2384 ὴωο
899 2331 1304 2400 perstiterunt,
1343 2329 1444 2384 sed
1497 2347 1603 2400 per
1649 2331 1843 2402 ipsum
1892 2331 1967 2386 ad
2014 2347 2122 2386 nos
2170 2351 2405 2406 quoque
2453 2335 2802 2406 perveniunt
2840 2341 3122 2408 tanquam
3154 2352 3187 2390 a
3217 2335 3508 2408 principio
3539 2335 3613 2391 ad
3644 2341 3831 2392 totum

432 2420 590 2490 quod
623 2420 920 2490 reliquum
953 2425 1041 2474 est
1070 2435 1302 2489 c0rpus.
1339 2419 1488 2483 Quid
1520 2427 1610 2474 est
1641 2426 1838 2475 autem
1871 2421 2031 2490 quod
2062 2423 2372 2493 pervenit?
2401 2440 2614 2497 nempe
2639 2441 2758 2480 una
2787 2424 3064 2480 vivificari
3098 2431 3156 2480 et
3181 2441 3300 2480 una
3333 2425 3558 2494 sedere.

499 2509 571 2574 ll,
604 2510 635 2562 8
676 2511 758 2562 10.
795 2507 986 2564 Gratia
1015 2509 1159 2561 enim
1215 2509 1338 2562 estis
1401 2509 1603 2562 servati
1642 2524 1746 2576 per
1771 2506 1952 2576 ﬁdem,
1992 2509 2082 2563 id-

432 2615 536 2668 que
564 2614 671 2652 non
702 2615 770 2652 ew
800 2598 967 2652 vobis.
1003 2598 1100 2652 Dei
1147 2597 1352 2651 donum
1399 2603 1514 2650 est:
1565 2613 1674 2651 non
1705 2613 1774 2652 ea:
1805 2600 2077 2668 operibus,

427 2705 494 2742 ne
525 2690 646 2756 quis
696 2687 982 2755 glorietur.
1050 2690 1182 2740 Nam
1240 2688 1411 2755 ipsius
1455 2702 1638 2742 sumus
1694 2702 1830 2756 opus
1868 2687 2080 2742 conditi

418 2792 524 2844 per
551 2776 821 2830 Christum
850 2777 1031 2830 Jesum
1079 2775 1153 2829 ad
1195 2791 1363 2844 Opera
1417 2775 1557 2830 bona
1585 2789 1706 2844 quae
1731 2777 2076 2845 pra-paravit

419 2865 560 2918 Deus
589 2871 651 2918 ut
683 2866 740 2917 in
775 2866 850 2919 eis
883 2864 1314 2918 ambularemus.

491 3079 519 3106 ‹‹
555 3058 770 3112 Gratia.
808 3078 834 3105 »
867 3058 1004 3122 Quae
1036 3055 1312 3110 videlicet
1340 3059 1427 3110 est
1459 3070 1565 3126 per
1595 3054 1795 3120 fidem,
1831 3076 1858 3104 «
1891 3054 2071 3125 quue

2262 2512 2343 2584 Τῇ
2424 2509 2525 2586 γὰρ
2609 2509 2794 2586 χάριτί
2881 2509 2997 2566 ἔστε
3080 2511 3374 2586 σεσωμένοι
3453 2509 3540 2567 διὰ
3591 2520 3691 2582 τῆς
3750 2513 3837 2569 πί-

2190 2618 2356 2660 στεως
2392 2644 2406 2666 ,
2463 2599 2550 2653 καὶ
2617 2603 2777 2654 τοῦτο
2829 2599 2927 2653 οὐκ
2977 2598 3025 2669 ἐξ
3088 2601 3259 2674 ὑμῶν.
3324 2604 3457 2654 Θεοῦ
3511 2599 3574 2654 τὸ
3635 2597 3832 2672 δῶρον,

2187 2687 2286 2743 οὐκ
2346 2687 2396 2760 ἐξ
2455 2682 2676 2765 ἔργων,
2724 2686 2813 2743 ’ἕνα
2868 2691 2943 2762 μή
3028 2710 3111 2750 τις
3197 2693 3571 2769 καυχήσηται.
3652 2689 3833 2744 Αὐτοῦ

2183 2779 2286 2853 γάρ
2342 2775 2500 2851 ἐσμεν
2559 2775 2823 2850 ποίημα,
2901 2778 3200 2840 κτισθέντες
3255 2778 3306 2834 ἐν
3371 2783 3590 2852 Χριστῷ
3651 2781 3833 2848 Ἰησοῦ

2185 2866 2272 2922 ἐπὶ
2331 2863 2510 2941 ἔργοις
2568 2866 2816 2942 ἀγαθοῖς,
2877 2871 2960 2930 οἷς
3006 2868 3411 2944 προητοίμασεν
3471 2871 3498 2924 6
3532 2869 3682 2938 Θεὸς,
3741 2868 3833 2924 ἵνα

2182 2955 2234 3012 ἐν
2265 2956 2446 3019 αὐτοῖς
2484 2960 2964 3032 περιπατήσωμεν.
3784 3031 3792 3036 κ

2252 3072 2278 3098 α
2310 3049 2394 3122 Τῇ
2425 3047 2525 3124 γὰρ
2558 3047 2771 3123 χάριτι.
2815 3072 2842 3099 ››
2891 3050 2976 3122 Τῇ
3036 3044 3124 3102 διὰ
3181 3056 3283 3118 τῆς
3319 3048 3552 3111 πίστεως
3614 3050 3827 3124 χάριτι.

418 3162 537 3201 non
569 3163 640 3201 ex
670 3147 851 3200 vobis.
891 3169 917 3194 ››
950 3148 1031 3200 Ex
1063 3145 1232 3201 nobis
1265 3144 1509 3215 quidem
1545 3151 1636 3199 est
1660 3143 1827 3206 fides,
1865 3161 2063 3200 verum

2185 3161 2207 3188 ι(
2242 3135 2346 3192 Καὶ
2377 3139 2536 3190 τοῦτο
2595 3134 2694 3189 οὐκ
2725 3134 2776 3205 ἐξ
2835 3136 3006 3206 ὑμῶν.
3040 3159 3068 3187 ››
3099 3137 3184 3207 Ἐξ
3218 3139 3377 3210 ἡμῶν
3425 3137 3518 3210 μὲν
3553 3139 3586 3206 ἡ
3620 3136 3827 3207 πίστις,

418 3235 606 3306 ipsius
637 3251 874 3305 quoque
904 3234 1133 3289 occasio
1175 3240 1264 3289 est
1315 3235 1486 3289 Deus.
1521 3233 1639 3288 Nisi
1675 3234 1836 3288 enim
1867 3234 2065 3288 incar-

417 3331 591 3378 natus
608 3325 834 3388 l‘uisset,
861 3323 1158 3394 quomodo
1182 3323 1581 3393 potuissemus
1603 3323 1843 3379 credere
1857 3322 1884 3378 ‘I
1902 3325 2066 3391 Nam,

413 3434 441 3462 (ι
476 3413 802 3480 Quomodo,
835 3412 1048 3481 inquit,
1084 3411 1327 3466 credent
1364 3412 1479 3466 nisi
1530 3412 1874 3468 audierint?
1902 3435 1929 3463 ››
1965 3414 2060 3467 17

413 3499 546 3555 Ideo
573 3499 795 3554 donum
830 3500 927 3554 Dei
963 3505 1133 3554 vocat
1167 3499 1366 3555 fidem.
1400 3503 1516 3554 Aut
1546 3501 1718 3556 etiam
1753 3507 2068 3573 prepterea

413 3591 656 3653 donum,
690 3590 790 3660 qui
823 3605 1016 3658 neque
1049 3587 1195 3643 ﬁdes
1245 3604 1351 3658 per
1402 3589 1657 3658 seipsam
1701 3591 1926 3646 salvare
1958 3607 2062 3661 po-

414 3679 642 3746 tuisset,
677 3680 790 3734 nisi
825 3685 976 3733 Deus
1005 3693 1112 3749 per
1140 3678 1330 3748 ipsam
1362 3677 1586 3732 salvare
1618 3678 1916 3736 voluisset.
1949 3681 2064 3735 Do-

413 3786 559 3824 num
580 3771 778 3839 itaque
802 3767 902 3822 Dei
929 3773 1018 3822 est
1042 3767 1198 3838 quod
1220 3783 1327 3821 nos
1350 3766 1800 3834 crediderimus,
1826 3774 1884 3823 et
1906 3768 2064 3839 quod

414 3876 520 3930 per
549 3858 728 3914 fidem
762 3857 1058 3912 salvemur
1086 3857 1309 3912 donum
1352 3857 1531 3912 etiam
1583 3856 1685 3911 Dei
1735 3861 1842 3912 est.
1875 3880 1902 3906 ‹‹
1936 3857 2063 3914 Non

411 3963 480 4002 ex
514 3947 794 4016 operibus
821 3963 893 4002 ne
917 3947 1050 4017 quis
1071 3946 1376 4019 glorietur.
1403 3968 1432 3997 ››
1455 3947 1582 4002 Non
1607 3945 1764 4018 quod
1784 3947 1972 4003 nollet
1993 3965 2065 4005 ex

412 4034 691 4107 Operibus
724 4036 970 4104 salvare,
992 4035 1096 4091 sed
1123 4036 1282 4106 quod
1303 4036 1507 4091 nullus
1533 4036 1793 4108 potuerit
1821 4053 1893 4094 ex
1924 4053 2066 4108 ope-

409 4126 577 4183 ribus
607 4126 845 4193 salvari,
907 4127 1023 4181 nisi
1083 4143 1192 4198 per
1251 4126 1450 4183 fidem.
1505 4128 1653 4193 Quia
1694 4144 1830 4201 ergo
1862 4128 2065 4186 nullus

409 4217 602 4291 potuit
651 4234 722 4274 ex
770 4217 1050 4290 operibus
1101 4217 1334 4286 salvari,
1385 4235 1507 4274 non
1556 4219 1735 4275 etiam
1784 4219 2064 4291 gloriabi-

410 4313 528 4363 tur.

480 4421 508 4448 α
545 4401 672 4456 Non
702 4416 774 4454 ex
806 4398 1106 4471 operibus.
1138 4418 1165 4445 ››
1193 4399 1274 4452 Ne
1305 4398 1440 4469 quis
1471 4398 1822 4470 arrogantiae
1853 4415 2060 4458 ansam

409 4487 682 4560 accipiat,
715 4488 884 4559 quasi
917 4504 985 4542 ex
1016 4486 1273 4558 propriis
1303 4485 1584 4557 operibus
1616 4486 1804 4541 factus
1837 4487 1912 4542 sit
1945 4487 2063 4543 sal-

2177 3223 2322 3280 ἀλλά
2351 3224 2438 3280 καὶ
2496 3225 2662 3293 αὐτῆς
2713 3225 2982 3302 πρὸφασις
3013 3225 3040 3279 6
3081 3228 3231 3290 Θεός.
3288 3226 3351 3282 Εἰ
3391 3227 3493 3302 γὰρ
3556 3227 3636 3299 μὴ
3665 3223 3828 3295 ’ἐνην-

2175 3315 2450 3390 θρώπησε,
2486 3319 2602 3376 πῶς
2635 3314 2853 3392 ε’ἰχοκεν
2895 3317 3175 3370 πιστεῦσαι
3210 3333 3224 3384 ;
3256 3339 3284 3366 ι(
3321 3318 3442 3377 ΙΙῶς
3473 3315 3600 3389 γὰρ,
3660 3315 3822 3394 φησί,

2172 3403 2566 3471 πιστεύσουσιν,
2618 3399 2707 3456 ἒάν
2744 3403 2821 3476 μή
2853 3402 3126 3458 ἀκούσωσι
3161 3425 3231 3474 ;››
3291 3404 3383 3458 Διὸ
3443 3401 3619 3479 δῶρον
3679 3408 3817 3459 Θεοῦ

2161 3492 2331 3558 ,καλεῖ
2357 3493 2671 3562 τὴνγπίστιν
2696 3493 2762 3548 Ἣ
2795 3494 2884 3546 καὶ
2933 3490 3106 3564 δῶρον
3168 3488 3256 3546 διὰ
3307 3497 3488 3560 τοῦτο,
3550 3492 3632 3547 ὅτι
3688 3490 3816 3547 οὐδὲ

2170 3583 2204 3650 ἡ
2241 3581 2419 3643 πίστις
2480 3585 2647 3636 σῶσαι
2703 3578 2872 3656 τίσχιιε
2920 3583 3034 3636 καθ’
3089 3581 3301 3650 ἑαυτήν,
3358 3580 3403 3636 εἰ
3460 3582 3536 3654 μὴ
3599 3582 3627 3636 6
3679 3584 3816 3643 Θεὸς

2169 3664 2463 3741 ἠϐουλήθη
2497 3667 2588 3724 διά
2615 3677 2714 3738 τῆς
2748 3668 2982 3730 πίστεως
3013 3675 3202 3725 σῶσαι.
3264 3671 3423 3724 Ὥστε
3472 3670 3534 3724 τὸ
3592 3674 3815 3726 πιστεῦο

2171 3781 2256 3815 σαι
2283 3763 2453 3835 ἡμᾶς,
2491 3757 2664 3835 δῶρον
2705 3763 2861 3825 Θεοῦ,
2895 3759 3078 3815 καὶτὸ
3135 3755 3227 3836 διά
3277 3759 3511 3822 πίστεως
3571 3767 3816 3828 σωθῆναι

2170 3845 2345 3924 δῶρον
2381 3851 2534 3906 Θεοῦ.
2585 3871 2612 3900 ‹‹
2647 3847 2760 3907 Οὐκ
2819 3847 2869 3918 ἐξ
2899 3843 3075 3925 ἔργων
3132 3845 3217 3901 ἳνα
3254 3849 3328 3920 μή
3382 3869 3465 3910 τις
3521 3851 3818 3923 καυχήση-

2155 3960 2276 3995 ται.
2311 3962 2339 3991 ››
2381 3937 2496 3996 Οὐκ
2552 3934 2738 4005 ἐπειδὴ
2800 3937 2901 3993 οῦκ
2966 3932 3239 4007 ἠϐούλετο
3279 3935 3330 4010 ἐξ
3389 3935 3558 4014 ἔργων
3622 3943 3818 4006 σῶσαι,

2169 4026 2294 4084 ἀλλ’
2329 4027 2412 4084 ὅτι
2458 4025 2634 4090 οὐδεὶς
2691 4025 2877 4102 ἴσχυεν
2937 4025 2988 4096 ἐξ
3019 4024 3201 4102 ἔργων
3233 4029 3495 4096 σωθῆναι,
3538 4031 3580 4082 εἶ
3617 4028 3692 4100 μή
3729 4024 3821 4081 διὰ

2169 4119 2424 4180 πίστεως.
2459 4117 2610 4173 Ἐπεὶ
2641 4115 2732 4171 οῦν
2763 4112 2943 4180 οὐδεὶς
2997 4115 3217 4192 ἴσχυσεν
3286 4114 3334 4186 ἐξ
3397 4111 3570 4194 ἔργων
3633 4124 3818 4187 σωθῆ-

2167 4229 2276 4277 ναι,
2311 4203 2439 4263 οὐδὲ
2467 4207 2822 4285 καυχήσεται.

2241 4417 2270 4447 ι(
2301 4395 2418 4462 Οὐκ
2447 4395 2495 4465 ἐξ
2527 4390 2722 4470 ἔργων.
2760 4417 2784 4449 ι
2817 4425 2885 4439 --
2919 4396 3122 4469 [ΦΩΤ.]
3163 4402 3274 4454 Ἵνα
3308 4396 3386 4468 μή
3430 4415 3514 4458 τις
3547 4395 3808 4473 ἀφορμὴν

2166 4484 2428 4547 ἀπονοίας
2458 4478 2623 4558 λάϐῃ,
2656 4485 2730 4548 ὡς
2760 4482 2820 4539 ἐκ
2850 4483 3071 4540 οἰκείων
3123 4483 3296 4560 ἔργων
3343 4485 3570 4559 σωθεὶς,
3626 4487 3818 4542 Καίτοι

406 4593 529 4631 vus.
607 4579 785 4648 Atqui
870 4576 1241 4647 contingeret
1322 4591 1396 4629 ex
1481 4573 1758 4644 operibus
1834 4576 2058 4631 salvum

2185 4572 2258 4628 ιαὶ
2316 4571 2368 4644 ἐξ
2429 4570 2599 4648 ἔργων
2686 4573 2807 4643 ἐνῆν
2871 4573 3154 4642 σώζεσθαι,
3214 4571 3329 4628 οὐδ’
3376 4573 3574 4644 οὕτως,
3627 4575 3823 4650 φησίν,

407 4666 556 4732 ﬁeri,
590 4683 701 4723 nec
734 4668 818 4722 sic
850 4670 1168 4737 oporteret,
1204 4663 1417 4734 inquit,
1469 4663 1530 4716 in
1563 4664 1961 4735 arrogantiam
1993 4681 2060 4722 ac

399 4755 750 4823 jactantiam
781 4755 1074 4811 decidere.
1125 4752 1520 4819 Quamobrem
1543 4752 1570 4807 ?
1599 4752 1746 4817 Quia
1777 4753 1880 4808 Dei
1912 4770 2059 4824 opus

410 4857 655 4896 sumus:
719 4861 910 4915 neque
965 4843 1023 4898 id
1082 4848 1338 4905 tantum,
1399 4857 1599 4896 verum
1643 4842 1922 4897 etiamad
1950 4844 2061 4899 hoc

407 4931 630 4984 conditi
663 4939 726 4986 ut
755 4934 976 4989 bonum
1009 4948 1411 5004 operaremur.
1448 4931 1650 5001 itaque
1694 4931 1873 4988 etiam
1907 4933 1955 4988 si
1989 4950 2060 4989 ex

411 5017 584 5072 bonis
616 5022 893 5090 operibus
954 5023 1336 5087 salvaremur,
1371 5020 1574 5090 utique
1623 5021 1854 5089 justum
1904 5027 2063 5078 esset

410 5123 650 5163 causam
686 5110 745 5162 in
778 5110 962 5164 Deum
997 5111 1237 5177 referre,
1261 5111 1434 5181 eique
1457 5109 1676 5182 gratias
1700 5111 2061 5182 agere,quod

406 5198 536 5270 ipse
570 5215 678 5252 nos
710 5197 784 5252 ad
817 5198 876 5252 id
908 5200 1258 5264 condiderit,
1291 5206 1350 5254 et
1394 5216 1513 5254 non
1554 5198 1628 5254 ad
1659 5215 1767 5254 nos
1799 5200 1962 5271 ipsos
1993 5217 2062 5257 ea

406 5306 540 5360 quae
563 5288 917 5361 arrogantiae
943 5289 1352 5344 suntﬁrmare.
1377 5289 1622 5354 Quando
1644 5305 1778 5343 vero
1808 5290 1883 5345 ad
1905 5289 2062 5346 bona

400 5395 585 5452 opera
614 5378 864 5447 conditi,
915 5394 1034 5433 non
1094 5379 1288 5434 solum
1348 5378 1498 5434 nihil
1529 5377 1669 5434 boni
1699 5386 1930 5451 operati
1962 5397 2062 5437 su-

483 5533 527 5568 ¹⁰
556 5534 755 5594 Matth.
787 5549 904 5607 xxx,
938 5533 1026 5590 28.
1107 5532 1152 5570 “
1184 5530 1392 5593 Matth.
1433 5547 1528 5598 xx,
1561 5533 1654 5590 23.

2170 4662 2340 4736 ἐχρῆν
2374 4661 2448 4725 εἰς
2494 4662 2750 4724 ἀπόνοιαν
2806 4663 2894 4718 καὶ
2952 4663 3222 4738 καύχησιν
3253 4660 3530 4720 ἐκπεσεῖν.
3588 4664 3685 4718 Διά
3716 4664 3772 4718 τί
3806 4681 3820 4734 ;

2167 4754 2290 4811 Ὃτι
2319 4752 2538 4825 ποίημα
2562 4752 2718 4828 ἐσμεν
2741 4757 2838 4808 τοῦ
2869 4757 3023 4811 Θεοῦ.
3053 4754 3149 4808 Καὶ
3177 4757 3240 4809 οὐ
3260 4757 3419 4808 τοῦτο
3447 4755 3637 4827 μόνον,
3671 4753 3823 4809 ἀλλὰ

2168 4841 2257 4896 καὶ
2289 4840 2375 4895 ἐπὶ
2415 4845 2496 4913 τῷ
2551 4843 2901 4918 ἀγαθοεργεῖν
2958 4841 3279 4904 κτισθέντες,
3346 4843 3503 4898 Ὥστε
3559 4845 3650 4898 καὶ
3694 4843 3821 4910 εὶέξ

2169 4926 2337 5006 ἔργων
2381 4927 2711 5004 ἐσωζόμεθα,
2764 4931 2838 4992 εἰς
2870 4931 3000 4986 Θεὸν
3030 4929 3090 4986 ἂν
3127 4930 3316 5004 εῗήμεν
3376 4929 3575 4988 δίκαιοι
3617 4932 3821 5010 ἀναφὲ-

2173 5039 2278 5095 ρειν
2309 5022 2408 5090 τήν
2443 5019 2616 5074 αἰτίαν
2649 5020 2738 5074 καὶ
2781 5022 2880 5088 τήν
2937 5019 3309 5095 εὐχαριστίαν,
3361 5021 3444 5075 ’ὁτι
3478 5021 3639 5085 αὐτὸς
3668 5023 3820 5094 ἡμᾶς

2169 5109 2254 5165 ἐπὶ
2282 5109 2462 5182 τούτῳ
2491 5103 2719 5177 ἔκτισεν,
2751 5108 2880 5166 ἀλλ’
2913 5110 3046 5185 οὐχὶ
3080 5109 3155 5172 εἷς
3179 5110 3404 5173 ἑαυτοὺς
3451 5111 3519 5165 τά
3546 5113 3647 5180 τῆς
3675 5110 3822 5165 ἀπο-

2168 5199 2318 5262 νοίας
2346 5199 2650 5269 κρατύνειν.
2683 5201 2813 5257 "Ore
2857 5197 2914 5254 δὲ
2971 5199 3061 5254 καὶ
3120 5201 3441 5269 κτισθέντες,
3500 5201 3588 5256 ἐπὶ
3637 5195 3825 5276 ἔργοις

2167 5288 2396 5365 ἀγαθοῖς
2429 5285 2490 5341 οὐ
2549 5288 2712 5359 μόνον
2774 5284 2928 5342 οὐδὲν
2992 5285 3682 5363 ἠγαθουργήσσμιν,ἀλλὰ
3736 5287 3829 5342 καὶ

2170 5376 2247 5440 εἷς
2277 5376 2588 5432 τούναντίον
2620 5375 3035 5453 ἀπηνέχθημεν,
3065 5377 3159 5432 καὶ
3203 5376 3588 5452 ἀπενεχθέντες
3637 5376 3738 5432 οὐκ
3770 5376 3824 5450 ἑξ

1743 5533 1787 5569 η
1817 5535 1980 5593 Joan.
2013 5549 2112 5603 xu,
2143 5534 2251 5604 26;
2283 5548 2418 5605 xvn,
2452 5532 2541 5590 2t.
