4096 6194
188 306 213 363 1
227 305 344 364 225

1246 294 1645 359 COMMENT.
1692 292 1779 353 IN
1827 291 2075 353 EPlST.
2120 290 2234 353 AD
2276 293 2548 355 EPHES.

3386 316 3389 319 λ
3434 302 3587 361 1226

250 436 463 511 Ἐχρῆς
491 431 568 504 μή
606 430 767 504 μόνον
818 426 906 485 διά
956 425 1053 484 τοῖ’)
1110 432 1410 504 παραινεῖν,
1442 423 1587 481 ἀλλά
1616 423 1705 479 καί
1737 419 1826 477 8ιά

2004 424 2276 496 Oportuit
2306 442 2426 481 non
2458 426 2650 483 solum
2684 428 3072 497 exhortando,
3108 428 3209 485 sed
3230 437 3285 486 et
3314 434 3588 489 terrendo

179 526 280 580 τοῦ
312 515 499 601 φοϐεῖν
554 518 645 574 καὶ
701 517 780 591 τῷ
838 516 956 590 Θεῷ
1010 513 1391 593 παραδιδόναι,
1437 516 1536 584 τὴν
1579 511 1831 568 διδασκα-

187 611 312 667 λίαν
370 608 707 686 ἒργάζεσθαι.
790 606 1174 682 Μαρτῦρομαι,
1249 605 1438 682 φησὶν,
1504 602 1555 657 ἐν
1625 601 1831 676 Κυρίῳ,

182 698 450 766 τουτέστι,
487 696 734 773 μάρτυρα
763 696 854 751 τὸν
888 695 1080 769 Κύριον
1111 692 1285 764 καλῶ,
1318 694 1403 748 ὅτι
1436 693 1591 747 εἶπον
1638 689 1693 744 τί
1755 686 1837 743 δεῖ

183 790 328 863 ὑμᾶς
361 788 635 863 πράττειν.
690 787 827 860 Ὅρα
883 782 940 840 δὲ
996 783 1208 862 σοφίαν.
1267 783 1386 841 Οὐκ
1442 782 1578 851 εἷπε,
1624 776 1835 849 Μηκέτι

188 878 331 951 ὑμᾶς
382 881 722 951 περιπατεῖν,
781 874 963 939 καθὼς
1021 878 1384 949 περιπατεῖτε.
1439 868 1707 945 (Ἔπληξε
1735 866 1836 943 γὰρ

182 969 295 1039 ἂν.)
362 964 544 1022 Ἀλλά
598 964 763 1020 τοῦτο
823 964 915 1037 μὲν
994 960 1288 1034 ἐδήλωσεν,
1346 960 1454 1016 ἀπὸ
1519 957 1576 1014 δὲ
1640 957 1836 1028 ὲτὲρων

182 1055 366 1133 ἤγαγε
418 1056 484 1111 τὸ
541 1052 907 1128 παράδειγμα.
970 1077 998 1105 κ
1038 1054 1124 1107 Ἐν
1187 1048 1511 1125 ματαιότητι
1557 1051 1659 1103 τοῦ
1715 1046 1838 1107 νοὸς

182 1146 384 1204 αὐτῶν.
420 1169 450 1198 »
481 1177 549 1188 —
583 1145 796 1218 [ΦΩΤ.]
830 1142 924 1205 Εἷς
969 1142 1033 1197 τὸ
1067 1142 1144 1214 μὴ
1176 1140 1301 1215 περὶ
1332 1139 1400 1194 τά
1433 1139 1633 1212 μάταια
1668 1137 1838 1211 ἀσχο·

185 1234 399 1290 λεῖσθαι
452 1234 543 1289 τὸν
597 1236 727 1288 νοῦν
785 1232 962 1304 ὑμῶν.
1020 1230 1097 1289 Οὐ
1154 1230 1222 1287 τά
1276 1232 1375 1298 τῆς
1415 1225 1676 1298 ἀληθείας
1706 1245 1844 1303 φρο-

186 1328 405 1385 νοῦντες
466 1323 560 1378 καὶ
632 1321 981 1383 πίστεύοντες
1054 1320 1145 1376 καὶ
1219 1316 1639 1392 ἀποδεχόμενοι,
1716 1312 1843 1370 ἀλλ’

187 1415 325 1487 ἅπερ
382 1414 442 1467 ἅν
503 1413 532 1467 ὁ
588 1415 714 1474 νοῦς
775 1410 953 1466 αὐτῶν
1017 1411 1193 1484 μάτην
1253 1406 1539 1482 ἀνα-πλάσῃ
1570 1404 1663 1461 καὶ
1694 1402 1844 1478 λογί-

192 1522 375 1573 σηται.
407 1500 474 1558 Τί
529 1497 580 1555 δ’
633 1498 691 1555 ἂν
752 1499 847 1555 καὶ
902 1498 1181 1575 λογίσοιτο
1231 1501 1340 1553 τῶν
1392 1494 1599 1563 καλῶν,
1630 1494 1658 1548 ὁ
1690 1492 1841 1548 ἐσκο-

188 1591 450 1663 τισμὲνην
515 1583 661 1664 ἔχων
728 1590 827 1658 τὴν
893 1585 1167 1657 διάνοιανς
1235 1610 1264 1639 ‹‹
1325 1583 1734 1656 Ἐσκοτισμενοι
1775 1582 1844 1653 τῇ

192 1680 426 1752 διανοὲᾳ.
461 1680 590 1734 »Τὸ
620 1681 722 1754 γὰρ
779 1677 995 1748 πλῆθος
1051 1682 1158 1733 τῶν
1218 1678 1494 1751 βιωτικῶν
1543 1674 1842 1748 ἁμαρτιῶν,

1938 517 1996 566 et
2025 514 2142 569 Deo
2174 514 2484 582 tradendo,
2517 515 2803 572 doctrinze
2862 534 3105 590 operam
3154 519 3314 577 dare.
3365 523 3589 589 Testor,

1939 602 2267 675 inquit,per
2289 605 2747 673 Dominum,hoc
2783 613 2870 661 est
2911 613 3122 663 testem
3162 608 3367 664 invoco
3403 610 3593 664 Domi-

1940 707 2106 759 num,
2139 692 2296 763 quod
2325 691 2579 749 dixerim
2612 694 2753 767 quid
2786 713 2886 751 vos
2945 702 3216 768 Oporteat
3272 714 3464 770 agere.
3526 701 3595 753 Et

1940 783 2340 839 animadverte
2356 784 2731 855 sapientiam.
2755 787 2879 841 Non
2894 786 3166 843 dixitzNe
3189 788 3434 860 posthac
3465 805 3593 844 am-

1938 869 2157 926 buletis
2180 872 2333 928 sicut
2353 872 2747 930 ambulabatis
2769 892 2782 929 :
2807 876 2917 931 hoc
2940 877 3099 932 enim
3120 877 3297 932 modo
3337 877 3595 946 feriisset

1942 976 2081 1015 eos:
2117 962 2220 1016 ιω
2253 961 2366 1018 hoc
2397 966 2597 1018 tamen
2647 963 2952 1033 indicavit,
2982 965 3087 1020 sed
3143 965 3217 1020 ab
3267 966 3397 1021 aliis
3428 965 3594 1021 duxit

1942 1050 2303 1122 exemplum.
2337 1074 2366 1101 «
2398 1051 2466 1107 In
2496 1052 2753 1109 vanitate
2783 1053 3002 1109 mentis
3032 1071 3172 1111 suae.
3210 1076 3240 1105 »
3272 1086 3337 1096 —
3370 1056 3442 1111 Ut
3472 1071 3593 1110 non

1942 1146 2266 1211 occupetur
2281 1140 2440 1197 circa
2460 1158 2611 1197 vana
2631 1159 2803 1198 mens
2834 1150 3047 1200 vestra.
3100 1143 3506 1216 Intelligentes
3538 1149 3598 1198 et

1942 1228 2254 1284 credentes
2283 1246 2350 1286 ac
2375 1231 2769 1302 suscipientes
2794 1249 2916 1288 non
2946 1250 3079 1304 quze
3109 1234 3371 1289 veritatis
3434 1240 3593 1301 sunt,

1945 1316 2047 1373 sed
2080 1334 2453 1392 quaecunque
2484 1338 2654 1377 mens
2685 1322 2950 1393 ipsorum
3002 1340 3146 1381 vane
3197 1328 3599 1379 commentata

1944 1405 2123 1462 fuerit
2142 1424 2211 1463 ac
2232 1410 2666 1483 excogitaverit.
2692 1411 2842 1477 Quid
2864 1412 3024 1468 enim
3049 1430 3252 1469 eorum
3268 1431 3400 1484 quae
3446 1412 3600 1469 fecta

1947 1502 2086 1552 sunt
2106 1498 2363 1571 cogitare
2386 1501 2701 1572 possetqui
2742 1506 3005 1557 mentem
3037 1502 3214 1557 habet
3244 1501 3597 1558 obtenebrao

1948 1590 2068 1642 tam
2089 1586 2117 1641 ‘2
2148 1607 2172 1631 α
2205 1587 2584 1645 Obtenebrati
2614 1597 2834 1647 mente.
2902 1613 2922 1640 ι
2987 1591 3295 1647 Multitudo
3340 1606 3600 1662 namque

1949 1678 2391 1735 mundanorum
2425 1687 2802 1753 peccatorum
2833 1683 3026 1738 aciem
3076 1683 3296 1739 mentis
3356 1682 3603 1737 obtene-

184 1771 249 1826 τὸ
283 1767 591 1842 διορατικὸν
641 1771 739 1833 τῆς
797 1764 1036 1830 διανοίας
1089 1764 1451 1835 ἑπισκοτίζον,
1500 1760 1633 1818 ἰδεῖν
1661 1761 1761 1817 οὐκ
1786 1761 1846 1832 ἐᾷ

1967 1778 2133 1822 orans
2162 1784 2283 1823 non
2317 1768 2460 1824 sinit
2492 1769 2710 1825 intueri
2744 1771 2931 1827 solem
2968 1771 3222 1844 justitize
3279 1771 3601 1832 Christum.

187 1858 508 1915 τόνἽὶλιον
564 1864 665 1927 τῆς
723 1854 1069 1927 δικαιοσύνης
1129 1854 1380 1928 Χριστόν.
1432 1854 1615 1910 Ἔνθεν
1641 1850 1846 1928 γίνεται

191 1951 228 2018 ἡ
287 1948 546 2023 πώρωσις
598 1953 698 2016 τῆς
756 1942 1000 2021 καρδίας,
1062 1943 1197 2019 ὅπερ
1253 1942 1625 2018 παρακατιὼν,
1658 1940 1844 2018 φησὶν,

192 2036 360 2092 οἱονεὶ
412 2036 670 2112 πώρωσίς
724 2056 808 2098 τις
874 2036 1009 2091 οὖσα
1070 2034 1161 2089 καὶ
1219 2031 1555 2103 ἀναισθησία.
1615 2029 1690 2088 Τὰ
1744 2029 1848 2105 γάρ

194 2127 602 2200 ἐσκοτισμένον,
670 2124 1011 2194 ἀναίσθητον.
1082 2147 1107 2179 ι
1167 2124 1266 2179 Διά
1319 2123 1418 2191 τὴν
1476 2120 1689 2195 ἄγνοιαν
1748 2120 1848 2189 τήν

195 2218 358 2274 οὖσάν
392 2216 443 2271 ἐν
475 2216 679 2277 αὐτοῖς.
719 2239 747 2267 ››
806 2215 872 2272 Εἰ
917 2213 1008 2269 οὖν
1050 2213 1328 2288 ἀγνοοῦσι,
1359 2211 1576 2285 φήσειέν
1622 2230 1727 2277 τις,
1759 2209 1852 2264 καὶ

199 2306 247 2362 εἷ
322 2306 683 2382 πεπώρωνται
758 2303 857 2360 οὐκ
929 2301 1069 2377 ἄξιοι
1142 2300 1508 2378 ἐγκλημάτων
1585 2300 1689 2355 εἰσὶ
1763 2298 1853 2353 καὶ

201 2400 512 2470 τιμωριῶν,
544 2391 694 2448 ἀλλά
742 2390 958 2466 μᾶλλον
1016 2396 1115 2446 τοῦ
1175 2394 1383 2463 μαθεῖν.
1418 2386 1580 2444 Ἀλλ’
1608 2388 1708 2456 ὅρα
1736 2390 1855 2447 πῶς

202 2483 382 2538 αὐτῶν
441 2481 748 2560 ἀφαιρεῖται
803 2480 904 2549 τήν
968 2479 1321 2555 συγγνώμην.
1379 2478 1613 2543 Οἳτινες,
1667 2474 1853 2555 φησὶν,

204 2568 590 2644 ἀπηλγηκότες
641 2567 863 2630 ἑαυτοὺς
941 2565 1263 2641 παρέδωκαν
1326 2568 1394 2636 τᾷ
1456 2563 1715 2641 ἀσελγείᾳ
1779 2561 1855 2623 εἰς

202 2658 452 2734 ἐργασίαν
509 2656 834 2733 ἀκαθαρσίας
887 2656 1088 2727 πάσης.
1148 2654 1388 2710 Δείκνυσι
1444 2654 1545 2729 γάρ
1613 2651 1697 2707 ὅτι
1754 2659 1855 2722 τῆς

207 2746 423 2823 ἀγνοίας
477 2748 567 2802 καὶ
623 2748 723 2817 τῆς
775 2746 1087 2819 πωρώσεως
1138 2745 1167 2800 ὁ
1232 2743 1353 2819 βίος
1410 2742 1594 2804 αὐτοῖς
1649 2738 1853 2804 α’ίτιος.

204 2836 268 2894 Ὀ
309 2832 366 2891 δι
425 2836 567 2911 βίος,
626 2834 675 2905 ἐξ
728 2833 935 2899 οἲκείας
986 2832 1167 2911 γέγονε
1224 2832 1490 2908 ῥᾳθυμίας
1545 2831 1636 2887 καὶ
1688 2828 1856 2886 ἀναλ-

208 2924 424 3002 γησίας.
487 2923 750 2988 Ἑαυτοὺς
804 2924 932 3001 γὰρ,
993 2924 1150 3001 φησὶ,
1199 2918 1731 2997 παρὲδωκαν.’οταν
1761 2920 1855 2973 οὗν

203 3012 281 3075 εἷς
309 3013 408 3082 τήν
439 3014 575 3089 πρὸς
622 3012 930 3087 Ῥωμαίους
990 3010 1171 3086 εὕρῃς,
1234 3038 1258 3062 ιι
1290 3006 1605 3084 ηαρὲδωκεν
1664 3005 1856 3067 αὐτοὺς

203 3103 232 3157 ὁ
263 3103 390 3163 Θεὸς
421 3102 497 3163 εἰς
555 3100 822 3174 ἀδόκιμον
874 3103 1022 3168 νοῦν,
1056 3122 1085 3150 ››
1141 3098 1278 3154 κατά
1327 3099 1429 3166 τὴν
1482 3095 1709 3158 ἐνταῦθα
1737 3091 1859 3149 διά-

198 3210 349 3245 νοιαν
382 3190 514 3244 αὐτὸ
546 3189 681 3245 νόει.
714 3188 1082 3265 Συνεχώρησε
1110 3186 1214 3261 γάρ
1273 3186 1301 3241 ὁ
1360 3186 1490 3247 Θεὸς
1542 3181 1860 3258 παραδοθῆ-

199 3300 288 3334 ναι
319 3276 542 3347 αὐτοὺς,
600 3273 787 3346 ἕπειδὴ
847 3275 1047 3331 τούτου
1096 3276 1279 3348 ἀξίους
1326 3272 1548 3335 ἑαυτοὺς
1578 3272 1855 3343 ἐποίησαν.

205 3393 234 3421 α
270 3368 370 3423 Διά
397 3368 495 3436 τὴν
539 3367 821 3442 πώρωσιν.
876 3389 905 3417 ››
959 3366 1057 3420 Διά
1102 3366 1201 3435 τήν
1248 3364 1620 3434 ἀναισθησίαν.
1674 3364 1863 3419 Ἀναι-

209 3457 435 3529 σθησίαν
486 3456 592 3533 γᾶρ
649 3454 797 3533 φέρει
853 3457 951 3509 τοῦ
1002 3454 1182 3528 φωτὸς
1233 3456 1267 3523 ἡ
1310 3449 1601 3525 σκὸτωσις,
1651 3456 1731 3523 τῷ
1781 3452 1859 3525 μὴ

207 3546 354 3624 ἔχειν
412 3545 466 3601 ἐν
522 3546 734 3607 ἑαυτοῖς
791 3538 960 3621 φόϐον
1017 3547 1170 3599 θεοῦ.
1234 3567 1261 3595 ‹‹
1294 3542 1518 3605 Οἲτινες.
1557 3566 1578 3592 ι
1637 3540 1736 3603 Εἷς
1768 3541 1858 3596 τὸν

206 3635 524 3712 παράνομον
624 3631 992 3705 ἐξοκείλαντες
1096 3631 1238 3709 βίον,
1340 3625 1659 3707 καταϐραχὺ
1759 3632 1860 3701 την

206 3725 544 3801 ἀναλγησίαν
617 3723 901 3795 ἰνόσησαν,
993 3745 1022 3775 ‹‹
1098 3719 1544 3797 Ἀπηλγηκότες.
1622 3744 1650 3772 »ι
1726 3722 1859 3777 Οἴον

208 3813 535 3889 ἀναλγήτως
587 3811 887 3888 ἰσχηκότες
936 3812 1028 3867 καὶ
1078 3811 1508 3885 ῥᾳθυμήσαντες,
1538 3809 1628 3864 καὶ
1666 3814 1861 3883 καμεῖν

216 3905 294 3980 μή
330 3902 692 3979 βουληθέντες
725 3903 869 3977 πρὸς
902 3902 1108 3977 εὕρεσιν
1163 3904 1260 3955 τοῦ
1310 3898 1505 3955 καλοῦ.
1560 3925 1580 3951 ι
1610 3898 1865 3961 Ἑαυτοὺς

218 3989 533 4067 παρέδωκαν
588 3991 658 4066 τῇ
714 3988 994 4066 ἀσελγείᾳ.
1030 4014 1058 4042 »ι
1116 3995 1239 4053 Πῶς
1298 3990 1402 4067 γάρ
1451 3990 1480 4045 ὁ
1527 3987 1578 4043 ἐν
1614 3988 1867 4064 ἀσελγείᾳ

216 4085 597 4158 ἐξεταζόμενος
635 4080 889 4153 δυνηθείη
941 4086 1142 4158 γνῶναι
1198 4080 1368 4151 Θεόν;
1428 4081 1637 4138 Οὐκοῦν
1690 4083 1726 4151 ἡ
1784 4081 1867 4136 αἰ-

217 4174 309 4229 τία
362 4175 461 4242 τῆς
520 4171 765 4249 ἀγνοίας,
822 4173 858 4240 ὴ
922 4169 1201 4247 ἀσέλγεια,
1258 4171 1293 4239 ἣ
1346 4191 1430 4233 τις
1478 4170 1613 4225 κατά
1640 4170 1868 4244 γνώμην

222 4260 605 4337 ἁμαρτάνεται.
684 4279 715 4312 κ
776 4257 871 4319 Εἲς
955 4256 1205 4335 ἐργασίαν
1287 4257 1635 4332 ἀκαθαρσίας.
1694 4281 1723 4309 ››
1782 4257 1871 4319 Ὠς

223 4345 386 4425 ἔργῳ,
454 4347 611 4427 φησὶ,
674 4350 754 4418 τῷ
821 4343 1158 4421 ἀσελγαίνειν
1214 4345 1522 4421 ἰχρήσαντο
1577 4346 1667 4400 καὶ
1706 4343 1872 4400 πλεοο

222 4443 450 4495 νεκτεῖν.
520 4439 660 4508 Ἀρα
737 4434 836 4491 οὐκ
901 4432 1024 4504 ἐξῆν
1090 4432 1275 4496 αὐτοῖς
1346 4435 1422 4506 μὴ
1497 4432 1871 4511 ἀσελγαίνεινς

226 4530 305 4603 μή
356 4526 747 4594 πλεονεκτεῖν;
796 4523 957 4579 παντί
1009 4543 1115 4578 που
1164 4519 1356 4584 δῆλον.
1406 4522 1568 4595 Ὁρᾷς
1619 4523 1702 4579 ὅτι
1752 4524 1878 4600 παρ’
1908 4513 1954 4579 D

224 4617 404 4673 αὐτῶν
458 4617 677 4693 γέγονεν
736 4615 772 4684 ἡ
830 4612 1150 4693 τύφλωσις;
1210 4636 1238 4663 ι(
1273 4611 1358 4669 Ἐν
1408 4610 1713 4685 πλεονεξίᾳ.
1748 4614 1875 4670 »Ἥ

227 4704 312 4761 ὅτι
380 4702 529 4760 δυσὶν
597 4702 822 4765 ἑαυτοὺς
910 4698 1228 4776 παρέδωκαν
1316 4699 1563 4771 πάθεσιν,
1630 4700 1885 4779 ἀσελγείᾳ

228 4794 319 4849 καὶ
371 4792 679 4865 πλεονεξίᾳ,
738 4794 770 4847 ’ἀ
825 4790 967 4847 ἐστιν
1026 4790 1430 4861 ἐπιπολάζοντα
1498 4790 1710 4865 μᾶλλον
1777 4798 1884 4848 τῶν

230 4881 416 4938 ἄλλων
474 4884 776 4957 ἁμαρτιῶν,
807 4882 844 4952 ἢ
877 4883 961 4936 ὅτι
1018 4881 1117 4949 τήν
1176 4879 1459 4955 ἀσέλγειαν
1506 4882 1597 4935 καὶ
1650 4881 1886 4958 ἀκαθαρ-

229 4971 345 5027 σίαν
406 4969 599 5034 ἁπλῶς
654 4969 706 5025 ἑν
758 4968 1062 5042 πλεονεξίᾳ,
1117 4971 1383 5037 τουτέστι,
1415 4970 1531 5024 καθ’
1572 4967 1885 5048 ὑπερϐολὴν

230 5062 320 5117 καὶ
354 5058 657 5122 ἀνενδότως
691 5058 1028 5136 εἰργάσαντο.

1955 1854 2113 1910 unde
2138 1856 2456 1914 obstinatio
2486 1859 2676 1914 oritur
2705 1859 2922 1929 cordis,
2954 1859 3112 1932 quod
3170 1860 3229 1916 in
3288 1876 3605 1933 progressu

1956 1943 2100 1999 dicit
2130 1950 2412 2016 tanquam
2435 1948 2671 2003 czecitas
2724 1949 2995 2020 qutedam
3045 1955 3102 2005 et
3154 1949 3604 2005 insensibilitas.

1958 2033 2378 2091 Obtenebratio
2412 2036 2573 2092 enim
2625 2038 3055 2095 insensibilitas
3117 2045 3225 2094 est.
3285 2062 3303 2088 α
3362 2040 3610 2109 Propter

1959 2121 2353 2195 ignorantiam
2388 2142 2519 2195 qum
2550 2132 2641 2182 est
2670 2127 2731 2182 in
2758 2128 2900 2184 illis.
2940 2150 2967 2178 »
2999 2128 3053 2184 Si
3088 2128 3267 2201 igitur
3311 2128 3607 2200 ignorant.

1959 2211 2117 2267 dicet
2146 2214 2465 2285 quispiam,
2526 2217 2799 2272 excaecati
2858 2222 3020 2284 sunt,
3077 2215 3434 2289 reprehendi
3493 2231 3613 2269 non

1958 2308 2267 2357 merentur
2297 2319 2406 2358 nec
2436 2304 2660 2375 puniri,
2723 2305 2827 2361 sed
2885 2305 3072 2377 magis
3129 2304 3349 2360 doceri.
3398 2304 3613 2359 Verum

1961 2390 2364 2447 animadverte
2392 2393 2690 2463 quomodo
2720 2393 2954 2450 veniam
2985 2393 3058 2449 ab
3089 2393 3174 2450 eis
3220 2393 3431 2450 aufert.
3482 2391 3614 2458 Qui,

1963 2480 2175 2551 inquit,
2199 2480 2510 2537 ubidolere
2523 2482 3217 2556 desierunt,semetipsos
3245 2482 3618 2538 tradiderunt
3684 2538 3685 2543 η

1961 2569 2215 2625 lasciviae
2274 2569 2348 2625 ad
2405 2572 2762 2643 patrandum
2832 2590 3072 2629 omnem
3153 2570 3614 2626 immunditiam.

1964 2659 2236 2715 Ostendit
2263 2676 2524 2733 namque
2585 2661 2744 2733 quod
2798 2662 3151 2735 ignorantite
3209 2676 3276 2715 ac
3335 2657 3619 2714 cmcilatis

1963 2765 2142 2804 causa
2171 2748 2315 2820 ipsis
2346 2749 2525 2804 fuerit
2553 2750 2880 2820 vita,porro
2914 2750 3033 2804 vita
3060 2765 3130 2803 ex
3155 2748 3396 2819 propria
3425 2746 3619 2817 segni-

1964 2837 2043 2892 tie
2074 2836 2347 2908 provenit
2376 2842 2435 2891 et
2462 2837 2792 2892 indolentia
2821 2837 2940 2892 sive
2972 2844 3233 2908 stupore.
3265 2837 3410 2892 Nam
3428 2850 3623 2890 seme-

1966 2924 2171 2996 tipsos,
2206 2924 2309 2991 ait,
2343 2924 2735 2980 tradiderunt.
2768 2925 2912 2981 Cum
2965 2925 3147 2999 igitur
3204 2925 3266 2979 in
3299 2942 3435 2980 eum
3482 2924 3621 2995 Epi—

1967 3016 2132 3071 stolaa
2163 3016 2237 3072 ad
2270 3018 2564 3072 Romanos
2596 3018 2792 3073 locum
2823 3018 3128 3083 incideris,
3157 3041 3185 3068 «
3218 3017 3485 3074 Tradidit
3521 3033 3622 3071 eos

1966 3107 2120 3161 Deus
2150 3105 2212 3159 in
2239 3105 2555 3178 reprobam
2589 3113 2849 3162 mentem
2883 3107 2950 3176 ³⁵,
2984 3128 3013 3158 ››
3037 3108 3213 3179 juxta
3268 3112 3624 3179 prmsentem

1969 3194 2433 3250 declarationem
2463 3194 2611 3250 illud
2643 3195 2908 3268 intellige
2936 3213 2949 3251 :
2978 3196 3252 3268 permisit
3284 3196 3442 3250 enim
3469 3196 3626 3250 Deus

1970 3285 2100 3357 ipos
2132 3284 2306 3349 tradi,
2340 3284 2827 3356 quandoquidem
2886 3302 3016 3342 sese
3074 3285 3284 3358 dignos
3344 3283 3625 3339 reddide-

1972 3378 2125 3429 rant.
2165 3396 2185 3421 ι
2220 3374 2470 3445 Pr0pter
2498 3374 2976 3429 excaecationem.
3014 3396 3036 3423 ι
3074 3376 3323 3445 Propter
3376 3371 3627 3427 insensi-

1970 3463 2284 3517 bilitatem.
2313 3462 2618 3534 Siquidem
2647 3462 2793 3519 lucis
2823 3463 3232 3518 obtenebratio
3284 3462 3457 3517 atfert
3488 3476 3625 3516 senc

1973 3568 2073 3607 sus
2099 3550 2447 3616 carentiam,
2480 3568 2548 3606 eo
2607 3550 2765 3622 quod
2817 3568 2939 3606 non
2995 3550 3253 3607 habeant
3307 3551 3367 3605 in
3416 3549 3627 3621 seipsis

1974 3640 2075 3696 Dei
2109 3641 2401 3696 timorem.
2437 3640 2545 3705 Qui
2576 3641 2678 3696 ubi
2733 3640 2937 3697 dolore
2992 3641 3316 3697 desierunt.
3383 3664 3403 3689 ·
3457 3642 3629 3696 Post-

1973 3746 2152 3799 quam
2186 3730 2245 3783 in
2288 3729 2465 3785 vitam
2494 3728 2760 3801 iniquam
2794 3736 2852 3785 et
2878 3730 3212 3786 divinarum
3247 3729 3442 3802 legum
3492 3745 3628 3783 con-

1975 3818 2348 3890 temptricem
2381 3818 2774 3891 impegerunt,
2802 3818 3087 3890 paulatim
3143 3822 3495 3891 aegrotantes
3551 3815 3623 3870 ad

1975 3907 2366 3963 indolentiam
2388 3924 2456 3963 ac
2477 3913 2780 3979 stuporem
2799 3906 3179 3962 devenerunt.
3206 3927 3234 3956 ‹‹
3284 3905 3390 3961 Ubi
3421 3904 3624 3959 dolore

1977 3995 2305 4052 desierunt.
2321 4017 2349 4046 ιο
2365 3997 2484 4051 Hoc
2496 3994 2989 4061 est,insensibiles
3010 3994 3374 4061 sunteﬂ‘ecti,
3400 3999 3628 4067 postea-

1980 4102 2159 4156 quam
2184 4101 2306 4156 prie
2364 4085 2611 4157 segnitie
2671 4083 2939 4140 laborare
2992 4082 3315 4139 noluerunt
3370 4082 3444 4139 ad
3483 4082 3630 4138 recti

1982 4173 2410 4229 inventionem.
2442 4195 2471 4222 «
2506 4174 2863 4245 Semetipsos
2896 4172 3269 4228 tradiderunt
3297 4172 3571 4227 lasciviae.
3597 4192 3626 4221 »

1982 4260 2288 4326 Quomodo
2302 4261 2461 4316 enim
2479 4261 2528 4316 is
2542 4262 2719 4333 quiin
2756 4262 2997 4318 lascivia
3022 4261 3199 4334 degit,
3219 4266 3419 4333 posset
3447 4261 3631 4316 Deum

1984 4350 2377 4422 cognoscere?
2397 4351 2585 4406 Causa
2614 4352 2817 4423 itaque
2849 4351 3199 4424 ignorantiae
3244 4349 3486 4405 lascivia
3544 4354 3636 4402 est

1986 4456 2103 4511 qua
2129 4439 2457 4495 secundum
2480 4446 2741 4495 mentem
2765 4441 2899 4512 quis
2921 4446 3093 4496 errat.
3125 4463 3145 4488 α
3171 4439 3259 4494 Ad
3281 4436 3635 4511 patrandum

1987 4528 2449 4585 immunditiam.
2487 4549 2510 4578 ι
2546 4530 2638 4585 Sic
2667 4536 2731 4586 ut
2760 4546 2958 4601 opere,
2996 4528 3209 4600 inquit,
3243 4527 3452 4584 lascivi
3510 4542 3636 4581 esse

1987 4618 2353 4675 decreverint
2366 4625 2420 4674 et
2434 4618 2611 4674 avidi.
2644 4621 2855 4674 Annon
2872 4623 3275 4690 poterantnon
3295 4632 3423 4671 esse
3438 4614 3638 4671 lascivi

1994 4714 2052 4764 et
2072 4708 2224 4763 avidi
2238 4708 2476 4778 ‘IUtique
2496 4708 2876 4764 manifestum
2892 4714 2979 4763 est
2993 4706 3150 4778 quod
3165 4708 3249 4761 sic
3275 4705 3470 4777 ;Vides
3483 4702 3641 4776 quod

1995 4798 2055 4852 in
2079 4813 2260 4853 manu
2290 4814 2495 4853 eorum
2516 4798 2694 4852 fuerit
2715 4797 2950 4853 caecitas
2974 4797 3001 4850 ?
3024 4818 3051 4845 ι(
3092 4796 3235 4852 Cum
3281 4793 3577 4850 aviditate.
3612 4814 3641 4840 »ι

1994 4886 2524 4958 Autquodduabus
2542 4887 3041 4942 sesetradiderint
3076 4885 3508 4949 affectionibus,
3542 4884 3633 4938 ΔΙ

1997 4993 2208 5047 nempe
2230 4976 2481 5031 lascivia:
2497 4982 2553 5030 et
2593 4976 2850 5031 habendi
2892 4974 3179 5038 aviditati,
3204 4991 3334 5046 qum
3368 4974 3552 5044 magis
3582 4974 3645 5028 in

1996 5070 2278 5137 promptu
2301 5072 2439 5120 sunt
2463 5082 2639 5136 quam
2667 5065 3030 5121 cauteravitia
3046 5062 3648 5135 tautquodlasciviam

234 5158 293 5209 et
328 5150 774 5207 immunditiam
807 5149 1165 5223 simpliciter
1195 5165 1332 5205 cum
1361 5148 1659 5222 aviditate,
1692 5152 1803 5210 hoc
1835 5160 1942 5225 est,
1968 5154 2125 5210 ultra
2152 5154 2398 5211 modum
2434 5162 2492 5210 et
2523 5155 2685 5211 omni
2733 5170 2865 5210 cum
2917 5153 3212 5209 desiderio
3265 5157 3323 5208 et
3371 5152 3652 5207 aviditate

240 5259 311 5315 pe
321 5246 676 5312 rpetrarunt.

309 5328 495 5399 Ὑμεῖς
570 5324 628 5381 δὲ
700 5327 812 5402 οὐχ
886 5324 1061 5389 οὕτως
1138 5324 1364 5398 ἐμάθετε
1459 5326 1552 5381 τὸν
1640 5332 1895 5404 Χριστὸν,

241 5414 287 5469 εἲ
349 5434 410 5489 γε
476 5413 638 5469 αὐτὸν
697 5411 988 5484 ἠκούσατε,
1055 5413 1146 5467 καὶ
1213 5412 1264 5467 ἐν
1333 5411 1482 5485 αὐτῷ
1545 5412 1895 5492 ἐδιδάχθητε,

320 5573 365 5608 ²⁸
398 5575 562 5629 llom.
597 5589 634 5640 ι,
668 5576 755 5626 28.

572 5693 837 5754 Pnaon.
887 5692 997 5754 Gn.
1030 5691 1300 5754 CXVIII.

2078 5334 2168 5400 IY,
2199 5335 2381 5389 20-24.
2416 5356 2441 5380 «ι
2480 5334 2591 5388 Vos
2616 5339 2813 5387 autem
2846 5350 2962 5387 non
3010 5331 3093 5387 sic
3152 5330 3443 5387 didicistis
3485 5323 3653 5380 Chri-

2006 5444 2034 5471 α
2065 5429 2218 5477 stum
2247 5439 2260 5476 :
2294 5422 2588 5494 siquidem
2621 5422 2791 5477 illum
2822 5421 3089 5487 audistis,
3150 5425 3208 5475 et
3265 5420 3324 5472 in
3375 5432 3442 5469 eo
3496 5409 3653 5464 docti

3304 5687 3378 5749 39
