4108 6192
607 309 764 368 1227

605 465 632 492 ‹‹
665 441 880 508 fuistis,
913 441 1414 512 quemadmodum
1446 450 1536 497 est
1563 443 1776 500 veritas
1809 443 1870 500 in
1899 444 2036 500 Iesu
2069 441 2251 516 depo-
2279 439 2332 506 Α
2363 434 2542 498 καθώς

605 552 628 582 a
664 545 804 584 nere
827 530 1000 600 juxta
1028 529 1287 600 priorem
1317 529 1828 590 conversationem
1859 539 2115 589 veterem
2147 533 2248 588 ho-

603 639 630 666 ‹‹
663 617 904 682 minem,
937 618 1037 688 qui
1069 619 1470 690 corrumpitur
1518 621 1696 692 juxta
1739 621 2250 693 concupiscentias

597 729 626 757 ‹‹
662 705 1029 778 deceptionis
1055 723 1068 762 :
1097 709 1367 764 renovari
1399 717 1596 766 autem
1630 711 1841 784 spiritu
1873 711 2090 768 mentis
2121 725 2250 765 ves-

598 817 625 846 ι‹
659 799 784 862 trae,
819 801 877 852 et
906 796 1154 852 induere
1185 813 1400 854 novum
1423 799 2046 872 hominem,quijuxta
2063 799 2246 855 Deum

595 905 622 934 ι(
657 883 930 940 conditus
961 891 1051 942 est
1079 887 1494 959 perjustitiam
1526 895 1584 944 et
1615 890 1988 944 sanctitatem
2041 889 2248 944 verita-

593 999 620 1026 ‹‹
656 975 752 1033 tis.
793 999 819 1026 υ

663 1089 690 1115 α
727 1067 842 1122 Vos
873 1071 1072 1122 autem
1103 1083 1225 1122 non
1259 1069 1342 1123 sic
1374 1068 1686 1124 didicistis.
1719 1087 1746 1120 ιι
1783 1071 1906 1125 Non
1941 1069 2000 1124 in
2061 1070 2240 1136 hunc,

591 1153 804 1228 inquit,
837 1156 1016 1212 ﬁnem
1049 1163 1114 1212 ut
1149 1157 1266 1212 illis
1299 1157 1518 1212 similia
1575 1159 2016 1230 perpetrarctis.
2077 1157 2240 1226 Quod

587 1251 784 1298 autem
815 1243 897 1298 ait
923 1260 936 1297 :
958 1243 1262 1316 Siquidem
1293 1245 1462 1300 illum
1496 1245 1764 1314 audistis,
1798 1245 1962 1300 divus
1983 1247 2239 1301 Joannes

586 1349 692 1404 pro
725 1333 1176 1388 conﬁrmatione
1206 1334 1432 1406 accepit
1467 1351 1479 1388 :
1513 1334 2022 1400 Quemadmodum
2065 1335 2236 1390 illum

586 1425 857 1494 audistis,
890 1427 1106 1498 inquit.
1130 1429 1330 1482 Potest
1361 1431 1560 1482 tamen
1593 1427 1890 1500 quispiam
1921 1433 1979 1482 et
2009 1441 2112 1500 per
2134 1427 2234 1482 du-

583 1515 934 1572 bitationem
967 1515 1115 1572 illud
1147 1515 1436 1587 accipere,
1471 1533 1586 1587 quo
1621 1517 1807 1590 magis
1839 1517 1996 1594 ipsos
2021 1517 2230 1572 feriat:

583 1621 653 1660 ac
683 1605 731 1659 si
765 1605 1026 1660 diceret:
1061 1606 1276 1662 Ilznsito
1308 1605 1489 1672 enim,
1525 1621 1666 1661 num
1699 1605 1746 1660 is
1781 1605 1880 1677 qui
1934 1605 2231 1661 Christum

582 1693 804 1750 audivit
829 1700 886 1750 et
917 1693 977 1748 in
1011 1711 1079 1750 eo
1111 1695 1318 1750 doctus
1365 1699 1474 1762 est,
1535 1693 1875 1766 hujusmodi
1928 1701 2225 1765 operetur.

1727 309 2148 374 (ECUMENII
2191 299 2500 366 THICCA!
2545 299 2892 364 EPlBGOPl

3817 317 3934 378 1228

2636 432 2776 488 ἐστιν
2855 432 3086 506 ἀλήθεια
3169 434 3222 489 ἐν
3305 439 3382 508 τῷ
3471 438 3642 508 Ἰησοῦ
3699 443 3934 510 inetiam:

2363 523 2503 594 ὑμᾶς
2561 523 2694 578 κατὰ
2750 524 2850 592 τὴν
2904 522 3169 598 προτὲραν
3231 523 3566 604 ἀναστροφὴν
3617 529 3704 585 τὸν
3753 533 3934 590 παλαιὸν

2359 611 2644 686 ἄνθρωπον
2713 613 2807 667 τὸν
2893 612 3246 688 φθειρόμενον
3331 615 3467 669 κατὰ
3539 617 3630 678 τὰς
3699 619 3931 694 imo-mh;

2357 707 2458 772 τῆς
2533 701 2768 772 ἀπάτης.
2847 703 3224 758 Ἀνανεοῦσθαι
3299 701 3356 759 δὶ
3429 711 3506 778 τῷ
3577 709 3816 782 πνεύματι
3863 721 3932 768 τοῦ

2355 789 2479 851 νοὸς
2555 790 2728 864 ὑμῶν,
2806 789 2896 844 καὶ
2973 787 3282 846 ἰνόὗσασθαι
3355 794 3449 848 τὸν
3531 797 3700 851 καινὸν
3763 799 3932 874 ἄνθρω-

2355 899 2456 933 πον
2511 879 2604 934 τὸν
2676 881 2812 934 κατὰ
2885 879 3012 935 Θεὸν
3089 883 3370 936 κτισθὲντα
3429 881 3480 938 ἐν
3536 881 3816 956 δικαιοσᾶνῃ
3865 892 3930 946 καὶ

2355 963 2602 1038 ὁσιότητι
2633 975 2734 1038 τῆς
2765 967 3047 1038 ἀληθείας.
3797 951 3804 964 Ι

2427 1079 2454 1107 α
2485 1059 2666 1130 Ὑμεῖς
2698 1055 2755 1112 δε
2787 1057 2894 1134 οὐχ
2921 1056 3094 1121 οὕτως
3149 1057 3394 1134 ἐμάθετε.
3431 1083 3460 1112 ιι
3509 1063 3624 1119 Οὐκ
3667 1063 3744 1118 ἐπὶ
3777 1069 3926 1140 τούτῳ,

2352 1149 2507 1224 φησί,
2566 1151 2646 1220 τῷ
2703 1149 2836 1222 ὅρῳ,
2899 1149 3038 1204 ὥστε
3093 1151 3158 1204 τὰ
3217 1150 3388 1223 ὅμοια
3444 1157 3618 1208 ποιεῖν
3645 1152 3927 1218 ἱκείνοις.Τὸ

2350 1235 2427 1302 δὲ,
2463 1237 2526 1293 Εἳ
2551 1257 2613 1313 γε
2641 1237 2804 1293 αὑτὸν
2835 1237 3126 1308 ἠκούσατε,
3177 1239 3205 1292 ὁ
3255 1239 3408 1315 ἅγιος
3463 1242 3712 1312 Ἰωάννης
3753 1241 3928 1318 βεϐαιω-

2345 1323 2494 1380 τικόν
2525 1323 2762 1395 ἐδέξατο,
2821 1327 3035 1394 Καθὼς,
3095 1327 3280 1404 φησὶν,
3339 1327 3506 1383 αὐτὸν
3571 1331 3828 1400 ﬁxo-Scuta.
3863 1337 3929 1389 Δύ-

2344 1433 2492 1469 ναται
2543 1411 2602 1469 δέ
2647 1435 2732 1478 τις
2789 1415 2876 1470 καὶ
2935 1415 2986 1470 ἐν
3047 1411 3360 1493 ἀμφιϐολίᾳ
3421 1417 3554 1474 αὐτὸ
3609 1416 3928 1492 δέξασθαι,ἳνι

2345 1512 2433 1568 καὶ
2468 1511 2685 1586 μᾶλλον
2727 1512 2926 1576 αὐτοὺς
2979 1511 3182 1588 πλήξῃ,
3241 1514 3374 1570 ὡσεὶ
3419 1515 3594 1572 εἶπενι
3630 1515 3926 1598 ’Λμᾳιϐαλλω

2341 1601 2467 1678 γὰρ,
2517 1603 2566 1658 εἳ
2619 1622 2703 1664 τις
2743 1603 2833 1658 τὸν
2891 1603 3124 1678 Χριστὸν
3181 1603 3420 1668 ἀκούσας
3479 1605 3572 1659 καὶ
3639 1601 3922 1682 agnum},

2339 1689 2508 1766 αὐτῷ,
2540 1696 2764 1748 τοιαῦτα
2793 1693 3036 1768 πράττει.
3073 1717 3101 1744 κ
3135 1693 3330 1757 Καθώς
3379 1693 3526 1748 ἐστιν
3559 1691 3793 1766 ἀλήθεια.
3821 1725 3838 1752 ι
3861 1701 3922 1762 Τὸ,

585 1805 605 1831 α
643 1783 1155 1848 Quemadmodum
1191 1789 1277 1838 est
1307 1783 1540 1839 veritas.
1577 1805 1604 1832 ››
1663 1781 1826 1838 Istud
1859 1799 1872 1838 :
1933 1805 1961 1834 ιι
2013 1786 2198 1849 Quem

2343 1805 2370 1832 ι(
2405 1781 2598 1845 Καθὼς
2625 1779 2766 1836 ἐστιν
2815 1779 3048 1852 ἀλήθεια
3081 1780 3132 1836 ἐν
3193 1787 3274 1853 τῷ
3329 1783 3540 1854 Ἰησοῦ,
3573 1807 3602 1836 ››
3634 1781 3750 1860 δύνῃ
3780 1785 3920 1858 καὶτῷ

578 1873 898 1930 admodum
958 1879 1048 1930 est
1129 1875 1346 1930 veritas
1429 1873 1490 1928 in
1545 1873 1701 1942 Iesu,
1765 1895 1792 1922 »
1851 1877 2016 1944 potes
2095 1889 2231 1928 cum

579 1963 852 2034 superius
883 1961 1054 2018 dictis
1086 1969 1310 2034 aptare,
1343 1961 1587 2032 scilicet,
1625 1983 1651 2014 ιι
1709 1965 1776 2016 Et
1833 1961 1896 2016 in
1955 1979 2022 2016 eo
2074 1962 2230 2018 docti

577 2051 792 2106 fuistis.
826 2073 854 2101 ››
889 2049 1038 2116 Quid
1069 2051 1224 2106 docti
1255 2050 1524 2108 fuimus?
1582 2047 2092 2122 quemadmodum
2142 2057 2231 2106 est

573 2139 788 2196 veritas
835 2139 896 2194 in
957 2141 1081 2210 illo,
1142 2141 1450 2196 veritatem
1518 2139 1849 2212 appellans,
1903 2139 2224 2212 justitiam.

571 2227 944 2284 Mendacium
977 2230 1134 2284 enim
1185 2235 1272 2284 est.
1331 2235 1658 2302 peccatum.
1713 2229 2222 2295 Quemadmodum

571 2317 752 2390 igitur
781 2323 868 2372 est
895 2319 960 2372 in
991 2335 1060 2374 eo
1091 2319 1326 2386 veritas,
1361 2319 1442 2374 ita
1499 2323 1556 2374 et
1611 2335 1712 2374 vos
1769 2317 1925 2374 docti
1982 2319 2177 2374 fuistis
2207 2336 2220 2386 ;

565 2404 734 2476 juxta
764 2423 894 2462 eam
921 2407 1140 2480 quippe
1191 2405 1444 2462 instituti
1505 2407 1666 2462 estis.
1727 2409 1899 2464 Potes
1959 2413 2016 2462 et
2065 2407 2222 2464 istud

572 2511 706 2550 cum
731 2493 886 2550 infra
905 2494 1077 2550 dictis
1099 2496 1439 2564 convenire,
1473 2497 1544 2550 Et
1583 2496 1644 2552 in
1695 2495 1824 2568 ipso
1871 2497 2028 2552 docti
2053 2497 2218 2554 estis.

567 2607 594 2635 «
629 2585 1133 2656 quemadmodum
1165 2591 1256 2642 est
1283 2587 1496 2640 veritas
1527 2585 1587 2640 in
1638 2585 1774 2640 Jesu
1833 2587 2152 2658 deponere.
2187 2609 2216 2638 ››

568 2677 712 2730 Nam
745 2675 856 2731 hoc
887 2676 1042 2732 docti
1073 2676 1288 2746 fuistis,
1325 2683 1382 2732 et
1411 2677 1537 2731 haec
1569 2681 1656 2731 est
1685 2676 1902 2732 veritas
1963 2678 2022 2732 in
2079 2679 2216 2733 Jesu

566 2763 860 2836 deponere
885 2765 1058 2837 juxta
1089 2767 1346 2838 priorem
1395 2766 1906 2822 conversationem
1955 2771 2214 2822 veterem

561 2853 867 2910 hominem
901 2856 1001 2930 qui
1034 2863 1124 2912 est
1151 2856 1212 2912 in
1237 2855 1512 2928 peccatis.
1571 2855 1696 2912 Non
1746 2855 1906 2910 enim
1954 2861 2212 2912 veterem

560 2943 866 2999 hominem
899 2943 1218 3017 appellavit
1247 2951 1542 3014 naturam,
1577 2945 1680 3000 sed
1731 2947 1954 3017 peccati
2015 2943 2213 3001 efﬁca-

559 3033 712 3088 ciam
745 3039 802 3090 et
849 3035 1277 3106 operationem.
1339 3057 1364 3084 α
1425 3035 1532 3100 Qui
1591 3036 1992 3107 corrumpitur
2040 3035 2210 3108 juxta

2339 1869 2452 1926 ἅνω
2511 1870 2770 1946 ἁρμόσαι,
2829 1872 2972 1938 οἷον,
3031 1895 3058 1923 ‹‹
3103 1869 3204 1928 Καὶ
3263 1871 3316 1925 ἐν
3379 1871 3531 1943 αὖτῷ
3587 1871 3918 1953 ἐδιδάχθητε.»

2337 1959 2402 2016 Τί
2464 1957 2882 2034 ἐδιδάχθημενς
2959 1959 3147 2024 Καθώς
3221 1959 3364 2016 tactv
3423 1961 3654 2032 ἀλήθεια
3707 1963 3752 2018 ἐν
3799 1965 3918 2033 αὐτῷ,

2337 2045 2598 2118 ἀληθειαν
2655 2046 2830 2122 λέγων
2889 2049 2988 2116 τήν
3069 2045 3451 2120 δικαιοσύνην.
3509 2051 3584 2108 Τὸ
3639 2049 3732 2128 γὰρ
3778 2049 3918 2124 ψεῦδός

2338 2133 2478 2192 ἔστιν
2509 2137 2770 2214 ἁμαρτία.
2831 2137 3024 2201 Καθὼς
3081 2137 3174 2191 οὖν
3231 2136 3378 2192 ἐστιν
3441 2137 3496 2194 ἂν
3563 2139 3700 2212 αὐτῷ
3735 2139 3918 2210 ἃλήθιιο,

2337 2225 2512 2288 οὕτως
2541 2225 2630 2280 καὶ
2665 2225 2820 2300 ὑμεῖς
2875 2223 3227 2300 ἐδιδάχθητε.
3287 2227 3442 2283 Κατᾶ
3500 2229 3604 2304 γὰρ
3657 2227 3802 2296 αὐτην
3845 2225 3920 2282 ἐξι-

2335 2309 2596 2391 δοὶχθητε.
2669 2316 2806 2390 Adv-9
2867 2311 2926 2369 δὲ
2981 2315 3070 2370 καὶ
3129 2315 3210 2386 τῷ
3267 2315 3524 2390 ἑπομένῳ
3573 2315 3787 2392 ἁρμόσαι
3811 2317 3916 2372 αὐτὸ.

2331 2403 2438 2460 Καὶ
2491 2403 2544 2460 ἐν
2604 2403 2752 2478 αὖτῷ
2811 2399 3158 2480 ἐδιδάχθητε.
3221 2427 3248 2454 ι(
3317 2406 3522 2470 Καθὼς
3577 2405 3708 2461 ἐστιν
3743 2405 3914 2475 ἀλήθεια

2331 2493 2382 2550 ἐν
2413 2499 2494 2566 τῷ
2540 2496 2722 2564 Ἰησοῦ
2780 2489 3072 2558 ἀποθέσθαι
3137 2494 3298 2566 ὑμᾶς.
3331 2517 3360 2546 »ι
3425 2497 3602 2552 Τοῦτο
3648 2495 3740 2572 γαρ
3787 2491 3916 2550 ὲδιδιὶ-

2329 2593 2526 2662 χθητε,
2559 2585 2647 2638 καὶ
2682 2584 2815 2638 αὐτό
2856 2583 2996 2638 ἐστιν
3053 2585 3086 2651 ἡ
3141 2582 3196 2636 ἐν
3253 2587 3336 2654 τῷ
3399 2587 3592 2654 Ἰησοῦ
3643 2584 3913 2654 ἆλήθεια,τὸ

2327 2673 2619 2736 ἀποθέσθαι
2656 2673 2794 2746 ὑμᾶς
2841 2673 2934 2727 τὸν
2991 2673 3129 2726 κατα
3181 2673 3279 2740 τήν
3341 2673 3616 2748 προτέραν
3643 2674 3910 2748 ἀναστροςῇν

2323 2761 2557 2816 παλαιὸν
2617 2758 2894 2836 ἄνθρωπον
2947 2761 3038 2816 τὸν
3095 2758 3146 2814 ἐν
3205 2761 3525 2834 ἁμαρτίαις.
3581 2761 3798 2817 Παλαιὸν
3835 2763 3902 2836 γὰρ

2325 2847 2634 2925 ἄνθρωπον,
2694 2849 2753 2903 οὐ
2806 2851 2905 2920 τήν
2961 2848 3122 2928 φύσιν
3175 2848 3490 2922 ὠνόμασεν,
3550 2848 3690 2906 ἀλλὰ
3737 2851 3818 2917 τήν
3841 2855 3904 2916 τῆς

2325 2939 2591 3014 ἁμαρτίας
2665 2937 2956 3014 ἐνέργειαν.
3019 2963 3046 2990 ιι
3103 2939 3210 2995 Τὸν
3271 2940 3640 3018 φθειρόμενον
3691 2941 3806 2994 κατὰ
3847 2939 3906 2998 τὸς

2323 3029 2698 3102 ἐπιθυμίας.»
2741 3027 2810 3084 Ἤ
2863 3027 2948 3096 τὸ,
3007 3027 3154 3084 Κατὰ
3209 3029 3306 3090 τας
3368 3027 3678 3104 ἐπιθυμίας,
3709 3027 3906 3092 Emi-.95,

559 3121 1092 3191 concupiscentias.
1145 3145 1172 3174 »
1237 3125 1388 3178 Aut:
1445 3121 1612 3194 juxta
1673 3123 2202 3195 concupiscentias,

2325 3119 2421 3174 Διὰ
2449 3123 2555 3174 τίειν
2591 3117 2892 3192 ἐπιθυμιῶν
2941 3121 3135 3174 κεῖται.
3195 3119 3298 3190 (Δι’
3353 3119 3535 3174 αὐτῶν
3567 3120 3668 3194 γὰρ
3705 3117 3904 3192 φθείρεται

553 3212 799 3282 ponitur
823 3229 926 3284 pro
955 3229 1024 3267 eo
1042 3213 1200 3284 quod
1223 3217 1329 3278 est,
1361 3213 1475 3266 Per
1511 3211 2040 3282 concupiscentias.
2074 3213 2208 3282 (Per

553 3313 652 3354 eas
711 3315 970 3374 namque
1029 3302 1428 3372 corrumpitur
1477 3300 1678 3365 homo,
1728 3301 1880 3356 sicut
1937 3299 2072 3356 lana
2102 3315 2209 3371 per

553 3385 710 3458 ipsas
741 3407 886 3460 quas
917 3389 1334 3462 gignittineas.
1363 3389 1776 3461 Corrumpitur
1804 3397 2004 3446 autem
2038 3395 2096 3446 et
2143 3389 2204 3445 in

550 3475 843 3550 gehenna,
877 3485 933 3532 et
965 3479 1024 3532 in
1056 3479 1332 3550 prmsenti
1363 3479 1500 3534 vita.
1530 3479 2008 3550 lntemperantiaa
2041 3480 2200 3535 enim

547 3581 614 3622 ac
645 3567 898 3622 lascivia)
930 3583 1048 3630 non
1076 3567 1288 3620 animae
1321 3565 1532 3632 solum,
1565 3567 1667 3621 sed
1699 3573 1756 3622 et
1787 3569 2052 3638 corporis
2071 3585 2200 3624 cor-

2323 3205 2690 3282 ὁᾶνθρωπος,
2749 3205 2930 3282 ὥσπερ
2985 3207 3047 3262 τὸ
3106 3204 3252 3281 ἔριον
3313 3204 3387 3261 δι’
3447 3209 3524 3263 ὧν
3571 3209 3734 3263 τίκτει
3759 3210 3902 3286 σηιξη.

2321 3299 2606 3374 Φθείρεται
2649 3293 2704 3352 δὲ
2750 3295 2840 3351 καὶ
2889 3295 2940 3350 ἐν
2999 3299 3066 3370 τῇ
3117 3296 3328 3372 γεέννῃ,
3381 3299 3474 3353 καὶ
3527 3297 3579 3353 ἐν
3609 3303 3684 3370 τῷ
3719 3301 3798 3350 νῦν
3824 3295 3904 3369 βίῳ.

2319 3387 2385 3442 Αἱ
2414 3388 2519 3462 γὰρ
2551 3383 2859 3454 ἀκολασίαι,
2890 3385 2980 3439 καὶ
3043 3383 3208 3440 αὐτοῦ
3259 3390 3360 3440 τοῦ
3423 3387 3680 3460 σώματος
3705 3385 3759 3440 οὗ
3786 3385 3902 3458 μόνον

2314 3485 2415 3547 τῆς
2465 3481 2652 3552 ψυχῆς
2702 3475 2804 3530 εἶσι
2865 3475 3196 3554 φθαρτεκαίσ)
3254 3476 3348 3532 Ἦ·
3409 3478 3640 3551 Ὠσπερ,
3697 3472 3898 3552 wit"-

2312 3563 2588 3638 ἐπιθυμίαι
2648 3563 2948 3643 φθείρονται
3021 3565 3354 3642 (φθείρονται
3413 3563 3474 3620 δὲ
3537 3565 3625 3620 καί
3675 3563 3798 3636 νόσῳ
3840 3561 3895 3616 υἱ

544 3655 788 3728 ruptivae
823 3655 1006 3726 sunt.)
1033 3657 1184 3708 Aut:
1219 3655 1750 3722 Quemadmodum,
1799 3655 2012 3729 inquit,
2061 3675 2196 3714 con-

543 3745 926 3817 cupiscentia)
983 3743 1464 3816 corrumpuntur)
1525 3743 1702 3814 idque
1763 3751 1818 3798 et
1869 3745 2077 3800 morbo
2137 3751 2194 3802 et

537 3840 806 3908 tempore
837 3850 903 3888 ac
937 3833 1175 3888 tandem
1207 3831 1442 3904 morte),
1477 3831 1558 3887 ita
1589 3837 1648 3888 et
1679 3833 1802 3904 ipse
1852 3833 2030 3890 homo
2091 3851 2193 3906 qui

536 3923 1047 3995 concupiscentias
1079 3922 1370 3994 producit.
1398 3923 1498 3978 42
1531 3923 1704 3978 Recte
1735 3929 1934 3978 autem
1979 3939 2188 3995 pecca-

533 4017 660 4067 tum
688 4010 846 4082 quod
869 4027 940 4068 ex
963 4009 1464 4084 concupiscentiis
1509 4011 1834 4082 perficitur,
1893 4011 2188 4085 deceptio-

529 4117 668 4156 nem
698 4099 939 4156 vocavit.
976 4101 1276 4173 Siquidem
1309 4117 1474 4158 error
1517 4107 1605 4156 est
1659 4107 1718 4156 et
1777 4117 1898 4158 non
1945 4103 2182 4175 proprie

527 4189 852 4264 voluptas.«
871 4193 1154 4248 Renovari
1171 4199 1368 4248 autem
1385 4191 1612 4263 spiritu.
1631 4215 1660 4242 »
1679 4193 1962 4250 ltenovari
1981 4201 2180 4251 autem

523 4299 631 4356 per
662 4281 942 4356 Spiritum
978 4289 1270 4353 sanctum,
1335 4283 1434 4353 qui
1495 4289 1582 4337 est
1631 4283 1690 4336 in
1733 4289 1932 4340 mente
1967 4291 2173 4342 vestra.

523 4371 774 4444 Spiritus
801 4373 960 4428 enim
981 4379 1210 4428 veteres
1229 4388 1349 4427 non
1381 4371 1493 4426 fert.
1532 4371 1818 4426 actiones.
1871 4375 2047 4429 Recte
2079 4391 2177 4433 uu-

521 4468 640 4518 tem
661 4463 1002 4536 liujusmodi
1029 4462 1470 4516 renovationem
1493 4459 1636 4516 dicit
1657 4462 1716 4515 in
1763 4461 1972 4532 spiritu
1999 4465 2128 4520 ﬁeri
2159 4482 2172 4520 :

519 4553 905 4624 corporaliter
935 4569 1054 4608 non
1085 4551 1378 4606 efﬁcimur
1436 4549 1532 4604 alii
1595 4567 1666 4603 ex
1725 4549 1876 4616 aliis,
1937 4553 2040 4608 sed
2069 4571 2176 4626 per

517 4642 796 4712 spiritum
829 4647 916 4698 est
949 4640 1274 4707 renovatio,
1340 4639 1619 4694 ducatum
1651 4639 1952 4710 prmbente
1983 4644 2170 4714 pmni-

517 4731 726 4804 tentia,
759 4738 818 4786 et
843 4737 1222 4804 peccatorum
1255 4731 1604 4786 vetustatem
1637 4727 1980 4784 abradente.
2016 4754 2042 4780 (ι
2100 4731 2170 4786 Et

513 4803 782 4876 induere.
843 4803 872 4872 ὦ
933 4823 1094 4878 Docti
1157 4819 1350 4876 fuistis
1409 4817 1728 4888 deponere,
1791 4819 2058 4876 renovari
2109 4829 2166 4876 et

513 4905 777 4964 induere.
847 4911 994 4966 Nam
1061 4929 1094 4966 a
1171 4908 1468 4966 communi
1542 4923 1719 4962 sensu
1808 4909 2161 4966 sumendum

513 5001 620 5064 est,
651 4997 816 5054 Docti
839 4999 1056 5055 fuistis.
1093 5031 1157 5042 —
1189 4999 1310 5054 Alio
1367 4997 1546 5053 modo.
1605 4997 1852 5052 Induere
1913 4997 2058 5056 dicit
2099 5001 2158 5056 in

507 5083 1164 5156 baptismatezinduere
1199 5095 1256 5144 et
1313 5105 1420 5160 per
1471 5085 1878 5157 paenitentiam
1937 5093 1994 5144 et
2053 5105 2159 5162 per

503 5171 724 5230 bonam
747 5177 1275 5234 conversationem.
1305 5198 1328 5228 ι
1381 5177 1598 5230 Novum
1633 5173 1956 5230 hominem.
1995 5199 2023 5226 η
2059 5177 2154 5232 Vi-

502 5262 606 5320 des
629 5262 786 5334 quod
804 5263 1202 5320 voluntarium
1227 5265 1302 5318 sit
1322 5281 1470 5336 opus
1495 5263 1799 5333 magisque
1845 5265 1907 5320 in
1949 5283 2152 5337 prom-

497 5361 604 5428 ptu
625 5353 884 5411 ?Novum
907 5360 1105 5409 autem
1128 5355 1270 5408 dicit
1287 5355 1386 5424 qui
1409 5355 1466 5408 in
1489 5353 1700 5407 virtute
1741 5351 1916 5426 degit,
1949 5371 2153 5426 quem.

497 5443 821 5502 admodum
853 5449 1016 5502 vetus
1048 5443 1108 5499 in
1167 5442 1446 5514 peccatis.
1509 5461 1531 5488 ι
1593 5441 1700 5505 Qui
1747 5441 1922 5514 juxta
1967 5445 2149 5502 Deum

495 5535 768 5592 conditus
799 5541 906 5592 est.
944 5557 972 5585 ι»
1007 5533 1116 5600 Qui
1167 5532 1328 5588 enim
1387 5532 1446 5586 in
1505 5531 1716 5586 virtute
1779 5533 1932 5600 vivit,
1975 5535 2150 5607 juxta

495 5623 682 5682 Deum
711 5625 986 5684 conditus
1019 5629 1128 5692 est,
1181 5629 1238 5678 et
1282 5622 1457 5694 juxta
1507 5621 1694 5676 Deum
1744 5631 2142 5683 conversatur.

2310 3657 2521 3732 χρόνῳ,
2579 3655 2666 3710 καὶ
2721 3651 3030 3710 τελευταῖον
3090 3655 3342 3727 θανάτῳ),
3385 3655 3536 3711 οὕτω
3591 3656 3676 3710 καὶ
3727 3651 3892 3712 αὖτὸςό

2305 3747 2402 3810 τάς
2439 3747 2726 3822 ἐπιθυμίας
2786 3747 2983 3801 τίκτων
3043 3745 3354 3821 ἄνθρωπος.
3413 3747 3614 3808 Καλῶς
3661 3741 3712 3800 δὲ
3757 3741 3890 3812 si,va

2301 3851 2410 3903 τῶν
2478 3847 2782 3922 ἐπιθυμιῶν
2863 3845 3307 3920 ἀποτελουμένην
3391 3847 3683 3924 ἁμαρτίαν,
3735 3845 3889 3910 ἐπαίτην

2301 3933 2574 3994 ἐκάλεσεν.
2649 3937 2862 4007 ’Δπάτη
2939 3937 3062 4013 γὰρ,
3157 3935 3247 3990 καὶ
3341 3935 3405 3991 οὐ
3483 3937 3686 4012 κυρίως
3747 3931 3888 4004 ἡδονή.

2301 4051 2328 4076 ‹‹
2385 4025 2760 4084 ’Δνανεοῦσθαι
2837 4023 2895 4080 δὲ
2967 4029 3047 4096 τῷ
3126 4023 3418 4098 πνεύματι.
3485 4049 3516 4078 ιι
3574 4027 3886 4084 Ἀνανεοῦσθσι

2299 4111 2355 4170 δὲ
2385 4114 2474 4171 διὰ
2524 4121 2620 4171 τοῦ
2677 4116 2834 4194 ἁγίου
2891 4113 3230 4188 Πνεύματος,
3287 4115 3384 4170 τοῦ
3444 4113 3604 4176 ὄντος
3655 4113 3706 4168 ἐν
3753 4111 3884 4182 τῷνῷ

2296 4204 2472 4278 ὑμῶν.
2505 4206 2578 4262 Τὸ
2630 4205 2734 4280 γὰρ
2793 4209 3004 4278 πνεῦμα
3063 4201 3312 4258 παλαιῶν
3369 4205 3470 4259 οὐκ
3521 4204 3756 4280 ἀνέχεται
3787 4197 3884 4272 πρέ-

2293 4295 2444 4367 ξεων.
2497 4291 2696 4356 Καλῶς
2751 4291 2808 4348 δὲ
2853 4295 2951 4362 τὴν
2999 4291 3258 4364 τοιαύτην
3309 4291 3644 4349 ἀνακαίνισιν
3686 4289 3734 4346 ἓν
3769 4283 3885 4342 πνεύ-

2293 4405 2421 4456 ματι
2451 4384 2692 4460 γίνεσθαι
2744 4380 2910 4458 λέγει.
2967 4381 3042 4440 Οὐ
3103 4381 3206 4458 γὰρ
3263 4389 3596 4455 σωματικῶς
3643 4375 3884 4437 ἅλλοιᾶντ⁸

2288 4469 2472 4526 ἄλλων
2507 4471 2792 4550 γινόμεθα,
2853 4467 2999 4526 ἀλλὰ
3057 4467 3144 4525 διὰ
3205 4469 3519 4542 πνεύματός
3577 4465 3879 4536 ἓστινὴἇνι-

2281 4559 2532 4628 καίνισις,
2593 4561 2880 4634 μετανοίας
2936 4559 3288 4636 ἡγουμένης,
3345 4561 3438 4614 καὶ
3497 4561 3560 4615 τὸ
3614 4565 3768 4638 γῆρας
3801 4557 3875 4638 τῶν

2279 4645 2560 4722 ἁμαρτιῶν
2621 4635 3002 4716 ἁποξυοῦσηςξ
3042 4671 3071 4698 ‹‹
3134 4645 3236 4702 Καὶ
3297 4635 3637 4700 ἔνδῦσασθαιξ
3683 4667 3707 4694 ››
3757 4635 3876 4696 ’Βδεο

2278 4731 2522 4812 δάχθητε
2586 4735 2902 4806 ἀποθέσθαι,
2965 4733 3296 4812 ἐδιδάχθῆτε
3379 4733 3714 4791 ἐνδύσασθαι.
3773 4723 3872 4812 Ἀπῆ

2275 4811 2460 4880 κοινοῦ
2519 4825 2621 4900 γὰρ
2680 4825 2743 4880 τὸ
2819 4811 3204 4901 Ἐδιδᾶχθητε.
3265 4823 3516 4888 Ἀλλως.
3579 4811 3872 4881 Ἐνδΰσασθαί

2273 4935 2434 4990 φησιν
2487 4914 2539 4969 ἐν
2597 4921 2677 4988 τῷ
2738 4917 3098 4990 βαπτισματι,
3157 4911 3472 4978 ἐνδύσασθαι
3524 4915 3610 4970 καί
3643 4909 3726 4968 διὰ
3753 4923 3872 4982 μετα·
3961 4979 3963 4990 ί

2269 5001 2410 5065 void:
2443 5003 2530 5058 καὶ
2585 5003 2862 5067 πολιτείας
2921 5011 3194 5079 χρηστῆς.
3257 5029 3286 5057 ‹‹
3333 5005 3432 5060 Τὸν
3487 5003 3668 5059 καινὸν
3707 5001 3870 5072 ἅνθρωο

2265 5112 2389 5147 πον.
2415 5115 2441 5144 ››
2475 5093 2638 5168 Ὁρᾷς
2678 5091 2760 5148 ὅτι
2811 5091 3054 5148 ἑκούσιόν
3113 5093 3226 5148 ἐστι
3279 5093 3344 5148 τὸ
3399 5097 3624 5168 πρᾶγμα
3652 5087 3734 5146 καί
3763 5081 3866 5160 μᾶλ-

2265 5179 2363 5236 λον
2395 5179 2614 5256 εὐχερὲς
2643 5199 2656 5250 ;
2689 5181 2880 5236 Καινὸν
2938 5177 2996 5236 δὲ
3045 5181 3326 5256 ἄνθρωπόν
3359 5201 3514 5264 φησι,
3545 5181 3634 5236 τὸν
3664 5177 3710 5233 ἕν
3737 5173 3861 5264 ἀρετῇ

2263 5265 2552 5338 διαζῶντα,
2610 5267 2790 5344 ὥσπερ
2843 5267 3100 5339 παλαιὸν,
3155 5271 3248 5325 τὸν
3307 5259 3858 5346 ἐνάμαρτίαιακτδῗ

2257 5357 2392 5414 κατὰ
2423 5357 2552 5414 Θεὸν
2605 5357 2906 5422 κτισθέντα.
2943 5381 2972 5408 ››
3029 5359 3090 5416 Ὁ
3150 5359 3256 5434 γὰρ
3311 5357 3363 5412 ἐν
3419 5359 3584 5434 ἀρετῇ
3616 5343 3858 5427 {rimati

2258 5447 2388 5502 Θεὸν
2442 5445 2700 5516 ἔκτισται,
2749 5447 2839 5502 καὶ
2895 5445 3030 5502 κατᾶ
3088 5448 3216 5502 Θεὸν
3275 5445 3640 5504 πολιτεύεται.
3687 5453 3858 5498 Amazo-

2259 5535 2386 5606 σύνη
2443 5531 2500 5590 δὲ
2554 5537 2588 5606 ἡ
2651 5533 2920 5606 καθολικὴ
2983 5535 3198 5611 λέγεται
3260 5537 3452 5612 ἀρετ-ἡ,
3509 5534 3720 5602 ὁσιότης
3745 5525 3852 5592 δὶνῆ

2259 5625 2579 5700 καθαρότης.
2645 5651 2666 5676 ιι
2729 5625 2832 5682 Καὶ
2889 5624 3138 5702 ὁσιότητι
3203 5627 3306 5698 τῆς
3377 5623 3650 5698 ἀληθείας.
3705 5643 3732 5672 ι
3779 5615 3851 5670 Ἦν

3971 4409 3975 4501 l

3959 4983 3963 5159 ί

3987 3795 3989 3843 Ι

3983 3873 3987 3958 ,ί

3983 3961 3985 4031 l

3979 4043 3983 4125 ί

3979 4127 3981 4169 |
